  <div class='ocr_page' id='page_1' title='image "/cluster/home/n/w/nwhite01/storage/ocr_20150623/41/nnc1.0046978747/245.png"; bbox 0 0 4170 6372; ppageno 0'>
   <div class='ocr_carea' id='block_1_1' title="bbox 406 339 513 390">
    <p class='ocr_par' dir='ltr' id='par_1_1' title="bbox 406 339 513 390">
     <span class='ocr_line' id='line_1_1' title="bbox 406 339 513 390; baseline 0 0"><span class='ocrx_word' id='word_1_1' title='bbox 406 339 513 390; x_wconf 72' lang='grc'><strong>405</strong></span> 
     </span>
    </p>
   </div>
   <div class='ocr_carea' id='block_1_2' title="bbox 1793 344 2233 399">
    <p class='ocr_par' dir='ltr' id='par_1_2' title="bbox 1793 344 2233 399">
     <span class='ocr_line' id='line_1_2' title="bbox 1793 344 2233 399; baseline 0.007 -3"><span class='ocrx_word' id='word_1_2' title='bbox 1793 346 1849 397; x_wconf 69' lang='lat'><strong>5.</strong></span> <span class='ocrx_word' id='word_1_3' title='bbox 1892 344 2233 399; x_wconf 77' lang='lat' dir='ltr'><strong>EPIPHANII</strong></span> 
     </span>
    </p>
   </div>
   <div class='ocr_carea' id='block_1_3' title="bbox 3567 357 3674 399">
    <p class='ocr_par' dir='ltr' id='par_1_3' title="bbox 3567 357 3674 399">
     <span class='ocr_line' id='line_1_3' title="bbox 3567 357 3674 399; baseline -0.009 0"><span class='ocrx_word' id='word_1_4' title='bbox 3567 357 3674 399; x_wconf 67' lang='grc' dir='ltr'><strong>διυιίι</strong></span> 
     </span>
    </p>
   </div>
   <div class='ocr_carea' id='block_1_4' title="bbox 410 456 2026 537">
    <p class='ocr_par' dir='ltr' id='par_1_4' title="bbox 410 456 2026 533">
     <span class='ocr_line' id='line_1_4' title="bbox 410 456 2026 533; baseline 0.006 -23"><span class='ocrx_word' id='word_1_5' title='bbox 410 456 532 511; x_wconf 89' lang='lat' dir='ltr'><strong>dem</strong></span> <span class='ocrx_word' id='word_1_6' title='bbox 572 457 859 514; x_wconf 84' lang='lat' dir='ltr'><strong>occasione</strong></span> <span class='ocrx_word' id='word_1_7' title='bbox 893 459 1095 515; x_wconf 89' lang='lat' dir='ltr'><strong>factum</strong></span> <span class='ocrx_word' id='word_1_8' title='bbox 1130 468 1253 527; x_wconf 88' lang='lat' dir='ltr'><strong>est,</strong></span> <span class='ocrx_word' id='word_1_9' title='bbox 1297 469 1359 514; x_wconf 90' lang='lat' dir='ltr'><strong>ut</strong></span> <span class='ocrx_word' id='word_1_10' title='bbox 1400 461 1453 516; x_wconf 95' lang='lat' dir='ltr'><strong>in</strong></span> <span class='ocrx_word' id='word_1_11' title='bbox 1486 461 1665 517; x_wconf 81' lang='lat' dir='ltr'><strong>Peraea</strong></span> <span class='ocrx_word' id='word_1_12' title='bbox 1694 463 1760 516; x_wconf 91' lang='lat' dir='ltr'><strong>iis</strong></span> <span class='ocrx_word' id='word_1_13' title='bbox 1793 464 1992 533; x_wconf 90' lang='lat' dir='ltr'><strong>quibus</strong></span> <span class='ocrx_word' id='word_1_14' title='bbox 2022 522 2026 530; x_wconf 28' lang='grc' dir='ltr'>ι</span> 
     </span>
    </p>
   </div>
   <div class='ocr_carea' id='block_1_5' title="bbox 2128 456 3677 537">
    <p class='ocr_par' dir='ltr' id='par_1_5' title="bbox 2128 464 3677 537">
     <span class='ocr_line' id='line_1_5' title="bbox 2128 464 3677 537; baseline -0.003 -18"><span class='ocrx_word' id='word_1_15' title='bbox 2128 466 2200 519; x_wconf 86' lang='grc' dir='ltr'>ὦν</span> <span class='ocrx_word' id='word_1_16' title='bbox 2235 469 2291 519; x_wconf 80' lang='grc' dir='ltr'><strong>ἐν</strong></span> <span class='ocrx_word' id='word_1_17' title='bbox 2327 465 2499 536; x_wconf 80' lang='grc' dir='ltr'>Πέλλῃ</span> <span class='ocrx_word' id='word_1_18' title='bbox 2534 466 2859 537; x_wconf 79' lang='grc' dir='ltr'>ᾡκηκὸτων,</span> <span class='ocrx_word' id='word_1_19' title='bbox 2903 464 3138 536; x_wconf 89' lang='grc' dir='ltr'>Χριστοῦ</span> <span class='ocrx_word' id='word_1_20' title='bbox 3194 465 3464 534; x_wconf 72' lang='grc' dir='ltr'>φήσαντος</span> <span class='ocrx_word' id='word_1_21' title='bbox 3510 479 3677 515; x_wconf 82' lang='grc' dir='ltr'>κατα-</span> 
     </span>
    </p>
   </div>
   <div class='ocr_carea' id='block_1_6' title="bbox 368 548 1997 632">
    <p class='ocr_par' dir='ltr' id='par_1_6' title="bbox 368 548 1997 632">
     <span class='ocr_line' id='line_1_6' title="bbox 368 548 1997 632; baseline 0.005 -31"><span class='ocrx_word' id='word_1_22' title='bbox 368 620 380 632; x_wconf 44' lang='grc'><em>.</em></span> <span class='ocrx_word' id='word_1_23' title='bbox 410 548 651 604; x_wconf 79' lang='lat' dir='ltr'><strong>diximus</strong></span> <span class='ocrx_word' id='word_1_24' title='bbox 681 550 815 604; x_wconf 90' lang='lat' dir='ltr'><strong>locis</strong></span> <span class='ocrx_word' id='word_1_25' title='bbox 836 550 1118 621; x_wconf 77' lang='lat' dir='ltr'><strong>degerent.</strong></span> <span class='ocrx_word' id='word_1_26' title='bbox 1152 551 1388 623; x_wconf 89' lang='lat' dir='ltr'><strong>Indeque</strong></span> <span class='ocrx_word' id='word_1_27' title='bbox 1418 551 1798 608; x_wconf 72' lang='lat' dir='ltr'><strong>Nazarreorum</strong></span> <span class='ocrx_word' id='word_1_28' title='bbox 1827 554 1997 609; x_wconf 63' lang='lat' dir='ltr'><strong>haere-</strong></span> 
     </span>
    </p>
   </div>
   <div class='ocr_carea' id='block_1_7' title="bbox 368 641 1274 733">
    <p class='ocr_par' dir='ltr' id='par_1_7' title="bbox 368 641 1274 733">
     <span class='ocr_line' id='line_1_7' title="bbox 368 641 1274 733; baseline -0.006 -32"><span class='ocrx_word' id='word_1_29' title='bbox 413 641 492 695; x_wconf 84' lang='lat' dir='ltr'><strong>sis</strong></span> <span class='ocrx_word' id='word_1_30' title='bbox 531 648 659 695; x_wconf 75' lang='lat' dir='ltr'><strong>sunt</strong></span> <span class='ocrx_word' id='word_1_31' title='bbox 688 641 921 697; x_wconf 88' lang='lat' dir='ltr'><strong>deducta</strong></span> <span class='ocrx_word' id='word_1_32' title='bbox 952 643 1274 713; x_wconf 78' lang='lat' dir='ltr'><strong>primordia.</strong></span> 
     </span>
    </p>
   </div>
   <div class='ocr_carea' id='block_1_8' title="bbox 2097 552 3677 626">
    <p class='ocr_par' dir='ltr' id='par_1_8' title="bbox 2097 552 3677 626">
     <span class='ocr_line' id='line_1_8' title="bbox 2097 552 3677 626; baseline -0.001 -19"><span class='ocrx_word' id='word_1_33' title='bbox 2097 555 2273 625; x_wconf 70' lang='grc' dir='ltr'>λεῖψαι</span> <span class='ocrx_word' id='word_1_34' title='bbox 2330 555 2396 608; x_wconf 78' lang='grc' dir='ltr'>τὰ</span> <span class='ocrx_word' id='word_1_35' title='bbox 2458 555 2843 626; x_wconf 84' lang='grc' dir='ltr'>Ἰεροσόλυμα,</span> <span class='ocrx_word' id='word_1_36' title='bbox 2901 556 2994 608; x_wconf 78' lang='grc' dir='ltr'><strong>καὶ</strong></span> <span class='ocrx_word' id='word_1_37' title='bbox 3046 555 3426 625; x_wconf 82' lang='grc' dir='ltr'><strong>ἀναχωρῆσαι,</strong></span> <span class='ocrx_word' id='word_1_38' title='bbox 3491 552 3677 622; x_wconf 80' lang='grc' dir='ltr'>ἐπειδὴ</span> 
     </span>
    </p>
   </div>
   <div class='ocr_carea' id='block_1_9' title="bbox 2097 645 3680 721">
    <p class='ocr_par' dir='ltr' id='par_1_9' title="bbox 2097 645 3680 721">
     <span class='ocr_line' id='line_1_9' title="bbox 2097 645 3680 721; baseline -0.003 -20"><span class='ocrx_word' id='word_1_39' title='bbox 2097 649 2299 719; x_wconf 73' lang='grc' dir='ltr'>ἤμελλε</span> <span class='ocrx_word' id='word_1_40' title='bbox 2345 650 2574 719; x_wconf 85' lang='grc' dir='ltr'>πάσχειν</span> <span class='ocrx_word' id='word_1_41' title='bbox 2617 648 2953 721; x_wconf 78' lang='grc' dir='ltr'>πολιορκίαν.</span> <span class='ocrx_word' id='word_1_42' title='bbox 3008 649 3129 705; x_wconf 75' lang='grc' dir='ltr'>Καὶ·</span> <span class='ocrx_word' id='word_1_43' title='bbox 3162 651 3226 701; x_wconf 78' lang='grc' dir='ltr'>ὲκ</span> <span class='ocrx_word' id='word_1_44' title='bbox 3278 648 3376 716; x_wconf 79' lang='grc' dir='ltr'><strong>τῆς</strong></span> <span class='ocrx_word' id='word_1_45' title='bbox 3423 645 3680 714; x_wconf 79' lang='grc' dir='ltr'><strong>τοιαύτης</strong></span> 
     </span>
    </p>
   </div>
   <div class='ocr_carea' id='block_1_10' title="bbox 412 735 3682 816">
    <p class='ocr_par' dir='ltr' id='par_1_10' title="bbox 412 735 3682 816">
     <span class='ocr_line' id='line_1_10' title="bbox 412 735 3682 816; baseline 0.002 -29"><span class='ocrx_word' id='word_1_46' title='bbox 412 735 720 800; x_wconf 81' lang='grc' dir='ltr'>ὑποθέσεως</span> <span class='ocrx_word' id='word_1_47' title='bbox 754 737 853 808; x_wconf 84' lang='grc' dir='ltr'><strong>τὴν</strong></span> <span class='ocrx_word' id='word_1_48' title='bbox 878 738 1119 809; x_wconf 83' lang='grc' dir='ltr'>Περαίαν</span> <span class='ocrx_word' id='word_1_49' title='bbox 1147 740 1486 809; x_wconf 71' lang='grc' dir='ltr'>οἰκήσαντες,</span> <span class='ocrx_word' id='word_1_50' title='bbox 1514 742 1712 805; x_wconf 77' lang='grc' dir='ltr'>ἐκεῖσε,</span> <span class='ocrx_word' id='word_1_51' title='bbox 1741 742 1815 805; x_wconf 82' lang='grc' dir='ltr'><strong>ὡς</strong></span> <span class='ocrx_word' id='word_1_52' title='bbox 1846 740 2003 812; x_wconf 70' lang='grc' dir='ltr'>ἔφην,</span> <span class='ocrx_word' id='word_1_53' title='bbox 2044 744 2330 816; x_wconf 80' lang='grc' dir='ltr'>διέτριϐον.</span> <span class='ocrx_word' id='word_1_54' title='bbox 2360 744 2643 799; x_wconf 79' lang='grc' dir='ltr'>Ἐντεῦθεν</span> <span class='ocrx_word' id='word_1_55' title='bbox 2665 747 2698 815; x_wconf 79' lang='grc' dir='ltr'>ἡ</span> <span class='ocrx_word' id='word_1_56' title='bbox 2725 745 2865 799; x_wconf 80' lang='grc' dir='ltr'>κατὰ</span> <span class='ocrx_word' id='word_1_57' title='bbox 2887 745 3013 808; x_wconf 78' lang='grc' dir='ltr'>τοὺς</span> <span class='ocrx_word' id='word_1_58' title='bbox 3062 744 3416 814; x_wconf 79' lang='grc' dir='ltr'>Ναζωραίους</span> <span class='ocrx_word' id='word_1_59' title='bbox 3471 743 3682 812; x_wconf 79' lang='grc' dir='ltr'>αἵρεσις</span> 
     </span>
    </p>
   </div>
   <div class='ocr_carea' id='block_1_11' title="bbox 412 826 891 901">
    <p class='ocr_par' dir='ltr' id='par_1_11' title="bbox 412 826 891 901">
     <span class='ocr_line' id='line_1_11' title="bbox 412 826 891 901; baseline 0.008 -22"><span class='ocrx_word' id='word_1_60' title='bbox 412 826 537 896; x_wconf 73' lang='grc' dir='ltr'>ἔσχε</span> <span class='ocrx_word' id='word_1_61' title='bbox 566 828 665 900; x_wconf 78' lang='grc' dir='ltr'>τὴν</span> <span class='ocrx_word' id='word_1_62' title='bbox 695 830 891 901; x_wconf 84' lang='grc' dir='ltr'>ἀρχήν.</span> 
     </span>
    </p>
   </div>
   <div class='ocr_carea' id='block_1_12' title="bbox 489 916 1992 987">
    <p class='ocr_par' dir='ltr' id='par_1_12' title="bbox 489 916 1992 987">
     <span class='ocr_line' id='line_1_12' title="bbox 489 916 1992 987; baseline 0.006 -16"><span class='ocrx_word' id='word_1_63' title='bbox 489 916 620 972; x_wconf 86' lang='lat' dir='ltr'><strong>VIII.</strong></span> <span class='ocrx_word' id='word_1_64' title='bbox 660 918 863 975; x_wconf 84' lang='lat' dir='ltr'><strong>Verum</strong></span> <span class='ocrx_word' id='word_1_65' title='bbox 913 931 968 975; x_wconf 89' lang='lat' dir='ltr'><strong>et</strong></span> <span class='ocrx_word' id='word_1_66' title='bbox 1018 921 1112 976; x_wconf 93' lang='lat' dir='ltr'><strong>isti</strong></span> <span class='ocrx_word' id='word_1_67' title='bbox 1159 922 1516 981; x_wconf 87' lang='lat' dir='ltr'><strong>nihilominus</strong></span> <span class='ocrx_word' id='word_1_68' title='bbox 1547 926 1832 987; x_wconf 86' lang='lat' dir='ltr'><strong>aberrant,</strong></span> <span class='ocrx_word' id='word_1_69' title='bbox 1867 940 1992 980; x_wconf 88' lang='lat' dir='ltr'><strong>cum</strong></span> 
     </span>
    </p>
   </div>
   <div class='ocr_carea' id='block_1_13' title="bbox 413 1006 1994 1082">
    <p class='ocr_par' dir='ltr' id='par_1_13' title="bbox 413 1006 1994 1082">
     <span class='ocr_line' id='line_1_13' title="bbox 413 1006 1994 1082; baseline 0.005 -21"><span class='ocrx_word' id='word_1_70' title='bbox 413 1006 482 1062; x_wconf 90' lang='lat' dir='ltr'><strong>de</strong></span> <span class='ocrx_word' id='word_1_71' title='bbox 504 1008 927 1066; x_wconf 74' lang='lat' dir='ltr'><strong>circumcisione</strong></span> <span class='ocrx_word' id='word_1_72' title='bbox 956 1011 1298 1082; x_wconf 87' lang='lat' dir='ltr'><strong>gloriantur:</strong></span> <span class='ocrx_word' id='word_1_73' title='bbox 1334 1025 1387 1069; x_wconf 87' lang='lat' dir='ltr'><strong>et</strong></span> <span class='ocrx_word' id='word_1_74' title='bbox 1418 1018 1797 1071; x_wconf 74' lang='lat' dir='ltr'><strong>exsecratione</strong></span> <span class='ocrx_word' id='word_1_75' title='bbox 1828 1016 1994 1070; x_wconf 89' lang='lat' dir='ltr'><strong>etiam</strong></span> 
     </span>
    </p>
   </div>
   <div class='ocr_carea' id='block_1_14' title="bbox 416 1102 1998 1176">
    <p class='ocr_par' dir='ltr' id='par_1_14' title="bbox 416 1102 1998 1176">
     <span class='ocr_line' id='line_1_14' title="bbox 416 1102 1998 1176; baseline 0.005 -23"><span class='ocrx_word' id='word_1_76' title='bbox 416 1116 564 1155; x_wconf 90' lang='lat' dir='ltr'><strong>nunc</strong></span> <span class='ocrx_word' id='word_1_77' title='bbox 597 1102 848 1159; x_wconf 91' lang='lat' dir='ltr'><strong>obstricti</strong></span> <span class='ocrx_word' id='word_1_78' title='bbox 880 1112 1044 1169; x_wconf 90' lang='lat' dir='ltr'><strong>sunt,</strong></span> <span class='ocrx_word' id='word_1_79' title='bbox 1074 1105 1219 1174; x_wconf 87' lang='lat' dir='ltr'><strong>quod</strong></span> <span class='ocrx_word' id='word_1_80' title='bbox 1252 1106 1417 1176; x_wconf 83' lang='lat' dir='ltr'><strong>legem</strong></span> <span class='ocrx_word' id='word_1_81' title='bbox 1464 1108 1680 1176; x_wconf 86' lang='lat' dir='ltr'><strong>penitus</strong></span> <span class='ocrx_word' id='word_1_82' title='bbox 1705 1107 1998 1162; x_wconf 85' lang='lat' dir='ltr'><strong>observare</strong></span> 
     </span>
    </p>
   </div>
   <div class='ocr_carea' id='block_1_15' title="bbox 418 1192 1998 1267">
    <p class='ocr_par' dir='ltr' id='par_1_15' title="bbox 418 1192 1998 1267">
     <span class='ocr_line' id='line_1_15' title="bbox 418 1192 1998 1267; baseline 0.004 -24"><span class='ocrx_word' id='word_1_83' title='bbox 418 1202 708 1260; x_wconf 86' lang='lat' dir='ltr'><strong>nequeant.</strong></span> <span class='ocrx_word' id='word_1_84' title='bbox 744 1192 1029 1259; x_wconf 85' lang='lat' dir='ltr'><strong>Quomodo</strong></span> <span class='ocrx_word' id='word_1_85' title='bbox 1074 1196 1215 1250; x_wconf 87' lang='lat' dir='ltr'><strong>enim</strong></span> <span class='ocrx_word' id='word_1_86' title='bbox 1250 1196 1383 1267; x_wconf 85' lang='lat' dir='ltr'><strong>legis</strong></span> <span class='ocrx_word' id='word_1_87' title='bbox 1432 1197 1724 1253; x_wconf 73' lang='lat' dir='ltr'><strong>observare</strong></span> <span class='ocrx_word' id='word_1_88' title='bbox 1774 1196 1998 1250; x_wconf 84' lang='lat' dir='ltr'><strong>manda-</strong></span> 
     </span>
    </p>
   </div>
   <div class='ocr_carea' id='block_1_16' title="bbox 419 1284 1997 1358">
    <p class='ocr_par' dir='ltr' id='par_1_16' title="bbox 419 1284 1997 1358">
     <span class='ocr_line' id='line_1_16' title="bbox 419 1284 1997 1358; baseline 0.004 -23"><span class='ocrx_word' id='word_1_89' title='bbox 419 1290 533 1338; x_wconf 89' lang='lat' dir='ltr'><strong>tum</strong></span> <span class='ocrx_word' id='word_1_90' title='bbox 568 1284 712 1339; x_wconf 89' lang='lat' dir='ltr'><strong>istud</strong></span> <span class='ocrx_word' id='word_1_91' title='bbox 737 1293 1023 1356; x_wconf 86' lang='lat' dir='ltr'><strong>poterunt:</strong></span> <span class='ocrx_word' id='word_1_92' title='bbox 1059 1291 1153 1342; x_wconf 83' lang='lat' dir='ltr'><strong>Ter</strong></span> <span class='ocrx_word' id='word_1_93' title='bbox 1184 1290 1466 1358; x_wconf 77' lang='lat' dir='ltr'><strong>quotannis</strong></span> <span class='ocrx_word' id='word_1_94' title='bbox 1513 1289 1788 1358; x_wconf 80' lang='lat' dir='ltr'><strong>apparebis</strong></span> <span class='ocrx_word' id='word_1_95' title='bbox 1819 1306 1997 1342; x_wconf 85' lang='lat' dir='ltr'><strong>coram</strong></span> 
     </span>
    </p>
   </div>
   <div class='ocr_carea' id='block_1_17' title="bbox 418 1375 1994 1451">
    <p class='ocr_par' dir='ltr' id='par_1_17' title="bbox 418 1375 1994 1451">
     <span class='ocr_line' id='line_1_17' title="bbox 418 1375 1994 1451; baseline 0.004 -23"><span class='ocrx_word' id='word_1_96' title='bbox 418 1375 646 1430; x_wconf 83' lang='lat' dir='ltr'><strong>Domino</strong></span> <span class='ocrx_word' id='word_1_97' title='bbox 670 1376 777 1431; x_wconf 87' lang='lat' dir='ltr'><strong>Deo</strong></span> <span class='ocrx_word' id='word_1_98' title='bbox 805 1387 893 1432; x_wconf 86' lang='lat' dir='ltr'><strong>tuo</strong></span> <span class='ocrx_word' id='word_1_99' title='bbox 922 1394 1014 1447; x_wconf 84' lang='lat' dir='ltr'><strong>per</strong></span> <span class='ocrx_word' id='word_1_100' title='bbox 1032 1379 1353 1451; x_wconf 75' lang='lat' dir='ltr'><strong>Azymorum</strong></span> <span class='ocrx_word' id='word_1_101' title='bbox 1379 1383 1512 1444; x_wconf 74' lang='lat' dir='ltr'><strong>dies,</strong></span> <span class='ocrx_word' id='word_1_102' title='bbox 1530 1390 1579 1435; x_wconf 90' lang='lat' dir='ltr'><strong>et</strong></span> <span class='ocrx_word' id='word_1_103' title='bbox 1598 1381 1994 1451; x_wconf 83' lang='lat' dir='ltr'><strong>Scenopegiam,</strong></span> 
     </span>
    </p>
   </div>
   <div class='ocr_carea' id='block_1_18' title="bbox 419 1468 1998 1545">
    <p class='ocr_par' dir='ltr' id='par_1_18' title="bbox 419 1468 1998 1545">
     <span class='ocr_line' id='line_1_18' title="bbox 419 1468 1998 1545; baseline 0.003 -23"><span class='ocrx_word' id='word_1_104' title='bbox 419 1480 469 1522; x_wconf 87' lang='lat' dir='ltr'><strong>ct</strong></span> <span class='ocrx_word' id='word_1_105' title='bbox 516 1468 856 1524; x_wconf 80' lang='lat' dir='ltr'><strong>Pentecosten</strong></span> <span class='ocrx_word' id='word_1_106' title='bbox 886 1510 902 1535; x_wconf 94' lang='lat'><strong>,</strong></span> <span class='ocrx_word' id='word_1_107' title='bbox 958 1473 1014 1525; x_wconf 83' lang='lat' dir='ltr'><strong>in</strong></span> <span class='ocrx_word' id='word_1_108' title='bbox 1051 1472 1533 1545; x_wconf 79' lang='lat' dir='ltr'><strong>Hierosolymitano</strong></span> <span class='ocrx_word' id='word_1_109' title='bbox 1586 1474 1740 1527; x_wconf 74' lang='lat' dir='ltr'><strong>loco‘</strong></span> <span class='ocrx_word' id='word_1_110' title='bbox 1776 1474 1800 1525; x_wconf 85' lang='lat'><strong>?</strong></span> <span class='ocrx_word' id='word_1_111' title='bbox 1858 1473 1998 1527; x_wconf 80' lang='lat' dir='ltr'><strong>Cum</strong></span> 
     </span>
    </p>
   </div>
   <div class='ocr_carea' id='block_1_19' title="bbox 421 1562 2002 1637">
    <p class='ocr_par' dir='ltr' id='par_1_19' title="bbox 421 1562 2002 1637">
     <span class='ocr_line' id='line_1_19' title="bbox 421 1562 2002 1637; baseline 0.002 -21"><span class='ocrx_word' id='word_1_112' title='bbox 421 1562 568 1616; x_wconf 89' lang='lat' dir='ltr'><strong>cnim</strong></span> <span class='ocrx_word' id='word_1_113' title='bbox 604 1563 685 1617; x_wconf 86' lang='lat' dir='ltr'><strong>lex</strong></span> <span class='ocrx_word' id='word_1_114' title='bbox 734 1564 1029 1620; x_wconf 84' lang='lat' dir='ltr'><strong>interclusa</strong></span> <span class='ocrx_word' id='word_1_115' title='bbox 1061 1567 1168 1633; x_wconf 93' lang='lat' dir='ltr'><strong>sit,</strong></span> <span class='ocrx_word' id='word_1_116' title='bbox 1200 1574 1254 1621; x_wconf 92' lang='lat' dir='ltr'><strong>et</strong></span> <span class='ocrx_word' id='word_1_117' title='bbox 1283 1582 1403 1635; x_wconf 78' lang='lat' dir='ltr'><strong>quae</strong></span> <span class='ocrx_word' id='word_1_118' title='bbox 1443 1567 1512 1621; x_wconf 89' lang='lat' dir='ltr'><strong>ab</strong></span> <span class='ocrx_word' id='word_1_119' title='bbox 1541 1583 1604 1621; x_wconf 92' lang='lat' dir='ltr'><strong>ea</strong></span> <span class='ocrx_word' id='word_1_120' title='bbox 1634 1566 2002 1637; x_wconf 72' lang='lat' dir='ltr'><strong>praescribun-</strong></span> 
     </span>
    </p>
   </div>
   <div class='ocr_carea' id='block_1_20' title="bbox 425 1655 2003 1729">
    <p class='ocr_par' dir='ltr' id='par_1_20' title="bbox 425 1655 2003 1729">
     <span class='ocr_line' id='line_1_20' title="bbox 425 1655 2003 1729; baseline 0.003 -23"><span class='ocrx_word' id='word_1_121' title='bbox 425 1662 515 1706; x_wconf 91' lang='lat' dir='ltr'><strong>tur</strong></span> <span class='ocrx_word' id='word_1_122' title='bbox 552 1655 732 1723; x_wconf 82' lang='lat' dir='ltr'><strong>perlici</strong></span> <span class='ocrx_word' id='word_1_123' title='bbox 765 1656 996 1726; x_wconf 82' lang='lat' dir='ltr'><strong>amplius</strong></span> <span class='ocrx_word' id='word_1_124' title='bbox 1029 1672 1137 1712; x_wconf 88' lang='lat' dir='ltr'><strong>non</strong></span> <span class='ocrx_word' id='word_1_125' title='bbox 1186 1659 1433 1727; x_wconf 85' lang='lat' dir='ltr'><strong>possint,</strong></span> <span class='ocrx_word' id='word_1_126' title='bbox 1485 1659 1711 1715; x_wconf 88' lang='lat' dir='ltr'><strong>cuilibet</strong></span> <span class='ocrx_word' id='word_1_127' title='bbox 1747 1657 2003 1729; x_wconf 87' lang='lat' dir='ltr'><strong>prudenti</strong></span> 
     </span>
    </p>
   </div>
   <div class='ocr_carea' id='block_1_21' title="bbox 2169 918 3683 995">
    <p class='ocr_par' dir='ltr' id='par_1_21' title="bbox 2169 918 3683 995">
     <span class='ocr_line' id='line_1_21' title="bbox 2169 918 3683 995; baseline -0.002 -16"><span class='ocrx_word' id='word_1_128' title='bbox 2169 927 2249 980; x_wconf 83' lang='lat' dir='ltr'><strong>H&#39;.</strong></span> <span class='ocrx_word' id='word_1_129' title='bbox 2285 925 2664 995; x_wconf 84' lang='grc' dir='ltr'>Πεπλάνηνται</span> <span class='ocrx_word' id='word_1_130' title='bbox 2698 924 2755 978; x_wconf 83' lang='grc' dir='ltr'>δὲ</span> <span class='ocrx_word' id='word_1_131' title='bbox 2797 925 2890 978; x_wconf 74' lang='grc' dir='ltr'><strong>καὶ</strong></span> <span class='ocrx_word' id='word_1_132' title='bbox 2918 918 3090 987; x_wconf 81' lang='grc' dir='ltr'>οῦτοι,</span> <span class='ocrx_word' id='word_1_133' title='bbox 3126 921 3425 993; x_wconf 78' lang='grc' dir='ltr'>περιτομὴν</span> <span class='ocrx_word' id='word_1_134' title='bbox 3452 920 3683 992; x_wconf 76' lang='grc' dir='ltr'>αὐχοῦν-</span> 
     </span>
    </p>
   </div>
   <div class='ocr_carea' id='block_1_22' title="bbox 2097 1014 3685 1086">
    <p class='ocr_par' dir='ltr' id='par_1_22' title="bbox 2097 1014 3685 1086">
     <span class='ocr_line' id='line_1_22' title="bbox 2097 1014 3685 1086; baseline -0.003 -15"><span class='ocrx_word' id='word_1_135' title='bbox 2097 1036 2207 1083; x_wconf 86' lang='grc' dir='ltr'>τες·</span> <span class='ocrx_word' id='word_1_136' title='bbox 2238 1019 2331 1071; x_wconf 68' lang='grc' dir='ltr'><strong>καὶ</strong></span> <span class='ocrx_word' id='word_1_137' title='bbox 2358 1017 2436 1070; x_wconf 78' lang='grc' dir='ltr'>ἐτι</span> <span class='ocrx_word' id='word_1_138' title='bbox 2463 1018 2512 1069; x_wconf 83' lang='lat' dir='ltr'><strong>oi</strong></span> <span class='ocrx_word' id='word_1_139' title='bbox 2551 1016 2783 1069; x_wconf 89' lang='grc' dir='ltr'>τοιοῦτοι</span> <span class='ocrx_word' id='word_1_140' title='bbox 2830 1016 2936 1068; x_wconf 80' lang='grc' dir='ltr'><strong>ὑπὸ</strong></span> <span class='ocrx_word' id='word_1_141' title='bbox 2978 1014 3221 1086; x_wconf 82' lang='grc' dir='ltr'>κατάραν</span> <span class='ocrx_word' id='word_1_142' title='bbox 3266 1014 3391 1074; x_wconf 76' lang='grc' dir='ltr'>εἰσὶ,</span> <span class='ocrx_word' id='word_1_143' title='bbox 3428 1015 3501 1085; x_wconf 86' lang='grc' dir='ltr'>μὴ</span> <span class='ocrx_word' id='word_1_144' title='bbox 3528 1014 3685 1067; x_wconf 86' lang='grc' dir='ltr'>δυνά-</span> 
     </span>
    </p>
   </div>
   <div class='ocr_carea' id='block_1_23' title="bbox 2103 1106 3684 1183">
    <p class='ocr_par' dir='ltr' id='par_1_23' title="bbox 2103 1106 3684 1183">
     <span class='ocr_line' id='line_1_23' title="bbox 2103 1106 3684 1183; baseline -0.004 -18"><span class='ocrx_word' id='word_1_145' title='bbox 2103 1130 2253 1183; x_wconf 81' lang='grc' dir='ltr'>μενοι</span> <span class='ocrx_word' id='word_1_146' title='bbox 2299 1112 2389 1165; x_wconf 87' lang='grc' dir='ltr'><strong>τὸν</strong></span> <span class='ocrx_word' id='word_1_147' title='bbox 2442 1112 2605 1181; x_wconf 85' lang='grc' dir='ltr'>νόμον</span> <span class='ocrx_word' id='word_1_148' title='bbox 2661 1108 2966 1181; x_wconf 81' lang='grc' dir='ltr'>πληρῶσαι.</span> <span class='ocrx_word' id='word_1_149' title='bbox 3022 1107 3146 1172; x_wconf 84' lang='grc' dir='ltr'><strong>Πῶς</strong></span> <span class='ocrx_word' id='word_1_150' title='bbox 3206 1106 3313 1177; x_wconf 75' lang='grc' dir='ltr'>γὰρ</span> <span class='ocrx_word' id='word_1_151' title='bbox 3365 1107 3684 1177; x_wconf 82' lang='grc' dir='ltr'>δυνήσονται</span> 
     </span>
    </p>
   </div>
   <div class='ocr_carea' id='block_1_24' title="bbox 2100 1201 3685 1280">
    <p class='ocr_par' dir='ltr' id='par_1_24' title="bbox 2100 1201 3685 1280">
     <span class='ocr_line' id='line_1_24' title="bbox 2100 1201 3685 1280; baseline -0.004 -20"><span class='ocrx_word' id='word_1_152' title='bbox 2100 1207 2342 1280; x_wconf 77' lang='grc' dir='ltr'>πληροῦν</span> <span class='ocrx_word' id='word_1_153' title='bbox 2388 1206 2458 1259; x_wconf 81' lang='grc' dir='ltr'>τὰ</span> <span class='ocrx_word' id='word_1_154' title='bbox 2490 1207 2548 1258; x_wconf 82' lang='grc' dir='ltr'>ὲν</span> <span class='ocrx_word' id='word_1_155' title='bbox 2596 1204 2673 1275; x_wconf 80' lang='grc' dir='ltr'>τῷ</span> <span class='ocrx_word' id='word_1_156' title='bbox 2714 1204 2864 1275; x_wconf 81' lang='grc' dir='ltr'>νόμῳ</span> <span class='ocrx_word' id='word_1_157' title='bbox 2915 1204 3214 1273; x_wconf 75' lang='grc' dir='ltr'>εἰρημένα,</span> <span class='ocrx_word' id='word_1_158' title='bbox 3265 1204 3348 1255; x_wconf 84' lang='grc' dir='ltr'><strong>ὅτι</strong></span> <span class='ocrx_word' id='word_1_159' title='bbox 3399 1202 3527 1269; x_wconf 72' lang='grc' dir='ltr'>Τρὶς</span> <span class='ocrx_word' id='word_1_160' title='bbox 3576 1201 3685 1255; x_wconf 81' lang='grc' dir='ltr'><strong>τοῦ</strong></span> 
     </span>
    </p>
   </div>
   <div class='ocr_carea' id='block_1_25' title="bbox 2100 1292 3681 1367">
    <p class='ocr_par' dir='ltr' id='par_1_25' title="bbox 2100 1292 3681 1367">
     <span class='ocr_line' id='line_1_25' title="bbox 2100 1292 3681 1367; baseline -0.004 -17"><span class='ocrx_word' id='word_1_161' title='bbox 2100 1299 2277 1363; x_wconf 76' lang='grc' dir='ltr'>ἔτους</span> <span class='ocrx_word' id='word_1_162' title='bbox 2319 1297 2559 1367; x_wconf 68' lang='grc' dir='ltr'><strong>ὀφθήσῃ</strong></span> <span class='ocrx_word' id='word_1_163' title='bbox 2616 1295 2873 1349; x_wconf 78' lang='grc' dir='ltr'>ἐνώπιον</span> <span class='ocrx_word' id='word_1_164' title='bbox 2914 1296 3134 1362; x_wconf 83' lang='grc' dir='ltr'><strong>Κυρίου</strong></span> <span class='ocrx_word' id='word_1_165' title='bbox 3181 1294 3287 1347; x_wconf 76' lang='grc' dir='ltr'><strong>τοῦ</strong></span> <span class='ocrx_word' id='word_1_166' title='bbox 3342 1292 3490 1345; x_wconf 82' lang='grc' dir='ltr'>Θεοῦ</span> <span class='ocrx_word' id='word_1_167' title='bbox 3527 1308 3681 1355; x_wconf 85' lang='grc' dir='ltr'>σου,</span> 
     </span>
    </p>
   </div>
   <div class='ocr_carea' id='block_1_26' title="bbox 2102 1386 3687 1457">
    <p class='ocr_par' dir='ltr' id='par_1_26' title="bbox 2102 1386 3687 1457">
     <span class='ocr_line' id='line_1_26' title="bbox 2102 1386 3687 1457; baseline -0.004 -13"><span class='ocrx_word' id='word_1_168' title='bbox 2102 1390 2255 1444; x_wconf 82' lang='grc' dir='ltr'>κατά</span> <span class='ocrx_word' id='word_1_169' title='bbox 2302 1407 2365 1442; x_wconf 85' lang='grc' dir='ltr'><strong>τε</strong></span> <span class='ocrx_word' id='word_1_170' title='bbox 2422 1388 2495 1441; x_wconf 83' lang='grc' dir='ltr'>τὰ</span> <span class='ocrx_word' id='word_1_171' title='bbox 2547 1386 2758 1457; x_wconf 79' lang='grc' dir='ltr'>Ἀζυμα</span> <span class='ocrx_word' id='word_1_172' title='bbox 2797 1388 2898 1441; x_wconf 75' lang='grc' dir='ltr'>καὶ</span> <span class='ocrx_word' id='word_1_173' title='bbox 2946 1388 3372 1457; x_wconf 73' lang='grc' dir='ltr'>Σκηνοπηγίαν</span> <span class='ocrx_word' id='word_1_174' title='bbox 3421 1386 3521 1439; x_wconf 79' lang='grc' dir='ltr'>καὶ</span> <span class='ocrx_word' id='word_1_175' title='bbox 3572 1386 3687 1453; x_wconf 76' lang='grc' dir='ltr'>τὴν</span> 
     </span>
    </p>
   </div>
   <div class='ocr_carea' id='block_1_27' title="bbox 2103 1478 3688 1548">
    <p class='ocr_par' dir='ltr' id='par_1_27' title="bbox 2103 1478 3688 1548">
     <span class='ocr_line' id='line_1_27' title="bbox 2103 1478 3688 1548; baseline -0.005 -11"><span class='ocrx_word' id='word_1_176' title='bbox 2103 1479 2565 1548; x_wconf 79' lang='grc' dir='ltr'>Πεντηκοστὴν,</span> <span class='ocrx_word' id='word_1_177' title='bbox 2608 1479 2677 1531; x_wconf 77' lang='grc' dir='ltr'><strong>ἐν·</strong></span> <span class='ocrx_word' id='word_1_178' title='bbox 2716 1478 2797 1543; x_wconf 86' lang='grc' dir='ltr'>τῷ</span> <span class='ocrx_word' id='word_1_179' title='bbox 2836 1478 2996 1542; x_wconf 84' lang='grc' dir='ltr'>τόπῳ</span> <span class='ocrx_word' id='word_1_180' title='bbox 3040 1479 3492 1545; x_wconf 75' lang='grc' dir='ltr'>Ἰεροσολύμων.</span> <span class='ocrx_word' id='word_1_181' title='bbox 3524 1478 3688 1529; x_wconf 84' lang='grc' dir='ltr'>Ἀπο-</span> 
     </span>
    </p>
   </div>
   <div class='ocr_carea' id='block_1_28' title="bbox 2104 1567 3689 1642">
    <p class='ocr_par' dir='ltr' id='par_1_28' title="bbox 2104 1567 3689 1642">
     <span class='ocr_line' id='line_1_28' title="bbox 2104 1567 3689 1642; baseline -0.006 -13"><span class='ocrx_word' id='word_1_182' title='bbox 2104 1573 2445 1636; x_wconf 81' lang='grc' dir='ltr'>κλεισθέντος</span> <span class='ocrx_word' id='word_1_183' title='bbox 2479 1571 2588 1642; x_wconf 85' lang='grc' dir='ltr'>γὰρ</span> <span class='ocrx_word' id='word_1_184' title='bbox 2615 1570 2706 1624; x_wconf 91' lang='grc' dir='ltr'><strong>τοῦ</strong></span> <span class='ocrx_word' id='word_1_185' title='bbox 2732 1571 2894 1641; x_wconf 87' lang='grc' dir='ltr'>νόμου</span> <span class='ocrx_word' id='word_1_186' title='bbox 2913 1612 2926 1633; x_wconf 92' lang='grc'><strong>,</strong></span> <span class='ocrx_word' id='word_1_187' title='bbox 2959 1572 3055 1625; x_wconf 74' lang='grc' dir='ltr'>καὶ</span> <span class='ocrx_word' id='word_1_188' title='bbox 3093 1568 3202 1623; x_wconf 85' lang='grc' dir='ltr'><strong>τῶν</strong></span> <span class='ocrx_word' id='word_1_189' title='bbox 3233 1573 3290 1622; x_wconf 78' lang='grc' dir='ltr'><strong>ἐν</strong></span> <span class='ocrx_word' id='word_1_190' title='bbox 3319 1569 3395 1639; x_wconf 87' lang='grc' dir='ltr'>τῷ</span> <span class='ocrx_word' id='word_1_191' title='bbox 3426 1569 3576 1640; x_wconf 81' lang='grc' dir='ltr'>νόμῳ</span> <span class='ocrx_word' id='word_1_192' title='bbox 3613 1567 3689 1637; x_wconf 83' lang='grc' dir='ltr'>μὴ</span> 
     </span>
    </p>
   </div>
   <div class='ocr_carea' id='block_1_29' title="bbox 2106 1660 3690 1735">
    <p class='ocr_par' dir='ltr' id='par_1_29' title="bbox 2106 1660 3690 1735">
     <span class='ocr_line' id='line_1_29' title="bbox 2106 1660 3690 1735; baseline -0.004 -17"><span class='ocrx_word' id='word_1_193' title='bbox 2106 1666 2419 1735; x_wconf 84' lang='grc' dir='ltr'>δυναμένων</span> <span class='ocrx_word' id='word_1_194' title='bbox 2448 1660 2805 1734; x_wconf 89' lang='grc' dir='ltr'>πληροῦσθαι,</span> <span class='ocrx_word' id='word_1_195' title='bbox 2840 1664 3001 1715; x_wconf 79' lang='grc' dir='ltr'>παντὶ</span> <span class='ocrx_word' id='word_1_196' title='bbox 3034 1661 3112 1732; x_wconf 82' lang='grc' dir='ltr'><strong>τῷ</strong></span> <span class='ocrx_word' id='word_1_197' title='bbox 3152 1662 3276 1715; x_wconf 88' lang='grc' dir='ltr'>νοῦν</span> <span class='ocrx_word' id='word_1_198' title='bbox 3311 1661 3486 1732; x_wconf 76' lang='grc' dir='ltr'>ἔχοντι</span> <span class='ocrx_word' id='word_1_199' title='bbox 3522 1662 3690 1729; x_wconf 78' lang='grc' dir='ltr'>σαφὲς</span> 
     </span>
    </p>
   </div>
   <div class='ocr_carea' id='block_1_30' title="bbox 423 1747 2026 1826">
    <p class='ocr_par' dir='ltr' id='par_1_30' title="bbox 423 1747 2003 1822">
     <span class='ocr_line' id='line_1_30' title="bbox 423 1747 2003 1822; baseline 0.004 -24"><span class='ocrx_word' id='word_1_200' title='bbox 423 1747 770 1816; x_wconf 87' lang='lat' dir='ltr'><strong>perspicuum</strong></span> <span class='ocrx_word' id='word_1_201' title='bbox 798 1759 902 1813; x_wconf 91' lang='lat' dir='ltr'><strong>est,</strong></span> <span class='ocrx_word' id='word_1_202' title='bbox 938 1751 1224 1806; x_wconf 87' lang='lat' dir='ltr'><strong>advenisse</strong></span> <span class='ocrx_word' id='word_1_203' title='bbox 1251 1751 1563 1819; x_wconf 84' lang='lat' dir='ltr'><strong>Christum,</strong></span> <span class='ocrx_word' id='word_1_204' title='bbox 1597 1766 1704 1807; x_wconf 90' lang='lat' dir='ltr'><strong>non</strong></span> <span class='ocrx_word' id='word_1_205' title='bbox 1740 1760 1798 1806; x_wconf 91' lang='lat' dir='ltr'><strong>ut</strong></span> <span class='ocrx_word' id='word_1_206' title='bbox 1832 1752 2003 1822; x_wconf 81' lang='lat' dir='ltr'><strong>legem</strong></span> 
     </span>
    </p>
   </div>
   <div class='ocr_carea' id='block_1_31' title="bbox 2128 1747 3690 1826">
    <p class='ocr_par' dir='ltr' id='par_1_31' title="bbox 2128 1749 3690 1826">
     <span class='ocr_line' id='line_1_31' title="bbox 2128 1749 3690 1826; baseline -0.003 -18"><span class='ocrx_word' id='word_1_207' title='bbox 2128 1757 2172 1808; x_wconf 79' lang='lat' dir='ltr'><strong>iv</strong></span> <span class='ocrx_word' id='word_1_208' title='bbox 2209 1756 2314 1824; x_wconf 78' lang='grc' dir='ltr'>εἴη,</span> <span class='ocrx_word' id='word_1_209' title='bbox 2365 1755 2447 1807; x_wconf 84' lang='grc' dir='ltr'><strong>ὅτι</strong></span> <span class='ocrx_word' id='word_1_210' title='bbox 2490 1753 2724 1826; x_wconf 84' lang='grc' dir='ltr'>Χριστὸς</span> <span class='ocrx_word' id='word_1_211' title='bbox 2766 1749 2896 1824; x_wconf 83' lang='grc' dir='ltr'>ἦλθε</span> <span class='ocrx_word' id='word_1_212' title='bbox 2944 1751 3236 1825; x_wconf 82' lang='grc' dir='ltr'>πληρωτὴς</span> <span class='ocrx_word' id='word_1_213' title='bbox 3281 1752 3373 1804; x_wconf 88' lang='grc' dir='ltr'><strong>τοῦ</strong></span> <span class='ocrx_word' id='word_1_214' title='bbox 3409 1752 3597 1823; x_wconf 80' lang='grc' dir='ltr'>νόμου,</span> <span class='ocrx_word' id='word_1_215' title='bbox 3625 1752 3690 1803; x_wconf 85' lang='grc' dir='ltr'><strong>ού</strong></span> 
     </span>
    </p>
   </div>
   <div class='ocr_carea' id='block_1_32' title="bbox 424 1845 2005 1917">
    <p class='ocr_par' dir='ltr' id='par_1_32' title="bbox 424 1845 2005 1917">
     <span class='ocr_line' id='line_1_32' title="bbox 424 1845 2005 1917; baseline 0.004 -20"><span class='ocrx_word' id='word_1_216' title='bbox 424 1850 710 1906; x_wconf 88' lang='lat' dir='ltr'><strong>everteret,</strong></span> <span class='ocrx_word' id='word_1_217' title='bbox 747 1845 843 1900; x_wconf 87' lang='lat' dir='ltr'><strong>sed</strong></span> <span class='ocrx_word' id='word_1_218' title='bbox 876 1853 936 1899; x_wconf 90' lang='lat' dir='ltr'><strong>ut</strong></span> <span class='ocrx_word' id='word_1_219' title='bbox 962 1861 1081 1901; x_wconf 90' lang='lat' dir='ltr'><strong>eam</strong></span> <span class='ocrx_word' id='word_1_220' title='bbox 1115 1847 1287 1916; x_wconf 87' lang='lat' dir='ltr'><strong>ipsam</strong></span> <span class='ocrx_word' id='word_1_221' title='bbox 1316 1848 1583 1917; x_wconf 90' lang='lat' dir='ltr'><strong>impleret,</strong></span> <span class='ocrx_word' id='word_1_222' title='bbox 1613 1855 1667 1902; x_wconf 91' lang='lat' dir='ltr'><strong>et</strong></span> <span class='ocrx_word' id='word_1_223' title='bbox 1696 1862 1817 1904; x_wconf 88' lang='lat' dir='ltr'><strong>eam</strong></span> <span class='ocrx_word' id='word_1_224' title='bbox 1849 1860 2005 1903; x_wconf 86' lang='lat' dir='ltr'><strong>exse-</strong></span> 
     </span>
    </p>
   </div>
   <div class='ocr_carea' id='block_1_33' title="bbox 426 1931 2007 2009">
    <p class='ocr_par' dir='ltr' id='par_1_33' title="bbox 426 1931 2007 2009">
     <span class='ocr_line' id='line_1_33' title="bbox 426 1931 2007 2009; baseline 0.005 -27"><span class='ocrx_word' id='word_1_225' title='bbox 426 1931 724 1985; x_wconf 87' lang='lat' dir='ltr'><strong>crationem</strong></span> <span class='ocrx_word' id='word_1_226' title='bbox 756 1933 1025 1998; x_wconf 90' lang='lat' dir='ltr'><strong>solveret,</strong></span> <span class='ocrx_word' id='word_1_227' title='bbox 1059 1952 1180 2005; x_wconf 80' lang='lat' dir='ltr'><strong>quae</strong></span> <span class='ocrx_word' id='word_1_228' title='bbox 1232 1944 1423 1991; x_wconf 87' lang='lat' dir='ltr'><strong>contra</strong></span> <span class='ocrx_word' id='word_1_229' title='bbox 1457 1938 1669 1992; x_wconf 76' lang='lat' dir='ltr'><strong>violatae</strong></span> <span class='ocrx_word' id='word_1_230' title='bbox 1720 1938 1854 2009; x_wconf 91' lang='lat' dir='ltr'><strong>legis</strong></span> <span class='ocrx_word' id='word_1_231' title='bbox 1897 1937 2007 1991; x_wconf 91' lang='lat' dir='ltr'><strong>cri-</strong></span> 
     </span>
    </p>
   </div>
   <div class='ocr_carea' id='block_1_34' title="bbox 427 2021 2006 2099">
    <p class='ocr_par' dir='ltr' id='par_1_34' title="bbox 427 2021 2006 2099">
     <span class='ocr_line' id='line_1_34' title="bbox 427 2021 2006 2099; baseline 0.007 -25"><span class='ocrx_word' id='word_1_232' title='bbox 427 2036 551 2075; x_wconf 85' lang='lat' dir='ltr'><strong>men</strong></span> <span class='ocrx_word' id='word_1_233' title='bbox 608 2021 785 2077; x_wconf 85' lang='lat' dir='ltr'><strong>fuerat</strong></span> <span class='ocrx_word' id='word_1_234' title='bbox 835 2027 1155 2081; x_wconf 89' lang='lat' dir='ltr'><strong>constituta.</strong></span> <span class='ocrx_word' id='word_1_235' title='bbox 1204 2026 1561 2098; x_wconf 88' lang='lat' dir='ltr'><strong>Posteaquam</strong></span> <span class='ocrx_word' id='word_1_236' title='bbox 1613 2029 1757 2083; x_wconf 90' lang='lat' dir='ltr'><strong>enim</strong></span> <span class='ocrx_word' id='word_1_237' title='bbox 1793 2029 2006 2099; x_wconf 85' lang='lat' dir='ltr'><strong>Moyses</strong></span> 
     </span>
    </p>
   </div>
   <div class='ocr_carea' id='block_1_35' title="bbox 429 2114 2007 2189">
    <p class='ocr_par' dir='ltr' id='par_1_35' title="bbox 429 2114 2007 2189">
     <span class='ocr_line' id='line_1_35' title="bbox 429 2114 2007 2189; baseline 0.006 -22"><span class='ocrx_word' id='word_1_238' title='bbox 429 2114 742 2169; x_wconf 86' lang='lat' dir='ltr'><strong>universam</strong></span> <span class='ocrx_word' id='word_1_239' title='bbox 774 2117 945 2187; x_wconf 88' lang='lat' dir='ltr'><strong>legem</strong></span> <span class='ocrx_word' id='word_1_240' title='bbox 974 2120 1374 2189; x_wconf 87' lang='lat' dir='ltr'><strong>promulgavit,</strong></span> <span class='ocrx_word' id='word_1_241' title='bbox 1417 2121 1485 2175; x_wconf 92' lang='lat' dir='ltr'><strong>ad</strong></span> <span class='ocrx_word' id='word_1_242' title='bbox 1514 2120 1674 2176; x_wconf 88' lang='lat' dir='ltr'><strong>finem</strong></span> <span class='ocrx_word' id='word_1_243' title='bbox 1717 2122 2007 2177; x_wconf 86' lang='lat' dir='ltr'><strong>voluminis</strong></span> 
     </span>
    </p>
   </div>
   <div class='ocr_carea' id='block_1_36' title="bbox 429 2211 2007 2278">
    <p class='ocr_par' dir='ltr' id='par_1_36' title="bbox 429 2211 2007 2278">
     <span class='ocr_line' id='line_1_36' title="bbox 429 2211 2007 2278; baseline 0.003 -15"><span class='ocrx_word' id='word_1_244' title='bbox 429 2211 694 2278; x_wconf 90' lang='lat' dir='ltr'><strong>pervenit,</strong></span> <span class='ocrx_word' id='word_1_245' title='bbox 721 2226 785 2264; x_wconf 85' lang='lat' dir='ltr'><strong>ac</strong></span> <span class='ocrx_word' id='word_1_246' title='bbox 819 2211 923 2266; x_wconf 88' lang='lat' dir='ltr'><strong>sub</strong></span> <span class='ocrx_word' id='word_1_247' title='bbox 951 2212 1240 2266; x_wconf 82' lang='lat' dir='ltr'><strong>maledicto</strong></span> <span class='ocrx_word' id='word_1_248' title='bbox 1261 2221 1457 2267; x_wconf 86' lang='lat' dir='ltr'><strong>cuncta</strong></span> <span class='ocrx_word' id='word_1_249' title='bbox 1492 2213 1764 2268; x_wconf 90' lang='lat' dir='ltr'><strong>conclusit</strong></span> <span class='ocrx_word' id='word_1_250' title='bbox 1789 2232 1802 2267; x_wconf 93' lang='lat'>:</span> <span class='ocrx_word' id='word_1_251' title='bbox 1835 2213 2007 2267; x_wconf 81' lang='lat' dir='ltr'><strong>Male—</strong></span> 
     </span>
    </p>
   </div>
   <div class='ocr_carea' id='block_1_37' title="bbox 430 2302 2011 2374">
    <p class='ocr_par' dir='ltr' id='par_1_37' title="bbox 430 2302 2011 2374">
     <span class='ocr_line' id='line_1_37' title="bbox 430 2302 2011 2374; baseline 0.005 -22"><span class='ocrx_word' id='word_1_252' title='bbox 430 2302 603 2355; x_wconf 74' lang='lat' dir='ltr'><strong>dictus</strong></span> <span class='ocrx_word' id='word_1_253' title='bbox 648 2302 815 2354; x_wconf 80' lang='lat' dir='ltr'><strong>omnis</strong></span> <span class='ocrx_word' id='word_1_254' title='bbox 850 2304 941 2370; x_wconf 83' lang='lat' dir='ltr'><strong>qui</strong></span> <span class='ocrx_word' id='word_1_255' title='bbox 992 2320 1097 2357; x_wconf 82' lang='lat' dir='ltr'><strong>non</strong></span> <span class='ocrx_word' id='word_1_256' title='bbox 1136 2305 1484 2372; x_wconf 81' lang='lat' dir='ltr'><strong>permanserit</strong></span> <span class='ocrx_word' id='word_1_257' title='bbox 1532 2305 1586 2357; x_wconf 84' lang='lat' dir='ltr'><strong>in</strong></span> <span class='ocrx_word' id='word_1_258' title='bbox 1625 2304 1864 2359; x_wconf 78' lang='lat' dir='ltr'><strong>omnibus</strong></span> <span class='ocrx_word' id='word_1_259' title='bbox 1893 2322 2011 2374; x_wconf 76' lang='lat' dir='ltr'><strong>qua:</strong></span> 
     </span>
    </p>
   </div>
   <div class='ocr_carea' id='block_1_38' title="bbox 432 2394 2012 2467">
    <p class='ocr_par' dir='ltr' id='par_1_38' title="bbox 432 2394 2012 2467">
     <span class='ocr_line' id='line_1_38' title="bbox 432 2394 2012 2467; baseline 0.005 -23"><span class='ocrx_word' id='word_1_260' title='bbox 432 2394 630 2461; x_wconf 84' lang='lat' dir='ltr'><strong>scripta</strong></span> <span class='ocrx_word' id='word_1_261' title='bbox 663 2402 786 2447; x_wconf 78' lang='lat' dir='ltr'><strong>sunt</strong></span> <span class='ocrx_word' id='word_1_262' title='bbox 819 2394 871 2448; x_wconf 83' lang='lat' dir='ltr'><strong>in</strong></span> <span class='ocrx_word' id='word_1_263' title='bbox 910 2394 1042 2448; x_wconf 74' lang='lat' dir='ltr'><strong>libro</strong></span> <span class='ocrx_word' id='word_1_264' title='bbox 1077 2395 1194 2457; x_wconf 83' lang='lat' dir='ltr'><strong>hoc,</strong></span> <span class='ocrx_word' id='word_1_265' title='bbox 1220 2404 1277 2449; x_wconf 88' lang='lat' dir='ltr'><strong>ut</strong></span> <span class='ocrx_word' id='word_1_266' title='bbox 1327 2396 1495 2464; x_wconf 79' lang='lat' dir='ltr'><strong>faciat</strong></span> <span class='ocrx_word' id='word_1_267' title='bbox 1530 2414 1593 2450; x_wconf 89' lang='lat' dir='ltr'><strong>ea</strong></span> <span class='ocrx_word' id='word_1_268' title='bbox 1617 2400 1659 2452; x_wconf 84' lang='grc'><strong>⁷⁸.</strong></span> <span class='ocrx_word' id='word_1_269' title='bbox 1720 2396 1797 2452; x_wconf 84' lang='lat' dir='ltr'><strong>Eo</strong></span> <span class='ocrx_word' id='word_1_270' title='bbox 1829 2398 2012 2467; x_wconf 86' lang='lat' dir='ltr'><strong>itaque</strong></span> 
     </span>
    </p>
   </div>
   <div class='ocr_carea' id='block_1_39' title="bbox 432 2481 2012 2557">
    <p class='ocr_par' dir='ltr' id='par_1_39' title="bbox 432 2481 2012 2557">
     <span class='ocr_line' id='line_1_39' title="bbox 432 2481 2012 2557; baseline 0.006 -23"><span class='ocrx_word' id='word_1_271' title='bbox 432 2481 686 2541; x_wconf 84' lang='lat' dir='ltr'><strong>Christus</strong></span> <span class='ocrx_word' id='word_1_272' title='bbox 718 2483 976 2548; x_wconf 87' lang='lat' dir='ltr'><strong>advenit,</strong></span> <span class='ocrx_word' id='word_1_273' title='bbox 1011 2496 1071 2540; x_wconf 91' lang='lat' dir='ltr'><strong>ut</strong></span> <span class='ocrx_word' id='word_1_274' title='bbox 1124 2502 1245 2555; x_wconf 66' lang='lat' dir='ltr'><strong>qua:</strong></span> <span class='ocrx_word' id='word_1_275' title='bbox 1277 2487 1410 2541; x_wconf 65' lang='lat' dir='ltr'><strong>dirae</strong></span> <span class='ocrx_word' id='word_1_276' title='bbox 1451 2487 1738 2557; x_wconf 87' lang='lat' dir='ltr'><strong>cujusdam</strong></span> <span class='ocrx_word' id='word_1_277' title='bbox 1776 2490 2012 2543; x_wconf 82' lang='lat' dir='ltr'><strong>vinculis</strong></span> 
     </span>
    </p>
   </div>
   <div class='ocr_carea' id='block_1_40' title="bbox 434 2574 2013 2653">
    <p class='ocr_par' dir='ltr' id='par_1_40' title="bbox 434 2574 2013 2653">
     <span class='ocr_line' id='line_1_40' title="bbox 434 2574 2013 2653; baseline 0.005 -26"><span class='ocrx_word' id='word_1_278' title='bbox 434 2574 847 2643; x_wconf 77' lang='lat' dir='ltr'><strong>imprecationis</strong></span> <span class='ocrx_word' id='word_1_279' title='bbox 877 2586 1037 2631; x_wconf 88' lang='lat' dir='ltr'><strong>erant</strong></span> <span class='ocrx_word' id='word_1_280' title='bbox 1085 2579 1351 2633; x_wconf 88' lang='lat' dir='ltr'><strong>obstricta</strong></span> <span class='ocrx_word' id='word_1_281' title='bbox 1412 2582 1668 2635; x_wconf 87' lang='lat' dir='ltr'><strong>solveret.</strong></span> <span class='ocrx_word' id='word_1_282' title='bbox 1719 2580 1878 2653; x_wconf 68' lang='grc'><strong>124</strong></span> <span class='ocrx_word' id='word_1_283' title='bbox 1912 2580 2013 2647; x_wconf 90' lang='lat' dir='ltr'><strong>Qui</strong></span> 
     </span>
    </p>
   </div>
   <div class='ocr_carea' id='block_1_41' title="bbox 434 2668 2012 2743">
    <p class='ocr_par' dir='ltr' id='par_1_41' title="bbox 434 2668 2012 2743">
     <span class='ocr_line' id='line_1_41' title="bbox 434 2668 2012 2743; baseline 0.004 -22"><span class='ocrx_word' id='word_1_284' title='bbox 434 2668 657 2736; x_wconf 87' lang='lat' dir='ltr'><strong>quidem</strong></span> <span class='ocrx_word' id='word_1_285' title='bbox 692 2684 791 2738; x_wconf 87' lang='lat' dir='ltr'><strong>pro</strong></span> <span class='ocrx_word' id='word_1_286' title='bbox 815 2670 1028 2740; x_wconf 87' lang='lat' dir='ltr'><strong>exiguis</strong></span> <span class='ocrx_word' id='word_1_287' title='bbox 1056 2671 1182 2735; x_wconf 91' lang='lat' dir='ltr'><strong>illis,</strong></span> <span class='ocrx_word' id='word_1_288' title='bbox 1228 2686 1351 2742; x_wconf 62' lang='lat' dir='ltr'><strong>quae</strong></span> <span class='ocrx_word' id='word_1_289' title='bbox 1382 2672 1569 2742; x_wconf 90' lang='lat' dir='ltr'><strong>perfici</strong></span> <span class='ocrx_word' id='word_1_290' title='bbox 1601 2688 1708 2727; x_wconf 89' lang='lat' dir='ltr'><strong>non</strong></span> <span class='ocrx_word' id='word_1_291' title='bbox 1742 2684 2012 2743; x_wconf 86' lang='lat' dir='ltr'><strong>poterant.</strong></span> 
     </span>
    </p>
   </div>
   <div class='ocr_carea' id='block_1_42' title="bbox 438 2759 2013 2833">
    <p class='ocr_par' dir='ltr' id='par_1_42' title="bbox 438 2759 2013 2833">
     <span class='ocr_line' id='line_1_42' title="bbox 438 2759 2013 2833; baseline 0.004 -22"><span class='ocrx_word' id='word_1_292' title='bbox 438 2759 598 2813; x_wconf 89' lang='lat' dir='ltr'><strong>nobis</strong></span> <span class='ocrx_word' id='word_1_293' title='bbox 621 2774 813 2830; x_wconf 90' lang='lat' dir='ltr'><strong>magna</strong></span> <span class='ocrx_word' id='word_1_294' title='bbox 845 2762 1136 2828; x_wconf 89' lang='lat' dir='ltr'><strong>concessit,</strong></span> <span class='ocrx_word' id='word_1_295' title='bbox 1168 2763 1221 2816; x_wconf 91' lang='lat' dir='ltr'><strong>in</strong></span> <span class='ocrx_word' id='word_1_296' title='bbox 1246 2764 1445 2833; x_wconf 87' lang='lat' dir='ltr'><strong>quibus</strong></span> <span class='ocrx_word' id='word_1_297' title='bbox 1469 2766 1830 2833; x_wconf 86' lang='lat' dir='ltr'><strong>exsequendis</strong></span> <span class='ocrx_word' id='word_1_298' title='bbox 1857 2766 2013 2829; x_wconf 88' lang='lat' dir='ltr'><strong>nihil,</strong></span> 
     </span>
    </p>
   </div>
   <div class='ocr_carea' id='block_1_43' title="bbox 443 2852 2013 2929">
    <p class='ocr_par' dir='ltr' id='par_1_43' title="bbox 443 2852 2013 2929">
     <span class='ocr_line' id='line_1_43' title="bbox 443 2852 2013 2929; baseline 0.005 -27"><span class='ocrx_word' id='word_1_299' title='bbox 443 2859 502 2902; x_wconf 91' lang='lat' dir='ltr'><strong>ut</strong></span> <span class='ocrx_word' id='word_1_300' title='bbox 528 2852 583 2904; x_wconf 89' lang='lat' dir='ltr'><strong>in</strong></span> <span class='ocrx_word' id='word_1_301' title='bbox 615 2852 889 2929; x_wconf 65' lang='lat' dir='ltr'><strong>prioribus</strong></span> <span class='ocrx_word' id='word_1_302' title='bbox 932 2853 1061 2917; x_wconf 83' lang='lat' dir='ltr'><strong>illis,</strong></span> <span class='ocrx_word' id='word_1_303' title='bbox 1095 2861 1179 2909; x_wconf 91' lang='lat' dir='ltr'><strong>est</strong></span> <span class='ocrx_word' id='word_1_304' title='bbox 1210 2856 1355 2925; x_wconf 91' lang='lat' dir='ltr'><strong>quod</strong></span> <span class='ocrx_word' id='word_1_305' title='bbox 1388 2870 1511 2909; x_wconf 93' lang='lat' dir='ltr'><strong>cum</strong></span> <span class='ocrx_word' id='word_1_306' title='bbox 1540 2856 1710 2911; x_wconf 90' lang='lat' dir='ltr'><strong>altero</strong></span> <span class='ocrx_word' id='word_1_307' title='bbox 1733 2865 2013 2926; x_wconf 86' lang='lat' dir='ltr'><strong>repugnet.</strong></span> 
     </span>
    </p>
   </div>
   <div class='ocr_carea' id='block_1_44' title="bbox 439 2942 2017 3012">
    <p class='ocr_par' dir='ltr' id='par_1_44' title="bbox 439 2942 2017 3012">
     <span class='ocr_line' id='line_1_44' title="bbox 439 2942 2017 3012; baseline 0.005 -17"><span class='ocrx_word' id='word_1_308' title='bbox 439 2942 618 3010; x_wconf 78' lang='lat' dir='ltr'><strong>Atque</strong></span> <span class='ocrx_word' id='word_1_309' title='bbox 653 2942 757 2997; x_wconf 86' lang='lat' dir='ltr'><strong>hoc</strong></span> <span class='ocrx_word' id='word_1_310' title='bbox 804 2943 916 2999; x_wconf 90' lang='lat' dir='ltr'><strong>fere</strong></span> <span class='ocrx_word' id='word_1_311' title='bbox 950 2945 1111 2999; x_wconf 90' lang='lat' dir='ltr'><strong>modo</strong></span> <span class='ocrx_word' id='word_1_312' title='bbox 1143 2946 1197 3000; x_wconf 93' lang='lat' dir='ltr'><strong>in</strong></span> <span class='ocrx_word' id='word_1_313' title='bbox 1227 2946 1373 3001; x_wconf 92' lang='lat' dir='ltr'><strong>omni</strong></span> <span class='ocrx_word' id='word_1_314' title='bbox 1428 2946 1759 3001; x_wconf 85' lang='lat' dir='ltr'><strong>confutanda</strong></span> <span class='ocrx_word' id='word_1_315' title='bbox 1799 2949 2017 3012; x_wconf 65' lang='lat' dir='ltr'><strong>haeresi,</strong></span> 
     </span>
    </p>
   </div>
   <div class='ocr_carea' id='block_1_45' title="bbox 441 3031 2021 3109">
    <p class='ocr_par' dir='ltr' id='par_1_45' title="bbox 441 3031 2021 3109">
     <span class='ocr_line' id='line_1_45' title="bbox 441 3031 2021 3109; baseline 0.006 -25"><span class='ocrx_word' id='word_1_316' title='bbox 441 3048 559 3102; x_wconf 73' lang='lat' dir='ltr'><strong>qua!</strong></span> <span class='ocrx_word' id='word_1_317' title='bbox 588 3031 829 3096; x_wconf 85' lang='lat' dir='ltr'><strong>Sabbati,</strong></span> <span class='ocrx_word' id='word_1_318' title='bbox 859 3036 942 3090; x_wconf 86' lang='lat' dir='ltr'><strong>vel</strong></span> <span class='ocrx_word' id='word_1_319' title='bbox 967 3037 1423 3103; x_wconf 90' lang='lat' dir='ltr'><strong>circumcisionis,</strong></span> <span class='ocrx_word' id='word_1_320' title='bbox 1458 3039 1543 3092; x_wconf 90' lang='lat' dir='ltr'><strong>vel</strong></span> <span class='ocrx_word' id='word_1_321' title='bbox 1575 3038 1799 3095; x_wconf 90' lang='lat' dir='ltr'><strong>alterius</strong></span> <span class='ocrx_word' id='word_1_322' title='bbox 1829 3039 2021 3109; x_wconf 88' lang='lat' dir='ltr'><strong>hujus-</strong></span> 
     </span>
    </p>
   </div>
   <div class='ocr_carea' id='block_1_46' title="bbox 2106 1842 3685 1918">
    <p class='ocr_par' dir='ltr' id='par_1_46' title="bbox 2106 1842 3685 1918">
     <span class='ocr_line' id='line_1_46' title="bbox 2106 1842 3685 1918; baseline -0.004 -17"><span class='ocrx_word' id='word_1_323' title='bbox 2106 1849 2197 1901; x_wconf 86' lang='grc' dir='ltr'><strong>τὸν</strong></span> <span class='ocrx_word' id='word_1_324' title='bbox 2232 1848 2395 1918; x_wconf 89' lang='grc' dir='ltr'>νόμον</span> <span class='ocrx_word' id='word_1_325' title='bbox 2440 1845 2779 1909; x_wconf 83' lang='grc' dir='ltr'>καταλύσων,</span> <span class='ocrx_word' id='word_1_326' title='bbox 2818 1844 2956 1899; x_wconf 80' lang='grc' dir='ltr'>ἀλλὰ</span> <span class='ocrx_word' id='word_1_327' title='bbox 3004 1844 3096 1897; x_wconf 77' lang='grc' dir='ltr'><strong>τὸν</strong></span> <span class='ocrx_word' id='word_1_328' title='bbox 3139 1846 3304 1915; x_wconf 86' lang='grc' dir='ltr'>νόμον</span> <span class='ocrx_word' id='word_1_329' title='bbox 3347 1842 3685 1914; x_wconf 85' lang='grc' dir='ltr'>πληρώσων,</span> 
     </span>
    </p>
   </div>
   <div class='ocr_carea' id='block_1_47' title="bbox 2108 1933 3689 2007">
    <p class='ocr_par' dir='ltr' id='par_1_47' title="bbox 2108 1933 3689 2007">
     <span class='ocr_line' id='line_1_47' title="bbox 2108 1933 3689 2007; baseline -0.004 -16"><span class='ocrx_word' id='word_1_330' title='bbox 2108 1938 2203 1991; x_wconf 72' lang='grc' dir='ltr'>καὶ</span> <span class='ocrx_word' id='word_1_331' title='bbox 2228 1936 2447 2005; x_wconf 81' lang='grc' dir='ltr'>ἀφελεῖν</span> <span class='ocrx_word' id='word_1_332' title='bbox 2478 1937 2575 2007; x_wconf 86' lang='grc' dir='ltr'><strong>τὴν</strong></span> <span class='ocrx_word' id='word_1_333' title='bbox 2606 1935 2852 2006; x_wconf 86' lang='grc' dir='ltr'>κατάραν</span> <span class='ocrx_word' id='word_1_334' title='bbox 2883 1935 2982 2005; x_wconf 83' lang='grc' dir='ltr'>τὴν</span> <span class='ocrx_word' id='word_1_335' title='bbox 3020 1933 3162 1988; x_wconf 79' lang='grc' dir='ltr'>κατὰ</span> <span class='ocrx_word' id='word_1_336' title='bbox 3198 1935 3297 2004; x_wconf 82' lang='grc' dir='ltr'><strong>τῆς</strong></span> <span class='ocrx_word' id='word_1_337' title='bbox 3327 1933 3689 2005; x_wconf 60' lang='grc' dir='ltr'>παραϐάσεως</span> 
     </span>
    </p>
   </div>
   <div class='ocr_carea' id='block_1_48' title="bbox 2108 2022 3690 2097">
    <p class='ocr_par' dir='ltr' id='par_1_48' title="bbox 2108 2022 3690 2097">
     <span class='ocr_line' id='line_1_48' title="bbox 2108 2022 3690 2097; baseline -0.004 -16"><span class='ocrx_word' id='word_1_338' title='bbox 2108 2028 2200 2081; x_wconf 89' lang='grc' dir='ltr'><strong>τοῦ</strong></span> <span class='ocrx_word' id='word_1_339' title='bbox 2225 2028 2389 2097; x_wconf 88' lang='grc' dir='ltr'>νόμου</span> <span class='ocrx_word' id='word_1_340' title='bbox 2417 2027 2745 2095; x_wconf 86' lang='grc' dir='ltr'>ὁρισθεῖσαν.</span> <span class='ocrx_word' id='word_1_341' title='bbox 2793 2025 2948 2079; x_wconf 77' lang='grc' dir='ltr'>Μετὰ</span> <span class='ocrx_word' id='word_1_342' title='bbox 2979 2024 3089 2096; x_wconf 52' lang='lat' dir='ltr'><strong>rip</strong></span> <span class='ocrx_word' id='word_1_343' title='bbox 3128 2024 3188 2076; x_wconf 83' lang='grc' dir='ltr'><strong>τὸ</strong></span> <span class='ocrx_word' id='word_1_344' title='bbox 3221 2022 3561 2078; x_wconf 77' lang='grc' dir='ltr'>ἐντείλασθαι</span> <span class='ocrx_word' id='word_1_345' title='bbox 3598 2022 3690 2074; x_wconf 72' lang='grc' dir='ltr'><strong>τὸν</strong></span> 
     </span>
    </p>
   </div>
   <div class='ocr_carea' id='block_1_49' title="bbox 2108 2114 3692 2190">
    <p class='ocr_par' dir='ltr' id='par_1_49' title="bbox 2108 2114 3692 2190">
     <span class='ocr_line' id='line_1_49' title="bbox 2108 2114 3692 2190; baseline -0.008 -14"><span class='ocrx_word' id='word_1_346' title='bbox 2108 2122 2349 2176; x_wconf 86' lang='grc' dir='ltr'>Μωῦσέα</span> <span class='ocrx_word' id='word_1_347' title='bbox 2383 2122 2561 2173; x_wconf 79' lang='grc' dir='ltr'>πᾶσαν</span> <span class='ocrx_word' id='word_1_348' title='bbox 2591 2119 2830 2190; x_wconf 80' lang='grc' dir='ltr'>ἐντολὴν,</span> <span class='ocrx_word' id='word_1_349' title='bbox 2859 2114 3020 2189; x_wconf 80' lang='grc' dir='ltr'>ἦλθεν</span> <span class='ocrx_word' id='word_1_350' title='bbox 3047 2117 3139 2171; x_wconf 75' lang='grc' dir='ltr'>ἐπὶ</span> <span class='ocrx_word' id='word_1_351' title='bbox 3173 2117 3231 2170; x_wconf 77' lang='grc' dir='ltr'><strong>τὸ</strong></span> <span class='ocrx_word' id='word_1_352' title='bbox 3268 2118 3445 2187; x_wconf 82' lang='grc' dir='ltr'>τέρμα</span> <span class='ocrx_word' id='word_1_353' title='bbox 3480 2116 3577 2185; x_wconf 82' lang='grc' dir='ltr'><strong>τῆς</strong></span> <span class='ocrx_word' id='word_1_354' title='bbox 3607 2114 3692 2184; x_wconf 52' lang='lat' dir='ltr'><strong>gi.-</strong></span> 
     </span>
    </p>
   </div>
   <div class='ocr_carea' id='block_1_50' title="bbox 2111 2206 3689 2280">
    <p class='ocr_par' dir='ltr' id='par_1_50' title="bbox 2111 2206 3689 2280">
     <span class='ocr_line' id='line_1_50' title="bbox 2111 2206 3689 2280; baseline -0.005 -14"><span class='ocrx_word' id='word_1_355' title='bbox 2111 2214 2268 2278; x_wconf 76' lang='grc' dir='ltr'>ὅλου,</span> <span class='ocrx_word' id='word_1_356' title='bbox 2302 2214 2394 2265; x_wconf 75' lang='grc' dir='ltr'><strong>καὶ</strong></span> <span class='ocrx_word' id='word_1_357' title='bbox 2440 2211 2748 2264; x_wconf 83' lang='grc' dir='ltr'>συνέκλεισε</span> <span class='ocrx_word' id='word_1_358' title='bbox 2782 2212 2842 2264; x_wconf 85' lang='grc' dir='ltr'><strong>τὸ</strong></span> <span class='ocrx_word' id='word_1_359' title='bbox 2887 2212 2995 2263; x_wconf 81' lang='grc' dir='ltr'><strong>πᾶν</strong></span> <span class='ocrx_word' id='word_1_360' title='bbox 3045 2212 3126 2274; x_wconf 78' lang='grc' dir='ltr'><strong>εἰς</strong></span> <span class='ocrx_word' id='word_1_361' title='bbox 3172 2209 3451 2280; x_wconf 82' lang='grc' dir='ltr'>κατάραν,</span> <span class='ocrx_word' id='word_1_362' title='bbox 3492 2206 3689 2275; x_wconf 83' lang='grc' dir='ltr'><strong>λέγων⁹</strong></span> 
     </span>
    </p>
   </div>
   <div class='ocr_carea' id='block_1_51' title="bbox 2112 2298 3693 2373">
    <p class='ocr_par' dir='ltr' id='par_1_51' title="bbox 2112 2298 3693 2373">
     <span class='ocr_line' id='line_1_51' title="bbox 2112 2298 3693 2373; baseline -0.007 -13"><span class='ocrx_word' id='word_1_363' title='bbox 2112 2304 2581 2373; x_wconf 82' lang='grc' dir='ltr'>Ἐπικατάρατος</span> <span class='ocrx_word' id='word_1_364' title='bbox 2639 2303 2757 2369; x_wconf 80' lang='grc' dir='ltr'>πᾶς</span> <span class='ocrx_word' id='word_1_365' title='bbox 2805 2304 2871 2370; x_wconf 82' lang='grc' dir='ltr'>ὃς</span> <span class='ocrx_word' id='word_1_366' title='bbox 2923 2306 3033 2357; x_wconf 79' lang='grc' dir='ltr'>οὐκ</span> <span class='ocrx_word' id='word_1_367' title='bbox 3088 2301 3326 2372; x_wconf 81' lang='grc' dir='ltr'>ἐμμένει</span> <span class='ocrx_word' id='word_1_368' title='bbox 3373 2299 3524 2355; x_wconf 77' lang='grc' dir='ltr'>πᾶσι</span> <span class='ocrx_word' id='word_1_369' title='bbox 3567 2298 3693 2364; x_wconf 83' lang='grc' dir='ltr'>τοῖς</span> 
     </span>
    </p>
   </div>
   <div class='ocr_carea' id='block_1_52' title="bbox 2110 2391 3690 2470">
    <p class='ocr_par' dir='ltr' id='par_1_52' title="bbox 2110 2391 3690 2470">
     <span class='ocr_line' id='line_1_52' title="bbox 2110 2391 3690 2470; baseline -0.008 -16"><span class='ocrx_word' id='word_1_370' title='bbox 2110 2402 2315 2470; x_wconf 71' lang='grc' dir='ltr'>λόγοις</span> <span class='ocrx_word' id='word_1_371' title='bbox 2353 2398 2477 2464; x_wconf 81' lang='grc' dir='ltr'>τοῖς</span> <span class='ocrx_word' id='word_1_372' title='bbox 2518 2395 2940 2467; x_wconf 67' lang='grc' dir='ltr'>γεγραμμένοις</span> <span class='ocrx_word' id='word_1_373' title='bbox 2984 2396 3054 2447; x_wconf 80' lang='grc' dir='ltr'><strong>ἐν</strong></span> <span class='ocrx_word' id='word_1_374' title='bbox 3093 2392 3171 2458; x_wconf 85' lang='grc' dir='ltr'>τῷ</span> <span class='ocrx_word' id='word_1_375' title='bbox 3210 2394 3427 2459; x_wconf 75' lang='grc' dir='ltr'>,βιϐλίῳ</span> <span class='ocrx_word' id='word_1_376' title='bbox 3470 2391 3690 2455; x_wconf 83' lang='grc' dir='ltr'>τούτῳ,</span> 
     </span>
    </p>
   </div>
   <div class='ocr_carea' id='block_1_53' title="bbox 2112 2480 3690 2558">
    <p class='ocr_par' dir='ltr' id='par_1_53' title="bbox 2112 2480 3690 2558">
     <span class='ocr_line' id='line_1_53' title="bbox 2112 2480 3690 2558; baseline -0.008 -13"><span class='ocrx_word' id='word_1_377' title='bbox 2112 2492 2217 2545; x_wconf 86' lang='grc' dir='ltr'><strong>τοῦ</strong></span> <span class='ocrx_word' id='word_1_378' title='bbox 2260 2488 2509 2558; x_wconf 79' lang='grc' dir='ltr'>ποιῆσαι</span> <span class='ocrx_word' id='word_1_379' title='bbox 2553 2489 2794 2554; x_wconf 85' lang='grc' dir='ltr'>αὐτούς.</span> <span class='ocrx_word' id='word_1_380' title='bbox 2825 2483 3027 2540; x_wconf 81' lang='grc' dir='ltr'>Ἦλθεν</span> <span class='ocrx_word' id='word_1_381' title='bbox 3056 2482 3148 2540; x_wconf 86' lang='grc' dir='ltr'><strong>οῦν</strong></span> <span class='ocrx_word' id='word_1_382' title='bbox 3190 2485 3333 2537; x_wconf 89' lang='grc' dir='ltr'>λύων</span> <span class='ocrx_word' id='word_1_383' title='bbox 3366 2484 3461 2553; x_wconf 80' lang='grc' dir='ltr'><strong>μὲν</strong></span> <span class='ocrx_word' id='word_1_384' title='bbox 3491 2480 3561 2534; x_wconf 78' lang='grc' dir='ltr'>τὰ</span> <span class='ocrx_word' id='word_1_385' title='bbox 3592 2498 3690 2532; x_wconf 88' lang='grc' dir='ltr'>πε-</span> 
     </span>
    </p>
   </div>
   <div class='ocr_carea' id='block_1_54' title="bbox 2115 2569 3692 2653">
    <p class='ocr_par' dir='ltr' id='par_1_54' title="bbox 2115 2569 3692 2653">
     <span class='ocr_line' id='line_1_54' title="bbox 2115 2569 3692 2653; baseline -0.008 -18"><span class='ocrx_word' id='word_1_386' title='bbox 2115 2581 2394 2653; x_wconf 87' lang='grc' dir='ltr'>πεδημένα</span> <span class='ocrx_word' id='word_1_387' title='bbox 2422 2580 2641 2650; x_wconf 85' lang='grc' dir='ltr'>δεσμοῖς</span> <span class='ocrx_word' id='word_1_388' title='bbox 2671 2582 2783 2641; x_wconf 88' lang='grc' dir='ltr'>τοῖς</span> <span class='ocrx_word' id='word_1_389' title='bbox 2814 2578 2913 2648; x_wconf 86' lang='grc' dir='ltr'>τῆς</span> <span class='ocrx_word' id='word_1_390' title='bbox 2955 2577 3219 2647; x_wconf 79' lang='grc' dir='ltr'>κατάρας,</span> <span class='ocrx_word' id='word_1_391' title='bbox 3253 2574 3606 2645; x_wconf 81' lang='grc' dir='ltr'>χαριζόμενος</span> <span class='ocrx_word' id='word_1_392' title='bbox 3635 2569 3692 2622; x_wconf 83' lang='grc' dir='ltr'>δὲ</span> 
     </span>
    </p>
   </div>
   <div class='ocr_carea' id='block_1_55' title="bbox 2114 2661 3695 2745">
    <p class='ocr_par' dir='ltr' id='par_1_55' title="bbox 2114 2661 3695 2745">
     <span class='ocr_line' id='line_1_55' title="bbox 2114 2661 3695 2745; baseline -0.009 -17"><span class='ocrx_word' id='word_1_393' title='bbox 2114 2677 2247 2745; x_wconf 82' lang='grc' dir='ltr'>ἡμῖν</span> <span class='ocrx_word' id='word_1_394' title='bbox 2274 2674 2394 2727; x_wconf 74' lang='grc' dir='ltr'>ἀντὶ</span> <span class='ocrx_word' id='word_1_395' title='bbox 2421 2672 2529 2725; x_wconf 82' lang='grc' dir='ltr'><strong>τῶν</strong></span> <span class='ocrx_word' id='word_1_396' title='bbox 2558 2670 2768 2743; x_wconf 84' lang='grc' dir='ltr'>μικρῶν</span> <span class='ocrx_word' id='word_1_397' title='bbox 2792 2668 2900 2723; x_wconf 85' lang='grc' dir='ltr'><strong>τῶν</strong></span> <span class='ocrx_word' id='word_1_398' title='bbox 2928 2670 3002 2739; x_wconf 85' lang='grc' dir='ltr'><strong>μὴ</strong></span> <span class='ocrx_word' id='word_1_399' title='bbox 3024 2668 3334 2737; x_wconf 83' lang='grc' dir='ltr'>δυναμένων</span> <span class='ocrx_word' id='word_1_400' title='bbox 3358 2661 3695 2735; x_wconf 76' lang='grc' dir='ltr'>πληροῦσθαι</span> 
     </span>
    </p>
   </div>
   <div class='ocr_carea' id='block_1_56' title="bbox 2116 2752 3697 2837">
    <p class='ocr_par' dir='ltr' id='par_1_56' title="bbox 2116 2752 3697 2837">
     <span class='ocr_line' id='line_1_56' title="bbox 2116 2752 3697 2837; baseline -0.01 -16"><span class='ocrx_word' id='word_1_401' title='bbox 2116 2769 2185 2821; x_wconf 70' lang='grc' dir='ltr'><strong>τὰ</strong></span> <span class='ocrx_word' id='word_1_402' title='bbox 2231 2766 2470 2837; x_wconf 76' lang='grc' dir='ltr'>μείζονα,</span> <span class='ocrx_word' id='word_1_403' title='bbox 2503 2764 2595 2817; x_wconf 74' lang='grc' dir='ltr'><strong>καὶ</strong></span> <span class='ocrx_word' id='word_1_404' title='bbox 2638 2765 2699 2816; x_wconf 84' lang='grc' dir='ltr'><strong>ού</strong></span> <span class='ocrx_word' id='word_1_405' title='bbox 2733 2763 3014 2834; x_wconf 83' lang='grc' dir='ltr'>μαχόμενα</span> <span class='ocrx_word' id='word_1_406' title='bbox 3045 2760 3265 2832; x_wconf 87' lang='grc' dir='ltr'>θάτερον</span> <span class='ocrx_word' id='word_1_407' title='bbox 3309 2758 3520 2828; x_wconf 86' lang='grc' dir='ltr'>θατέρῳ</span> <span class='ocrx_word' id='word_1_408' title='bbox 3560 2752 3697 2823; x_wconf 83' lang='grc' dir='ltr'>πρὸς</span> 
     </span>
    </p>
   </div>
   <div class='ocr_carea' id='block_1_57' title="bbox 2118 2847 3699 2932">
    <p class='ocr_par' dir='ltr' id='par_1_57' title="bbox 2118 2847 3699 2932">
     <span class='ocr_line' id='line_1_57' title="bbox 2118 2847 3699 2932; baseline -0.009 -18"><span class='ocrx_word' id='word_1_409' title='bbox 2118 2861 2215 2932; x_wconf 80' lang='grc' dir='ltr'>τὴν</span> <span class='ocrx_word' id='word_1_410' title='bbox 2246 2860 2339 2913; x_wconf 85' lang='grc' dir='ltr'><strong>τοῦ</strong></span> <span class='ocrx_word' id='word_1_411' title='bbox 2371 2859 2532 2930; x_wconf 77' lang='grc' dir='ltr'>ἔργου</span> <span class='ocrx_word' id='word_1_412' title='bbox 2568 2857 2864 2928; x_wconf 84' lang='grc' dir='ltr'>πλήρωσιν,</span> <span class='ocrx_word' id='word_1_413' title='bbox 2893 2856 2968 2917; x_wconf 83' lang='grc' dir='ltr'>ὡς</span> <span class='ocrx_word' id='word_1_414' title='bbox 2998 2854 3063 2908; x_wconf 79' lang='grc' dir='ltr'>τὰ</span> <span class='ocrx_word' id='word_1_415' title='bbox 3089 2853 3348 2923; x_wconf 84' lang='grc' dir='ltr'>πρότερα.</span> <span class='ocrx_word' id='word_1_416' title='bbox 3370 2850 3569 2911; x_wconf 29' lang='grc' dir='ltr'>,Οὕτως</span> <span class='ocrx_word' id='word_1_417' title='bbox 3591 2847 3699 2917; x_wconf 80' lang='grc' dir='ltr'>γὰρ</span> 
     </span>
    </p>
   </div>
   <div class='ocr_carea' id='block_1_58' title="bbox 2122 2937 3702 3018">
    <p class='ocr_par' dir='ltr' id='par_1_58' title="bbox 2122 2937 3702 3018">
     <span class='ocr_line' id='line_1_58' title="bbox 2122 2937 3702 3018; baseline -0.01 -14"><span class='ocrx_word' id='word_1_418' title='bbox 2122 2950 2263 3004; x_wconf 74' lang='grc' dir='ltr'>κατὰ</span> <span class='ocrx_word' id='word_1_419' title='bbox 2291 2950 2470 3003; x_wconf 81' lang='grc' dir='ltr'>πᾶσαν</span> <span class='ocrx_word' id='word_1_420' title='bbox 2502 2948 2712 3018; x_wconf 77' lang='grc' dir='ltr'>αἵρεσιν</span> <span class='ocrx_word' id='word_1_421' title='bbox 2743 2945 3055 3014; x_wconf 79' lang='grc' dir='ltr'>φθάνοντες,</span> <span class='ocrx_word' id='word_1_422' title='bbox 3084 2943 3141 2996; x_wconf 84' lang='grc' dir='ltr'>ὲν</span> <span class='ocrx_word' id='word_1_423' title='bbox 3183 2944 3248 3012; x_wconf 82' lang='grc' dir='ltr'>τῇ</span> <span class='ocrx_word' id='word_1_424' title='bbox 3287 2940 3413 3012; x_wconf 78' lang='grc' dir='ltr'>περὶ</span> <span class='ocrx_word' id='word_1_425' title='bbox 3446 2937 3702 2992; x_wconf 75' lang='grc' dir='ltr'>σαϐϐατι-</span> 
     </span>
    </p>
   </div>
   <div class='ocr_carea' id='block_1_59' title="bbox 2127 3030 3707 3113">
    <p class='ocr_par' dir='ltr' id='par_1_59' title="bbox 2127 3030 3707 3113">
     <span class='ocr_line' id='line_1_59' title="bbox 2127 3030 3707 3113; baseline -0.009 -19"><span class='ocrx_word' id='word_1_426' title='bbox 2127 3040 2285 3113; x_wconf 91' lang='grc' dir='ltr'>σμοῦ,</span> <span class='ocrx_word' id='word_1_427' title='bbox 2321 3038 2414 3093; x_wconf 73' lang='grc' dir='ltr'><strong>καὶ</strong></span> <span class='ocrx_word' id='word_1_428' title='bbox 2440 3038 2760 3108; x_wconf 76' lang='grc' dir='ltr'>περιτομῆς,</span> <span class='ocrx_word' id='word_1_429' title='bbox 2785 3035 2878 3090; x_wconf 81' lang='grc' dir='ltr'><strong>καὶ</strong></span> <span class='ocrx_word' id='word_1_430' title='bbox 2902 3034 3009 3087; x_wconf 87' lang='grc' dir='ltr'><strong>τῶν</strong></span> <span class='ocrx_word' id='word_1_431' title='bbox 3032 3034 3203 3088; x_wconf 85' lang='grc' dir='ltr'>ἄλλων</span> <span class='ocrx_word' id='word_1_432' title='bbox 3236 3030 3494 3093; x_wconf 87' lang='grc' dir='ltr'>πολλάκις</span> <span class='ocrx_word' id='word_1_433' title='bbox 3523 3031 3707 3099; x_wconf 85' lang='grc' dir='ltr'>ὲπειρ-</span> 
     </span>
    </p>
   </div>
   <div class='ocr_carea' id='block_1_60' title="bbox 443 3105 2026 3202">
    <p class='ocr_par' dir='ltr' id='par_1_60' title="bbox 443 3105 2023 3199">
     <span class='ocr_line' id='line_1_60' title="bbox 443 3105 2023 3199; baseline 0.003 -20"><span class='ocrx_word' id='word_1_434' title='bbox 443 3123 593 3179; x_wconf 87' lang='lat' dir='ltr'><strong>modi</strong></span> <span class='ocrx_word' id='word_1_435' title='bbox 624 3125 764 3181; x_wconf 88' lang='lat' dir='ltr'><strong>ritus</strong></span> <span class='ocrx_word' id='word_1_436' title='bbox 794 3126 1233 3183; x_wconf 87' lang='lat' dir='ltr'><strong>observationem</strong></span> <span class='ocrx_word' id='word_1_437' title='bbox 1264 3129 1661 3198; x_wconf 70' lang='lat' dir='ltr'><strong>praescriberet,</strong></span> <span class='ocrx_word' id='word_1_438' title='bbox 1682 3130 1827 3185; x_wconf 92' lang='lat' dir='ltr'><strong>istud</strong></span> <span class='ocrx_word' id='word_1_439' title='bbox 1846 3105 2023 3199; x_wconf 77' lang='lat' dir='ltr'><strong>ipsum</strong></span> 
     </span>
    </p>
   </div>
   <div class='ocr_carea' id='block_1_61' title="bbox 2128 3105 3710 3202">
    <p class='ocr_par' dir='ltr' id='par_1_61' title="bbox 2128 3105 3710 3202">
     <span class='ocr_line' id='line_1_61' title="bbox 2128 3105 3710 3202; baseline -0.01 -16"><span class='ocrx_word' id='word_1_440' title='bbox 2128 3105 2437 3202; x_wconf 76' lang='grc' dir='ltr'>γασάμεθα,</span> <span class='ocrx_word' id='word_1_441' title='bbox 2468 3105 2585 3193; x_wconf 69' lang='grc' dir='ltr'>πῶς</span> <span class='ocrx_word' id='word_1_442' title='bbox 2612 3105 2646 3182; x_wconf 23' lang='grc' dir='ltr'><strong>ὁν</strong></span> <span class='ocrx_word' id='word_1_443' title='bbox 2674 3105 2877 3197; x_wconf 77' lang='grc' dir='ltr'>Κύριος</span> <span class='ocrx_word' id='word_1_444' title='bbox 2906 3127 3036 3196; x_wconf 82' lang='grc' dir='ltr'>ἡμῖν</span> <span class='ocrx_word' id='word_1_445' title='bbox 3065 3124 3132 3177; x_wconf 78' lang='grc' dir='ltr'>τὰ</span> <span class='ocrx_word' id='word_1_446' title='bbox 3158 3122 3510 3191; x_wconf 76' lang='grc' dir='ltr'>ἐντελέστερα</span> <span class='ocrx_word' id='word_1_447' title='bbox 3544 3119 3710 3188; x_wconf 88' lang='grc' dir='ltr'>κεχά-</span> 
     </span>
    </p>
   </div>
   <div class='ocr_carea' id='block_1_62' title="bbox 445 3218 2029 3293">
    <p class='ocr_par' dir='ltr' id='par_1_62' title="bbox 445 3218 2029 3293">
     <span class='ocr_line' id='line_1_62' title="bbox 445 3218 2029 3293; baseline 0.005 -24"><span class='ocrx_word' id='word_1_448' title='bbox 445 3218 824 3274; x_wconf 88' lang='lat' dir='ltr'><strong>demonstrare</strong></span> <span class='ocrx_word' id='word_1_449' title='bbox 876 3221 1217 3285; x_wconf 87' lang='lat' dir='ltr'><strong>studuimus,</strong></span> <span class='ocrx_word' id='word_1_450' title='bbox 1253 3221 1540 3276; x_wconf 90' lang='lat' dir='ltr'><strong>Dominum</strong></span> <span class='ocrx_word' id='word_1_451' title='bbox 1598 3224 1755 3277; x_wconf 87' lang='lat' dir='ltr'><strong>nobis</strong></span> <span class='ocrx_word' id='word_1_452' title='bbox 1787 3239 1908 3293; x_wconf 72' lang='lat' dir='ltr'><strong>quae</strong></span> <span class='ocrx_word' id='word_1_453' title='bbox 1939 3239 2029 3277; x_wconf 83' lang='lat' dir='ltr'><strong>es-</strong></span> 
     </span>
    </p>
   </div>
   <div class='ocr_carea' id='block_1_63' title="bbox 448 3310 2027 3385">
    <p class='ocr_par' dir='ltr' id='par_1_63' title="bbox 448 3310 2027 3385">
     <span class='ocr_line' id='line_1_63' title="bbox 448 3310 2027 3385; baseline 0.002 -22"><span class='ocrx_word' id='word_1_454' title='bbox 448 3319 570 3365; x_wconf 82' lang='lat' dir='ltr'><strong>sent</strong></span> <span class='ocrx_word' id='word_1_455' title='bbox 602 3310 925 3379; x_wconf 80' lang='lat' dir='ltr'><strong>perfectiora</strong></span> <span class='ocrx_word' id='word_1_456' title='bbox 962 3313 1243 3368; x_wconf 86' lang='lat' dir='ltr'><strong>tribuisse.</strong></span> <span class='ocrx_word' id='word_1_457' title='bbox 1280 3314 1622 3384; x_wconf 87' lang='lat' dir='ltr'><strong>Ecquidnam</strong></span> <span class='ocrx_word' id='word_1_458' title='bbox 1657 3316 1818 3385; x_wconf 87' lang='lat' dir='ltr'><strong>igitur</strong></span> <span class='ocrx_word' id='word_1_459' title='bbox 1849 3315 1913 3369; x_wconf 89' lang='lat' dir='ltr'><strong>ad</strong></span> <span class='ocrx_word' id='word_1_460' title='bbox 1943 3314 2027 3369; x_wconf 84' lang='lat' dir='ltr'><strong>sui</strong></span> 
     </span>
    </p>
   </div>
   <div class='ocr_carea' id='block_1_64' title="bbox 448 3404 2031 3476">
    <p class='ocr_par' dir='ltr' id='par_1_64' title="bbox 448 3404 2031 3476">
     <span class='ocr_line' id='line_1_64' title="bbox 448 3404 2031 3476; baseline 0.001 -20"><span class='ocrx_word' id='word_1_461' title='bbox 448 3404 859 3458; x_wconf 77' lang='lat' dir='ltr'><strong>excusationem</strong></span> <span class='ocrx_word' id='word_1_462' title='bbox 920 3404 1113 3460; x_wconf 80' lang='lat' dir='ltr'><strong>alferre</strong></span> <span class='ocrx_word' id='word_1_463' title='bbox 1168 3406 1247 3459; x_wconf 92' lang='lat' dir='ltr'><strong>illi</strong></span> <span class='ocrx_word' id='word_1_464' title='bbox 1303 3414 1605 3475; x_wconf 89' lang='lat' dir='ltr'><strong>poterunt,</strong></span> <span class='ocrx_word' id='word_1_465' title='bbox 1665 3406 1759 3476; x_wconf 90' lang='lat' dir='ltr'><strong>qui</strong></span> <span class='ocrx_word' id='word_1_466' title='bbox 1807 3404 2031 3475; x_wconf 90' lang='lat' dir='ltr'><strong>Spiritui</strong></span> 
     </span>
    </p>
   </div>
   <div class='ocr_carea' id='block_1_65' title="bbox 453 3495 2032 3568">
    <p class='ocr_par' dir='ltr' id='par_1_65' title="bbox 453 3495 2032 3568">
     <span class='ocr_line' id='line_1_65' title="bbox 453 3495 2032 3568; baseline 0.001 -19"><span class='ocrx_word' id='word_1_467' title='bbox 453 3505 647 3549; x_wconf 87' lang='lat' dir='ltr'><strong>sancto</strong></span> <span class='ocrx_word' id='word_1_468' title='bbox 678 3510 871 3564; x_wconf 90' lang='lat' dir='ltr'><strong>parere</strong></span> <span class='ocrx_word' id='word_1_469' title='bbox 914 3496 1247 3563; x_wconf 87' lang='lat' dir='ltr'><strong>detrectant,</strong></span> <span class='ocrx_word' id='word_1_470' title='bbox 1292 3501 1341 3553; x_wconf 88' lang='lat' dir='ltr'><strong>ei</strong></span> <span class='ocrx_word' id='word_1_471' title='bbox 1377 3499 1597 3568; x_wconf 88' lang='lat' dir='ltr'><strong>inquam</strong></span> <span class='ocrx_word' id='word_1_472' title='bbox 1635 3495 1862 3567; x_wconf 88' lang='lat' dir='ltr'><strong>Spiritui</strong></span> <span class='ocrx_word' id='word_1_473' title='bbox 1894 3538 1908 3560; x_wconf 96' lang='lat'><strong>,</strong></span> <span class='ocrx_word' id='word_1_474' title='bbox 1938 3498 2032 3567; x_wconf 86' lang='lat' dir='ltr'><strong>qui</strong></span> 
     </span>
    </p>
   </div>
   <div class='ocr_carea' id='block_1_66' title="bbox 452 3588 2033 3661">
    <p class='ocr_par' dir='ltr' id='par_1_66' title="bbox 452 3588 2033 3661">
     <span class='ocr_line' id='line_1_66' title="bbox 452 3588 2033 3661; baseline 0.003 -21"><span class='ocrx_word' id='word_1_475' title='bbox 452 3602 550 3657; x_wconf 90' lang='lat' dir='ltr'><strong>per</strong></span> <span class='ocrx_word' id='word_1_476' title='bbox 578 3588 855 3656; x_wconf 85' lang='lat' dir='ltr'><strong>apostolos</strong></span> <span class='ocrx_word' id='word_1_477' title='bbox 877 3590 1132 3655; x_wconf 81' lang='lat' dir='ltr'><strong>edixerit,</strong></span> <span class='ocrx_word' id='word_1_478' title='bbox 1153 3606 1223 3645; x_wconf 88' lang='lat' dir='ltr'><strong>ne</strong></span> <span class='ocrx_word' id='word_1_479' title='bbox 1252 3591 1548 3661; x_wconf 88' lang='lat' dir='ltr'><strong>gentilibus</strong></span> <span class='ocrx_word' id='word_1_480' title='bbox 1576 3589 1643 3643; x_wconf 88' lang='lat' dir='ltr'><strong>ad</strong></span> <span class='ocrx_word' id='word_1_481' title='bbox 1664 3589 2033 3646; x_wconf 84' lang='lat' dir='ltr'><strong>Christianam</strong></span> 
     </span>
    </p>
   </div>
   <div class='ocr_carea' id='block_1_67' title="bbox 453 3681 2034 3755">
    <p class='ocr_par' dir='ltr' id='par_1_67' title="bbox 453 3681 2034 3755">
     <span class='ocr_line' id='line_1_67' title="bbox 453 3681 2034 3755; baseline 0.003 -21"><span class='ocrx_word' id='word_1_482' title='bbox 453 3681 771 3751; x_wconf 83' lang='lat' dir='ltr'><strong>religionem</strong></span> <span class='ocrx_word' id='word_1_483' title='bbox 808 3682 1076 3738; x_wconf 89' lang='lat' dir='ltr'><strong>traductis</strong></span> <span class='ocrx_word' id='word_1_484' title='bbox 1103 3700 1245 3738; x_wconf 90' lang='lat' dir='ltr'><strong>onus</strong></span> <span class='ocrx_word' id='word_1_485' title='bbox 1270 3686 1639 3755; x_wconf 91' lang='lat' dir='ltr'><strong>imponeretur</strong></span> <span class='ocrx_word' id='word_1_486' title='bbox 1665 3684 1834 3751; x_wconf 91' lang='lat' dir='ltr'><strong>aliud,</strong></span> <span class='ocrx_word' id='word_1_487' title='bbox 1869 3700 2034 3755; x_wconf 88' lang='lat' dir='ltr'><strong>quam</strong></span> 
     </span>
    </p>
   </div>
   <div class='ocr_carea' id='block_1_68' title="bbox 456 3773 2036 3848">
    <p class='ocr_par' dir='ltr' id='par_1_68' title="bbox 456 3773 2036 3848">
     <span class='ocr_line' id='line_1_68' title="bbox 456 3773 2036 3848; baseline 0.002 -22"><span class='ocrx_word' id='word_1_488' title='bbox 456 3773 573 3827; x_wconf 72' lang='lat' dir='ltr'><strong>lucc</strong></span> <span class='ocrx_word' id='word_1_489' title='bbox 608 3774 948 3829; x_wconf 88' lang='lat' dir='ltr'><strong>necessaria:</strong></span> <span class='ocrx_word' id='word_1_490' title='bbox 974 3784 1034 3829; x_wconf 91' lang='lat' dir='ltr'><strong>ut</strong></span> <span class='ocrx_word' id='word_1_491' title='bbox 1064 3792 1096 3831; x_wconf 90' lang='lat' dir='ltr'><strong>a</strong></span> <span class='ocrx_word' id='word_1_492' title='bbox 1125 3777 1412 3848; x_wconf 86' lang='lat' dir='ltr'><strong>sanguine,</strong></span> <span class='ocrx_word' id='word_1_493' title='bbox 1447 3786 1500 3832; x_wconf 90' lang='lat' dir='ltr'><strong>et</strong></span> <span class='ocrx_word' id='word_1_494' title='bbox 1529 3777 1814 3841; x_wconf 75' lang='lat' dir='ltr'><strong>suﬂ‘ocato,</strong></span> <span class='ocrx_word' id='word_1_495' title='bbox 1841 3788 1895 3832; x_wconf 88' lang='lat' dir='ltr'><strong>et</strong></span> <span class='ocrx_word' id='word_1_496' title='bbox 1925 3777 2036 3832; x_wconf 84' lang='lat' dir='ltr'><strong>for-</strong></span> 
     </span>
    </p>
   </div>
   <div class='ocr_carea' id='block_1_69' title="bbox 455 3862 2040 3923">
    <p class='ocr_par' dir='ltr' id='par_1_69' title="bbox 455 3862 2040 3923">
     <span class='ocr_line' id='line_1_69' title="bbox 455 3862 2040 3923; baseline 0.003 -7"><span class='ocrx_word' id='word_1_497' title='bbox 455 3862 735 3917; x_wconf 85' lang='lat' dir='ltr'><strong>nicatione</strong></span> <span class='ocrx_word' id='word_1_498' title='bbox 787 3870 842 3917; x_wconf 91' lang='lat' dir='ltr'><strong>et</strong></span> <span class='ocrx_word' id='word_1_499' title='bbox 898 3863 1058 3919; x_wconf 89' lang='lat' dir='ltr'><strong>idolis</strong></span> <span class='ocrx_word' id='word_1_500' title='bbox 1094 3866 1377 3921; x_wconf 88' lang='lat' dir='ltr'><strong>immolato</strong></span> <span class='ocrx_word' id='word_1_501' title='bbox 1415 3883 1537 3923; x_wconf 89' lang='lat' dir='ltr'><strong>sese</strong></span> <span class='ocrx_word' id='word_1_502' title='bbox 1589 3867 1937 3922; x_wconf 91' lang='lat' dir='ltr'><strong>continerent</strong></span> <span class='ocrx_word' id='word_1_503' title='bbox 1973 3868 2040 3920; x_wconf 74' lang='lat'><strong>&quot;3</strong></span> 
     </span>
    </p>
   </div>
   <div class='ocr_carea' id='block_1_70' title="bbox 456 3953 2039 4030">
    <p class='ocr_par' dir='ltr' id='par_1_70' title="bbox 456 3953 2039 4030">
     <span class='ocr_line' id='line_1_70' title="bbox 456 3953 2039 4030; baseline 0.004 -24"><span class='ocrx_word' id='word_1_504' title='bbox 456 3954 658 4009; x_wconf 81' lang='lat' dir='ltr'><strong>Annon</strong></span> <span class='ocrx_word' id='word_1_505' title='bbox 710 3953 894 4009; x_wconf 88' lang='lat' dir='ltr'><strong>divina</strong></span> <span class='ocrx_word' id='word_1_506' title='bbox 922 3970 1016 4011; x_wconf 90' lang='lat' dir='ltr'><strong>eos</strong></span> <span class='ocrx_word' id='word_1_507' title='bbox 1045 3957 1293 4013; x_wconf 87' lang='lat' dir='ltr'><strong>excidere</strong></span> <span class='ocrx_word' id='word_1_508' title='bbox 1324 3960 1497 4030; x_wconf 88' lang='lat' dir='ltr'><strong>gratia</strong></span> <span class='ocrx_word' id='word_1_509' title='bbox 1532 3974 1753 4015; x_wconf 86' lang='lat' dir='ltr'><strong>necesse</strong></span> <span class='ocrx_word' id='word_1_510' title='bbox 1777 3968 1881 4021; x_wconf 88' lang='lat' dir='ltr'><strong>est.</strong></span> <span class='ocrx_word' id='word_1_511' title='bbox 1914 3975 2039 4013; x_wconf 91' lang='lat' dir='ltr'><strong>cum</strong></span> 
     </span>
    </p>
   </div>
   <div class='ocr_carea' id='block_1_71' title="bbox 461 4046 2044 4121">
    <p class='ocr_par' dir='ltr' id='par_1_71' title="bbox 461 4046 2044 4121">
     <span class='ocr_line' id='line_1_71' title="bbox 461 4046 2044 4121; baseline 0.001 -19"><span class='ocrx_word' id='word_1_512' title='bbox 461 4050 537 4102; x_wconf 88' lang='lat' dir='ltr'><strong>ita</strong></span> <span class='ocrx_word' id='word_1_513' title='bbox 568 4056 792 4104; x_wconf 87' lang='lat' dir='ltr'><strong>sanctus</strong></span> <span class='ocrx_word' id='word_1_514' title='bbox 821 4046 1024 4103; x_wconf 89' lang='lat' dir='ltr'><strong>Paulus</strong></span> <span class='ocrx_word' id='word_1_515' title='bbox 1054 4051 1335 4119; x_wconf 86' lang='lat' dir='ltr'><strong>apostolus</strong></span> <span class='ocrx_word' id='word_1_516' title='bbox 1377 4051 1689 4121; x_wconf 87' lang='lat' dir='ltr'><strong>scripserit:</strong></span> <span class='ocrx_word' id='word_1_517' title='bbox 1730 4049 1789 4105; x_wconf 90' lang='lat' dir='ltr'><strong>Si</strong></span> <span class='ocrx_word' id='word_1_518' title='bbox 1818 4052 2044 4104; x_wconf 86' lang='lat' dir='ltr'><strong>circum-</strong></span> 
     </span>
    </p>
   </div>
   <div class='ocr_carea' id='block_1_72' title="bbox 462 4145 2045 4216">
    <p class='ocr_par' dir='ltr' id='par_1_72' title="bbox 462 4145 2045 4216">
     <span class='ocr_line' id='line_1_72' title="bbox 462 4145 2045 4216; baseline -0.004 -15"><span class='ocrx_word' id='word_1_519' title='bbox 462 4147 739 4209; x_wconf 80' lang='lat' dir='ltr'><strong>cidamini,</strong></span> <span class='ocrx_word' id='word_1_520' title='bbox 772 4147 1017 4202; x_wconf 76' lang='lat' dir='ltr'><strong>Christus</strong></span> <span class='ocrx_word' id='word_1_521' title='bbox 1039 4146 1173 4201; x_wconf 81' lang='lat' dir='ltr'><strong>nihil</strong></span> <span class='ocrx_word' id='word_1_522' title='bbox 1204 4147 1345 4201; x_wconf 77' lang='lat' dir='ltr'><strong>vobis</strong></span> <span class='ocrx_word' id='word_1_523' title='bbox 1372 4148 1637 4213; x_wconf 80' lang='lat' dir='ltr'><strong>proderit:</strong></span> <span class='ocrx_word' id='word_1_524' title='bbox 1662 4146 1955 4216; x_wconf 83' lang='lat' dir='ltr'><strong>quicunque</strong></span> <span class='ocrx_word' id='word_1_525' title='bbox 1990 4145 2045 4196; x_wconf 88' lang='lat' dir='ltr'><strong>in</strong></span> 
     </span>
    </p>
   </div>
   <div class='ocr_carea' id='block_1_73' title="bbox 466 4237 1552 4311">
    <p class='ocr_par' dir='ltr' id='par_1_73' title="bbox 466 4237 1552 4311">
     <span class='ocr_line' id='line_1_73' title="bbox 466 4237 1552 4311; baseline -0.006 -17"><span class='ocrx_word' id='word_1_526' title='bbox 466 4242 573 4311; x_wconf 74' lang='lat' dir='ltr'><strong>lege</strong></span> <span class='ocrx_word' id='word_1_527' title='bbox 595 4240 899 4310; x_wconf 86' lang='lat' dir='ltr'><strong>gloriamini</strong></span> <span class='ocrx_word' id='word_1_528' title='bbox 926 4257 959 4293; x_wconf 88' lang='lat' dir='ltr'><strong>a</strong></span> <span class='ocrx_word' id='word_1_529' title='bbox 996 4241 1172 4310; x_wconf 83' lang='lat' dir='ltr'><strong>gratia</strong></span> <span class='ocrx_word' id='word_1_530' title='bbox 1206 4237 1552 4292; x_wconf 65' lang='lat' dir='ltr'><strong>exeidistis‘?</strong></span> 
     </span>
    </p>
   </div>
   <div class='ocr_carea' id='block_1_74' title="bbox 537 4325 2049 4396">
    <p class='ocr_par' dir='ltr' id='par_1_74' title="bbox 537 4325 2049 4396">
     <span class='ocr_line' id='line_1_74' title="bbox 537 4325 2049 4396; baseline -0.003 -13"><span class='ocrx_word' id='word_1_531' title='bbox 537 4330 628 4385; x_wconf 80' lang='lat' dir='ltr'><strong>IX.</strong></span> <span class='ocrx_word' id='word_1_532' title='bbox 669 4331 1033 4396; x_wconf 77' lang='lat' dir='ltr'><strong>Quamobrem</strong></span> <span class='ocrx_word' id='word_1_533' title='bbox 1070 4336 1260 4384; x_wconf 90' lang='lat' dir='ltr'><strong>contra</strong></span> <span class='ocrx_word' id='word_1_534' title='bbox 1292 4329 1433 4382; x_wconf 88' lang='lat' dir='ltr'><strong>hanc</strong></span> <span class='ocrx_word' id='word_1_535' title='bbox 1475 4329 1639 4382; x_wconf 84' lang='lat' dir='ltr'><strong>etiam</strong></span> <span class='ocrx_word' id='word_1_536' title='bbox 1668 4326 1898 4381; x_wconf 77' lang='lat' dir='ltr'><strong>haeresin</strong></span> <span class='ocrx_word' id='word_1_537' title='bbox 1928 4325 2049 4379; x_wconf 75' lang='lat' dir='ltr'><strong>bre-</strong></span> 
     </span>
    </p>
   </div>
   <div class='ocr_carea' id='block_1_75' title="bbox 2129 3213 3713 3295">
    <p class='ocr_par' dir='ltr' id='par_1_75' title="bbox 2129 3213 3713 3295">
     <span class='ocr_line' id='line_1_75' title="bbox 2129 3213 3713 3295; baseline -0.008 -18"><span class='ocrx_word' id='word_1_538' title='bbox 2129 3240 2330 3295; x_wconf 81' lang='grc' dir='ltr'>ρισται.</span> <span class='ocrx_word' id='word_1_539' title='bbox 2381 3221 2506 3285; x_wconf 86' lang='grc' dir='ltr'>Πῶς</span> <span class='ocrx_word' id='word_1_540' title='bbox 2552 3216 2646 3275; x_wconf 78' lang='grc' dir='ltr'><strong>οὖν</strong></span> <span class='ocrx_word' id='word_1_541' title='bbox 2687 3223 2736 3273; x_wconf 83' lang='grc' dir='ltr'>οἱ</span> <span class='ocrx_word' id='word_1_542' title='bbox 2780 3218 3011 3273; x_wconf 83' lang='grc' dir='ltr'>τοιοῦτοι</span> <span class='ocrx_word' id='word_1_543' title='bbox 3045 3218 3370 3288; x_wconf 83' lang='grc' dir='ltr'>δυνήσονται</span> <span class='ocrx_word' id='word_1_544' title='bbox 3413 3213 3713 3280; x_wconf 86' lang='grc' dir='ltr'>ἀπολογίαν</span> 
     </span>
    </p>
   </div>
   <div class='ocr_carea' id='block_1_76' title="bbox 2131 3303 3714 3387">
    <p class='ocr_par' dir='ltr' id='par_1_76' title="bbox 2131 3303 3714 3387">
     <span class='ocr_line' id='line_1_76' title="bbox 2131 3303 3714 3387; baseline -0.008 -19"><span class='ocrx_word' id='word_1_545' title='bbox 2131 3317 2296 3386; x_wconf 78' lang='grc' dir='ltr'>ἔχειν,</span> <span class='ocrx_word' id='word_1_546' title='bbox 2333 3315 2407 3387; x_wconf 81' lang='grc' dir='ltr'>μὴ</span> <span class='ocrx_word' id='word_1_547' title='bbox 2453 3312 2530 3383; x_wconf 89' lang='grc' dir='ltr'>τῷ</span> <span class='ocrx_word' id='word_1_548' title='bbox 2559 3311 2838 3383; x_wconf 87' lang='grc' dir='ltr'>Πνεύματι</span> <span class='ocrx_word' id='word_1_549' title='bbox 2884 3310 2962 3380; x_wconf 83' lang='grc' dir='ltr'>τῷ</span> <span class='ocrx_word' id='word_1_550' title='bbox 2993 3310 3135 3379; x_wconf 82' lang='grc' dir='ltr'>ἁγίῳ</span> <span class='ocrx_word' id='word_1_551' title='bbox 3169 3305 3596 3367; x_wconf 84' lang='grc' dir='ltr'>ὑπακούσαντες,</span> <span class='ocrx_word' id='word_1_552' title='bbox 3635 3303 3714 3372; x_wconf 85' lang='grc' dir='ltr'>τῷ</span> 
     </span>
    </p>
   </div>
   <div class='ocr_carea' id='block_1_77' title="bbox 2132 3397 3718 3474">
    <p class='ocr_par' dir='ltr' id='par_1_77' title="bbox 2132 3397 3718 3474">
     <span class='ocr_line' id='line_1_77' title="bbox 2132 3397 3718 3474; baseline -0.011 -11"><span class='ocrx_word' id='word_1_553' title='bbox 2132 3410 2218 3463; x_wconf 79' lang='grc' dir='ltr'><strong>διὰ</strong></span> <span class='ocrx_word' id='word_1_554' title='bbox 2249 3408 2356 3461; x_wconf 82' lang='grc' dir='ltr'>τῶν</span> <span class='ocrx_word' id='word_1_555' title='bbox 2383 3405 2694 3460; x_wconf 86' lang='grc' dir='ltr'>ἀποστόλων</span> <span class='ocrx_word' id='word_1_556' title='bbox 2725 3402 2965 3474; x_wconf 84' lang='grc' dir='ltr'>εἰρηκότι</span> <span class='ocrx_word' id='word_1_557' title='bbox 2992 3404 3103 3464; x_wconf 88' lang='grc' dir='ltr'>τοῖς</span> <span class='ocrx_word' id='word_1_558' title='bbox 3132 3401 3189 3466; x_wconf 76' lang='grc' dir='ltr'><strong>ἐξ</strong></span> <span class='ocrx_word' id='word_1_559' title='bbox 3227 3397 3395 3453; x_wconf 80' lang='grc' dir='ltr'>ἐθνῶν</span> <span class='ocrx_word' id='word_1_560' title='bbox 3423 3412 3718 3449; x_wconf 80' lang='grc' dir='ltr'>πεπιστευ-</span> 
     </span>
    </p>
   </div>
   <div class='ocr_carea' id='block_1_78' title="bbox 2134 3491 3717 3571">
    <p class='ocr_par' dir='ltr' id='par_1_78' title="bbox 2134 3491 3717 3571">
     <span class='ocr_line' id='line_1_78' title="bbox 2134 3491 3717 3571; baseline -0.01 -15"><span class='ocrx_word' id='word_1_561' title='bbox 2134 3502 2285 3563; x_wconf 89' lang='grc' dir='ltr'>κόσι,</span> <span class='ocrx_word' id='word_1_562' title='bbox 2320 3501 2395 3571; x_wconf 83' lang='grc' dir='ltr'><strong>μὴ</strong></span> <span class='ocrx_word' id='word_1_563' title='bbox 2444 3499 2609 3570; x_wconf 87' lang='grc' dir='ltr'>βάρος</span> <span class='ocrx_word' id='word_1_564' title='bbox 2647 3496 3005 3554; x_wconf 78' lang='grc' dir='ltr'>ἐπιτίθεσθαι.</span> <span class='ocrx_word' id='word_1_565' title='bbox 3056 3494 3196 3564; x_wconf 84' lang='grc' dir='ltr'>πλὴν</span> <span class='ocrx_word' id='word_1_566' title='bbox 3244 3492 3350 3546; x_wconf 85' lang='grc' dir='ltr'><strong>τῶν</strong></span> <span class='ocrx_word' id='word_1_567' title='bbox 3386 3491 3717 3557; x_wconf 76' lang='grc' dir='ltr'>ἐπάναγκες,</span> 
     </span>
    </p>
   </div>
   <div class='ocr_carea' id='block_1_79' title="bbox 2136 3583 3722 3666">
    <p class='ocr_par' dir='ltr' id='par_1_79' title="bbox 2136 3583 3722 3666">
     <span class='ocr_line' id='line_1_79' title="bbox 2136 3583 3722 3666; baseline -0.009 -16"><span class='ocrx_word' id='word_1_568' title='bbox 2136 3595 2436 3666; x_wconf 80' lang='grc' dir='ltr'>ἀπέχεσθαι</span> <span class='ocrx_word' id='word_1_569' title='bbox 2486 3594 2718 3664; x_wconf 82' lang='grc' dir='ltr'>αἵματος</span> <span class='ocrx_word' id='word_1_570' title='bbox 2766 3593 2859 3645; x_wconf 77' lang='grc' dir='ltr'><strong>καὶ</strong></span> <span class='ocrx_word' id='word_1_571' title='bbox 2907 3588 3135 3643; x_wconf 81' lang='grc' dir='ltr'>πνικτοῦ</span> <span class='ocrx_word' id='word_1_572' title='bbox 3183 3588 3280 3641; x_wconf 74' lang='grc' dir='ltr'><strong>καὶ</strong></span> <span class='ocrx_word' id='word_1_573' title='bbox 3322 3585 3576 3658; x_wconf 81' lang='grc' dir='ltr'>πορνείας</span> <span class='ocrx_word' id='word_1_574' title='bbox 3627 3583 3722 3636; x_wconf 69' lang='grc' dir='ltr'><strong>καὶ</strong></span> 
     </span>
    </p>
   </div>
   <div class='ocr_carea' id='block_1_80' title="bbox 2138 3672 3724 3747">
    <p class='ocr_par' dir='ltr' id='par_1_80' title="bbox 2138 3672 3724 3747">
     <span class='ocr_line' id='line_1_80' title="bbox 2138 3672 3724 3747; baseline -0.009 -7"><span class='ocrx_word' id='word_1_575' title='bbox 2138 3685 2521 3747; x_wconf 84' lang='grc' dir='ltr'>είδωλοθύτου;</span> <span class='ocrx_word' id='word_1_576' title='bbox 2558 3684 2681 3747; x_wconf 84' lang='grc' dir='ltr'><strong>Πῶς</strong></span> <span class='ocrx_word' id='word_1_577' title='bbox 2712 3684 2767 3736; x_wconf 80' lang='grc' dir='ltr'>δὲ</span> <span class='ocrx_word' id='word_1_578' title='bbox 2807 3683 2907 3735; x_wconf 80' lang='grc' dir='ltr'><strong>οὐκ</strong></span> <span class='ocrx_word' id='word_1_579' title='bbox 2933 3679 3292 3735; x_wconf 77' lang='grc' dir='ltr'>ἐκπεσοῦνται</span> <span class='ocrx_word' id='word_1_580' title='bbox 3318 3677 3418 3746; x_wconf 83' lang='grc' dir='ltr'><strong>τῆς</strong></span> <span class='ocrx_word' id='word_1_581' title='bbox 3460 3675 3551 3729; x_wconf 90' lang='grc' dir='ltr'><strong>τοῦ</strong></span> <span class='ocrx_word' id='word_1_582' title='bbox 3587 3672 3724 3727; x_wconf 88' lang='grc' dir='ltr'>Θεοῦ</span> 
     </span>
    </p>
   </div>
   <div class='ocr_carea' id='block_1_81' title="bbox 2140 3768 3723 3853">
    <p class='ocr_par' dir='ltr' id='par_1_81' title="bbox 2140 3768 3723 3853">
     <span class='ocr_line' id='line_1_81' title="bbox 2140 3768 3723 3853; baseline -0.009 -19"><span class='ocrx_word' id='word_1_583' title='bbox 2140 3783 2382 3853; x_wconf 81' lang='grc' dir='ltr'>χάριτος,</span> <span class='ocrx_word' id='word_1_584' title='bbox 2426 3780 2675 3847; x_wconf 88' lang='grc' dir='ltr'>λέγοντος</span> <span class='ocrx_word' id='word_1_585' title='bbox 2706 3776 2921 3830; x_wconf 84' lang='grc' dir='ltr'>Παύλου</span> <span class='ocrx_word' id='word_1_586' title='bbox 2952 3774 3047 3827; x_wconf 87' lang='grc' dir='ltr'><strong>τοῦ</strong></span> <span class='ocrx_word' id='word_1_587' title='bbox 3091 3773 3248 3841; x_wconf 84' lang='grc' dir='ltr'>ἁγίου</span> <span class='ocrx_word' id='word_1_588' title='bbox 3293 3770 3613 3831; x_wconf 85' lang='grc' dir='ltr'>ἀποστόλου,</span> <span class='ocrx_word' id='word_1_589' title='bbox 3644 3768 3723 3820; x_wconf 83' lang='grc' dir='ltr'><strong>ὅτι</strong></span> 
     </span>
    </p>
   </div>
   <div class='ocr_carea' id='block_1_82' title="bbox 2141 3859 3726 3940">
    <p class='ocr_par' dir='ltr' id='par_1_82' title="bbox 2141 3859 3726 3940">
     <span class='ocr_line' id='line_1_82' title="bbox 2141 3859 3726 3940; baseline -0.01 -12"><span class='ocrx_word' id='word_1_590' title='bbox 2141 3875 2286 3928; x_wconf 78' lang='grc' dir='ltr'><strong>Ἐὰν</strong></span> <span class='ocrx_word' id='word_1_591' title='bbox 2318 3874 2770 3940; x_wconf 76' lang='grc' dir='ltr'>περιτέμνησθε,</span> <span class='ocrx_word' id='word_1_592' title='bbox 2805 3868 3062 3939; x_wconf 84' lang='grc' dir='ltr'>Χριστὸς</span> <span class='ocrx_word' id='word_1_593' title='bbox 3091 3865 3246 3935; x_wconf 82' lang='grc' dir='ltr'>ὑμᾶς</span> <span class='ocrx_word' id='word_1_594' title='bbox 3290 3862 3472 3917; x_wconf 76' lang='grc' dir='ltr'>οὐδὲν</span> <span class='ocrx_word' id='word_1_595' title='bbox 3494 3859 3726 3931; x_wconf 66' lang='grc' dir='ltr'><strong>ὠφελή-</strong></span> 
     </span>
    </p>
   </div>
   <div class='ocr_carea' id='block_1_83' title="bbox 2143 3949 3718 4031">
    <p class='ocr_par' dir='ltr' id='par_1_83' title="bbox 2143 3949 3718 4031">
     <span class='ocr_line' id='line_1_83' title="bbox 2143 3949 3718 4031; baseline -0.004 -12"><span class='ocrx_word' id='word_1_596' title='bbox 2143 3980 2257 4019; x_wconf 86' lang='grc' dir='ltr'>σει·</span> <span class='ocrx_word' id='word_1_597' title='bbox 2289 3965 2345 4017; x_wconf 88' lang='lat' dir='ltr'><strong>oZ</strong></span> <span class='ocrx_word' id='word_1_598' title='bbox 2372 3980 2529 4028; x_wconf 85' lang='grc' dir='ltr'>τινες</span> <span class='ocrx_word' id='word_1_599' title='bbox 2556 3963 2624 4015; x_wconf 75' lang='grc' dir='ltr'><strong>έυν</strong></span> <span class='ocrx_word' id='word_1_600' title='bbox 2649 3963 2808 4031; x_wconf 80' lang='grc' dir='ltr'>νόμῳ</span> <span class='ocrx_word' id='word_1_601' title='bbox 2836 3957 3164 4028; x_wconf 79' lang='grc' dir='ltr'>καυχᾶσθε,</span> <span class='ocrx_word' id='word_1_602' title='bbox 3205 3953 3315 4022; x_wconf 78' lang='grc' dir='ltr'>τῆς</span> <span class='ocrx_word' id='word_1_603' title='bbox 3345 3952 3582 4021; x_wconf 80' lang='grc' dir='ltr'>χάριτος</span> <span class='ocrx_word' id='word_1_604' title='bbox 3619 3949 3718 4013; x_wconf 74' lang='grc' dir='ltr'><strong>ὲξο</strong></span> 
     </span>
    </p>
   </div>
   <div class='ocr_carea' id='block_1_84' title="bbox 2143 4054 2434 4119">
    <p class='ocr_par' dir='ltr' id='par_1_84' title="bbox 2143 4054 2434 4119">
     <span class='ocr_line' id='line_1_84' title="bbox 2143 4054 2434 4119; baseline -0.007 -10"><span class='ocrx_word' id='word_1_605' title='bbox 2143 4054 2398 4109; x_wconf 83' lang='grc' dir='ltr'>επέσατε</span> <span class='ocrx_word' id='word_1_606' title='bbox 2415 4072 2434 4119; x_wconf 90' lang='grc'><strong><em>;</em></strong></span> 
     </span>
    </p>
   </div>
   <div class='ocr_carea' id='block_1_85' title="bbox 2220 4306 3735 4389">
    <p class='ocr_par' dir='ltr' id='par_1_85' title="bbox 2220 4306 3735 4389">
     <span class='ocr_line' id='line_1_85' title="bbox 2220 4306 3735 4389; baseline -0.01 -17"><span class='ocrx_word' id='word_1_607' title='bbox 2220 4320 2297 4372; x_wconf 79' lang='lat'><strong>8&#39;.</strong></span> <span class='ocrx_word' id='word_1_608' title='bbox 2332 4318 2584 4389; x_wconf 82' lang='grc' dir='ltr'>Ἀρκέσει</span> <span class='ocrx_word' id='word_1_609' title='bbox 2604 4333 2697 4369; x_wconf 89' lang='grc' dir='ltr'><strong>ουν</strong></span> <span class='ocrx_word' id='word_1_610' title='bbox 2723 4317 2817 4368; x_wconf 54' lang='grc' dir='ltr'><strong>καὶ¹</strong></span> <span class='ocrx_word' id='word_1_611' title='bbox 2842 4318 2900 4367; x_wconf 83' lang='grc' dir='ltr'>ὲν</span> <span class='ocrx_word' id='word_1_612' title='bbox 2934 4313 3106 4384; x_wconf 81' lang='grc' dir='ltr'>ταύτῃ</span> <span class='ocrx_word' id='word_1_613' title='bbox 3140 4315 3205 4382; x_wconf 80' lang='grc' dir='ltr'>τῇ</span> <span class='ocrx_word' id='word_1_614' title='bbox 3231 4309 3439 4381; x_wconf 68' lang='grc' dir='ltr'>αιρέσει</span> <span class='ocrx_word' id='word_1_615' title='bbox 3468 4310 3501 4377; x_wconf 82' lang='grc' dir='ltr'>ἡ</span> <span class='ocrx_word' id='word_1_616' title='bbox 3526 4306 3613 4359; x_wconf 83' lang='grc' dir='ltr'>διὰ</span> <span class='ocrx_word' id='word_1_617' title='bbox 3639 4306 3735 4376; x_wconf 84' lang='grc' dir='ltr'>τῆς</span> 
     </span>
    </p>
   </div>
   <div class='ocr_carea' id='block_1_86' title="bbox 468 4396 2026 4500">
    <p class='ocr_par' dir='ltr' id='par_1_86' title="bbox 468 4417 2026 4491">
     <span class='ocr_line' id='line_1_86' title="bbox 468 4417 2026 4491; baseline -0.003 -16"><span class='ocrx_word' id='word_1_618' title='bbox 468 4425 551 4478; x_wconf 90' lang='lat' dir='ltr'><strong>vis</strong></span> <span class='ocrx_word' id='word_1_619' title='bbox 583 4424 674 4476; x_wconf 90' lang='lat' dir='ltr'><strong>illa</strong></span> <span class='ocrx_word' id='word_1_620' title='bbox 703 4433 889 4477; x_wconf 88' lang='lat' dir='ltr'><strong>nostra</strong></span> <span class='ocrx_word' id='word_1_621' title='bbox 914 4422 1213 4491; x_wconf 87' lang='lat' dir='ltr'><strong>disputatio</strong></span> <span class='ocrx_word' id='word_1_622' title='bbox 1255 4419 1503 4476; x_wconf 83' lang='lat' dir='ltr'><strong>sulliciet.</strong></span> <span class='ocrx_word' id='word_1_623' title='bbox 1540 4417 1722 4473; x_wconf 77' lang='lat' dir='ltr'><strong>Facile</strong></span> <span class='ocrx_word' id='word_1_624' title='bbox 1770 4418 1913 4473; x_wconf 91' lang='lat' dir='ltr'><strong>enim</strong></span> <span class='ocrx_word' id='word_1_625' title='bbox 1958 4418 2026 4471; x_wconf 90' lang='lat' dir='ltr'><strong>ist</strong></span> 
     </span>
    </p>
   </div>
   <div class='ocr_carea' id='block_1_87' title="bbox 2128 4396 3733 4500">
    <p class='ocr_par' dir='ltr' id='par_1_87' title="bbox 2158 4396 3733 4480">
     <span class='ocr_line' id='line_1_87' title="bbox 2158 4396 3733 4480; baseline -0.011 -16"><span class='ocrx_word' id='word_1_626' title='bbox 2158 4410 2447 4480; x_wconf 84' lang='grc' dir='ltr'>συντομίας</span> <span class='ocrx_word' id='word_1_627' title='bbox 2477 4409 2607 4480; x_wconf 81' lang='grc' dir='ltr'>παρ’</span> <span class='ocrx_word' id='word_1_628' title='bbox 2646 4406 2802 4477; x_wconf 84' lang='grc' dir='ltr'>ἡμῶν</span> <span class='ocrx_word' id='word_1_629' title='bbox 2839 4406 3091 4472; x_wconf 79' lang='grc' dir='ltr'>διάλεξις.</span> <span class='ocrx_word' id='word_1_630' title='bbox 3130 4402 3524 4467; x_wconf 79' lang='grc' dir='ltr'>Εὐθυέλεγκτοι</span> <span class='ocrx_word' id='word_1_631' title='bbox 3552 4396 3661 4468; x_wconf 83' lang='grc' dir='ltr'>γὰρ</span> <span class='ocrx_word' id='word_1_632' title='bbox 3686 4399 3733 4447; x_wconf 80' lang='lat' dir='ltr'><strong>oi</strong></span> 
     </span>
    </p>
   </div>
   <div class='ocr_carea' id='block_1_88' title="bbox 469 4510 2049 4584">
    <p class='ocr_par' dir='ltr' id='par_1_88' title="bbox 469 4510 2049 4584">
     <span class='ocr_line' id='line_1_88' title="bbox 469 4510 2049 4584; baseline -0.004 -16"><span class='ocrx_word' id='word_1_633' title='bbox 469 4516 642 4569; x_wconf 90' lang='lat' dir='ltr'><strong>refelli</strong></span> <span class='ocrx_word' id='word_1_634' title='bbox 674 4515 1036 4584; x_wconf 82' lang='lat' dir='ltr'><strong>convincique</strong></span> <span class='ocrx_word' id='word_1_635' title='bbox 1068 4521 1316 4583; x_wconf 89' lang='lat' dir='ltr'><strong>possunt,</strong></span> <span class='ocrx_word' id='word_1_636' title='bbox 1360 4528 1423 4566; x_wconf 90' lang='lat' dir='ltr'><strong>ac</strong></span> <span class='ocrx_word' id='word_1_637' title='bbox 1444 4510 1613 4566; x_wconf 67' lang='lat' dir='ltr'><strong>Judaei</strong></span> <span class='ocrx_word' id='word_1_638' title='bbox 1648 4510 1849 4581; x_wconf 91' lang='lat' dir='ltr'><strong>potius,</strong></span> <span class='ocrx_word' id='word_1_639' title='bbox 1883 4523 2049 4579; x_wconf 90' lang='lat' dir='ltr'><strong>quam</strong></span> 
     </span>
    </p>
   </div>
   <div class='ocr_carea' id='block_1_89' title="bbox 471 4601 2051 4677">
    <p class='ocr_par' dir='ltr' id='par_1_89' title="bbox 471 4601 2051 4677">
     <span class='ocr_line' id='line_1_89' title="bbox 471 4601 2051 4677; baseline -0.004 -16"><span class='ocrx_word' id='word_1_640' title='bbox 471 4607 717 4676; x_wconf 87' lang='lat' dir='ltr'><strong>cuiusvis</strong></span> <span class='ocrx_word' id='word_1_641' title='bbox 747 4607 973 4662; x_wconf 87' lang='lat' dir='ltr'><strong>alterius</strong></span> <span class='ocrx_word' id='word_1_642' title='bbox 998 4609 1212 4677; x_wconf 89' lang='lat' dir='ltr'><strong>generis</strong></span> <span class='ocrx_word' id='word_1_643' title='bbox 1240 4614 1365 4659; x_wconf 90' lang='lat' dir='ltr'><strong>sunt</strong></span> <span class='ocrx_word' id='word_1_644' title='bbox 1390 4645 1404 4668; x_wconf 92' lang='lat'><strong>,</strong></span> <span class='ocrx_word' id='word_1_645' title='bbox 1444 4604 1662 4659; x_wconf 90' lang='lat' dir='ltr'><strong>tametsi</strong></span> <span class='ocrx_word' id='word_1_646' title='bbox 1691 4602 1894 4657; x_wconf 67' lang='lat' dir='ltr'><strong>Judaais</strong></span> <span class='ocrx_word' id='word_1_647' title='bbox 1941 4601 2051 4656; x_wconf 91' lang='lat' dir='ltr'><strong>sint</strong></span> 
     </span>
    </p>
   </div>
   <div class='ocr_carea' id='block_1_90' title="bbox 472 4690 2053 4766">
    <p class='ocr_par' dir='ltr' id='par_1_90' title="bbox 472 4690 2053 4766">
     <span class='ocr_line' id='line_1_90' title="bbox 472 4690 2053 4766; baseline -0.008 -13"><span class='ocrx_word' id='word_1_648' title='bbox 472 4697 858 4753; x_wconf 86' lang='lat' dir='ltr'><strong>inimicissimi.</strong></span> <span class='ocrx_word' id='word_1_649' title='bbox 894 4695 1079 4766; x_wconf 81' lang='lat' dir='ltr'><strong>Neque</strong></span> <span class='ocrx_word' id='word_1_650' title='bbox 1110 4696 1258 4749; x_wconf 89' lang='lat' dir='ltr'><strong>enim</strong></span> <span class='ocrx_word' id='word_1_651' title='bbox 1307 4692 1618 4748; x_wconf 85' lang='lat' dir='ltr'><strong>Judaeorum</strong></span> <span class='ocrx_word' id='word_1_652' title='bbox 1646 4691 1849 4761; x_wconf 90' lang='lat' dir='ltr'><strong>posteri</strong></span> <span class='ocrx_word' id='word_1_653' title='bbox 1875 4690 2053 4744; x_wconf 92' lang='lat' dir='ltr'><strong>solum</strong></span> 
     </span>
    </p>
   </div>
   <div class='ocr_carea' id='block_1_91' title="bbox 472 4786 2055 4861">
    <p class='ocr_par' dir='ltr' id='par_1_91' title="bbox 472 4786 2055 4861">
     <span class='ocr_line' id='line_1_91' title="bbox 472 4786 2055 4861; baseline -0.006 -16"><span class='ocrx_word' id='word_1_654' title='bbox 472 4790 691 4861; x_wconf 87' lang='lat' dir='ltr'><strong>capitali</strong></span> <span class='ocrx_word' id='word_1_655' title='bbox 725 4790 848 4845; x_wconf 79' lang='lat' dir='ltr'><strong>illos</strong></span> <span class='ocrx_word' id='word_1_656' title='bbox 897 4786 1023 4843; x_wconf 91' lang='lat' dir='ltr'><strong>odio</strong></span> <span class='ocrx_word' id='word_1_657' title='bbox 1055 4796 1496 4858; x_wconf 88' lang='lat' dir='ltr'><strong>prosequuntur;</strong></span> <span class='ocrx_word' id='word_1_658' title='bbox 1526 4786 1621 4841; x_wconf 91' lang='lat' dir='ltr'><strong>sed</strong></span> <span class='ocrx_word' id='word_1_659' title='bbox 1670 4794 1723 4839; x_wconf 92' lang='lat' dir='ltr'><strong>et</strong></span> <span class='ocrx_word' id='word_1_660' title='bbox 1751 4798 1911 4837; x_wconf 88' lang='lat' dir='ltr'><strong>mane</strong></span> <span class='ocrx_word' id='word_1_661' title='bbox 1934 4824 1948 4847; x_wconf 92' lang='lat'><strong>,</strong></span> <span class='ocrx_word' id='word_1_662' title='bbox 1990 4796 2055 4835; x_wconf 89' lang='lat' dir='ltr'><strong>ac</strong></span> 
     </span>
    </p>
   </div>
   <div class='ocr_carea' id='block_1_92' title="bbox 475 4872 2058 4950">
    <p class='ocr_par' dir='ltr' id='par_1_92' title="bbox 475 4872 2058 4950">
     <span class='ocr_line' id='line_1_92' title="bbox 475 4872 2058 4950; baseline -0.007 -14"><span class='ocrx_word' id='word_1_663' title='bbox 475 4882 720 4945; x_wconf 87' lang='lat' dir='ltr'><strong>meridie,</strong></span> <span class='ocrx_word' id='word_1_664' title='bbox 735 4891 789 4935; x_wconf 92' lang='lat' dir='ltr'><strong>et</strong></span> <span class='ocrx_word' id='word_1_665' title='bbox 811 4880 877 4933; x_wconf 89' lang='lat' dir='ltr'><strong>ad</strong></span> <span class='ocrx_word' id='word_1_666' title='bbox 898 4894 1203 4950; x_wconf 87' lang='lat' dir='ltr'><strong>vesperam,</strong></span> <span class='ocrx_word' id='word_1_667' title='bbox 1227 4886 1311 4932; x_wconf 87' lang='lat' dir='ltr'><strong>ter</strong></span> <span class='ocrx_word' id='word_1_668' title='bbox 1331 4879 1397 4932; x_wconf 91' lang='lat' dir='ltr'><strong>de</strong></span> <span class='ocrx_word' id='word_1_669' title='bbox 1423 4877 1532 4942; x_wconf 92' lang='lat' dir='ltr'><strong>die,</strong></span> <span class='ocrx_word' id='word_1_670' title='bbox 1551 4891 1675 4930; x_wconf 92' lang='lat' dir='ltr'><strong>cum</strong></span> <span class='ocrx_word' id='word_1_671' title='bbox 1696 4876 1750 4928; x_wconf 92' lang='lat' dir='ltr'><strong>in</strong></span> <span class='ocrx_word' id='word_1_672' title='bbox 1768 4872 2058 4944; x_wconf 85' lang='lat' dir='ltr'><strong>synagogis</strong></span> 
     </span>
    </p>
   </div>
   <div class='ocr_carea' id='block_1_93' title="bbox 477 4966 2057 5031">
    <p class='ocr_par' dir='ltr' id='par_1_93' title="bbox 477 4966 2057 5031">
     <span class='ocr_line' id='line_1_93' title="bbox 477 4966 2057 5031; baseline -0.009 -1"><span class='ocrx_word' id='word_1_673' title='bbox 477 4976 594 5031; x_wconf 88' lang='lat' dir='ltr'><strong>suis</strong></span> <span class='ocrx_word' id='word_1_674' title='bbox 644 4974 712 5029; x_wconf 87' lang='lat' dir='ltr'><strong>ad</strong></span> <span class='ocrx_word' id='word_1_675' title='bbox 757 4974 1024 5028; x_wconf 88' lang='lat' dir='ltr'><strong>orandum</strong></span> <span class='ocrx_word' id='word_1_676' title='bbox 1071 4971 1405 5028; x_wconf 90' lang='lat' dir='ltr'><strong>conveniunt</strong></span> <span class='ocrx_word' id='word_1_677' title='bbox 1454 4970 1589 5025; x_wconf 90' lang='lat' dir='ltr'><strong>diris</strong></span> <span class='ocrx_word' id='word_1_678' title='bbox 1622 4969 1744 5023; x_wconf 92' lang='lat' dir='ltr'><strong>illos</strong></span> <span class='ocrx_word' id='word_1_679' title='bbox 1770 4966 2057 5027; x_wconf 88' lang='lat' dir='ltr'><strong>devovent,</strong></span> 
     </span>
    </p>
   </div>
   <div class='ocr_carea' id='block_1_94' title="bbox 478 5057 2057 5136">
    <p class='ocr_par' dir='ltr' id='par_1_94' title="bbox 478 5057 2057 5136">
     <span class='ocr_line' id='line_1_94' title="bbox 478 5057 2057 5136; baseline -0.008 -14"><span class='ocrx_word' id='word_1_680' title='bbox 478 5085 543 5122; x_wconf 91' lang='lat' dir='ltr'><strong>ac</strong></span> <span class='ocrx_word' id='word_1_681' title='bbox 568 5068 798 5123; x_wconf 89' lang='lat' dir='ltr'><strong>solemni</strong></span> <span class='ocrx_word' id='word_1_682' title='bbox 823 5067 1215 5136; x_wconf 88' lang='lat' dir='ltr'><strong>imprecatione</strong></span> <span class='ocrx_word' id='word_1_683' title='bbox 1244 5063 1617 5134; x_wconf 89' lang='lat' dir='ltr'><strong>proscribunt.</strong></span> <span class='ocrx_word' id='word_1_684' title='bbox 1645 5061 1723 5113; x_wconf 87' lang='lat' dir='ltr'><strong>Ac</strong></span> <span class='ocrx_word' id='word_1_685' title='bbox 1746 5057 2057 5117; x_wconf 72' lang='lat' dir='ltr'><strong>Nazaraeos,</strong></span> 
     </span>
    </p>
   </div>
   <div class='ocr_carea' id='block_1_95' title="bbox 480 5147 2063 5228">
    <p class='ocr_par' dir='ltr' id='par_1_95' title="bbox 480 5147 2063 5228">
     <span class='ocr_line' id='line_1_95' title="bbox 480 5147 2063 5228; baseline -0.008 -15"><span class='ocrx_word' id='word_1_686' title='bbox 480 5161 761 5228; x_wconf 87' lang='lat' dir='ltr'><strong>inquiunt,</strong></span> <span class='ocrx_word' id='word_1_687' title='bbox 796 5157 939 5212; x_wconf 88' lang='lat' dir='ltr'><strong>Deus</strong></span> <span class='ocrx_word' id='word_1_688' title='bbox 969 5165 1303 5213; x_wconf 84' lang='lat' dir='ltr'><strong>exsecretur.</strong></span> <span class='ocrx_word' id='word_1_689' title='bbox 1345 5155 1401 5208; x_wconf 86' lang='lat' dir='ltr'><strong>In</strong></span> <span class='ocrx_word' id='word_1_690' title='bbox 1442 5155 1544 5207; x_wconf 89' lang='lat' dir='ltr'><strong>hos</strong></span> <span class='ocrx_word' id='word_1_691' title='bbox 1598 5151 1741 5206; x_wconf 89' lang='lat' dir='ltr'><strong>enim</strong></span> <span class='ocrx_word' id='word_1_692' title='bbox 1773 5147 2063 5202; x_wconf 85' lang='lat' dir='ltr'><strong>oli‘ensiore</strong></span> 
     </span>
    </p>
   </div>
   <div class='ocr_carea' id='block_1_96' title="bbox 480 5239 2060 5317">
    <p class='ocr_par' dir='ltr' id='par_1_96' title="bbox 480 5239 2060 5317">
     <span class='ocr_line' id='line_1_96' title="bbox 480 5239 2060 5317; baseline -0.007 -15"><span class='ocrx_word' id='word_1_693' title='bbox 480 5261 535 5303; x_wconf 89' lang='lat' dir='ltr'><strong>et</strong></span> <span class='ocrx_word' id='word_1_694' title='bbox 580 5249 859 5305; x_wconf 84' lang='lat' dir='ltr'><strong>acerbiore</strong></span> <span class='ocrx_word' id='word_1_695' title='bbox 891 5250 1074 5303; x_wconf 90' lang='lat' dir='ltr'><strong>animo</strong></span> <span class='ocrx_word' id='word_1_696' title='bbox 1106 5258 1280 5315; x_wconf 88' lang='lat' dir='ltr'><strong>sunt,</strong></span> <span class='ocrx_word' id='word_1_697' title='bbox 1316 5248 1461 5317; x_wconf 86' lang='lat' dir='ltr'><strong>quod</strong></span> <span class='ocrx_word' id='word_1_698' title='bbox 1507 5261 1633 5299; x_wconf 91' lang='lat' dir='ltr'><strong>cum</strong></span> <span class='ocrx_word' id='word_1_699' title='bbox 1679 5259 1710 5298; x_wconf 90' lang='lat' dir='ltr'>e</span> <span class='ocrx_word' id='word_1_700' title='bbox 1751 5239 2060 5295; x_wconf 67' lang='lat' dir='ltr'><strong>Judzeorum</strong></span> 
     </span>
    </p>
   </div>
   <div class='ocr_carea' id='block_1_97' title="bbox 2155 4488 3736 4566">
    <p class='ocr_par' dir='ltr' id='par_1_97' title="bbox 2155 4488 3736 4566">
     <span class='ocr_line' id='line_1_97' title="bbox 2155 4488 3736 4566; baseline -0.012 -11"><span class='ocrx_word' id='word_1_701' title='bbox 2155 4501 2408 4566; x_wconf 88' lang='grc' dir='ltr'>τοιοῦτοι,</span> <span class='ocrx_word' id='word_1_702' title='bbox 2458 4500 2553 4553; x_wconf 81' lang='grc' dir='ltr'>καὶ</span> <span class='ocrx_word' id='word_1_703' title='bbox 2591 4499 2870 4564; x_wconf 81' lang='grc' dir='ltr'>εὐάλωτοι,</span> <span class='ocrx_word' id='word_1_704' title='bbox 2928 4497 3019 4549; x_wconf 71' lang='grc' dir='ltr'><strong>καὶ</strong></span> <span class='ocrx_word' id='word_1_705' title='bbox 3078 4493 3322 4547; x_wconf 88' lang='grc' dir='ltr'>Ἰουδαῖοι</span> <span class='ocrx_word' id='word_1_706' title='bbox 3371 4489 3602 4562; x_wconf 81' lang='grc' dir='ltr'>μᾶλλον,</span> <span class='ocrx_word' id='word_1_707' title='bbox 3648 4488 3736 4540; x_wconf 64' lang='grc' dir='ltr'>καὶ</span> 
     </span>
    </p>
   </div>
   <div class='ocr_carea' id='block_1_98' title="bbox 2157 4580 3739 4664">
    <p class='ocr_par' dir='ltr' id='par_1_98' title="bbox 2157 4580 3739 4664">
     <span class='ocr_line' id='line_1_98' title="bbox 2157 4580 3739 4664; baseline -0.011 -16"><span class='ocrx_word' id='word_1_708' title='bbox 2157 4595 2309 4647; x_wconf 81' lang='grc' dir='ltr'>οὐδὲν</span> <span class='ocrx_word' id='word_1_709' title='bbox 2349 4594 2556 4664; x_wconf 70' lang='grc' dir='ltr'>ἕτερον.</span> <span class='ocrx_word' id='word_1_710' title='bbox 2599 4592 2748 4645; x_wconf 89' lang='grc' dir='ltr'>Πάνυ</span> <span class='ocrx_word' id='word_1_711' title='bbox 2790 4592 2848 4645; x_wconf 80' lang='grc' dir='ltr'>δὲ</span> <span class='ocrx_word' id='word_1_712' title='bbox 2893 4583 3039 4642; x_wconf 78' lang='grc' dir='ltr'>οῦτοι</span> <span class='ocrx_word' id='word_1_713' title='bbox 3083 4585 3267 4657; x_wconf 74' lang='grc' dir='ltr'>ἐχθροὶ</span> <span class='ocrx_word' id='word_1_714' title='bbox 3318 4586 3428 4646; x_wconf 83' lang='grc' dir='ltr'>τοῖς</span> <span class='ocrx_word' id='word_1_715' title='bbox 3462 4580 3739 4642; x_wconf 77' lang='grc' dir='ltr'>Ἰουδαίοις</span> 
     </span>
    </p>
   </div>
   <div class='ocr_carea' id='block_1_99' title="bbox 2160 4670 3741 4756">
    <p class='ocr_par' dir='ltr' id='par_1_99' title="bbox 2160 4670 3741 4756">
     <span class='ocr_line' id='line_1_99' title="bbox 2160 4670 3741 4756; baseline -0.011 -18"><span class='ocrx_word' id='word_1_716' title='bbox 2160 4685 2515 4756; x_wconf 84' lang='grc' dir='ltr'>ὑπάρχουσιν.</span> <span class='ocrx_word' id='word_1_717' title='bbox 2550 4682 2626 4735; x_wconf 81' lang='grc' dir='ltr'><strong>Οὐ</strong></span> <span class='ocrx_word' id='word_1_718' title='bbox 2670 4682 2829 4752; x_wconf 89' lang='grc' dir='ltr'>μόνον</span> <span class='ocrx_word' id='word_1_719' title='bbox 2863 4680 2971 4751; x_wconf 84' lang='grc' dir='ltr'>γὰρ</span> <span class='ocrx_word' id='word_1_720' title='bbox 3014 4681 3061 4731; x_wconf 77' lang='grc' dir='ltr'>οἱ</span> <span class='ocrx_word' id='word_1_721' title='bbox 3104 4677 3212 4729; x_wconf 84' lang='grc' dir='ltr'><strong>τῶν</strong></span> <span class='ocrx_word' id='word_1_722' title='bbox 3240 4673 3508 4727; x_wconf 87' lang='grc' dir='ltr'>Ἰουδαίων</span> <span class='ocrx_word' id='word_1_723' title='bbox 3556 4670 3741 4730; x_wconf 83' lang='grc' dir='ltr'>παῖδες</span> 
     </span>
    </p>
   </div>
   <div class='ocr_carea' id='block_1_100' title="bbox 2164 4762 3743 4847">
    <p class='ocr_par' dir='ltr' id='par_1_100' title="bbox 2164 4762 3743 4847">
     <span class='ocr_line' id='line_1_100' title="bbox 2164 4762 3743 4847; baseline -0.011 -18"><span class='ocrx_word' id='word_1_724' title='bbox 2164 4777 2300 4847; x_wconf 84' lang='grc' dir='ltr'>πρὸς</span> <span class='ocrx_word' id='word_1_725' title='bbox 2340 4775 2558 4837; x_wconf 82' lang='grc' dir='ltr'>τούτους</span> <span class='ocrx_word' id='word_1_726' title='bbox 2607 4774 2903 4841; x_wconf 84' lang='grc' dir='ltr'>κέκτηνται</span> <span class='ocrx_word' id='word_1_727' title='bbox 2952 4772 3146 4841; x_wconf 86' lang='grc' dir='ltr'>μῖσος,</span> <span class='ocrx_word' id='word_1_728' title='bbox 3201 4765 3336 4821; x_wconf 84' lang='grc' dir='ltr'>ἀλλὰ</span> <span class='ocrx_word' id='word_1_729' title='bbox 3395 4762 3743 4832; x_wconf 83' lang='grc' dir='ltr'>ἀνιστάμενοι</span> 
     </span>
    </p>
   </div>
   <div class='ocr_carea' id='block_1_101' title="bbox 2168 4855 3745 4939">
    <p class='ocr_par' dir='ltr' id='par_1_101' title="bbox 2168 4855 3745 4939">
     <span class='ocr_line' id='line_1_101' title="bbox 2168 4855 3745 4939; baseline -0.011 -16"><span class='ocrx_word' id='word_1_730' title='bbox 2168 4868 2578 4939; x_wconf 77' lang='grc' dir='ltr'>ἔσωθεν³(10),</span> <span class='ocrx_word' id='word_1_731' title='bbox 2644 4866 2734 4919; x_wconf 76' lang='grc' dir='ltr'><strong>καὶ</strong></span> <span class='ocrx_word' id='word_1_732' title='bbox 2777 4865 2948 4935; x_wconf 84' lang='grc' dir='ltr'>μέσης</span> <span class='ocrx_word' id='word_1_733' title='bbox 3011 4863 3253 4934; x_wconf 78' lang='grc' dir='ltr'>ἡμέρας,</span> <span class='ocrx_word' id='word_1_734' title='bbox 3304 4860 3397 4913; x_wconf 77' lang='grc' dir='ltr'>καὶ</span> <span class='ocrx_word' id='word_1_735' title='bbox 3456 4856 3584 4927; x_wconf 73' lang='grc' dir='ltr'>περὶ</span> <span class='ocrx_word' id='word_1_736' title='bbox 3647 4855 3745 4923; x_wconf 80' lang='grc' dir='ltr'>τὴν</span> 
     </span>
    </p>
   </div>
   <div class='ocr_carea' id='block_1_102' title="bbox 2168 4949 3746 5033">
    <p class='ocr_par' dir='ltr' id='par_1_102' title="bbox 2168 4949 3746 5033">
     <span class='ocr_line' id='line_1_102' title="bbox 2168 4949 3746 5033; baseline -0.01 -18"><span class='ocrx_word' id='word_1_737' title='bbox 2168 4963 2427 5033; x_wconf 78' lang='grc' dir='ltr'>ἑσπέραν,</span> <span class='ocrx_word' id='word_1_738' title='bbox 2467 4962 2587 5031; x_wconf 73' lang='grc' dir='ltr'>τρὶς</span> <span class='ocrx_word' id='word_1_739' title='bbox 2616 4958 2712 5029; x_wconf 83' lang='grc' dir='ltr'>τῆς</span> <span class='ocrx_word' id='word_1_740' title='bbox 2742 4957 2974 5028; x_wconf 77' lang='grc' dir='ltr'>ἡμέρας,</span> <span class='ocrx_word' id='word_1_741' title='bbox 3010 4956 3097 5008; x_wconf 84' lang='grc' dir='ltr'><strong>ὅτε</strong></span> <span class='ocrx_word' id='word_1_742' title='bbox 3130 4952 3294 5023; x_wconf 79' lang='grc' dir='ltr'>εὐχὰς</span> <span class='ocrx_word' id='word_1_743' title='bbox 3320 4949 3658 5005; x_wconf 75' lang='grc' dir='ltr'>ἐπιτελοῦσιν</span> <span class='ocrx_word' id='word_1_744' title='bbox 3689 4949 3746 4999; x_wconf 83' lang='grc' dir='ltr'><strong>ἐν</strong></span> 
     </span>
    </p>
   </div>
   <div class='ocr_carea' id='block_1_103' title="bbox 2167 5043 3746 5120">
    <p class='ocr_par' dir='ltr' id='par_1_103' title="bbox 2167 5043 3746 5120">
     <span class='ocr_line' id='line_1_103' title="bbox 2167 5043 3746 5120; baseline -0.011 -11"><span class='ocrx_word' id='word_1_745' title='bbox 2167 5059 2289 5119; x_wconf 88' lang='grc' dir='ltr'>ταῖς</span> <span class='ocrx_word' id='word_1_746' title='bbox 2322 5054 2501 5109; x_wconf 79' lang='grc' dir='ltr'>αὐτῶν</span> <span class='ocrx_word' id='word_1_747' title='bbox 2532 5053 2896 5120; x_wconf 82' lang='grc' dir='ltr'>συναγωγαῖς,</span> <span class='ocrx_word' id='word_1_748' title='bbox 2924 5049 3235 5120; x_wconf 85' lang='grc' dir='ltr'>ὲπαρῶνται</span> <span class='ocrx_word' id='word_1_749' title='bbox 3264 5047 3466 5107; x_wconf 76' lang='grc' dir='ltr'>αὐτοῖς,</span> <span class='ocrx_word' id='word_1_750' title='bbox 3499 5044 3594 5096; x_wconf 70' lang='grc' dir='ltr'>καὶ</span> <span class='ocrx_word' id='word_1_751' title='bbox 3620 5043 3746 5093; x_wconf 85' lang='grc' dir='ltr'>ἁνα-</span> 
     </span>
    </p>
   </div>
   <div class='ocr_carea' id='block_1_104' title="bbox 2169 5132 3747 5217">
    <p class='ocr_par' dir='ltr' id='par_1_104' title="bbox 2169 5132 3747 5217">
     <span class='ocr_line' id='line_1_104' title="bbox 2169 5132 3747 5217; baseline -0.009 -19"><span class='ocrx_word' id='word_1_752' title='bbox 2169 5146 2518 5217; x_wconf 78' lang='grc' dir='ltr'>θεματίζουσι</span> <span class='ocrx_word' id='word_1_753' title='bbox 2571 5143 2901 5212; x_wconf 83' lang='grc' dir='ltr'>φάσκοντες,</span> <span class='ocrx_word' id='word_1_754' title='bbox 2935 5142 3015 5193; x_wconf 83' lang='grc' dir='ltr'>ὅτι</span> <span class='ocrx_word' id='word_1_755' title='bbox 3060 5136 3494 5207; x_wconf 85' lang='grc' dir='ltr'>Ἐπικαταράσαι</span> <span class='ocrx_word' id='word_1_756' title='bbox 3544 5135 3571 5185; x_wconf 86' lang='grc' dir='ltr'>ὁ</span> <span class='ocrx_word' id='word_1_757' title='bbox 3618 5132 3747 5194; x_wconf 68' lang='grc' dir='ltr'>Θεὸς</span> 
     </span>
    </p>
   </div>
   <div class='ocr_carea' id='block_1_105' title="bbox 2168 5226 3746 5305">
    <p class='ocr_par' dir='ltr' id='par_1_105' title="bbox 2168 5226 3746 5305">
     <span class='ocr_line' id='line_1_105' title="bbox 2168 5226 3746 5305; baseline -0.01 -13"><span class='ocrx_word' id='word_1_758' title='bbox 2168 5240 2295 5303; x_wconf 77' lang='grc' dir='ltr'>τοὺς</span> <span class='ocrx_word' id='word_1_759' title='bbox 2342 5237 2719 5305; x_wconf 79' lang='grc' dir='ltr'>Ναζωραίους.</span> <span class='ocrx_word' id='word_1_760' title='bbox 2779 5235 2890 5287; x_wconf 78' lang='grc' dir='ltr'>Καὶ</span> <span class='ocrx_word' id='word_1_761' title='bbox 2934 5232 3042 5302; x_wconf 79' lang='grc' dir='ltr'>γὰρ</span> <span class='ocrx_word' id='word_1_762' title='bbox 3099 5232 3309 5294; x_wconf 81' lang='grc' dir='ltr'>τούτοις</span> <span class='ocrx_word' id='word_1_763' title='bbox 3366 5226 3746 5302; x_wconf 74' lang='grc' dir='ltr'>περισσότερον</span> 
     </span>
    </p>
   </div>
   <div class='ocr_carea' id='block_1_106' title="bbox 555 5389 2026 5477">
    <p class='ocr_par' dir='ltr' id='par_1_106' title="bbox 555 5404 2026 5477">
     <span class='ocr_line' id='line_1_106' title="bbox 555 5404 2026 5477; baseline -0.006 -13"><span class='ocrx_word' id='word_1_764' title='bbox 555 5417 570 5443; x_wconf 83' lang='grc'>¹</span> <span class='ocrx_word' id='word_1_765' title='bbox 610 5411 780 5465; x_wconf 79' lang='lat' dir='ltr'><strong>Exod.</strong></span> <span class='ocrx_word' id='word_1_766' title='bbox 822 5428 979 5477; x_wconf 67' lang='grc' dir='ltr'>χχιιι,</span> <span class='ocrx_word' id='word_1_767' title='bbox 1008 5412 1095 5465; x_wconf 77' lang='lat' dir='ltr'><strong>i7.</strong></span> <span class='ocrx_word' id='word_1_768' title='bbox 1175 5414 1195 5442; x_wconf 82' lang='grc'>²</span> <span class='ocrx_word' id='word_1_769' title='bbox 1238 5409 1393 5463; x_wconf 88' lang='lat' dir='ltr'><strong>Deut.</strong></span> <span class='ocrx_word' id='word_1_770' title='bbox 1424 5424 1588 5472; x_wconf 75' lang='lat' dir='ltr'><strong>xxvii,</strong></span> <span class='ocrx_word' id='word_1_771' title='bbox 1620 5406 1709 5460; x_wconf 68' lang='lat'><strong>26.</strong></span> <span class='ocrx_word' id='word_1_772' title='bbox 1790 5404 1809 5435; x_wconf 88' lang='grc'>³</span> <span class='ocrx_word' id='word_1_773' title='bbox 1845 5404 1964 5457; x_wconf 87' lang='lat' dir='ltr'><strong>Act.</strong></span> <span class='ocrx_word' id='word_1_774' title='bbox 2001 5419 2026 5455; x_wconf 81' lang='lat' dir='ltr'><strong>x</strong></span> 
     </span>
    </p>
   </div>
   <div class='ocr_carea' id='block_1_107' title="bbox 2128 5389 3323 5477">
    <p class='ocr_par' dir='ltr' id='par_1_107' title="bbox 2128 5389 3323 5464">
     <span class='ocr_line' id='line_1_107' title="bbox 2128 5389 3323 5464; baseline -0.011 -10"><span class='ocrx_word' id='word_1_775' title='bbox 2128 5400 2208 5464; x_wconf 73' lang='lat'><strong>28.</strong></span> <span class='ocrx_word' id='word_1_776' title='bbox 2238 5400 2328 5456; x_wconf 72' lang='grc'><strong>29.</strong></span> <span class='ocrx_word' id='word_1_777' title='bbox 2406 5402 2428 5430; x_wconf 70' lang='grc'>⁸</span> <span class='ocrx_word' id='word_1_778' title='bbox 2466 5400 2643 5455; x_wconf 80' lang='lat' dir='ltr'><strong>Galat.</strong></span> <span class='ocrx_word' id='word_1_779' title='bbox 2676 5416 2729 5462; x_wconf 93' lang='lat' dir='ltr'><strong>v,</strong></span> <span class='ocrx_word' id='word_1_780' title='bbox 2763 5397 2820 5462; x_wconf 73' lang='grc'>2,</span> <span class='ocrx_word' id='word_1_781' title='bbox 2862 5397 2914 5449; x_wconf 65' lang='lat'><strong>4.</strong></span> <span class='ocrx_word' id='word_1_782' title='bbox 2993 5394 3013 5424; x_wconf 83' lang='lat'><strong>&quot;</strong></span> <span class='ocrx_word' id='word_1_783' title='bbox 3040 5392 3098 5447; x_wconf 82' lang='lat' dir='ltr'><strong>F.</strong></span> <span class='ocrx_word' id='word_1_784' title='bbox 3132 5389 3323 5444; x_wconf 74' lang='grc' dir='ltr'>ἕωθεν.</span> 
     </span>
    </p>
   </div>
   <div class='ocr_carea' id='block_1_108' title="bbox 559 5562 2065 5637">
    <p class='ocr_par' dir='ltr' id='par_1_108' title="bbox 559 5562 2065 5637">
     <span class='ocr_line' id='line_1_108' title="bbox 559 5562 2065 5637; baseline -0.008 -11"><span class='ocrx_word' id='word_1_785' title='bbox 559 5570 668 5637; x_wconf 82' lang='grc'><strong>(10)</strong></span> <span class='ocrx_word' id='word_1_786' title='bbox 723 5572 909 5623; x_wconf 69' lang='grc' dir='ltr'><strong>Ἀλλὰ</strong></span> <span class='ocrx_word' id='word_1_787' title='bbox 972 5567 1361 5635; x_wconf 73' lang='grc' dir='ltr'>ἀνιστάμενοι</span> <span class='ocrx_word' id='word_1_788' title='bbox 1420 5567 1665 5619; x_wconf 71' lang='grc' dir='ltr'>ἔσωθεν.</span> <span class='ocrx_word' id='word_1_789' title='bbox 1709 5563 1835 5637; x_wconf 68' lang='lat' dir='ltr'><strong>Non</strong></span> <span class='ocrx_word' id='word_1_790' title='bbox 1870 5562 2065 5637; x_wconf 76' lang='lat' dir='ltr'><strong>dubito</strong></span> 
     </span>
    </p>
   </div>
   <div class='ocr_carea' id='block_1_109' title="bbox 490 5634 2069 5710">
    <p class='ocr_par' dir='ltr' id='par_1_109' title="bbox 490 5634 2069 5710">
     <span class='ocr_line' id='line_1_109' title="bbox 490 5634 2069 5710; baseline -0.004 -18"><span class='ocrx_word' id='word_1_791' title='bbox 490 5641 619 5710; x_wconf 85' lang='lat' dir='ltr'><strong>quin</strong></span> <span class='ocrx_word' id='word_1_792' title='bbox 653 5634 1016 5694; x_wconf 80' lang='lat' dir='ltr'><strong>scribendum</strong></span> <span class='ocrx_word' id='word_1_793' title='bbox 1068 5640 1140 5694; x_wconf 82' lang='lat' dir='ltr'><strong>sit</strong></span> <span class='ocrx_word' id='word_1_794' title='bbox 1178 5634 1366 5710; x_wconf 58' lang='grc' dir='ltr'>ἕωθεν.</span> <span class='ocrx_word' id='word_1_795' title='bbox 1402 5638 1559 5710; x_wconf 81' lang='lat' dir='ltr'><strong>Quod</strong></span> <span class='ocrx_word' id='word_1_796' title='bbox 1599 5646 1779 5710; x_wconf 81' lang='lat' dir='ltr'><strong>autem</strong></span> <span class='ocrx_word' id='word_1_797' title='bbox 1808 5634 2069 5710; x_wconf 64' lang='lat' dir='ltr'><strong>Iudaicus</strong></span> 
     </span>
    </p>
   </div>
   <div class='ocr_carea' id='block_1_110' title="bbox 490 5703 2069 5777">
    <p class='ocr_par' dir='ltr' id='par_1_110' title="bbox 490 5703 2069 5777">
     <span class='ocr_line' id='line_1_110' title="bbox 490 5703 2069 5777; baseline -0.007 -12"><span class='ocrx_word' id='word_1_798' title='bbox 490 5703 613 5765; x_wconf 77' lang='lat' dir='ltr'><strong>iilas</strong></span> <span class='ocrx_word' id='word_1_799' title='bbox 661 5711 1077 5777; x_wconf 82' lang='lat' dir='ltr'><strong>imprecationes</strong></span> <span class='ocrx_word' id='word_1_800' title='bbox 1109 5711 1160 5763; x_wconf 88' lang='lat' dir='ltr'><strong>in</strong></span> <span class='ocrx_word' id='word_1_801' title='bbox 1190 5708 1476 5761; x_wconf 69' lang='lat' dir='ltr'><strong>Nazaraaos</strong></span> <span class='ocrx_word' id='word_1_802' title='bbox 1509 5708 1794 5777; x_wconf 71' lang='lat' dir='ltr'><strong>haereticos</strong></span> <span class='ocrx_word' id='word_1_803' title='bbox 1827 5703 2069 5777; x_wconf 79' lang='lat' dir='ltr'><strong>conferri</strong></span> 
     </span>
    </p>
   </div>
   <div class='ocr_carea' id='block_1_111' title="bbox 493 5775 2071 5851">
    <p class='ocr_par' dir='ltr' id='par_1_111' title="bbox 493 5775 2071 5851">
     <span class='ocr_line' id='line_1_111' title="bbox 493 5775 2071 5851; baseline -0.006 -15"><span class='ocrx_word' id='word_1_804' title='bbox 493 5778 685 5841; x_wconf 79' lang='lat' dir='ltr'><strong>scribit</strong></span> <span class='ocrx_word' id='word_1_805' title='bbox 741 5775 1103 5850; x_wconf 82' lang='lat' dir='ltr'><strong>Epiphanius,</strong></span> <span class='ocrx_word' id='word_1_806' title='bbox 1176 5778 1540 5851; x_wconf 78' lang='lat' dir='ltr'><strong>Hieronymus</strong></span> <span class='ocrx_word' id='word_1_807' title='bbox 1605 5778 1671 5831; x_wconf 87' lang='lat' dir='ltr'><strong>ad</strong></span> <span class='ocrx_word' id='word_1_808' title='bbox 1726 5775 2071 5835; x_wconf 84' lang='lat' dir='ltr'><strong>Christianos</strong></span> 
     </span>
    </p>
   </div>
   <div class='ocr_carea' id='block_1_112' title="bbox 2173 5543 3752 5615">
    <p class='ocr_par' dir='ltr' id='par_1_112' title="bbox 2173 5543 3752 5615">
     <span class='ocr_line' id='line_1_112' title="bbox 2173 5543 3752 5615; baseline -0.011 -2"><span class='ocrx_word' id='word_1_809' title='bbox 2173 5561 2458 5615; x_wconf 84' lang='lat' dir='ltr'><strong>transfert.</strong></span> <span class='ocrx_word' id='word_1_810' title='bbox 2496 5558 2571 5611; x_wconf 84' lang='lat' dir='ltr'><strong>Ita</strong></span> <span class='ocrx_word' id='word_1_811' title='bbox 2623 5560 2766 5613; x_wconf 89' lang='lat' dir='ltr'><strong>enim</strong></span> <span class='ocrx_word' id='word_1_812' title='bbox 2828 5556 2917 5608; x_wconf 89' lang='lat' dir='ltr'><strong>ille</strong></span> <span class='ocrx_word' id='word_1_813' title='bbox 2959 5557 3031 5605; x_wconf 83' lang='lat' dir='ltr'><strong>ad</strong></span> <span class='ocrx_word' id='word_1_814' title='bbox 3088 5552 3198 5606; x_wconf 78' lang='grc' dir='ltr'>Ιεα.</span> <span class='ocrx_word' id='word_1_815' title='bbox 3232 5566 3305 5603; x_wconf 84' lang='lat' dir='ltr'><strong>LII</strong></span> <span class='ocrx_word' id='word_1_816' title='bbox 3341 5568 3353 5603; x_wconf 89' lang='lat'>:</span> <span class='ocrx_word' id='word_1_817' title='bbox 3396 5548 3461 5600; x_wconf 82' lang='lat' dir='ltr'><strong>Et</strong></span> <span class='ocrx_word' id='word_1_818' title='bbox 3510 5543 3752 5615; x_wconf 39' lang='lat' dir='ltr'><strong>subnim-</strong></span> 
     </span>
    </p>
   </div>
   <div class='ocr_carea' id='block_1_113' title="bbox 2178 5611 3752 5698">
    <p class='ocr_par' dir='ltr' id='par_1_113' title="bbox 2178 5611 3752 5698">
     <span class='ocr_line' id='line_1_113' title="bbox 2178 5611 3752 5698; baseline -0.01 -14"><span class='ocrx_word' id='word_1_819' title='bbox 2178 5611 2335 5694; x_wconf 49' lang='lat'><strong>55.52;},</strong></span> <span class='ocrx_word' id='word_1_820' title='bbox 2361 5611 2581 5698; x_wconf 36' lang='lat' dir='ltr'><strong>vut&#39;swpe</strong></span> <span class='ocrx_word' id='word_1_821' title='bbox 2608 5611 2741 5689; x_wconf 71' lang='lat' dir='ltr'><strong>dixi,</strong></span> <span class='ocrx_word' id='word_1_822' title='bbox 2778 5625 3185 5698; x_wconf 64' lang='lat' dir='ltr'><strong>Nazarenorum</strong></span> <span class='ocrx_word' id='word_1_823' title='bbox 3216 5632 3291 5675; x_wconf 83' lang='lat' dir='ltr'><strong>ter</strong></span> <span class='ocrx_word' id='word_1_824' title='bbox 3320 5621 3372 5674; x_wconf 79' lang='lat' dir='ltr'><strong>in</strong></span> <span class='ocrx_word' id='word_1_825' title='bbox 3402 5618 3487 5673; x_wconf 86' lang='lat' dir='ltr'><strong>die</strong></span> <span class='ocrx_word' id='word_1_826' title='bbox 3515 5618 3568 5671; x_wconf 82' lang='lat' dir='ltr'><strong>in</strong></span> <span class='ocrx_word' id='word_1_827' title='bbox 3600 5611 3752 5669; x_wconf 77' lang='lat' dir='ltr'><strong>Chri-</strong></span> 
     </span>
    </p>
   </div>
   <div class='ocr_carea' id='block_1_114' title="bbox 2178 5697 3021 5771">
    <p class='ocr_par' dir='ltr' id='par_1_114' title="bbox 2178 5697 3021 5771">
     <span class='ocr_line' id='line_1_114' title="bbox 2178 5697 3021 5771; baseline -0.005 -16"><span class='ocrx_word' id='word_1_828' title='bbox 2178 5705 2378 5756; x_wconf 74' lang='lat' dir='ltr'><strong>stianos</strong></span> <span class='ocrx_word' id='word_1_829' title='bbox 2408 5697 2692 5771; x_wconf 81' lang='lat' dir='ltr'><strong>congerunt</strong></span> <span class='ocrx_word' id='word_1_830' title='bbox 2719 5697 3021 5751; x_wconf 78' lang='lat' dir='ltr'><strong>maledicta.</strong></span> 
     </span>
    </p>
   </div>
  </div>
