4170 6372
471 366 580 419 4θό

1102 366 1470 423 ADVERSUS
1508 365 1849 422 HERESES
1887 364 2014 419 LIB.
2057 366 2073 420 1

2174 366 2281 422 ΟΜ.
2321 363 2384 421 ll.
2426 396 2496 404 —
2536 365 2810 421 HASRES.
2844 363 3013 421 XXX.

3613 362 3720 421 406

474 477 737 547 ὲνέχουσι,
764 477 851 531 διὰ
877 478 937 531 τὸ
965 479 1073 532 ἀπὸ
1101 480 1371 534 Ἰουδαίων
1410 482 1604 544 αὐτοὺς
1629 480 1808 542 ὄντας,
1839 478 2045 549 Ἰησοῦν

2174 496 2377 535 numero
2413 480 2561 544 sint,
2622 480 2975 534 nihilominus
3032 476 3214 533 Iesum
3272 494 3395 543 esse
3446 476 3723 533 Christum

475 566 771 637 κηρύσσειν
816 564 955 620 εἶναι
989 570 1242 638 Χριστὸν,
1289 571 1421 639 ὅπερ
1464 570 1609 622 ἐστὶν
1640 568 1881 621 ἐναντίον
1915 566 2049 637 πρὸς

475 657 600 722 τοὺς
648 657 725 710 ἔτι
779 658 1085 723 Ἰουδαίους,
1130 662 1256 724 τοὺς
1306 660 1540 731 Χριστὸν
1586 660 1660 730 μὴ
1704 657 2047 729 δεξαμένους.

480 755 702 825 Ἔχουσι
737 756 793 809 δὲ
830 757 890 809 τὸ
921 758 1062 811 κατὰ
1103 759 1380 811 Ματθαῖον
1412 758 1520 829 (Η)
1550 758 1883 826 Εὑαγγέλιον
1912 755 2051 825 πλη-

476 845 736 917 ρέστατον
771 847 1069 917 Ἐϐραϊστί.
1115 850 1251 919 Παρ¹
1299 850 1483 910 αὐτοῖς
1513 848 1622 919 γὰρ
1661 846 1846 916 σαφῶς
1873 846 2050 912 τοῦτο,

476 935 659 1000 καθὼς
693 934 753 1002 ἐξ
781 938 956 1008 ἀρχῆς
996 939 1209 1009 ἐγράφη
1250 938 1561 1011 Ἑϐραϊκοῖς
1590 938 1909 1009 γράμμασιν
1930 977 1943 1000 ,
1974 936 2053 989 ἔτι

479 1023 733 1088 σώζεται.
783 1027 897 1079 Οὐκ
931 1022 1045 1080 οἶδα
1090 1027 1166 1090 δὲ,
1216 1029 1264 1080 εἰ
1309 1029 1404 1081 καὶ
1447 1027 1546 1092 τὰς
1582 1027 1930 1096 γενεαλογίας
1956 1024 2053 1089 τὰς

476 1118 587 1171 ἀπὸ
615 1119 709 1171 τοῦ
742 1118 993 1190 Ἀϐραὰμ
1032 1122 1159 1192 ἄχρι
1194 1121 1427 1192 Χριστοῦ
1458 1120 1747 1191 περιεῖλον.
1776 1117 1940 1171 Ἀλλὰ
1962 1117 2056 1170 καὶ

472 1210 681 1281 ταύτην
705 1213 1075 1281 φωράσαντες,
1102 1214 1179 1275 ὡς
1210 1213 1441 1284 βληχρὸν
1465 1213 1558 1265 καὶ
1586 1211 1777 1282 ὀδύνης
1827 1212 2058 1280 ἐμποιη-

478 1302 627 1355 τικδν
651 1303 739 1354 διὰ
766 1302 859 1355 τοῦ
893 1303 972 1357 ίοῦ
1006 1304 1259 1374 σφηκίον,
1283 1304 1719 1365 καταθλάσαντές
1740 1319 1797 1355 τε
1824 1304 1934 1365 τοῖς
1959 1302 2058 1371 τῆς

478 1394 735 1463 ἀληθείας
780 1395 976 1463 λόγοις,
1006 1396 1097 1448 ἐπὶ
1133 1396 1229 1458 τὰς
1262 1394 1387 1464 ἑξῆς
1431 1395 1618 1464 ῐωμεν,
1647 1388 1690 1446 ὦ
1714 1391 2053 1462 ἐπιπόθητοι,

481 1485 633 1555 παρὰ
654 1485 789 1539 θεοῦ
812 1486 1090 1549 αἰτοῦντες
1112 1486 1209 1559 τὴν
1234 1486 1508 1557 βοήθειαν.

969 1770 1160 1824 ΚΑΤΑ
1198 1769 1578 1835 ΕΒΙΩΝΑΙΩΝ,

848 1882 1096 1950 Δεκάτῃ,
1134 1885 1172 1944 ἡ
1206 1883 1306 1936 καὶ
1347 1885 1691 1952 τριακοστή.

556 1996 636 2046 A'.
684 1991 895 2055 Ἐϐίων,
928 1994 1020 2063 ἀφ’
1055 1989 1223 2065 οὗπερ
1268 1994 1588 2059 Ἑϐιωναίοι,
1644 1994 1881 2065 καθεξῆς
1933 1998 2062 2050 ἀκο-

478 2082 707 2150 λουθῶν,
736 2086 831 2138 καὶ
854 2086 921 2139 τὰ
953 2087 1115 2156 ὃμοια
1151 2087 1356 2151 τούτοις
1397 2088 1690 2158 φρονήσας,
1718 2088 2063 2160 πολύμορφον

480 2177 785 2248 τεράστιον,
822 2177 943 2241 καὶ,
971 2178 1047 2240 ὡς
1076 2179 1271 2243 εἰπεῖν,
1301 2180 1397 2250 τῆς
1423 2179 1791 2250 μυθευομένης
1831 2181 2064 2234 πολυκε-

483 2270 654 2338 φάλου
691 2269 897 2339 ’Ύδρας
928 2269 1133 2339 ὀφιώδη
1173 2270 1383 2340 μορφὴν
1422 2273 1478 2323 ὲν
1508 2270 1685 2341 ἐαυτῷ
1708 2272 2067 2325 ἀνατυπωσά-

485 2378 668 2431 μενος,
709 2361 871 2414 πάλιν
928 2362 1198 2430 ἐπανέστη
1224 2360 1301 2431 τῷ
1348 2362 1464 2433 βίῳ,
1510 2363 1576 2415 ἐκ
1602 2362 1699 2432 τῆς
1726 2363 1929 2416 τούτων
1968 2364 2066 2433 μὲν

487 2453 683 2522 σχολῆς
714 2454 996 2523 ὑπάρχων,
1048 2452 1213 2523 ἔτερα
1240 2452 1297 2505 δὲ
1336 2454 1487 2524 παρὰ
1530 2454 1751 2518 τούτους
1784 2455 2067 2525 κηρύττων

484 2545 581 2598 καὶ
632 2544 1030 2614 ὑφηγούμενος.
1079 2545 1166 2606 Ὠς
1194 2545 1301 2615 γάρ
1340 2544 1393 2596 εἴ
1430 2562 1513 2609 τις
1566 2545 1843 2610 συνάξειεν
1884 2546 2066 2616 ἑαυτῴ

485 2636 552 2686 ὲκ
602 2634 875 2704 διαφόρων
928 2634 1090 2687 λίθων
1144 2635 1339 2705 τιμίων
1392 2636 1619 2706 κόσμον,
1672 2638 1768 2690 καὶ
1816 2638 2068 2708 ποικίλης

484 2727 713 2797 ἐσθῆτος
770 2727 1007 2796 ἔνδυμα,
1059 2729 1152 2780 καὶ
1194 2728 1467 2797 διαφανῶς
1523 2729 1714 2781 ἑαυτὸν
1766 2730 2067 2800 κοσμήσεν

483 2820 626 2872 οὕτω
660 2822 751 2873 καὶ
776 2813 949 2885 οὗτος,
1008 2821 1065 2873 τὸ
1105 2821 1370 2875 ἀνάπαλιν
1401 2822 1507 2874 πᾶν
1548 2820 1728 2875 ὁτιοῦν
1770 2821 1939 2874 δεινὸν
1975 2823 2071 2875 καὶ

485 2911 764 2981 ὀλετήριον
810 2913 906 2964 καὶ
962 2910 1248 2980 βδελυκτὸν
1288 2913 1569 2983 κήρυγμα,
1612 2911 1856 2982 ἄμορφόν
1888 2928 1946 2964 τε
1980 2911 2072 2964 καὶ

493 3002 779 3066 ἀπίθανον,
817 3002 1045 3072 ἀζηλίας
1098 3001 1348 3072 ἔμπλεων
1385 3003 1515 3074 παρ’
1547 3003 1779 3072 ἑκάστης
1808 3002 2072 3073 αἱρέσεως

489 3094 685 3158 λαϐὼν,
710 3096 900 3147 ἑαυτὸν
942 3095 1289 3148 ἁνετύπωσεν
1324 3097 1404 3158 είς
1443 3095 1682 3158 ἁπάσας.
1717 3096 2072 3166 Σαμαρειτῶν

2150 573 2478 642 praedicent,
2512 571 2657 641 quod
2686 572 2752 627 iis
2796 572 2886 640 qui
2915 570 3221 624 Judaaorum
3260 570 3436 624 adhuc
3465 585 3724 625 czcremo-

2152 664 2271 718 rias
2295 664 2503 727 colunt,
2550 663 2801 733 inprimis
2833 670 2914 717 est
2938 663 3297 725 contrarium,
3330 663 3421 732 qui
3447 660 3725 716 Christum

2150 755 2405 810 videlicet
2433 755 2739 825 repudiant.
2763 753 2859 807 Est
2881 768 3008 809 vero
3031 769 3198 823 penes
3228 754 3350 809 illos
3374 753 3725 824 Evangelium

2154 846 2454 899 secundum
2488 844 2795 899 Maltbaeum
2825 886 2840 910 ,
2890 844 3452 914 Hebraice.scriptum
3480 888 3494 912 ,
3525 856 3578 900 et
3607 845 3729 914 qui-

2154 937 2275 992 dem
2320 935 2809 992 absolutissimum.
2857 936 2972 991 Hoc
3017 937 3163 991 enim
3218 937 3520 991 certissime
3568 943 3730 1007 prout

2156 1026 2435 1083 Hebraicis
2472 1027 2672 1081 litteris
2708 1027 2861 1082 initio
2889 1028 3152 1097 scriptum
3176 1036 3281 1092 est,
3314 1027 3369 1081 in
3409 1028 3731 1083 hodiernum

2156 1127 2370 1188 tempus
2397 1133 2572 1189 usque
2590 1128 2938 1174 conservant.
2962 1117 3164 1174 Verum
3191 1118 3323 1174 illud
3348 1119 3561 1183 nescio,
3599 1134 3730 1172 num

2158 1210 2500 1280 genealogias
2532 1210 2653 1264 illas
2681 1210 3047 1279 amputarint,
3079 1225 3198 1279 qual
3229 1210 3296 1264 ab
3313 1210 3620 1264 Abrahamo
3664 1208 3733 1261 ad

2156 1302 2434 1357 Christum
2450 1318 2621 1372 usque
2651 1301 2922 1373 perducta:
2945 1308 3091 1356 sunt.
3118 1300 3400 1356 Postremo
3429 1316 3551 1355 cum
3586 1300 3733 1353 illam

2159 1393 2390 1448 haeresin
2440 1395 2520 1449 sic
2552 1403 2808 1464 tanquam
2847 1392 3169 1447 imbecillem
3209 1395 3496 1462 quemdam
3549 1402 3603 1446 et
3641 1407 3737 1445 ve-

2159 1493 2417 1538 nenatum
2449 1486 2772 1539 crabronem
2806 1484 3359 1554 deprehenderimus,
3397 1500 3460 1538 ac
3491 1483 3735 1539 veritatis

2160 1576 2404 1629 oratione
2428 1576 2832 1639 obtriverimus,
2863 1589 2961 1628 nos
2986 1575 3053 1629 ad
3082 1575 3216 1629 alias
3242 1574 3521 1645 deinceps,
3551 1590 3584 1628 o
3609 1574 3736 1628 cha-

2160 1668 2384 1732 rissimi,
2433 1667 2618 1722 divino
2651 1666 2772 1722 freti
2805 1668 3059 1738 prmsidio
3090 1668 3455 1723 conferamus.

2357 1778 2511 1849 125
2573 1778 3019 1837 ADVERSUS
3084 1778 3546 1843 EBIONIEOS,

2515 1893 2647 1957 Quae
2670 1903 2745 1946 est
2770 1892 2983 1948 Itwresis
3003 1892 3074 1959 X,
3098 1895 3172 1949 rel
3202 1893 3386 1948 XXX.

2234 2006 2275 2059 1.
2315 2004 2603 2061 Νειιιιτεοε
2632 2005 2824 2072 Ebion,
2856 2022 2887 2060 a
2907 2020 3017 2077 quo
3037 2006 3301 2061 Ebionitae
3321 2005 3474 2069 dicti,
3494 2004 3739 2074 proxime

2164 2100 2544 2169 consequitur,
2581 2100 2883 2169 eademque
2928 2115 3054 2154 cum
3089 2100 3198 2155 illis
3225 2100 3483 2170 dogmata
3517 2099 3740 2167 profite-

2165 2200 2255 2245 tur
2284 2210 2297 2245 :
2329 2190 2477 2259 quod
2509 2190 2842 2245 horrendum
2875 2200 3183 2245 monstrum
3215 2206 3279 2245 ac
3315 2189 3616 2259 multiplex,
3654 2197 3729 2253 et,

2166 2293 2226 2336 ut
2251 2283 2325 2335 ita
2357 2281 2556 2341 dicam,
2588 2280 2849 2337 fabulosae
2880 2282 3049 2345 illius,
3079 2296 3143 2335 ac
3168 2282 3464 2335 multorum
3498 2280 3739 2349 capitum

2167 2370 2356 2442 hydrae
2403 2369 2770 2438 serpentinam
2820 2370 2875 2423 in
2924 2384 3044 2425 sese
3117 2368 3345 2439 figuram
3408 2366 3741 2435 exprimens.

2168 2476 2366 2517 rursus
2397 2461 2467 2514 ad
2502 2460 2727 2516 exitium
2754 2460 2980 2514 humani
3021 2460 3238 2530 generis
3282 2458 3484 2527 erupit.
3514 2456 3591 2510 Ac
3619 2456 3746 2511 licet

2169 2568 2234 2607 ex
2288 2552 2505 2606 illorum
2555 2551 2847 2622 disciplina
2893 2553 3195 2623 prodierit,
3248 2550 3509 2605 nonnulla
3565 2556 3747 2602 tamen

2169 2651 2368 2715 praeter
2418 2659 2583 2713 quam
2628 2646 2697 2699 ab
2750 2645 2858 2699 illis
2900 2644 3226 2710 doceantur,
3302 2640 3540 2696 asseruit
3586 2648 3748 2711 atque

2170 2737 2480 2806 proposuit.
2518 2735 2589 2808 Ut
2616 2736 2764 2791 enim
2796 2735 2839 2791 si
2880 2735 3004 2804 quis
3035 2734 3206 2788 variis
3238 2748 3302 2789 ex
3336 2732 3537 2801 lapillis
3579 2744 3748 2785 orna-

2172 2836 2286 2881 tum
2318 2828 2424 2883 sibi
2470 2829 2707 2899 aliquem
2739 2828 3017 2891 conficiat,
3053 2832 3147 2880 aut
3174 2825 3508 2895 variegatam
3542 2823 3746 2877 colori—

2171 2919 2274 2974 bus
2323 2928 2531 2974 vestem
2582 2920 2810 2982 induat,
2870 2928 3032 2988 atque
3083 2917 3411 2987 exquisitam
3456 2913 3750 2984 quamdam

2171 3010 2491 3078 elegantiam
2521 3009 2805 3077 adhibeat;
2838 3011 2917 3067 sic
2968 3010 3057 3063 ille
3099 3016 3309 3074 contra,
3342 2993 3608 3061 omnibus.
3647 3019 3752 3057 un-

2174 3101 2339 3171 dique
2370 3102 2700 3171 perniciosis
2732 3117 2795 3156 ac
2844 3101 3118 3171 pestiferis
3147 3098 3491 3170 dogmatibus
3520 3095 3754 3151 arcessi-

490 3187 591 3258 μὲν
637 3186 745 3256 γὰρ
797 3186 911 3257 ἔχει
970 3187 1029 3239 τὸ
1070 3186 1345 3258 βδελυρὸν,
1386 3187 1653 3239 Ἰουδαίων
1698 3186 1755 3238 δὲ
1782 3187 1842 3238 τὸ
1884 3186 2072 3257 ὄνομα,

2176 3193 2270 3258 ιίε,
2306 3193 2570 3263 quidquid
2614 3208 2960 3263 unaquaque
3008 3191 3236 3246 haeresis
3279 3188 3613 3243 horrendum
3663 3188 3750 3241 in-

503 3277 767 3329 Ὀσσαίων
825 3276 882 3329 δὲ
928 3276 1023 3328 καὶ
1076 3275 1414 3345 Ναζωραίων
1460 3276 1555 3329 καὶ
1605 3276 1933 3347 Νασαραίων
1980 3275 2077 3346 τὴν

496 3368 737 3437 γνώμην,
772 3367 1148 3438 Κηρινθιανῶν
1176 3368 1235 3420 τὸ
1261 3363 1418 3433 εἶδος,
1448 3368 1957 3440 Καρποκρατιανῶν
1978 3369 2078 3439 τὴν

493 3458 879 3528 ιακοτροπίαν,
905 3458 997 3510 καὶ
1010 3458 1349 3528 Χριστιανῶν
1375 3458 1618 3527 βούλεται
1642 3458 1785 3529 ἔχειν
1804 3460 1901 3530 τὴν
1920 3476 2081 3531 προσ-

498 3550 743 3620 ηγορίαν.
800 3550 873 3603 Οὐ
908 3549 1016 3620 γὰρ
1065 3549 1332 3619 δήπουθεν
1378 3551 1476 3619 τήν
1513 3567 1573 3602 τε
1607 3551 1808 3621 πρᾶξιν
1853 3552 1946 3604 καὶ
1983 3551 2079 3621 τὴν

497 3642 724 3712 γνώμην
774 3642 867 3693 κα)⁵
898 3642 995 3711 τὴν
1047 3641 1270 3709 γνῶσιν,
1305 3642 1398 3694 καὶ
1442 3643 1540 3713 τὴν
1579 3642 1686 3697 τῶν
1734 3643 2081 3711 Εύαγγελίων

500 3734 596 3788 καὶ
656 3733 968 3785 ἀποστόλων
1017 3734 1145 3803 περὶ
1180 3734 1417 3797 πίστεως
1450 3734 1866 3801 συγκατάθεσιν.
1900 3735 2083 3799 Μέσος

495 3825 577 3886 δὲ,
606 3825 680 3887 ὡς
724 3826 916 3888 εἰπεῖν,
944 3826 1201 3878 ἁπάντων
1262 3825 1563 3895 τυγχάνων,
1617 3826 1768 3879 οὐδὲν
1814 3826 2078 3896 πέφυκεν,

496 3915 637 3969 ἀλλὰ
686 3917 774 3968 ἐπ’
822 3915 971 3986 αὐτῷ
1022 3916 1323 3986 πληροῦται
1373 3918 1433 3970 τὸ
1466 3918 1884 3990 γεγραμμένον·
1940 3920 2080 3986 Hap‘

500 4007 711 4074 ὀλίγον
741 4006 1037 4075 ἐγενόμην
1061 4008 1131 4059 ἐν
1177 4007 1356 4059 παντὶ
1389 4004 1572 4071 κακῷ,
1602 4007 1799 4077 μέσον
1837 4009 2083 4076 Ἐκκλη-

500 4098 643 4162 σίας
691 4097 788 4151 καὶ
833 4095 1216 4167 συναγωγῆς.
1265 4098 1610 4169 Σαμαρείτης
1648 4098 1746 4167 μὲν
1784 4094 1876 4152 οὖν
1902 4100 1976 4153 ὢν
1997 4100 2083 4153 διὰ

501 4189 599 4258 τῆς
624 4188 928 4259 βδελυρίας,
978 4188 1215 4259 τοῦνομα
1267 4190 1510 4259 ἀρνεῖται
1533 4206 1547 4220 ο
1598 4190 1846 4243 Ἰουδαῖον
1870 4191 1928 4244 δὲ
1956 4193 2083 4244 ἐαυ-

502 4279 593 4331 τὸν
619 4279 919 4349 όμολογῶν,
950 4279 1223 4341 Ἰουδαίοις
1249 4280 1755 4343 ἁντίκειται,καίτοι
1782 4282 2085 4351 συμφωνῶν

503 4372 686 4433 αὐτοῖς
732 4373 790 4424 ὲν
848 4372 1024 4441 μέρει,
1080 4371 1155 4434 ὡς
1190 4370 1421 4439 ὕστερον
1467 4372 1525 4422 ὲν
1578 4373 1697 4435 ταῖς
1735 4372 1862 4441 περὶ
1896 4373 2083 4425 τούτου

2177 3284 2391 3354 primis,
2429 3292 2483 3338 et
2513 3284 2793 3338 exitiabile
2827 3298 2890 3337 ac
2918 3281 3299 3337 detestandum
3324 3281 3545 3343 asserit,
3573 3285 3755 3347 turpe,

2180 3376 2426 3445 inquam,
2474 3383 2529 3429 et
2574 3376 2838 3430 absonum
2897 3373 3362 3441 absurditatisque
3417 3370 3636 3440 plenum
3698 3376 3757 3423 et

2180 3465 2433 3520 odiosum
2464 3479 2495 3519 e
2541 3465 2774 3534 singulis
2808 3464 3004 3535 dogma
3035 3464 3398 3525 concinnans,
3427 3460 3673 3514 omnium
3699 3458 3756 3512 in

2182 3569 2243 3610 se
2269 3554 2477 3608 formas
2505 3554 2830 3624 speciesque
2863 3553 3165 3608 transtulit.
3202 3550 3338 3605 Nam
3381 3551 3758 3605 Samaritano-

2181 3658 2305 3697 rum
2347 3644 2618 3713 impuram
2650 3644 3099 3712 superstitionem
3140 3638 3435 3697 allectavit.
3476 3641 3519 3694 A
3554 3640 3758 3695 Judaeis

2182 3750 2346 3807 porro
2374 3750 2573 3789 nomen
2602 3735 2845 3805 accepit;
2881 3735 2948 3789 ab
2986 3733 3206 3796 Ossaeis,
3266 3732 3539 3787 Nazzmeis
3568 3741 3622 3785 et
3648 3732 3758 3784 Na-

2184 3829 2370 3885 saraais
2420 3827 2695 3898 dogmata.
2749 3827 3231 3882 Cerinthianorum
3267 3825 3461 3880 deinde
3504 3824 3756 3884 formam,

2183 3919 2740 3990 Carpoeratianorum
2768 3919 3091 3988 nequitiam,
3132 3918 3566 3973 Christianorum
3606 3915 3761 3968 deni-

2184 4029 2290 4084 que
2312 4013 2727 4083 appellationem
2758 4026 3025 4080 usurpare
3051 4010 3346 4065 contendit.
3383 4007 3567 4075 Neque
3613 4006 3761 4060 enim

2185 4107 2254 4160 ab
2299 4105 2386 4160 his
2417 4105 2712 4174 postremis
2742 4119 2866 4158 cum
2908 4102 3148 4162 nomine,
3194 4101 3337 4155 facta
3381 4099 3500 4168 ipsa
3528 4099 3758 4166 pariter,

2186 4211 2251 4249 ac
2281 4202 2516 4248 mentem
2558 4194 3061 4263 cognitionemque,
3122 4196 3176 4244 et
3220 4185 3637 4255 Evangeliorum
3679 4192 3754 4235 at-

2185 4301 2291 4355 que
2341 4285 2717 4355 apostolorum
2752 4283 2820 4336 de
2872 4282 2976 4336 fide
3005 4281 3421 4337 consensionem
3467 4274 3757 4345 expressit.

2187 4375 2291 4443 Qui
2334 4392 2458 4430 cum
2506 4375 2720 4430 medius
2765 4374 2859 4437 sit,
2900 4380 2961 4425 ut
3014 4372 3088 4425 ita
3132 4370 3332 4431 dicam,
3373 4368 3515 4420 inter
3547 4378 3759 4423 omnes,

504 4463 830 4529 ἀποδείξεσι,
873 4462 1081 4515 καὶτοῦ
1111 4464 1229 4515 κατ’
1270 4461 1448 4514 αὐτῶν
1486 4462 1709 4532 ἐλέγχου
1742 4465 2073 4535 παραστήσω

2192 4467 2411 4537 proprie
2440 4466 2627 4520 nullus
2652 4473 2757 4529 est,
2787 4466 2843 4517 in
2867 4478 3041 4532 eoque
3077 4461 3220 4531 quod
3252 4459 3514 4528 scriptum
3549 4463 3633 4509 cst
3658 4454 3762 4508 im-

509 4569 627 4623 μεν,
650 4551 784 4604 Θεοῦ
814 4550 1251 4622 ὲπιϐοηθοῦντος.

2191 4558 2365 4625 plctur
2402 4575 2417 4609 :
2450 4556 2622 4608 Paulo
2658 4556 2828 4607 minus
2861 4561 3097 4608 versatus
3125 4567 3240 4604 sum
3270 4550 3324 4601 in
3353 4547 3494 4603 omni
3525 4546 3683 4611 malo,
3710 4547 3767 4596 in

508 4648 676 4702 ntedio
713 4647 965 4701 Ecclesia:
997 4656 1045 4700 et
1079 4648 1375 4717 Synagoga:
1403 4647 1442 4698 ί.
1503 4646 1673 4716 lgitur
1706 4662 1830 4700 cum
1885 4662 2074 4703 revera
2127 4650 2505 4706 Samaritanus
2555 4651 2626 4705 ob
2677 4648 3066 4705 exsecrandam
3110 4643 3410 4714 nequitiam
3443 4642 3533 4703 sit,
3575 4640 3764 4693 istius-

509 4744 655 4799 modi
713 4754 894 4797 tamen
944 4742 1361 4811 appellationem
1413 4740 1625 4809 rejicit;
1685 4751 1739 4796 et
1784 4757 1907 4795 cum
1960 4760 2019 4798 se
2067 4745 2208 4800 idem
2261 4745 2508 4801 Judaeum
2562 4745 2728 4799 faciat
2772 4742 2978 4799 Iudaeis
3046 4741 3392 4811 refragatur,
3447 4750 3760 4806 quanquam

510 4856 633 4895 cum
663 4840 750 4895 his
784 4840 968 4908 aliqua
996 4854 1063 4892 ex
1094 4847 1248 4908 parte
1285 4837 1583 4900 consentit,
1623 4837 1703 4889 uti
1750 4846 1965 4908 postea,
1995 4857 2118 4895 cum
2153 4843 2219 4897 ad
2246 4858 2366 4912 ejus
2405 4844 2479 4897 rei
2515 4842 2918 4911 probationem,
2964 4847 3019 4895 et
3044 4839 3425 4893 bmreticorum
3492 4830 3761 4903 ejusmodi

508 4933 941 4991 confutationem
996 4939 1317 5001 perventum
1367 4930 1565 4994 fuerit,
1620 4928 1728 4985 Deo
1785 4932 2082 5002 adjuvante
2120 4937 2573 4992 monstrabimus.

584 5050 599 5081 ³
624 5046 786 5102 Prov.
813 5062 868 5109 v,
899 5045 987 5099 M.

581 5164 694 5236 (Η)
737 5164 986 5236 Ἐχουςι
1037 5161 1105 5215 δὲ
1152 5162 1427 5236 tanta
1474 5164 1789 5236 Ματϐαῖογ.
1832 5161 1987 5236 Quod
2032 5168 2087 5215 et

517 5231 880 5305 lliero'uymus
921 5231 1107 5287 Graece
1138 5233 1396 5305 reddidit,
1421 5242 1476 5305 et
1510 5235 1644 5305 citat
1695 5235 1839 5305 ipse
1862 5234 2083 5305 saepius.

515 5306 700 5374 Neque
724 5302 859 5358 vero
884 5318 1081 5374 purum
1108 5312 1296 5371 putum
1328 5302 1562 5356 Mattlimi
1590 5302 1938 5374 Evangelium
1963 5303 2085 5374 fuit.

517 5386 578 5431 ut
606 5372 951 5429 existimasse
984 5372 1199 5427 videtur
1233 5374 1568 5442 Epiphanius
1591 5413 1606 5437 ,
1637 5376 1729 5442 sed
1761 5374 1830 5426 ab
1858 5373 1964 5427 illis
1995 5373 2089 5427 de-

517 5455 823 5518 pravatum,
856 5443 1004 5518 quod
1028 5451 1086 5518 et
1117 5441 1471 5518 Evangelium
1507 5441 1968 5518 κατὰ-Ἑϐραίους
1996 5458 2092 5518 ap-

518 5460 823 5518 pravatum,
856 5460 1004 5512 quoa
1034 5460 1086 5496 et
1118 5460 1471 5564 LVﬂlﬁCllum
1507 5460 1649 5495 κατα
1704 5460 1968 5565 ιοραιους
1996 5460 2092 5510 ap-

518 5518 684 5587 pellat
711 5514 982 5587 Euscbius
1028 5513 1120 5566 lib.
1156 5529 1259 5587 ιιιῇ
1300 5515 1626 5587 istor.,__cap.
1657 5514 1741 5587 l9.
1808 5513 2003 5566 Iieron.
2036 5513 2092 5563 in

517 5579 636 5655 Eap.
662 5600 748 5655 λιι
790 5581 1024 5655 Matth:
1046 5598 1166 5655 cap.
1197 5583 1264 5637 15
1298 5601 1311 5637 :
1363 5579 1432 5655 Iri
1460 5579 1907 5655 Evangeliotquo
1940 5592 2099 5655 utun-

520 5651 608 5711 tur
653 5653 925 5707 Nazareni
956 5651 1238 5715 Ebionitw,
1284 5654 1421 5720 quod
1472 5668 1631 5720 nuper
1672 5654 1726 5705 in
1762 5652 2003 5706 ercum
2036 5651 2099 5703 de

524 5726 747 5781 Hebra'o
782 5740 1019 5776 sermone
1055 5724 1448 5786 transtulimus,
1472 5732 1520 5774 et
1542 5722 1677 5791 quod
1708 5732 1923 5775 vocatur
1946 5740 1976 5773 a
1998 5722 2101 5790 plc-

521 5800 698 5867 risque
741 5793 981 5848 Matt/imi
1014 5793 1390 5860 authenticum,
1434 5791 1585 5848 homo
1621 5793 1735 5859 iste,
1770 5794 1857 5863 qui
1892 5793 2100 5847 aridam

2193 5160 2346 5213 habet
2368 5176 2602 5219 manum,
2626 5158 2990 5213 cazmentarius
3012 5156 3282 5211 scribitur.
3319 5156 3463 5211 Idem
3488 5157 3541 5209 in
3568 5154 3761 5222 Script.

2192 5231 2373 5284 eccles.
2406 5230 2473 5285 de
2517 5229 2769 5283 Matthaeo
2810 5244 2998 5299 agens,
3037 5228 3199 5295 hujus
3233 5226 3557 5280 Hebraicum
3586 5228 3764 5293 ipsum

2194 5300 2584 5355 inCmsariensi
2604 5300 2932 5353 bibliotheca
2960 5307 3296 5352 asservatum
3322 5306 3478 5351 aetate
3508 5311 3605 5349 sua
3638 5310 3769 5349 nar-

2196 5378 2301 5436 rat,
2327 5370 2486 5438 cujus
2521 5371 2625 5425 sibi
2659 5385 2689 5423 a
2719 5368 2991 5423 Nazarmis
3015 5365 3351 5422 exscribendi
3387 5365 3769 5438 facultas_[ue-

2196 5434 2295 5493 rit.
2327 5434 2428 5493 Sed
2463 5438 2844 5493 Nazarmorum
2872 5438 3220 5507 Evangelium
3254 5451 3593 5507 nequaquam
3630 5434 3767 5489 Mat-

2204 5511 2327 5563 thmi
2359 5525 2675 5579 germanum
2718 5509 2836 5562 fuit.
2865 5508 3150 5579 Postremo
3178 5523 3306 5579 num
3325 5506 3599 5579 _l_1ebraica
3629 5512 3775 5579 vete-

2206 5582 2249 5633 ri
2281 5575 2523 5650 puraque
2553 5580 2769 5650 lingua,
2793 5594 2859 5630 an
2894 5577 3137 5650 Syriac_a,
3172 5575 3771 5650 siveAHierosolymita-

2205 5646 2297 5704 na'
2339 5646 2657 5718 vulgarique
2728 5646 3008 5701 Matthzeus
3060 5646 3407 5715 Evangelium
3464 5646 3764 5718 scripserit,

2205 5714 2929 5787 nonnisi'ex'coujecturis
2978 5714 3318 5785 pronuntiari
3373 5723 3568 5786 potest.
3625 5714 3771 5768 Nihil

2206 5790 2352 5846 cnim
2384 5789 2519 5845 certi
2554 5789 2929 5861 cxploratique
2956 5789 3023 5843 ab
3049 5787 3362 5844 auctoribus
3390 5788 3589 5842 discas.
