4170 6372
459 220 562 276 407

1831 219 1890 275 S.
1931 219 2274 274 EPIPHANH

3601 217 3704 275 1.03

529 333 592 389 ll.
635 332 915 406 Siquidem
944 335 1116 392 Ebion
1149 337 1254 392 iste
1282 337 1527 408 priorum
1556 338 1771 393 illorum
1804 339 2028 409 aequalis

2204 339 2278 391 B'.
2339 331 2505 401 Οὗτος
2560 337 2668 408 γὰρ
2696 339 2724 390 ὁ
2765 334 2956 389 Ἐϐίων
3012 331 3305 406 σύγχρονος
3355 333 3454 404 μὲν
3505 333 3709 386 τούτων

460 424 586 490 fuit,
627 435 680 481 et
727 427 970 482 eamdem
1022 443 1146 482 cum
1186 429 1322 500 ipsis
1364 430 1632 498 originem
1683 431 1909 500 accepit.
1955 434 2033 484 Ac

462 518 696 589 primum
731 536 762 574 e
792 520 935 573 virili
967 522 1262 576 concubitu
1293 537 1355 575 ac
1380 523 1607 587 semine,
1632 534 1762 592 puta
1784 521 2028 593 Iosephi.

462 621 650 664 natum
693 627 816 666 esse
847 611 1126 667 Christum
1157 614 1414 676 asseruit,
1444 621 1504 667 ut
1544 626 1670 669 ante
1707 615 2034 686 significavi-

462 717 605 764 mus,
631 717 755 755 cum
787 703 860 756 ita
899 703 1140 758 diximus
1173 723 1186 757 :
1218 704 1364 758 hunc
1417 705 1576 776 126
1618 707 1830 761 caeteris
1861 707 1914 760 in
1944 723 2033 762 rc-

463 790 566 847 bns
599 793 784 847 eadem
817 808 940 848 cum
979 795 1100 849 aliis
1144 797 1493 860 sentientem,
1540 800 1641 851 hac
1666 813 1773 852 una
1819 814 1878 854 re
1919 799 2033 856 dis-

461 893 710 948 crepare,
752 880 900 950 quod
937 881 1246 938 Judmorum
1279 886 1420 940 ritus
1445 901 1508 940 ac
1544 889 1898 943 caeremonias
1918 905 2033 944 am-

459 972 651 1040 plexus
677 973 781 1037 sit,
823 974 1003 1047 veluti.
1033 973 1355 1043 Sabbatum,
1407 992 1471 1032 ac
1529 979 2028 1045 circumcisionem,

461 1063 674 1132 aliaque
717 1063 771 1116 id
815 1080 1005 1135 genus,
1038 1067 1264 1135 perinde
1312 1077 1475 1139 atque
1517 1086 1548 1124 a
1597 1069 1802 1126 Judaais
1836 1088 1899 1126 ac
1933 1072 2034 1127 Sa-

459 1155 744 1210 maritanis
775 1156 1156 1212 observantur.
1189 1159 1330 1226 Quin
1355 1162 1518 1215 etiam
1558 1163 1712 1232 plura
1739 1165 1840 1219 iste
1867 1181 2030 1234 quam

459 1245 630 1301 Judaei
696 1245 1171 1304 Samaritanorum
1242 1253 1548 1307 imitatione
1627 1256 2026 1325 complectitur.

459 1338 592 1391 Nam
636 1347 690 1393 et
721 1341 824 1394 hoc
855 1341 1076 1410 adjecit,
1136 1349 1196 1396 ut
1225 1343 1295 1397 ab
1339 1351 1695 1400 externorum
1749 1347 2030 1402 hominum

458 1439 605 1483 tactu
657 1447 780 1486 sese
821 1433 1150 1498 contineret,
1206 1442 1373 1504 utque
1404 1435 1600 1491 diebus
1630 1438 1862 1507 singulis
1896 1456 2032 1509 quo.-

459 1523 560 1577 ties
587 1523 872 1578 mulierem
902 1525 1192 1595 attigisset,
1230 1527 1298 1582 ab
1339 1529 1567 1597 ejusque
1597 1531 1880 1599 complexu
1909 1546 2032 1585 sur-

458 1617 626 1676 geret,
660 1625 800 1680 aqua
836 1626 956 1666 sese
995 1614 1293 1682 prolueret,
1331 1615 1504 1671 sicubi
1538 1617 1656 1683 ejus
1683 1627 1828 1673 esset
1853 1622 2027 1689 copia,

2136 430 2398 500 ὑπῆρχεν,
2449 430 2541 482 ἀπ’
2578 427 2755 481 αὐτῶν
2813 427 2871 478 δὲ
2934 427 3031 479 σὺν
3083 426 3266 488 αὐτοῖς
3318 426 3570 496 ὁρμᾶται.
3631 425 3708 477 Τὰ

2135 522 2325 592 πρῶτα
2374 521 2430 574 δὲ
2479 523 2542 573 ἐκ
2582 521 2923 591 παρατριϐῆς
2979 521 3073 573 καὶ
3134 518 3446 589 σπέρματος
3489 515 3707 586 ἀνδρὸς,

2131 614 2376 668 τουτέστι
2404 613 2499 666 τοῦ
2517 614 2732 684 Ἰωσὴφ,
2756 613 2845 665 τὸν
2871 613 3104 684 Χριστὸν
3123 609 3481 680 γεγεννῆσθαι
3505 608 3708 674 ἔλεγεν,

2133 708 2209 768 ὡς
2232 707 2326 760 καὶ
2349 706 2450 777 ἤδη
2481 708 2612 776 ἡμῖν
2650 706 2996 776 προείρηται,
3028 705 3110 757 ὅτι
3140 703 3220 756 Τὰ
3261 701 3352 754 ἴσα
3384 703 3496 763 τοῖς
3529 699 3708 762 ἄλλοις

2133 801 2191 852 ἐν
2217 799 2387 851 ἅπασι
2417 797 2650 867 φρονῶν,
2685 799 2743 850 ὲν
2775 795 2948 866 τούτῳ
2985 795 3132 865 μόνῳ
3179 794 3477 865 διεφέρετο,
3526 795 3584 844 ὲν
3632 790 3709 861 τῷ

2130 891 2209 961 τῷ
2242 892 2391 960 νόμῳ
2421 890 2514 942 τοῦ
2563 889 2894 958 Ἰουδαϊσμοῦ
2940 889 3294 959 προσανέχειν
3327 885 3466 938 κατά
3503 884 3706 936 σαϐϐα-

2130 982 2342 1051 τισμὸν,
2366 982 2459 1034 καὶ
2484 981 2624 1034 κατά
2655 981 2754 1052 τὴν
2790 979 3091 1050 περιτομὴν
3115 1019 3129 1044 ,
3173 979 3267 1031 καὶ
3304 977 3445 1030 κατά
3477 976 3545 1028 τὰ
3572 975 3707 1030 ἀλλα

2133 1075 2350 1137 πάντα,
2409 1075 2613 1144 ὅσαπερ
2663 1071 2812 1143 παρὰ
2877 1071 3148 1134 Ἰουδαίοις
3206 1070 3298 1122 καὶ
3343 1067 3708 1138 Σαμαρείταις

2134 1165 2478 1220 ἐπιτελεῖται.
2535 1166 2655 1217 Ἔτι
2689 1163 2755 1216 ’δὲ
2810 1163 2980 1216 πλείω
3030 1156 3186 1226 οὗτος
3229 1159 3380 1231 παρά
3413 1161 3535 1221 τοὺς
3589 1159 3709 1210 Ἰου-

2130 1257 2308 1320 δαίους
2331 1256 2530 1325 ὁμοίως
2560 1258 2671 1318 τοῖς
2695 1257 3063 1327 Σαμαρείταις
3087 1235 3494 1322 διαπράττεταιῖ
3532 1252 3702 1322 Προσ-

2131 1349 2282 1401 έθετο
2309 1348 2416 1418 γὰρ
2450 1347 2510 1399 τὸ
2535 1346 2966 1417 παρατηρεῖσθαι
2989 1344 3254 1398 ἅπτεσθαί
3275 1361 3434 1397 τινων
3462 1343 3569 1396 τῶν
3609 1343 3706 1396 ἀλ-

2130 1438 2358 1491 λοεθνῶν
2382 1453 2395 1466 ⁶
2433 1437 2551 1491 καθ’
2605 1437 2841 1507 ἑκάστην
2875 1437 2930 1489 δὲ
2982 1436 3212 1507 ἡμέραν,
3249 1436 3454 1488 εἴποτε
3489 1435 3707 1502 γυναικὶ

2133 1528 2452 1598 συναφθείη,
2510 1529 2602 1581 καὶ
2639 1529 2733 1581 ἀπ’
2769 1528 2936 1597 αἰτῆς
2983 1529 3210 1597 ἀναστῇ,
3245 1524 3600 1596 βαπτίζεσθαι
3647 1526 3705 1576 ὲν

2128 1624 2243 1686 τοῖς
2272 1621 2481 1683 ὓδασιν,
2506 1621 2661 1673 εῐπου
2689 1619 2745 1672 δὲ
2777 1619 2842 1672 ἂν
2879 1619 3138 1690 εὐποροίη
3165 1619 3198 1688 ἢ
3230 1617 3503 1687 Θαλάσσης
3547 1617 3578 1687 ἢ
3614 1617 3703 1670 ἀλ-

459 1701 688 1756 marina:
718 1701 970 1758 videlicet
1019 1715 1114 1758 aut
1158 1707 1386 1761 alterius
1431 1708 1664 1778 generis.
1696 1709 1851 1775 Quod
1881 1711 1927 1766 si
1961 1712 2031 1767 ab

2134 1714 2236 1766 λων
2291 1713 2518 1767 ὑδάτων.
2564 1711 2722 1764 Ἀλλὰ
2767 1711 2860 1764 καὶ
2909 1713 2956 1762 εί
3000 1709 3349 1781 συναντήσειέ
3394 1726 3498 1761 τινι
3543 1708 3706 1762 ἀνιὼν

459 1794 548 1846 illa
579 1794 780 1849 lotione
819 1811 882 1850 ac
929 1799 1201 1854 mersione
1247 1801 1465 1854 rediens
1498 1801 1552 1854 in
1591 1802 1904 1872 quempiam
1949 1803 2030 1857 in-

456 1894 666 1950 currat,
700 1887 880 1942 denuo
910 1888 978 1943 ad
1003 1889 1332 1944 abluendum
1363 1907 1504 1955 sese,
1543 1908 1686 1962 saepe
1709 1893 1872 1947 etiam
1904 1910 2029 1948 cum

455 1976 594 2047 ipsis
623 1979 972 2036 vestimentis
1002 1981 1329 2052 regreditur.
1365 1982 1537 2039 Hodie
1585 2000 1712 2039 vero
1740 1985 2030 2056 virginitas

457 2069 597 2138 apud
635 2071 758 2126 illos
799 2081 855 2127 et
887 2072 1115 2128 castitas
1147 2075 1373 2128 omnino
1419 2075 1759 2146 prohibetur,
1794 2077 1846 2131 id
1885 2077 2029 2146 quod

456 2169 508 2214 et
537 2171 743 2216 caetera;
767 2177 958 2218 omnes
987 2163 1256 2232 ejusmodi
1293 2166 1527 2221 haereses
1563 2177 1848 2236 usurpant.
1893 2167 2029 2221 Nam

456 2253 586 2306 olim
617 2253 683 2308 de
727 2254 1041 2323 virginitate
1093 2256 1312 2324 gloriari
1363 2259 1630 2321 solebant,
1671 2258 1927 2313 nimirum
1959 2259 2030 2314 ob

455 2341 719 2400 Jacobum
751 2345 971 2401 fratrem
1005 2345 1218 2402 Domini
1253 2366 1264 2401 :
1300 2349 1546 2419 adeoque
1580 2350 1749 2404 libros
1799 2365 1931 2406 suos
1962 2351 2028 2405 ad

456 2435 704 2490 seniores
728 2445 784 2490 et
807 2437 1050 2507 virgines
1072 2439 1402 2493 inscribunt.
1440 2440 1544 2496 Sed
1573 2441 1738 2510 hujus
1772 2440 2029 2499 factionis

456 2527 739 2580 exordium
795 2528 1488 2602 post-Hierosolymitante
1551 2533 1702 2586 urbis
1754 2532 2027 2587 excidium

458 2619 642 2686 carpit.
676 2617 795 2684 Quo
825 2627 1068 2690 tempore
1089 2621 1386 2676 Christiani
1408 2638 1597 2676 omnes
1619 2639 1742 2677 cum
1772 2624 1825 2676 in
1845 2621 2029 2677 Perara

458 2707 733 2777 degerent,
765 2715 927 2778 atque
956 2711 1008 2762 in
1058 2713 1192 2766 urbe
1225 2710 1373 2765 Pella
1417 2713 1784 2782 potissimum,
1819 2730 1938 2784 qum
1971 2715 2028 2769 in

458 2796 844 2871 Decapelitaua
882 2800 1162 2876 provincia
1204 2809 1310 2871 esi,
1338 2802 1496 2877 cujus
1543 2811 1724 2862 exstat
1757 2807 1809 2858 in
1852 2803 2030 2858 Evan-

457 2896 600 2964 gelio
626 2896 831 2950 mentio
877 2899 915 2961 ³,
961 2913 1127 2968 prOpe
1160 2897 1465 2954 Batanaaam
1514 2917 1577 2955 ac
1615 2896 1980 2957 Basanitidem
2011 2916 2024 2950 :

457 3001 583 3036 eum
619 2985 751 3048 illic,
786 2986 1028 3056 inquam,
1074 2986 1413 3043 domiciliqu
1461 2991 1847 3058 collocassent,
1897 2993 2026 3047 hinc

458 3075 651 3130 Ebioni
679 3075 805 3130 data
840 3086 924 3132 est
956 3080 1289 3150 propagandi
1317 3083 1523 3136 erroris
1563 3083 1806 3138 occasio.
1838 3083 1941 3149 Qui
1971 3085 2027 3137 in

458 3182 600 3237 pago
653 3169 889 3237 quodam
947 3169 1164 3225 Cocabe
1200 3171 1255 3225 in
1317 3174 1538 3242 regione
1587 3173 2026 3240 Carnaimorum,

458 3261 680 3314 Arnemi
712 3268 766 3315 et
790 3262 1232 3329 Astarotharum,
1263 3274 1318 3320 et
1357 3266 1689 3324 Basanitidis
1723 3279 1900 3326 tractu
1931 3271 2030 3325 ha-

460 3349 635 3407 bitare
689 3353 877 3422 cmpit,
906 3354 1364 3424 quemadmodum
1411 3366 1566 3414 vetus
1609 3361 1676 3415 ad
1721 3376 1823 3416 nos
1857 3379 2033 3432 usque

460 3441 606 3496 fama
637 3445 880 3513 pertulit.
929 3443 1058 3500 Inde
1104 3447 1271 3517 igitur
1308 3448 1528 3518 pessimi
1572 3453 1903 3520 praedicandi
1931 3454 2032 3508 do-

460 3537 660 3604 gmatis
687 3536 904 3589 initium
945 3540 1203 3608 sumpsit,
1230 3539 1376 3594 unde
1408 3550 1462 3596 et
1497 3542 1695 3611 impios
1723 3543 2032 3599 Nazarenos

461 3625 699 3696 cmpisse
744 3627 1057 3685 docuimus.
1105 3630 1278 3685 Ambo
1328 3637 1470 3687 enim
1524 3635 1739 3690 collatis
1774 3635 1916 3689 inter
1972 3653 2032 3691 se

460 3720 734 3790 capitibus
766 3736 920 3776 suam
972 3723 1112 3778 alter
1143 3740 1266 3777 cum
1318 3725 1490 3779 altero
1535 3727 1936 3796 improbitatem
1968 3744 2032 3782 ac

461 3812 762 3882 nequitiam
793 3815 1239 3869 communicavit.
1277 3816 1456 3886 Atque
1492 3819 1594 3873 etsi
1631 3819 2032 3888 quadamtenus

462 3920 494 3958 ιι
523 3920 582 3960 se
620 3913 811 3960 mutuo
855 3905 1178 3972 dissideant,
1225 3907 1278 3960 in
1312 3909 1673 3978 excogitando
1707 3919 1884 3966 tamen
1912 3928 2036 3982 pra-

461 3995 687 4051 vissimo
710 3996 960 4068 dogmate
989 4013 1112 4054 sese
1141 3999 1372 4054 invicem
1403 4010 1812 4071 expresserunt.
1864 4003 2035 4059 Caete-

461 4104 585 4142 rum
627 4090 848 4144 memini
880 4106 965 4144 me
1004 4091 1128 4146 aliis
1168 4091 1221 4145 in
1256 4093 1414 4154 locis,
1445 4109 1568 4146 cum
1605 4095 1868 4150 adversus
1899 4097 2036 4149 alias

463 4179 700 4235 haereses
747 4181 1152 4247 contenderem,
1205 4183 1273 4236 de
1327 4183 1670 4237 Cocaborum
1722 4185 1831 4239 situ
1874 4193 2035 4256 atque

462 4269 661 4325 Arabia
689 4271 1018 4340 disputasse.

535 4361 620 4416 lll.
665 4363 942 4434 Principio
971 4365 1140 4434 igitur
1191 4364 1385 4428 Ebion,
1419 4373 1478 4420 ut
1526 4365 1661 4429 dixi,
1699 4365 1976 4422 Christum
2007 4383 2037 4422 e
2068 4377 2115 4437 ι)

464 4456 564 4510 viri
602 4457 830 4520 semine,
861 4456 1118 4510 nimirum
1151 4455 1396 4527 Josephi,
1427 4458 1668 4527 genitum
1709 4457 2030 4514 aﬂirmabat.

536 4611 553 4641 ¹
587 4610 775 4669 Matth.
806 4627 878 4674 IV,
917 4610 1022 4676 25;
1064 4610 1231 4665 Marc.
1263 4627 1317 4675 ν,
1351 4611 1442 4676 ‘20,
1468 4620 1522 4666 et
1556 4628 1652 4679 vn,
1687 4613 1774 4668 51.

535 4768 648 4841 (12)
688 4771 911 4840 Γέγονε
949 4769 1017 4841 δέ
1049 4772 1087 4837 ἡ
1115 4770 1271 4839 ἀρχὴ
1306 4772 1548 4841 τούτου.
1591 4771 1657 4823 At
1689 4771 1884 4824 Chron.
1913 4773 2036 4826 Ale-

464 4844 628 4893 xand.
662 4856 720 4910 p.
758 4841 882 4903 597,
924 4840 1091 4894 refert
1134 4857 1278 4894 anno
1304 4840 1523 4909 Trajani
1549 4857 1677 4906 vm,
1711 4841 1955 4897 Candide
1984 4853 2038 4898 et

465 4911 740 4976 Quadrato
770 4926 916 4966 coss.
957 4910 1333 4964 Ebionitarum
1363 4912 1653 4966 emersisse
1681 4921 1906 4968 sectam.

537 4981 648 5052 (15)
677 4982 796 5052 ,Καὶ
847 4981 913 5033 τὸ
955 4979 1072 5049 μὲν
1108 4981 1358 5048 πρῶτον.
1403 4979 1610 5049 Duplex
1661 4980 2038 5040 Ebionitarum

469 5053 631 5104 l'actio
667 5051 796 5116 fuit;
823 5066 946 5104 nam
975 5051 1066 5104 alii
1099 5067 1306 5104 merum
1335 5067 1397 5103 ac
1427 5052 1726 5119 simplicem
1762 5052 2037 5108 hominem

353 5133 368 5150 '
467 5123 787 5176 asserebant
819 5137 941 5193 esse
972 5121 1380 5193 lesumtatque
1415 5137 1442 5174 a
1471 5120 1709 5192 Josepho
1761 5121 2040 5193 Mariaque

467 5194 741 5260 genitum;
772 5192 863 5246 alii
892 5207 922 5245 e
949 5199 1142 5245 sancto
1174 5191 1437 5262 Spirituﬁa
1478 5191 1696 5259 Virgine
1727 5191 2040 5262 susceptum

469 5265 541 5315 ita
581 5262 907 5327 fatebantur,
945 5263 1022 5315 uti
1054 5261 1220 5316 Deum
1269 5279 1332 5314 ac
1366 5261 1601 5315 Verbum
1651 5278 1790 5326 esse,
1821 5261 1915 5316 aut
1945 5281 2043 5318 ex-

470 5333 676 5386 stitisse
723 5340 879 5386 antea
932 5341 1212 5401 negarent.
1249 5332 1518 5388 Eusebius
1555 5333 1646 5384 lib.
1682 5348 1760 5398 ιιι,
1796 5348 1915 5402 cap.
1945 5336 2038 5388 21.

468 5402 731 5476 Origenes
776 5413 959 5476 contra
1003 5403 1215 5476 Celsum
1263 5412 1393 5476 tom.
1433 5418 1472 5454 ιι
1499 5421 1510 5456 :
1541 5402 1838 5476 Ἐϐίων-τε
1878 5405 1985 5476 γὰρ
2015 5405 2042 5455 ό

469 5473 886 5542 πτωχὸςηπαρά
919 5473 1194 5537 Ἰουδαίοις
1245 5475 1528 5537 καλεῖται,
1587 5473 1679 5526 καὶ
1734 5472 2042 5527 Ἐϐιωναῖοι

468 5541 893 5624 χρηματίζουσιν
922 5545 971 5596 οἱ
999 5545 1106 5596 ἀπὸ
1128 5544 1410 5624 ἐιουδαίων
1451 5545 1542 5596 τὸν
1575 5542 1788 5624 Ἰησοῦν.
1809 5543 1884 5606 ὡς
1910 5547 2044 5624 ξρι-

472 5613 594 5667 στὺν
620 5612 1072 5684 παραδεξάμενοι.
1123 5613 1366 5677 Quorum
1410 5629 1604 5684 genera
1638 5612 1866 5684 illaiduo
1898 5615 1937 5667 t'.
1966 5612 2036 5666 ἰιι

469 5679 857 5736 commemorat
884 5679 1081 5737 εὈῦτοι
1132 5685 1189 5737 δέ
1236 5687 1370 5737 εἰσιν
1413 5679 1470 5737 δι
1513 5684 1678 5736 διττοὶ
1714 5683 2036 5744 Ἑϐιωναῐοι,

2129 1805 2236 1858 ἀπὸ
2285 1805 2384 1874 τῆς
2426 1804 2536 1856 τῶν
2568 1803 2774 1857 ὑδάτων
2834 1802 3179 1864 καταδύσεως
3218 1802 3314 1854 καὶ
3373 1798 3704 1869 βατττισμοῦ,

2129 1890 2388 1953 ὡσαύτως
2409 1890 2571 1943 πάλιν
2605 1890 2892 1960 ἀνατρέχει
2920 1889 3294 1959 βαπτίζεσθαι,
3328 1888 3584 1952 πολλάκις
3613 1888 3707 1942 καὶ

2131 1984 2226 2036 σὺν
2259 1987 2370 2047 τοῖς
2411 1985 2664 2054 ἱματίοις.
2698 1985 2779 2036 Ta
2800 1983 2892 2035 νῦν
2922 1983 2979 2036 δὲ
3001 1983 3372 2054 ἀπηγόρευται
3390 1982 3706 2036 παντάπασι

2129 2076 2258 2145 παρ’
2306 2076 2490 2138 αὐτοῖς
2549 2074 2814 2146 παρθενία
2868 2091 2926 2126 τε
2966 2074 3061 2126 καὶ
3116 2073 3434 2145 ἐγκράτεια,
3491 2072 3567 2135 ὡς
3612 2071 3707 2124 καὶ

2129 2167 2281 2238 παρά
2308 2170 2428 2230 ταῖς
2458 2167 2643 2231 ἄλλαις
2683 2167 2895 2237 ὁμοίαις
2924 2166 3094 2238 ταύτῃ
3131 2166 3393 2237 αἱρέσεσι.
3430 2165 3564 2218 Ποτὲ
3597 2164 3705 2235 γὰρ

2127 2259 2428 2330 παρθενίαν
2478 2258 2854 2329 ἐσεμνύνοντο,
2887 2258 3048 2328 δῆθεν
3076 2257 3164 2310 διὰ
3206 2257 3297 2309 τὸν
3332 2256 3584 2310 Ἰάκωϐον
3617 2256 3706 2308 τὸν

2129 2352 2351 2420 ἀδελφὸν
2408 2349 2503 2403 τοῦ
2554 2350 2778 2421 Κυρίου,
2835 2348 3027 2402 καὶτὰ
3068 2348 3246 2400 αὐτῶν
3298 2348 3706 2418 συγγράμματα

2129 2441 2519 2513 πρεσϐυτέροις
2551 2442 2647 2494 καὶ
2699 2441 2991 2511 παρθένοις
3032 2441 3323 2509 γράφουσι.
3365 2439 3555 2506 Γέγονε
3589 2439 3643 2490 δὲ
3674 2439 3706 2508 ἡ

2129 2534 2269 2604 ἀρχὴ
2299 2532 2490 2585 τούτου
2520 2532 2631 2600 (12)
2649 2529 2786 2601 μετὰ
2813 2531 2911 2601 τὴν
2931 2529 3034 2582 τῶν
3067 2529 3454 2602 Ἰεροσολύμων
3483 2528 3703 2582 ἅλωσιν.

2141 2624 2358 2696 Ἐπειδὴ
2423 2623 2532 2695 γὰρ
2571 2625 2772 2686 πάντες
2819 2623 2868 2676 οἱ
2914 2623 2994 2684 εἰς
3021 2621 3258 2694 Χριστὸν
3287 2621 3706 2682 πεπιστευκότες

2127 2717 2225 2787 τὴν
2260 2717 2499 2787 Περαίαν
2521 2717 2640 2767 κατ’
2675 2716 2850 2767 έκεῖνο
2877 2712 3071 2784 καιροῦ
3105 2712 3430 2784 κατῴκησαν
3457 2713 3518 2766 τὸ
3549 2711 3709 2765 πλέον

2129 2809 2187 2860 ὲν
2214 2807 2388 2878 Πέλλῃ
2421 2807 2525 2860 τινὶ
2554 2807 2704 2859 πόλει
2758 2806 3066 2878 καλουμένῃ
3093 2807 3191 2875 τῆς
3221 2804 3574 2867 Δεκαπόλεως
3609 2804 3709 2872 τῆς

2129 2900 2186 2952 ὲν
2211 2899 2290 2967 τῷ
2333 2899 2646 2967 Εὑαγγελίῳ
2677 2897 3092 2968 γεγραμμένης,
3125 2897 3352 2968 πλησίον
3391 2897 3488 2966 τῆς
3528 2896 3706 2947 Βατα-

2128 2990 2284 3056 ναίας
2336 2991 2432 3043 καὶ
2481 2989 2825 3055 Βασανίτιδος
2881 2990 3084 3062 χώρας,
3130 2990 3190 3043 τὸ
3239 2987 3542 3061 τηνικαῦτα
3595 2989 3712 3039 ἐκεῖ

2135 3087 2601 3158 μεταναστάντων,
2633 3086 2727 3138 καὶ
2751 3087 2928 3137 ἐκεῖσε
2978 3081 3360 3155 διατριϐόντων
3383 3078 3580 3139 αὐτῶν,
3611 3077 3707 3146 γέ-

2130 3196 2283 3246 γονεν
2307 3181 2372 3230 ὲκ
2423 3178 2609 3231 τούτου
2665 3179 2935 3250 πρόφασις
2963 3175 3042 3247 τῷ
3077 3174 3309 3228 Ἐϐίωνι.
3345 3173 3453 3226 Kal
3485 3173 3709 3241 ἄρχεται

2135 3272 2232 3342 μὲν
2254 3272 2352 3341 τὴν
2391 3271 2707 3341 κατοίκησιν
2741 3269 2884 3339 ἔχειν
2917 3270 2975 3319 ἐν
3013 3265 3257 3338 Κωκάϐῃ
3286 3265 3391 3316 τινὶ
3424 3261 3584 3333 κώμη
3617 3261 3710 3314 ἐπὶ

2131 3363 2197 3415 τὰ
2233 3363 2372 3434 μέρη
2399 3363 2498 3432 τῆς
2525 3359 2802 3433 Καρναῒμ,
2848 3359 3066 3430 Ἀρνὲμ,
3092 3358 3184 3410 καὶ¹
3221 3353 3520 3426 Ἀσταρὼθ,
3556 3357 3614 3406 ὲν
3641 3354 3708 3432 τῇ

2133 3456 2439 3509 Βασανίτιδι
2485 3453 2658 3526 χώρα,
2697 3453 2773 3516 ὡς
2821 3454 2854 3522 ἡ
2906 3451 3134 3504 ἐλθοῦσα
3191 3452 3270 3510 είς
3312 3449 3460 3518 ἡμᾶς
3511 3445 3710 3514 γνῶσις

2134 3549 2396 3619 περιέχει.
2438 3548 2629 3600 Ἔνθεν
2663 3546 2892 3618 ἄρχεται
2922 3545 3018 3615 τῆς
3051 3543 3225 3612 κακῆς
3264 3540 3428 3595 αὐτοῦ
3461 3540 3712 3592 διδασκα-

2133 3641 2272 3704 λίας.
2313 3641 2434 3693 ὅθεν
2485 3639 2640 3709 δῆθεν
2671 3640 2764 3692 καὶ
2803 3640 2850 3690 oi
2885 3635 3196 3707 Ναζαρηνοὶ
3223 3635 3272 3687 ot
3305 3633 3496 3704 ἄνομοι
3527 3632 3714 3700 προδε-

2133 3732 2421 3803 δήλωνται.
2455 3729 2755 3800 Συναιρθεὶς
2803 3729 2912 3799 γὰρ
2934 3721 3086 3790 οὗτος
3111 3726 3362 3787 ἐκείνοις,
3394 3723 3487 3777 xal
3515 3725 3712 3775 ἐκεῖνοι

2133 3823 2328 3888 τούτῳ,
2355 3821 2610 3890 ἑκάτερος
2638 3820 2745 3873 ἀπὸ
2765 3819 2863 3888 τῆς
2885 3817 3077 3871 ἑαυτοῦ
3108 3815 3406 3887 μοχθηρίας
3434 3814 3511 3884 τῷ
3541 3813 3714 3882 ἑτέρῳ

2139 3913 2428 3982 μετέδωκε.
2455 3913 2563 3964 Kal
2586 3912 2932 3983 διαφέρονται
2975 3911 3070 3980 μὲν
3095 3909 3280 3979 έτερος
3310 3907 3447 3977 πρὸς
3478 3905 3568 3957 τὸν
3596 3904 3713 3956 ’έτε-

2139 4020 2230 4074 ρον
2257 4003 2399 4056 κατά
2419 4020 2491 4066 τι,
2527 4004 2586 4055 ὲν
2607 4002 2662 4055 δὲ
2681 4006 2746 4072 τῇ
2774 4001 3032 4070 κακονοίᾳ
3059 3999 3318 4070 ἀλλήλους
3341 3995 3710 4066 ἁπεμάξαντο.

2139 4094 2276 4164 Ἤδη
2307 4094 2363 4146 δέ
2394 4113 2481 4164 μοι
2516 4095 2608 4147 καὶ
2642 4097 2698 4146 ἐν
2724 4093 2902 4156 ἄλλοις
2927 4093 3125 4159 λόγοις,
3154 4091 3243 4144 καὶ
3261 4091 3400 4144 κατά
3425 4091 3521 4152 τὰς
3554 4087 3713 4150 ἄλλας

2137 4187 2380 4256 αἱρέσεις
2427 4187 2556 4257 περὶ
2609 4187 2706 4258 τῆς
2751 4185 3071 4248 τοποθεσίας
3122 4183 3424 4245 Κωκάϐων,
3475 4183 3566 4234 καὶ
3617 4180 3715 4248 τῆς

2151 4279 2406 4348 Ἀραϐίας
2435 4279 2520 4332 διὰ
2552 4279 2787 4340 πλάτους
2809 4279 3042 4347 εἴρηται.

2212 4368 2285 4420 I".
2323 4370 2431 4421 Kal
2477 4369 2538 4422 τὸ
2578 4369 2677 4439 μὲν
2731 4370 2946 4439 πρῶτον
2977 4367 3087 4440 (15)
3131 4369 3160 4420 ὁ
3207 4364 3418 4426 Ἐϐίων,
3447 4362 3522 4424 ὡς
3553 4361 3711 4428 ἔφην,

2141 4460 2373 4531 Χριστὸν
2406 4462 2470 4514 ὲκ
2497 4462 2810 4532 σπέρματος
2843 4460 3054 4532 ἀνδρὸς,
3082 4457 3327 4510 τουτέστι
3363 4454 3458 4508 τοῦ
3495 4453 3714 4523 Ἰωσὴφ,

2139 4776 2255 4846 ἦτοι
2282 4775 2344 4846 ὲκ
2371 4770 2648 4846 Παρθένου
2676 4764 3061 4846 ὁμολοκίοῦντες
3089 4766 3296 4846 ’δμοίως
3323 4766 3454 4846 ἡμῖν
3488 4764 3576 4846 τὸν
3607 4764 3717 4846 ’1η-

2142 4836 2286 4902 οίοῦν,
2317 4843 2349 4910 ἦ
2388 4836 2485 4912 οὐχ
2522 4841 2665 4894 οὕτω
2694 4836 3040 4908 γεγενῆσθαι,
3076 4837 3190 4890 ἀλλ’
3219 4836 3294 4899 ὼς
3335 4837 3462 4912 τοὺς
3502 4836 3717 4912 λοιποὺς

2141 4907 2485 4983 ἀνθρώπουᾷ
2516 4907 2714 4966 Verum
2767 4909 3144 4983 Ehionaaorutn
3192 4921 3386 4983 nomen
3432 4907 3716 4983 latius__ex-

2140 4975 2385 5037 tendisse
2417 4983 2586 5036 videri
2623 4988 2799 5052 potest
2834 4979 3118 5052 Utjigenes,
3148 4984 3237 5052 _ut
3278 4975 3566 5052 ﬁb‘ionmos
3598 4976 3720 5029 illos

2144 5054 2412 5124 appellet,
2439 5052 2530 5122 qui
2561 5047 2686 5124 curn
2712 5049 2910 5124 alioqui
2940 5049 3005 5102 de
3033 5047 3235 5124 Christi
3263 5047 3546 5124 divinitate
3578 5056 3720 5102 νεαρ

2145 5115 2429 5183 sentirent,
2459 5115 2586 5175 cum
2628 5115 2940 5174 Christiana
2976 5119 3236 5187 religione.
3265 5115 3523 5170 Judaicas
3550 5131 3719 5169 cmre-

2145 5196 2358 5248 monias
2395 5190 2801 5262 amplectendas
2844 5186 3598 5262 crederent._Quod_quidem
3639 5195 3718 5239 to-

2104 5255 2113 5263 ’
2143 5281 2232 5318 tuo
2264 5280 2299 5316 ιι
2335 5264 2435 5316 sub
2480 5255 2692 5316 initium
2739 5260 3048 5329 signiﬁcare
3082 5258 3313 5329 videtur.
3348 5256 3720 5329 Theodm-elns

2144 5337 2210 5389 de
2249 5333 2516 5388 Ehionmis
2542 5333 2675 5386 τΤὸν
2709 5331 2764 5382 δὲ
2792 5324 3002 5400 Κύριον
3028 5328 3240 5400 Ἰησοδν
3262 5327 3496 5400 Χριστὸν
3523 5324 3582 5389 ἐξ
3605 5327 3719 5400 Ἰω-

2147 5343 2210 5389 de
2249 5343 2516 5388 hhionmls
2542 5343 2675 5386 ε’[ον
2709 5343 2764 5382 δε
2802 5343 3002 5400 λύριον
3033 5343 3240 5394 ἰησουν
3262 5343 3496 5449 λὲιστον
3523 5343 3582 5389 ες
3625 5343 3719 5376 ιω-

2147 5407 2254 5473 σὴφ
2279 5406 2371 5457 καὶ
2399 5406 2496 5473 τῆς
2517 5402 2733 5478 Μαρίας
2750 5401 2916 5478 ἔφησε
2937 5398 3326 5478 γεγενῆσθαι.υ
3353 5397 3598 5478 νθριυπον
3625 5395 3720 5464 μὲν

2149 5466 2296 5530 δνέα-
2333 5466 2500 5544 ἀρεέῇ
2536 5475 2592 5544 δὲ
2614 5466 2717 5524 ’καὶ
2749 5466 3082 5544 καθαρότητι
3109 5466 3215 5544 τῶν
3246 5466 3422 5544 ἀλλωι
3441 5466 3718 5544 διαφέρον-

2149 5563 2236 5604 τα,
2267 5530 2408 5597 κατά
2439 5530 2500 5597 δέ
2541 5543 2630 5596 τὸν
2673 5530 2961 5595 Μωσαῖκὺν
2999 5530 3344 5590 πολιτεύοντα
3367 5530 3553 5604 νόμον.
3581 5530 3725 5606 Lego

2151 5615 2542 5680 πολιτεύονται,
2576 5627 2751 5683 neque
2778 5613 2843 5664 ad
2877 5609 3154 5664 Christum
3185 5607 3374 5663 referri
3405 5614 3556 5676 puto.
