4170 6372
478 372 580 430 409

1105 365 1478 423 ADVERSUS
1516 366 1861 424 HERESES
1900 369 2029 425 LIB.

2162 369 2322 427 ΤΟΜ.
2365 371 2503 426 11.-
2545 371 2817 427 llAERES.
2859 372 3031 430 XXX.

3635 374 3741 432 4ἑο

478 482 736 557 ὡρίζετο·
764 486 829 536 ἐκ
856 481 1046 552 χρόνου
1074 480 1130 535 δέ
1160 497 1304 543 τινος
1356 482 1451 534 καὶ
1484 482 1644 553 δεῦρο
1684 485 1731 537 οἱ
1768 484 1955 547 αὑτοῦ,
1991 486 2064 548 ὼς

2170 483 2371 540 Verum
2409 488 2694 558 aliquanto
2748 489 2818 543 ab
2857 489 2987 542 hinc
3022 495 3267 559 tempore
3312 488 3367 542 in
3420 486 3745 544 hodiernum

478 580 556 641 εἰς
585 576 884 630 ἀσύστατον
914 575 1009 628 καὶ
1033 574 1316 645 ἀμήχανον
1344 573 1645 644 τρέψαντες
1671 576 1760 628 τὸν
1786 577 1917 629 ἴδιον
1938 576 2061 629 νοῦν

478 670 624 725 ἄλλοι
654 667 829 732 ἄλλως
878 667 1009 737 παρ’
1037 667 1221 729 αὐτοῖς
1269 665 1509 736 Χριστοῦ
1550 668 1884 737 διηγοῦνται.
1910 670 2063 739 Τάχα

476 758 530 812 δὲ
570 754 723 828 οἶμαι
770 757 878 811 ἀπὸ
919 756 1014 809 τοῦ
1064 755 1404 826 συναφθῆναι
1456 756 1639 820 αὐτοῖς
1697 758 1944 822 Ἦλξαῖον
1969 761 2062 813 τὸν

477 851 946 922 ψευδοπροφήτην,
979 848 1070 902 τὸν
1100 850 1249 918 παρά
1278 851 1390 911 τοῖς
1431 849 1726 919 Ἀμψηνοῖς
1762 853 1776 881 ¹
1819 851 1913 903 καὶ⁸
1948 852 2064 904 Ὀσ-

477 944 657 1012 σηνοῖς
716 941 811 995 καὶ
872 939 1239 1002 Ἑλκεσσαίοις
1295 939 1673 1010 καλουμένοις,
1734 940 1810 1004 ὼς
1856 943 2061 1005 ἐκεῖνος

477 1032 779 1099 φαντασίαν
834 1031 956 1084 τινὰ
999 1032 1128 1101 περὶ
1164 1030 1403 1102 Χριστοῦ
1446 1027 1749 1101 διηγεῖται,
1800 1032 1893 1085 καὶ
1931 1032 2061 1102 περὶ

478 1124 794 1195 Πνεύματος
821 1123 999 1191 ἁγίου.
1033 1123 1189 1185 Τινὲς
1215 1123 1323 1191 γὰρ
1350 1121 1410 1186 ἐξ
1437 1123 1615 1175 αὐτῶν
1646 1124 1740 1176 καὶ
1775 1124 1944 1193 Ἀδὰμ
1968 1124 2060 1177 τὸν

478 1214 714 1286 Χριστὸν
739 1210 876 1265 εἶναι
906 1213 1144 1279 λέγουσι.
1173 1213 1267 1265 τὸν
1292 1212 1510 1282 πρῶτον
1534 1211 1844 1265 πλασθέντα
1876 1230 1935 1264 τε
1964 1214 2060 1265 καὶ

477 1305 861 1375 ἐμφυσηθέντα
892 1304 1001 1356 ἀπὸ
1026 1303 1126 1371 τῆς
1157 1303 1250 1356 τοῦ
1284 1303 1419 1356 Θεοῦ
1448 1304 1752 1367 ἐπιπνοίας.
1786 1304 1971 1357 ’Ἄλλοι
2001 1305 2059 1358 δέ

476 1396 535 1447 ἐν
553 1395 736 1456 αὐτοῖς
768 1393 1018 1461 λέγουσιν
1058 1392 1265 1445 ἀνωθεν
1304 1394 1402 1462 μὲν
1432 1393 1581 1457 ὄντα,
1618 1394 1725 1464 πρὸ
1751 1395 1968 1449 πάντων
2001 1395 2058 1447 δὲ

477 1486 764 1549 κτισθέντα
811 1484 1029 1555 πνεῦμα
1080 1483 1229 1549 ὄντα,
1267 1485 1361 1538 καὶ
1396 1485 1536 1556 ὑπὲρ
1598 1486 1863 1554 ἀγγέλους
1907 1486 2057 1547 ὄντα,

479 1576 696 1630 πάντων
725 1592 785 1628 τε
834 1573 1173 1645 κυριεύοντα,
1224 1574 1318 1626 καὶ
1377 1576 1612 1645 Χριστὸν
1660 1575 1937 1643 λέγεσθαι,
1970 1576 2060 1629 τὸν

480 1666 657 1717 ἐκεῖσε
682 1663 738 1716 δὲ
771 1662 942 1716 αἰῶνα
985 1662 1390 1733 κεκληρῶσθαι.
1419 1664 1716 1734 Ἔρχεσθαι
1742 1665 1797 1717 δὲ
1826 1665 2061 1717 ἐνταῦθα

477 1755 568 1809 ὅτε
624 1755 893 1825 βούλεται,
948 1754 1023 1818 ὡς
1067 1756 1162 1808 καὶ
1208 1757 1264 1807 ἐν
1314 1754 1394 1824 τῷ
1441 1755 1610 1825 Ἀδὰμ
1640 1752 1792 1826 ἦλθε,
1824 1758 2063 1820 καὶτοῖς

2165 594 2338 648 usque
2366 580 2532 644 diem,
2565 580 2657 649 qui
2689 580 2810 648 ejus
2842 595 3084 636 errorem
3119 581 3293 635 secuti
3346 588 3495 643 sunt,
3548 580 3746 635 animis

2161 684 2350 723 eorum
2418 669 2471 723 in
2539 669 2781 724 absurda
2839 684 2903 722 ac
2962 668 3218 739 perplexa
3275 668 3432 737 127
3494 666 3745 736 quaedam

2162 760 2443 829 abreptis,
2498 759 2590 812 alii
2644 759 2805 813 aliter
2851 758 2919 812 de
2966 757 3188 811 Christo
3239 758 3613 826 pronuntiant.
3670 758 3748 809 Ae

2162 851 2432 921 suspicari
2479 864 2613 904 sane
2664 848 2811 915 licet,
2841 848 2912 903 ab
2956 863 3022 903 eo
3077 856 3324 916 tempore
3367 862 3477 917 quo
3533 862 3590 900 se
3636 845 3746 899 illis

2161 943 2377 999 Elxams
2408 942 2659 1012 adjunxit
2690 940 2864 997 falsus
2891 936 3113 1010 quidam
3147 940 3435 1009 propheta,
3473 940 3565 1009 qui
3603 937 3747 1009 apud

2163 1029 2498 1100 Sampsenos
2527 1036 2583 1084 et
2612 1028 2858 1084 Ossenos
2888 1042 3052 1100 atque
3082 1029 3384 1083 Elcessaros
3416 1029 3647 1091 exstitit,
3678 1028 3748 1082 ab

2158 1119 2351 1175 eodem
2410 1119 2634 1174 edoctos
2685 1119 2983 1174 conﬁctum
3018 1119 3085 1175 de
3137 1119 3363 1174 Christo
3414 1134 3479 1173 ac
3537 1118 3748 1188 Spiritu

2158 1222 2351 1265 sancto
2381 1211 2568 1265 nescio
2596 1211 2729 1280 quid
2768 1210 2985 1266 etIutire
3014 1212 3272 1281 ccepisse.
3317 1210 3574 1265 Nonnulli
3603 1210 3749 1266 enim

2158 1317 2225 1356 ex
2264 1302 2333 1356 iis
2363 1300 2633 1357 Adamum
2685 1301 2858 1356 fuisse
2904 1303 3187 1358 Christum
3235 1302 3558 1372 praedicant,
3591 1303 3749 1356 illum

2158 1388 2379 1459 inquam
2403 1388 2692 1455 Adamum,
2722 1390 2815 1459 qui
2848 1390 3060 1459 primus
3087 1405 3117 1443 a
3146 1389 3256 1445 Deo
3291 1390 3564 1445 formatus
3607 1390 3751 1458 ejus-

2158 1480 2281 1534 dem
2316 1488 2401 1534 est
2431 1480 2705 1534 animatus
2735 1480 2938 1535 alﬂatu.
2968 1481 3075 1535 Alii
3101 1497 3131 1535 e
3156 1482 3297 1535 coelo
3323 1482 3601 1535 Christum
3629 1496 3751 1536 esse

2159 1567 2515 1632 conﬁtentur,
2560 1569 2655 1624 sed
2703 1576 2831 1623 ante
2863 1570 3047 1623 omnia
3077 1578 3348 1633 creatum,
3381 1585 3446 1623 ac
3489 1570 3749 1639 spiritum

2160 1678 2284 1717 esse
2300 1662 2617 1731 quemdam,
2650 1663 2966 1732 angelisque
2996 1668 3277 1732 praestare,
3311 1671 3476 1732 atque
3506 1662 3751 1715 omnium

2164 1769 2349 1807 rerum
2406 1752 2747 1806 dominatum
2801 1760 3009 1818 tenere,
3071 1753 3332 1823 appellari
3376 1768 3541 1823 porro
3593 1752 3750 1807 Chri-

479 1846 849 1917 πατριάρχαις
904 1844 1156 1912 ἐφαίνετο
1209 1843 1527 1913 ἐνδυόμενος
1577 1845 1640 1896 τὸ
1689 1844 1885 1915 σῶμα·
1924 1846 2062 1915 πρὸς

2165 1855 2330 1902 strm.
2365 1846 2470 1913 Qui
2500 1863 2622 1901 eum
2660 1854 2977 1917 perpetuam
3008 1847 3119 1901 illic
3154 1847 3547 1901 habitationem
3582 1844 3750 1900 sorti-

490 1938 741 2009 Ἀϐραάμ
792 1954 853 1990 τε
899 1936 1069 1989 ἐλθὼν
1114 1937 1207 1989 καὶ
1253 1935 1439 1988 Ἰσαὰκ
1469 1936 1565 1989 καὶ
1605 1935 1818 1999 Ἰακὼϐ,
1852 1937 2062 2000 όαὺτδς

476 2032 563 2084 ἐπ’
619 2031 865 2100 ἐσχάτων
924 2029 1032 2081 τῶν
1086 2027 1308 2099 ἡμερῶν
1338 2023 1491 2097 ἦλθε,
1521 2029 1616 2081 καὶ
1644 2031 1776 2082 αὐτὸ
1814 2028 1876 2081 τὸ
1906 2028 2063 2099 σῶμα

475 2123 569 2176 τοῦ
600 2122 771 2193 Ἀδὰμ
793 2121 1099 2186 ἐνεδύσατο,
1122 2122 1215 2173 καὶ
1239 2118 1395 2191 ὤφθη
1422 2120 1516 2173 ἀνθ
1527 2137 1724 2191 ρωπος,
1755 2121 1847 2173 καλ⁵
1869 2122 2062 2173 ἐσταυ-

480 2214 651 2286 ρώθη,
684 2215 774 2267 καὶ
794 2214 1014 2285 ἀνέστη,
1034 2214 1130 2267 καὶ
1160 2212 1409 2285 ἀνῆλθεν.
1439 2213 1605 2266 Πάλιν
1631 2213 1688 2266 δὲ
1716 2213 1805 2266 ὅτε
1844 2212 2062 2283 βούλον-

475 2322 565 2359 ται
617 2305 887 2373 λέγουσιν,
916 2306 1071 2375 Οὐχὶ,
1105 2303 1243 2358 ἀλλά
1266 2307 1345 2367 εἰς
1393 2305 1559 2358 αὐτὸν
1585 2301 1716 2375 ἦλθε
1737 2306 1797 2357 τὸ
1814 2304 2060 2375 Πνεῦμα,

476 2397 612 2467 ὅπερ
645 2397 793 2449 ἐστὶν
825 2398 853 2449 ὁ
882 2396 1134 2467 Χριστὸς,
1166 2397 1260 2450 καὶ
1300 2395 1587 2449 ἐνεδύσατο
1630 2397 1793 2449 αὐτὸν
1826 2397 1921 2451 τὸν
1959 2399 2064 2467 Ἰη-

478 2489 607 2543 σοῦν
639 2488 993 2559 καλούμενον.
1046 2488 1156 2542 Καὶ
1206 2487 1374 2559 πολλὴ
1406 2490 1536 2559 παρ’
1562 2489 1747 2552 αὐτοῖς
1777 2490 2060 2556 σκότωσις,

475 2578 658 2632 ἄλλοθι
708 2578 882 2643 ἄλλως
935 2580 1029 2633 καὶ
1072 2580 1250 2643 ἄλλως
1285 2580 1446 2633 αὑτὸν
1481 2581 1911 2651 ὑποτιθεμένοις.
1954 2582 2064 2634 Καὶ

475 2669 722 2739 δέχονται
750 2669 848 2739 μὲν
873 2669 967 2723 καὶ
994 2669 1147 2722 αὐτοὶ
1163 2668 1224 2722 τὸ
1245 2667 1388 2722 κατά
1404 2667 1682 2721 Ματθαῖον
1709 2668 2059 2735 Εὐαγγέλιοψ

474 2761 651 2831 τούτῳ
698 2762 807 2832 γὰρ
846 2762 942 2814 καὶ
992 2761 1168 2824 αὐτοὶ,
1228 2759 1304 2824 ὡς
1361 2760 1455 2812 καὶ
1506 2762 1555 2812 oi
1605 2759 1745 2812 κατὰ
1791 2758 2064 2830 Κήρινθον

476 2853 717 2922 χρῶνται
752 2853 898 2922 μόνῳ
928 2869 938 2882 ·
970 2851 1195 2904 καλοῦσι
1222 2851 1278 2903 δὲ
1306 2852 1439 2903 αὐτὸ
1472 2851 1611 2904 κατά
1651 2850 1954 2921 Ἐϐραίους,
1988 2850 2063 2913 ὡς

474 2943 546 2997 τὰ
569 2944 745 3015 ἀληθῆ
776 2947 925 2997 ἐστιν
948 2946 1143 3007 εἰπεῖν,
1174 2945 1254 2997 ὅτι
1282 2943 1559 3007 Ματθαῖος
1591 2943 1750 3015 μόνος
1781 2943 2062 3012 Ἐϐραϊστὶ

416 3075 425 3086 .
474 3035 569 3087 καὶ
636 3035 947 3106 Ἑϐραϊκοῖς
1005 3034 1327 3104 γράμμασιν
1383 3035 1440 3085 ἐν
1494 3036 1558 3103 τῇ
1605 3031 1776 3103 Καινῇ
1819 3031 2063 3105 Διαθήκῃ

476 3127 771 3197 ἐποιήσατο
824 3127 923 3197 τὴν
978 3126 1071 3178 τοῦ
1111 3124 1441 3193 Εὐαγγελίου
1476 3123 1693 3177 έκθεσίν
1725 3140 1783 3176 τε
1833 3123 1929 3177 καὶ
1962 3125 2064 3192 κή-

2166 1950 2254 1996 tus
2295 1943 2385 2005 sit,
2435 1942 2651 2010 quoties
2696 1942 2917 1995 libuerit
2968 1942 3022 1996 in
3074 1943 3189 1997 hare
3224 1942 3409 1996 intima
3458 1942 3751 2007 delabitur,

2163 2030 2623 2098 quemadmodum
2660 2031 2713 2083 in
2750 2030 2958 2084 Adamo
2987 2030 3265 2086 descendit
3302 2038 3357 2085 et
3419 2031 3750 2100 patriarchis

2165 2135 2394 2190 corpore
2422 2120 2796 2176 circumfusus
2831 2122 3117 2191 apparuit;
3151 2122 3298 2176 velut
3326 2138 3451 2177 cum
3485 2124 3549 2176 ad
3577 2122 3739 2176 Abra-

2165 2212 2412 2279 hammn,
2446 2211 2715 2275 lsaacum,
2745 2222 2798 2267 et
2821 2211 3084 2267 Jaeobum
3129 2214 3284 2269 adiit.
3338 2213 3483 2269 Idem
3517 2214 3749 2283 denique

2165 2308 2463 2377 postremis
2498 2307 2837 2376 temporibus
2890 2307 3058 2369 venit,
3106 2306 3299 2360 Adami
3352 2321 3582 2375 corpore
3620 2321 3747 2359 con-

2166 2406 2368 2460 tectus,
2397 2407 2451 2453 et
2480 2398 2647 2451 homo
2674 2398 2827 2452 visus
2861 2404 2966 2460 est,
3019 2398 3076 2450 in
3129 2412 3349 2451 erucem
3382 2397 3631 2451 sublatus
3661 2413 3748 2451 re-

2165 2488 2424 2555 surrexit,
2452 2496 2507 2542 et
2539 2486 2784 2542 ascendit
2816 2487 2870 2542 in
2902 2488 3125 2542 caelum.
3164 2486 3381 2543 Rursus
3409 2489 3499 2543 ubi
3534 2489 3749 2544 libuerit

2166 2579 2241 2633 ita
2279 2594 2402 2634 sese
2444 2594 2558 2632 rem
2592 2578 2794 2632 habere
2825 2587 3062 2647 negant;
3116 2579 3172 2631 in
3220 2594 3452 2647 eumque
3486 2579 3750 2632 duntaxat

2165 2684 2289 2725 sese
2324 2678 2575 2723 sanctum
2604 2667 2873 2723 infudisse
2903 2667 3192 2737 Spiritum,
3222 2670 3313 2737 qui
3340 2679 3425 2723 est
3452 2685 3570 2739 Ipse
3598 2670 3750 2723 Chri-

2165 2767 2318 2824 stus,
2386 2775 2624 2830 eumque
2684 2760 2777 2829 qui
2827 2758 2989 2814 Jesus
3048 2767 3280 2814 vocatus
3339 2767 3423 2815 est
3481 2761 3748 2817 induisse.

2166 2850 2534 2915 Quamobrem
2564 2848 2891 2903 densissima
2927 2849 3171 2917 quaedam
3203 2848 3311 2904 illis
3339 2856 3422 2904 est
3456 2850 3629 2904 offusa
3659 2866 3750 2905 ca-

2165 2942 2293 3011 ligo,
2328 2940 2459 2994 dum
2494 2938 2632 2995 alias
2663 2941 2823 2994 aliter
2867 2940 2936 2994 de
2969 2939 3191 2995 Christo
3214 2942 3472 3011 opinione
3500 2957 3600 2996 sua
3633 2952 3750 2995 sta-

2169 3040 2351 3087 tuunt.
2404 3032 2583 3103 Atque
2640 3033 2996 3103 Evangelium
3049 3033 3125 3086 illi
3177 3035 3397 3102 quidem
3448 3035 3749 3089 secundum

2169 3124 2482 3179 Matthzeum
2512 3125 2832 3188 admittunt,
2866 3140 2975 3195 quo
3008 3126 3127 3181 solo
3158 3125 3635 3183 Cerinthianorum
3667 3128 3750 3183 vel

479 3235 680 3289 ρυγμα.
720 3219 859 3287 Ἤδη
886 3218 942 3270 δέ
967 3234 1070 3270 που
1096 3217 1188 3270 καί
1211 3234 1354 3279 τινες
1387 3216 1548 3269 πάλιν
1577 3215 1803 3284 ἔφασαν,
1828 3216 1921 3268 καὶ
1952 3216 2058 3268 ἀπὸ

2171 3216 2663 3271 Merinthianorum
2712 3216 2889 3269 instar
2935 3224 3185 3282 utuntur,
3230 3219 3395 3288 idque
3440 3220 3619 3289 ipsum
3666 3235 3749 3275 se-

474 3310 574 3379 τῆς
613 3309 927 3379 Ἑλληνικῆς
952 3308 1227 3362 διαλέκτου
1261 3308 1355 3361 καὶ
1385 3309 1445 3360 τὸ
1478 3308 1619 3361 κατά
1668 3309 1921 3377 Ἰωάννην
1964 3324 2059 3376 με-

474 3401 748 3470 ταληφθὲν
776 3400 1033 3471 Ἑϐραΐδα
1065 3400 1401 3471 ἐμφέρεσθαι
1435 3402 1492 3452 ἐν
1524 3403 1633 3462 τοῖς
1653 3400 1761 3452 τῶν
1798 3398 2062 3453 Ἰουδαίων

476 3488 922 3558 γαζοφυλακίοις,
972 3492 1114 3559 φημὶ
1149 3490 1205 3542 δὲ
1237 3493 1350 3553 τοῖς
1408 3493 1465 3542 ἐν
1509 3489 1806 3557 Τιϐεριάδι,
1840 3491 1934 3542 καὶ
1980 3492 2066 3542 ἐν-

473 3578 797 3632 αποκεῖσθαι
818 3580 877 3631 ἐν
906 3579 1266 3649 ἀποκρύφοις,
1289 3579 1364 3643 ὥς
1378 3597 1519 3643 τινες
1537 3580 1645 3632 τῶν
1667 3581 1774 3633 ἀπὸ
1790 3580 2058 3633 Ἰουδαίων

475 3670 927 3724 πεπιστευκότων
979 3672 1332 3741 ὑφηγήσαντο
1366 3674 1497 3742 ἡμῖν
1545 3672 1687 3725 κατά
1735 3672 2059 3742 λεπτότητα.

476 3763 552 3814 Οὐ
581 3762 686 3833 μὴν
717 3763 853 3815 ἀλλὰ
891 3764 985 3816 καὶ
1037 3764 1145 3816 τῶν
1195 3764 1453 3832 Πράξεων
1487 3764 1593 3816 τῶν
1623 3764 1936 3817 ἀποστόλων
1968 3763 2065 3834 τὴν

479 3854 658 3926 βίϐλον
690 3856 958 3919 ὡσαύτως
988 3857 1095 3909 ἀπὸ
1136 3856 1385 3920 Ἑλλάδος
1423 3855 1673 3926 γλώσσης
1700 3857 1779 3918 είς
1809 3856 2065 3926 Ἐϐραΐδα

478 3947 910 4018 μεταϐληθεωαν
940 3949 1096 4017 λόγος
1124 3948 1258 4017 ἔχει,
1292 3949 1385 4001 καὶ
1414 3949 1592 3999 ἐκεῖσε
1628 3946 1841 3999 κεῖσθαι
1863 3948 1919 3997 ἐν
1953 3950 2066 4009 τοῖς

475 4040 925 4107 γαζοφυλακίοις,
958 4042 1034 4104 ὡς
1080 4042 1175 4112 κα).
1220 4042 1326 4094 ἀπὸ
1353 4040 1547 4094 τούτου
1573 4042 1699 4103 τοὺς
1726 4040 2060 4108 ἀναγνόντας

488 4130 775 4192 Ἰουδαίους
825 4131 953 4194 τοὺς
1008 4132 1141 4201 ἡμῖν
1191 4130 1650 4203 ὑφηγησαμένους
1706 4132 1786 4193 εἰς
1828 4131 2061 4200 Χριστὸν

475 4222 927 4276 πεπιστευκέναι.

2166 3307 2409 3362 cundum
2450 3307 2711 3362 Hebraeos
2747 3308 3044 3376 appellant.
3099 3309 3312 3363 Etenim
3344 3324 3473 3364 vere
3507 3309 3640 3363 illud
3671 3308 3749 3363 af-

2163 3399 2382 3452 ﬁrmare
2414 3412 2731 3467 possumus,
2762 3413 2927 3451 unum
2975 3415 3043 3453 ex
3086 3400 3343 3454 omnibus
3384 3398 3519 3453 Novi
3559 3398 3749 3454 Testa-

2162 3491 2330 3545 menti
2365 3490 2728 3560 scriptoribus
2775 3490 3085 3545 Matthasum
3120 3490 3405 3554 Hebraice,
3441 3506 3506 3546 ac
3552 3492 3748 3546 litteris

2162 3583 2444 3639 Hebraicis
2487 3584 2860 3654 evangelicam
2897 3585 3183 3639 historiam
3215 3585 3477 3641 texuisse.
3512 3583 3621 3639 Nec
3657 3585 3748 3639 de-

2164 3674 2314 3729 fuere
2344 3675 2438 3745 qui
2477 3675 2546 3730 de
2575 3674 2806 3730 Joannis
2838 3675 3133 3747 Erangelio
3169 3676 3580 3741 conﬁrmarent,
3616 3676 3749 3732 illud

2163 3763 2429 3820 Hebraice
2459 3766 2784 3819 translatum
2829 3764 3118 3820 Tiberiade
3153 3766 3204 3819 in
3232 3765 3547 3820 Judzeorum
3589 3781 3748 3835 gazo-

2162 3857 2425 3928 phylaciis
2456 3857 2752 3923 asservari,
2787 3865 2842 3912 et
2884 3857 2939 3911 in
2989 3858 3380 3913 secretioribus
3423 3856 3748 3928 quibusdam

2163 3949 2540 4019 penetralibus
2578 3949 2804 4003 recondi
2838 3966 2851 4001 :
2886 3948 2938 4003 id
2978 3950 3123 4017 quod
3170 3950 3419 4003 nonnulli
3465 3950 3619 4012 mihi,
3656 3948 3747 4019 qui

2166 4057 2225 4095 se
2260 4039 2329 4093 ad
2353 4039 2561 4094 Christi
2591 4039 2750 4094 Iidem
2777 4055 2807 4093 e
2832 4037 3120 4093 Judaismo
3147 4041 3562 4104 transtulerant,
3587 4053 3744 4109 accu-

2164 4133 2444 4187 ratissime
2494 4131 2869 4187 declararunt.
2919 4128 3033 4184 lmo
3062 4138 3118 4183 et
3169 4130 3535 4198 apostolorum
3580 4128 3746 4184 Actus

2168 4222 2223 4275 in
2287 4219 2618 4274 Hebraicum
2690 4233 2999 4273 sermonem
3077 4218 3299 4287 perinde
3370 4232 3668 4272 conversos
3719 4233 3746 4272 e

474 4312 665 4366 Graeco
709 4313 901 4368 iisdem
950 4314 1006 4368 in
1057 4314 1333 4369 thesauris
1373 4315 1562 4370 haberi
1603 4316 1899 4369 multorum
1946 4327 2198 4370 sermone
2228 4312 2541 4383 percrebuit
2588 4311 2728 4381 :qui
2781 4311 2939 4366 nobis
3004 4311 3110 4365 ista
3164 4309 3463 4365 narrabant
3512 4309 3746 4364 indidem

475 4404 805 4459 Christianae
844 4406 1238 4474 amplectenda:
1284 4407 1406 4461 tidei
1448 4407 1796 4463 occasionem
1835 4417 2186 4475 acceperunt.

544 4498 619 4549 A'.
654 4491 765 4549 Ἦν
801 4496 857 4549 δέ
892 4515 977 4562 τις
1002 4499 1183 4552 αὐτῶν
1218 4498 1499 4570 Ἰώσηπος,
1522 4500 1667 4570 οὑχὸ
1689 4501 2057 4570 συγγραφεὺς,
2092 4506 2140 4563 D

474 4590 572 4641 καὶ
618 4591 1053 4661 ἱστοριογράφος,
1083 4594 1175 4644 καὶ
1204 4592 1432 4656 παλαιὸς
1471 4594 1701 4655 ἐκεῖνος,
1743 4592 1858 4645 ἀλλ’
1886 4594 1915 4645 ό
1950 4591 2060 4646 ἀπὸ

475 4680 810 4752 Τιϐεριάδος,
836 4683 865 4734 ό
894 4683 951 4735 ἐν
981 4684 1189 4756 χρόνοις
1209 4683 1302 4735 τοῦ
1324 4685 1628 4755 μακαρίτου
1649 4685 2057 4738 Κωνσταντίνου

473 4768 566 4822 τοῦ
598 4770 1035 4839 βασιλεύσαντος,
1066 4772 1158 4825 τοῦ
1185 4773 1441 4844 γέροντος
1465 4791 1477 4801 ·
1504 4774 1563 4838 ὃς
1609 4777 1704 4828 καὶ
1734 4778 1865 4847 παρ’
1889 4775 2057 4829 αὐτοῦ

473 4860 569 4935 τοῦ
605 4861 870 4931 βασιλέως
920 4862 1229 4934 ἀξιώματος
1276 4867 1531 4936 κομήτων
1570 4866 1749 4937 ἔτυχε,
1786 4868 1879 4920 καὶ
1903 4867 2058 4932 ἐξου-

476 4952 597 5006 σίαν
625 4954 844 5022 εἴληφεν
880 4957 938 5007 ἐν
970 4958 1036 5026 τῇ
1074 4956 1208 5027 αὑτῇ
1240 4956 1515 5028 Τιϐεριάδι
1563 4959 1888 5031 Ἐκκλησίαν
1922 4961 2056 5030 Χρι-

475 5043 586 5112 στῷ
642 5043 877 5115 ἱδρῦσαι,
927 5048 1022 5100 καὶ
1054 5049 1111 5099 ἐν
1160 5050 1566 5120 Διοκαισαρείᾳ,
1609 5051 1704 5104 καὶ
1734 5053 1793 5104 ἐν
1828 5053 2055 5122 Καπερ-

473 5134 668 5201 ναοὺμ,
704 5136 797 5188 καὶ
829 5139 949 5200 ταῖς
982 5137 1168 5202 ἄλλαις
1188 5157 1201 5170 ·
1244 5140 1302 5203 ὃς
1329 5141 1424 5193 καὶ
1456 5141 1627 5195 πολλά
1667 5143 1934 5197 πέπονθεν
1964 5145 2055 5196 ὑπ’

472 5223 653 5276 αὐτῶν
695 5225 801 5277 τῶν
866 5227 1155 5292 Ἰουδαίων,
1213 5231 1342 5301 πρὶν
1385 5230 1418 5301 ἢ
1452 5231 1529 5302 τῷ
1556 5233 1773 5285 Βασιλεῖ
1825 5236 2056 5305 ἐμφανι-

473 5314 690 5383 σθῆναι.
749 5309 917 5382 Οὗτος
970 5320 1078 5390 γὰρ
1130 5323 1158 5373 ὁ
1215 5321 1476 5391 Ἰώσηπος
1519 5325 1629 5377 τῶν
1686 5327 1816 5395 παρ’
1876 5327 2057 5390 αὐτοῖς

472 5404 862 5477 ἀξιωματικῶν
918 5412 1127 5482 ἀνδρῶν
1186 5415 1499 5485 ἐναρίθμιος
1530 5412 1619 5487 ἦν.
1662 5418 1783 5470 Εἰσὶ
1822 5418 1877 5471 δὲ
1910 5413 2055 5472 οῦτοι

473 5498 613 5565 μετά
662 5498 753 5550 τὸν
804 5501 1149 5573 πατριάρχην
1205 5503 1315 5573 (14)
1362 5504 1649 5557 ἀπόστολοι
1696 5505 2051 5575 καλούμενοι’

546 5631 561 5660 ¹
602 5628 662 5683 F.
690 5632 1022 5704 Σαμψηνοῖς.

544 5736 655 5819 (id)
699 5732 833 5819 ξῖὶοίὶ
877 5742 946 5795 δὲ
986 5738 1152 5799 οὗτοι
1188 5746 1338 5816 μετὰ
1364 5746 1470 5819 τὸν
1493 5745 1879 5819 πατριάρχην.
1921 5746 2053 5801 Tam

473 5811 913 5878 patriarcharum
943 5853 958 5880 ,
1013 5811 1202 5885 quam'
1231 5811 1619 5887 apostolorum
1650 5811 1943 5888 dignitates
1993 5834 2055 5874 ac

2249 4496 2341 4551 IV.
2386 4496 2516 4550 Fuit
2560 4512 2626 4550 ex
2678 4496 2901 4548 illorum
2943 4509 3170 4548 numero
3216 4492 3487 4565 Iosephus
3527 4496 3745 4565 quidam

2162 4605 2271 4645 non
2302 4588 2548 4644 historiae
2578 4587 2669 4642 ille
2707 4587 2944 4656 scriptor
2981 4586 3144 4656 128
3189 4588 3475 4655 antiquus,
3521 4588 3617 4642 sed
3656 4587 3743 4640 Ti-

2160 4683 2507 4738 beriadensis
2542 4682 2701 4744 alter,
2734 4680 2828 4750 qui
2875 4680 3046 4734 beatae
3093 4680 3373 4735 memoriae
3401 4679 3745 4734 Constantini

2162 4775 2395 4830 senioris
2426 4773 2774 4844 imperatoris
2816 4779 2978 4827 aetate
3018 4771 3154 4826 vixit
3187 4790 3200 4825 :
3236 4786 3266 4825 a
3304 4787 3416 4840 quo
3447 4771 3611 4825 etiam
3644 4770 3738 4825 Cor

2161 4866 2403 4920 mitivam
2437 4866 2667 4935 accepit,
2702 4881 2827 4920 eum
2856 4881 2919 4920 ea
2958 4871 3253 4933 potestate,
3280 4871 3342 4917 ut
3375 4879 3499 4918 cum
3534 4865 3587 4918 in
3614 4865 3742 4919 urbe

2160 4958 2619 5029 ipsaTiberiadis,
2650 4966 2765 5012 tum
2808 4957 3185 5015 Diocaesareae.
3212 4956 3624 5025 Capharnaumi
3681 4971 3745 5010 ac

2159 5051 2356 5105 vicinis
2405 5050 2531 5104 aliis
2583 5050 2637 5103 in
2672 5050 2888 5119 oppidis
2933 5048 3212 5101 Ecclesias
3247 5048 3299 5099 in
3335 5046 3543 5101 Christi
3575 5048 3748 5101 hono-

2159 5157 2272 5196 rem
2302 5149 2628 5195 exstrueret.
2666 5142 2769 5206 Qui
2803 5141 3023 5211 quidem
3053 5138 3371 5208 priusquam
3405 5139 3470 5191 ad
3504 5139 3744 5207 impera-

2159 5235 2298 5287 toris
2338 5233 2590 5286 notitiam
2642 5232 3002 5301 pervenisset,
3050 5228 3457 5299 quamplurima
3505 5229 3572 5281 ab
3610 5230 3745 5298 ipsis

2158 5319 2361 5374 Judaeis
2386 5330 2471 5375 est
2501 5335 2719 5389 passus.
2764 5319 2978 5374 Etenim
3010 5320 3099 5372 hic
3130 5319 3246 5387 ipse
3280 5316 3552 5387 Iosephus
3578 5335 3641 5372 ex
3677 5320 3743 5373 il-

2159 5414 2337 5467 lorum
2363 5421 2482 5467 erat
2512 5412 2727 5475 ordine,
2762 5413 2855 5482 qui
2892 5414 3033 5482 apud
3066 5410 3282 5465 Judzeos
3319 5410 3618 5480 principem
3670 5414 3743 5465 lo-

2158 5519 2282 5558 cum
2324 5503 2610 5573 dignitatis
2652 5502 2901 5557 obtinent
2931 5520 2943 5556 :
2973 5516 3112 5572 quos
3160 5499 3381 5571 quidem
3435 5502 3735 5555 secundum

2158 5749 2420 5803 vocabula
2455 5749 2597 5820 apud
2640 5748 2857 5803 Judzeos
2884 5749 3102 5803 nonnisi
3134 5756 3257 5816 post
3282 5747 3434 5820 urbis
3460 5747 3732 5820 excidium

2157 5830 2417 5889 usurpata
2466 5817 2738 5876 videntur.
2778 5820 2849 5874 De
2884 5821 3212 5890 patriarchis
3257 5821 3310 5873 in
3360 5817 3570 5875 Theud.
3605 5825 3711 5873 cod
