4170 6372
422 373 523 432 ιιι

1798 375 1857 432 S.
1900 374 2239 429 EPIPHANII

3573 373 3679 431 M9.

422 490 792 561 patriarcham
846 491 1125 560 apostolos
1173 492 1480 546 nominant.
1527 492 1784 547 Assident
1817 494 1870 547 hi
1907 508 1997 563 pu-

2106 490 2525 562 προσεδρεὺουσι
2565 490 2621 544 δέ
2652 490 2728 559 τῷ
2766 490 3095 561 πατριάρχῃ,
3117 488 3211 541 καὶ
3252 488 3348 541 σὺν
3373 488 3518 560 αὑτῷ
3544 489 3676 541 πολ-

423 579 682 637 triarcha:
722 589 777 638 et
838 597 963 637 cum
996 599 1060 638 eo
1095 584 1293 652 saepius
1329 584 1423 638 diu
1470 590 1743 654 noctuque
1777 598 2002 638 versan-

423 682 518 726 tur
549 690 563 726 ι
598 672 745 742 quod
782 672 958 727 eidem
1010 689 1040 726 a
1080 674 1327 729 consiliis
1372 674 1504 736 sint,
1552 689 1617 727 ac
1663 677 1728 729 de
1762 675 1828 728 iis
1864 674 2004 729 refe-

424 772 570 828 rant,
602 779 722 833 quae
767 764 831 818 ad
884 764 1053 835 legem
1105 764 1376 833 pertinere
1424 764 1693 819 videntur.
1726 764 1854 818 Erat
1888 773 2001 818 tum

427 857 755 926 patriarchte
808 871 1005 910 nomen
1042 853 1195 910 Ellel.
1238 856 1346 925 (lta’
1398 858 1545 912 enim
1596 863 1652 910 et
1692 873 1720 910 a
1767 855 2004 924 Josepho

421 948 699 1001 nominari
750 947 975 1001 solitum
1016 946 1272 1010 arbitror,
1323 947 1430 1002 nisi
1482 962 1568 1002 me
1616 949 1689 1002 ob
1738 949 2002 1017 temporis

426 1041 879 1110 longinquitatem
928 1039 1064 1093 fallit
1093 1039 1402 1110 memoria.)
1445 1039 1494 1093 ls
1526 1055 1556 1093 e
1594 1044 1765 1110 stirpe
1801 1039 2002 1093 Gama-

426 1131 569 1186 lielis
611 1131 877 1201 originem
928 1139 1186 1195 traxerat,
1234 1130 1327 1199 qui
1377 1130 1811 1199 patriarchatum
1860 1130 2004 1201 apud

424 1222 549 1275 illos
580 1222 774 1274 tenuit.
812 1218 985 1284 Quem
1032 1221 1197 1273 etiam
1249 1219 1516 1289 suspicari
1568 1221 1764 1274 merito
1810 1236 2005 1289 possu-

425 1330 573 1375 mus,
612 1321 670 1366 ut
713 1327 742 1364 a
793 1311 1067 1381 plerisque
1096 1311 1370 1380 proditum
1419 1320 1524 1375 est,
1570 1327 1601 1365 e
1647 1313 1805 1381 primi
1858 1314 2003 1368 illius

426 1397 743 1456 Gamalielis
775 1415 972 1470 genere
1000 1416 1124 1455 esse
1161 1409 1505 1469 prognatum,
1536 1399 1632 1469 qui
1666 1401 1769 1453 sub
1793 1400 2001 1455 Christi

426 1494 640 1549 Domini
675 1494 983 1563 passionem
1016 1501 1206 1547 auctor
1230 1494 1349 1561 ejus
1379 1494 1593 1546 consilii
1637 1491 1839 1547 Juda-is
1876 1492 2000 1557 fuit,

425 1592 543 1637 uta
582 1584 973 1654 persequendis
1022 1584 1289 1653 apostolis
1345 1584 1701 1639 abstinerent.
1764 1583 2002 1640 Moriens

425 1672 559 1732 Ellel
591 1678 828 1731 vicinum
878 1677 1197 1746 episcopum
1235 1674 1609 1732 Tiberiensem
1655 1678 1905 1742 arcessit,
1935 1678 2004 1733 ab

424 1786 599 1839 collue
626 1770 833 1824 lotione
862 1784 1019 1824 sacra
1055 1770 1158 1824 sub
1189 1769 1312 1822 vita:
1340 1769 1546 1823 exitum
1578 1785 1675 1839 per
1719 1770 2004 1825 medicinae

2104 583 2259 645 λάκις
2297 582 2390 636 καὶ
2425 586 2482 635 ἐν
2518 584 2674 637 νυκτὶ
2715 582 2809 635 xa‘t
2840 585 2897 635 ἐν
2927 583 3114 652 ἡμέρα
3150 581 3388 651 συνεχῶς
3411 581 3676 649 διάγουσι,

2102 673 2192 725 διὰ
2245 672 2307 724 τὸ
2341 672 2731 743 συμϐουλεύειν
2784 672 2876 724 καὶ
2910 672 3203 743 ἀναφέρειν
3246 672 3393 740 αὑτῷ
3425 672 3492 724 τὰ
3534 673 3675 725 κατὰ

2101 761 2192 813 τὸν
2250 762 2431 832 νόμον.
2480 763 2540 815 Ὀ
2584 762 2639 815 δὲ
2700 761 3045 832 πατριάρχης
3094 764 3211 815 κατ’
3264 764 3440 815 ἐκεῖνο
3482 762 3673 833 καιροῦ

2122 851 2312 919 Ἑλλὴλ
2333 850 2566 922 τοῦνομα
2596 848 2665 923 ἦν
2694 852 2933 922 (νομίζω
2965 852 3092 924 γὰρ,
3117 854 3196 905 ὅτι
3227 852 3397 915 οὕτως
3414 853 3473 905 τὸ
3505 853 3675 922 όνομα

2103 942 2265 995 αὑτοῦ
2301 943 2561 1014 Ἰώσηπος
2589 944 2793 1011 ἔλεγεν.
2828 946 2875 995 εί
2907 943 2981 1014 μὴ
3012 944 3120 997 ἀπὸ
3153 943 3248 996 τοῦ
3277 943 3466 1014 χρόνου
3508 944 3676 1012 σφάλ-

2102 1034 2306 1104 λομαι).
2370 1036 2463 1088 Ἐκ
2486 1036 2673 1103 γένους
2692 1035 2747 1088 δὲ
2780 1034 3059 1104 Γαμαλιήλ
3086 1035 3372 1104 ἐτύγχανε,
3404 1034 3500 1087 τοῦ
3540 1037 3670 1106 παρ’

2103 1124 2284 1188 αὑτοῖς
2314 1126 2602 1195 γενομένου
2638 1125 2994 1195 πατριάρχου.
3031 1126 3183 1177 Ἔστι
3224 1124 3281 1177 δὲ
3305 1123 3670 1195 διανοηθῆναι,

2103 1216 2178 1278 ὡς
2217 1215 2311 1268 καὶ
2356 1215 2503 1268 ἄλλοι
2558 1214 2731 1279 οὑτως
2781 1216 3063 1279 ὑπέθεντο,
3112 1215 3300 1269 τοῦτον
3346 1212 3485 1269 εἶναι
3519 1218 3676 1283 γένος

2104 1306 2308 1360 ἐκείνου
2336 1308 2429 1360 τοῦ
2462 1308 2677 1379 πρώτου
2715 1308 2826 1378 (15)
2860 1308 3157 1379 Γαμαλιὴλ,
3189 1306 3283 1360 τοῦ
3317 1308 3412 1359 ἐπὶ
3438 1308 3533 1361 τοῦ
3566 1309 3675 1361 Σω-

2102 1399 2264 1470 τῆρος
2301 1398 2394 1451 τοῦ
2444 1399 2585 1452 κατὰ
2633 1398 2767 1452 Θεὸν
2812 1399 3309 1469 συμϐουλεύσαντος
3343 1399 3675 1469 ἀποσχέσθαι

2102 1494 2199 1561 τῆς
2233 1491 2374 1543 κατὰ
2422 1491 2532 1544 τῶν
2569 1490 2878 1543 ἀποστόλων
2923 1491 3233 1561 ἐπιϐουλῆς.
3278 1491 3675 1544 Τελευτῶνδὲό

2116 1581 2304 1652 Ἐλλὴλ
2361 1581 2558 1651 ἠξίωσε
2608 1582 2698 1634 τὸν
2750 1581 2869 1635 κατ’
2916 1582 3089 1634 ἐκεῖνο
3134 1582 3326 1654 καιροῦ
3379 1584 3674 1636 ἐπίσκοπον

2103 1673 2476 1743 πλησιόχωρον
2496 1674 2596 1744 τῆς
2623 1672 2888 1744 Τιϐερίων
2906 1672 3055 1739 ὄντα,
3087 1673 3181 1726 καὶ
3214 1674 3510 1744 ἐκομίσατο
3544 1675 3674 1746 παρ’

2102 1763 2267 1816 αὑτοῦ
2306 1764 2366 1817 τὸ
2389 1764 2543 1830 ἆγιον
2569 1763 2792 1833 λουτρὸν
2819 1764 2912 1817 ἐπὶ
2937 1765 3003 1834 τῇ
3036 1763 3200 1834 ἐξόδῳ
3228 1764 3316 1817 διά
3350 1765 3676 1836 προφάσεως

425 1861 665 1931 speciem
697 1861 968 1931 expiatur.
1018 1860 1155 1915 Cum
1190 1864 1335 1917 enim
1367 1863 1683 1932 episcopum
1718 1878 1815 1933 per
1850 1862 1997 1919 Jose—

2102 1856 2201 1926 τῆς
2226 1857 2473 1928 ἰατρικῆς
2500 1856 2828 1919 ὑποθέσεως.
2856 1856 3357 1927 Μεταστειλάμενος
3379 1857 3486 1926 γὰρ
3514 1856 3675 1910 αὑτὸν
3710 1852 3715 1857 ’

425 1955 594 2023 phum
655 1955 804 2008 velut
857 1955 1128 2008 medicum
1178 1965 1482 2018 evocasset,
1515 1955 1784 2010 facessere
1829 1956 2000 2025 jussis

423 2045 717 2111 omnibus,
784 2048 1011 2116 supplex
1063 2047 1215 2101 illum
1278 2047 1589 2114 interpellat
1626 2048 1711 2102 his
1770 2050 1995 2105 verbis:

424 2137 620 2202 Quaeso
663 2146 735 2201 te,
774 2138 970 2208 inquit,
1021 2140 1151 2193 mihi
1188 2148 1245 2193 ut
1279 2141 1483 2196 Christi
1537 2143 1753 2212 signum
1805 2143 2003 2211 imper-

422 2231 548 2285 tias.
594 2229 729 2283 Tum
782 2232 979 2285 accitis
1029 2233 1295 2288 ministris
1338 2249 1534 2304 aquam
1585 2235 1777 2289 inferri
1824 2234 1999 2305 jubet,

423 2329 683 2389 tanquam
714 2322 999 2390 aegrotanti
1048 2324 1372 2392 patriarcha:
1414 2324 1589 2379 morbi
1626 2324 1897 2394 quoddam
1934 2340 2002 2379 ex

422 2427 566 2480 aqua
618 2413 914 2467 remedium
969 2430 1163 2483 parare
1213 2416 1391 2470 vellet.
1450 2414 1531 2469 llli
1583 2416 1715 2486 quid
1764 2424 2002 2471 strueret

424 2501 623 2569 ignari,
660 2501 927 2570 imperata
978 2504 1202 2557 faciunt.
1233 2503 1360 2559 lude
1394 2505 1775 2559 verecundiam
1828 2507 2001 2561 sintu-

423 2592 570 2659 lans,
603 2600 656 2647 et
710 2593 997 2649 universos
1050 2596 1201 2650 abire
1225 2596 1424 2666 jubens
1467 2598 1781 2667 patriarcha
1842 2611 2001 2654 sacro

423 2688 750 2756 baptismate
784 2700 849 2740 ac
880 2686 1082 2742 divinis
1114 2689 1391 2759 mysteriis
1424 2689 1672 2743 initiatus
1702 2698 1806 2745 est.

496 2943 557 2997 V.
600 2944 729 2997 Mihi
762 2959 889 2999 vero
916 2945 1051 3009 haec,
1084 2946 1162 3000 uti
1193 2946 1330 3012 dixi,
1365 2947 1551 3002 omnia
1579 2947 1851 3017 Joscphus
1886 2951 2001 3020 ipse

419 3036 698 3090 narrabat.
761 3034 909 3099 llzec,
967 3038 1214 3107 inquam,
1265 3055 1373 3094 non
1436 3040 1657 3094 aliunde
1709 3056 1872 3110 quam
1932 3058 2001 3096 ex

420 3126 651 3196 ipsumet
683 3128 829 3184 illius
854 3144 950 3184 ore
982 3131 1173 3194 didici,
1201 3146 1326 3184 cum
1368 3132 1559 3186 affecta
1592 3134 1705 3202 jam
1734 3144 1892 3189 astate
1922 3135 2001 3189 fo-

420 3226 526 3281 ret,
571 3233 635 3273 ac
668 3234 773 3272 Lxx
825 3221 947 3289 plus
999 3221 1180 3275 minus
1225 3236 1427 3275 annum
1469 3230 1671 3293 ageret.
1721 3223 1805 3275 Ad
1852 3224 1998 3277 hunc

421 3308 735 3379 Scythopoli
754 3311 1224 3381 diverteram,quo
1246 3328 1304 3367 se
1322 3311 1607 3368 Tiberiade
1635 3315 1724 3370 ille
1748 3316 2000 3370 contule-

420 3411 527 3467 rat,
550 3403 731 3473 ibique
747 3405 1029 3474 splendida
1061 3406 1307 3474 quaedam
1338 3406 1563 3460 aadilicia
1586 3407 1688 3461 sibi
1708 3423 1997 3478 compara-

419 3502 593 3548 verat.
642 3494 782 3549 Tum
817 3496 962 3549 enim
1017 3497 1178 3566 129
1221 3496 1488 3554 Eusebius
1540 3497 1902 3557 Vercellensis
1942 3502 1999 3555 in

422 3585 570 3639 Italia
602 3590 911 3656 episcopus,
939 3603 969 3640 a
1006 3588 1329 3643 Constantio
1362 3590 1432 3644 ob
1464 3590 1585 3645 ﬁdei
1634 3593 1997 3663 integritatem

414 3681 670 3734 exsulare
687 3679 977 3745 jussus,ab
1011 3681 1102 3733 illo
1119 3680 1354 3749 hospitio
1389 3689 1509 3735 erat
1533 3684 1999 3753 exceptus.Cujus

420 3771 695 3826 invisendi
750 3774 922 3841 gratia
980 3788 1104 3827 cum
1143 3788 1244 3844 ego
1286 3782 1339 3828 et
1392 3774 1588 3831 fratres
1629 3778 1850 3846 quidam
1907 3778 1996 3831 alii

424 3864 784 3926 venissemus,
848 3865 1038 3920 iisdem
1096 3882 1194 3922 nos
1249 3869 1458 3922 aedibus
1509 3871 1711 3938 recepti
1773 3871 1995 3926 fuimus.

423 3953 525 4008 Ubi
583 3971 708 4009 cum
757 3955 995 4024 Josepho
1044 3958 1385 4013 familiariter
1438 3963 1658 4023 versati,
1713 3963 1887 4030 deque
1932 3979 1998 4018 eo

420 4046 686 4100 sciscitati
721 4049 851 4117 quid
878 4048 982 4117 ipsi
1042 4050 1261 4103 demum
1312 4051 1626 4118 accidisset,
1680 4055 1824 4122 quod
1874 4070 1997 4109 eum

419 4135 565 4205 apud
617 4136 835 4192 Iudaeos
897 4140 1164 4193 illustrem
1224 4140 1395 4195 fuisse
1470 4144 1769 4209 sciremus,
1838 4148 1999 4214 quive

419 4236 587 4298 gesta:
616 4231 693 4284 rei
721 4240 865 4285 esset
891 4231 1047 4295 ordo,
1095 4247 1157 4286 ac
1210 4234 1668 4302 quemadmodum
1716 4239 1784 4291 ad
1836 4240 1996 4292 Chri-

418 4320 629 4378 stianos
679 4326 1004 4390 transisset,
1053 4326 1168 4379 ha-c
1219 4327 1289 4381 ab
1341 4327 1435 4382 illo
1482 4329 1664 4383 omnia
1717 4330 1999 4387 auditione

495 4475 510 4504 ¹
538 4472 667 4528 For.
703 4476 771 4528 Βε
780 4476 1029 4531 οκέλλας.

2102 1946 2189 1997 διά
2219 1946 2312 1999 τοῦ
2336 1946 2730 2018 προειρημένου
2779 1948 3065 2016 Ἰωσήπου,
3095 1947 3170 2008 ὡς
3211 1948 3393 2019 ἰατρὸν
3422 1948 3675 2015 ὅντα,καὶ

2104 2038 2332 2107 ποιήσας
2389 2039 2599 2101 πάντας
2656 2036 2757 2101 ἔξω
2815 2038 3109 2106 γενέσθαι,
3170 2039 3512 2110 παρεκάλεσε
3585 2040 3677 2093 τὸν

2104 2131 2419 2195 ἐπίσκοπον,
2482 2131 2692 2199 λέγων·
2745 2130 2995 2201 Δώρησαί
3048 2148 3136 2200 μοι
3196 2131 3293 2203 τὴν
3344 2134 3401 2186 ἐν
3456 2130 3675 2203 Χριστῷ

2105 2222 2390 2290 σφραγῖδα.
2426 2223 2483 2275 Ὀ
2511 2222 2587 2285 δέ,
2623 2222 3132 2293 μετακαλεσάμενος
3150 2224 3277 2286 τοὺς
3304 2223 3673 2293 ἐξυπηρετουο

2106 2312 2318 2380 μένους,
2350 2313 2677 2383 προσέταξεν
2698 2313 2841 2385 ὕδωρ
2860 2314 3273 2385 ἐτοιμασθῆναι,
3302 2314 3375 2378 ὡς
3389 2316 3487 2385 τῆς
3519 2316 3675 2368 νόσου

2102 2404 2267 2455 ἕνεκα
2317 2404 2569 2475 βοήθημά
2622 2423 2674 2457 τι
2728 2407 3058 2477 προσφέρειν
3101 2407 3309 2477 μέλλων
3355 2407 3422 2460 δι’
3471 2408 3674 2461 ὑδάτων

2103 2492 2344 2545 νοσοῦντι
2380 2493 2589 2564 βαρέως
2650 2494 2727 2564 τῷ
2760 2497 3093 2567 πατριάρχῃ.
3129 2498 3190 2548 Ui
3222 2496 3279 2549 δὲ
3316 2496 3578 2566 ἐποίησαν
3608 2498 3673 2549 τὰ

2103 2584 2527 2654 ἐπιτεταγμένα.
2565 2586 2638 2637 Οὐ
2669 2586 2777 2656 γὰρ
2806 2585 3159 2654 ὲγνώκεισαν.
3216 2589 3405 2651 Αἰδοῦς
3430 2590 3487 2642 δὲ
3518 2591 3673 2659 χάριν

2105 2675 2601 2743 προφασισάμενος,
2652 2680 2777 2738 τοὺς
2830 2676 3035 2739 πάντας
3103 2676 3206 2741 ἔξω
3254 2681 3483 2749 ποιήσας
3514 2682 3543 2731 ὁ
3572 2698 3675 2733 πα-

2101 2767 2368 2837 τριάρχης
2414 2766 2508 2820 τοῦ
2553 2767 2777 2838 λουτροῦ
2816 2768 3165 2832 καταξιοῦται
3223 2771 3316 2824 καὶ
3363 2773 3677 2843 μυστηρίων

2103 2855 2296 2922 ἁγίων.

2174 2947 2248 2998 E'.
2286 2946 2343 2999 Ὀ
2371 2948 2427 3001 δὲ
2470 2947 2729 3018 Ἰώσηπος
2780 2948 2901 3020 ἐμοὶ
2941 2949 3088 3021 αὑτῷ
3117 2950 3387 3022 διηλέχθη.
3434 2951 3527 3004 Ἐκ
3559 2952 3675 3004 στό-

2104 3053 2272 3107 ματος
2299 3038 2407 3107 γὰρ
2448 3039 2613 3090 αὑτοῦ
2662 3040 2873 3110 ἀκήκοα
2903 3042 3080 3095 πάντα
3105 3042 3296 3104 ταῦτα,
3322 3043 3415 3094 καὶ
3443 3042 3541 3094 οὑκ
3570 3043 3676 3095 ἀπὸ

2102 3127 2261 3182 ἄλλου
2294 3130 2459 3193 τινὸς,
2492 3131 2549 3182 ἐν
2578 3134 2642 3202 τῇ
2673 3132 2917 3203 γηραλέα
2964 3134 3126 3187 αὑτοῦ
3176 3134 3380 3204 ἡλικίᾳ,
3426 3134 3502 3197 ὡς
3552 3136 3677 3201 περί

2101 3238 2203 3273 που
2226 3220 2359 3273 ἐτῶν
2384 3222 2753 3293 ἐϐδομήκοντα
2783 3225 3066 3292 γεγονότος
3090 3225 3276 3288 αὑτοῦ,
3307 3224 3340 3294 ἢ
3374 3226 3467 3277 καὶ
3492 3224 3674 3278 πλειό-

2100 3331 2226 3367 νων.
2266 3314 2398 3384 Παρ*
2443 3315 2590 3384 αὐτῷ
2613 3315 2720 3385 γὰρ
2746 3316 3024 3386 κατήχθην
3048 3317 3103 3367 ἐν
3130 3316 3483 3369 Σκυθοπόλει⁸
3518 3334 3673 3387 μεταο

2104 3404 2234 3467 στὰς
2258 3405 2365 3474 γὰρ
2393 3405 2491 3474 τῆς
2524 3405 2861 3476 Τιϐεριάδος,
2892 3406 3096 3469 κτίσεις
3117 3409 3233 3459 ἐκεῖ
3257 3409 3313 3461 ἐν
3346 3408 3674 3461 Σκυθοπόλει

2099 3495 2377 3563 διαφανεῖς
2411 3498 2700 3567 ἐκτήσατο.
2748 3499 2834 3550 Ἐν
2878 3500 2984 3567 γὰρ
3021 3501 3087 3569 τῇ
3121 3498 3269 3568 οἰκία
3300 3500 3465 3552 αὑτοῦ
3500 3518 3673 3570 μακα·

2102 3586 2255 3656 ρίτης
2291 3589 2548 3650 Εὐσέϐιος
2590 3590 2618 3640 ὁ
2666 3589 2762 3658 τῆς
2798 3590 3028 3650 Ἰταλίας
3080 3590 3374 3653 ἐπίσκοπος
3415 3592 3673 3661 Βριγγέλ-

2099 3680 2195 3742 λας
2228 3682 2242 3710 ¹
2276 3680 2385 3749 (16)
2422 3680 2648 3745 πόλεως,
2679 3681 2974 3751 ἐξορισθεὶς
3004 3681 3107 3734 ὑπὸ
3144 3684 3550 3749 Κωνσταντίου,
3590 3684 3674 3735 διὰ

2097 3772 2197 3841 τὴν
2259 3770 2441 3823 πίστιν
2495 3771 2594 3841 τῆς
2638 3772 2945 3842 ὀρθοδοξίας
2991 3773 3271 3837 ἐξενίζετο.
3309 3775 3420 3828 Καὶ
3458 3775 3550 3826 ἐπὶ
3579 3776 3674 3845 τὴν

2098 3862 2385 3932 ἐπίσκεψιν
2410 3864 2597 3915 τούτου
2635 3863 2743 3931 ἐγώ
2790 3882 2848 3916 τε
2879 3865 2972 3917 καὶ
3000 3868 3047 3917 oi
3081 3866 3227 3920 ἄλλοι
3254 3866 3470 3936 ἀδελφοὶ
3499 3870 3673 3920 ἐκεῖσε

2099 3955 2399 4024 γενόμενοι,
2426 3956 2519 4007 καὶ
2548 3956 2703 4008 αὑτοὶ
2742 3957 2871 4027 παρ’
2903 3958 3049 4028 αὑτῴ
3086 3959 3453 4028 κατήχθημεν.
3486 3960 3664 4012 Συντυη

2100 4045 2286 4113 χόντες
2307 4044 2362 4095 δὲ
2390 4044 2468 4115 τῷ
2508 4046 2753 4116 Ἰωσήπῳ
2796 4048 2889 4098 ἐπὶ
2926 4048 3026 4116 τῆς
3074 4047 3238 4100 αὑτοῦ
3267 4050 3465 4115 οἰκίας,
3496 4049 3588 4101 καὶ
3609 4050 3673 4103 τά

2099 4138 2217 4188 κατ’
2249 4135 2407 4190 αὑτὸν
2440 4139 2771 4207 ἐρωτῶντες,
2796 4139 2889 4193 καὶ
2914 4140 3149 4207 γνόντες,
3181 4141 3261 4192 ὅτι
3287 4140 3393 4192 τῶν
3419 4142 3673 4210 ἐμφανῶν

2100 4226 2311 4296 ὑπῆρχε
2340 4227 2490 4297 παρὰ
2553 4228 2849 4292 Ἰουδαίοις,
2904 4230 3253 4294 ἀνετάςοντες
3298 4233 3391 4284 καὶ
3418 4232 3515 4302 τὴν
3556 4233 3673 4285 κατ’

2099 4318 2261 4372 αὑτὸν
2290 4318 2563 4386 ὑπόθεσιν,
2598 4321 2691 4373 καὶ
2716 4320 2835 4383 πῶς
2860 4320 2950 4373 τὸν
2981 4323 3061 4385 εἰς
3084 4323 3512 4392 Χριστιανισμὸν
3543 4340 3675 4393 μετ-

418 4610 661 4701 libis-(vit,
707 4612 1202 4701 frequens
1246 4624 1331 4670 est
1379 4618 1606 4674 mentio.
1652 4616 1719 4671 Et
1772 4619 1988 4701 quidem
2022 4636 2065 4691 ι)
2094 4636 2307 4701 ruptos,
2344 4627 2658 4701 Hieronymi
2710 4629 3034 4701 auctoritate
3090 4627 3401 4701 confirmari
3466 4640 3669 4700 potest,

420 4683 653 4752 apostoli
707 4683 1044 4752 ροινὶθτοιιιε
1063 4688 1209 4739 velut
1257 4702 1566 4742 assessores
1608 4706 1676 4743 ex
1709 4683 1986 4744 communi

419 4763 475 4829 et
508 4751 886 4829 usitata’vocis
908 4757 1129 4809 notione
1151 4757 1285 4829 dicti
1314 4767 1469 4829 sunt,
1497 4761 1640 4827 quod
1675 4760 1740 4813 ad
1771 4762 1990 4829 exigen-

421 4824 519 4877 das
553 4822 920 4910 aJSynqagogis
971 4826 1229 4910 pecunias
1277 4822 1482 4910 ab‘illp
1517 4822 1894 4910 "Illitterentur',
1933 4841 1991 4885 ut

419 4910 489 4947 ex
515 4890 873 4964 COd._Tilet)d‘.
908 4890 1051 4964 patet
1074 4895 1165 4948 lib.
1202 4912 1313 4956 xw,
1341 4898 1407 4951 de
1438 4898 1658 4952 Judaais.
1692 4901 1793 4961 Qui
1840 4890 1991 4955 locus

420 4963 565 5037 quod
601 4962 1049 5037 adEpiphainium
1080 4966 1460 5037 illustrandum
1494 4970 1742 5037 inprimis
1759 4972 1991 5032 confert.

422 5035 513 5087 hic
542 5034 901 5109 ascribendus
928 5043 1010 5090 est
1040 5054 1054 5109 ς
1086 5036 1502 5109 superstitionis,
1542 5034 1734 5107 inquit,
1764 5041 1991 5109 indigna:

419 5113 521 5165 est,
555 5111 615 5179 ut
658 5106 1076 5179 are/tisynagogi,
1112 5107 1216 5160 sive
1242 5107 1529 5179 presbyteri
1554 5106 1897 5179 Judazorum;
1916 5110 1991 5164 rel

421 5190 548 5239 quos
575 5173 676 5241 ipsi
703 5173 969 5243 apostolos
1009 5173 1221 5239 uocant,
1243 5173 1340 5246 qui
1368 5173 1436 5229 (id
1464 5180 1769 5247 exigendum
1801 5173 1993 5235 aurum

422 5253 576 5313 atque
606 5255 878 5320 argentum
910 5264 949 5320 a_
984 5248 1286 5320 patriarrlta
1328 5258 1467 5302 certo
1495 5260 1721 5318 tempore
1752 5252 1993 5320 dirigun-

420 5324 529 5378 tur,
563 5331 595 5367 a
643 5315 862 5392 singulis
911 5316 1201 5392 Synagogis
1246 5328 1488 5392 exat-lani
1533 5315 1789 5374 summam
1840 5315 1993 5392 atque

420 5394 713 5456 susceptam
756 5388 823 5439 ad
863 5388 1099 5440 eumdem
1150 5400 1427 5456 reportent.
1455 5390 1573 5456 Qua
1626 5392 1688 5445 de
1738 5409 1793 5445 re
1844 5388 1993 5447 omne

420 5453 674 5530 quidquid
698 5457 1035 5530 considerata
1056 5453 1301 5530 temporis
1326 5453 1527 5513 ratione
1546 5462 1856 5530 conﬁdimus
1880 5480 1991 5516 esse

421 5523 717 5599 collectum,
757 5523 980 5589 fideliter
1025 5529 1093 5581 ad
1141 5523 1377 5584 nostrum
1422 5523 1683 5599 dirigatur
1717 5536 1990 5588 wrarium.

426 5591 500 5644 De
525 5604 715 5668 ewteru
737 5609 909 5651 autem
944 5601 1073 5652 nihil
1098 5602 1349 5668 prwdicto
1373 5591 1697 5655 decernimus
1730 5621 1840 5656 esse
1872 5605 1991 5655 mit-

424 5663 654 5742 tendum.
691 5665 763 5721 De
791 5668 977 5742 iisdem
1006 5663 1348 5742 pat'riarehis
1367 5672 1509 5740 quod
1551 5672 1881 5742 ipiphanius
1906 5675 1990 5726 in-

423 5730 588 5813 dicat,
626 5750 731 5813 non
781 5730 1021 5804 delectu;
1048 5740 1141 5813 sed
1170 5730 1400 5813 generis.
1425 5730 1773 5797 successione
1812 5745 1987 5813 digni-

421 5807 589 5857 tatem
631 5806 877 5876 adeptos,
911 5825 974 5865 ac
1014 5806 1332 5881 plerumque
1362 5812 1493 5867 luxu
1530 5828 1591 5868 ac
1625 5814 1834 5871 deliciis
1864 5806 1985 5872 Eor-

2097 4700 2187 4767 qni
2226 4699 2279 4751 in
2320 4714 2518 4752 comm.
2570 4699 2625 4751 in
2670 4715 2785 4767 cap.
2822 4716 2879 4753 ιιι
2929 4699 3039 4752 Isa.
3090 4699 3157 4751 ad
3208 4700 3318 4751 haec
3365 4699 3567 4755 verba:
3599 4703 3669 4757 Et

2096 4770 2382 4835 effeminati
2413 4768 2825 4821 dominabuntur
2866 4771 2963 4833 eis,
2996 4772 3066 4821 ita
3093 4768 3285 4823 scribit
3319 4789 3330 4822 :
3360 4771 3670 4828 Considere-

2098 4855 2211 4892 mus
2245 4839 2575 4907 patriarchas
2607 4837 2936 4898 Judmorum,
2962 4849 3011 4892 et
3038 4840 3267 4907 juvenes.
3310 4841 3414 4894 sive
3457 4858 3668 4908 pueros,

2095 4909 2523 4977 e/feminatosque
2554 4924 2614 4960 ac
2642 4908 2843 4963 deliciis
2871 4910 3158 4981 afﬂuentes,
3178 4919 3225 4961 et
3253 4910 3519 4977 impletum
3543 4929 3669 4981 pro-

2096 4980 2329 5046 phetiam
2367 4994 2479 5032 esse
2509 4994 2797 5046 cernemus.

2168 5050 2279 5117 (15)
2326 5049 2545 5101 Τοῦτον
2581 5044 2732 5119 εἶναι
2779 5048 2951 5117 γένος
2983 5050 3215 5105 ἐκείνου
3256 5053 3362 5107 τοῦ
3412 5052 3663 5119 πρώτου.

2098 5117 2200 5182 Qui
2227 5119 2570 5173 Christianus
2598 5118 2718 5181 fuit,
2753 5127 2809 5171 ut
2838 5136 2903 5172 ex
2928 5121 3078 5174 Actis
3119 5117 3462 5177 Inventionis
3490 5124 3665 5177 sancti

2102 5188 2356 5261 Stephani
2378 5197 2610 5261 constat.
2634 5187 2748 5261 Nec
2777 5200 2922 5261 recte
2950 5189 3190 5245 Iudaicae
3208 5193 3486 5261 religionis
3510 5202 3664 5247 tena-

2098 5260 2373 5321 cissimus,
2405 5273 2468 5313 ac
2514 5258 2812 5312 Christiani
2844 5261 3080 5315 nominis
3123 5277 3250 5316 osor
3306 5258 3605 5317 acerrimus
3632 5279 3665 5317 a

2098 5328 2422 5396 quibusdam
2487 5328 2657 5384 fuisse
2712 5329 2979 5399 proditur,
3015 5332 3160 5399 quod
3214 5334 3282 5386 ab
3345 5347 3409 5386 eo
3468 5332 3662 5387 Saulus

2101 5408 2413 5467 utrumque,
2453 5399 2557 5452 hoc
2598 5407 2681 5454 est
2729 5398 3011 5453 Judaieam
3034 5398 3214 5469 legem
3244 5412 3297 5456 et
3322 5403 3665 5457 Christiano-

2099 5484 2218 5522 rum
2269 5469 2455 5522 odium
2499 5469 2752 5523 didicerit
2797 5487 2809 5521 :
2849 5486 2969 5538 quae
3018 5472 3331 5537 conjectura
3380 5472 3511 5526 levis
3557 5482 3661 5525 est.

2099 5538 2241 5611 Quid
2285 5542 2428 5593 enim
2473 5555 2697 5611 necesse
2736 5549 2841 5600 est.
2873 5555 2903 5592 a
2938 5549 3269 5609 praeceptore
3326 5551 3664 5611 postremum

2100 5609 2483 5681 hochausisse
2512 5609 2760 5671 Saulum,
2801 5625 2864 5662 ac
2886 5626 2993 5663 non
3019 5614 3197 5679 potius
3228 5609 3417 5679 suapte
3448 5621 3663 5681 sponte,

2095 5690 2148 5731 et
2172 5679 2410 5751 aliorum
2444 5681 2659 5733 hortatu
2688 5682 3046 5751 exemploque
3074 5681 3418 5751 suscepisse?

2162 5746 2271 5817 (l6)
2289 5751 2649 5821 Ἐπίσκοπος
2670 5746 3048 5819 Βριγτέλλας.
3073 5746 3524 5819 Corn—Fregellis
3542 5764 3664 5821 per-

2091 5832 2274 5886 peram
2302 5818 2557 5875 reddidit.
