4134 6388
412 332 516 389 M3

1016 327 1386 382 anvensus
1427 325 1770 382 umnases
1809 325 1934 380 un.
1982 323 2023 379 ι,
2068 323 2234 382 rom.
2277 309 2341 382 u.
2379 359 2447 368 -
2485 325 2763 381 uanas.
2804 324 2973 383 xxx.

3584 329 3690 383 414

412 445 595 518 ἦλθεν,
625 442 944 514 ἀκηκόαμεν
985 441 1157 494 ταῦτα
1192 441 1368 493 πάντα
1412 439 1618 508 σαφῶς,
1649 438 1744 492 καὶ
1771 438 1870 491 οὑκ
1898 437 2006 492 ἀπὸ

2116 449 2282 508 certa,
2337 457 2446 495 non
2500 442 2677 496 aliena
2728 440 2833 495 fide
2873 441 3150 510 explorata
3187 437 3501 495 didicimus.
3559 442 3692 509 Quae

415 537 729 608 ἐνηχήσεως
771 535 959 605 ἐτέρου
1002 533 1167 596 τινός.
1205 531 1367 584 Ὅθεν
1407 531 1501 585 καὶ
1535 530 2005 601 ἀξιομνημόνευτα

415 627 496 688 εἰς
525 623 814 695 οἰκοδομὴν
855 622 1062 675 πιστῶν
1095 623 1417 692 νομίσαντες
1448 621 1517 674 τὰ
1549 623 1688 675 κατὰ
1714 623 1804 676 τὸν
1837 623 2004 694 ἄνδρα

417 715 934 790 πραγματευθέντα,
988 715 1075 768 διὰ
1102 715 1199 785 τὴν
1229 713 1409 767 αἰτίαν
1436 713 1545 766 τῶν
1586 715 1643 767 ἐν
1682 717 1794 778 τοῖς
1839 715 2004 783 γαζο-

417 811 702 880 φυλακίοις
732 812 811 874 εἰς
847 809 1101 880 Ἐϐραϊδα
1158 807 1581 879 μετατεθέντων,
1619 809 1678 861 οὑ
1713 809 2003 879 παρέργως

419 903 518 973 τὴν
549 903 729 954 πᾶσαν
759 901 937 954 αἰτίαν
977 899 1072 952 τοῦ
1113 900 1509 970 προειρημένου
1552 900 1817 971 Ἰωσήπου
1860 917 2008 971 παρα

421 989 805 1064 εθέμεθα.*Ην
823 991 929 1064 γὰρ
952 992 980 1042 6
1006 991 1145 1062 ἀνὴρ
1163 991 1223 1043 οὑ
1248 992 1410 1061 μόνον
1439 992 1786 1063 Χριστιανὸς,
1815 993 2005 1055 πιστὸς

422 1083 779 1150 καταξιωθεὶς
823 1082 1094 1152 γενέσθαι,
1128 1082 1263 1136 ἀλλὰ
1306 1083 1402 1137 καὶ
1443 1084 1754 1154 Ἀρειανοὺς
1802 1084 2006 1155 σφόδρα

422 1177 772 1248 στηλιτεύων.
812 1178 899 1228 Ἐν
957 1175 1066 1246 γὰρ
1087 1179 1152 1246 τῇ
1213 1174 1362 1227 πόλει
1421 1174 1624 1246 ἐκείνῃ,
1675 1174 2006 1228 Σκυθοπόλει

420 1269 585 1338 φημὶ,
655 1266 814 1336 μόνον
865 1259 1019 1328 οὗτος
1075 1265 1353 1336 ὀρθόδοξος
1401 1265 1650 1342 ὑπῆρχε,
1700 1265 1900 1328 πάντες
1948 1265 2007 1317 δὲ

433 1359 719 1431 Ἀρειανοί.
769 1359 879 1413 Καὶ
923 1361 971 1411 εί
1019 1357 1092 1430 μὴ
1120 1360 1202 1412 ὃτι
1244 1360 1418 1428 κόμης
1465 1354 1553 1429 ἦν,
1590 1358 1683 1412 καὶ
1716 1358 1776 1411 τὸ
1799 1358 1892 1411 τοῦ
1917 1358 2009 1410 κό-

422 1469 592 1524 μητος
621 1451 838 1522 ἀξίωμα
869 1451 1104 1504 ἐκώλυεν
1127 1451 1220 1504 ἀπ’
1256 1451 1418 1505 αὐτοῦ
1453 1451 1544 1504 τὸν
1572 1450 1680 1504 τῶν
1715 1451 2008 1521 Ἀρειανῶν

417 1542 679 1612 διωγμὸν,
727 1542 830 1594 οὐκ
875 1540 942 1594 ἂν
973 1541 1179 1612 ὑπέστη
1212 1541 1314 1595 κᾶν
1351 1543 1410 1594 ἐν
1433 1544 1500 1613 τῇ
1538 1540 1689 1593 πόλει
1710 1541 2008 1611 διατρίϐειν

417 1638 448 1688 6
469 1635 627 1706 ἀνὴρ,
655 1634 887 1705 μάλιστα
913 1634 1004 1686 ἐπὶ
1046 1633 1383 1705 Πατροφίλου
1417 1633 1512 1686 τοῦ
1564 1633 1840 1702 Ἀρειανοῦ
1891 1635 2009 1685 ἐπι-

421 1726 647 1786 σκόπου,
677 1726 769 1779 τοῦ
796 1726 968 1779 πολλὰ
1000 1725 1319 1794 ἰσχύσαντος
1361 1724 1578 1796 πλούτῳ
1608 1743 1667 1778 τε
1692 1725 1784 1778 καὶ
1813 1725 2008 1794 αὐστη-

2110 544 2232 582 cum
2277 527 2346 581 ad
2393 528 2631 583 fidelium
2667 529 2955 582 utilitatem
2991 529 3254 583 memoria
3311 529 3475 600 digna
3534 546 3691 585 cum-

2109 618 2300 687 primis
2353 617 2704 682 arbitremur,
2754 629 2975 687 propter
3029 633 3125 673 eos
3177 619 3347 675 libros
3372 622 3462 690 qui
3498 621 3550 675 in
3595 619 3688 675 .iu-'

2107 709 2348 763 daeorum
2409 710 2686 764 thesauris
2760 719 3057 764 servantur
3117 710 3384 766 Hebraico
3441 728 3693 769 sermone
3783 733 3787 738 ·

2109 802 2387 866 translati,
2425 819 2546 871 qua:
2583 801 2649 855 ad
2683 799 2982 871 Josephum
3028 801 3179 855 illum
3216 804 3553 873 pertinerent
3597 820 3692 859 ac-

2109 896 2353 946 curatius
2411 892 2638 962 exsequi
2696 893 2994 947 voluimus.
3062 891 3198 946 Nam
3267 895 3314 950 is
3370 911 3480 949 non
3528 895 3694 951 modo

2107 985 2456 1039 Christianus
2482 995 2620 1050 erat,
2659 999 2892 1053 eamque
2931 983 3090 1038 fidem
3128 994 3478 1056 susceperat,
3513 987 3606 1042 sed
3639 995 3694 1042 et

2107 1076 2343 1131 Arianos
2382 1091 2596 1131 summa
2651 1075 2875 1129 infamia
2917 1077 3258 1134 traducebat.
3303 1078 3514 1150 Quippe
3551 1097 3695 1139 unus

2109 1166 2227 1235 ipse
2262 1173 2465 1219 rectam
2506 1179 2570 1217 ac
2601 1162 3079 1218 sinceram-ﬁdem
3121 1164 3434 1235 Scythopoli
3489 1168 3692 1220 retine-

2108 1257 2222 1320 bat,
2260 1273 2382 1312 cum
2415 1257 2612 1325 reliqui
2643 1264 2828 1312 essent
2869 1256 3084 1313 Ariani.
3128 1257 3286 1323 Quod
3321 1258 3426 1312 nisi
3478 1258 3698 1314 comitis

2111 1347 2374 1417 dignitate
2435 1348 2628 1402 fuisset
2675 1349 2956 1417 praeditus,
2991 1359 3050 1403 ut
3079 1351 3168 1403 hic
3230 1365 3355 1404 eum
3416 1342 3587 1403 honbr
3624 1349 3696 1403 ab

2109 1439 2441 1495 Arianorum
2491 1440 2752 1494 violentia
2806 1448 3072 1505 tueretur,
3118 1455 3187 1496 ne
3233 1441 3287 1494 in
3325 1442 3441 1512 ipsa
3475 1441 3694 1510 quidem

2111 1529 2249 1584 urbe
2304 1529 2392 1583 vir
2447 1529 2539 1584 ille
2587 1531 2948 1592 constitisset,
2992 1532 3298 1599 praesertim
3351 1533 3454 1587 sub
3504 1532 3697 1586 Patro-

2111 1621 2260 1692 philo
2290 1622 2497 1675 Ariano
2544 1622 2824 1692 episc0po,
2882 1623 3062 1692 quiet
3104 1622 3302 1692 opibus
3341 1632 3396 1677 et
3460 1623 3697 1677 crudeli-

2113 1722 2245 1781 tate,
2275 1720 2330 1767 et
2372 1712 2516 1782 apud
2559 1711 2941 1782 imperatorem
2978 1711 3358 1766 Constantium
3409 1711 3700 1766 familiari-

421 1819 536 1889 ρίᾳ,
583 1782 677 1871 καὶ
704 1821 770 1890 τῇ
819 1819 956 1889 πρὸς
999 1782 1090 1872 τόν
1130 1782 1352 1888 βασιλέα
1396 1782 1777 1872 Κωνστάντιον
1807 1782 2004 1886 γνώσεί

2116 1813 2221 1858 tate
2264 1812 2429 1872 atque
2479 1801 2714 1856 audacia
2765 1801 3063 1871 pluritnum
3121 1807 3353 1871 poterat.
3415 1800 3471 1853 ln
3506 1801 3697 1854 eadem

418 1928 479 1964 τε
515 1911 609 1964 καὶ
642 1910 944 1982 παρρησίᾳ.
971 1905 1079 1962 Ἦν
1114 1910 1168 1963 δὲ
1197 1909 1293 1963 καὶ
1335 1910 1492 1974 ἄλλος
1537 1928 1622 1972 τις
1650 1908 1914 1981 νεώτερος
1947 1913 2006 1964 ἐν

417 2003 483 2072 τῇ
541 2002 694 2054 πόλει
747 2001 854 2054 ἀπὸ
915 2001 1182 2073 Ἐϐραίων
1235 2001 1410 2074 ὀρθῶς
1473 2002 1763 2070 πιστεύων,
1799 2003 1856 2067 ὃς
1907 2004 2006 2056 οὑκ

419 2093 622 2163 ἐτόλμα
682 2095 825 2147 κατὰ
874 2094 934 2147 τὸ
981 2093 1232 2165 φανερὸν,
1263 2094 1397 2147 ἀλλὰ
1424 2095 1518 2147 καὶ
1556 2095 1836 2166 κρυφαίως
1861 2096 2006 2164 ἡμᾶς

421 2185 810 2238 ἐπεσκέπτετο.
837 2185 1069 2239 Πιθανὸν
1099 2187 1154 2239 δέ
1180 2203 1234 2240 τι
1261 2188 1288 2239 6
1329 2186 1588 2256 Ἰώσηπος
1607 2188 1699 2239 καὶ
1723 2185 2007 2256 γελοιῶδες

422 2277 718 2346 ὑφηγεῖτο·
746 2273 899 2348 οἶμαι
924 2276 981 2331 δὲ
1032 2276 1225 2340 ταῦτα,
1257 2278 1339 2331 ὅτι
1383 2279 1479 2330 καὶ
1513 2277 1799 2347 ήλήθευεν.
1835 2277 2009 2345 Ἔφα-

425 2384 521 2419 σκε
551 2367 680 2438 γὰρ,
713 2369 817 2432 ὅτι,
849 2369 1258 2440 τελευτησάσης
1281 2369 1381 2439 τῆς
1431 2368 1594 2422 αὑτοῦ
1638 2367 1889 2438 συμϐίου,
1924 2367 2009 2421 δε-

421 2461 550 2525 διὼς
581 2466 654 2533 μή
683 2479 760 2534 πη
813 2463 921 2534 ἄρα
967 2463 1285 2534 ἀρπάζωσιν
1316 2463 1476 2516 αὑτὸν
1506 2464 1556 2515 οἱ
1595 2463 1883 2532 Ἀρειανοὶ,
1914 2462 2010 2514 καὶ

425 2555 811 2624 καταστήσωσι
843 2555 1120 2627 κληρικόν.
1147 2555 1413 2618 Πολλάκις
1445 2555 1554 2626 γὰρ
1583 2553 2009 2616 κολακεύσαντες

425 2646 591 2699 αὑτὸν
631 2646 918 2719 πεισθῆναι
963 2651 1028 2720 τῇ
1081 2649 1314 2718 αἱρέσει,
1350 2646 1710 2718 ὑπισχνοῦντο
1760 2644 2010 2716 μείζονας

425 2737 730 2807 προκοπὰς,
771 2739 818 2790 εί
851 2736 966 2790 δέον
996 2737 1090 2790 καὶ
1124 2737 1429 2806 ἐπισκοπῆς
1483 2736 1651 2790 αὑτὸν
1694 2733 2006 2798 καταξιοῦν.

437 2828 497 2882 Ὀ
546 2829 603 2881 δὲ
652 2829 858 2898 ἔφασκε
905 2829 1097 2882 τούτου
1141 2829 1304 2900 χάριν
1371 2827 1639 2898 συνῆφθαι
1702 2827 1798 2879 καὶ
1848 2825 2012 2896 ἑτέρᾳ

423 2921 665 2989 γυναικὶ,
694 2921 842 2985 ὅπως
865 2919 1140 2993 διαδράσοι
1167 2921 1266 2985 τὰς
1292 2921 1472 2975 αὐτῶν
1499 2918 1852 2992 χειροτονίας.

2107 1895 2272 1948 etiam
2307 1895 2444 1948 urbe
2475 1893 2698 1963 quidam
2729 1901 2845 1946 erat
2880 1901 3038 1947 aetate
3083 1893 3291 1962 junior,
3327 1893 3419 1962 qui
3447 1907 3479 1946 e
3510 1889 3698 1946 Judmo

2108 1986 2394 2040 traductus
2439 1985 2508 2040 ad
2542 1985 2823 2039 Christum
2873 1984 3148 2038 sinceram
3186 1981 3346 2036 fidem
3386 1983 3697 2047 retinebat;

2109 2080 2264 2149 isque
2292 2077 2440 2148 quod
2479 2077 2702 2131 minime
2749 2076 2926 2145 palam
2976 2075 3220 2137 auderet,
3275 2073 3585 2128 clanculum
3630 2075 3698 2129 ad

2109 2189 2210 2227 nos
2241 2171 2516 2226 veniebat.
2563 2169 2669 2224 Sed
2720 2167 2995 2238 Iosephus
3027 2167 3269 2238 lepidum
3298 2166 3557 2237 quiddam
3591 2182 3698 2219 no-

2109 2265 2195 2320 bis
2244 2279 2308 2318 ac
2365 2263 2659 2318 ridiculum
2719 2261 2998 2324 narrabat,
3052 2275 3155 2315 nec
3200 2258 3393 2313 dubito
3432 2257 3564 2326 quin
3627 2256 3702 2311 sit

2111 2358 2484 2414 verissimum.
2517 2356 2712 2411 Aiebat
2745 2355 2889 2410 enim
2937 2361 3155 2407 mortua
3199 2351 3434 2421 conjuge
3470 2350 3699 2403 veritum

2111 2463 2172 2502 se
2201 2462 2270 2502 ne
2297 2447 2364 2500 ab
2390 2445 2607 2500 Arianis
2634 2445 2900 2499 violenter
2930 2445 3192 2511 abreptus
3224 2441 3462 2496 clericus
3508 2439 3698 2504 fieret;

2113 2554 2256 2608 saepe
2294 2540 2440 2593 enim
2474 2536 2673 2592 blande
2705 2536 2858 2590 illum
2906 2535 3190 2596 adeuntes,
3218 2541 3279 2587 ut
3317 2533 3382 2586 ad
3428 2546 3581 2586 suam
3615 2529 3700 2583 fa-

2120 2633 2355 2686 ctionem
2390 2631 2650 2684 transiret
2692 2629 3069 2691 hortabantur,
3103 2641 3168 2680 ac
3200 2624 3424 2694 majoris
3453 2639 3548 2694 spe
3577 2637 3704 2692 pro-

2114 2742 2303 2782 cessus
2341 2723 2676 2787 alliciebant,
2723 2731 2784 2776 ut
2823 2722 2905 2775 vel
2929 2721 2973 2776 si
3008 2733 3234 2773 necesse
3260 2716 3400 2772 foret
3419 2716 3704 2784 episcopa-

2115 2827 2232 2872 tum
2291 2815 2667 2872 ostenderent.
2716 2815 2921 2870 l-lorum
2959 2812 3127 2884 igitur
3175 2819 3321 2864 metu
3375 2809 3604 2861 alterum
3645 2820 3705 2860 se

2114 2911 2526 2964 matrimonium
2581 2908 2772 2963 iniisse
2821 2907 3061 2970 dicebat,
3112 2917 3222 2974 quo
3265 2917 3324 2956 se
3356 2901 3425 2955 ab
3457 2899 3550 2953 illa
3587 2912 3705 2952 ma-

2114 3016 2282 3056 nuum
2320 2999 2672 3069 impositione
2707 2997 2985 3051 liberaret.

497 3090 588 3158 ς’.
637 3092 796 3146 Ἀλλὰ
829 3093 1085 3164 ἐπάνειμι
1132 3094 1231 3165 τὴν
1281 3095 1553 3165 ὑφήγησιν
1599 3093 1701 3164 τῆς
1748 3091 1889 3146 κατὰ
1919 3091 2012 3144 τὸν

2186 3092 2274 3147 VI.
2316 3092 2420 3146 Sed
2454 3091 2518 3145 ad
2550 3089 2876 3161 patriarchae
2908 3086 3219 3149 historiam,
3262 3092 3317 3140 et
3342 3083 3517 3154 ipsius
3565 3081 3704 3136 adeo

426 3184 776 3255 πατριάρχην
812 3185 1143 3250 ὑποθέσεως,
1173 3187 1267 3239 καὶ
1301 3186 1464 3239 αὑτοῦ
1493 3184 1588 3238 τοῦ
1627 3187 1890 3256 Ἰωσήπου
1931 3185 2010 3247 εἰς

2116 3185 2333 3254 Joscphi
2375 3185 2662 3237 redeamus
2693 3199 2705 3235 :
2739 3196 2903 3250 quam
2938 3180 2991 3233 in
3029 3179 3294 3232 lectorum
3340 3175 3571 3246 gratiam
3618 3174 3709 3229 iis-

425 3277 737 3348 τούμφανὲς
757 3277 900 3332 κατὰ
924 3277 1226 3348 λεπτότητα
1247 3282 1360 3342 τοῖς
1383 3277 1726 3348 βουλομένοις
1753 3277 2014 3345 ἐντυγχά-

426 3386 540 3422 νειν
595 3369 683 3423 διὰ
732 3371 843 3424 τῶν
905 3371 995 3424 ὑπ’
1038 3372 1247 3424 ἐκείνου
1299 3371 1470 3440 λόγων
1529 3372 1653 3442 ἐμοὶ
1707 3370 2012 3441 εἰρημένων

427 3459 806 3528 ποιησόμενος.
839 3462 948 3514 Καὶ
983 3461 1082 3532 ἥδη
1119 3462 1216 3531 μὲν
1249 3461 1324 3525 ὼς
1365 3464 1571 3524 ἐκεῖνος
1609 3461 1889 3530 ὑφηγεῖτο,
1918 3457 2010 3511 τοῦ

430 3553 771 3624 πατριάρχου
809 3553 1033 3624 λουτροῦ
1061 3553 1511 3624 καταξιουμένου,
1546 3553 1634 3606 διὰ
1674 3553 1778 3605 τῶν
1811 3554 1868 3605 ἐν
1893 3555 2013 3615 ταῖς

432 3643 623 3714 θύραις
651 3646 910 3716 άρμογῶν
936 3647 1066 3699 εἴσω
1096 3645 1493 3717 παρακύπτων,
1520 3647 1680 3718 φησὶ,
1725 3645 2014 3698 κατενόουν

428 3735 499 3789 τὰ
533 3735 638 3788 ὑπὸ
679 3736 771 3788 τοῦ
810 3738 1109 3790 ἐπισκόπου
1143 3737 1219 3808 τῷ
1259 3739 1572 3810 πατριάρχῃ
1621 3738 1900 3808 γινόμενα,
1935 3738 2014 3800 εἰς

429 3825 555 3878 νοῦν
584 3844 643 3879 τε
672 3827 884 3894 ἔλαϐον,
926 3831 1018 3883 καὶ
1063 3829 1192 3899 παρ’
1219 3831 1441 3901 ἐμαυτῷ
1489 3831 1874 3902 ἐταμιευόμην.
1905 3833 2016 3885 Καὶ

429 3918 656 3987 χρυσίου
686 3918 848 3990 ὁλκήν
889 3937 1011 3973 τινα
1061 3922 1395 3991 ἱκανωτάτην
1442 3921 1578 3992 ἔχων
1612 3922 1765 3996 παρὰ
1804 3926 1960 3994 χεῖρα
1987 3925 2016 3976 6

429 4005 594 4072 αὐτὸς
622 4009 987 4078 πατριάρχης,
1038 4009 1286 4073 ἐκτείνας
1324 4010 1420 4082 τὴν
1453 4015 1610 4088 χεῖρα
1655 4014 1895 4066 ἐπέδωκε
1937 4013 2017 4084 τῷ

431 4099 735 4169 ἐπισκόπῳ,
768 4099 1013 4169 φάσκων,
1039 4102 1120 4154 ὅτι
1144 4103 1427 4175 Πρόσφερε
1458 4105 1597 4176 ὑπὲρ
1628 4105 1784 4175 ἐμοῦ.
1809 4106 2018 4177 Γέγρα-

432 4207 565 4244 πται
600 4191 730 4260 γὰρ,
762 4192 849 4245 διὰ
887 4192 995 4246 τῶν
1030 4195 1218 4266 ἱερέων
1239 4195 1333 4248 τοῦ
1367 4195 1501 4248 Θεοῦ
1540 4196 1897 4267 δεσμεύεσθαι
1923 4198 2018 4250 καὶ

431 4282 654 4337 λύεσθαι
697 4285 790 4338 ἐπὶ
815 4286 913 4356 τῆς
949 4287 1071 4358 γῆς,
1104 4288 1198 4340 καὶ
1242 4287 1391 4341 ἐσται
1416 4287 1589 4342 ταῦτα
1628 4289 1894 4360 λελυμένα
1923 4291 2019 4344 καὶ

430 4378 693 4448 δεδεμένα
740 4380 799 4432 ὲν
848 4377 927 4449 τῷ
973 4379 1204 4451 οὐρανῷ.
1244 4380 1332 4444 Ὠς
1374 4378 1466 4435 οῦν
1521 4379 1694 4435 ταῦτα
1745 4381 2014 4453 ἐπράχθη,

2114 3281 2257 3341 dem,
2293 3277 2605 3348 quibusille
2645 3274 2917 3328 referebat
2940 3271 3145 3334 verbis,
3195 3277 3452 3322 accurata
3486 3265 3590 3320 fide
3620 3281 3707 3320 re—

2114 3370 2590 3444 praasentabimus.
2653 3367 2788 3422 Cum
2833 3366 3018 3433 itaque
3064 3360 3385 3432 patriarcha
3433 3358 3708 3429 baptismo

2117 3467 2262 3520 hunc
2301 3465 2358 3517 in
2395 3461 2618 3516 modum
2669 3459 3002 3519 initiaretur,
3045 3469 3168 3526 ego,
3207 3452 3514 3522 inquiebat,
3549 3450 3709 3520 130

2114 3563 2212 3629 per
2234 3558 2418 3627 januze
2455 3553 2877 3609 commissuram
2911 3548 3102 3603 furtim
3133 3553 3539 3615 introspectans
3583 3560 3702 3597 om-

2117 3652 2207 3706 nia
2247 3664 2369 3720 quze
2418 3649 2486 3703 ab
2528 3647 2791 3715 episcopo
2840 3641 3164 3714 patriarcha;
3209 3640 3405 3694 fierent
3452 3638 3710 3692 observa-

2117 3746 2264 3808 bam,
2295 3758 2358 3796 ac
2390 3741 2684 3810 diligenter
2706 3737 2890 3791 animo
2930 3731 3255 3788 retinebam.
3297 3729 3397 3784 Ubi
3434 3729 3576 3782 inter
3603 3741 3712 3779 cae-

2118 3845 2236 3892 tera
2279 3833 2592 3905 patriarcha
2646 3831 2756 3884 vim
2805 3826 3098 3897 quamdam
3153 3823 3273 3878 auri
3328 3838 3440 3876 non
3503 3820 3710 3875 medio-

2119 3945 2266 3985 crem
2302 3935 2496 3981 tenens
2534 3925 2676 3978 hanc
2719 3921 2982 3991 episcopo
3022 3918 3266 3988 porrexit
3291 3933 3305 3969 :
3330 3925 3406 3979 et,
3454 3913 3559 3967 Pro
3600 3927 3706 3976 me,

2120 4019 2320 4088 inquit,
2361 4015 2575 4070 oﬂerto.
2612 4012 2891 4081 Scriptum
2925 4016 3012 4063 est
3041 4007 3210 4070 enim,
3245 4021 3275 4058 a
3320 4003 3708 4058 sacerdotibus

2120 4111 2214 4166 Dei
2259 4107 2470 4178 alligari
2504 4106 2755 4173 solvique
2795 4103 2850 4155 in
2886 4100 3053 4154 terris
3087 4098 3294 4162 omnia,
3329 4106 3383 4152 et
3418 4095 3608 4150 eadem
3652 4094 3710 4148 in

2120 4203 2261 4260 caalo
2308 4201 2487 4255 soluta
2539 4197 2658 4251 fore
2705 4195 2787 4248 vel
2833 4191 3116 4262 alligata‘.
3166 4188 3299 4243 Post
3346 4188 3462 4242 haec
3504 4187 3710 4256 apertis

2120 4293 2334 4349 foribus
2381 4285 2906 4353 sciscitantibusque
2959 4281 3027 4336 de
3096 4279 3414 4351 patriarcha
3468 4279 3559 4348 qui
3611 4278 3712 4332 ad-

2121 4394 2299 4451 erant,
2323 4378 2785 4453 quemadmodum
2831 4392 2899 4430 ex
2930 4390 2996 4430 eo
3027 4372 3269 4428 remedio
3307 4373 3533 4436 valeret,
3583 4384 3712 4441 per-

433 4471 587 4541 φησι,
619 4471 710 4523 καὶ
735 4471 1030 4542 ἠνοίγησαν
1059 4473 1112 4526 αἱ
1142 4471 1322 4544 θύραι,
1346 4474 1595 4545 ἡρωτᾶτο
1626 4472 1730 4526 ὑπὸ
1758 4473 1863 4526 τῶν
1902 4475 2012 4526 ἐπι-

2125 4476 2414 4534 commode
2460 4489 2519 4530 se
2568 4471 2772 4525 habere
2802 4464 3122 4537 respondit:
3154 4463 3283 4535 quid
3320 4463 3464 4518 enim
3503 4461 3711 4516 diccrct

435 4563 822 4633 σκεπτομένων
852 4564 882 4615 6
927 4565 1291 4635 πατριάρχης,
1324 4564 1442 4628 πῶς
1485 4564 1596 4636 ἔχοι
1633 4566 1722 4620 διὰ
1765 4565 1860 4618 τοῦ
1897 4565 2021 4636 βοη-

435 4652 679 4722 θήματος
706 4671 717 4684 ·
756 4656 852 4708 καὶ
887 4656 1156 4726 ὡμολόγει
1205 4657 1508 4721 καλλίστως
1556 4657 1719 4728 ἔχειν.
1769 4659 1881 4712 Καὶ
1911 4660 2019 4731 γὰρ

434 4743 549 4814 ᾔδει
590 4745 619 4797 ὃ
652 4745 857 4814 ἔλεγεν.
898 4747 1128 4800 Ἔπειτα
1172 4747 1229 4801 δὲ
1263 4749 1475 4821 ἡμέρας
1520 4749 1612 4802 δύο
1658 4749 1690 4821 ἧ
1736 4754 1884 4821 τρεῖς
1929 4753 2020 4806 τὸν

435 4838 700 4910 ἀριθμὸν,
749 4838 1011 4903 πολλάκις
1059 4839 1150 4892 τοῦ
1201 4842 1502 4894 ἐπισκόπου
1552 4843 2016 4912 ἐπισκεπτομένου

435 4930 596 4984 αὑτὸν
626 4933 683 4983 ἐν
719 4931 904 5002 ἰατροῦ
949 4933 1242 5002 προφάσει,
1292 4933 1557 5005 ἐκοιμήθη
1600 4935 1628 4986 6
1675 4936 2020 5006 πατριάρχης

440 5024 579 5093 μετὰ
611 5023 783 5095 καλῆς
818 5022 1150 5088 ἀποθέσεως,
1183 5027 1456 5098 παραδοὺς
1501 5029 1590 5082 τὸν
1626 5029 1754 5082 ἴδιον
1796 5031 1908 5085 υἱὸν
1935 5047 2028 5084 κο-

439 5116 569 5187 μιδῆ
603 5117 722 5172 νέον
768 5116 896 5170 ὄντα
939 5118 1186 5190 Ἰωσήπῳ
1217 5137 1276 5172 τε
1326 5121 1422 5174 καὶ
1464 5121 1608 5191 ἄλλῳ
1651 5124 1759 5178 τινὶ
1789 5124 2027 5177 ἐπιεικε-

437 5211 638 5280 στάτῳ.
675 5209 757 5262 Τά
787 5211 966 5264 πάντα
993 5211 1173 5266 τοίνυν
1205 5213 1502 5283 ἐπράττετο
1533 5214 1619 5268 διὰ
1651 5216 1757 5270 τῶν
1781 5215 1874 5269 δύο
1902 5217 2026 5270 τού-

435 5319 566 5363 των,
585 5300 673 5355 διὰ
691 5302 753 5355 τὸ
774 5302 852 5355 ἔτι
879 5303 971 5356 τὸν
997 5307 1344 5376 πατριάρχην
1372 5305 1535 5360 παῖδα
1561 5307 1688 5361 ὅντα
1717 5309 2020 5379 νηπιάζειν,

437 5395 532 5446 καὶ
561 5397 618 5447 ἐν
667 5396 853 5465 χερσὶν
901 5396 1081 5448 αὑτῶν
1130 5398 1552 5470 ἀνατρέφεσθαι,
1612 5400 1699 5452 Ἐν
1737 5401 1913 5471 τούτῳ
1944 5402 2023 5472 τῷ

438 5485 615 5556 καιρῷ
645 5487 746 5556 τῆς
775 5487 1014 5550 διανοίας
1050 5487 1145 5541 τοῦ
1188 5491 1451 5562 Ἰωσήπου
1479 5492 1870 5564 ἐνοχλουμένης
1895 5493 2024 5546 πο).-

436 5576 594 5641 λάκις
622 5577 709 5632 διὰ
737 5578 844 5631 τῶν
884 5581 1190 5652 γενομένων
1246 5583 1544 5656 μυστικῶν,
1584 5586 1640 5640 ἐν
1681 5588 1747 5640 τῇ
1798 5586 1940 5642 κατὰ
1963 5588 2024 5640 τὸ

515 5761 748 5823 'Malth.
786 5777 940 5825 xvtu,
976 5762 1060 5821 18.

2127 4565 2389 4637 praeclare
2419 4568 2663 4615 noverat.
2689 4557 2862 4611 Biduo
2884 4555 3086 4610 dehinc
3118 4555 3205 4609 vel
3237 4554 3444 4618 triduo,
3473 4553 3709 4606 adeunte

2128 4658 2329 4729 saepius
2367 4671 2462 4724 per
2489 4652 2686 4708 medici
2726 4648 2964 4720 speciem
3005 4647 3290 4716 episc0po,
3332 4645 3477 4700 felici
3507 4660 3574 4700 ex
3604 4644 3709 4698 hac

2126 4751 2236 4806 vita
2266 4748 2415 4804 exitu
2457 4743 2768 4816 patriarcha
2799 4741 3058 4805 decessit,
3088 4755 3214 4794 cum
3254 4737 3408 4807 prius
3445 4736 3707 4807 Josepho,

2126 4850 2182 4898 et
2205 4841 2361 4896 alteri
2392 4839 2610 4894 cuidam
2641 4836 3033 4891 honestissimo
3055 4832 3172 4887 viro
3203 4832 3510 4886 tenerrima:
3530 4830 3709 4884 adhuc

2126 4933 2304 4990 aetatis
2337 4933 2508 4986 filium
2537 4929 2929 4984 commisisset.
2977 4926 3250 4992 Quocirca
3286 4924 3469 4978 omnia
3501 4923 3567 4976 ab
3601 4921 3711 4977 illis

2126 5029 2396 5083 ambobus
2433 5023 2981 5086 administrabantur,
3022 5019 3168 5091 quod
3210 5026 3358 5074 esset
3397 5015 3709 5089 patriarcha

2126 5123 2303 5177 adhuc
2333 5129 2493 5176 aetate
2533 5133 2670 5189 puer
2697 5133 2760 5172 ac
2792 5113 3187 5188 propemodum
3233 5111 3438 5175 infans,
3480 5116 3535 5165 et
3565 5109 3710 5162 inter

2126 5217 2345 5271 illorum
2375 5228 2573 5268 manus
2603 5213 2951 5265 educaretur.
2983 5206 3090 5262 Per
3128 5204 3270 5259 idem
3309 5211 3526 5272 tempus
3548 5199 3707 5254 Jose-

2128 5311 2220 5381 phi
2258 5309 2499 5362 animum
2553 5304 2849 5359 sollicitum
2884 5300 3117 5354 habebat
3149 5313 3339 5353 eorum
3375 5293 3707 5358 recordatio,

2127 5417 2248 5472 quze
2272 5401 2326 5454 in
2367 5399 2641 5468 baptismo
2674 5396 2788 5449 fieri
2840 5392 3072 5463 mystica
3108 5403 3418 5458 arcanaque
3457 5387 3707 5440 viderat:

2126 5506 2180 5545 et
2216 5491 2478 5561 quidnam
2510 5493 2693 5558 ageret
2716 5484 2875 5538 anxie
2913 5481 3208 5552 cogitabat.
3245 5475 3603 5533 Commodum
3645 5473 3708 5527 il-

2129 5586 2198 5640 lic
2236 5578 2611 5655 gazOphylacii
2643 5577 2779 5634 cella
2808 5573 3055 5646 quaedam
3081 5580 3200 5628 erat
3236 5568 3525 5640 obsignata
3551 5566 3708 5640 (gaza
