4170 6372
507 242 618 300 615

1896 239 1949 294 s.
1991 223 2330 293 EPlPllANll

3671 227 3775 285 H6

509 372 676 432 porro
711 356 972 411 nebrauee
1016 353 1320 409 thesaurum
1363 353 1679 425 signiﬁcat).
1709 354 1881 423 Cujus
1925 353 2087 423 sigilli

2194 355 2412 420 λουτρὸν
2465 347 2714 401 ὑποθέσει
2748 348 3044 401 ἐσκέπτετο
3072 347 3126 400 τί
3165 347 3230 401 ἂν
3277 347 3531 418 πράξειε’
3569 346 3660 399 κα).
3706 341 3776 416 ἦν

508 452 683 521 gratia
714 450 990 520 plerisque
1017 449 1169 503 varia
1199 448 1268 503 de
1295 462 1362 503 eo
1388 447 1776 518 gazophylacio
1799 446 2086 516 suspican-

509 541 676 602 tibus,
711 536 986 608 Iosephus
1019 539 1159 592 clam
1201 552 1370 592 ausus
1419 537 1632 607 aperire
1661 536 1797 590 nihil
1821 536 2084 606 pecunia-

509 647 630 686 rum
671 631 892 702 reperit,
928 629 1022 684 sed
1053 629 1222 683 libros
1252 628 1518 684 duntaxat
1541 630 1788 698 pecuniis
1831 629 2086 682 omnibus

511 727 946 796 priestantiores.
978 721 1129 788 Quos
1151 723 1282 776 dum
1318 722 1542 784 evolvit,
1577 721 1714 776 forte
1739 723 1792 776 in
1831 721 1962 775 illud
1998 720 2086 774 in-

509 816 667 878 cidit,
717 814 786 869 de
825 829 936 884 quo
995 814 1202 868 dictum
1258 823 1364 874 est.
1395 813 1626 868 Joannis
1666 812 2014 884 Evangelium
2055 828 2087 868 e

509 904 701 961 Graeco
738 906 791 959 in
820 905 1148 960 Hebraicum
1179 905 1527 967 translatum,
1559 920 1664 958 una
1710 919 1832 958 cum
1863 913 2087 974 aposto-

509 997 690 1052 lorum
742 997 988 1053 Actibus.
1027 996 1109 1052 Λᾶ
1156 997 1274 1052 haec
1323 996 1564 1051 Matthzei
1593 1012 1813 1067 quoque
1858 995 2086 1052 Hebrai-

509 1103 630 1142 cam
662 1088 1035 1159 genealogiam
1075 1088 1304 1143 invenit.
1341 1087 1553 1153 Quibus
1579 1089 1854 1158 perlectis,
1892 1103 2088 1144 rursus

509 1177 630 1247 ejus
656 1178 874 1234 animus
901 1180 1136 1232 cruciari
1176 1180 1376 1248 cmpit;
1403 1186 1456 1232 et
1477 1177 1844 1232 Christianam
1866 1178 2085 1248 quidem

514 1270 671 1324 [idem
713 1285 1004 1339 capessere
1056 1271 1344 1324 molestum
1381 1271 1431 1325 ei
1475 1270 1780 1325 videbatur.
1820 1269 1926 1325 Sed
1972 1269 2088 1325 haec

511 1361 620 1416 duo
652 1363 1030 1425 nihilominus,
1075 1371 1126 1416 et
1161 1361 1423 1416 librorum
1469 1361 1651 1427 lectio,
1683 1371 1736 1414 et
1763 1361 2088 1431 patriarcha:

512 1451 749 1505 initiatio
777 1451 1125 1506 vehementer
1157 1450 1432 1504 hominem
1463 1451 1756 1520 angebant.
1791 1450 1895 1516 Qui
1916 1451 2090 1506 obdu—

512 1550 631 1596 rato
665 1551 868 1608 tamen,
901 1548 959 1596 ut
990 1541 1213 1608 assolet,
1250 1541 1438 1595 animo
1460 1543 1782 1612 permansit.

583 1795 696 1858 VII.
739 1804 886 1858 lnler
928 1803 1044 1857 haec
1085 1801 1436 1859 adolescente
1474 1798 1585 1866 jam
1618 1798 1803 1853 Ellclis
1841 1796 1952 1851 lilio
1984 1813 2086 1868 pu-

513 1897 664 1966 pillo,
693 1896 786 1966 qui
817 1895 884 1948 ad
915 1910 1066 1965 spem
1094 1892 1501 1964 palriarchatus
1527 1890 1866 1944 educabatur
1893 1888 2092 1958 (neque

511 1990 658 2043 enim
693 1988 1045 2058 magistratus
1089 1985 1230 2055 apud
1262 1983 1480 2038 Juda-zos
1519 1982 1666 2036 ullus
1698 1979 1963 2050 praeripit,
1996 1978 2091 2032 sed

514 2081 833 2151 parentibus
884 2079 979 2133 lilii
1028 2077 1394 2144 succedunt),
1444 2089 1569 2128 mox
1619 2080 1676 2127 ut
1726 2072 1902 2126 aetatis
1936 2071 2087 2141 131

512 2172 700 2229 ﬂorem
752 2187 817 2227 ac
862 2171 1104 2242 vigorem
1153 2170 1361 2239 attigit,
1407 2167 1475 2220 ad
1510 2167 1631 2235 ejus
1668 2165 2099 2227 familiaritatem

513 2267 752 2336 mquales
793 2265 1015 2336 quidam
1061 2263 1373 2334 perniciose
1415 2261 1688 2330 obrepunt
1723 2258 1884 2313 otiosi
1917 2257 2094 2312 adole-

514 2369 754 2421 scentes,
803 2374 866 2412 ac
912 2357 1160 2411 moribus
1211 2353 1451 2424 corrupti
1485 2351 1699 2423 (ludas,
1743 2351 1961 2420 Opinor,
2005 2364 2093 2420 pa-

515 2453 772 2507 triarcha:
802 2465 1000 2504 nomen
1035 2455 1173 2512 erat,
1199 2462 1374 2516 neque
1410 2455 1593 2498 tamen
1621 2451 1771 2496 tanto
1807 2441 2093 2495 intervallo

515 2544 686 2614 probe
727 2539 1124 2611 commemini).
1160 2537 1223 2592 lli
1273 2539 1422 2592 varia
1459 2536 1610 2590 illum
1653 2533 1720 2587 ad
1773 2533 2093 2602 corruptela:

516 2634 958 2705 ﬂagitiorumque
988 2645 1186 2701 genera
1219 2627 1626 2699 pertrahebant,
1658 2625 1947 2678 mulierum
1977 2634 2092 2677 stu-

516 2742 635 2796 pra,
662 2723 928 2779 nefandas
949 2723 1223 2784 libidines,
1259 2718 1502 2790 magicas
1532 2717 1862 2788 praestigias,
1892 2715 2092 2785 quibus

515 2816 583 2872 ad
635 2815 966 2885 cupiditates
1032 2810 1330 2882 explendas
1388 2810 1541 2863 illum
1611 2807 1973 2874 adiuvabant;
2039 2816 2092 2862 et

515 2907 799 2961 amatoriis
859 2905 1132 2959 illecebris
1198 2913 1362 2972 atque
1429 2898 1773 2953 carminibus
1849 2897 1916 2951 ad
1969 2899 2092 2967 ejus

515 3001 862 3071 complexum
925 3007 1205 3052 matronas
1253 2998 1515 3066 ingenuas
1550 2990 1601 3045 vi
1633 2989 1868 3060 quadam
1910 2987 2092 3059 adige-

517 3091 668 3146 bant.
717 3091 784 3144 At
821 3087 1114 3159 Josephus.
1147 3096 1202 3142 et
1243 3082 1615 3154 alter'pupilli
1661 3089 1884 3136 curator
1925 3096 2091 3136 senex

517 3197 747 3252 puerum
793 3181 947 3252 sequi
987 3179 1168 3234 coacti
1216 3192 1349 3232 sane
1390 3174 1442 3228 id
1476 3173 1802 3244 permoleste
1841 3170 2004 3234 ferre,
2039 3177 2093 3224 et

517 3275 810 3346 objurgare
867 3286 1258 3341 nonnunquam
1316 3269 1540 3329 verbis,
1595 3273 1651 3321 et
1708 3265 1937 3319 hortari.
2002 3261 2094 3318 Ille

517 3364 817 3433 aequalibus
861 3363 978 3418 suis
1019 3362 1190 3415 multo
1223 3360 1397 3430 magis
1437 3357 1688 3426 obsequi,
1727 3354 1928 3425 ﬂagitia
1971 3369 2090 3424 par-

519 3461 616 3510 tim
652 3451 1076 3518 dissimulando,
1101 3451 1297 3521 partim
1340 3449 1636 3504 inliciando
1670 3455 1871 3516 tegere.
1901 3444 2095 3514 ,Neque

517 3545 664 3599 enim
687 3551 897 3598 tutores
919 3541 1202 3597 criminari
1233 3555 1296 3594 ac
1318 3540 1541 3609 vulgare
1568 3536 1774 3591 scelera
1799 3535 1975 3604 palam
1997 3549 2096 3587 au-

519 3638 742 3698 debant,
777 3635 872 3690 sed
900 3634 1058 3704 quasi
1100 3631 1388 3686 erudiendi
1427 3629 1602 3700 gratia
1639 3636 1946 3697 opportuna
1979 3639 2090 3678 mo-

520 3729 637 3784 nita
666 3726 1048 3797 suggerebant.
1079 3722 1240 3777 Forte
1271 3721 1483 3776 Gadara
1525 3719 1592 3774 ad
1635 3719 1900 3784 Thermas
1928 3717 2094 3787 proﬂ-

519 3822 830 3875 cisauntur.
876 3816 1158 3886 Frequens
1187 3815 1298 3869 illic
1319 3821 1592 3868 mercatus
1627 3811 1923 3881 quotannis
1955 3810 2098 3864 cele-

520 3911 740 3976 bratur;
765 3909 831 3964 ad
871 3925 1032 3978 quem
1085 3908 1325 3976 undique
1365 3903 1584 3958 lavandi
1625 3918 1792 3956 causa
1832 3903 1951 3956 dies
1993 3903 2095 3955 a|i~

520 4012 653 4072 quot
682 4001 988 4064 conﬂuunt,
1019 4001 1298 4053 variorum
1327 3997 1393 4051 ad
1425 3997 1742 4050 morborum
1770 3995 2093 4055 remedium,

520 4097 684 4167 idque
723 4093 1084 4150 callidissimo
1113 4090 1378 4146 drcmonis
1418 4089 1654 4143 consilio
1703 4087 1931 4158 geritur.
1961 4084 2095 4138 Nam

519 4201 862 4260 quaecunque
887 4187 1004 4240 loca
1033 4185 1238 4238 divinis
1280 4192 1407 4238 sunt
1431 4181 1704 4236 celebrata
1727 4177 2009 4248 prodigiis,
2041 4175 2095 4229 in

523 4279 592 4333 iis
623 4293 688 4332 ex
716 4277 948 4332 adverso
983 4276 1248 4330 exitiosas
1279 4289 1409 4328 suas
1449 4273 1635 4343 plagas
1665 4270 1892 4324 tendere
1931 4282 2098 4322 cona-

523 4375 613 4419 tus
647 4372 752 4419 est.
779 4363 957 4434 Atque
990 4363 1101 4416 illic
1123 4362 1225 4417 viri
1258 4378 1382 4416 cum
1430 4359 1756 4414 mulieribus
1785 4357 2096 4428 promiscue

490 4537 494 4541 -
595 4500 708 4571 (Π)
748 4496 904 4571 Γάζα
945 4498 1015 4571 δέ
1045 4497 1449 4571 ἑρμηνεύεται.
1491 4495 1622 4571 Qum
1672 4494 1834 4561 vulgo
1878 4491 2096 4571 Persica

523 4561 626 4626 voi
663 4561 883 4631 dicitur,
918 4561 1188 4622 eadeni'et
1219 4569 1287 4619 ab
1320 4567 1563 4620 Hebraeis
1583 4573 1865 4634 usurpata.
1894 4561 2093 4616 Ezech.

528 4656 698 4701 xxvii,
727 4639 798 4692 Ἡ
823 4647 973 4697 om:
1016 4645 1145 4692 sunt
1172 4646 1396 4694 ΠῚἻΠΝ.

595 4710 706 4780 (18)
751 4707 820 4780 Τὸ
850 4708 1016 4780 apart)
1053 4707 1351 4780 Ματθαῑον
1385 4705 1690 4780 Ἐὕρατκόν
1729 4705 1941 4780 φυτόὴ.
1981 4707 2096 4762 Nisi

524 4774 642 4834 vitii
691 4774 899 4846 aliquid
957 4777 1006 4829 ei
1065 4777 1186 4830 loco
1243 4777 1441 4838 subsit,
1472 4776 1637 4844 φυτόν
1669 4774 1928 4846 appellari
1969 4789 2098 4844 puto

523 4850 730 4904 Christi
792 4845 1002 4901 Domini
1055 4846 1446 4916 genealogiam,
1490 4862 1610 4916 qua:
1657 4845 1871 4899 arboris
1925 4847 2100 4902 instar

524 4919 860 4976 conformari
897 4916 1056 4983 vulgo
1091 4917 1247 4970 solet.

598 4990 708 5061 (l9)
751 4987 1180 5061 Haparbfmai
1231 4985 1389 5061 γοῦζ
1418 4987 1504 5051 είς
1545 4985 1820 5061 Γάδαρα.
1859 4984 2101 5061 Meminit

524 5054 936 5113 Gadarenarum
971 5054 1306 5111 thermarum
1351 5055 1630 5124 Eunapius
1676 5058 1728 5108 in
1759 5054 2098 5110 Jamblicho:

527 5129 681 5185 Μετὰ
726 5129 783 5180 δὲ
827 5127 1016 5198 χρόνον
1065 5127 1185 5198 τινὰ
1224 5125 1380 5198 δόξαν
1411 5126 1712 5198 αὑτοίςγέπὶ
1747 5125 1814 5179 τά
1861 5126 2098 5198 Γάδαρα,

526 5200 704 5271 θερμά
730 5195 929 5271 δέ-ἐστι
959 5195 1159 5271 λουτρὰ
1187 5197 1286 5271 τῆς
1315 5197 1533 5271 Συρίας,
1561 5195 1666 5271 τῶν
1709 5213 1793 5271 γε⁸
1821 5197 1980 5271 μετάμ
2001 5195 2101 5267 τὴν

537 5265 850 5340 Ῥωμαϊκὴν
885 5265 1158 5340 Βαίαις
1201 5265 1428 5340 δεύτερα
1447 5284 1461 5297 ·
1498 5267 1726 5340 ἐκείνοις
1751 5265 1931 5340 δέήούκ
1957 5265 2101 5340 ἐστίν

526 5335 690 5408 ἐτερα
721 5335 1189 5409 παραϐάλλεσθαι·
1227 5335 1550 5409 πορεύονται
1575 5337 1631 5388 δὲ
1658 5336 1798 5409 κατά
1825 5338 1920 5408 τὴν
1953 5337 2102 5408 ὥραν

527 5405 705 5472 εἰς’τά
733 5405 951 5479 Γάδαρα
983 5407 1074 5461 τοῦ
1109 5407 1282 5471 ἔτους,
1306 5405 1418 5460 etc.
1455 5405 1555 5460 Ubi
1588 5417 1640 5459 et
1672 5407 1848 5479 fontes
1881 5405 2019 5479 duos
2047 5409 2102 5479 in

527 5494 595 5532 co
619 5480 738 5531 loco
767 5477 934 5533 fuisse
958 5479 1224 5541 meminit,
1252 5493 1482 5544 quorum
1529 5477 1682 5528 alteri
1715 5477 1914 5547 Ἔρως,
1946 5477 2100 5531 alteri

545 5547 809 5617 Ἀντέρως
839 5563 1036 5602 nomen
1066 5549 1186 5609 l'uit,
1220 5563 1285 5600 ex
1319 5547 1519 5617 quibus
1555 5548 1812 5617 puerulos
1836 5549 1975 5601 duos
2009 5564 2105 5600 cu-

526 5615 770 5684 jttsmOdi
827 5617 1075 5688 videlicet
1129 5615 1348 5688 arnores’
1401 5616 1719 5683 tinguntur,
1768 5615 2104 5688 Jamblichus

534 5701 727 5754 magos
775 5687 993 5746 excivit.
1031 5687 1098 5740 Ut
1145 5687 1417 5758 intelligas
1465 5696 1802 5756 quantopere
1834 5687 1923 5742 ille
1952 5687 2104 5742 lacus

2190 445 2368 496 ἐκεῖσε
2401 439 2799 510 γαζοφυλακίου
2829 457 2914 502 τις
2938 435 3085 504 οἶκος
3115 438 3570 510 ἐσφραγισμένος.
3607 439 3776 508 (Γάζα

2190 533 2247 586 δὲ
2287 531 2648 604 ἑρμηνεύεται
2679 531 2790 598 (17)
2825 529 2966 583 κατά
3001 529 3099 600 τὴν
3144 529 3398 600 Ἐϐραῖδα
3424 528 3773 597 θησαιφός.)

2191 621 2408 674 Πολλῶν
2449 621 2506 672 δέ
2546 619 2714 673 πολλά
2748 618 3140 689 διανοουμένων
3171 619 3298 688 περὶ
3333 617 3426 670 τοῦ
3463 617 3772 686 γαζοφυλα-

2193 713 2310 765 κίου
2337 710 2524 765 τούτου
2547 711 2632 763 διά
2659 710 2758 780 τὴν
2791 709 3082 779 σφραγῖδα,
3112 709 3140 760 6
3185 707 3447 780 Ἰώσηπος
3472 707 3774 777 λεληθότως

2190 801 2467 872 τολμήσας
2513 800 2726 870 ήνοιξεο
2755 800 2850 852 καὶ
2888 791 3046 871 εὗρεν
3083 799 3237 852 οὐδὲν
3281 799 3596 870 χρημάτων,
3635 797 3772 867 πλὴν

2194 893 2409 964 βίϐλους
2437 891 2533 955 τάς
2561 891 2702 962 ὑπὲρ
2724 893 2826 962 χρή
2837 906 2997 962 ματα.
3042 889 3451 959 Ἀναγινὼσκων
3479 889 3534 942 δὲ
3562 889 3619 941 ἐν
3645 888 3772 940 ταύ-

2191 1000 2330 1046 ταις,
2356 984 2431 1045 ὼς
2459 981 2561 1053 ἤδη
2583 981 2738 1051 ἔφην,
2768 981 2828 1034 τὺ
2850 980 2993 1034 κατά
3036 981 3289 1050 Ἰωάννην
3304 979 3631 1048 Εὑαγγέλιον
3665 979 3772 1032 ἀπὸ

2203 1073 2449 1135 Ἑλλάδος
2501 1074 2580 1135 εἰς
2614 1071 2869 1142 Ἑϐραῒδα
2918 1072 3101 1142 φωνὴν
3161 1071 3503 1143 μεταληφθέν
3546 1070 3766 1142 ηῦρετο,

2194 1164 2286 1217 καὶ
2319 1164 2414 1226 τὰς
2447 1163 2555 1215 τῶν
2603 1162 2913 1216 ἀποστόλων
2946 1162 3198 1232 Πράξεις.
3241 1162 3314 1213 Ού
3367 1161 3472 1232 μὴν
3503 1160 3636 1214 ἀλλά
3676 1159 3768 1212 καὶ

2192 1255 2250 1307 τὸ
2285 1253 2426 1307 κατά
2473 1253 2751 1308 111ατθαῖον
2790 1253 3074 1324 Ἐϐραῖκὺν
3116 1252 3226 1322 (18)
3263 1251 3425 1320 φυτὸν
3465 1253 3528 1303 ἐκ
3567 1251 3769 1302 τούτων

2193 1345 2479 1414 ἀναγνοὺς,
2511 1343 2670 1397 πάλιν
2689 1343 2786 1415 τὴν
2808 1343 3040 1396 διάνοιαν
3063 1343 3338 1414 ἐτρύχετο,
3365 1340 3644 1410 ἀσχάλλων
3673 1338 3769 1408 μέν

2194 1456 2310 1502 πως
2339 1439 2466 1509 περ)¹
2497 1438 2596 1508 τῆς
2636 1437 2871 1500 πίστεως
2904 1436 2997 1489 τοῦ
3036 1434 3300 1507 Χριστοῦ·
3336 1433 3437 1504 ήδη
3483 1433 3542 1486 δέ
3586 1434 3650 1484 ἐκ
3681 1430 3773 1484 δύο

2193 1528 2504 1582 ὑποθέσεων
2535 1528 2984 1597 ύπονυττόμενος,
3009 1529 3107 1596 τῆς
3138 1525 3246 1578 τῶν
3287 1523 3505 1594 βιϐλίων
3526 1520 3772 1590 ἀναγνώ-

2198 1639 2333 1684 σεως
2366 1622 2458 1676 καὶ
2507 1622 2605 1692 τῆς
2636 1618 2730 1672 τοῦ
2782 1620 3119 1689 πατριάρχου
3174 1614 3580 1688 μυσταγωγίας,
3625 1613 3774 1684 ὅμως

2189 1716 2254 1784 τῇ
2287 1713 2480 1785 καρδία
2512 1711 2873 1783 ἐσκληρύνετο
2909 1704 2994 1762 οἷα
3019 1709 3250 1778 γίνεται.
3753 1769 3768 1791 δ

2263 1808 2337 1858 Z'.
2385 1807 2472 1868 Ὠς
2503 1804 2558 1856 δὲ
2608 1807 2664 1856 ἐν
2721 1803 2930 1866 τούτοις
2984 1801 3357 1872 κατετρίϐετο,
3409 1797 3694 1870 ἁδρύνεταί
3744 1797 3775 1849 6

2194 1900 2323 1960 παῖς
2346 1898 2374 1948 6
2403 1897 2781 1965 καταλειςρθεὶς
2809 1895 2913 1948 ὑπὸ
2949 1894 3137 1965 Ἐλλὴλ
3161 1896 3240 1956 είς
3269 1891 3630 1962 πατριαρχίαν
3651 1905 3773 1960 τρε-

2193 1990 2456 2058 φόμενοςο
2486 1988 2659 2052 οὐδεὶς
2691 1988 2799 2058 γὰρ
2832 1985 2990 2048 ἄλλος
3025 1985 3259 2058 ἁρπάζει
3293 1983 3392 2046 τάς
3424 1981 3599 2052 ἀρχὰς
3623 1979 3773 2050 παρά

2191 2082 2304 2141 τοῖς
2344 2079 2636 2143 Ἰουδαίοις,
2663 2078 2798 2131 ἀλλά
2826 2078 2940 2140 υίὸς
2965 2077 3176 2148 πατέρα
3199 2075 3520 2144 διαδέχεται.
3559 2074 3647 2135 Ὠς
3680 2067 3773 2125 οὖν

2191 2170 2284 2222 ἐπὶ
2314 2168 2375 2222 τὸ
2423 2171 2654 2239 ἀκμαῖον
2687 2168 2786 2238 τῆς
2819 2168 3031 2239 ἡλικίας
3091 2169 3120 2220 ὁ
3173 2165 3291 2229 νέος
3337 2166 3554 2235 ἦρχετο,
3607 2180 3771 2233 προσ-

2191 2262 2502 2333 εφθείροντο
2527 2259 2675 2330 αύτῷ
2708 2277 2850 2322 τινες
2881 2260 3067 2328 ἥλικες
3113 2259 3275 2336 ἀργοί
3300 2257 3394 2309 καὶ
3437 2255 3622 2319 ἐθάδες
3677 2272 3772 2308 κα-

2192 2355 2303 2406 κῶν
2369 2355 2528 2424 (τάχα
2575 2353 2652 2415 δὲ,
2701 2348 2874 2422 οἶμαι,
2917 2351 3114 2412 Ἰούδας
3170 2342 3324 2412 οὗτος
3378 2347 3650 2400 ἐκαλεῖτο·
3711 2346 3771 2398 ού

2193 2446 2333 2498 πάνυ
2368 2445 2425 2498 δέ
2454 2444 2641 2514 σαφῶς
2669 2443 2967 2512 ἐπίσταμαι
3014 2441 3102 2494 διά
3131 2441 3221 2492 τὸν
3256 2439 3484 2510 χρόνον).
3533 2438 3770 2507 Μετέφε-

2195 2555 2286 2609 ρον
2329 2534 2423 2590 οὖν
2462 2537 2622 2590 αὑτὸν
2653 2537 2702 2590 οί
2734 2535 3117 2604 συνηλικιῶται
3159 2532 3415 2603 νεώτεροι
3448 2534 3528 2596 εἰς
3575 2531 3772 2593 πολλάς

2193 2629 2379 2682 κακῶν
2437 2628 2830 2700 ἐπιτηδεύσεις,
2867 2628 3069 2697 φθοράς
3109 2643 3169 2679 τε
3211 2625 3507 2694 γυναικῶν,
3554 2624 3649 2676 κα)⁵
3681 2623 3768 2676 λα-

2193 2723 2378 2792 γνείας
2407 2722 2678 2784 ἀνοσίους,
2721 2719 3076 2791 μαγγανείαις
3112 2719 3222 2771 τισὶ
3269 2718 3531 2788 μαγικαῖς
3568 2717 3772 2785 ἐπιχειο

2197 2815 2420 2887 ροῦντες
2450 2813 2598 2884 αύτῷ
2627 2815 2908 2884 συνεργεῖν
2945 2814 3024 2873 είς
3060 2809 3129 2862 τά
3161 2811 3257 2881 τῆς
3289 2809 3600 2873 ἀκολασίας,
3633 2807 3767 2876 ἀγώ-

2193 2905 2335 2977 γιμά
2369 2923 2490 2958 τινα
2519 2903 2908 2968 ἐπιτελοῦντες,
2941 2899 3140 2954 κα“ιδιά
3170 2899 3435 2953 ἐπαοιδῶν
3467 2898 3772 2968 βιαζόμενοι

2195 3002 2456 3068 γυναῖκας
2513 2996 2803 3066 ἐλευθέρας
2862 2995 2997 3066 πρὸς
3052 2995 3151 3065 τὴν
3206 2993 3398 3046 τούτου
3456 2991 3660 3062 φθοράν
3715 2990 3772 3056 ἐξ

2197 3091 2441 3161 ἀνάγκης
2488 3088 2734 3157 ἄγεσθαι.
2775 3088 2834 3140 'O
2882 3087 2938 3139 δὲ
2975 3084 3237 3155 Ἰώσηπος
3279 3085 3372 3137 καὶ
3416 3085 3444 3136 6
3479 3083 3575 3136 σὺν
3627 3080 3772 3150 αύτῷ

2196 3183 2525 3254 πρεσϐύτης,
2568 3182 2811 3249 ἀνάγκην
2857 3178 3071 3248 ἔχοντες
3113 3176 3190 3248 τῷ
3221 3177 3372 3232 παιδὶ
3418 3175 3769 3237 συνέπεσθαι,

2197 3275 2403 3346 βαρέως
2429 3275 2525 3344 μὲν
2554 3272 2644 3341 ἕφε
2656 3290 2767 3343 ρον,
2789 3271 3046 3333 πολλάκις
3070 3269 3126 3322 δέ
3148 3269 3242 3322 καὶ
3267 3268 3586 3337 ἐγκλήματα
3606 3283 3771 3338 προσ-

2195 3367 2388 3437 έφερον
2429 3365 2517 3418 διά
2560 3364 2754 3434 λόγων,
2787 3365 2882 3416 καὶ
2911 3362 3206 3432 παρῄνουν.
3260 3361 3317 3412 '0
3341 3360 3397 3413 δέ
3439 3358 3636 3430 μᾶλλον
3660 3361 3772 3422 τοῖς

2195 3459 2334 3521 νέοις
2357 3456 2626 3516 ἐπείθετο,
2655 3455 2913 3526 κρύπτων
2945 3456 3015 3506 τά
3043 3451 3262 3523 αἰσχρά,
3299 3451 3394 3505 καὶ
3419 3450 3769 3524 ἀρνούμενος.

2195 3547 2332 3600 Ούτε
2365 3548 2474 3617 γάρ
2494 3545 2734 3615 ἐτόλμων
2759 3546 2806 3597 οἱ
2833 3543 2960 3616 περὶ
2998 3541 3260 3612 Ἰώσηπον
3293 3539 3529 3605 ἐξειπεῖν
3559 3540 3627 3593 τά
3653 3538 3773 3592 κατ’

2196 3638 2405 3690 ἐκείνου
2446 3634 2663 3707 φανερῷ
2695 3633 2773 3704 τῷ
2811 3633 2974 3704 λόγῳ,
3005 3631 3141 3686 ἀλλά
3169 3630 3238 3683 δι’
3266 3631 3576 3700 ἐπιστήμην
3627 3645 3771 3698 παρ-

2196 3729 2378 3800 ῄνουν.
2417 3726 2814 3799 Παραγίνονται
2859 3725 2990 3794 γοῦν
3040 3725 3120 3786 είς
3154 3723 3372 3793 Γάδαρα
3411 3720 3544 3790 (19),
3581 3721 3660 3782 είς
3705 3719 3773 3772 τά

2198 3817 2374 3888 θερμὰ
2420 3817 2606 3870 ύδατα.
2641 3817 2954 3886 Πανήγυρις
2997 3813 3054 3866 δὲ
3099 3815 3215 3866 ἐκεῖ
3247 3813 3366 3864 κατ’
3400 3811 3518 3874 ἐτος
3558 3812 3770 3878 ἄγεται.

2210 3909 2563 3982 ’Λπέρχονται
2604 3907 2713 3980 γὰρ
2761 3905 3096 3976 πανταχόθεν
3132 3906 3180 3958 οί
3220 3904 3529 3974 βουλόμενοι
3576 3902 3771 3954 λούσα-

2200 3999 2322 4052 σθαι
2350 4001 2560 4073 ἡμέρας
2585 4000 2760 4063 τινάς,
2800 3999 3120 4069 νοσημάτων
3150 3995 3308 4066 δῆθεν
3357 3993 3627 4064 ἀποϐολῆς
3659 3993 3772 4045 ἐνε-

2199 4109 2313 4154 κεν,
2336 4092 2471 4162 ὅπερ
2500 4093 2613 4144 ἐστὶ
2633 4089 2935 4143 διαϐολικὺν
2969 4088 3352 4158 στρατήγημα.
3387 4083 3554 4138 Ἔνθα
3575 4082 3682 4154 γὰρ
3705 4081 3772 4136 τὰ

2200 4183 2350 4252 παρά
2375 4182 2469 4235 τοῦ
2513 4181 2647 4234 Θεοῦ
2676 4182 2785 4251 (20)
2821 4180 3073 4251 θαύματα
3110 4179 3421 4249 γεγένηται,
3469 4176 3773 4246 προύλαϐεν

2197 4277 2226 4327 6
2247 4275 2312 4328 δι’
2349 4273 2596 4336 ἐναντίας
2629 4271 2798 4325 θεῖναι
2826 4270 2990 4324 αὐτοῦ
3022 4271 3088 4324 τά
3112 4271 3366 4341 όλετήρια
3397 4269 3627 4322 δίκτυα.·
3652 4270 3772 4322 Ἀν-

2129 4390 2173 4444 D
2199 4365 2433 4434 δρὸγυνα
2466 4364 2574 4436 γάρ
2619 4365 2797 4417 ἐκεῖσε
2828 4362 2939 4434 (21)
2972 4361 3238 4415 λούονται.
3271 4360 3429 4414 Κατὰ
3469 4361 3772 4430 συγκυρίαν

2197 4501 2480 4557 amatoriis
2527 4500 2799 4555 illecebris
2830 4514 2894 4555 ac
2929 4498 3252 4553 libidinibus
3277 4503 3622 4566 opportunus
3652 4496 3773 4550 fue-

2202 4583 2290 4624 l'll.
2921 4621 2923 4623 _

2271 4640 2384 4708 (20)
2427 4641 2608 4692 Ἔνθα
2650 4639 2759 4708 γὰρ
2788 4637 2857 4692 τὰ
2891 4637 3048 4705 παρὰ
3077 4636 3184 4690 τοῦ
3220 4636 3386 4690 Θεοῦ.
3429 4633 3630 4708 Eodem
3663 4634 3773 4688 da:-

2199 4703 2378 4764 monis
2433 4703 2668 4762 artiﬁcio
2715 4703 2914 4760 factum
2961 4703 3066 4770 est,
3099 4709 3244 4775 quod
3297 4713 3484 4759 narrat
3541 4703 3769 4757 Hieron.

2200 4795 2285 4845 Pp.
2309 4781 2376 4833 15
2411 4797 2424 4832 :
2464 4778 2541 4831 Ab
2578 4778 2806 4830 Adriani
2837 4779 3149 4842 temporibus
3194 4793 3354 4842 usque
3383 4777 3451 4845 ad
3493 4775 3772 4845 imperium

2200 4843 2556 4910 Constantiniﬁ
2581 4865 2671 4916 per
2703 4865 2865 4900 annos
2890 4849 3096 4900 circiter
3122 4861 3319 4916 ctxxx,
3350 4847 3400 4898 in
3433 4844 3544 4898 loco
3578 4843 3772 4896 Resur-

2202 4920 2446 4972 reclionis
2475 4915 2817 4970 simulacrum
2841 4916 3008 4976 lovis,
3040 4919 3093 4969 in
3133 4915 3316 4970 Crucis
3346 4931 3472 4981 rupe
3502 4923 3678 4966 statua
3707 4928 3770 4964 ea:

2201 5005 2464 5041 marmore
2505 4986 2716 5040 Veneris
2743 5005 2775 5038 a
2798 4986 3033 5056 gentibus
3065 4997 3236 5053 posita
3263 4986 3560 5056 colebatur;
3586 4984 3769 5036 existi-

2201 5057 2468 5111 mantibus
2501 5053 2874 5123 persecutionis
2902 5056 3379 5123 auctoribus,quod
3410 5053 3645 5108 tollerent
3675 5069 3770 5105 no-

2203 5127 2280 5180 bis
2307 5127 2460 5195 ﬁdem
2495 5123 2907 5180 .Resurrecliouis
2941 5136 2988 5179 et
3017 5123 3222 5189 Crucis,
3254 5128 3300 5178 si
3330 5127 3445 5178 loca
3477 5132 3660 5195 sancta
3681 5138 3770 5195 per

2203 5193 2346 5250 idola
2377 5197 2707 5264 polluissent.
2745 5196 2877 5250 Nam
2929 5204 2982 5250 et
3034 5195 3353 5249 Gadarenus
3407 5211 3533 5262 ager
3564 5193 3768 5264 Christi

2204 5261 2416 5320 Domini
2456 5268 2740 5335 praesentia
2769 5282 2833 5321 ac
2866 5266 3144 5319 miraculis
3168 5265 3474 5319 celebratus
3496 5271 3588 5335 _es_t
3616 5261 3767 5335 (Luc.

2204 5338 2419 5408 νειμόἶ
2444 5332 2482 5405 )’,
2531 5354 2650 5407 qua:
2694 5346 2820 5408 sunt
2865 5336 3052 5408 illati
3083 5335 3232 5408 παρὰ
3264 5335 3357 5389 τοῦ
3387 5333 3530 5408 ΘεοῦΔ
3554 5332 3768 5400 θαύμα-

2205 5424 2290 5460 τα.
2323 5405 2643 5476 Quanquam
2673 5417 2725 5460 et
2761 5407 2826 5459 ad
2858 5406 3120 5460 medicam
3161 5405 3423 5476 aquarum
3482 5405 3589 5458 vim
3627 5417 3768 5454 mor-

2206 5479 2511 5546 bosumque
2540 5477 2776 5531 remedia
2809 5478 2978 5546 possit
3010 5477 3197 5546 referri

2276 5549 2388 5616 (‘2!)
2424 5543 2938 5615 Ἆγδρόγνναὴὰρ
2973 5545 3188 5598 ἐκεῖσε.
3231 5545 3362 5599 Mira
3413 5543 3562 5616 vocis
3612 5555 3748 5616 usur

2206 5612 2379 5686 patio,
2437 5612 2940 5686 qua’promisc‘uas
2989 5617 3274 5684 utriusque
3329 5629 3517 5686 sexus
3548 5612 3767 5686 balneas

2209 5681 2380 5743 luisse
2400 5681 2687 5758 significat.
2724 5686 2813 5742 Est
2837 5687 2978 5741 enim
3006 5681 3325 5756 ἀνδρόγυνον
3339 5683 3605 5750 λούεσθαι,
3631 5681 3770 5736 idem
