4170 6372
480 324 585 381 419

1882 316 1937 371 S.
1981 315 2319 371 EPIPHANII

3621 318 3723 372 420

480 441 683 496 factum
728 445 833 502 est,
879 444 939 490 ut
967 434 1083 490 haec
1125 434 1241 489 seni
1294 433 1469 496 alteri,
1508 433 1602 504 qui
1644 447 1766 486 cum
1807 432 2047 502 Josepho

2159 433 2249 502 τῆς
2280 432 2685 502 προειρημένης
2714 430 2987 500 γυναικός.
3036 431 3127 483 Ἐκ
3156 429 3290 483 Θεοῦ
3334 432 3389 484 δὲ
3423 430 3724 502 βουλήσεως

476 544 617 595 erat,
650 532 702 585 in
758 533 998 583 animum
1042 526 1306 581 venerint.
1354 526 1455 591 Qui
1495 512 1553 580 re
1605 526 1823 595 cognita
1866 525 2051 578 omnia

479 640 603 679 cum
641 622 875 691 Josepho
931 618 1319 673 communicat.
1379 618 1457 670 Ac
1500 617 1731 685 primum
1770 615 2052 669 calamita-

478 723 588 770 tem
633 729 786 769 suam
831 712 1123 779 deplorans
1156 708 1239 763 :0
1287 724 1409 771 nos,
1450 708 1636 770 frater,
1672 708 1922 768 miseros,
1970 707 2053 759 in-

478 807 621 874 quit.
676 819 741 856 ac
778 817 905 856 vasa
959 801 1198 870 perdita!
1252 800 1471 853 cuinam
1514 798 1745 868 appositi
1795 797 2052 852 custodes

483 898 712 949 sumus"
744 892 882 957 Quid
928 892 1002 944 rei
1051 898 1197 945 esset
1242 890 1557 943 sciscitatus
1589 888 1878 957 Josephus,
1914 888 2053 941 nihil

482 999 609 1043 ante
641 987 826 1039 verbis
861 985 928 1037 ab
975 998 1040 1037 eo
1080 982 1289 1042 didicit,
1322 997 1486 1049 quam
1524 996 1688 1032 manu
1718 980 2049 1048 prehensum

480 1096 646 1136 senex
686 1079 738 1131 in
778 1094 902 1131 eum
946 1077 1123 1128 locum
1158 1073 1363 1134 eduxit,
1412 1073 1501 1125 ubi
1544 1087 1666 1123 cum
1706 1072 2053 1126 adolescente

477 1174 691 1229 nefaria
726 1172 814 1223 illa
844 1184 1039 1223 manus
1070 1168 1214 1221 inter
1254 1175 1595 1219 mortuorum
1622 1164 1807 1227 busta,
1847 1164 2053 1217 maleﬁ-

478 1267 549 1321 cii
584 1280 773 1328 causa,
808 1266 1159 1315 convenerat.
1200 1256 1339 1327 Ergo
1369 1257 1445 1308 illi
1477 1256 1608 1309 foris
1640 1256 1705 1309 ad
1744 1255 2052 1325 ingressum

476 1368 690 1413 stantes
725 1354 929 1416 omnia,
964 1366 1085 1420 quae
1134 1350 1203 1403 ab
1244 1350 1310 1402 iis
1342 1349 1551 1412 ﬁerent,
1601 1348 1923 1407 exaudiunt,
1960 1347 2055 1400 iis-

479 1449 711 1516 demque
746 1443 1079 1497 abeuntibus
1104 1458 1162 1494 se
1192 1441 1525 1494 subducunt.
1563 1438 1748 1509 Neque
1778 1440 1922 1492 enim
1958 1439 2053 1492 ad-

476 1538 699 1593 modum
735 1534 1227 1604 advesperascebat
1256 1551 1267 1584 :
1305 1532 1399 1584 sed
1444 1539 1633 1600 utpote
1666 1531 1769 1585 sub
1796 1546 2050 1584 occasum

475 1631 609 1685 solis
649 1627 812 1681 dubia
848 1627 969 1680 luce
994 1624 1247 1692 'Ldiscerni
1281 1624 1460 1677 adhuc
1487 1624 1662 1676 oculis
1705 1623 1911 1693 aliquid
1957 1640 2053 1692 po-

477 1728 637 1775 terat.
665 1719 783 1772 Mox
811 1717 1091 1773 sceleratis
1117 1716 1223 1770 illis
1263 1732 1291 1768 a
1329 1717 1583 1785 sepulcro
1610 1716 1896 1786 digressis,
1926 1732 2049 1769 cum

2154 528 2232 588 εἰς
2267 523 2389 577 νοῦν
2419 524 2590 577 ταῦτα
2623 520 2753 594 ἦλθε
2785 524 2875 575 τοῦ
2907 522 3066 575 ἄλλου
3092 524 3481 595 πρεσϐυτέρου,
3511 524 3604 576 τοῦ
3631 525 3724 579 σὺν

2168 616 2411 685 Ἰωσήπῳ
2453 616 2829 684 τυγχάνοντος.
2872 615 2929 666 '0
2975 613 3053 674 δὲ,
3089 611 3405 682 αἰσθόμενος
3448 614 3553 667 τῶν
3579 631 3723 682 γινο-

2156 709 2352 778 μένων,
2394 706 2471 776 τῷ
2515 709 2760 777 Ἰωσήπῳ
2790 704 3182 759 ἀνακοινοῦται.
3226 705 3336 759 Καὶ
3378 705 3591 775 πρῶτον
3628 707 3724 775 μὲν

2151 800 2442 864 ταλανίσας
2462 800 2671 861 ἑαυτὸν,
2688 799 2811 868 ἔφη·
2830 799 3087 861 Τάλανες,
3108 797 3485 867 φησὶν,ήμεῖς,
3508 797 3723 864 ἀδελφὲ,

2153 894 2247 945 καὶ
2268 891 2543 954 ἀπωλείας
2566 891 2754 961 σκεύη,
2781 892 2883 943 τίνι
2909 888 3338 960 προσεδρεύομεν
3361 906 3375 953 ;
3405 891 3432 941 ό
3454 890 3509 942 δὲ
3551 888 3722 961 Ἰώση-

2156 1000 2273 1045 πος,
2306 982 2404 1052 τὴν
2438 982 2615 1034 αἰτίαν
2644 983 2945 1052 ἐρωτήσας,
2978 982 3038 1033 οὐ
3076 982 3335 1052 πρότερον
3368 982 3564 1051 ήκουσε
3595 983 3724 1051 παρ’

2153 1073 2316 1125 αὑτοῦ
2349 1073 2437 1125 διὰ
2468 1073 2662 1141 λόγων,
2688 1073 2837 1143 πρὶν.
2875 1072 3039 1126 αὑτοῦ
3060 1073 3351 1143 λαϐόμενος
3379 1074 3479 1143 τῆς
3500 1074 3678 1143 χειρὸς
3696 1074 3726 1124 ὁ

2156 1164 2485 1235 πρεσϐύτης,
2513 1166 2766 1235 ἀπήγαγε
2789 1165 2879 1217 τὸν
2922 1164 3201 1235 Ἰώσηπον,
3225 1164 3351 1217 ἔνθα
3368 1165 3427 1217 τὸ
3455 1166 3725 1235 ἄθροισμα

2152 1258 2201 1309 οἱ
2220 1256 2529 1327 φθοριμαῖοι
2550 1257 2686 1327 μετὰ
2710 1256 2801 1310 τοῦ
2828 1258 3090 1328 νεωτέρου
3114 1260 3169 1311 ἐν
3193 1262 3303 1321 τοῖς
3323 1260 3565 1329 μνήμασι
3588 1276 3726 1327 μαγ-

2154 1349 2379 1416 γανείας
2432 1348 2592 1399 ἕνεκα
2626 1348 2921 1402 ἐποιοῦντο.
2968 1348 3075 1400 Καὶ
3122 1348 3225 1411 ἔξω
3283 1349 3379 1417 μὲν
3416 1349 3514 1417 τῆς
3559 1348 3726 1418 Ούρας

2156 1440 2399 1501 στάντες,
2431 1438 2501 1491 τὰ
2532 1441 2662 1510 παρ’
2696 1439 2921 1491 ἐκείνων
2947 1440 3205 1509 γινόμενα
3246 1438 3725 1509 κατηκροάσαντω

2154 1531 2377 1583 ἐκείνων
2399 1530 2454 1583 δὲ
2484 1530 2754 1594 ἐξιόντων,
2801 1529 3180 1601 ὑπεχώρησαν.
3212 1530 3376 1583 Οὔπω
3407 1531 3516 1600 γὰρ
3559 1529 3728 1599 πολλὴ

2155 1624 2364 1693 ἑσπέρα
2392 1618 2481 1691 ἦν,
2509 1622 2644 1675 ἀλλά
2673 1621 2747 1685 ὡς
2780 1624 2914 1693 πρὸς
2942 1624 3111 1693 αὐτὴν
3140 1623 3236 1694 τήν
3265 1623 3412 1692 ήλίου
3442 1623 3614 1686 δύσιν,
3646 1622 3726 1675 ἔτι

2154 1715 2452 1784 δυναμένου
2506 1714 2780 1785 ὀφθαλμοῦ
2816 1714 3073 1784 ἀμαυρῶς
3121 1715 3267 1767 ἰδεῖν.
3298 1715 3450 1767 Μετά
3500 1710 3591 1799 οῦς)
3626 1715 3727 1785 τὴν

476 1812 686 1875 collega
728 1808 999 1877 Josephus
1036 1808 1356 1878 ingreditur.
1402 1808 1473 1861 lbi
1530 1807 1916 1861 maleﬁciorum
1964 1809 2051 1860 in-

2159 1806 2261 1858 τῶν
2310 1806 2686 1859 ἀσεϐεστάτων
2721 1805 2896 1871 ἔξοδον
2937 1806 3043 1858 ἀπὸ
3074 1806 3166 1858 τοῦ
3210 1807 3473 1876 μνημείου
3506 1788 3575 1858 οῖ’
3599 1807 3726 1877 περὶ

475 1908 777 1955 strumenta
831 1899 1109 1967 reperiunt
1164 1898 1220 1951 in
1266 1898 1490 1950 humum
1538 1897 1941 1966 abjeeta,qu:e,
1993 1903 2052 1949 ut

477 1993 679 2057 aiebat,
714 1991 954 2043 humano
979 1998 1106 2058 potu
1132 2004 1195 2042 ac
1224 1988 1489 2057 sanguine
1526 2002 1770 2056 aspersa,
1802 1989 2055 2042 immisto

477 2084 698 2152 pulvere
744 2080 1090 2134 discedentes
1136 2080 1497 2147 reliquerant.
1542 2077 1684 2131 Tum
1732 2094 1863 2133 vero
1902 2094 2051 2132 com-

478 2182 643 2242 perta:
668 2173 882 2225 illorum
913 2169 1147 2235 insidiae,
1190 2170 1578 2238 cognitumque
1603 2168 1761 2237 cujus
1796 2170 1909 2223 haec
1934 2185 2052 2222 mu-

477 2264 625 2317 lieris
654 2277 819 2315 causa
861 2260 1225 2324 molirentur;
1262 2259 1445 2326 itaque
1476 2266 1737 2325 quantum
1770 2268 1916 2311 artes
1948 2258 2053 2310 illae

476 2363 698 2425 possent
716 2350 1125 2421 exspectabant.
1148 2349 1280 2403 Cum
1307 2348 1439 2400 nihil
1465 2346 1687 2400 veneﬁci
1716 2346 1802 2401 isti
1834 2361 2051 2415 promo-

478 2446 709 2508 ,vissent,
742 2458 804 2495 ac
828 2458 885 2495 se
921 2441 1119 2493 mulier
1140 2448 1193 2492 et
1222 2438 1427 2492 Christi
1461 2438 1637 2506 signo,
1670 2447 1724 2490 et
1760 2438 1879 2492 ﬁdei
1912 2452 2050 2507 pra:-

477 2536 619 2592 sidio
646 2533 979 2591 defenderet,
1014 2532 1291 2600 cognitum
1337 2540 1445 2591 est,
1493 2530 1899 2583 adolescentem
1939 2539 2051 2585 tres

480 2629 721 2695 integras
756 2633 947 2677 noctes
981 2623 1127 2675 illius
1173 2621 1475 2675 allicienda:
1507 2621 1681 2689 gratia
1714 2620 2049 2685 substitisse,

477 2738 541 2777 ac
588 2724 805 2776 demum
851 2734 945 2787 spe
1003 2734 1103 2771 sua
1144 2715 1467 2770 frustratum
1516 2730 1638 2767 cum
1666 2714 2053 2783 impostoribus

476 2813 657 2883 iurgio
704 2812 1073 2868 contendisse.
1121 2809 1365 2862 Tertium
1414 2807 1517 2859 hoc
1573 2805 1841 2875 Josephus
1880 2804 2050 2858 docu-

476 2914 719 2961 mentum
774 2904 1099 2959 Christiana:
1154 2901 1437 2969 religionis
1477 2899 1688 2960 habuit,
1750 2913 1858 2967 quo
1916 2896 2052 2951 nihil

476 2998 744 3051 adversus
775 2994 980 3049 Christi
1030 3008 1228 3048 nomen
1285 2993 1579 3059 crucisque
1623 2992 1836 3058 signum
1873 2991 2053 3043 valere

479 3089 744 3143 maleﬁcia
771 3087 1060 3156 comperit,
1102 3100 1277 3155 neque
1313 3090 1599 3153 propterea
1621 3082 1965 3138 Christianus
1996 3088 2055 3133 ut

477 3193 623 3241 esset
652 3182 707 3235 in
740 3182 981 3235 animum
1011 3178 1246 3232 induxit.

551 3274 639 3327 IX.
686 3272 999 3328 Secundum
1030 3272 1143 3324 haec
1172 3269 1428 3324 Christus
1468 3268 1515 3323 ei
1548 3284 1606 3323 se
1638 3269 1691 3321 in
1725 3265 1931 3321 somnis
1957 3264 2059 3318 ob-

480 3366 638 3435 iicit:
683 3364 780 3428 Et,
822 3362 950 3433 Ego,
994 3362 1193 3430 inquit,
1244 3377 1359 3413 sum
1406 3360 1600 3425 Jesus,
1644 3375 1793 3428 quem
1832 3358 2058 3424 majores

482 3458 561 3509 tui
596 3459 647 3509 in
705 3471 911 3509 crucem
960 3463 1213 3524 egerunt:
1244 3452 1465 3521 proinde
1518 3454 1571 3505 in
1619 3469 1699 3505 me
1738 3451 1954 3503 credito.
1992 3451 2063 3502 At

480 3546 751 3616 Josephus
779 3562 849 3601 ne
872 3546 943 3599 ita
967 3545 1121 3615 133
1137 3545 1353 3613 quidem
1379 3544 1667 3613 perpulsus
1688 3542 2059 3596 vehementem

482 3640 539 3693 in
587 3639 835 3691 morbum
879 3652 941 3691 ac
980 3638 1323 3707 desperatum
1367 3636 1577 3689 incidit.
1625 3634 1761 3689 Tum
1800 3633 2062 3688 Dominus

482 3731 534 3785 ei
571 3744 762 3783 rursus
804 3744 1071 3799 apparens
1104 3737 1162 3781 ut
1190 3730 1243 3782 in
1280 3744 1337 3783 se
1372 3728 1620 3782 crederet
1664 3728 1936 3789 hortatur,
1988 3725 2063 3777 ita

483 3821 815 3876 valetudinis
856 3829 1161 3889 compotem
1196 3820 1459 3874 futurum.
1504 3820 1619 3876 Hoc
1664 3821 1756 3874 ubi
1790 3820 2060 3874 facturum

487 3914 693 3982 recepit
716 3928 779 3967 ac
809 3921 1027 3981 repente
1060 3912 1353 3975 convaluit,
1388 3912 1444 3965 in
1476 3911 1662 3966 eadem
1698 3913 1865 3965 animi
1898 3912 2063 3965 obsti-

488 4007 710 4060 natione
760 4004 1014 4074 perstitit.
1053 4003 1231 4069 Quare
1267 4003 1508 4058 secundo
1533 4003 1587 4055 in
1626 4002 1875 4056 morbum
1915 4004 2063 4056 dela-

485 4116 642 4170 psus,
680 4114 742 4152 ac
765 4097 989 4167 perinde
1018 4098 1363 4165 desperatus.
1397 4112 1520 4151 cum
1547 4096 1658 4165 jam
1691 4096 1896 4151 instare
1928 4105 2063 4151 tem-

485 4206 590 4260 pus
629 4202 929 4244 extreinum
959 4188 1129 4243 Judaei
1162 4190 1308 4242 illius
1335 4188 1549 4258 cognati
1580 4187 1884 4250 crederent,
1916 4188 2061 4256 quod

484 4283 555 4337 ab
584 4283 652 4336 iis
682 4289 893 4336 secreto
921 4280 1032 4334 ﬁeri
1061 4284 1199 4335 solet
1230 4281 1544 4351 mysterium
1566 4295 1708 4349 aeger
1737 4280 1928 4334 audiit.
1965 4281 2062 4333 Et-

485 4374 630 4426 enim
670 4389 733 4426 ex
768 4373 1096 4441 legisperitis
1130 4373 1350 4441 quidam
1382 4382 1513 4425 natu
1543 4373 1764 4442 grandis
1796 4372 2059 4426 accedens

2167 1897 2428 1967 Ἰώσηπον
2478 1897 2757 1967 εἰσῆλθον·
2791 1898 2884 1949 καὶ
2937 1898 3412 1968 καταλαμϐάνουσι
3456 1899 3547 1950 καὶ
3592 1898 3727 1951 ἄλλα

2154 1989 2274 2042 τινὰ
2307 1988 2716 2060 ἐπιτηδεύματα
2750 1989 3067 2058 περιεργίας
3090 1990 3262 2059 χαμαὶ
3296 1990 3622 2060 ἐρριμμένα,
3645 1984 3725 2051 οἷς

2156 2082 2630 2152 προσκενώσαντες
2663 2078 2799 2152 οὖρα
2843 2082 2937 2134 καὶ
2973 2075 3130 2151 αἷμα,
3168 2079 3415 2151 μίξαντες
3452 2081 3618 2144 κόνιν,
3650 2080 3726 2143 ὡς

2154 2177 2359 2237 ἐκεῖνος
2402 2173 2527 2244 ἔφη,
2577 2173 2821 2243 ἐξῆλθον.
2856 2176 3137 2242 Ἐγνωσαν
3166 2173 3222 2225 δὲ
3264 2172 3360 2242 τὴν
3412 2172 3723 2240 ἐπιϐουλήν,

2153 2268 2241 2319 διὰ
2288 2267 2445 2319 ποίαν
2485 2268 2719 2334 γυναῖκα
2764 2267 2946 2330 αὐτοῖς
2983 2265 3364 2335 ὲκακουργήθη
3413 2264 3601 2326 ταῦτα,
3632 2265 3727 2318 καὶ

2156 2356 2561 2427 παρετηροῦντο
2588 2358 2635 2408 εί
2667 2356 3104 2426 κατισχύσουσιν.
3145 2356 3233 2417 Ὠς
3256 2351 3346 2407 οῦν
3383 2355 3443 2407 οὐ
3471 2354 3727 2423 κατίσχυ-

2157 2465 2255 2500 σαν
2283 2450 2331 2499 οί
2374 2448 2567 2516 γόητες
2596 2447 2717 2517 (διὰ
2746 2448 2855 2517 γὰρ
2897 2447 2995 2516 τῆς
3040 2447 3329 2517 σφραγῖδος
3363 2446 3457 2498 τοῦ
3490 2445 3725 2516 Χριστοῦ

2156 2541 2250 2593 καὶ
2284 2541 2518 2602 πίστεως
2544 2540 2811 2610 ὲϐοηοήθη
2850 2541 2881 2609 ἡ
2908 2540 3045 2610 γυνὴ
3065 2539 3082 2609 )
3100 2579 3114 2601 ,
3148 2540 3389 2607 ἔγνωσαν
3417 2539 3505 2592 τὸν
3534 2537 3728 2591 νεώτε-

2159 2650 2250 2702 ρον
2271 2635 2326 2684 ὲν
2351 2632 2496 2703 τρισὶ
2519 2630 2635 2694 νυξὶ
2660 2630 2745 2684 διὰ
2767 2631 2863 2701 τὴν
2886 2631 2980 2683 τοῦ
3008 2631 3223 2698 γυναίου
3249 2631 3429 2698 ἄφιξιν
3459 2647 3732 2702 προσκαρ-

2155 2724 2482 2793 τερήσαντα.
2510 2725 2589 2783 εἰς
2628 2721 2852 2793 ὕστερον
2882 2722 2937 2773 δὲ
2970 2723 3343 2792 μαχεσάμενον
3374 2727 3484 2786 τοῖς
3506 2723 3600 2791 τήν
3633 2740 3731 2774 πε-

2159 2814 2404 2884 ριεργίαν
2466 2816 2893 2883 ποιησαμένοις,
2954 2815 3034 2867 ὅτι
3095 2816 3194 2867 οὐκ
3250 2815 3498 2885 ἐπέτυχε.
3561 2815 3731 2868 Τοῦτο

2157 2904 2338 2975 τρίτον
2379 2904 2457 2974 τῷ
2504 2905 2750 2974 Ἰωσήπῳ
2806 2908 3158 2975 κατηχήσεως
3196 2907 3354 2977 ἔργον
3393 2909 3620 2974 ἐγίνετο,
3651 2908 3732 2959 ὅτι

2158 2997 2256 3049 οὐκ
2286 2998 2523 3065 ἴσχυσεν,
2558 2996 2685 3049 ἔνθα
2712 2997 2881 3067 ὄνομα
2905 2998 3141 3069 Χριστοῦ
3170 3000 3261 3051 καὶ
3301 3000 3534 3070 σφραγὶς
3562 3015 3726 3050 σταυ-

2164 3085 2278 3155 ροῦ,
2315 3087 2663 3156 φαρμακείας
2697 3087 2943 3157 δύναμις.
2978 3090 3052 3141 Οὐ
3093 3089 3198 3160 μὴν
3237 3089 3293 3141 δὲ
3326 3090 3551 3160 ἐπείσθη
3600 3089 3732 3159 Χρι-
3792 3122 3795 3127 η

2108 3169 2126 3190 ¹
2162 3180 2372 3241 στιανὸς
2403 3179 2674 3246 γενέσθαι.

2229 3270 2303 3324 Θ’.
2334 3272 2563 3323 Ἔπειτα
2617 3272 2860 3339 φαίνεται
2916 3271 3062 3342 αὐτῷ
3110 3275 3167 3325 ὲν
3210 3272 3397 3336 ὕπνοις
3435 3275 3462 3325 ὁ
3505 3273 3727 3344 Κύριος,

2160 3362 2404 3431 φάσκων,
2448 3364 2527 3415 ὅτι
2567 3362 2705 3433 Ἐγώ
2740 3366 2856 3431 εἰμι
2902 3364 3158 3431 Ἰησοῦς,
3201 3365 3273 3418 ὃν
3313 3368 3367 3418 οὶ
3408 3366 3507 3417 σοὶ
3538 3366 3734 3434 γονεῖς

2158 3453 2584 3520 ἐσταύρωσαν·
2637 3454 2799 3507 ἀλλὰ
2851 3457 3097 3509 πίστευε
3136 3458 3221 3520 εἰς
3269 3455 3394 3524 ἐμέ.
3436 3456 3494 3507 '0
3516 3456 3594 3517 δὲ,
3624 3456 3733 3508 οὐδ’

2160 3544 2303 3597 οὓτω
2354 3546 2614 3609 πεισθεὶς,
2643 3547 2886 3600 ὑπέπεσε
2937 3548 3077 3617 νόσῳ
3119 3548 3349 3617 μεγάλη,
3394 3549 3486 3599 καὶ
3520 3549 3733 3617 ἀπηγο-

2164 3635 2350 3707 ρεύθη.
2389 3636 2445 3689 ὐ
2478 3637 2535 3689 δὲ
2583 3637 2786 3708 Κύριος
2815 3638 2975 3691 πάλιν
3014 3640 3307 3693 όπτάνεται
3356 3640 3523 3709 αὐτῷ,
3557 3642 3735 3709 φήσας

2162 3729 2309 3800 αὐτῷ
2356 3730 2649 3794 πιστεύειν,
2692 3732 2785 3783 καὶ
2834 3730 3168 3801 ίαθήσεσθαι.
3220 3731 3277 3783 Ὀ
3315 3730 3370 3783 δὲ
3409 3731 3735 3798 ἐπαγγειλά-

2165 3836 2323 3889 μενος
2354 3820 2644 3889 ἀνέσφηλε,
2680 3821 2775 3873 καὶ
2810 3819 2969 3873 πάλιν
2994 3821 3212 3887 ἐνέμενε
3238 3824 3304 3890 τῇ
3340 3821 3731 3892 σκληραυχείᾳ.

2162 3911 2255 3973 Εἰς
2276 3910 2529 3981 δευτέραν
2549 3913 2606 3965 δὲ
2633 3912 2792 3965 πάλιν
2823 3912 3118 3965 ὑποπίπτει
3152 3912 3325 3976 νόσον,
3358 3914 3448 3966 καὶ
3475 3913 3737 3977 ὡσαύτως

2163 4003 2532 4073 ἀπηγορεύθη.
2583 4002 2949 4072 ’Υποληφθεὶς
2976 4002 3032 4055 δὲ
3061 4003 3315 4073 τελευτᾷν
3351 4003 3465 4069 (24)
3496 4004 3599 4056 ὑπὸ
3628 4003 3735 4057 τῶν

2164 4095 2441 4163 συγγενῶν
2498 4094 2663 4148 αὐτοῦ
2710 4094 2996 4160 Ἰουδαίων,
3031 4094 3091 4146 τὸ
3126 4095 3255 4164 παρ’
3297 4095 3476 4147 αὐτῶν
3502 4096 3588 4148 ἀεὶ
3635 4113 3735 4165 μυ-

2164 4185 2475 4257 στηριωδῶς
2505 4186 2783 4256 γινόμενον
2813 4186 2963 4255 παρά
3007 4186 3208 4237 τούτων
3230 4186 3449 4255 ήκουσε,
3482 4185 3602 4237 Τῶν
3628 4187 3737 4256 γὰρ

2162 4278 2484 4348 νομομαθῶν
2522 4279 2660 4348 ἀνήρ
2689 4295 2773 4340 τις
2813 4277 3181 4348 πρεσϐύτερος
3218 4276 3385 4330 ἐλθὼν
3431 4279 3510 4340 εἰς
3539 4278 3598 4330 τὸ
3643 4274 3737 4341 οὖς

2162 4369 2324 4421 αὐτοῦ
2367 4370 2670 4439 ἀπήγγειλε
2712 4370 2885 4436 λέγων
2916 4369 3018 4434 ὃτι,
3059 4371 3311 4421 Πίστευε
3358 4368 3599 4434 Ἰησοῦν
3631 4369 3738 4421 τὸν

488 4462 635 4516 illius
661 4460 774 4514 hzec
812 4461 1037 4516 auribus
1068 4461 1446 4515 insusurrabat
1472 4480 1484 4516 :
1512 4460 1697 4527 Crede,
1736 4461 1934 4530 inquit,
1965 4459 2056 4514 Je-

2160 4459 2612 4527 ἐσταυρωμένον
2666 4460 2763 4513 ἐπὶ
2815 4460 3069 4513 Ποντίου
3130 4458 3389 4511 Πιλάτου
3423 4460 3735 4527 ἡγεμόνος,

487 4569 607 4606 cum
639 4553 733 4605 sub
760 4552 950 4606 Pontio
972 4553 1150 4607 Pilato
1198 4555 1343 4607 cruci
1377 4555 1588 4623 afﬁxam
1622 4553 1718 4607 Dei
1751 4552 1976 4615 Filium,
2008 4562 2057 4607 et

2170 4549 2306 4601 Υὶὸν
2330 4549 2475 4601 Θεοῦ
2507 4549 2670 4610 ὄντα,
2702 4548 2799 4601 καὶ
2833 4548 2900 4600 ἐκ
2924 4548 3150 4614 Μαρίας
3174 4547 3432 4614 ὕστερον
3462 4564 3739 4617 γεγεννη-

486 4656 552 4694 ex
577 4641 757 4694 Maria
801 4654 978 4709 postea
1018 4644 1271 4712 genitum.
1317 4641 1587 4695 Christum
1631 4659 1743 4695 esse
1772 4641 1890 4705 Dei,
1934 4650 1983 4695 et
2027 4660 2056 4695 a

2159 4635 2361 4704 μένον,
2390 4637 2647 4703 Χριστὸν
2666 4636 2733 4688 δὲ
2757 4637 2902 4689 ὄντα
2932 4635 3099 4699 Θεοῦ,
3127 4636 3224 4688 καὶ
3249 4636 3317 4688 ἐκ
3347 4636 3572 4704 νεκρῶν
3596 4639 3740 4692 ἀνα-

489 4729 711 4781 mortuis
746 4731 1033 4782 excitatum
1063 4747 1080 4784 :
1110 4741 1158 4783 et
1182 4732 1249 4783 ad
1292 4742 1524 4783 mortuos
1555 4733 1789 4800 vivosque
1803 4732 2061 4798 judican-

486 4816 582 4870 dos
630 4834 739 4870 esse
784 4830 1075 4872 venturum.
1120 4819 1279 4873 Omni
1327 4834 1426 4889 ego
1480 4822 1882 4875 asseveratione
1925 4836 2061 4874 con-

486 4906 647 4963 ﬁrmo
696 4908 807 4962 haec
833 4910 963 4963 mihi
987 4908 1283 4980 Josephum
1313 4911 1489 4979 ipsum
1520 4911 1575 4964 in
1605 4912 1683 4966 rei
1714 4921 1876 4982 gestae
1897 4927 2062 4981 expo-

564 5106 673 5173 (24)
720 5106 1106 5177 Ὑποληρθεὶς
1137 5106 1203 5159 δὲ
1228 5107 1532 5173 τελευτᾷν.
1577 5108 1746 5161 Antea
1782 5109 2063 5177 legebatur

492 5174 1270 5247 6:0}.st905£;._Vei-titenim
1326 5179 1490 5231 Corn.
1554 5174 1866 5247 relictusque
1926 5182 2061 5232 velut

492 5250 801 5318 moriturus.
834 5245 943 5300 Nos
991 5264 1055 5300 ex
1092 5246 1259 5315 Regio
1307 5248 1493 5301 codice
1541 5245 1870 5318 ὑποληφθείς
1906 5252 2064 5303 resti-

492 5319 717 5388 tniinus.
749 5314 902 5380 Quod
934 5325 987 5388 et
1017 5314 1347 5388 narrationis
1375 5320 1541 5373 series
1572 5314 1829 5387 postulat.
1879 5318 2064 5388 Neque

492 5386 636 5436 enim
668 5387 1050 5439 moribundum
1077 5387 1408 5450 Judaeorum,
1431 5386 1644 5457 cognati
1668 5386 2023 5443 deseruerant
2049 5407 2062 5454 ;

493 5468 631 5529 quos
665 5458 948 5529 mysticum
981 5458 1110 5529 illud
1140 5461 1513 5513 insusurrasse
1538 5458 1687 5512 dicit.
1710 5458 1805 5512 Hic
1830 5459 2059 5529 Epipha-

494 5524 642 5575 nium
695 5526 911 5597 otiosus
944 5528 1164 5597 quidam
1221 5536 1451 5597 nugator
1497 5529 1675 5581 nimia:
1723 5524 2064 5583 credulitatis

494 5601 749 5672 accusat,
772 5595 915 5662 quod
948 5595 1478 5672 l'alsa_.ludzei_'unius
1503 5600 1850 5672 autalterius
1876 5614 2067 5651 narra-

493 5664 641 5739 tione
664 5664 917 5739 inductus
938 5667 1351 5739 existimaverit,
1381 5669 1657 5723 morituris
1679 5670 1931 5722 omnibus
1959 5685 2069 5737 my-

494 5732 720 5784 sterium
736 5732 864 5787 illud
889 5734 942 5787 in
963 5749 1146 5789 aurem
1167 5737 1606 5805 immurmurari;
1632 5740 1818 5795 scribit
1835 5740 1980 5793 enim
2002 5732 2063 5789 τὸ

2160 4727 2417 4781 στάντα·
2482 4728 2579 4780 καὶ
2627 4727 2716 4779 ὅτι
2769 4727 2950 4791 αὐτὸς
2994 4727 3229 4794 ἔρχεται
3279 4726 3475 4793 κρῖναι
3522 4726 3741 4795 ζῶντας

2161 4824 2259 4875 καὶ
2299 4823 2569 4889 νεκρούς.
2614 4820 2799 4874 Ταῦτα
2834 4823 2861 4873 ὁ
2909 4819 3072 4883 αὐτὸς
3108 4820 3368 4891 Ἰώσηπος
3401 4823 3457 4873 ἐν
3496 4825 3561 4891 τῇ
3602 4823 3742 4893 ὑφη-

2162 4916 2320 4985 γήσει
2366 4915 2548 4983 σαφῶς
2603 4932 2693 4982 μοι
2724 4913 3062 4984 ἀνήγγειλεν,
3110 4914 3185 4975 ὡς
3238 4913 3543 4984 φιλαλήθως
3595 4915 3742 4970 ἔστιν

2165 5110 2294 5181 παρ’
2330 5108 2507 5162 αὐτῶν
2524 5110 2611 5162 ἀεὶ
2640 5111 3025 5180 μυστηριωδῶς
3058 5112 3341 5181 μινόμενον
3361 5108 3740 5181 [μυζόμενον].

2165 5179 2365 5231 Verum
2404 5189 2461 5231 ut
2499 5181 2610 5233 lucc
2636 5179 2781 5234 mera
2804 5179 2982 5233 tabula
3016 5184 3107 5245 sit,
3135 5179 3338 5234 nullam
3364 5179 3594 5232 omnino
3615 5196 3742 5232 san-

2164 5252 2446 5304 ctissimus
2476 5248 2635 5302 Pater
2661 5252 2873 5317 culpam
2903 5253 2999 5301 hac
3025 5251 3078 5303 in
3106 5268 3163 5304 re
3186 5252 3453 5312 sustinet;
3482 5251 3572 5317 qui
3596 5250 3740 5317 quod

2167 5336 2195 5371 a
2231 5321 2332 5373 ﬁde
2366 5321 2542 5389 dignis
2578 5321 2891 5373 hominibus
2928 5332 3229 5388 aet-operat,
3278 5321 3616 5388 simpliciter,
3665 5321 3741 5371 uti

2166 5399 2445 5442 narratum
2474 5392 2575 5443 sibi
2602 5398 2739 5451 erat,
2768 5393 2915 5443 nullo
2952 5406 3050 5443 suo
3082 5389 3632 5459 interpositojudicio
3656 5404 3743 5459 re:

2166 5462 2310 5512 tulit.
2348 5460 2484 5525 Quid
2522 5467 2606 5513 est
2644 5471 2821 5513 autem
2872 5475 2970 5512 cur
3011 5461 3078 5513 de
3108 5457 3329 5513 Christo
3369 5463 3655 5527 plerosque
3688 5457 3743 5511 id

2168 5531 2270 5584 sibi
2320 5528 2626 5583 Judmorum
2676 5532 3013 5601 persuasisse
3064 5547 3169 5582 non
3220 5530 3509 5601 putemus?
3558 5528 3741 5601 Neque

2168 5601 2311 5653 enim
2348 5602 2631 5653 mentitum
2676 5596 2853 5654 i’iiisse
2886 5599 3183 5668 Josephum
3220 5596 3473 5653 comitem
3505 5599 3585 5654 vel
3618 5600 3744 5655 Cal-

2167 5672 2420 5726 viuiauus
2454 5671 2555 5726 iste
2585 5670 2689 5725 nisi
2724 5670 3065 5740 impudenter
3093 5670 3325 5723 ﬁnxerit.
