4134 6388
393 389 494 443 421

1009 388 1135 443 AD‘
1152 388 1377 447 ERSUS
1412 388 1754 443 lizEltESbS
1794 390 1922 442 LIB.
1965 390 1972 440 |

2074 390 2207 445 0M.
2249 388 2315 445 ll.
2358 421 2429 433 -—
2467 392 2740 446 IIJERES.
2783 394 2950 449 XXX.

3553 399 3657 453 422

392 506 585 558 εἰπεῖν.
617 503 777 558 Ἀλλά
798 505 893 558 καὶ
915 507 1042 576 παρ’
1066 504 1229 559 ἄλλου
1258 506 1402 569 τινὸς
1419 505 1480 559 τὸ
1504 505 1746 558 τοιοῦτον
1775 505 1972 574 ἥκουσα

2084 505 2261 560 nenda
2308 507 2447 560 serie
2478 521 2754 561 narrasse.
2801 505 2955 571 Quod
2989 506 3216 577 insuper
3261 510 3330 563 ab
3374 510 3480 564 alio
3518 527 3656 580 quo-

392 596 474 648 ἔτι
503 596 656 659 ὄντος
697 596 948 648 Ἰουδαίου
972 597 1060 650 διὰ
1083 597 1173 649 τὸν
1200 599 1304 649 τῶν
1343 597 1610 650 Ἰουδαίων
1634 596 1817 665 φόϐον,
1848 597 1977 648 ἀνα-

394 689 558 757 μέσον
611 687 669 740 δὲ
729 687 1069 758 Χριστιανῶν
1126 688 1385 751 πολλάκις
1437 687 1825 759 διατρίϐοντος,
1882 686 1976 738 καὶ

391 782 750 851 Χριστιανοὺς
799 782 1067 850 τιμῶντός
1101 799 1161 834 τε
1206 783 1301 835 καὶ
1335 781 1677 850 ἀγαπῶντος.
1724 779 1973 833 συνοδεύ-

392 874 584 936 σαντύς
612 891 699 943 μοι
729 876 786 926 ὲν
808 876 874 943 τῇ
905 874 1097 943 ἐρήμῳ
1122 875 1221 943 τῆς
1244 873 1448 943 Βαιθὴλ
1477 873 1573 925 καὶ
1620 871 1858 941 Ἐφραίμ
1882 872 1975 923 ἐπὶ

389 966 486 1035 τὴν
515 966 730 1036 ὀρεινὴν
766 965 1114 1036 ἀνερχομένῳ
1153 965 1259 1017 ἀπὸ
1282 966 1381 1034 τῆς
1421 964 1700 1036 Ἱεριχοῦς,
1745 966 1838 1016 καὶ
1876 965 1971 1016 ἀν-

389 1057 692 1109 τιϐάλλοντι
731 1058 866 1127 πρὸς
894 1056 1055 1108 αὑτὸν
1081 1056 1209 1127 περὶ
1250 1056 1348 1126 τῆς
1377 1055 1470 1107 τοῦ
1497 1040 1741 1126 Χριστοῦ
1761 1071 1969 1124 παρου-

390 1148 532 1213 σίας,
559 1148 653 1199 καὶ
684 1146 849 1199 αὑτοῦ
878 1148 951 1218 μὴ
980 1146 1371 1214 ἀντιλέγοντος.
1405 1145 1747 1216 Θαυμάζοντι
1777 1145 1832 1197 δέ
1860 1162 1968 1215 μοι,

388 1239 482 1289 καὶ
508 1237 782 1307 ἐρωτῶντι
810 1239 974 1290 αὑτὸν
1005 1238 1105 1308 τὴν
1134 1238 1311 1290 αἰτίαν
1344 1232 1431 1307 (ἦν
1462 1237 1569 1307 γὰρ
1600 1237 1696 1289 καὶ
1729 1253 1971 1306 νομομασ-

387 1328 484 1399 θὴς
509 1332 601 1383 καὶ
626 1329 923 1399 δυνάμενος
950 1329 1294 1399 ἀντιλέγειν),
1326 1329 1468 1392 τίνος
1501 1330 1658 1401 χάριν
1700 1329 1798 1381 ούκ
1824 1330 1972 1381 ἀντι-

387 1421 553 1487 λέγει,
578 1421 715 1474 ἀλλά
740 1420 986 1473 πείθεται
1015 1422 1142 1492 περὶ
1164 1420 1399 1491 Χριστοῦ
1443 1419 1616 1491 Ἰησοῦ
1636 1418 1731 1471 τοῦ
1761 1420 1968 1487 Κυρίου

294 1500 305 1515 ’
384 1513 564 1585 ἡμῶν,
592 1514 805 1568 ἀκούων
836 1512 904 1565 τὰ
922 1513 1179 1567 τοσαῦτα·
1205 1511 1518 1581 ἀπεκάλυψέ
1549 1529 1639 1581 μοι
1669 1510 1761 1563 καὶ
1791 1504 1965 1573 οὗτος,

386 1607 461 1669 ὡς
497 1606 707 1676 μέλλων
749 1606 1005 1676 τελευτᾷν
1046 1605 1246 1674 ήκουσε
1277 1606 1404 1675 παρ’
1454 1602 1633 1655 αὐτῶν
1675 1603 1755 1665 είς
1800 1600 1968 1671 ἀκοὴν

385 1698 548 1751 ὠτίου
581 1701 639 1752 ὲν
664 1698 1000 1769 ψιθυρισμῷ,
1041 1698 1123 1750 ὃτι
1158 1695 1365 1767 Ἰησοῦς
1396 1694 1629 1766 Χριστὸς
1657 1697 1686 1747 ὁ
1722 1711 1968 1764 σταυρω-

385 1791 500 1854 θεὶς
532 1791 658 1853 Υἱὸς
688 1788 782 1843 τοῦ
826 1789 960 1842 Θεοῦ
1003 1788 1185 1860 μέλλει
1226 1804 1284 1840 σε
1320 1788 1547 1857 κρίνειν.
1594 1784 1753 1837 Ἀλλά
1793 1784 1966 1838 ταῦτά

388 1900 480 1954 μοι
505 1883 634 1953 περὶ
656 1882 883 1946 τούτων,
917 1884 1008 1935 καὶ
1038 1882 1180 1934 κατά
1202 1880 1389 1933 τοῦτον
1423 1880 1514 1932 τὸν
1548 1878 1703 1946 λόγον
1734 1876 1967 1930 ἐνταῦθά
1997 1861 2038 1915 Β

388 1991 479 2045 μοι
518 1972 577 2039 ἐξ
606 1972 868 2043 ἀληθινῆς
893 1972 1062 2041 ἀκοῆς
1092 1969 1468 2041 παρακείσθω.

459 2157 513 2212 1⁸.
557 2157 678 2209 Ἔτι
711 2155 768 2208 δὲ
811 2157 839 2207 ὁ
887 2153 1148 2223 Ἰώσηπος
1194 2155 1253 2207 ὲν
1294 2151 1435 2220 νόσῳ
1471 2145 1559 2221 ἦν,
1595 2166 1691 2202 και
1730 2164 1967 2210 ακουσας

385 2248 536 2319 παρὰ
568 2247 663 2300 τοῦ
695 2246 1089 2319 πρεσϐυτέρου,
1126 2246 1201 2308 ὼς
1237 2246 1517 2315 προεῖπον,
1559 2242 1697 2313 μετά
1723 2241 1831 2293 τῶν
1870 2240 1967 2293 ἄλ-

385 2338 513 2404 λων,
533 2338 614 2391 ὃτι
653 2337 861 2407 Ἰησοῦς
895 2336 1127 2407 Χριστός
1161 2352 1221 2387 σε
1248 2336 1443 2405 κρινεῖ,
1472 2333 1551 2386 ἔτι
1584 2332 1964 2402 ὲσκληρύνετο.

394 2431 457 2483 '0
484 2430 541 2483 δὲ
573 2430 776 2503 Κύριος
803 2429 963 2483 πάλιν
995 2429 1130 2498 πρὸς
1155 2428 1315 2481 αὑτὸν
1350 2427 1489 2479 κατὰ
1512 2426 1610 2495 τὴν
1639 2424 1803 2478 αὑτοῦ
1844 2422 1967 2491 φιλ-

384 2521 700 2592 ανθρωπίαν
755 2520 820 2573 δι’
870 2519 1147 2591 ὁράματος
1210 2518 1492 2580 ἐνυπνίου,
1553 2516 1715 2581 Ἰδοὺ,
1768 2514 1967 2583 φησὶν,

387 2613 557 2685 ἰῶμαί
596 2630 655 2665 σε
674 2629 687 2643 ο
712 2611 847 2665 ἀλλά
873 2610 1112 2672 ἀναστὰς
1141 2612 1383 2661 πίστευε.
1427 2608 1690 2671 Ἀναστὰς
1718 2607 1774 2660 δὲ
1809 2607 1970 2659 πάλιν

384 2708 495 2763 ἀπὸ
525 2710 626 2777 τῆς
653 2706 831 2768 νόσου,
862 2705 963 2757 οὐκ
998 2703 1337 2756 ἐπίστευσεν.
1369 2700 1693 2769 Ὑγιαίνοντι
1718 2699 1774 2751 δὲ
1799 2697 1966 2768 αύτῷ,

386 2802 637 2871 φαίνεται
677 2800 705 2851 ὁ
740 2798 944 2869 Κύριος
990 2796 1153 2849 πάλιν
1187 2794 1306 2846 κατ’
1337 2794 1469 2864 ὄναρ
1490 2832 1503 2855 ,
1546 2790 1789 2859 ἐγκαλῶν
1824 2790 1971 2859 αύτῷ

384 2894 452 2947 δι’
482 2894 548 2963 ἢν
571 2891 751 2945 αἰτίαν
781 2891 880 2943 οὐκ
909 2889 1249 2941 ἐπίστευσεν.
1289 2884 1713 2952 Ἐπαγγέλλεται
1742 2882 1798 2935 δὲ
1823 2880 1971 2949 αύτῷ

284 2980 291 2985 ’
385 2985 561 3053 λέγων
590 2986 618 3036 ὁ
646 2980 849 3053 Κύριος
879 2982 983 3041 ὅτι,
1012 2980 1105 3042 Εἰς
1141 2975 1514 3047 πληροφορίαν
1549 2973 1804 3036 πίστεως,
1840 2970 1892 3023 εἴ
1917 2986 1971 3021 τι

387 3075 569 3147 βούλει
614 3075 673 3127 ὲν
705 3070 925 3143 ὀνόματί
964 3087 1061 3141 μου
1094 3068 1411 3138 θεοσήμειον
1440 3063 1808 3136 ἐργάσασθαι,
1849 3063 1966 3114 ἑπι-

386 3163 636 3223 κάλεσαι,
678 3158 835 3228 κάγὼ
874 3160 1103 3227 ποιήσω.
1142 3155 1480 3225 Μαινόμενος
1507 3152 1564 3206 δέ
1591 3170 1673 3215 τις
1702 3148 1771 3223 ἦν
1809 3154 1866 3204 ὲν
1901 3153 1968 3222 τῇ

387 3257 560 3320 πόλει,
605 3256 663 3319 ὃς
702 3255 906 3325 γυμνὸς
935 3255 1033 3324 τὴν
1068 3250 1220 3303 πόλιν
1256 3248 1501 3320 περιῄει,
1536 3248 1678 3317 φημὶ
1705 3246 1761 3298 δὲ
1790 3249 1846 3299 ὲν
1881 3247 1973 3298 Τι-

388 3348 629 3421 ϐεριάδι,
680 3347 775 3401 καὶ
826 3345 1084 3407 πολλάκις
1132 3342 1573 3411 ὲνδιδυσκόμενος
1623 3340 1723 3409 τὴν
1770 3338 1973 3408 ὲσθῆτα

385 3440 759 3512 διερρήγνυεν,
788 3437 862 3499 ὡς
888 3435 1007 3497 ἔθος
1034 3436 1145 3496 τοῖς
1174 3432 1455 3493 τοιούτοις.
1489 3432 1545 3485 Ὀ
1567 3427 1659 3483 οὖν
1689 3429 1970 3499 Ἰώσηπος,

390 3529 711 3599 βουλόμενος
744 3530 801 3580 ὲν
829 3527 994 3597 πείρᾳ
1023 3524 1275 3594 γενέσθαι
1318 3523 1413 3575 τοῦ
1456 3522 1753 3592 ὁράματος,
1799 3520 1975 3575 διστά-

390 3618 498 3681 ζων
544 3615 601 3668 δὲ
653 3616 773 3679 ἔτι,
824 3614 963 3667 αἰδοῖ
1013 3614 1314 3682 κατείχετο.
1366 3611 1794 3682 Παραλαμδάνει
1842 3611 1974 3679 γοῦν

388 3707 576 3762 τοῦτον
606 3707 771 3772 ἔνδον,
800 3708 895 3759 καὶ⁸
925 3705 1255 3767 ἀποκλείσας
1282 3703 1379 3774 τὴν
1405 3702 1594 3771 θύραν,
1629 3702 1773 3773 ὕδωρ
1798 3718 1857 3754 τε
1883 3702 1976 3755 λαο

392 3800 502 3851 ϐὼν
531 3801 611 3862 είς
646 3798 743 3870 τὴν
781 3800 959 3868 χεῖρα,
994 3797 1088 3849 καὶ
1120 3794 1427 3866 σφραγίσας
1460 3793 1613 3857 αύτὸ,
1656 3794 1974 3863 ὲρῤάντισεν

392 3888 484 3941 ἐπὶ
518 3888 609 3940 τὸν
640 3886 861 3957 ἐμμανῆ
891 3885 1198 3956 ἄνθρωπον,
1232 3885 1410 3954 φήσας
1434 3899 1446 3911 ·
1499 3883 1588 3935 Ἐν
1617 3882 1839 3953 ὀνόματι
1877 3883 1971 3935 τοῦ

404 3977 577 4049 Ἰησοῦ
615 3976 937 4049 Ναζωραίου
965 3974 1059 4027 τοῦ
1093 3972 1494 4046 σταυρωθέντος
1524 3971 1705 4036 ἔξελθε
1726 4014 1740 4038 ,
1771 3972 1832 4024 τὸ
1860 3972 1975 4025 δαι-

396 4072 596 4141 μόνιον,
639 4069 735 4122 ἀπ’
773 4067 959 4133 αὑτοῦ,
991 4069 1085 4120 καὶ
1118 4067 1276 4136 ὑγιὴς
1304 4066 1551 4136 γένηται.
1593 4067 1650 4118 ὐ
1687 4065 1743 4118 δὲ
1771 4065 1977 4137 ἀνθρω-

392 4180 524 4224 mg,
573 4160 885 4230 ἀνακράξας
920 4158 1095 4229 μέγα,
1146 4159 1239 4211 καὶ
1272 4159 1445 4228 χαμαὶ
1481 4157 1694 4221 πεσὼν,
1737 4158 1975 4227 ἀφρίσας

394 4252 564 4305 πολλά
591 4252 684 4304 καὶ
704 4249 1058 4320 σπαραχθεὶς,
1084 4248 1266 4319 ἔμεινε
1297 4247 1499 4317 πολλὴν
1518 4246 1666 4318 ὥραν
1697 4246 1970 4317 ἀκίνητος.

406 4344 668 4414 Ἰώσηπος
703 4342 761 4395 δὲ
790 4342 1057 4411 ὑπενόησε
1086 4340 1176 4393 τὸν
1210 4338 1493 4411 ἄνθρωπον
1516 4340 1787 4394 τεθνάναι.
1830 4342 1887 4394 '0
1917 4344 1975 4395 δὲ

394 4434 537 4506 μετά
576 4433 761 4504 ὥραν,
793 4430 1211 4501 διατριψάμενος
1253 4429 1313 4482 τὸ
1362 4429 1685 4500 πρόσωπον,
1735 4431 1969 4503 ἀνέστη·

1998 3217 2045 3278 C

2078 597 2223 665 piam
2255 597 2461 667 accepi,
2497 597 2590 666 qui
2632 597 2849 651 Iudaeus
2885 599 3064 653 adhuc
3095 601 3165 654 ob
3197 600 3411 654 illorum
3449 612 3657 657 metum

2078 696 2220 752 erat,
2253 697 2416 757 atque
2452 688 2593 741 inter
2618 688 2961 743 Christianos
2989 705 3230 760 pers:epe
3255 692 3505 761 degebat,
3535 708 3658 749 eos-

2075 794 2181 846 que
2234 787 2288 831 et
2334 778 2662 832 observabat
2694 779 2989 847 plurimum
3037 787 3091 833 et
3141 781 3519 851 amabatzqui
3562 799 3659 851 per

2074 867 2311 923 Bethelis
2364 868 2755 939 Ephraimique
2806 870 3155 923 solitudinem
3195 872 3264 925 ab
3306 873 3440 926 urbe
3478 872 3657 927 llieri~

2072 961 2293 1015 chuntis
2320 962 2385 1014 ad
2411 963 2672 1014 montium
2702 962 2828 1031 juga
2872 962 3115 1016 tendenti
3150 962 3282 1015 mihi
3315 965 3568 1018 comitem
3598 981 3659 1019 se

2072 1052 2286 1107 itineris
2313 1053 2581 1121 adjunxit.
2619 1052 2757 1105 Huic
2789 1070 2889 1122 ego
2934 1068 3057 1106 eum
3094 1054 3161 1108 de
3198 1055 3405 1108 Christi
3442 1055 3655 1109 Domini

2072 1144 2306 1198 adventu
2337 1146 2597 1198 nonnulla
2629 1160 3008 1214 pr0ponerem,
3051 1146 3200 1199 nulla
3241 1148 3295 1199 in
3344 1162 3401 1200 re
3432 1156 3653 1201 contra-

2070 1236 2305 1290 dieebat.
2349 1235 2467 1300 Qua
2500 1251 2558 1289 re
2598 1237 2893 1305 plurimum
2938 1236 3261 1303 admiratus,
3297 1238 3426 1307 quid
3475 1253 3659 1293 causa:

2073 1326 2293 1379 tandem
2332 1335 2477 1382 esset
2506 1328 2780 1382 hominem
2828 1329 3158 1398 interrogavi
3194 1328 3270 1399 (et
3297 1337 3415 1383 erat
3450 1331 3654 1400 alioqui

2071 1417 2205 1486 legis
2237 1433 2349 1472 sua:
2382 1420 2609 1487 peritus,
2636 1434 2698 1472 ac
2739 1418 3053 1487 disputandi
3079 1436 3212 1474 sane
3258 1436 3367 1473 non
3404 1422 3651 1493 expers),

2074 1524 2194 1569 cur,
2228 1510 2471 1579 inquam,
2510 1512 2640 1565 mihi
2672 1512 2805 1564 nihil
2837 1512 3212 1579 responderet,
3242 1528 3305 1566 ac
3335 1513 3402 1568 de
3436 1515 3659 1570 Christo

2068 1600 2197 1657 Jesu
2240 1602 2470 1656 Domino
2500 1611 2689 1657 nostro
2728 1603 2861 1655 mihi
2893 1606 3246 1659 consentiret.
3293 1606 3374 1660 Ad
3410 1624 3529 1675 quae
3562 1608 3658 1662 ille

2070 1696 2322 1764 subjecit,
2372 1695 2759 1748 moribundum
2795 1710 2854 1749 se
2894 1696 3225 1765 quandoque
3275 1713 3304 1750 a
3335 1696 3538 1754 Iudaeis
3571 1699 3654 1752 in-

2071 1786 2345 1842 susurrari
2387 1787 2489 1841 sibi
2522 1788 2576 1840 in
2611 1802 2797 1840 aurem
2828 1789 3019 1842 leviter
3049 1788 3289 1849 audisse,
3313 1788 3473 1844 Jesus
3494 1790 3655 1844 Chri-

2070 1886 2187 1932 stus
2217 1876 2516 1931 crucitixus
2557 1875 2649 1930 Dei
2682 1876 2852 1933 Filius
2895 1878 2962 1932 de
2997 1888 3048 1932 te
3078 1879 3365 1948 iudicabit.
3400 1880 3507 1936 Sed
3539 1883 3655 1938 haec

2068 1968 2351 2039 hactenus,
2385 1968 2529 2038 quod
2572 1969 2639 2022 ad
2676 1985 2787 2023 rem
2826 1980 3147 2040 praesentem
3194 1972 3409 2041 attinet,
3463 1989 3653 2030 revera

2068 2071 2127 2114 ut
2156 2061 2465 2129 accepimus
2492 2060 2635 2114 dicta
2660 2069 2845 2114 sunto.

2139 2150 2204 2204 Χ.
2250 2150 2431 2206 Redeo
2468 2153 2579 2221 jam
2622 2154 2688 2207 ad
2740 2152 3061 2224 Josephum.
3102 2153 3152 2209 is
3196 2170 3321 2209 cum
3370 2154 3423 2209 in
3461 2156 3656 2210 morbo

2070 2242 2249 2297 adhuc
2280 2250 2445 2308 esset,
2476 2252 2531 2298 et
2558 2259 2586 2297 a
2622 2247 2841 2300 seniore
2882 2247 3024 2299 inter
3062 2247 3167 2299 alia
3202 2247 3315 2301 haec
3348 2262 3470 2317 quae
3509 2247 3652 2301 dixi-

2070 2347 2192 2386 mus
2229 2333 2552 2397 inaudisset,
2580 2333 2739 2389 Jesus
2762 2335 3016 2390 Christus
3046 2337 3113 2390 de
3140 2337 3499 2405 tejudicabit,
3534 2340 3654 2390 ani-

2071 2439 2217 2477 mum
2267 2424 2628 2478 nihilominus
2663 2426 3008 2480 obﬁrmabat.
3054 2428 3221 2497 Igitur
3255 2426 3518 2483 Dominus
3553 2444 3655 2498 pro

2069 2515 2276 2585 ingenti
2327 2532 2424 2569 sua
2466 2532 2593 2587 erga
2646 2517 2898 2572 homines
2945 2519 3320 2573 misericordia
3364 2521 3561 2574 iterum
3602 2520 3655 2574 ei

2072 2622 2130 2661 se
2161 2608 2213 2659 in
2248 2608 2456 2662 somnis
2491 2609 2701 2677 objicit,
2736 2608 2940 2679 Teque,
2974 2611 3070 2675 ait,
3121 2611 3341 2665 sanitati
3377 2612 3644 2678 restituo';

2072 2714 2255 2769 surge,
2292 2700 2471 2763 modo,
2503 2709 2557 2754 et
2590 2717 2735 2755 nunc
2778 2702 2992 2756 demum
3032 2704 3261 2758 credito.
3308 2703 3509 2759 Verum
3561 2706 3655 2759 ubi

2074 2791 2373 2853 convaluit,
2430 2807 2498 2844 ne
2548 2799 2662 2845 tum
2714 2792 2935 2863 quidem
2980 2795 3235 2848 credidit.
3283 2794 3482 2849 lterum
3522 2812 3656 2867 ergo

2074 2882 2532 2952 recuperatajam
2561 2883 2795 2938 sanitate
2833 2901 2928 2955 per
2956 2888 3135 2940 visum
3168 2888 3218 2939 ei
3260 2885 3526 2942 Dominus
3567 2888 3655 2939 ol‘o

2075 2974 2272 3040 fertur,
2309 2984 2363 3028 et
2395 2974 2541 3044 quod
2579 2976 2821 3029 nondum
2854 2977 3179 3032 credidisset
3219 2987 3462 3031 accusat.
3498 2977 3660 3049 134

2076 3067 2207 3121 Inde
2230 3068 2569 3137 amplissima
2596 3068 2842 3138 quaedam
2867 3071 3192 3138 promittens
3214 3070 3295 3124 sic
3322 3071 3652 3140 alloquitur:

2078 3155 2148 3212 Ut
2185 3158 2304 3221 tibi,
2344 3159 2540 3228 inquit,
2587 3160 2654 3214 de
2689 3159 2969 3228 religionis
3014 3176 3146 3214 meae
3190 3160 3297 3215 ﬁde
3342 3168 3575 3225 constet,
3608 3162 3656 3217 si

2077 3249 2224 3319 quod
2266 3250 2320 3303 in
2369 3250 2590 3305 nomine
2622 3266 2745 3305 meo
2786 3252 3093 3320 prodigium
3145 3252 3358 3308 efficere
3393 3255 3660 3317 volueris,

2076 3343 2345 3412 meipsum
2392 3343 2608 3406 invoca,
2647 3357 2748 3411 ego
2795 3344 2891 3397 tibi
2925 3346 3215 3413 praestabo.
3255 3348 3386 3400 Erat
3431 3347 3485 3401 in
3522 3348 3657 3402 urbe

2075 3431 2367 3489 Tiberiade
2398 3433 2645 3490 furiosus
2675 3435 2917 3505 quidam,
2968 3437 3116 3489 nudo
3155 3452 3383 3506 corpore
3418 3440 3659 3492 cireum-

2075 3540 2335 3587 cursans.
2372 3528 2466 3597 qui
2501 3542 2625 3582 cum
2677 3528 2876 3597 saepius
2907 3528 3248 3596 indueretur,
3287 3538 3347 3584 ut
3384 3531 3656 3599 ejusmodi

2076 3619 2356 3672 hominum
2408 3634 2527 3674 mos
2579 3628 2683 3681 est,
2737 3627 2921 3675 vestes
2975 3636 3104 3675 suas
3155 3623 3451 3677 lacerabat.
3498 3621 3555 3677 In
3590 3638 3661 3679 eo

2071 3708 2341 3778 Josephus
2362 3727 2481 3780 qua:
2507 3727 2603 3781 per
2626 3712 2805 3766 visum
2825 3721 3106 3782 acceperat
3126 3714 3361 3783 experiri
3387 3716 3649 3783 gestiens,

2073 3800 2323 3855 dubitare
2348 3810 2527 3855 tamen
2557 3802 2827 3864 nonnihil,
2855 3817 2920 3856 ac
2952 3802 3163 3871 pudore
3194 3805 3483 3858 retardari.
3510 3805 3658 3861 Con-

2075 3894 2290 3947 ﬁrmato
2332 3893 2555 3947 tandem
2588 3894 2773 3946 animo
2815 3893 2959 3946 intra
2994 3894 3140 3949 azdes
3168 3894 3434 3971 adducit;
3475 3905 3527 3952 et
3564 3914 3657 3953 oc-

2072 3986 2244 4039 clusis
2263 3983 2473 4041 l‘oribus
2495 4000 2696 4053 aquam
2716 3985 2970 4040 manibus
2994 3986 3279 4052 hauriens,
3308 3994 3362 4041 et
3384 3996 3657 4043 amentem

2073 4078 2225 4131 illum
2268 4092 2434 4131 cruce
2481 4077 2866 4147 consignatum
2911 4093 3210 4147 aspergens
3249 4097 3266 4134 :
3311 4081 3370 4133 In
3412 4081 3657 4143 nomine,

2073 4168 2270 4237 inquit,
2302 4168 2433 4221 Jesu
2463 4166 2730 4221 Nazareni
2758 4168 3006 4222 crucifixi
3051 4171 3160 4236 exi,
3193 4171 3428 4239 daemon,
3463 4172 3530 4227 ab
3553 4173 3658 4227 hoc

2075 4261 2317 4324 homine,
2365 4260 2520 4328 isque
2552 4275 2721 4316 sanus
2769 4269 2909 4315 esto.
2950 4262 3031 4315 Ad
3063 4262 3175 4317 haec
3220 4264 3311 4317 ille
3347 4265 3659 4319 vociferans

2075 4358 2130 4405 et
2160 4350 2310 4404 humi
2341 4350 2728 4419 procumbens,
2777 4364 2941 4422 atque
2984 4368 3049 4408 ex
3081 4369 3176 4409 ore
3217 4370 3439 4424 spumas
3468 4371 3658 4427 agens,

2076 4457 2305 4512 seseque
2361 4442 2636 4498 dil‘anians
2692 4444 2785 4497 diu
2845 4446 3149 4514 permansit
3207 4447 3541 4515 immobilis,
3598 4456 3658 4502 ut

396 4526 490 4579 καὶ
508 4527 525 4556 ¹
554 4523 826 4594 θεώμενος
862 4523 961 4592 τὴν
991 4520 1124 4573 ίδίαν
1153 4519 1454 4589 γύμνωσιν,
1493 4520 1717 4573 ὲαυτὸν²
1746 4520 1970 4591 ἔκρυψε,

2078 4543 2353 4587 mortuum
2377 4534 2488 4603 jam
2519 4550 2641 4590 esse
2669 4534 2941 4605 Josephus
2974 4537 3243 4603 crederet,
3281 4539 3459 4594 donec
3488 4540 3659 4595 inter-

394 4618 490 4671 καὶ
512 4616 611 4679 τὰς
636 4618 822 4686 χεῖρας
856 4614 948 4666 ἐπὶ
980 4616 1047 4684 τῇ
1075 4610 1304 4684 αἰσχύνῃ
1337 4611 1596 4675 ἐπετίθει,
1642 4614 1839 4683 μηκέτι
1870 4613 1970 4682 φέ-

2074 4625 2224 4695 jecto
2252 4625 2400 4681 horae
2434 4629 2610 4697 spatio
2645 4629 2854 4682 vultum
2886 4628 3189 4699 perfricans
3218 4632 3475 4686 surrexit.
3513 4630 3656 4685 Tum

399 4726 507 4777 ρων
552 4708 678 4760 ἰδεῖν
723 4708 821 4777 τὴν
858 4705 994 4758 ἰδίαν
1027 4704 1325 4773 γύμνωσιν.
1366 4703 1599 4773 Ἰμάτιον
1628 4704 1683 4757 δὲ
1718 4706 1846 4775 παρ’
1872 4706 1973 4757 αύ-

392 4799 489 4852 τοῦ
521 4799 615 4851 τοῦ
652 4799 917 4868 Ἰωσήπου
939 4838 953 4861 ,
988 4798 1047 4863 ἐξ
1073 4791 1147 4849 ὧν
1182 4791 1355 4866 εἶχεν,
1388 4795 1624 4859 ὲνδυθεὶς
1644 4834 1659 4855 .
1696 4798 1775 4859 είς
1802 4797 1981 4850 κατά-

397 4909 585 4945 στασιν
614 4891 877 4953 συνέσεως
902 4890 996 4943 καὶ
1022 4887 1396 4959 σωφρονισμοῦ
1425 4888 1612 4950 ἐλθὼν,
1638 4887 1714 4958 τῷ
1734 4905 1792 4940 τε
1819 4888 1973 4958 ἀνδρὶ

394 4984 568 5038 πολλά
614 4986 1019 5057 εὐχαριστήσας
1063 4984 1157 5036 καὶ
1184 4982 1324 5052 Θεῷ,
1366 4984 1545 5051 γνοὺς,
1593 4984 1673 5035 ὅτι
1708 4982 1774 5035 δι’
1807 4982 1971 5036 αὐτοῦ

397 5078 553 5147 ἔτυχε
584 5078 682 5146 τῆς
716 5076 989 5147 σωτηρίας
1008 5116 1024 5140 ,
1055 5077 1114 5130 ὲν
1141 5079 1206 5147 τῇ
1238 5076 1390 5129 πόλει
1434 5075 1721 5146 διεφήμιζε
1761 5076 1852 5128 τὸν
1880 5077 1974 5129 ἀν-

397 5172 519 5241 δρα,
549 5171 643 5223 καὶ
662 5170 901 5237 γνωστὸν
931 5169 1145 5237 ἐγένετο
1169 5172 1280 5231 τοῖς
1306 5170 1483 5221 ἐκεῖσε
1520 5168 1793 5231 Ἰουδαίοις
1814 5168 1973 5221 τοῦτο

396 5262 457 5314 τὸ
502 5264 747 5331 σημεῖον.
792 5260 1029 5329 Θρύλλος
1074 5242 1131 5313 δὲ
1178 5260 1343 5321 πολὺς
1395 5260 1755 5329 ἠκολούθησεν
1802 5261 1860 5313 ἐν
1904 5263 1970 5332 τῇ

400 5352 586 5418 πόλει,
623 5353 922 5421 λεγόντωνο
969 5355 1049 5405 ὅτι
1087 5350 1344 5422 Ἰώσηπος
1371 5351 1440 5403 τὰ
1469 5351 1843 5421 γαζοφυλάκια
1881 5354 1974 5406 ἀν-

398 5445 578 5509 οίξας,
632 5446 727 5498 καὶ
759 5444 932 5517 εὑρὼν
960 5446 1341 5516 γεγραμμένον
1386 5445 1445 5497 τὸ
1488 5445 1656 5514 ὄνομα
1683 5444 1775 5497 τοῦ
1815 5446 1970 5512 Θεοῦ,

400 5538 494 5590 καὶ
543 5537 842 5605 ἀναγνοὺς,
893 5541 1094 5607 σημεῖα
1146 5537 1355 5606 μεγάλα
1402 5536 1710 5606 ἐργάζεται.
1757 5533 1865 5589 Ἦν
1919 5537 1975 5590 δὲ

398 5625 597 5695 ἀληθὲς
626 5626 686 5679 τὸ
718 5628 806 5680 ὑπ’
835 5628 1013 5683 αὐτῶν
1041 5628 1350 5699 λεγόμενον,
1375 5628 1471 5697 οὐχ
1500 5628 1575 5691 ὡς
1603 5628 1657 5681 δὲ
1686 5628 1837 5683 αὐτοὶ
1868 5628 1970 5681 ὑπ-

478 5806 494 5835 ’
530 5821 621 5874 γρ.
663 5801 1016 5873 θεασάμενος.
1096 5802 1116 5832 ³
1150 5816 1239 5870 γρ,
1270 5799 1525 5870 ἔκρυπτε,

2080 4734 2139 4774 se
2190 4719 2394 4772 nudum
2450 4719 2890 4775 animadvertens
2934 4723 3237 4786 occultare,
3290 4738 3353 4778 ae
3404 4725 3659 4781 manibus

2080 4810 2337 4880 pudenda
2372 4819 2678 4881 protegere,
2710 4826 2774 4866 eo
2802 4827 2862 4867 se
2892 4812 3080 4867 habitu
3106 4815 3353 4883 corporis
3384 4830 3506 4869 esse
3533 4832 3658 4885 per-

2080 4903 2306 4958 moleste
2334 4901 2495 4957 ferre.
2533 4902 2777 4972 Denique
2804 4911 2954 4958 veste
2977 4904 3045 4958 ab
3072 4904 3311 4975 Josepho
3333 4922 3395 4959 ex
3429 4907 3498 4961 iis
3521 4922 3657 4977 qua-

2078 5010 2201 5047 rum
2234 4993 2394 5064 copia
2444 5000 2564 5048 erat
2610 4995 2832 5063 injecta,
2887 4996 2991 5050 sibi
3032 4998 3318 5052 restitutus
3366 4998 3658 5067 animoque

2079 5088 2422 5157 compositus
2472 5102 2698 5157 magnas
2733 5089 2810 5142 illi
2867 5090 3169 5143 secundum
3219 5089 3389 5143 Deum
3450 5092 3657 5160 gratias

2079 5177 2210 5246 egit,
2242 5177 2403 5245 cujus
2424 5192 2481 5231 se
2504 5178 2771 5232 beneﬁcio
2790 5178 3078 5233 liberatum
3116 5188 3469 5249 agnosceret:
3503 5196 3659 5235 eum—

2079 5265 2312 5335 demque
2350 5274 2461 5319 tota
2503 5267 2638 5321 urbe
2674 5269 3033 5339 pervulgavit.
3080 5269 3157 5321 lta
3190 5267 3501 5322 Judzeorum
3540 5284 3658 5321 om-

2082 5358 2231 5411 nium
2293 5359 2385 5427 qui
2433 5359 2556 5414 istic
2604 5370 2761 5415 erant
2811 5376 2972 5416 aures
3022 5362 3271 5415 miraculi
3321 5361 3468 5416 illius
3512 5361 3657 5414 fama

2082 5448 2340 5516 pervasit.
2379 5448 2457 5502 Ex
2489 5466 2599 5519 quo
2630 5466 2819 5505 rumor
2848 5452 3041 5521 ingens
3070 5451 3402 5522 percrebuit,
3440 5450 3514 5503 ita
3548 5450 3660 5503 illis

2078 5537 2464 5606 jactantibus:
2520 5539 2790 5612 Josephus
2848 5553 3036 5611 aperto
3079 5542 3465 5613 gazophylacio
3519 5541 3657 5595 scri-

2083 5636 2234 5700 ptum
2267 5630 2359 5687 Dei
2401 5648 2603 5691 nomen
2635 5634 2866 5701 invenit,
2898 5650 3073 5707 eoque
3110 5634 3250 5692 lceto
3267 5632 3505 5690 miriﬁca
3534 5647 3663 5705 por-
