  <div class='ocr_page' id='page_1' title='image "/cluster/home/n/w/nwhite01/storage/ocr_20150623/41/nnc1.0046978747/255.png"; bbox 0 0 4170 6372; ppageno 0'>
   <div class='ocr_carea' id='block_1_1' title="bbox 450 322 3708 420">
    <p class='ocr_par' dir='ltr' id='par_1_1' title="bbox 450 322 3708 420">
     <span class='ocr_line' id='line_1_1' title="bbox 450 322 3708 420; baseline -0.007 -1"><span class='ocrx_word' id='word_1_1' title='bbox 450 364 559 420; x_wconf 70' lang='lat'><strong>425</strong></span> <span class='ocrx_word' id='word_1_2' title='bbox 932 322 940 329; x_wconf 66' lang='grc'><em>’</em></span> <span class='ocrx_word' id='word_1_3' title='bbox 1852 354 1909 409; x_wconf 89' lang='lat' dir='ltr'><strong>s.</strong></span> <span class='ocrx_word' id='word_1_4' title='bbox 1953 351 2296 407; x_wconf 77' lang='lat' dir='ltr'><strong>EPIPHANll</strong></span> <span class='ocrx_word' id='word_1_5' title='bbox 3606 362 3708 415; x_wconf 54' lang='grc' dir='ltr'><strong>ω</strong></span> 
     </span>
    </p>
   </div>
   <div class='ocr_carea' id='block_1_2' title="bbox 452 466 2026 547">
    <p class='ocr_par' dir='ltr' id='par_1_2' title="bbox 452 468 2023 547">
     <span class='ocr_line' id='line_1_2' title="bbox 452 468 2023 547; baseline -0.006 -18"><span class='ocrx_word' id='word_1_6' title='bbox 452 484 600 531; x_wconf 88' lang='lat' dir='ltr'><strong>tenta</strong></span> <span class='ocrx_word' id='word_1_7' title='bbox 633 489 695 530; x_wconf 90' lang='lat' dir='ltr'><strong>ac</strong></span> <span class='ocrx_word' id='word_1_8' title='bbox 720 475 965 547; x_wconf 90' lang='lat' dir='ltr'><strong>prodigia</strong></span> <span class='ocrx_word' id='word_1_9' title='bbox 1000 474 1148 529; x_wconf 85' lang='lat' dir='ltr'><strong>facit.</strong></span> <span class='ocrx_word' id='word_1_10' title='bbox 1173 472 1360 542; x_wconf 86' lang='lat' dir='ltr'><strong>Neque</strong></span> <span class='ocrx_word' id='word_1_11' title='bbox 1390 472 1529 526; x_wconf 86' lang='lat' dir='ltr'><strong>falso</strong></span> <span class='ocrx_word' id='word_1_12' title='bbox 1560 471 1663 526; x_wconf 88' lang='lat' dir='ltr'><strong>ista</strong></span> <span class='ocrx_word' id='word_1_13' title='bbox 1692 468 2023 525; x_wconf 70' lang='lat' dir='ltr'><strong>differeban-</strong></span> 
     </span>
    </p>
   </div>
   <div class='ocr_carea' id='block_1_3' title="bbox 2129 466 3707 547">
    <p class='ocr_par' dir='ltr' id='par_1_3' title="bbox 2129 466 3707 543">
     <span class='ocr_line' id='line_1_3' title="bbox 2129 466 3707 543; baseline 0.003 -24"><span class='ocrx_word' id='word_1_14' title='bbox 2129 466 2329 522; x_wconf 83' lang='grc' dir='ltr'>ενόουν.</span> <span class='ocrx_word' id='word_1_15' title='bbox 2365 467 2487 521; x_wconf 86' lang='grc' dir='ltr'>Ἔτι</span> <span class='ocrx_word' id='word_1_16' title='bbox 2513 468 2567 521; x_wconf 81' lang='grc' dir='ltr'>δὲ</span> <span class='ocrx_word' id='word_1_17' title='bbox 2596 468 2860 539; x_wconf 79' lang='grc' dir='ltr'>ἐπέμενεν</span> <span class='ocrx_word' id='word_1_18' title='bbox 2894 470 3159 541; x_wconf 84' lang='grc' dir='ltr'>Ἰώσηπος</span> <span class='ocrx_word' id='word_1_19' title='bbox 3186 469 3619 540; x_wconf 83' lang='grc' dir='ltr'>σκληρυνόμενος</span> <span class='ocrx_word' id='word_1_20' title='bbox 3640 474 3707 543; x_wconf 85' lang='grc' dir='ltr'>τῇ</span> 
     </span>
    </p>
   </div>
   <div class='ocr_carea' id='block_1_4' title="bbox 451 558 2025 634">
    <p class='ocr_par' dir='ltr' id='par_1_4' title="bbox 451 558 2025 634">
     <span class='ocr_line' id='line_1_4' title="bbox 451 558 2025 634; baseline -0.005 -16"><span class='ocrx_word' id='word_1_21' title='bbox 451 576 561 627; x_wconf 88' lang='lat' dir='ltr'><strong>tur,</strong></span> <span class='ocrx_word' id='word_1_22' title='bbox 588 565 691 620; x_wconf 93' lang='lat' dir='ltr'><strong>etsi</strong></span> <span class='ocrx_word' id='word_1_23' title='bbox 734 568 942 620; x_wconf 91' lang='lat' dir='ltr'><strong>non&#39;eo</strong></span> <span class='ocrx_word' id='word_1_24' title='bbox 974 578 1082 634; x_wconf 91' lang='lat' dir='ltr'><strong>quo</strong></span> <span class='ocrx_word' id='word_1_25' title='bbox 1107 563 1183 617; x_wconf 90' lang='lat' dir='ltr'>illi</span> <span class='ocrx_word' id='word_1_26' title='bbox 1220 560 1644 631; x_wconf 72' lang='lat' dir='ltr'><strong>suspicabantur</strong></span> <span class='ocrx_word' id='word_1_27' title='bbox 1685 558 1847 612; x_wconf 87' lang='lat' dir='ltr'><strong>modo</strong></span> <span class='ocrx_word' id='word_1_28' title='bbox 1889 572 2025 612; x_wconf 90' lang='lat' dir='ltr'><strong>con-</strong></span> 
     </span>
    </p>
   </div>
   <div class='ocr_carea' id='block_1_5' title="bbox 451 647 2025 723">
    <p class='ocr_par' dir='ltr' id='par_1_5' title="bbox 451 647 2025 723">
     <span class='ocr_line' id='line_1_5' title="bbox 451 647 2025 723; baseline -0.006 -15"><span class='ocrx_word' id='word_1_29' title='bbox 451 656 711 723; x_wconf 88' lang='lat' dir='ltr'><strong>tigerant.</strong></span> <span class='ocrx_word' id='word_1_30' title='bbox 766 654 989 709; x_wconf 89' lang='lat' dir='ltr'><strong>Interim</strong></span> <span class='ocrx_word' id='word_1_31' title='bbox 1043 652 1315 722; x_wconf 82' lang='lat' dir='ltr'><strong>Josephus</strong></span> <span class='ocrx_word' id='word_1_32' title='bbox 1371 651 1668 704; x_wconf 90' lang='lat' dir='ltr'><strong>inveterata</strong></span> <span class='ocrx_word' id='word_1_33' title='bbox 1723 647 2025 719; x_wconf 84' lang='lat' dir='ltr'><strong>pertinacia</strong></span> 
     </span>
    </p>
   </div>
   <div class='ocr_carea' id='block_1_6' title="bbox 449 740 2024 809">
    <p class='ocr_par' dir='ltr' id='par_1_6' title="bbox 449 740 2024 809">
     <span class='ocr_line' id='line_1_6' title="bbox 449 740 2024 809; baseline -0.004 -10"><span class='ocrx_word' id='word_1_34' title='bbox 449 746 803 800; x_wconf 91' lang='lat' dir='ltr'><strong>obduruerat.</strong></span> <span class='ocrx_word' id='word_1_35' title='bbox 835 744 939 800; x_wconf 91' lang='lat' dir='ltr'><strong>Sed</strong></span> <span class='ocrx_word' id='word_1_36' title='bbox 965 743 1426 800; x_wconf 80' lang='lat' dir='ltr'><strong>clementissimus</strong></span> <span class='ocrx_word' id='word_1_37' title='bbox 1460 741 1745 803; x_wconf 83' lang='lat' dir='ltr'><strong>Dominus,</strong></span> <span class='ocrx_word' id='word_1_38' title='bbox 1779 740 1872 809; x_wconf 90' lang='lat' dir='ltr'><strong>qui</strong></span> <span class='ocrx_word' id='word_1_39' title='bbox 1902 753 2024 793; x_wconf 89' lang='lat' dir='ltr'><strong>sese</strong></span> 
     </span>
    </p>
   </div>
   <div class='ocr_carea' id='block_1_7' title="bbox 449 827 2025 903">
    <p class='ocr_par' dir='ltr' id='par_1_7' title="bbox 449 827 2025 903">
     <span class='ocr_line' id='line_1_7' title="bbox 449 827 2025 903; baseline -0.004 -16"><span class='ocrx_word' id='word_1_40' title='bbox 449 833 803 903; x_wconf 91' lang='lat' dir='ltr'><strong>diligentibus</strong></span> <span class='ocrx_word' id='word_1_41' title='bbox 834 834 1091 903; x_wconf 71' lang='lat' dir='ltr'><strong>prmclara</strong></span> <span class='ocrx_word' id='word_1_42' title='bbox 1140 832 1387 903; x_wconf 70' lang='lat' dir='ltr'><strong>quaedam</strong></span> <span class='ocrx_word' id='word_1_43' title='bbox 1435 832 1593 886; x_wconf 76' lang='lat' dir='ltr'><strong>offert</strong></span> <span class='ocrx_word' id='word_1_44' title='bbox 1625 827 2025 899; x_wconf 85' lang='lat' dir='ltr'><strong>consequend:e</strong></span> 
     </span>
    </p>
   </div>
   <div class='ocr_carea' id='block_1_8' title="bbox 452 924 2024 998">
    <p class='ocr_par' dir='ltr' id='par_1_8' title="bbox 452 924 2024 998">
     <span class='ocr_line' id='line_1_8' title="bbox 452 924 2024 998; baseline -0.003 -17"><span class='ocrx_word' id='word_1_45' title='bbox 452 929 648 983; x_wconf 88' lang='lat' dir='ltr'><strong>salutis</strong></span> <span class='ocrx_word' id='word_1_46' title='bbox 678 930 951 998; x_wconf 67' lang='lat' dir='ltr'><strong>prazsidia,</strong></span> <span class='ocrx_word' id='word_1_47' title='bbox 975 928 1162 983; x_wconf 90' lang='lat' dir='ltr'><strong>eadem</strong></span> <span class='ocrx_word' id='word_1_48' title='bbox 1200 926 1311 982; x_wconf 84' lang='lat' dir='ltr'><strong>illis</strong></span> <span class='ocrx_word' id='word_1_49' title='bbox 1338 924 1602 995; x_wconf 86' lang='lat' dir='ltr'><strong>impertit,</strong></span> <span class='ocrx_word' id='word_1_50' title='bbox 1636 939 1777 994; x_wconf 92' lang='lat' dir='ltr'><strong>quos</strong></span> <span class='ocrx_word' id='word_1_51' title='bbox 1808 930 2024 977; x_wconf 67' lang='lat' dir='ltr'><strong>aeternae</strong></span> 
     </span>
    </p>
   </div>
   <div class='ocr_carea' id='block_1_9' title="bbox 450 1018 1463 1089">
    <p class='ocr_par' dir='ltr' id='par_1_9' title="bbox 450 1018 1463 1089">
     <span class='ocr_line' id='line_1_9' title="bbox 450 1018 1463 1089; baseline -0.005 -15"><span class='ocrx_word' id='word_1_52' title='bbox 450 1020 577 1075; x_wconf 62' lang='lat' dir='ltr'><strong>vitae</strong></span> <span class='ocrx_word' id='word_1_53' title='bbox 607 1019 866 1073; x_wconf 86' lang='lat' dir='ltr'><strong>felicitate</strong></span> <span class='ocrx_word' id='word_1_54' title='bbox 899 1019 1110 1089; x_wconf 82' lang='lat' dir='ltr'><strong>dignari</strong></span> <span class='ocrx_word' id='word_1_55' title='bbox 1154 1018 1463 1071; x_wconf 80' lang='lat' dir='ltr'><strong>constituit.</strong></span> 
     </span>
    </p>
   </div>
   <div class='ocr_carea' id='block_1_10' title="bbox 521 1104 2025 1179">
    <p class='ocr_par' dir='ltr' id='par_1_10' title="bbox 521 1104 2025 1179">
     <span class='ocr_line' id='line_1_10' title="bbox 521 1104 2025 1179; baseline -0.002 -16"><span class='ocrx_word' id='word_1_56' title='bbox 521 1109 613 1163; x_wconf 78' lang='lat' dir='ltr'><strong>XI.</strong></span> <span class='ocrx_word' id='word_1_57' title='bbox 647 1108 750 1164; x_wconf 90' lang='lat' dir='ltr'><strong>Per</strong></span> <span class='ocrx_word' id='word_1_58' title='bbox 783 1109 926 1165; x_wconf 90' lang='lat' dir='ltr'><strong>idem</strong></span> <span class='ocrx_word' id='word_1_59' title='bbox 956 1118 1173 1179; x_wconf 89' lang='lat' dir='ltr'><strong>tempus</strong></span> <span class='ocrx_word' id='word_1_60' title='bbox 1207 1124 1330 1163; x_wconf 93' lang='lat' dir='ltr'><strong>cum</strong></span> <span class='ocrx_word' id='word_1_61' title='bbox 1360 1108 1472 1176; x_wconf 89' lang='lat' dir='ltr'><strong>jam</strong></span> <span class='ocrx_word' id='word_1_62' title='bbox 1513 1108 1826 1178; x_wconf 81' lang='lat' dir='ltr'><strong>patriarcha</strong></span> <span class='ocrx_word' id='word_1_63' title='bbox 1857 1104 2025 1161; x_wconf 81' lang='lat' dir='ltr'><strong>Judas</strong></span> 
     </span>
    </p>
   </div>
   <div class='ocr_carea' id='block_1_11' title="bbox 450 1200 2023 1272">
    <p class='ocr_par' dir='ltr' id='par_1_11' title="bbox 450 1200 2023 1272">
     <span class='ocr_line' id='line_1_11' title="bbox 450 1200 2023 1272; baseline -0.002 -17"><span class='ocrx_word' id='word_1_64' title='bbox 450 1200 551 1272; x_wconf 91' lang='lat' dir='ltr'><strong>(ita</strong></span> <span class='ocrx_word' id='word_1_65' title='bbox 574 1204 719 1257; x_wconf 91' lang='lat' dir='ltr'><strong>enim</strong></span> <span class='ocrx_word' id='word_1_66' title='bbox 752 1200 891 1257; x_wconf 89' lang='lat' dir='ltr'><strong>forte</strong></span> <span class='ocrx_word' id='word_1_67' title='bbox 914 1201 1231 1270; x_wconf 83' lang='lat' dir='ltr'><strong>vocabatur)</strong></span> <span class='ocrx_word' id='word_1_68' title='bbox 1266 1200 1332 1255; x_wconf 91' lang='lat' dir='ltr'><strong>ad</strong></span> <span class='ocrx_word' id='word_1_69' title='bbox 1354 1200 1633 1254; x_wconf 85' lang='lat' dir='ltr'><strong>robustam</strong></span> <span class='ocrx_word' id='word_1_70' title='bbox 1659 1208 1870 1254; x_wconf 68' lang='lat' dir='ltr'><strong>aatatem</strong></span> <span class='ocrx_word' id='word_1_71' title='bbox 1898 1215 2023 1269; x_wconf 90' lang='lat' dir='ltr'><strong>pcr-</strong></span> 
     </span>
    </p>
   </div>
   <div class='ocr_carea' id='block_1_12' title="bbox 452 1289 2023 1361">
    <p class='ocr_par' dir='ltr' id='par_1_12' title="bbox 452 1289 2023 1361">
     <span class='ocr_line' id='line_1_12' title="bbox 452 1289 2023 1361; baseline -0.001 -17"><span class='ocrx_word' id='word_1_72' title='bbox 452 1292 712 1357; x_wconf 86' lang='lat' dir='ltr'><strong>venisset,</strong></span> <span class='ocrx_word' id='word_1_73' title='bbox 738 1289 1035 1360; x_wconf 79' lang='lat' dir='ltr'><strong>Josepltum</strong></span> <span class='ocrx_word' id='word_1_74' title='bbox 1073 1290 1277 1360; x_wconf 66' lang='lat' dir='ltr'><strong>praemii</strong></span> <span class='ocrx_word' id='word_1_75' title='bbox 1300 1291 1422 1344; x_wconf 91' lang='lat' dir='ltr'><strong>loco</strong></span> <span class='ocrx_word' id='word_1_76' title='bbox 1453 1291 1790 1361; x_wconf 89' lang='lat' dir='ltr'><strong>apostolatus</strong></span> <span class='ocrx_word' id='word_1_77' title='bbox 1820 1290 2023 1361; x_wconf 84' lang='lat' dir='ltr'><strong>(digni-</strong></span> 
     </span>
    </p>
   </div>
   <div class='ocr_carea' id='block_1_13' title="bbox 450 1384 2021 1453">
    <p class='ocr_par' dir='ltr' id='par_1_13' title="bbox 450 1384 2021 1453">
     <span class='ocr_line' id='line_1_13' title="bbox 450 1384 2021 1453; baseline -0.001 -17"><span class='ocrx_word' id='word_1_78' title='bbox 450 1385 580 1439; x_wconf 87' lang='lat' dir='ltr'><strong>tatis</strong></span> <span class='ocrx_word' id='word_1_79' title='bbox 626 1384 678 1438; x_wconf 89' lang='lat' dir='ltr'><strong>id</strong></span> <span class='ocrx_word' id='word_1_80' title='bbox 724 1398 921 1438; x_wconf 87' lang='lat' dir='ltr'><strong>nomen</strong></span> <span class='ocrx_word' id='word_1_81' title='bbox 955 1385 1060 1453; x_wconf 88' lang='lat' dir='ltr'><strong>est)</strong></span> <span class='ocrx_word' id='word_1_82' title='bbox 1103 1386 1311 1437; x_wconf 88' lang='lat' dir='ltr'><strong>honore</strong></span> <span class='ocrx_word' id='word_1_83' title='bbox 1341 1397 1405 1436; x_wconf 92' lang='lat' dir='ltr'><strong>ac</strong></span> <span class='ocrx_word' id='word_1_84' title='bbox 1441 1384 1743 1438; x_wconf 89' lang='lat' dir='ltr'><strong>commodis</strong></span> <span class='ocrx_word' id='word_1_85' title='bbox 1772 1391 2021 1437; x_wconf 86' lang='lat' dir='ltr'><strong>exornat.</strong></span> 
     </span>
    </p>
   </div>
   <div class='ocr_carea' id='block_1_14' title="bbox 454 1475 2022 1547">
    <p class='ocr_par' dir='ltr' id='par_1_14' title="bbox 454 1475 2022 1547">
     <span class='ocr_line' id='line_1_14' title="bbox 454 1475 2022 1547; baseline 0 -18"><span class='ocrx_word' id='word_1_86' title='bbox 454 1476 581 1530; x_wconf 90' lang='lat' dir='ltr'><strong>Inde</strong></span> <span class='ocrx_word' id='word_1_87' title='bbox 614 1490 737 1529; x_wconf 91' lang='lat' dir='ltr'><strong>cum</strong></span> <span class='ocrx_word' id='word_1_88' title='bbox 762 1476 962 1531; x_wconf 86' lang='lat' dir='ltr'><strong>litteris</strong></span> <span class='ocrx_word' id='word_1_89' title='bbox 986 1477 1039 1530; x_wconf 92' lang='lat' dir='ltr'><strong>in</strong></span> <span class='ocrx_word' id='word_1_90' title='bbox 1061 1477 1309 1531; x_wconf 83' lang='lat' dir='ltr'><strong>Ciliciam</strong></span> <span class='ocrx_word' id='word_1_91' title='bbox 1335 1477 1723 1547; x_wconf 87' lang='lat' dir='ltr'><strong>proficiscitur.</strong></span> <span class='ocrx_word' id='word_1_92' title='bbox 1751 1475 1872 1542; x_wconf 85' lang='lat' dir='ltr'><strong>Quo</strong></span> <span class='ocrx_word' id='word_1_93' title='bbox 1898 1491 2022 1529; x_wconf 84' lang='lat' dir='ltr'><strong>cum</strong></span> 
     </span>
    </p>
   </div>
   <div class='ocr_carea' id='block_1_15' title="bbox 451 1565 2035 1636">
    <p class='ocr_par' dir='ltr' id='par_1_15' title="bbox 451 1565 2035 1636">
     <span class='ocr_line' id='line_1_15' title="bbox 451 1565 2035 1636; baseline 0 -17"><span class='ocrx_word' id='word_1_94' title='bbox 451 1567 810 1632; x_wconf 88' lang='lat' dir='ltr'><strong>accessisset,</strong></span> <span class='ocrx_word' id='word_1_95' title='bbox 860 1581 1187 1636; x_wconf 92' lang='lat' dir='ltr'><strong>unoquoque</strong></span> <span class='ocrx_word' id='word_1_96' title='bbox 1227 1582 1289 1621; x_wconf 74' lang='lat' dir='ltr'><strong>ex</strong></span> <span class='ocrx_word' id='word_1_97' title='bbox 1331 1567 1531 1636; x_wconf 89' lang='lat' dir='ltr'><strong>oppido</strong></span> <span class='ocrx_word' id='word_1_98' title='bbox 1574 1566 1834 1621; x_wconf 87' lang='lat' dir='ltr'><strong>decumas</strong></span> <span class='ocrx_word' id='word_1_99' title='bbox 1866 1565 2035 1636; x_wconf 18' lang='lat'><strong>135.</strong></span> 
     </span>
    </p>
   </div>
   <div class='ocr_carea' id='block_1_16' title="bbox 452 1656 2022 1727">
    <p class='ocr_par' dir='ltr' id='par_1_16' title="bbox 452 1656 2022 1727">
     <span class='ocr_line' id='line_1_16' title="bbox 452 1656 2022 1727; baseline 0 -18"><span class='ocrx_word' id='word_1_100' title='bbox 452 1670 515 1710; x_wconf 91' lang='lat' dir='ltr'><strong>ac</strong></span> <span class='ocrx_word' id='word_1_101' title='bbox 556 1656 824 1726; x_wconf 89' lang='lat' dir='ltr'><strong>primitias</strong></span> <span class='ocrx_word' id='word_1_102' title='bbox 867 1672 896 1710; x_wconf 91' lang='lat' dir='ltr'><strong>a</strong></span> <span class='ocrx_word' id='word_1_103' title='bbox 943 1657 1365 1727; x_wconf 83' lang='lat' dir='ltr'><strong>provincialibus</strong></span> <span class='ocrx_word' id='word_1_104' title='bbox 1395 1656 1600 1712; x_wconf 83' lang='lat' dir='ltr'><strong>Judaeis</strong></span> <span class='ocrx_word' id='word_1_105' title='bbox 1640 1656 1910 1726; x_wconf 79' lang='lat' dir='ltr'><strong>exigebat.</strong></span> <span class='ocrx_word' id='word_1_106' title='bbox 1946 1659 2022 1709; x_wconf 81' lang='lat' dir='ltr'><strong>Ac</strong></span> 
     </span>
    </p>
   </div>
   <div class='ocr_carea' id='block_1_17' title="bbox 453 1747 2020 1819">
    <p class='ocr_par' dir='ltr' id='par_1_17' title="bbox 453 1747 2020 1819">
     <span class='ocr_line' id='line_1_17' title="bbox 453 1747 2020 1819; baseline -0.001 -18"><span class='ocrx_word' id='word_1_107' title='bbox 453 1754 566 1801; x_wconf 86' lang='lat' dir='ltr'><strong>tum</strong></span> <span class='ocrx_word' id='word_1_108' title='bbox 596 1763 728 1802; x_wconf 89' lang='lat' dir='ltr'><strong>casu</strong></span> <span class='ocrx_word' id='word_1_109' title='bbox 756 1749 1004 1819; x_wconf 83' lang='lat' dir='ltr'><strong>contigit,</strong></span> <span class='ocrx_word' id='word_1_110' title='bbox 1039 1756 1097 1803; x_wconf 93' lang='lat' dir='ltr'><strong>ut</strong></span> <span class='ocrx_word' id='word_1_111' title='bbox 1133 1750 1319 1803; x_wconf 90' lang='lat' dir='ltr'><strong>nescio</strong></span> <span class='ocrx_word' id='word_1_112' title='bbox 1346 1766 1450 1819; x_wconf 88' lang='lat' dir='ltr'><strong>qua</strong></span> <span class='ocrx_word' id='word_1_113' title='bbox 1486 1750 1540 1803; x_wconf 93' lang='lat' dir='ltr'><strong>in</strong></span> <span class='ocrx_word' id='word_1_114' title='bbox 1580 1749 1714 1805; x_wconf 88' lang='lat' dir='ltr'><strong>urbe</strong></span> <span class='ocrx_word' id='word_1_115' title='bbox 1757 1749 1811 1802; x_wconf 92' lang='lat' dir='ltr'><strong>in</strong></span> <span class='ocrx_word' id='word_1_116' title='bbox 1845 1747 2020 1802; x_wconf 85' lang='lat' dir='ltr'><strong>vicina</strong></span> 
     </span>
    </p>
   </div>
   <div class='ocr_carea' id='block_1_18' title="bbox 2125 558 3709 631">
    <p class='ocr_par' dir='ltr' id='par_1_18' title="bbox 2125 558 3709 631">
     <span class='ocr_line' id='line_1_18' title="bbox 2125 558 3709 631; baseline 0.003 -21"><span class='ocrx_word' id='word_1_117' title='bbox 2125 558 2342 631; x_wconf 77' lang='grc' dir='ltr'><strong>καρδίᾳ.</strong></span> <span class='ocrx_word' id='word_1_118' title='bbox 2386 558 2546 612; x_wconf 85' lang='grc' dir='ltr'>Ἀλλά</span> <span class='ocrx_word' id='word_1_119' title='bbox 2573 561 2601 611; x_wconf 83' lang='grc' dir='ltr'>ὁ</span> <span class='ocrx_word' id='word_1_120' title='bbox 2638 560 3014 631; x_wconf 83' lang='grc' dir='ltr'>φιλάνθρωπος</span> <span class='ocrx_word' id='word_1_121' title='bbox 3058 560 3189 623; x_wconf 82' lang='grc' dir='ltr'>Θεὸς</span> <span class='ocrx_word' id='word_1_122' title='bbox 3215 601 3228 624; x_wconf 94' lang='grc'><strong>,</strong></span> <span class='ocrx_word' id='word_1_123' title='bbox 3284 561 3585 631; x_wconf 79' lang='grc' dir='ltr'>προφάσεις</span> <span class='ocrx_word' id='word_1_124' title='bbox 3623 562 3709 615; x_wconf 79' lang='grc' dir='ltr'>ἀεὶ</span> 
     </span>
    </p>
   </div>
   <div class='ocr_carea' id='block_1_19' title="bbox 2121 646 3707 719">
    <p class='ocr_par' dir='ltr' id='par_1_19' title="bbox 2121 646 3707 719">
     <span class='ocr_line' id='line_1_19' title="bbox 2121 646 3707 719; baseline 0.003 -19"><span class='ocrx_word' id='word_1_125' title='bbox 2121 646 2296 711; x_wconf 76' lang='grc' dir='ltr'>διδοὺς</span> <span class='ocrx_word' id='word_1_126' title='bbox 2370 650 2645 719; x_wconf 84' lang='grc' dir='ltr'><strong>σωτηρίας</strong></span> <span class='ocrx_word' id='word_1_127' title='bbox 2703 653 2815 712; x_wconf 88' lang='grc' dir='ltr'>τοῖς</span> <span class='ocrx_word' id='word_1_128' title='bbox 2884 650 3170 717; x_wconf 83' lang='grc' dir='ltr'><strong>ἀγαπῶσιν</strong></span> <span class='ocrx_word' id='word_1_129' title='bbox 3228 650 3391 703; x_wconf 84' lang='grc' dir='ltr'>αὑτὸν</span> <span class='ocrx_word' id='word_1_130' title='bbox 3462 650 3707 716; x_wconf 75' lang='grc' dir='ltr'>ἀγαθὰς,</span> 
     </span>
    </p>
   </div>
   <div class='ocr_carea' id='block_1_20' title="bbox 2124 736 3710 812">
    <p class='ocr_par' dir='ltr' id='par_1_20' title="bbox 2124 736 3710 812">
     <span class='ocr_line' id='line_1_20' title="bbox 2124 736 3710 812; baseline 0 -21"><span class='ocrx_word' id='word_1_131' title='bbox 2124 738 2325 802; x_wconf 89' lang='grc' dir='ltr'>ταύτας</span> <span class='ocrx_word' id='word_1_132' title='bbox 2351 740 2578 810; x_wconf 78' lang='grc' dir='ltr'><strong>παρέχει</strong></span> <span class='ocrx_word' id='word_1_133' title='bbox 2612 742 2723 803; x_wconf 89' lang='grc' dir='ltr'>τοῖς</span> <span class='ocrx_word' id='word_1_134' title='bbox 2746 742 2824 803; x_wconf 85' lang='grc' dir='ltr'><strong>είς</strong></span> <span class='ocrx_word' id='word_1_135' title='bbox 2848 736 2992 811; x_wconf 75' lang='grc' dir='ltr'>ζωὴν</span> <span class='ocrx_word' id='word_1_136' title='bbox 3022 740 3467 811; x_wconf 80' lang='grc' dir='ltr'>καταξιουμένοις</span> <span class='ocrx_word' id='word_1_137' title='bbox 3496 739 3710 812; x_wconf 82' lang='grc' dir='ltr'>ἀνθρώ-</span> 
     </span>
    </p>
   </div>
   <div class='ocr_carea' id='block_1_21' title="bbox 2126 846 2269 893">
    <p class='ocr_par' dir='ltr' id='par_1_21' title="bbox 2126 846 2269 893">
     <span class='ocr_line' id='line_1_21' title="bbox 2126 846 2269 893; baseline 0.014 -12"><span class='ocrx_word' id='word_1_138' title='bbox 2126 846 2269 893; x_wconf 86' lang='grc' dir='ltr'>ποις.</span> 
     </span>
    </p>
   </div>
   <div class='ocr_carea' id='block_1_22' title="bbox 2195 1093 3707 1169">
    <p class='ocr_par' dir='ltr' id='par_1_22' title="bbox 2195 1093 3707 1169">
     <span class='ocr_line' id='line_1_22' title="bbox 2195 1093 3707 1169; baseline 0.005 -25"><span class='ocrx_word' id='word_1_139' title='bbox 2195 1093 2300 1145; x_wconf 81' lang='lat' dir='ltr'><strong>lA&#39;.</strong></span> <span class='ocrx_word' id='word_1_140' title='bbox 2344 1093 2665 1163; x_wconf 85' lang='grc' dir='ltr'>Συμϐέϐηκε</span> <span class='ocrx_word' id='word_1_141' title='bbox 2699 1094 2807 1166; x_wconf 82' lang='grc' dir='ltr'><strong>γὰρ</strong></span> <span class='ocrx_word' id='word_1_142' title='bbox 2844 1096 3006 1149; x_wconf 83' lang='grc' dir='ltr'>αὑτὸν</span> <span class='ocrx_word' id='word_1_143' title='bbox 3048 1097 3136 1151; x_wconf 82' lang='grc' dir='ltr'><strong>τὸν</strong></span> <span class='ocrx_word' id='word_1_144' title='bbox 3174 1096 3432 1168; x_wconf 85' lang='grc' dir='ltr'>Ἰώσηπον</span> <span class='ocrx_word' id='word_1_145' title='bbox 3471 1097 3608 1169; x_wconf 88' lang='grc' dir='ltr'><strong>μετά</strong></span> <span class='ocrx_word' id='word_1_146' title='bbox 3644 1098 3707 1151; x_wconf 83' lang='grc' dir='ltr'>τὸ</span> 
     </span>
    </p>
   </div>
   <div class='ocr_carea' id='block_1_23' title="bbox 2127 1182 3705 1258">
    <p class='ocr_par' dir='ltr' id='par_1_23' title="bbox 2127 1182 3705 1258">
     <span class='ocr_line' id='line_1_23' title="bbox 2127 1182 3705 1258; baseline 0.003 -24"><span class='ocrx_word' id='word_1_147' title='bbox 2127 1182 2451 1252; x_wconf 84' lang='grc' dir='ltr'>ἀδρυνθῆναι</span> <span class='ocrx_word' id='word_1_148' title='bbox 2494 1183 2691 1236; x_wconf 83' lang='grc' dir='ltr'>Ἰούδαν</span> <span class='ocrx_word' id='word_1_149' title='bbox 2721 1184 2813 1236; x_wconf 84' lang='grc' dir='ltr'><strong>τὸν</strong></span> <span class='ocrx_word' id='word_1_150' title='bbox 2852 1186 3196 1257; x_wconf 85' lang='grc' dir='ltr'>πατριάρχην</span> <span class='ocrx_word' id='word_1_151' title='bbox 3218 1228 3231 1251; x_wconf 88' lang='grc'><strong>,</strong></span> <span class='ocrx_word' id='word_1_152' title='bbox 3280 1187 3338 1240; x_wconf 85' lang='grc' dir='ltr'>ὃν</span> <span class='ocrx_word' id='word_1_153' title='bbox 3373 1188 3705 1258; x_wconf 77' lang='grc' dir='ltr'>προείπομεν</span> 
     </span>
    </p>
   </div>
   <div class='ocr_carea' id='block_1_24' title="bbox 2125 1276 3707 1351">
    <p class='ocr_par' dir='ltr' id='par_1_24' title="bbox 2125 1276 3707 1351">
     <span class='ocr_line' id='line_1_24' title="bbox 2125 1276 3707 1351; baseline 0.002 -23"><span class='ocrx_word' id='word_1_154' title='bbox 2125 1277 2290 1346; x_wconf 85' lang='grc' dir='ltr'><strong>(τάχα</strong></span> <span class='ocrx_word' id='word_1_155' title='bbox 2320 1278 2427 1348; x_wconf 87' lang='grc' dir='ltr'>γὰρ</span> <span class='ocrx_word' id='word_1_156' title='bbox 2456 1276 2626 1341; x_wconf 76' lang='grc' dir='ltr'>οὕτως</span> <span class='ocrx_word' id='word_1_157' title='bbox 2660 1278 2930 1346; x_wconf 79' lang='grc' dir='ltr'><strong>ἐλέγετο),</strong></span> <span class='ocrx_word' id='word_1_158' title='bbox 2964 1280 3201 1348; x_wconf 90' lang='grc' dir='ltr'>ἀμοιϐῆς</span> <span class='ocrx_word' id='word_1_159' title='bbox 3239 1280 3401 1333; x_wconf 73' lang='grc' dir='ltr'>ἕνεκα</span> <span class='ocrx_word' id='word_1_160' title='bbox 3425 1280 3591 1351; x_wconf 89' lang='grc' dir='ltr'>γέρας</span> <span class='ocrx_word' id='word_1_161' title='bbox 3628 1278 3707 1349; x_wconf 83' lang='grc' dir='ltr'><strong>τῷ</strong></span> 
     </span>
    </p>
   </div>
   <div class='ocr_carea' id='block_1_25' title="bbox 2138 1368 3707 1441">
    <p class='ocr_par' dir='ltr' id='par_1_25' title="bbox 2138 1368 3707 1441">
     <span class='ocr_line' id='line_1_25' title="bbox 2138 1368 3707 1441; baseline 0 -21"><span class='ocrx_word' id='word_1_162' title='bbox 2138 1368 2383 1439; x_wconf 81' lang='grc' dir='ltr'><strong>Ἰωσήπῳ</strong></span> <span class='ocrx_word' id='word_1_163' title='bbox 2418 1369 2516 1438; x_wconf 89' lang='grc' dir='ltr'><strong>τῆς</strong></span> <span class='ocrx_word' id='word_1_164' title='bbox 2549 1369 2849 1440; x_wconf 82' lang='grc' dir='ltr'>ἀποστολῆς</span> <span class='ocrx_word' id='word_1_165' title='bbox 2871 1368 3053 1422; x_wconf 81' lang='grc' dir='ltr'>δοῦναι</span> <span class='ocrx_word' id='word_1_166' title='bbox 3080 1372 3178 1441; x_wconf 81' lang='grc' dir='ltr'><strong>τὴν</strong></span> <span class='ocrx_word' id='word_1_167' title='bbox 3208 1370 3562 1441; x_wconf 84' lang='grc' dir='ltr'>ἐπικαρπίαν.</span> <span class='ocrx_word' id='word_1_168' title='bbox 3597 1370 3707 1422; x_wconf 75' lang='grc' dir='ltr'>Καὶ</span> 
     </span>
    </p>
   </div>
   <div class='ocr_carea' id='block_1_26' title="bbox 2130 1457 3706 1534">
    <p class='ocr_par' dir='ltr' id='par_1_26' title="bbox 2130 1457 3706 1534">
     <span class='ocr_line' id='line_1_26' title="bbox 2130 1457 3706 1534; baseline 0.001 -22"><span class='ocrx_word' id='word_1_169' title='bbox 2130 1462 2245 1530; x_wconf 80' lang='grc' dir='ltr'>μετ’</span> <span class='ocrx_word' id='word_1_170' title='bbox 2273 1462 2572 1514; x_wconf 82' lang='grc' dir='ltr'>ἐπιστολῶν</span> <span class='ocrx_word' id='word_1_171' title='bbox 2601 1457 2754 1526; x_wconf 70' lang='grc' dir='ltr'>οὗτος</span> <span class='ocrx_word' id='word_1_172' title='bbox 2791 1463 3182 1517; x_wconf 82' lang='grc' dir='ltr'>ἀποστέλλεται</span> <span class='ocrx_word' id='word_1_173' title='bbox 3222 1465 3303 1525; x_wconf 85' lang='grc' dir='ltr'>εἰς</span> <span class='ocrx_word' id='word_1_174' title='bbox 3337 1464 3435 1534; x_wconf 81' lang='grc' dir='ltr'><strong>τὴν</strong></span> <span class='ocrx_word' id='word_1_175' title='bbox 3466 1462 3706 1515; x_wconf 83' lang='grc' dir='ltr'>Κιλίκων</span> 
     </span>
    </p>
   </div>
   <div class='ocr_carea' id='block_1_27' title="bbox 2126 1555 3707 1628">
    <p class='ocr_par' dir='ltr' id='par_1_27' title="bbox 2126 1555 3707 1628">
     <span class='ocr_line' id='line_1_27' title="bbox 2126 1555 3707 1628; baseline 0.001 -22"><span class='ocrx_word' id='word_1_176' title='bbox 2126 1555 2249 1624; x_wconf 87' lang='grc' dir='ltr'>γῆν.</span> <span class='ocrx_word' id='word_1_177' title='bbox 2286 1558 2409 1621; x_wconf 88' lang='grc' dir='ltr'>Ὃς,</span> <span class='ocrx_word' id='word_1_178' title='bbox 2444 1556 2681 1610; x_wconf 87' lang='grc' dir='ltr'>ἀνελθὼν</span> <span class='ocrx_word' id='word_1_179' title='bbox 2716 1560 2918 1621; x_wconf 82' lang='grc' dir='ltr'>ἐκεῖσε,</span> <span class='ocrx_word' id='word_1_180' title='bbox 2951 1557 3058 1611; x_wconf 86' lang='grc' dir='ltr'><strong>ἀπὸ</strong></span> <span class='ocrx_word' id='word_1_181' title='bbox 3102 1558 3339 1628; x_wconf 77' lang='grc' dir='ltr'>ἑκάστης</span> <span class='ocrx_word' id='word_1_182' title='bbox 3373 1556 3580 1618; x_wconf 87' lang='grc' dir='ltr'>πόλεως</span> <span class='ocrx_word' id='word_1_183' title='bbox 3606 1556 3707 1625; x_wconf 84' lang='grc' dir='ltr'><strong>τῆς</strong></span> 
     </span>
    </p>
   </div>
   <div class='ocr_carea' id='block_1_28' title="bbox 2127 1648 3706 1721">
    <p class='ocr_par' dir='ltr' id='par_1_28' title="bbox 2127 1648 3706 1721">
     <span class='ocr_line' id='line_1_28' title="bbox 2127 1648 3706 1721; baseline 0 -22"><span class='ocrx_word' id='word_1_184' title='bbox 2127 1648 2378 1712; x_wconf 81' lang='grc' dir='ltr'>Κιλικίας</span> <span class='ocrx_word' id='word_1_185' title='bbox 2411 1649 2477 1702; x_wconf 88' lang='grc' dir='ltr'><strong>τὰ</strong></span> <span class='ocrx_word' id='word_1_186' title='bbox 2525 1649 2822 1703; x_wconf 86' lang='grc' dir='ltr'>ἐπιδέκατα</span> <span class='ocrx_word' id='word_1_187' title='bbox 2865 1651 2959 1703; x_wconf 80' lang='grc' dir='ltr'>καὶ</span> <span class='ocrx_word' id='word_1_188' title='bbox 2992 1650 3090 1713; x_wconf 82' lang='grc' dir='ltr'>τὰς</span> <span class='ocrx_word' id='word_1_189' title='bbox 3124 1649 3378 1721; x_wconf 80' lang='grc' dir='ltr'>ἀπαρχὰς</span> <span class='ocrx_word' id='word_1_190' title='bbox 3412 1650 3560 1720; x_wconf 83' lang='grc' dir='ltr'><strong>παρὰ</strong></span> <span class='ocrx_word' id='word_1_191' title='bbox 3598 1652 3706 1700; x_wconf 84' lang='grc' dir='ltr'><strong>τῶν</strong></span> 
     </span>
    </p>
   </div>
   <div class='ocr_carea' id='block_1_29' title="bbox 2126 1740 3705 1813">
    <p class='ocr_par' dir='ltr' id='par_1_29' title="bbox 2126 1740 3705 1813">
     <span class='ocr_line' id='line_1_29' title="bbox 2126 1740 3705 1813; baseline 0 -21"><span class='ocrx_word' id='word_1_192' title='bbox 2126 1741 2184 1793; x_wconf 87' lang='grc' dir='ltr'><strong>ἐν</strong></span> <span class='ocrx_word' id='word_1_193' title='bbox 2220 1744 2284 1811; x_wconf 84' lang='grc' dir='ltr'>τῇ</span> <span class='ocrx_word' id='word_1_194' title='bbox 2320 1741 2555 1811; x_wconf 77' lang='grc' dir='ltr'>ἐπαρχίᾳ</span> <span class='ocrx_word' id='word_1_195' title='bbox 2600 1742 2867 1795; x_wconf 83' lang='grc' dir='ltr'>Ἰουδαίων</span> <span class='ocrx_word' id='word_1_196' title='bbox 2910 1742 3285 1813; x_wconf 81' lang='grc' dir='ltr'>εἰσέπραττεν.</span> <span class='ocrx_word' id='word_1_197' title='bbox 3328 1744 3416 1795; x_wconf 86' lang='grc' dir='ltr'>Ἐν</span> <span class='ocrx_word' id='word_1_198' title='bbox 3443 1741 3616 1810; x_wconf 88' lang='grc' dir='ltr'>τούτῳ</span> <span class='ocrx_word' id='word_1_199' title='bbox 3648 1740 3705 1792; x_wconf 84' lang='grc' dir='ltr'>δὲ</span> 
     </span>
    </p>
   </div>
   <div class='ocr_carea' id='block_1_30' title="bbox 452 1833 2026 1906">
    <p class='ocr_par' dir='ltr' id='par_1_30' title="bbox 452 1840 2024 1894">
     <span class='ocr_line' id='line_1_30' title="bbox 452 1840 2024 1894; baseline -0.001 -1"><span class='ocrx_word' id='word_1_200' title='bbox 452 1840 698 1893; x_wconf 64' lang='lat' dir='ltr'><strong>ecclesia:</strong></span> <span class='ocrx_word' id='word_1_201' title='bbox 731 1840 894 1893; x_wconf 92' lang='lat' dir='ltr'><strong>domo</strong></span> <span class='ocrx_word' id='word_1_202' title='bbox 921 1840 1308 1894; x_wconf 84' lang='lat' dir='ltr'><strong>diversaretur.</strong></span> <span class='ocrx_word' id='word_1_203' title='bbox 1349 1840 1557 1894; x_wconf 84' lang='lat' dir='ltr'><strong>Exinde</strong></span> <span class='ocrx_word' id='word_1_204' title='bbox 1586 1850 1868 1894; x_wconf 88' lang='lat' dir='ltr'><strong>contracta</strong></span> <span class='ocrx_word' id='word_1_205' title='bbox 1900 1854 2024 1893; x_wconf 88' lang='lat' dir='ltr'><strong>cum</strong></span> 
     </span>
    </p>
   </div>
   <div class='ocr_carea' id='block_1_31' title="bbox 2129 1833 3704 1906">
    <p class='ocr_par' dir='ltr' id='par_1_31' title="bbox 2129 1833 3704 1906">
     <span class='ocr_line' id='line_1_31' title="bbox 2129 1833 3704 1906; baseline 0 -21"><span class='ocrx_word' id='word_1_206' title='bbox 2129 1833 2204 1903; x_wconf 81' lang='grc' dir='ltr'><strong>τῷ</strong></span> <span class='ocrx_word' id='word_1_207' title='bbox 2236 1835 2414 1904; x_wconf 83' lang='grc' dir='ltr'>καιρῷ</span> <span class='ocrx_word' id='word_1_208' title='bbox 2461 1834 2756 1901; x_wconf 78' lang='grc' dir='ltr'>κατάγεται</span> <span class='ocrx_word' id='word_1_209' title='bbox 2812 1835 3194 1906; x_wconf 79' lang='grc' dir='ltr'>πλησιαίτερον</span> <span class='ocrx_word' id='word_1_210' title='bbox 3231 1834 3331 1904; x_wconf 87' lang='grc' dir='ltr'><strong>τῆς</strong></span> <span class='ocrx_word' id='word_1_211' title='bbox 3374 1834 3704 1903; x_wconf 82' lang='grc' dir='ltr'>ἐκκλησίας,</span> 
     </span>
    </p>
   </div>
   <div class='ocr_carea' id='block_1_32' title="bbox 452 1930 2020 2001">
    <p class='ocr_par' dir='ltr' id='par_1_32' title="bbox 452 1930 2020 2001">
     <span class='ocr_line' id='line_1_32' title="bbox 452 1930 2020 2001; baseline 0.003 -20"><span class='ocrx_word' id='word_1_212' title='bbox 452 1930 710 2000; x_wconf 85' lang='lat' dir='ltr'><strong>episcopo</strong></span> <span class='ocrx_word' id='word_1_213' title='bbox 741 1931 1111 1984; x_wconf 80' lang='lat' dir='ltr'><strong>familiaritate</strong></span> <span class='ocrx_word' id='word_1_214' title='bbox 1135 1931 1274 1985; x_wconf 90' lang='lat' dir='ltr'><strong>clam</strong></span> <span class='ocrx_word' id='word_1_215' title='bbox 1307 1932 1376 1985; x_wconf 91' lang='lat' dir='ltr'><strong>ab</strong></span> <span class='ocrx_word' id='word_1_216' title='bbox 1412 1947 1477 1985; x_wconf 90' lang='lat' dir='ltr'><strong>eo</strong></span> <span class='ocrx_word' id='word_1_217' title='bbox 1510 1931 1924 2001; x_wconf 83' lang='lat' dir='ltr'><strong>Evangeliorum</strong></span> <span class='ocrx_word' id='word_1_218' title='bbox 1954 1931 2020 1985; x_wconf 89' lang='lat' dir='ltr'><strong>li-</strong></span> 
     </span>
    </p>
   </div>
   <div class='ocr_carea' id='block_1_33' title="bbox 453 2018 2021 2091">
    <p class='ocr_par' dir='ltr' id='par_1_33' title="bbox 453 2018 2021 2091">
     <span class='ocr_line' id='line_1_33' title="bbox 453 2018 2021 2091; baseline 0.002 -20"><span class='ocrx_word' id='word_1_219' title='bbox 453 2018 610 2072; x_wconf 89' lang='lat' dir='ltr'><strong>brum</strong></span> <span class='ocrx_word' id='word_1_220' title='bbox 646 2022 901 2090; x_wconf 88' lang='lat' dir='ltr'><strong>postulat,</strong></span> <span class='ocrx_word' id='word_1_221' title='bbox 946 2034 1011 2074; x_wconf 90' lang='lat' dir='ltr'><strong>ac</strong></span> <span class='ocrx_word' id='word_1_222' title='bbox 1054 2020 1202 2090; x_wconf 90' lang='lat' dir='ltr'><strong>legit.</strong></span> <span class='ocrx_word' id='word_1_223' title='bbox 1237 2020 1301 2073; x_wconf 84' lang='lat' dir='ltr'><strong>Et</strong></span> <span class='ocrx_word' id='word_1_224' title='bbox 1334 2023 1591 2090; x_wconf 86' lang='lat' dir='ltr'><strong>quoniam</strong></span> <span class='ocrx_word' id='word_1_225' title='bbox 1627 2037 1727 2091; x_wconf 85' lang='lat' dir='ltr'><strong>pro</strong></span> <span class='ocrx_word' id='word_1_226' title='bbox 1758 2038 1822 2075; x_wconf 89' lang='lat' dir='ltr'><strong>ea</strong></span> <span class='ocrx_word' id='word_1_227' title='bbox 1856 2036 2021 2091; x_wconf 92' lang='lat' dir='ltr'><strong>quam</strong></span> 
     </span>
    </p>
   </div>
   <div class='ocr_carea' id='block_1_34' title="bbox 453 2111 2022 2182">
    <p class='ocr_par' dir='ltr' id='par_1_34' title="bbox 453 2111 2022 2182">
     <span class='ocr_line' id='line_1_34' title="bbox 453 2111 2022 2182; baseline 0.001 -19"><span class='ocrx_word' id='word_1_228' title='bbox 453 2111 672 2179; x_wconf 84' lang='lat' dir='ltr'><strong>gerebat</strong></span> <span class='ocrx_word' id='word_1_229' title='bbox 701 2112 931 2180; x_wconf 89' lang='lat' dir='ltr'><strong>apostoli</strong></span> <span class='ocrx_word' id='word_1_230' title='bbox 967 2112 1248 2167; x_wconf 88' lang='lat' dir='ltr'><strong>functione</strong></span> <span class='ocrx_word' id='word_1_231' title='bbox 1277 2114 1373 2182; x_wconf 90' lang='lat' dir='ltr'><strong>(ita</strong></span> <span class='ocrx_word' id='word_1_232' title='bbox 1396 2113 1563 2177; x_wconf 89' lang='lat' dir='ltr'><strong>enim,</strong></span> <span class='ocrx_word' id='word_1_233' title='bbox 1588 2120 1645 2165; x_wconf 92' lang='lat' dir='ltr'><strong>ut</strong></span> <span class='ocrx_word' id='word_1_234' title='bbox 1681 2112 1940 2175; x_wconf 83' lang='lat' dir='ltr'><strong>diximus,</strong></span> <span class='ocrx_word' id='word_1_235' title='bbox 1959 2127 2022 2165; x_wconf 91' lang='lat' dir='ltr'><strong>ea</strong></span> 
     </span>
    </p>
   </div>
   <div class='ocr_carea' id='block_1_35' title="bbox 450 2202 2025 2275">
    <p class='ocr_par' dir='ltr' id='par_1_35' title="bbox 450 2202 2025 2275">
     <span class='ocr_line' id='line_1_35' title="bbox 450 2202 2025 2275; baseline 0.002 -19"><span class='ocrx_word' id='word_1_236' title='bbox 450 2202 688 2274; x_wconf 83' lang='lat' dir='ltr'><strong>dignitas</strong></span> <span class='ocrx_word' id='word_1_237' title='bbox 710 2205 956 2274; x_wconf 89' lang='lat' dir='ltr'><strong>vocatur)</strong></span> <span class='ocrx_word' id='word_1_238' title='bbox 983 2221 1250 2259; x_wconf 91' lang='lat' dir='ltr'><strong>summam</strong></span> <span class='ocrx_word' id='word_1_239' title='bbox 1278 2222 1386 2275; x_wconf 71' lang='lat' dir='ltr'><strong>prae</strong></span> <span class='ocrx_word' id='word_1_240' title='bbox 1411 2221 1469 2260; x_wconf 92' lang='lat' dir='ltr'><strong>se</strong></span> <span class='ocrx_word' id='word_1_241' title='bbox 1494 2206 1836 2275; x_wconf 88' lang='lat' dir='ltr'><strong>gravitatem,</strong></span> <span class='ocrx_word' id='word_1_242' title='bbox 1862 2212 2025 2273; x_wconf 88' lang='lat' dir='ltr'><strong>atque</strong></span> 
     </span>
    </p>
   </div>
   <div class='ocr_carea' id='block_1_36' title="bbox 458 2292 2023 2365">
    <p class='ocr_par' dir='ltr' id='par_1_36' title="bbox 458 2292 2023 2365">
     <span class='ocr_line' id='line_1_36' title="bbox 458 2292 2023 2365; baseline 0.003 -20"><span class='ocrx_word' id='word_1_243' title='bbox 458 2292 513 2345; x_wconf 94' lang='lat' dir='ltr'><strong>in</strong></span> <span class='ocrx_word' id='word_1_244' title='bbox 553 2294 938 2349; x_wconf 85' lang='lat' dir='ltr'><strong>constituenda</strong></span> <span class='ocrx_word' id='word_1_245' title='bbox 966 2294 1258 2365; x_wconf 87' lang='lat' dir='ltr'><strong>disciplina</strong></span> <span class='ocrx_word' id='word_1_246' title='bbox 1294 2297 1638 2351; x_wconf 77' lang='lat' dir='ltr'><strong>severitatem</strong></span> <span class='ocrx_word' id='word_1_247' title='bbox 1674 2295 1902 2357; x_wconf 88' lang='lat' dir='ltr'><strong>ferebat,</strong></span> <span class='ocrx_word' id='word_1_248' title='bbox 1934 2296 2023 2349; x_wconf 92' lang='lat' dir='ltr'><strong>cui</strong></span> 
     </span>
    </p>
   </div>
   <div class='ocr_carea' id='block_1_37' title="bbox 458 2384 2023 2457">
    <p class='ocr_par' dir='ltr' id='par_1_37' title="bbox 458 2384 2023 2457">
     <span class='ocr_line' id='line_1_37' title="bbox 458 2384 2023 2457; baseline 0.002 -19"><span class='ocrx_word' id='word_1_249' title='bbox 458 2385 532 2438; x_wconf 90' lang='lat' dir='ltr'><strong>rei</strong></span> <span class='ocrx_word' id='word_1_250' title='bbox 560 2385 877 2453; x_wconf 69' lang='lat' dir='ltr'><strong>praestanda:</strong></span> <span class='ocrx_word' id='word_1_251' title='bbox 906 2384 1081 2441; x_wconf 79' lang='lat' dir='ltr'><strong>fuerat</strong></span> <span class='ocrx_word' id='word_1_252' title='bbox 1106 2388 1334 2449; x_wconf 88' lang='lat' dir='ltr'><strong>electus,</strong></span> <span class='ocrx_word' id='word_1_253' title='bbox 1363 2402 1425 2440; x_wconf 91' lang='lat' dir='ltr'><strong>ac</strong></span> <span class='ocrx_word' id='word_1_254' title='bbox 1460 2388 1750 2457; x_wconf 89' lang='lat' dir='ltr'><strong>plerosque</strong></span> <span class='ocrx_word' id='word_1_255' title='bbox 1788 2402 2023 2457; x_wconf 84' lang='lat' dir='ltr'><strong>synago-</strong></span> 
     </span>
    </p>
   </div>
   <div class='ocr_carea' id='block_1_38' title="bbox 461 2474 2027 2547">
    <p class='ocr_par' dir='ltr' id='par_1_38' title="bbox 461 2474 2027 2547">
     <span class='ocr_line' id='line_1_38' title="bbox 461 2474 2027 2547; baseline 0.003 -21"><span class='ocrx_word' id='word_1_256' title='bbox 461 2475 545 2544; x_wconf 65' lang='grc' dir='ltr'><strong>εἰς</strong></span> <span class='ocrx_word' id='word_1_257' title='bbox 598 2474 903 2543; x_wconf 75' lang='lat' dir='ltr'><strong>przefectos,</strong></span> <span class='ocrx_word' id='word_1_258' title='bbox 958 2484 1013 2529; x_wconf 91' lang='lat' dir='ltr'><strong>et</strong></span> <span class='ocrx_word' id='word_1_259' title='bbox 1084 2478 1419 2541; x_wconf 86' lang='lat' dir='ltr'><strong>sacerdotes,</strong></span> <span class='ocrx_word' id='word_1_260' title='bbox 1461 2492 1526 2530; x_wconf 93' lang='lat' dir='ltr'><strong>ac</strong></span> <span class='ocrx_word' id='word_1_261' title='bbox 1573 2479 1926 2547; x_wconf 82' lang='lat' dir='ltr'><strong>presbyteros</strong></span> <span class='ocrx_word' id='word_1_262' title='bbox 1971 2485 2027 2531; x_wconf 89' lang='lat' dir='ltr'><strong>et</strong></span> 
     </span>
    </p>
   </div>
   <div class='ocr_carea' id='block_1_39' title="bbox 455 2566 2023 2637">
    <p class='ocr_par' dir='ltr' id='par_1_39' title="bbox 455 2566 2023 2637">
     <span class='ocr_line' id='line_1_39' title="bbox 455 2566 2023 2637; baseline 0.002 -20"><span class='ocrx_word' id='word_1_263' title='bbox 455 2566 734 2627; x_wconf 80' lang='lat' dir='ltr'><strong>Azattitas,</strong></span> <span class='ocrx_word' id='word_1_264' title='bbox 769 2584 878 2637; x_wconf 90' lang='lat' dir='ltr'><strong>quo</strong></span> <span class='ocrx_word' id='word_1_265' title='bbox 914 2568 1134 2624; x_wconf 92' lang='lat' dir='ltr'><strong>nomine</strong></span> <span class='ocrx_word' id='word_1_266' title='bbox 1181 2568 1446 2623; x_wconf 89' lang='lat' dir='ltr'><strong>diaconos</strong></span> <span class='ocrx_word' id='word_1_267' title='bbox 1481 2577 1575 2622; x_wconf 93' lang='lat' dir='ltr'><strong>aut</strong></span> <span class='ocrx_word' id='word_1_268' title='bbox 1609 2569 1890 2624; x_wconf 90' lang='lat' dir='ltr'><strong>ministros</strong></span> <span class='ocrx_word' id='word_1_269' title='bbox 1930 2583 2023 2637; x_wconf 92' lang='lat' dir='ltr'><strong>ap-</strong></span> 
     </span>
    </p>
   </div>
   <div class='ocr_carea' id='block_1_40' title="bbox 458 2658 2026 2729">
    <p class='ocr_par' dir='ltr' id='par_1_40' title="bbox 458 2658 2026 2729">
     <span class='ocr_line' id='line_1_40' title="bbox 458 2658 2026 2729; baseline 0.004 -23"><span class='ocrx_word' id='word_1_270' title='bbox 458 2658 680 2724; x_wconf 68' lang='lat' dir='ltr'><strong>pellant,</strong></span> <span class='ocrx_word' id='word_1_271' title='bbox 714 2658 963 2714; x_wconf 87' lang='lat' dir='ltr'><strong>homines</strong></span> <span class='ocrx_word' id='word_1_272' title='bbox 991 2660 1272 2729; x_wconf 89' lang='lat' dir='ltr'><strong>improbos</strong></span> <span class='ocrx_word' id='word_1_273' title='bbox 1302 2661 1355 2713; x_wconf 92' lang='lat' dir='ltr'><strong>in</strong></span> <span class='ocrx_word' id='word_1_274' title='bbox 1383 2660 1628 2714; x_wconf 90' lang='lat' dir='ltr'><strong>ordinem</strong></span> <span class='ocrx_word' id='word_1_275' title='bbox 1658 2660 1938 2727; x_wconf 83' lang='lat' dir='ltr'><strong>redegerat</strong></span> <span class='ocrx_word' id='word_1_276' title='bbox 1962 2674 2026 2713; x_wconf 91' lang='lat' dir='ltr'><strong>ac</strong></span> 
     </span>
    </p>
   </div>
   <div class='ocr_carea' id='block_1_41' title="bbox 455 2749 2020 2818">
    <p class='ocr_par' dir='ltr' id='par_1_41' title="bbox 455 2749 2020 2818">
     <span class='ocr_line' id='line_1_41' title="bbox 455 2749 2020 2818; baseline 0.001 -17"><span class='ocrx_word' id='word_1_277' title='bbox 455 2749 719 2818; x_wconf 87' lang='lat' dir='ltr'><strong>dignitate</strong></span> <span class='ocrx_word' id='word_1_278' title='bbox 745 2750 1006 2818; x_wconf 89' lang='lat' dir='ltr'><strong>privarat,</strong></span> <span class='ocrx_word' id='word_1_279' title='bbox 1046 2751 1341 2804; x_wconf 89' lang='lat' dir='ltr'><strong>multorum</strong></span> <span class='ocrx_word' id='word_1_280' title='bbox 1373 2750 1427 2804; x_wconf 90' lang='lat' dir='ltr'><strong>in</strong></span> <span class='ocrx_word' id='word_1_281' title='bbox 1463 2765 1521 2804; x_wconf 86' lang='lat' dir='ltr'><strong>se</strong></span> <span class='ocrx_word' id='word_1_282' title='bbox 1555 2750 1823 2803; x_wconf 86' lang='lat' dir='ltr'><strong>convertit</strong></span> <span class='ocrx_word' id='word_1_283' title='bbox 1863 2750 2020 2802; x_wconf 88' lang='lat' dir='ltr'><strong>odia:</strong></span> 
     </span>
    </p>
   </div>
   <div class='ocr_carea' id='block_1_42' title="bbox 456 2841 2025 2909">
    <p class='ocr_par' dir='ltr' id='par_1_42' title="bbox 456 2841 2025 2909">
     <span class='ocr_line' id='line_1_42' title="bbox 456 2841 2025 2909; baseline 0.001 -18"><span class='ocrx_word' id='word_1_284' title='bbox 456 2841 547 2906; x_wconf 88' lang='lat' dir='ltr'><strong>qui</strong></span> <span class='ocrx_word' id='word_1_285' title='bbox 598 2848 655 2892; x_wconf 88' lang='lat' dir='ltr'><strong>ut</strong></span> <span class='ocrx_word' id='word_1_286' title='bbox 687 2856 810 2894; x_wconf 90' lang='lat' dir='ltr'><strong>eum</strong></span> <span class='ocrx_word' id='word_1_287' title='bbox 858 2842 1278 2904; x_wconf 89' lang='lat' dir='ltr'><strong>ulciscerentur,</strong></span> <span class='ocrx_word' id='word_1_288' title='bbox 1337 2841 1612 2895; x_wconf 91' lang='lat' dir='ltr'><strong>curiosius</strong></span> <span class='ocrx_word' id='word_1_289' title='bbox 1647 2842 1933 2909; x_wconf 82' lang='lat' dir='ltr'><strong>explorare</strong></span> <span class='ocrx_word' id='word_1_290' title='bbox 1970 2848 2025 2895; x_wconf 87' lang='lat' dir='ltr'><strong>et</strong></span> 
     </span>
    </p>
   </div>
   <div class='ocr_carea' id='block_1_43' title="bbox 454 2930 2025 3001">
    <p class='ocr_par' dir='ltr' id='par_1_43' title="bbox 454 2930 2025 3001">
     <span class='ocr_line' id='line_1_43' title="bbox 454 2930 2025 3001; baseline 0 -18"><span class='ocrx_word' id='word_1_291' title='bbox 454 2945 575 2999; x_wconf 71' lang='lat' dir='ltr'><strong>qua:</strong></span> <span class='ocrx_word' id='word_1_292' title='bbox 606 2930 674 2983; x_wconf 91' lang='lat' dir='ltr'><strong>ab</strong></span> <span class='ocrx_word' id='word_1_293' title='bbox 704 2931 795 2983; x_wconf 89' lang='lat' dir='ltr'><strong>illo</strong></span> <span class='ocrx_word' id='word_1_294' title='bbox 820 2938 1138 3001; x_wconf 87' lang='lat' dir='ltr'><strong>gererentur</strong></span> <span class='ocrx_word' id='word_1_295' title='bbox 1170 2931 1446 3001; x_wconf 84' lang='lat' dir='ltr'><strong>inquirere</strong></span> <span class='ocrx_word' id='word_1_296' title='bbox 1472 2947 1819 3001; x_wconf 83' lang='lat' dir='ltr'><strong>summopere</strong></span> <span class='ocrx_word' id='word_1_297' title='bbox 1839 2932 2025 2999; x_wconf 83' lang='lat' dir='ltr'><strong>cupie-</strong></span> 
     </span>
    </p>
   </div>
   <div class='ocr_carea' id='block_1_44' title="bbox 455 3019 2022 3092">
    <p class='ocr_par' dir='ltr' id='par_1_44' title="bbox 455 3019 2022 3092">
     <span class='ocr_line' id='line_1_44' title="bbox 455 3019 2022 3092; baseline 0.002 -18"><span class='ocrx_word' id='word_1_298' title='bbox 455 3021 605 3074; x_wconf 86' lang='lat' dir='ltr'><strong>bant.</strong></span> <span class='ocrx_word' id='word_1_299' title='bbox 661 3019 743 3075; x_wconf 87' lang='lat' dir='ltr'><strong>Ob</strong></span> <span class='ocrx_word' id='word_1_300' title='bbox 794 3037 887 3076; x_wconf 87' lang='lat' dir='ltr'><strong>eas</strong></span> <span class='ocrx_word' id='word_1_301' title='bbox 941 3023 1104 3092; x_wconf 83' lang='lat' dir='ltr'><strong>igitur</strong></span> <span class='ocrx_word' id='word_1_302' title='bbox 1169 3037 1366 3077; x_wconf 86' lang='lat' dir='ltr'><strong>causas</strong></span> <span class='ocrx_word' id='word_1_303' title='bbox 1430 3024 1746 3077; x_wconf 89' lang='lat' dir='ltr'><strong>acutissime</strong></span> <span class='ocrx_word' id='word_1_304' title='bbox 1803 3023 2022 3078; x_wconf 87' lang='lat' dir='ltr'><strong>tandem</strong></span> 
     </span>
    </p>
   </div>
   <div class='ocr_carea' id='block_1_45' title="bbox 454 3110 2021 3182">
    <p class='ocr_par' dir='ltr' id='par_1_45' title="bbox 454 3110 2021 3182">
     <span class='ocr_line' id='line_1_45' title="bbox 454 3110 2021 3182; baseline 0.001 -18"><span class='ocrx_word' id='word_1_305' title='bbox 454 3110 664 3164; x_wconf 82' lang='lat' dir='ltr'><strong>odorati</strong></span> <span class='ocrx_word' id='word_1_306' title='bbox 704 3125 772 3165; x_wconf 85' lang='lat' dir='ltr'><strong>ex</strong></span> <span class='ocrx_word' id='word_1_307' title='bbox 802 3112 1099 3181; x_wconf 87' lang='lat' dir='ltr'><strong>improviso</strong></span> <span class='ocrx_word' id='word_1_308' title='bbox 1130 3111 1388 3182; x_wconf 89' lang='lat' dir='ltr'><strong>impetum</strong></span> <span class='ocrx_word' id='word_1_309' title='bbox 1421 3114 1475 3166; x_wconf 92' lang='lat' dir='ltr'><strong>in</strong></span> <span class='ocrx_word' id='word_1_310' title='bbox 1507 3113 1650 3167; x_wconf 74' lang='lat' dir='ltr'><strong>aedes</strong></span> <span class='ocrx_word' id='word_1_311' title='bbox 1675 3111 1901 3175; x_wconf 89' lang='lat' dir='ltr'><strong>faciunt,</strong></span> <span class='ocrx_word' id='word_1_312' title='bbox 1937 3121 2021 3165; x_wconf 86' lang='lat' dir='ltr'><strong>at-</strong></span> 
     </span>
    </p>
   </div>
   <div class='ocr_carea' id='block_1_46' title="bbox 454 3204 2027 3277">
    <p class='ocr_par' dir='ltr' id='par_1_46' title="bbox 454 3204 2027 3277">
     <span class='ocr_line' id='line_1_46' title="bbox 454 3204 2027 3277; baseline 0.003 -22"><span class='ocrx_word' id='word_1_313' title='bbox 454 3220 559 3273; x_wconf 86' lang='lat' dir='ltr'><strong>que</strong></span> <span class='ocrx_word' id='word_1_314' title='bbox 583 3205 636 3257; x_wconf 88' lang='lat' dir='ltr'><strong>in</strong></span> <span class='ocrx_word' id='word_1_315' title='bbox 670 3204 783 3273; x_wconf 89' lang='lat' dir='ltr'><strong>ipsa</strong></span> <span class='ocrx_word' id='word_1_316' title='bbox 824 3205 1235 3275; x_wconf 79' lang='lat' dir='ltr'><strong>Evangeliorum</strong></span> <span class='ocrx_word' id='word_1_317' title='bbox 1262 3206 1495 3260; x_wconf 89' lang='lat' dir='ltr'><strong>lectione</strong></span> <span class='ocrx_word' id='word_1_318' title='bbox 1519 3204 1815 3275; x_wconf 87' lang='lat' dir='ltr'><strong>Josephum</strong></span> <span class='ocrx_word' id='word_1_319' title='bbox 1843 3207 2027 3277; x_wconf 87' lang='lat' dir='ltr'><strong>oppri-</strong></span> 
     </span>
    </p>
   </div>
   <div class='ocr_carea' id='block_1_47' title="bbox 454 3293 2023 3365">
    <p class='ocr_par' dir='ltr' id='par_1_47' title="bbox 454 3293 2023 3365">
     <span class='ocr_line' id='line_1_47' title="bbox 454 3293 2023 3365; baseline 0.002 -18"><span class='ocrx_word' id='word_1_320' title='bbox 454 3304 628 3349; x_wconf 86' lang='lat' dir='ltr'><strong>munt.</strong></span> <span class='ocrx_word' id='word_1_321' title='bbox 665 3293 764 3348; x_wconf 84' lang='lat' dir='ltr'><strong>Hic</strong></span> <span class='ocrx_word' id='word_1_322' title='bbox 799 3295 937 3349; x_wconf 90' lang='lat' dir='ltr'><strong>libro</strong></span> <span class='ocrx_word' id='word_1_323' title='bbox 968 3294 1035 3349; x_wconf 91' lang='lat' dir='ltr'><strong>de</strong></span> <span class='ocrx_word' id='word_1_324' title='bbox 1060 3296 1311 3350; x_wconf 91' lang='lat' dir='ltr'><strong>manibus</strong></span> <span class='ocrx_word' id='word_1_325' title='bbox 1334 3305 1523 3365; x_wconf 89' lang='lat' dir='ltr'><strong>erepto</strong></span> <span class='ocrx_word' id='word_1_326' title='bbox 1550 3295 1822 3350; x_wconf 90' lang='lat' dir='ltr'><strong>hominem</strong></span> <span class='ocrx_word' id='word_1_327' title='bbox 1849 3297 2023 3350; x_wconf 82' lang='lat' dir='ltr'><strong>corri-</strong></span> 
     </span>
    </p>
   </div>
   <div class='ocr_carea' id='block_1_48' title="bbox 456 3386 2026 3456">
    <p class='ocr_par' dir='ltr' id='par_1_48' title="bbox 456 3386 2026 3456">
     <span class='ocr_line' id='line_1_48' title="bbox 456 3386 2026 3456; baseline 0.003 -17"><span class='ocrx_word' id='word_1_328' title='bbox 456 3387 630 3456; x_wconf 90' lang='lat' dir='ltr'><strong>piunt,</strong></span> <span class='ocrx_word' id='word_1_329' title='bbox 661 3394 715 3440; x_wconf 81' lang='lat' dir='ltr'><strong>e’t</strong></span> <span class='ocrx_word' id='word_1_330' title='bbox 750 3386 817 3440; x_wconf 92' lang='lat' dir='ltr'><strong>ad</strong></span> <span class='ocrx_word' id='word_1_331' title='bbox 848 3394 1047 3441; x_wconf 91' lang='lat' dir='ltr'><strong>terram</strong></span> <span class='ocrx_word' id='word_1_332' title='bbox 1082 3388 1297 3442; x_wconf 92' lang='lat' dir='ltr'><strong>allisum</strong></span> <span class='ocrx_word' id='word_1_333' title='bbox 1329 3387 1715 3453; x_wconf 82' lang='lat' dir='ltr'><strong>vociferantes,</strong></span> <span class='ocrx_word' id='word_1_334' title='bbox 1746 3389 2026 3443; x_wconf 84' lang='lat' dir='ltr'><strong>maximis-</strong></span> 
     </span>
    </p>
   </div>
   <div class='ocr_carea' id='block_1_49' title="bbox 454 3478 2023 3550">
    <p class='ocr_par' dir='ltr' id='par_1_49' title="bbox 454 3478 2023 3550">
     <span class='ocr_line' id='line_1_49' title="bbox 454 3478 2023 3550; baseline 0.003 -20"><span class='ocrx_word' id='word_1_335' title='bbox 454 3493 561 3547; x_wconf 87' lang='lat' dir='ltr'><strong>que</strong></span> <span class='ocrx_word' id='word_1_336' title='bbox 604 3478 957 3532; x_wconf 87' lang='lat' dir='ltr'><strong>contumeliis</strong></span> <span class='ocrx_word' id='word_1_337' title='bbox 997 3486 1257 3533; x_wconf 86' lang='lat' dir='ltr'><strong>vexantes</strong></span> <span class='ocrx_word' id='word_1_338' title='bbox 1292 3480 1345 3533; x_wconf 90' lang='lat' dir='ltr'><strong>in</strong></span> <span class='ocrx_word' id='word_1_339' title='bbox 1374 3493 1703 3550; x_wconf 80' lang='lat' dir='ltr'><strong>synagogam</strong></span> <span class='ocrx_word' id='word_1_340' title='bbox 1724 3480 2023 3548; x_wconf 86' lang='lat' dir='ltr'><strong>abducunt,</strong></span> 
     </span>
    </p>
   </div>
   <div class='ocr_carea' id='block_1_50' title="bbox 455 3567 2025 3644">
    <p class='ocr_par' dir='ltr' id='par_1_50' title="bbox 455 3567 2025 3644">
     <span class='ocr_line' id='line_1_50' title="bbox 455 3567 2025 3644; baseline 0.009 -29"><span class='ocrx_word' id='word_1_341' title='bbox 455 3567 734 3637; x_wconf 85' lang='lat' dir='ltr'><strong>virgisque</strong></span> <span class='ocrx_word' id='word_1_342' title='bbox 779 3567 1014 3623; x_wconf 70' lang='lat' dir='ltr'><strong>caedunt.</strong></span> <span class='ocrx_word' id='word_1_343' title='bbox 1057 3567 1303 3623; x_wconf 91' lang='lat' dir='ltr'><strong>Primum</strong></span> <span class='ocrx_word' id='word_1_344' title='bbox 1357 3569 1461 3624; x_wconf 91' lang='lat' dir='ltr'><strong>hoc</strong></span> <span class='ocrx_word' id='word_1_345' title='bbox 1492 3571 1558 3625; x_wconf 89' lang='lat' dir='ltr'><strong>ab</strong></span> <span class='ocrx_word' id='word_1_346' title='bbox 1594 3572 1689 3627; x_wconf 90' lang='lat' dir='ltr'><strong>illo</strong></span> <span class='ocrx_word' id='word_1_347' title='bbox 1729 3572 2025 3644; x_wconf 88' lang='lat' dir='ltr'><strong>legitimum</strong></span> 
     </span>
    </p>
   </div>
   <div class='ocr_carea' id='block_1_51' title="bbox 454 3657 2029 3728">
    <p class='ocr_par' dir='ltr' id='par_1_51' title="bbox 454 3657 2029 3728">
     <span class='ocr_line' id='line_1_51' title="bbox 454 3657 2029 3728; baseline 0.006 -19"><span class='ocrx_word' id='word_1_348' title='bbox 454 3667 729 3710; x_wconf 89' lang='lat' dir='ltr'><strong>certamen</strong></span> <span class='ocrx_word' id='word_1_349' title='bbox 754 3672 850 3726; x_wconf 92' lang='lat' dir='ltr'><strong>pro</strong></span> <span class='ocrx_word' id='word_1_350' title='bbox 869 3657 973 3712; x_wconf 82' lang='lat' dir='ltr'><strong>fide</strong></span> <span class='ocrx_word' id='word_1_351' title='bbox 999 3668 1335 3728; x_wconf 89' lang='lat' dir='ltr'><strong>susceptum.</strong></span> <span class='ocrx_word' id='word_1_352' title='bbox 1362 3658 1444 3713; x_wconf 83' lang='lat' dir='ltr'><strong>Ad</strong></span> <span class='ocrx_word' id='word_1_353' title='bbox 1462 3659 1578 3715; x_wconf 64' lang='lat' dir='ltr'><strong>bmc</strong></span> <span class='ocrx_word' id='word_1_354' title='bbox 1599 3663 1839 3716; x_wconf 90' lang='lat' dir='ltr'><strong>accurrit</strong></span> <span class='ocrx_word' id='word_1_355' title='bbox 1875 3665 2029 3719; x_wconf 91' lang='lat' dir='ltr'><strong>urbis</strong></span> 
     </span>
    </p>
   </div>
   <div class='ocr_carea' id='block_1_52' title="bbox 454 3746 2028 3818">
    <p class='ocr_par' dir='ltr' id='par_1_52' title="bbox 454 3746 2028 3818">
     <span class='ocr_line' id='line_1_52' title="bbox 454 3746 2028 3818; baseline 0.004 -20"><span class='ocrx_word' id='word_1_356' title='bbox 454 3746 769 3815; x_wconf 86' lang='lat' dir='ltr'><strong>episcopus,</strong></span> <span class='ocrx_word' id='word_1_357' title='bbox 795 3762 1026 3815; x_wconf 87' lang='lat' dir='ltr'><strong>eumque</strong></span> <span class='ocrx_word' id='word_1_358' title='bbox 1054 3762 1122 3800; x_wconf 84' lang='lat' dir='ltr'><strong>ex</strong></span> <span class='ocrx_word' id='word_1_359' title='bbox 1150 3747 1364 3801; x_wconf 90' lang='lat' dir='ltr'><strong>illorum</strong></span> <span class='ocrx_word' id='word_1_360' title='bbox 1392 3747 1647 3803; x_wconf 90' lang='lat' dir='ltr'><strong>manibus</strong></span> <span class='ocrx_word' id='word_1_361' title='bbox 1675 3750 1856 3818; x_wconf 88' lang='lat' dir='ltr'><strong>eripit.</strong></span> <span class='ocrx_word' id='word_1_362' title='bbox 1880 3749 2028 3805; x_wconf 86' lang='lat' dir='ltr'><strong>Alias</strong></span> 
     </span>
    </p>
   </div>
   <div class='ocr_carea' id='block_1_53' title="bbox 456 3836 2030 3911">
    <p class='ocr_par' dir='ltr' id='par_1_53' title="bbox 456 3836 2030 3911">
     <span class='ocr_line' id='line_1_53' title="bbox 456 3836 2030 3911; baseline 0.004 -21"><span class='ocrx_word' id='word_1_363' title='bbox 456 3836 655 3891; x_wconf 88' lang='lat' dir='ltr'><strong>deinde</strong></span> <span class='ocrx_word' id='word_1_364' title='bbox 684 3853 807 3891; x_wconf 83' lang='lat' dir='ltr'><strong>cum</strong></span> <span class='ocrx_word' id='word_1_365' title='bbox 840 3836 944 3891; x_wconf 88' lang='lat' dir='ltr'><strong>iter</strong></span> <span class='ocrx_word' id='word_1_366' title='bbox 970 3845 1216 3908; x_wconf 90' lang='lat' dir='ltr'><strong>agentem</strong></span> <span class='ocrx_word' id='word_1_367' title='bbox 1238 3837 1612 3903; x_wconf 78' lang='lat' dir='ltr'><strong>offendissent,</strong></span> <span class='ocrx_word' id='word_1_368' title='bbox 1641 3841 1719 3895; x_wconf 87' lang='lat' dir='ltr'><strong>sic</strong></span> <span class='ocrx_word' id='word_1_369' title='bbox 1741 3842 1883 3894; x_wconf 87' lang='lat' dir='ltr'><strong>enim</strong></span> <span class='ocrx_word' id='word_1_370' title='bbox 1914 3842 2030 3911; x_wconf 88' lang='lat' dir='ltr'><strong>ipse</strong></span> 
     </span>
    </p>
   </div>
   <div class='ocr_carea' id='block_1_54' title="bbox 457 3928 2029 4002">
    <p class='ocr_par' dir='ltr' id='par_1_54' title="bbox 457 3928 2029 4002">
     <span class='ocr_line' id='line_1_54' title="bbox 457 3928 2029 4002; baseline 0.004 -21"><span class='ocrx_word' id='word_1_371' title='bbox 457 3929 738 3993; x_wconf 88' lang='lat' dir='ltr'><strong>narrabat,</strong></span> <span class='ocrx_word' id='word_1_372' title='bbox 768 3928 823 3982; x_wconf 91' lang='lat' dir='ltr'><strong>in</strong></span> <span class='ocrx_word' id='word_1_373' title='bbox 849 3928 1099 3999; x_wconf 86' lang='lat' dir='ltr'><strong>Cydnum</strong></span> <span class='ocrx_word' id='word_1_374' title='bbox 1127 3929 1430 3998; x_wconf 88' lang='lat' dir='ltr'><strong>abjiciunt;</strong></span> <span class='ocrx_word' id='word_1_375' title='bbox 1462 3938 1625 4001; x_wconf 91' lang='lat' dir='ltr'><strong>atque</strong></span> <span class='ocrx_word' id='word_1_376' title='bbox 1649 3931 1800 3985; x_wconf 88' lang='lat' dir='ltr'><strong>illum</strong></span> <span class='ocrx_word' id='word_1_377' title='bbox 1825 3933 2029 4002; x_wconf 89' lang='lat' dir='ltr'><strong>impetu</strong></span> 
     </span>
    </p>
   </div>
   <div class='ocr_carea' id='block_1_55' title="bbox 458 4019 2030 4092">
    <p class='ocr_par' dir='ltr' id='par_1_55' title="bbox 458 4019 2030 4092">
     <span class='ocr_line' id='line_1_55' title="bbox 458 4019 2030 4092; baseline 0.004 -21"><span class='ocrx_word' id='word_1_378' title='bbox 458 4019 700 4073; x_wconf 79' lang='lat' dir='ltr'><strong>ﬂmninis</strong></span> <span class='ocrx_word' id='word_1_379' title='bbox 735 4020 1022 4089; x_wconf 91' lang='lat' dir='ltr'><strong>abreptum</strong></span> <span class='ocrx_word' id='word_1_380' title='bbox 1047 4034 1111 4073; x_wconf 90' lang='lat' dir='ltr'><strong>ac</strong></span> <span class='ocrx_word' id='word_1_381' title='bbox 1134 4019 1236 4074; x_wconf 90' lang='lat' dir='ltr'><strong>sub</strong></span> <span class='ocrx_word' id='word_1_382' title='bbox 1264 4035 1435 4089; x_wconf 87' lang='lat' dir='ltr'><strong>aquas</strong></span> <span class='ocrx_word' id='word_1_383' title='bbox 1459 4021 1768 4077; x_wconf 92' lang='lat' dir='ltr'><strong>demersum</strong></span> <span class='ocrx_word' id='word_1_384' title='bbox 1802 4024 2030 4092; x_wconf 89' lang='lat' dir='ltr'><strong>periisse</strong></span> 
     </span>
    </p>
   </div>
   <div class='ocr_carea' id='block_1_56' title="bbox 454 4110 2029 4184">
    <p class='ocr_par' dir='ltr' id='par_1_56' title="bbox 454 4110 2029 4184">
     <span class='ocr_line' id='line_1_56' title="bbox 454 4110 2029 4184; baseline 0.003 -19"><span class='ocrx_word' id='word_1_385' title='bbox 454 4111 561 4165; x_wconf 87' lang='lat' dir='ltr'><strong>rati</strong></span> <span class='ocrx_word' id='word_1_386' title='bbox 596 4126 925 4180; x_wconf 86' lang='lat' dir='ltr'><strong>magnopere</strong></span> <span class='ocrx_word' id='word_1_387' title='bbox 953 4112 1123 4182; x_wconf 82' lang='lat' dir='ltr'><strong>gavisi</strong></span> <span class='ocrx_word' id='word_1_388' title='bbox 1154 4120 1302 4166; x_wconf 90' lang='lat' dir='ltr'><strong>sunt.</strong></span> <span class='ocrx_word' id='word_1_389' title='bbox 1335 4110 1441 4167; x_wconf 91' lang='lat' dir='ltr'><strong>Sed</strong></span> <span class='ocrx_word' id='word_1_390' title='bbox 1480 4112 1527 4167; x_wconf 90' lang='lat' dir='ltr'><strong>is</strong></span> <span class='ocrx_word' id='word_1_391' title='bbox 1557 4120 1805 4169; x_wconf 86' lang='lat' dir='ltr'><strong>servatus</strong></span> <span class='ocrx_word' id='word_1_392' title='bbox 1843 4123 2029 4184; x_wconf 90' lang='lat' dir='ltr'><strong>postea</strong></span> 
     </span>
    </p>
   </div>
   <div class='ocr_carea' id='block_1_57' title="bbox 456 4203 2028 4273">
    <p class='ocr_par' dir='ltr' id='par_1_57' title="bbox 456 4203 2028 4273">
     <span class='ocr_line' id='line_1_57' title="bbox 456 4203 2028 4273; baseline 0.003 -16"><span class='ocrx_word' id='word_1_393' title='bbox 456 4204 666 4257; x_wconf 66' lang='lat' dir='ltr'><strong>caelesti</strong></span> <span class='ocrx_word' id='word_1_394' title='bbox 702 4204 972 4258; x_wconf 87' lang='lat' dir='ltr'><strong>Iavatione</strong></span> <span class='ocrx_word' id='word_1_395' title='bbox 1005 4203 1260 4273; x_wconf 89' lang='lat' dir='ltr'><strong>dignatus</strong></span> <span class='ocrx_word' id='word_1_396' title='bbox 1301 4214 1403 4260; x_wconf 89' lang='lat' dir='ltr'><strong>est.</strong></span> <span class='ocrx_word' id='word_1_397' title='bbox 1448 4204 1586 4261; x_wconf 86' lang='lat' dir='ltr'><strong>Hinc</strong></span> <span class='ocrx_word' id='word_1_398' title='bbox 1615 4205 1682 4260; x_wconf 93' lang='lat' dir='ltr'><strong>ad</strong></span> <span class='ocrx_word' id='word_1_399' title='bbox 1713 4207 2028 4261; x_wconf 91' lang='lat' dir='ltr'><strong>comitatum</strong></span> 
     </span>
    </p>
   </div>
   <div class='ocr_carea' id='block_1_58' title="bbox 460 4295 2033 4368">
    <p class='ocr_par' dir='ltr' id='par_1_58' title="bbox 460 4295 2033 4368">
     <span class='ocr_line' id='line_1_58' title="bbox 460 4295 2033 4368; baseline 0.003 -21"><span class='ocrx_word' id='word_1_400' title='bbox 460 4302 751 4363; x_wconf 82' lang='lat' dir='ltr'><strong>provectus</strong></span> <span class='ocrx_word' id='word_1_401' title='bbox 773 4295 840 4350; x_wconf 91' lang='lat' dir='ltr'><strong>ad</strong></span> <span class='ocrx_word' id='word_1_402' title='bbox 858 4296 1200 4350; x_wconf 84' lang='lat' dir='ltr'><strong>Constantini</strong></span> <span class='ocrx_word' id='word_1_403' title='bbox 1219 4296 1566 4367; x_wconf 87' lang='lat' dir='ltr'><strong>imperatoris</strong></span> <span class='ocrx_word' id='word_1_404' title='bbox 1590 4298 1884 4352; x_wconf 89' lang='lat' dir='ltr'><strong>amicitiam</strong></span> <span class='ocrx_word' id='word_1_405' title='bbox 1914 4314 2033 4368; x_wconf 88' lang='lat' dir='ltr'><strong>per-</strong></span> 
     </span>
    </p>
   </div>
   <div class='ocr_carea' id='block_1_59' title="bbox 456 4386 2030 4460">
    <p class='ocr_par' dir='ltr' id='par_1_59' title="bbox 456 4386 2030 4460">
     <span class='ocr_line' id='line_1_59' title="bbox 456 4386 2030 4460; baseline 0.003 -21"><span class='ocrx_word' id='word_1_406' title='bbox 456 4386 626 4448; x_wconf 88' lang='lat' dir='ltr'><strong>venit,</strong></span> <span class='ocrx_word' id='word_1_407' title='bbox 654 4386 813 4455; x_wconf 91' lang='lat' dir='ltr'><strong>eique</strong></span> <span class='ocrx_word' id='word_1_408' title='bbox 842 4388 1107 4456; x_wconf 88' lang='lat' dir='ltr'><strong>quidquid</strong></span> <span class='ocrx_word' id='word_1_409' title='bbox 1130 4388 1232 4442; x_wconf 91' lang='lat' dir='ltr'><strong>sibi</strong></span> <span class='ocrx_word' id='word_1_410' title='bbox 1264 4388 1537 4443; x_wconf 89' lang='lat' dir='ltr'><strong>acciderat</strong></span> <span class='ocrx_word' id='word_1_411' title='bbox 1567 4391 1851 4459; x_wconf 84' lang='lat' dir='ltr'><strong>exposuit;</strong></span> <span class='ocrx_word' id='word_1_412' title='bbox 1877 4392 2030 4460; x_wconf 91' lang='lat' dir='ltr'><strong>prin-</strong></span> 
     </span>
    </p>
   </div>
   <div class='ocr_carea' id='block_1_60' title="bbox 2126 1922 3703 1997">
    <p class='ocr_par' dir='ltr' id='par_1_60' title="bbox 2126 1922 3703 1997">
     <span class='ocr_line' id='line_1_60' title="bbox 2126 1922 3703 1997; baseline -0.001 -19"><span class='ocrx_word' id='word_1_413' title='bbox 2126 1927 2225 1978; x_wconf 83' lang='grc' dir='ltr'><strong>οὐκ</strong></span> <span class='ocrx_word' id='word_1_414' title='bbox 2245 1922 2339 1978; x_wconf 81' lang='grc' dir='ltr'>οἶδ’</span> <span class='ocrx_word' id='word_1_415' title='bbox 2369 1926 2542 1979; x_wconf 80' lang='grc' dir='ltr'>εἰπεῖν</span> <span class='ocrx_word' id='word_1_416' title='bbox 2576 1927 2633 1978; x_wconf 82' lang='grc' dir='ltr'><strong>ἐν</strong></span> <span class='ocrx_word' id='word_1_417' title='bbox 2669 1927 2799 1997; x_wconf 82' lang='grc' dir='ltr'>ποίᾳ</span> <span class='ocrx_word' id='word_1_418' title='bbox 2833 1928 3007 1981; x_wconf 84' lang='grc' dir='ltr'>πόλει.</span> <span class='ocrx_word' id='word_1_419' title='bbox 3039 1926 3311 1980; x_wconf 81' lang='grc' dir='ltr'>Φιλιοῦται</span> <span class='ocrx_word' id='word_1_420' title='bbox 3335 1926 3391 1979; x_wconf 88' lang='grc' dir='ltr'>δὲ</span> <span class='ocrx_word' id='word_1_421' title='bbox 3422 1926 3498 1995; x_wconf 81' lang='grc' dir='ltr'><strong>τῷ</strong></span> <span class='ocrx_word' id='word_1_422' title='bbox 3527 1928 3703 1977; x_wconf 88' lang='grc' dir='ltr'>ἐκεῖσε</span> 
     </span>
    </p>
   </div>
   <div class='ocr_carea' id='block_1_61' title="bbox 2126 2015 3706 2089">
    <p class='ocr_par' dir='ltr' id='par_1_61' title="bbox 2126 2015 3706 2089">
     <span class='ocr_line' id='line_1_61' title="bbox 2126 2015 3706 2089; baseline -0.001 -20"><span class='ocrx_word' id='word_1_423' title='bbox 2126 2017 2430 2086; x_wconf 76' lang='grc' dir='ltr'>ἐπισκόπῳ,</span> <span class='ocrx_word' id='word_1_424' title='bbox 2462 2016 2520 2078; x_wconf 89' lang='grc' dir='ltr'>ὃς</span> <span class='ocrx_word' id='word_1_425' title='bbox 2552 2016 2851 2087; x_wconf 73' lang='grc' dir='ltr'>λεληθότως</span> <span class='ocrx_word' id='word_1_426' title='bbox 2876 2018 3046 2088; x_wconf 75' lang='grc' dir='ltr'>ᾔτησε</span> <span class='ocrx_word' id='word_1_427' title='bbox 3079 2018 3207 2089; x_wconf 82' lang='grc' dir='ltr'>παρ’</span> <span class='ocrx_word' id='word_1_428' title='bbox 3239 2015 3403 2069; x_wconf 79' lang='grc' dir='ltr'>αὐτοῦ</span> <span class='ocrx_word' id='word_1_429' title='bbox 3433 2016 3500 2068; x_wconf 84' lang='grc' dir='ltr'><strong>τά</strong></span> <span class='ocrx_word' id='word_1_430' title='bbox 3529 2017 3706 2083; x_wconf 76' lang='grc' dir='ltr'>Εὐαγ-</span> 
     </span>
    </p>
   </div>
   <div class='ocr_carea' id='block_1_62' title="bbox 2125 2092 3707 2177">
    <p class='ocr_par' dir='ltr' id='par_1_62' title="bbox 2125 2092 3707 2177">
     <span class='ocr_line' id='line_1_62' title="bbox 2125 2092 3707 2177; baseline -0.001 -17"><span class='ocrx_word' id='word_1_431' title='bbox 2125 2108 2299 2177; x_wconf 89' lang='grc' dir='ltr'>γέλια,</span> <span class='ocrx_word' id='word_1_432' title='bbox 2328 2110 2420 2161; x_wconf 75' lang='grc' dir='ltr'><strong>καὶ</strong></span> <span class='ocrx_word' id='word_1_433' title='bbox 2448 2109 2676 2176; x_wconf 87' lang='grc' dir='ltr'>ἀνέγνω.</span> <span class='ocrx_word' id='word_1_434' title='bbox 2724 2108 2873 2160; x_wconf 75' lang='grc' dir='ltr'>Ἐπεὶ</span> <span class='ocrx_word' id='word_1_435' title='bbox 2922 2106 3034 2174; x_wconf 77' lang='grc' dir='ltr'>οὖν,</span> <span class='ocrx_word' id='word_1_436' title='bbox 3062 2103 3149 2162; x_wconf 75' lang='grc' dir='ltr'>οἷα</span> <span class='ocrx_word' id='word_1_437' title='bbox 3180 2092 3479 2170; x_wconf 79' lang='grc' dir='ltr'>ἀπόστολος</span> <span class='ocrx_word' id='word_1_438' title='bbox 3511 2107 3707 2177; x_wconf 78' lang='grc' dir='ltr'>(οὕτως</span> 
     </span>
    </p>
   </div>
   <div class='ocr_carea' id='block_1_63' title="bbox 2124 2197 3706 2271">
    <p class='ocr_par' dir='ltr' id='par_1_63' title="bbox 2124 2197 3706 2271">
     <span class='ocr_line' id='line_1_63' title="bbox 2124 2197 3706 2271; baseline -0.001 -18"><span class='ocrx_word' id='word_1_439' title='bbox 2124 2202 2233 2271; x_wconf 77' lang='grc' dir='ltr'>γὰρ</span> <span class='ocrx_word' id='word_1_440' title='bbox 2278 2203 2406 2271; x_wconf 83' lang='grc' dir='ltr'>παρ’</span> <span class='ocrx_word' id='word_1_441' title='bbox 2456 2202 2635 2264; x_wconf 81' lang='grc' dir='ltr'>αὐτοῖς</span> <span class='ocrx_word' id='word_1_442' title='bbox 2659 2240 2673 2264; x_wconf 87' lang='grc'><strong>,</strong></span> <span class='ocrx_word' id='word_1_443' title='bbox 2721 2201 2795 2265; x_wconf 83' lang='grc' dir='ltr'><strong>ὡς</strong></span> <span class='ocrx_word' id='word_1_444' title='bbox 2834 2201 3003 2271; x_wconf 73' lang='grc' dir='ltr'>ἔφην,</span> <span class='ocrx_word' id='word_1_445' title='bbox 3043 2201 3102 2255; x_wconf 75' lang='grc' dir='ltr'>τὸ</span> <span class='ocrx_word' id='word_1_446' title='bbox 3144 2200 3360 2271; x_wconf 83' lang='grc' dir='ltr'>ἀξίωμα</span> <span class='ocrx_word' id='word_1_447' title='bbox 3393 2197 3706 2270; x_wconf 81' lang='grc' dir='ltr'>καλεῖται),</span> 
     </span>
    </p>
   </div>
   <div class='ocr_carea' id='block_1_64' title="bbox 2125 2293 3709 2365">
    <p class='ocr_par' dir='ltr' id='par_1_64' title="bbox 2125 2293 3709 2365">
     <span class='ocr_line' id='line_1_64' title="bbox 2125 2293 3709 2365; baseline 0 -21"><span class='ocrx_word' id='word_1_448' title='bbox 2125 2293 2552 2365; x_wconf 86' lang='grc' dir='ltr'>ἐμϐριθέστατος</span> <span class='ocrx_word' id='word_1_449' title='bbox 2582 2294 2675 2347; x_wconf 65' lang='grc' dir='ltr'><strong>καὶ</strong></span> <span class='ocrx_word' id='word_1_450' title='bbox 2702 2294 3023 2365; x_wconf 81' lang='grc' dir='ltr'>καθαρεύων</span> <span class='ocrx_word' id='word_1_451' title='bbox 3045 2293 3204 2363; x_wconf 87' lang='grc' dir='ltr'>δῆθεν</span> <span class='ocrx_word' id='word_1_452' title='bbox 3231 2294 3298 2345; x_wconf 77' lang='grc' dir='ltr'>τὰ</span> <span class='ocrx_word' id='word_1_453' title='bbox 3331 2294 3409 2355; x_wconf 86' lang='grc' dir='ltr'><strong>εἰς</strong></span> <span class='ocrx_word' id='word_1_454' title='bbox 3433 2293 3709 2346; x_wconf 71' lang='grc' dir='ltr'><strong>κατάστςι.⁸</strong></span> 
     </span>
    </p>
   </div>
   <div class='ocr_carea' id='block_1_65' title="bbox 2128 2383 3704 2456">
    <p class='ocr_par' dir='ltr' id='par_1_65' title="bbox 2128 2383 3704 2456">
     <span class='ocr_line' id='line_1_65' title="bbox 2128 2383 3704 2456; baseline 0.001 -22"><span class='ocrx_word' id='word_1_455' title='bbox 2128 2400 2212 2435; x_wconf 93' lang='grc' dir='ltr'><strong>σιν</strong></span> <span class='ocrx_word' id='word_1_456' title='bbox 2245 2384 2499 2454; x_wconf 78' lang='grc' dir='ltr'>εὐνομίας</span> <span class='ocrx_word' id='word_1_457' title='bbox 2525 2425 2539 2448; x_wconf 91' lang='grc'><strong>,</strong></span> <span class='ocrx_word' id='word_1_458' title='bbox 2589 2386 2761 2449; x_wconf 77' lang='grc' dir='ltr'>οὕτως</span> <span class='ocrx_word' id='word_1_459' title='bbox 2790 2385 3058 2439; x_wconf 88' lang='grc' dir='ltr'>ἐπιτελεῖν</span> <span class='ocrx_word' id='word_1_460' title='bbox 3106 2384 3538 2456; x_wconf 85' lang='grc' dir='ltr'>προϐαλλόμενος</span> <span class='ocrx_word' id='word_1_461' title='bbox 3571 2383 3704 2453; x_wconf 72' lang='grc'><strong>(25),</strong></span> 
     </span>
    </p>
   </div>
   <div class='ocr_carea' id='block_1_66' title="bbox 2128 2472 3704 2546">
    <p class='ocr_par' dir='ltr' id='par_1_66' title="bbox 2128 2472 3704 2546">
     <span class='ocr_line' id='line_1_66' title="bbox 2128 2472 3704 2546; baseline 0.001 -22"><span class='ocrx_word' id='word_1_462' title='bbox 2128 2472 2352 2537; x_wconf 72' lang='grc' dir='ltr'>πολλοὺς</span> <span class='ocrx_word' id='word_1_463' title='bbox 2383 2474 2488 2527; x_wconf 89' lang='grc' dir='ltr'><strong>τῶν</strong></span> <span class='ocrx_word' id='word_1_464' title='bbox 2530 2475 2714 2528; x_wconf 84' lang='grc' dir='ltr'>κακῶν</span> <span class='ocrx_word' id='word_1_465' title='bbox 2745 2474 3190 2528; x_wconf 75' lang='grc' dir='ltr'>κατασταθέντων</span> <span class='ocrx_word' id='word_1_466' title='bbox 3220 2475 3704 2546; x_wconf 80' lang='grc' dir='ltr'>ἀρχισυναγώγων,</span> 
     </span>
    </p>
   </div>
   <div class='ocr_carea' id='block_1_67' title="bbox 2127 2562 3707 2639">
    <p class='ocr_par' dir='ltr' id='par_1_67' title="bbox 2127 2562 3707 2639">
     <span class='ocr_line' id='line_1_67' title="bbox 2127 2562 3707 2639; baseline -0.001 -21"><span class='ocrx_word' id='word_1_467' title='bbox 2127 2566 2219 2619; x_wconf 67' lang='grc' dir='ltr'><strong>καὶ</strong></span> <span class='ocrx_word' id='word_1_468' title='bbox 2262 2565 2472 2635; x_wconf 86' lang='grc' dir='ltr'>ἱερέων,</span> <span class='ocrx_word' id='word_1_469' title='bbox 2519 2569 2613 2620; x_wconf 76' lang='grc' dir='ltr'><strong>καὶ</strong></span> <span class='ocrx_word' id='word_1_470' title='bbox 2665 2567 3070 2639; x_wconf 87' lang='grc' dir='ltr'>πρεσϐυτέρων,</span> <span class='ocrx_word' id='word_1_471' title='bbox 3121 2567 3215 2618; x_wconf 71' lang='grc' dir='ltr'><strong>καὶ</strong></span> <span class='ocrx_word' id='word_1_472' title='bbox 3264 2565 3559 2628; x_wconf 77' lang='grc' dir='ltr'>Ἀζανιτῶν</span> <span class='ocrx_word' id='word_1_473' title='bbox 3597 2562 3707 2617; x_wconf 88' lang='grc' dir='ltr'><strong>τῶν</strong></span> 
     </span>
    </p>
   </div>
   <div class='ocr_carea' id='block_1_68' title="bbox 2128 2657 3707 2729">
    <p class='ocr_par' dir='ltr' id='par_1_68' title="bbox 2128 2657 3707 2729">
     <span class='ocr_line' id='line_1_68' title="bbox 2128 2657 3707 2729; baseline 0 -21"><span class='ocrx_word' id='word_1_474' title='bbox 2128 2659 2256 2727; x_wconf 85' lang='grc' dir='ltr'>παρ’</span> <span class='ocrx_word' id='word_1_475' title='bbox 2286 2658 2469 2721; x_wconf 85' lang='grc' dir='ltr'>αὐτοῖς</span> <span class='ocrx_word' id='word_1_476' title='bbox 2504 2659 2614 2727; x_wconf 75' lang='grc'><strong>(26)</strong></span> <span class='ocrx_word' id='word_1_477' title='bbox 2649 2659 2912 2711; x_wconf 76' lang='grc' dir='ltr'>διακόνων</span> <span class='ocrx_word' id='word_1_478' title='bbox 2962 2657 3412 2729; x_wconf 79' lang='grc' dir='ltr'>ἑρμηνευομένων</span> <span class='ocrx_word' id='word_1_479' title='bbox 3437 2658 3468 2726; x_wconf 82' lang='grc' dir='ltr'>ἢ</span> <span class='ocrx_word' id='word_1_480' title='bbox 3498 2659 3707 2726; x_wconf 75' lang='grc' dir='ltr'>ὑπηρε-</span> 
     </span>
    </p>
   </div>
   <div class='ocr_carea' id='block_1_69' title="bbox 2126 2742 3725 2817">
    <p class='ocr_par' dir='ltr' id='par_1_69' title="bbox 2126 2742 3725 2817">
     <span class='ocr_line' id='line_1_69' title="bbox 2126 2742 3725 2817; baseline -0.004 -18"><span class='ocrx_word' id='word_1_481' title='bbox 2126 2746 2254 2809; x_wconf 92' lang='grc' dir='ltr'>τῶν,</span> <span class='ocrx_word' id='word_1_482' title='bbox 2289 2746 2565 2817; x_wconf 81' lang='grc' dir='ltr'>καθαιρῶν</span> <span class='ocrx_word' id='word_1_483' title='bbox 2593 2764 2653 2798; x_wconf 90' lang='grc' dir='ltr'><strong>τε</strong></span> <span class='ocrx_word' id='word_1_484' title='bbox 2683 2747 2775 2799; x_wconf 72' lang='grc' dir='ltr'>καὶ</span> <span class='ocrx_word' id='word_1_485' title='bbox 2802 2745 3110 2816; x_wconf 85' lang='grc' dir='ltr'>μετακινῶν</span> <span class='ocrx_word' id='word_1_486' title='bbox 3140 2744 3234 2797; x_wconf 81' lang='grc' dir='ltr'>τοῦ</span> <span class='ocrx_word' id='word_1_487' title='bbox 3268 2742 3577 2813; x_wconf 83' lang='grc' dir='ltr'>ἀξιώματος</span> <span class='ocrx_word' id='word_1_488' title='bbox 3603 2742 3725 2815; x_wconf 28' lang='grc' dir='ltr'>ὑπὸ.</span> 
     </span>
    </p>
   </div>
   <div class='ocr_carea' id='block_1_70' title="bbox 2128 2834 3707 2919">
    <p class='ocr_par' dir='ltr' id='par_1_70' title="bbox 2128 2834 3707 2919">
     <span class='ocr_line' id='line_1_70' title="bbox 2128 2834 3707 2919; baseline -0.002 -31"><span class='ocrx_word' id='word_1_489' title='bbox 2128 2835 2339 2919; x_wconf 65' lang='grc' dir='ltr'>πολλῶν</span> <span class='ocrx_word' id='word_1_490' title='bbox 2365 2838 2659 2889; x_wconf 86' lang='grc' dir='ltr'>ἐνεκοτεῖτο</span> <span class='ocrx_word' id='word_1_491' title='bbox 2683 2877 2696 2893; x_wconf 92' lang='grc'><strong>.</strong></span> <span class='ocrx_word' id='word_1_492' title='bbox 2731 2836 2927 2900; x_wconf 83' lang='grc' dir='ltr'>οἵτινες</span> <span class='ocrx_word' id='word_1_493' title='bbox 2969 2835 3156 2906; x_wconf 79' lang='grc' dir='ltr'>ῶσπερ</span> <span class='ocrx_word' id='word_1_494' title='bbox 3199 2834 3507 2906; x_wconf 86' lang='grc' dir='ltr'>ἀμύνασθαι</span> <span class='ocrx_word' id='word_1_495' title='bbox 3546 2835 3707 2887; x_wconf 82' lang='grc' dir='ltr'>αὑτὸν</span> 
     </span>
    </p>
   </div>
   <div class='ocr_carea' id='block_1_71' title="bbox 2129 2926 3707 2998">
    <p class='ocr_par' dir='ltr' id='par_1_71' title="bbox 2129 2926 3707 2998">
     <span class='ocr_line' id='line_1_71' title="bbox 2129 2926 3707 2998; baseline 0 -19"><span class='ocrx_word' id='word_1_496' title='bbox 2129 2929 2457 2996; x_wconf 87' lang='grc' dir='ltr'>πειρώμενοι</span> <span class='ocrx_word' id='word_1_497' title='bbox 2504 2927 2974 2998; x_wconf 79' lang='grc' dir='ltr'>πολυπραγμονεῖν</span> <span class='ocrx_word' id='word_1_498' title='bbox 3015 2926 3205 2979; x_wconf 82' lang='grc' dir='ltr'>τοῦτον</span> <span class='ocrx_word' id='word_1_499' title='bbox 3251 2929 3347 2979; x_wconf 68' lang='grc' dir='ltr'><strong>καὶ</strong></span> <span class='ocrx_word' id='word_1_500' title='bbox 3401 2926 3707 2997; x_wconf 83' lang='grc' dir='ltr'>ίχνηλατείν</span> 
     </span>
    </p>
   </div>
   <div class='ocr_carea' id='block_1_72' title="bbox 2127 3015 3709 3088">
    <p class='ocr_par' dir='ltr' id='par_1_72' title="bbox 2127 3015 3709 3088">
     <span class='ocr_line' id='line_1_72' title="bbox 2127 3015 3709 3088; baseline 0.001 -19"><span class='ocrx_word' id='word_1_501' title='bbox 2127 3018 2194 3069; x_wconf 67' lang='grc' dir='ltr'>τὶ</span> <span class='ocrx_word' id='word_1_502' title='bbox 2248 3019 2378 3086; x_wconf 75' lang='grc' dir='ltr'>παρ’</span> <span class='ocrx_word' id='word_1_503' title='bbox 2408 3015 2571 3069; x_wconf 75' lang='grc' dir='ltr'>αὑτοῦ</span> <span class='ocrx_word' id='word_1_504' title='bbox 2599 3017 2857 3087; x_wconf 85' lang='grc' dir='ltr'>γινόμενα</span> <span class='ocrx_word' id='word_1_505' title='bbox 2885 3016 2945 3069; x_wconf 81' lang='grc' dir='ltr'>οὺ</span> <span class='ocrx_word' id='word_1_506' title='bbox 2981 3016 3192 3088; x_wconf 87' lang='grc' dir='ltr'>μικρῶς</span> <span class='ocrx_word' id='word_1_507' title='bbox 3222 3017 3569 3081; x_wconf 78' lang='grc' dir='ltr'>ἐσπούδαζον.</span> <span class='ocrx_word' id='word_1_508' title='bbox 3609 3020 3709 3070; x_wconf 81' lang='grc' dir='ltr'>Διά</span> 
     </span>
    </p>
   </div>
   <div class='ocr_carea' id='block_1_73' title="bbox 2127 3108 3707 3181">
    <p class='ocr_par' dir='ltr' id='par_1_73' title="bbox 2127 3108 3707 3181">
     <span class='ocr_line' id='line_1_73' title="bbox 2127 3108 3707 3181; baseline 0 -19"><span class='ocrx_word' id='word_1_509' title='bbox 2127 3108 2383 3180; x_wconf 86' lang='grc' dir='ltr'>τοιαύτην</span> <span class='ocrx_word' id='word_1_510' title='bbox 2428 3108 2485 3160; x_wconf 81' lang='grc' dir='ltr'>δὲ</span> <span class='ocrx_word' id='word_1_511' title='bbox 2544 3108 2724 3162; x_wconf 83' lang='grc' dir='ltr'>αἰτίαν</span> <span class='ocrx_word' id='word_1_512' title='bbox 2778 3108 3435 3181; x_wconf 83' lang='grc' dir='ltr'>πολυπραγμονήσαντες,</span> <span class='ocrx_word' id='word_1_513' title='bbox 3498 3109 3707 3180; x_wconf 81' lang='grc' dir='ltr'>ἁθρόως</span> 
     </span>
    </p>
   </div>
   <div class='ocr_carea' id='block_1_74' title="bbox 2130 3205 3707 3276">
    <p class='ocr_par' dir='ltr' id='par_1_74' title="bbox 2130 3205 3707 3276">
     <span class='ocr_line' id='line_1_74' title="bbox 2130 3205 3707 3276; baseline 0.002 -19"><span class='ocrx_word' id='word_1_514' title='bbox 2130 3205 2461 3276; x_wconf 72' lang='grc' dir='ltr'>είσέιρρησαν</span> <span class='ocrx_word' id='word_1_515' title='bbox 2489 3205 2669 3258; x_wconf 82' lang='grc' dir='ltr'>οἴκαδε</span> <span class='ocrx_word' id='word_1_516' title='bbox 2703 3207 2783 3268; x_wconf 85' lang='grc' dir='ltr'><strong>είς</strong></span> <span class='ocrx_word' id='word_1_517' title='bbox 2812 3205 2875 3258; x_wconf 81' lang='grc' dir='ltr'><strong>τὸ</strong></span> <span class='ocrx_word' id='word_1_518' title='bbox 2907 3205 3073 3259; x_wconf 74' lang='grc' dir='ltr'>αὐτοῦ</span> <span class='ocrx_word' id='word_1_519' title='bbox 3105 3207 3372 3274; x_wconf 70' lang='grc' dir='ltr'>ἐφέστιον,</span> <span class='ocrx_word' id='word_1_520' title='bbox 3411 3208 3505 3260; x_wconf 70' lang='grc' dir='ltr'><strong>καὶ</strong></span> <span class='ocrx_word' id='word_1_521' title='bbox 3536 3225 3707 3260; x_wconf 88' lang='grc' dir='ltr'>κατα-</span> 
     </span>
    </p>
   </div>
   <div class='ocr_carea' id='block_1_75' title="bbox 2084 3296 3709 3371">
    <p class='ocr_par' dir='ltr' id='par_1_75' title="bbox 2084 3296 3709 3371">
     <span class='ocr_line' id='line_1_75' title="bbox 2084 3296 3709 3371; baseline 0.002 -20"><span class='ocrx_word' id='word_1_522' title='bbox 2084 3348 2085 3351; x_wconf 45' lang='grc' dir='ltr'><strong>η</strong></span> <span class='ocrx_word' id='word_1_523' title='bbox 2128 3297 2498 3367; x_wconf 87' lang='grc' dir='ltr'>λαμϐάνουσιν</span> <span class='ocrx_word' id='word_1_524' title='bbox 2540 3296 2699 3352; x_wconf 83' lang='grc' dir='ltr'>αὑτὸν</span> <span class='ocrx_word' id='word_1_525' title='bbox 2740 3297 2807 3351; x_wconf 85' lang='grc' dir='ltr'>τὰ</span> <span class='ocrx_word' id='word_1_526' title='bbox 2860 3299 3165 3367; x_wconf 82' lang='grc' dir='ltr'>Εὑαγγέλια</span> <span class='ocrx_word' id='word_1_527' title='bbox 3199 3299 3573 3370; x_wconf 59' lang='grc' dir='ltr'>διερχόμενον</span> <span class='ocrx_word' id='word_1_528' title='bbox 3608 3302 3709 3371; x_wconf 78' lang='grc' dir='ltr'>τήν</span> 
     </span>
    </p>
   </div>
   <div class='ocr_carea' id='block_1_76' title="bbox 2129 3389 3701 3462">
    <p class='ocr_par' dir='ltr' id='par_1_76' title="bbox 2129 3389 3701 3462">
     <span class='ocr_line' id='line_1_76' title="bbox 2129 3389 3701 3462; baseline 0.001 -20"><span class='ocrx_word' id='word_1_529' title='bbox 2129 3408 2189 3443; x_wconf 89' lang='grc' dir='ltr'><strong>τε</strong></span> <span class='ocrx_word' id='word_1_530' title='bbox 2218 3390 2398 3461; x_wconf 83' lang='grc' dir='ltr'>βίϐλον</span> <span class='ocrx_word' id='word_1_531' title='bbox 2423 3390 2738 3460; x_wconf 87' lang='grc' dir='ltr'>κατέχουσι,</span> <span class='ocrx_word' id='word_1_532' title='bbox 2767 3389 2859 3442; x_wconf 81' lang='grc' dir='ltr'><strong>τὸν</strong></span> <span class='ocrx_word' id='word_1_533' title='bbox 2881 3390 2937 3443; x_wconf 86' lang='grc' dir='ltr'>δὲ</span> <span class='ocrx_word' id='word_1_534' title='bbox 2969 3390 3138 3461; x_wconf 79' lang='grc' dir='ltr'>ἄνδρα</span> <span class='ocrx_word' id='word_1_535' title='bbox 3164 3392 3487 3461; x_wconf 71' lang='grc' dir='ltr'>ἁρπάζουσι,</span> <span class='ocrx_word' id='word_1_536' title='bbox 3522 3390 3701 3462; x_wconf 77' lang='grc' dir='ltr'>σύρον-</span> 
     </span>
    </p>
   </div>
   <div class='ocr_carea' id='block_1_77' title="bbox 2129 3480 3707 3551">
    <p class='ocr_par' dir='ltr' id='par_1_77' title="bbox 2129 3480 3707 3551">
     <span class='ocr_line' id='line_1_77' title="bbox 2129 3480 3707 3551; baseline -0.001 -17"><span class='ocrx_word' id='word_1_537' title='bbox 2129 3499 2220 3545; x_wconf 88' lang='grc' dir='ltr'><strong>τες</strong></span> <span class='ocrx_word' id='word_1_538' title='bbox 2259 3482 2470 3551; x_wconf 76' lang='grc' dir='ltr'>χαμαὶ,</span> <span class='ocrx_word' id='word_1_539' title='bbox 2508 3481 2599 3534; x_wconf 79' lang='grc' dir='ltr'><strong>καὶ</strong></span> <span class='ocrx_word' id='word_1_540' title='bbox 2635 3480 2885 3550; x_wconf 85' lang='grc' dir='ltr'>βοῶντες,</span> <span class='ocrx_word' id='word_1_541' title='bbox 2926 3481 3017 3533; x_wconf 69' lang='grc' dir='ltr'><strong>καὶ</strong></span> <span class='ocrx_word' id='word_1_542' title='bbox 3045 3480 3225 3543; x_wconf 75' lang='grc' dir='ltr'>αἰκίας</span> <span class='ocrx_word' id='word_1_543' title='bbox 3259 3480 3608 3551; x_wconf 72' lang='grc' dir='ltr'>ἐπιφέροντες</span> <span class='ocrx_word' id='word_1_544' title='bbox 3648 3482 3707 3533; x_wconf 82' lang='grc' dir='ltr'><strong>οὐ</strong></span> 
     </span>
    </p>
   </div>
   <div class='ocr_carea' id='block_1_78' title="bbox 2128 3571 3709 3643">
    <p class='ocr_par' dir='ltr' id='par_1_78' title="bbox 2128 3571 3709 3643">
     <span class='ocr_line' id='line_1_78' title="bbox 2128 3571 3709 3643; baseline -0.002 -16"><span class='ocrx_word' id='word_1_545' title='bbox 2128 3572 2229 3635; x_wconf 82' lang='grc' dir='ltr'>τὰς</span> <span class='ocrx_word' id='word_1_546' title='bbox 2260 3571 2548 3642; x_wconf 85' lang='grc' dir='ltr'>τυχούσας,</span> <span class='ocrx_word' id='word_1_547' title='bbox 2577 3572 2849 3640; x_wconf 80' lang='grc' dir='ltr'>ἀπάγουσι</span> <span class='ocrx_word' id='word_1_548' title='bbox 2877 3571 2973 3641; x_wconf 88' lang='grc' dir='ltr'><strong>μὲν</strong></span> <span class='ocrx_word' id='word_1_549' title='bbox 3003 3573 3083 3634; x_wconf 86' lang='grc' dir='ltr'><strong>είς</strong></span> <span class='ocrx_word' id='word_1_550' title='bbox 3111 3572 3209 3640; x_wconf 87' lang='grc' dir='ltr'><strong>τὴν</strong></span> <span class='ocrx_word' id='word_1_551' title='bbox 3242 3572 3586 3643; x_wconf 81' lang='grc' dir='ltr'>συναγωγὴν,</span> <span class='ocrx_word' id='word_1_552' title='bbox 3614 3573 3709 3624; x_wconf 64' lang='grc' dir='ltr'>καὶ.</span> 
     </span>
    </p>
   </div>
   <div class='ocr_carea' id='block_1_79' title="bbox 2133 3656 3709 3735">
    <p class='ocr_par' dir='ltr' id='par_1_79' title="bbox 2133 3656 3709 3735">
     <span class='ocr_line' id='line_1_79' title="bbox 2133 3656 3709 3735; baseline -0.001 -19"><span class='ocrx_word' id='word_1_553' title='bbox 2133 3663 2453 3735; x_wconf 73' lang='grc' dir='ltr'>μαστξζουσι</span> <span class='ocrx_word' id='word_1_554' title='bbox 2484 3662 2705 3725; x_wconf 80' lang='grc' dir='ltr'>τοῦτον,</span> <span class='ocrx_word' id='word_1_555' title='bbox 2752 3663 2843 3714; x_wconf 75' lang='grc' dir='ltr'><strong>καὶ</strong></span> <span class='ocrx_word' id='word_1_556' title='bbox 2882 3661 3021 3713; x_wconf 87' lang='grc' dir='ltr'>κατὰ</span> <span class='ocrx_word' id='word_1_557' title='bbox 3061 3660 3150 3713; x_wconf 85' lang='grc' dir='ltr'><strong>τὸν</strong></span> <span class='ocrx_word' id='word_1_558' title='bbox 3186 3660 3346 3731; x_wconf 84' lang='grc' dir='ltr'>νόμον</span> <span class='ocrx_word' id='word_1_559' title='bbox 3381 3656 3533 3722; x_wconf 76' lang='grc' dir='ltr'>οὗτος</span> <span class='ocrx_word' id='word_1_560' title='bbox 3562 3661 3709 3715; x_wconf 79' lang='grc' dir='ltr'>αύτῶ</span> 
     </span>
    </p>
   </div>
   <div class='ocr_carea' id='block_1_80' title="bbox 2131 3744 3706 3823">
    <p class='ocr_par' dir='ltr' id='par_1_80' title="bbox 2131 3744 3706 3823">
     <span class='ocr_line' id='line_1_80' title="bbox 2131 3744 3706 3823; baseline -0.002 -18"><span class='ocrx_word' id='word_1_561' title='bbox 2131 3752 2345 3823; x_wconf 85' lang='grc' dir='ltr'>πρῶτος</span> <span class='ocrx_word' id='word_1_562' title='bbox 2386 3751 2533 3820; x_wconf 83' lang='grc' dir='ltr'>ἁγὼν</span> <span class='ocrx_word' id='word_1_563' title='bbox 2562 3753 2789 3821; x_wconf 91' lang='grc' dir='ltr'>γίνεται.</span> <span class='ocrx_word' id='word_1_564' title='bbox 2847 3752 3080 3820; x_wconf 87' lang='grc' dir='ltr'>Ἐπέστη</span> <span class='ocrx_word' id='word_1_565' title='bbox 3112 3751 3168 3802; x_wconf 79' lang='grc' dir='ltr'>δὲ</span> <span class='ocrx_word' id='word_1_566' title='bbox 3214 3753 3242 3803; x_wconf 74' lang='grc' dir='ltr'>ὁ</span> <span class='ocrx_word' id='word_1_567' title='bbox 3280 3744 3572 3813; x_wconf 84' lang='grc' dir='ltr'>ἐπίσκοπος</span> <span class='ocrx_word' id='word_1_568' title='bbox 3610 3752 3706 3819; x_wconf 55' lang='lat' dir='ltr'><strong>“ait.</strong></span> 
     </span>
    </p>
   </div>
   <div class='ocr_carea' id='block_1_81' title="bbox 2132 3843 3708 3913">
    <p class='ocr_par' dir='ltr' id='par_1_81' title="bbox 2132 3843 3708 3913">
     <span class='ocr_line' id='line_1_81' title="bbox 2132 3843 3708 3913; baseline -0.002 -14"><span class='ocrx_word' id='word_1_569' title='bbox 2132 3846 2359 3910; x_wconf 86' lang='grc' dir='ltr'>πόλεως,</span> <span class='ocrx_word' id='word_1_570' title='bbox 2392 3846 2487 3898; x_wconf 74' lang='grc' dir='ltr'>καὶ</span> <span class='ocrx_word' id='word_1_571' title='bbox 2519 3844 2768 3913; x_wconf 86' lang='grc' dir='ltr'>ἀφείλετο</span> <span class='ocrx_word' id='word_1_572' title='bbox 2809 3844 2991 3900; x_wconf 75' lang='grc' dir='ltr'>αὐτόν.</span> <span class='ocrx_word' id='word_1_573' title='bbox 3022 3843 3241 3895; x_wconf 78' lang='grc' dir='ltr'>Ἀλλοτε</span> <span class='ocrx_word' id='word_1_574' title='bbox 3270 3843 3327 3895; x_wconf 77' lang='grc' dir='ltr'>δὲ</span> <span class='ocrx_word' id='word_1_575' title='bbox 3357 3844 3708 3913; x_wconf 78' lang='grc' dir='ltr'>καταλαμϐά-</span> 
     </span>
    </p>
   </div>
   <div class='ocr_carea' id='block_1_82' title="bbox 2131 3934 3706 4007">
    <p class='ocr_par' dir='ltr' id='par_1_82' title="bbox 2131 3934 3706 4007">
     <span class='ocr_line' id='line_1_82' title="bbox 2131 3934 3706 4007; baseline -0.003 -16"><span class='ocrx_word' id='word_1_576' title='bbox 2131 3953 2313 3991; x_wconf 88' lang='grc' dir='ltr'>νουσιν</span> <span class='ocrx_word' id='word_1_577' title='bbox 2351 3938 2512 3990; x_wconf 85' lang='grc' dir='ltr'>αὐτὸν</span> <span class='ocrx_word' id='word_1_578' title='bbox 2543 3940 2601 3990; x_wconf 89' lang='grc' dir='ltr'><strong>ἐν</strong></span> <span class='ocrx_word' id='word_1_579' title='bbox 2629 3936 2904 4007; x_wconf 78' lang='grc' dir='ltr'>ὁδοιπορίᾳ</span> <span class='ocrx_word' id='word_1_580' title='bbox 2933 3934 3059 3999; x_wconf 75' lang='grc' dir='ltr'>τινὶ,</span> <span class='ocrx_word' id='word_1_581' title='bbox 3095 3935 3169 3997; x_wconf 85' lang='grc' dir='ltr'>ὼς</span> <span class='ocrx_word' id='word_1_582' title='bbox 3196 3937 3326 4006; x_wconf 77' lang='grc' dir='ltr'>ἡμῖν</span> <span class='ocrx_word' id='word_1_583' title='bbox 3366 3937 3706 4006; x_wconf 80' lang='grc' dir='ltr'>ὑφηγήσατο,</span> 
     </span>
    </p>
   </div>
   <div class='ocr_carea' id='block_1_83' title="bbox 2131 4027 3709 4098">
    <p class='ocr_par' dir='ltr' id='par_1_83' title="bbox 2131 4027 3709 4098">
     <span class='ocr_line' id='line_1_83' title="bbox 2131 4027 3709 4098; baseline -0.001 -16"><span class='ocrx_word' id='word_1_584' title='bbox 2131 4030 2225 4082; x_wconf 76' lang='grc' dir='ltr'>καὶ</span> <span class='ocrx_word' id='word_1_585' title='bbox 2256 4030 2535 4098; x_wconf 79' lang='grc' dir='ltr'>ῥίπτουσιν</span> <span class='ocrx_word' id='word_1_586' title='bbox 2565 4028 2725 4080; x_wconf 65' lang='grc' dir='ltr'>αὑτὸν</span> <span class='ocrx_word' id='word_1_587' title='bbox 2765 4029 2844 4090; x_wconf 87' lang='grc' dir='ltr'><strong>είς</strong></span> <span class='ocrx_word' id='word_1_588' title='bbox 2888 4027 3091 4080; x_wconf 82' lang='grc' dir='ltr'>Κύδνον</span> <span class='ocrx_word' id='word_1_589' title='bbox 3125 4028 3215 4078; x_wconf 80' lang='grc' dir='ltr'><strong>τὸν</strong></span> <span class='ocrx_word' id='word_1_590' title='bbox 3245 4028 3505 4097; x_wconf 83' lang='grc' dir='ltr'>ποταμόν.</span> <span class='ocrx_word' id='word_1_591' title='bbox 3536 4028 3624 4098; x_wconf 81' lang='grc' dir='ltr'><strong>Τῷ</strong></span> <span class='ocrx_word' id='word_1_592' title='bbox 3651 4028 3709 4080; x_wconf 81' lang='grc' dir='ltr'>δὲ</span> 
     </span>
    </p>
   </div>
   <div class='ocr_carea' id='block_1_84' title="bbox 2136 4119 3712 4193">
    <p class='ocr_par' dir='ltr' id='par_1_84' title="bbox 2136 4119 3712 4193">
     <span class='ocr_line' id='line_1_84' title="bbox 2136 4119 3712 4193; baseline -0.001 -19"><span class='ocrx_word' id='word_1_593' title='bbox 2136 4122 2365 4193; x_wconf 79' lang='grc' dir='ltr'>ῥεύματι</span> <span class='ocrx_word' id='word_1_594' title='bbox 2414 4120 2608 4172; x_wconf 79' lang='grc' dir='ltr'>αὑτὸν¹</span> <span class='ocrx_word' id='word_1_595' title='bbox 2654 4121 2972 4190; x_wconf 86' lang='grc' dir='ltr'>ἁρπαγέντα</span> <span class='ocrx_word' id='word_1_596' title='bbox 3018 4119 3326 4182; x_wconf 81' lang='grc' dir='ltr'>ἐτόπασαν,</span> <span class='ocrx_word' id='word_1_597' title='bbox 3370 4121 3443 4189; x_wconf 85' lang='grc' dir='ltr'>μή</span> <span class='ocrx_word' id='word_1_598' title='bbox 3482 4138 3559 4190; x_wconf 87' lang='grc' dir='ltr'><strong>πη</strong></span> <span class='ocrx_word' id='word_1_599' title='bbox 3602 4120 3712 4190; x_wconf 75' lang='grc' dir='ltr'>ἄρα.</span> 
     </span>
    </p>
   </div>
   <div class='ocr_carea' id='block_1_85' title="bbox 2132 4210 3710 4282">
    <p class='ocr_par' dir='ltr' id='par_1_85' title="bbox 2132 4210 3710 4282">
     <span class='ocr_line' id='line_1_85' title="bbox 2132 4210 3710 4282; baseline -0.001 -17"><span class='ocrx_word' id='word_1_600' title='bbox 2132 4213 2326 4266; x_wconf 76' lang='grc' dir='ltr'>ὄλωλεν</span> <span class='ocrx_word' id='word_1_601' title='bbox 2369 4212 2695 4282; x_wconf 85' lang='grc' dir='ltr'>ὑποϐρύχιος</span> <span class='ocrx_word' id='word_1_602' title='bbox 2726 4212 3017 4281; x_wconf 84' lang='grc' dir='ltr'>γενόμενος</span> <span class='ocrx_word' id='word_1_603' title='bbox 3060 4215 3172 4274; x_wconf 89' lang='grc' dir='ltr'>τοῖς</span> <span class='ocrx_word' id='word_1_604' title='bbox 3215 4211 3371 4263; x_wconf 78' lang='grc' dir='ltr'>ὕδασι</span> <span class='ocrx_word' id='word_1_605' title='bbox 3393 4228 3405 4240; x_wconf 86' lang='grc'><em>’</em></span> <span class='ocrx_word' id='word_1_606' title='bbox 3437 4212 3531 4263; x_wconf 79' lang='grc' dir='ltr'><strong>καὶ</strong></span> <span class='ocrx_word' id='word_1_607' title='bbox 3564 4210 3710 4281; x_wconf 76' lang='grc' dir='ltr'>ἔχαι-</span> 
     </span>
    </p>
   </div>
   <div class='ocr_carea' id='block_1_86' title="bbox 2135 4300 3709 4375">
    <p class='ocr_par' dir='ltr' id='par_1_86' title="bbox 2135 4300 3709 4375">
     <span class='ocr_line' id='line_1_86' title="bbox 2135 4300 3709 4375; baseline -0.002 -18"><span class='ocrx_word' id='word_1_608' title='bbox 2135 4322 2227 4375; x_wconf 90' lang='grc' dir='ltr'><strong>ρον</strong></span> <span class='ocrx_word' id='word_1_609' title='bbox 2252 4304 2343 4356; x_wconf 77' lang='grc' dir='ltr'><strong>ἐπὶ</strong></span> <span class='ocrx_word' id='word_1_610' title='bbox 2374 4302 2570 4372; x_wconf 88' lang='grc' dir='ltr'>τούτῳ.</span> <span class='ocrx_word' id='word_1_611' title='bbox 2604 4304 2662 4355; x_wconf 89' lang='lat' dir='ltr'><strong>&#39;O</strong></span> <span class='ocrx_word' id='word_1_612' title='bbox 2705 4302 2760 4354; x_wconf 84' lang='grc' dir='ltr'>δὲ</span> <span class='ocrx_word' id='word_1_613' title='bbox 2799 4300 2980 4373; x_wconf 81' lang='grc' dir='ltr'>μικρῷ</span> <span class='ocrx_word' id='word_1_614' title='bbox 3022 4300 3247 4372; x_wconf 76' lang='grc' dir='ltr'>ὕστερον</span> <span class='ocrx_word' id='word_1_615' title='bbox 3293 4301 3518 4372; x_wconf 82' lang='grc' dir='ltr'>λουτροῦ</span> <span class='ocrx_word' id='word_1_616' title='bbox 3554 4302 3709 4369; x_wconf 84' lang='grc' dir='ltr'>ἁγίου</span> 
     </span>
    </p>
   </div>
   <div class='ocr_carea' id='block_1_87' title="bbox 2134 4392 3709 4465">
    <p class='ocr_par' dir='ltr' id='par_1_87' title="bbox 2134 4392 3709 4465">
     <span class='ocr_line' id='line_1_87' title="bbox 2134 4392 3709 4465; baseline -0.004 -15"><span class='ocrx_word' id='word_1_617' title='bbox 2134 4395 2515 4460; x_wconf 80' lang='grc' dir='ltr'>καταξιοῦται·</span> <span class='ocrx_word' id='word_1_618' title='bbox 2561 4392 2738 4465; x_wconf 79' lang='grc' dir='ltr'>ἐσώθη</span> <span class='ocrx_word' id='word_1_619' title='bbox 2790 4395 2917 4464; x_wconf 89' lang='grc' dir='ltr'>γάρ.</span> <span class='ocrx_word' id='word_1_620' title='bbox 2952 4394 3160 4445; x_wconf 81' lang='grc' dir='ltr'>Ἀνεισι</span> <span class='ocrx_word' id='word_1_621' title='bbox 3196 4393 3251 4445; x_wconf 87' lang='grc' dir='ltr'><strong>δέ</strong></span> <span class='ocrx_word' id='word_1_622' title='bbox 3300 4394 3392 4445; x_wconf 74' lang='grc' dir='ltr'><strong>ἐπὶ</strong></span> <span class='ocrx_word' id='word_1_623' title='bbox 3430 4394 3489 4445; x_wconf 84' lang='grc' dir='ltr'><strong>τὸ</strong></span> <span class='ocrx_word' id='word_1_624' title='bbox 3534 4410 3709 4463; x_wconf 88' lang='grc' dir='ltr'>κομη-</span> 
     </span>
    </p>
   </div>
   <div class='ocr_carea' id='block_1_88' title="bbox 457 4475 2026 4563">
    <p class='ocr_par' dir='ltr' id='par_1_88' title="bbox 457 4475 2026 4549">
     <span class='ocr_line' id='line_1_88' title="bbox 457 4475 2026 4549; baseline 0.004 -18"><span class='ocrx_word' id='word_1_625' title='bbox 457 4477 634 4546; x_wconf 89' lang='lat' dir='ltr'><strong>cipem</strong></span> <span class='ocrx_word' id='word_1_626' title='bbox 672 4492 731 4531; x_wconf 89' lang='lat' dir='ltr'><strong>se</strong></span> <span class='ocrx_word' id='word_1_627' title='bbox 763 4475 980 4533; x_wconf 81' lang='lat' dir='ltr'><strong>Judaeos</strong></span> <span class='ocrx_word' id='word_1_628' title='bbox 1018 4478 1160 4533; x_wconf 89' lang='lat' dir='ltr'><strong>inter</strong></span> <span class='ocrx_word' id='word_1_629' title='bbox 1209 4478 1490 4549; x_wconf 89' lang='lat' dir='ltr'><strong>dignitatis</strong></span> <span class='ocrx_word' id='word_1_630' title='bbox 1524 4482 1703 4535; x_wconf 90' lang='lat' dir='ltr'><strong>locum</strong></span> <span class='ocrx_word' id='word_1_631' title='bbox 1736 4481 2026 4548; x_wconf 85' lang='lat' dir='ltr'><strong>habuisse;</strong></span> 
     </span>
    </p>
   </div>
   <div class='ocr_carea' id='block_1_89' title="bbox 2129 4475 3710 4563">
    <p class='ocr_par' dir='ltr' id='par_1_89' title="bbox 2136 4485 3710 4558">
     <span class='ocr_line' id='line_1_89' title="bbox 2136 4485 3710 4558; baseline -0.004 -17"><span class='ocrx_word' id='word_1_632' title='bbox 2136 4492 2314 4551; x_wconf 83' lang='grc' dir='ltr'>τᾶτον,</span> <span class='ocrx_word' id='word_1_633' title='bbox 2354 4488 2447 4541; x_wconf 72' lang='grc' dir='ltr'><strong>καὶ</strong></span> <span class='ocrx_word' id='word_1_634' title='bbox 2490 4487 2698 4558; x_wconf 83' lang='grc' dir='ltr'>βασιλεῖ</span> <span class='ocrx_word' id='word_1_635' title='bbox 2733 4487 3125 4556; x_wconf 86' lang='grc' dir='ltr'>Κωνσταντίνῳ</span> <span class='ocrx_word' id='word_1_636' title='bbox 3155 4485 3443 4553; x_wconf 82' lang='grc' dir='ltr'>φιλιοῦται,</span> <span class='ocrx_word' id='word_1_637' title='bbox 3476 4486 3569 4537; x_wconf 71' lang='grc' dir='ltr'>καὶ</span> <span class='ocrx_word' id='word_1_638' title='bbox 3613 4487 3710 4538; x_wconf 84' lang='grc' dir='ltr'>ἀν-</span> 
     </span>
    </p>
   </div>
   <div class='ocr_carea' id='block_1_90' title="bbox 456 4567 2030 4638">
    <p class='ocr_par' dir='ltr' id='par_1_90' title="bbox 456 4567 2030 4638">
     <span class='ocr_line' id='line_1_90' title="bbox 456 4567 2030 4638; baseline 0.004 -16"><span class='ocrx_word' id='word_1_639' title='bbox 456 4568 552 4622; x_wconf 89' lang='lat' dir='ltr'><strong>sed</strong></span> <span class='ocrx_word' id='word_1_640' title='bbox 582 4567 698 4622; x_wconf 88' lang='lat' dir='ltr'><strong>visa</strong></span> <span class='ocrx_word' id='word_1_641' title='bbox 734 4569 837 4622; x_wconf 87' lang='lat' dir='ltr'><strong>sibi</strong></span> <span class='ocrx_word' id='word_1_642' title='bbox 886 4569 1192 4638; x_wconf 86' lang='lat' dir='ltr'><strong>frequentia</strong></span> <span class='ocrx_word' id='word_1_643' title='bbox 1222 4571 1485 4627; x_wconf 89' lang='lat' dir='ltr'><strong>divinitus</strong></span> <span class='ocrx_word' id='word_1_644' title='bbox 1520 4573 1723 4636; x_wconf 88' lang='lat' dir='ltr'><strong>oblata,</strong></span> <span class='ocrx_word' id='word_1_645' title='bbox 1766 4573 2030 4629; x_wconf 83' lang='lat' dir='ltr'><strong>invitante</strong></span> 
     </span>
    </p>
   </div>
   <div class='ocr_carea' id='block_1_91' title="bbox 456 4657 2035 4732">
    <p class='ocr_par' dir='ltr' id='par_1_91' title="bbox 456 4657 2035 4732">
     <span class='ocr_line' id='line_1_91' title="bbox 456 4657 2035 4732; baseline 0.005 -21"><span class='ocrx_word' id='word_1_646' title='bbox 456 4657 709 4722; x_wconf 90' lang='lat' dir='ltr'><strong>Domino,</strong></span> <span class='ocrx_word' id='word_1_647' title='bbox 741 4666 800 4712; x_wconf 91' lang='lat' dir='ltr'><strong>ut</strong></span> <span class='ocrx_word' id='word_1_648' title='bbox 842 4659 908 4714; x_wconf 92' lang='lat' dir='ltr'><strong>ad</strong></span> <span class='ocrx_word' id='word_1_649' title='bbox 956 4660 1080 4714; x_wconf 86' lang='lat' dir='ltr'><strong>ﬁdei</strong></span> <span class='ocrx_word' id='word_1_650' title='bbox 1118 4661 1556 4732; x_wconf 87' lang='lat' dir='ltr'><strong>cognitionisque</strong></span> <span class='ocrx_word' id='word_1_651' title='bbox 1598 4679 1711 4718; x_wconf 67' lang='lat' dir='ltr'><strong>suae</strong></span> <span class='ocrx_word' id='word_1_652' title='bbox 1752 4665 2035 4719; x_wconf 87' lang='lat' dir='ltr'><strong>sanctissi-</strong></span> 
     </span>
    </p>
   </div>
   <div class='ocr_carea' id='block_1_92' title="bbox 457 4753 2031 4827">
    <p class='ocr_par' dir='ltr' id='par_1_92' title="bbox 457 4753 2031 4827">
     <span class='ocr_line' id='line_1_92' title="bbox 457 4753 2031 4827; baseline 0.006 -24"><span class='ocrx_word' id='word_1_653' title='bbox 457 4766 598 4804; x_wconf 87' lang='lat' dir='ltr'><strong>mam</strong></span> <span class='ocrx_word' id='word_1_654' title='bbox 636 4759 839 4805; x_wconf 89' lang='lat' dir='ltr'><strong>sortem</strong></span> <span class='ocrx_word' id='word_1_655' title='bbox 900 4767 964 4807; x_wconf 88' lang='lat' dir='ltr'><strong>ac</strong></span> <span class='ocrx_word' id='word_1_656' title='bbox 1002 4753 1227 4807; x_wconf 87' lang='lat' dir='ltr'><strong>salutem</strong></span> <span class='ocrx_word' id='word_1_657' title='bbox 1257 4770 1379 4809; x_wconf 88' lang='lat' dir='ltr'><strong>sese</strong></span> <span class='ocrx_word' id='word_1_658' title='bbox 1410 4755 1753 4811; x_wconf 85' lang='lat' dir='ltr'><strong>transferret.</strong></span> <span class='ocrx_word' id='word_1_659' title='bbox 1787 4758 1856 4811; x_wconf 84' lang='lat' dir='ltr'><strong>At</strong></span> <span class='ocrx_word' id='word_1_660' title='bbox 1887 4759 2031 4827; x_wconf 86' lang='lat' dir='ltr'><strong>opti-</strong></span> 
     </span>
    </p>
   </div>
   <div class='ocr_carea' id='block_1_93' title="bbox 457 4842 2033 4919">
    <p class='ocr_par' dir='ltr' id='par_1_93' title="bbox 457 4842 2033 4919">
     <span class='ocr_line' id='line_1_93' title="bbox 457 4842 2033 4919; baseline 0.006 -24"><span class='ocrx_word' id='word_1_661' title='bbox 457 4858 581 4897; x_wconf 90' lang='lat' dir='ltr'><strong>mus</strong></span> <span class='ocrx_word' id='word_1_662' title='bbox 615 4842 930 4912; x_wconf 89' lang='lat' dir='ltr'><strong>imperator,</strong></span> <span class='ocrx_word' id='word_1_663' title='bbox 960 4844 1271 4915; x_wconf 87' lang='lat' dir='ltr'><strong>Christique</strong></span> <span class='ocrx_word' id='word_1_664' title='bbox 1300 4862 1487 4919; x_wconf 88' lang='lat' dir='ltr'><strong>revera</strong></span> <span class='ocrx_word' id='word_1_665' title='bbox 1525 4863 1739 4915; x_wconf 89' lang='lat' dir='ltr'><strong>servus,</strong></span> <span class='ocrx_word' id='word_1_666' title='bbox 1770 4858 1825 4903; x_wconf 93' lang='lat' dir='ltr'><strong>et</strong></span> <span class='ocrx_word' id='word_1_667' title='bbox 1848 4850 2033 4905; x_wconf 89' lang='lat' dir='ltr'><strong>divino</strong></span> 
     </span>
    </p>
   </div>
   <div class='ocr_carea' id='block_1_94' title="bbox 456 4935 2030 5009">
    <p class='ocr_par' dir='ltr' id='par_1_94' title="bbox 456 4935 2030 5009">
     <span class='ocr_line' id='line_1_94' title="bbox 456 4935 2030 5009; baseline 0.006 -23"><span class='ocrx_word' id='word_1_668' title='bbox 456 4935 695 5005; x_wconf 88' lang='lat' dir='ltr'><strong>quodam</strong></span> <span class='ocrx_word' id='word_1_669' title='bbox 724 4936 867 4989; x_wconf 89' lang='lat' dir='ltr'><strong>inter</strong></span> <span class='ocrx_word' id='word_1_670' title='bbox 903 4936 1181 5007; x_wconf 87' lang='lat' dir='ltr'><strong>principes</strong></span> <span class='ocrx_word' id='word_1_671' title='bbox 1211 4937 1406 4993; x_wconf 91' lang='lat' dir='ltr'><strong>ardore</strong></span> <span class='ocrx_word' id='word_1_672' title='bbox 1428 4949 1552 5009; x_wconf 91' lang='lat' dir='ltr'><strong>post</strong></span> <span class='ocrx_word' id='word_1_673' title='bbox 1580 4938 1863 5006; x_wconf 90' lang='lat' dir='ltr'><strong>Davidem,</strong></span> <span class='ocrx_word' id='word_1_674' title='bbox 1894 4941 2030 4997; x_wconf 87' lang='lat' dir='ltr'><strong>Eze-</strong></span> 
     </span>
    </p>
   </div>
   <div class='ocr_carea' id='block_1_95' title="bbox 456 5026 2031 5104">
    <p class='ocr_par' dir='ltr' id='par_1_95' title="bbox 456 5026 2031 5104">
     <span class='ocr_line' id='line_1_95' title="bbox 456 5026 2031 5104; baseline 0.003 -21"><span class='ocrx_word' id='word_1_675' title='bbox 456 5027 657 5094; x_wconf 90' lang='lat' dir='ltr'><strong>chiam,</strong></span> <span class='ocrx_word' id='word_1_676' title='bbox 693 5035 747 5082; x_wconf 90' lang='lat' dir='ltr'><strong>et</strong></span> <span class='ocrx_word' id='word_1_677' title='bbox 776 5026 982 5083; x_wconf 86' lang='lat' dir='ltr'><strong>Josiam</strong></span> <span class='ocrx_word' id='word_1_678' title='bbox 1022 5039 1286 5097; x_wconf 67' lang='lat' dir='ltr'><strong>aestuans,</strong></span> <span class='ocrx_word' id='word_1_679' title='bbox 1328 5031 1433 5085; x_wconf 85' lang='lat' dir='ltr'><strong>hoc</strong></span> <span class='ocrx_word' id='word_1_680' title='bbox 1462 5031 1543 5085; x_wconf 87' lang='lat' dir='ltr'><strong>illi</strong></span> <span class='ocrx_word' id='word_1_681' title='bbox 1577 5032 1860 5103; x_wconf 88' lang='lat' dir='ltr'><strong>dignitatis</strong></span> <span class='ocrx_word' id='word_1_682' title='bbox 1890 5050 2031 5104; x_wconf 70' lang='lat' dir='ltr'><strong>pra:-</strong></span> 
     </span>
    </p>
   </div>
   <div class='ocr_carea' id='block_1_96' title="bbox 460 5117 2032 5189">
    <p class='ocr_par' dir='ltr' id='par_1_96' title="bbox 460 5117 2032 5189">
     <span class='ocr_line' id='line_1_96' title="bbox 460 5117 2032 5189; baseline 0.005 -19"><span class='ocrx_word' id='word_1_683' title='bbox 460 5118 651 5183; x_wconf 89' lang='lat' dir='ltr'><strong>mium,</strong></span> <span class='ocrx_word' id='word_1_684' title='bbox 682 5117 829 5189; x_wconf 91' lang='lat' dir='ltr'><strong>quod</strong></span> <span class='ocrx_word' id='word_1_685' title='bbox 876 5118 1039 5188; x_wconf 88' lang='lat' dir='ltr'><strong>paulo</strong></span> <span class='ocrx_word' id='word_1_686' title='bbox 1071 5126 1199 5174; x_wconf 86' lang='lat' dir='ltr'><strong>ante</strong></span> <span class='ocrx_word' id='word_1_687' title='bbox 1233 5120 1543 5187; x_wconf 89' lang='lat' dir='ltr'><strong>retulimus,</strong></span> <span class='ocrx_word' id='word_1_688' title='bbox 1574 5126 1827 5186; x_wconf 89' lang='lat' dir='ltr'><strong>contulit,</strong></span> <span class='ocrx_word' id='word_1_689' title='bbox 1858 5126 2032 5179; x_wconf 86' lang='lat' dir='ltr'><strong>comi-</strong></span> 
     </span>
    </p>
   </div>
   <div class='ocr_carea' id='block_1_97' title="bbox 460 5209 2031 5282">
    <p class='ocr_par' dir='ltr' id='par_1_97' title="bbox 460 5209 2031 5282">
     <span class='ocr_line' id='line_1_97' title="bbox 460 5209 2031 5282; baseline 0.005 -21"><span class='ocrx_word' id='word_1_690' title='bbox 460 5218 679 5279; x_wconf 90' lang='lat' dir='ltr'><strong>temque</strong></span> <span class='ocrx_word' id='word_1_691' title='bbox 734 5210 882 5271; x_wconf 90' lang='lat' dir='ltr'><strong>fecit,</strong></span> <span class='ocrx_word' id='word_1_692' title='bbox 940 5209 1138 5277; x_wconf 76' lang='lat' dir='ltr'><strong>iubens</strong></span> <span class='ocrx_word' id='word_1_693' title='bbox 1196 5210 1419 5281; x_wconf 88' lang='lat' dir='ltr'><strong>insuper</strong></span> <span class='ocrx_word' id='word_1_694' title='bbox 1467 5220 1527 5266; x_wconf 91' lang='lat' dir='ltr'><strong>ut</strong></span> <span class='ocrx_word' id='word_1_695' title='bbox 1573 5212 1837 5282; x_wconf 91' lang='lat' dir='ltr'><strong>quidquid</strong></span> <span class='ocrx_word' id='word_1_696' title='bbox 1867 5216 2031 5270; x_wconf 83' lang='lat' dir='ltr'><strong>vellet</strong></span> 
     </span>
    </p>
   </div>
   <div class='ocr_carea' id='block_1_98' title="bbox 456 5300 2035 5372">
    <p class='ocr_par' dir='ltr' id='par_1_98' title="bbox 456 5300 2035 5372">
     <span class='ocr_line' id='line_1_98' title="bbox 456 5300 2035 5372; baseline 0.006 -18"><span class='ocrx_word' id='word_1_697' title='bbox 456 5308 687 5370; x_wconf 87' lang='lat' dir='ltr'><strong>optaret.</strong></span> <span class='ocrx_word' id='word_1_698' title='bbox 723 5300 881 5372; x_wconf 78' lang='lat'><strong>136</strong></span> <span class='ocrx_word' id='word_1_699' title='bbox 919 5300 1011 5356; x_wconf 90' lang='lat' dir='ltr'><strong>llle</strong></span> <span class='ocrx_word' id='word_1_700' title='bbox 1036 5302 1173 5357; x_wconf 89' lang='lat' dir='ltr'><strong>nihil</strong></span> <span class='ocrx_word' id='word_1_701' title='bbox 1200 5303 1346 5358; x_wconf 93' lang='lat' dir='ltr'><strong>aliud</strong></span> <span class='ocrx_word' id='word_1_702' title='bbox 1379 5304 1489 5360; x_wconf 86' lang='lat' dir='ltr'><strong>nisi</strong></span> <span class='ocrx_word' id='word_1_703' title='bbox 1520 5305 1626 5360; x_wconf 90' lang='lat' dir='ltr'><strong>hoc</strong></span> <span class='ocrx_word' id='word_1_704' title='bbox 1656 5321 1825 5360; x_wconf 90' lang='lat' dir='ltr'><strong>unum</strong></span> <span class='ocrx_word' id='word_1_705' title='bbox 1860 5311 2035 5363; x_wconf 72' lang='grc' dir='ltr'>[ηοιὶ-</span> 
     </span>
    </p>
   </div>
   <div class='ocr_carea' id='block_1_99' title="bbox 533 5459 1115 5530">
    <p class='ocr_par' dir='ltr' id='par_1_99' title="bbox 533 5459 1115 5530">
     <span class='ocr_line' id='line_1_99' title="bbox 533 5459 1115 5530; baseline -0.002 -15"><span class='ocrx_word' id='word_1_706' title='bbox 533 5459 549 5489; x_wconf 88' lang='grc'>¹</span> <span class='ocrx_word' id='word_1_707' title='bbox 572 5476 665 5530; x_wconf 83' lang='grc' dir='ltr'><strong>γρ.</strong></span> <span class='ocrx_word' id='word_1_708' title='bbox 698 5459 1115 5530; x_wconf 81' lang='grc' dir='ltr'>ἀφαρπαγέντα.</span> 
     </span>
    </p>
   </div>
   <div class='ocr_carea' id='block_1_100' title="bbox 530 5571 2025 5643">
    <p class='ocr_par' dir='ltr' id='par_1_100' title="bbox 530 5571 2025 5643">
     <span class='ocr_line' id='line_1_100' title="bbox 530 5571 2025 5643; baseline 0.001 -18"><span class='ocrx_word' id='word_1_709' title='bbox 530 5572 639 5643; x_wconf 75' lang='lat'><strong>(25)</strong></span> <span class='ocrx_word' id='word_1_710' title='bbox 681 5574 876 5639; x_wconf 83' lang='grc' dir='ltr'>Οὕτως</span> <span class='ocrx_word' id='word_1_711' title='bbox 948 5572 1238 5629; x_wconf 69' lang='grc' dir='ltr'>ἐπιτελεῖν·</span> <span class='ocrx_word' id='word_1_712' title='bbox 1303 5574 1805 5642; x_wconf 74' lang='grc' dir='ltr'>προϐαλλόμενος.</span> <span class='ocrx_word' id='word_1_713' title='bbox 1848 5571 2025 5626; x_wconf 84' lang='lat' dir='ltr'><strong>Variis</strong></span> 
     </span>
    </p>
   </div>
   <div class='ocr_carea' id='block_1_101' title="bbox 458 5645 2022 5713">
    <p class='ocr_par' dir='ltr' id='par_1_101' title="bbox 458 5645 2022 5713">
     <span class='ocr_line' id='line_1_101' title="bbox 458 5645 2022 5713; baseline -0.004 -13"><span class='ocrx_word' id='word_1_714' title='bbox 458 5646 636 5700; x_wconf 89' lang='lat' dir='ltr'><strong>modis</strong></span> <span class='ocrx_word' id='word_1_715' title='bbox 667 5645 925 5713; x_wconf 83' lang='lat' dir='ltr'><strong>explicari</strong></span> <span class='ocrx_word' id='word_1_716' title='bbox 967 5646 1131 5699; x_wconf 87' lang='lat' dir='ltr'><strong>verba</strong></span> <span class='ocrx_word' id='word_1_717' title='bbox 1167 5648 1270 5696; x_wconf 85' lang='lat' dir='ltr'><strong>ista</strong></span> <span class='ocrx_word' id='word_1_718' title='bbox 1305 5652 1534 5713; x_wconf 86' lang='lat' dir='ltr'><strong>possunt</strong></span> <span class='ocrx_word' id='word_1_719' title='bbox 1564 5663 1575 5697; x_wconf 89' lang='lat'>:</span> <span class='ocrx_word' id='word_1_720' title='bbox 1606 5650 1719 5699; x_wconf 79' lang='lat' dir='ltr'><strong>sive</strong></span> <span class='ocrx_word' id='word_1_721' title='bbox 1750 5657 1815 5696; x_wconf 84' lang='lat' dir='ltr'><strong>eo</strong></span> <span class='ocrx_word' id='word_1_722' title='bbox 1834 5658 2022 5705; x_wconf 85' lang='lat' dir='ltr'><strong>sensu,</strong></span> 
     </span>
    </p>
   </div>
   <div class='ocr_carea' id='block_1_102' title="bbox 501 5713 2019 5782">
    <p class='ocr_par' dir='ltr' id='par_1_102' title="bbox 501 5713 2019 5782">
     <span class='ocr_line' id='line_1_102' title="bbox 501 5713 2019 5782; baseline -0.001 -15"><span class='ocrx_word' id='word_1_723' title='bbox 501 5731 618 5769; x_wconf 75' lang='lat' dir='ltr'><strong>item</strong></span> <span class='ocrx_word' id='word_1_724' title='bbox 643 5714 1014 5777; x_wconf 87' lang='lat' dir='ltr'><strong>reddidimus;</strong></span> <span class='ocrx_word' id='word_1_725' title='bbox 1048 5714 1162 5766; x_wconf 75' lang='lat' dir='ltr'><strong>sive</strong></span> <span class='ocrx_word' id='word_1_726' title='bbox 1189 5728 1346 5781; x_wconf 86' lang='lat' dir='ltr'><strong>quem</strong></span> <span class='ocrx_word' id='word_1_727' title='bbox 1379 5714 1675 5769; x_wconf 84' lang='lat' dir='ltr'><strong>Cornarius</strong></span> <span class='ocrx_word' id='word_1_728' title='bbox 1709 5713 1979 5782; x_wconf 84' lang='lat' dir='ltr'><strong>expressit</strong></span> <span class='ocrx_word' id='word_1_729' title='bbox 2007 5729 2019 5765; x_wconf 91' lang='lat'><strong>:</strong></span> 
     </span>
    </p>
   </div>
   <div class='ocr_carea' id='block_1_103' title="bbox 459 5731 1365 5851">
    <p class='ocr_par' dir='ltr' id='par_1_103' title="bbox 459 5731 1365 5851">
     <span class='ocr_line' id='line_1_103' title="bbox 501 5731 1346 5781; baseline -0.002 -14"><span class='ocrx_word' id='word_1_730' title='bbox 501 5731 618 5769; x_wconf 73' lang='lat' dir='ltr'><strong>item</strong></span> <span class='ocrx_word' id='word_1_731' title='bbox 643 5731 1014 5777; x_wconf 74' lang='lat' dir='ltr'><strong>reuatumius;</strong></span> <span class='ocrx_word' id='word_1_732' title='bbox 1048 5731 1162 5766; x_wconf 62' lang='grc' dir='ltr'>δικ-ο</span> <span class='ocrx_word' id='word_1_733' title='bbox 1189 5731 1346 5781; x_wconf 86' lang='lat' dir='ltr'><strong>quem</strong></span> 
     </span>
     <span class='ocr_line' id='line_1_104' title="bbox 459 5731 1365 5851; baseline -0.006 -11"><span class='ocrx_word' id='word_1_734' title='bbox 459 5731 548 5840; x_wconf 60' lang='lat' dir='ltr'><strong>git:</strong></span> <span class='ocrx_word' id='word_1_735' title='bbox 572 5786 705 5838; x_wconf 79' lang='lat' dir='ltr'><strong>enim</strong></span> <span class='ocrx_word' id='word_1_736' title='bbox 732 5802 784 5839; x_wconf 83' lang='lat' dir='ltr'><strong>se</strong></span> <span class='ocrx_word' id='word_1_737' title='bbox 801 5784 976 5851; x_wconf 67' lang='lat' dir='ltr'><strong>facere</strong></span> <span class='ocrx_word' id='word_1_738' title='bbox 1003 5782 1365 5839; x_wconf 73' lang='lat' dir='ltr'><strong>nrwtcndebal.</strong></span> 
     </span>
    </p>
   </div>
   <div class='ocr_carea' id='block_1_104' title="bbox 2136 4571 3709 4647">
    <p class='ocr_par' dir='ltr' id='par_1_104' title="bbox 2136 4571 3709 4647">
     <span class='ocr_line' id='line_1_105' title="bbox 2136 4571 3709 4647; baseline -0.003 -15"><span class='ocrx_word' id='word_1_739' title='bbox 2136 4580 2288 4632; x_wconf 85' lang='grc' dir='ltr'>έθετο</span> <span class='ocrx_word' id='word_1_740' title='bbox 2321 4577 2469 4647; x_wconf 81' lang='grc' dir='ltr'>αὐτῷ</span> <span class='ocrx_word' id='word_1_741' title='bbox 2492 4577 2561 4630; x_wconf 82' lang='grc' dir='ltr'><strong>τὰ</strong></span> <span class='ocrx_word' id='word_1_742' title='bbox 2594 4577 2713 4630; x_wconf 86' lang='grc' dir='ltr'>καθ’</span> <span class='ocrx_word' id='word_1_743' title='bbox 2748 4576 2940 4629; x_wconf 86' lang='grc' dir='ltr'>ἐαυτὸν</span> <span class='ocrx_word' id='word_1_744' title='bbox 2965 4576 3200 4636; x_wconf 78' lang='grc' dir='ltr'>ἅπαντα,</span> <span class='ocrx_word' id='word_1_745' title='bbox 3242 4576 3317 4638; x_wconf 87' lang='grc' dir='ltr'><strong>ὡς</strong></span> <span class='ocrx_word' id='word_1_746' title='bbox 3344 4571 3411 4646; x_wconf 80' lang='grc' dir='ltr'><strong>ῆν</strong></span> <span class='ocrx_word' id='word_1_747' title='bbox 3451 4576 3558 4647; x_wconf 85' lang='grc' dir='ltr'><strong>τῶν</strong></span> <span class='ocrx_word' id='word_1_748' title='bbox 3588 4577 3709 4628; x_wconf 88' lang='grc' dir='ltr'>κατ’</span> 
     </span>
    </p>
   </div>
   <div class='ocr_carea' id='block_1_105' title="bbox 2147 4666 3711 4738">
    <p class='ocr_par' dir='ltr' id='par_1_105' title="bbox 2147 4666 3711 4738">
     <span class='ocr_line' id='line_1_106' title="bbox 2147 4666 3711 4738; baseline -0.002 -15"><span class='ocrx_word' id='word_1_749' title='bbox 2147 4669 2429 4732; x_wconf 84' lang='grc' dir='ltr'>Ἰουδαίους</span> <span class='ocrx_word' id='word_1_750' title='bbox 2474 4668 2811 4738; x_wconf 78' lang='grc' dir='ltr'>ἐξοχωτάτης</span> <span class='ocrx_word' id='word_1_751' title='bbox 2864 4667 3059 4731; x_wconf 77' lang='grc' dir='ltr'>ἀξίας,</span> <span class='ocrx_word' id='word_1_752' title='bbox 3110 4669 3204 4720; x_wconf 83' lang='grc' dir='ltr'><strong>καὶ</strong></span> <span class='ocrx_word' id='word_1_753' title='bbox 3250 4668 3324 4729; x_wconf 84' lang='grc' dir='ltr'>ὡς</span> <span class='ocrx_word' id='word_1_754' title='bbox 3372 4668 3429 4719; x_wconf 81' lang='grc' dir='ltr'><strong>αἱ</strong></span> <span class='ocrx_word' id='word_1_755' title='bbox 3465 4666 3711 4720; x_wconf 84' lang='grc' dir='ltr'>θεοπτίαι</span> 
     </span>
    </p>
   </div>
   <div class='ocr_carea' id='block_1_106' title="bbox 2136 4757 3715 4832">
    <p class='ocr_par' dir='ltr' id='par_1_106' title="bbox 2136 4757 3715 4832">
     <span class='ocr_line' id='line_1_107' title="bbox 2136 4757 3715 4832; baseline -0.003 -17"><span class='ocrx_word' id='word_1_756' title='bbox 2136 4761 2283 4832; x_wconf 78' lang='grc' dir='ltr'>αὐτῷ</span> <span class='ocrx_word' id='word_1_757' title='bbox 2317 4762 2490 4830; x_wconf 83' lang='grc' dir='ltr'>πάντη</span> <span class='ocrx_word' id='word_1_758' title='bbox 2521 4763 2820 4828; x_wconf 82' lang='grc' dir='ltr'>ἐφαίνοντο,</span> <span class='ocrx_word' id='word_1_759' title='bbox 2860 4758 3067 4829; x_wconf 89' lang='grc' dir='ltr'>Κυρίου</span> <span class='ocrx_word' id='word_1_760' title='bbox 3113 4758 3273 4811; x_wconf 77' lang='grc' dir='ltr'>αὐτὸν</span> <span class='ocrx_word' id='word_1_761' title='bbox 3301 4757 3715 4829; x_wconf 80' lang='grc' dir='ltr'>προσκαλουμέ-</span> 
     </span>
    </p>
   </div>
   <div class='ocr_carea' id='block_1_107' title="bbox 2137 4848 3714 4923">
    <p class='ocr_par' dir='ltr' id='par_1_107' title="bbox 2137 4848 3714 4923">
     <span class='ocr_line' id='line_1_108' title="bbox 2137 4848 3714 4923; baseline -0.003 -18"><span class='ocrx_word' id='word_1_762' title='bbox 2137 4870 2227 4905; x_wconf 88' lang='grc' dir='ltr'><strong>νου</strong></span> <span class='ocrx_word' id='word_1_763' title='bbox 2254 4855 2332 4915; x_wconf 84' lang='grc' dir='ltr'><strong>είς</strong></span> <span class='ocrx_word' id='word_1_764' title='bbox 2359 4852 2458 4923; x_wconf 84' lang='grc' dir='ltr'><strong>τὴν</strong></span> <span class='ocrx_word' id='word_1_765' title='bbox 2486 4851 2647 4919; x_wconf 85' lang='grc' dir='ltr'>ἁγίαν</span> <span class='ocrx_word' id='word_1_766' title='bbox 2677 4850 2866 4920; x_wconf 89' lang='grc' dir='ltr'>κλῆσιν</span> <span class='ocrx_word' id='word_1_767' title='bbox 2893 4849 2988 4901; x_wconf 75' lang='grc' dir='ltr'>καὶ</span> <span class='ocrx_word' id='word_1_768' title='bbox 3027 4848 3300 4916; x_wconf 87' lang='grc' dir='ltr'>σωτηρίαν</span> <span class='ocrx_word' id='word_1_769' title='bbox 3333 4848 3432 4917; x_wconf 87' lang='grc' dir='ltr'><strong>τῆς</strong></span> <span class='ocrx_word' id='word_1_770' title='bbox 3463 4848 3582 4900; x_wconf 79' lang='grc' dir='ltr'>κατ’</span> <span class='ocrx_word' id='word_1_771' title='bbox 3617 4849 3714 4900; x_wconf 84' lang='grc' dir='ltr'>αύ-</span> 
     </span>
    </p>
   </div>
   <div class='ocr_carea' id='block_1_108' title="bbox 2135 4937 3706 5008">
    <p class='ocr_par' dir='ltr' id='par_1_108' title="bbox 2135 4937 3706 5008">
     <span class='ocr_line' id='line_1_109' title="bbox 2135 4937 3706 5008; baseline -0.003 -12"><span class='ocrx_word' id='word_1_772' title='bbox 2135 4944 2225 4996; x_wconf 85' lang='grc' dir='ltr'><strong>τὸν</strong></span> <span class='ocrx_word' id='word_1_773' title='bbox 2260 4942 2492 5005; x_wconf 85' lang='grc' dir='ltr'>πίστεώς</span> <span class='ocrx_word' id='word_1_774' title='bbox 2519 4959 2580 4994; x_wconf 90' lang='grc' dir='ltr'><strong>τε</strong></span> <span class='ocrx_word' id='word_1_775' title='bbox 2609 4943 2700 4994; x_wconf 73' lang='grc' dir='ltr'><strong>καὶ</strong></span> <span class='ocrx_word' id='word_1_776' title='bbox 2726 4939 3001 5008; x_wconf 86' lang='grc' dir='ltr'>γνώσεως.</span> <span class='ocrx_word' id='word_1_777' title='bbox 3038 4938 3096 4991; x_wconf 81' lang='grc' dir='ltr'><strong>Ὀ</strong></span> <span class='ocrx_word' id='word_1_778' title='bbox 3123 4937 3178 4990; x_wconf 82' lang='grc' dir='ltr'>δὲ</span> <span class='ocrx_word' id='word_1_779' title='bbox 3204 4938 3404 5005; x_wconf 81' lang='grc' dir='ltr'>ἀγαθὸς</span> <span class='ocrx_word' id='word_1_780' title='bbox 3435 4937 3706 5008; x_wconf 71' lang='grc' dir='ltr'>βασιλεὺς,</span> 
     </span>
    </p>
   </div>
   <div class='ocr_carea' id='block_1_109' title="bbox 2131 5030 3710 5104">
    <p class='ocr_par' dir='ltr' id='par_1_109' title="bbox 2131 5030 3710 5104">
     <span class='ocr_line' id='line_1_110' title="bbox 2131 5030 3710 5104; baseline -0.004 -17"><span class='ocrx_word' id='word_1_781' title='bbox 2131 5035 2316 5098; x_wconf 82' lang='grc' dir='ltr'>δοῦλος</span> <span class='ocrx_word' id='word_1_782' title='bbox 2359 5032 2432 5086; x_wconf 82' lang='grc' dir='ltr'><strong>ὢν</strong></span> <span class='ocrx_word' id='word_1_783' title='bbox 2474 5032 2710 5104; x_wconf 78' lang='grc' dir='ltr'>Χριστοῦ</span> <span class='ocrx_word' id='word_1_784' title='bbox 2760 5034 2818 5086; x_wconf 89' lang='grc' dir='ltr'><strong>ἐν</strong></span> <span class='ocrx_word' id='word_1_785' title='bbox 2858 5031 3107 5102; x_wconf 77' lang='grc' dir='ltr'>ἀληθείᾳ,</span> <span class='ocrx_word' id='word_1_786' title='bbox 3141 5031 3236 5083; x_wconf 57' lang='grc' dir='ltr'><strong>καὶ⁵</strong></span> <span class='ocrx_word' id='word_1_787' title='bbox 3278 5031 3368 5083; x_wconf 86' lang='grc' dir='ltr'><strong>τὸν</strong></span> <span class='ocrx_word' id='word_1_788' title='bbox 3405 5030 3547 5083; x_wconf 75' lang='grc' dir='ltr'>κατὰ</span> <span class='ocrx_word' id='word_1_789' title='bbox 3580 5030 3710 5082; x_wconf 79' lang='grc' dir='ltr'>Θεὸν</span> 
     </span>
    </p>
   </div>
   <div class='ocr_carea' id='block_1_110' title="bbox 2135 5120 3712 5197">
    <p class='ocr_par' dir='ltr' id='par_1_110' title="bbox 2135 5120 3712 5197">
     <span class='ocr_line' id='line_1_111' title="bbox 2135 5120 3712 5197; baseline -0.005 -18"><span class='ocrx_word' id='word_1_790' title='bbox 2135 5126 2293 5197; x_wconf 81' lang='grc' dir='ltr'>ζῆλον</span> <span class='ocrx_word' id='word_1_791' title='bbox 2344 5128 2401 5178; x_wconf 84' lang='grc' dir='ltr'><strong>ἐν</strong></span> <span class='ocrx_word' id='word_1_792' title='bbox 2451 5124 2727 5195; x_wconf 80' lang='grc' dir='ltr'>βασιλεῦσι</span> <span class='ocrx_word' id='word_1_793' title='bbox 2776 5122 2916 5194; x_wconf 85' lang='grc' dir='ltr'>μετὰ</span> <span class='ocrx_word' id='word_1_794' title='bbox 2961 5122 3125 5175; x_wconf 79' lang='grc' dir='ltr'>Δαϐὶδ</span> <span class='ocrx_word' id='word_1_795' title='bbox 3174 5123 3267 5175; x_wconf 75' lang='grc' dir='ltr'><strong>καὶ</strong></span> <span class='ocrx_word' id='word_1_796' title='bbox 3318 5121 3563 5186; x_wconf 79' lang='grc' dir='ltr'>Ἐζεκίαν</span> <span class='ocrx_word' id='word_1_797' title='bbox 3618 5120 3712 5173; x_wconf 72' lang='grc' dir='ltr'><strong>καὶ</strong></span> 
     </span>
    </p>
   </div>
   <div class='ocr_carea' id='block_1_111' title="bbox 2148 5212 3712 5287">
    <p class='ocr_par' dir='ltr' id='par_1_111' title="bbox 2148 5212 3712 5287">
     <span class='ocr_line' id='line_1_112' title="bbox 2148 5212 3712 5287; baseline -0.006 -16"><span class='ocrx_word' id='word_1_798' title='bbox 2148 5218 2356 5271; x_wconf 88' lang='grc' dir='ltr'>Ἰωσίαν</span> <span class='ocrx_word' id='word_1_799' title='bbox 2400 5217 2735 5287; x_wconf 87' lang='grc' dir='ltr'>κεκτημένος</span> <span class='ocrx_word' id='word_1_800' title='bbox 2784 5214 2953 5285; x_wconf 89' lang='grc' dir='ltr'>γέρας</span> <span class='ocrx_word' id='word_1_801' title='bbox 3004 5213 3150 5284; x_wconf 81' lang='grc' dir='ltr'>αὐτῷ</span> <span class='ocrx_word' id='word_1_802' title='bbox 3194 5213 3439 5277; x_wconf 89' lang='grc' dir='ltr'>δίδωσιν,</span> <span class='ocrx_word' id='word_1_803' title='bbox 3489 5212 3564 5274; x_wconf 86' lang='grc' dir='ltr'>ὡς</span> <span class='ocrx_word' id='word_1_804' title='bbox 3608 5212 3712 5280; x_wconf 75' lang='grc' dir='ltr'>ἠδη</span> 
     </span>
    </p>
   </div>
   <div class='ocr_carea' id='block_1_112' title="bbox 2134 5304 3711 5380">
    <p class='ocr_par' dir='ltr' id='par_1_112' title="bbox 2134 5304 3711 5380">
     <span class='ocr_line' id='line_1_113' title="bbox 2134 5304 3711 5380; baseline -0.004 -18"><span class='ocrx_word' id='word_1_805' title='bbox 2134 5313 2415 5380; x_wconf 86' lang='grc' dir='ltr'>προεῖπον,</span> <span class='ocrx_word' id='word_1_806' title='bbox 2445 5307 2756 5379; x_wconf 78' lang='grc' dir='ltr'>ἀξιώματος</span> <span class='ocrx_word' id='word_1_807' title='bbox 2797 5310 2854 5362; x_wconf 83' lang='grc' dir='ltr'><strong>ἐν</strong></span> <span class='ocrx_word' id='word_1_808' title='bbox 2881 5311 2947 5378; x_wconf 83' lang='grc' dir='ltr'><strong>τῇ</strong></span> <span class='ocrx_word' id='word_1_809' title='bbox 2979 5306 3144 5360; x_wconf 78' lang='grc' dir='ltr'>αὑτοῦ</span> <span class='ocrx_word' id='word_1_810' title='bbox 3179 5304 3443 5378; x_wconf 84' lang='grc' dir='ltr'>βασιλείᾳ.</span> <span class='ocrx_word' id='word_1_811' title='bbox 3482 5305 3711 5375; x_wconf 83' lang='grc' dir='ltr'>Κόμητα</span> 
     </span>
    </p>
   </div>
   <div class='ocr_carea' id='block_1_113' title="bbox 2205 5576 3711 5663">
    <p class='ocr_par' dir='ltr' id='par_1_113' title="bbox 2205 5576 3711 5663">
     <span class='ocr_line' id='line_1_114' title="bbox 2205 5576 3711 5663; baseline 0.003 -34"><span class='ocrx_word' id='word_1_812' title='bbox 2205 5576 2321 5663; x_wconf 51' lang='grc'><strong>(26)</strong></span> <span class='ocrx_word' id='word_1_813' title='bbox 2358 5577 2467 5630; x_wconf 78' lang='grc' dir='ltr'>Καὶ</span> <span class='ocrx_word' id='word_1_814' title='bbox 2502 5578 2802 5661; x_wconf 58' lang='grc' dir='ltr'>Ἄζανιτῶγ</span> <span class='ocrx_word' id='word_1_815' title='bbox 2838 5578 2958 5663; x_wconf 64' lang='grc' dir='ltr'>τῶν</span> <span class='ocrx_word' id='word_1_816' title='bbox 2997 5580 3131 5648; x_wconf 83' lang='grc' dir='ltr'>παρ’</span> <span class='ocrx_word' id='word_1_817' title='bbox 3165 5578 3386 5663; x_wconf 46' lang='grc' dir='ltr'>αὐτο-ξς.</span> <span class='ocrx_word' id='word_1_818' title='bbox 3426 5576 3711 5663; x_wconf 50' lang='grc' dir='ltr'><strong>Ιυᾶεέξτῃη</strong></span> 
     </span>
    </p>
   </div>
   <div class='ocr_carea' id='block_1_114' title="bbox 2130 5646 3710 5774">
    <p class='ocr_par' dir='ltr' id='par_1_114' title="bbox 2130 5646 3710 5774">
     <span class='ocr_line' id='line_1_115' title="bbox 2130 5646 3710 5717; baseline 0.003 -18"><span class='ocrx_word' id='word_1_819' title='bbox 2130 5657 2328 5701; x_wconf 83' lang='lat' dir='ltr'><strong>vocant</strong></span> <span class='ocrx_word' id='word_1_820' title='bbox 2374 5664 2662 5717; x_wconf 74' lang='lat' dir='ltr'><strong>synagoga:</strong></span> <span class='ocrx_word' id='word_1_821' title='bbox 2722 5646 3188 5715; x_wconf 27' lang='lat' dir='ltr'><strong>ministrum,‘vel</strong></span> <span class='ocrx_word' id='word_1_822' title='bbox 3242 5650 3519 5705; x_wconf 75' lang='lat' dir='ltr'><strong>aedituum.</strong></span> <span class='ocrx_word' id='word_1_823' title='bbox 3570 5646 3710 5707; x_wconf 79' lang='lat' dir='ltr'><strong>Vi&#39;de</strong></span> 
     </span>
     <span class='ocr_line' id='line_1_116' title="bbox 2130 5711 2627 5774; baseline 0.016 -8"><span class='ocrx_word' id='word_1_824' title='bbox 2130 5711 2300 5771; x_wconf 88' lang='lat' dir='ltr'><strong>Eliam</strong></span> <span class='ocrx_word' id='word_1_825' title='bbox 2338 5719 2388 5771; x_wconf 89' lang='lat' dir='ltr'><strong>in</strong></span> <span class='ocrx_word' id='word_1_826' title='bbox 2428 5718 2627 5774; x_wconf 78' lang='lat' dir='ltr'><strong>Thisbi.</strong></span> 
     </span>
    </p>
   </div>
  </div>
