4170 6372
368 390 470 454 4.25

1000 399 1368 455 ADVERSUS
1410 397 1753 456 [IAERESES
1788 400 1913 458 ΜΒ.
1957 402 1962 454 l

2064 400 2198 458 ΓΟΜ.
2241 400 2304 458 ll.
2343 433 2414 444 —
2451 402 2724 458 HAERES.
2764 401 2933 457 XXX.

3527 402 3630 457 4'26

367 515 478 584 γὰρ
508 513 670 568 αὐτὸν
701 532 1003 587 κατεστησε
1033 517 1169 587 (27),
1199 517 1376 586 φήσας
1407 518 1555 588 αὐτῷ
1589 519 1758 571 αίτείν
1789 518 1951 572 πάλιν

2064 518 2127 572 rni
2161 519 2414 574 beneﬁcii
2456 519 2576 574 loco
2607 518 2932 588 postulavit,
2969 516 3076 572 sibi
3113 523 3174 570 ut
3220 515 3276 571 in
3313 515 3629 572 Juda'orum

367 606 395 658 ὃ
426 605 694 675 βούλεται.
725 607 783 662 '0
803 607 860 659 δὲ
887 608 1040 660 οὐδὲν
1065 610 1305 678 ᾐτήσατο
1337 609 1475 678 πλὴν
1510 609 1666 662 τοῦτο
1699 611 1952 679 μέγιστον

367 694 613 766 χάρισμα
643 698 828 767 τυχεῖν
851 700 1001 768 παρὰ
1029 697 1123 750 τοῦ
1153 697 1440 766 βασιλέως,
1464 697 1527 750 τὸ
1559 700 1948 769 ἐπιτραπῆναι,

367 788 464 840 καὶ
485 787 574 840 διὰ
595 787 1015 858 προστάγματος
1047 786 1327 858 βασιλικοῦ
1359 788 1709 858 οἰκοδομῆσαι
1732 787 1952 858 Χριστῷ

369 877 665 947 ἐκκλησίας
701 879 758 930 ἐν
779 880 896 939 ταῖς
923 876 1110 930 πόλεσι
1150 877 1244 929 καὶ
1272 876 1486 946 κώμαις
1513 877 1621 930 τῶν
1661 877 1949 933 Ἰουδαίων.

374 969 542 1021 Ἔνθα
574 986 657 1032 τις
687 969 940 1021 οὐδέποτε
991 969 1208 1038 ἴσχυσεν
1242 969 1590 1038 οἰκοδομῆσαι
1622 967 1914 1037 ἐκκλησίας
1933 1010 1948 1031 ,

369 1061 459 1114 διὰ
486 1061 546 1113 τὸ
570 1062 708 1131 μήτε
724 1060 960 1130 Ἕλληνα
985 1060 1119 1131 μήτε
1149 1061 1494 1131 Σαμαρείτην
1528 1061 1665 1131 μήτε
1689 1062 1732 1112 Χ
1742 1078 1953 1132 ριστια-

369 1155 458 1208 νὸν
491 1153 654 1226 μέσον
695 1152 874 1206 αὐτῶν
905 1149 1062 1207 εἶναι.
1109 1152 1280 1206 Τοῦτο
1327 1153 1384 1206 δὲ
1425 1153 1659 1223 μάλιστα
1699 1154 1756 1205 ἐν
1789 1153 1949 1205 Τιϐε-

373 1245 544 1315 ριάδι,
589 1244 686 1298 καὶ
734 1247 792 1297 ἐν
833 1244 1246 1315 Διοκαισαρείᾳ,
1279 1247 1343 1314 τῇ
1380 1245 1472 1296 καὶ
1501 1243 1826 1313 Σεπφουρὶν,
1858 1244 1953 1296 καὶ

369 1336 427 1387 ἐν
462 1334 719 1405 Ναζαρὲτ
739 1376 753 1397 ,
786 1336 880 1386 καὶ
912 1336 969 1386 ἐν
1000 1335 1412 1404 Καφαρναοὺμ,
1452 1333 1784 1403 φυλάσσεται
1820 1334 1950 1406 παρ’

368 1421 552 1484 αὐτοῖς
578 1421 671 1474 τοῦ
709 1421 783 1492 μὴ
806 1417 944 1475 εἷναί
976 1440 1097 1476 τινα
1131 1423 1289 1475 ἄλλου
1317 1423 1521 1487 ἔθνους.

441 1513 520 1566 ΙΒ’
580 1511 777 1566 Λαϐὼν
808 1513 866 1590 δέ
893 1516 933 1586 ὀρ
965 1513 1226 1584 Ἰώσηπος
1255 1515 1324 1567 τὰ
1365 1516 1671 1587 γράμματα
1719 1517 1814 1570 καὶ
1853 1517 1950 1588 τὴν

369 1603 618 1669 ἐξουσίαν
664 1605 799 1675 μετὰ
855 1604 948 1658 τοῦ
997 1605 1308 1676 ἀξιώματος
1365 1608 1457 1660 ἐπὶ
1511 1609 1610 1679 τὴν
1657 1609 1950 1679 Τιϐεριάδα

368 1693 523 1768 ἧκεν,
551 1697 690 1768 ἔχων
724 1698 817 1751 καὶ
845 1699 1135 1763 ἐπιστολάς
1163 1700 1271 1753 ἀπὸ
1297 1699 1406 1754 τῶν
1444 1700 1739 1770 βασιλικῶν
1769 1702 1952 1755 ἀναλί-

372 1805 545 1855 σκειν,
574 1789 710 1844 ἀλλὰ
753 1790 846 1843 καὶ
891 1789 1055 1854 αὐτὸς
1082 1791 1332 1858 ὀψωνίοις
1378 1793 1532 1864 παρὰ
1560 1793 1656 1846 τοῦ
1689 1793 1950 1864 βασιλέως

2061 607 2215 678 pagis
2246 608 2504 662 omnibus
2525 616 2578 662 et
2607 607 2823 678 oppidis
2848 606 3306 662 exstruendarum
3338 608 3393 660 in
3426 607 3632 662 Christi

2059 700 2325 753 honorem
2365 699 2726 754 ecclesiarum
2774 706 3020 770 potestas
3062 699 3414 768 imperatoris
3451 699 3635 753 edicto

2061 790 2232 846 ﬁeret.
2262 790 2475 857 Quibus
2505 793 2561 846 in
2590 792 2729 848 locis
2763 808 2924 846 nemo
2947 808 3190 861 unquam
3214 793 3478 848 ecclesias
3504 793 3634 846 aedi-

2059 883 2224 937 ﬁcare
2255 890 2547 952 potuerat;
2586 882 2732 952 quod
2765 884 2950 938 nullus
2987 883 3131 937 inter
3161 899 3256 938 eos
3293 900 3473 954 neque
3503 899 3635 953 gen-

2057 975 2192 1038 tilis,
2225 989 2402 1043 neque
2434 974 2837 1040 Samaritanus,
2873 992 3052 1046 neque
3091 976 3443 1032 Christianus
3475 978 3632 1030 habi-

2057 1076 2214 1121 taret.
2241 1066 2660 1136 Prazsertimque
2688 1066 2998 1132 Tiberiade,
3020 1067 3397 1134 Dioczesareae,
3431 1084 3550 1138 quae
3578 1077 3632 1123 et

2069 1159 2358 1229 Sephurim
2395 1159 2618 1222 dicitur,
2653 1158 2930 1224 Nazareti,
2963 1161 3390 1230 Capharnat'tmi,
3427 1162 3516 1215 ubi
3549 1161 3634 1215 di-

2057 1251 2286 1321 ligenter
2318 1252 2421 1305 hoc
2448 1252 2766 1317 observant,
2798 1268 2959 1308 nemo
2992 1263 3051 1307 ut
3080 1255 3258 1324 gentis
3283 1254 3507 1308 alterius
3536 1253 3635 1307 do-

2057 1343 2320 1396 micilium
2347 1343 2461 1396 illic
2486 1341 2703 1397 habeat.

2126 1513 2244 1568 Xll.
2277 1513 2346 1566 At
2377 1512 2653 1583 Iosephus
2684 1513 2925 1583 acceptis
2969 1529 3094 1568 cum
3138 1529 3200 1569 ea
3247 1521 3517 1584 potestate
3567 1529 3633 1568 ac

2056 1607 2326 1676 dignitate
2363 1607 2565 1662 litteris
2611 1605 2955 1661 'I‘iberiadem
3013 1608 3270 1676 perrexit,
3322 1624 3540 1677 unaque
3577 1617 3634 1660 ct
3720 1613 3722 1615 ’

2056 1698 2354 1766 diplomata
2391 1713 2578 1752 secum
2611 1699 2811 1763 attulit,
2862 1699 3067 1768 quibus
3114 1699 3392 1770 impensas
3436 1715 3466 1754 e
3499 1699 3636 1754 ﬁsco

2056 1797 2296 1858 caperet,
2332 1805 2456 1843 cum
2490 1790 2744 1860 privatim
2779 1790 2895 1859 ipse
2929 1789 3201 1859 stipendia
3228 1807 3295 1845 ex
3316 1790 3507 1845 eodem
3539 1807 3632 1844 ac-

367 1885 750 1954 τετιμημένος.
816 1887 1076 1957 Ἀρχεται
1117 1886 1247 1954 γοῦν
1293 1888 1351 1940 ἐν
1397 1889 1672 1958 Τιϐεριάδι
1725 1890 1949 1953 κτίζειν.

2064 1881 2281 1949 ciperet.
2313 1878 2484 1949 Igitur
2509 1879 2801 1935 Tiberiade
2827 1880 3114 1934 ecclesiam
3138 1879 3409 1935 aediﬁcare
3437 1883 3624 1950 cmpit.

370 1975 518 2039 Ναὸς
559 1966 616 2029 δέ
672 1977 926 2046 μέγιστος
975 1977 1033 2028 ἐν
1079 1980 1145 2048 τῇ
1192 1976 1343 2029 πόλει
1386 1979 1735 2050 προϋπῆρχεο
1775 1980 1951 2050 τάχα,

369 2059 546 2134 οἶμαι,
586 2064 911 2136 Ἀδριάνειον
962 2065 1122 2118 τοῦτο
1165 2065 1411 2118 ἐκάλουν.
1467 2066 1678 2130 Ἀτελὲς
1713 2067 1768 2120 δὲ
1796 2068 1956 2120 τοῦτο

370 2157 432 2209 τὸ
466 2156 790 2226 Ἀδριάνειον
816 2157 1067 2228 διαμένον
1085 2157 1227 2227 τάχα
1258 2158 1308 2210 οἱ
1345 2157 1554 2210 πολῖται
1593 2159 1673 2220 εἰς
1697 2157 1956 2229 δημόσιον

369 2247 593 2317 λουτρὸν
634 2247 933 2317 ἐπειρῶντο
960 2248 1340 2302 ἐπισκευάσαι.
1377 2249 1556 2320 Ὅπερ
1586 2247 1760 2319 εὑρὼν
1791 2251 1818 2302 ὁ
1848 2248 1957 2302 Ἱώ-

375 2352 548 2405 σηπος
587 2339 651 2390 ἐκ
692 2336 883 2390 τούτου
928 2338 1026 2409 τὴν
1103 2339 1376 2410 πρόφασιν
1423 2337 1569 2408 έσχε.
1604 2340 1712 2392 Καὶ
1745 2339 1819 2403 ὼς
1856 2340 1956 2410 ἤδη

373 2423 500 2499 εὗρε
529 2429 618 2483 διά
650 2433 1010 2501 τετραπήχων
1039 2428 1201 2483 λίθων
1233 2431 1603 2502 τετραπέδων,
1647 2430 1756 2495 ἓως
1790 2431 1957 2500 ὕψους

372 2520 518 2585 τινὸς
545 2521 1004 2591 ἀνεγηγερμένον,
1024 2521 1272 2574 ἐντεῦθεν
1302 2523 1528 2594 ἄρχεται
1553 2525 1827 2577 ποιεῖσθαι
1858 2525 1959 2594 τῆς

373 2612 671 2683 ἐκκλησίας
695 2614 792 2684 τὴν
821 2612 1159 2683 ἐπιμέλειαν.
1193 2613 1484 2667 Ἀσϐέστου
1512 2615 1568 2668 δὲ
1588 2611 1656 2686 ἦν
1683 2615 1837 2686 χρεία
1863 2617 1958 2668 καὶ

374 2703 476 2773 τῆς
501 2703 666 2774 ἄλλης
691 2703 843 2773 ὕλης.
874 2705 1154 2775 Καμίνους
1194 2706 1374 2759 τοίνυν
1401 2695 1600 2773 ἔξωθεν
1624 2709 1723 2779 τῆς
1749 2708 1958 2772 πόλεως

377 2795 580 2860 πολλὰς
611 2782 911 2868 προσέταξε
943 2797 1214 2866 γενέσθαι,
1237 2797 1378 2868 τάχα
1409 2799 1499 2852 τὸν
1532 2800 1764 2870 ἀριθμὸν
1786 2801 1952 2856 ἑπτά·

378 2889 694 2960 φούρνακας
734 2889 792 2942 δὲ
842 2889 1154 2961 ἐπιχωρίως
1199 2890 1404 2954 ταύτας
1445 2891 1725 2946 καλοῦσιν.
1795 2891 1858 2948 Oi
1901 2893 1958 2946 δέ

377 2980 562 3039 δεινοὶ.
607 2981 702 3034 καὶ
731 2980 869 3051 πρὸς
896 2983 1004 3034 πᾶν
1035 2981 1373 3053 ἐπιχείρημα
1403 2981 1653 3054 εὔτολμοι
1695 2983 1957 3052 Ἰουδαῖοι,

376 3071 476 3142 τῆς
508 3072 640 3142 παρ’
671 3072 855 3134 αὐτοῖς
890 3071 976 3123 ἀεὶ
1011 3071 1302 3142 γινομένης
1344 3074 1683 3144 μαγγανείας
1723 3075 1824 3128 οὐκ
1854 3078 1959 3130 ἀπ-

377 3162 604 3233 είχοντο.
638 3162 906 3231 Μαγείαις
934 3163 1043 3235 γάρ
1077 3180 1186 3216 τισι
1224 3165 1319 3216 καὶ
1369 3165 1709 3236 περιεργίαις
1751 3165 1812 3218 τὸ
1849 3165 1960 3236 πῦρ

2059 1972 2188 2025 Erat
2219 1971 2276 2025 in
2317 1971 2508 2027 eadem
2555 1973 2690 2026 urbe
2733 1973 2992 2041 templum
3031 1972 3223 2041 ingens
3256 1973 3384 2025 olim
3417 1985 3632 2026 exstru-

2055 2071 2225 2125 ctum,
2263 2063 2408 2132 quod
2461 2063 2809 2129 Adrianium,
2866 2063 2974 2117 nisi
3035 2063 3214 2127 fallor,
3258 2065 3627 2133 appellabant.

2056 2154 2213 2220 Quod
2252 2171 2378 2210 cum
2416 2154 2796 2225 imperfectum
2830 2156 3098 2209 haetenus
3131 2157 3448 2216 mansisset,
3475 2158 3631 2226 oppi-

2057 2251 2185 2304 dani
2232 2251 2482 2320 publicas
2523 2251 2578 2304 in
2630 2251 2858 2305 balneas
2918 2260 3257 2304 commutare
3317 2250 3628 2304 studebant.

2058 2336 2173 2390 Hoc
2203 2336 2477 2408 Josephus
2509 2349 2726 2402 nactus,
2759 2338 2826 2392 ad
2866 2337 2920 2391 id
2966 2338 3112 2406 quod
3148 2339 3333 2391 animo
3367 2353 3634 2408 concepe-

2057 2435 2140 2482 rat
2171 2430 2589 2484 accommodare
2631 2430 2896 2484 instituit.
2943 2430 3008 2482 Et
3050 2438 3109 2482 ut
3140 2429 3409 2499 quadrato
3453 2429 3634 2500 lapide

2059 2528 2388 2590 quaternum
2423 2521 2740 2575 cubitorum
2789 2530 2995 2576 certam
3041 2523 3107 2576 ad
3141 2522 3486 2576 altitudinem
3517 2537 3634 2576 ere—

2058 2620 2208 2666 ctum
2257 2613 2563 2677 invenerat,
2601 2613 2774 2667 veteri
2815 2621 3108 2668 structurae
3154 2629 3349 2667 novam
3388 2613 3636 2668 ecclesiae

2058 2705 2255 2758 molem
2278 2705 2557 2776 imponere
2589 2708 2802 2761 statuit.
2827 2706 2905 2760 Ad
2937 2705 2990 2760 id
3017 2707 3165 2760 calce
3189 2707 3305 2760 viva
3334 2722 3472 2775 opus
3494 2717 3632 2769 erat,

2059 2796 2382 2866 reliquaque
2421 2797 2567 2851 omni
2601 2797 2854 2851 materia.
2889 2795 3055 2867 Igitur
3083 2797 3328 2852 caminos
3358 2805 3512 2851 extra
3545 2812 3636 2849 ur-

2059 2889 2180 2943 bem
2213 2888 2330 2944 ﬁeri
2368 2904 2477 2942 non
2537 2904 2744 2959 paucos
2788 2889 3039 2959 imperat,
3095 2898 3352 2959 septenos
3392 2890 3635 2953 circiter,

2061 2995 2202 3050 quos
2236 2981 2398 3050 vulgo
2429 2977 2682 3036 fornuccs
2717 2981 3023 3036 nominant.
3065 2979 3178 3033 Sub
3211 2981 3324 3034 haec
3361 2979 3530 3035 Judaei
3567 2980 3634 3033 ad

2062 3073 2313 3127 audenda
2350 3072 2604 3141 quaelibet
2634 3070 2862 3141 projecti
2895 3071 2962 3124 ad
2995 3071 3195 3124 usitata
3220 3072 3267 3124 ei
3299 3072 3443 3142 genti
3467 3071 3636 3124 malc-

2063 3164 2184 3218 ﬁcia
2236 3164 2562 3234 confugiunt
2639 3164 2851 3218 Etenim
2907 3163 3134 3232 magicis
3190 3163 3525 3216 carminibus
3572 3176 3636 3215 ac

379 3253 682 3323 καταδῆσαι
713 3255 764 3306 oi.
801 3233 1056 3320 γεννᾶὸαι
1109 3253 1351 3307 Ἰουδαῖοι
1397 3233 1797 3327 ἐπετρίϐησαν·
1844 3233 1957 3310 ἀλλ’

2064 3258 2358 3330 ριίεειὶεἰίε
2390 3233 2498 3311 vim
2544 3257 2686 3327 ignis
2723 3255 2988 3324 impedire
3019 3256 3223 3326 egregii
3258 3255 3508 3309 homines
3541 3271 3637 3325 ag-

380 3344 482 3396 οὐκ
507 3345 586 3407 είς
612 3344 764 3408 τέλος
789 3345 1034 3415 ἴσχυσαν.
1068 3343 1266 3416 Ἤργει
1298 3345 1429 3414 γοῦν
1457 3346 1519 3399 τὺ
1549 3345 1678 3416 πῦρ,
1727 3347 1821 3399 καὶ
1861 3348 1961 3400 οὐκ

379 3433 672 3507 ἔπραττεν,
715 3434 852 3489 ἀλλὰ
893 3436 991 3506 τῆς
1027 3434 1180 3498 ἰδίας,
1228 3435 1302 3499 ὡς
1333 3437 1527 3500 εἰπεῖν,
1559 3437 1775 3505 φύσεως
1805 3437 1962 3500 ἐκτὸς

381 3525 621 3592 ἐγένετο.
658 3527 746 3590 Ὡς
791 3526 847 3579 δὲ
880 3527 930 3578 οί
967 3525 1068 3596 τὴν
1097 3527 1398 3598 καυστικὴν
1430 3527 1564 3600 ὕλην
1595 3529 1962 3600 παραϐάλλειν

382 3619 460 3689 τῷ
491 3619 624 3690 πυρὶ
667 3618 1106 3688 ἐπιτεταγμένοι,
1139 3619 1282 3688 φημὶ
1310 3618 1368 3670 δὲ
1405 3618 1698 3690 ρώπακας,
1742 3622 1839 3674 εἶτ’
1870 3619 1963 3676 οὖν

384 3707 637 3781 φρύγανα
658 3747 672 3771 ,
702 3708 1041 3780 παραθέντες
1067 3709 1167 3761 οὐκ
1195 3710 1479 3780 ἐνήργουν,
1507 3711 1585 3782 τῷ
1621 3713 1867 3784 Ἰωσήπῳ
1904 3714 1964 3767 τὺ

383 3801 628 3873 πραχθὲν
658 3801 958 3871 ἐσήμαναν.
1004 3800 1232 3871 Δηχθεὶς
1280 3797 1373 3854 οὖν
1408 3802 1506 3873 τὴν
1543 3804 1714 3875 φρένα
1741 3808 1770 3858 ὁ
1801 3806 1962 3877 ἀνὴρ,

387 3894 482 3947 καὶ
527 3892 674 3965 ζήλῳ
703 3892 890 3964 ἀρθεὶς
921 3893 998 3964 τῷ
1031 3893 1168 3964 πρὸς
1195 3894 1285 3946 τὸν
1330 3894 1553 3966 Κύριον,
1588 3896 1822 3970 ἔδραμεν
1861 3898 1965 3965 ἔξω

385 3988 484 4055 τῆς
516 3986 722 4049 πόλεως
741 3998 753 4009 ’
787 3987 879 4039 καὶ
915 3986 1058 4056 ὕδωρ
1086 3986 1350 4050 κελεύσας
1378 3988 1666 4060 ἐνεχθῆναι
1697 3993 1755 4045 ἐν
1781 3992 1961 4062 ἄγγει,

385 4079 445 4130 ἐν
479 4079 745 4150 καμψάκῃ
788 4080 960 4150 φημὶ,
1013 4081 1303 4134 κακούϐιον
1333 4081 1391 4134 δὲ
1432 4081 1592 4135 τοῦτο
1622 4083 1731 4153 (28)
1761 4086 1810 4137 οί
1849 4087 1969 4139 ἐπι-

389 4168 579 4240 χώριοι
603 4169 849 4234 καλοῦσι,
883 4169 1064 4224 λαϐὼν
1093 4171 1154 4224 τὸ
1180 4171 1313 4225 αὐτὸ
1345 4173 1513 4241 ἄγγος
1544 4173 1636 4227 τοῦ
1665 4173 1856 4240 ὕδατος
1885 4178 1968 4230 ἐν·

461 4325 571 4395 (9.7)
611 4327 848 4395 Κόμητα
895 4327 1006 4396 γὰρ
1047 4328 1235 4380 αὐτὸν
1291 4327 1646 4395 κατέστησε.
1693 4328 1966 4386 Comitum

388 4396 627 4466 dignitas
653 4399 830 4469 nudus
853 4399 972 4452 sine
1003 4399 1320 4469 magistratu
1347 4414 1410 4469 ac
1433 4398 1712 4452 functione
1731 4402 1970 4469 plerum-

389 4482 496 4533 que
521 4468 713 4520 titulus
757 4467 848 4519 fuit
874 4484 887 4530 ;
923 4478 979 4520 ut
1005 4484 1070 4522 ex
1103 4467 1486 4522 Theodosiano
1513 4469 1700 4523 codice
1728 4467 1966 4524 constat.

391 4536 544 4589 lianc
577 4535 970 4606 Constantinus
1015 4539 1310 4606 plerisque,
1361 4546 1420 4590 ut
1465 4537 1630 4592 refert
1675 4540 1965 4602 Eusebius,

390 4608 686 4679 concessit.
704 4605 902 4679 Eadem
923 4605 1354 4679 perhonorarips
1371 4608 1652 4663 codicillos
1673 4623 1700 4660 a
1723 4611 1966 4679 principe

390 4675 794 4748 conferebatur.
831 4675 946 4741 Qua
982 4676 1050 4732 de
1079 4693 1138 4732 re
1167 4677 1234 4731 ad
1270 4677 1554 4732 Themistii
1593 4675 1736 4732 orat.
1765 4696 1816 4732 tv
1847 4675 1967 4748 plu-

392 4747 547 4800 ribus
591 4747 1023 4815 disputavimus,
1074 4748 1164 4802 ubi
1212 4747 1482 4814 ejusmodi
1515 4750 1750 4802 codicilli
1795 4747 1967 4803 δέλτοι

394 4815 1084 4886 σφυρήλατοιερρθιιιιιιιιιι·
1109 4835 1136 4870 a
1172 4817 1493 4872 Themistio.
1516 4817 1570 4871 ln
1601 4834 1710 4888 quo
1739 4820 1967 4873 ridicula

390 4894 478 4941 est.
509 4889 764 4957 anonymi
797 4889 1252 4957 conjectoris,qui
1287 4889 1352 4942 de
1380 4889 1776 4944 suburbicariis
1798 4905 1970 4958 nuper

393 4958 634 5029 scripsit,
665 4958 952 5029 oscitantia
989 4973 1112 5029 cum
1148 4959 1262 5028 pari
1299 4959 1629 5027 impudentia
1653 4959 1965 5029 conjuncta.

396 5025 1085 5099 Scripserat_Themistius
1139 5025 1390 5082 oratione
1432 5029 1520 5081 illa
1566 5045 1638 5092 tv,
1682 5025 1803 5099 pag.
1837 5030 1968 5083 edit.

394 5105 596 5150 nosth
636 5096 758 5168 ll7,
791 5113 872 5157 se,
903 5114 1028 5151 cum
1064 5107 1248 5167 posset
1281 5099 1536 5153 omnibus
1567 5096 1774 5154 illis—ei
1801 5102 1972 5168 impe-

396 5172 596 5238 ratoris
633 5167 959 5238 liberalitate
993 5169 1318 5230 commodis,
1349 5183 1413 5238 ac
1452 5169 1845 5238 voluptatibus,
1877 5167 1973 5224 de-

398 5237 648 5306 liciisque
676 5237 903 5306 perfrui.
938 5239 1112 5290 ὁπόσα
1135 5241 1255 5300 ταῖς
1300 5237 1504 5300 δέλτοις
1538 5237 1820 5292 ἀκολουθεῖ
1853 5244 1972 5303 ταῖς

400 5305 786 5378 σφυρηλάτοις.
812 5307 914 5360 hoc
941 5317 1044 5372 est,
1062 5323 1179 5377 quia
1207 5306 1417 5360 tabulas
1440 5307 1562 5378 illas
1584 5321 1974 5378 consequuntur

397 5376 588 5428 malleo
620 5376 862 5436 ducliles,
897 5378 1281 5432 communibus
1329 5378 1435 5431 illis
1486 5376 1761 5434 fructibus
1803 5380 1975 5434 fuisse

396 5453 738 5505 contentum.
770 5463 907 5515 quos
944 5448 1095 5503 cives
1143 5448 1323 5501 caeteri
1369 5447 1602 5516 publicis
1638 5450 1861 5504 tesseris
1891 5457 1976 5502 at-

396 5532 504 5584 que
549 5516 896 5585 imperatoris
931 5517 1220 5585 largitione
1261 5529 1746 5585 consequerentur.
1776 5517 1890 5573 Hoc
1919 5521 1975 5572 in

401 5587 522 5640 loco
543 5586 764 5650 δέλτους
793 5586 1169 5659 σφυρηλάτους
1187 5590 1468 5659 conjector
1486 5589 1622 5642 nihil
1641 5589 1784 5643 aliud
1808 5603 1974 5659 quam

395 5664 638 5728 tesseras
681 5671 804 5711 esse
850 5656 1151 5711 contendit.
1188 5656 1382 5712 Verum
1443 5659 1572 5726 quid
1619 5674 1740 5713 esse
1795 5656 1976 5728 potest

402 5727 720 5787 absurdius,
752 5742 916 5795 quam
958 5743 1022 5780 ex
1055 5729 1278 5782 tesseris
1311 5728 1419 5782 illis
1451 5727 1821 5783 frumentariis
1856 5745 1978 5781 cre-

399 5795 528 5868 dere
553 5797 771 5868 μακρόν
802 5797 950 5868 illum
996 5797 1293 5864 κατάλογον
1333 5799 1432 5865 τῆς
1473 5801 1701 5868 τρυφῆς,
1738 5800 1830 5852 καὶ
1878 5799 1976 5866 τῆς

399 5866 690 5928 εὐπαθείας
736 5867 1039 5921 redundare
1090 5867 1282 5936 posse?
1341 5866 1649 5924 Praesertim
1693 5884 1839 5929 cum.
1899 5869 1975 5922 uti

717 5960 988 6021 ΡΛτιιος..
1030 5959 1144 6021 Gn.
1199 5962 1247 6020 Χ
1263 5961 1356 6022 LI.

2062 3349 2237 3419 gressi
2271 3358 2436 3414 sunt;
2473 3349 2566 3402 sed
2597 3364 2704 3401 non
2741 3356 3006 3418 perpetuo
3040 3357 3353 3416 potuerunt.
3387 3348 3452 3400 At
3481 3348 3638 3400 initio

2061 3448 2246 3493 tamen
2302 3440 2556 3494 cessabat
2610 3440 2772 3508 ignis,
2810 3439 3056 3507 nihilque
3101 3439 3388 3508 coquebat,
3427 3448 3640 3492 natura:

2064 3548 2177 3589 sua:
2211 3533 2359 3586 velut
2392 3531 2568 3585 oliicio
2595 3533 2913 3586 destitutus.
2943 3529 3080 3584 Tum
3112 3531 3205 3600 qui
3240 3531 3640 3600 suppeditando

2065 3625 2175 3694 igni
2211 3624 2432 3694 pabulo,
2471 3625 2720 3693 virgultis
2761 3625 2974 3678 scilicet
3021 3639 3084 3678 ac
3116 3624 3441 3678 fructicibus
3484 3633 3640 3678 erant

2065 3716 2320 3784 appositi,
2364 3729 2488 3768 cum
2536 3715 2672 3768 nihil
2721 3731 2780 3769 se
2821 3716 3084 3783 prolicere
3121 3715 3638 3780 animadverterent,

2065 3823 2180 3863 rem
2226 3809 2294 3862 ad
2325 3807 2624 3878 Josephum
2660 3808 2939 3863 deferunt.
2974 3807 3207 3878 Pupugit
3232 3823 3296 3862 ea
3339 3823 3424 3862 res
3466 3808 3642 3861 homi-

2066 3915 2213 3965 nem,
2255 3901 2550 3969 statimque
2591 3901 2800 3954 cmlesti
2837 3901 2890 3953 in
2941 3901 3226 3953 Dominum
3278 3899 3474 3953 ardore
3515 3916 3640 3954 suc-

2067 4006 2269 4046 census
2305 4000 2462 4045 extra
2493 3992 2681 4046 urbem
2718 3993 2972 4056 advolat;
3011 4006 3208 4060 aquam
3249 3993 3523 4058 postulat;
3560 3991 3642 4043 af-

2069 4080 2240 4136 fertur
2275 4083 2330 4135 in
2374 4097 2526 4136 reneo
2568 4097 2717 4145 vase,
2762 4081 2909 4150 quod
2953 4096 3276 4149 campsacen
3314 4081 3492 4149 vulgo,
3531 4081 3642 4135 illic

2068 4172 2358 4228 cacnbium
2394 4178 2610 4225 vocant.
2645 4169 2722 4224 Eo
2746 4185 2928 4224 coram
2960 4171 3214 4224 omnibus
3247 4181 3469 4239 accepto
3492 4171 3639 4241 (uani

2068 4326 2204 4386 dixi,
2239 4334 2572 4379 tesserarum
2628 4323 2718 4376 illa
2769 4324 3077 4390 commoda,
3109 4340 3229 4393 quae
3260 4340 3382 4379 cum
3435 4326 3644 4378 cmteris

2069 4397 2381 4450 communia
2435 4404 2670 4462 caperet,
2707 4395 2810 4447 illis
2861 4403 3120 4464 opponat,
3150 4411 3271 4463 qua:
3297 4398 3414 4456 ταῖς
3441 4395 3645 4458 δέλτοις

2070 4465 2351 4520 ἀκολουθεῖ
2378 4467 2494 4526 ταῖς
2527 4465 2906 4534 σφυρηλάτοις.
2935 4466 3044 4533 Age
3069 4481 3232 4531 vero;
3265 4481 3387 4518 curn
3418 4474 3641 4527 orat.vr,

1999 4569 2041 4624 Β
2073 4553 2189 4622 pag.
2224 4535 2345 4624 1‘66,
2379 4533 2669 4624 nclgatker.‘
2699 4535 2880 4624 ἐκείνῃ
2924 4537 2988 4604 τῇ
3026 4533 3213 4624 δέλτῳ,
3266 4549 3370 4624 qua
3419 4534 3644 4624 πρλιαρτ

2072 4589 2213 4677 χίὲν,
2249 4589 2349 4657 hoc
2373 4589 2634 4677 cst-jurbis
2651 4589 3048 4677 pr:el'ectbr'ai_rt,
3069 4589 3394 4677 obtinuerat,
3423 4589 3645 4677 gloriari

2072 4673 2227 4738 sese;
2291 4673 2384 4728 sed
2447 4673 2514 4744 de
2552 4675 2655 4726 alia
2707 4675 2908 4744 potius,
2970 4674 3035 4744 ἣν
3081 4675 3181 4726 οὐκ
3227 4674 3486 4743 ἐποίησαν
3531 4674 3646 4725 ἐλεο

2073 4745 2402 4815 φαντουργοὶ
2419 4742 2538 4795 οὐδὲ
2561 4742 2865 4814 χρυσοχόοι,
2896 4742 3002 4795 hoc
3018 4753 3103 4797 est
3128 4742 3471 4813 imperatOris
3509 4745 3639 4806 lilio,

2073 4831 2235 4885 quem
2286 4814 2480 4882 parens
2530 4815 2649 4867 ﬁdei
2703 4831 2816 4869 suae
2857 4816 3227 4885 commiserat,
3253 4823 3414 4885 estne
3442 4822 3510 4885 u_t_
3535 4814 3647 4885 frug

2076 4881 2398 4940 nientariam
2427 4893 2688 4938 tesseram
2727 4885 3003 4950 coniector
3033 4884 3118 4938 hic
3149 4883 3420 4938 somniet?
3470 4881 3536 4936 Ut
3578 4884 3644 4936 ad

2074 4955 2370 5024 Josepluun
2404 4954 2641 5024 redeam,
2675 4955 2864 5008 confer
2891 4969 3014 5007 cum
3055 4956 3155 5007 hoc
3192 4955 3310 5007 loco
3339 4968 3459 5021 quae
3491 4953 3648 5006 Eusc-

2076 5023 2265 5080 bius’n
2294 5033 2347 5078 et
2381 5041 2436 5076 ιιι
2474 5023 2546 5076 De
2579 5026 2684 5076 vita
2709 5025 3044 5078 Constantini
3088 5025 3273 5088 refert,
3320 5034 3524 5091 quanto
3561 5024 3649 5075 hic

2077 5095 2583 5150 constituendarum
2611 5096 2810 5161 ubique
2841 5095 3196 5148 ecclesiarum
3229 5095 3413 5146 studio
3448 5093 3646 5160 ﬂagra-

2078 5169 2236 5229 verit,
2272 5173 2439 5232 utque
2469 5165 2684 5219 easdem
2719 5165 2954 5234 publicis
2977 5165 3289 5234 sumptibus
3317 5161 3650 5218 exaediﬁcari

2080 5237 2329 5290 voluerit.

2149 5306 2262 5373 (‘28)
2301 5305 2632 5358 Κίικούϐιον
2680 5304 2749 5357 δὲ
2795 5305 2990 5358 τοῦτο.
3067 5303 3228 5359 Forte
3284 5299 3647 5373 Κουκούμιον.

2080 5372 2260 5430 Habes
2298 5376 2382 5428 hic
2417 5390 2570 5443 aqua
2605 5376 2980 5429 benedictione
3010 5384 3340 5428 consecrata:
3369 5387 3529 5429 usum
3564 5372 3652 5424 in-

2081 5448 2288 5510 signem
2328 5454 2492 5513 atque
2538 5444 2797 5499 fructum.
2829 5445 2948 5506 (lui,
2979 5460 3102 5498 cum
3160 5445 3275 5497 haec
3329 5444 3650 5513 scriberem,

2082 5517 2237 5570 aliine
2270 5512 2532 5584 quiddam
2553 5530 2616 5568 ac
2647 5517 2920 5584 geminum
2947 5515 3183 5567 occurrit
3206 5513 3350 5582 apud
3372 5512 3651 5584 Pliotiurn.

2082 5604 2232 5640 num.
2267 5586 2356 5647 96,
2391 5601 2457 5637 ex
2506 5583 2738 5654 Georgio
2786 5585 3155 5637 Alexandrino
3182 5585 3259 5654 in
3289 5584 3437 5637 Actis
3485 5583 3655 5654 sancti

2083 5655 2462 5726 Chrysostomi.
2510 5654 2611 5726 Ubi
2653 5651 2792 5708 inter
2815 5661 3008 5708 cmtera
3042 5653 3242 5707 Eucliaa
3269 5654 3556 5726 cujusdam
3594 5651 3654 5704 li-

2084 5723 2215 5781 liuni
2263 5725 2428 5780 rel'ert
2474 5739 2504 5776 a
2554 5724 2610 5777 Β.
2647 5726 3038 5797 Chrysostomo
3087 5739 3259 5797 aquae.
3289 5726 3402 5797 cui‘
3441 5723 3654 5797 signum

2083 5798 2266 5851 crucis
2317 5798 2700 5864 impresserat,
2760 5793 3080 5866 aspersione
3132 5793 3581 5864 desperatissimo
3629 5810 3658 5842 ιι

2088 5869 2277 5922 morbo
2309 5867 2620 5921 liberatum.

3356 5956 3426 6018 1's
