4170 6372
563 369 666 426 ἐ-ίὶῖ

1983 359 2038 413 S.
2080 358 2419 414 EPIPIIANII

3729 368 3833 448 4-23

566 488 633 542 a‘d
673 487 778 540 hoc
813 484 1185 554 spectaculum
1222 479 1534 535 Judaeorum
1580 479 1740 532 turba
1781 485 2137 536 convenerat,

2250 475 2413 528 ώπιον
2448 478 2664 530 πάντων
2693 478 3077 551 (συνηθροίσθη
3110 481 3165 534 δέ
3204 481 3404 551 πλῆθος
3442 483 3709 536 Ἰουδαίων
3740 486 3831 537 ἐπὶ

567 585 628 630 ιιι
670 576 745 630 rei
784 583 1060 637 eventum,
1107 588 1169 627 ac
1219 571 1351 641 quid
1395 571 1614 623 tandem
1655 568 1928 637 Josephus
1961 575 2143 636 ageret

564 668 856 736 viderent),
899 667 1054 736 137
1093 665 1274 717 cruris
1329 665 1543 732 signum
1586 677 1749 730 super
1794 659 1924 712 illud
1978 659 2144 727 digito

566 761 740 825 ducit,
773 775 835 812 ac
866 758 994 812 Jesu
1033 772 1230 810 nomen
1269 755 1532 807 invocans
1570 768 1763 822 magna
1799 768 1932 805 voce
1963 753 2041 805 sic
2070 752 2144 803 lo-

567 853 753 923 quitur
789 871 798 904 :
841 851 897 905 In
935 851 1153 904 nomine
1187 847 1314 902 Jesu
1352 847 1638 907 Nazareni,
1673 861 1832 914 quem
1861 846 1961 899 mei
1999 845 2144 914 pari-

569 957 654 1001 ter
684 953 847 1014 atque
879 944 1075 995 horum
1112 942 1378 1002 omnium,
1411 941 1502 1008 qui
1539 940 1625 993 hic
1661 946 1864 999 astant,
1904 939 2142 1006 majores

570 1054 625 1092 In
657 1053 873 1092 crucem
907 1041 1156 1104 egerunt,
1179 1033 1293 1086 haec
1327 1048 1466 1101 aqua
1504 1033 1607 1084 vim
1647 1033 1842 1085 habeto
1869 1031 1933 1083 ad
1966 1030 2138 1099 magi-

568 1145 663 1182 cas
695 1138 861 1188 artes,
911 1125 1284 1192 maleficiaque
1329 1123 1509 1176 omnia
1568 1123 1975 1191 restinguenda,
2025 1138 2144 1190 quae

569 1222 659 1275 isti
695 1223 1103 1285 compararunt,
1145 1215 1209 1266 ab
1239 1215 1535 1282 eademque
1570 1213 1649 1264 vis
1697 1211 1802 1281 igni
1841 1226 1938 1265 sua
1986 1211 2144 1262 resti-

568 1317 776 1366 tuatur.
813 1324 920 1377 quo
952 1307 1162 1360 Domini
1210 1306 1404 1358 domus
1446 1305 1652 1357 absolvi
1688 1303 1881 1372 possit.
1921 1301 2017 1356 IIis
2056 1303 2141 1354 di-

576 1404 701 1466 ctis,
745 1401 1061 1456 fornacibus
1083 1401 1312 1469 singulis
1344 1415 1538 1468 aquam
1572 1400 1828 1467 aspergit.
1855 1400 1933 1450 Ita
1963 1398 2142 1451 disso-

570 1495 698 1548 lutis
729 1494 1014 1563 praestigiis
1041 1509 1222 1545 coram
1255 1494 1531 1556 omnibus,
1572 1493 1714 1560 ignis
1733 1490 2004 1544 efferbuit.
2023 1490 2142 1555 Quo

568 1587 836 1639 miraculo
864 1595 1134 1638 commota
1169 1585 1326 1638 turba
1363 1585 1574 1654 magnis
1614 1584 1840 1636 vocibus
1868 1584 2146 1637 exclama-

566 1679 679 1730 vit:
715 1676 868 1731 Unus
885 1686 968 1731 est
1002 1677 1162 1739 Deus,
1196 1679 1286 1746 qui
1314 1677 1656 1732 Christianos
1679 1677 1933 1744 adjuvat;
1964 1676 2144 1744 itaque

568 1771 843 1824 discessit.
877 1772 951 1821 Ac
985 1785 1125 1838 szepe
1165 1771 1298 1826 alias
1339 1770 1662 1824 vexantibus
1691 1768 1893 1822 Juda‘is
1925 1768 2140 1820 tandem

567 1862 772 1915 veteris
807 1862 995 1932 templi
1032 1871 1238 1932 partem
1273 1863 1567 1926 exstruxit,
1607 1862 1660 1914 in
1703 1876 1875 1930 eaque
1918 1873 2139 1928 parvam

568 1953 858 2007 ecclesiam
887 1952 1153 2006 condidit.
1190 1950 1323 2005 Post
1358 1952 1482 2004 inde
1511 1950 1799 2005 discedens
1828 1948 2142 2019 Scythopoli

569 2043 837 2098 consedit.
901 2043 1250 2097 Diocaesarea:
1304 2057 1465 2109 porro
1526 2043 1756 2110 aliisque
1818 2042 1870 2094 in
1927 2039 2144 2109 oppidis

569 2142 848 2203 postremo
885 2134 1144 2187 ecclesias
1183 2133 1486 2186 aedificavit.
1528 2132 1606 2184 Ad
1653 2133 1765 2185 haec
1800 2132 1976 2194 obiter
2016 2146 2137 2182 nar-

569 2227 739 2280 randa
771 2225 1004 2296 digressi
1041 2225 1265 2288 fuimus,
1305 2240 1495 2277 eorum
1533 2225 1822 2277 occasione
1852 2223 2141 2278 librorum.

570 2321 662 2389 qui
703 2320 842 2388 apud
890 2317 1102 2371 Judzeos
1147 2316 1398 2370 translati
1437 2318 1806 2386 reperiuntur,
1837 2313 2142 2383 cujusmodi

567 2420 654 2468 est
719 2411 947 2466 Joannis
1009 2409 1400 2479 Evangelium,
1459 2418 1512 2463 et
1571 2409 1940 2477 apostolorum
1973 2409 2143 2458 Actus

570 2505 839 2560 Ilebraice
865 2502 1139 2557 conversi.
1175 2500 1281 2555 Sed
1321 2501 1386 2554 de
1430 2501 1530 2554 hac
1574 2499 1839 2554 historica
1880 2499 2143 2552 relatione

569 2598 854 2650 hactenus.
1954 2595 1959 2600 ’

638 2860 776 2915 XIII.
809 2858 962 2911 Nunc
1002 2856 1068 2910 ad
1105 2855 1418 2909 inchoatam
1454 2853 1522 2908 de
1565 2854 1834 2909 Ebionitis
1865 2857 2137 2910 narratio-

571 2969 695 3007 nem
736 2949 1040 3019 rcgredior.
1092 2946 1373 3015 Siquidem
1409 2947 1480 3000 ob
1515 2945 1755 3000 Matthxi
1790 2947 2141 3017 Evangelium

568 3065 634 3102 eo
685 3047 909 3112 delapsa
960 3051 1049 3098 est
1089 3043 1289 3105 oratio,
1325 3050 1383 3094 ut
1431 3041 1499 3095 ad
1532 3058 1651 3095 eam
1704 3058 1825 3111 quae
1871 3043 1938 3097 ad
1983 3059 2144 3098 aures

2247 571 2344 640 τὴν
2375 571 2520 635 θέαν,
2569 573 2628 624 τὸ
2667 573 3076 645 ἀποϐησόμενον
3111 575 3235 629 ἰδεῖν
3271 575 3689 640 σπουδάζοντες,
3737 577 3830 629 καὶ

2246 661 2273 711 ὅ
2306 677 2354 712 τι
2388 664 2784 733 ἐπιχειρήσειεν
2833 664 3092 736 Ἰώσηπος
3130 668 3454 736 πράττειν),
3513 669 3722 738 μεγάλῃ
3764 671 3826 736 τῇ

2247 757 2396 823 φωνῇ
2427 756 2454 806 ό
2479 755 2615 828 ἀνὴρ
2647 757 2878 825 σταυροῦ
2914 758 3184 827 σφραγῖδα
3217 757 3422 821 ἐπιθεὶς
3449 758 3527 828 τῷ
3552 759 3709 826 ἄγγει
3742 759 3830 811 διὰ

2246 843 2338 896 τοῦ
2392 845 2521 897 ἰδίου
2565 847 2851 912 δακτύλου,
2906 851 2999 901 καὶ
3051 849 3516 918 ἐπικαλεσάμενος
3561 850 3622 901 τὸ
3662 849 3830 918 ὄνομα

2259 938 2431 1008 Ἰησοῦ
2453 980 2465 998 ,
2504 936 2655 992 εἷπεν
2686 941 2884 1004 οὕτως’
2931 944 3019 994 Ἑν
3046 943 3270 1011 ὀνόματι
3311 942 3485 1011 Ἰησοῦ
3515 943 3609 995 τοῦ
3639 943 3831 1005 Ναζω-

2250 1030 2421 1098 ραίου,
2466 1027 2526 1084 οὗ
2561 1032 2911 1102 ἐσταύρωσαν
2961 1035 3006 1084 οί
3060 1035 3293 1104 πατέρες
3331 1051 3431 1101 μου
3482 1035 3576 1086 καὶ
3628 1033 3828 1086 τούτων

2246 1124 2462 1176 πάντων
2488 1124 2595 1176 τῶν
2627 1124 3026 1196 περιεστώτων,
3054 1126 3279 1195 γένηται
3308 1126 3536 1195 δύναμις
3571 1127 3626 1178 ἐν
3657 1125 3830 1194 τούτῳ

2245 1213 2321 1282 τῷ
2372 1214 2524 1267 ὕδατι
2574 1219 2653 1279 εἰς
2694 1218 2950 1286 ἀθέτησιν
2998 1218 3178 1286 πάσης
3220 1217 3567 1287 φαρμακείας
3601 1217 3693 1268 καὶ
3724 1234 3827 1284 μα-

2246 1308 2418 1374 γείας,
2444 1306 2512 1380 ἦς
2544 1303 2689 1362 οὗτοι
2721 1311 2981 1380 ἔπραξαν,
3014 1311 3108 1362 καὶ
3138 1312 3215 1371 εἰς
3244 1310 3521 1376 ἐνέργειαν
3548 1309 3829 1378 δυνάμεως

2247 1399 2322 1467 τῷ
2355 1402 2490 1470 πυρὶ
2518 1403 2596 1464 είς
2630 1403 2691 1454 τὸ
2720 1401 3129 1470 ἐπιτελεσθῆναι
3163 1402 3251 1452 τὸν
3277 1395 3426 1452 οἷκον
3457 1400 3678 1468 Κυρίου.
3718 1399 3827 1451 Καὶ

2245 1491 2414 1552 οὕτως
2459 1492 2722 1562 λαμϐάνει
2772 1494 2831 1544 τὸ
2880 1493 3022 1562 ὕδωρ
3077 1496 3134 1544 ἐν
3182 1495 3244 1561 τῇ
3297 1492 3460 1561 χειρὶ,
3511 1493 3605 1542 καὶ
3655 1492 3826 1560 ῥαίνει

2247 1585 2459 1653 ἑκάστῳ
2479 1585 2742 1654 φούρνακι
2762 1587 2824 1636 ἐκ
2853 1585 2942 1637 τοῦ
2973 1585 3181 1646 ὕδατος.
3215 1586 3319 1636 Καὶ
3347 1583 3600 1634 ἀνελύετο
3623 1585 3720 1652 μὲν
3759 1582 3826 1633 τά

2247 1677 2534 1746 φάρμακα,
2568 1678 2628 1728 τὸ
2656 1677 2763 1748 πῦρ
2808 1678 2864 1729 δέ
2899 1678 3128 1729 ἐνώπιον
3162 1679 3378 1729 πάντων
3412 1675 3821 1728 ἀνεϐλύστανεν.

2248 1771 2309 1822 OE
2352 1770 2406 1821 δέ
2456 1771 2720 1840 παρόντες
2765 1771 2930 1840 ὄχλοι,
2981 1772 3428 1840 κραυγάσαντες,
3477 1767 3569 1832 Εἷς
3618 1771 3749 1833 Θεὸς
3797 1774 3825 1823 ὁ

2249 1860 2456 1930 βοηθῶν
2487 1865 2597 1923 τοῖς
2627 1864 3000 1931 Χρεστιανοῖς,
3044 1861 3418 1932 ἀνεχώρησαν.
3467 1863 3730 1925 Πολλάκις
3767 1862 3824 1915 δὲ

2246 1953 2554 2005 κακούντων
2597 1955 2685 2005 τὸν
2728 1955 2895 2025 ἄνδρα
2926 1956 3170 2014 ἐκείνων,
3210 1958 3288 2015 είς
3316 1955 3540 2024 ὕστερον
3572 1954 3737 2023 μέρος
3771 1972 3822 2006 τι

2243 2043 2335 2095 τοῦ
2369 2044 2496 2095 ναοῦ
2534 2048 2590 2096 ἐν
2631 2045 2904 2113 Τιϐεριάδι
2938 2045 3296 2113 οἰκοδομήσας
3318 2085 3331 2105 ,
3371 2047 3462 2096 καί
3497 2047 3698 2114 μικράν
3730 2046 3823 2095 ἐκ-

2246 2135 2470 2206 κλησίαν
2501 2136 2852 2196 ἀποτελέσας,
2883 2135 3052 2198 οὕτως
3092 2137 3299 2187 ἐκεῖθεν
3326 2135 3691 2205 ἀνεχώρησεν.
3735 2137 3822 2186 Ἐν

2246 2227 2572 2279 Σκυθοπόλει
2603 2227 2658 2278 δέ
2698 2227 2886 2289 ἐλθὼν,
2923 2228 3261 2296 κατέμεινεν.
3310 2227 3398 2279 Ἐν
3440 2227 3823 2297 Διοκαισαρεία

2243 2318 2298 2370 δέ
2350 2318 2443 2369 καὶ
2487 2317 2673 2379 ἄλλαις
2715 2318 2826 2369 τισὶ
2873 2317 3092 2380 τελείως
3140 2318 3474 2387 ᾠκοδόμησε.
3536 2318 3721 2369 Ταῦτα
3767 2318 3822 2369 δὲ

2245 2411 2583 2480 πραχθέντα,
2631 2412 2721 2464 καὶ
2768 2411 3000 2464 ἐνταῦθά
3055 2429 3142 2482 μοι
3191 2412 3590 2481 ἐπιμνησθέντα
3639 2412 3822 2464 ἕνεκεν

2244 2503 2341 2571 τῆς
2371 2501 2476 2553 τῶν
2522 2501 2715 2570 βίϐλων
2743 2501 3058 2572 ἑρμηνείας,
3109 2502 3223 2566 πῶς
3269 2502 3377 2554 ἀπὸ
3421 2502 3724 2572 Ἑλληνίδος
3762 2505 3820 2556 τὸ

2247 2593 2385 2645 κατὰ
2427 2594 2675 2663 Ἰωάννην
2724 2594 3054 2661 Εὑαγγέλιον
3097 2596 3177 2656 είς
3225 2594 3481 2664 Ἑϐραῖδα
3535 2595 3819 2662 μετέπεσε,

2245 2687 2338 2736 καὶ
2389 2686 2443 2736 αἱ
2495 2685 2726 2755 Πράξεις
2771 2685 2877 2737 τῶν
2922 2685 3265 2748 ἀποστόλων,
3318 2686 3423 2748 ἕως
3469 2680 3570 2739 ὧδε
3614 2685 3686 2751 τά
3722 2689 3822 2755 τῆς

2249 2777 2486 2846 ἱστορίας
2520 2778 2612 2828 καὶ
2637 2778 2960 2845 ὑφηγήσεως
2993 2776 3180 2845 ἐχέτω.

2318 2867 2415 2921 II".
2464 2867 2744 2936 Ἑπάνειμι
2789 2868 2844 2920 δέ
2879 2868 2976 2936 τὴν
3021 2868 3161 2919 κατά
3200 2867 3451 2931 Ἐϐίωνος
3496 2868 3821 2938 ποιούμενος

2247 2959 2581 3014 ἀκολουθίαν.
2616 2960 2715 3012 Διά
2755 2961 2864 3031 γάρ
2895 2961 2958 3011 τὸ
2994 2960 3134 3013 κατά
3180 2961 3451 3013 Ματθαῖον
3493 2961 3821 3028 Εὑαγγέλιον

2249 3051 2449 3122 προϊὼν
2481 3055 2508 3105 ό
2551 3052 2705 3118 λόγος
2743 3051 2840 3120 τὴν
2889 3052 3206 3105 ἀκολουθίαν
3252 3055 3332 3114 εἰς
3377 3054 3522 3122 ἡμᾶς
3563 3053 3823 3120 ἐλθούσης

569 3153 794 3198 nostras
825 3147 1153 3210 pervenerat
1184 3138 1472 3191 historiam
1505 3137 1869 3190 enarrandam
1896 3152 2143 3192 necessa-

2250 3140 2498 3208 γνώσεως
2528 3141 2865 3211 παραθέσθαι
2907 3143 3233 3210 ἠνάγκασεν.
3282 3143 3367 3194 Ἐν
3415 3142 3490 3209 τῷ
3523 3142 3653 3208 γοῦν
3693 3143 3821 3212 παρ’

569 3236 656 3288 rio
683 3248 807 3289 sese
829 3236 1204 3284 converteret.
1233 3228 1406 3296 Igitur
1443 3229 1497 3280 in
1528 3243 1615 3290 eo,
1644 3226 1790 3295 quod
1825 3244 1992 3297 penes
2019 3229 2143 3282 illos

567 3333 674 3388 est,
733 3323 966 3376 Matthzci
1015 3319 1330 3390 Evangelio,
1382 3333 1696 3387 quanquam
1751 3333 1818 3371 ne
1868 3318 2140 3387 integrum

570 3416 788 3485 quidem
827 3414 958 3466 illud
992 3413 1216 3476 habent,
1241 3411 1337 3464 sed
1373 3410 1741 3463 adulteratum
1769 3425 1834 3462 ac
1864 3411 2139 3476 mutilum,

569 3491 737 3575 idque
772 3506 951 3574 ipsum
987 3502 1317 3556 I'Iebraicum
1340 3514 1560 3566 vocant,
1599 3505 1672 3556 ita
1705 3507 1970 3574 scriptum
2007 3515 2091 3560 est
2127 3525 2139 3560 :

571 3598 766 3654 Fuisse
799 3605 1010 3649 certum
1045 3595 1344 3656 hominem,
1383 3597 1603 3649 nomine
1631 3596 1840 3662 Jesum,
1873 3612 2142 3651 annorum

571 3693 790 3746 circiter
821 3689 1065 3757 triginta,
1097 3687 1189 3756 qui
1225 3702 1325 3740 nos
1358 3689 1580 3757 elegerit
1603 3705 1615 3746 ;
1639 3689 1730 3755 qui
1758 3689 2142 3758 Capharnaum

572 3784 796 3836 veniens
829 3783 883 3833 in
920 3778 1182 3840 Simonis,
1215 3780 1541 3848 cognomine
1570 3778 1736 3844 Petri,
1762 3781 1905 3834 mdes
1935 3781 2145 3850 ingres-

573 3891 668 3929 sus
695 3881 797 3936 est,
833 3879 1130 3941 aperteque
1176 3885 1272 3924 ore
1319 3885 1420 3924 suo
1453 3870 1590 3923 dixit
1625 3871 1795 3925 :Uum
1841 3872 2142 3926 secundum

572 3965 881 4020 Tiberiadis
917 3966 1094 4017 locum
1130 3963 1445 4026 transirem,
1487 3962 1751 4018 Joannem
1793 3972 1845 4017 et
1879 3963 2142 4019 Jacobum

574 4057 818 4111 Zebedaei
863 4054 1000 4108 filios
1034 4054 1192 4122 elegi,
1235 4061 1289 4106 et
1324 4052 1627 4113 Simonem,
1668 4063 1722 4107 et
1753 4053 2051 4116 Andream,
2092 4065 2146 4108 et

572 4147 924 4202 Thaddwum.
940 4153 992 4198 et
1006 4143 1280 4198 Simonem
1301 4143 1520 4197 Zeloten
1532 4185 1545 4208 ,
1559 4143 1813 4197 etJudam
1829 4145 2144 4209 lseariotcn,

572 4250 625 4294 et
653 4251 704 4293 te
726 4238 1034 4291 Mattlueurn
1069 4238 1134 4289 ad
1153 4237 1416 4289 telonium
1437 4236 1712 4291 sedentem
1735 4238 1943 4299 vocavi,
1971 4254 2035 4290 ac
2063 4255 2149 4292 me

573 4332 690 4399 ipse
723 4338 946 4383 secutus
964 4345 1042 4382 es.
1065 4327 1200 4380 Volo
1225 4329 1408 4395 itaque
1431 4327 1719 4380 duodecim
1751 4343 1848 4381 vos
1869 4328 2148 4396 apostolos

573 4440 696 4477 esse
740 4422 806 4474 ad
849 4420 1225 4475 testimonium
1284 4420 1523 4474 lsraelis.
1598 4418 1662 4470 Et
1725 4427 1843 4472 erat
1907 4421 2150 4473 Joannes

2251 3235 2431 3294 αὐτοῖς
2459 3232 2774 3300 Εὑαγγελίῳ
2800 3231 2939 3284 κατὰ
2983 3230 3261 3283 Ματθαῖον
3293 3231 3693 3300 ὀνομαζομένῳ,
3726 3233 3824 3301 οὐχ

2250 3323 2354 3392 ὅλῳ
2387 3322 2441 3372 δέ
2486 3321 2864 3391 πληρεστάτῳ,
2913 3321 3049 3374 ἀλλά
3082 3321 3469 3390 νενόθέυμένῳ,
3515 3323 3602 3374 καὶ
3639 3325 3823 3394 ἠκρω-

2249 3414 2619 3485 τηριασμένῳ,
2658 3413 2944 3483 Ἐϐραῖκὸν
2978 3414 3033 3466 δὲ
3083 3413 3238 3465 τοῦτο
3276 3414 3561 3477 καλοῦσιν,
3590 3416 3844 3484 ἐμφέρε-.

2249 3524 2358 3571 ται,
2378 3507 2458 3558 ὅτι
2489 3506 2736 3569 Ἐγένετό
2763 3524 2844 3568 τις
2873 3506 3009 3576 ἀνὴρ
3033 3506 3253 3574 ὀνόματι
3285 3507 3511 3575 Ἰησοῦς,
3544 3509 3637 3559 καὶ
3663 3508 3825 3570 αὐτὸς

2250 3600 2326 3660 ὡς
2349 3599 2484 3651 ἐτῶν
2515 3599 2825 3669 τριάκοντα,
2863 3599 2921 3661 ὃς
2974 3597 3252 3662 ἐξελέξατο
3298 3602 3468 3669 ἡμᾶς.
3503 3603 3612 3653 Καὶ
3656 3601 3824 3653 ἐλθὼν

2251 3693 2330 3754 είς
2365 3693 2763 3762 Καφαρναοὺμ,
2813 3690 3058 3760 εἰσῆλθεν
3104 3693 3183 3753 είς
3231 3691 3328 3761 τὴν
3359 3693 3534 3744 οἰκίαν
3583 3693 3825 3762 Σίμωνος

2250 3782 2343 3834 τοῦ
2373 3782 2757 3851 ἐπικληθέντος
2813 3783 3056 3852 Πέτρου,
3107 3782 3201 3833 καὶ⁵
3260 3783 3476 3847 ἀνοίξας
3527 3784 3587 3835 τὸ
3652 3784 3825 3852 στόμα

2254 3873 2419 3924 αὑτοῦ
2458 3872 2602 3938 εἷπε,
2660 3874 3076 3944 ΙΙαρερχόμενος
3113 3873 3262 3943 παρὰ
3301 3873 3398 3943 τὴν
3435 3874 3629 3944 λίμνην
3667 3876 3826 3927 Τιϐεο

2255 3966 2435 4035 ριάδος
2478 3965 2807 4033 ἐξελεξάμην
2847 3965 3098 4035 Ἰωάννην
3134 3966 3228 4017 καὶ
3272 3966 3522 4017 Ἰάκωϐον
3556 3967 3704 4028 υἱοὺς
3730 3967 3826 4017 Ζε-

2253 4058 2489 4120 ϐεδαίου,
2526 4060 2620 4110 καὶ
2664 4057 2902 4127 Σίμωνα,
2945 4057 3036 4109 καὶ
3085 4057 3357 4127 Ἀνδρέαν,
3411 4059 3505 4109 καὶ
3547 4057 3824 4120 Θαδδαῖον,

2254 4153 2349 4201 καὶ
2396 4150 2613 4218 Σίμωνα
2663 4149 2754 4200 τὸν
2802 4148 3085 4218 Ζηλωτὴν,
3135 4149 3228 4201 καὶ
3272 4149 3474 4201 Ἰούδαν
3520 4150 3608 4203 τὸν
3654 4151 3828 4202 Ἰσκα-

2260 4241 2478 4310 ριώτην,
2521 4241 2612 4294 καί
2647 4259 2705 4293 σε
2752 4243 2846 4292 τὸν
2881 4242 3156 4293 Ματθαῖον
3201 4242 3562 4313 καθεζόμενον
3607 4243 3699 4294 ἐπὶ
3731 4243 3825 4296 τοῦ

2256 4333 2507 4385 τελωνίου
2539 4333 2792 4394 ἐκάλεσα,
2829 4334 2922 4385 καὶ
2951 4333 3318 4401 ὴκολούθησάς
3361 4352 3467 4402 μοι.
3515 4335 3687 4404 Ὑμᾶς
3734 4331 3826 4388 οὖν

2262 4424 2518 4492 βούλομαι
2565 4419 2704 4474 εἶναι
2743 4422 2965 4474 δεκαδύο
3011 4423 3359 4486 ἀποστόλους,
3402 4425 3499 4485 εἰς’
3529 4424 3828 4495 μαρτύριον

574 4512 880 4581 baptizans,
924 4518 978 4562 et
1015 4509 1263 4562 exierant
1297 4509 1360 4561 ad
1400 4525 1523 4561 eum
1569 4507 1852 4571 Pharisaei,
1902 4510 2062 4578 138
2097 4521 2143 4563 el

2255 4515 2346 4568 τοῦ
2393 4515 2628 4585 Ἰσραήλ.
2671 4516 2779 4565 Καὶ
2819 4515 3035 4580 ἐγένετο
3091 4514 3344 4582 Ἰωάννης
3379 4513 3682 4581 βαπτίζων,
3736 4517 3830 4567 καὶ

574 4603 836 4674 baptizati
870 4610 1020 4665 sunt,
1061 4610 1115 4655 et
1149 4602 1328 4653 omnis
1364 4598 1760 4669 Hierosolyma.
1806 4601 1924 4668 Ipse
1965 4611 2144 4655 autem

572 4695 810 4748 Joannes
842 4693 1075 4746 habebat
1109 4691 1497 4744 vestimentum
1540 4691 1605 4743 de
1649 4692 1772 4758 pilis
1812 4693 2146 4744 camelorum

574 4797 627 4842 et
665 4801 855 4840 zonam
907 4783 1191 4853 pelliccam
1235 4781 1378 4834 circa
1420 4782 1633 4836 lumbos
1677 4799 1810 4838 suos
1853 4802 1866 4836 :
1902 4792 1955 4838 et
1991 4787 2147 4841 cibus

573 4881 694 4946 ejus
733 4885 850 4931 erat
896 4876 999 4929 mel
1053 4873 1322 4933 silvestre,
1370 4873 1528 4942 cujus
1575 4890 1738 4942 sapor
1777 4887 1894 4929 erat
1937 4893 2148 4933 manna:

575 4970 794 5032 similis,
814 4965 1158 5034 velutlagani
1184 4963 1304 5018 frixi
1331 4980 1451 5016 cum
1475 4966 1614 5020 oleo.
1644 4967 1797 5030 Quod
1827 4984 1892 5021 eo
1915 4968 2143 5034 faciunt,

576 5072 635 5117 ut
662 5060 910 5116 veritatis
943 5072 1251 5114 sermonem
1301 5057 1354 5108 in
1401 5057 1744 5110 mendacium
1785 5072 2144 5125 commutent,

574 5164 628 5210 et
662 5171 759 5224 pro
797 5170 862 5207 eo
891 5152 1036 5222 quod
1068 5160 1152 5205 est
1189 5149 1438 5220 ἀκρίδας,
1484 5149 1584 5203 hoc
1627 5161 1711 5206 est
1754 5153 2015 5217 locustas,
2052 5159 2146 5224 ἐγ-

576 5249 789 5320 κρίδας,
825 5248 926 5300 hoc
956 5254 1040 5300 est
1077 5245 1330 5314 epichyui
1363 5245 1560 5297 mellita
1591 5245 1942 5298 substituant.
1977 5247 2147 5304 Porro

576 5339 927 5407 Evangelium
957 5339 1171 5391 illorum
1211 5337 1290 5391 sic
1327 5333 1791 5403 incipit:l“actum
1827 5348 1911 5391 est
1939 5341 1992 5392 in
2026 5341 2144 5396 die-

578 5433 678 5485 bus
714 5430 942 5483 Ilcrodis
978 5430 1120 5498 regis
1151 5427 1368 5490 Judmaa,
1415 5435 1474 5480 ut
1518 5429 1727 5482 veniret
1769 5429 2006 5486 Joannes
2047 5435 2145 5488 ba-

647 5585 759 5654 (29)
803 5582 882 5639 Οὗ
920 5587 956 5651 ἡ
993 5585 1199 5652 γεῦσις
1237 5581 1314 5653 ἦν
1361 5584 1465 5636 τοῦ
1510 5583 1729 5652 μάννα.
1773 5584 1874 5650 Qui
1909 5594 2015 5638 tam
2053 5589 2147 5641 ab-

577 5656 745 5708 surda
798 5655 1242 5722 interpretatione
1295 5654 1474 5706 fucum
1527 5657 1651 5716 huic
1707 5657 1823 5709 loco
1876 5656 2145 5712 faciebant

578 5725 836 5783 haeretici,
855 5725 920 5776 ad
942 5740 1002 5778 ea
1026 5724 1414 5792 respiciebant,
1439 5741 1559 5792 qua:
1590 5725 1760 5778 Exod.
1791 5742 1875 5778 xvr
1907 5735 1961 5779 et
1980 5726 2141 5783 Num.

579 5810 676 5854 xu,
710 5794 776 5848 (le
818 5809 1014 5849 manna
1050 5795 1300 5864 leguntur
1346 5814 1359 5849 :
1398 5796 1554 5864 cujus
1585 5806 1777 5866 gustus
1811 5795 1980 5853 fuisse
2011 5799 2146 5853 dici-

2254 4608 2474 4677 ἐξῆλθον
2501 4608 2635 4677 πρὸς
2665 4606 2824 4658 αὑτὸν
2840 4608 3141 4676 Φαρισαῖοι,
3161 4606 3255 4658 καὶ
3283 4605 3710 4673 ἐϐαπτίσθησαν,
3737 4610 3829 4660 καὶ

2256 4703 2406 4754 πᾶσα
2441 4701 2506 4752 Ἰε
2519 4700 2705 4771 ροσόλυ
2716 4717 2809 4769 μα.
2845 4699 2956 4751 Καὶ
2985 4695 3130 4768 εἶχεν
3150 4702 3176 4751 ὁ
3216 4698 3468 4766 Ἰωάννης
3491 4697 3693 4766 ἔνδυμα
3721 4699 3831 4750 ἀπὸ

2253 4791 2456 4863 τριχῶν
2491 4791 2773 4861 καμήλου,
2815 4791 2909 4844 καὶ
2960 4789 3136 4860 ζώνην
3182 4789 3509 4860 δερματίνην
3558 4789 3685 4860 περὶ
3733 4789 3830 4860 τὴν

2254 4885 2424 4950 ὀσφὺν
2477 4882 2674 4934 αὑτοῦ·
2715 4882 2809 4934 καὶ
2853 4883 2910 4933 τὸ
2971 4881 3165 4952 βρῶμα
3227 4880 3425 4942 αὐτοῦ,
3479 4884 3643 4952 φησι,
3705 4881 3828 4950 μέλι

2255 4978 2464 5049 ἄγριον,
2503 4970 2562 5029 οὗ
2617 4979 2649 5047 ἡ
2684 4977 2870 5043 γεῦσις
2909 4973 2975 5046 ἦν
3010 4977 3100 5029 τοῦ
3139 4977 3312 5046 μάννα
3345 4978 3476 5046 (29),
3520 4979 3594 5041 ὼς
3641 4980 3828 5050 ἐγκρὶς

2254 5071 2311 5122 ἐν
2335 5069 2530 5139 ἐλαίην
2562 5069 2647 5121 ἵνα
2675 5070 2835 5139 δῆθεν
2874 5070 3288 5140 μεταστρέψωσι
3325 5070 3416 5122 τὸν
3447 5072 3545 5141 τῆς
3574 5071 3829 5141 ἀληθείας

2254 5161 2407 5229 λόγον
2432 5164 2510 5224 είς
2537 5162 2750 5229 ψεῦδος,
2784 5163 2876 5215 καὶ
2902 5163 3021 5215 ἀντὶ
3051 5162 3287 5234 ἀκρίδων
3314 5164 3610 5232 ποιήσωσιν
3644 5164 3830 5233 ἐγκρί-

2253 5253 2346 5314 δας
2376 5255 2433 5304 ἐν
2467 5253 2660 5322 μέλιτι.
2709 5254 2770 5305 Ἦ
2806 5254 2863 5306 δὲ
2897 5255 3040 5324 ἀρχὴ
3070 5255 3163 5306 τοῦ
3201 5257 3329 5324 παρ’
3373 5256 3556 5317 αὐτοῖς
3585 5255 3828 5323 Εὐαγγέ-

2254 5342 2366 5393 λίου
2389 5341 2524 5410 ἔχει,
2549 5344 2629 5395 ὅτι
2688 5344 2936 5410 Ἰὶγένετο
2975 5348 3031 5397 ἐν
3063 5348 3182 5406 ταῖς
3205 5346 3437 5415 ἡμέραις
3469 5345 3706 5414 Ἡρώδου
3733 5345 3827 5397 τοῦ

2257 5432 2520 5502 βασιλέως
2565 5435 2662 5503 τῆς
2711 5435 3001 5502 Ἰουδαίας,
3045 5432 3208 5506 ἦλθεν
3265 5436 3518 5506 Ἰωάννης
3554 5436 3830 5505 βαπτίζων

2256 5599 2361 5664 tur,
2394 5591 2468 5654 ὡς
2491 5593 2678 5662 ἐγκρῖς
2705 5595 2760 5644 ἐν
2792 5593 2974 5664 ἐλαίῳ.
3007 5594 3110 5647 Sed
3147 5612 3246 5650 nec
3275 5595 3454 5648 minus
3487 5593 3717 5647 ridicule
3741 5609 3832 5646 no-

2255 5663 2352 5714 stri
2402 5664 2688 5742 teniporis_
2715 5663 2951 5721 haeretici
2998 5666 3219 5737 quidam
3250 5681 3439 5721 vocem
3475 5665 3703 5735 ἀκρίδας
3733 5665 3831 5719 de-

2255 5746 2481 5800 pravare
2510 5740 2691 5787 COIIIIlI
2729 5749 2790 5788 SI]
2800 5743 2876 5788 nt.
