4170 6372
334 368 442 425 429

1011 374 1379 431 ADVERSUS
1417 373 1760 431 “IERESES
1796 372 1925 429 LIB.
1965 371 2008 429 I.
2050 371 2215 429 TOM.
2254 374 2320 429 ll.
2363 406 2434 416 —-
2470 376 2726 432 HERES
2764 378 2934 433 XXX.

3503 381 3612 436 45")

342 490 630 562 βάπτισμα
684 494 976 563 μετανοίας
1026 497 1085 550 ὲν
1140 498 1217 569 τῷ
1263 499 1505 573 Ἰορδάνῃ
1558 498 1826 570 ποταμῷ,
1875 498 1934 561 ὃς

2045 497 2250 566 ptizans
2303 498 2578 569 baptismo
2636 501 2973 570 poenitentiae
3030 500 3087 554 in
3134 498 3374 556 Jordane
3420 499 3609 561 ﬂuvio.

342 583 563 651 ἐλέγετο
606 580 746 637 εἶναι
796 586 861 638 ὲκ
911 588 1103 655 γένους
1148 589 1359 661 Ἀαρὼν
1401 591 1494 643 τοῦ
1542 590 1750 661 ἱερέως,
1799 591 1929 651 παῖς

343 675 615 745 Ζαχαρίου
648 678 746 730 καὶ
786 679 1088 744 Ἐλισάϐετ,
1122 684 1215 734 καὶ
1264 681 1555 753 ἐξήρχοντο
1589 682 1727 752 πρὸς
1766 681 1927 735 αὑτὸν

346 770 567 832 πάντες.
600 771 712 824 Kal
760 774 896 842 μετά
942 774 1002 826 τὸ
1054 776 1228 827 εἰπεῖν
1278 776 1468 838 πολλὰ,
1509 776 1779 846 ἐπιφέρει,
1822 775 1924 837 ὅτι,

347 861 453 914 Τοῦ
487 862 616 916 λαοῦ
662 865 1074 933 βαπτισθέντος,
1109 863 1239 938 ἦλθε
1275 870 1373 920 καὶ
1411 868 1636 938 Ἰησοῦς,
1668 870 1763 920 καὶ
1805 868 1930 919 ἐϐα-

349 956 551 1027 πτίσθη
587 958 690 1010 ὑπὸ
724 957 815 1012 τοῦ
868 960 1139 1014 Ἰωάννου.
1181 962 1288 1014 Καὶ
1325 962 1401 1024 ὡς
1434 960 1661 1031 ἀνῆλθεν
1701 961 1808 1013 ἀπὸ
1834 959 1927 1012 τοῦ

353 1048 581 1111 ὓδατος,
614 1052 912 1122 ἠνοίγησαν
957 1054 1004 1105 οἱ
1049 1053 1288 1123 οὐρανοὶ,
1330 1054 1424 1105 καὶ
1459 1050 1565 1106 εἶδε
1604 1054 1665 1105 τὸ
1706 1053 1930 1123 Πνεῦμα

350 1143 443 1195 τοῦ
475 1144 609 1195 Θεοῦ
652 1144 711 1196 τὸ
748 1144 901 1212 ἆγιον
946 1148 1003 1198 ὲν
1040 1144 1170 1197 εἴδει
1207 1147 1533 1217 περιστερᾶς
1566 1145 1931 1214 κατελθούσης

350 1236 447 1286 καὶ
480 1234 828 1306 εἰσελθούσης
853 1242 931 1299 είς
952 1237 1134 1290 αὐτόν.
1165 1238 1278 1290 Καὶ
1309 1240 1459 1308 φωνὴ
1490 1240 1708 1306 ἐγένετο
1741 1240 1805 1290 ἐκ
1836 1238 1930 1290 τοῦ

350 1326 603 1395 οὐρανοῦ,
638 1326 898 1393 λέγουσα·
931 1331 976 1380 Σ
982 1329 1013 1380 ὐ
1039 1346 1158 1395 μου
1179 1324 1281 1381 εἷό
1321 1329 1452 1394 Υἱὸς
1469 1332 1500 1382 ό
1521 1328 1847 1397 ἀγαπητὸς,
1864 1330 1933 1381 ἐν·

353 1419 452 1471 σοὶ
488 1418 838 1487 ηὐδόκησαο
881 1421 973 1473 καὶ
1002 1421 1164 1473 πάλιν
1186 1437 1198 1448 ·
1247 1421 1393 1490 Ἐγὼ
1430 1426 1698 1491 σήμερον
1734 1422 1934 1492 γεγέν-

352 1509 510 1576 νηκὰ
534 1527 626 1564 σε.
647 1513 755 1563 Καὶ
780 1512 941 1575 εὐθὺς
966 1513 1304 1584 περιέλαμψε
1326 1514 1415 1566 τὸν
1436 1514 1599 1567 τόπον
1627 1514 1741 1581 φῶς
1769 1515 1931 1584 μέγα.

361 1603 426 1653 ’Ὀ
458 1600 600 1664 ἰδὼν,
644 1605 826 1674 φησὶν,
860 1607 888 1657 ὁ
933 1606 1184 1675 Ἰωάννης
1214 1606 1363 1672 λέγει
1393 1604 1542 1675 αὐτῷ
1562 1621 1575 1634 ·
1632 1605 1716 1658 Σὺ
1748 1606 1837 1670 τίς
1857 1601 1931 1667 εἴ,

356 1694 533 1761 Κύριε
550 1713 568 1758 ;
592 1696 701 1748 Kal
731 1695 892 1749 πάλιν
918 1698 1068 1767 φωνὴ
1098 1697 1156 1763 ἐξ
1185 1697 1415 1768 οὐρανοῦ
1440 1697 1577 1769 πρὸς
1603 1698 1790 1751 αὐτόν’
1822 1694 1936 1753 Οὗ-

356 1785 460 1850 τός
492 1786 665 1839 ἐστιν
703 1790 735 1840 ό
784 1789 914 1854 Υἱός
936 1807 1054 1857 μου
1094 1793 1127 1841 ό
1155 1789 1459 1857 ἀγαπητὸς
1482 1830 1496 1852 ,
1534 1790 1625 1858 ἐφ’
1662 1788 1735 1842 ὃν
1758 1790 1937 1857 ηὐδό-

357 1892 542 1944 κησα.
567 1880 676 1931 Καὶ
709 1880 849 1943 τότε,
876 1883 1060 1951 φησὶν,
1085 1883 1113 1933 ὁ
1146 1882 1398 1951 Ἰωάννης
1433 1883 1756 1952 προσπεσὼν
1790 1883 1937 1955 αὐτῷ

359 1966 512 2035 ἔλεγε
533 1985 547 1998 ·
579 1966 792 2037 Δέομαί
824 1986 939 2022 σου
961 2012 973 2030 ,
1001 1971 1199 2039 Κύριε,
1227 1972 1307 2024 σύ
1338 1989 1414 2040 με
1438 1971 1764 2036 βάπτισον.
1800 1973 1857 2026 Ὀ
1882 1975 1939 2027 δὲ

358 2057 596 2112 ἐκώλυεν
623 2059 792 2127 αὐτῷ,
819 2060 994 2130 λέγων
1019 2078 1033 2093 ο
1060 2062 1250 2132 Ἀφες,
1288 2064 1369 2116 ὅτι
1392 2063 1563 2127 οὕτως
1591 2066 1706 2118 ἐστὶ
1729 2067 1938 2136 πρέπον

361 2150 714 2223 πληρωθῆναι
741 2155 941 2208 πάντα.

434 2248 531 2299 1Δ’.
582 2247 720 2319 Ὅρα
760 2248 817 2300 δὲ
862 2249 960 2318 τὴν
1005 2249 1134 2319 παρ’
1184 2249 1368 2311 αὐτοῖς
1417 2252 1940 2321 παραπεποιημένην

361 2337 713 2407 πανταχόθεν·
730 2338 1106 2400 διδασκαλίαν,
1134 2338 1249 2400 πῶς
1275 2340 1451 2392 πάντα
1482 2339 1651 2409 χωλὰ,
1674 2340 1822 2406 λοξὰ,
1849 2342 1942 2394 καὶ

361 2429 621 2497 οὐδεμίαν
652 2428 923 2499 ὀρθότητα
952 2428 1164 2499 ἔχοντα,
1201 2430 1260 2481 '0
1294 2431 1391 2499 μὲν
1418 2430 1526 2500 γὰρ
1544 2431 1812 2500 Κήρινθος
1849 2432 1943 2484 xal

362 2518 725 2589 Καρποκρᾶς,
761 2518 839 2588 τῷ
881 2518 1031 2589 αὐτῷ
1081 2518 1353 2589 χρώμενοι
1394 2520 1554 2588 δῆθεν
1594 2523 1725 2594 παρ’
1761 2521 1943 2584 αὐτοῖς

363 2608 685 2679 Εὑαγγελίῳ
737 2610 846 2662 ἀπὸ
876 2609 976 2679 τῆς
1001 2612 1177 2682 ἀρχῆς
1220 2611 1314 2663 τοῦ
1354 2611 1496 2665 κατά
1537 2612 1814 2666 Ματθαῖον
1840 2613 1944 2665 Εὐ-

362 2702 619 2770 αγγελίου
664 2701 753 2754 διὰ
793 2702 890 2772 τῆς
925 2703 1299 2772 γενεαλογίας.
1345 2703 1630 2774 βούλονται
1672 2707 1945 2776 παριστᾷν

364 2798 430 2848 ὲκ
458 2796 773 2866 σπέρματος
810 2795 1005 2866 Ἰωσὴφ
1035 2797 1131 2849 καὶ
1159 2798 1376 2867 Μαρίας
1402 2793 1541 2851 εἶναι
1571 2799 1662 2850 τὸν
1688 2800 1942 2871 Χριστόν.

365 2880 529 2940 Οὗτοι
559 2888 618 2940 δὲ
658 2887 793 2941 ἄλλα
818 2888 943 2941 τινὰ
986 2887 1338 2942 διανοοῦνται.
1372 2891 1797 2961 Παρακὸψαντες
1837 2893 1947 2964 γὰρ

364 2981 464 3043 τὰς
506 2980 659 3050 παρὰ
696 2979 773 3049 τῷ
827 2978 1093 3050 Ματθαίῳ
1134 2981 1503 3049 γενεαλογίας,
1542 2982 1800 3054 ἄρχονται
1848 2984 1947 3055 τὴν

365 3072 542 3143 ἀρχὴν
564 3071 855 3132 ποιεῖσθαι,
875 3072 950 3135 ὡς
977 3075 1257 3143 προεῖπον,
1276 3072 1547 3141 λέγοντες,
1570 3076 1651 3128 ὅτι
1681 3075 1945 3143 Ἐγένετο,

364 3167 553 3236 φησὶν,
589 3166 647 3217 ὲν
675 3167 797 3227 ταῖς
839 3165 1077 3236 ἡμέραις
1120 3165 1356 3237 Ἡρώδου
1394 3166 1655 3236 βασιλέως
1685 3169 1783 3238 τῆς
1822 3168 1949 3221 Ἰου-
1977 3206 2020 3263 C

365 3258 523 3319 δαίας
575 3256 668 3309 ἐπὶ
707 3257 1009 3329 ἀρχιερέως
1065 3258 1323 3325 Καῖάφα,
1373 3254 1508 3328 ἦλθέ
1558 3276 1641 3321 τις
1698 3260 1947 3331 Ἰωάννης

365 3348 595 3418 ὀνόματι
643 3346 921 3417 βαπτίζων
966 3346 1247 3418 βάπτισμα
1301 3349 1591 3418 μετανοίας
1631 3353 1689 3403 ὲν
1731 3351 1808 3421 τῷ
1852 3369 1951 3405 πο·-

365 3438 528 3510 ταμῷ
569 3440 832 3512 Ἰορδάνῃ,
867 3441 963 3493 καὶ
997 3440 1069 3493 τὰ
1098 3440 1245 3509 ἑξῆς.
1289 3441 1507 3510 Ἐπειδὴ
1537 3443 1645 3513 γάρ
1674 3442 1949 3511 βούλονται

366 3530 458 3583 τὸν
487 3531 584 3600 μὲν
622 3531 829 3601 Ἰησοῦν
858 3531 1027 3594 ὅντως
1051 3532 1337 3603 ἄνθρωπον
1365 3531 1523 3594 εἶναι,
1550 3534 1625 3597 ὡς
1667 3539 1947 3605 προεῖπον,

367 3622 602 3692 Χριστὸν
630 3622 686 3674 δὲ
714 3623 771 3673 ὲν
821 3622 970 3692 αὐτῷ
1011 3622 1336 3693 γεγενῆσθαι
1367 3624 1457 3676 τὸν
1493 3627 1551 3677 ὲν
1577 3628 1905 3697 περιστερᾶς
1930 3628 1945 3658 ί

368 3711 809 3783 καταϐεϐηκότα,
845 3713 1098 3784 καθάπερ
1123 3714 1222 3783 ἤδη
1259 3716 1353 3766 καὶ
1393 3717 1523 3787 παρ’
1564 3715 1753 3779 ἄλλαις
1795 3718 1941 3789 αἱρέ-

371 3820 521 3855 σεσιν
552 3804 876 3874 εὑρίσκομεν
909 3803 1245 3871 συναφθέντα
1285 3804 1455 3875 αὐτῷ,
1488 3807 1582 3858 καὶ
1623 3802 1762 3860 εἶναι
1789 3808 1951 3862 αὑτὸν

368 3896 460 3949 τὸν
489 3897 722 3969 Χριστὸν
754 3900 817 3949 ἐκ
859 3897 1174 3967 σπέρματος
1206 3898 1399 3967 ἀνδρὸς
1432 3899 1523 3951 καὶ
1568 3902 1825 3966 γυναικὸς
1856 3919 1951 3969 γε·-

370 4003 500 4055 γενη
512 3988 691 4057 μένον.
715 3987 883 4040 Πάλιν
910 3988 967 4040 δὲ
994 3986 1283 4058 ἀρνοῦνται
1311 3982 1450 4040 εἶναι
1480 3990 1643 4041 αὑτὸν
1668 3991 1952 4061 ἄνθρωπον

370 4076 533 4146 δῆθεν
597 4076 707 4128 ἀπὸ
756 4076 851 4129 τοῦ
892 4076 1073 4145 λόγου,
1120 4070 1182 4129 οῦ
1225 4078 1446 4146 εἴρηκεν
1479 4080 1506 4130 ὁ
1546 4079 1734 4150 Σωτὴρ
1777 4082 1835 4132 ἐν
1875 4082 1952 4152 τῷ

370 4169 736 4239 ἀναγγελῆναι
779 4170 961 4235 αὐτὸν,
988 4170 1070 4221 ὅτι
1108 4169 1255 4223 Ἰδοὺ
1304 4172 1342 4238 ἠ
1366 4170 1565 4239 μήτηρ
1603 4187 1719 4227 σου
1768 4174 1867 4225 καὶ
1896 4177 1949 4227 οὶ

370 4261 622 4329 ἀδελφοί
678 4278 794 4313 σου
842 4259 958 4323 ἔξω
997 4260 1350 4325 ἑστήκασιν,
1400 4263 1482 4314 ὅτι
1537 4263 1631 4327 Τίς
1669 4279 1789 4330 μου
1822 4264 1951 4316 ἐστὶ

369 4353 565 4423 μήτηρ
608 4354 709 4405 καί
732 4369 853 4421 μου
892 4351 1145 4421 ἀδελφοί
1161 4369 1178 4414 ;
1217 4350 1329 4404 Καὶ
1376 4353 1647 4418 ἐκτείνας
1672 4354 1767 4406 ἐπὶ
1812 4354 1954 4419 τοὺς

372 4446 638 4515 μαθητὰς
670 4444 783 4511 τὴν
808 4444 997 4512 χεῖρα,
1026 4445 1143 4514 ἔφη
1167 4463 1180 4475 ·
1218 4441 1395 4500 Οὗτοί
1421 4448 1578 4497 εἰσιν
1615 4448 1669 4497 οί
1702 4446 1955 4513 ἀδελφοί

2030 604 2191 658 quem
2228 588 2480 645 ferebant
2508 608 2573 646 ex
2610 607 2806 660 genere
2845 607 2968 647 esse
3005 592 3239 647 Aaronis
3285 591 3611 655 sacerdotis,

2024 680 2176 736 ﬁlius
2203 681 2486 737 Zachariae
2521 693 2575 738 et
2606 683 2959 749 Elizabethae,
3001 691 3057 739 et
3090 684 3515 754 egrediebantur
3545 684 3615 737 ad

2035 774 2186 826 illum
2211 790 2422 831 omnes.
2464 774 2602 829 Tum
2639 777 2799 846 longe
2834 786 3022 846 postea
3065 775 3386 846 subjungit:
3426 775 3615 844 Bapti-

2030 873 2153 921 zato
2182 867 2383 936 populo
2412 868 2562 922 venit
2594 875 2647 922 et
2679 867 2864 932 Jesus,
2897 875 2952 923 et
2990 882 3019 921 a
3060 866 3271 922 Joanne
3302 867 3614 937 baptizatus

2030 963 2134 1011 est.
2161 955 2411 1027 Cumque
2437 958 2781 1014 ascendisset
2810 975 2876 1013 ex
2899 974 3063 1030 aqua,
3097 960 3271 1029 aperti
3300 966 3431 1013 sunt
3463 959 3611 1022 creti,

2032 1058 2086 1104 et
2113 1051 2245 1106 vidit
2277 1050 2541 1122 Spiritum
2577 1051 2673 1107 Dei
2707 1061 2956 1108 sanctum
2987 1052 3252 1107 columba:
3280 1052 3492 1122 species
3515 1051 3615 1105 de-
3713 1088 3718 1095 -

2034 1144 2351 1200 scendentis
2379 1153 2433 1199 et
2476 1145 2741 1200 intrantis
2780 1147 2836 1199 in
2867 1161 3007 1202 sese.
3041 1144 3108 1200 Et
3150 1161 3254 1200 vox
3300 1146 3512 1201 reddita
3548 1145 3619 1200 de

2034 1234 2175 1288 coelo
2224 1235 2414 1289 dicens
2461 1253 2474 1288 :
2528 1235 2607 1288 Tu
2653 1253 2707 1289 es
2756 1234 2932 1289 Filius
2974 1252 3117 1288 meus
3158 1235 3403 1297 dilectus,
3462 1236 3517 1287 in
3569 1244 3619 1288 te

2035 1325 2163 1377 mihi
2188 1326 2503 1394 complacui.
2532 1325 2598 1379 Et
2624 1327 2855 1381 iterum:
2890 1325 3002 1397 Ego
3034 1327 3186 1380 hodie
3217 1328 3371 1396 genui
3403 1336 3471 1379 te.
3502 1325 3619 1378 Sta-

2034 1419 2240 1486 timque
2259 1433 2324 1473 eo
2352 1419 2406 1471 in
2438 1419 2557 1472 loco
2581 1420 2672 1472 lux
2700 1419 2891 1488 ingens
2922 1417 3145 1472 aﬂ‘ulsit.
3173 1417 3290 1482 Qua
3321 1426 3617 1487 conspecta

2036 1507 2273 1562 Joannes
2315 1510 2394 1564 sic
2434 1527 2555 1565 eum
2601 1511 2896 1580 alloquitur
2930 1530 2943 1565 :
2990 1509 3068 1563 Tu
3093 1511 3210 1581 quis
3244 1528 3321 1575 es,
3359 1510 3619 1565 Domine?

2039 1599 2551 1672 Rursumquelapsa
2584 1618 2688 1656 vox
2720 1604 2786 1657 de
2816 1603 2993 1657 cmlo:
3028 1603 3130 1657 Hic
3156 1614 3233 1657 est
3261 1602 3441 1658 Filius
3472 1620 3619 1657 meus

2037 1694 2284 1759 dilectus,
2320 1697 2375 1749 in
2404 1712 2504 1764 quo
2537 1696 2665 1749 milii
2693 1699 3006 1766 complacui.
3031 1698 3109 1750 Ad
3138 1698 3253 1750 haac
3279 1696 3519 1751 Joannes
3549 1697 3619 1750 ad

2039 1785 2159 1853 ejus
2185 1786 2350 1854 pedes
2372 1787 2657 1841 accidens:
2691 1786 2904 1852 Quazso,
2938 1787 3139 1857 inquit,
3170 1786 3416 1851 Domine,
3454 1795 3508 1839 tu
3540 1803 3622 1840 me

1968 1857 2011 1912 Β
2041 1879 2149 1946 ipse
2177 1879 2409 1946 baptiza.
2456 1879 2525 1931 At
2558 1879 2646 1933 ille
2674 1881 2999 1949 prohibebat
3026 1896 3148 1935 eum
3194 1881 3384 1937 dicens
3414 1901 3427 1935 :
3459 1880 3618 1947 Sine;

2042 1970 2115 2023 ita
2148 1971 2290 2025 enim
2322 1971 2476 2024 decet
2502 1986 2601 2026 nos
2634 1972 2858 2043 implere
2887 1975 3090 2027 omnia.

2115 2232 2254 2288 XIV.
2297 2234 2434 2291 Vide
2471 2253 2634 2307 quam
2686 2240 2752 2295 sit
2792 2256 2983 2295 eorum
3030 2241 3390 2311 undequaque
3427 2240 3626 2313 depra-

2044 2332 2168 2379 vata
2203 2327 2481 2393 doetrina;
2516 2345 2678 2397 quam
2712 2332 3100 2396 clandicantia,
3136 2332 3475 2402 distortaque
3513 2333 3625 2387 sint

2047 2417 2251 2481 omnia,
2286 2433 2388 2472 nec
2417 2419 2553 2472 recti
2595 2420 2894 2489 quidquam
2941 2422 3281 2475 contineant.
3327 2422 3624 2476 Cerinthus

2048 2509 2193 2560 enim
2233 2514 2286 2561 et
2313 2508 2672 2577 Carpocrates
2697 2512 2886 2564 eodem
2913 2509 3171 2569 Matthaei.
3204 2520 3263 2565 ut
3293 2511 3509 2581 quidem
3530 2528 3626 2566 vo-

2048 2598 2191 2662 lunt,
2226 2597 2521 2669 Evangelio
2550 2600 2699 2664 freti,
2735 2616 2801 2655 ex
2834 2602 2955 2670 ejus
2991 2603 3147 2655 initio
3182 2602 3497 2672 Christique
3531 2618 3627 2673 ge-

2049 2692 2298 2763 nealogia
2344 2693 2578 2763 probare
2624 2695 2897 2761 nituntur,
2935 2695 3217 2750 Christum
3251 2712 3282 2750 e
3322 2694 3542 2766 Josephi
3570 2704 3628 2751 et

2050 2785 2233 2839 Maria:
2282 2787 2491 2840 semine
2536 2801 2659 2841 esse
2712 2795 3082 2855 procreatum.
3124 2786 3203 2840 Illi
3246 2795 3439 2840 contra
3478 2786 3627 2841 aliud

2049 2878 2276 2932 omnino
2306 2885 2575 2941 statuunt.
2607 2877 2745 2932 Nam
2781 2880 2928 2933 omni
2964 2880 3053 2933 illa
3086 2880 3397 2950 genealogia
3431 2896 3627 2950 ampu-

2049 2977 2181 3034 tata,
2214 2970 2340 3025 inde
2362 2973 2505 3027 unde
2520 2973 2759 3028 diximus
2786 2974 3004 3027 initium
3038 2973 3315 3027 deducunt
3348 2992 3360 3025 :
3398 2972 3625 3027 Factum

2051 3067 2135 3114 est
2180 3061 2236 3113 in
2282 3061 2475 3116 diebus
2519 3062 2750 3117 Herodis
2782 3064 2928 3133 regis
2967 3063 3187 3126 Judaeze,
3232 3064 3336 3119 sub
3386 3064 3631 3133 principe

2055 3153 2404 3207 sacerdotum
2456 3154 2686 3224 Caipha,
2744 3164 2804 3208 ut
2836 3156 3049 3210 veniret
3096 3157 3336 3225 quidam,
3390 3154 3630 3210 Joannes

2053 3246 2295 3312 nomine,
2329 3247 2618 3316 baptizans
2652 3248 2925 3317 baptismo
2956 3249 3290 3317 pmnitentia!
3313 3250 3367 3301 in
3395 3248 3633 3304 Jordane

2051 3338 2235 3401 ﬂuvio,
2254 3346 2360 3392 etc.
2378 3338 2825 3407 Quandoquidem
2844 3338 3048 3403 Jesum,
3070 3338 3394 3403 utdiximus,
3418 3354 3629 3393 merum

2052 3430 2329 3484 hominem
2375 3431 2655 3485 exstitisse
2699 3438 2928 3499 putant,
2986 3431 3041 3485 in
3073 3446 3247 3501 eoque
3276 3430 3437 3500 139
3471 3446 3622 3485 rese—

2052 3524 2200 3579 disse
2240 3525 2544 3582 Christum.
2594 3526 2687 3594 qui
2737 3527 3007 3580 columbae
3057 3527 3237 3595 specie
3280 3527 3351 3580 sit
3378 3526 3629 3595 illapsus.

2052 3631 2176 3671 cum
2201 3633 2374 3688 eoque
2396 3620 2764 3687 conjunctus;
2799 3619 2850 3673 id
2872 3620 3015 3688 quod
3048 3619 3172 3672 ali-is
3201 3619 3424 3688 insuper
3451 3620 3631 3671 haere-

2053 3713 2207 3766 sibus
2234 3714 2507 3782 placuisse
2533 3715 2778 3782 reperio;
2804 3715 2877 3766 ita
2898 3712 3083 3767 Jesum
3116 3716 3292 3781 ipsum
3319 3728 3443 3767 esse
3470 3711 3633 3765 Chri-

2054 3814 2199 3858 stum
2219 3820 2283 3857 ex
2303 3805 2590 3874 utriusque
2614 3805 2856 3873 parentis
2878 3806 3085 3859 semine
3115 3812 3462 3873 prognatum.
3491 3802 3635 3856 Rur-

2054 3912 2175 3951 sum
2206 3912 2337 3951 vero
2367 3912 2475 3950 non
2512 3897 2788 3951 hominem
2825 3912 2948 3951 esse
2974 3897 3252 3951 Christum
3282 3913 3349 3950 ex
3383 3896 3485 3950 hoc
3512 3896 3634 3962 ejus

2054 4005 2325 4059 responso
2354 3990 2638 4057 colligunt,
2678 3988 2846 4057 quod,
2878 4003 3001 4040 cum
3042 3988 3416 4041 renuntiatum
3450 3996 3629 4041 esset:

2055 4082 2190 4134 Ecce
2224 4091 2393 4134 mater
2437 4090 2529 4132 tua
2566 4091 2614 4134 et
2660 4082 2853 4149 fratres
2896 4082 2973 4131 tui
3022 4079 3152 4147 foris
3197 4088 3360 4140 stant,
3395 4079 3541 4131 hunc
3575 4079 3631 4132 in

2055 4176 2274 4229 modum
2304 4175 2571 4230 reddidit:
2605 4175 2735 4238 Qua:
2759 4184 2832 4225 est
2862 4182 3029 4224 mater
3053 4188 3187 4227 mea.
3210 4180 3258 4224 et
3282 4172 3473 4239 fratres
3497 4172 3633 4226 mei?

2054 4274 2104 4319 et
2136 4266 2415 4319 extendens
2444 4281 2655 4317 manum
2682 4266 2734 4316 in
2756 4264 3045 4329 discipulos
3075 4262 3212 4313 dixit
3232 4278 3249 4314 :
3273 4262 3343 4313 lii
3365 4272 3485 4315 sunt
3513 4262 3632 4331 {ra-

2057 4367 2160 4409 tres
2198 4358 2317 4419 mei,
2358 4365 2408 4408 et
2441 4366 2608 4407 mater
2641 4372 2776 4417 mea,
2810 4356 2898 4423 qui
2931 4356 3135 4424 faciunt
3169 4354 3493 4407 voluntatem
3524 4354 3636 4407 Pa-

2059 4451 2154 4502 tris
2184 4450 2344 4502 mei'.
2382 4448 2520 4501 llinc
2555 4449 2644 4501 ille
2668 4448 2960 4517 prtcstigiis
2992 4449 3298 4501 instructus
3334 4446 3505 4503 Ebion
3538 4465 3637 4500 va-

372 4556 487 4607 μου
515 4538 611 4590 καὶ
651 4538 689 4603 ἡ
716 4538 936 4607 μήτηρ,
967 4542 1021 4589 οὶ
1058 4538 1369 4602 ποιοῦντες
1403 4537 1476 4590 τὰ
1510 4537 1813 4606 θελήματα
1847 4539 1945 4592 τοῦ

2061 4542 2171 4595 rias
2201 4557 2260 4594 se
2304 4540 2358 4599 in
2401 4542 2581 4594 larvas
2622 4547 2785 4608 atque
2813 4540 3016 4608 eﬂigies
3047 4538 3339 4603 deformat,
3375 4546 3432 4592 ut
3465 4556 3530 4594 ex
3568 4540 3633 4593 iis

374 4628 603 4694 Πατρός
632 4645 771 4696 μου.
832 4626 1146 4691 Ἐντεῦθεν,
1184 4626 1257 4689 ὡς
1302 4626 1438 4695 ἔφην
1493 4627 1591 4697 τῆς
1635 4627 1814 4698 πάσης
1856 4645 1953 4681 κυ-

376 4713 528 4776 ϐείας
573 4713 993 4783 μεμεστωμένος
1037 4717 1065 4767 ὁ
1117 4714 1309 4767 Ἐϐίων
1350 4714 1439 4766 διὰ
1484 4715 1695 4767 πολλῶν
1731 4719 1954 4787 μορφῶν

375 4806 660 4874 ὑποφαίνει
706 4806 924 4859 ἑαυτόν·
971 4808 1045 4871 ὼς
1078 4804 1216 4862 εἶναι
1250 4808 1534 4880 τεράστιον
1572 4808 1713 4862 κατὰ
1746 4812 1812 4863 τά
1842 4810 1955 4864 ἀνω

379 4916 468 4970 μοι
501 4899 975 4971 προδεδηλωμὲνὰ.

448 4991 543 5042 IE'.
575 4990 828 5060 Χρῶνται
856 4991 912 5043 δὲ
945 4989 1038 5043 καὶ
1079 4989 1265 5054 ἄλλαις
1296 4992 1410 5045 τισὶ
1443 4992 1554 5063 (50)
1578 4993 1779 5063 βίϐλοις
1815 5036 1828 5058 ,
1858 4995 1952 5064 δῆ-

376 5080 467 5133 Οεν
496 5085 614 5144 ταῖς
659 5083 965 5151 Περιόδοις
993 5084 1354 5154 καλουμέναις
1411 5085 1665 5152 Πέτρου,
1707 5089 1825 5151 ταῖς
1868 5088 1956 5139 διά

375 5174 690 5243 Κλήμεντος
730 5176 1092 5245 γραφείσαις,
1141 5175 1493 5238 νοθεύσαντες
1528 5177 1625 5245 μὲν
1657 5176 1725 5229 τά
1753 5179 1811 5228 ὲν
1853 5178 1954 5230 αὑ-

374 5268 495 5329 ταῖς
515 5306 529 5328 ,
564 5266 718 5334 ὀλίγα
746 5266 801 5318 δὲ
830 5266 1058 5336 ἀληθινά
1090 5267 1351 5327 ἐάσαντες
1369 5305 1384 5328 ,
1413 5267 1489 5328 ὡς
1518 5267 1679 5330 αὐτὸς
1722 5268 1955 5338 Κλήμης

376 5357 571 5420 αὐτοὺς
605 5355 745 5409 κατά
776 5356 955 5409 πάντα
998 5356 1247 5427 ἐλέγχει,
1293 5357 1386 5425 ἀφ’
1416 5349 1491 5407 ὧν
1522 5355 1759 5425 ἔγραψεν
1794 5357 1955 5410 Ἐπι-

451 5515 468 5544 ¹
503 5510 705 5582 Supple
735 5510 884 5566 εῖδει.
960 5515 980 5543 ⁸
1017 5510 1208 5566 Matth.
1246 5526 1346 5576 xu,
1373 5512 1559 5567 47-50.

450 5672 559 5741 (50)
598 5670 861 5741 Χρῶνται
897 5668 965 5721 δὲ
1007 5669 1102 5721 καί
1128 5669 1345 5734 ἄλλαις
1372 5671 1516 5723 τισί.
1556 5666 1631 5724 De
1664 5670 1827 5734 libro,
1860 5672 1954 5740 qui

378 5741 644 5808 Περίοδοι
684 5740 910 5807 Πέτρου
943 5741 1240 5808 inscriptus
1284 5749 1422 5803 erat,
1475 5742 1721 5793 meminit
1751 5744 1954 5796 Athan.

376 5813 425 5865 iu
470 5812 596 5881 Syn.
625 5820 678 5867 et
702 5813 843 5865 inter
874 5814 1182 5881 apocrypha
1213 5826 1336 5865 cum
1383 5811 1505 5865 aliis
1540 5823 1805 5868 recenset.
1841 5812 1957 5870 Vel-

2060 4652 2182 4705 quae
2221 4635 2378 4689 initio
2417 4636 2561 4689 dicta
2596 4642 2724 4688 sunt
2756 4642 2950 4689 tetrum
2982 4645 3035 4691 et
3068 4636 3332 4691 horribile
3358 4636 3634 4706 quoddam

2057 4744 2180 4783 esse
2210 4735 2516 4781 monstrum
2547 4736 2827 4797 appareat.

2128 4985 2245 5040 XV.
2283 4987 2424 5041 Sunt
2452 4995 2506 5042 et
2533 4988 2625 5041 alii
2659 4988 2785 5043 libri
2822 4990 3022 5060 quibus
3052 4999 3306 5055 utuntur,
3346 4992 3495 5046 velut
3535 4992 3637 5051 Pe-

2061 5078 2131 5132 tri
2178 5080 2431 5132 circuitus
2474 5094 2503 5133 a
2550 5080 3209 5151 Clemente’conscripti.
3250 5099 3359 5153 quo
3398 5085 3454 5138 in
3484 5085 3633 5140 libro

2059 5171 2249 5238 paucis
2276 5172 2421 5225 veris
2460 5174 2669 5228 relictis
2723 5184 2920 5229 caetera
2965 5185 3373 5245 supposuerunt
3403 5196 3416 5230 :
3443 5192 3636 5247 quem-

2061 5264 2353 5318 admodum
2384 5265 2636 5330 Clemens
2666 5267 2781 5334 ipse
2806 5267 3061 5321 omnibus
3086 5268 3209 5321 illos
3242 5268 3418 5322 modis
3452 5269 3639 5323 redar-

2061 5357 2176 5424 guit
2208 5356 2277 5411 iis
2308 5355 2562 5424 Epistolis
2596 5358 2971 5422 circularibus,
2997 5374 3117 5428 quae
3150 5360 3220 5414 ab
3248 5374 3315 5414 eo
3339 5363 3558 5429 scriptae
3581 5362 3633 5416 in

2062 5673 2140 5727 uti
2169 5680 2295 5727 sunt
2345 5671 2588 5745 Περίοδοι
2625 5671 2852 5745 ῌετρου,
2911 5673 3163 5745 ’Περίοδοι
3188 5675 3454 5728 Ἰωάννου.
3483 5674 3641 5745 Περί-

2060 5745 2168 5816 οδοι
2197 5744 2384 5816 Oropi,
2424 5743 3149 5816 Ebayyéltovlnara‘ﬂwpéi.
3182 5746 3378 5816 Διδαχη
3406 5743 3608 5816 ἀποστό

2060 5815 2187 5879 λων,
2218 5811 2551 5883 Κλημεντια,
2576 5821 2680 5867 etc.
2720 5812 2878 5884 [Vide
2911 5811 3065 5868 Patr.
3098 5812 3191 5870 Gr.
3220 5826 3260 5870 t.
3300 5811 3405 5870 luet
3436 5815 3532 5888 ιΙ.]
