4170 6372
478 359 573 414 431
1886 347 1941 402 S.
1986 347 2084 401 ΕΡ]

2190 346 2325 401 AN"
3637 346 3741 403 £32

480 473 851 533 sacrosanctis
884 472 1136 528 ccclesiis
1176 473 1454 543 leguntur.
1487 471 1559 524 Ex
1599 472 1802 541 quibus
1842 479 2060 525 constat

2185 470 2402 525 γτολῶν
2418 470 2759 539 ἐγκυκλίων
2803 469 2911 523 τῶν
2966 470 3025 523 ἐν
3064 471 3185 533 ταῖς
3216 468 3399 537 ἁγίαις
3425 468 3741 539 ἐκκλησίαις

479 571 639 639 longe
685 568 753 622 ab
796 568 863 621 iis
897 582 1019 635 qua:
1051 565 1103 618 in
1142 563 1464 618 Circuitibus
1503 564 1611 618 illis
1641 563 1743 617 sub
1786 563 1905 632 ejus
1956 578 2057 616 no-

479 663 628 715 mine
656 659 965 714 adulterina
993 664 1234 722 exstant,
1277 657 1426 711 illius
1469 655 1625 709 ﬁdem
1658 671 1721 709 ac
1751 670 2059 709 sermonem

479 752 853 807 abhorruisse.
893 750 1106 805 Etenim
1142 749 1509 819 virginitatem
1541 748 1795 801 Clemens
1819 745 2058 810 edocuit,

480 845 575 900 isti
600 843 893 913 repudiant
927 859 941 896 :
977 842 1067 895 ille
1112 840 1284 893 Eliam
1332 838 1588 893 Davidem
1619 847 1672 892 et
1705 837 2061 907 Sampsonem

481 952 790 1006 omnesque
837 934 1133 1004 prophetas
1183 931 1567 995 commendat;
1622 930 1887 984 Ebionitze
1914 931 2064 985 dete—

483 1033 720 1078 stantur.
745 1022 925 1089 Quare
957 1024 1011 1076 in
1045 1022 1368 1075 Circuitibus
1400 1022 1520 1075 istis
1552 1037 1709 1075 suum
1743 1022 1810 1074 ad
1844 1022 2065 1076 institu-

484 1126 598 1169 tum
648 1116 1132 1170 accommodarunt
1179 1114 1386 1175 omnia,
1424 1128 1486 1166 ac
1528 1112 1594 1166 de
1633 1111 1797 1166 Petro
1829 1114 2063 1182 plurima

483 1205 766 1259 mendacia
790 1206 1196 1260 conﬁnxerunt.
1223 1204 1545 1273 Cujusmodi
1572 1206 1816 1260 estinter
1845 1217 2060 1270 caatera,

485 1296 729 1365 quotidie
767 1297 919 1350 illum
966 1295 1310 1349 castimonia:
1341 1310 1511 1350 causa
1548 1297 1769 1361 lavisse,
1798 1298 1943 1366 quod
1974 1298 2063 1353 isti

486 1390 669 1445 facere
697 1396 1121 1442 consueverunt.
1150 1387 1288 1442 Tum
1335 1390 1402 1442 ab
1436 1388 1694 1443 animatis
1728 1391 1984 1445 omnibus
2011 1397 2066 1443 et

485 1478 768 1540 carnibus,
792 1476 1107 1546 reliquoque
1131 1477 1303 1539 omni,
1321 1476 1468 1546 quod
1498 1492 1660 1532 carne
1683 1486 1919 1543 constet,
1947 1481 2068 1534 abs-

483 1566 750 1629 tinuisse;
795 1566 1053 1634 quoniam
1104 1565 1173 1618 ab
1216 1565 1284 1619 iis
1338 1573 1448 1619 tam
1490 1566 1665 1621 Ebion
1703 1569 1853 1631 olim,
1903 1584 2064 1637 quam

487 1656 650 1711 hodie
679 1656 945 1709 l‘lhionitaa
979 1670 1171 1710 omnes
1203 1656 1521 1709 abhorrent.
1558 1657 1803 1726 Cumque
1830 1658 2066 1726 aliquem

486 1764 552 1802 ex
580 1748 685 1801 illis
716 1747 1162 1816 interrogaveris,
1188 1762 1287 1800 cur
1312 1746 1531 1800 tandem
1566 1748 1635 1802 ab
1664 1748 1918 1803 animatis
1948 1764 2069 1803 sese

488 1841 792 1905 contineat,
843 1839 991 1893 aliud
1020 1839 1154 1892 nihil
1188 1846 1386 1909 przeter
1418 1839 1521 1893 hoc
1556 1840 1867 1909 imperitum
1901 1850 1954 1895 et
1984 1840 2069 1894 in—
2102 1819 2143 1874 Β

492 1933 701 1986 sulsum
728 1931 983 2000 excipiet,
1016 1930 1161 2001 quod
1192 1931 1282 1985 illa
1309 1947 1338 1985 e
1366 1946 1659 2001 corporum
1692 1934 1843 1986 coitu
1866 1948 2069 1986 concu-

496 2024 721 2092 bituque
749 2024 1064 2092 gignantur,
1104 2038 1162 2077 se
1198 2023 1406 2077 idcirco
1438 2040 1545 2076 non
1574 2024 1738 2078 vesci.
1766 2022 1843 2077 Ex
1876 2040 1985 2093 quo
2010 2024 2073 2076 il-

502 2114 588 2167 .ud
619 2130 965 2185 consequens
1015 2122 1121 2177 est,
1176 2114 1276 2170 hos
1330 2117 1479 2185 ipsos
1514 2118 1606 2186 qui
1648 2133 1713 2171 ex
1745 2116 1934 2171 eodem
1970 2119 2071 2170 viri

501 2206 819 2276 feminaeque
854 2207 1142 2275 complexu
1173 2207 1285 2260 nati
1318 2218 1467 2270 sunt,
1507 2209 1903 2264 abominandos
1926 2225 2069 2273 esse,

500 2300 541 2352 si
575 2313 702 2352 vera
734 2307 862 2352 sunt
904 2313 1025 2368 quae
1074 2314 1138 2352 ex
1172 2313 1267 2353 ore
1296 2314 1398 2353 suo
1424 2301 1593 2355 stulte
1623 2316 1686 2355 ac
1716 2300 1950 2356 ridicule
1977 2316 2076 2357 vo-

500 2400 771 2444 Inuerunt.

568 2482 708 2535 XVI.
742 2481 1008 2535 Caeterum
1033 2481 1307 2550 baptismo
1334 2499 1553 2553 quoque
1583 2493 1781 2554 praeter
1807 2484 2078 2555 quotidia‘

502 2570 815 2623 nuuuillum
849 2572 1157 2635 initiantur,
1213 2580 1268 2625 et
1300 2588 1368 2626 ex
1413 2572 1855 2629 Christianorum
1892 2573 2081 2629 Eccle-

502 2660 705 2728 siaaque
742 2662 1051 2717 imitatione
1080 2663 1344 2731 mysteria
1376 2662 1625 2732 quaedam
1660 2668 1959 2734 quotannis
1990 2680 2081 2719 ce-

506 2752 742 2816 lebrant,
782 2753 940 2824 150
970 2755 1024 2807 in
1050 2756 1251 2824 quibus
1290 2771 1459 2825 panes
1493 2772 1736 2827 azymos,
1775 2766 1828 2812 et
1852 2757 1919 2811 ad
1948 2758 2082 2813 alte-

506 2860 623 2898 ram
654 2846 897 2916 mysterii
923 2855 1131 2915 partem
1164 2861 1368 2901 meram
1392 2863 1588 2918 aquam
1609 2848 1886 2905 adhibent.
1913 2849 2081 2917 Duos,

510 2946 569 2989 ut
598 2936 709 3005 jam
747 2937 883 3001 dixi,
918 2951 947 2989 a
980 2936 1090 2991 Deo
1123 2939 1457 2993 constitutos
1494 2949 1771 3005 asserunt,
1805 2943 2084 2996 Christum

508 3035 563 3081 et
608 3028 909 3081 diabolum.
963 3027 1209 3093 Quorum
1261 3030 1337 3082 illi
1386 3030 1580 3096 futuri,
1626 3031 1752 3085 huic
1804 3033 2087 3101 praesentis

2161 562 2683 633 ἀναγινωσκομένων
2702 603 2717 627 ,
2753 563 2835 615 ὅτι
2860 561 3018 615 ἀλλον
3054 560 3167 631 ἔχει
3196 561 3518 632 χαρακτῆρα
3544 563 3577 633 ή
3611 563 3741 614 ἐαυ-

2160 655 2255 708 τοῦ
2296 655 2477 717 πίστις
2507 656 2601 707 καὶ
2631 655 2659 706 ὁ
2688 654 2845 722 λόγος
2873 653 3022 724 παρὰ
3062 652 3130 705 τά
3156 653 3260 705 ὑπὸ
3287 652 3489 706 τούτων
3517 655 3596 716 είς
3623 653 3741 705 ὀνο⁸

2166 765 2241 818 μα
2270 747 2434 799 αὐτοῦ
2470 749 2524 799 ἐν
2550 750 2671 808 ταῖς
2702 746 3006 814 Περιόδοις
3035 745 3408 815 νενοθευμένα.
3436 745 3606 807 Αὐτὸς
3636 744 3746 814 γάρ

2164 838 2459 910 παρθενίαν
2499 839 2775 901 διδάσκει,
2812 838 2906 891 καὶ
2958 838 3110 890 αὐτοὶ
3153 839 3214 889 οὐ
3264 837 3527 907 δέχονται.
3575 839 3745 899 Αὐτὸς

2164 930 2272 1000 γὰρ
2311 928 2648 999 ἐγκωμιάζει
2688 929 2873 981 Ἠλίαν
2905 928 3000 981 καὶ
3033 929 3195 981 Δαϐὶδ
3242 929 3335 981 καὶ
3370 929 3607 999 Σαμψὼν
3651 931 3746 982 καὶ

2164 1022 2374 1084 πάντας
2406 1023 2531 1083 τοὺς
2560 1023 2879 1092 προφήτας,
2914 1021 3007 1084 οὓς
3034 1016 3183 1073 οῦτοι
3224 1020 3615 1089 βδελύττονται.
3660 1023 3749 1074 Ἐν

2164 1118 2282 1177 ταῖς
2315 1108 2408 1166 οῦν
2444 1112 2746 1180 Περιόδοις
2774 1114 2834 1164 τὸ
2869 1115 2976 1165 πᾶν
3015 1114 3094 1176 είς
3137 1114 3362 1175 ἑαυτοὺς
3409 1115 3750 1183 μετήνεγκαν

2167 1205 2642 1274 καταψευσάμενοι
2688 1204 2895 1275 Πέτρου
2929 1203 3067 1257 κατά
3114 1203 3339 1266 πολλοὺς
3371 1204 3606 1274 τρόπους
3626 1244 3639 1266 ,
3673 1205 3747 1267 ὼς

2167 1295 2332 1348 αὑτοῦ
2366 1293 2485 1346 καθ’
2530 1293 2740 1363 ἡμέραν
2772 1292 3168 1363 βαπτιζομένου
3222 1292 3491 1361 ἁγνισμοῦ
3540 1294 3746 1356 ἕνεκεν,

2168 1386 2416 1455 καθάπερ
2456 1386 2548 1437 καὶ
2570 1378 2733 1437 οῦτοι·
2763 1384 3025 1453 ἐμψύχων
3052 1401 3112 1435 τε
3136 1384 3227 1436 τὸν
3258 1384 3417 1436 αὑτὸν
3448 1384 3750 1453 ἀπέχεσθαι

2168 1480 2262 1534 καὶ
2308 1478 2484 1549 κρεῶν
2506 1518 2521 1542 ,
2573 1477 2647 1540 ὡς
2679 1477 2772 1530 καὶ
2804 1472 2948 1530 οὗτοι
2973 1516 2988 1540 ,
3019 1480 3112 1529 καὶ
3144 1478 3324 1545 πάσης
3353 1477 3519 1547 ἄλλης
3548 1476 3750 1545 ἐδωδῆς

2168 1572 2263 1641 τῆς
2297 1569 2404 1623 ἀπὸ
2434 1567 2652 1638 σαρκῶν
2697 1569 3074 1638 πεποιημένης
3121 1568 3367 1636 λέγουσιν
3392 1609 3405 1632 ,
3452 1569 3749 1639 ἐπειδήπερ

2170 1663 2264 1715 καὶ
2300 1661 2462 1723 αὐτὸς
2499 1661 2693 1713 Ἐϐίων
2726 1662 2819 1714 καὶ¹
2866 1661 3171 1714 Ἐϐιωνῖται
3210 1660 3488 1723 παντελῶς
3522 1661 3757 1730 ἀπέχον-

2170 1769 2259 1805 ται
2296 1752 2520 1805 τούτων.
2562 1753 2728 1803 Ὅταν
2760 1752 2819 1804 δέ
2846 1754 3130 1823 ἐρωτήσῃς
3162 1753 3258 1805 ἕνα
3292 1752 3399 1805 τῶν
3428 1752 3607 1805 αὐτῶν
3633 1792 3646 1815 ,
3671 1752 3724 1805 τί

2172 1861 2259 1905 νος
2284 1843 2469 1894 ἐνεκεν
2507 1840 2765 1910 ἐμψύχων
2807 1843 2866 1895 οὐ
2896 1841 3403 1912 μεταλαμϐάνουσι,
3438 1842 3513 1912 μὴ
3540 1840 3755 1910 ἔχοντές

2170 1953 2223 1988 τι
2253 1931 2635 2003 διηγήσασθαι,
2666 1934 3047 2003 ἀποκρίνονται
3081 1934 3373 1995 ἀσυνέτως,
3399 1934 3491 1985 καὶ
3513 1933 3754 1999 λέγουσι,

2172 2026 2270 2077 Δίὰ
2314 2024 2374 2075 τὸ
2402 2025 2465 2074 ἐκ
2500 2024 2783 2086 συνουσίας
2828 2024 2920 2075 καλ⁵
2954 2024 3153 2093 μίξεως
3192 2024 3459 2093 σωμάτων
3495 2018 3632 2075 εἶναι
3660 2023 3759 2075 αὐ-

2172 2118 2258 2179 τά,
2287 2118 2347 2169 ού
2382 2116 2870 2187 μεταλαμϐάνομεν
2892 2133 2905 2145 ·
2945 2116 3021 2178 ὡς
3050 2112 3192 2169 εἶναι
3221 2117 3418 2178 αὐτοὺς
3446 2116 3601 2177 ὅλους
3627 2114 3757 2176 τοὺς

2175 2210 2282 2262 ἀπὸ
2319 2209 2598 2279 ἐπιμιξίας
2628 2208 2819 2278 ἀνδρός
2860 2224 2919 2259 τε
2967 2208 3061 2260 καὶ
3110 2208 3365 2273 γυναικὸς
3413 2206 3753 2277 βδελυκτοῦς,

2177 2300 2317 2353 κατά
2352 2299 2421 2351 τὰ
2470 2298 2575 2352 ὑπὸ
2607 2298 2701 2351 τοῦ
2753 2298 3019 2368 στόματος
3067 2299 3247 2351 αὐτῶν
3276 2297 3533 2368 ληρωδῶς
3570 2294 3759 2367 ἐξεμε-

2178 2391 2359 2444 θέντα.

2251 2487 2366 2551 ις’.
2401 2484 2692 2554 Βάπτισμα
2720 2482 2776 2535 δὲ
2809 2484 2902 2536 καὶ
2943 2483 3096 2535 αὐτοὶ
3127 2481 3463 2552 λαμϐάνουσι
3484 2483 3653 2553 χωρὶς
3684 2474 3764 2535 ὧν

2181 2573 2302 2627 καθ’
2340 2574 2553 2643 ἡμέραν
2608 2571 2976 2643 βαπτίζονται.
3019 2573 3311 2643 Μυστήρια
3360 2572 3415 2624 δὲ
3466 2573 3625 2643 δῆθεν
3672 2591 3761 2626 τε⁶

2181 2665 2331 2719 λοῦσι
2355 2666 2495 2718 κατά
2525 2667 2754 2736 μίμησιν
2786 2666 2895 2718 τῶν
2930 2666 3097 2735 ἁγίων
3128 2668 3185 2718 ἐν
3210 2668 3276 2736 τῇ
3318 2665 3613 2737 Ἐκκλησία
3654 2667 3764 2719 ἀπὸ

2184 2757 2430 2812 ἐνιαυτοῦ
2470 2759 2549 2821 είς
2586 2757 2832 2810 ἐνιαυτὸν
2874 2758 2964 2810 διὰ
2999 2758 3221 2827 ἀζύμων
3251 2797 3266 2821 ,
3298 2758 3478 2811 καὶτὸ
3511 2758 3636 2809 ἀλλο
3661 2758 3763 2828 μέ-

2188 2868 2280 2923 ρος
2326 2851 2421 2903 τοῦ
2463 2852 2760 2921 μυστηρίου
2795 2850 2861 2903 δι’
2897 2850 3086 2913 ὓδατος
3120 2850 3301 2920 μόνου.
3339 2850 3443 2903 Δύο
3490 2851 3547 2903 δέ
3588 2868 3764 2915 τινας.

2186 2944 2262 3006 ὡς
2296 2942 2465 3013 ἔφην,
2503 2943 2824 2996 συνιστῶσιν
2853 2946 2919 2996 ἐκ
2941 2942 3073 2995 Θεοῦ
3116 2944 3511 3013 τεταγμένους,
3544 2944 3637 2995 ἐνα
3669 2943 3771 3013 μὲν

2188 3039 2278 3091 τὸν
2304 3036 2565 3107 Χριστὸν,
2593 3036 2687 3087 Eva
2722 3035 2777 3087 δέ
2814 3035 2905 3087 τὸν
2940 3033 3184 3086 διάϐολον
3204 3048 3216 3060 ·
3251 3034 3345 3086 καὶ
3375 3033 3467 3085 τὸν
3502 3032 3601 3102 μὲν
3630 3033 3770 3103 Χρι-

513 3115 694 3169 szeculi
731 3124 973 3185 potestas
1005 3126 1088 3171 est
1118 3118 1433 3182 couunissa,
1468 3118 1631 3187 idque
1662 3119 1797 3173 adeo
1827 3119 2084 3189 Omnipo-

2193 3129 2315 3181 στὸν
2354 3129 2571 3196 λέγουσι
2621 3126 2715 3179 τοῦ
2777 3126 3059 3195 μέλλοντος
3108 3124 3304 3188 αἰῶνος
3356 3124 3635 3194 εἰληφέναι
3680 3124 3771 3176 τὸν

513 3207 681 3261 tentis
716 3207 864 3262 illius
912 3209 1169 3261 mandato
1230 3209 1295 3262 ad
1343 3210 1609 3278 cujusque
1667 3213 2090 3280 postulationem

515 3313 638 3351 esse
667 3296 891 3352 factum.
922 3299 1003 3352 0b
1034 3299 1086 3351 id
1122 3297 1307 3353 Jesum
1339 3316 1403 3355 ex
1435 3302 1581 3354 virili
1632 3303 1839 3357 semine
1887 3305 2092 3373 produ-

518 3400 665 3442 ctum
696 3390 987 3453 allirmant,
1027 3400 1080 3443 et
1111 3391 1339 3444 electum
1369 3408 1383 3456 ;
1431 3393 1613 3462 itaque
1638 3392 1732 3448 Dei
1760 3394 1955 3448 Filium
2000 3411 2094 3466 ap-

519 3482 775 3551 pellatqu
824 3481 892 3534 ab
943 3498 1007 3535 eo
1052 3481 1355 3545 Christum,
1409 3484 1584 3553 quiin
1618 3486 1795 3555 ipsum
1829 3487 2095 3542 columba:

520 3572 693 3641 ﬁgura
724 3572 791 3625 de
819 3573 957 3625 cmlo
986 3572 1244 3642 delapsus
1287 3581 1390 3627 est.
1431 3574 1643 3644 Negant
1673 3592 1801 3630 vero
1836 3592 1865 3630 a
1894 3577 2002 3633 Deo
2032 3578 2097 3632 il-

520 3664 632 3717 lum
656 3680 777 3717 esse
811 3664 971 3719 Patre
996 3666 1260 3735 genitum,
1296 3667 1391 3720 sed
1421 3674 1683 3734 tauquam
1713 3687 1881 3725 unum
1914 3688 1977 3726 ex
2009 3688 2097 3726 ar-

520 3757 801 3825 changelis
830 3768 1094 3817 creatum,
1146 3764 1201 3811 et
1254 3758 1321 3811 iis
1370 3767 1550 3812 tamen
1584 3761 1877 3829 majorem;
1915 3762 2009 3831 qui
2043 3772 2096 3817 et

521 3846 769 3914 angelis,
807 3853 860 3899 et
899 3846 1173 3901 universis
1229 3863 1349 3917 qua:
1407 3856 1535 3901 sunt
1594 3850 1661 3902 ab
1713 3848 2097 3921 Omnipotente

526 3938 746 3989 condita
779 3936 1108 4002 dominetur,
1127 3949 1179 3993 et
1200 3939 1254 3992 in
1280 3941 1424 3993 hunc
1455 3941 1642 3994 orbem
1674 3944 1906 4010 venerit,
1934 3954 2098 4015 atque

522 4028 647 4091 hoc,
672 4027 817 4095 quod
852 4037 935 4081 est
979 4029 1033 4081 in
1065 4030 1280 4083 illorum
1308 4029 1623 4101 Evangelio,
1656 4033 1904 4089 docuerit
1929 4035 2094 4105 :Ego,

522 4120 722 4189 inquit,
754 4120 820 4173 ad
861 4121 1173 4190 abroganda
1215 4123 1485 4177 sacriﬁcia
1526 4126 1668 4191 veni,
1702 4133 1757 4180 et
1788 4127 1893 4181 nisi
1925 4130 2098 4182 sacri-

523 4209 686 4261 ﬁcare
713 4207 1009 4273 desieritis,
1045 4209 1135 4264 Dei
1169 4211 1223 4264 in
1252 4227 1347 4266 vos
1376 4214 1456 4265 ira
1489 4229 1601 4266 non
1635 4216 1875 4269 cessabit
1899 4234 1910 4269 :
1932 4216 2095 4283 Ejus-

521 4300 667 4353 modi
692 4316 820 4369 ergo
854 4302 1067 4354 ill0rum
1101 4303 1350 4356 instituta
1382 4312 1529 4358 sunt.
1568 4304 1838 4361 Praeterea
1878 4319 2099 4377 aposto-

522 4391 697 4444 lorum
736 4392 872 4447 alios
902 4394 1071 4448 Actus
1103 4394 1519 4462 circumferunt,
1554 4398 1608 4451 in
1638 4400 1836 4468 quibus
1863 4401 2096 4468 plurima

2195 3221 2393 3292 κλῆρον
2420 3262 2433 3285 ,
2477 3220 2565 3272 τὸν
2608 3219 2664 3271 δὲ
2720 3218 2967 3271 διάϐολον
3024 3217 3211 3271 τοῦτον
3263 3216 3653 3271 πεπιστεῦσθαι
3682 3217 3773 3269 τὶν

2194 3314 2385 3375 αἰῶνα,
2410 3315 2473 3365 ἐκ
2502 3310 2813 3381 προσταγῆς
2846 3310 3004 3379 δῆθεν
3036 3309 3129 3362 τοῦ
3162 3310 3605 3381 Παντοκράτορος
3633 3309 3776 3361 κατά

2194 3402 2410 3471 αἴτησιν
2448 3400 2724 3469 ἑκατέρων
2765 3398 2966 3451 αὐτῶν.
3002 3398 3110 3451 Καὶ
3132 3398 3320 3449 τούτου
3367 3398 3528 3451 ἕνεκα
3568 3397 3777 3467 Ἰησοῦν

2195 3490 2591 3560 γεγεννημένον
2646 3492 2710 3543 ἐκ
2764 3490 3075 3561 σπέρματος
3128 3490 3319 3557 ἀνδρὸς
3369 3488 3625 3557 λέγουσι,
3681 3489 3776 3542 καὶ

2196 3584 2569 3653 ἐπιλεχθέντα,
2592 3584 2686 3636 καὶ
2714 3583 2855 3636 οῦτω
2888 3583 3029 3636 κατὰ
3066 3584 3296 3654 ἐκλογὴν
3328 3583 3456 3635 Υἱὸν
3482 3582 3617 3635 Θεοῦ
3646 3582 3777 3650 κλη-

2198 3675 2355 3729 θέντα
2379 3716 2393 3737 ,
2436 3676 2545 3729 ἀπὸ
2586 3676 2679 3728 τοῦ
2718 3676 2925 3730 ἀνωθεν
2964 3677 3042 3738 είς
3082 3676 3244 3729 αὐτὸν
3276 3677 3501 3745 ἥκοντος
3542 3676 3775 3745 Χριστοῦ

2198 3772 2253 3822 ἐν
2285 3769 2413 3821 εῖδει
2443 3770 2791 3839 περιστερᾶς.
2829 3769 2902 3821 Οὐ
2935 3767 3274 3836 φάσκουσιδέ
3303 3769 3365 3819 ἐκ
3405 3767 3539 3819 Θεοῦ
3565 3766 3779 3838 Πατρὶς

2197 3862 2358 3913 αὑτὸν
2386 3861 2776 3930 γεγεννῆσθαι,
2807 3860 2940 3913 ἀ)λά
2970 3861 3213 3913 ἐκτίσθαι
3242 3900 3257 3925 ,
3286 3860 3361 3922 ῶς
3387 3860 3480 3912 ἕνα
3507 3860 3615 3912 τῶν
3644 3861 3779 3930 ἀρχ-

2198 3952 2484 4020 αγγέλων,
2548 3933 2767 4022 μείζονα
2817 3951 2873 4004 δέ
2931 3951 3109 4004 αὐτῶν
3156 3951 3283 4004 ὄντα
3314 3968 3327 3981 ·
3378 3952 3538 4004 αὑτὸν
3587 3951 3642 4003 δὲ
3684 3970 3778 4004 κυ-

2200 4045 2399 4115 ριεύειν
2439 4043 2531 4096 καὶ
2566 4043 2812 4111 ἀγγέλων
2844 4042 2937 4095 καὶ
2963 4044 3179 4096 πάντων
3213 4042 3316 4095 ὑπὸ
3345 4042 3437 4095 τοῦ
3464 4042 3780 4112 Παντοκρά-

2197 4152 2354 4205 τορος
2388 4135 2793 4205 πεποιημένων,
2832 4136 2925 4188 καὶ
2950 4134 3170 4187 ἐλθόντα
3205 4135 3300 4187 καὶ
3334 4134 3775 4204 ὑφηγησάμενον,

2198 4227 2274 4289 ὡς
2305 4226 2365 4278 τὸ
2400 4228 2528 4299 παρ’
2564 4228 2749 4288 αὐτοῖς
2791 4226 3123 4294 Εύαγγέλιον
3152 4225 3486 4295 καλούμενον
3513 4225 3779 4295 περιέχει,

2198 4321 2279 4373 ὅτι
2307 4316 2510 4373 Ἦλθον
2541 4318 2841 4372 καταλῦσαι
2871 4318 2968 4382 τὰς
2999 4318 3189 4383 θυσίας
3209 4360 3222 4383 ,
3258 4320 3351 4371 καὶ
3387 4319 3482 4372 ἐὰν
3517 4319 3591 4389 μὴ
3638 4317 3777 4370 παύ-

2201 4411 2366 4481 σησθε
2421 4409 2514 4463 τοῦ
2549 4410 2731 4474 θύειν,
2765 4410 2825 4461 ού
2884 4410 3151 4462 παύσεται
3197 4411 3290 4478 ἀφ’
3332 4410 3485 4480 ὑμῶν
3531 4412 3563 4480 ἡ
3617 4411 3775 4480 ὀργή.

523 4492 653 4540 sunt
699 4485 1003 4565 impietatis.
1039 4487 1254 4539 illorum
1289 4491 1551 4559 vestigia;
1578 4490 1848 4561 hujusque
1876 4494 2084 4562 potissi-

2204 4502 2306 4555 Κατ¹
2336 4502 2507 4553 ταῦτα
2538 4504 2630 4553 καὶ
2656 4500 2879 4553 τοιαῦτά
2910 4502 3031 4553 τινά
3060 4502 3172 4553 ἐστι
3197 4502 3265 4553 τά
3294 4500 3421 4571 παρ’
3454 4502 3635 4562 αὐτοῖς
3661 4502 3781 4551 ἐπι-

524 4592 673 4631 mum
707 4578 1032 4631 auctoritate
1066 4579 1187 4632 libri
1233 4580 1300 4631 ad
1347 4584 1766 4650 oppugnandam
1817 4584 2099 4637 veritatem

528 4674 838 4721 armantur.
876 4668 1089 4739 Quippe
1121 4680 1300 4725 certos
1332 4670 1444 4725 illic
1476 4674 1698 4741 gradus,
1728 4674 1782 4726 iu
1818 4674 1993 4744 iisque
2011 4673 2103 4728 Ja-

529 4758 652 4812 cobi
684 4760 1029 4813 narrationes
1063 4760 1329 4828 quasdam
1359 4764 1654 4832 explicant,
1678 4766 1879 4833 quibus
1907 4765 2102 4819 adver-

528 4864 627 4905 sus
664 4850 926 4919 templum
953 4857 1008 4904 et
1039 4850 1334 4919 sacriﬁcia,
1372 4854 1662 4923 ignemque
1693 4856 1785 4924 qui
1819 4863 1903 4909 est
1936 4856 1991 4908 in
2027 4858 2104 4909 al-

530 4944 635 4997 tari
669 4944 985 4999 declamans
1010 4943 1305 4998 inducitur.

601 5230 889 5286 Accedunt
913 5240 967 5287 et
990 5232 1095 5285 alia
1118 5233 1519 5302 quamplurima
1543 5234 1701 5305 longe
1722 5234 2103 5289 stolidissima.

533 5322 603 5377 Ut
634 5326 716 5377 vel
746 5324 974 5379 Paulum
1010 5325 1186 5395 ipsum
1216 5326 1326 5379 illic
1356 5342 1616 5381 accusare
1646 5344 1754 5380 non
1784 5326 2104 5381 erubuerint

534 5417 975 5471 mendacissimis
1002 5418 1332 5487 quibusdam
1365 5419 1731 5484 sermonibus,
1769 5434 1905 5488 quos
1936 5418 2102 5473 falso—

533 5526 652 5562 rum
679 5527 745 5565 ex
777 5514 868 5565 'rllo
904 5529 1064 5583 grege
1105 5516 1476 5584 apostolorum
1511 5530 1666 5570 error
1707 5524 1869 5586 atque
1900 5517 2104 5584 impro-

535 5600 674 5654 bitas
709 5603 1058 5673 excogitaVit.
1104 5605 1386 5663 Siquidem
1440 5606 1766 5663 Tarsensem
1818 5608 1971 5662 illum
2002 5623 2102 5662 no-

610 5755 631 5783 ¹
658 5750 771 5809 Del.
812 5754 950 5811 forte
989 5757 1077 5811 τά.

2202 4593 2513 4663 τηδεύματα
2536 4634 2550 4655 ,
2608 4592 2839 4662 Πράξεις
2870 4592 2925 4644 δὲ
2966 4592 3129 4654 ἄλλας
3163 4591 3416 4644 καλοῦσιν
3468 4591 3783 4644 ἀποστόλων

2203 4680 2374 4747 εἶναι,
2420 4686 2476 4735 ἐν
2532 4678 2617 4747 αἷς
2656 4682 2826 4735 πολλὰ
2864 4683 2963 4751 τῆς
3014 4682 3265 4745 ἀσεϐείας
3314 4682 3494 4735 αὐτῶν
3545 4681 3777 4751 ἔμπλεα,

2204 4774 2355 4827 ἐνθεν
2393 4774 2461 4826 τά
2495 4776 2507 4804 ¹
2545 4775 2606 4825 ού
2641 4775 2936 4843 παρέργως
2964 4775 3104 4827 κατὰ
3129 4775 3227 4844 τῆς
3260 4774 3516 4844 ἀληθείας
3556 4773 3781 4835 ἐαυτοῦς

2204 4864 2467 4917 ὥπλισαν.
2516 4863 2887 4933 ’Λναϐαθμοὺς
2918 4864 3025 4933 γάρ
3053 4869 3214 4925 τινας
3241 4865 3334 4916 καὶ
3366 4864 3663 4933 ὑφηγήσεις
3695 4863 3784 4931 δῆ-

2206 4956 2300 5007 θεν
2349 4957 2403 5007 ἐν
2458 4958 2572 5018 τοῖς
2622 4954 2956 5024 ἀναϐαθμοῖς
2999 4954 3255 5008 Ἰακώϐου
3290 4955 3663 5017 ὑποτίθενται,
3705 4954 3780 5013 ὼς

2205 5045 2570 5117 ἐξηγουμένου
2602 5047 2743 5099 κατά
2780 5063 2837 5098 τε
2860 5045 2951 5098 τοῦ
2978 5045 3104 5099 ναοῦ
3132 5052 3224 5099 καὶ
3246 5044 3353 5098 τῶν
3394 5045 3612 5108 θυσιῶν,
3641 5046 3783 5098 κατά

2204 5154 2262 5189 τε
2298 5137 2392 5189 τοῦ
2419 5136 2587 5207 πυρὸς
2622 5136 2713 5189 τοῦ
2744 5139 2800 5188 ἐν
2827 5136 2904 5206 τῷ
2932 5136 3322 5207 θυσιαστηρίῳ.

2276 5227 2386 5279 Καὶ
2426 5227 2561 5280 ἀλλα
2598 5226 2766 5279 πολλά
2798 5227 3129 5295 κενοφωνίας
3166 5227 3378 5297 ἔμπλεα
3402 5244 3418 5257 ο
3460 5227 3535 5290 ὡς
3568 5227 3661 5279 καὶ
3690 5224 3780 5279 τοῦ

2206 5317 2417 5371 Παύλου
2482 5318 2715 5373 ἐνταῦθα
2778 5318 3209 5389 κατηγοροῦντες
3280 5322 3380 5372 οῦκ
3442 5319 3783 5389 αἰσχύνονται

2207 5413 2562 5477 ἐπιπλάστοις
2628 5415 2739 5466 τισὶ
2799 5414 2897 5483 τῆς
2952 5413 3060 5467 τῶν
3104 5413 3551 5482 ψευδαποστόλων
3604 5411 3783 5466 αὐτῶν

2207 5506 2541 5577 κακουργίας
2558 5507 2650 5559 καὶ
2673 5504 2882 5577 πλάνης
2918 5504 3095 5573 λόγοις
3123 5505 3529 5574 πεποιημένοις·
3562 5502 3783 5574 Ταρσέα

2211 5601 2306 5671 μὲν
2340 5601 2524 5666 αὐτὸν,
2554 5599 2628 5663 ὡς
2660 5598 2821 5662 αὐτὸς
2851 5597 3119 5669 ὁμολογεῖ,
3155 5598 3247 5651 καὶ
3274 5600 3372 5651 οὐκ
3397 5598 3662 5669 ἀρνεῖται,
3691 5594 3782 5648 λέ-

4137 3746 4167 4767 l
