4170 6372
440 391 549 445 435

1082 384 1452 449 ADVERSUS
1490 393 1831 450 HEEBESES
1869 396 1995 450 LIB.
2032 396 2037 448 l

2138 394 2278 450 ['OM.
2323 397 2474 450 l|.--
2512 397 2782 452 ll.£RES.
2824 395 2991 453 XXX.

3597 397 3702 451 454

443 525 632 578 γοντες
654 524 667 538 ’
709 506 769 573 ἐξ
811 506 1079 579 Ἑλλήνων
1104 509 1160 562 δέ
1186 511 1345 563 αὐτὸν
1374 513 1736 576 ὑποτίθενται,
1772 514 2025 578 λα6όντες

2138 516 2387 582 ubinam;
2433 514 2488 569 id
2534 516 2680 586 quod
2712 516 2829 584 ipse
2862 530 2971 569 non
3005 523 3185 585 negat,
3220 514 3333 569 imo
3362 512 3541 583 palam
3574 527 3703 581 pro-

443 598 542 669 τὴν
594 598 865 670 πρόφασιν
898 601 962 652 ἐκ
998 598 1088 652 τοῦ
1136 602 1300 652 τόπου
1345 601 1434 654 διὰ
1482 604 1544 656 τὸ
1589 605 1882 676 φιλάληθες
1933 606 2023 657 ὑπ’

445 690 611 744 αὐτοῦ
656 691 819 761 ῥηθὲν
840 731 854 755 ,
896 691 975 743 ὅτι
1021 692 1281 758 Ταρσεύς
1316 696 1431 762 είμι
1455 734 1469 757 ,
1506 698 1616 748 οὐκ
1649 697 1888 765 ἀσήμου
1919 699 2025 751 πό-

444 786 599 846 λεως
621 780 894 848 πολίτης.
927 777 1060 833 Εἶτα
1091 781 1388 849 φάσκουσιν
1420 784 1578 836 αὐτὸν
1602 782 1739 838 εἶναι
1769 786 2025 856 Ἕλληνα,

446 871 543 924 καὶ
586 870 885 940 Ἑλληνίδος
926 872 1130 943 μητρὸς
1170 873 1264 925 καὶ
1304 874 1564 944 Ἕλληνος
1599 877 1802 948 πατρὸς
1840 879 2022 932 παῖδα.

462 963 879 1034 Ἀναὸεὸηκέναι
910 964 966 1016 δὲ
1003 966 1083 1027 είς
1127 964 1508 1038 Ἰεροσόλυμα,
1555 970 1649 1023 καὶ
1686 970 1875 1041 χρόνον
1912 973 2029 1024 ἐκεῖ

452 1054 867 1124 μεμενηκέναι·
932 1054 1394 1126 ὲπιτεθυμηκέναι
1471 1058 1526 1110 δὲ
1590 1060 1860 1132 θυγατέρα
1933 1062 2026 1115 τοῦ

446 1143 647 1213 ἱερέως
682 1142 819 1214 πρὸς
866 1143 1043 1213 γάμον
1092 1144 1435 1212 ἀγαγέσθαι,
1487 1148 1580 1199 καὶ
1623 1147 1813 1200 τούτου
1866 1148 2030 1202 ἕνεκα

450 1238 789 1309 προσήλυτον
827 1240 1113 1308 γενέσθαι,
1152 1240 1245 1292 καὶ
1293 1243 1718 1314 περιτμηθῆναι.
1776 1240 1908 1297 Εἶτα
1954 1244 2028 1315 μὴ

448 1330 681 1385 λαϐόντα
736 1332 834 1403 τὴν
868 1332 1035 1404 κόρην
1073 1332 1373 1404 ὠργίσθαι,
1424 1334 1514 1387 καὶ
1573 1335 1714 1388 κατὰ
1764 1337 2027 1407 ἐπιτομῆς

447 1422 819 1494 γεγραφέναι,
851 1426 944 1477 καὶ
980 1424 1121 1477 κατά
1148 1424 1426 1479 Σαϐὅάτου
1460 1425 1555 1479 καὶ
1586 1426 1922 1499 νομοθεσίας.

522 1604 618 1658 ΙΖ’.
656 1605 815 1659 Ἀλλά
850 1607 991 1661 κατά
1022 1607 1199 1661 πάντα
1222 1608 1422 1680 τρόπον
1456 1614 1778 1679 συκοφαντεῖ
1808 1614 1835 1665 ὁ
1863 1611 2032 1675 δεινὸς

447 1696 572 1766 ὄφις
598 1691 782 1761 οὗτος,
817 1699 911 1751 καὶ
941 1700 1153 1768 πτωχὸς
1181 1703 1246 1771 τῇ
1289 1701 1515 1773 διανοίᾳ.
1562 1703 1753 1755 Ἐϐίων
1782 1703 1891 1773 γάρ
1919 1704 2029 1774 ἕχει

448 1786 562 1839 ἀπὸ
589 1787 881 1859 Ἐϐραϊκῆς
909 1791 987 1852 εἰς
1022 1789 1245 1843 Ἑλλάδα
1263 1790 1444 1861 φωνὴν
1462 1791 1558 1861 τὴν
1582 1792 1874 1863 ἑρμηνείαν
1889 1811 2035 1846 πτω-

2130 604 2332 658 ﬁtetur.
2366 604 2587 658 Addunt
2624 614 2675 660 et
2721 620 2750 659 a
2782 606 3077 675 gentilibus
3106 605 3397 659 oriundum
3432 620 3575 669 esse,
3605 619 3705 657 cu-

2124 696 2343 764 jusdam
2384 698 2673 751 occasione
2707 697 2834 760 loci,
2882 698 2936 751 in
2971 712 3080 765 quo
3128 696 3243 765 ipse
3290 696 3435 763 quod
3467 709 3555 749 res
3586 699 3705 747 erat

2128 788 2361 856 ingenue
2404 788 2678 856 proponit.
2731 787 3032 850 Tarsensis,
3082 787 3281 855 inquit,
3312 803 3403 855 ego
3434 802 3570 846 sum,
3613 799 3706 837 nec

2129 877 2273 931 urbis
2298 876 2537 931 obscura:
2564 877 2690 931 civis
2722 878 2760 929 ¹.
2794 878 2872 931 Ex
2902 890 3010 945 quo
3044 876 3299 946 gentilem
3349 875 3518 931 fuisse
3556 875 3707 928 colli-

2128 975 2283 1039 gunt,
2312 975 2367 1022 et
2394 977 2627 1038 utroque
2654 977 2880 1037 parente
2902 969 3089 1039 gentili
3121 975 3492 1037 procreatum.
3541 968 3705 1021 Cum-

2128 1076 2234 1130 que
2264 1059 2702 1129 liierosolymum
2734 1060 3087 1123 accessisset,
3135 1066 3189 1114 et
3220 1057 3424 1113 ibidem
3451 1057 3697 1125 aliquan-

2129 1151 2222 1205 diu
2262 1150 2576 1213 mansisset,
2634 1150 2909 1219 pontiﬁcis
2959 1150 3122 1204 ﬁliam
3173 1150 3374 1205 ducere
3424 1149 3703 1204 statuisse.

2131 1244 2308 1308 Quare
2357 1242 2691 1312 proselytum
2747 1257 2807 1295 se
2864 1241 3083 1304 fecisse,
3128 1257 3193 1296 ac
3231 1240 3705 1296 circumcisionem

2131 1349 2453 1403 usurpasse.
2482 1332 2680 1388 Postea
2720 1332 2864 1401 quod
2914 1333 2982 1385 ab
3011 1348 3074 1387 eo
3104 1332 3362 1401 coniugio
3390 1332 3706 1399 excidisset,

2132 1424 2333 1477 iratum
2378 1424 2645 1478 adversus
2685 1423 3162 1477 circumcisionem
3194 1432 3247 1477 et
3277 1422 3597 1487 Sabbatum,
3631 1423 3709 1477 Ιο-

2130 1530 2359 1586 genique
2389 1515 2698 1584 scripsisse.

2206 1604 2364 1659 XVII.
2396 1604 2501 1660 Sed
2531 1616 2771 1676 apertam
2802 1605 3135 1662 calumniam
3175 1606 3337 1661 struit
3360 1606 3590 1661 callidus
3620 1606 3707 1660 ille

2133 1713 2379 1767 serpens,
2397 1698 2687 1768 animoque
2707 1697 2858 1769 141
2877 1696 3181 1753 mendicus.
3196 1695 3368 1750 Ebion
3388 1698 3586 1765 quippe
3607 1695 3708 1749 lle—

2135 1790 2321 1843 braica
2343 1804 2445 1844 vox
2463 1788 2650 1843 Grznca
2672 1790 2855 1860 lingua
2878 1788 3172 1843 mendicum
3201 1796 3377 1843 sonat.
3412 1786 3507 1841 Est
3527 1792 3704 1841 autem

451 1880 579 1945 χός.
601 1880 822 1948 Πτωχὸς
837 1879 945 1950 γὰρ
969 1881 1046 1942 ὼς
1056 1880 1270 1950 ἀληθῶς
1290 1882 1386 1934 καὶ
1402 1884 1465 1953 τῇ
1483 1882 1686 1954 διανοίᾳ
1701 1861 1794 1936 καὶ
1809 1886 1872 1954 τῇ
1888 1884 2034 1937 ἐλπί-

2138 1880 2421 1935 hereticus
2440 1880 2541 1934 iste
2560 1894 2747 1934 revera
2766 1889 2966 1941 mente,
2992 1895 3087 1950 spe
3110 1879 3377 1948 factisque
3400 1878 3703 1940 mendicus,

449 1970 503 2022 δι
534 1971 628 2023 καὶ
653 1969 731 2039 τῷ
757 1971 922 2041 ἔργῳ,
946 1972 1179 2042 Χριστὸν
1200 1974 1482 2044 ἄνθρωπον
1498 1973 1652 2041 ψιλὸν
1677 1975 1922 2045 νομίσας,
1941 1976 2034 2028 καὶ

450 2056 629 2128 οὕτως
660 2068 717 2118 ἐν
753 2067 995 2137 πτωχείᾳ
1044 2066 1276 2130 πίστεως
1321 2066 1417 2137 τὴν
1471 2067 1660 2121 ἐλπίδα
1700 2068 1827 2139 περ)⁸
1868 2068 2033 2122 αὐτοῦ

450 2155 808 2225 κεκτημένος.
861 2156 1025 2209 Αὐτοὶ
1074 2157 1129 2208 δὲ
1162 2157 1322 2227 δῆθεν
1371 2156 1762 2227 σεμνύνονται,
1810 2160 2035 2223 ἑαυτοὺς

455 2245 755 2313 φάσκοντες
787 2248 1068 2317 πτωχοὺς,
1107 2247 1196 2301 διὰ
1222 2249 1283 2301 τὸ
1304 2290 1316 2312 ,
1350 2251 1510 2317 φασὶν
1534 2292 1549 2315 ,
1592 2252 1647 2302 ἐν
1680 2250 1892 2321 χρόνοις
1929 2251 2035 2303 τῶν

392 2396 404 2409 ο
452 2336 769 2390 ἀποστόλων
813 2337 1013 2389 πωλεῖν
1065 2338 1133 2391 τὰ
1180 2339 1359 2391 αὐτῶν
1391 2340 1703 2411 ὑπάρχοντα
1725 2384 1738 2407 ,
1771 2341 1866 2395 καὶ
1895 2341 2037 2394 τιθέ-

454 2448 543 2484 ναι
572 2431 723 2500 παρά
754 2431 880 2493 τοὺς
925 2432 1091 2495 πόδας
1124 2433 1231 2485 τῶν
1265 2434 1575 2488 ἀποστόλων
1601 2473 1616 2498 ,
1658 2435 1752 2488 καὶ
1780 2438 1859 2499 είς
1888 2453 2035 2490 πτω-

452 2522 609 2593 χείαν
657 2524 751 2576 καὶ
796 2522 1095 2587 ἀποταξίαν
1136 2526 1574 2596 μετεληλυθέναι.
1606 2528 1723 2580 Καὶ
1752 2528 1839 2580 διὰ
1879 2527 2038 2581 τοῦτο

458 2612 735 2667 καλεῖσθαι
770 2614 876 2667 ὑπὸ
933 2615 1150 2669 πάντων
1185 2618 1316 2686 φασὶ
1360 2617 1584 2688 πτωχοί.
1619 2618 1753 2671 Οὐδὲ
1781 2618 1938 2672 τοῦτο
1980 2619 2037 2671 δὲ

450 2704 655 2773 ἀληθὲς
707 2705 836 2777 παρ’
891 2707 1108 2769 αὐτοῖς,
1151 2707 1285 2761 ἀλλά
1341 2709 1499 2777 φύσει
1546 2714 1621 2777 τῷ
1673 2708 1787 2760 ὄντι
1848 2708 2037 2762 Ἐὅίων

458 2796 731 2859 ἐκαλεῖτο,
763 2798 899 2851 κατά
925 2800 1280 2870 προφητείαν,
1310 2798 1480 2870 οἶμαι,
1515 2803 1543 2853 ὁ
1582 2800 1795 2870 πτωχὸς
1826 2801 1917 2853 καὶ
1945 2800 2040 2853 τά·-

456 2886 590 2950 λας,
626 2887 684 2939 τὸ
729 2888 899 2957 ὄνομα
934 2891 998 2942 ἐκ
1036 2890 1245 2960 πατρὸς
1267 2890 1432 2943 αὐτοῦ
1483 2892 1576 2944 καὶ
1624 2890 1827 2963 μητρὸς
1873 2889 2037 2950 αὐτοῦ

461 2979 896 3051 κεκληρωμένος.
958 2982 1109 3035 Πόσα
1154 2981 1211 3033 δέ
1267 2982 1401 3036 ἄλλα
1455 2983 1602 3037 δει-νά
1643 2986 1736 3038 καὶ
1786 3002 2038 3055 παραπε-

462 3072 752 3142 ποιημένα,
780 3074 874 3124 καὶ
912 3072 1211 3143 μοχθηρίας
1237 3071 1476 3144 γέμοντα
1525 3075 1652 3146 παρ’
1693 3076 1877 3138 αὐτοῖς
1918 3077 2037 3127 ἐπι-

454 3162 737 3232 τηδεύεται
763 3180 776 3226 ;
806 3162 976 3215 Ὀταν
1017 3162 1126 3233 γάρ
1153 3180 1236 3226 τις
1261 3162 1321 3228 ἐξ
1349 3164 1527 3217 αὐτῶν
1567 3165 1600 3235 ἢ
1642 3167 1781 3235 νόσῳ
1807 3165 2037 3236 περιπέ-

458 3269 575 3316 σοι,
602 3252 635 3323 ἢ
665 3253 769 3305 ὑπὸ
796 3252 1023 3323 ἑρπετοῦ
1058 3253 1279 3324 δηχθείη
1302 3294 1316 3317 ,
1349 3255 1592 3309 κάτεισιν
1630 3259 1710 3319 είς
1739 3257 1808 3309 τὰ
1847 3257 2034 3320 ὕδατα,

458 3345 553 3397 καὶ
581 3344 917 3397 ἐπικαλεῖται
944 3344 1043 3408 τάς
1069 3346 1385 3416 ἐπωνυμίας
1412 3346 1512 3411 τὰς
1539 3349 1596 3401 ἐν
1620 3348 1698 3418 τῷ
1734 3348 1918 3414 Ἦλξαῖ
1944 3350 2036 3403 τοῦ

455 3452 516 3489 τε
545 3434 776 3506 οὐρανοῦ
810 3438 903 3489 καὶ
930 3436 1033 3506 τῆς
1057 3438 1178 3507 γῆς,
1210 3439 1308 3506 τῆς
1337 3456 1395 3490 τε
1428 3438 1551 3502 ἁλὸς
1583 3440 1677 3492 καὶ
1708 3441 1799 3493 τοῦ
1826 3440 2036 3505 ὓδατος,

458 3525 565 3579 τῶν
600 3543 659 3578 τε
691 3527 906 3596 ἀνέμων
934 3528 1028 3580 καὶ
1065 3528 1312 3595 ἀγγέλων
1341 3528 1439 3597 τῆς
1478 3529 1851 3601 δικαιοσύνης,
1886 3530 2036 3599 φασὶ,

460 3618 555 3669 καὶ
587 3617 680 3670 τοῦ
709 3619 872 3689 ἄρτου
913 3618 1009 3671 καὶ
1033 3619 1237 3672 ἐλαίου.
1272 3619 1384 3672 Καὶ
1415 3620 1641 3691 ἄρχεται
1669 3621 1867 3689 λέγειν,
1903 3624 2039 3693 Βοη-

458 3706 587 3776 θῆτέ
619 3724 727 3777 μοι,
759 3709 854 3761 καὶ
892 3707 1237 3772 ἀπαλλάξατε
1268 3708 1361 3761 ἀπ’
1393 3709 1529 3778 ἐμοῦ
1557 3709 1618 3763 τὸ
1655 3710 1896 3782 ἄλγημα.

534 3887 671 3957 Ἤδη
696 3887 751 3941 δέ
785 3905 873 3958 μοι
902 3888 994 3942 καὶ
1021 3888 1277 3959 ἀνωτέρω
1305 3889 1700 3961 προδεδήλωται
1726 3928 1740 3953 ,
1774 3888 1848 3953 ὼς
1871 3889 2042 3943 ταῦτα

464 3980 561 4049 μὲν
597 3980 787 4034 Ἐϐίων
817 3983 918 4034 οὐκ
963 3981 1076 4052 ᾔδει
1102 4022 1116 4045 ,
1157 3982 1294 4051 μετά
1326 3982 1517 4052 καιρὸν
1555 3981 1610 4033 δὲ
1663 3983 1709 4034 οἱ
1766 3983 1861 4034 σὺν
1895 3981 2042 4052 αὐτῷ

463 4071 822 4139 συναφθέντες
858 4072 937 4143 τῷ
994 4073 1179 4139 Ἦλξαῖ
1216 4074 1480 4144 ἐσχήκασι
1523 4074 1620 4143 μὲν
1650 4071 1744 4124 τοῦ
1791 4072 2043 4136 Ἐὅίωνος

459 4164 559 4233 τὴν
588 4163 888 4234 περιτομὴν
922 4165 1016 4217 καὶ
1061 4164 1122 4218 τὸ
1156 4165 1432 4219 Σάϐϐατον
1479 4166 1573 4218 καὶ
1604 4165 1673 4218 τά
1702 4165 1827 4237 ἔθη·
1868 4165 1962 4218 τοῦ
1986 4166 2045 4219 δὲ

475 4254 661 4318 Ἥλξαῒ
687 4255 783 4326 τὴν
813 4256 1109 4324 φαντασίαν
1136 4256 1276 4309 ὥστε
1303 4258 1545 4327 νομίζειν
1571 4256 1670 4327 μὲν
1692 4256 1781 4310 τὸν
1810 4257 2043 4326 Χριστὸν

462 4341 601 4399 εἷναί
626 4364 677 4399 τι
703 4346 1073 4417 ἀνδροείκελον
1105 4348 1406 4418 ἐκτύπωμα
1446 4348 1676 4418 ἀόρατον
1712 4348 2039 4419 ἀνθρώποις,

467 4438 659 4507 μιλίων
692 4439 1074 4509 ἐνενηκοπαέξ
1109 4439 1169 4491 τὸ
1203 4440 1377 4509 μῆκος
1398 4478 1413 4502 ,
1442 4438 1601 4509 δῆθεν
1649 4438 1873 4509 σχοίνων
1904 4441 2045 4492 είκο-

465 4527 821 4597 σιτεσσάρων,
850 4529 909 4581 τὺ
937 4529 993 4582 δέ
1023 4530 1224 4591 πλάτος
1258 4529 1481 4599 σχοίνων
1508 4529 1587 4593 ἐξ,
1622 4528 1813 4598 μιλίων
1844 4530 2045 4583 είκοσι-

461 4619 774 4689 τεσσάρωνο
806 4620 865 4672 τὸ
907 4620 1078 4689 πάχος
1120 4620 1177 4673 δὲ
1210 4620 1351 4674 κατά
1384 4622 1646 4692 μέτρησιν
1679 4620 1846 4692 ἄλλην
1895 4621 2039 4676 τινά.

477 4713 725 4782 ’Λντικρὺ
767 4712 825 4764 δὲ
859 4712 1023 4765 αὐτοῦ
1055 4712 1276 4765 ἐστάναι
1325 4713 1418 4766 καὶ
1452 4713 1511 4765 τὸ
1544 4713 1698 4781 ἅγιον
1727 4713 1953 4785 Πνεῦμα
1986 4717 2043 4767 ἐν

467 4803 597 4856 εἴδει
649 4802 869 4868 θηλείας
911 4804 1190 4875 ἀοράτως·
1225 4805 1321 4856 καὶ
1368 4804 1426 4856 τὸ
1456 4804 1587 4856 αὐτὸ
1617 4804 1708 4857 τοῦ
1750 4805 1911 4859 αὑτοῦ
1950 4804 2045 4875 μέ-

471 4912 623 4964 τρου.
662 4897 772 4948 Καὶ
800 4896 962 4949 πόθεν
984 4936 998 4959 ,
1035 4896 1218 4966 φησὶν,
1254 4896 1424 4964 ἔγνων
1454 4896 1520 4950 τὰ
1552 4898 1764 4969 μέτρα;
1808 4897 2042 4968 Ἐπειδὴ,

475 4986 660 5057 φησὶν,
690 4981 828 5040 εἶδον
856 4987 964 5040 ἀπὸ
988 4988 1094 5040 τῶν
1125 4989 1426 5059 όρέων,·ὅτι
1460 4991 1514 5042 αί
1554 4991 1787 5059 κεφαλαὶ
1816 4990 2044 5061 ἔφθανον

468 5079 653 5133 αὐτῶν
677 5096 691 5111 ·
726 5081 821 5131 καὶ
850 5079 911 5131 τὸ
944 5079 1140 5149 μέτρον
1166 5078 1259 5133 τοῦ
1286 5079 1445 5151 ὅρους
1473 5081 1805 5152 καταμαθὼν
1828 5124 1841 5148 ,
1876 5082 2047 5150 ἔγνων

466 5168 704 5241 Χριστοῦ
733 5187 792 5222 τε
817 5170 909 5223 καὶ⁹
927 5169 1022 5222 τοῦ
1049 5171 1204 5237 ἀγίου
1233 5170 1550 5242 Πνεύματος
1578 5173 1645 5226 τὰ
1676 5172 1871 5242 μέτρα.
1906 5173 2045 5243 Ἤδη

460 5263 522 5315 δέ
552 5279 640 5332 μοι
664 5262 793 5332 περὶ
826 5261 1029 5314 τούτων
1067 5262 1281 5334 εἴρηται
1306 5265 1363 5316 ἐν
1397 5267 1464 5335 τῇ
1491 5264 1633 5317 κατὰ
1671 5264 1932 5319 Ὀσσαίων
1960 5267 2047 5318 αἱ·

466 5353 638 5423 ρέσει.
690 5353 777 5405 Ἐν
810 5353 1087 5424 παρεξόδῳ
1118 5354 1175 5406 δὲ
1210 5354 1382 5407 ταῦτα
1425 5357 1733 5427 πεποίημαι
1780 5356 1907 5419 νῦν,
1959 5357 2046 5410 ἵνα

471 5444 545 5515 μὴ
567 5444 634 5496 τὰ
665 5444 793 5513 παρ’
830 5445 1043 5515 ἑκάστῳ
1072 5445 1214 5499 ἔθνει
1247 5464 1306 5499 τε
1339 5448 1429 5500 καλ¹
1466 5448 1673 5518 αἱρέσει
1707 5447 1865 5513 ὄντα,
1894 5448 2044 5519 εὑρι-

470 5536 708 5605 σκόμενα
737 5535 793 5588 δέ
836 5536 930 5590 καὶ
968 5540 1097 5609 παρ’
1126 5540 1366 5612 ἑτέροις,
1398 5540 1678 5612 νομισθείη
1710 5542 1850 5597 κατὰ
1873 5541 2043 5613 λήθην

468 5626 559 5695 ὑφ’
591 5626 748 5697 ήμῶν
769 5627 1045 5698 εἰρῆσθαι.

545 5831 561 5859 ⁸
592 5833 710 5885 Act.
751 5852 860 5899 ut,
890 5836 973 5892 '59.
1053 5838 1067 5864 ²
1111 5838 1229 5888 Α.ι.
1275 5854 1346 5898 iv,
1388 5837 1477 5891 54.

2134 1980 2319 2042 utpote
2335 1974 2427 2042 qui
2444 1972 2723 2026 Christum
2746 1987 2955 2026 merum
2980 1986 3102 2026 esse
3124 1971 3395 2025 hominem
3410 1970 3704 2032 existimet,

2133 2067 2187 2120 in
2219 2081 2393 2134 eoque
2417 2080 2567 2135 spem
2593 2080 2715 2119 cum
2746 2064 2983 2134 quadam
3017 2064 3137 2119 ﬁdei
3168 2063 3515 2117 mendicitate
3538 2062 3707 2116 collo-

2133 2167 2238 2213 cct.
2258 2158 2325 2211 At
2341 2158 2487 2213 enim
2513 2157 2600 2212 isti
2627 2158 2693 2212 de
2722 2172 2783 2211 ea
2806 2173 2864 2211 re
2884 2157 3205 2227 gloriantur,
3232 2172 3397 2226 seque
3428 2154 3707 2211 mendicos

2134 2250 2450 2321 prazdicant,
2499 2251 2643 2319 quod
2685 2249 3087 2320 apostolorum,
3138 2248 3421 2318 inquiunt,
3469 2257 3708 2317 tempore

2136 2358 2254 2396 mos
2282 2349 2429 2397 esset
2458 2342 2599 2396 bona
2630 2356 2729 2395 sua
2755 2339 3082 2402 distrahere,
3102 2348 3161 2394 et
3193 2340 3259 2393 ad
3293 2339 3507 2393 illorum
3543 2338 3707 2407 pedes

2136 2432 2375 2501 abjicere
2391 2432 2433 2485 ².
2460 2428 2650 2499 itaque
2678 2445 2739 2485 se
2772 2430 2990 2483 illorum
3020 2429 3270 2498 exemplo
3296 2428 3363 2482 ad
3398 2427 3708 2482 mendicita-

2138 2528 2244 2575 tem
2279 2519 2471 2588 redigi,
2500 2533 2565 2573 ac
2590 2519 2752 2575 bonis
2786 2518 3041 2574 omnibus
3075 2517 3350 2581 abdicare,
3376 2516 3710 2587 proindeque

2137 2611 2339 2680 passim
2369 2610 2649 2665 mendicos
2680 2611 2961 2680 appellari.
2996 2609 3100 2665 Sed
3128 2610 3229 2663 hoc
3254 2610 3321 2664 ab
3350 2611 3457 2666 illis
3477 2625 3543 2665 ex
3569 2610 3711 2680 inge-

2137 2702 2230 2755 nio
2258 2700 2552 2756 conﬁctum
2591 2709 2714 2766 est;
2760 2716 2884 2754 nam
2920 2700 3111 2755 Ebioni
3148 2701 3427 2771 proprium
3460 2700 3563 2754 hoc
3595 2708 3713 2755 erat

2136 2809 2356 2858 nomen,
2390 2809 2496 2847 non
2529 2794 2648 2850 sine
2678 2793 2937 2847 vaticinio
2975 2800 3156 2847 tamen
3186 2793 3396 2862 aliquo,
3422 2807 3530 2863 quo
3560 2807 3714 2847 men-

2138 2886 2293 2941 dicus
2323 2885 2621 2955 infelixque
2653 2884 2765 2940 fore
2789 2884 3214 2956 signiﬁcaretur,
3250 2900 3377 2940 cum
3415 2900 3443 2937 a
3475 2885 3713 2954 parenti-

2139 2975 2242 3030 bus
2291 2976 2344 3029 id
2396 2977 2635 3030 nominis
2671 2976 2994 3046 accepisset.
3032 2975 3207 3041 Quam
3236 2990 3366 3030 vero
3396 2974 3501 3027 alia
3545 2974 3715 3026 multa

2139 3077 2193 3122 et
2222 3083 2505 3139 perperam
2528 3066 2798 3131 affectata,
2830 3074 2881 3120 et
2908 3067 3171 3121 scelerata
3200 3081 3261 3119 ac
3291 3064 3499 3121 nefaria
3524 3079 3713 3118 eorum

2142 3160 2395 3215 instituto
2425 3161 2720 3230 geruntur!
2761 3158 2986 3225 Quoties
3016 3157 3160 3214 enim
3189 3157 3386 3228 aliquis
3413 3156 3627 3212 illorum
3659 3158 3713 3210 in

2140 3253 2389 3306 morbum
2436 3251 2647 3318 incidit,
2700 3259 2793 3304 aut
2837 3267 2867 3305 a
2918 3259 3169 3321 serpente
3221 3264 3438 3303 morsus
3492 3256 3594 3311 est,
3648 3247 3714 3300 ad

2139 3356 2310 3413 aquas
2341 3342 2645 3397 descendit.
2676 3340 2752 3396 lbi
2784 3342 3179 3411 appellationes
3228 3354 3440 3401 omnes,
3468 3353 3595 3408 qua:
3631 3335 3719 3391 El-

2138 3435 2226 3489 xai
2258 3435 2574 3504 complexus
2604 3440 2709 3498 est,
2749 3436 2987 3498 invocat,
3015 3433 3138 3488 coeli
3167 3432 3422 3486 videlicet
3445 3444 3507 3483 ac
3538 3438 3715 3491 terrae,

2141 3528 2271 3581 salis
2324 3534 2376 3579 et
2404 3542 2578 3595 aquae,
2613 3533 2903 3580 ventorum
2939 3533 2993 3579 et
3041 3524 3377 3593 angelorum,
3414 3530 3471 3575 ut
3500 3528 3717 3583 vocant,

2136 3617 2391 3687 justitiaa;
2448 3617 2605 3686 panis
2654 3615 2783 3670 item
2836 3625 2889 3670 et
2938 3616 3065 3669 olei.
3100 3614 3304 3671 Deinde
3349 3615 3591 3669 solemne
3619 3613 3722 3667 hoc

2139 3722 2363 3762 carmen
2397 3707 2637 3778 concipit
2667 3723 2681 3761 :
2709 3707 2913 3763 Adeste
2950 3706 3106 3765 mihi.
3137 3712 3191 3760 et
3220 3705 3366 3759 hunc
3392 3718 3423 3758 a
3446 3719 3532 3758 me
3569 3703 3723 3758 dolo-

2140 3815 2254 3854 rem
2291 3799 2568 3868 depellite.

2210 3887 2329 3942 Jam
2363 3889 2467 3943 hoc
2500 3896 2659 3944 antea
2705 3889 3121 3953 declaravimus,
3151 3887 3338 3942 omnia
3392 3885 3509 3939 haec
3557 3883 3725 3939 Ebio-

2144 3996 2264 4035 nem
2310 3980 2592 4047 nescisse;
2631 3981 2859 4051 ejusque
2912 3980 3213 4048 discipulos
3267 3979 3548 4048 aliquanto
3601 3983 3724 4047 post

2144 4089 2267 4129 cum
2304 4074 2455 4127 Elxai
2500 4075 2872 4129 coalescentes
2902 4076 2970 4128 ab
3000 4073 3207 4127 Ebione
3236 4072 3719 4127 circumcisionem

2145 4180 2212 4218 ac
2256 4163 2579 4230 Sabbatum,
2613 4165 2862 4234 aliosque
2905 4165 3044 4220 ritus
3090 4163 3389 4233 accepisse.
3438 4161 3522 4217 Ab
3569 4161 3724 4216 ΕΙχοί

2144 4270 2273 4310 vero
2324 4256 2597 4322 somnium
2655 4253 2809 4318 illud,
2873 4263 2931 4310 ut
2994 4255 3269 4309 Christum
3328 4253 3556 4307 formam
3603 4269 3725 4309 esse

2146 4348 2438 4415 quamdam
2466 4348 2716 4401 humanae
2744 4347 2998 4412 similem,
3033 4362 3207 4417 neque
3231 4346 3545 4402 hominibus
3574 4362 3727 4417 aspe-

2147 4440 2401 4494 ctabilem
2436 4456 2558 4495 esse
2595 4439 2898 4511 ﬁngerent;
2939 4440 3279 4512 longitudine
3321 4440 3549 4494 millium
3575 4455 3721 4505 xcvr,

2076 4565 2119 4618 Β
2148 4533 2240 4603 qui
2265 4539 2393 4587 sunt
2419 4532 2630 4587 schoeni
2661 4540 2896 4602 quatuor
2915 4540 2968 4587 et
2992 4531 3219 4601 viginti;
3244 4531 3533 4585 latitudine
3552 4532 3725 4586 schoe-

2148 4638 2342 4677 norum
2373 4638 2449 4687 vr,
2486 4623 2590 4676 hoc
2622 4630 2705 4677 est
2733 4623 2961 4676 millium
2992 4637 3153 4687 xxiv;
3187 4622 3537 4677 crassitudini
3569 4622 3725 4677 deni-

2149 4728 2254 4783 que
2284 4712 2443 4765 aliam
2476 4729 2789 4768 mensuram
2833 4714 3155 4768 attribuunt.
3191 4711 3366 4783 Prope
3396 4714 3570 4782 ipsum
3595 4726 3726 4768 vero

2150 4815 2294 4859 Stare
2338 4802 2602 4873 Spiritum
2635 4816 2885 4861 sanctum
2916 4805 3167 4860 muliebri
3198 4805 3390 4876 ﬁgura,
3420 4807 3494 4860 ita
3544 4813 3725 4859 tamen

2153 4904 2213 4950 ut
2244 4895 2411 4951 videri
2450 4906 2717 4967 nequeat;
2753 4898 3106 4968 ejusdemque
3139 4914 3263 4952 esse
3298 4911 3583 4951 mensurae.
3614 4894 3725 4949 Ro-

2150 5004 2246 5058 ges
2274 4988 2417 5043 unde
2446 5004 2539 5043 eas
2571 5005 2860 5045 mensuras
2890 4990 3218 5060 acceperint.
3250 4988 3291 5042 E
3316 4989 3612 5051 montibus,
3641 4988 3727 5041 in-

2148 5080 2362 5148 quiunt,
2398 5082 2719 5137 observatas
2750 5083 3034 5148 habemus,
3070 5097 3304 5152 quorum
3353 5082 3421 5135 ad
3466 5083 3721 5135 verticem

2146 5171 2364 5225 illorum
2398 5174 2577 5243 capita
2608 5176 3023 5247 pertingebant;
3056 5190 3226 5245 quare
3255 5173 3519 5227 montium
3540 5173 3725 5227 altitu—

2147 5260 2332 5317 dinem
2364 5262 2619 5331 dimensi,
2656 5266 2856 5322 Christi
2888 5282 2952 5320 ac
2983 5266 3158 5321 sancti
3190 5264 3425 5334 Spiritus
3450 5264 3725 5334 magnitu-

2147 5351 2332 5407 dinem
2358 5357 2953 5426 comperimusNerum
2980 5357 3048 5412 de
3079 5358 3163 5412 his
3194 5358 3247 5410 in
3273 5356 3581 5411 Ossaaorum
3616 5356 3725 5409 haz-

2148 5445 2256 5499 resi
2279 5445 2390 5514 jam
2420 5455 2545 5503 ante
2573 5448 2995 5518 disputavimus.
3032 5448 3098 5503 Et
3127 5464 3274 5503 nunc
3304 5448 3478 5502 obiter
3505 5462 3565 5501 ea
3601 5463 3725 5516 per-

2150 5537 2491 5602 strinximus,
2522 5543 2752 5609 nequod
2788 5557 2951 5611 penes
2976 5524 3415 5611 unamquamque
3443 5541 3724 5595 nationem

2152 5649 2216 5687 ac
2235 5645 2436 5687 sectam
2455 5636 2745 5705 reperitur,
2766 5635 2817 5689 id
2847 5635 2893 5689 si
2935 5636 2992 5689 in
3009 5635 3128 5689 aliis
3144 5650 3359 5705 quoque
3376 5642 3721 5717 cerneretur,

2144 5725 2323 5780 alieno
2347 5726 2466 5781 loco
2486 5743 2581 5798 per
2606 5728 2933 5783 oblivionem
2960 5734 3443 5785 commemoratum
3478 5739 3720 5799 putares.
