4170 6372
414 500 526 556 455
1834 505 1892 559 S.
1937 501 2021 556 ΕΡ

2125 501 2279 559 IANII
3587 501 3689 555 436

499 615 656 689 142
697 615 879 671 XVIII.
923 616 1066 688 Ergo
1099 619 1270 675 Ebion
1301 622 1519 676 tametsi
1547 622 1599 675 in
1626 621 1776 684 Asia,
1807 634 1869 672 ac
1895 617 2004 671 Ito-

2177 621 2281 676 IH'.
2314 611 2483 683 Οὗτσς
2513 620 2610 690 μὲν
2638 615 2730 672 οῦν
2754 620 2781 671 ὁ
2819 618 3011 671 Ἐϐίων
3035 618 3128 670 xui
3156 618 3318 681 αὐτὸς
3341 618 3398 668 έν
3537 617 3691 688 Ἀσίᾳ⁸

423 725 528 766 ma:
551 725 793 764 errorem
823 726 984 766 suum
1020 711 1478 776 disseminaverit,
1507 713 1860 766 nihilominus
1895 711 2007 775 spi-

425 816 688 856 nosorum
733 817 960 858 suorum
1013 804 1322 874 germinum
1374 805 1763 873 stolonumque
1795 801 2008 855 radices

425 907 495 947 ex
520 890 809 947 Nabatbaaa
832 901 997 964 atque
1024 893 1276 950 Paneade
1303 897 1653 965 potissimum
1679 895 1864 956 trahit,
1889 908 2009 947 nec-

426 998 536 1037 non
592 991 646 1038 et
693 983 1007 1051 Moabitide,
1043 983 1442 1056 Cochabisque.
1487 987 1634 1056 quod
1681 983 2008 1039 Basanitidis

427 1076 685 1146 oppidum
717 1086 802 1132 est
830 1085 981 1134 trans
1014 1077 1225 1134 Adraos
1263 1098 1276 1134 :
1307 1087 1362 1134 et
1393 1080 1448 1133 in
1487 1079 1663 1133 insula
1695 1078 1894 1147 Cypro.
1917 1075 2010 1128 Est

428 1167 534 1221 hoc
558 1167 664 1222 illis
691 1169 912 1238 insuper
936 1169 993 1224 in
1015 1185 1167 1225 more
1195 1172 1456 1241 positum,
1486 1179 1544 1225 ut
1573 1169 2010 1224 adolescentulos

429 1258 564 1313 citra
592 1269 862 1314 maturam
889 1269 1102 1317 aetatem
1128 1261 1195 1315 ad
1224 1263 1444 1331 nuptias
1467 1262 1813 1332 compellant,
1850 1260 2010 1328 idque

430 1351 566 1405 adeo
599 1365 631 1404 a
656 1353 930 1422 magistris
959 1362 1226 1424 potestate
1261 1354 1423 1408 facta.
1457 1354 1670 1409 Habent
1693 1353 1837 1408 enim
1885 1367 2010 1420 pre-

432 1443 683 1515 sbyteros
713 1461 865 1509 suos,
901 1461 966 1500 ac
1015 1463 1302 1519 synagoga:
1335 1449 1645 1518 principes;
1677 1461 1800 1500 nam
1847 1460 2010 1515 syna-

433 1551 622 1606 gogam
649 1545 949 1594 conventus
972 1556 1124 1605 suos,
1155 1556 1265 1595 non
1293 1539 1580 1595 ecclesiam
1610 1540 1915 1603 nominant,
1948 1551 2012 1590 ac

431 1628 639 1684 Christi
688 1631 861 1685 solum
906 1647 1104 1687 nomen
1159 1649 1267 1703 pra:
1316 1648 1375 1688 se
1424 1635 1627 1687 ferunt.
1655 1632 1842 1702 Neque
1884 1644 2013 1685 vero

348 1699 363 1717 ’
433 1721 558 1776 unis
601 1720 866 1777 duntaxat
898 1725 1105 1794 nuptiis
1150 1699 1441 1781 aliinitates
1478 1727 1622 1779 inter
1674 1699 2011 1791 Sta—conjun-

430 1824 587 1887 gunt,
621 1817 714 1872 sed
745 1817 791 1872 si
827 1817 916 1872 cui
961 1819 1256 1873 divortium
1305 1818 1483 1873 facere
1530 1818 1768 1879 libuerit,
1803 1834 1867 1871 ac
1912 1833 2012 1871 no—

431 1923 558 1961 vum
584 1908 720 1964 inire
743 1911 1170 1976 matrimonium,
1193 1909 1258 1964 ad
1284 1913 1474 1966 tertias
1492 1921 1544 1966 et
1563 1914 1822 1982 septimas
1842 1929 2013 1986 usque

434 2001 656 2068 nuptias
688 2003 1031 2069 permittunt.
1066 2003 1293 2068 Quidvis
1324 2007 1468 2060 enim
1511 2005 1651 2074 apud
1690 2006 1810 2059 illos
1856 2022 2015 2075 agere

433 2091 772 2146 conceditur.
794 2092 965 2147 Porro
981 2094 1376 2158 Abrahamum,
1404 2104 1457 2149 et
1479 2094 1744 2159 Isaacum,
1774 2110 1837 2149 ac
1852 2093 2015 2149 Jaco-

432 2182 582 2247 bum,
601 2190 654 2236 et
675 2181 915 2254 Moysen,
939 2191 1102 2255 atque
1128 2189 1394 2240 Aaronem
1414 2186 1731 2249 admittunt,
1758 2202 1862 2238 una
1889 2201 2015 2239 cum

432 2269 584 2336 Jesu,
642 2272 753 2327 lilio
792 2273 962 2338 Nave,
1017 2276 1108 2346 qui
1161 2276 1360 2348 Moysis
1390 2277 1654 2332 duntaxat
1705 2291 2014 2340 successor,

433 2379 611 2434 neque
629 2366 924 2437 quidquam
960 2369 1194 2439 amplius
1230 2369 1413 2424 fuerit.
1436 2368 1745 2424 Secundum
1765 2369 1864 2424 hos
1892 2370 2016 2422 nul-

435 2457 547 2509 lum
587 2458 754 2512 alium
807 2476 873 2514 ex
913 2461 1193 2530 prophetis
1239 2465 1538 2528 asciscunt,
1578 2463 1672 2518 sed
1703 2480 1825 2518 cum
1854 2479 2015 2519 exse-

432 2549 685 2605 oratione
726 2553 1080 2620 proscribunt
1114 2572 1177 2606 ac
1207 2554 1481 2622 derident,
1514 2566 1644 2627 puta
1676 2556 1935 2612 Davidem
1965 2567 2019 2612 et

438 2638 807 2709 Salomonem,
861 2654 1022 2714 atque
1074 2644 1290 2710 Isaiam,
1341 2645 1658 2712 Jeremiam,
1717 2647 2014 2713 Danielem,

435 2730 812 2800 Ezechielem;
850 2737 1176 2805 quibuscum
1234 2736 1405 2792 Eliam
1465 2749 1627 2805 atque
1662 2739 1899 2795 Eliseum
1928 2756 2018 2795 rc--

438 2825 680 2894 pudiant.
698 2824 882 2897 Neque
901 2828 1046 2882 enim
1077 2829 1293 2883 illorum
1324 2831 1596 2886 vaticiniis
1620 2834 2016 2899 assentiuntur,

439 2918 534 2973 sed
559 2918 627 2975 iis
654 2919 1173 2978 maledicentissime
1199 2921 1494 2977 detrahunt
1515 2941 1530 2990 ;
1552 2924 1647 2979 sed
1673 2940 1850 2995 neque
1871 2925 2018 2979 aliud

437 3017 635 3080 praeter
678 3011 1030 3082 Evangelium
1082 3014 1373 3085 recipiunt.
1421 3014 1576 3081 Quod
1624 3015 1692 3069 ad
1739 3015 2019 3071 Christum

438 3110 671 3172 spectat,
701 3105 949 3158 veritatis
989 3105 1138 3160 hunc
1167 3121 1289 3162 esse
1320 3108 1638 3177 prephetam
1671 3109 1935 3173 sentiunt,
1969 3117 2022 3163 et

437 3191 717 3249 Christum
747 3195 840 3251 Dei
874 3195 1070 3251 Filium
1105 3200 1487 3269 progressione
1516 3201 1749 3271 quadam
1778 3202 2017 3272 virtutis,

2109 713 2169 766 τὸ
2192 709 2342 783 ³εἷχε
2370 716 2628 782 κήρυγμα.
2658 711 2750 764 xui
2781 711 2986 782 Ῥώμῃ,
3005 711 3103 774 τὰς
3121 711 3176 763 δὲ
3205 710 3360 781 ῥίζας
3392 711 3498 762 τῶν
3525 710 3691 762 ἀκαν-

2111 805 2294 858 θωδῶν
2359 805 2726 876 παραφυάδων
2793 805 3006 873 ἔχουσιν
3072 805 3179 856 ἀπό
3240 821 3298 856 τε
3365 803 3465 873 τῆς
3514 803 3690 855 Ναϐα-

2108 896 2237 958 τέας
2301 896 2436 966 (51)
2493 898 2586 948 xui
2641 895 2910 957 Πανεάδος
2973 895 3032 948 τὸ
3088 895 3335 947 πλεῖστον
3373 933 3387 956 ,
3463 893 3688 945 Μωαϐί-

2109 989 2250 1052 τιδός
2292 1006 2350 1042 τε
2403 989 2496 1041 xui
2555 988 2836 1057 Κωχάϐων
2877 987 2974 1058 τῆς
3022 990 3078 1039 ἐν
3130 990 3195 1057 τῇ
3246 985 3550 1038 Βασανίτιδι
3618 988 3688 1056 γῇ

2110 1082 2365 1133 ἐπέκεινα
2411 1079 2678 1150 Ἀδραῶν·
2714 1079 2846 1133 ἀλλά
2891 1082 2983 1132 xui
3019 1081 3075 1130 ὲν
3130 1082 3193 1149 τῇ
3229 1081 3457 1148 Κύπρῳ.
3499 1080 3688 1144 Ἀναγ-

2112 1175 2337 1238 κάζουσι
2366 1173 2441 1238 δὲ,
2475 1175 2566 1226 xui
2597 1176 2726 1245 παρ’
2750 1173 2960 1243 ἡλικίαν
2984 1174 3342 1244 ἐκγαμίζουσι
3368 1175 3492 1236 τοὺς
3515 1172 3687 1237 νέους,

2111 1263 2171 1327 ἐξ
2216 1263 2514 1333 ἐπιτροπῆς
2545 1263 2704 1332 δῆθεν
2759 1263 2867 1315 τῶν
2904 1265 3031 1332 παρ’
3075 1263 3258 1326 αὐτοῖς
3308 1262 3688 1315 διδασκαλίων.

2110 1356 2520 1428 Πρεσϐυτέρους
2554 1357 2662 1427 γὰρ
2686 1351 2830 1410 οὗτοι
2856 1356 3036 1425 έχουσι
3070 1358 3160 1408 xui
3184 1355 3688 1425 ἀρχισυναγώγους.

2113 1446 2442 1518 Συναγωγὴν
2469 1447 2525 1499 δὲ
2561 1439 2707 1499 οῦτοι
2740 1447 2962 1499 καλοῦσι
2991 1447 3088 1518 τὴν
3126 1445 3333 1499 ἑαυτῶν
3371 1445 3687 1515 ἐκκλησίαν,

2113 1541 2208 1593 xui
2253 1541 2372 1609 οὐχὶ
2417 1539 2744 1610 ἐκκλησίαν·
2781 1539 2858 1608 τῷ
2905 1537 3124 1608 Χριστῷ
3168 1539 3224 1590 δὲ
3267 1537 3490 1606 ὀνόματι
3533 1537 3692 1606 μόνον

2117 1633 2466 1703 σεμνύνονται
2489 1650 2503 1662 ·
2537 1633 2630 1686 xui
2669 1634 2730 1686 οὐ
2770 1633 2930 1704 μόνον
2965 1631 3043 1683 ἐνί
3086 1649 3191 1684 τινι
3225 1630 3386 1700 γάμῳ
3423 1630 3522 1692 τὰς
3567 1646 3691 1680 συν-

2114 1724 2308 1791 αφείας
2328 1721 2629 1785 ποιεῖσθαι,
2653 1722 2767 1775 ἀλλ’
2792 1723 2839 1774 εί
2873 1723 2966 1774 xui
2986 1721 3228 1791 θελήσειέ
3258 1739 3339 1783 τις
3366 1719 3458 1772 τοῦ
3477 1718 3692 1789 πρώτου

2115 1816 2292 1885 γάμου
2320 1813 2756 1883 διαζεύγνυσθαι,
2788 1814 2958 1886 ἑτέρῳ
2986 1813 3042 1866 δὲ
3067 1812 3449 1871 συνάπτεσθαι.
3477 1811 3696 1881 ὲπιτρέ·

2117 1925 2310 1960 πουσιν
2360 1907 2487 1977 ἄχρι
2524 1907 2618 1959 xui
2664 1906 2914 1976 δευτέρου
2956 1906 3048 1958 xui
3099 1903 3281 1974 τρίτου
3327 1903 3420 1954 xui
3468 1901 3694 1970 ἐΰδὸμου

2116 2000 2313 2068 γάμου,
2367 1999 2550 2050 Πάντα
2601 1996 2709 2068 γὰρ
2762 1999 2890 2068 παρ’
2923 1996 3104 2057 αὺτοῖς
3157 1993 3327 2056 ἀδεῶς
3375 1993 3692 2064 πράττεται.

2130 2089 2380 2161 Ἀϐραὰμ
2429 2091 2485 2142 δὲ
2535 2088 2855 2159 ὁμολογοῦσι
2911 2088 3004 2140 καὶ
3074 2085 3258 2139 Ἰσαὰκ
3312 2085 3404 2136 xui
3465 2081 3692 2136 Ἰακώϐ·

2116 2184 2355 2252 Μωῦσῆν
2408 2201 2468 2235 τε
2500 2183 2592 2235 xui
2634 2182 2842 2253 Ἀαρὼν
2864 2221 2878 2244 ,
2937 2179 3140 2250 Ἰησοῦν
3173 2196 3231 2231 τε
3259 2179 3348 2230 τὸν
3381 2177 3473 2230 τοῦ
3513 2176 3692 2245 Ναυῆ,

2116 2275 2303 2339 ἁπλῶς
2340 2275 2714 2345 διαδεξάμενον
2761 2273 2998 2327 Μωῦσέα
3026 2312 3041 2336 ,
3089 2272 3241 2325 οὐδὲν
3275 2271 3331 2324 δὲ
3362 2271 3511 2322 ὁντα.
3544 2268 3698 2322 Μετά

2116 2371 2338 2434 τούτους
2383 2369 2438 2421 δὲ
2466 2369 2647 2422 οὐκέτι
2692 2366 3014 2438 ὁμολογοῦσι
3067 2383 3188 2419 τινα
3222 2364 3328 2418 τῶν
3377 2362 3696 2434 προφητῶν,

2117 2463 2254 2517 ἀλλὰ
2297 2463 2391 2515 καὶ
2418 2460 2871 2532 ἁναθεματίζουσι
2915 2459 3008 2512 xui
3051 2457 3369 2528 χλευάζουσι
3396 2495 3410 2518 ,
3441 2455 3602 2508 Δαϐίδ
3639 2471 3699 2506 τε

2119 2560 2212 2610 xui
2237 2557 2325 2610 τὸν
2358 2554 2673 2625 Σαλομῶνα,
2707 2555 2904 2624 ὁμοίως
2928 2553 2983 2606 δὲ
3009 2555 3134 2614 τοὺς
3168 2551 3296 2619 περὶ
3339 2549 3566 2602 Ἡσαΐαν
3604 2547 3700 2600 καὶ

2132 2650 2400 2721 Ἱερεμίαν
2431 2650 2523 2702 xui
2569 2647 2766 2717 Δανιὴλ
2798 2647 2891 2699 xui
2933 2644 3218 2713 Ἰεζεκιήλ·
3279 2641 3464 2694 Ἠλίαν
3514 2658 3572 2693 τε
3607 2639 3700 2692 xui

2133 2744 2430 2797 Ἐλισσαῖον
2465 2738 2767 2795 ἀθετοῦσιν.
2803 2737 2881 2791 Οὐ
2911 2737 3019 2807 γὰρ
3064 2735 3430 2796 συντίθενται,
3461 2732 3700 2802 βλασφη-

2124 2837 2352 2908 μοῦντες
2386 2833 2484 2896 τὰς
2521 2832 2698 2887 αὐτῶν
2727 2831 3061 2903 προφητείας
3082 2845 3095 2858 ·
3127 2827 3263 2881 ἀλλά
3309 2826 3468 2897 μόνον
3500 2824 3560 2876 τὸ
3595 2823 3700 2875 Εὐ-

2121 2929 2374 2998 αγγέλιον
2394 2927 2660 2998 δέχονται.
2692 2924 2796 2979 Τὸν
2826 2924 2881 2976 δὲ
2908 2922 3141 2994 Χριστὸν
3175 2920 3460 2988 προφήτην
3482 2917 3701 2983 λέγουσι

2119 3020 2218 3090 τῆς
2243 3018 2497 3088 ἀληθείας
2522 3059 2537 3082 ,
2572 3017 2667 3070 xui
2712 3015 2945 3086 Χριστὸν
2980 3013 3108 3066 Υίὸν
3146 3011 3280 3064 Θεοῦ
3317 3010 3458 3064 κατὰ
3498 3025 3699 3079 προκο-

2123 3113 2251 3184 πὴν,
2281 3112 2374 3165 xui
2403 3110 2546 3164 κατά
2571 3109 2862 3179 συνάφειαν
2890 3107 3175 3176 ἀναγωγῆς
3207 3106 3305 3174 τῆς
3337 3102 3539 3156 ἄνωθεν
3569 3099 3702 3170 πρὸς

2124 3205 2285 3259 αὐτὸν
2319 3203 2711 3274 γεγενημένης.
2745 3203 2882 3264 Τοὺς
2911 3201 2967 3253 δὲ
3007 3201 3288 3270 προφήτας
3321 3197 3540 3264 λέγουσι
3577 3211 3703 3246 συν-

438 3293 495 3342 et
519 3287 908 3356 conjunctione
937 3305 1061 3343 cum
1091 3289 1198 3345 Deo
1229 3291 1455 3353 factum.
1490 3301 1761 3362 quatenus
1791 3294 1858 3348 ad
1887 3295 2015 3349 sub-

2125 3298 2412 3365 éssw;(32)
2448 3293 2584 3350 εἶναι
2620 3296 2936 3366 προφήτας,
2987 3293 3081 3346 xui
3116 3293 3215 3344 οὐκ
3281 3289 3558 3360 ἀληθείας.
3593 3287 3701 3338 Αὑ-

441 3378 592 3432 Iimia
639 3380 991 3450 caelestiaque
1037 3393 1326 3451 provectus
1388 3391 1491 3438 est.
1544 3383 1846 3452 Prophetas
1893 3401 2021 3440 vero

441 3485 554 3525 non
587 3471 855 3534 veritatis,
883 3472 978 3526 sed
1005 3472 1378 3543 intelligentia:
1407 3491 1528 3530 esse
1559 3476 1851 3544 prophetas
1883 3474 2024 3529 arbi-

445 3569 682 3616 trantur.
714 3562 950 3618 Proinde
981 3563 1167 3618 Jesum
1193 3565 1370 3620 solum
1404 3567 1723 3635 prOphetam
1763 3575 1816 3621 et
1847 3567 2024 3620 homi-

443 3668 592 3716 nem,
631 3653 837 3725 Deique
867 3653 1061 3709 Filium
1091 3672 1232 3719 esse,
1266 3657 1391 3710 licet
1430 3673 1614 3712 merus
1643 3658 1805 3712 homo
1839 3659 1929 3718 sit,
1968 3665 2025 3710 ut

441 3745 558 3816 jam
587 3745 847 3802 diximus.
876 3746 979 3813 Qui
1022 3749 1092 3803 ob
1138 3750 1411 3819 egregiam
1437 3750 1692 3804 virtutem
1726 3749 1821 3804 Dei
1855 3748 2026 3804 Filius

447 3836 709 3906 appellari
756 3839 1040 3894 meruerit.
1069 3837 1256 3908 Neque
1305 3855 1434 3894 vero
1483 3839 1685 3910 Moysis
1735 3840 2028 3896 Pentateu-

448 3927 610 3982 chum
638 3927 903 3998 integram
941 3929 1257 3995 admittunt,
1291 3930 1386 3985 sed
1429 3932 1677 4001 quaedam
1723 3935 1884 3987 verba
1920 3933 2028 3987 cir-

449 4020 850 4074 cumscribunt.
884 4021 1041 4086 Quod
1075 4022 1120 4076 si
1155 4022 1223 4077 de
1252 4039 1348 4078 esu
1377 4025 1746 4079 animatorum
1773 4025 1904 4079 illud
1934 4027 2029 4081 ob-

445 4111 607 4181 jicias
638 4130 652 4167 :
683 4113 794 4167 Cur
825 4113 1172 4170 Abrahamus
1202 4115 1429 4170 vitulum
1469 4133 1592 4170 cum
1640 4117 1782 4173 lacte
1822 4120 2028 4189 angelis

451 4205 830 4274 apposuerit';
867 4212 960 4259 aut
989 4221 1088 4259 cur
1120 4204 1358 4262 Noemus
1393 4208 1483 4261 illa
1518 4208 1834 4270 comederit,
1869 4220 1920 4263 et
1943 4210 2030 4263 di-

451 4296 664 4350 vinitus
697 4311 1024 4366 responsum
1054 4299 1346 4368 acceperit,
1390 4297 1570 4353 Macta
1598 4309 1648 4352 et
1682 4301 1943 4355 manduca
1970 4305 2026 4358 ἰ

455 4386 906 4458 quidveJnsuper
930 4389 1148 4445 Isaacus
1179 4399 1231 4443 et
1253 4389 1511 4454 Jacobus,
1545 4408 1610 4444 ac
1637 4391 1850 4463 Moyses
1880 4395 2032 4447 simi-

455 4480 658 4548 Iiterjn
682 4479 976 4536 solitudine
1005 4481 1435 4536 sacriﬁcaverint
1469 4501 1481 4535 :
1509 4492 1668 4554 negat
1690 4483 1937 4538 Ehionita
1973 4502 2031 4541 se

456 4571 567 4625 illis
585 4569 915 4626 credere.Et
933 4572 1065 4640 quid
1089 4588 1207 4626 mea
1235 4572 1420 4638 refert,
1448 4574 1725 4642 inquiunt,
1752 4577 1840 4630 ubi
1865 4579 2031 4631 semel

2122 3390 2212 3442 τὸν
2241 3389 2297 3442 δὲ
2329 3389 2485 3458 μόνον
2518 3387 2761 3440 θέλουσιν
2790 3381 2927 3439 εἶναι
2952 3385 3257 3456 προφήτην,
3277 3382 3371 3434 xui
3394 3379 3702 3450 ἄνθρωπον,

2126 3483 2219 3534 xui.
2250 3480 2375 3533 Υίὸν
2406 3479 2539 3532 Θεοῦ
2563 3521 2578 3544 ,
2623 3480 2718 3531 καὶ
2753 3477 2986 3548 Χριστόν
3013 3493 3025 3504 ·
3069 3474 3165 3526 xui
3198 3473 3350 3540 ψιλὸν
3397 3470 3702 3542 ἄνθρωπον,

2124 3574 2199 3637 ὡς
2239 3572 2604 3642 προείπομεν,
2636 3569 2722 3621 διὰ
2759 3568 2815 3621 δὲ
2867 3567 3067 3637 ἀρετὴν
3105 3565 3218 3634 βίου
3267 3565 3471 3633 ἥκοντα
3523 3563 3601 3622 είς
3646 3558 3706 3611 τὸ

2127 3665 2407 3720 καλεῖσθαι
2440 3663 2565 3715 Υἱὸν
2599 3661 2752 3714 Θεοῦ.
2787 3659 2922 3711 Οῦτε
2950 3658 3056 3730 γὰρ
3095 3657 3341 3727 δέχονται
3371 3653 3468 3725 τὴν
3496 3653 3703 3706 Πεντά-

2126 3772 2317 3824 τευχον
2347 3751 2626 3814 Μωῡσέως
2661 3750 2786 3818 ὃλην
2814 3792 2828 3812 ,
2865 3749 2999 3802 ἀλλά.
3040 3765 3159 3800 τινα
3187 3748 3407 3816 ῥήματα
3455 3742 3708 3796 ἀποϐάλ-

2128 3846 2330 3898 λουσιν.
2371 3844 2538 3895 Ὅταν
2584 3841 2640 3893 δὲ
2691 3842 2872 3902 αὐτοῖς
2910 3841 3069 3908 εἴπῃς
3109 3839 3234 3906 περὶ
3269 3836 3522 3905 ἐμψύχων
3571 3832 3710 3904 βρώ-

2133 3955 2268 3998 σεως
2293 3954 2305 3967 ’
2340 3935 2464 3998 Πῶς
2491 3930 2582 3987 οῦν
2627 3933 2876 4002 Ἀδραὲμ
2907 3930 3175 4001 παρέθετο
3209 3931 3319 3992 τοῖς
3347 3927 3594 3996 ἀγγέλοις
3618 3925 3709 3977 τὸν

2135 4029 2331 4100 μόσχον
2359 4026 2454 4080 xui
2473 4027 2534 4078 τὸ
2563 4025 2705 4093 γάλα
2730 4043 2743 4088 ;
2773 4023 2804 4094 ἢ
2834 4023 2948 4085 πῶς
2980 4022 3148 4090 ἔφαγε
3184 4018 3327 4082 Νῶε,
3356 4018 3450 4070 xui
3477 4017 3708 4086 ήκουσεν

2132 4123 2240 4174 ἀπὸ
2273 4118 2407 4173 Θεοῦ
2429 4118 2694 4187 λέγοντος,
2725 4116 2924 4169 Θῡσον
2957 4115 3052 4166 καὶ
3088 4113 3270 4182 φάγες
3297 4112 3411 4174 πῶς
3434 4112 3490 4163 δὲ
3523 4110 3710 4163 Ἰσαὰκ

2133 4217 2226 4268 xui
2267 4212 2459 4266 Ἰακὼϐ
2501 4211 2697 4264 ἔθυσαν
2722 4209 2799 4279 τῷ
2832 4208 2988 4278 Θεῷ,
3019 4206 3218 4277 ὁμοίιος
3255 4205 3311 4257 δὲ
3346 4204 3438 4257 xui
3469 4202 3710 4269 Μωῦσῆς

2133 4309 2190 4361 ὲν
2223 4309 2286 4377 τῇ
2315 4307 2535 4378 ἐρήμῳ;
2579 4302 2808 4364 ἐκείνοις
2845 4301 2943 4371 μὲν
2989 4300 3242 4361 ἀπιστεῖ,
3285 4295 3377 4349 καί
3427 4309 3586 4364 φησι·
3616 4292 3710 4354 Τίς

2133 4398 2291 4469 χρεία
2344 4414 2411 4467 με
2445 4393 2838 4464 ἀναγινώσκειν
2892 4393 2958 4444 τὰ
3014 4393 3069 4442 ὲν
3114 4389 3191 4460 τῷ
3239 4389 3417 4458 νόμῳ,
3468 4385 3710 4446 ἐλθόντος

2134 4489 2226 4542 τοῦ
2256 4487 2624 4556 Εὑαγγελίου;
2654 4485 2825 4539 Πόθεν
2861 4501 2942 4536 σοι
2975 4481 3156 4534 τοίνυν
3186 4480 3252 4532 τὰ
3281 4481 3407 4550 περὶ
3436 4477 3713 4537 Μωῦσέως

2137 4579 2232 4632 xui.
2270 4577 2520 4648 Ἀϐραὰμ
2555 4577 2781 4640 εἰδέναι;
2820 4570 2950 4628 Οἶδα
2980 4573 3117 4643 γὰρ,
3162 4572 3236 4634 ὡς
3273 4571 3582 4641 ὁμολογεῖτε
3613 4569 3713 4621 αῦ-

461 4657 617 4729 143
654 4657 1005 4730 Evangelium
1051 4662 1273 4715 allatum
1304 4671 1410 4730 est,
1451 4680 1570 4734 quae.
1618 4664 1674 4718 in
1709 4667 1825 4736 lege
1853 4666 2023 4720 conti-

2136 4672 2261 4734 τοὺς
2310 4665 2449 4723 εἶναι
2482 4669 2761 4731 δικαίους,
2811 4667 2904 4719 xui
2951 4665 3192 4734 πατέρας
3232 4662 3438 4716 ἑαυτῶν
3481 4661 3715 4729 ἐπιγρά-

456 4759 660 4806 nentur
707 4754 992 4808 evolvere?
1042 4752 1326 4809 Undenam
1381 4757 1545 4825 igitur
1591 4767 1744 4812 tenes
1801 4775 1920 4829 qua:
1970 4759 2037 4812 ad

459 4841 702 4913 Moysen,
754 4844 1233 4916 Abrahamumque
1283 4849 1595 4917 peltinent?
1646 4849 1784 4904 Novi
1811 4852 1954 4906 enim
2007 4867 2038 4904 a

457 4935 615 4990 vobis
647 4934 826 5005 justos
857 4937 979 4991 illos
1017 4938 1328 5006 praedicari,
1366 4940 1545 5010 iisque
1571 4958 1668 4996 vos
1715 4944 2038 5012 parentibus

536 5120 551 5151 ¹
579 5117 713 5174 Gen.
740 5133 896 5186 xvnl,
927 5118 1016 5174 59.
1082 5120 1102 5150 ³
1121 5120 1255 5175 Gen.
1290 5136 1365 5184 Ix,
1389 5121 1442 5175 5.
1508 5119 1673 5192 'Leg.
1702 5120 1936 5176 fortasse
1955 5139 2038 5177 τε.

535 5294 799 5365 (31)Ἀπό
821 5313 886 5349 τε
901 5295 1011 5363 τῆς
1039 5297 1359 5360 Ναϐατέας.
1400 5294 1669 5364 Corrupta
1699 5311 1799 5348 vox
1827 5303 1910 5348 est
1930 5295 2043 5347 Nu-

464 5365 884 5436 6utéu‘g.Neque
903 5369 1047 5419 enim
1079 5368 1142 5420 iis
1170 5367 1222 5419 in
1247 5367 1382 5436 locis
1401 5365 1635 5420 Nabatea
1656 5365 1782 5429 ulla,
1814 5365 1919 5436 nisi
1949 5366 2046 5416 l'al-

464 5437 566 5489 lor.
598 5434 886 5492 Nabathaea
915 5437 1156 5506 quidem,
1189 5436 1303 5492 sive
1330 5434 1580 5491 Nabataea
1606 5434 2044 5506 ArabizeiFelicis

465 5507 616 5573 regio
667 5516 776 5576 est,
807 5517 901 5561 aut
933 5505 1005 5561 ’ei
1060 5516 1207 5561 certe
1258 5508 1527 5576 proxima,
1564 5510 1664 5560 hoc
1714 5517 1798 5564 est
1824 5505 2045 5560 Petraea:

467 5590 614 5646 pars.
649 5575 830 5641 Quare
862 5594 967 5630 non
1005 5577 1196 5630 dubito
1228 5575 1360 5646 quin
1387 5577 1622 5632 Batanea
1657 5579 1757 5630 hoc
1802 5577 1922 5630 loco
1968 5577 2044 5629 le-

467 5645 700 5718 gendum
724 5650 838 5718 _sit.
872 5649 1002 5712 Quae
1019 5657 1124 5718 gest
1174 5645 1342 5718 Syria
1388 5649 1553 5718 regio,
1601 5647 1936 5716 Palmyrenaz
1965 5647 2046 5698 vi-

467 5715 612 5787 cina,
641 5723 694 5768 et
720 5714 990 5787 Paneadi;
1017 5714 1244 5774 Ptolem.
1279 5714 1472 5787 Steph:
1493 5738 1505 5772 :
1523 5714 1786 5772 Βατανέαι
1801 5719 2044 5771 συνοικία

469 5782 759 5858 ξυ-ρίαςηῇ
783 5788 876 5838 xui
908 5788 1148 5840 Βατανέα
1179 5782 1393 5858 ἑνικῶςξ
1425 5789 1577 5843 Adde
1606 5801 1660 5843 et
1692 5791 1742 5840 in
1771 5787 1849 5858 0g
1873 5805 2045 5858 regno

473 5853 665 5926 fuisse.
702 5853 838 5908 Hinc
870 5871 966 5924 pro
991 5873 1077 5918 eo,
1105 5858 1249 5926 quod
1285 5857 1514 5920 Hebraei,
1543 5853 2046 5926 Graecique'Og're-

473 5935 592 5990 gem
623 5921 798 5978 Basan
829 5921 1137 5996 appellant,"
1159 5928 1445 5984 Chaldaeus
1491 5939 1635 6016 iam:
1683 5921 1863 5996 habet,
1899 5921 2044 5998 quod

2138 4763 2322 4834 φεσθε.
2358 4759 2490 4815 Εἶτα
2533 4761 2922 4832 ἀποκρίνεται,
2968 4758 3061 4810 xui
3112 4756 3294 4824 λέγει,
3344 4755 3424 4806 ὅτι
3479 4752 3716 4837 Χριστός

2143 4873 2230 4926 μοι
2261 4853 2577 4922 ἀπεκάλυψε
2600 4869 2614 4884 ⁸
2654 4852 2747 4905 καὶ
2779 4852 3089 4920 βλασφημεῖ
3112 4849 3178 4900 τὰ
3217 4847 3384 4899 πλείω
3420 4847 3517 4914 τῆς
3555 4863 3716 4914 νομο-

2141 4947 2362 5014 θεσίας,
2423 4947 2516 4999 xui
2569 4946 2695 5007 τοὺς
2759 4945 2887 5015 περὶ
2939 4939 3174 5012 Σαμψὼν
3235 4938 3329 4992 xui
3391 4937 3556 4990 Au6i6
3620 4938 3715 4989 xui

2143 5294 2209 5348 ad
2276 5294 2523 5350 Balanem
2555 5292 2877 5346 vocabulum
2910 5289 3140 5348 accedit.
3181 5295 3238 5342 ut
3261 5287 3327 5340 ad
3358 5300 3432 5339 xu
3465 5282 3580 5339 Jos.
3607 5282 3718 5336 Ma-

2143 5370 2259 5420 sius
2292 5366 2566 5419 observat.
2605 5363 2661 5417 In
2707 5363 2896 5417 eodem
2933 5360 3239 5415 Basanitico
3296 5366 3471 5410 tractu
3510 5355 3608 5407 l'uit
3665 5363 3718 5406 et

2144 5436 2305 5489 Edrai
2355 5445 2555 5499 lm'm,
2581 5434 2766 5488 Graece
2792 5433 2997 5502 Ἀδραῒ.
3036 5429 3207 5495 Quam
3231 5429 3432 5502 Adranm
3468 5425 3713 5502 _Pto|em.

2144 5516 2294 5576 putat
2321 5495 2462 5560 idem
2492 5495 2715 5559 Masius.
2747 5495 2957 5569 Qum'in
2981 5500 3277 5570 Coelesyria
3305 5514 3334 5551 a
3363 5495 3592 5549 Ptolem.
3619 5510 3720 5547 nu-

2145 5587 2402 5631 IIIeI'ﬂlIII'.

2217 5647 2327 5716 (52)
2373 5646 2522 5711 Τοὺς
2549 5645 2616 5698 δὲ
2649 5642 2953 5712 προφήτας
2979 5640 3228 5716 λέγουσι
3261 5633 3719 5716 συνέσεωβλη-

2147 5706 2458 5789 ῑοιῐίεριιιίεε
2479 5706 2790 5789 prophetas,
2821 5706 2943 5789 non
2969 5706 3566 5789 vei'ilatis,.a'ppellatos
3599 5706 3720 5784 ideo

2146 5780 2494 5850 crediderim,
2523 5780 2667 5854 quod
2716 5784 2929 5837 tametsi
2981 5796 3161 5835 rerum
3210 5780 3600 5854 a|_t_issimarum
3633 5780 3722 5827 in‘

2149 5858 2441 5923 telligentia
2472 5850 2655 5911 essent
2689 5854 3063 5923 sapientiaque
3121 5850 3355 5922 pra-.diti,
3386 5861 3495 5903 non
3539 5855 3720 5900 tamen

2151 5927 2441 5984 tuendacio
2471 5927 2618 5982 omni
2647 5925 2941 5981 caruerint.

4060 1433 4122 1494 ’τ’

4117 4805 4164 4900 +

4128 4925 4162 5060 4

4150 5121 4154 5166 Ι
