4170 6372
456 412 563 475 457

471 523 658 576 Ἠλίαν
681 524 774 577 καὶ
795 526 1046 598 Σαμουὴλ
1075 534 1169 584 καὶ
1218 533 1517 586 Ἐλισσαῖον
1547 534 1639 586 καὶ
1668 535 1792 596 τοὺς
1825 533 2034 596 ἄλλους.

1084 417 1454 474 ADVERSUS
1492 419 1835 476 IUERESES
1873 421 1999 476 Lm.
2040 421 2055 474 Ι

2160 418 2285 476 ῸΜ.
2329 418 2390 472 11.
2432 449 2501 457 -
2540 417 2813 473 IIZERES.
2855 417 3020 471 XXX.
3624 413 3728 469 438

2146 533 2389 603 gloriari.
2421 532 2498 586 Ad
2533 532 2647 586 haec
2673 532 2748 584 ita
2781 529 3114 599 respondent
3145 547 3157 582 :
3202 523 3316 581 Sibi
3361 526 3415 580 id
3445 541 3474 579 a
3507 526 3730 581 Christo

457 615 810 685 patefactum.
857 618 1000 690 Ergo
1057 623 1256 677 bonam
1303 625 1439 694 legis
1497 635 1706 694 partem
1747 627 2142 680 contumeliose
2175 625 2491 687 traducunt,
2517 633 2570 678 et
2635 624 2994 692 Sampsonem
3054 636 3118 675 ac
3180 618 3464 684 Davidem,
3532 620 3728 684 Eliatn,
3789 681 3800 690 .

461 706 698 761 Eliseum
736 722 1069 782 czeterosque
1104 726 1391 786 respuunt.

530 799 630 850 18'.
671 801 982 871 Ἐλέγχεται
1010 805 1064 858 δὲ
1093 809 1434 877 ’πανταχόθεν
1465 811 1492 861 ὁ
1524 809 1767 881 ἀγύρτης
1809 809 1914 862 ὑπὸ
1940 808 2033 860 τοῦ
2068 813 2107 867 Α

459 888 729 960 Σωτῆρος,
761 893 1058 968 διαρρήδην
1096 900 1189 951 καὶ
1226 900 1299 962 ὡς
1337 902 1394 952 ἐν
1438 901 1711 970 συντόμῳ,
1762 902 1871 954 ἀπὸ
1912 901 2041 970 μιᾶς

460 980 657 1046 λέξεως
697 984 759 1037 τὸ
799 987 908 1038 πᾶν
945 988 1108 1041 αὐτοῦ
1145 991 1457 1061 ἐλέγχοντος
1502 993 1601 1061 τῆς
1639 993 1922 1063 ἀπατηλῆς
1961 993 2040 1044 δι’·

457 1071 786 1140 δασκαλίας,
853 1079 946 1131 καὶ
1010 1080 1292 1148 λέγοντος·
1359 1079 1578 1136 Ἦλθεν
1648 1084 1919 1152 Ἰωάννης
1973 1086 2042 1136 ἑν

461 1162 578 1228 ὀδῷ
608 1164 720 1237 (55)
766 1167 1158 1240 δικαιοσύνης
1188 1175 1340 1242 μήτε
1366 1176 1604 1238 ἐσθίων,
1641 1175 1792 1244 μήτε
1829 1178 2038 1239 πίνων,

463 1256 560 1308 καὶ
591 1257 862 1325 λέγουσι,
910 1265 1223 1330 Δαιμόνιον
1245 1266 1392 1333 ἔχει.
1437 1262 1665 1319 ἾΙλΟεν
1701 1270 1733 1320 ό
1766 1266 1896 1331 Υἱὸς
1935 1267 2040 1318 τοῦ

463 1346 778 1414 ἀνθρώπου
804 1352 1024 1406 ἐσθίων
1059 1355 1155 1408 καὶ
1191 1357 1400 1408 πίνων.
1440 1359 1549 1410 Καὶ
1589 1359 1649 1410 οὑ
1692 1358 1930 1420 πάντως,
1960 1358 2042 1409 ὅτι

466 1437 566 1490 κᾶν
597 1440 657 1492 τὸ
686 1443 846 1512 τυχὸν
875 1445 974 1497 οὐκ
1004 1446 1186 1516 ἢσθιεν
1230 1451 1257 1501 6
1302 1449 1586 1520 Ἰωάννης,
1636 1451 1668 1520 ἢ
1717 1451 1826 1502 πᾶν
1859 1449 2040 1502 ὁτιοῦν

463 1530 652 1600 ἤσθιεν
682 1535 709 1585 6
745 1535 955 1606 Σωτὴρ,
992 1539 1078 1590 ἵνα
1110 1557 1194 1602 τις
1230 1541 1486 1594 ὑπολάϐοι
1520 1543 1611 1594 καὶ
1638 1545 1706 1594 τά
1731 1543 2042 1614 ἀπηγορευ-

467 1623 622 1691 μένα.
673 1625 733 1677 Ἡ
763 1627 950 1700 Γραφὴ
983 1629 1038 1682 δὲ
1069 1630 1168 1701 τὴν
1195 1631 1431 1702 ἕμςςασιν
1461 1633 1612 1704 δηλοῖ
1638 1634 1735 1705 τῆς
1765 1635 2038 1705 ἀληθείας,

463 1713 539 1777 ὼς
564 1716 625 1768 τὸ
654 1718 827 1786 φάγον
867 1721 1032 1774 αὐτὸν
1071 1717 1210 1776 εἶναι
1235 1725 1327 1776 καὶ
1356 1726 1640 1796 οἰνοπότην
1678 1727 1826 1780 οὐδὲν
1857 1727 2043 1798 ἕτερόν

464 1808 613 1862 ἐστιν
646 1810 678 1880 ἢ
714 1811 774 1863 τὸ
809 1813 825 1842 ¹
863 1813 1002 1884 κρέα
1048 1815 1250 1868 ἐσθίειν
1287 1817 1380 1870 καὶ
1413 1815 1552 1870 οἶνον
1584 1819 1788 1871 πίνειν·
1843 1821 1934 1872 καλ⁸
1959 1820 2038 1886 τὸ,

467 1900 542 1971 μὴ
580 1902 795 1967 ἐσθίων,
829 1907 964 1976 μήτε
998 1908 1188 1971 πίνων,
1217 1911 1297 1962 ὅτι
1328 1910 1505 1982 κρεῶν
1534 1913 1595 1964 οὐ
1629 1911 1920 1982 μετείληφε
1951 1913 2044 1964 καὶ

463 1991 627 2055 οἴνου,
675 1993 791 2046 ἀλλ’
824 1996 856 2065 ἢ
893 1997 1130 2068 ἀκρίδων
1169 2000 1344 2069 μόνων
1394 2003 1423 2054 6
1465 2002 1716 2069 Ἰωάννης
1752 2002 1844 2053 καὶ
1889 2001 2043 2069 μὲλι-

465 2097 558 2144 τος
593 2083 990 2155 μετελάμϐανε,
1039 2089 1197 2159 δῆλον
1247 2091 1320 2154 δὲ,
1372 2091 1447 2155 ὡς
1493 2093 1584 2145 καὶ
1615 2091 1822 2156 ὓδατος.
1860 2092 1956 2155 Τίς
1986 2093 2042 2145 δὲ

2208 802 2350 855 XIX.
2405 790 2509 855 Sed
2552 818 2579 854 a
2640 801 2860 854 Christo
2908 797 3140 851 Domino
3181 797 3400 866 penitus
3465 798 3732 867 impostor

2150 895 2237 948 ille
2269 893 2660 962 manilesteque
2693 892 2980 954 refellitur,
3012 891 3102 959 qui
3137 888 3484 957 depravatam
3513 905 3732 945 onmem
3789 932 3791 935 .

2148 987 2267 1054 ejus
2295 986 2600 1039 doctrinam
2631 983 2821 1053 paucis
2854 981 3035 1036 verbis
3065 979 3360 1049 redarguit.
3395 995 3520 1033 cum
3550 979 3622 1034 ita
3647 981 3731 1034 lo-

2148 1078 2373 1149 quitur:
2409 1076 2558 1129 Venit
2586 1074 2817 1128 Joannes
2864 1074 2918 1125 in
2965 1074 3049 1125 via
3092 1071 3324 1141 justitiw
3363 1088 3465 1124 non
3502 1071 3734 1123 mandu-

2150 1187 2297 1235 cans,
2348 1185 2507 1236 neque
2559 1168 2756 1230 bibens,
2795 1175 2843 1219 et
2910 1165 3113 1227 dicunt,
3165 1163 3500 1230 Dwmonium
3556 1163 3730 1219 habet.

2163 1262 2307 1316 Venit
2339 1259 2513 1313 Filius
2558 1261 2780 1313 hominis
2823 1257 3151 1311 manducans
3205 1265 3255 1311 et
3297 1255 3473 1309 bibens
3497 1259 3537 1310 ².
3575 1255 3734 1321 Quod

2150 1353 2375 1423 perinde
2406 1370 2513 1407 non
2552 1361 2634 1405 est
2667 1349 3044 1421 accipiendum
3095 1365 3158 1403 ac
3231 1349 3275 1402 si
3308 1347 3547 1402 Joannes
3586 1347 3736 1401 nulla

2150 1447 2373 1499 omnino
2402 1461 2479 1508 re,
2515 1445 2767 1498 Christus
2815 1444 3071 1497 omnibus
3111 1443 3441 1511 promiscue,
3489 1441 3734 1509 adeoque

2152 1539 2460 1607 prohibitis,
2488 1544 2819 1592 vesceretur.
2855 1534 2961 1589 Sed
3004 1534 3286 1603 Scriptura
3332 1534 3440 1586 vim
3481 1533 3732 1588 veritatis

2150 1630 2436 1701 expressit,
2462 1638 2540 1694 ut,
2572 1643 2679 1681 non
2699 1630 3036 1681 manducans
3053 1633 3106 1680 et
3125 1626 3335 1686 bibens,
3356 1625 3496 1680 idem
3520 1625 3591 1679 sit
3627 1639 3730 1678 ac:

2149 1721 2410 1776 Joannem
2447 1721 2706 1774 carnibus
2734 1720 2970 1787 vinoque
3004 1733 3110 1771 non
3141 1734 3322 1781 usum,
3365 1716 3501 1770 nihil
3536 1723 3735 1785 prmter

2152 1818 2394 1870 locustas
2421 1829 2483 1867 ac
2506 1813 2612 1866 mel
2641 1813 2840 1873 edisse,
2873 1818 2931 1863 ut
2953 1825 3148 1878 aquam
3176 1808 3391 1861 interim
3419 1808 3735 1862 adhibuisse

2150 1907 2424 1962 credatur.
2454 1905 2656 1974 Ecquis
2688 1903 2864 1957 nescit
2903 1900 3178 1956 Christum
3208 1901 3496 1954 Dominum
3528 1901 3735 1953 excita-

2152 2006 2265 2050 tum
2290 2011 2321 2049 a
2353 1995 2583 2048 mortuis
2614 1993 2955 2056 comedisse;
2988 1991 3446 2061 quemadmodum
3489 1990 3734 2044 veritatis

2153 2087 2440 2156 Evangelia
2491 2085 2808 2140 continent?
2843 2083 3091 2137 Oblatum
3144 2083 3191 2135 ei
3234 2099 3421 2152 panem
3464 2097 3525 2133 ac
3576 2082 3732 2148 piscis

463 2170 564 2222 οὐκ
592 2168 697 2225 οἶδε
743 2175 834 2226 τὸν
865 2178 1092 2248 Σωτῆρα
1124 2180 1432 2234 ἀναστάντα.
1479 2183 1542 2234 ὲκ
1582 2182 1790 2253 νεκρῶν
1819 2183 1912 2236 καὶ
1943 2200 2042 2251 φα-

2160 2181 2253 2233 ιδδὶ
2281 2179 2621 2249 particulam,
2654 2178 2716 2231 de
2733 2177 2920 2248 quibus
2955 2194 3072 2230 cum
3100 2177 3491 2240 manducasset,
3521 2185 3735 2244 aposto-

468 2259 664 2326 γόντα;
717 2263 968 2335 καθάπερ
1023 2266 1135 2336 ἕχει
1169 2267 1236 2320 τὰ
1270 2270 1400 2337 ἅγια
1444 2271 1752 2339 Εὑαγγέλια
1792 2272 1889 2341 τῆς
1918 2271 2051 2343 ἁλη-

465 2349 635 2414 θείας,
671 2352 752 2405 ὄτι
799 2356 1079 2424 Ἐπεδόθη
1115 2358 1275 2424 αὐτῷ
1310 2359 1488 2428 ἄρτος
1515 2361 1613 2417 καὶ
1649 2360 1832 2430 μέρος
1863 2363 2048 2416 ὀπτοῦ

467 2439 699 2507 ιχθύος·
727 2444 824 2498 καὶ
861 2446 1055 2500 λαϐὼν
1086 2448 1289 2518 ἔφαγε,
1334 2451 1431 2503 καὶ
1476 2451 1665 2504 ἔδωκε
1710 2452 1832 2517 τοῖς
1861 2457 2050 2521 μαθη-

465 2531 628 2596 ταῖς·
665 2534 742 2597 ὡς
781 2538 874 2589 καὶ
903 2539 996 2590 ἐπὶ
1033 2539 1132 2607 τῆς
1164 2541 1438 2612 θαλάσσης
1466 2544 1565 2612 τῆς
1609 2544 1922 2615 Τιϐεριάδος
1952 2563 2050 2597 πε·-

467 2625 687 2695 ποίηκε,
741 2629 835 2680 καὶ
884 2630 1093 2698 φαγὼν,
1152 2634 1244 2685 καὶ
1278 2633 1510 2697 διαδούς.
1563 2637 1670 2688 Καὶ
1711 2635 1883 2688 πολλὰ
1928 2636 2044 2688 ἔστι

467 2719 594 2788 περὶ
626 2718 814 2772 τούτου
850 2720 1051 2789 λέγειν.
1097 2726 1189 2774 Δεῖ
1221 2723 1277 2775 δέ
1321 2741 1387 2794 με
1418 2724 1560 2776 κατὰ
1605 2724 1910 2796 λεπτότητα
1963 2729 2042 2790 εἰς

2151 2274 2216 2327 lis
2251 2274 2359 2325 suis
2403 2272 2652 2340 reliquias
2686 2272 2937 2338 impertiit
2970 2271 3009 2322 ³.
3039 2269 3094 2322 Id
3133 2268 3276 2337 quod
3311 2268 3379 2322 ad
3423 2266 3734 2321 Tiberiadis

2153 2383 2302 2421 mare
2325 2366 2471 2430 fecit,
2512 2366 2648 2427 edit,
2685 2365 2928 2433 inquam,
2953 2379 3016 2417 ac
3040 2363 3320 2418 distribuit
3351 2353 3550 2426 ‘QQua
3586 2361 3652 2414 de
3678 2375 3735 2413 re

2152 2457 2384 2525 plurima
2428 2455 2655 2510 dicenda
2692 2455 2850 2508 nobis
2891 2466 3209 2508 occurrunt.
3252 2453 3358 2507 Sed
3402 2451 3467 2506 ad
3515 2450 3735 2520 putidus

2151 2548 2273 2601 illos
2305 2546 2684 2614 absurdosque
2707 2560 3010 2606 sermones,
3043 2545 3134 2612 qui
3170 2545 3238 2599 ab
3271 2544 3403 2612 ipsis
3431 2543 3735 2597 inStituun-

2151 2646 2260 2702 tur,
2282 2637 2597 2708 singillatim
2632 2635 2958 2691 refellendos
3009 2646 3174 2706 atque
3194 2634 3520 2691 evertendas
3547 2642 3734 2688 trans-

2151 2731 2371 2785 ferenda
2408 2731 2565 2784 nobis
2605 2737 2688 2783 est
2721 2731 2914 2783 oratio.

465 2810 557 2863 τὸν
587 2813 790 2867 τούτων
847 2816 952 2868 τῶν
982 2818 1240 2888 ῥημάτων
1274 2817 1382 2872 τῶν
1420 2818 1601 2872 ἑώλων
1663 2838 1723 2872 τε
1757 2822 1849 2874 καὶ
1885 2822 2100 2893 σαθρῶν
2142 2829 2271 2898 παρ’
2310 2828 2494 2889 αὐτοῖς
2528 2825 2946 2898 κηρυττομένων
2992 2826 3148 2894 ήκειν
3203 2825 3443 2895 ἔλεγχον,
3497 2824 3590 2877 καὶ
3633 2823 3733 2892 τὴν

465 2901 646 2955 αὐτῶν
682 2904 952 2958 ποιεῖσθαι
983 2908 1316 2979 ἀνατροπὴν.

536 3001 620 3052 Κ’.
666 3001 772 3053 Καὶ
804 3002 1020 3072 πρῶτον
1079 3005 1352 3076 μὲνπερὶ
1405 3005 1497 3058 τοῦ
1549 3007 1809 3078 Χριστοῦ,
1855 3009 1936 3061 ὅτι
1988 3008 2048 3059 οὐ

466 3090 617 3159 ψιλὸς
647 3089 934 3162 ἅνθρωπος
971 3095 1180 3164 ῥητέον.
1217 3097 1288 3148 Οὐ
1318 3095 1540 3149 δύναται
1571 3097 1679 3169 γὰρ
1708 3101 1736 3152 6
1773 3099 2053 3170 γεννηθεὶς

471 3180 614 3233 κατὰ
647 3180 823 3234 πάντα
871 3183 1157 3254 ἄνθρωπος
1187 3186 1414 3256 σημείου
1445 3189 1606 3240 ἕνεκα
1637 3188 1715 3258 τῷ
1752 3191 1941 3261 κόσμῳ
1969 3191 2055 3243 δο-

469 3269 758 3340 θήσεσθαι·
819 3271 894 3334 ὠς
955 3275 1085 3344 περὶ
1149 3273 1314 3326 αὐτοῦ
1373 3275 1731 3346 προεθέσπιζε
1789 3279 1850 3330 τὸ
1901 3277 2055 3345 ἅγιον

472 3361 738 3430 Πνεῦμα,
792 3362 881 3414 ὅτε
929 3363 1005 3432 τῷ
1067 3363 1230 3433 Ἀχάζ
1274 3364 1485 3432 ἔλεγεν·
1521 3365 1772 3432 Αἵτησαι
1825 3367 2058 3431 σεαυτῷ

471 3453 743 3521 σημεῖον.
806 3453 1067 3509 Κάκείνου
1111 3456 1184 3526 μὴ
1239 3459 1583 3528 αἰτήσαντος,
1636 3459 1760 3511 τότε
1810 3459 1974 3530 φησὶν
2027 3460 2055 3510 ὁ

477 3546 794 3615 προφήτης·
845 3545 1039 3612 Αὐτὸς
1088 3548 1302 3614 Κύριος
1351 3546 1529 3601 δώσει
1579 3547 1721 3616 ὑμῖν
1784 3547 2054 3616 σημεῖον·

487 3633 643 3689 Ἰδοὺ
694 3637 732 3702 ἡ
793 3635 1090 3703 παρθένος
1139 3637 1208 3689 ἐν
1241 3638 1451 3705 γαστρὶ
1497 3637 1639 3701 ἕξει.
1683 3639 1959 3708 Παρθένος
2001 3639 2058 3691 δὲ

472 3725 538 3777 οὐ
574 3724 820 3778 καλεῖται
855 3724 965 3795 (54)
997 3727 1029 3794 ἡ
1065 3725 1392 3794 συναφθεῖσα
1419 3727 1592 3797 ἀνδρὶ,
1623 3727 1716 3780 καὶ
1750 3727 2060 3798 γαμηθεῖσα

431 3891 436 3897 Ι
473 3820 640 3889 γυνή·
680 3818 946 3889 παρθένος
975 3819 1030 3871 δὲ
1055 3819 1237 3892 ἐκείνη
1268 3819 1473 3891 κυρίως
1514 3820 1710 3890 λέγοιτ’
1745 3822 1810 3874 ἂν
1850 3824 1882 3891 ἡ
1930 3822 2058 3875 ἄνευ

476 3910 666 3981 ἀνδρὸς
698 3911 796 3979 τὴν
843 3911 1101 3982 σύλληψιν
1133 3916 1226 3966 τοῦ
1260 3911 1392 3966 Θεοῦ
1420 3913 1596 3980 Λόγου
1633 3913 1776 3965 κατὰ
1804 3912 2060 3983 ἀλήθειαν

477 4004 744 4072 ἐσχηκυῖα
765 4021 776 4032 ·
811 4003 885 4066 ὡς
915 4007 1010 4057 καὶ
1038 4007 1199 4068 αὐτὸς
1239 4007 1468 4069 Ἡσαΐας
1504 4007 1615 4077 (55)
1648 4009 1705 4059 ἐν
1734 4005 1878 4074 ἄλλῳ
1911 4008 2061 4076 τόπῳ

479 4097 642 4166 φησί·
673 4098 844 4166 Φωνὴ
886 4099 1152 4166 κραυγῆς
1177 4100 1246 4152 ἐκ
1280 4103 1534 4167 πόλεως,
1567 4099 1736 4169 φωνὴ
1785 4100 1852 4153 ἐκ
1886 4100 2059 4162 ναοῦ,

478 4190 647 4259 φωνὴ
713 4193 937 4259 Κυρίου
1009 4193 1500 4259 ἀνταποδόσεως,
1555 4191 2065 4256 ἀνταποδιδόντος

427 4275 435 4284 ’
477 4283 603 4348 τοῖς
653 4284 1103 4353 ἀντικειμένοις.
1151 4286 1298 4354 Πρὶν
1348 4285 1385 4352 ἣ
1428 4287 1543 4352 τὴν
1589 4285 1932 4337 ὠδίνουσαν
1971 4301 2065 4336 τε·-

480 4374 629 4438 κεῖν,
659 4376 801 4442 πρὶν
845 4375 884 4444 ἢ
915 4376 1113 4430 ἐλθεῖν
1150 4378 1256 4430 τὸν
1288 4379 1479 4431 πόνον
1519 4376 1636 4430 τῶν
1678 4377 1925 4440 ὠδίνων,
1969 4376 2066 4440 ἐξ·

479 4465 686 4535 egure,
739 4468 840 4520 καὶ
876 4469 1081 4522 ἔτεκεν
1104 4471 1310 4538 ἄρσεν.
1367 4472 1460 4535 Τίς
1501 4471 1732 4538 ἢκουσε
1761 4469 2067 4533 τοιοῦτον;

482 4557 521 4624 ἢ
556 4559 647 4623 τίς
678 4558 899 4626 ἑώρακε
929 4560 1204 4624 toruum;
1236 4565 1304 4614 El
1327 4561 1502 4614 ὢδινε
1528 4561 1601 4630 γῆ
1627 4563 1694 4615 ἑν
1714 4560 1822 4631 μιᾷ
1858 4563 2066 4630 ἡμέρᾳ,

485 4651 582 4703 καὶ
615 4651 817 4704 ἔτεκεν
849 4652 1024 4717 ἔθνος
1055 4657 1140 4715 εὶς
1174 4653 1372 4716 ἂπαξ;
1423 4653 1509 4706 ὅτι
1543 4653 1714 4708 ὥδινε
1763 4655 1861 4708 καὶ
1904 4655 2070 4707 ἔτεκε

487 4740 639 4793 Σιὼν
668 4743 739 4795 τὰ
764 4743 970 4796 παιδία
991 4744 1198 4812 αὐτῆς.
1250 4745 1394 4814 Ἐγὼ
1426 4746 1494 4798 δὲ
1522 4745 1713 4800 ἔδωκα
1741 4747 1858 4815 τὴν
1888 4759 2072 4815 προσ-

2231 3005 2348 3058 ΧΧ.
2376 3005 2454 3059 Ac
2499 3005 2734 3074 primum
2766 3003 2832 3058 de
2867 3003 3108 3065 Christo,
3154 3018 3264 3056 non
3312 3019 3522 3058 merum
3568 3005 3730 3060 homi-

2161 3113 2285 3151 nem
2320 3112 2442 3150 esse
2490 3094 3010 3149 demonstrabimus.
3042 3092 3228 3163 Neque
3272 3095 3415 3146 enim
3464 3094 3556 3164 qui
3605 3082 3749 3148 nihil

2161 3188 2384 3242 omnino
2419 3187 2491 3241 sit
2531 3193 2728 3254 praeter
2769 3185 3068 3249 hominem,
3105 3184 3242 3254 signi
3280 3185 3452 3239 instar
3495 3186 3742 3242 exhiberi

2163 3279 2366 3334 mundo
2421 3285 2638 3347 potest:
2684 3276 2829 3346 quod
2865 3276 3104 3346 Spiritus
3153 3284 3377 3332 sanctus
3416 3277 3481 3331 de
3523 3276 3744 3333 Christe

2166 3371 2433 3443 praedixit,
2475 3385 2596 3423 cum
2654 3369 2726 3421 ita
2767 3370 2983 3423 Achazo
3036 3368 3253 3422 locutus
3299 3375 3428 3422 est:
3476 3368 3599 3422 Pete
3650 3369 3744 3421 tibi

2163 3465 2392 3532 signum.
2429 3461 2524 3514 illo
2550 3475 2676 3513 vero
2711 3469 2892 3528 petere
2922 3459 3279 3520 detrectante,
3320 3460 3582 3528 propheta
3611 3461 3744 3514 sub-

2156 3555 2289 3624 jecit
2315 3574 2328 3609 :
2362 3551 2480 3622 Ipse
2511 3552 2770 3606 Dominus
2801 3551 2950 3604 dabit
2979 3551 3118 3604 vobis
3155 3553 3363 3621 signum
3391 3568 3406 3604 :
3437 3550 3573 3606 Ecce
3599 3555 3744 3622 virgo

2161 3647 2414 3712 concipiet
2448 3645 2489 3698 ⁵.
2522 3643 2763 3714 Virginis
2814 3657 2978 3712 porro
3024 3644 3242 3696 nomine
3290 3659 3399 3697 non
3434 3659 3498 3698 ea
3548 3645 3745 3699 mulier

2164 3737 2506 3809 signiﬁcatur
2557 3751 2679 3806 qua:
2729 3735 2999 3805 nupserit,
3052 3744 3106 3788 et
3140 3749 3262 3788 cum
3293 3735 3410 3789 viro
3454 3736 3745 3804 conjuncta

2165 3833 2256 3894 sit,
2292 3831 2387 3885 sed
2413 3845 2474 3883 ea
2504 3829 2722 3882 demum
2756 3827 2973 3896 proprie
3010 3825 3412 3895 virgodicitur,
3449 3841 3568 3894 qua:
3601 3825 3744 3880 divi-

2165 3935 2295 3975 num
2325 3918 2562 3973 Verbum
2598 3919 2652 3970 in
2690 3932 2748 3971 se
2788 3916 2995 3984 absque
3044 3917 3153 3969 ullo
3187 3917 3282 3967 viri
3317 3916 3603 3984 complexu
3651 3931 3746 3984 ge-

2165 4011 2364 4067 nuerit.
2400 4005 2865 4075 Quemadmodum
2905 4004 3063 4076 144.
3094 4004 3264 4059 Isaias
3286 4005 3390 4058 alio
3420 4009 3474 4058 in
3505 4005 3624 4058 loco
3668 4017 3747 4059 te-

2167 4115 2340 4162 statur
2371 4123 2384 4155 :
2423 4102 2532 4154 Vua:
2560 4102 2578 4130 “
2610 4099 2860 4152 clamoris
2901 4113 2963 4150 ea:
3014 4095 3160 4158 urbe,
3197 4111 3292 4150 vox
3332 4113 3358 4149 ο
3405 4095 3616 4164 templo,
3649 4112 3747 4150 vos:

2170 4195 2381 4249 Domini
2425 4191 2819 4248 retributionis,
2873 4187 3210 4239 retribuentis
3274 4187 3520 4241 inimicis.
3584 4188 3748 4240 Ante-

2167 4302 2324 4356 quam
2377 4283 2676 4351 parturiens
2719 4288 2964 4347 pareret;
3029 4287 3311 4345 antequam
3355 4279 3548 4331 veniret
3593 4277 3747 4331 dolor

2168 4385 2372 4445 partus,
2433 4374 2631 4441 effugit,
2665 4381 2713 4424 et
2766 4370 2958 4437 peperit
3004 4369 3317 4421 masculum.
3372 4369 3503 4432 Quis
3549 4370 3749 4422 audivit

2170 4483 2400 4536 unquam
2425 4465 2568 4517 tale?
2597 4477 2644 4516 et
2673 4462 2787 4532 quis
2816 4460 2941 4514 vidit
2959 4459 3078 4512 huic
3101 4461 3313 4516 simile?
3346 4459 3599 4531 Nunquid
3627 4479 3747 4532 par-

2174 4559 2320 4612 turiit
2348 4567 2490 4610 terra
2530 4555 2613 4607 die
2646 4571 2750 4606 una
2778 4570 2794 4607 :
2821 4564 2868 4606 et
2912 4551 3106 4622 peperit
3143 4565 3344 4622 gentem
3380 4555 3581 4610 simul?
3625 4557 3749 4625 quia

2173 4648 2455 4718 parturivit
2494 4655 2542 4698 et
2589 4647 2784 4714 peperit
2817 4643 2947 4698 Sion
2979 4645 3120 4712 ﬁlios
3151 4659 3291 4697 suos.
3327 4643 3437 4712 Ego
3479 4661 3594 4698 vero
3627 4645 3749 4698 dedi

2177 4742 2310 4796 hanc
2333 4740 2792 4809 exspectationem,
2821 4746 2869 4790 et
2893 4755 2995 4790 non
3028 4737 3287 4790 recordati
3317 4747 3458 4800 sunt,
3490 4737 3616 4789 dicit
3641 4737 3750 4790 Do-

485 4831 698 4885 δοκίαν
728 4835 973 4902 ταύτην,
1016 4837 1113 4889 καὶ
1146 4839 1257 4890 οὐκ
1307 4838 1725 4905 ἐμνήσθησαν,
1755 4839 1916 4908 λέγει
1946 4840 2055 4892 Κύ-

2171 4837 2364 4889 minus.
2393 4833 2652 4898 Quaenam
2702 4832 2868 4901 igitur
2909 4845 2972 4885 ea
3000 4838 3084 4885 est
3115 4830 3488 4898 exspectatio?
3525 4830 3747 4899 quinam

566 4988 704 5060 fro.
737 4988 922 5058 κρέας.
1001 4995 1020 5024 ι
1051 4993 1339 5060 Mattb.x1,
1374 4994 1553 5057 18,19.

491 5057 643 5110 6-10.

564 5211 678 5283 (53)
717 5207 933 5265 Ἦλθεν
973 5213 1246 5280 Ἰωάννης
1298 5214 1366 5264 ἐν
1418 5212 1554 5276 ὀδῷ.
1599 5211 1723 5266 Haec
1788 5213 1950 5267 verba
2009 5215 2066 5265 ὲν

497 5282 603 5351 ὁδῳ
630 5283 991 5352 δικαιοσύνης,
1030 5286 1110 5336 vel
1155 5285 1224 5338 ab
1267 5283 1570 5352 Epiphanio
1620 5287 1844 5349 inserta,
1874 5284 1959 5337 vel
2002 5284 2060 5336 li-

500 5352 805 5406 brariorum
838 5356 966 5406 vitio
994 5354 1200 5407 intrusa
1230 5363 1376 5407 sunt.

576 5425 686 5494 ('54)
725 5423 1024 5491 Παρθένος
1046 5423 1113 5494 ᾷὲ
1134 5425 1204 5476 οὺ
1227 5421 1689 5494 καλεῖταιενίὀο
1706 5422 1928 5494 omnino
1951 5438 2070 5491 quae

503 5492 714 5550 erudite
761 5495 825 5546 ad
874 5496 1023 5546 illum
1070 5492 1220 5547 Isaia:
1270 5494 1449 5545 locum
1501 5493 1720 5546 disserit
1751 5493 1971 5547 llieron.
2004 5495 2070 5546 de

505 5593 638 5632 voce
667 5559 913 5638 nubant:
942 5591 1048 5642 qua
1076 5574 1399 5628 calumniari
1428 5572 1598 5627 Judzei
1647 5574 1841 5628 solent.
1877 5571 1980 5626 Sed
2017 5582 2070 5627 et

506 5647 741 5700 Basilius
775 5647 841 5698 ad
876 5662 944 5698 vn
981 5644 1081 5698 Isa.
1116 5644 1310 5698 eodem
1339 5654 1652 5713 argumento
1687 5643 1948 5696 adversus
1973 5642 2071 5696 Ju-

506 5718 651 5770 daeos
689 5718 872 5778 utitur,
907 5731 1015 5784 quo
1063 5714 1399 5784 Epiphanius
1445 5713 1724 5766 Ebionitas
1770 5713 2068 5782 redarguit.

507 5786 687 5863 Quod,
724 5789 824 5839 nisi
858 5787 1156 5854 parituram
1189 5785 1741 5863 virgincmuproplieta
1775 5784 2075 5863 signiticas-

508 5867 611 5922 set,
647 5858 848 5911 frustra
879 5863 1134 5924 tanquam
1183 5855 1394 5923 signum
1452 5853 1579 5908 illud
1633 5853 1810 5923 ipsum
1835 5853 1945 5924 regi
1980 5853 2073 5907 dc—

1633 4999 1652 5028 ³
1676 4997 1810 5051 Luc.
1839 5011 1986 5053 xxxv,
2019 4997 2106 5049 42.

2185 4997 2205 5024 ⁵
2233 4991 2392 5046 Joan.
2415 4988 2576 5054 “1,!
2605 5005 2722 5058 sqq.
2803 4991 2822 5020 ⁵
2853 4987 2950 5041 lsa.
2989 5004 3084 5053 vn,
3111 4988 3176 5042 lO
3206 5003 3326 5056 sqq.
3407 4987 3426 5015 θ
3459 4983 3562 5038 lsa.
3601 5001 3743 5053 var,

2175 5215 2504 5272 nuntiasset.

2249 5286 2359 5356 (55)
2411 5286 2505 5350 Ὠς
2542 5287 2638 5338 καὶ
2660 5286 2840 5356 apter;
2875 5285 3131 5349 Ἡσαΐας.
3168 5282 3328 5356 llunc
3364 5281 3516 5336 Isaiae
3546 5283 3744 5349 locum,

2177 5354 2336 5424 quem
2364 5356 2430 5409 de
2459 5356 2660 5409 Christi
2695 5354 2904 5408 Domini
2940 5354 3310 5424 generatione.
3342 5367 3407 5406 ac
3459 5368 3748 5424 sacrosan-

2178 5422 2277 5479 ctae
2329 5423 2569 5492 Virginis
2618 5433 2771 5493 partu
2822 5425 3070 5492 intelligit
3129 5423 3506 5493 Epiphanius,
3542 5422 3748 5493 Patres

2179 5510 2368 5549 omnes
2421 5495 2485 5546 ad
2535 5492 2835 5562 spiritalem
2887 5495 3144 5548 Ecclesia:
3175 5492 3416 5562 ﬁpartum
3471 5492 3750 5560 referunt;

2181 5582 2300 5633 quae
2331 5567 2448 5618 sine
2483 5565 2592 5618 ullo
2623 5566 2827 5625 dolore,
2861 5579 2997 5632 pene
3029 5574 3302 5617 momento
3335 5563 3577 5618 infinitos
3601 5562 3733 5617 Cbri

2181 5643 2267 5688 sto
2298 5635 2434 5688 lilios
2473 5635 2697 5703 peperit,
2731 5639 2980 5702 paritque
3008 5635 3271 5703 quotidie.
3300 5634 3376 5686 Ita
3404 5633 3464 5685 ἱ).
3498 5633 3750 5694 Hieron..

2182 5703 2579 5764 'l‘heodoretus,
2609 5704 2863 5775 Cyrillus,
2897 5703 3094 5760 Euseb.
3122 5705 3212 5760 lib.
3248 5731 3266 5760 tt
3301 5703 3505 5759 Eccles.
3537 5704 3752 5771 histor.,

2182 5790 2301 5845 cap.
2332 5776 2382 5841 4,
2416 5776 2612 5845 aliique
2646 5775 2974 5845 complures.
