4170 6372
430 254 535 309 £59

1854 272 1912 326 S.
1954 271 2295 326 EPIPHANII

3594 276 3700 333 6ιῦ

434 375 483 427 hi
519 374 635 439 lilii,
666 374 770 430 nisi
811 378 956 447 quod
989 381 1125 435 citra
1175 386 1513 453 parturiendi
1561 386 1801 441 laborem
1847 387 2011 460 Virgo

2136 408 2260 455 nec.
2296 390 2431 445 Ποία
2457 391 2511 445 δὲ
2550 391 2867 463 προσδοκία,
2898 392 2992 444 xui
3032 393 3160 445 ποῖα
3189 390 3395 455 παιδία,
3423 391 3536 444 ἀλλ’
3574 393 3606 464 ἦ
3637 391 3700 445 τὸ

434 468 724 536 pepererit,
757 472 901 539 quod
955 488 1226 543 nusquam
1260 486 1417 532 antea
1463 479 1805 551 contigerat?
1835 483 2012 552 quod-

432 559 603 627 queis
630 556 719 630 qui
754 561 901 618 illius
930 575 1013 619 est
1037 581 1203 621 causa
1234 570 1554 637 productus,
1578 571 1818 627 Joannes
1840 592 1902 629 ex
1932 576 2015 629 di-

436 650 559 703 vina
620 653 989 720 promissione
1027 656 1343 713 Elizahetha
1395 671 1693 732 prognatus
1742 664 1833 727 sit.
1888 666 2015 721 licet

435 741 587 794 illum
613 753 902 814 antequam
928 760 1145 816 pareret
1177 762 1350 803 mater
1380 752 1737 821 parturierit?
1768 753 2015 819 Quanam

434 848 565 901 ergo
590 832 765 889 fronte
791 837 996 890 nudum
1032 840 1305 895 hominem
1346 842 1516 898 fuisse
1547 843 1883 900 Salvatorem
1916 863 2017 900 au-

437 923 570 978 dent
600 930 882 983 asserere?
910 931 1056 999 quod
1097 933 1142 987 si
1175 950 1362 989 verum
1403 944 1571 1000 esset,
1618 953 1798 992 nonne
1827 940 2017 1008 cogni—

442 1016 589 1070 tione
616 1022 1004 1089 comprehendi
1036 1034 1240 1092 posset,
1281 1038 1474 1081 contra
1501 1044 1662 1098 quam
1695 1030 1763 1085 de
1796 1046 1860 1085 eo
1894 1030 2021 1086 Ilie-

441 1110 640 1164 remias
677 1116 938 1167 testetur?
962 1114 1155 1181 Ilomo,
1182 1119 1378 1188 inquit,
1405 1130 1502 1185 est,
1532 1131 1581 1175 et
1610 1124 1725 1192 quis
1750 1132 2020 1193 cognoscet

440 1200 606 1267 ipsum
642 1201 657 1231 ¹
680 1202 931 1259 ?Etcnim
963 1207 1030 1260 de
1059 1223 1123 1261 eo
1148 1209 1377 1278 loquens
1401 1213 1665 1281 propheta
1698 1213 1843 1267 istud
1868 1229 2023 1267 usur-

442 1301 533 1361 pat
561 1312 573 1347 :
611 1294 740 1360 Quis
773 1310 1045 1367 cognoscet
1068 1303 1276 1368 ipsum?
1312 1302 1475 1373 Atqui
1517 1305 1815 1374 simplicem
1844 1306 1888 1361 si
1920 1306 2020 1359 ho-

442 1390 642 1441 minem
693 1388 978 1460 intelligat,
1010 1394 1236 1447 omnino
1280 1396 1365 1448 vel
1395 1411 1516 1449 eum
1560 1404 1714 1465 pater
1758 1396 1895 1467 ipse,
1938 1397 2023 1451 vel

444 1487 641 1544 mater,
671 1485 998 1552 cognatique
1026 1499 1241 1550 omnes,
1279 1502 1342 1541 ac
1376 1488 1561 1555 vicini,
1587 1497 1700 1543 tum
1732 1491 2025 1545 contuber-

442 1574 594 1627 nales
629 1589 692 1627 ac
720 1577 867 1631 cives
899 1589 1314 1649 cognoscerent.

512 1665 629 1719 Jam
668 1682 798 1721 vero
831 1674 1089 1738 quoniam
1128 1672 1202 1725 ita
1250 1671 1432 1727 Maria;
1465 1673 1555 1728 ille
1606 1674 1744 1730 fetus
1790 1676 2022 1739 exstitit,

2117 481 2393 552 Παρθένον
2424 484 2682 553 γεννῆσαι
2722 484 2849 537 ἄνευ
2894 483 3117 545 ὠδίνων,
3164 483 3300 554 ὅπερ
3347 483 3581 553 οὐδαμοῦ
3611 500 3703 550 γε-

2117 575 2376 642 γένηται;
2415 573 2509 626 xui
2539 573 2600 625 τὸ
2628 572 2719 625 τὸν
2758 573 2825 625 δι’
2865 572 3027 625 αὑτὸν
3073 571 3183 624 ἀπὸ
3229 571 3511 624 Ἐλισάόετ
3560 570 3703 623 κατά

2118 664 2454 734 ἐπαγγελίαν
2531 664 2862 735 γεννηθέντα
2928 664 3179 732 Ἰωάννην
3239 663 3437 727 παῖδα,
3500 664 3549 715 εξ
3610 665 3701 716 xui

2133 757 2385 828 Ἰωάννης
2424 756 2491 809 δι’
2526 757 2731 809 ὠδίνων
2763 755 3119 825 γεγέννηται;
3160 754 3286 818 Πῶς
3326 751 3419 808 οὖν
3465 750 3607 808 οὗτοι
3639 756 3702 806 ὲκ

2123 849 2437 920 σπέρματος
2480 848 2632 918 ψιλὸν
2678 848 2963 920 ἄνθρωπον
2997 846 3271 918 ὁρίζονται
3302 847 3395 899 τὸν
3430 847 3698 917 Σωτῆρα;

2122 942 2240 1005 πῶς
2277 942 2333 995 δὲ
2365 943 2425 994 οὐ
2471 941 2865 1011 γνωσθήσεται,
2894 940 2970 1002 ὡς
2998 941 3091 993 xui
3141 938 3411 1010 Ἱερεμίας
3445 941 3572 1010 περὶ
3604 938 3703 991 αὐ-

2120 1034 2214 1087 τοῦ
2246 1034 2356 1104 (56)
2390 1050 2574 1104 φησιν,
2609 1034 2690 1087 ὅτι
2736 1035 3077 1101 Ἀνθρωπος
3117 1034 3269 1099 ἐστι,
3302 1032 3400 1086 καὶ
3429 1034 3522 1099 τίς
3558 1031 3706 1103 γνώ-

2122 1142 2291 1179 σεται
2329 1127 2552 1191 αὐτόν;
2605 1127 2973 1199 Διηγούμενος
3007 1128 3115 1198 γὰρ
3168 1126 3197 1178 6
3249 1126 3534 1197 προφήτης
3576 1126 3705 1197 περὶ

2123 1218 2289 1271 αὑτοῦ
2324 1217 2507 1287 ἔλεγε·
2547 1220 2642 1284 Τίς
2687 1219 2974 1289 γνώσεται
3019 1220 3238 1283 αὐτόν;
3277 1219 3339 1270 Εἰ
3364 1218 3419 1270 δὲ
3460 1219 3588 1289 περὶ
3614 1218 3704 1287 ψι-

2124 1310 2215 1363 λοῦ
2250 1310 2434 1379 ἔλεγεν
2476 1309 2788 1381 ἀνθρώπου,
2818 1311 3033 1374 πάντως
3080 1309 3147 1364 ἂν
3181 1311 3273 1363 καὶ
3317 1313 3345 1363 ὁ
3380 1309 3562 1381 πατὴρ
3606 1309 3706 1362 αὑ-

2124 1403 2213 1456 τὸν
2247 1403 2532 1470 ἐγίνωσκε,
2565 1404 2657 1456 xui
2686 1404 2718 1471 ἡ
2766 1405 2969 1475 μήτηρ,
3002 1406 3285 1472 συγγενεῖς
3316 1420 3375 1456 τε
3404 1403 3498 1455 xui
3531 1401 3707 1471 γείτο-

2125 1511 2234 1559 νες,
2275 1494 2532 1564 σύσκηνοί
2562 1512 2619 1547 τε
2652 1494 2746 1548 καὶ
2775 1494 3119 1565 συμπολῖται.

2213 1673 2349 1727 Ἀλλ’
2393 1674 2583 1744 ἐπειδὴ
2626 1673 2691 1726 ὲκ
2745 1672 2965 1743 Μαρίας
3021 1671 3119 1742 μέν
3169 1672 3287 1723 ἐστι
3329 1668 3391 1721 τὸ
3442 1668 3708 1738 γέννημα,

444 1759 584 1813 idem
624 1768 683 1814 ut
707 1759 801 1815 Dei
830 1760 1069 1819 Verbum
1097 1780 1126 1819 e
1156 1766 1294 1819 caelo
1330 1767 1594 1835 prodierit
1624 1786 1635 1820 :
1673 1784 1850 1835 neque
1879 1768 2023 1822 virili

2136 1767 2336 1822 Ξνωθεν
2367 1767 2423 1820 δὲ
2454 1763 2616 1837 ἦλθεν
2655 1768 2683 1819 6
2724 1766 2857 1827 Θεὸς
2888 1765 3082 1833 Λόγος,
3112 1765 3213 1817 οὐκ
3240 1763 3348 1815 ἀπὸ
3401 1762 3712 1832 σπέρματος

443 1851 510 1905 de
537 1853 764 1915 semine,
807 1854 903 1909 sed
939 1856 1149 1910 cmlesti
1184 1864 1337 1926 patre
1365 1858 1606 1924 genitus,
1636 1860 1756 1914 sine
1784 1868 2026 1931 tempore

446 1944 712 2014 initioque
747 1948 878 2011 ullo,
920 1950 1212 2017 postremis
1246 1951 1584 2019 temporibus
1614 1951 1667 2005 in
1701 1959 1914 2005 uterum
1945 1953 2027 2006 in-

446 2039 668 2093 sinuare
702 2056 760 2095 se
790 2038 1049 2111 Virginis,
1084 2042 1480 2112 formatamque
1505 2060 1570 2099 ex
1601 2060 1667 2098 ea
1692 2059 1911 2099 carnem
1954 2046 2029 2098 in-

445 2130 613 2187 duere
644 2132 854 2187 voluit;
894 2143 1203 2204 propterea,
1240 2135 1414 2191 Homo
1441 2138 1651 2206 quidem
1673 2147 1770 2201 est,
1808 2139 1903 2203 ait,
1938 2138 2029 2192 sed

443 2224 560 2292 quis
608 2234 877 2293 cognoscet
914 2226 1124 2292 ipsum?
1152 2229 1591 2299 quandoquidem
1638 2230 1779 2285 Deus
1810 2247 1839 2285 c
1888 2234 2030 2286 C(Blo

444 2312 750 2377 descendit,
806 2315 1040 2386 unigena
1070 2315 1261 2379 Filius,
1312 2334 1375 2371 ac
1428 2318 1570 2374 Deus
1616 2317 1878 2374 Verbum.
1924 2318 2030 2374 Sed

445 2402 785 2458 incredibilis
810 2405 1059 2474 qua>dam
1087 2415 1170 2461 est
1199 2408 1570 2463 aberrantium
1594 2424 1625 2463 a
1649 2411 1877 2465 veritate
1899 2411 2034 2465 isto-

448 2511 569 2551 rum
621 2496 937 2561 infelicitas,
994 2500 1087 2568 qui
1142 2500 1555 2569 prophetarum,
1602 2502 2034 2573 angelorumque

450 2590 780 2644 testimoniis
806 2589 1011 2645 relictis
1051 2591 1114 2644 ad
1142 2591 1458 2645 hazreticum
1483 2591 1744 2648 Ebionem
1788 2594 2036 2649 adhaere-

449 2697 605 2737 scere
629 2682 962 2746 maluerunt,
993 2683 1084 2752 qui
1121 2698 1187 2738 ex
1222 2684 1389 2738 animi
1438 2685 1523 2741 sui
1552 2685 1777 2741 libidine
1805 2685 2034 2741 Judaica

448 2776 703 2831 instituta
735 2778 1053 2845 complexus
1084 2793 1206 2832 sese
1240 2785 1419 2832 tamen
1458 2793 1488 2832 a
1520 2776 1723 2835 Judaeis
1752 2780 2034 2833 abaliena-

451 2867 545 2921 vit.
581 2866 793 2935 Quippe
824 2865 1042 2921 Gabriel
1073 2882 1196 2921 cum
1247 2870 1501 2921 nuntium
1543 2883 1701 2923 suum
1737 2868 1805 2922 ad
1853 2866 2037 2937 Virgi-

452 2975 571 3014 nem
596 2959 881 3027 perferret,
907 2970 1232 3013 occurrente
1270 2960 1361 3012 illa
1397 2978 1409 3013 :
1442 2959 1717 3024 Quomodo
1748 2961 1837 3029 ﬁet
1868 2959 2033 3024 istud,

448 3053 697 3120 quoniam
728 3050 895 3103 virum
924 3066 1024 3102 non
1054 3065 1304 3118 cognosco
1330 3052 1355 3104 ?
1380 3064 1489 3119 quo
1524 3049 1806 3105 securitati
1837 3064 2037 3104 consu-

451 3144 585 3197 leret
624 3142 824 3211 adjecit
858 3161 871 3196 :
910 3141 1144 3211 Spiritus
1186 3141 1401 3195 Domini
1435 3145 1755 3210 superveniet
1797 3144 1851 3196 in
1885 3153 1952 3207 te,
1986 3153 2034 3197 et

450 3238 617 3289 uirtus
652 3235 921 3287 Altissimi
958 3232 1289 3286 obumbrabit
1328 3244 1375 3287 te
1407 3251 1423 3286 :
1452 3233 1668 3305 ideoque
1699 3244 1749 3288 et
1772 3235 1909 3304 quod
1942 3253 2038 3289 na-

454 3337 628 3381 scetur
674 3343 738 3379 ea:
772 3336 819 3380 te
856 3334 1117 3388 sanctum,
1171 3327 1445 3379 vocabitur
1485 3325 1665 3381 Filius
1722 3327 1815 3381 Dei
1850 3331 1891 3382 '.
1934 3328 2037 3383 Ubi

458 3436 556 3491 per
595 3420 709 3474 hazc
736 3419 925 3482 verba,
973 3417 1129 3488 145
1171 3418 1308 3487 quod
1340 3427 1607 3481 nascetur,
1658 3419 1726 3472 ab
1771 3420 1889 3488 ipsa
1919 3435 2040 3473 car-

455 3528 604 3572 nem,
638 3519 694 3565 et
747 3510 1015 3580 quidquid
1073 3511 1139 3564 ad
1185 3511 1474 3564 humanam
1534 3519 1789 3565 naturam
1846 3514 2041 3567 attinet

454 3606 680 3661 duxisse
706 3604 979 3674 signiﬁcat
1009 3623 1020 3656 :
1062 3613 1173 3657 tum
1206 3605 1461 3658 virtutem
1502 3603 1790 3670 Altissimi,
1820 3622 1884 3659 ac
1916 3606 2041 3675 Spi-

454 3699 622 3752 ritum
670 3704 922 3751 sanctum
970 3710 1001 3750 e
1052 3697 1193 3750 cmlo
1232 3703 1478 3750 sanctam
1513 3695 1791 3767 Virginem
1840 3698 2040 3751 obum-

456 3794 684 3854 brasse;
717 3788 1121 3858 unigenamque
1156 3787 1251 3841 Dei
1284 3785 1479 3841 Filium
1521 3804 1583 3841 ac
1607 3788 1772 3843 Deum
1802 3787 2037 3844 Verbum

457 3883 513 3937 in
544 3891 722 3938 terras
766 3882 1073 3951 delapsum,
1112 3881 1385 3935 hominem
1435 3894 1558 3936 esse
1604 3881 1833 3945 factum,
1869 3896 1933 3935 ac
1973 3882 2041 3937 de

454 3975 613 4029 beata
642 3972 868 4044 Virgine
897 3988 1086 4028 revera
1111 3980 1479 4043 procreatum.
1510 3973 1682 4038 Quam
1712 3974 1879 4026 multa
1913 3981 2042 4028 sunt

457 4068 771 4123 istiusmoui
820 4067 1170 4122 testimonia!
1229 4065 1342 4136 Ego
1399 4081 1527 4121 vero
1579 4066 2040 4135 quemadmodiim

456 4160 734 4232 pollicitus
760 4175 903 4225 sum,
939 4175 1006 4215 ne
1040 4160 1252 4229 longior
1292 4158 1397 4213 hoc
1431 4160 1486 4213 in
1519 4173 1683 4229 opere
1712 4174 1835 4213 esse
1857 4173 2040 4228 c0gar,

460 4255 622 4308 latius
651 4252 867 4321 evagari
906 4266 1016 4305 non
1043 4251 1213 4305 soleo.

528 4344 673 4400 XXI.
716 4345 891 4400 Venio
918 4360 1065 4398 nunc
1106 4343 1173 4396 ad
1204 4358 1269 4396 ea
1298 4358 1419 4411 qua
1451 4341 1518 4396 de
1544 4341 1707 4395 Petro
1732 4356 1795 4395 ac
1831 4341 2044 4395 caeteris

2130 1860 2342 1931 ἀνδρὸς,
2391 1858 2506 1912 ἀλλ’
2559 1860 2623 1910 ὲκ
2675 1857 2881 1928 πατρὸς
2927 1856 3049 1926 μὲν,
3085 1854 3290 1910 ἄνωθεν
3342 1851 3621 1921 γεννηθεὶς
3656 1852 3713 1902 ἐν

2129 1951 2361 2023 ἀληθείᾳ
2389 1950 2634 2022 ἀχρόνως
2669 1950 2763 2003 xui
2793 1950 3063 2020 ἀνάρχως,
3104 1948 3191 1999 ἐπ’
3226 1945 3469 2015 ἐσχάτων
3517 1943 3573 1995 δὲ
3605 1942 3714 1994 τῶν

2131 2046 2354 2117 ἡμερῶν
2376 2045 2675 2114 εὐδοκήσας
2701 2042 2758 2095 ἐν
2796 2044 2979 2113 μήτρᾳ
3006 2038 3260 2109 γενέσθαι
3287 2037 3585 2109 Παρθένου,
3620 2034 3716 2087 xui

2130 2136 2192 2201 ἐξ
2247 2135 2418 2205 αὐτῆς
2470 2134 2778 2188 ἀναπλάσαι
2827 2135 2907 2196 είς
2959 2132 3150 2185 ἑαυτὸν
3205 2129 3302 2201 τὴν
3360 2131 3558 2199 σάρκα.
3617 2126 3717 2180 Διὰ

2130 2226 2310 2290 τοῦτο,
2349 2226 2504 2296 φησὶ,
2540 2228 2633 2279 xui
2665 2227 3000 2293 Ἀνθρωπος
3023 2225 3138 2294 μέν
3166 2223 3326 2277 ἐστι·
3356 2222 3447 2286 τίς
3477 2219 3545 2273 δὲ

2132 2334 2301 2373 σεται
2338 2317 2561 2381 αὐτόν;
2593 2317 2675 2369 ὅτι
2718 2316 2851 2378 Θεὸς
2889 2315 3095 2370 ἄνωθεν
3121 2310 3305 2385 ἦλθεν,
3345 2314 3374 2366 6
3424 2309 3718 2382 μονογεέὴς

2133 2408 2265 2471 Θεὸς
2303 2407 2495 2475 Λόγος.
2533 2405 2709 2477 Πολλὴ
2743 2406 2800 2458 δὲ
2847 2403 3192 2474 ταλαιπωρία
3225 2402 3332 2455 τῶν
3364 2399 3720 2469 πεπλανημέ-

2134 2518 2261 2562 νων,
2295 2498 2405 2552 τῶν
2444 2497 2889 2566 καταλειψάντων
2936 2496 3035 2566 μὲν
3068 2492 3365 2566 προφητῶν
3414 2489 3719 2562 μαρτυρίας

2136 2593 2231 2645 xui
2286 2590 2553 2659 ἀγγέλων,
2604 2589 2699 2642 xui
2733 2586 3120 2658 ἀνασχομένων
3185 2584 3436 2646 Ἐὅίωνος
3489 2582 3580 2635 τοῦ
3615 2596 3719 2632 πε-

2137 2679 2505 2750 πλανημένου,
2539 2677 2631 2730 τοῦ
2666 2677 2764 2748 τὴν
2793 2675 2988 2729 ἑαυτοῦ
3013 2674 3204 2746 ἡδονὴν
3241 2673 3564 2743 βουλομένου
3591 2671 3723 2741 πλη-

2139 2772 2288 2844 ροῦν,
2324 2773 2418 2825 καὶ
2450 2771 2519 2824 τὰ
2579 2770 2847 2823 Ἰουδαϊκὰ
2884 2766 3427 2840 μεταχειριζόμενον,
3476 2766 3568 2818 xui
3613 2764 3722 2818 ἀπὸ

2151 2865 2416 2919 Ἰουδαίων
2465 2864 2920 2935 ἠλλοτριωμένου.
2967 2863 3055 2926 Ὠς
3102 2864 3130 2915 6
3176 2861 3273 2931 μὲν
3320 2858 3579 2930 Γαϐριὴλ,
3632 2858 3723 2910 ὅτε

2138 2964 2203 3033 τῇ
2256 2961 2517 3033 Παρθένῳ
2575 2960 2981 3031 εὐηγγελίζετο,
3034 2959 3202 3028 αὐτῆς
3252 2956 3535 3025 λεγούσης,
3590 2952 3723 3017 Πῶς

2140 3054 2312 3108 ἔσται
2345 3055 2551 3119 ταῦτα,
2591 3054 2680 3106 ὅτι
2710 3052 2900 3121 ἄνδρα
2937 3054 3009 3105 οὐ
3048 3050 3355 3121 γινώσκω;
3386 3049 3446 3101 τὸ
3486 3046 3725 3115 ἀσφαλὲς

2141 3149 2526 3219 ὑποτιθέμενος
2578 3148 2717 3217 ἔφη’
2772 3146 3013 3214 Πνεῦμα
3056 3145 3275 3212 Κιιρίου
3330 3142 3722 3196 ἐπελεύσεται

2139 3241 2237 3293 ἐπὶ
2287 3244 2380 3300 σὲ,
2431 3240 2527 3293 καὶ
2580 3240 2833 3308 δύναμις
2878 3240 3172 3307 Ὑψίστου
3214 3234 3554 3290 ἐπισκιάσει
3598 3248 3720 3286 σοι.

2141 3335 2235 3386 Διὸ
2260 3334 2355 3385 καὶ
2392 3332 2457 3385 τὸ
2502 3326 2877 3403 γεννώμενον
2910 3334 2978 3387 ἐκ
3013 3332 3131 3386 σοῦ
3163 3331 3335 3400 ἅγιον
3356 3327 3725 3395 κληθήσεται

2150 3425 2284 3489 Υἱὸς
2338 3424 2506 3478 Θεοῦ.
2553 3424 2638 3476 Ἐν
2694 3422 2772 3493 τῷ
2820 3423 2928 3494 γὰρ
2977 3423 3151 3475 εἰπεῖν
3203 3420 3269 3474 τὸ
3330 3417 3723 3489 γεννώμενον,

2142 3516 2308 3581 ἔδειξε
2362 3518 2459 3587 μὲν
2502 3516 2599 3587 τὴν
2652 3516 2832 3587 σάρκα
2882 3515 2975 3568 ἀπ’
3021 3514 3221 3584 αὐτῆς,
3272 3513 3367 3566 xui
3413 3511 3512 3582 τὴν
3558 3509 3727 3579 ἀλλην

2142 3608 2575 3679 ὲνανθρώπησιν,
2611 3606 2819 3660 ἄνωθεν
2847 3605 2903 3658 δὲ
2940 3606 3034 3658 ἀπ’
3069 3602 3312 3675 οὐρανῶν
3355 3601 3452 3672 τὴν
3499 3599 3726 3667 δύναμιν

2141 3702 2236 3754 τοῦ
2276 3701 2556 3771 Ὑψίστου,
2611 3700 2705 3752 xui
2735 3699 2796 3752 τὸ
2837 3699 2989 3766 ἆγιον
3019 3696 3245 3764 Πνεῦμα
3293 3692 3611 3745 ὲπισκιάσαι
3656 3691 3724 3759 τῇ

2145 3793 2277 3863 ἁγίᾳ
2307 3791 2590 3861 Παρθένῳ,
2624 3790 2718 3841 καὶ
2768 3787 2975 3842 ἄνωθεν
3021 3782 3458 3853 καταϐεϐηκέναι
3493 3779 3580 3832 τὸν
3629 3795 3726 3848 μο-

2142 3882 2333 3952 νογενῆ
2365 3879 2498 3933 Θεοῦ
2533 3878 2664 3931 Θεὸν
2693 3879 2884 3945 Λόγον,
2917 3877 3011 3930 xui
3057 3875 3131 3938 ὡς
3175 3871 3584 3943 ὲνηνθρώπησε,
3635 3868 3729 3921 xui

2143 3976 2219 4039 ὡς
2244 3975 2338 4027 ἀπ’
2390 3972 2561 4041 αὐτῆς
2609 3972 2667 4023 ὲν
2713 3968 2942 4040 ἀληθεία
2990 3966 3275 4037 ἐγεννήθη.
3327 3964 3474 4017 Πόσα
3507 3962 3564 4016 δὲ
3595 3960 3730 4015 ἄλλα

2146 4067 2263 4120 ἐστὶ
2314 4063 2572 4118 τοιαῦταί
2627 4061 2810 4117 Είωθα
2865 4062 2944 4125 δὲ,
2995 4060 3071 4122 ὡς
3120 4056 3460 4127 ὑπεσχόμην,
3513 4055 3587 4124 μὴ
3642 4051 3730 4104 διὰ

2146 4160 2383 4222 πλάτους
2434 4156 2720 4228 φέρεσθαι,
2756 4156 2842 4208 ἵνα
2880 4154 2953 4225 μὴ
2997 4155 3076 4218 εἰς
3112 4152 3276 4220 ὄγκον
3327 4148 3491 4202 πολὺν
3537 4146 3731 4214 ἀγάγω

2144 4249 2241 4319 τὴν
2271 4248 2671 4320 πραγματείαν.

2219 4346 2350 4397 KA'.
2393 4345 2530 4414 Περὶ
2558 4343 2615 4394 δὲ
2646 4341 2754 4394 τῶν
2795 4340 2968 4394 ἄλλων
3016 4337 3144 4407 ἑξῆς
3182 4336 3532 4406 διηγήσομαι,
3565 4325 3640 4382 ὧν
3669 4345 3729 4381 τε

460 4440 725 4511 apostolis
775 4437 1147 4492 mentiuntur.
1210 4434 1424 4497 Petrus,
1481 4434 1771 4503 inquiunt,
1828 4433 2033 4486 lavabat

2147 4437 2290 4489 κατὰ
2318 4436 2524 4505 Πέτρου
2552 4434 2646 4487 xui
2677 4434 2786 4485 τῶν
2824 4432 2998 4487 ἄλλων
3029 4430 3340 4483 ἀποστόλων
3369 4422 3731 4491 καταψεύδον-

460 4530 724 4599 quotidie,
758 4529 1076 4598 priusquam
1116 4526 1298 4581 cibum
1341 4534 1602 4579 sumeret.
1638 4523 1695 4578 1n
1727 4539 1838 4594 quo
1865 4524 2043 4577 circu-

461 4625 694 4677 latorum
727 4621 995 4691 ejusmodi
1043 4619 1418 4674 incredibilem
1455 4618 1811 4681 calumniam,
1852 4632 1917 4670 ac
1950 4633 2046 4671 va-

463 4716 743 4769 l‘errimu'n
783 4717 835 4769 in
869 4730 934 4769 ea
970 4712 1234 4768 tradenda
1270 4710 1563 4780 disciplina
1610 4711 1903 4764 consilium
1961 4709 2043 4761 in-

463 4816 633 4862 tuere.
692 4806 902 4861 Etenim
959 4806 1106 4875 quod
1160 4804 1522 4874 inquinantur
1572 4803 1792 4872 saepius,
1838 4817 1902 4854 ac
1951 4817 2046 4870 per

462 4898 741 4953 lasciviam
769 4898 1026 4967 pleraque
1055 4897 1109 4949 in
1140 4898 1249 4948 vita
1282 4903 1529 4963 peccant,
1563 4909 1671 4963 quo
1700 4890 1802 4946 sibi
1834 4899 2041 4945 certam

464 5005 615 5059 spem
645 5005 708 5044 ac
742 4988 993 5045 liduciam
1028 4987 1339 5049 concilient,
1374 4999 1513 5053 aqua
1546 4984 1752 5053 largius
1787 4990 2036 5044 utuntur,

464 5093 523 5135 ut
557 5080 766 5151 scipsos
805 5079 1103 5149 decipiant,
1137 5077 1265 5130 dum
1291 5075 1538 5144 repetitis
1564 5075 1718 5129 hisce
1746 5073 2039 5127 lavationi-

464 5175 568 5233 bus
601 5191 767 5246 puros
799 5191 858 5230 se
904 5189 1026 5228 esse
1065 5184 1225 5242 posse
1254 5168 1556 5225 conﬁdunt.
1581 5168 1757 5238 Atque
1795 5168 1911 5221 haec
1946 5182 2041 5235 per

539 5335 554 5366 '
589 5332 786 5389 Jercm.
830 5348 966 5399 xvu,
993 5331 1045 5387 9.
1122 5328 1297 5384 ’Luc.
1331 5344 1372 5392 l,
1407 5327 1495 5393 ⁸54,
1520 5327 1609 5381 55.

537 5491 648 5563 (36)
700 5491 792 5563 Ὡς
834 5489 931 5563 καὶ
965 5488 1249 5563 Ἱερεμίας
1294 5486 1454 5563 ,στερὶῂ
1482 5484 1689 5539 αὐτοῦ.
1730 5481 1930 5563 Neque_
1965 5481 2052 5563 hic

470 5554 718 5617 locus'ad
751 5554 1283 5629 Clu-istitnrproprie
1324 5554 1592 5629 pertinet:
1626 5558 1843 5608 tametsi
1883 5554 2048 5629 pleri-

466 5650 573 5701 que
618 5631 720 5683 PP.
750 5631 814 5683 ad
844 5646 967 5684 eum
1001 5624 1221 5701 sensum
1253 5624 1559 5701 traxerint;
1589 5641 1727 5694 quos
1760 5624 2048 5701 reprehen-

468 5696 547 5759 dit
578 5701 960 5771 Hieronymus.
993 5700 1164 5769 Cujus
1189 5699 1406 5768 quidem
1440 5696 1906 5767 interpretationis
1932 5710 2055 5750 cau-

2146 4547 2256 4582 ται.
2296 4530 2442 4589 Ὅτι,
2485 4528 2669 4597 φησὶν,
2719 4527 2747 4578 ὁ
2799 4524 3004 4595 Πέτρος
3058 4521 3178 4575 καθ’
3228 4520 3463 4585 ἑκάστην
3516 4514 3729 4584 ἡμέραν

2148 4619 2478 4689 βαπτισμοῖς
2511 4618 2797 4687 ἐκέχρητο,
2836 4614 2964 4683 πρὶν
3007 4612 3039 4683 ἢ
3094 4612 3186 4664 xui
3224 4611 3390 4679 ἄρτου
3434 4603 3596 4658 αὐτὸν
3636 4619 3731 4672 με-

2145 4710 2533 4780 ταλαμϐάνειν.
2580 4708 2689 4760 Καὶ
2739 4708 2839 4777 ὅρα
2888 4702 2948 4757 τὸ
2980 4702 3159 4755 αὐτῶν
3191 4699 3604 4768 συκοφάντημα,
3636 4692 3733 4747 xui

2146 4802 2208 4854 τὸ
2238 4801 2469 4855 ὕπουλον
2491 4800 2590 4868 τῆς
2620 4796 2965 4868 ἀγυρτώδους
2984 4793 3161 4847 αὐτῶν
3186 4790 3553 4852 διδασκαλίας.
3600 4785 3732 4839 Ἀπὸ

2147 4894 2241 4948 τοῦ
2274 4893 2385 4963 γὰρ
2419 4892 2618 4953 αὐτοὺς
2656 4888 2972 4960 μεμιάνθαι,
3007 4887 3102 4940 xui
3129 4884 3501 4954 λαγνεστέρως
3535 4881 3731 4936 πολλά-

2149 5004 2235 5049 κις
2270 4984 2439 5037 πολλὰ
2473 4983 2733 5053 πράττειν
2762 4982 2852 5033 ἐπὶ
2885 4980 2983 5049 τῆς
3013 4979 3135 5049 γῆς,
3180 4979 3259 5039 είς
3295 4975 3596 5044 πεισμονὴν
3630 4972 3732 5040 τῆς

2148 5074 2357 5127 ἑαυτῶν
2385 5073 2758 5144 πληροφορίας
2788 5071 2867 5141 τῷ
2894 5069 3049 5123 ὕδατι
3079 5066 3317 5138 δαψιλῶς
3350 5066 3610 5138 χρῶνται,
3646 5064 3731 5114 ἵνα

2147 5166 2307 5235 δῆθεν
2342 5167 2570 5229 ἑαυτοὺς
2598 5165 2943 5235 ἁπατήσωσι,
2982 5161 3071 5215 διὰ
3111 5159 3437 5231 βαπτισμῶν
3467 5157 3607 5227 ἔχειν
3636 5152 3734 5224 τὴν

2151 5494 2266 5533 sam
2298 5472 2636 5530 attulitLXX
2664 5471 2825 5527 lectio
2881 5488 2895 5524 :
2949 5469 3041 5540 qui
3078 5467 3146 5520 ab
3177 5466 3401 5540 Hebraeo
3426 5476 3479 5522 et
3507 5464 3737 5540 Vulgata

2150 5550 2486 5617 discrepant.
2533 5544 2665 5598 Nam
2703 5537 2981 5596 Hebraica
3013 5556 3116 5593 vox
3152 5539 3295 5625 triga,
3347 5537 3689 5592 inscrutabile
3721 5574 3737 5599 ,

2147 5657 2261 5783 slive
2294 5652 2615 5719 desperabile
2639 5649 2925 5721 signiﬁcat.
2957 5647 3029 5700 At
3056 5628 3292 5705 ium-im
3328 5646 3429 5699 hoc
3455 5653 3538 5699 est
3561 5643 3737 5707 homo,

2183 5732 2431 5783 exerunt.

2183 5732 2431 5797 egerunt.
