4170 6372
481 351 579 405 Hi

1152 362 1525 425 ADVERSUS
1563 366 1910 461 HERESES
1947 372 2075 430 LIB.
2116 375 2158 431 l.
2199 375 2364 433 ΤΟΜ.
2407 378 2553 433 Il.--
2595 379 2863 436 IIERES.
2906 380 3073 437 XXX.

3638 384 3742 439 442

483 468 750 570 κάθαρσιν
775 474 1110 543 νομίζοντες.
1139 481 1251 535 Καὶ
1273 483 1446 539 ταῦτα
1473 489 1553 551 είς
1582 491 1709 555 τοὺς
1735 492 2049 559 ἀποστόλους

2168 514 2438 553 summam
2478 503 2866 556 contumeliam
2900 503 2954 556 in
2988 503 3266 573 apostolos
3308 502 3603 559 transferre
3632 520 3741 560 non

480 559 834 634 ὲμπαροινεῖν
879 569 979 622 οὐκ
1030 570 1396 643 αἰσχύνονται.
1456 581 1649 635 Καίτοι
1696 584 1792 637 τοῦ
1851 587 2058 659 Κυρίου

480 653 796 725 ἐλέγχοντος
853 659 1032 713 αὐτῶν
1067 664 1164 734 τὴν
1203 671 1595 738 κακοτροπίαν,
1628 674 1687 726 ὲν
1710 674 1790 746 τῷ
1838 653 2064 733 τὺννΠέ-

478 760 607 838 τρον
640 748 944 818 εἰρηκέναι,
995 753 1084 807 ὅτε
1114 750 1247 825 ἦλθε
1290 760 1417 824 τοὺς
1455 763 1622 827 πόδας
1670 766 1835 819 αὐτοῦ
1886 769 2058 838 νίψαι,

476 836 560 889 ὅτι
594 840 677 892 Οὐ
707 840 795 908 μὴ
826 844 1014 914 νίψῃς
1048 847 1190 914 τοὺς
1220 850 1412 918 πόδας
1433 872 1553 922 μου
1589 860 1676 924 είς
1713 859 1820 913 τὸν
1852 836 2058 926 αὶῶνα,

477 932 574 985 καὶ
605 932 705 1004 τὴν
742 936 1124 1011 ἀνθυποφοράν
1164 944 1269 997 ὑπὸ
1294 945 1388 999 τοῦ
1439 950 1691 1020 Σωτῆρος
1721 952 1943 1017 ἐξιέναι,
1978 955 2060 1008 ὄτι

491 1020 625 1077 Ἐὰν
646 1026 734 1096 μὴ
768 1030 928 1099 νίψω
972 1048 1088 1089 σου
1113 1037 1260 1103 τοὺς
1301 1040 1511 1107 πόδας,
1540 1045 1651 1097 οὐκ
1696 1046 1856 1114 ἔχεις
1876 1048 2061 1115 μέρος

470 1119 599 1183 μετ’
639 1119 807 1188 ἐμοῦ.
858 1125 1126 1181 Κάκείνου
1174 1130 1336 1185 πάλιν
1384 1134 1935 1207 ἀνταποκρινομένου,
1979 1141 2060 1193 ὅτι

480 1212 563 1264 Οὐ
590 1214 784 1281 μόνον
832 1217 976 1284 τοὺς
1017 1220 1228 1288 πόδας,
1270 1225 1430 1279 ἀλλὰ
1468 1228 1567 1280 καὶ
1614 1229 1729 1296 τὴν
1759 1230 2055 1298 κεφαλὴν,

476 1303 641 1373 φησὶν
700 1305 729 1357 ὁ
785 1307 1022 1379 Κύριος,
1076 1312 1156 1365 ὅτι
1218 1315 1280 1367 '0
1338 1318 1719 1387 λουσάμενος
1775 1321 1936 1385 ἅπαξ
1985 1325 2058 1376 οὐ

475 1396 685 1462 χρείαν
715 1398 840 1466 ἕχει
872 1401 987 1469 τὴν
1021 1407 1317 1473 κεφαλὴν,
1344 1411 1395 1463 εί
1429 1410 1516 1479 μὴ
1542 1412 1685 1478 τοὺς
1723 1414 1912 1480 πόδας
1946 1417 2057 1483 μό-

473 1501 587 1537 νον
614 1504 627 1517 ·
669 1487 803 1543 ἔστι
841 1492 953 1559 γὰρ
1004 1495 1265 1563 καθαρὸς
1312 1498 1473 1564 ὅλος.
1543 1501 1783 1567 Ἔδειξεν
1825 1500 1939 1569 οὖν,
1974 1506 2057 1559 ὅτι

473 1574 534 1625 οὐ
564 1575 669 1645 χρὴ
721 1576 1051 1650 βαπτισμοῖς
1082 1584 1338 1655 χρῆσθαι,
1380 1588 1474 1640 καὶ
1511 1588 1690 1643 ἔθεσιν
1727 1592 2054 1661 ἀνωφελέσι,

473 1666 567 1718 καὶ
621 1669 953 1741 ὲντάλμασιν
1010 1675 1333 1747 ἀνθρώπων,
1389 1682 1484 1734 καὶ
1533 1681 1926 1750 διδασκαλίαις,
1981 1686 2058 1750 ὼς

474 1758 569 1850 καὶ
592 1760 652 1812 ὲν
681 1762 852 1834 ἑτέρῳ
877 1766 1195 1838 Εὑαγγελίῳ
1232 1771 1442 1842 συνῳδὰ
1481 1772 1558 1845 τῷ
1587 1779 1841 1850 προφήτῃ
1873 1778 2052 1847 λέγει’

486 1848 547 1903 Ὀ
572 1852 723 1920 λαὸς
749 1851 928 1921 οὗτος
960 1859 1084 1925 τοῖς
1114 1862 1350 1929 χείλεσι
1374 1882 1452 1932 με
1477 1866 1635 1936 τιμᾷ,
1670 1869 1709 1936 ἡ
1739 1848 2051 1941 δὲήκαρδία
2085 1853 2125 1908 Β

470 1941 672 1995 αὐτῶν
717 1946 913 2015 πόίρω
946 1949 1156 2020 ἀπέχει
1205 1953 1308 2007 ἀπ’
1353 1956 1522 2025 ἐμοῦ.
1577 1959 1787 2030 Μάτην
1825 1962 1895 2017 δὲ
1945 1965 2049 2019 σέ-

471 2033 678 2088 ϐονταί
702 2053 799 2104 με,
827 2037 1222 2110 διδάσκοντες
1250 2045 1671 2115 διδασκαλίας,
1707 2051 2049 2123 ἐντάλματα

468 2123 815 2193 ἀνθρώπων.
906 2132 1059 2185 Ἐπεὶ
1117 2136 1259 2190 κατά
1319 2139 1478 2193 ποίαν
1534 2142 1713 2196 αἰτίαν
1771 2144 2049 2214 ἐμέμφετο

467 2215 595 2278 τοὺς
634 2217 961 2289 Φαρισαίους
1005 2226 1099 2278 καὶ
1144 2233 1497 2300 γραμματεῖς
1548 2234 1675 2297 τοὺς
1720 2233 2049 2307 βαπτισμοῖς

468 2308 783 2378 χρωμένους
827 2313 1028 2378 ξεστῶν
1080 2320 1174 2373 καὶ
1224 2322 1500 2394 ποτηρίων
1555 2327 1649 2379 καὶ
1688 2326 1797 2382 τῶν
1846 2328 2047 2395 ἄλλων,

468 2397 562 2449 καὶ
613 2404 803 2474 πυγμῇ
858 2405 956 2468 τὰς
1009 2410 1197 2481 χεῖρας
1243 2414 1635 2484 νιπτομένους,
1688 2417 1780 2470 καί⁵
1829 2418 2050 2484 τελείως

465 2486 846 2560 ἀποφαίνεται,
898 2498 981 2551 ὅτι
1025 2500 1086 2554 τὸ
1130 2502 1428 2571 Ἀνίπτοις
1471 2509 1684 2575 χερσὶν
1712 2510 1940 2564 ἐσθίειν
1976 2514 2048 2566 οὐ

466 2583 667 2636 κοινοῖ
694 2584 804 2639 τὸν
843 2587 1198 2659 ἂνθρωπον;
1235 2595 1399 2650 ’Ὥστε
1444 2599 1506 2650 οὑ
1563 2598 1723 2670 μόνον
1759 2601 1821 2653 τὸ
1853 2601 2049 2671 βαπτί-

2168 591 2519 645 erubescunt.
2580 590 2903 662 Quanquam
2967 592 3229 649 Dominus
3278 596 3492 650 illorum
3550 600 3744 667 nequi-

2166 682 2299 735 tiam
2331 682 2618 737 manifeste
2668 685 2968 755 redarguit,
3018 700 3144 741 cum
3175 686 3240 739 ad
3286 685 3430 741 Petri
3480 688 3743 744 lavandos

2162 776 2331 845 pedes
2361 773 2648 839 accedens,
2684 790 2750 830 eo
2785 775 3001 831 dicente
3028 795 3041 830 :
3069 776 3192 831 Non
3217 778 3414 831 lavabis
3432 779 3561 832 milii
3587 780 3741 849 pedes

2160 866 2218 918 in
2249 880 2523 927 (uernum,
2573 866 2805 934 subjecit
2836 868 2982 921 illico
3008 886 3023 922 :
3059 867 3183 923 Nisi
3213 869 3386 923 lavero
3413 871 3565 937 pedes
3600 880 3738 939 tuos,

2167 974 2271 1010 non
2305 958 2518 1011 habebis
2548 970 2754 1027 partem
2778 977 2976 1013 mecum
3005 961 3044 1014 ¹.
3080 961 3162 1016 Ad
3185 978 3304 1031 quae
3323 961 3485 1017 Petro
3509 978 3741 1034 respon-

2164 1050 2369 1106 dente:
2406 1050 2530 1105 Non
2563 1053 2734 1106 solum
2778 1053 2953 1121 pedes,
3002 1054 3093 1108 sed
3138 1065 3187 1108 et
3243 1066 3400 1125 caput
3422 1071 3443 1120 ;
3474 1056 3739 1112 Dominus

2162 1142 2362 1212 adjecit
2394 1163 2406 1198 :
2444 1144 2549 1211 Qui
2584 1145 2719 1199 lotus
2750 1155 2828 1199 est
2858 1146 3036 1208 semel,
3071 1163 3173 1200 non
3207 1163 3335 1215 opus
3361 1157 3461 1213 est,
3495 1158 3551 1202 ut
3582 1159 3741 1219 caput

2162 1232 2322 1297 lavet,
2356 1235 2447 1287 sed
2482 1234 2634 1304 pedes
2662 1235 2964 1290 duntaxat:
2996 1247 3072 1290 est
3092 1239 3232 1292 enim
3280 1241 3506 1294 mundus
3532 1250 3673 1295 totus
3693 1243 3737 1291 ².

2162 1324 2372 1391 Quibus
2410 1327 2591 1382 verbis
2616 1326 2917 1381 declaravit
2952 1328 3315 1386 lavationibus
3338 1332 3634 1402 ejusmodi,
3675 1348 3739 1387 ac

2160 1419 2582 1489 supervacaneis
2643 1421 2859 1487 ritibus,
2903 1420 3295 1492 hominumque
3340 1425 3612 1480 mandatis
3674 1440 3740 1481 ac

2159 1510 2428 1566 doctrinis
2464 1512 2538 1565 uti
2575 1512 2711 1566 nihil
2752 1513 3005 1568 attinere.
3044 1513 3144 1568 Cui
3181 1515 3397 1585 quidem
3443 1525 3738 1572 consenta-

2159 1615 2258 1655 nea
2282 1609 2433 1668 sunt,
2467 1618 2586 1673 quas
2612 1618 2641 1655 a
2666 1603 2901 1673 quodam
2926 1607 3189 1675 propheta
3216 1608 3474 1662 dicuntur
3508 1627 3523 1663 :
3558 1608 3739 1678 Popu-

2159 1693 2241 1749 lus
2268 1695 2368 1749 istc
2397 1695 2555 1749 labiis
2596 1713 2677 1750 me
2705 1696 2949 1760 honorat,
2989 1716 3079 1752 cor
3106 1710 3282 1754 autem
3324 1702 3558 1768 ipsorum
3588 1701 3740 1770 lattge

2156 1795 2235 1839 est
2267 1803 2300 1840 a
2329 1802 2440 1849 me;
2472 1787 2677 1856 frustra
2719 1805 2837 1842 vero
2879 1790 3058 1845 colunt
3103 1809 3203 1854 me,
3251 1794 3493 1847 docentes
3538 1792 3741 1847 doctri-

2156 1894 2275 1941 nas,
2324 1881 2580 1932 mandata
2637 1880 2907 1934 hominum
2959 1882 3001 1935 ³.
3056 1881 3200 1948 Quid
3246 1890 3331 1938 est
3385 1886 3530 1939 enim
3592 1884 3741 1954 quod

2158 1966 2467 2024 Pharisaeos
2518 1986 2581 2024 ac
2632 1971 2846 2027 scribas
2901 1975 3200 2044 arguebat,
3241 1974 3387 2044 quod
3436 1976 3739 2046 baptismos

2157 2062 2480 2118 adhiberent
2512 2080 2800 2120 urceorum
2848 2074 2902 2121 et
2934 2067 3188 2132 calicum,
3222 2081 3287 2122 ac
3333 2076 3650 2122 caeterorum
3684 2067 3741 2122 id

2154 2170 2325 2223 genus
2364 2154 2410 2221 ⁸,
2441 2164 2495 2212 et
2537 2157 2731 2212 crebro
2760 2172 2959 2214 manus
2996 2158 3324 2213 abluerent?
3350 2174 3473 2214 cum
3520 2162 3596 2214 ita
3646 2158 3741 2215 de—

2155 2262 2303 2301 mum
2337 2249 2700 2317 pronuntiat:
2738 2249 2918 2304 Illotis
2968 2249 3211 2305 manibus
3251 2250 3573 2306 manducare
3630 2268 3741 2305 non

2155 2337 2434 2408 inquinare
2457 2339 2717 2394 hominem
2747 2341 2790 2395 ⁵.
2845 2339 3027 2404 Quare
3065 2355 3175 2395 non
3210 2340 3399 2395 eorum
3449 2341 3611 2395 modo
3656 2342 3739 2395 lo-

2156 2427 2334 2482 tiones
2358 2428 2655 2493 damnavit,
2690 2428 2849 2501 146
2880 2429 2975 2485 sed
3022 2438 3076 2485 et
3126 2444 3323 2485 manus
3372 2430 3596 2484 abluere
3638 2445 3734 2484 su-

2153 2534 2552 2590 pervacaneum
2597 2537 2721 2577 esse
2762 2522 2971 2587 docuit,
3016 2538 3193 2592 neque
3254 2521 3430 2577 fraudi
3480 2521 3741 2592 cuiquam

2154 2625 2296 2674 esse,
2333 2610 2478 2681 quod
2508 2627 2705 2667 manus
2739 2612 2873 2665 nolit
2906 2614 3117 2668 eluere.

467 2672 895 2777 (eaea—tiorith
923 2683 1241 2756 ἀνέτρεψεν,
1275 2688 1412 2742 ἀλλὰ
1449 2692 1543 2744 καὶ
1595 2692 1659 2745 τὸ
1718 2692 1867 2764 νίψαι
1899 2699 2089 2769 χεῖρας
2125 2672 2380 2773 περιττὸν
2426 2699 2564 2757 εἶναι
2611 2703 2809 2770 ἔδειξε,
2853 2707 2948 2758 καὶ
2996 2704 3074 2776 τῷ
3119 2705 3428 2777 βουλομένῳ
3471 2703 3574 2766 τὰς
3620 2704 3745 2774 χεῖ·-

467 2785 571 2842 ρας
605 2773 716 2839 (57)
736 2774 1017 2833 νίπτεσθαι
1050 2782 1125 2853 μὴ
1156 2777 1295 2836 εἶναι
1328 2784 1555 2857 βλάϐην.

536 2864 665 2959 KB'.
707 2867 831 2933 Πῶς
868 2871 924 2925 δὲ
954 2876 1081 2943 περὶ
1130 2881 1483 2949 κρεωφαγίας
1524 2883 1623 2936 οὐκ
1675 2885 1836 2951 εὐθὺς
1876 2888 1910 2959 ή
1947 2889 2047 2941 αὐ-

463 2954 573 3008 τῶν
616 2957 772 3013 ἄνοια
813 2961 1236 3037 ἐλεγχθήσεται;
1291 2972 1512 3043 Πρῶτον
1564 2975 1664 3045 μὲν
1695 2976 1787 3029 τοῦ
1838 2954 2046 3049 κυρίου

466 3048 738 3117 ἐσθίοντος
785 3056 845 3108 τὸ
886 3060 1071 3131 πάσχα
1107 3064 1216 3117 τῶν
1274 3067 1573 3123 Ἰουδαίων⁸
1624 3070 1812 3141 πάσχα
1855 3071 1912 3124 δὲ
1932 3048 2047 3125 τῶν

2217 2888 2383 2947 XXII.
2444 2888 2565 2944 Jam
2621 2891 2765 2961 quod
2820 2892 2889 2947 ad
2955 2908 3114 2946 usum
3177 2894 3425 2947 carnium
3492 2901 3728 2964 spectat,

2149 2995 2331 3034 nonne
2358 2997 2549 3035 corum
2582 2984 2766 3038 statim
2804 2987 3038 3039 amentia
3074 2986 3456 3040 convincitur?
3490 2985 3667 3042 Primi
3684 3004 3734 3040 σι

2153 3070 2303 3139 quod
2328 3070 2594 3127 Dominus
2627 3071 2938 3128 Judaeurum
2986 3077 3187 3145 pascha
3237 3077 3556 3131 comederit.
3589 3080 3733 3131 Con-

480 3143 752 3261 :loufalwv
795 3152 1063 3221 πρόϐατον
1110 3151 1181 3227 ἦν
1225 3159 1319 3212 καὶ
1350 3160 1556 3231 ἄζυμα,
1586 3163 1724 3233 κρέα
1771 3163 2046 3235 προϐάτου

2151 3161 2331 3216 stabat
2357 3172 2538 3217 autem
2574 3166 2775 3234 pascha
2809 3165 3123 3221 Judaeorum
3172 3182 3331 3237 agno,
3373 3184 3435 3222 ac
3476 3168 3593 3223 sine
3626 3168 3736 3223 fer-

465 3234 608 3289 ὀπτά
649 3241 781 3310 πυρὶ
824 3243 1133 3314 ἐσθιόμενα,
1165 3247 1239 3311 ὡς
1269 3250 1364 3302 καὶ
1389 3252 1438 3303 οἱ
1486 3252 1727 3322 μαθηταὶ
1768 3234 1933 3308 αὖτοῦ
1960 3255 2047 3309 λέ-

464 3339 658 3395 γουσι’
710 3332 835 3385 Ποῦ
882 3334 1076 3401 θέλεις
1120 3338 1529 3410 ἑτοιμάσωμέν
1574 3358 1675 3397 σοι
1725 3345 1941 3414 φαγεῖν
1977 3347 2047 3402 τὸ

463 3420 706 3490 πάσχα;
741 3426 851 3479 Καὶ
883 3427 1046 3492 αὐτὸς
1086 3431 1114 3482 ὁ
1145 3430 1347 3502 Κύριος
1376 3433 1557 3501 λέγει·
1618 3436 1933 3493 Ἀπέλθετε
1959 3441 2047 3506 είς

413 3543 423 3553 -
462 3513 580 3583 τὴν
616 3518 821 3580 πόλιν,
862 3520 962 3573 καὶ
989 3522 1277 3591 εὑρήσετε
1317 3525 1632 3596 ἄνθρωπον
1663 3530 2047 3593 ,ϐαστάζοντα

463 3608 750 3677 κεράμιον
781 3612 1020 3680 ὓδατος,
1056 3616 1155 3669 καὶ
1195 3618 1653 3685 ἀκολουθήσατε
1688 3622 1850 3688 αὐτῷ
1890 3624 2044 3680 ὅπου

467 3699 699 3771 ὑπάγει,
733 3704 829 3757 καὶ
878 3706 1085 3761 εἶπατε
1130 3708 1210 3774 τῷ
1256 3710 1693 3783 οἰκοδεσπότῃ·
1741 3716 1867 3769 Ποῦ
1912 3718 2045 3772 ἐστι

466 3792 532 3847 τὸ
558 3795 890 3866 κατάλυμα,
924 3798 1076 3853 ὅπου
1108 3802 1342 3871 ποιήσω
1384 3806 1449 3857 τὸ
1490 3806 1700 3874 πάσχα
1730 3808 1881 3874 μετὰ
1926 3808 2046 3862 τῶν

460 3885 743 3954 μαθητῶν
765 3906 885 3957 μου
908 3907 927 3954 ;
953 3892 1057 3945 Καὶ
1090 3891 1271 3957 δείξει
1301 3894 1442 3963 ὑμῖν
1464 3895 1737 3965 ὑπερῷον
1755 3898 2046 3968 ἐστρωμέ-

463 3994 604 4031 νον’
652 3978 781 4033 ἐκεῖ
822 3981 1195 4052 ἑτοιμάσατε.
1248 3987 1419 4040 Πάλιν
1468 3988 1524 4041 δὲ
1572 3990 1733 4053 αὐτὸς
1773 3992 1802 4044 ὁ
1842 3991 2044 4063 Κύριος

461 4066 646 4137 λέγει·
716 4072 1028 4142 Ἐπιθυμίᾳ
1075 4075 1428 4146 ἐπεθύμησα
1481 4080 1658 4134 τοῦτο
1722 4080 1788 4134 τὸ
1835 4082 2046 4151 πάσχα

456 4161 673 4231 φαγεῖν
707 4165 836 4232 μεθ’
883 4166 1070 4234 ὑμῶν.
1112 4169 1221 4221 Kal.
1267 4171 1367 4224 οὐκ
1415 4168 1565 4224 εἶπεν
1610 4172 1798 4237 ἁπλῶς
1835 4174 2040 4244 πάσχα,

465 4251 602 4305 ἀλλά
632 4254 791 4307 τοῦτο
826 4256 887 4308 τὸ
926 4258 1132 4327 πάσχα,
1164 4258 1250 4311 ἵνα
1283 4262 1356 4331 μή
1380 4278 1467 4325 τις
1506 4262 1801 4334 μεθοδεύσῃ
1831 4265 1913 4327 εἰς
1945 4266 2042 4335 τὴν

459 4344 656 4397 ἑαυτοῦ
687 4346 962 4402 ὑπόνοιαν.
993 4350 1186 4419 Πάσχα
1218 4351 1276 4404 δὲ
1302 4347 1390 4422 ἦν,
1427 4352 1502 4416 ὡς
1528 4349 1701 4419 εἷπον,
1740 4355 1877 4427 κρέα
1903 4355 2043 4408 ὀπτὰ

461 4437 617 4507 πυρὶ,
650 4439 744 4490 καὶ
775 4439 844 4493 τὰ
878 4440 1032 4494 ἄλλα.
1070 4442 1234 4495 Αὐτοὶ
1271 4443 1349 4509 δὲ,
1389 4444 1753 4514 ἀφανίσαντες
1790 4448 1885 4518 ἀφ’
1918 4449 2045 4500 ἑαυ-

2149 3261 2334 3306 mento
2394 3252 2637 3310 subactis
2697 3258 2990 3325 panibus:
3054 3258 3178 3326 agni
3252 3273 3413 3328 porro
3473 3261 3737 3315 carnibus

2146 3344 2295 3400 vesci
2326 3361 2443 3401 mos
2481 3357 2598 3400 erat
2652 3348 2851 3403 assatis
2884 3349 3019 3419 igni,
3053 3349 3197 3419 quod
3249 3358 3303 3404 et
3353 3348 3584 3420 apostoli
3628 3352 3734 3421 ipsi

2147 3444 2437 3492 testantur.
2485 3437 2584 3492 Ubi
2616 3439 2714 3504 vis,
2742 3440 3014 3509 inquiunt.
3058 3455 3302 3509 paremus
3335 3441 3431 3495 tibi
3459 3443 3733 3499 comedere

2146 3527 2403 3584 Pascha?
2430 3527 2641 3595 Quibus
2672 3528 2936 3585 Dominus
2964 3532 3246 3599 respondit
3280 3552 3292 3586 :
3334 3531 3418 3587 Ite
3452 3534 3502 3586 in
3537 3534 3730 3587 civita-

2147 3628 2283 3686 tem;
2306 3630 2355 3674 et
2389 3622 2660 3676 invenietis
2693 3620 2951 3674 hominem
2982 3622 3293 3690 amphoram
3324 3641 3475 3693 aqua:
3515 3635 3736 3692 portan-

2147 3720 2269 3777 tem,
2303 3713 2582 3783 sequimini
2628 3728 2747 3767 eum
2776 3731 3078 3785 quocunque
3111 3716 3251 3778 ierit,
3286 3726 3335 3769 et
3364 3717 3522 3768 dicite
3549 3718 3721 3783 patri~

2146 3803 2382 3871 familias
2415 3820 2433 3857 :
2470 3803 2569 3858 Ubi
2623 3815 2700 3858 est
2741 3802 3108 3869 diversorium,
3132 3808 3221 3860 ubi
3262 3809 3458 3876 pascha
3496 3824 3615 3861 cum
3642 3808 3730 3860 di~

2144 3895 2361 3962 scipulis
2394 3897 2522 3949 meis
2552 3896 2797 3965 faciam?
2841 3897 2910 3951 Et
2952 3899 3187 3952 ostendet
3228 3900 3369 3953 vobis
3401 3900 3729 3953 cwnaculum

2144 3994 2369 4039 stratum
2385 4002 2402 4039 :
2416 3997 2464 4040 et
2477 3986 2789 4055 ibiparate‘.
2810 3988 3119 4059 lterumque
3134 3989 3413 4044 Dominus:
3430 3990 3727 4054 Desiderio,

2145 4076 2241 4139 ait,
2260 4076 2555 4131 desideravi
2572 4078 2667 4132 hoc
2695 4079 2891 4147 pascha
2924 4079 3246 4134 manducare
3269 4080 3531 4135 vobiscum
3556 4081 3597 4135 ⁷.
3620 4080 3729 4136 Ne-

2144 4180 2250 4234 que
2284 4166 2485 4236 pascba
2522 4168 2844 4238 simpliciter
2884 4170 3043 4235 dixit,
3104 4173 3200 4227 sed
3252 4173 3355 4228 hoc
3386 4174 3627 4243 pascha;
3660 4188 3735 4229 ne

2144 4258 2269 4326 quis
2301 4257 2504 4312 dictum
2540 4259 2669 4313 illud
2705 4261 2933 4317 subdole
2963 4262 3031 4316 ad
3078 4264 3386 4333 opinionem
3431 4280 3583 4319 sua."
3633 4280 3727 4317 ac-

2145 4351 2536 4406 commodaret.
2591 4352 2669 4406 Ac
2726 4354 2932 4423 pascha
2979 4355 3113 4410 illud
3168 4372 3362 4411 carnes
3412 4364 3590 4417 erant,
3645 4356 3729 4409 uti

2145 4441 2407 4506 diximus,
2445 4446 2555 4515 igni
2586 4454 2759 4512 tostae,
2792 4464 2915 4501 cum
2968 4449 3090 4503 aliis
3124 4450 3471 4520 quibusdam.
3524 4453 3592 4504 At
3644 4452 3723 4507 illi

459 4529 567 4582 τῶν
594 4531 692 4602 τὴν
718 4531 819 4601 τῆς
845 4532 1104 4603 ἀληθείας
1132 4535 1473 4603 ἀκολουθίαν,
1506 4537 1740 4609 ἤλλαξαν
1768 4540 1826 4592 τὸ
1858 4540 2041 4611 ῥητὸν,

2151 4534 2391 4589 veritatis
2437 4536 2579 4591 serie
2632 4552 2698 4592 ex
2744 4540 2965 4610 ingenio
2997 4544 3234 4607 sublata,
3270 4544 3431 4597 verba
3466 4544 3556 4596 illa
3601 4559 3725 4596 mu-

458 4622 596 4694 ὅπερ
649 4626 768 4677 ἐστὶ
823 4627 960 4679 πᾶσιν
1027 4627 1264 4699 φανερὸν
1315 4630 1379 4681 ὲκ
1430 4629 1541 4681 τῶν
1597 4630 2037 4702 συνεζευγμένων

458 4715 678 4779 λέξεων.
723 4718 834 4769 Καὶ
864 4718 1129 4788 ἐποίησαν
1166 4719 1293 4783 τοὺς
1310 4719 1577 4791 ’μαθητὰς
1615 4721 1712 4792 μὲν
1745 4721 2033 4790 λέγοντας·

458 4806 584 4860 Ποῦ
617 4805 812 4873 θέλεις
842 4807 1252 4877 ἑτοιμάσωμέν
1282 4824 1383 4862 σοι
1426 4809 1495 4863 τὸ
1538 4810 1749 4880 πάσχα
1789 4812 2039 4881 sparsae;

320 4940 355 4971 κ
459 4900 556 4953 καὶ
598 4900 759 4953 αὐτὸν
785 4900 945 4972 δῆθεν
980 4901 1242 4971 λέγονταο
1292 4902 1385 4975 Μὴ
1419 4903 1684 4974 ἐπιθυμίᾳ
1715 4904 2037 4976 ἐπεθύμησα

459 4992 627 5062 κρέας
656 4991 815 5046 τοῦτο
858 4993 921 5047 τὸ
964 4994 1150 5065 πάσχα
1179 4997 1371 5063 φαγεῖν
1401 4995 1519 5065 μεθ’
1552 4995 1738 5067 ὑμῶν;
1775 4996 1945 5051 Πόθεν
1980 4996 2038 5049 δὲ

398 5106 405 5113 ο
457 5085 520 5138 οὐ
551 5087 935 5159 φωραθήσεται
961 5089 993 5159 ἡ
1026 5086 1206 5141 αὐτῶν
1230 5088 1566 5159 ῥᾳδιουργίαι,
1596 5089 1692 5160 τῆς
1720 5087 2040 5152 ἀκολουθίας

458 5176 791 5250 κραζούσης,
838 5182 920 5233 ὅτι
966 5180 1029 5234 τὸ
1077 5181 1148 5253 μῦ
1196 5183 1290 5236 καὶ
1328 5182 1389 5235 τὺ
1421 5177 1529 5254 ἦτά
1574 5184 1690 5235 ἐστι
1742 5181 2035 5252 προσθετά.

471 5271 616 5323 Ἀντὶ
644 5272 739 5324 τοῦ
765 5270 871 5342 γὰρ
897 5274 1091 5337 εἰπεῖν,
1150 5273 1462 5342 Ἐπιθυμίᾳ
1485 5273 1855 5342 ἐπεθύμησα,
1886 5272 2039 5326 αὐτοὶ

458 5361 808 5432 προσέθηκαν
839 5362 1003 5432 τὸμὴ
1038 5363 1343 5436 ἐπίρρημα.
1377 5364 1547 5427 Αὐτὸς
1578 5363 1635 5417 δὲ
1672 5364 1886 5434 ἀληθῶς
1915 5363 2035 5416 ἕλε⁸

454 5472 572 5524 γεν,
619 5456 925 5526 Ἐπιθυμίᾳ
955 5457 1307 5529 ἑπεΰάμησα
1334 5456 1509 5511 τοῦτο
1548 5457 1615 5510 τὸ
1659 5456 1871 5525 πάσχα
1913 5473 2030 5527 5m-

2146 4632 2349 4691 tarunt,
2385 4628 2532 4696 quod
2565 4636 2650 4683 est
2680 4646 2747 4686 cx
2777 4632 3093 4702 conjunctis
3142 4634 3474 4690 dictionibus
3506 4635 3723 4689 unicui-

2144 4732 2249 4789 que
2274 4719 2646 4788 Perspicuum.
2676 4721 2857 4788 Quare
2887 4724 3187 4796 discipulos
3223 4727 3295 4781 ita
3326 4727 3613 4796 loquentes
3643 4725 3723 4778 fa-

2144 4814 2296 4872 ciunt
2322 4836 2334 4872 :
2366 4816 2467 4871 Uni
2492 4818 2568 4872 vis
2597 4835 2844 4889 paremus
2870 4822 2966 4876 tibi
2996 4824 3262 4877 comedere
3294 4824 3488 4892 pascha
3510 4825 3535 4877 7
3564 4822 3722 4877 Chri-

2145 4918 2291 4965 stum
2324 4927 2456 4966 vero
2479 4911 2546 4966 ad
2581 4928 2646 4967 ea
2675 4913 3090 4983 respondentem
3119 4935 3131 4969 :
3160 4915 3411 4985 Nunquid
3445 4914 3719 4968 desiderio

2142 5000 2451 5058 desideravi
2480 5005 2767 5059 comedere
2793 5020 3016 5060 carnem
3046 5007 3148 5061 hoc
3174 5008 3373 5077 pascha
3396 5006 3719 5060 vobiscum?

2139 5093 2306 5165 Atqui
2339 5094 2498 5151 facile
2541 5104 2627 5152 est
2665 5098 2986 5153 sceleratam
3021 5098 3162 5153 hanc
3215 5101 3430 5154 illorum
3463 5100 3714 5155 fraudem

2140 5183 2412 5255 detegere,
2451 5202 2574 5242 cum
2610 5202 2672 5241 ea
2709 5204 2829 5259 quae
2857 5197 3165 5258 sequuntur
3200 5200 3384 5261 aperte
3412 5193 3713 5257 clamitent,

2146 5275 2307 5329 ambo
2333 5291 2456 5330 esse
2488 5276 2756 5331 elementa
2803 5292 3088 5347 perperam
3133 5278 3339 5345 addita,
3372 5282 3625 5336 videlicet
3677 5298 3717 5351 μ

2141 5373 2196 5421 et
2226 5384 2281 5438 η.
2315 5366 2449 5421 Nam
2483 5384 2583 5438 pro
2612 5385 2681 5425 eo
2728 5371 2873 5440 quod
2907 5379 3012 5438 est,
3052 5372 3323 5428 desiderio
3377 5374 3714 5439 desideravi,

2138 5459 2253 5525 isti,
2313 5461 2419 5532 μή,
2478 5462 2534 5516 id
2590 5469 2713 5528 est,
2770 5479 2917 5529 num,
2965 5465 3279 5519 adverbium
3326 5465 3712 5537 adjunxerunt.

529 5609 734 5690 ‘_Jo_an.
768 5628 889 5674 xm,
918 5613 1107 5690 θέρηΖ
1141 5613 1184 5690 _’
1225 5602 1329 5668 lsa:
1363 5613 1640 5690 nisi”.
1706 5612 1728 5644 '
1753 5612 1858 5669 lsa.
1887 5629 2040 5683 xxxx,
2073 5613 2179 5684 i5;
2213 5614 2401 5673 Matth.
2434 5633 2523 5686 xv,
2555 5618 2610 5685 8,
2637 5619 2690 5676 9.
2751 5618 2772 5651 ⁸
2794 5616 2961 5678 Marc.
2990 5636 3085 5690 vn,
3117 5619 3172 5677 8.
3223 5622 3245 5655 ⁸
3279 5622 3467 5679 Matth.
3504 5640 3594 5689 xv,
3619 5624 3710 5680 20.

454 5683 475 5714 ‘
511 5681 880 5751 Matth.g.xxvr,
923 5681 1038 5740 17f
1065 5681 1107 5716 ’⁷
1138 5682 1269 5739 Luc.
1304 5700 1438 5749 xxu,
1470 5685 1555 5742 15.

526 5793 639 5865 (57)
677 5794 784 5850 Kal
815 5792 896 5860 τῷ
913 5794 1268 5865 βουλομένῳ
1291 5796 1398 5865 τὰς
1420 5797 1639 5869 χεῖρας.
1682 5796 1823 5871 Lege
1851 5796 1928 5869 τῷ
1960 5798 2034 5868 μὴ
2068 5797 2394 5873 βουλομένῳ.
