4170 6372
417 350 523 408 M3

1842 353 1899 408 S.
1939 349 2281 408 EPIPHANII

3587 357 3693 413 ιιι

419 473 673 527 Christus
696 486 863 542 porro
894 471 1176 527 verissime
1207 471 1366 536 dixit,
1397 471 1671 527 Desiderio
1705 471 2007 528 desideravi

2119 471 2237 540 γεῖν
2256 475 2386 542 μεθ’
2419 473 2605 543 ὑμῶν.
2652 475 2813 527 Αὐτοὶ
2838 474 2894 527 δὲ
2914 514 2928 537 ,
2961 472 3361 544 ἐπιγράψαντες
3394 473 3454 527 τὸ
3492 475 3690 543 κρέας,

419 565 515 617 hoc
557 566 755 632 pascha
807 565 1128 618 manducare
1179 567 1463 620 vobiscum.
1519 566 1730 632 Quibus
1787 567 2010 635 insuper

423 657 746 710 vocabulum
799 657 926 719 hoc,
962 673 1194 718 carnem,
1239 658 1591 720 addiderunt,
1649 675 1815 728 seque
1859 659 2008 728 ipsos

423 747 732 802 miserrime
779 749 1134 817 deceperunt,
1177 765 1298 802 eum
1353 766 1449 818 per
1503 765 1778 803 summum
1828 751 2010 804 scelus

432 841 734 896 adulterata
777 843 1058 912 Scriptura
1109 844 1252 897 hunc
1285 845 1338 896 in
1388 845 1607 898 modum
1654 846 2005 899 extulerunt:

430 931 576 986 Num
599 935 858 988 desiderio
899 935 1195 990 desideravi
1235 939 1331 990 hoc
1368 938 1566 1006 pascha
1605 954 1817 991 carnem
1863 955 2010 990 man-

421 1024 621 1081 ducare
668 1027 971 1083 vobiscum?
1022 1029 1185 1100 Atqui
1244 1031 1422 1100 palam
1479 1031 1613 1084 illud
1674 1031 2006 1095 ostenditur,

420 1112 705 1171 Christum
744 1118 1028 1173 Dominum
1065 1131 1118 1174 et
1167 1123 1367 1190 pascha
1414 1123 1744 1186 celebrasse,
1783 1129 1838 1176 et
1887 1138 2008 1176 car-

421 1223 523 1263 nes
566 1210 770 1274 edisse,
823 1213 1284 1281 quemadmodum
1341 1214 1474 1267 diri.
1525 1212 1794 1268 Prarterea
1845 1229 1909 1266 ex
1943 1229 2008 1268 eo

421 1302 542 1356 viso
577 1312 810 1373 possunt
842 1307 1117 1372 redargui,
1151 1305 1295 1375 quod
1342 1307 1502 1359 beato
1543 1305 1704 1359 Petro
1736 1316 2009 1361 monstra.

421 1399 539 1445 tum
565 1401 684 1460 est;
719 1409 846 1446 cum
894 1395 1122 1448 linteum
1163 1395 1289 1448 illud
1337 1394 1568 1461 aspexit,
1623 1394 1675 1446 in
1717 1410 1826 1463 quo
1862 1394 2006 1448 iera-

421 1499 542 1536 runt
575 1499 640 1538 ac
678 1486 950 1554 pecudum
987 1495 1038 1540 et
1071 1488 1344 1555 reptilium
1399 1487 1772 1548 ac‘volucrum
1808 1502 2006 1559 genera

423 1578 609 1631 omnia
642 1580 1086 1635 continebantur.
1123 1581 1436 1634 Secundum
1479 1596 1601 1650 quae
1646 1580 1738 1634 Dei
1784 1581 1872 1634 illa
1903 1595 2004 1633 vox

420 1678 507 1724 est
557 1672 764 1725 audita.
807 1671 993 1744 Surge,
1021 1674 1218 1738 occide,
1260 1683 1308 1726 et
1357 1678 1642 1726 manduca.
1700 1674 1854 1745 147
1903 1673 2008 1727 lte-

422 1761 728 1829 spoudeute
779 1762 939 1818 Petro
968 1782 981 1818 :
1016 1764 1168 1816 Absit
1213 1764 1434 1817 Domine
1458 1779 1476 1816 :
1506 1765 1638 1817 nihil
1673 1767 1809 1818 enim
1859 1781 2003 1817 cont-

423 1870 579 1907 mune
611 1857 687 1908 vel
712 1855 1044 1909 immundum
1071 1857 1289 1910 intravit
1319 1857 1371 1909 in
1401 1874 1458 1910 os
1490 1872 1697 1919 nteant;
1740 1857 2003 1910 Dominus

423 1947 708 2016 subjecit:
747 1949 898 2012 Quod
950 1948 1089 2002 Deus
1140 1950 1464 2018 puriﬁcavit,
1517 1959 1573 2001 tu
1622 1965 1895 2003 commune
1945 1965 2006 2002 ne

421 2039 624 2093 dixeris
652 2041 690 2092 ί.
727 2039 1006 2109 Siquidem
1041 2052 1273 2111 utroque
1311 2042 1472 2096 modo
1504 2041 1819 2097 conﬁrmari
1863 2042 2004 2095 veri-

423 2139 510 2184 tas
542 2139 741 2200 potest.
787 2131 915 2186 Sive
949 2131 1094 2185 enim
1141 2133 1406 2198 dixerint,
1442 2133 1509 2186 ad
1541 2134 1724 2186 omnia
1749 2133 2004 2187 esculen-

425 2231 604 2275 torum
657 2238 854 2292 genera
903 2222 1049 2277 Petri
1093 2224 1300 2278 dictum
1354 2223 1487 2278 illud
1536 2225 1828 2293 pertinere,
1880 2239 2003 2278 cum

423 2311 578 2377 dicit,
618 2312 768 2366 Nihil
793 2330 1024 2384 unquam
1049 2331 1319 2370 commune
1359 2316 1434 2370 vel
1467 2316 1832 2380 immundum;
1865 2323 1924 2370 ut
1953 2325 2007 2371 et

420 2404 613 2470 boves,
663 2422 881 2476 capras,
912 2422 1044 2462 oves
1101 2423 1164 2462 ac
1210 2409 1460 2465 volucres
1511 2424 1832 2464 communes
1885 2424 2008 2464 esse

424 2498 679 2562 voluerit,
710 2500 894 2553 statim
937 2501 1062 2556 illos
1092 2502 1241 2572 prior
1272 2502 1391 2572 ejus
1417 2501 1628 2556 vivendi
1673 2502 1814 2556 ratio
1844 2501 2008 2555 refel-

425 2592 507 2645 lit.
545 2591 715 2646 Ducta
751 2594 952 2664 quippe
988 2594 1098 2663 jam
1149 2610 1317 2648 uxore
1345 2610 1469 2649 cum
1516 2603 1568 2650 et
1602 2596 1804 2652 liberos
1841 2596 2008 2650 habe-

427 2691 510 2737 ret
540 2691 594 2736 et
644 2700 887 2751 socrum,
939 2701 969 2739 a
1014 2685 1328 2741 Judaaorum
1375 2689 1714 2742 caeremoniis
1766 2704 1888 2743 sese
1939 2688 2006 2742 ad

424 2774 702 2829 Christum
739 2779 1067 2848 aggregavit.
1103 2779 1171 2831 At
1196 2777 1366 2832 Judazi
1399 2779 1657 2835 carnibus
1689 2790 2005 2845 vescuntur,

427 2881 528 2922 nec
585 2883 773 2921 earum
832 2885 967 2924 usus
1019 2870 1162 2939 apud
1215 2871 1336 2926 illos
1385 2872 1740 2926 exsecrabilis
1783 2885 1866 2926 est
1915 2881 2010 2925 aut

428 2957 757 3027 prohibitus.
783 2960 917 3012 Cum
951 2960 1116 3027 igitur
1139 2959 1296 3014 initio
1327 2963 1584 3016 carnibus
1616 2971 1882 3024 uteretur,
1902 2965 2010 3018 sal-

429 3060 534 3103 tem
567 3050 633 3103 ad
670 3051 722 3103 id
757 3068 928 3120 usque
967 3061 1201 3121 tempus,
1237 3071 1345 3122 quo
1381 3055 1435 3108 in
1487 3055 1766 3110 Christum
1829 3057 2010 3112 Domi-

2100 566 2337 628 -ἐαυτοὺς
2369 566 2702 636 ἐπλάνησαν,
2740 567 3232 638 ῥᾳδιουργήσαντες
3265 567 3358 620 καὶ
3407 567 3652 630 εἰπόντες
3673 583 3687 598 ⁸

2111 656 2168 709 Μ
2174 657 2208 723 ἡ
2249 658 2529 727 ἐπιθυμίᾳ
2561 661 2912 728 ἐπεθύμησα
2949 660 3125 713 τοῦτο
3163 660 3228 712 τὸ
3267 660 3477 728 πάσχα
3514 662 3692 729 κρέας

2109 749 2322 816 φαγεῖν
2363 751 2491 816 μεθ’
2527 749 2728 818 ὑμῶν;
2775 751 2970 819 Σαφῶς
3024 751 3079 803 δὲ
3133 751 3424 813 δείκνυται,
3478 754 3558 806 ὅτι
3598 753 3691 806 καὶ

2117 840 2300 909 πάσχα
2333 841 2642 906 ἐπετέλεσε,
2674 844 2767 895 καὶ
2800 843 2938 914 κρέα
2965 843 3262 913 βέϐρωκεν,
3297 845 3371 903 ώς
3406 848 3687 914 προεῖπον.

2125 931 2281 983 Ἀλλά
2343 933 2435 985 καὶ
2485 934 2593 985 ἀπὸ
2642 933 2735 986 τοῦ
2786 936 3061 1006 ὁράματος
3129 936 3544 1006 ἐλεγχθήσονται
3593 937 3686 990 τοῦ

2111 1021 2588 1091 ἀποκαλυφθέντος
2619 1025 2695 1094 τῷ
2734 1027 2874 1095 ἁγίῳ
2918 1027 3109 1096 Πέτρῳ
3139 1027 3225 1078 διὰ
3253 1030 3352 1098 τῆς
3379 1028 3567 1097 ὀθόνης
3593 1028 3689 1099 τῆς

2110 1115 2337 1186 ἐχούσης
2368 1117 2544 1169 πάντα
2577 1119 2632 1169 ἐν
2678 1119 2812 1189 αὐτῇ
2849 1119 3011 1190 θηρία
3038 1136 3096 1171 τε
3131 1120 3224 1172 καὶ
3260 1122 3451 1192 κτήνη,
3486 1121 3688 1191 ἐρπετά

2110 1208 2204 1260 καὶ
2253 1208 2496 1271 πετεινὰ,
2546 1210 2640 1261 καὶ
2696 1210 2878 1278 φωνῆς
2921 1211 3125 1282 Κυρίου
3172 1211 3454 1282 λεγούσης,
3523 1212 3690 1265 Ἀνα-

2109 1299 2279 1365 στὰς,
2315 1301 2525 1365 θῦσον,
2563 1301 2660 1354 καὶ
2688 1301 2856 1370 φάγε.
2896 1303 3006 1355 Καὶ
3035 1302 3126 1355 τοῦ
3160 1304 3368 1373 Πέτρου
3406 1303 3686 1371 λέγοντοςο

2111 1391 2430 1461 Μηδαμῶς,
2454 1395 2632 1459 Κύριε
2657 1409 2672 1425 °
2705 1393 2884 1446 οὐδὲν
2910 1395 3114 1447 κοινὸν
3141 1394 3178 1461 ἢ
3201 1395 3540 1462 ἀκάθαρτον
3566 1399 3689 1448 εἱσ-

2108 1486 2295 1553 ῆλθεν
2337 1489 2423 1549 εὶς
2465 1486 2532 1538 τὸ
2578 1488 2773 1554 στόμα
2799 1503 2952 1554 μου·
3005 1488 3166 1556 φησιν
3197 1489 3224 1538 ὁ
3257 1486 3492 1555 Κύριος·
3542 1490 3608 1542 ’Ἀ
3658 1492 3690 1542 ὀ

2112 1577 2255 1641 Θεὸς
2283 1577 2618 1645 ἑκαθάρισε,
2670 1577 2752 1630 σὺ
2785 1577 2870 1646 μὴ
2914 1580 3140 1630 κοίνου.
3183 1577 3552 1648 Εὑρεθήσεται
3581 1579 3691 1650 γάρ

2110 1671 2175 1720 ἐκ
2202 1669 2294 1722 δύο
2332 1670 2549 1740 τρόπων
2574 1669 2673 1740 τῆς
2702 1669 2958 1739 ἀληθείας
2985 1673 3017 1739 ἡ
3057 1670 3332 1734 σύστασις.
3363 1670 3424 1722 Εἰ
3461 1671 3558 1740 μὲν
3581 1673 3691 1741 γάρ

2110 1759 2294 1828 ἐροῦσι
2329 1759 2468 1812 κατά
2511 1759 2727 1813 πάντων
2779 1760 3083 1830 βρωμάτων
3124 1760 3554 1832 διεξεληλυθέναι
3605 1760 3690 1813 λό-

2108 1866 2204 1918 γον
2233 1851 2324 1903 τὸν
2360 1849 2513 1918 ἆγιον
2546 1851 2769 1921 Πέτρον,
2794 1853 2886 1905 καὶ
2920 1852 3118 1919 λέγειν,
3144 1853 3545 1905 ότι-Οὐδέποτε
3571 1871 3692 1905 κοι-

2107 1942 2219 1996 νὸν
2261 1942 2300 2009 ἢ
2349 1942 2707 2011 ἀκάθαρτον,
2757 1944 2832 2006 ώς
2881 1945 2972 1996 καὶ
3021 1944 3169 2013 βόας,
3212 1944 3304 1996 καὶ
3359 1940 3544 2011 αἶγας,
3599 1946 3692 1998 καὶ

2109 2035 2375 2106 πρόϐατα,
2431 2037 2523 2088 καὶ
2573 2036 2770 2105 ὄρνεις,
2807 2036 2961 2089 κοινὰ
3014 2037 3266 2105 λέγεσθαι
3318 2037 3446 2107 παρ’
3498 2037 3688 2107 αὐτῷ·

2107 2127 2270 2189 εὐθὺς
2300 2127 2718 2198 ἐλεγχθήσονται
2768 2131 2832 2181 ἐκ
2873 2131 2972 2197 τῆς
3022 2131 3291 2200 προτέρας
3340 2130 3503 2182 αὐτοῦ
3554 2133 3691 2183 ἀνα-

2111 2220 2366 2289 στροφῆς.
2413 2219 2567 2272 Μετά
2596 2219 2704 2292 γάρ
2733 2220 2792 2272 τὸ
2824 2220 3000 2291 γῆμαι
3041 2223 3134 2273 καὶ
3166 2221 3326 2274 τέκνα
3372 2221 3688 2291 κεκτῆσθαι,

2110 2312 2203 2364 καὶ
2238 2313 2501 2383 πενθεράν
2551 2313 2715 2382 ἔχειν,
2754 2313 3009 2383 συνέτυχε
3061 2315 3137 2379 τῷ
3184 2314 3398 2385 Σωτῆρι
3446 2315 3505 2378 ἐξ
3561 2316 3692 2367 Ἰου-

2109 2405 2276 2459 δαίων
2308 2404 2645 2478 ὁρμώμενος.
2693 2407 2931 2458 Ἰουδαῖοι
2965 2407 3021 2458 δέ
3057 2407 3149 2458 καὶ
3193 2411 3400 2476 σάρκας
3429 2406 3690 2472 ἐσθίουσι,

2109 2498 2204 2552 καὶ
2254 2497 2573 2568 κρεωφαγία
2624 2499 2751 2568 παρ’
2806 2498 2988 2560 αὐτοῖς
3043 2498 3142 2550 οὐκ
3192 2498 3530 2561 ἐϐδέλυκται,
3573 2497 3693 2549 οὐδὲ

2110 2592 2504 2662 ἀπηγόρευται.
2576 2591 2719 2661 ’Ἄρα
2787 2589 2917 2658 γοῦν
2976 2589 3138 2642 αὑτοῦ
3197 2589 3534 2659 βεϐρωκότος
3597 2588 3692 2641 ἀπ’

2111 2683 2305 2753 ἀρχῆς,
2351 2684 2399 2735 εί
2447 2683 2541 2734 καὶ
2589 2682 2693 2744 ἕως
2735 2681 2828 2734 τοῦ
2879 2681 3206 2750 συναντῆσαι
3253 2680 3330 2750 τῷ
3369 2681 3581 2751 Σωτῆρι
3612 2678 3694 2732 εῖ-

2112 2776 2266 2844 ποιμ¹
2327 2773 2413 2837 ἂν,
2465 2774 2837 2844 δειχθήσεται,
2885 2774 2967 2825 ὅτι
3012 2771 3162 2826 οὐδὲν
3219 2773 3396 2826 κοινὸν
3451 2773 3696 2842 ἡγήσατο

2111 2866 2218 2918 τῶν
2243 2867 2304 2919 οὺ
2332 2865 2526 2919 κοινῶν
2571 2866 2899 2935 λεγομένων.
2936 2867 3045 2917 Καὶ
3077 2865 3185 2936 γάρ
3211 2866 3270 2917 οὺ
3315 2864 3452 2917 κατὰ
3479 2865 3696 2916 πάντων

2111 2959 2397 3029 διεξήγαγε
2431 2957 2491 3010 τὸ
2541 2958 2717 3012 κοινὸν
2763 2960 2855 3010 καὶ
2902 2957 3229 3028 ἀκάθαρτον,
3268 2957 3403 3009 ἀλλά
3451 2955 3577 3023 περὶ
3622 2948 3698 3006 ὧν

2114 3051 2296 3120 ἔλεγεν
2345 3053 2372 3104 ὁ
2415 3051 2578 3121 νόμος
2631 3050 2823 3102 κοινῶν
2875 3050 2968 3102 καὶ
3019 3049 3362 3118 ἀκαθάρτων.
3424 3046 3594 3098 Πάλιν
3640 3046 3697 3098 δὲ

426 3157 558 3194 num
601 3141 809 3205 incidit,
845 3143 1190 3196 manifestum
1220 3150 1303 3196 est
1330 3144 1463 3196 nihil
1492 3145 1665 3208 illum,
1695 3147 1837 3215 quod
1868 3163 2011 3200 com-

2119 3149 2304 3202 τούτου
2342 3148 2668 3218 δειχθέντος,
2706 3147 2786 3198 ότι
2837 3145 2897 3197 οὐ
2947 3145 3075 3212 περὶ
3125 3145 3340 3196 πάντων
3380 3141 3486 3193 τῶν
3522 3141 3698 3210 κρέων

427 3249 591 3286 mune
626 3249 733 3286 non
761 3242 930 3299 esset,
968 3250 1066 3302 pro
1099 3238 1374 3290 communi
1399 3237 1656 3290 habuisse
1687 3255 1700 3291 :
1739 3254 1846 3291 non
1871 3239 2013 3292 enim

427 3339 618 3378 omnes
636 3325 788 3378 cibos
813 3327 1118 3381 communis
1146 3328 1522 3397 immundique
1551 3345 1681 3383 voce
1699 3332 2015 3399 complexus

427 3424 534 3479 est,
567 3417 661 3471 sed
696 3433 834 3486 quos
857 3419 1124 3486 ejusmodi
1152 3435 1273 3474 esse
1295 3422 1378 3474 lex
1403 3422 1519 3490 ipsa
1542 3421 1849 3476 deﬁnierat.
1877 3423 2015 3476 Cum

430 3509 600 3578 igitur
623 3519 857 3572 constet,
877 3527 982 3565 non
1003 3511 1069 3566 de
1098 3513 1244 3564 muni
1263 3514 1512 3567 carnium
1547 3530 1743 3584 genere
1774 3516 2016 3569 locutum

429 3615 552 3655 esse
574 3600 816 3664 Petrum,
839 3610 896 3655 ut
913 3619 1102 3656 omnes
1119 3620 1240 3657 esse
1261 3620 1577 3661 communes
1595 3606 1819 3670 diceret,
1837 3608 1928 3662 sed
1953 3607 2019 3662 de

431 3693 498 3746 iis
523 3709 660 3762 quas
682 3709 804 3748 esse
836 3709 1154 3748 communes
1189 3696 1605 3763 immundasque
1639 3699 1723 3753 lex
1752 3701 2016 3764 edixerat,

432 3782 578 3838 Deus
595 3793 796 3838 sanctae
813 3786 1015 3839 Christi
1041 3787 1295 3841 Ecclesiae
1317 3797 1500 3842 notam
1527 3789 1867 3860 formamque
1891 3809 2022 3860 prae-

433 3877 700 3944 scribens,
736 3893 1025 3931 commune
1058 3879 1356 3948 quidquam
1401 3883 1671 3950 appellare
1719 3885 2017 3952 prohibuit.

432 3967 628 4020 Omnia
652 3968 852 4036 quippe
885 3983 1019 4036 pura
1043 3977 1192 4032 sunt,
1224 3971 1268 4023 si
1296 3986 1419 4024 cum
1453 3973 1665 4026 actione
1689 3977 2014 4043 gratiarum,

432 4057 640 4128 Deique
673 4060 1051 4114 benedictione
1078 4071 1386 4115 sumantur.
1407 4062 1550 4128 Quin
1583 4067 1744 4120 etiam
1783 4070 2022 4122 vocatio-

434 4167 556 4206 nem
586 4152 825 4223 geutium
860 4153 1033 4206 visum
1059 4154 1188 4208 illud
1218 4155 1600 4223 adumbrabat,
1650 4175 1716 4213 ne
1753 4162 2016 4229 praeputio

436 4244 690 4313 praaditos
745 4261 1062 4299 communes
1120 4247 1474 4316 impurosque
1530 4260 1798 4305 censeret.
1831 4253 2018 4318 Quan-

2120 3241 2268 3312 αὐτῷ
2309 3241 2514 3309 ἔλεγεν,
2550 3240 2624 3302 ὡς
2670 3237 2862 3292 κοινῶν
2897 3241 3113 3289 πάντων
3159 3237 3348 3296 ὄντων,
3398 3233 3534 3286 ἀλλά
3569 3235 3699 3302 περὶ

2120 3337 2228 3389 τῶν
2268 3337 2324 3387 ἐν
2377 3334 2454 3404 τῷ
2501 3335 2648 3404 νόμῳ
2679 3332 2874 3384 κοινῶν
2908 3348 2964 3382 τε
3011 3331 3103 3382 καὶ
3134 3329 3478 3400 ἀκαθάρτων,
3509 3328 3537 3378 ὁ
3567 3326 3701 3389 Θεὸς

2120 3431 2216 3499 τῆς
2249 3430 2409 3497 ἁγίας
2458 3409 2692 3498 Χριστοῦ
2738 3424 3066 3493 Ἐκκλησίας
3112 3424 3202 3475 τὸν
3248 3420 3567 3492 χαρακτῆρα
3597 3436 3700 3472 πα-

2126 3523 2386 3594 ραδιδοὺς,
2420 3522 2601 3587 ἔλεγεν
2634 3517 2782 3586 αὐτῷ
2815 3515 2979 3586 μηδὲν
3015 3514 3189 3566 κοινὸν
3215 3512 3480 3583 ἡγεῖσθαι.
3516 3509 3702 3561 Πάντα

2121 3617 2229 3686 γάρ
2269 3617 2382 3667 ἐστι
2432 3613 2668 3682 καθαρὰ,
2723 3609 2859 3681 μετά
2905 3601 3250 3677 εὐχαριστίας
3306 3604 3397 3656 καὶ
3453 3601 3702 3668 εὐλογίας

2122 3705 2256 3758 Θεοῦ
2305 3703 2708 3774 λαμϐανόμενα.
2783 3698 2943 3752 Ἀλλά
3000 3698 3091 3750 καὶ
3143 3696 3271 3766 περὶ
3304 3695 3400 3762 τῆς
3459 3693 3703 3762 κλήσεως

2122 3801 2230 3852 τῶν
2264 3798 2429 3850 ἐθνῶν
2463 3796 2522 3848 τὸ
2553 3796 2780 3862 αἴνιγμα
2813 3789 2977 3861 εἶχεν,
3021 3791 3108 3842 ἵνα
3147 3789 3219 3857 μὴ
3257 3787 3533 3856 ἡγήσηται
3579 3785 3705 3844 τοὺς

2124 3891 2181 3942 ἐν
2207 3887 2539 3960 ἀκροϐυστία
2567 3886 2775 3960 κοινοὺς
2803 3883 2834 3953 ἢ
2866 3882 3229 3952 ἀκαθάρτους.
3251 3880 3438 3948 Ὅμως
3469 3879 3502 3946 ἠ
3533 3877 3704 3944 Eppu-

2127 3998 2210 4042 σις
2240 3979 2333 4032 τοῦ
2362 3980 2568 4048 Πέτρου
2598 3957 2663 4030 ὀὐ
2687 3976 2814 4046 περὶ
2843 3973 3130 4044 ἀνθρώπου
3161 3970 3272 4042 εἶχε
3298 3971 3396 4040 τὴν
3425 3969 3702 4028 ὑπόνοιαν,

2123 4071 2260 4126 ἀλλὰ
2297 4072 2423 4141 περὶ
2450 4069 2557 4122 τῶν
2589 4071 2644 4121 ἐν
2686 4067 2762 4137 τῷ
2794 4067 2944 4136 νόμῳ
2977 4063 3461 4135 ἀπηγορευμένων,
3505 4061 3580 4123 ὡς
3613 4059 3707 4111 καὶ

2127 4163 2289 4217 παντί
2317 4179 2394 4231 τῳ
2423 4159 2590 4226 σαφὲς
2619 4158 2683 4210 ἂν
2720 4159 2803 4228 εἴη
2826 4174 2839 4187 ⁵
2874 4157 2969 4210 καὶ
3003 4156 3258 4220 ἐξέπεσεν
3291 4153 3468 4205 αὐτῶν
3505 4166 3708 4203 παντα-

2126 4257 2282 4328 χόθεν
2319 4257 2346 4308 ὁ
2384 4251 2632 4322 ληρώδης
2661 4250 2836 4314 λόγος.

435 4350 594 4401 quam
625 4334 838 4404 objecta
873 4336 962 4388 illa
992 4335 1152 4390 Petro
1169 4338 1380 4406 species
1405 4355 1508 4392 non
1536 4341 1604 4393 ad
1637 4343 2021 4412 signiticandos
2041 4354 2309 4410 homines,
2329 4347 2421 4402 sed
2442 4345 2506 4398 ad
2542 4359 2602 4396 ea
2619 4359 2738 4412 qua:
2771 4343 2883 4411 lege
2901 4348 3056 4393 erant
3085 4337 3373 4390 interdicta
3395 4333 3706 4405 spectabat;

437 4426 490 4480 id
522 4427 666 4497 quod
693 4441 941 4482 constare
970 4430 1191 4484 cuilibet
1215 4439 1410 4499 potest.
1454 4433 1529 4486 Ita
1563 4437 1801 4506 undique
1835 4448 2123 4511 nugatoria
2155 4460 2216 4496 ac
2261 4441 2395 4495 levis
2430 4439 2648 4491 illorum
2682 4433 2868 4502 opinio
2902 4431 3157 4485 concidat
3191 4443 3415 4481 necesse
3443 4434 3548 4479 est.

511 4525 694 4580 XXIII.
747 4525 908 4580 Iidem
973 4531 1341 4597 apostolorum
1404 4531 1659 4600 nouiina,
1724 4552 1830 4604 quo
1882 4538 2015 4593 l'aci—

2205 4540 2329 4593 ΚΡ.
2378 4537 2498 4588 Τῶν
2530 4534 2585 4586 δέ
2621 4529 2931 4586 ἀποστόλων
2976 4527 3044 4580 τὰ
3073 4527 3312 4595 ὀνόματα
3345 4527 3423 4585 εἰς
3469 4522 3565 4592 τὴν
3603 4519 3711 4572 τῶν

439 4621 544 4675 lius
571 4629 866 4676 sectatores
890 4637 1019 4675 suos
1045 4622 1341 4689 pelliciant,
1368 4639 1462 4690 per
1486 4625 1889 4682 simulationem
1927 4633 2024 4685 ad-

440 4715 684 4777 mittunt,
717 4715 916 4782 quibus
959 4713 1122 4766 etiam
1168 4715 1429 4769 conﬁctos
1471 4719 1734 4784 quosdam
1775 4737 1806 4772 a
1856 4739 1913 4777 se
1960 4725 2025 4777 Ii-

441 4808 570 4861 bros
606 4805 932 4869 inscribunt,
991 4805 1135 4859 velut
1175 4821 1204 4858 a
1238 4805 1464 4872 Jacobo,
1499 4808 1772 4876 Malthzeo,
1805 4829 1867 4866 ac
1903 4816 2030 4868 reli-

443 4900 569 4969 quis
616 4898 902 4966 discipulis
953 4897 1150 4949 editos.
1216 4895 1360 4952 Inter
1417 4917 1536 4968 quae
1582 4900 1810 4957 Joannis
1867 4905 2029 4958 etiam

444 4987 678 5057 apostoli
725 5001 924 5039 nomen
978 4985 1314 5049 admiscent,
1364 5004 1473 5056 quo
1531 5005 1718 5044 eorum
1778 4994 2032 5047 vecordia

445 5082 616 5150 possit
645 5095 711 5133 ex
755 5078 902 5132 omni
944 5085 1098 5148 parte
1139 5077 1490 5147 deprehendi.
1531 5082 1664 5136 Nam
1703 5101 1809 5138 non
1843 5102 1908 5140 eo
1943 5103 2034 5141 so-

448 5175 557 5226 lum
590 5173 712 5226 illos
745 5172 941 5243 arguit,
974 5171 1116 5241 quod
1151 5171 1322 5228 dixit:
1363 5173 1428 5227 In
1461 5177 1719 5246 principio
1750 5189 1862 5232 erat
1908 5179 2035 5234 Ver-

449 5266 590 5327 bum,
622 5275 670 5319 et
709 5265 933 5319 Verbum
967 5278 1080 5320 erat
1110 5269 1249 5338 apud
1281 5267 1468 5328 Deum,
1505 5281 1554 5323 et
1591 5271 1726 5325 Deus
1757 5282 1870 5326 erat
1905 5273 2033 5327 Ver-

451 5356 571 5408 bum
602 5360 622 5388 ⁸
661 5376 673 5410 :
713 5374 897 5412 verum
948 5360 1112 5414 etiam
1164 5361 1306 5429 quod
1355 5361 1555 5430 quibus
1593 5363 1753 5434 148
1805 5365 1856 5417 in
1901 5366 2035 5419 locis

453 5450 626 5502 sancti
660 5450 895 5518 Spiritus
933 5453 1193 5508 instinctu
1235 5469 1353 5522 qua:
1385 5469 1415 5507 a
1457 5454 1674 5509 Christo
1710 5455 1938 5511 Domino
1969 5458 2037 5512 de

453 5540 695 5608 quolibet
734 5553 1054 5612 argumento
1091 5546 1296 5614 prolata
1349 5555 1498 5610 sunt,
1548 5556 1802 5604 accurate
1850 5566 2038 5619 prose-

452 5634 685 5704 quitur;
745 5635 1052 5690 divinorum
1108 5637 1496 5707 prophetarum
1555 5641 1882 5697 testimoniis
1935 5642 2040 5697 titi-

505 5795 549 5842 .'
582 5795 701 5850 Act.
739 5812 790 5856 χ,
825 5797 884 5851 l3
910 5814 1030 5868 sqq.
1109 5799 1128 5828 ¹
1164 5795 1320 5852 Joau.
1357 5813 1394 5863 l,
1437 5796 1485 5849 I.

2129 4629 2497 4703 ἠπατημένων
2533 4626 2622 4677 ὑπ’
2659 4622 2838 4677 αὐτῶν
2881 4619 3053 4673 πειθὼ
3100 4616 3482 4689 προσποιητῶς
3526 4615 3712 4682 δέχον-

2129 4739 2240 4784 ται,
2275 4721 2489 4791 βίϐλους
2533 4735 2592 4769 τε
2729 4716 2991 4785 ὀνόματος
3034 4710 3210 4765 αὐτῶν
3242 4710 3575 4778 πλασάμενοι
3616 4709 3712 4760 ἀν-

2132 4815 2460 4884 εγράψαντο,
2490 4810 2645 4878 δῆθεν
2676 4808 2782 4861 ἀπὸ
2815 4804 3106 4876 προσώπου
3136 4801 3414 4864 Ἰακώϐου,
3436 4799 3529 4850 καὶ
3559 4799 3715 4851 Ματ-

2136 4903 2323 4969 θαίου,
2357 4903 2450 4956 καὶ
2493 4899 2665 4954 ἄλλων
2707 4895 2984 4967 μαθητῶν.
3020 4895 3109 4946 Ἐν
3145 4888 3224 4956 οἷς
3270 4891 3499 4959 ὀνόμασι
3534 4889 3626 4942 καὶ
3655 4887 3717 4940 τὸ

2136 4994 2304 5064 ὄνομα
2342 4991 2588 5044 Ἰωάννου
2622 4988 2717 5041 τοῦ
2760 4986 3055 5039 ἀποστόλου
3103 4981 3596 5050 ἐγκαταλέγουσιν,
3633 4979 3718 5031 ἵνα

2138 5085 2474 5155 πανταχόθεν
2505 5081 2732 5153 φωρατὴ
2760 5080 2985 5149 γένηται
3023 5079 3055 5146 ἡ
3095 5075 3274 5129 αὐτῶν
3305 5074 3477 5126 ἄνοια.
3513 5071 3586 5124 Οὐ
3623 5071 3718 5141 μό-

2137 5196 2228 5232 νον
2256 5178 2364 5248 γὰρ
2398 5175 2610 5245 ἐλέγχει
2643 5174 2840 5232 αὐτοὺς
2881 5169 3022 5224 κατά
3063 5170 3242 5223 πάντα
3275 5168 3495 5236 τρόπον,
3525 5164 3718 5231 λέγων,

2139 5275 2219 5326 ὃτι
2271 5273 2366 5323 Ἐν
2400 5268 2558 5338 ἀρχῇ
2596 5265 2672 5338 ἦν
2719 5271 2750 5321 ό
2796 5267 3007 5335 Λόγος,
3045 5263 3144 5317 καὶ
3183 5267 3214 5315 ὁ
3256 5263 3445 5329 Λόγος
3470 5255 3546 5328 ἦν·
3573 5256 3722 5325 πρὸς

2139 5365 2247 5417 τὸν
2279 5362 2448 5426 Θεὸν,
2487 5360 2584 5414 καὶ
2617 5359 2757 5424 Θεὸς
2791 5354 2870 5428 ἦν
2901 5361 2932 5410 ὁ
2960 5357 3148 5424 Λόγος
3171 5371 3186 5387 ο
3223 5351 3357 5405 ἀλλά
3389 5352 3482 5402 καὶ
3517 5350 3596 5401 ὅτι
3628 5347 3724 5407 τὰς

2143 5455 2250 5509 τῶν
2277 5455 2448 5524 ἁγίων
2481 5452 2776 5525 προφητῶν
2809 5448 3129 5521 μαρτυρίας,
3165 5447 3221 5497 ἐν
3249 5439 3292 5510 ᾧ
3319 5445 3382 5494 ἐκ
3408 5440 3724 5509 Πνεῦματος
3796 5438 3801 5444 ’

2146 5547 2302 5615 ἁγίου
2335 5545 2675 5616 ὁρμώμενος,
2707 5545 2798 5596 καὶ
2826 5542 2894 5594 τὰ
2925 5539 3030 5593 ὑπὸ
3056 5536 3146 5590 τοῦ
3177 5535 3428 5604 Σωτῆρος
3463 5529 3727 5601 εἰρημένα

2149 5639 2328 5698 καλῶς
2363 5639 2795 5709 ἀκοιὸολογήσας
2841 5635 2968 5705 περὶ
3015 5632 3250 5702 ἑκάστης
3294 5626 3602 5687 ὑποθέσεως
3629 5625 3729 5691 τῆς

3542 5801 3594 5835 ρ
