  <div class='ocr_page' id='page_1' title='image "/cluster/home/n/w/nwhite01/storage/ocr_20150623/41/nnc1.0046978747/266.png"; bbox 0 0 4170 6372; ppageno 0'>
   <div class='ocr_carea' id='block_1_1' title="bbox 525 407 627 462">
    <p class='ocr_par' dir='ltr' id='par_1_1' title="bbox 525 407 627 462">
     <span class='ocr_line' id='line_1_1' title="bbox 525 407 627 462; baseline 0 0"><span class='ocrx_word' id='word_1_1' title='bbox 525 407 627 462; x_wconf 66' lang='lat'>“5</span> 
     </span>
    </p>
   </div>
   <div class='ocr_carea' id='block_1_2' title="bbox 1191 402 3145 465">
    <p class='ocr_par' dir='ltr' id='par_1_2' title="bbox 1191 402 3145 465">
     <span class='ocr_line' id='line_1_2' title="bbox 1191 402 3145 465; baseline 0.003 -7"><span class='ocrx_word' id='word_1_2' title='bbox 1191 403 1562 461; x_wconf 81' lang='lat' dir='ltr'><strong>ADVERSUS</strong></span> <span class='ocrx_word' id='word_1_3' title='bbox 1593 404 1707 459; x_wconf 70' lang='lat' dir='ltr'><strong>HAS</strong></span> <span class='ocrx_word' id='word_1_4' title='bbox 1726 403 1948 460; x_wconf 72' lang='lat' dir='ltr'><strong>RESES</strong></span> <span class='ocrx_word' id='word_1_5' title='bbox 1989 403 2116 458; x_wconf 87' lang='lat' dir='ltr'><strong>LIB.</strong></span> <span class='ocrx_word' id='word_1_6' title='bbox 2162 402 2202 460; x_wconf 87' lang='grc' dir='ltr'><strong>Ι.</strong></span> <span class='ocrx_word' id='word_1_7' title='bbox 2243 402 2408 458; x_wconf 80' lang='grc' dir='ltr'><strong>ΤΟΜ.</strong></span> <span class='ocrx_word' id='word_1_8' title='bbox 2450 404 2512 457; x_wconf 88' lang='lat' dir='ltr'><strong>ll.</strong></span> <span class='ocrx_word' id='word_1_9' title='bbox 2555 435 2622 444; x_wconf 92' lang='lat'><strong>-—-</strong></span> <span class='ocrx_word' id='word_1_10' title='bbox 2664 404 2939 462; x_wconf 74' lang='lat' dir='ltr'><strong>IUERES.</strong></span> <span class='ocrx_word' id='word_1_11' title='bbox 2979 407 3145 465; x_wconf 80' lang='lat' dir='ltr'><strong>XXX.</strong></span> 
     </span>
    </p>
   </div>
   <div class='ocr_carea' id='block_1_3' title="bbox 3680 409 3786 470">
    <p class='ocr_par' dir='ltr' id='par_1_3' title="bbox 3680 409 3786 470">
     <span class='ocr_line' id='line_1_3' title="bbox 3680 409 3786 470; baseline 0.019 -2"><span class='ocrx_word' id='word_1_12' title='bbox 3680 409 3786 470; x_wconf 66' lang='grc'><strong>446</strong></span> 
     </span>
    </p>
   </div>
   <div class='ocr_carea' id='block_1_4' title="bbox 523 502 2098 592">
    <p class='ocr_par' dir='ltr' id='par_1_4' title="bbox 523 516 2096 592">
     <span class='ocr_line' id='line_1_4' title="bbox 523 516 2096 592; baseline -0.006 -15"><span class='ocrx_word' id='word_1_13' title='bbox 523 526 602 588; x_wconf 83' lang='grc' dir='ltr'>εἰς</span> <span class='ocrx_word' id='word_1_14' title='bbox 647 519 880 592; x_wconf 74' lang='grc' dir='ltr'>Χριστὸν</span> <span class='ocrx_word' id='word_1_15' title='bbox 917 520 1313 592; x_wconf 75' lang='grc' dir='ltr'><strong>πληρωθείσης,</strong></span> <span class='ocrx_word' id='word_1_16' title='bbox 1345 521 1418 584; x_wconf 84' lang='grc' dir='ltr'>ὡς</span> <span class='ocrx_word' id='word_1_17' title='bbox 1449 516 1623 586; x_wconf 81' lang='grc' dir='ltr'>εἷπον,</span> <span class='ocrx_word' id='word_1_18' title='bbox 1658 520 1758 584; x_wconf 84' lang='grc' dir='ltr'>τὰς</span> <span class='ocrx_word' id='word_1_19' title='bbox 1794 519 2096 592; x_wconf 79' lang='grc' dir='ltr'>μαρτυρίας</span> 
     </span>
    </p>
   </div>
   <div class='ocr_carea' id='block_1_5' title="bbox 2199 502 3785 592">
    <p class='ocr_par' dir='ltr' id='par_1_5' title="bbox 2201 502 3785 592">
     <span class='ocr_line' id='line_1_5' title="bbox 2201 502 3785 592; baseline 0.007 -22"><span class='ocrx_word' id='word_1_20' title='bbox 2201 526 2330 580; x_wconf 90' lang='lat' dir='ltr'><strong>tur;</strong></span> <span class='ocrx_word' id='word_1_21' title='bbox 2381 536 2518 588; x_wconf 88' lang='lat' dir='ltr'><strong>quos</strong></span> <span class='ocrx_word' id='word_1_22' title='bbox 2569 521 2642 573; x_wconf 85' lang='lat' dir='ltr'><strong>illi</strong></span> <span class='ocrx_word' id='word_1_23' title='bbox 2697 537 2727 574; x_wconf 93' lang='lat' dir='ltr'><strong>a</strong></span> <span class='ocrx_word' id='word_1_24' title='bbox 2779 523 2976 592; x_wconf 90' lang='lat' dir='ltr'><strong>seipsis</strong></span> <span class='ocrx_word' id='word_1_25' title='bbox 3035 502 3440 591; x_wconf 62' lang='lat' dir='ltr'><strong>abiudirarunt.</strong></span> <span class='ocrx_word' id='word_1_26' title='bbox 3487 523 3600 578; x_wconf 84' lang='lat' dir='ltr'><strong>Hoc</strong></span> <span class='ocrx_word' id='word_1_27' title='bbox 3637 527 3785 581; x_wconf 89' lang='lat' dir='ltr'><strong>enim</strong></span> 
     </span>
    </p>
   </div>
   <div class='ocr_carea' id='block_1_6' title="bbox 524 606 2102 684">
    <p class='ocr_par' dir='ltr' id='par_1_6' title="bbox 524 606 2102 684">
     <span class='ocr_line' id='line_1_6' title="bbox 524 606 2102 684; baseline -0.003 -15"><span class='ocrx_word' id='word_1_28' title='bbox 524 616 768 682; x_wconf 67' lang='grc' dir='ltr'>ἐξέθετο·</span> <span class='ocrx_word' id='word_1_29' title='bbox 818 613 909 683; x_wconf 78' lang='grc' dir='ltr'>ἀφ’</span> <span class='ocrx_word' id='word_1_30' title='bbox 937 606 1010 667; x_wconf 83' lang='grc' dir='ltr'>ὧν</span> <span class='ocrx_word' id='word_1_31' title='bbox 1054 615 1348 684; x_wconf 72' lang='grc' dir='ltr'><strong>προφητῶν</strong></span> <span class='ocrx_word' id='word_1_32' title='bbox 1404 608 1546 668; x_wconf 72' lang='grc' dir='ltr'>οὗτοι</span> <span class='ocrx_word' id='word_1_33' title='bbox 1594 613 1816 676; x_wconf 74' lang='grc' dir='ltr'>ἑαυτοὺς</span> <span class='ocrx_word' id='word_1_34' title='bbox 1861 613 2102 682; x_wconf 87' lang='grc' dir='ltr'>ἀπηλλο-</span> 
     </span>
    </p>
   </div>
   <div class='ocr_carea' id='block_1_7' title="bbox 530 703 2102 777">
    <p class='ocr_par' dir='ltr' id='par_1_7' title="bbox 530 703 2102 777">
     <span class='ocr_line' id='line_1_7' title="bbox 530 703 2102 777; baseline -0.003 -18"><span class='ocrx_word' id='word_1_35' title='bbox 530 709 778 777; x_wconf 80' lang='grc' dir='ltr'>τρίωσαν.</span> <span class='ocrx_word' id='word_1_36' title='bbox 811 705 923 758; x_wconf 73' lang='grc' dir='ltr'>Καὶ</span> <span class='ocrx_word' id='word_1_37' title='bbox 955 703 1116 766; x_wconf 80' lang='grc' dir='ltr'>εὐθὺς</span> <span class='ocrx_word' id='word_1_38' title='bbox 1162 703 1363 768; x_wconf 73' lang='grc' dir='ltr'>ἔδειξεν</span> <span class='ocrx_word' id='word_1_39' title='bbox 1383 745 1398 767; x_wconf 89' lang='grc'><strong>,</strong></span> <span class='ocrx_word' id='word_1_40' title='bbox 1436 703 1511 768; x_wconf 84' lang='grc' dir='ltr'>ὡς</span> <span class='ocrx_word' id='word_1_41' title='bbox 1542 707 1654 767; x_wconf 82' lang='grc' dir='ltr'>τοῖς</span> <span class='ocrx_word' id='word_1_42' title='bbox 1683 704 1819 774; x_wconf 82' lang='grc' dir='ltr'>πρὸς</span> <span class='ocrx_word' id='word_1_43' title='bbox 1847 704 2102 773; x_wconf 83' lang='grc' dir='ltr'><strong>Ἰωάννην</strong></span> 
     </span>
    </p>
   </div>
   <div class='ocr_carea' id='block_1_8' title="bbox 530 793 2102 866">
    <p class='ocr_par' dir='ltr' id='par_1_8' title="bbox 530 793 2102 866">
     <span class='ocr_line' id='line_1_8' title="bbox 530 793 2102 866; baseline -0.004 -15"><span class='ocrx_word' id='word_1_44' title='bbox 530 799 612 851; x_wconf 75' lang='grc' dir='ltr'><strong>τὸν</strong></span> <span class='ocrx_word' id='word_1_45' title='bbox 646 796 955 864; x_wconf 80' lang='grc' dir='ltr'>Βαπτιστὴν</span> <span class='ocrx_word' id='word_1_46' title='bbox 991 795 1098 846; x_wconf 72' lang='grc' dir='ltr'><strong>ὑπὸ</strong></span> <span class='ocrx_word' id='word_1_47' title='bbox 1140 793 1250 847; x_wconf 84' lang='grc' dir='ltr'><strong>τῶν</strong></span> <span class='ocrx_word' id='word_1_48' title='bbox 1293 795 1602 866; x_wconf 78' lang='grc' dir='ltr'>Φαρισαίων</span> <span class='ocrx_word' id='word_1_49' title='bbox 1653 795 1978 864; x_wconf 82' lang='grc' dir='ltr'>πεμφθεῖσιν</span> <span class='ocrx_word' id='word_1_50' title='bbox 2007 793 2102 846; x_wconf 75' lang='grc' dir='ltr'><strong>αὖ·</strong></span> 
     </span>
    </p>
   </div>
   <div class='ocr_carea' id='block_1_9' title="bbox 523 885 2102 960">
    <p class='ocr_par' dir='ltr' id='par_1_9' title="bbox 523 885 2102 960">
     <span class='ocr_line' id='line_1_9' title="bbox 523 885 2102 960; baseline -0.004 -17"><span class='ocrx_word' id='word_1_51' title='bbox 523 891 612 954; x_wconf 77' lang='grc' dir='ltr'><strong>τος</strong></span> <span class='ocrx_word' id='word_1_52' title='bbox 641 889 896 960; x_wconf 78' lang='grc' dir='ltr'>Ἰωάννης</span> <span class='ocrx_word' id='word_1_53' title='bbox 925 886 1297 958; x_wconf 83' lang='grc' dir='ltr'>ἀποκρίνεται,</span> <span class='ocrx_word' id='word_1_54' title='bbox 1320 886 1516 955; x_wconf 77' lang='grc' dir='ltr'>λέγων’</span> <span class='ocrx_word' id='word_1_55' title='bbox 1542 885 1691 955; x_wconf 70' lang='grc' dir='ltr'>Ἐγὼ</span> <span class='ocrx_word' id='word_1_56' title='bbox 1714 886 1881 955; x_wconf 64' lang='grc' dir='ltr'><strong>φωνὴ</strong></span> <span class='ocrx_word' id='word_1_57' title='bbox 1910 885 2102 950; x_wconf 76' lang='grc' dir='ltr'>βοῶν-</span> 
     </span>
    </p>
   </div>
   <div class='ocr_carea' id='block_1_10' title="bbox 525 977 2100 1048">
    <p class='ocr_par' dir='ltr' id='par_1_10' title="bbox 525 977 2100 1048">
     <span class='ocr_line' id='line_1_10' title="bbox 525 977 2100 1048; baseline -0.004 -14"><span class='ocrx_word' id='word_1_58' title='bbox 525 1001 624 1047; x_wconf 87' lang='grc' dir='ltr'><strong>τος</strong></span> <span class='ocrx_word' id='word_1_59' title='bbox 658 983 728 1034; x_wconf 75' lang='grc' dir='ltr'><strong>ἐν</strong></span> <span class='ocrx_word' id='word_1_60' title='bbox 767 979 843 1048; x_wconf 75' lang='grc' dir='ltr'>τῇ</span> <span class='ocrx_word' id='word_1_61' title='bbox 889 977 1117 1048; x_wconf 65' lang='grc' dir='ltr'><strong>ὲρήμῳσ</strong></span> <span class='ocrx_word' id='word_1_62' title='bbox 1151 979 1455 1032; x_wconf 74' lang='grc' dir='ltr'><strong>Εὐθύνατε</strong></span> <span class='ocrx_word' id='word_1_63' title='bbox 1500 978 1614 1045; x_wconf 76' lang='grc' dir='ltr'><strong>τὴν</strong></span> <span class='ocrx_word' id='word_1_64' title='bbox 1669 977 1813 1030; x_wconf 78' lang='grc' dir='ltr'><strong>ὁδὸν</strong></span> <span class='ocrx_word' id='word_1_65' title='bbox 1859 978 2100 1044; x_wconf 65' lang='grc' dir='ltr'>Κιεριόυ·</span> 
     </span>
    </p>
   </div>
   <div class='ocr_carea' id='block_1_11' title="bbox 524 1065 2098 1135">
    <p class='ocr_par' dir='ltr' id='par_1_11' title="bbox 524 1065 2098 1135">
     <span class='ocr_line' id='line_1_11' title="bbox 524 1065 2098 1135; baseline -0.004 -11"><span class='ocrx_word' id='word_1_66' title='bbox 524 1071 716 1134; x_wconf 84' lang='grc' dir='ltr'>καθὼς</span> <span class='ocrx_word' id='word_1_67' title='bbox 747 1067 914 1122; x_wconf 76' lang='grc' dir='ltr'>εἶπεν</span> <span class='ocrx_word' id='word_1_68' title='bbox 954 1069 1197 1132; x_wconf 85' lang='grc' dir='ltr'>Ἡσαΐας</span> <span class='ocrx_word' id='word_1_69' title='bbox 1233 1069 1264 1119; x_wconf 85' lang='grc' dir='ltr'><strong><em>ό</em></strong></span> <span class='ocrx_word' id='word_1_70' title='bbox 1304 1065 1612 1134; x_wconf 61' lang='grc' dir='ltr'>προφήτης</span> <span class='ocrx_word' id='word_1_71' title='bbox 1633 1107 1646 1119; x_wconf 93' lang='grc'><strong>.</strong></span> <span class='ocrx_word' id='word_1_72' title='bbox 1671 1066 1781 1118; x_wconf 74' lang='grc' dir='ltr'><strong>Καὶ</strong></span> <span class='ocrx_word' id='word_1_73' title='bbox 1808 1065 1968 1119; x_wconf 83' lang='grc' dir='ltr'>πάλιν</span> <span class='ocrx_word' id='word_1_74' title='bbox 2001 1067 2098 1135; x_wconf 55' lang='grc' dir='ltr'><strong>αὐέ</strong></span> 
     </span>
    </p>
   </div>
   <div class='ocr_carea' id='block_1_12' title="bbox 531 1157 2100 1233">
    <p class='ocr_par' dir='ltr' id='par_1_12' title="bbox 531 1157 2100 1233">
     <span class='ocr_line' id='line_1_12' title="bbox 531 1157 2100 1233; baseline -0.005 -16"><span class='ocrx_word' id='word_1_75' title='bbox 531 1165 614 1228; x_wconf 84' lang='grc' dir='ltr'><strong>τὸς</strong></span> <span class='ocrx_word' id='word_1_76' title='bbox 642 1164 669 1216; x_wconf 89' lang='lat'><strong>6</strong></span> <span class='ocrx_word' id='word_1_77' title='bbox 701 1163 954 1233; x_wconf 83' lang='grc' dir='ltr'>Ἰωάννης</span> <span class='ocrx_word' id='word_1_78' title='bbox 986 1161 1156 1228; x_wconf 91' lang='grc' dir='ltr'>λέγει,</span> <span class='ocrx_word' id='word_1_79' title='bbox 1191 1159 1298 1212; x_wconf 83' lang='grc' dir='ltr'><strong>ἀπὸ</strong></span> <span class='ocrx_word' id='word_1_80' title='bbox 1328 1159 1437 1212; x_wconf 85' lang='grc' dir='ltr'><strong>τῶν</strong></span> <span class='ocrx_word' id='word_1_81' title='bbox 1472 1159 1769 1229; x_wconf 82' lang='grc' dir='ltr'>προφητῶν</span> <span class='ocrx_word' id='word_1_82' title='bbox 1799 1157 1976 1211; x_wconf 75' lang='grc' dir='ltr'>λαϐὼν</span> <span class='ocrx_word' id='word_1_83' title='bbox 2003 1157 2100 1228; x_wconf 79' lang='grc' dir='ltr'>τὴν</span> 
     </span>
    </p>
   </div>
   <div class='ocr_carea' id='block_1_13' title="bbox 527 1248 2102 1328">
    <p class='ocr_par' dir='ltr' id='par_1_13' title="bbox 527 1248 2102 1328">
     <span class='ocr_line' id='line_1_13' title="bbox 527 1248 2102 1328; baseline -0.005 -20"><span class='ocrx_word' id='word_1_84' title='bbox 527 1255 853 1328; x_wconf 79' lang='grc' dir='ltr'>μαρτυρίαν,</span> <span class='ocrx_word' id='word_1_85' title='bbox 890 1253 1033 1322; x_wconf 69' lang='grc' dir='ltr'>φημὶ</span> <span class='ocrx_word' id='word_1_86' title='bbox 1075 1252 1131 1304; x_wconf 83' lang='grc' dir='ltr'><strong>δὲ</strong></span> <span class='ocrx_word' id='word_1_87' title='bbox 1174 1251 1282 1304; x_wconf 80' lang='grc' dir='ltr'><strong>ἀπὸ</strong></span> <span class='ocrx_word' id='word_1_88' title='bbox 1313 1250 1406 1304; x_wconf 82' lang='grc' dir='ltr'><strong>τοῦ</strong></span> <span class='ocrx_word' id='word_1_89' title='bbox 1455 1251 1637 1312; x_wconf 78' lang='grc' dir='ltr'>Δαϐὶδ,</span> <span class='ocrx_word' id='word_1_90' title='bbox 1693 1250 1780 1302; x_wconf 78' lang='grc' dir='ltr'><strong>ὅτε</strong></span> <span class='ocrx_word' id='word_1_91' title='bbox 1828 1251 1856 1302; x_wconf 98' lang='lat'><strong>6</strong></span> <span class='ocrx_word' id='word_1_92' title='bbox 1896 1248 2102 1320; x_wconf 73' lang='grc' dir='ltr'>Κύριος</span> 
     </span>
    </p>
   </div>
   <div class='ocr_carea' id='block_1_14' title="bbox 523 1340 2102 1414">
    <p class='ocr_par' dir='ltr' id='par_1_14' title="bbox 523 1340 2102 1414">
     <span class='ocr_line' id='line_1_14' title="bbox 523 1340 2102 1414; baseline -0.006 -13"><span class='ocrx_word' id='word_1_93' title='bbox 523 1347 621 1411; x_wconf 78' lang='grc' dir='ltr'><strong>τὰς</strong></span> <span class='ocrx_word' id='word_1_94' title='bbox 676 1344 954 1414; x_wconf 79' lang='grc' dir='ltr'>τραπέζας</span> <span class='ocrx_word' id='word_1_95' title='bbox 1005 1342 1111 1396; x_wconf 84' lang='grc' dir='ltr'><strong>τῶν</strong></span> <span class='ocrx_word' id='word_1_96' title='bbox 1165 1341 1528 1395; x_wconf 81' lang='grc' dir='ltr'>κολλυϐιστῶν</span> <span class='ocrx_word' id='word_1_97' title='bbox 1587 1341 1922 1410; x_wconf 69' lang='grc' dir='ltr'>κατέστρεψε</span> <span class='ocrx_word' id='word_1_98' title='bbox 1949 1381 1964 1404; x_wconf 96' lang='grc'><strong>,</strong></span> <span class='ocrx_word' id='word_1_99' title='bbox 2007 1340 2102 1393; x_wconf 81' lang='grc' dir='ltr'>καὶ</span> 
     </span>
    </p>
   </div>
   <div class='ocr_carea' id='block_1_15' title="bbox 523 1426 2103 1501">
    <p class='ocr_par' dir='ltr' id='par_1_15' title="bbox 523 1426 2103 1501">
     <span class='ocr_line' id='line_1_15' title="bbox 523 1426 2103 1501; baseline -0.004 -13"><span class='ocrx_word' id='word_1_100' title='bbox 523 1433 674 1488; x_wconf 73' lang='grc' dir='ltr'>εἷπε·</span> <span class='ocrx_word' id='word_1_101' title='bbox 710 1433 808 1501; x_wconf 80' lang='grc' dir='ltr'><strong>Μὴ</strong></span> <span class='ocrx_word' id='word_1_102' title='bbox 842 1431 1050 1500; x_wconf 81' lang='grc' dir='ltr'>ποιῆτε</span> <span class='ocrx_word' id='word_1_103' title='bbox 1081 1431 1188 1483; x_wconf 81' lang='grc' dir='ltr'><strong>τὸν</strong></span> <span class='ocrx_word' id='word_1_104' title='bbox 1216 1426 1383 1484; x_wconf 72' lang='grc' dir='ltr'>οἷκον</span> <span class='ocrx_word' id='word_1_105' title='bbox 1408 1429 1515 1482; x_wconf 86' lang='grc' dir='ltr'><strong>τοῦ</strong></span> <span class='ocrx_word' id='word_1_106' title='bbox 1541 1430 1770 1496; x_wconf 83' lang='grc' dir='ltr'>Πατρός</span> <span class='ocrx_word' id='word_1_107' title='bbox 1799 1448 1914 1491; x_wconf 82' lang='grc' dir='ltr'><strong>μου</strong></span> <span class='ocrx_word' id='word_1_108' title='bbox 1937 1426 2103 1482; x_wconf 72' lang='grc' dir='ltr'><strong>οἷκον·</strong></span> 
     </span>
    </p>
   </div>
   <div class='ocr_carea' id='block_1_16' title="bbox 521 1516 2103 1593">
    <p class='ocr_par' dir='ltr' id='par_1_16' title="bbox 521 1516 2103 1593">
     <span class='ocr_line' id='line_1_16' title="bbox 521 1516 2103 1593; baseline -0.004 -15"><span class='ocrx_word' id='word_1_109' title='bbox 521 1525 810 1593; x_wconf 77' lang='grc' dir='ltr'>ἐμπορίου</span> <span class='ocrx_word' id='word_1_110' title='bbox 845 1521 1294 1592; x_wconf 86' lang='grc' dir='ltr'>·Ἐμνήσθησαν,</span> <span class='ocrx_word' id='word_1_111' title='bbox 1337 1523 1419 1574; x_wconf 82' lang='grc' dir='ltr'><strong>ὅτι</strong></span> <span class='ocrx_word' id='word_1_112' title='bbox 1463 1516 1532 1592; x_wconf 79' lang='grc' dir='ltr'>ἦν</span> <span class='ocrx_word' id='word_1_113' title='bbox 1572 1521 1984 1592; x_wconf 78' lang='grc' dir='ltr'>γεγραμμένον·</span> <span class='ocrx_word' id='word_1_114' title='bbox 2042 1521 2103 1573; x_wconf 88' lang='lat'><strong>&#39;0</strong></span> 
     </span>
    </p>
   </div>
   <div class='ocr_carea' id='block_1_17' title="bbox 2206 611 3786 686">
    <p class='ocr_par' dir='ltr' id='par_1_17' title="bbox 2206 611 3786 686">
     <span class='ocr_line' id='line_1_17' title="bbox 2206 611 3786 686; baseline 0.006 -23"><span class='ocrx_word' id='word_1_115' title='bbox 2206 611 2387 663; x_wconf 89' lang='lat' dir='ltr'><strong>statim</strong></span> <span class='ocrx_word' id='word_1_116' title='bbox 2449 613 2600 666; x_wconf 90' lang='lat' dir='ltr'><strong>initio</strong></span> <span class='ocrx_word' id='word_1_117' title='bbox 2647 614 3004 680; x_wconf 75' lang='lat' dir='ltr'><strong>demonstrat,</strong></span> <span class='ocrx_word' id='word_1_118' title='bbox 3051 614 3313 670; x_wconf 83' lang='lat' dir='ltr'><strong>Joannem</strong></span> <span class='ocrx_word' id='word_1_119' title='bbox 3367 616 3665 686; x_wconf 89' lang='lat' dir='ltr'><strong>Baptistam</strong></span> <span class='ocrx_word' id='word_1_120' title='bbox 3718 619 3786 673; x_wconf 88' lang='lat' dir='ltr'><strong>iis</strong></span> 
     </span>
    </p>
   </div>
   <div class='ocr_carea' id='block_1_18' title="bbox 2197 689 3788 779">
    <p class='ocr_par' dir='ltr' id='par_1_18' title="bbox 2197 689 3788 779">
     <span class='ocr_line' id='line_1_18' title="bbox 2197 689 3788 779; baseline 0.005 -25"><span class='ocrx_word' id='word_1_121' title='bbox 2197 689 2343 770; x_wconf 79' lang='lat' dir='ltr'><strong>quos</strong></span> <span class='ocrx_word' id='word_1_122' title='bbox 2365 702 2430 756; x_wconf 88' lang='lat' dir='ltr'><strong>ad</strong></span> <span class='ocrx_word' id='word_1_123' title='bbox 2456 719 2514 758; x_wconf 92' lang='lat' dir='ltr'><strong>se</strong></span> <span class='ocrx_word' id='word_1_124' title='bbox 2542 703 2798 758; x_wconf 64' lang='lat' dir='ltr'><strong>Pharisaei</strong></span> <span class='ocrx_word' id='word_1_125' title='bbox 2839 707 3097 760; x_wconf 88' lang='lat' dir='ltr'><strong>miserant</strong></span> <span class='ocrx_word' id='word_1_126' title='bbox 3117 708 3463 776; x_wconf 88' lang='lat' dir='ltr'><strong>respondisse</strong></span> <span class='ocrx_word' id='word_1_127' title='bbox 3496 725 3508 760; x_wconf 93' lang='lat'><strong>:</strong></span> <span class='ocrx_word' id='word_1_128' title='bbox 3544 709 3656 779; x_wconf 88' lang='lat' dir='ltr'><strong>Ego</strong></span> <span class='ocrx_word' id='word_1_129' title='bbox 3690 725 3788 763; x_wconf 71' lang='lat' dir='ltr'><strong>vos:</strong></span> 
     </span>
    </p>
   </div>
   <div class='ocr_carea' id='block_1_19' title="bbox 2206 793 3788 866">
    <p class='ocr_par' dir='ltr' id='par_1_19' title="bbox 2206 793 3788 866">
     <span class='ocr_line' id='line_1_19' title="bbox 2206 793 3788 866; baseline 0.006 -20"><span class='ocrx_word' id='word_1_130' title='bbox 2206 795 2486 846; x_wconf 76' lang='lat' dir='ltr'><strong>clamantis</strong></span> <span class='ocrx_word' id='word_1_131' title='bbox 2527 795 2580 847; x_wconf 88' lang='lat' dir='ltr'><strong>in</strong></span> <span class='ocrx_word' id='word_1_132' title='bbox 2610 793 2855 848; x_wconf 81' lang='lat' dir='ltr'><strong>deserto:</strong></span> <span class='ocrx_word' id='word_1_133' title='bbox 2888 796 3112 866; x_wconf 84' lang='lat' dir='ltr'><strong>Dirigite</strong></span> <span class='ocrx_word' id='word_1_134' title='bbox 3154 801 3293 851; x_wconf 82' lang='lat' dir='ltr'><strong>viam</strong></span> <span class='ocrx_word' id='word_1_135' title='bbox 3351 799 3565 853; x_wconf 77' lang='lat' dir='ltr'><strong>Domini</strong></span> <span class='ocrx_word' id='word_1_136' title='bbox 3614 803 3788 855; x_wconf 86' lang='lat' dir='ltr'><strong>:sicut</strong></span> 
     </span>
    </p>
   </div>
   <div class='ocr_carea' id='block_1_20' title="bbox 2207 885 3788 962">
    <p class='ocr_par' dir='ltr' id='par_1_20' title="bbox 2207 885 3788 962">
     <span class='ocr_line' id='line_1_20' title="bbox 2207 885 3788 962; baseline 0.007 -26"><span class='ocrx_word' id='word_1_137' title='bbox 2207 885 2334 937; x_wconf 87' lang='lat' dir='ltr'><strong>dicit</strong></span> <span class='ocrx_word' id='word_1_138' title='bbox 2367 885 2542 939; x_wconf 82' lang='lat' dir='ltr'><strong>Isaias</strong></span> <span class='ocrx_word' id='word_1_139' title='bbox 2573 887 2822 955; x_wconf 79' lang='lat' dir='ltr'><strong>propheta</strong></span> <span class='ocrx_word' id='word_1_140' title='bbox 2854 890 2896 940; x_wconf 73' lang='lat'><strong>&#39;.</strong></span> <span class='ocrx_word' id='word_1_141' title='bbox 2930 886 3132 943; x_wconf 83' lang='lat' dir='ltr'><strong>Deinde</strong></span> <span class='ocrx_word' id='word_1_142' title='bbox 3177 888 3369 944; x_wconf 88' lang='lat' dir='ltr'><strong>iisdem</strong></span> <span class='ocrx_word' id='word_1_143' title='bbox 3408 907 3472 945; x_wconf 86' lang='lat' dir='ltr'><strong>ex</strong></span> <span class='ocrx_word' id='word_1_144' title='bbox 3509 894 3788 962; x_wconf 75' lang='lat' dir='ltr'><strong>prephetis</strong></span> 
     </span>
    </p>
   </div>
   <div class='ocr_carea' id='block_1_21' title="bbox 2207 977 3790 1045">
    <p class='ocr_par' dir='ltr' id='par_1_21' title="bbox 2207 977 3790 1045">
     <span class='ocr_line' id='line_1_21' title="bbox 2207 977 3790 1045; baseline 0.006 -15"><span class='ocrx_word' id='word_1_145' title='bbox 2207 978 2350 1032; x_wconf 82' lang='lat' dir='ltr'><strong>aliud</strong></span> <span class='ocrx_word' id='word_1_146' title='bbox 2399 979 2770 1033; x_wconf 90' lang='lat' dir='ltr'><strong>testimonium</strong></span> <span class='ocrx_word' id='word_1_147' title='bbox 2820 977 3058 1036; x_wconf 92' lang='lat' dir='ltr'><strong>Joannes</strong></span> <span class='ocrx_word' id='word_1_148' title='bbox 3118 981 3360 1045; x_wconf 85' lang='lat' dir='ltr'><strong>adducit,</strong></span> <span class='ocrx_word' id='word_1_149' title='bbox 3412 982 3672 1038; x_wconf 88' lang='lat' dir='ltr'><strong>nimirum</strong></span> <span class='ocrx_word' id='word_1_150' title='bbox 3721 1000 3790 1040; x_wconf 71' lang='lat' dir='ltr'><strong>ex</strong></span> 
     </span>
    </p>
   </div>
   <div class='ocr_carea' id='block_1_22' title="bbox 2208 1067 3789 1135">
    <p class='ocr_par' dir='ltr' id='par_1_22' title="bbox 2208 1067 3789 1135">
     <span class='ocr_line' id='line_1_22' title="bbox 2208 1067 3789 1135; baseline 0.007 -15"><span class='ocrx_word' id='word_1_151' title='bbox 2208 1067 2426 1135; x_wconf 83' lang='lat' dir='ltr'><strong>Davide,</strong></span> <span class='ocrx_word' id='word_1_152' title='bbox 2446 1086 2568 1124; x_wconf 89' lang='lat' dir='ltr'><strong>eum</strong></span> <span class='ocrx_word' id='word_1_153' title='bbox 2594 1071 2856 1126; x_wconf 90' lang='lat' dir='ltr'><strong>Dominus</strong></span> <span class='ocrx_word' id='word_1_154' title='bbox 2874 1072 3364 1127; x_wconf 87' lang='lat' dir='ltr'><strong>nummulariorum</strong></span> <span class='ocrx_word' id='word_1_155' title='bbox 3384 1091 3600 1131; x_wconf 87' lang='lat' dir='ltr'><strong>mensas</strong></span> <span class='ocrx_word' id='word_1_156' title='bbox 3631 1091 3789 1131; x_wconf 82' lang='lat' dir='ltr'><strong>ever—</strong></span> 
     </span>
    </p>
   </div>
   <div class='ocr_carea' id='block_1_23' title="bbox 2209 1160 3789 1232">
    <p class='ocr_par' dir='ltr' id='par_1_23' title="bbox 2209 1160 3789 1232">
     <span class='ocr_line' id='line_1_23' title="bbox 2209 1160 3789 1232; baseline 0.006 -19"><span class='ocrx_word' id='word_1_157' title='bbox 2209 1160 2291 1221; x_wconf 89' lang='lat' dir='ltr'><strong>tit,</strong></span> <span class='ocrx_word' id='word_1_158' title='bbox 2323 1175 2386 1214; x_wconf 89' lang='lat' dir='ltr'><strong>ac</strong></span> <span class='ocrx_word' id='word_1_159' title='bbox 2418 1161 2553 1214; x_wconf 83' lang='lat' dir='ltr'><strong>dixit</strong></span> <span class='ocrx_word' id='word_1_160' title='bbox 2595 1181 2608 1214; x_wconf 89' lang='lat'><strong>:</strong></span> <span class='ocrx_word' id='word_1_161' title='bbox 2661 1161 2844 1216; x_wconf 84' lang='lat' dir='ltr'><strong>Nolite</strong></span> <span class='ocrx_word' id='word_1_162' title='bbox 2887 1164 3060 1232; x_wconf 74' lang='lat' dir='ltr'><strong>facere</strong></span> <span class='ocrx_word' id='word_1_163' title='bbox 3087 1165 3300 1217; x_wconf 82' lang='lat' dir='ltr'><strong>domum</strong></span> <span class='ocrx_word' id='word_1_164' title='bbox 3340 1165 3519 1221; x_wconf 81' lang='lat' dir='ltr'><strong>Patris</strong></span> <span class='ocrx_word' id='word_1_165' title='bbox 3553 1169 3652 1221; x_wconf 86' lang='lat' dir='ltr'><strong>mei</strong></span> <span class='ocrx_word' id='word_1_166' title='bbox 3687 1167 3789 1222; x_wconf 80' lang='lat' dir='ltr'><strong>do-</strong></span> 
     </span>
    </p>
   </div>
   <div class='ocr_carea' id='block_1_24' title="bbox 2209 1253 3791 1327">
    <p class='ocr_par' dir='ltr' id='par_1_24' title="bbox 2209 1253 3791 1327">
     <span class='ocr_line' id='line_1_24' title="bbox 2209 1253 3791 1327; baseline 0.006 -23"><span class='ocrx_word' id='word_1_167' title='bbox 2209 1267 2347 1304; x_wconf 89' lang='lat' dir='ltr'><strong>mum</strong></span> <span class='ocrx_word' id='word_1_168' title='bbox 2379 1253 2747 1321; x_wconf 79' lang='lat' dir='ltr'><strong>negotiationis</strong></span> <span class='ocrx_word' id='word_1_169' title='bbox 2777 1254 2817 1307; x_wconf 85' lang='grc'><strong>³.</strong></span> <span class='ocrx_word' id='word_1_170' title='bbox 2854 1254 3169 1310; x_wconf 75' lang='grc' dir='ltr'>Μοιιιίιιὶεεο</span> <span class='ocrx_word' id='word_1_171' title='bbox 3212 1257 3356 1311; x_wconf 91' lang='lat' dir='ltr'><strong>enim</strong></span> <span class='ocrx_word' id='word_1_172' title='bbox 3403 1258 3478 1310; x_wconf 85' lang='lat' dir='ltr'><strong>ait</strong></span> <span class='ocrx_word' id='word_1_173' title='bbox 3513 1260 3791 1327; x_wconf 84' lang='lat' dir='ltr'><strong>apostolos</strong></span> 
     </span>
    </p>
   </div>
   <div class='ocr_carea' id='block_1_25' title="bbox 2208 1343 3788 1414">
    <p class='ocr_par' dir='ltr' id='par_1_25' title="bbox 2208 1343 3788 1414">
     <span class='ocr_line' id='line_1_25' title="bbox 2208 1343 3788 1414; baseline 0.006 -21"><span class='ocrx_word' id='word_1_174' title='bbox 2208 1343 2350 1412; x_wconf 91' lang='lat' dir='ltr'><strong>quod</strong></span> <span class='ocrx_word' id='word_1_175' title='bbox 2377 1353 2491 1397; x_wconf 89' lang='lat' dir='ltr'><strong>erat</strong></span> <span class='ocrx_word' id='word_1_176' title='bbox 2521 1345 2782 1414; x_wconf 88' lang='lat' dir='ltr'><strong>scriptum</strong></span> <span class='ocrx_word' id='word_1_177' title='bbox 2811 1364 2826 1396; x_wconf 90' lang='lat'><strong><em>:</em></strong></span> <span class='ocrx_word' id='word_1_178' title='bbox 2857 1344 3013 1400; x_wconf 87' lang='lat' dir='ltr'><strong>Zelus</strong></span> <span class='ocrx_word' id='word_1_179' title='bbox 3037 1347 3223 1400; x_wconf 84' lang='lat' dir='ltr'><strong>domus</strong></span> <span class='ocrx_word' id='word_1_180' title='bbox 3251 1358 3354 1400; x_wconf 77' lang='lat' dir='ltr'><strong>tua:</strong></span> <span class='ocrx_word' id='word_1_181' title='bbox 3376 1349 3600 1402; x_wconf 82' lang='lat' dir='ltr'><strong>comedit</strong></span> <span class='ocrx_word' id='word_1_182' title='bbox 3640 1366 3720 1402; x_wconf 87' lang='lat' dir='ltr'><strong>me</strong></span> <span class='ocrx_word' id='word_1_183' title='bbox 3743 1350 3788 1403; x_wconf 65' lang='grc'><strong>⁸.</strong></span> 
     </span>
    </p>
   </div>
   <div class='ocr_carea' id='block_1_26' title="bbox 2208 1433 3792 1507">
    <p class='ocr_par' dir='ltr' id='par_1_26' title="bbox 2208 1433 3792 1507">
     <span class='ocr_line' id='line_1_26' title="bbox 2208 1433 3792 1507; baseline 0.004 -21"><span class='ocrx_word' id='word_1_184' title='bbox 2208 1433 2287 1488; x_wconf 84' lang='lat' dir='ltr'><strong>Ae</strong></span> <span class='ocrx_word' id='word_1_185' title='bbox 2318 1450 2535 1489; x_wconf 90' lang='lat' dir='ltr'><strong>rursum</strong></span> <span class='ocrx_word' id='word_1_186' title='bbox 2565 1437 2704 1490; x_wconf 88' lang='lat' dir='ltr'><strong>idem</strong></span> <span class='ocrx_word' id='word_1_187' title='bbox 2734 1434 2972 1491; x_wconf 86' lang='lat' dir='ltr'><strong>Joannes</strong></span> <span class='ocrx_word' id='word_1_188' title='bbox 3000 1437 3080 1491; x_wconf 90' lang='lat' dir='ltr'><strong>sic</strong></span> <span class='ocrx_word' id='word_1_189' title='bbox 3119 1439 3396 1507; x_wconf 87' lang='lat' dir='ltr'><strong>loquitur:</strong></span> <span class='ocrx_word' id='word_1_190' title='bbox 3440 1439 3576 1493; x_wconf 79' lang='lat' dir='ltr'><strong>Vidit</strong></span> <span class='ocrx_word' id='word_1_191' title='bbox 3615 1437 3792 1492; x_wconf 78' lang='lat' dir='ltr'><strong>Isaias</strong></span> 
     </span>
    </p>
   </div>
   <div class='ocr_carea' id='block_1_27' title="bbox 2209 1525 2797 1592">
    <p class='ocr_par' dir='ltr' id='par_1_27' title="bbox 2209 1525 2797 1592">
     <span class='ocr_line' id='line_1_27' title="bbox 2209 1525 2797 1592; baseline 0.003 -15"><span class='ocrx_word' id='word_1_192' title='bbox 2209 1525 2262 1577; x_wconf 87' lang='lat' dir='ltr'><strong>in</strong></span> <span class='ocrx_word' id='word_1_193' title='bbox 2303 1525 2505 1592; x_wconf 86' lang='lat' dir='ltr'><strong>Spiritu</strong></span> <span class='ocrx_word' id='word_1_194' title='bbox 2539 1536 2722 1579; x_wconf 81' lang='lat' dir='ltr'><strong>sancto</strong></span> <span class='ocrx_word' id='word_1_195' title='bbox 2755 1527 2797 1579; x_wconf 82' lang='grc'><strong>⁵.</strong></span> 
     </span>
    </p>
   </div>
   <div class='ocr_carea' id='block_1_28' title="bbox 525 1611 3791 1685">
    <p class='ocr_par' dir='ltr' id='par_1_28' title="bbox 525 1611 3791 1685">
     <span class='ocr_line' id='line_1_28' title="bbox 525 1611 3791 1685; baseline 0.001 -16"><span class='ocrx_word' id='word_1_196' title='bbox 525 1616 704 1685; x_wconf 79' lang='grc' dir='ltr'>ζῆλος</span> <span class='ocrx_word' id='word_1_197' title='bbox 729 1613 833 1668; x_wconf 86' lang='grc' dir='ltr'><strong>τοῦ</strong></span> <span class='ocrx_word' id='word_1_198' title='bbox 861 1614 1030 1666; x_wconf 85' lang='grc' dir='ltr'>οἴκου</span> <span class='ocrx_word' id='word_1_199' title='bbox 1062 1628 1177 1665; x_wconf 86' lang='grc' dir='ltr'><strong>σου</strong></span> <span class='ocrx_word' id='word_1_200' title='bbox 1211 1611 1503 1681; x_wconf 68' lang='grc' dir='ltr'>κατέφαγέ</span> <span class='ocrx_word' id='word_1_201' title='bbox 1536 1629 1631 1681; x_wconf 84' lang='grc' dir='ltr'>με.</span> <span class='ocrx_word' id='word_1_202' title='bbox 1667 1612 1776 1664; x_wconf 71' lang='grc' dir='ltr'><strong>Καὶ</strong></span> <span class='ocrx_word' id='word_1_203' title='bbox 1809 1612 1968 1664; x_wconf 83' lang='grc' dir='ltr'>πάλιν</span> <span class='ocrx_word' id='word_1_204' title='bbox 2016 1611 2177 1676; x_wconf 78' lang='grc' dir='ltr'>αὐτὸς</span> <span class='ocrx_word' id='word_1_205' title='bbox 2206 1615 2458 1680; x_wconf 64' lang='grc' dir='ltr'>Ἰωάνντες</span> <span class='ocrx_word' id='word_1_206' title='bbox 2491 1612 2676 1680; x_wconf 81' lang='grc' dir='ltr'>εἶπεν,</span> <span class='ocrx_word' id='word_1_207' title='bbox 2723 1618 2802 1670; x_wconf 76' lang='grc' dir='ltr'>ὅτι</span> <span class='ocrx_word' id='word_1_208' title='bbox 2846 1618 3090 1685; x_wconf 82' lang='grc' dir='ltr'>Ἡσαΐας</span> <span class='ocrx_word' id='word_1_209' title='bbox 3146 1615 3306 1673; x_wconf 76' lang='grc' dir='ltr'>εἶδεν</span> <span class='ocrx_word' id='word_1_210' title='bbox 3362 1617 3447 1672; x_wconf 75' lang='grc' dir='ltr'><strong>ὢν</strong></span> <span class='ocrx_word' id='word_1_211' title='bbox 3479 1621 3550 1674; x_wconf 82' lang='grc' dir='ltr'><strong>ἐν</strong></span> <span class='ocrx_word' id='word_1_212' title='bbox 3605 1620 3791 1673; x_wconf 79' lang='grc' dir='ltr'>Πνεύ·</span> 
     </span>
    </p>
   </div>
   <div class='ocr_carea' id='block_1_29' title="bbox 521 1705 857 1777">
    <p class='ocr_par' dir='ltr' id='par_1_29' title="bbox 521 1705 857 1777">
     <span class='ocr_line' id='line_1_29' title="bbox 521 1705 857 1777; baseline -0.009 -17"><span class='ocrx_word' id='word_1_213' title='bbox 521 1724 660 1777; x_wconf 84' lang='grc' dir='ltr'>ματι</span> <span class='ocrx_word' id='word_1_214' title='bbox 691 1705 857 1774; x_wconf 76' lang='grc' dir='ltr'>ἁγίῳ.</span> 
     </span>
    </p>
   </div>
   <div class='ocr_carea' id='block_1_30' title="bbox 531 1793 2098 1869">
    <p class='ocr_par' dir='ltr' id='par_1_30' title="bbox 531 1794 2098 1867">
     <span class='ocr_line' id='line_1_30' title="bbox 531 1794 2098 1867; baseline -0.003 -16"><span class='ocrx_word' id='word_1_215' title='bbox 531 1795 533 1802; x_wconf 53' lang='grc'><strong><em>¹</em></strong></span> <span class='ocrx_word' id='word_1_216' title='bbox 594 1799 720 1851; x_wconf 71' lang='grc' dir='ltr'><strong>ΚΔν.</strong></span> <span class='ocrx_word' id='word_1_217' title='bbox 758 1796 928 1851; x_wconf 86' lang='grc' dir='ltr'>Πάλιν</span> <span class='ocrx_word' id='word_1_218' title='bbox 955 1796 1013 1848; x_wconf 81' lang='grc' dir='ltr'><strong>δὲ</strong></span> <span class='ocrx_word' id='word_1_219' title='bbox 1043 1797 1071 1848; x_wconf 89' lang='grc' dir='ltr'>ὀ</span> <span class='ocrx_word' id='word_1_220' title='bbox 1100 1794 1261 1857; x_wconf 79' lang='grc' dir='ltr'>αὐτὸς</span> <span class='ocrx_word' id='word_1_221' title='bbox 1289 1794 1400 1864; x_wconf 77' lang='grc'><strong>(58)</strong></span> <span class='ocrx_word' id='word_1_222' title='bbox 1435 1794 1587 1862; x_wconf 85' lang='grc' dir='ltr'>ἆγιος</span> <span class='ocrx_word' id='word_1_223' title='bbox 1615 1795 1868 1866; x_wconf 81' lang='grc' dir='ltr'>Ἰωάννης</span> <span class='ocrx_word' id='word_1_224' title='bbox 1899 1795 2098 1867; x_wconf 84' lang='grc' dir='ltr'>κηρύτ-</span> 
     </span>
    </p>
   </div>
   <div class='ocr_carea' id='block_1_31' title="bbox 2199 1793 3792 1869">
    <p class='ocr_par' dir='ltr' id='par_1_31' title="bbox 2276 1793 3792 1869">
     <span class='ocr_line' id='line_1_31' title="bbox 2276 1793 3792 1869; baseline 0.009 -22"><span class='ocrx_word' id='word_1_225' title='bbox 2276 1793 2466 1850; x_wconf 75' lang='lat' dir='ltr'><strong>XXIV.</strong></span> <span class='ocrx_word' id='word_1_226' title='bbox 2518 1796 2779 1850; x_wconf 67' lang='lat' dir='ltr'><strong>Prmterea</strong></span> <span class='ocrx_word' id='word_1_227' title='bbox 2840 1812 2962 1850; x_wconf 90' lang='lat' dir='ltr'><strong>cum</strong></span> <span class='ocrx_word' id='word_1_228' title='bbox 3020 1797 3075 1851; x_wconf 87' lang='lat' dir='ltr'><strong>in</strong></span> <span class='ocrx_word' id='word_1_229' title='bbox 3128 1798 3252 1854; x_wconf 85' lang='lat' dir='ltr'><strong>Asia</strong></span> <span class='ocrx_word' id='word_1_230' title='bbox 3296 1801 3643 1869; x_wconf 61' lang='lat' dir='ltr'><strong>praedicando</strong></span> <span class='ocrx_word' id='word_1_231' title='bbox 3698 1805 3792 1860; x_wconf 85' lang='lat' dir='ltr'><strong>Dei</strong></span> 
     </span>
    </p>
   </div>
   <div class='ocr_carea' id='block_1_32' title="bbox 523 1886 2102 1960">
    <p class='ocr_par' dir='ltr' id='par_1_32' title="bbox 523 1886 2102 1960">
     <span class='ocr_line' id='line_1_32' title="bbox 523 1886 2102 1960; baseline -0.001 -18"><span class='ocrx_word' id='word_1_232' title='bbox 523 1907 633 1942; x_wconf 90' lang='grc' dir='ltr'><strong>των</strong></span> <span class='ocrx_word' id='word_1_233' title='bbox 667 1891 725 1941; x_wconf 81' lang='grc' dir='ltr'>ὲν</span> <span class='ocrx_word' id='word_1_234' title='bbox 755 1891 821 1960; x_wconf 79' lang='grc' dir='ltr'>τῇ</span> <span class='ocrx_word' id='word_1_235' title='bbox 855 1887 1013 1957; x_wconf 71' lang='grc' dir='ltr'>Ἀσίᾳ</span> <span class='ocrx_word' id='word_1_236' title='bbox 1053 1888 1344 1957; x_wconf 79' lang='grc' dir='ltr'>ἱστορεῖται</span> <span class='ocrx_word' id='word_1_237' title='bbox 1393 1886 1694 1956; x_wconf 84' lang='grc' dir='ltr'>παράδοξον</span> <span class='ocrx_word' id='word_1_238' title='bbox 1727 1887 1884 1958; x_wconf 77' lang='grc' dir='ltr'>ἔργον</span> <span class='ocrx_word' id='word_1_239' title='bbox 1920 1905 1971 1940; x_wconf 91' lang='grc' dir='ltr'><strong>τι</strong></span> <span class='ocrx_word' id='word_1_240' title='bbox 2004 1905 2102 1940; x_wconf 86' lang='grc' dir='ltr'>πε-</span> 
     </span>
    </p>
   </div>
   <div class='ocr_carea' id='block_1_33' title="bbox 525 1978 2104 2053">
    <p class='ocr_par' dir='ltr' id='par_1_33' title="bbox 525 1978 2104 2053">
     <span class='ocr_line' id='line_1_33' title="bbox 525 1978 2104 2053; baseline -0.001 -18"><span class='ocrx_word' id='word_1_241' title='bbox 525 1980 769 2053; x_wconf 75' lang='grc' dir='ltr'>ποιηκὼς</span> <span class='ocrx_word' id='word_1_242' title='bbox 811 1981 892 2043; x_wconf 85' lang='grc' dir='ltr'><strong>είς</strong></span> <span class='ocrx_word' id='word_1_243' title='bbox 943 1979 1303 2049; x_wconf 79' lang='grc' dir='ltr'>ὑπογραμμὸν</span> <span class='ocrx_word' id='word_1_244' title='bbox 1347 1978 1447 2048; x_wconf 77' lang='grc' dir='ltr'>τῆς</span> <span class='ocrx_word' id='word_1_245' title='bbox 1496 1979 1772 2048; x_wconf 86' lang='grc' dir='ltr'>ἀληθείας.</span> <span class='ocrx_word' id='word_1_246' title='bbox 1826 1980 2104 2033; x_wconf 81' lang='grc' dir='ltr'>Πολιτείαν</span> 
     </span>
    </p>
   </div>
   <div class='ocr_carea' id='block_1_34' title="bbox 523 2069 2102 2143">
    <p class='ocr_par' dir='ltr' id='par_1_34' title="bbox 523 2069 2102 2143">
     <span class='ocr_line' id='line_1_34' title="bbox 523 2069 2102 2143; baseline -0.002 -18"><span class='ocrx_word' id='word_1_247' title='bbox 523 2071 634 2143; x_wconf 87' lang='grc' dir='ltr'>γὰρ</span> <span class='ocrx_word' id='word_1_248' title='bbox 668 2071 805 2142; x_wconf 77' lang='grc' dir='ltr'>ἔχων</span> <span class='ocrx_word' id='word_1_249' title='bbox 839 2069 1297 2140; x_wconf 82' lang='grc' dir='ltr'>θαυμασιωτάτην</span> <span class='ocrx_word' id='word_1_250' title='bbox 1343 2069 1437 2122; x_wconf 76' lang='grc' dir='ltr'>καὶ</span> <span class='ocrx_word' id='word_1_251' title='bbox 1477 2071 1900 2142; x_wconf 84' lang='grc' dir='ltr'>συμπρέπουσαν</span> <span class='ocrx_word' id='word_1_252' title='bbox 1940 2069 2102 2122; x_wconf 80' lang='grc' dir='ltr'>αὑτοῦ</span> 
     </span>
    </p>
   </div>
   <div class='ocr_carea' id='block_1_35' title="bbox 523 2161 2105 2237">
    <p class='ocr_par' dir='ltr' id='par_1_35' title="bbox 523 2161 2105 2237">
     <span class='ocr_line' id='line_1_35' title="bbox 523 2161 2105 2237; baseline 0 -21"><span class='ocrx_word' id='word_1_253' title='bbox 523 2166 602 2237; x_wconf 81' lang='grc' dir='ltr'><strong>τῷ</strong></span> <span class='ocrx_word' id='word_1_254' title='bbox 631 2162 900 2233; x_wconf 78' lang='grc' dir='ltr'>ἀξιώματι</span> <span class='ocrx_word' id='word_1_255' title='bbox 928 2162 1027 2232; x_wconf 79' lang='grc' dir='ltr'>τῆς</span> <span class='ocrx_word' id='word_1_256' title='bbox 1054 2161 1377 2226; x_wconf 71' lang='grc' dir='ltr'>ἀποστολῆς,</span> <span class='ocrx_word' id='word_1_257' title='bbox 1412 2163 1506 2214; x_wconf 73' lang='grc' dir='ltr'>καὶ</span> <span class='ocrx_word' id='word_1_258' title='bbox 1550 2163 1670 2232; x_wconf 84' lang='grc' dir='ltr'>μηδ’</span> <span class='ocrx_word' id='word_1_259' title='bbox 1705 2163 1840 2226; x_wconf 83' lang='grc' dir='ltr'>ὅλως</span> <span class='ocrx_word' id='word_1_260' title='bbox 1881 2162 2105 2232; x_wconf 86' lang='grc' dir='ltr'>λουόμε-</span> 
     </span>
    </p>
   </div>
   <div class='ocr_carea' id='block_1_36' title="bbox 526 2252 2105 2325">
    <p class='ocr_par' dir='ltr' id='par_1_36' title="bbox 526 2252 2105 2325">
     <span class='ocr_line' id='line_1_36' title="bbox 526 2252 2105 2325; baseline -0.013 -15"><span class='ocrx_word' id='word_1_261' title='bbox 526 2274 636 2321; x_wconf 90' lang='grc' dir='ltr'>νος,</span> <span class='ocrx_word' id='word_1_262' title='bbox 669 2252 993 2325; x_wconf 77' lang='grc' dir='ltr'>ἠναγκάσθη</span> <span class='ocrx_word' id='word_1_263' title='bbox 1027 2253 1132 2306; x_wconf 86' lang='grc' dir='ltr'><strong>ὑπὸ</strong></span> <span class='ocrx_word' id='word_1_264' title='bbox 1161 2252 1255 2305; x_wconf 87' lang='grc' dir='ltr'><strong>τοῦ</strong></span> <span class='ocrx_word' id='word_1_265' title='bbox 1291 2253 1448 2321; x_wconf 86' lang='grc' dir='ltr'>ἁγίου</span> <span class='ocrx_word' id='word_1_266' title='bbox 1476 2255 1791 2324; x_wconf 74' lang='grc' dir='ltr'>Πνεῦματος</span> <span class='ocrx_word' id='word_1_267' title='bbox 1827 2255 2105 2324; x_wconf 75' lang='grc' dir='ltr'>προελθεῖν</span> 
     </span>
    </p>
   </div>
   <div class='ocr_carea' id='block_1_37' title="bbox 523 2343 2106 2416">
    <p class='ocr_par' dir='ltr' id='par_1_37' title="bbox 523 2343 2106 2416">
     <span class='ocr_line' id='line_1_37' title="bbox 523 2343 2106 2416; baseline -0.001 -16"><span class='ocrx_word' id='word_1_268' title='bbox 523 2347 630 2410; x_wconf 79' lang='grc' dir='ltr'>ἓως</span> <span class='ocrx_word' id='word_1_269' title='bbox 658 2363 756 2399; x_wconf 86' lang='grc' dir='ltr'><strong>του</strong></span> <span class='ocrx_word' id='word_1_270' title='bbox 787 2344 1090 2416; x_wconf 83' lang='grc' dir='ltr'>βαλανείου,</span> <span class='ocrx_word' id='word_1_271' title='bbox 1125 2343 1324 2406; x_wconf 75' lang='grc' dir='ltr'>εἰπὼν,</span> <span class='ocrx_word' id='word_1_272' title='bbox 1357 2344 1438 2396; x_wconf 79' lang='grc' dir='ltr'><strong>ὅτι</strong></span> <span class='ocrx_word' id='word_1_273' title='bbox 1473 2343 1693 2398; x_wconf 78' lang='grc' dir='ltr'>Λάϐετέ</span> <span class='ocrx_word' id='word_1_274' title='bbox 1732 2363 1831 2413; x_wconf 80' lang='grc' dir='ltr'><strong>μοι</strong></span> <span class='ocrx_word' id='word_1_275' title='bbox 1859 2347 1931 2398; x_wconf 84' lang='grc' dir='ltr'>τὰ</span> <span class='ocrx_word' id='word_1_276' title='bbox 1958 2347 2106 2413; x_wconf 76' lang='grc' dir='ltr'>πρὸς</span> 
     </span>
    </p>
   </div>
   <div class='ocr_carea' id='block_1_38' title="bbox 519 2432 2101 2504">
    <p class='ocr_par' dir='ltr' id='par_1_38' title="bbox 519 2432 2101 2504">
     <span class='ocr_line' id='line_1_38' title="bbox 519 2432 2101 2504; baseline -0.001 -15"><span class='ocrx_word' id='word_1_277' title='bbox 519 2436 876 2500; x_wconf 76' lang='grc' dir='ltr'>βαλανεῖον.</span> <span class='ocrx_word' id='word_1_278' title='bbox 926 2432 1034 2488; x_wconf 75' lang='grc' dir='ltr'><strong>Καὶ</strong></span> <span class='ocrx_word' id='word_1_279' title='bbox 1092 2433 1199 2486; x_wconf 87' lang='grc' dir='ltr'>τῶν</span> <span class='ocrx_word' id='word_1_280' title='bbox 1253 2434 1631 2504; x_wconf 80' lang='grc' dir='ltr'>συνεπομένων</span> <span class='ocrx_word' id='word_1_281' title='bbox 1684 2434 2101 2504; x_wconf 78' lang='grc' dir='ltr'>θαυμαζόντων,</span> 
     </span>
    </p>
   </div>
   <div class='ocr_carea' id='block_1_39' title="bbox 521 2521 2104 2597">
    <p class='ocr_par' dir='ltr' id='par_1_39' title="bbox 521 2521 2104 2597">
     <span class='ocr_line' id='line_1_39' title="bbox 521 2521 2104 2597; baseline 0.001 -19"><span class='ocrx_word' id='word_1_282' title='bbox 521 2521 686 2595; x_wconf 80' lang='grc' dir='ltr'>ἦλθεν</span> <span class='ocrx_word' id='word_1_283' title='bbox 729 2525 809 2588; x_wconf 85' lang='grc' dir='ltr'><strong>είς</strong></span> <span class='ocrx_word' id='word_1_284' title='bbox 851 2524 983 2577; x_wconf 78' lang='grc' dir='ltr'>αὐτὸ</span> <span class='ocrx_word' id='word_1_285' title='bbox 1008 2524 1069 2576; x_wconf 86' lang='grc' dir='ltr'><strong>τὸ</strong></span> <span class='ocrx_word' id='word_1_286' title='bbox 1097 2524 1340 2594; x_wconf 87' lang='grc' dir='ltr'>λουτρόν.</span> <span class='ocrx_word' id='word_1_287' title='bbox 1371 2524 1480 2577; x_wconf 82' lang='grc' dir='ltr'><strong>Καὶ</strong></span> <span class='ocrx_word' id='word_1_288' title='bbox 1512 2525 1800 2595; x_wconf 81' lang='grc' dir='ltr'>γενόμενος</span> <span class='ocrx_word' id='word_1_289' title='bbox 1847 2527 1982 2597; x_wconf 82' lang='grc' dir='ltr'>πρὸς</span> <span class='ocrx_word' id='word_1_290' title='bbox 2013 2527 2104 2580; x_wconf 83' lang='grc' dir='ltr'><strong>τὸν</strong></span> 
     </span>
    </p>
   </div>
   <div class='ocr_carea' id='block_1_40' title="bbox 525 2615 2101 2687">
    <p class='ocr_par' dir='ltr' id='par_1_40' title="bbox 525 2615 2101 2687">
     <span class='ocr_line' id='line_1_40' title="bbox 525 2615 2101 2687; baseline 0 -17"><span class='ocrx_word' id='word_1_291' title='bbox 525 2617 753 2670; x_wconf 84' lang='grc' dir='ltr'>εἰωθότα</span> <span class='ocrx_word' id='word_1_292' title='bbox 802 2615 1159 2685; x_wconf 84' lang='grc' dir='ltr'>ὑποδέχεσθαι</span> <span class='ocrx_word' id='word_1_293' title='bbox 1222 2615 1332 2667; x_wconf 86' lang='grc' dir='ltr'><strong>τῶν</strong></span> <span class='ocrx_word' id='word_1_294' title='bbox 1389 2615 1692 2686; x_wconf 87' lang='grc' dir='ltr'>λουομένων</span> <span class='ocrx_word' id='word_1_295' title='bbox 1750 2616 1821 2670; x_wconf 84' lang='grc' dir='ltr'>τὰ</span> <span class='ocrx_word' id='word_1_296' title='bbox 1877 2618 2101 2687; x_wconf 87' lang='grc' dir='ltr'>ἱμάτια,</span> 
     </span>
    </p>
   </div>
   <div class='ocr_carea' id='block_1_41' title="bbox 523 2705 2106 2780">
    <p class='ocr_par' dir='ltr' id='par_1_41' title="bbox 523 2705 2106 2780">
     <span class='ocr_line' id='line_1_41' title="bbox 523 2705 2106 2780; baseline 0.001 -18"><span class='ocrx_word' id='word_1_297' title='bbox 523 2711 686 2780; x_wconf 72' lang='grc' dir='ltr'>ἤρετο</span> <span class='ocrx_word' id='word_1_298' title='bbox 717 2708 803 2770; x_wconf 86' lang='grc' dir='ltr'><strong>τίς</strong></span> <span class='ocrx_word' id='word_1_299' title='bbox 850 2706 995 2759; x_wconf 75' lang='grc' dir='ltr'>ἔνδον</span> <span class='ocrx_word' id='word_1_300' title='bbox 1029 2707 1173 2760; x_wconf 70' lang='grc' dir='ltr'>ἐστιν</span> <span class='ocrx_word' id='word_1_301' title='bbox 1213 2707 1273 2760; x_wconf 79' lang='grc' dir='ltr'>ἐν</span> <span class='ocrx_word' id='word_1_302' title='bbox 1314 2705 1392 2777; x_wconf 80' lang='grc' dir='ltr'>τῷ</span> <span class='ocrx_word' id='word_1_303' title='bbox 1447 2706 1734 2778; x_wconf 59' lang='grc' dir='ltr'>βαλανείῳ</span> <span class='ocrx_word' id='word_1_304' title='bbox 1779 2711 1808 2762; x_wconf 88' lang='grc' dir='ltr'>ὁ</span> <span class='ocrx_word' id='word_1_305' title='bbox 1855 2708 1910 2761; x_wconf 83' lang='grc' dir='ltr'>δὲ</span> <span class='ocrx_word' id='word_1_306' title='bbox 1955 2710 2106 2764; x_wconf 80' lang='grc' dir='ltr'>ὀλεά-</span> 
     </span>
    </p>
   </div>
   <div class='ocr_carea' id='block_1_42' title="bbox 525 2797 2105 2872">
    <p class='ocr_par' dir='ltr' id='par_1_42' title="bbox 525 2797 2105 2872">
     <span class='ocr_line' id='line_1_42' title="bbox 525 2797 2105 2872; baseline 0.001 -20"><span class='ocrx_word' id='word_1_307' title='bbox 525 2800 796 2870; x_wconf 62' lang='grc' dir='ltr'>ριοςβθ),</span> <span class='ocrx_word' id='word_1_308' title='bbox 844 2797 938 2851; x_wconf 76' lang='grc' dir='ltr'><strong>ἐπὶ</strong></span> <span class='ocrx_word' id='word_1_309' title='bbox 981 2797 1058 2868; x_wconf 83' lang='grc' dir='ltr'>τῷ</span> <span class='ocrx_word' id='word_1_310' title='bbox 1102 2797 1387 2866; x_wconf 76' lang='grc' dir='ltr'>φυλάττειν</span> <span class='ocrx_word' id='word_1_311' title='bbox 1443 2798 1633 2867; x_wconf 80' lang='grc' dir='ltr'>ἱμάτια</span> <span class='ocrx_word' id='word_1_312' title='bbox 1680 2801 2105 2872; x_wconf 85' lang='grc' dir='ltr'>προσκαρτερῶν</span> 
     </span>
    </p>
   </div>
   <div class='ocr_carea' id='block_1_43' title="bbox 525 2889 2104 2962">
    <p class='ocr_par' dir='ltr' id='par_1_43' title="bbox 525 2889 2104 2962">
     <span class='ocr_line' id='line_1_43' title="bbox 525 2889 2104 2962; baseline 0 -18"><span class='ocrx_word' id='word_1_313' title='bbox 525 2894 606 2962; x_wconf 86' lang='grc' dir='ltr'>(ὲν</span> <span class='ocrx_word' id='word_1_314' title='bbox 636 2894 750 2954; x_wconf 82' lang='grc' dir='ltr'>τοίς</span> <span class='ocrx_word' id='word_1_315' title='bbox 785 2891 893 2962; x_wconf 76' lang='grc' dir='ltr'><strong>γὰρ</strong></span> <span class='ocrx_word' id='word_1_316' title='bbox 923 2891 1245 2961; x_wconf 86' lang='grc' dir='ltr'>γυμνασίοις</span> <span class='ocrx_word' id='word_1_317' title='bbox 1284 2889 1443 2961; x_wconf 81' lang='grc' dir='ltr'>ἔργον</span> <span class='ocrx_word' id='word_1_318' title='bbox 1485 2889 1642 2944; x_wconf 81' lang='grc' dir='ltr'>τοῦτό</span> <span class='ocrx_word' id='word_1_319' title='bbox 1690 2908 1831 2944; x_wconf 87' lang='grc' dir='ltr'>τισιν</span> <span class='ocrx_word' id='word_1_320' title='bbox 1867 2892 2104 2962; x_wconf 83' lang='grc' dir='ltr'>ὑπάρχει</span> 
     </span>
    </p>
   </div>
   <div class='ocr_carea' id='block_1_44' title="bbox 524 2981 2106 3054">
    <p class='ocr_par' dir='ltr' id='par_1_44' title="bbox 524 2981 2106 3054">
     <span class='ocr_line' id='line_1_44' title="bbox 524 2981 2106 3054; baseline -0.002 -16"><span class='ocrx_word' id='word_1_321' title='bbox 524 2982 793 3053; x_wconf 76' lang='grc' dir='ltr'>πορισμοῦ</span> <span class='ocrx_word' id='word_1_322' title='bbox 824 2982 987 3035; x_wconf 71' lang='grc' dir='ltr'>ἕνεκα</span> <span class='ocrx_word' id='word_1_323' title='bbox 1018 2982 1118 3051; x_wconf 78' lang='grc' dir='ltr'><strong>τῆς</strong></span> <span class='ocrx_word' id='word_1_324' title='bbox 1143 2981 1702 3053; x_wconf 50' lang='grc' dir='ltr'>ἐφημέρουητροφῆς),</span> <span class='ocrx_word' id='word_1_325' title='bbox 1729 2982 1830 3053; x_wconf 77' lang='grc' dir='ltr'>ἔφη</span> <span class='ocrx_word' id='word_1_326' title='bbox 1862 2982 1940 3054; x_wconf 83' lang='grc' dir='ltr'>τῷ</span> <span class='ocrx_word' id='word_1_327' title='bbox 1968 2984 2106 3054; x_wconf 82' lang='grc' dir='ltr'>ἁγίῳ</span> 
     </span>
    </p>
   </div>
   <div class='ocr_carea' id='block_1_45' title="bbox 537 3071 2104 3144">
    <p class='ocr_par' dir='ltr' id='par_1_45' title="bbox 537 3071 2104 3144">
     <span class='ocr_line' id='line_1_45' title="bbox 537 3071 2104 3144; baseline -0.001 -18"><span class='ocrx_word' id='word_1_328' title='bbox 537 3075 782 3144; x_wconf 79' lang='grc' dir='ltr'>Ἰωάννῃ,</span> <span class='ocrx_word' id='word_1_329' title='bbox 824 3074 905 3126; x_wconf 84' lang='grc' dir='ltr'><strong>ὅτι</strong></span> <span class='ocrx_word' id='word_1_330' title='bbox 934 3071 1130 3125; x_wconf 82' lang='grc' dir='ltr'>Ἐϐίων</span> <span class='ocrx_word' id='word_1_331' title='bbox 1173 3071 1319 3124; x_wconf 76' lang='grc' dir='ltr'>ἔνδον</span> <span class='ocrx_word' id='word_1_332' title='bbox 1358 3072 1522 3124; x_wconf 80' lang='grc' dir='ltr'>ἐστίν.</span> <span class='ocrx_word' id='word_1_333' title='bbox 1562 3071 1815 3142; x_wconf 87' lang='grc' dir='ltr'>Ἰωάννης</span> <span class='ocrx_word' id='word_1_334' title='bbox 1840 3073 1916 3133; x_wconf 82' lang='grc' dir='ltr'><strong>δὲ.</strong></span> <span class='ocrx_word' id='word_1_335' title='bbox 1946 3073 2104 3136; x_wconf 78' lang='grc' dir='ltr'>εὐθὺς</span> 
     </span>
    </p>
   </div>
   <div class='ocr_carea' id='block_1_46' title="bbox 526 3163 2102 3234">
    <p class='ocr_par' dir='ltr' id='par_1_46' title="bbox 526 3163 2102 3234">
     <span class='ocr_line' id='line_1_46' title="bbox 526 3163 2102 3234; baseline 0.002 -17"><span class='ocrx_word' id='word_1_336' title='bbox 526 3166 702 3228; x_wconf 78' lang='grc' dir='ltr'>συνεὶς</span> <span class='ocrx_word' id='word_1_337' title='bbox 726 3164 823 3234; x_wconf 84' lang='grc' dir='ltr'>τὴν</span> <span class='ocrx_word' id='word_1_338' title='bbox 845 3163 935 3216; x_wconf 83' lang='grc' dir='ltr'><strong>τοῦ</strong></span> <span class='ocrx_word' id='word_1_339' title='bbox 964 3164 1118 3231; x_wconf 80' lang='grc' dir='ltr'>ἁγίου</span> <span class='ocrx_word' id='word_1_340' title='bbox 1146 3163 1284 3216; x_wconf 85' lang='grc' dir='ltr'>Πνεύ</span> <span class='ocrx_word' id='word_1_341' title='bbox 1295 3181 1461 3234; x_wconf 86' lang='grc' dir='ltr'>ματος</span> <span class='ocrx_word' id='word_1_342' title='bbox 1484 3165 1723 3234; x_wconf 87' lang='grc' dir='ltr'>ὁδηγίαν,</span> <span class='ocrx_word' id='word_1_343' title='bbox 1748 3165 1814 3217; x_wconf 83' lang='grc' dir='ltr'><strong>δι’</strong></span> <span class='ocrx_word' id='word_1_344' title='bbox 1838 3165 1904 3234; x_wconf 79' lang='grc' dir='ltr'>ἣν</span> <span class='ocrx_word' id='word_1_345' title='bbox 1926 3166 2102 3220; x_wconf 86' lang='grc' dir='ltr'>αἰτίαν</span> 
     </span>
    </p>
   </div>
   <div class='ocr_carea' id='block_1_47' title="bbox 524 3256 2102 3330">
    <p class='ocr_par' dir='ltr' id='par_1_47' title="bbox 524 3256 2102 3330">
     <span class='ocr_line' id='line_1_47' title="bbox 524 3256 2102 3330; baseline 0 -20"><span class='ocrx_word' id='word_1_346' title='bbox 524 3257 904 3330; x_wconf 67' lang='grc' dir='ltr'>προὺτρέψατο</span> <span class='ocrx_word' id='word_1_347' title='bbox 953 3257 1113 3311; x_wconf 81' lang='grc' dir='ltr'>αὐτὸν</span> <span class='ocrx_word' id='word_1_348' title='bbox 1159 3257 1264 3320; x_wconf 79' lang='grc' dir='ltr'>ἓως</span> <span class='ocrx_word' id='word_1_349' title='bbox 1313 3256 1404 3309; x_wconf 83' lang='grc' dir='ltr'><strong>τοῦ</strong></span> <span class='ocrx_word' id='word_1_350' title='bbox 1459 3256 1741 3326; x_wconf 86' lang='grc' dir='ltr'>βαλανείου</span> <span class='ocrx_word' id='word_1_351' title='bbox 1801 3259 1976 3326; x_wconf 77' lang='grc' dir='ltr'>ἥκειν,</span> <span class='ocrx_word' id='word_1_352' title='bbox 2027 3260 2102 3322; x_wconf 81' lang='grc' dir='ltr'>ὡς</span> 
     </span>
    </p>
   </div>
   <div class='ocr_carea' id='block_1_48' title="bbox 525 3349 2100 3422">
    <p class='ocr_par' dir='ltr' id='par_1_48' title="bbox 525 3349 2100 3422">
     <span class='ocr_line' id='line_1_48' title="bbox 525 3349 2100 3422; baseline -0.001 -19"><span class='ocrx_word' id='word_1_353' title='bbox 525 3350 696 3420; x_wconf 81' lang='grc' dir='ltr'>ἔφην,</span> <span class='ocrx_word' id='word_1_354' title='bbox 750 3351 966 3421; x_wconf 86' lang='grc' dir='ltr'>μνήμης</span> <span class='ocrx_word' id='word_1_355' title='bbox 1010 3349 1174 3403; x_wconf 68' lang='grc' dir='ltr'>ἕνεκα</span> <span class='ocrx_word' id='word_1_356' title='bbox 1211 3349 1304 3402; x_wconf 83' lang='grc' dir='ltr'><strong>τοῦ</strong></span> <span class='ocrx_word' id='word_1_357' title='bbox 1349 3349 1830 3419; x_wconf 81' lang='grc' dir='ltr'>καταλιπεῖνὴμῖν</span> <span class='ocrx_word' id='word_1_358' title='bbox 1875 3350 1972 3422; x_wconf 84' lang='grc' dir='ltr'><strong>τὴν</strong></span> <span class='ocrx_word' id='word_1_359' title='bbox 2002 3352 2100 3421; x_wconf 79' lang='grc' dir='ltr'>τῆς</span> 
     </span>
    </p>
   </div>
   <div class='ocr_carea' id='block_1_49' title="bbox 523 3438 2099 3512">
    <p class='ocr_par' dir='ltr' id='par_1_49' title="bbox 523 3438 2099 3512">
     <span class='ocr_line' id='line_1_49' title="bbox 523 3438 2099 3512; baseline -0.001 -17"><span class='ocrx_word' id='word_1_360' title='bbox 523 3441 781 3512; x_wconf 79' lang='grc' dir='ltr'>ἀληθείας</span> <span class='ocrx_word' id='word_1_361' title='bbox 811 3438 1087 3504; x_wconf 79' lang='grc' dir='ltr'>ὖπόθεσιν,</span> <span class='ocrx_word' id='word_1_362' title='bbox 1127 3441 1395 3502; x_wconf 73' lang='grc' dir='ltr'>ὕει’τίνες</span> <span class='ocrx_word' id='word_1_363' title='bbox 1420 3441 1554 3493; x_wconf 78' lang='grc' dir='ltr'>εἰσὶν</span> <span class='ocrx_word' id='word_1_364' title='bbox 1580 3442 1628 3492; x_wconf 77' lang='grc' dir='ltr'>οἱ</span> <span class='ocrx_word' id='word_1_365' title='bbox 1661 3440 1833 3492; x_wconf 82' lang='grc' dir='ltr'>δοῦλοι</span> <span class='ocrx_word' id='word_1_366' title='bbox 1863 3441 2099 3512; x_wconf 90' lang='grc' dir='ltr'>Χριστοῦ</span> 
     </span>
    </p>
   </div>
   <div class='ocr_carea' id='block_1_50' title="bbox 523 3531 2100 3601">
    <p class='ocr_par' dir='ltr' id='par_1_50' title="bbox 523 3531 2100 3601">
     <span class='ocr_line' id='line_1_50' title="bbox 523 3531 2100 3601; baseline -0.001 -15"><span class='ocrx_word' id='word_1_367' title='bbox 523 3534 618 3588; x_wconf 77' lang='grc' dir='ltr'><strong>καὶ</strong></span> <span class='ocrx_word' id='word_1_368' title='bbox 642 3531 926 3586; x_wconf 75' lang='grc' dir='ltr'>ἀπόστολοι</span> <span class='ocrx_word' id='word_1_369' title='bbox 951 3533 1044 3585; x_wconf 69' lang='grc' dir='ltr'><strong>καὶ</strong></span> <span class='ocrx_word' id='word_1_370' title='bbox 1076 3532 1182 3584; x_wconf 75' lang='grc' dir='ltr'>υἱοὶ</span> <span class='ocrx_word' id='word_1_371' title='bbox 1209 3532 1307 3601; x_wconf 82' lang='grc' dir='ltr'>τῆς</span> <span class='ocrx_word' id='word_1_372' title='bbox 1332 3532 1498 3600; x_wconf 77' lang='grc' dir='ltr'>αὐτῆς</span> <span class='ocrx_word' id='word_1_373' title='bbox 1527 3531 1781 3601; x_wconf 84' lang='grc' dir='ltr'>ἀληθείας</span> <span class='ocrx_word' id='word_1_374' title='bbox 1811 3533 1824 3562; x_wconf 73' lang='grc'>⁸</span> <span class='ocrx_word' id='word_1_375' title='bbox 1848 3549 1861 3561; x_wconf 90' lang='grc'>·</span> <span class='ocrx_word' id='word_1_376' title='bbox 1890 3533 2011 3585; x_wconf 90' lang='grc' dir='ltr'>τίνα</span> <span class='ocrx_word' id='word_1_377' title='bbox 2041 3532 2100 3584; x_wconf 87' lang='grc' dir='ltr'>δέ</span> 
     </span>
    </p>
   </div>
   <div class='ocr_carea' id='block_1_51' title="bbox 523 3622 2097 3694">
    <p class='ocr_par' dir='ltr' id='par_1_51' title="bbox 523 3622 2097 3694">
     <span class='ocr_line' id='line_1_51' title="bbox 523 3622 2097 3694; baseline -0.001 -16"><span class='ocrx_word' id='word_1_378' title='bbox 523 3627 640 3679; x_wconf 77' lang='grc' dir='ltr'>ἐστι</span> <span class='ocrx_word' id='word_1_379' title='bbox 686 3625 754 3678; x_wconf 78' lang='grc' dir='ltr'>τὰ</span> <span class='ocrx_word' id='word_1_380' title='bbox 791 3624 958 3694; x_wconf 82' lang='grc' dir='ltr'>σκεύη</span> <span class='ocrx_word' id='word_1_381' title='bbox 998 3623 1094 3677; x_wconf 85' lang='grc' dir='ltr'><strong>τοῦ</strong></span> <span class='ocrx_word' id='word_1_382' title='bbox 1130 3622 1402 3694; x_wconf 83' lang='grc' dir='ltr'>πονηροῦ,</span> <span class='ocrx_word' id='word_1_383' title='bbox 1453 3623 1551 3676; x_wconf 80' lang='grc' dir='ltr'><strong>καὶ</strong></span> <span class='ocrx_word' id='word_1_384' title='bbox 1595 3625 1780 3677; x_wconf 70' lang='grc' dir='ltr'>πύλαι</span> <span class='ocrx_word' id='word_1_385' title='bbox 1827 3624 1974 3690; x_wconf 77' lang='grc' dir='ltr'>ᾅδου</span> <span class='ocrx_word' id='word_1_386' title='bbox 2011 3624 2097 3692; x_wconf 78' lang='grc' dir='ltr'>μὴ</span> 
     </span>
    </p>
   </div>
   <div class='ocr_carea' id='block_1_52' title="bbox 522 3715 2100 3785">
    <p class='ocr_par' dir='ltr' id='par_1_52' title="bbox 522 3715 2100 3785">
     <span class='ocr_line' id='line_1_52' title="bbox 522 3715 2100 3785; baseline -0.002 -14"><span class='ocrx_word' id='word_1_387' title='bbox 522 3717 959 3785; x_wconf 75' lang='grc' dir='ltr'>κατισχύουσαι</span> <span class='ocrx_word' id='word_1_388' title='bbox 1003 3715 1114 3782; x_wconf 86' lang='grc' dir='ltr'>τῆς</span> <span class='ocrx_word' id='word_1_389' title='bbox 1165 3715 1418 3782; x_wconf 83' lang='grc' dir='ltr'>πέτρας,</span> <span class='ocrx_word' id='word_1_390' title='bbox 1473 3715 1572 3767; x_wconf 81' lang='grc' dir='ltr'><strong>καὶ</strong></span> <span class='ocrx_word' id='word_1_391' title='bbox 1622 3715 1734 3783; x_wconf 80' lang='grc' dir='ltr'>τῆς</span> <span class='ocrx_word' id='word_1_392' title='bbox 1774 3716 1865 3768; x_wconf 77' lang='grc' dir='ltr'><strong>ἐπ’</strong></span> <span class='ocrx_word' id='word_1_393' title='bbox 1912 3716 2100 3784; x_wconf 79' lang='grc' dir='ltr'>αὐτῆς</span> 
     </span>
    </p>
   </div>
   <div class='ocr_carea' id='block_1_53' title="bbox 521 3806 2098 3876">
    <p class='ocr_par' dir='ltr' id='par_1_53' title="bbox 521 3806 2098 3876">
     <span class='ocr_line' id='line_1_53' title="bbox 521 3806 2098 3876; baseline -0.002 -13"><span class='ocrx_word' id='word_1_394' title='bbox 521 3808 1015 3876; x_wconf 70' lang='grc' dir='ltr'>οἰκοδομηθείοής</span> <span class='ocrx_word' id='word_1_395' title='bbox 1067 3807 1238 3874; x_wconf 78' lang='grc' dir='ltr'>ἁγίας</span> <span class='ocrx_word' id='word_1_396' title='bbox 1289 3806 1438 3858; x_wconf 84' lang='grc' dir='ltr'>Θεοῦ</span> <span class='ocrx_word' id='word_1_397' title='bbox 1494 3806 1892 3873; x_wconf 68' lang='grc' dir='ltr'>Ἐκκλησίας·</span> <span class='ocrx_word' id='word_1_398' title='bbox 1937 3809 2098 3872; x_wconf 73' lang='grc' dir='ltr'>εὐθὺς</span> 
     </span>
    </p>
   </div>
   <div class='ocr_carea' id='block_1_54' title="bbox 519 3895 2098 3969">
    <p class='ocr_par' dir='ltr' id='par_1_54' title="bbox 519 3895 2098 3969">
     <span class='ocr_line' id='line_1_54' title="bbox 519 3895 2098 3969; baseline -0.001 -17"><span class='ocrx_word' id='word_1_399' title='bbox 519 3899 757 3969; x_wconf 73' lang='grc' dir='ltr'>ταράξας</span> <span class='ocrx_word' id='word_1_400' title='bbox 795 3898 1006 3962; x_wconf 77' lang='grc' dir='ltr'>ἑαυτὸν,</span> <span class='ocrx_word' id='word_1_401' title='bbox 1055 3898 1148 3950; x_wconf 79' lang='grc' dir='ltr'>καὶ</span> <span class='ocrx_word' id='word_1_402' title='bbox 1181 3895 1421 3966; x_wconf 77' lang='grc' dir='ltr'>οἰμώξας</span> <span class='ocrx_word' id='word_1_403' title='bbox 1459 3897 1642 3967; x_wconf 76' lang='grc' dir='ltr'>ἡρέμα</span> <span class='ocrx_word' id='word_1_404' title='bbox 1674 3900 1755 3960; x_wconf 85' lang='grc' dir='ltr'>εἰς</span> <span class='ocrx_word' id='word_1_405' title='bbox 1799 3900 1858 3951; x_wconf 80' lang='grc' dir='ltr'><strong>τὸ</strong></span> <span class='ocrx_word' id='word_1_406' title='bbox 1893 3899 2098 3963; x_wconf 84' lang='grc' dir='ltr'>πάντας</span> 
     </span>
    </p>
   </div>
   <div class='ocr_carea' id='block_1_55' title="bbox 519 3987 2098 4060">
    <p class='ocr_par' dir='ltr' id='par_1_55' title="bbox 519 3987 2098 4060">
     <span class='ocr_line' id='line_1_55' title="bbox 519 3987 2098 4060; baseline 0.001 -18"><span class='ocrx_word' id='word_1_407' title='bbox 519 3989 774 4052; x_wconf 77' lang='grc' dir='ltr'>ἀκοῦσαι,</span> <span class='ocrx_word' id='word_1_408' title='bbox 822 3989 902 4050; x_wconf 76' lang='grc' dir='ltr'>εἰς</span> <span class='ocrx_word' id='word_1_409' title='bbox 947 3987 1245 4059; x_wconf 82' lang='grc' dir='ltr'>μαρτύριον</span> <span class='ocrx_word' id='word_1_410' title='bbox 1283 3989 1679 4059; x_wconf 86' lang='grc' dir='ltr'>παραστάσεως</span> <span class='ocrx_word' id='word_1_411' title='bbox 1715 3990 1984 4060; x_wconf 81' lang='grc' dir='ltr'>ἀχράντου</span> <span class='ocrx_word' id='word_1_412' title='bbox 2018 3991 2098 4043; x_wconf 83' lang='grc' dir='ltr'><strong>δι-</strong></span> 
     </span>
    </p>
   </div>
   <div class='ocr_carea' id='block_1_56' title="bbox 518 4079 2097 4151">
    <p class='ocr_par' dir='ltr' id='par_1_56' title="bbox 518 4079 2097 4151">
     <span class='ocr_line' id='line_1_56' title="bbox 518 4079 2097 4151; baseline -0.001 -16"><span class='ocrx_word' id='word_1_413' title='bbox 518 4081 832 4144; x_wconf 84' lang='grc' dir='ltr'>δασκαλίας,</span> <span class='ocrx_word' id='word_1_414' title='bbox 884 4082 1224 4144; x_wconf 83' lang='grc' dir='ltr'>Σπεύσατε,</span> <span class='ocrx_word' id='word_1_415' title='bbox 1272 4079 1544 4148; x_wconf 63' lang='grc' dir='ltr'>ἀδελφοὶ,</span> <span class='ocrx_word' id='word_1_416' title='bbox 1593 4079 1727 4151; x_wconf 76' lang='grc' dir='ltr'>ἔφη,</span> <span class='ocrx_word' id='word_1_417' title='bbox 1761 4081 2097 4150; x_wconf 71' lang='grc' dir='ltr'>ἐξέλθωμεν</span> 
     </span>
    </p>
   </div>
   <div class='ocr_carea' id='block_1_57' title="bbox 516 4170 2097 4240">
    <p class='ocr_par' dir='ltr' id='par_1_57' title="bbox 516 4170 2097 4240">
     <span class='ocr_line' id='line_1_57' title="bbox 516 4170 2097 4240; baseline 0.001 -16"><span class='ocrx_word' id='word_1_418' title='bbox 516 4173 816 4232; x_wconf 77' lang='grc' dir='ltr'>ἐντεῦθεν,</span> <span class='ocrx_word' id='word_1_419' title='bbox 838 4170 922 4239; x_wconf 78' lang='grc' dir='ltr'>μὴ</span> <span class='ocrx_word' id='word_1_420' title='bbox 949 4171 1106 4238; x_wconf 82' lang='grc' dir='ltr'>πέσῃ</span> <span class='ocrx_word' id='word_1_421' title='bbox 1141 4171 1205 4224; x_wconf 79' lang='grc' dir='ltr'>τὸ</span> <span class='ocrx_word' id='word_1_422' title='bbox 1228 4171 1580 4235; x_wconf 77' lang='grc' dir='ltr'>βαλανεῖον,</span> <span class='ocrx_word' id='word_1_423' title='bbox 1613 4172 1711 4224; x_wconf 80' lang='grc' dir='ltr'><strong>καὶ</strong></span> <span class='ocrx_word' id='word_1_424' title='bbox 1744 4173 2097 4240; x_wconf 79' lang='grc' dir='ltr'>ἀπολώμεθα</span> 
     </span>
    </p>
   </div>
   <div class='ocr_carea' id='block_1_58' title="bbox 512 4261 2094 4332">
    <p class='ocr_par' dir='ltr' id='par_1_58' title="bbox 512 4261 2094 4332">
     <span class='ocr_line' id='line_1_58' title="bbox 512 4261 2094 4332; baseline 0 -16"><span class='ocrx_word' id='word_1_425' title='bbox 512 4263 663 4332; x_wconf 81' lang='grc' dir='ltr'>μετὰ</span> <span class='ocrx_word' id='word_1_426' title='bbox 712 4263 992 4326; x_wconf 76' lang='grc' dir='ltr'>Ἐϐίωνος</span> <span class='ocrx_word' id='word_1_427' title='bbox 1038 4262 1144 4315; x_wconf 85' lang='grc' dir='ltr'><strong>τοῦ</strong></span> <span class='ocrx_word' id='word_1_428' title='bbox 1191 4261 1372 4315; x_wconf 77' lang='grc' dir='ltr'><strong>ἔνδον</strong></span> <span class='ocrx_word' id='word_1_429' title='bbox 1418 4263 1488 4316; x_wconf 81' lang='grc' dir='ltr'><strong>ἐν</strong></span> <span class='ocrx_word' id='word_1_430' title='bbox 1534 4263 1613 4328; x_wconf 87' lang='grc' dir='ltr'>τῷ</span> <span class='ocrx_word' id='word_1_431' title='bbox 1657 4263 1962 4327; x_wconf 77' lang='grc' dir='ltr'>βαλανείῳ</span> <span class='ocrx_word' id='word_1_432' title='bbox 1998 4264 2094 4316; x_wconf 84' lang='grc' dir='ltr'><strong>διὰ</strong></span> 
     </span>
    </p>
   </div>
   <div class='ocr_carea' id='block_1_59' title="bbox 517 4353 2094 4424">
    <p class='ocr_par' dir='ltr' id='par_1_59' title="bbox 517 4353 2094 4424">
     <span class='ocr_line' id='line_1_59' title="bbox 517 4353 2094 4424; baseline 0 -17"><span class='ocrx_word' id='word_1_433' title='bbox 517 4355 634 4422; x_wconf 78' lang='grc' dir='ltr'><strong>τὴν</strong></span> <span class='ocrx_word' id='word_1_434' title='bbox 681 4354 868 4408; x_wconf 83' lang='grc' dir='ltr'>αὐτοῦ</span> <span class='ocrx_word' id='word_1_435' title='bbox 905 4353 1202 4408; x_wconf 77' lang='grc' dir='ltr'>ἀσέϐειαν.</span> <span class='ocrx_word' id='word_1_436' title='bbox 1252 4355 1360 4406; x_wconf 80' lang='grc' dir='ltr'>Καὶ</span> <span class='ocrx_word' id='word_1_437' title='bbox 1401 4354 1586 4424; x_wconf 81' lang='grc' dir='ltr'>μηδεὶς</span> <span class='ocrx_word' id='word_1_438' title='bbox 1632 4353 1955 4423; x_wconf 78' lang='grc' dir='ltr'>θαυμαζέτω</span> <span class='ocrx_word' id='word_1_439' title='bbox 2002 4357 2094 4408; x_wconf 72' lang='grc' dir='ltr'><strong>ἐπὶ</strong></span> 
     </span>
    </p>
   </div>
   <div class='ocr_carea' id='block_1_60' title="bbox 2207 1885 3793 1963">
    <p class='ocr_par' dir='ltr' id='par_1_60' title="bbox 2207 1885 3793 1963">
     <span class='ocr_line' id='line_1_60' title="bbox 2207 1885 3793 1963; baseline 0.008 -25"><span class='ocrx_word' id='word_1_440' title='bbox 2207 1885 2372 1940; x_wconf 88' lang='lat' dir='ltr'><strong>verbo</strong></span> <span class='ocrx_word' id='word_1_441' title='bbox 2430 1887 2570 1940; x_wconf 84' lang='lat' dir='ltr'><strong>idem</strong></span> <span class='ocrx_word' id='word_1_442' title='bbox 2623 1885 2862 1943; x_wconf 89' lang='lat' dir='ltr'><strong>Joannes</strong></span> <span class='ocrx_word' id='word_1_443' title='bbox 2923 1890 3236 1955; x_wconf 89' lang='lat' dir='ltr'><strong>insisteret,</strong></span> <span class='ocrx_word' id='word_1_444' title='bbox 3295 1901 3353 1945; x_wconf 90' lang='lat' dir='ltr'><strong>ut</strong></span> <span class='ocrx_word' id='word_1_445' title='bbox 3404 1896 3592 1963; x_wconf 87' lang='lat' dir='ltr'><strong>quanti</strong></span> <span class='ocrx_word' id='word_1_446' title='bbox 3649 1899 3793 1950; x_wconf 88' lang='lat' dir='ltr'><strong>veri-</strong></span> 
     </span>
    </p>
   </div>
   <div class='ocr_carea' id='block_1_61' title="bbox 2208 1977 3793 2053">
    <p class='ocr_par' dir='ltr' id='par_1_61' title="bbox 2208 1977 3793 2053">
     <span class='ocr_line' id='line_1_61' title="bbox 2208 1977 3793 2053; baseline 0.009 -26"><span class='ocrx_word' id='word_1_447' title='bbox 2208 1983 2290 2030; x_wconf 83' lang='lat' dir='ltr'><strong>tas</strong></span> <span class='ocrx_word' id='word_1_448' title='bbox 2343 1977 2460 2031; x_wconf 84' lang='lat' dir='ltr'><strong>ﬁeri</strong></span> <span class='ocrx_word' id='word_1_449' title='bbox 2500 1977 2720 2032; x_wconf 84' lang='lat' dir='ltr'><strong>deberet</strong></span> <span class='ocrx_word' id='word_1_450' title='bbox 2765 1980 3013 2048; x_wconf 86' lang='lat' dir='ltr'><strong>exemplo</strong></span> <span class='ocrx_word' id='word_1_451' title='bbox 3062 1996 3162 2036; x_wconf 89' lang='lat' dir='ltr'><strong>suo</strong></span> <span class='ocrx_word' id='word_1_452' title='bbox 3203 1984 3433 2051; x_wconf 86' lang='lat' dir='ltr'><strong>posteris</strong></span> <span class='ocrx_word' id='word_1_453' title='bbox 3476 1989 3793 2053; x_wconf 74' lang='lat' dir='ltr'><strong>prtescribe-</strong></span> 
     </span>
    </p>
   </div>
   <div class='ocr_carea' id='block_1_62' title="bbox 2205 2061 3788 2145">
    <p class='ocr_par' dir='ltr' id='par_1_62' title="bbox 2205 2061 3788 2145">
     <span class='ocr_line' id='line_1_62' title="bbox 2205 2061 3788 2145; baseline 0.006 -24"><span class='ocrx_word' id='word_1_454' title='bbox 2205 2076 2309 2130; x_wconf 89' lang='lat' dir='ltr'><strong>ret,</strong></span> <span class='ocrx_word' id='word_1_455' title='bbox 2357 2061 2553 2121; x_wconf 79' lang='lat' dir='ltr'><strong>niirum</strong></span> <span class='ocrx_word' id='word_1_456' title='bbox 2600 2069 2858 2138; x_wconf 83' lang='lat' dir='ltr'><strong>quiddam</strong></span> <span class='ocrx_word' id='word_1_457' title='bbox 2908 2077 2956 2124; x_wconf 85' lang='lat' dir='ltr'><strong>et</strong></span> <span class='ocrx_word' id='word_1_458' title='bbox 3003 2071 3322 2126; x_wconf 86' lang='lat' dir='ltr'><strong>inusitatum</strong></span> <span class='ocrx_word' id='word_1_459' title='bbox 3371 2075 3548 2143; x_wconf 80' lang='lat' dir='ltr'><strong>egisse</strong></span> <span class='ocrx_word' id='word_1_460' title='bbox 3594 2077 3788 2145; x_wconf 85' lang='lat' dir='ltr'><strong>prodi-</strong></span> 
     </span>
    </p>
   </div>
   <div class='ocr_carea' id='block_1_63' title="bbox 2207 2159 3791 2234">
    <p class='ocr_par' dir='ltr' id='par_1_63' title="bbox 2207 2159 3791 2234">
     <span class='ocr_line' id='line_1_63' title="bbox 2207 2159 3791 2234; baseline 0.006 -23"><span class='ocrx_word' id='word_1_461' title='bbox 2207 2167 2314 2212; x_wconf 90' lang='lat' dir='ltr'><strong>tur.</strong></span> <span class='ocrx_word' id='word_1_462' title='bbox 2344 2159 2479 2213; x_wconf 83' lang='lat' dir='ltr'><strong>Cum</strong></span> <span class='ocrx_word' id='word_1_463' title='bbox 2514 2163 2658 2214; x_wconf 87' lang='lat' dir='ltr'><strong>enim</strong></span> <span class='ocrx_word' id='word_1_464' title='bbox 2687 2161 2806 2214; x_wconf 72' lang='lat' dir='ltr'><strong>vitae</strong></span> <span class='ocrx_word' id='word_1_465' title='bbox 2831 2161 3138 2218; x_wconf 90' lang='lat' dir='ltr'><strong>institutum</strong></span> <span class='ocrx_word' id='word_1_466' title='bbox 3180 2173 3386 2219; x_wconf 84' lang='lat' dir='ltr'><strong>teneret</strong></span> <span class='ocrx_word' id='word_1_467' title='bbox 3418 2167 3574 2234; x_wconf 87' lang='lat' dir='ltr'><strong>plane</strong></span> <span class='ocrx_word' id='word_1_468' title='bbox 3614 2169 3791 2222; x_wconf 90' lang='lat' dir='ltr'><strong>admi-</strong></span> 
     </span>
    </p>
   </div>
   <div class='ocr_carea' id='block_1_64' title="bbox 2207 2250 3792 2328">
    <p class='ocr_par' dir='ltr' id='par_1_64' title="bbox 2207 2250 3792 2328">
     <span class='ocr_line' id='line_1_64' title="bbox 2207 2250 3792 2328; baseline 0.006 -25"><span class='ocrx_word' id='word_1_469' title='bbox 2207 2250 2418 2316; x_wconf 83' lang='lat' dir='ltr'><strong>rabile,</strong></span> <span class='ocrx_word' id='word_1_470' title='bbox 2473 2251 2632 2320; x_wconf 89' lang='lat' dir='ltr'><strong>eique</strong></span> <span class='ocrx_word' id='word_1_471' title='bbox 2687 2267 2850 2321; x_wconf 90' lang='lat' dir='ltr'><strong>quam</strong></span> <span class='ocrx_word' id='word_1_472' title='bbox 2909 2255 3130 2323; x_wconf 84' lang='lat' dir='ltr'><strong>gerebat</strong></span> <span class='ocrx_word' id='word_1_473' title='bbox 3182 2257 3492 2322; x_wconf 64' lang='lat' dir='ltr'><strong>apostolicae</strong></span> <span class='ocrx_word' id='word_1_474' title='bbox 3542 2257 3792 2328; x_wconf 82' lang='lat' dir='ltr'><strong>dignitati</strong></span> 
     </span>
    </p>
   </div>
   <div class='ocr_carea' id='block_1_65' title="bbox 2207 2342 3784 2412">
    <p class='ocr_par' dir='ltr' id='par_1_65' title="bbox 2207 2342 3784 2412">
     <span class='ocr_line' id='line_1_65' title="bbox 2207 2342 3784 2412; baseline 0.004 -18"><span class='ocrx_word' id='word_1_475' title='bbox 2207 2349 2666 2395; x_wconf 88' lang='lat' dir='ltr'><strong>consentaneum:</strong></span> <span class='ocrx_word' id='word_1_476' title='bbox 2695 2342 2830 2396; x_wconf 88' lang='lat' dir='ltr'><strong>adeo</strong></span> <span class='ocrx_word' id='word_1_477' title='bbox 2880 2350 2938 2396; x_wconf 94' lang='lat' dir='ltr'><strong>ut</strong></span> <span class='ocrx_word' id='word_1_478' title='bbox 2987 2359 3260 2412; x_wconf 86' lang='lat' dir='ltr'><strong>nunquam</strong></span> <span class='ocrx_word' id='word_1_479' title='bbox 3301 2348 3524 2400; x_wconf 87' lang='lat' dir='ltr'><strong>omnino</strong></span> <span class='ocrx_word' id='word_1_480' title='bbox 3554 2347 3784 2412; x_wconf 72' lang='lat' dir='ltr'><strong>lavat-et,</strong></span> 
     </span>
    </p>
   </div>
   <div class='ocr_carea' id='block_1_66' title="bbox 2206 2431 3792 2504">
    <p class='ocr_par' dir='ltr' id='par_1_66' title="bbox 2206 2431 3792 2504">
     <span class='ocr_line' id='line_1_66' title="bbox 2206 2431 3792 2504; baseline 0.004 -20"><span class='ocrx_word' id='word_1_481' title='bbox 2206 2431 2496 2501; x_wconf 87' lang='lat' dir='ltr'><strong>aliquando</strong></span> <span class='ocrx_word' id='word_1_482' title='bbox 2544 2439 2724 2486; x_wconf 90' lang='lat' dir='ltr'><strong>tamen</strong></span> <span class='ocrx_word' id='word_1_483' title='bbox 2770 2433 2945 2496; x_wconf 77' lang='lat' dir='ltr'><strong>sancti</strong></span> <span class='ocrx_word' id='word_1_484' title='bbox 2994 2431 3229 2502; x_wconf 87' lang='lat' dir='ltr'><strong>Spiritus</strong></span> <span class='ocrx_word' id='word_1_485' title='bbox 3277 2435 3510 2504; x_wconf 88' lang='lat' dir='ltr'><strong>impulsu</strong></span> <span class='ocrx_word' id='word_1_486' title='bbox 3558 2438 3622 2490; x_wconf 87' lang='lat' dir='ltr'><strong>ad</strong></span> <span class='ocrx_word' id='word_1_487' title='bbox 3673 2438 3792 2490; x_wconf 87' lang='lat' dir='ltr'><strong>hal-</strong></span> 
     </span>
    </p>
   </div>
   <div class='ocr_carea' id='block_1_67' title="bbox 2205 2521 3788 2596">
    <p class='ocr_par' dir='ltr' id='par_1_67' title="bbox 2205 2521 3788 2596">
     <span class='ocr_line' id='line_1_67' title="bbox 2205 2521 3788 2596; baseline 0.002 -18"><span class='ocrx_word' id='word_1_488' title='bbox 2205 2539 2338 2578; x_wconf 87' lang='lat' dir='ltr'><strong>neas</strong></span> <span class='ocrx_word' id='word_1_489' title='bbox 2371 2523 2626 2592; x_wconf 85' lang='lat' dir='ltr'><strong>prodiens</strong></span> <span class='ocrx_word' id='word_1_490' title='bbox 2661 2543 2672 2577; x_wconf 92' lang='lat'>:</span> <span class='ocrx_word' id='word_1_491' title='bbox 2708 2521 2912 2592; x_wconf 86' lang='lat' dir='ltr'><strong>Capite,</strong></span> <span class='ocrx_word' id='word_1_492' title='bbox 2947 2525 3122 2592; x_wconf 78' lang='lat' dir='ltr'><strong>inquit</strong></span> <span class='ocrx_word' id='word_1_493' title='bbox 3153 2524 3218 2576; x_wconf 89' lang='lat' dir='ltr'><strong>ad</strong></span> <span class='ocrx_word' id='word_1_494' title='bbox 3252 2541 3402 2589; x_wconf 88' lang='lat' dir='ltr'><strong>suos,</strong></span> <span class='ocrx_word' id='word_1_495' title='bbox 3431 2543 3546 2596; x_wconf 77' lang='lat' dir='ltr'><strong>qua:</strong></span> <span class='ocrx_word' id='word_1_496' title='bbox 3574 2527 3642 2580; x_wconf 89' lang='lat' dir='ltr'><strong>ad</strong></span> <span class='ocrx_word' id='word_1_497' title='bbox 3671 2527 3788 2581; x_wconf 83' lang='lat' dir='ltr'><strong>bat-</strong></span> 
     </span>
    </p>
   </div>
   <div class='ocr_carea' id='block_1_68' title="bbox 2208 2616 3788 2673">
    <p class='ocr_par' dir='ltr' id='par_1_68' title="bbox 2208 2616 3788 2673">
     <span class='ocr_line' id='line_1_68' title="bbox 2208 2616 3788 2673; baseline 0.002 -4"><span class='ocrx_word' id='word_1_498' title='bbox 2208 2632 2359 2669; x_wconf 87' lang='lat' dir='ltr'><strong>neum</strong></span> <span class='ocrx_word' id='word_1_499' title='bbox 2385 2617 2679 2669; x_wconf 84' lang='lat' dir='ltr'><strong>necessaria</strong></span> <span class='ocrx_word' id='word_1_500' title='bbox 2710 2626 2850 2670; x_wconf 86' lang='lat' dir='ltr'><strong>sunt.</strong></span> <span class='ocrx_word' id='word_1_501' title='bbox 2889 2616 3214 2670; x_wconf 74' lang='lat' dir='ltr'><strong>lilirantibus</strong></span> <span class='ocrx_word' id='word_1_502' title='bbox 3239 2617 3346 2672; x_wconf 90' lang='lat' dir='ltr'><strong>illis</strong></span> <span class='ocrx_word' id='word_1_503' title='bbox 3376 2619 3441 2672; x_wconf 91' lang='lat' dir='ltr'><strong>ad</strong></span> <span class='ocrx_word' id='word_1_504' title='bbox 3467 2619 3788 2673; x_wconf 83' lang='lat' dir='ltr'><strong>lavationem</strong></span> 
     </span>
    </p>
   </div>
   <div class='ocr_carea' id='block_1_69' title="bbox 2207 2707 3789 2779">
    <p class='ocr_par' dir='ltr' id='par_1_69' title="bbox 2207 2707 3789 2779">
     <span class='ocr_line' id='line_1_69' title="bbox 2207 2707 3789 2779; baseline 0.001 -15"><span class='ocrx_word' id='word_1_505' title='bbox 2207 2710 2461 2778; x_wconf 80' lang='lat' dir='ltr'><strong>perrexit.</strong></span> <span class='ocrx_word' id='word_1_506' title='bbox 2503 2707 2641 2763; x_wconf 91' lang='lat' dir='ltr'><strong>Tum</strong></span> <span class='ocrx_word' id='word_1_507' title='bbox 2693 2711 2758 2763; x_wconf 89' lang='lat' dir='ltr'><strong>ad</strong></span> <span class='ocrx_word' id='word_1_508' title='bbox 2802 2725 2924 2764; x_wconf 90' lang='lat' dir='ltr'><strong>eum</strong></span> <span class='ocrx_word' id='word_1_509' title='bbox 2970 2709 3061 2779; x_wconf 90' lang='lat' dir='ltr'><strong>qui</strong></span> <span class='ocrx_word' id='word_1_510' title='bbox 3117 2710 3412 2764; x_wconf 88' lang='lat' dir='ltr'><strong>lavantium</strong></span> <span class='ocrx_word' id='word_1_511' title='bbox 3462 2712 3789 2766; x_wconf 87' lang='lat' dir='ltr'><strong>vestimenta</strong></span> 
     </span>
    </p>
   </div>
   <div class='ocr_carea' id='block_1_70' title="bbox 2208 2798 3786 2868">
    <p class='ocr_par' dir='ltr' id='par_1_70' title="bbox 2208 2798 3786 2868">
     <span class='ocr_line' id='line_1_70' title="bbox 2208 2798 3786 2868; baseline 0.001 -16"><span class='ocrx_word' id='word_1_512' title='bbox 2208 2798 2458 2852; x_wconf 85' lang='lat' dir='ltr'><strong>servabat</strong></span> <span class='ocrx_word' id='word_1_513' title='bbox 2488 2799 2774 2861; x_wconf 89' lang='lat' dir='ltr'><strong>accedens,</strong></span> <span class='ocrx_word' id='word_1_514' title='bbox 2802 2799 2924 2868; x_wconf 86' lang='lat' dir='ltr'><strong>quis</strong></span> <span class='ocrx_word' id='word_1_515' title='bbox 2963 2800 3105 2852; x_wconf 90' lang='lat' dir='ltr'><strong>intra</strong></span> <span class='ocrx_word' id='word_1_516' title='bbox 3143 2800 3394 2854; x_wconf 86' lang='lat' dir='ltr'><strong>balneum</strong></span> <span class='ocrx_word' id='word_1_517' title='bbox 3423 2809 3589 2866; x_wconf 90' lang='lat' dir='ltr'><strong>esset,</strong></span> <span class='ocrx_word' id='word_1_518' title='bbox 3629 2803 3786 2856; x_wconf 87' lang='lat' dir='ltr'><strong>inter-</strong></span> 
     </span>
    </p>
   </div>
   <div class='ocr_carea' id='block_1_71' title="bbox 2209 2890 3789 2961">
    <p class='ocr_par' dir='ltr' id='par_1_71' title="bbox 2209 2890 3789 2961">
     <span class='ocr_line' id='line_1_71' title="bbox 2209 2890 3789 2961; baseline 0.003 -20"><span class='ocrx_word' id='word_1_519' title='bbox 2209 2890 2434 2958; x_wconf 84' lang='lat' dir='ltr'><strong>rogavit.</strong></span> <span class='ocrx_word' id='word_1_520' title='bbox 2473 2891 2539 2941; x_wconf 83' lang='lat' dir='ltr'><strong>At</strong></span> <span class='ocrx_word' id='word_1_521' title='bbox 2573 2891 2813 2944; x_wconf 88' lang='lat' dir='ltr'><strong>olearius</strong></span> <span class='ocrx_word' id='word_1_522' title='bbox 2859 2890 3107 2959; x_wconf 87' lang='lat' dir='ltr'><strong>idemque</strong></span> <span class='ocrx_word' id='word_1_523' title='bbox 3130 2892 3364 2945; x_wconf 89' lang='lat' dir='ltr'><strong>vestium</strong></span> <span class='ocrx_word' id='word_1_524' title='bbox 3404 2901 3591 2948; x_wconf 88' lang='lat' dir='ltr'><strong>custos</strong></span> <span class='ocrx_word' id='word_1_525' title='bbox 3625 2894 3789 2961; x_wconf 88' lang='lat' dir='ltr'><strong>(hanc</strong></span> 
     </span>
    </p>
   </div>
   <div class='ocr_carea' id='block_1_72' title="bbox 2208 2981 3787 3053">
    <p class='ocr_par' dir='ltr' id='par_1_72' title="bbox 2208 2981 3787 3053">
     <span class='ocr_line' id='line_1_72' title="bbox 2208 2981 3787 3053; baseline 0.002 -19"><span class='ocrx_word' id='word_1_526' title='bbox 2208 2981 2350 3034; x_wconf 87' lang='lat' dir='ltr'><strong>enim</strong></span> <span class='ocrx_word' id='word_1_527' title='bbox 2394 2996 2612 3050; x_wconf 89' lang='lat' dir='ltr'><strong>operam</strong></span> <span class='ocrx_word' id='word_1_528' title='bbox 2655 2981 2899 3050; x_wconf 83' lang='lat' dir='ltr'><strong>plerique</strong></span> <span class='ocrx_word' id='word_1_529' title='bbox 2941 2983 3120 3034; x_wconf 86' lang='lat' dir='ltr'><strong>vietus</strong></span> <span class='ocrx_word' id='word_1_530' title='bbox 3171 2982 3475 3050; x_wconf 79' lang='lat' dir='ltr'><strong>quotidiani</strong></span> <span class='ocrx_word' id='word_1_531' title='bbox 3513 2985 3683 3053; x_wconf 86' lang='lat' dir='ltr'><strong>gratia</strong></span> <span class='ocrx_word' id='word_1_532' title='bbox 3733 2987 3787 3037; x_wconf 92' lang='lat' dir='ltr'><strong>in</strong></span> 
     </span>
    </p>
   </div>
   <div class='ocr_carea' id='block_1_73' title="bbox 2209 3072 3786 3142">
    <p class='ocr_par' dir='ltr' id='par_1_73' title="bbox 2209 3072 3786 3142">
     <span class='ocr_line' id='line_1_73' title="bbox 2209 3072 3786 3142; baseline 0.004 -21"><span class='ocrx_word' id='word_1_533' title='bbox 2209 3073 2504 3141; x_wconf 77' lang='lat' dir='ltr'><strong>gymnasiis</strong></span> <span class='ocrx_word' id='word_1_534' title='bbox 2540 3073 2813 3142; x_wconf 73' lang='lat' dir='ltr'><strong>praestant)</strong></span> <span class='ocrx_word' id='word_1_535' title='bbox 2858 3072 3054 3126; x_wconf 85' lang='lat' dir='ltr'><strong>Joanni</strong></span> <span class='ocrx_word' id='word_1_536' title='bbox 3094 3075 3374 3142; x_wconf 89' lang='lat' dir='ltr'><strong>respondit</strong></span> <span class='ocrx_word' id='word_1_537' title='bbox 3406 3075 3667 3129; x_wconf 88' lang='lat' dir='ltr'><strong>Ebionem</strong></span> <span class='ocrx_word' id='word_1_538' title='bbox 3702 3077 3786 3129; x_wconf 90' lang='lat' dir='ltr'><strong>in—</strong></span> 
     </span>
    </p>
   </div>
   <div class='ocr_carea' id='block_1_74' title="bbox 2133 3136 3787 3235">
    <p class='ocr_par' dir='ltr' id='par_1_74' title="bbox 2133 3136 3787 3235">
     <span class='ocr_line' id='line_1_74' title="bbox 2133 3136 3787 3235; baseline 0.005 -24"><span class='ocrx_word' id='word_1_539' title='bbox 2133 3136 2176 3194; x_wconf 81' lang='lat' dir='ltr'>C</span> <span class='ocrx_word' id='word_1_540' title='bbox 2210 3136 2298 3214; x_wconf 74' lang='lat' dir='ltr'><strong>tus</strong></span> <span class='ocrx_word' id='word_1_541' title='bbox 2331 3177 2470 3216; x_wconf 86' lang='lat' dir='ltr'><strong>esse.</strong></span> <span class='ocrx_word' id='word_1_542' title='bbox 2500 3136 2616 3228; x_wconf 47' lang='lat' dir='ltr'><strong>Q-no</strong></span> <span class='ocrx_word' id='word_1_543' title='bbox 2652 3136 2858 3229; x_wconf 79' lang='lat' dir='ltr'><strong>audito,</strong></span> <span class='ocrx_word' id='word_1_544' title='bbox 2892 3163 3074 3216; x_wconf 84' lang='lat' dir='ltr'><strong>statim</strong></span> <span class='ocrx_word' id='word_1_545' title='bbox 3119 3163 3383 3218; x_wconf 77' lang='lat' dir='ltr'><strong>intellexit</strong></span> <span class='ocrx_word' id='word_1_546' title='bbox 3427 3181 3686 3235; x_wconf 88' lang='lat' dir='ltr'><strong>quorsum</strong></span> <span class='ocrx_word' id='word_1_547' title='bbox 3719 3168 3787 3220; x_wconf 81' lang='lat' dir='ltr'><strong>il-</strong></span> 
     </span>
    </p>
   </div>
   <div class='ocr_carea' id='block_1_75' title="bbox 2205 3252 3786 3322">
    <p class='ocr_par' dir='ltr' id='par_1_75' title="bbox 2205 3252 3786 3322">
     <span class='ocr_line' id='line_1_75' title="bbox 2205 3252 3786 3322; baseline 0.005 -18"><span class='ocrx_word' id='word_1_548' title='bbox 2205 3253 2290 3305; x_wconf 87' lang='lat' dir='ltr'><strong>luc</strong></span> <span class='ocrx_word' id='word_1_549' title='bbox 2329 3253 2506 3322; x_wconf 90' lang='lat' dir='ltr'><strong>ipsum</strong></span> <span class='ocrx_word' id='word_1_550' title='bbox 2549 3252 2784 3322; x_wconf 89' lang='lat' dir='ltr'><strong>Spiritus</strong></span> <span class='ocrx_word' id='word_1_551' title='bbox 2822 3266 3046 3312; x_wconf 85' lang='lat' dir='ltr'><strong>sanctus</strong></span> <span class='ocrx_word' id='word_1_552' title='bbox 3097 3258 3436 3320; x_wconf 71' lang='lat' dir='ltr'><strong>adduxisset,</strong></span> <span class='ocrx_word' id='word_1_553' title='bbox 3480 3266 3528 3313; x_wconf 88' lang='lat' dir='ltr'><strong>et</strong></span> <span class='ocrx_word' id='word_1_554' title='bbox 3574 3268 3631 3312; x_wconf 92' lang='lat' dir='ltr'><strong>ut</strong></span> <span class='ocrx_word' id='word_1_555' title='bbox 3669 3260 3786 3312; x_wconf 87' lang='lat' dir='ltr'><strong>bal-</strong></span> 
     </span>
    </p>
   </div>
   <div class='ocr_carea' id='block_1_76' title="bbox 2203 3347 3786 3405">
    <p class='ocr_par' dir='ltr' id='par_1_76' title="bbox 2203 3347 3786 3405">
     <span class='ocr_line' id='line_1_76' title="bbox 2203 3347 3786 3405; baseline 0.005 -8"><span class='ocrx_word' id='word_1_556' title='bbox 2203 3361 2333 3398; x_wconf 72' lang='lat' dir='ltr'><strong>neas</strong></span> <span class='ocrx_word' id='word_1_557' title='bbox 2367 3347 2540 3398; x_wconf 82' lang='lat' dir='ltr'><strong>adiret</strong></span> <span class='ocrx_word' id='word_1_558' title='bbox 2590 3357 2737 3400; x_wconf 89' lang='lat' dir='ltr'><strong>esset</strong></span> <span class='ocrx_word' id='word_1_559' title='bbox 2789 3347 3077 3402; x_wconf 87' lang='lat' dir='ltr'><strong>hortatus:</strong></span> <span class='ocrx_word' id='word_1_560' title='bbox 3106 3349 3364 3403; x_wconf 86' lang='lat' dir='ltr'><strong>nimirum</strong></span> <span class='ocrx_word' id='word_1_561' title='bbox 3400 3351 3465 3403; x_wconf 89' lang='lat' dir='ltr'><strong>ad</strong></span> <span class='ocrx_word' id='word_1_562' title='bbox 3505 3365 3786 3405; x_wconf 88' lang='lat' dir='ltr'><strong>commen-</strong></span> 
     </span>
    </p>
   </div>
   <div class='ocr_carea' id='block_1_77' title="bbox 2202 3438 3786 3508">
    <p class='ocr_par' dir='ltr' id='par_1_77' title="bbox 2202 3438 3786 3508">
     <span class='ocr_line' id='line_1_77' title="bbox 2202 3438 3786 3508; baseline 0.004 -17"><span class='ocrx_word' id='word_1_563' title='bbox 2202 3438 2458 3499; x_wconf 87' lang='lat' dir='ltr'><strong>dandam,</strong></span> <span class='ocrx_word' id='word_1_564' title='bbox 2496 3448 2549 3492; x_wconf 89' lang='lat' dir='ltr'><strong>ut</strong></span> <span class='ocrx_word' id='word_1_565' title='bbox 2595 3438 2729 3504; x_wconf 76' lang='lat' dir='ltr'><strong>dixi,</strong></span> <span class='ocrx_word' id='word_1_566' title='bbox 2777 3439 2896 3508; x_wconf 86' lang='lat' dir='ltr'><strong>ejus</strong></span> <span class='ocrx_word' id='word_1_567' title='bbox 2942 3441 3018 3495; x_wconf 83' lang='lat' dir='ltr'><strong>rei</strong></span> <span class='ocrx_word' id='word_1_568' title='bbox 3068 3443 3431 3508; x_wconf 89' lang='lat' dir='ltr'><strong>memoriam;</strong></span> <span class='ocrx_word' id='word_1_569' title='bbox 3470 3456 3534 3495; x_wconf 88' lang='lat' dir='ltr'><strong>ac</strong></span> <span class='ocrx_word' id='word_1_570' title='bbox 3567 3444 3786 3498; x_wconf 85' lang='lat' dir='ltr'><strong>verissi-</strong></span> 
     </span>
    </p>
   </div>
   <div class='ocr_carea' id='block_1_78' title="bbox 2202 3530 3785 3600">
    <p class='ocr_par' dir='ltr' id='par_1_78' title="bbox 2202 3530 3785 3600">
     <span class='ocr_line' id='line_1_78' title="bbox 2202 3530 3785 3600; baseline 0.005 -20"><span class='ocrx_word' id='word_1_571' title='bbox 2202 3545 2350 3581; x_wconf 89' lang='lat' dir='ltr'><strong>mum</strong></span> <span class='ocrx_word' id='word_1_572' title='bbox 2380 3530 2509 3583; x_wconf 91' lang='lat' dir='ltr'><strong>illud</strong></span> <span class='ocrx_word' id='word_1_573' title='bbox 2539 3531 2732 3600; x_wconf 92' lang='lat' dir='ltr'><strong>dogma</strong></span> <span class='ocrx_word' id='word_1_574' title='bbox 2762 3532 3176 3600; x_wconf 82' lang='lat' dir='ltr'><strong>relinquendum</strong></span> <span class='ocrx_word' id='word_1_575' title='bbox 3206 3549 3220 3598; x_wconf 92' lang='lat'><strong>;</strong></span> <span class='ocrx_word' id='word_1_576' title='bbox 3253 3540 3314 3586; x_wconf 88' lang='lat' dir='ltr'><strong>ut</strong></span> <span class='ocrx_word' id='word_1_577' title='bbox 3351 3533 3572 3600; x_wconf 90' lang='lat' dir='ltr'><strong>quinam</strong></span> <span class='ocrx_word' id='word_1_578' title='bbox 3601 3543 3785 3589; x_wconf 87' lang='lat' dir='ltr'><strong>essent</strong></span> 
     </span>
    </p>
   </div>
   <div class='ocr_carea' id='block_1_79' title="bbox 2199 3621 3785 3691">
    <p class='ocr_par' dir='ltr' id='par_1_79' title="bbox 2199 3621 3785 3691">
     <span class='ocr_line' id='line_1_79' title="bbox 2199 3621 3785 3691; baseline 0.006 -17"><span class='ocrx_word' id='word_1_579' title='bbox 2199 3621 2401 3675; x_wconf 80' lang='lat' dir='ltr'><strong>Christi</strong></span> <span class='ocrx_word' id='word_1_580' title='bbox 2435 3623 2574 3676; x_wconf 89' lang='lat' dir='ltr'><strong>servi</strong></span> <span class='ocrx_word' id='word_1_581' title='bbox 2607 3631 2654 3676; x_wconf 89' lang='lat' dir='ltr'><strong>et</strong></span> <span class='ocrx_word' id='word_1_582' title='bbox 2684 3625 2950 3691; x_wconf 85' lang='lat' dir='ltr'><strong>apostoli,</strong></span> <span class='ocrx_word' id='word_1_583' title='bbox 2986 3639 3054 3678; x_wconf 87' lang='lat' dir='ltr'><strong>ac</strong></span> <span class='ocrx_word' id='word_1_584' title='bbox 3082 3625 3326 3678; x_wconf 86' lang='lat' dir='ltr'><strong>veritatis</strong></span> <span class='ocrx_word' id='word_1_585' title='bbox 3354 3626 3446 3678; x_wconf 84' lang='lat' dir='ltr'><strong>ﬁlii</strong></span> <span class='ocrx_word' id='word_1_586' title='bbox 3474 3627 3785 3683; x_wconf 79' lang='lat' dir='ltr'><strong>discernere</strong></span> 
     </span>
    </p>
   </div>
   <div class='ocr_carea' id='block_1_80' title="bbox 2201 3714 3784 3782">
    <p class='ocr_par' dir='ltr' id='par_1_80' title="bbox 2201 3714 3784 3782">
     <span class='ocr_line' id='line_1_80' title="bbox 2201 3714 3784 3782; baseline 0.004 -18"><span class='ocrx_word' id='word_1_587' title='bbox 2201 3727 2526 3780; x_wconf 81' lang='lat' dir='ltr'><strong>possemus;</strong></span> <span class='ocrx_word' id='word_1_588' title='bbox 2575 3714 2796 3782; x_wconf 83' lang='lat' dir='ltr'><strong>quinam</strong></span> <span class='ocrx_word' id='word_1_589' title='bbox 2838 3731 2867 3768; x_wconf 94' lang='lat' dir='ltr'><strong>e</strong></span> <span class='ocrx_word' id='word_1_590' title='bbox 2906 3717 3183 3770; x_wconf 88' lang='lat' dir='ltr'><strong>contrario</strong></span> <span class='ocrx_word' id='word_1_591' title='bbox 3229 3717 3357 3769; x_wconf 88' lang='lat' dir='ltr'><strong>mali</strong></span> <span class='ocrx_word' id='word_1_592' title='bbox 3403 3715 3665 3771; x_wconf 77' lang='lat' dir='ltr'><strong>dannonis</strong></span> <span class='ocrx_word' id='word_1_593' title='bbox 3712 3723 3784 3771; x_wconf 87' lang='lat' dir='ltr'><strong>in-</strong></span> 
     </span>
    </p>
   </div>
   <div class='ocr_carea' id='block_1_81' title="bbox 2201 3805 3781 3886">
    <p class='ocr_par' dir='ltr' id='par_1_81' title="bbox 2201 3805 3781 3886">
     <span class='ocr_line' id='line_1_81' title="bbox 2201 3805 3781 3886; baseline 0.003 -30"><span class='ocrx_word' id='word_1_594' title='bbox 2201 3809 2524 3865; x_wconf 86' lang='lat' dir='ltr'><strong>strumenta,</strong></span> <span class='ocrx_word' id='word_1_595' title='bbox 2567 3805 2956 3873; x_wconf 77' lang='lat' dir='ltr'><strong>inferorumque</strong></span> <span class='ocrx_word' id='word_1_596' title='bbox 2996 3817 3184 3873; x_wconf 69' lang='lat' dir='ltr'><strong>portrc,</strong></span> <span class='ocrx_word' id='word_1_597' title='bbox 3215 3823 3329 3876; x_wconf 75' lang='lat' dir='ltr'><strong>qua:</strong></span> <span class='ocrx_word' id='word_1_598' title='bbox 3365 3825 3526 3878; x_wconf 75' lang='lat' dir='ltr'><strong>neque</strong></span> <span class='ocrx_word' id='word_1_599' title='bbox 3560 3819 3781 3886; x_wconf 57' lang='lat' dir='ltr'><strong>petram,</strong></span> 
     </span>
    </p>
   </div>
   <div class='ocr_carea' id='block_1_82' title="bbox 2198 3895 3784 3963">
    <p class='ocr_par' dir='ltr' id='par_1_82' title="bbox 2198 3895 3784 3963">
     <span class='ocr_line' id='line_1_82' title="bbox 2198 3895 3784 3963; baseline 0.006 -19"><span class='ocrx_word' id='word_1_600' title='bbox 2198 3909 2357 3962; x_wconf 84' lang='lat' dir='ltr'><strong>neque</strong></span> <span class='ocrx_word' id='word_1_601' title='bbox 2403 3896 2457 3947; x_wconf 84' lang='lat' dir='ltr'><strong>in</strong></span> <span class='ocrx_word' id='word_1_602' title='bbox 2505 3911 2566 3947; x_wconf 89' lang='lat' dir='ltr'><strong>ea</strong></span> <span class='ocrx_word' id='word_1_603' title='bbox 2611 3895 2889 3963; x_wconf 81' lang='lat' dir='ltr'><strong>fundatam</strong></span> <span class='ocrx_word' id='word_1_604' title='bbox 2937 3913 2998 3949; x_wconf 82' lang='lat' dir='ltr'><strong>ac</strong></span> <span class='ocrx_word' id='word_1_605' title='bbox 3029 3897 3322 3950; x_wconf 78' lang='lat' dir='ltr'><strong>stabilitam</strong></span> <span class='ocrx_word' id='word_1_606' title='bbox 3366 3899 3657 3953; x_wconf 80' lang='lat' dir='ltr'><strong>Ecclesiam</strong></span> <span class='ocrx_word' id='word_1_607' title='bbox 3690 3918 3784 3955; x_wconf 86' lang='lat' dir='ltr'><strong>su-</strong></span> 
     </span>
    </p>
   </div>
   <div class='ocr_carea' id='block_1_83' title="bbox 2198 3987 3782 4060">
    <p class='ocr_par' dir='ltr' id='par_1_83' title="bbox 2198 3987 3782 4060">
     <span class='ocr_line' id='line_1_83' title="bbox 2198 3987 3782 4060; baseline 0.006 -22"><span class='ocrx_word' id='word_1_608' title='bbox 2198 4000 2388 4052; x_wconf 86' lang='lat' dir='ltr'><strong>perare</strong></span> <span class='ocrx_word' id='word_1_609' title='bbox 2414 3994 2640 4054; x_wconf 87' lang='lat' dir='ltr'><strong>possent</strong></span> <span class='ocrx_word' id='word_1_610' title='bbox 2664 3988 2704 4040; x_wconf 82' lang='grc'><strong>⁸.</strong></span> <span class='ocrx_word' id='word_1_611' title='bbox 2737 3987 2906 4056; x_wconf 86' lang='lat' dir='ltr'><strong>Igitur</strong></span> <span class='ocrx_word' id='word_1_612' title='bbox 2935 3987 3175 4043; x_wconf 85' lang='lat' dir='ltr'><strong>Joannes</strong></span> <span class='ocrx_word' id='word_1_613' title='bbox 3227 4000 3449 4060; x_wconf 68' lang='lat' dir='ltr'><strong>repente</strong></span> <span class='ocrx_word' id='word_1_614' title='bbox 3487 3995 3782 4047; x_wconf 83' lang='lat' dir='ltr'><strong>conturba-</strong></span> 
     </span>
    </p>
   </div>
   <div class='ocr_carea' id='block_1_84' title="bbox 2199 4079 3780 4148">
    <p class='ocr_par' dir='ltr' id='par_1_84' title="bbox 2199 4079 3780 4148">
     <span class='ocr_line' id='line_1_84' title="bbox 2199 4079 3780 4148; baseline 0.008 -21"><span class='ocrx_word' id='word_1_615' title='bbox 2199 4083 2307 4138; x_wconf 90' lang='lat' dir='ltr'><strong>tus,</strong></span> <span class='ocrx_word' id='word_1_616' title='bbox 2341 4085 2500 4146; x_wconf 87' lang='lat' dir='ltr'><strong>atque</strong></span> <span class='ocrx_word' id='word_1_617' title='bbox 2538 4079 2898 4148; x_wconf 89' lang='lat' dir='ltr'><strong>ingemiscens</strong></span> <span class='ocrx_word' id='word_1_618' title='bbox 2931 4080 3143 4144; x_wconf 89' lang='lat' dir='ltr'><strong>leniter,</strong></span> <span class='ocrx_word' id='word_1_619' title='bbox 3180 4089 3235 4134; x_wconf 93' lang='lat' dir='ltr'><strong>ut</strong></span> <span class='ocrx_word' id='word_1_620' title='bbox 3286 4083 3355 4136; x_wconf 90' lang='lat' dir='ltr'><strong>ab</strong></span> <span class='ocrx_word' id='word_1_621' title='bbox 3397 4084 3650 4138; x_wconf 87' lang='lat' dir='ltr'><strong>omnibus</strong></span> <span class='ocrx_word' id='word_1_622' title='bbox 3693 4093 3780 4138; x_wconf 86' lang='lat' dir='ltr'><strong>ta-</strong></span> 
     </span>
    </p>
   </div>
   <div class='ocr_carea' id='block_1_85' title="bbox 2196 4169 3779 4240">
    <p class='ocr_par' dir='ltr' id='par_1_85' title="bbox 2196 4169 3779 4240">
     <span class='ocr_line' id='line_1_85' title="bbox 2196 4169 3779 4240; baseline 0.005 -22"><span class='ocrx_word' id='word_1_623' title='bbox 2196 4182 2318 4220; x_wconf 89' lang='lat' dir='ltr'><strong>men</strong></span> <span class='ocrx_word' id='word_1_624' title='bbox 2345 4169 2588 4222; x_wconf 76' lang='lat' dir='ltr'><strong>exaudiri</strong></span> <span class='ocrx_word' id='word_1_625' title='bbox 2627 4180 2827 4238; x_wconf 66' lang='lat' dir='ltr'><strong>pOSset,</strong></span> <span class='ocrx_word' id='word_1_626' title='bbox 2858 4169 3021 4238; x_wconf 89' lang='lat' dir='ltr'><strong>idque</strong></span> <span class='ocrx_word' id='word_1_627' title='bbox 3064 4171 3284 4240; x_wconf 65' lang='lat' dir='ltr'><strong>integrae</strong></span> <span class='ocrx_word' id='word_1_628' title='bbox 3315 4188 3378 4225; x_wconf 85' lang='lat' dir='ltr'><strong>ac</strong></span> <span class='ocrx_word' id='word_1_629' title='bbox 3418 4173 3647 4229; x_wconf 69' lang='lat' dir='ltr'><strong>sincerae</strong></span> <span class='ocrx_word' id='word_1_630' title='bbox 3679 4177 3779 4228; x_wconf 77' lang='lat' dir='ltr'><strong>do-</strong></span> 
     </span>
    </p>
   </div>
   <div class='ocr_carea' id='block_1_86' title="bbox 2195 4256 3778 4333">
    <p class='ocr_par' dir='ltr' id='par_1_86' title="bbox 2195 4256 3778 4333">
     <span class='ocr_line' id='line_1_86' title="bbox 2195 4256 3778 4333; baseline 0.007 -26"><span class='ocrx_word' id='word_1_631' title='bbox 2195 4256 2381 4309; x_wconf 84' lang='lat' dir='ltr'><strong>ctrinae</strong></span> <span class='ocrx_word' id='word_1_632' title='bbox 2403 4257 2776 4310; x_wconf 89' lang='lat' dir='ltr'><strong>testimonium</strong></span> <span class='ocrx_word' id='word_1_633' title='bbox 2815 4265 3093 4312; x_wconf 78' lang='lat' dir='ltr'><strong>exstaret:</strong></span> <span class='ocrx_word' id='word_1_634' title='bbox 3127 4259 3287 4330; x_wconf 62' lang='lat'><strong>149</strong></span> <span class='ocrx_word' id='word_1_635' title='bbox 3324 4259 3634 4329; x_wconf 82' lang='lat' dir='ltr'><strong>Properate,</strong></span> <span class='ocrx_word' id='word_1_636' title='bbox 3665 4265 3778 4333; x_wconf 80' lang='lat' dir='ltr'><strong>[ra-</strong></span> 
     </span>
    </p>
   </div>
   <div class='ocr_carea' id='block_1_87' title="bbox 2196 4346 3778 4422">
    <p class='ocr_par' dir='ltr' id='par_1_87' title="bbox 2196 4346 3778 4422">
     <span class='ocr_line' id='line_1_87' title="bbox 2196 4346 3778 4422; baseline 0.009 -26"><span class='ocrx_word' id='word_1_637' title='bbox 2196 4354 2320 4408; x_wconf 86' lang='lat' dir='ltr'><strong>tres,</strong></span> <span class='ocrx_word' id='word_1_638' title='bbox 2349 4347 2542 4415; x_wconf 90' lang='lat' dir='ltr'><strong>inquit,</strong></span> <span class='ocrx_word' id='word_1_639' title='bbox 2589 4346 2835 4400; x_wconf 86' lang='lat' dir='ltr'><strong>abeamus</strong></span> <span class='ocrx_word' id='word_1_640' title='bbox 2869 4348 3006 4415; x_wconf 81' lang='lat' dir='ltr'><strong>hinc,</strong></span> <span class='ocrx_word' id='word_1_641' title='bbox 3045 4367 3106 4403; x_wconf 86' lang='lat' dir='ltr'><strong>ne</strong></span> <span class='ocrx_word' id='word_1_642' title='bbox 3150 4350 3351 4406; x_wconf 77' lang='lat' dir='ltr'><strong>balnea:</strong></span> <span class='ocrx_word' id='word_1_643' title='bbox 3391 4354 3693 4422; x_wconf 81' lang='lat' dir='ltr'><strong>concidant,</strong></span> <span class='ocrx_word' id='word_1_644' title='bbox 3729 4368 3778 4410; x_wconf 84' lang='lat' dir='ltr'><strong>et</strong></span> 
     </span>
    </p>
   </div>
   <div class='ocr_carea' id='block_1_88' title="bbox 517 4439 2098 4526">
    <p class='ocr_par' dir='ltr' id='par_1_88' title="bbox 517 4443 2090 4516">
     <span class='ocr_line' id='line_1_88' title="bbox 517 4443 2090 4516; baseline -0.001 -18"><span class='ocrx_word' id='word_1_645' title='bbox 517 4443 594 4516; x_wconf 80' lang='grc' dir='ltr'>τῷ</span> <span class='ocrx_word' id='word_1_646' title='bbox 633 4444 863 4499; x_wconf 82' lang='grc' dir='ltr'>ἀκοῦσαι</span> <span class='ocrx_word' id='word_1_647' title='bbox 903 4445 1134 4497; x_wconf 77' lang='grc' dir='ltr'>Ἐϐίωνα</span> <span class='ocrx_word' id='word_1_648' title='bbox 1161 4445 1382 4516; x_wconf 81' lang='grc' dir='ltr'>Ἰωάννῃ</span> <span class='ocrx_word' id='word_1_649' title='bbox 1416 4445 1890 4515; x_wconf 84' lang='grc' dir='ltr'>συντετυχηκέναι.</span> <span class='ocrx_word' id='word_1_650' title='bbox 1917 4445 2090 4497; x_wconf 79' lang='grc' dir='ltr'>Πολυ-</span> 
     </span>
    </p>
   </div>
   <div class='ocr_carea' id='block_1_89' title="bbox 2199 4439 3778 4526">
    <p class='ocr_par' dir='ltr' id='par_1_89' title="bbox 2199 4439 3778 4517">
     <span class='ocr_line' id='line_1_89' title="bbox 2199 4439 3778 4517; baseline 0.009 -26"><span class='ocrx_word' id='word_1_651' title='bbox 2199 4455 2312 4492; x_wconf 85' lang='lat' dir='ltr'><strong>cum</strong></span> <span class='ocrx_word' id='word_1_652' title='bbox 2352 4439 2571 4503; x_wconf 84' lang='lat' dir='ltr'><strong>Ebione,</strong></span> <span class='ocrx_word' id='word_1_653' title='bbox 2606 4442 2696 4510; x_wconf 84' lang='lat' dir='ltr'><strong>qui</strong></span> <span class='ocrx_word' id='word_1_654' title='bbox 2740 4444 2881 4496; x_wconf 86' lang='lat' dir='ltr'><strong>intus</strong></span> <span class='ocrx_word' id='word_1_655' title='bbox 2915 4453 3013 4504; x_wconf 88' lang='lat' dir='ltr'><strong>est,</strong></span> <span class='ocrx_word' id='word_1_656' title='bbox 3048 4444 3110 4496; x_wconf 90' lang='lat' dir='ltr'><strong>ob</strong></span> <span class='ocrx_word' id='word_1_657' title='bbox 3161 4446 3274 4512; x_wconf 77' lang='lat' dir='ltr'><strong>ejus</strong></span> <span class='ocrx_word' id='word_1_658' title='bbox 3323 4448 3641 4517; x_wconf 85' lang='lat' dir='ltr'><strong>impietatem</strong></span> <span class='ocrx_word' id='word_1_659' title='bbox 3686 4453 3778 4506; x_wconf 82' lang='lat' dir='ltr'><strong>ob-</strong></span> 
     </span>
    </p>
   </div>
   <div class='ocr_carea' id='block_1_90' title="bbox 517 4535 2089 4607">
    <p class='ocr_par' dir='ltr' id='par_1_90' title="bbox 517 4535 2089 4607">
     <span class='ocr_line' id='line_1_90' title="bbox 517 4535 2089 4607; baseline -0.001 -19"><span class='ocrx_word' id='word_1_660' title='bbox 517 4538 726 4607; x_wconf 70' lang='grc' dir='ltr'>χρονιος</span> <span class='ocrx_word' id='word_1_661' title='bbox 747 4537 855 4606; x_wconf 77' lang='grc' dir='ltr'><strong>γὰρ</strong></span> <span class='ocrx_word' id='word_1_662' title='bbox 881 4536 1214 4605; x_wconf 86' lang='grc' dir='ltr'>καταμείνας</span> <span class='ocrx_word' id='word_1_663' title='bbox 1243 4535 1318 4605; x_wconf 80' lang='grc' dir='ltr'><strong>τῷ</strong></span> <span class='ocrx_word' id='word_1_664' title='bbox 1344 4536 1440 4606; x_wconf 86' lang='grc' dir='ltr'>βίῳ</span> <span class='ocrx_word' id='word_1_665' title='bbox 1463 4538 1490 4588; x_wconf 86' lang='grc' dir='ltr'>ὁ</span> <span class='ocrx_word' id='word_1_666' title='bbox 1521 4536 1788 4606; x_wconf 82' lang='grc' dir='ltr'>μακάριος</span> <span class='ocrx_word' id='word_1_667' title='bbox 1815 4535 2089 4605; x_wconf 88' lang='grc' dir='ltr'>Ἰωάννης,</span> 
     </span>
    </p>
   </div>
   <div class='ocr_carea' id='block_1_91' title="bbox 515 4625 2091 4697">
    <p class='ocr_par' dir='ltr' id='par_1_91' title="bbox 515 4625 2091 4697">
     <span class='ocr_line' id='line_1_91' title="bbox 515 4625 2091 4697; baseline -0.001 -18"><span class='ocrx_word' id='word_1_668' title='bbox 515 4627 799 4697; x_wconf 82' lang='grc' dir='ltr'>διήρκεσεν</span> <span class='ocrx_word' id='word_1_669' title='bbox 827 4627 953 4697; x_wconf 80' lang='grc' dir='ltr'>ἄχρι</span> <span class='ocrx_word' id='word_1_670' title='bbox 991 4626 1088 4695; x_wconf 83' lang='grc' dir='ltr'>τῆς</span> <span class='ocrx_word' id='word_1_671' title='bbox 1120 4625 1213 4678; x_wconf 86' lang='grc' dir='ltr'><strong>τοῦ</strong></span> <span class='ocrx_word' id='word_1_672' title='bbox 1249 4625 1517 4696; x_wconf 80' lang='grc' dir='ltr'>Τραϊανοῦ</span> <span class='ocrx_word' id='word_1_673' title='bbox 1561 4626 1854 4695; x_wconf 85' lang='grc' dir='ltr'>βασιλείας.</span> <span class='ocrx_word' id='word_1_674' title='bbox 1885 4627 2091 4690; x_wconf 83' lang='grc' dir='ltr'>Πάντες</span> 
     </span>
    </p>
   </div>
   <div class='ocr_carea' id='block_1_92' title="bbox 516 4717 2088 4788">
    <p class='ocr_par' dir='ltr' id='par_1_92' title="bbox 516 4717 2088 4788">
     <span class='ocr_line' id='line_1_92' title="bbox 516 4717 2088 4788; baseline -0.001 -18"><span class='ocrx_word' id='word_1_675' title='bbox 516 4718 572 4770; x_wconf 80' lang='grc' dir='ltr'><strong>δὲ</strong></span> <span class='ocrx_word' id='word_1_676' title='bbox 599 4719 648 4770; x_wconf 81' lang='grc' dir='ltr'>οἱ</span> <span class='ocrx_word' id='word_1_677' title='bbox 691 4718 978 4770; x_wconf 83' lang='grc' dir='ltr'>ἀπόστολοι</span> <span class='ocrx_word' id='word_1_678' title='bbox 1013 4719 1096 4770; x_wconf 83' lang='grc' dir='ltr'>ὅτι</span> <span class='ocrx_word' id='word_1_679' title='bbox 1130 4717 1548 4788; x_wconf 82' lang='grc' dir='ltr'>ἀπαλλοτριοῦσι</span> <span class='ocrx_word' id='word_1_680' title='bbox 1575 4717 1674 4788; x_wconf 79' lang='grc' dir='ltr'>τὴν</span> <span class='ocrx_word' id='word_1_681' title='bbox 1716 4718 1810 4770; x_wconf 85' lang='grc' dir='ltr'><strong>τοῦ</strong></span> <span class='ocrx_word' id='word_1_682' title='bbox 1833 4717 2088 4780; x_wconf 82' lang='grc' dir='ltr'>Ἐϐίωνος</span> 
     </span>
    </p>
   </div>
   <div class='ocr_carea' id='block_1_93' title="bbox 519 4806 2088 4878">
    <p class='ocr_par' dir='ltr' id='par_1_93' title="bbox 519 4806 2088 4878">
     <span class='ocr_line' id='line_1_93' title="bbox 519 4806 2088 4878; baseline -0.003 -15"><span class='ocrx_word' id='word_1_683' title='bbox 519 4811 738 4873; x_wconf 80' lang='grc' dir='ltr'>πίστιν,</span> <span class='ocrx_word' id='word_1_684' title='bbox 774 4811 869 4861; x_wconf 71' lang='grc' dir='ltr'><strong>καὶ</strong></span> <span class='ocrx_word' id='word_1_685' title='bbox 903 4808 1188 4878; x_wconf 86' lang='grc' dir='ltr'>ἀλλοτρίαν</span> <span class='ocrx_word' id='word_1_686' title='bbox 1236 4809 1511 4878; x_wconf 81' lang='grc' dir='ltr'>ἡγήσαντο</span> <span class='ocrx_word' id='word_1_687' title='bbox 1555 4808 1648 4860; x_wconf 80' lang='grc' dir='ltr'><strong>τοῦ</strong></span> <span class='ocrx_word' id='word_1_688' title='bbox 1697 4807 1876 4860; x_wconf 81' lang='grc' dir='ltr'>αὐτῶν</span> <span class='ocrx_word' id='word_1_689' title='bbox 1919 4806 2088 4877; x_wconf 82' lang='grc' dir='ltr'>κηρύ-</span> 
     </span>
    </p>
   </div>
   <div class='ocr_carea' id='block_1_94' title="bbox 515 4898 2090 4969">
    <p class='ocr_par' dir='ltr' id='par_1_94' title="bbox 515 4898 2090 4969">
     <span class='ocr_line' id='line_1_94' title="bbox 515 4898 2090 4969; baseline -0.002 -17"><span class='ocrx_word' id='word_1_690' title='bbox 515 4916 742 4969; x_wconf 84' lang='grc' dir='ltr'>γματος,</span> <span class='ocrx_word' id='word_1_691' title='bbox 771 4900 865 4952; x_wconf 72' lang='grc' dir='ltr'>καὶ</span> <span class='ocrx_word' id='word_1_692' title='bbox 903 4898 996 4952; x_wconf 86' lang='grc' dir='ltr'><strong>τοῦ</strong></span> <span class='ocrx_word' id='word_1_693' title='bbox 1041 4898 1398 4952; x_wconf 85' lang='grc' dir='ltr'>ἀποστολικοῦ</span> <span class='ocrx_word' id='word_1_694' title='bbox 1427 4899 1792 4969; x_wconf 83' lang='grc' dir='ltr'>χαρακτῆρος,</span> <span class='ocrx_word' id='word_1_695' title='bbox 1827 4899 1988 4950; x_wconf 83' lang='grc' dir='ltr'>παντί</span> <span class='ocrx_word' id='word_1_696' title='bbox 2013 4915 2090 4969; x_wconf 86' lang='grc' dir='ltr'>τῳ</span> 
     </span>
    </p>
   </div>
   <div class='ocr_carea' id='block_1_95' title="bbox 515 4989 837 5059">
    <p class='ocr_par' dir='ltr' id='par_1_95' title="bbox 515 4989 837 5059">
     <span class='ocr_line' id='line_1_95' title="bbox 515 4989 837 5059; baseline 0.009 -18"><span class='ocrx_word' id='word_1_697' title='bbox 515 4989 671 5059; x_wconf 71' lang='grc' dir='ltr'>δῆλόν</span> <span class='ocrx_word' id='word_1_698' title='bbox 701 4990 837 5044; x_wconf 81' lang='grc' dir='ltr'>ἐστι.</span> 
     </span>
    </p>
   </div>
   <div class='ocr_carea' id='block_1_96' title="bbox 583 5165 2089 5237">
    <p class='ocr_par' dir='ltr' id='par_1_96' title="bbox 583 5165 2089 5237">
     <span class='ocr_line' id='line_1_96' title="bbox 583 5165 2089 5237; baseline 0.001 -20"><span class='ocrx_word' id='word_1_699' title='bbox 583 5165 712 5221; x_wconf 86' lang='grc' dir='ltr'><strong>ΚΕ’.</strong></span> <span class='ocrx_word' id='word_1_700' title='bbox 741 5167 876 5237; x_wconf 72' lang='grc' dir='ltr'>Περὶ</span> <span class='ocrx_word' id='word_1_701' title='bbox 901 5167 958 5220; x_wconf 81' lang='grc' dir='ltr'><strong>δὲ</strong></span> <span class='ocrx_word' id='word_1_702' title='bbox 980 5166 1073 5220; x_wconf 84' lang='grc' dir='ltr'><strong>τοῦ</strong></span> <span class='ocrx_word' id='word_1_703' title='bbox 1101 5168 1253 5234; x_wconf 71' lang='grc' dir='ltr'>ἁγίου</span> <span class='ocrx_word' id='word_1_704' title='bbox 1281 5167 1514 5233; x_wconf 81' lang='grc' dir='ltr'>Παύλου,</span> <span class='ocrx_word' id='word_1_705' title='bbox 1539 5166 1614 5230; x_wconf 86' lang='grc' dir='ltr'>ὼς</span> <span class='ocrx_word' id='word_1_706' title='bbox 1642 5165 2089 5237; x_wconf 77' lang='grc' dir='ltr'>βλασφημοῦντες</span> 
     </span>
    </p>
   </div>
   <div class='ocr_carea' id='block_1_97' title="bbox 617 5320 1700 5391">
    <p class='ocr_par' dir='ltr' id='par_1_97' title="bbox 617 5320 1700 5391">
     <span class='ocr_line' id='line_1_97' title="bbox 617 5320 1700 5391; baseline -0.01 -4"><span class='ocrx_word' id='word_1_707' title='bbox 617 5321 632 5350; x_wconf 85' lang='grc'>¹</span> <span class='ocrx_word' id='word_1_708' title='bbox 664 5338 751 5388; x_wconf 76' lang='lat'><strong>710-</strong></span> <span class='ocrx_word' id='word_1_709' title='bbox 783 5323 881 5391; x_wconf 84' lang='grc' dir='ltr'><strong>τῆς</strong></span> <span class='ocrx_word' id='word_1_710' title='bbox 907 5320 1182 5390; x_wconf 80' lang='grc' dir='ltr'>ἀληθείας.</span> <span class='ocrx_word' id='word_1_711' title='bbox 1295 5322 1314 5352; x_wconf 82' lang='grc'>¹</span> <span class='ocrx_word' id='word_1_712' title='bbox 1340 5320 1496 5376; x_wconf 89' lang='lat' dir='ltr'><strong>Joan.</strong></span> <span class='ocrx_word' id='word_1_713' title='bbox 1525 5337 1574 5387; x_wconf 90' lang='grc' dir='ltr'><strong>ι,</strong></span> <span class='ocrx_word' id='word_1_714' title='bbox 1609 5321 1700 5376; x_wconf 77' lang='lat'><strong>9.3.</strong></span> 
     </span>
    </p>
   </div>
   <div class='ocr_carea' id='block_1_98' title="bbox 511 5390 1032 5454">
    <p class='ocr_par' dir='ltr' id='par_1_98' title="bbox 511 5390 1032 5454">
     <span class='ocr_line' id='line_1_98' title="bbox 511 5390 1032 5454; baseline -0.004 -10"><span class='ocrx_word' id='word_1_715' title='bbox 511 5391 536 5423; x_wconf 80' lang='grc'><strong>⁸</strong></span> <span class='ocrx_word' id='word_1_716' title='bbox 562 5390 750 5444; x_wconf 84' lang='lat' dir='ltr'><strong>Matth.</strong></span> <span class='ocrx_word' id='word_1_717' title='bbox 791 5407 900 5454; x_wconf 85' lang='lat' dir='ltr'><strong>va,</strong></span> <span class='ocrx_word' id='word_1_718' title='bbox 943 5391 1032 5444; x_wconf 53' lang='lat'><strong>&#39;18.</strong></span> 
     </span>
    </p>
   </div>
   <div class='ocr_carea' id='block_1_99' title="bbox 584 5498 2078 5570">
    <p class='ocr_par' dir='ltr' id='par_1_99' title="bbox 584 5498 2078 5570">
     <span class='ocr_line' id='line_1_99' title="bbox 584 5498 2078 5570; baseline -0.001 -15"><span class='ocrx_word' id='word_1_719' title='bbox 584 5502 698 5570; x_wconf 80' lang='grc'><strong>(58)</strong></span> <span class='ocrx_word' id='word_1_720' title='bbox 731 5501 923 5554; x_wconf 77' lang='grc' dir='ltr'>Πάλιν</span> <span class='ocrx_word' id='word_1_721' title='bbox 945 5501 1013 5554; x_wconf 86' lang='grc' dir='ltr'><strong>δὲ</strong></span> <span class='ocrx_word' id='word_1_722' title='bbox 1035 5504 1066 5554; x_wconf 86' lang='grc' dir='ltr'><strong><em>ό</em></strong></span> <span class='ocrx_word' id='word_1_723' title='bbox 1091 5499 1290 5565; x_wconf 87' lang='grc' dir='ltr'>αὑτός.</span> <span class='ocrx_word' id='word_1_724' title='bbox 1332 5499 1484 5554; x_wconf 89' lang='lat' dir='ltr'><strong>Hanc</strong></span> <span class='ocrx_word' id='word_1_725' title='bbox 1509 5498 1738 5555; x_wconf 88' lang='lat' dir='ltr'><strong>Joannis</strong></span> <span class='ocrx_word' id='word_1_726' title='bbox 1767 5500 2078 5565; x_wconf 85' lang='lat' dir='ltr'><strong>historiam,</strong></span> 
     </span>
    </p>
   </div>
   <div class='ocr_carea' id='block_1_100' title="bbox 511 5570 2078 5642">
    <p class='ocr_par' dir='ltr' id='par_1_100' title="bbox 511 5570 2078 5642">
     <span class='ocr_line' id='line_1_100' title="bbox 511 5570 2078 5642; baseline -0.002 -16"><span class='ocrx_word' id='word_1_727' title='bbox 511 5588 680 5642; x_wconf 15' lang='lat' dir='ltr'><strong>uuam,</strong></span> <span class='ocrx_word' id='word_1_728' title='bbox 724 5587 755 5623; x_wconf 88' lang='lat' dir='ltr'><strong>a</strong></span> <span class='ocrx_word' id='word_1_729' title='bbox 808 5571 1124 5642; x_wconf 15' lang='lat' dir='ltr'><strong>Polyearpoi</strong></span> <span class='ocrx_word' id='word_1_730' title='bbox 1152 5581 1456 5642; x_wconf 71' lang='lat' dir='ltr'><strong>acceperat,</strong></span> <span class='ocrx_word' id='word_1_731' title='bbox 1493 5572 1658 5624; x_wconf 87' lang='lat' dir='ltr'><strong>rel&#39;ert</strong></span> <span class='ocrx_word' id='word_1_732' title='bbox 1688 5570 1954 5642; x_wconf 73' lang='lat' dir='ltr'><strong>Ireu._|ib.</strong></span> <span class='ocrx_word' id='word_1_733' title='bbox 1993 5586 2078 5642; x_wconf 75' lang='lat' dir='ltr'><strong>tu,</strong></span> 
     </span>
    </p>
   </div>
   <div class='ocr_carea' id='block_1_101' title="bbox 519 5639 2081 5708">
    <p class='ocr_par' dir='ltr' id='par_1_101' title="bbox 519 5639 2081 5708">
     <span class='ocr_line' id='line_1_101' title="bbox 519 5639 2081 5708; baseline 0.001 -14"><span class='ocrx_word' id='word_1_734' title='bbox 519 5657 637 5707; x_wconf 66' lang='lat' dir='ltr'><strong>sap.</strong></span> <span class='ocrx_word' id='word_1_735' title='bbox 671 5641 727 5703; x_wconf 78' lang='grc'>5,</span> <span class='ocrx_word' id='word_1_736' title='bbox 755 5649 809 5694; x_wconf 88' lang='lat' dir='ltr'><strong>et</strong></span> <span class='ocrx_word' id='word_1_737' title='bbox 839 5639 1038 5694; x_wconf 81' lang='lat' dir='ltr'><strong>Euseb.</strong></span> <span class='ocrx_word' id='word_1_738' title='bbox 1075 5641 1168 5695; x_wconf 87' lang='lat' dir='ltr'><strong>lib.</strong></span> <span class='ocrx_word' id='word_1_739' title='bbox 1202 5655 1262 5693; x_wconf 88' lang='grc' dir='ltr'><strong>ιιι</strong></span> <span class='ocrx_word' id='word_1_740' title='bbox 1297 5639 1525 5704; x_wconf 84' lang='lat' dir='ltr'><strong>Histor.,</strong></span> <span class='ocrx_word' id='word_1_741' title='bbox 1558 5655 1678 5708; x_wconf 88' lang='lat' dir='ltr'><strong>cap.</strong></span> <span class='ocrx_word' id='word_1_742' title='bbox 1719 5640 1810 5692; x_wconf 77' lang='lat'><strong>‘20.</strong></span> <span class='ocrx_word' id='word_1_743' title='bbox 1841 5639 1944 5695; x_wconf 88' lang='lat' dir='ltr'><strong>Sed</strong></span> <span class='ocrx_word' id='word_1_744' title='bbox 1980 5641 2081 5695; x_wconf 83' lang='lat' dir='ltr'><strong>Ce—</strong></span> 
     </span>
    </p>
   </div>
   <div class='ocr_carea' id='block_1_102' title="bbox 514 5709 2082 5772">
    <p class='ocr_par' dir='ltr' id='par_1_102' title="bbox 514 5709 2082 5772">
     <span class='ocr_line' id='line_1_102' title="bbox 514 5709 2082 5772; baseline 0 -10"><span class='ocrx_word' id='word_1_745' title='bbox 514 5711 776 5772; x_wconf 84' lang='lat' dir='ltr'><strong>rinthum,</strong></span> <span class='ocrx_word' id='word_1_746' title='bbox 805 5711 1204 5764; x_wconf 83' lang='lat' dir='ltr'><strong>non&#39;Ebionem</strong></span> <span class='ocrx_word' id='word_1_747' title='bbox 1236 5709 1545 5763; x_wconf 61' lang='lat' dir='ltr'><strong>hatreticum</strong></span> <span class='ocrx_word' id='word_1_748' title='bbox 1579 5711 1728 5763; x_wconf 90' lang='lat' dir='ltr'><strong>illum</strong></span> <span class='ocrx_word' id='word_1_749' title='bbox 1758 5709 1925 5764; x_wconf 76' lang='lat' dir='ltr'><strong>fuisse</strong></span> <span class='ocrx_word' id='word_1_750' title='bbox 1949 5725 2082 5762; x_wconf 87' lang='lat' dir='ltr'><strong>con-</strong></span> 
     </span>
    </p>
   </div>
   <div class='ocr_carea' id='block_1_103' title="bbox 513 5778 2078 5850">
    <p class='ocr_par' dir='ltr' id='par_1_103' title="bbox 513 5778 2078 5850">
     <span class='ocr_line' id='line_1_103' title="bbox 513 5778 2078 5850; baseline -0.001 -16"><span class='ocrx_word' id='word_1_751' title='bbox 513 5781 756 5850; x_wconf 81' lang='lat' dir='ltr'><strong>sentiunt</strong></span> <span class='ocrx_word' id='word_1_752' title='bbox 779 5796 987 5836; x_wconf 90' lang='lat' dir='ltr'><strong>omnes.</strong></span> <span class='ocrx_word' id='word_1_753' title='bbox 1015 5781 1195 5846; x_wconf 76' lang='lat' dir='ltr'><strong>Quare</strong></span> <span class='ocrx_word' id='word_1_754' title='bbox 1228 5779 1557 5850; x_wconf 83' lang='grc' dir='ltr'>μνημονικόν</span> <span class='ocrx_word' id='word_1_755' title='bbox 1590 5789 1672 5836; x_wconf 86' lang='lat' dir='ltr'><strong>est</strong></span> <span class='ocrx_word' id='word_1_756' title='bbox 1704 5779 1924 5849; x_wconf 57' lang='grc' dir='ltr'>σφάλμα</span> <span class='ocrx_word' id='word_1_757' title='bbox 1949 5778 2078 5850; x_wconf 83' lang='lat' dir='ltr'><strong>Epi-</strong></span> 
     </span>
    </p>
   </div>
   <div class='ocr_carea' id='block_1_104' title="bbox 512 5849 923 5920">
    <p class='ocr_par' dir='ltr' id='par_1_104' title="bbox 512 5849 923 5920">
     <span class='ocr_line' id='line_1_104' title="bbox 512 5849 923 5920; baseline -0.005 -16"><span class='ocrx_word' id='word_1_758' title='bbox 512 5849 697 5920; x_wconf 83' lang='lat' dir='ltr'><strong>phanii</strong></span> <span class='ocrx_word' id='word_1_759' title='bbox 733 5850 923 5904; x_wconf 85' lang='lat' dir='ltr'><strong>nostri.</strong></span> 
     </span>
    </p>
   </div>
   <div class='ocr_carea' id='block_1_105' title="bbox 1813 5321 2244 5388">
    <p class='ocr_par' dir='ltr' id='par_1_105' title="bbox 1813 5321 2244 5388">
     <span class='ocr_line' id='line_1_105' title="bbox 1813 5321 2244 5388; baseline -0.005 -12"><span class='ocrx_word' id='word_1_760' title='bbox 1813 5322 1834 5354; x_wconf 87' lang='grc'>³</span> <span class='ocrx_word' id='word_1_761' title='bbox 1861 5321 2018 5376; x_wconf 86' lang='lat' dir='ltr'><strong>Joan.</strong></span> <span class='ocrx_word' id='word_1_762' title='bbox 2049 5337 2120 5388; x_wconf 91' lang='grc' dir='ltr'><strong>ιι,</strong></span> <span class='ocrx_word' id='word_1_763' title='bbox 2157 5321 2244 5376; x_wconf 79' lang='grc'><strong>16.</strong></span> 
     </span>
    </p>
   </div>
   <div class='ocr_carea' id='block_1_106' title="bbox 2198 4530 3774 4608">
    <p class='ocr_par' dir='ltr' id='par_1_106' title="bbox 2198 4530 3774 4608">
     <span class='ocr_line' id='line_1_106' title="bbox 2198 4530 3774 4608; baseline 0.009 -24"><span class='ocrx_word' id='word_1_764' title='bbox 2198 4548 2438 4585; x_wconf 88' lang='lat' dir='ltr'><strong>ruamur.</strong></span> <span class='ocrx_word' id='word_1_765' title='bbox 2467 4530 2651 4601; x_wconf 85' lang='lat' dir='ltr'><strong>Neque</strong></span> <span class='ocrx_word' id='word_1_766' title='bbox 2698 4549 2823 4588; x_wconf 87' lang='lat' dir='ltr'><strong>vero</strong></span> <span class='ocrx_word' id='word_1_767' title='bbox 2863 4535 3051 4588; x_wconf 87' lang='lat' dir='ltr'><strong>mirari</strong></span> <span class='ocrx_word' id='word_1_768' title='bbox 3095 4537 3384 4606; x_wconf 90' lang='lat' dir='ltr'><strong>quisquam</strong></span> <span class='ocrx_word' id='word_1_769' title='bbox 3429 4541 3604 4608; x_wconf 90' lang='lat' dir='ltr'><strong>debet,</strong></span> <span class='ocrx_word' id='word_1_770' title='bbox 3647 4544 3774 4597; x_wconf 88' lang='lat' dir='ltr'><strong>dum</strong></span> 
     </span>
    </p>
   </div>
   <div class='ocr_carea' id='block_1_107' title="bbox 2197 4621 3774 4689">
    <p class='ocr_par' dir='ltr' id='par_1_107' title="bbox 2197 4621 3774 4689">
     <span class='ocr_line' id='line_1_107' title="bbox 2197 4621 3774 4689; baseline 0.01 -15"><span class='ocrx_word' id='word_1_771' title='bbox 2197 4621 2367 4675; x_wconf 89' lang='lat' dir='ltr'><strong>Ebion</strong></span> <span class='ocrx_word' id='word_1_772' title='bbox 2399 4622 2708 4677; x_wconf 84' lang='lat' dir='ltr'><strong>occurrisse</strong></span> <span class='ocrx_word' id='word_1_773' title='bbox 2739 4622 2932 4678; x_wconf 89' lang='lat' dir='ltr'><strong>Joanni</strong></span> <span class='ocrx_word' id='word_1_774' title='bbox 2975 4625 3192 4681; x_wconf 79' lang='lat' dir='ltr'><strong>dicitur.</strong></span> <span class='ocrx_word' id='word_1_775' title='bbox 3227 4628 3324 4684; x_wconf 89' lang='lat' dir='ltr'><strong>Hic</strong></span> <span class='ocrx_word' id='word_1_776' title='bbox 3357 4631 3501 4685; x_wconf 87' lang='lat' dir='ltr'><strong>enim</strong></span> <span class='ocrx_word' id='word_1_777' title='bbox 3541 4635 3629 4687; x_wconf 91' lang='lat' dir='ltr'><strong>diu</strong></span> <span class='ocrx_word' id='word_1_778' title='bbox 3680 4636 3774 4689; x_wconf 60' lang='lat' dir='ltr'><strong>ad-</strong></span> 
     </span>
    </p>
   </div>
   <div class='ocr_carea' id='block_1_108' title="bbox 2195 4711 3770 4791">
    <p class='ocr_par' dir='ltr' id='par_1_108' title="bbox 2195 4711 3770 4791">
     <span class='ocr_line' id='line_1_108' title="bbox 2195 4711 3770 4791; baseline 0.011 -29"><span class='ocrx_word' id='word_1_779' title='bbox 2195 4711 2414 4764; x_wconf 91' lang='lat' dir='ltr'><strong>modum</strong></span> <span class='ocrx_word' id='word_1_780' title='bbox 2467 4711 2621 4774; x_wconf 83' lang='lat' dir='ltr'><strong>vixit,</strong></span> <span class='ocrx_word' id='word_1_781' title='bbox 2676 4720 2730 4766; x_wconf 86' lang='lat' dir='ltr'><strong>et</strong></span> <span class='ocrx_word' id='word_1_782' title='bbox 2779 4714 2846 4767; x_wconf 88' lang='lat' dir='ltr'><strong>ad</strong></span> <span class='ocrx_word' id='word_1_783' title='bbox 2892 4714 3111 4785; x_wconf 88' lang='lat' dir='ltr'><strong>Trajani</strong></span> <span class='ocrx_word' id='word_1_784' title='bbox 3166 4722 3410 4787; x_wconf 84' lang='lat' dir='ltr'><strong>pervenit</strong></span> <span class='ocrx_word' id='word_1_785' title='bbox 3465 4722 3770 4791; x_wconf 89' lang='lat' dir='ltr'><strong>imperium.</strong></span> 
     </span>
    </p>
   </div>
   <div class='ocr_carea' id='block_1_109' title="bbox 2192 4800 3868 4884">
    <p class='ocr_par' dir='ltr' id='par_1_109' title="bbox 2192 4800 3868 4884">
     <span class='ocr_line' id='line_1_109' title="bbox 2192 4800 3868 4884; baseline 0.011 -29"><span class='ocrx_word' id='word_1_786' title='bbox 2192 4800 2365 4856; x_wconf 87' lang='lat' dir='ltr'><strong>Porro</strong></span> <span class='ocrx_word' id='word_1_787' title='bbox 2405 4819 2513 4857; x_wconf 90' lang='lat' dir='ltr'><strong>non</strong></span> <span class='ocrx_word' id='word_1_788' title='bbox 2564 4803 2800 4859; x_wconf 89' lang='lat' dir='ltr'><strong>Joannes</strong></span> <span class='ocrx_word' id='word_1_789' title='bbox 2845 4809 3029 4870; x_wconf 89' lang='lat' dir='ltr'><strong>modo,</strong></span> <span class='ocrx_word' id='word_1_790' title='bbox 3075 4811 3165 4864; x_wconf 90' lang='lat' dir='ltr'><strong>sed</strong></span> <span class='ocrx_word' id='word_1_791' title='bbox 3211 4820 3263 4866; x_wconf 87' lang='lat' dir='ltr'><strong>et</strong></span> <span class='ocrx_word' id='word_1_792' title='bbox 3308 4827 3495 4868; x_wconf 89' lang='lat' dir='ltr'><strong>omnes</strong></span> <span class='ocrx_word' id='word_1_793' title='bbox 3547 4832 3772 4884; x_wconf 88' lang='lat' dir='ltr'><strong>prorsus</strong></span> <span class='ocrx_word' id='word_1_794' title='bbox 3866 4832 3868 4834; x_wconf 76' lang='lat'><strong>&#39;</strong></span> 
     </span>
    </p>
   </div>
   <div class='ocr_carea' id='block_1_110' title="bbox 2197 4894 3772 4976">
    <p class='ocr_par' dir='ltr' id='par_1_110' title="bbox 2197 4894 3772 4976">
     <span class='ocr_line' id='line_1_110' title="bbox 2197 4894 3772 4976; baseline 0.009 -30"><span class='ocrx_word' id='word_1_795' title='bbox 2197 4895 2425 4962; x_wconf 90' lang='lat' dir='ltr'><strong>apostoli</strong></span> <span class='ocrx_word' id='word_1_796' title='bbox 2461 4894 2684 4950; x_wconf 86' lang='lat' dir='ltr'><strong>Ebionis</strong></span> <span class='ocrx_word' id='word_1_797' title='bbox 2714 4897 2871 4950; x_wconf 84' lang='lat' dir='ltr'><strong>tidem</strong></span> <span class='ocrx_word' id='word_1_798' title='bbox 2904 4901 3214 4970; x_wconf 77' lang='lat' dir='ltr'><strong>repudiarit,</strong></span> <span class='ocrx_word' id='word_1_799' title='bbox 3243 4912 3298 4955; x_wconf 90' lang='lat' dir='ltr'><strong>et</strong></span> <span class='ocrx_word' id='word_1_800' title='bbox 3334 4918 3363 4955; x_wconf 87' lang='lat' dir='ltr'><strong>a</strong></span> <span class='ocrx_word' id='word_1_801' title='bbox 3399 4907 3514 4959; x_wconf 90' lang='lat' dir='ltr'><strong>suis</strong></span> <span class='ocrx_word' id='word_1_802' title='bbox 3549 4906 3772 4976; x_wconf 82' lang='lat' dir='ltr'><strong>dogma-</strong></span> 
     </span>
    </p>
   </div>
   <div class='ocr_carea' id='block_1_111' title="bbox 2196 4987 3769 5068">
    <p class='ocr_par' dir='ltr' id='par_1_111' title="bbox 2196 4987 3769 5068">
     <span class='ocr_line' id='line_1_111' title="bbox 2196 4987 3769 5068; baseline 0.007 -29"><span class='ocrx_word' id='word_1_803' title='bbox 2196 4987 2364 5051; x_wconf 91' lang='lat' dir='ltr'><strong>tibus,</strong></span> <span class='ocrx_word' id='word_1_804' title='bbox 2389 4995 2550 5057; x_wconf 87' lang='lat' dir='ltr'><strong>atque</strong></span> <span class='ocrx_word' id='word_1_805' title='bbox 2583 4991 2882 5058; x_wconf 88' lang='lat' dir='ltr'><strong>apostolico</strong></span> <span class='ocrx_word' id='word_1_806' title='bbox 2912 4991 3004 5045; x_wconf 89' lang='lat' dir='ltr'><strong>illo</strong></span> <span class='ocrx_word' id='word_1_807' title='bbox 3024 4993 3338 5049; x_wconf 87' lang='lat' dir='ltr'><strong>charactere</strong></span> <span class='ocrx_word' id='word_1_808' title='bbox 3365 4996 3593 5050; x_wconf 88' lang='lat' dir='ltr'><strong>alienam</strong></span> <span class='ocrx_word' id='word_1_809' title='bbox 3621 4999 3769 5068; x_wconf 83' lang='lat' dir='ltr'><strong>judi-</strong></span> 
     </span>
    </p>
   </div>
   <div class='ocr_carea' id='block_1_112' title="bbox 2194 5077 3447 5152">
    <p class='ocr_par' dir='ltr' id='par_1_112' title="bbox 2194 5077 3447 5152">
     <span class='ocr_line' id='line_1_112' title="bbox 2194 5077 3447 5152; baseline 0.008 -23"><span class='ocrx_word' id='word_1_810' title='bbox 2194 5085 2357 5131; x_wconf 88' lang='lat' dir='ltr'><strong>cant:</strong></span> <span class='ocrx_word' id='word_1_811' title='bbox 2393 5077 2447 5130; x_wconf 90' lang='lat' dir='ltr'><strong>id</strong></span> <span class='ocrx_word' id='word_1_812' title='bbox 2471 5077 2614 5146; x_wconf 92' lang='lat' dir='ltr'><strong>quod</strong></span> <span class='ocrx_word' id='word_1_813' title='bbox 2648 5079 2938 5149; x_wconf 87' lang='lat' dir='ltr'><strong>unicuique</strong></span> <span class='ocrx_word' id='word_1_814' title='bbox 2979 5084 3320 5152; x_wconf 85' lang='lat' dir='ltr'><strong>perspicuum</strong></span> <span class='ocrx_word' id='word_1_815' title='bbox 3349 5095 3447 5140; x_wconf 88' lang='lat' dir='ltr'><strong>est.</strong></span> 
     </span>
    </p>
   </div>
   <div class='ocr_carea' id='block_1_113' title="bbox 2266 5167 3766 5242">
    <p class='ocr_par' dir='ltr' id='par_1_113' title="bbox 2266 5167 3766 5242">
     <span class='ocr_line' id='line_1_113' title="bbox 2266 5167 3766 5242; baseline 0.008 -21"><span class='ocrx_word' id='word_1_816' title='bbox 2266 5167 2430 5224; x_wconf 76' lang='lat' dir='ltr'><strong>XXV.</strong></span> <span class='ocrx_word' id='word_1_817' title='bbox 2465 5168 2620 5235; x_wconf 86' lang='lat' dir='ltr'><strong>Quod</strong></span> <span class='ocrx_word' id='word_1_818' title='bbox 2660 5185 2789 5224; x_wconf 91' lang='lat' dir='ltr'><strong>vero</strong></span> <span class='ocrx_word' id='word_1_819' title='bbox 2835 5172 2902 5225; x_wconf 88' lang='lat' dir='ltr'><strong>ad</strong></span> <span class='ocrx_word' id='word_1_820' title='bbox 2933 5173 3152 5227; x_wconf 89' lang='lat' dir='ltr'><strong>beatum</strong></span> <span class='ocrx_word' id='word_1_821' title='bbox 3197 5173 3424 5228; x_wconf 88' lang='lat' dir='ltr'><strong>Paulum</strong></span> <span class='ocrx_word' id='word_1_822' title='bbox 3464 5178 3674 5242; x_wconf 88' lang='lat' dir='ltr'><strong>attinet,</strong></span> <span class='ocrx_word' id='word_1_823' title='bbox 3713 5180 3766 5233; x_wconf 90' lang='lat' dir='ltr'><strong>in</strong></span> 
     </span>
    </p>
   </div>
   <div class='ocr_carea' id='block_1_114' title="bbox 2352 5322 3762 5399">
    <p class='ocr_par' dir='ltr' id='par_1_114' title="bbox 2352 5322 3762 5399">
     <span class='ocr_line' id='line_1_114' title="bbox 2352 5322 3762 5399; baseline 0.011 -22"><span class='ocrx_word' id='word_1_824' title='bbox 2352 5322 2374 5352; x_wconf 78' lang='grc'><strong>⁸</strong></span> <span class='ocrx_word' id='word_1_825' title='bbox 2405 5323 2537 5378; x_wconf 90' lang='lat' dir='ltr'><strong>ibid.</strong></span> <span class='ocrx_word' id='word_1_826' title='bbox 2579 5323 2684 5390; x_wconf 68' lang='lat'><strong>17;</strong></span> <span class='ocrx_word' id='word_1_827' title='bbox 2714 5322 2860 5378; x_wconf 84' lang='lat' dir='ltr'><strong>Psal.</strong></span> <span class='ocrx_word' id='word_1_828' title='bbox 2890 5341 3080 5392; x_wconf 75' lang='lat' dir='ltr'><strong>vam,</strong></span> <span class='ocrx_word' id='word_1_829' title='bbox 3118 5328 3204 5382; x_wconf 87' lang='grc'><strong>10.</strong></span> <span class='ocrx_word' id='word_1_830' title='bbox 3313 5332 3333 5362; x_wconf 83' lang='grc'><strong><em>⁵</em></strong></span> <span class='ocrx_word' id='word_1_831' title='bbox 3362 5328 3516 5387; x_wconf 86' lang='lat' dir='ltr'><strong>Joan.</strong></span> <span class='ocrx_word' id='word_1_832' title='bbox 3550 5349 3648 5399; x_wconf 86' lang='lat' dir='ltr'><strong>xu,</strong></span> <span class='ocrx_word' id='word_1_833' title='bbox 3673 5337 3762 5393; x_wconf 72' lang='lat' dir='ltr'><strong>4i.</strong></span> 
     </span>
    </p>
   </div>
   <div class='ocr_carea' id='block_1_115' title="bbox 2253 5502 3762 5582">
    <p class='ocr_par' dir='ltr' id='par_1_115' title="bbox 2253 5502 3762 5582">
     <span class='ocr_line' id='line_1_115' title="bbox 2253 5502 3762 5582; baseline 0.013 -27"><span class='ocrx_word' id='word_1_834' title='bbox 2253 5502 2366 5582; x_wconf 48' lang='lat'>(69)</span> <span class='ocrx_word' id='word_1_835' title='bbox 2417 5505 2471 5554; x_wconf 93' lang='lat'><strong>&#39;0</strong></span> <span class='ocrx_word' id='word_1_836' title='bbox 2501 5504 2570 5557; x_wconf 81' lang='grc' dir='ltr'><em>δὲ</em></span> <span class='ocrx_word' id='word_1_837' title='bbox 2599 5508 2888 5575; x_wconf 78' lang='grc' dir='ltr'>όλεαριος.</span> <span class='ocrx_word' id='word_1_838' title='bbox 2930 5508 3070 5582; x_wconf 76' lang='lat' dir='ltr'><strong>Ergo</strong></span> <span class='ocrx_word' id='word_1_839' title='bbox 3095 5510 3326 5582; x_wconf 78' lang='lat' dir='ltr'><strong>olearius</strong></span> <span class='ocrx_word' id='word_1_840' title='bbox 3353 5515 3652 5582; x_wconf 87' lang='lat' dir='ltr'><strong>appellatus</strong></span> <span class='ocrx_word' id='word_1_841' title='bbox 3674 5528 3762 5574; x_wconf 90' lang='lat' dir='ltr'><strong>est</strong></span> 
     </span>
    </p>
   </div>
   <div class='ocr_carea' id='block_1_116' title="bbox 2179 5573 3761 5649">
    <p class='ocr_par' dir='ltr' id='par_1_116' title="bbox 2179 5573 3761 5649">
     <span class='ocr_line' id='line_1_116' title="bbox 2179 5573 3761 5649; baseline 0.011 -24"><span class='ocrx_word' id='word_1_842' title='bbox 2179 5573 2624 5649; x_wconf 77' lang='lat' dir='ltr'><strong>vestimentorum</strong></span> <span class='ocrx_word' id='word_1_843' title='bbox 2679 5573 2886 5639; x_wconf 83' lang='lat' dir='ltr'><strong>custos,</strong></span> <span class='ocrx_word' id='word_1_844' title='bbox 2937 5573 3314 5649; x_wconf 76' lang='grc' dir='ltr'>ἰμᾶτιοφύλαξ.</span> <span class='ocrx_word' id='word_1_845' title='bbox 3363 5573 3447 5636; x_wconf 66' lang='lat' dir='ltr'><strong>Ad</strong></span> <span class='ocrx_word' id='word_1_846' title='bbox 3511 5587 3649 5639; x_wconf 89' lang='lat' dir='ltr'><strong>idem</strong></span> <span class='ocrx_word' id='word_1_847' title='bbox 3707 5573 3761 5645; x_wconf 83' lang='lat' dir='ltr'><strong>et</strong></span> 
     </span>
    </p>
   </div>
   <div class='ocr_carea' id='block_1_117' title="bbox 2176 5643 3763 5710">
    <p class='ocr_par' dir='ltr' id='par_1_117' title="bbox 2176 5643 3763 5710">
     <span class='ocr_line' id='line_1_117' title="bbox 2176 5643 3763 5710; baseline 0.011 -16"><span class='ocrx_word' id='word_1_848' title='bbox 2176 5643 2355 5695; x_wconf 81' lang='lat' dir='ltr'><strong>oleum</strong></span> <span class='ocrx_word' id='word_1_849' title='bbox 2385 5644 2676 5710; x_wconf 75' lang='lat' dir='ltr'><strong>praebebat,</strong></span> <span class='ocrx_word' id='word_1_850' title='bbox 2707 5656 2762 5700; x_wconf 83' lang='lat' dir='ltr'><strong>et</strong></span> <span class='ocrx_word' id='word_1_851' title='bbox 2786 5643 3108 5702; x_wconf 78' lang='lat' dir='ltr'><strong>vestimenta</strong></span> <span class='ocrx_word' id='word_1_852' title='bbox 3136 5643 3426 5706; x_wconf 75' lang='lat' dir='ltr'><strong>servabat?</strong></span> <span class='ocrx_word' id='word_1_853' title='bbox 3458 5655 3539 5710; x_wconf 84' lang='grc' dir='ltr'><strong>Λιι</strong></span> <span class='ocrx_word' id='word_1_854' title='bbox 3576 5643 3763 5710; x_wconf 56' lang='grc' dir='ltr'>σπολίέ</span> 
     </span>
    </p>
   </div>
   <div class='ocr_carea' id='block_1_118' title="bbox 2178 5711 3762 5793">
    <p class='ocr_par' dir='ltr' id='par_1_118' title="bbox 2178 5711 3762 5793">
     <span class='ocr_line' id='line_1_118' title="bbox 2178 5711 3762 5793; baseline 0.012 -32"><span class='ocrx_word' id='word_1_855' title='bbox 2178 5725 2293 5791; x_wconf 71' lang='grc' dir='ltr'>ριον</span> <span class='ocrx_word' id='word_1_856' title='bbox 2334 5711 2656 5793; x_wconf 45' lang='lat' dir='ltr'><strong>legendum?</strong></span> <span class='ocrx_word' id='word_1_857' title='bbox 2683 5715 2816 5770; x_wconf 85' lang='lat' dir='ltr'><strong>Nam</strong></span> <span class='ocrx_word' id='word_1_858' title='bbox 2836 5729 2905 5793; x_wconf 62' lang='lat' dir='ltr'><strong>et</strong></span> <span class='ocrx_word' id='word_1_859' title='bbox 2940 5719 3318 5793; x_wconf 68' lang='grc' dir='ltr'>ἀποᾷυτήριον,</span> <span class='ocrx_word' id='word_1_860' title='bbox 3351 5722 3538 5779; x_wconf 88' lang='lat' dir='ltr'><strong>Latine</strong></span> <span class='ocrx_word' id='word_1_861' title='bbox 3561 5727 3762 5793; x_wconf 82' lang='lat' dir='ltr'><strong>spolia-</strong></span> 
     </span>
    </p>
   </div>
   <div class='ocr_carea' id='block_1_119' title="bbox 2177 5780 3760 5904">
    <p class='ocr_par' dir='ltr' id='par_1_119' title="bbox 2177 5780 3760 5904">
     <span class='ocr_line' id='line_1_119' title="bbox 2177 5780 3760 5904; baseline 0.013 -73"><span class='ocrx_word' id='word_1_862' title='bbox 2177 5780 2336 5904; x_wconf 52' lang='lat' dir='ltr'><strong>mgni</strong></span> <span class='ocrx_word' id='word_1_863' title='bbox 2369 5780 2426 5836; x_wconf 90' lang='lat' dir='ltr'><strong>In</strong></span> <span class='ocrx_word' id='word_1_864' title='bbox 2444 5787 2609 5840; x_wconf 86' lang='lat' dir='ltr'><strong>veteri</strong></span> <span class='ocrx_word' id='word_1_865' title='bbox 2625 5786 2754 5844; x_wconf 71' lang='lat' dir='ltr'><strong>Lex.</strong></span> <span class='ocrx_word' id='word_1_866' title='bbox 2789 5804 2805 5840; x_wconf 94' lang='lat'><em>:</em></span> <span class='ocrx_word' id='word_1_867' title='bbox 2834 5786 3122 5860; x_wconf 84' lang='lat' dir='ltr'><strong>Spoliaria.</strong></span> <span class='ocrx_word' id='word_1_868' title='bbox 3144 5780 3426 5849; x_wconf 48' lang='lat' dir='ltr'><strong>e’iteriores</strong></span> <span class='ocrx_word' id='word_1_869' title='bbox 3453 5780 3760 5852; x_wconf 71' lang='lat' dir='ltr'><strong>balneorum</strong></span> 
     </span>
     <span class='ocr_line' id='line_1_120' title="bbox 2181 5867 2402 5904; baseline 0.009 -2"><span class='ocrx_word' id='word_1_870' title='bbox 2181 5867 2234 5903; x_wconf 85' lang='lat' dir='ltr'><strong>ce</strong></span> <span class='ocrx_word' id='word_1_871' title='bbox 2283 5867 2310 5902; x_wconf 84' lang='grc' dir='ltr'><strong>ιι</strong></span> <span class='ocrx_word' id='word_1_872' title='bbox 2341 5867 2402 5904; x_wconf 81' lang='lat' dir='ltr'><strong>w.</strong></span> 
     </span>
    </p>
   </div>
   <div class='ocr_carea' id='block_1_120' title="bbox 2181 5867 2402 5907">
    <p class='ocr_par' dir='ltr' id='par_1_120' title="bbox 2181 5867 2402 5907">
     <span class='ocr_line' id='line_1_121' title="bbox 2181 5867 2402 5907; baseline 0.023 -5"><span class='ocrx_word' id='word_1_873' title='bbox 2181 5867 2402 5907; x_wconf 80' lang='lat' dir='ltr'><strong>ceuutw.</strong></span> 
     </span>
    </p>
   </div>
  </div>
