4170 6372
466 390 571 445 419

1160 384 1532 443 ADVERSUS
1572 385 1914 443 IDEILESES
1949 387 2057 441 υῐΒ

2160 426 2163 438 .
2202 382 2366 439 TOM.
2402 382 2469 440 ll.
2508 416 2578 427 —-
2616 385 2895 443 "ERES.
2940 386 3105 442 XXX.
3651 392 3757 447 450

467 504 647 557 τιέων.
680 502 792 556 Καὶ
831 501 943 575 γὰρ
988 503 1052 555 ὲκ
1099 503 1413 573 σπέρματος
1452 503 1560 557 τῶν
1601 503 1872 576 Ἑλλήνων
1916 503 2060 558 Ἀλέ-

2165 510 2316 557 terra
2361 518 2536 565 genus
2584 503 2862 574 quoddam
2912 517 3037 558 esse
3086 510 3448 574 propagatum
3477 511 3514 559 ⁸.
3554 504 3690 560 Nam
3725 523 3756 563 e

469 595 691 666 ξανδρος
740 597 768 647 ό
813 594 1100 649 Μακεδών.
1154 594 1317 647 Ἀλλὰ
1358 596 1650 666 γενόμενος
1696 596 1858 650 πάλιν
1896 598 1953 648 ὲν
1984 594 2063 666 τῷ

468 689 641 759 τόπῳ,
673 688 762 742 διὰ
802 688 896 741 τδν
941 687 1253 757 ἐμπεσόντα
1294 687 1451 755 λόγον
1481 688 1756 758 διεξῆλθον
1799 688 1899 759 τὴν
1932 688 2064 759 περὶ

469 780 673 833 τούτων
699 779 960 850 ἱστορίαν.
987 778 1130 849 Πλὴν
1152 778 1233 830 ὅτι
1251 778 1357 831 ἀπὸ
1379 778 1478 848 τῆς
1494 779 1855 849 μετοικήσεως
1884 777 2064 831 πολλοὶ

470 871 635 934 ἄλλας
669 870 852 942 χώρας
893 872 1216 941 οἰκήσαντες
1250 868 1344 922 τοῦ
1385 870 1603 941 Ἰσραὴλ
1633 866 1773 941 ἦσαν
1808 871 2062 942 σπέρμα-

469 977 560 1022 τος
583 962 724 1014 κατὰ
749 961 1019 1032 διαδοχήν,
1052 960 1331 1029 Ἐλέγοντο
1358 960 1467 1031 γὰρ
1496 962 1589 1013 καὶ
1615 961 1852 1031 ἑκάστης
1879 961 2064 1031 χώρας

471 1054 801 1124 πατριῶται·
832 1053 905 1116 ὡς
940 1053 1037 1107 καὶ
1063 1054 1118 1105 αἱ
1146 1052 1445 1123 θυγατέρες
1467 1050 1560 1105 τοῦ
1588 1051 1757 1123 Ἰοθὸρ
1785 1053 1882 1123 τὴν
1915 1052 2063 1106 ἀντί-

470 1146 631 1217 ληψιν
674 1146 768 1199 τοῦ
809 1146 1085 1210 Μωῦσέως
1129 1145 1208 1215 τῷ
1238 1146 1407 1215 πατρὶ
1433 1146 1796 1216 ἀπήγγειλαν,
1824 1146 1900 1209 ὡς
1929 1148 2063 1198 ἁπο-

474 1245 681 1312 στήσας
722 1244 847 1305 τοὺς
883 1241 1149 1312 ποιμένας
1184 1241 1435 1293 ἐπότισεν
1467 1241 1646 1294 αὐτῶν
1679 1241 1746 1293 τὰ
1789 1240 2059 1311 πρόϐατα,

474 1336 566 1387 καὶ
594 1334 947 1405 πορευθεῖσαι
980 1334 1108 1405 περὶ
1136 1332 1326 1385 τούτου
1360 1332 1667 1402 ὑφηγοῦντο
1695 1332 1772 1402 τῷ
1817 1333 1929 1403 ἰδίῳ
1957 1350 2063 1385 πα-

472 1426 578 1495 τρί.
610 1425 715 1477 Τοῦ
755 1425 811 1477 δὲ
851 1425 1137 1492 λέγοντος,
1184 1424 1245 1476 Τί
1286 1425 1615 1492 ὲταχύνατε
1649 1423 1918 1493 σήμερον
1948 1423 2060 1493 (42)

472 1519 582 1572 ’τοῦ
629 1517 832 1572 ἐλθεῖν
878 1518 971 1569 ἐπ’
1018 1518 1241 1579 αὐτόν;
1283 1515 1513 1584 ἔφασαν,
1558 1516 1641 1567 ὅτι
1678 1514 1858 1582 Ἀνὴρ
1886 1516 2062 1583 Αίγύ-

474 1625 647 1676 πτιος
673 1610 931 1678 ἐρύσατο
975 1608 1134 1677 ἡμᾶς
1171 1608 1289 1661 ἀπὸ
1322 1606 1441 1661 τῶν
1468 1607 1786 1677 ποιμένων,
1821 1607 1919 1661 καί
1950 1607 2060 1676 ἦν·

471 1705 699 1769 τλησε,
753 1701 851 1754 καὶ
901 1701 1187 1754 ἐπότισεν
1243 1698 1415 1768 ἡμῶν
1459 1699 1532 1752 τὰ
1583 1701 1902 1769 θρέμματα.
1951 1700 2062 1752 Καὶ

474 1792 638 1855 εὐθὺς
661 1792 689 1843 ὁ
718 1792 880 1855 αὐτὸς
913 1790 1017 1861 ἔφη
1054 1790 1190 1861 πρὸς
1223 1791 1393 1853 αὐτάς
1412 1806 1423 1818 ·
1452 1791 1555 1843 Διὰ
1586 1792 1645 1843 τί
1672 1795 1782 1844 οὐκ
1809 1790 2085 1860 ἠγάγετε“

472 1884 662 1937 αὐτὸν
689 1877 827 1945 ὦδε,
856 1884 956 1935 ἵνα
985 1882 1144 1952 φάγῃ
1174 1882 1392 1951 ἅρτον;
1420 1884 1516 1947 Τίς
1555 1883 1611 1936 δὲ
1646 1885 1746 1936 οὐκ
1787 1878 1947 1945 οἶδεν,
1974 1886 2056 1936 ὅτι

473 1975 717 2044 Μωῦσῆς
763 1975 876 2038 υἱὸς
910 1977 1006 2045 μὲν
1039 1978 1247 2043 γίνεται
1277 1975 1371 2027 τοῦ
1406 1974 1648 2046 Ἀμρὰμ,
1685 1977 1777 2028 καὶ
1819 1975 1917 2046 τῆς
1948 1976 2062 2029 Ἰωυ

472 2066 672 2136 χαϐὲτ,
707 2067 930 2139 Ἀμρὰμ
977 2067 1034 2119 δὲ
1079 2067 1173 2120 τοῦ
1222 2067 1401 2132 Καὰθ,
1457 2068 1613 2121 Καὰο
1661 2067 1717 2119 δὲ
1763 2066 1857 2119 τοῦ
1907 2067 2057 2129 Λευῒ,

473 2159 605 2212 Λευῖ
635 2159 690 2211 δὲ
719 2159 812 2211 τοῦ
844 2158 1063 2223 Ἰακὼϐ,
1095 2157 1291 2212 Ἰακὼϐ
1330 2158 1387 2211 δὲ
1418 2158 1511 2211 τοῦ
1543 2156 1751 2222 Ἰσαὰκ,
1788 2158 1974 2210 Ἰσαὰκ
2002 2158 2060 2210 δὲ

473 2250 569 2303 τ>ῦ
598 2250 881 2322 Ἀϐραάμ;
913 2251 1023 2303 Καὶ
1055 2252 1155 2304 οὐκ
1188 2251 1298 2303 ἀπὸ
1336 2250 1427 2303 τοῦ
1466 2249 1743 2303 καλεῖσθαι
1774 2250 1863 2302 τὸν
1894 2251 2060 2303 Μωῦ-

474 2341 574 2395 σέα
616 2342 948 2409 Αἰγύπτιον,
1001 2342 1219 2405 πάντως
1267 2343 1299 2412 ἡ
1346 2341 1445 2411 τῆς
1499 2341 1775 2408 εὐγενείας
1820 2342 1912 2394 καὶ
1965 2341 2058 2394 τοῦ

472 2432 785 2503 σπέρματος
820 2433 1067 2487 διέπεσεν
1097 2431 1407 2486 ἀκολουθία.
1448 2431 1655 2485 Οὐκοῦν
1693 2426 1858 2495 οὗτοι,
1890 2450 2058 2485 κατα-

470 2524 757 2593 λείψαντες
784 2526 883 2596 τὴν
913 2525 1053 2587 ὁδὸν,
1084 2527 1134 2577 oi
1164 2525 1272 2578 άπὸ
1300 2524 1392 2576 τοῦ
1420 2524 1675 2587 Ἐϐίωνος
1707 2525 2059 2595 πεπλανημέ-

472 2633 581 2679 νοι,
631 2617 726 2669 ἐπὶ
764 2616 964 2680 πολλὰς
1012 2616 1452 2687 διεστραμμένας
1496 2618 1647 2682 ὀδοὺς
1714 2620 1806 2670 καὶ
1856 2620 2055 2690 ἀνάντη

470 2710 659 2782 τρίϐον
684 2710 774 2763 τὸν
806 2710 931 2764 νοῦν
966 2710 1348 2765 ἐκδεδιίαασιν.

545 2882 691 2953 κεῖ.
735 2882 968 2954 Αὑχοῦσι
1015 2883 1071 2936 δὲ
1123 2884 1284 2938 πάλιν
1333 2886 1633 2956 περιτομὴν
1680 2886 1924 2957 ἔχοντες,
1965 2888 2059 2942 καὶ

474 2978 829 3049 σεμνύνονται
857 2977 1015 3047 δῆθεν
1046 2971 1183 3030 εἶναι
1208 2977 1412 3049 ταύτην
1447 2979 1716 3051 σφραγῖδα
1741 2982 2056 3052 ἡγούμενοι,

470 3072 564 3123 καὶ
592 3068 918 3140 χαρακτῆρα
952 3067 1060 3120 τῶν
1103 3085 1163 3120 τε
1201 3072 1556 3141 πατριαρχῶν
1582 3072 1674 3124 καὶ
1700 3072 1924 3127 δικαίων
1951 3076 2058 3127 τῶν

470 3160 615 3213 κατὰ
654 3162 745 3212 τὸν
777 3159 939 3228 νόμον
985 3159 1493 3230 πεπολιτευμένων,
1527 3161 1592 3215 δι’
1624 3162 1715 3228 οὒς
1754 3164 2057 3229 ἐξισοῦσθαι

470 3253 698 3315 ἐκείνοις
726 3251 1028 3322 νομίζουσι,
1072 3253 1168 3306 κα)⁸
1207 3253 1343 3322 δῆτα
1377 3255 1471 3308 ἀπ’
1500 3257 1665 3309 αὑτοῦ
1697 3258 1786 3310 τοῦ
1821 3260 2057 3330 Χριστοῦ

470 3343 568 3413 τὴν
620 3342 875 3396 σύστασιν
917 3342 1121 3414 ταύτης
1173 3343 1450 3413 βούλονται
1496 3348 1717 3418 φέρειν,
1754 3349 1829 3412 ὡς
1876 3352 1969 3404 καὶ
2011 3353 2061 3405 οί

474 3435 605 3506 περὶ
632 3433 926 3505 Κήρινθον.
956 3436 1095 3487 Φασὶ¹
1124 3436 1233 3507 γὰρ
1263 3438 1356 3490 καὶ
1385 3430 1528 3491 οῦτοι
1560 3443 1699 3495 κατὰ
1725 3441 1815 3494 τὸν
1838 3444 2061 3496 ἐκείνων

468 3525 685 3597 ληρώδη
719 3525 895 3594 λόγον·
942 3526 1223 3594 Ἀρκετόν
1250 3527 1330 3593 τῷ
1359 3530 1597 3597 μαθητῇ
1621 3528 1771 3585 εἶναι
1804 3532 1883 3598 ὡς
1915 3538 1947 3587 ὁ
1979 3535 2063 3587 δι-

472 3619 802 3685 δάσκαλος.
838 3619 1189 3692 Περιετμήθη
1221 3621 1349 3692 γὰρ,
1388 3623 1570 3691 φησὶν,
1606 3626 1633 3676 ὁ
1679 3626 1931 3695 Χριστὸς,
1967 3627 2063 3680 καὶ

474 3711 539 3762 σὺ
576 3709 963 3781 περιτμήθητι.
1007 3712 1115 3763 Καὶ
1149 3711 1232 3763 ἴνα
1261 3713 1403 3765 κατὰ
1437 3713 1615 3767 πάντα
1642 3717 1840 3785 τρόπον
1869 3734 2061 3770 καται-

473 3800 731 3871 σχύνηται
763 3802 862 3872 τῆς
904 3801 1113 3873 πλάνης
1154 3802 1222 3855 τὰ
1272 3802 1583 3873 σπέρματα,
1626 3805 1876 3877 καθάπερ
1911 3807 2062 3877 χαλι-

470 3893 559 3957 νὸς
596 3893 704 3963 (45)
734 3896 799 3964 τῇ
848 3893 1089 3964 θαλάσσῃ
1140 3895 1204 3947 ὲκ
1249 3893 1385 3946 Θεοῦ
1432 3895 1669 3965 ὁρισθεὶς
1706 3896 1928 3968 κλεῖθρα
1967 3897 2063 3951 καὶ

470 3981 637 4034 πύλαι
662 3982 887 4052 ψάμμον
914 3983 1059 4053 ὄριον
1086 3982 1125 4045 ¹,
1156 3982 1251 4035 καὶ
1286 3982 1611 4054 πρόσταγμα
1639 3985 1719 4048 τὸ,
1745 3986 1898 4051 Ἕως
1929 3987 2064 4039 τού-

470 4092 579 4128 του
608 4075 855 4143 ἑλεύσῃ,
886 4075 984 4127 καὶ
1029 4076 1141 4141 οὐχ
1171 4075 1486 4143 ὑπερϐήσῃ
1514 4091 1529 4106 ⁶
1559 4077 1718 4130 ἀλλὰ
1744 4078 1813 4131 ἐν
1834 4076 2063 4146 σεαυτῇ

472 4165 986 4234 συντριϐήσονταί
1019 4180 1136 4218 σου
1171 4166 1244 4219 τὰ
1277 4168 1540 4235 κύματα,
1575 4166 1756 4237 φησίν·
1798 4167 1938 4220 οὕτω
1970 4170 2064 4221 καὶ

470 4248 620 4309 οὗτοι
647 4257 706 4308 ὲν
731 4257 945 4319 ἑαυτοῖς
970 4256 1600 4327 καταδαπανηθήσονται.
1634 4256 1792 4310 Ἀλλὰ
1819 4260 1935 4310 ἐκεῖ
1962 4259 2062 4329 μὲν

470 4349 535 4400 ὲκ
586 4347 733 4400 θείου
783 4347 1209 4419 προστάγματος
1261 4349 1340 4410 είς
1381 4348 1636 4412 εὐταξίαν
1678 4348 1952 4421 θαλάσσης
1998 4353 2063 4404 ἐκ

470 4438 607 4491 Θεοῦ
652 4440 863 4509 εἴρηται
896 4441 924 4491 ό
955 4439 1048 4491 τοῦ
1076 4439 1204 4509 ὅρου
1244 4439 1430 4507 λόγος’
1468 4439 1701 4493 ἐνταῦθα
1724 4440 1781 4493 δὲ
1807 4442 1900 4509 ἀφ’
1933 4442 2062 4494 ἐαυ-

2165 592 2480 647 Graecorum
2511 609 2711 664 genere
2742 595 3054 648 Alexander
3088 604 3268 647 ortum
3311 604 3617 665 acceperat.
3646 596 3755 651 Ve-

2164 699 2287 737 rum
2347 683 2606 753 quoniam
2668 683 2868 739 iterum
2937 684 3229 739 narranda:
3285 685 3449 755 hujus
3511 687 3755 743 historiae

2164 774 2346 828 oblata
2396 775 2557 830 nobis
2605 776 2828 830 occasio
2877 784 2999 839 est,
3061 776 3114 830 in
3171 792 3291 832 eam
3345 795 3463 833 sum
3527 778 3754 835 fortuito

2164 866 2399 922 delatus.
2445 867 2523 922 Eo
2570 884 2701 923 vero
2742 870 3049 939 pertinebat
3100 870 3280 935 istud,
3341 879 3399 925 ut
3441 875 3753 943 complures

2164 958 2583 1013 Ostenderemus
2628 960 2684 1013 in
2732 974 2795 1015 ea
2851 960 3178 1031 migratione
3224 963 3407 1018 varias
3453 978 3754 1035 occupasse

2165 1049 2345 1113 sedes,
2376 1052 2469 1119 qui
2503 1066 2567 1104 ex
2614 1048 2914 1106 Israelitica
2949 1061 3111 1123 gente
3146 1054 3378 1124 originis
3426 1065 3583 1110 erant
3621 1074 3752 1112 suc-

2163 1140 2418 1194 cessione
2444 1141 2695 1195 derivati.
2734 1140 2838 1207 Qui
2863 1144 3084 1213 quidem
3118 1146 3186 1199 ab
3211 1161 3274 1200 ea
3309 1128 3399 1200 ubi
3432 1146 3756 1205 habitabant

2163 1234 2386 1304 regione
2416 1235 2791 1305 cognominari
2823 1236 3093 1291 solebant.
3129 1236 3599 1304 Quemadmodum
3626 1256 3751 1296 cum

2162 1322 2287 1376 lilia:
2313 1321 2502 1377 Jethro
2546 1324 2765 1378 allatam
2800 1325 2903 1378 sibi
2938 1340 2967 1377 a
3004 1325 3189 1396 Moyse
3222 1342 3378 1396 opem
3415 1330 3628 1398 parenti
3662 1346 3752 1384 re-

2161 1414 2497 1481 nuntiarent,
2534 1426 2935 1485 narrarentque
2978 1417 3222 1487 depulsis
3265 1434 3294 1473 a
3326 1435 3385 1474 se
3412 1423 3752 1490 pastoribus.

2161 1520 2291 1559 suos
2336 1504 2487 1558 illum
2538 1522 2731 1576 greges
2775 1509 3105 1578 adaquasse,
3158 1511 3283 1577 hoc,
3332 1512 3579 1584 inquam,
3626 1531 3752 1570 cum

2160 1596 2387 1650 domum
2434 1612 2670 1653 reversa:
2718 1601 2932 1669 parenti
2978 1601 3266 1669 dixissent,
3315 1607 3633 1662 sciscitante
3664 1608 3755 1662 ni-

2160 1689 2358 1741 mirum
2395 1704 2460 1743 eo
2495 1708 2507 1743 :
2540 1688 2651 1744 Cur
2691 1691 2845 1744 hodie
2887 1694 3101 1748 venistis
3154 1696 3379 1750 velocius
3411 1699 3615 1754 solito?
3649 1698 3754 1752 Re-

2161 1779 2505 1848 sponderunt
2544 1800 2556 1835 :
2605 1780 2696 1835 Vir
2730 1782 3018 1852 Egyptius
3062 1785 3301 1841 liberavit
3350 1805 3444 1843 nos
3482 1790 3546 1843 de
3587 1808 3751 1843 manu

2092 1861 2131 1918 Β
2161 1881 2457 1939 pastorum,
2491 1873 2702 1941 insuper
2731 1884 2780 1928 et
2808 1874 2985 1929 hausit
3018 1894 3211 1947 aquam
3234 1920 3248 1942 ,
3286 1891 3569 1952 potumque
3603 1883 3751 1936 dedit

2164 1960 2342 2014 ovibus
2380 1963 2598 2020 nostris.
2642 1962 2947 2034 Statimque
2981 1967 3122 2020 dixit
3158 1970 3265 2022 illis
3298 1986 3311 2020 :
3355 1970 3463 2024 Cur
3501 1990 3605 2026 non
3649 1974 3750 2027 huc

2162 2054 2310 2106 illum
2342 2055 2664 2119 adduxistis,
2696 2066 2754 2111 ut
2783 2057 3071 2112 comederet
3097 2076 3283 2127 panem
3317 2063 3376 2116 ’?
3402 2062 3539 2129 Quis
3568 2076 3751 2120 autem

2162 2148 2339 2200 nescit
2366 2147 2611 2202 Amrami
2640 2157 2694 2203 et
2732 2147 3049 2206 Jochabetaa
3086 2152 3256 2206 tilium
3292 2157 3566 2230 exstitisse
3598 2157 3751 2230 Moy-

2162 2251 2295 2303 sen;
2340 2238 2660 2291 Amramum
2712 2238 2929 2304 Caathi,
2982 2239 3250 2295 Gaathum
3286 2220 3626 2307 Leviﬁhunc
3657 2220 3752 2301 :2.—

2161 2329 2305 2393 cobi,
2336 2311 2493 2398 cujus
2520 2338 2674 2399 pater
2702 2329 2942 2396 lsaacus,
2979 2332 3148 2387 lsaaci
3178 2333 3525 2391 Abrahamus
3554 2336 3754 2393 fuerit?

2159 2420 2346 2493 Neque
2389 2432 2608 2488 tamen,
2659 2440 2758 2496 pro
2807 2441 2872 2480 eo
2920 2426 3068 2496 quod
3113 2426 3405 2499 {Egyptius
3445 2433 3752 2501 appellatur

2160 2511 2396 2582 Moyses,
2433 2512 2558 2567 ideo
2604 2515 2908 2569 nobilitatis
2945 2515 3091 2571 illius
3126 2531 3190 2570 ac
3225 2519 3413 2589 stirpis
3462 2528 3545 2574 est
3580 2522 3749 2578 series

2159 2606 2449 2660 exstincta.
2487 2606 2600 2659 Hoc
2635 2607 2803 2676 igitur
2834 2608 2994 2662 modo
3030 2608 3256 2664 Ebionis
3295 2612 3571 2683 discipuli,
3604 2615 3749 2668 velut

2160 2696 2480 2752 aberrantes
2514 2713 2577 2752 ac
2603 2699 2765 2764 devii,
2801 2701 2984 2757 varias
3013 2717 3071 2756 se
3098 2703 3152 2756 in
3184 2704 3443 2775 ambages
3475 2721 3540 2761 ac
3569 2706 3744 2765 ﬂexus

2160 2787 2505 2857 abruptaque
2535 2789 2731 2843 itinera
2757 2792 3173 2848 commiserunt.

2230 2877 2421 2932 XXVI.
2469 2880 2686 2934 Atenim
2743 2882 3223 2938 circumcisionem
3270 2901 3381 2954 praa
3423 2902 3482 2941 se
3526 2886 3745 2957 ferunt;

2158 2986 2331 3040 eaque
2360 2988 2418 3027 re
2445 2974 2738 3042 plurimum
2763 2976 3091 3043 gloriantur,
3121 2987 3303 3047 utpote
3328 2996 3492 3049 quam
3521 2983 3752 3051 patriar-

2159 3064 2421 3128 charum,
2454 3065 2798 3134 aliorumque
2831 3068 2923 3136 qui
2971 3068 3105 3137 legis
3148 3078 3392 3138 tempore
3427 3073 3609 3127 vixere
3656 3073 3748 3144 ju-

2162 3166 2393 3223 storum,
2424 3157 2578 3227 151
2625 3171 2806 3212 notam
2854 3175 2918 3213 ac
2953 3162 3167 3230 signum
3200 3164 3480 3219 exstitisse
3522 3173 3747 3235 putent;

2162 3264 2270 3318 quo
2304 3249 2468 3303 etiam
2508 3251 2725 3303 nomine
2761 3250 3036 3319 adaquari
3076 3267 3135 3307 se
3167 3268 3290 3307 cum
3334 3254 3442 3311 illis
3473 3257 3749 3313 arbitran-

2162 3348 2299 3393 tur:
2348 3340 2593 3410 adeoque
2638 3340 2840 3396 Chrisri
2890 3343 3062 3412 ipsius
3113 3345 3423 3415 exemplum
3476 3348 3543 3402 ad
3598 3349 3745 3403 illam

2162 3429 2622 3497 comprobandum
2676 3434 3135 3497 accommodant,
3186 3443 3245 3488 ut
3303 3445 3358 3490 et
3406 3438 3747 3495 Cerinthiani

2163 3519 2391 3574 faciunt.
2427 3521 2671 3586 Quorum
2713 3523 3048 3594 ineptissime
3094 3529 3561 3584 accommodatam
3598 3531 3745 3587 illam

2162 3613 2491 3667 sententiam
2524 3625 2795 3684 usurpant
2834 3633 2845 3669 :
2887 3615 3388 3689 Suﬂicitdiscipulo,
3423 3622 3471 3674 si
3500 3623 3570 3676 sit
3610 3624 3750 3677 sicut

2164 3708 2419 3776 magister
2448 3707 2562 3775 ejus
2607 3707 2647 3763 ⁵.
2677 3707 2935 3763 Christus
2976 3710 3142 3777 enim,
3173 3711 3346 3776 aiunt,
3380 3714 3748 3771 circumcisus

2161 3805 2246 3852 est
2278 3817 2291 3851 :
2328 3806 2380 3851 tu
2416 3798 2580 3867 igitur
2625 3801 3052 3855 circumciditur.
3101 3803 3277 3870 Atque
3318 3813 3377 3857 ut
3420 3807 3627 3861 erroris
3662 3823 3745 3863 se~

2164 3891 2308 3943 mina
2347 3905 2543 3979 magno
2576 3905 2698 3944 cum
2739 3892 2954 3945 illorum
2993 3893 3200 3963 pudore
3234 3896 3606 3967 proﬂigentur,
3637 3915 3749 3953 non

2163 3996 2323 4035 secus
2353 3997 2416 4035 ac
2447 3981 2713 4037 l‘renando
2747 3984 2884 4036 mari
2927 3985 3075 4038 velut
3119 3989 3374 4055 repagula
3409 3989 3653 4058 quaadam
3684 4006 3749 4044 ac

2165 4081 2354 4140 portae,
2387 4090 2677 4128 arenarum
2705 4090 2733 4125 a
2764 4076 2871 4127 Deo
2901 4076 3072 4128 moles
3099 4076 3313 4145 objecta
3340 4086 3446 4142 est,
3480 4081 3726 4148 ejusdem

2164 4178 2271 4230 que
2324 4164 2641 4216 mandatum
2692 4163 3003 4217 istiusmodi
3046 4179 3058 4214 :
3109 4168 3392 4237 [lucusque
3442 4173 3643 4234 uenies,
3698 4185 3748 4225 et

2164 4269 2268 4306 non
2303 4254 2550 4322 procedes
2600 4255 2851 4323 amplius.
2884 4254 2988 4309 Sed
3020 4258 3075 4308 in
3121 4265 3168 4310 te
3206 4259 3603 4330 confringentur
3641 4265 3735 4333 ﬂu-

2164 4353 2279 4398 ctus
2329 4346 2407 4397 tui
2440 4346 2537 4414 (ait
2582 4342 2863 4414 Scriptura
2904 4344 2969 4412 ').
3006 4344 3096 4400 Sic
3129 4349 3291 4402 etiam
3330 4351 3403 4403 illi
3450 4351 3506 4405 in
3553 4366 3735 4410 semer

2164 4438 2314 4509 ipsos
2344 4438 2541 4508 relapsi
2592 4439 2808 4507 penitus
2842 4440 3256 4493 consument'ur.
3289 4440 3612 4514 Quanquam
3646 4446 3745 4501 hor

470 4530 569 4601 τῆς
598 4532 632 4601 ἡ
662 4530 831 4583 κακία
857 4531 951 4583 καὶ
979 4531 1011 4601 ή
1046 4529 1221 4600 πλάνη
1256 4528 1642 4598 τυφλώττουσα
1672 4530 1763 4583 τὸν
1790 4531 1933 4596 νοῦν,
1967 4533 2060 4585 καὶ

2166 4530 2407 4592 interest,
2446 4528 2591 4598 quod
2626 4530 2737 4583 illic
2772 4530 2839 4583 ad
2885 4531 3186 4585 coercenda
3221 4534 3395 4587 maria
3428 4536 3617 4592 divino
3648 4540 3721 4595 im

468 4623 561 4675 τὸν
589 4621 785 4692 εὐσεϐῆ
825 4620 1084 4691 λογισμὸν
1116 4621 1595 4692 ἀποστρεφομένη,
1632 4621 1903 4691 προῦλαϐε
1935 4623 2057 4675 καθ’

470 4712 693 4782 ἑαυτῆς,
743 4713 933 4783 ὥσπερ
977 4712 1199 4783 κύματα
1242 4713 1550 4783 ἐγείρουσα,
1602 4712 1672 4765 τὰ
1711 4714 1929 4783 σχέτλια
1952 4715 2058 4769 τῶν

470 4803 1078 4875 προαπαγγελλομένων
1122 4804 1305 4867 αὐτοῖς
1328 4803 1670 4874 ὑπολήψεων,
1719 4805 1926 4876 ἑτέροις
1959 4806 2059 4859 κύ-

471 4912 639 4966 μασιν
674 4897 839 4967 ὲαυτῇ
878 4896 1277 4967 συγκρούουσα,
1307 4896 1402 4949 καὶ
1437 4898 1495 4949 ὲν
1537 4897 1702 4967 ἑαυτῇ
1729 4898 1814 4950 ἀεὶ
1842 4916 2060 4970 συντρι-

468 4989 672 5060 ϐομένη
702 4989 899 5061 ἑαυτὴν
924 4988 1247 5043 διαλύειν¹⁶ο
1283 4988 1316 5059 ἢ
1349 4988 1600 5061 καθάπερ
1633 4990 1861 5061 ἑρπετὸν
1889 4991 2058 5045 δεινὸν

469 5078 649 5150 ἑαυτῷ
694 5078 1090 5150 λυμαινόμενον
1131 5080 1225 5133 καὶ
1267 5079 1757 5151 ἀντιστρεφόμενον
1805 5081 1912 5134 ἀπὸ
1958 5083 2058 5154 τῆς

467 5171 694 5241 κέρκου,
712 5171 807 5224 καὶ
826 5171 985 5223 ἑαυτὸ
1017 5170 1321 5236 κατεσθίον,
1351 5171 1481 5224 αὐτὸ
1504 5171 1700 5227 ἑαυτοῦ
1728 5171 2059 5226 ἁναλωτικὸν

465 5260 697 5331 γίνεται.
725 5262 895 5316 Τοῦτο
922 5260 1028 5335 γάρ
1059 5280 1190 5333 φασι
1218 5263 1545 5334 γεγενῆσθαι
1573 5262 1748 5334 καιρῷ
1770 5264 1874 5317 ὑπὸ
1896 5263 2059 5318 ἀσπί-

541 5462 557 5492 ¹
590 5460 653 5515 F.
689 5461 915 5536 ψάμμος
946 5464 1113 5536 ὂριον.
1194 5465 1233 5495 ι’
1255 5462 1567 5535 Legendum
1595 5463 1820 5518 διαλύει.
1898 5465 1919 5495 '
1951 5464 1968 5519 Ι
1998 5465 2175 5521 Mach.
2209 5482 2248 5532 ι,
2276 5467 2326 5521 ι.

467 5547 700 5594 xxxvm,
736 5534 820 5586 il.

539 5686 652 5754 (42)
699 5685 758 5738 Τί
785 5686 1115 5754 ἐταχύνατε
1149 5686 1435 5754 σήμερον.
1478 5685 1649 5740 Exod.
1688 5700 1750 5747 11,
1787 5700 1929 5740 com.
1965 5687 2055 5751 18,

468 5756 619 5828 ᾼιότι
650 5756 947 5828 ἐταχύνατε
984 5757 1075 5809 τοῦ
1101 5756 1524 5828 παραγενέσθαι
1572 5756 1841 5828 τήμερον;
1897 5758 2054 5827 Apud

470 5826 835 5896 Epiphanium
861 5828 1069 5882 voculae
1097 5826 1215 5881 istae
1247 5828 1331 5880 ἐπ’
1362 5827 1521 5880 αὐτόν
1554 5826 1899 5881 commodum
1932 5826 2054 5883 nul-

2163 4621 2316 4691 perio
2350 4622 2617 4675 terminus
2652 4621 2740 4675 ille
2769 4623 3102 4676 constitutus
3139 4630 3257 4691 est;
3296 4625 3386 4680 hic
3418 4636 3598 4683 autem
3630 4631 3749 4700 ipsa

2162 4727 2261 4781 per
2294 4728 2414 4766 sese
2461 4712 2724 4783 nequitia,
2761 4722 2923 4783 atque
2955 4725 3241 4770 excaacatm
3288 4721 3488 4775 mentis
3532 4737 3686 4776 error
3715 4738 3747 4777 a

2162 4816 2328 4857 sensu
2387 4802 2606 4872 pietatis
2656 4804 2959 4860 abhorrens
3011 4806 3385 4863 infelicissima
3440 4811 3568 4877 illa,
3626 4829 3750 4883 quae

2162 4903 2291 4948 ante
2312 4896 2661 4965 protulimus,
2688 4896 2963 4967 dogmata,
2996 4901 3145 4953 velut
3180 4902 3448 4970 quosdam
3478 4904 3533 4958 in
3566 4922 3624 4960 se
3650 4905 3749 4960 ﬂu-

2164 4995 2286 5043 ctus
2328 4988 2588 5042 excitavit
2624 4989 2797 5057 prius,
2841 5003 2905 5043 ac
2948 4993 3244 5048 contrariis
3278 4992 3533 5053 ﬂuctibus
3568 4999 3743 5065 illisit,

2163 5086 2217 5135 et
2250 5080 2600 5150 semetipsum
2638 5082 2689 5134 in
2726 5096 2784 5134 se
2824 5096 3123 5138 conversus
3172 5084 3597 5158 confractusque
3631 5092 3744 5148 dis-

2165 5172 2382 5242 sipavit.
2435 5172 2544 5225 Aut
2594 5180 2654 5225 ut
2706 5173 2945 5229 exitialis
3007 5186 3234 5246 serpens
3279 5194 3401 5234 sese
3443 5181 3746 5238 conﬁciens

2164 5264 2379 5333 ipsum,
2425 5271 2478 5320 et
2520 5278 2551 5317 a
2594 5264 2767 5318 cauda
2817 5266 3089 5335 replicans
3137 5284 3203 5324 ac
3250 5272 3537 5328 revolvens
3581 5288 3745 5331 suum

2403 5465 2424 5497 ³
2453 5465 2624 5521 Exod.
2663 5484 2725 5536 ιι,
2764 5468 2830 5524 18
2859 5486 2982 5540 sqq.
3060 5468 3081 5501 ⁸
3108 5468 3298 5526 Matth.
3330 5487 3387 5536 ι,
3419 5471 3508 5528 25.
3586 5474 3608 5506 ⁸
3636 5472 3743 5530 Job

2160 5688 2277 5761 lum
2296 5704 2516 5743 sensum
2533 5688 2792 5761 reddunt,
2807 5689 2912 5744 nisi
2932 5692 2989 5754 ἐς
3007 5692 3166 5745 αὐτὸν
3185 5692 3390 5761 ἔφασαν
3410 5695 3734 5750 substituas.

2232 5758 2344 5834 (45)
2385 5758 2660 5834 Καθάπερ
2703 5762 2973 5834 χαλινός,
3015 5770 3119 5834 etc.
3162 5758 3372 5818 Leviter
3405 5765 3739 5834 depravatus

2160 5828 2249 5885 hic
2276 5832 2436 5885 iocus
2462 5837 2565 5885 est.
2596 5828 2853 5887 Fortasse
2887 5833 3170 5903 legendum
3200 5848 3279 5891 est
3311 5828 3519 5911 ὡρίσθη
