4170 6372
365 333 465 390 451

1749 331 1807 384 S.
1850 328 2194 386 EPIPHANII

3540 322 3648 379 459.

365 442 569 496 corpus
615 425 816 489 adedit,
865 432 920 481 et
967 425 1222 482 absumit.
1267 425 1326 481 id
1366 424 1513 480 enim
1563 423 1693 478 olim
1739 427 1959 496 aspides

2081 429 2168 478 ῑων
2202 423 2656 495 συγκλεισθεισῶν
2687 427 2745 478 ἐν
2779 424 2978 491 πίθοις,
3013 425 3108 480 καὶ
3134 422 3372 492 ἑκάστης
3395 422 3495 492 τὴν
3528 422 3646 474 ἐτέ-

369 518 565 572 fecisse
591 524 837 576 narrant,
869 530 1122 585 quarum,
1151 531 1274 570 cum
1298 516 1522 569 inclusa
1557 513 1719 568 doliis
1746 521 1952 578 essent,

369 610 598 661 alteram
625 608 794 661 altera
829 607 1126 661 devoravit.
1156 605 1293 659 Tum
1326 621 1446 676 quae
1478 605 1710 660 ferocior
1740 619 1803 658 ac
1828 621 1958 658 cru-

370 701 546 754 delior
576 707 693 753 erat
722 701 836 753 sola
869 713 1180 761 remanens,
1201 707 1502 766 enectaque
1526 696 1692 762 fame,
1720 697 1957 764 seipsam

371 807 402 846 a
459 793 634 846 cauda
685 792 952 861 incipiens
1009 791 1270 861 paulatim
1327 789 1672 858 consumpsit
1730 806 1743 840 :
1798 788 1961 856 idque

371 882 550 953 ipsum
604 883 660 936 in
710 882 946 952 {Egypto
993 882 1288 950 contigisse
1334 896 1364 933 a
1407 880 1724 944 nonnullis,
1765 879 1858 948 qui
1895 879 1962 933 de

372 989 554 1029 rerum
602 983 796 1028 natura
843 973 1220 1043 seripserunt,
1259 972 1533 1042 proditum
1577 979 1683 1025 est.
1717 969 1874 1024 Unde
1907 976 1962 1022 et

373 1067 446 1135 ob
477 1067 824 1136 Gorgoneum
855 1066 1021 1119 veluti
1052 1073 1238 1134 caput,
1274 1063 1742 1133 Aspidogorgonis
1769 1060 1962 1115 merito

375 1163 426 1218 ei
461 1171 545 1216 est
577 1176 773 1214 nomen
811 1159 1148 1229 impositum.
1197 1157 1460 1213 Similiter
1492 1158 1706 1226 ineptus
1745 1169 1810 1208 ac
1851 1163 1965 1208 slo-

373 1255 520 1308 lidus
548 1253 742 1312 Ebion,
778 1251 1114 1321 Ebionisque
1147 1250 1389 1304 fautores
1431 1248 1726 1302 concidere
1753 1238 1998 1314 seipsos'

375 1352 810 1406 anteverterunt,
837 1359 1010 1412 eaque
1040 1342 1240 1411 quibus
1273 1341 1620 1410 potissimum
1659 1339 1964 1408 gloriantur

376 1437 536 1492 initio
572 1436 933 1492 sustulerunt.
962 1434 1080 1488 Non
1108 1435 1253 1488 enim
1296 1433 1571 1496 Christus,
1613 1439 1800 1502 utpote
1838 1445 1962 1482 cum

377 1527 560 1582 infans
627 1527 806 1580 adhuc
856 1535 1025 1590 esset,
1081 1525 1370 1594 semetipse
1418 1523 1788 1577 circumcidit.
1857 1521 1963 1575 Sed

377 1619 688 1674 laudandus
723 1628 1011 1690 proliterea
1048 1619 1365 1672 misericors
1396 1616 1662 1670 Dominus
1690 1623 1796 1678 est,
1819 1613 1965 1684 quod

378 1713 455 1766 ita
491 1728 548 1766 se
582 1711 756 1765 Ebion
804 1711 1122 1781 imprudens
1171 1709 1456 1776 obiecerit,
1492 1715 1551 1760 ut
1586 1707 1808 1760 minime
1836 1720 1964 1760 vera

2062 535 2163 589 ραν
2207 517 2699 588 καταναλωσάσης,
2729 518 2828 587 τὴν
2861 517 2918 570 δὲ
2967 515 3308 586 ίταμωτέραν
3355 515 3446 566 καὶ
3492 513 3649 582 χαλε-

2062 611 2314 684 πωτέραν
2362 613 2442 674 εἰς
2491 610 2715 684 ὕστερον
2764 610 3133 681 μεμενηκέναι
3189 610 3355 680 μόνην
3397 607 3648 661 καταλει-

2063 707 2288 776 φθεῖσαν
2315 745 2330 768 ,
2385 705 2482 758 καί
2532 706 2612 768 εἰς
2655 706 2845 756 πεῖναν
2889 702 3168 766 ἐλθοῦσαν,
3209 701 3315 754 ἀπὸ
3362 701 3461 769 τῆς
3515 693 3648 758 ἰδίας

2063 800 2260 870 κέρκου
2286 797 2599 868 ἀρξαμένην
2628 795 2825 866 ἑαυτὴν
2847 793 3347 863 καταϐεϐρωκέναι,
3379 789 3648 861 ἱστοροῦσί

2063 907 2205 954 τινες
2233 888 2545 958 φυσιολόγοι
2578 887 2720 939 κατά
2764 886 2862 956 τὴν
2909 885 3220 952 Αἰγυπτίων
3252 881 3454 954 χώραν.
3488 879 3648 932 ’Ὅθεν

2064 981 2158 1034 xui
2191 980 2461 1051 ἁρμοδίως
2490 979 2548 1032 τὸ
2571 979 2739 1047 ὄνομα
2770 979 2907 1047 αὑτῇ
2938 977 3214 1036 ἐπέθεντο,
3241 974 3327 1026 διὰ
3351 973 3448 1042 τὴν
3482 989 3651 1040 κειρα-

2063 1067 2161 1138 λὴν
2203 1068 2301 1136 τῆς
2342 1066 2603 1137 Γοργόνος
2645 1067 2737 1118 xui
2788 1065 2993 1136 ταύτην
3039 1062 3502 1132 Ἀσπιδογοργόνα
3550 1077 3643 1111 κα-

2063 1159 2299 1222 λοῦντες.
2331 1157 2486 1210 Οὕτω
2516 1158 2611 1209 καὶ
2638 1159 2666 1209 ὁ
2690 1157 3042 1229 ματαιόιρρων
3072 1155 3288 1219 Ἐϐίων,
3316 1155 3410 1206 xui
3435 1153 3481 1205 οἱ
3509 1150 3644 1222 ἀμφ’

2066 1250 2230 1304 αὐτὸν
2261 1249 2564 1318 προῦλαϐον
2596 1249 2821 1312 ἑαυτοὺς
2865 1247 3314 1317 κατατέμνοντες,
3367 1245 3458 1298 καὶ
3499 1246 3652 1298 ἀναι-

2071 1340 2287 1414 ροῦντες
2329 1339 2422 1393 ἀπ’
2465 1339 2639 1410 ἀρχῆς
2682 1341 2884 1399 ἐκεῖνα,
2928 1338 3011 1406 ἐφ’
3041 1331 3122 1400 οἷς
3153 1337 3247 1390 καὶ
3275 1335 3649 1405 σεμνύνονται.

2067 1431 2300 1503 Χριστὸς
2342 1431 2449 1502 γὰρ
2495 1430 2684 1484 ἑαυτὸν
2727 1431 2785 1482 οὐ
2823 1429 3149 1500 περιέτεμε·
3189 1428 3398 1482 παιδίον
3425 1431 3530 1498 γὰρ
3560 1421 3650 1497 ἦν.

2068 1525 2203 1590 Δόξα
2247 1525 2302 1576 δὲ
2346 1522 2424 1594 τῷ
2469 1523 2723 1592 ἐλεήμονι
2762 1521 2899 1591 Θεῷ,
2932 1522 3014 1574 ὅτι
3061 1521 3249 1573 ἑαυτὸν
3295 1518 3597 1590 προῦϐαλεν
3626 1519 3654 1570 ὁ

2071 1615 2282 1681 Ἐϐίων,
2327 1616 2413 1668 ἵνα
2459 1615 2527 1668 τὰ
2571 1614 2803 1683 ἀληθινὰ
2853 1615 2925 1683 μὴ
2961 1614 3293 1684 ὁμολογήσῃ,
3339 1613 3416 1674 εἰς
3446 1611 3507 1663 τὸ
3549 1611 3649 1663 xui

2069 1707 2286 1778 ἔλεγχον
2338 1707 2487 1778 αὐτῷ
2532 1705 2803 1774 γενέσθαι.
2857 1707 2919 1758 Ei
2977 1705 3075 1775 μὲν
3118 1703 3226 1774 γὰρ
3260 1703 3444 1770 ἔλεγεν
3493 1702 3654 1755 αὑτὸν

380 1801 691 1864 confessus,
716 1799 1192 1856 convincendisui
1223 1815 1413 1853 ansam
1441 1798 1598 1853 nobis
1625 1796 1964 1851 obtruderet.

2081 1800 2202 1852 Θεὸν
2229 1799 2434 1852 ἄνωθεν
2467 1801 2672 1868 ἥκοντα
2709 1796 3140 1869 περιτετμῆσθαι
3185 1795 3281 1866 τὴν
3314 1795 3656 1865 ὁκταήμερον

382 1892 439 1948 Si
487 1894 630 1948 enim
685 1892 854 1947 Deum
907 1893 1059 1946 illum
1111 1907 1264 1955 esse,
1310 1891 1637 1960 etelitusque
1682 1889 1965 1958 delapsum

382 1992 692 2050 assereret,
744 1993 1050 2053 octavoque
1099 1983 1187 2036 die
1232 1997 1264 2036 a
1310 1982 1478 2036 Maria
1535 1981 1963 2038 circumcisum.

380 2088 494 2132 tum
523 2075 739 2146 quidem
777 2085 1046 2144 quatenus
1074 2083 1126 2128 et
1157 2073 1300 2128 Deus
1337 2073 1494 2135 foret,
1541 2081 1594 2127 et
1632 2072 1686 2126 id
1731 2073 1873 2126 ultro
1905 2087 1968 2125 ac

381 2168 660 2222 voluntate
705 2166 1080 2236 permisisset,
1115 2167 1424 2236 speciosum
1455 2163 1714 2234 quiddam
1753 2179 1817 2218 ac
1847 2179 1972 2233 pro-

383 2261 562 2315 babile
592 2260 659 2314 ad
690 2259 1132 2313 circumcisionis
1172 2257 1701 2312 commendationem
1737 2257 1972 2310 circum-

382 2350 608 2405 foraneo
658 2350 815 2420 152
852 2350 944 2403 isti
984 2349 1326 2419 przebuisset.
1375 2346 1494 2400 Jam
1531 2362 1659 2402 vero
1699 2362 1822 2400 cum
1856 2362 1971 2399 ine-

385 2457 510 2495 rum
550 2440 702 2492 illiiin
735 2439 1008 2492 hominem
1038 2454 1180 2500 esse,
1215 2449 1376 2506 atque
1418 2437 1486 2489 ab
1516 2436 1832 2490 hominibus
1863 2437 1972 2489 cir-

383 2533 693 2586 cumcisum
756 2529 928 2584 fuisse
990 2529 1222 2592 sentiat,
1278 2542 1621 2597 nequaquam
1671 2543 1841 2596 puero
1896 2527 1973 2581 illi

386 2622 540 2676 velut
574 2621 784 2674 auctori
812 2617 1162 2674 tribuendum
1188 2623 1308 2681 est,
1344 2618 1488 2687 quod
1522 2626 1712 2672 octava
1749 2619 1820 2672 sit
1853 2620 1972 2673 luce

387 2712 767 2768 circumcisus.
800 2708 987 2780 Neque
1015 2710 1160 2764 enim
1191 2710 1544 2778 semetipsum
1577 2708 1845 2778 praecidit,
1877 2710 1973 2764 sed

387 2805 444 2861 id
477 2805 545 2859 ab
579 2805 704 2860 aliis
751 2818 948 2873 passus
981 2811 1066 2857 est
1095 2818 1107 2853 :
1135 2800 1281 2871 quod
1331 2801 1437 2856 sibi
1485 2801 1621 2870 ipsis
1662 2802 1817 2872 pueri
1864 2818 1973 2856 non

390 2897 638 2960 faciunt,
687 2909 865 2964 neque
900 2891 1342 2947 circumcisionis
1391 2897 1648 2946 auctores
1693 2891 1829 2961 ipsi,
1879 2891 1976 2947 sed

2073 1891 2178 1943 ὑπὸ
2204 1892 2299 1960 τῆς
2322 1891 2560 1962 Μαρίας,
2593 1889 2653 1941 τὸ
2678 1888 2999 1959 τηνικαῦτα,
3036 1887 3165 1950 Θεὸς
3190 1886 3286 1948 ὢν,
3315 1886 3409 1939 xui
3446 1902 3656 1954 συγχω-

2077 1983 2184 2056 ρῶν
2213 1984 2352 2036 κατά
2379 1982 2514 2035 ἰδίαν
2546 1981 2816 2042 εὐδοκίαν,
2842 1983 3100 2052 παρεῖχεν
3129 1978 3193 2032 ἂν
3221 1978 3299 2048 τῷ
3323 1977 3532 2048 ἀγύρτη
3559 1975 3657 2046 τῆς

2077 2076 2374 2146 περιτομῆς
2417 2074 2829 2142 πιθανολογίαν’
2877 2075 3038 2126 ὁπότε
3085 2072 3141 2125 δὲ
3187 2071 3340 2141 ψιλὸν
3373 2070 3657 2140 ἄνθρωπον

2076 2169 2235 2220 αὐτόν
2275 2166 2602 2237 γεγενῆσθαι
2635 2167 2654 2196 ³
2690 2167 2782 2220 ὑπ’
2827 2165 3127 2238 ἀνθρώπων
3164 2162 3520 2234 παρεισφέρει
3563 2178 3660 2212 πε-

2080 2258 2458 2328 ριτετμῆσθαι,
2489 2259 2670 2330 οὐκέτι
2697 2257 2868 2320 αἴτιός
2899 2260 3045 2309 ἐστιν
3091 2258 3119 2308 ὁ
3160 2257 3308 2319 παῖς,
3340 2256 3388 2306 εἰ
3433 2255 3527 2306 καὶ
3559 2252 3659 2320 τὴν

2076 2351 2416 2420 όκταήμερον
2463 2351 2756 2421 περιτομὴν
2803 2348 3163 2420 περιετμήθη.
3213 2350 3287 2400 Οὐ
3330 2346 3436 2418 γὰρ
3468 2344 3660 2398 ἐαυτὸν

2079 2443 2425 2512 περιέτεμεν,
2471 2443 2585 2496 ἀλλ’
2636 2441 2740 2494 ὑπὸ
2790 2440 3093 2511 ἀνθρώπων
3141 2437 3502 2510 περιετμήθη.
3548 2434 3660 2488 Καὶ

2078 2533 2185 2604 γὰρ
2215 2533 2264 2583 οἱ
2301 2531 2489 2594 παῖδες
2533 2531 2630 2600 οὐχ
2676 2530 2901 2592 ἑαυτοὺς
2952 2529 3364 2599 περιτέμνουσι,
3404 2527 3498 2580 καὶ
3539 2525 3660 2578 οὐδὲ

2081 2623 2242 2676 αἴτιοί
2267 2625 2372 2675 εἰσι
2413 2623 2512 2694 τῆς
2539 2623 2745 2675 ἑαυτῶν
2791 2623 3113 2692 περιτομῆς,
3138 2620 3251 2674 ἀλλ’
3283 2622 3331 2672 οἱ
3364 2618 3540 2672 αὐτῶν
3567 2635 3662 2686 γοο

2080 2716 2211 2772 νεῖς.
2243 2716 2472 2768 Ἐκεῖνοι
2516 2716 2623 2786 γὰρ
2656 2715 2877 2786 βραχεῖς
2921 2713 3093 2776 ὅντες,
3130 2713 3478 2783 νηπιάζουσιν
3506 2712 3667 2778 ἀγνο-

2081 2805 2285 2870 οῦντες.
2316 2807 2412 2860 καὶ
2458 2807 2579 2860 οὐδὲ
2623 2805 2798 2858 οἴδασι
2840 2803 2893 2857 τί
2937 2806 3124 2868 αὐτοῖς
3169 2805 3272 2858 ὑπὸ
3311 2804 3418 2856 τῶν
3465 2803 3667 2870 γονέων

2082 2898 2312 2965 γίνεται.

389 3004 578 3045 eorum
610 2989 792 3058 potius
827 2992 1085 3055 parentes
1130 2981 1368 3038 habendi
1435 2989 1588 3038 sunt.
1639 2981 1852 3037 Etenim
1905 2987 2164 3054 pusiones
2199 2991 2274 3044 illi
2322 3006 2433 3061 pra}
2484 2991 2712 3047 infantia
2784 2990 2915 3062 quid
2959 2989 3060 3045 sibi
3128 3005 3156 3043 a
3203 2986 3521 3059 parentibus
3577 2985 3670 3038 fiat

389 3082 667 3152 f'gnorant.

463 3172 677 3229 XXVII.
707 3173 778 3226 At
806 3188 907 3227 nos
933 3179 988 3226 et
1014 3170 1184 3227 Deum
1216 3170 1370 3226 illum
1395 3185 1427 3226 e
1457 3171 1600 3226 cmlo
1631 3170 1976 3226 descendisse

2159 3177 2284 3228 KZ'.
2331 3177 2522 3244 Ἡμεῖς
2549 3175 2604 3228 δὲ
2648 3175 2740 3227 xui
2778 3173 2909 3226 Θεὸν
2934 3173 3094 3226 αὐτὸν
3123 3170 3352 3240 λέγομεν
3379 3170 3474 3222 ἀπ’
3503 3169 3670 3238 οὐρα-

392 3266 651 3331 diciinus,
683 3275 737 3320 et
767 3265 821 3318 in
854 3263 1039 3318 Mariae
1067 3261 1311 3333 Virginis
1359 3270 1514 3318 utero
1560 3262 1805 3332 legitimo
1847 3270 1982 3316 tem-

393 3372 526 3428 pore
575 3355 987 3425 permansisse,
1041 3362 1249 3423 quanto
1304 3353 1512 3408 scilicet
1559 3352 1762 3422 gestari
1802 3353 1984 3406 caeteri

394 3447 685 3502 infantium
723 3447 919 3507 solent,
953 3445 1127 3498 donec
1155 3461 1218 3499 ex
1253 3444 1346 3499 illo
1386 3443 1626 3514 Virginis
1660 3453 1817 3498 utero
1853 3459 1985 3515 pro-

396 3541 578 3602 fusus,
612 3537 856 3609 perfecto
882 3537 994 3606 jain
1033 3537 1270 3590 lioniinis
1305 3536 1450 3605 quod
1500 3537 1754 3590 induerat
1788 3551 1985 3606 corpo-

395 3649 480 3697 re,
526 3642 833 3700 susceptain
872 3645 902 3683 a
947 3644 1007 3683 se
1053 3629 1249 3683 salutis
1298 3639 1501 3682 nostrae
1545 3629 1983 3698 procurationem

397 3725 622 3797 aggredi
673 3723 931 3778 instituit.
967 3720 1023 3774 In
1056 3735 1162 3790 qua
1196 3729 1250 3774 et
1287 3720 1353 3774 ad
1399 3721 1542 3775 diem
1585 3728 1838 3776 octavum
1876 3736 1983 3774 non

399 3819 583 3889 Specie
635 3827 836 3878 tenus,
887 3814 981 3869 sed
1039 3814 1217 3884 reipsa
1263 3813 1624 3868 circumcisus
1670 3821 1776 3868 est.
1823 3811 1988 3866 V'enit

401 3912 547 3967 enim
595 3917 653 3963 ut
698 3909 868 3979 legem
901 3921 966 3960 ac
1009 3907 1400 3976 prophetarum
1449 3906 1699 3975 impleret
1741 3905 1982 3970 oracula,

401 4017 512 4057 non
540 4007 805 4054 everteret
833 3999 886 4063 ¹;
918 4005 1083 4065 atque
1117 4006 1174 4050 ut
1200 3996 1433 4050 alienam
1467 4011 1574 4050 non
1606 3994 1778 4050 fuisse
1812 3995 1984 4065 legem

401 4092 735 4154 ostenderet,
769 4089 861 4144 sed
896 4103 924 4141 a
951 4089 1135 4159 seipso
1168 4102 1487 4142 concessam
1517 4087 1582 4140 ad
1620 4102 1779 4140 suum
1811 4101 1987 4155 usque

401 4194 622 4253 tempus
651 4183 754 4236 sub
783 4180 1114 4250 quibusdam
1150 4178 1450 4249 figurarum
1474 4179 1623 4233 velut
1651 4178 1988 4232 umbraculis

402 4276 709 4347 perstitisse
745 4293 757 4327 :
787 4289 896 4345 quo
931 4274 997 4328 in
1045 4287 1168 4327 sese
1217 4287 1280 4325 ac
1326 4286 1420 4340 per
1464 4287 1584 4326 sese
1626 4270 1990 4341 quodcunque

405 4366 506 4437 legi
536 4365 719 4417 deerat
744 4370 1022 4433 postremo
1053 4360 1371 4430 suppleret;
1399 4360 1702 4429 eademque
1731 4360 1820 4413 illa
1855 4359 1990 4429 figu—

405 4471 593 4508 rarum
631 4453 907 4507 involucra
934 4452 999 4505 ad
1028 4452 1329 4520 Spiritalein
1363 4450 1777 4520 perfectionem,
1812 4466 1876 4505 ac
1905 4466 1989 4506 ve-

2086 3264 2178 3316 νοῦ
2222 3265 2463 3329 ἐλθόντα,
2511 3267 2604 3319 καὶ
2651 3268 2707 3317 ἐν
2763 3266 2945 3336 μήτρᾳ
2992 3262 3269 3334 Παρθένου
3313 3261 3532 3333 Μαρίας
3579 3261 3671 3314 τὸν

2086 3356 2275 3427 χρόνον
2331 3356 2437 3408 τῶν
2485 3356 2970 3426 ἐγκυμονουμένων
3018 3354 3223 3406 παίδων
3273 3369 3674 3424 παραμεμενη-

2086 3448 2240 3511 κότα,
2287 3448 2391 3510 ἕως
2432 3447 2651 3510 τελείως
2693 3446 2801 3500 ἀπὸ
2837 3448 2935 3516 τῆς
2976 3443 3307 3516 παρθενικῆς
3332 3443 3672 3517 μήτρας4ὴν

2088 3538 2351 3608 ἐνσαρκον
2392 3537 2804 3609 ἐνανθρώπησιν
2851 3537 3029 3607 ἐαυτῴ
3063 3537 3155 3589 καὶ
3194 3537 3504 3606 οἰκονομίαν
3530 3540 3673 3590 οἱκο-

2086 3635 2320 3702 νομήσῃ,
2351 3633 2407 3683 ἐν
2504 3633 2595 3685 xui.
2639 3633 2979 3704 περιετμήθη
3025 3632 3295 3702 ἀληθινῶς
3316 3673 3330 3690 ,
3364 3634 3460 3685 xui
3493 3633 3551 3684 οὐ
3583 3632 3672 3684 δο-

2087 3727 2245 3794 κήσει
2272 3723 2452 3794 ἡμέρᾳ
2477 3727 2541 3794 τῇ
2569 3724 2746 3794 ὀγδόῃ.
2774 3720 2945 3776 Ἶὶλθε
2987 3723 3097 3795 γὰρ
3145 3723 3433 3794 πληρῶσαι
3472 3724 3562 3776 τὸν
3589 3723 3674 3776 νό-

2090 3832 2190 3884 μον
2221 3815 2314 3867 xui.
2345 3816 2470 3878 τοὺς
2515 3817 2831 3885 προφήτας,
2877 3815 2970 3867 xui
3017 3815 3078 3867 οὐ
3123 3813 3423 3868 καταλῦσαι
3448 3832 3460 3844 °
3489 3815 3583 3867 xui
3612 3814 3672 3868 οὐ

2088 3906 2179 3958 τὸν
2225 3906 2387 3977 νόμον
2439 3906 2716 3977 ἀλλότριον
2747 3906 3045 3976 ἀποφῆναι,
3091 3906 3226 3959 ἀλλὰ
3259 3905 3319 3970 ἐξ
3359 3906 3524 3959 αὐτοῦ
3575 3907 3674 3976 μὲν

2087 3997 2482 4069 δεδωρημένον,
2516 3999 2620 4062 ἓως
2657 3999 2714 4051 δὲ
2757 3999 2922 4052 αὑτοῦ
2967 4002 3023 4052 ἐν
3067 4000 3262 4061 τύποις
3305 3999 3672 4069 μεμενηκότα,

2087 4089 2235 4152 ὅπως
2258 4091 2314 4141 ἐν
2339 4089 2488 4159 αὐτῷ
2514 4091 2607 4143 καὶ
2627 4090 2694 4142 δι’
2717 4090 2880 4144 αὑτοῦ
2907 4091 3067 4144 πάλιν
3091 4093 3226 4162 ὅπερ
3254 4092 3495 4144 ἐνέλιπεν
3519 4093 3575 4142 ἐν
3599 4091 3676 4161 τῷ

2088 4178 2238 4249 νόμῳ
2273 4180 2556 4251 πληρωθῆ,
2583 4181 2669 4234 ἵνα
2703 4182 2753 4233 οἱ
2775 4180 2936 4233 τύποι
2963 4183 3041 4244 εἰς
3066 4182 3442 4252 πνευματικὴν
3463 4182 3678 4235 τελείω-

2092 4286 2175 4320 σιν
2205 4269 2448 4333 ἐλθόντες
2473 4271 2530 4322 ὲν
2559 4270 2807 4342 ἀληθείᾳ,
2843 4272 2933 4327 ὑπ’
2964 4272 3129 4326 αὐτοῦ
3159 4291 3218 4325 τε
3246 4274 3340 4326 καὶ
3371 4273 3478 4325 τῶν
3509 4271 3675 4325 αὑτοῦ

2090 4362 2404 4415 ἀποστόλων
2448 4363 2834 4434 κηρυχθῶσιν,
2889 4365 3071 4418 οὐκέτι
3121 4366 3270 4427 ὄντες
3320 4365 3514 4427 τύποι,
3561 4365 3676 4417 ἀλλ’

2090 4455 2336 4525 ἀλήθεια.
2373 4455 2500 4509 Ἑπί
2541 4455 2716 4526 τούτῳ
2760 4457 2866 4528 γὰρ
2899 4456 3202 4528 ἐπληροῦτο
3245 4457 3305 4509 τὸ
3339 4459 3396 4508 ὲν
3425 4457 3502 4526 τῷ
3529 4457 3678 4527 νόμῳ

404 4546 621 4599 ritatem
667 4543 930 4612 perducta
985 4542 1187 4611 figuras
1229 4556 1354 4595 esse
1406 4541 1658 4604 desiisse,
1707 4549 1871 4610 atque
1920 4541 1976 4596 ad

2096 4544 2406 4614 εἰρημένον,
2443 4545 2545 4606 ἕως
2587 4543 2752 4597 αὑτοῦ
2797 4545 2889 4598 τοῦ
2923 4547 3115 4618 χρόνου
3153 4545 3467 4617 διαρκέσαν,
3497 4547 3592 4598 xui
3620 4547 3678 4598 ἐν

405 4637 691 4689 veritatem
737 4633 1045 4697 transiisse,
1087 4640 1197 4685 tam
1233 4633 1348 4701 ipse
1384 4648 1546 4702 quam
1591 4633 1712 4700 ejus
1756 4633 1986 4702 apostoli

406 4726 787 4797 praadicarent.
826 4722 883 4776 In
921 4723 1015 4776 illo
1060 4723 1258 4792 quippe
1302 4723 1448 4791 quod
1486 4723 1748 4792 scriptum
1786 4733 1903 4778 erat
1935 4725 1987 4777 in

409 4820 543 4889 lege,
574 4815 873 4886 perfectum
906 4823 1009 4878 est,
1043 4816 1117 4880 id,
1145 4816 1387 4884 inquam,
1415 4815 1556 4885 quod
1585 4817 1649 4868 ad
1669 4817 1787 4884 ejus
1816 4831 1990 4884 usque

407 4922 652 4982 tempora
690 4911 1024 4980 perduravit,
1059 4916 1112 4964 et
1146 4909 1200 4962 in
1233 4910 1352 4978 ipso
1379 4909 1492 4976 jam
1538 4909 1847 4963 absolutum
1890 4908 1989 4962 im-

408 5008 724 5076 pletumque
751 5002 933 5064 desiit,
965 5001 1222 5054 nimirum
1264 5001 1409 5070 quod
1448 5000 1692 5069 Sepliora
1723 5000 1938 5055 dicebat
1972 5018 1985 5054 :

411 5095 565 5151 Stetit
598 5095 814 5164 sanguis
842 5092 1262 5146 circumcisionis
1294 5092 1394 5160 filii
1426 5093 1525 5144 mei
1561 5092 1602 5143 ’.
1647 5091 1761 5144 Non
1799 5092 1937 5145 dixit
1975 5110 1988 5145 :

409 5184 736 5238 Circunicidi
799 5183 967 5236 lilium
1011 5198 1209 5238 meum.
1270 5181 1457 5252 Neque
1511 5181 1653 5234 enim
1701 5181 1753 5234 id
1805 5183 1998 5251 agebat

411 5276 673 5345 angelus,
725 5281 784 5328 ut
837 5273 1186 5328 circumcisio
1242 5270 1428 5338 ﬁeret,
1481 5286 1656 5340 neque
1712 5271 1998 5342 sanguinis

482 5432 498 5461 ¹
537 5429 725 5485 Matth.
768 5447 822 5497 ν,
861 5431 945 5485 17.

1021 5432 1042 5462 ⁸
1079 5427 1249 5483 Exod.
1286 5445 1359 5493 iv,
1389 5426 1481 5481 25.
1561 5426 1582 5457 ³
1614 5425 1776 5482 Deest
1805 5425 1899 5479 καί

484 5610 596 5681 (Μ)
639 5611 822 5677 ’Ὅπερ
873 5609 985 5678 ἔφη
1036 5611 1074 5677 ἡ
1120 5607 1427 5681 Σεπφώρει,
1480 5607 1732 5681 Μίνίίῖειιμ
1761 5615 1846 5661 est
1876 5605 1983 5659 loci

412 5677 586 5737 istius
617 5677 1013 5747 interpretatio,
1060 5695 1220 5747 quam
1247 5677 1253 5678 7
1280 5680 1616 5748 Epiphanius
1657 5677 1832 5748 affert.
1862 5692 1982 5748 qua;

412 5767 479 5808 ex
514 5749 656 5804 LXX
705 5750 934 5805 lectione
984 5753 1212 5828 petitur;
1265 5747 1395 5802 nam
1430 5749 1638 5805 Hebraei
1692 5757 1746 5804 et
1803 5747 1982 5803 Latini

2097 4633 2246 4704 αὐτῴ
2295 4634 2688 4704 ἀφιστάμενον,
2736 4637 2816 4698 εἰς
2849 4637 3122 4707 πλήρωμα
3159 4637 3213 4690 δὲ
3263 4636 3677 4708 μεθιστάμενον,

2096 4728 2233 4797 ὅπερ
2275 4727 2379 4798 ἔφη
2421 4731 2451 4798 ἡ
2500 4730 2774 4800 Σεπφὼρα
2804 4728 2934 4799 (ΗΥ
2966 4730 3047 4782 ὃτι
3086 4731 3273 4795 Ἕστη
3309 4729 3372 4781 τὸ
3403 4724 3545 4798 αἷμα
3568 4729 3680 4797 τῆς

2097 4818 2418 4888 περιτομῆς
2464 4821 2569 4874 τοῦ
2620 4821 2860 4873 παιδίου
2885 4839 3024 4889 μου.
3075 4821 3185 4874 Καὶ
3229 4823 3329 4872 οὐκ
3367 4816 3554 4886 εἶπεν,
3599 4823 3681 4875 ὅτι

2094 4910 2426 4980 Περιέτεμόν
2487 4929 2588 4982 μου
2644 4913 2704 4966 τὸ
2769 4913 3002 4965 παιδίον.
3053 4913 3128 4964 Οὐ
3173 4912 3281 4984 γὰρ
3332 4912 3602 4984 ᾠκονόμει
3653 4917 3681 4966 ὁ

2098 5001 2426 5065 ἀποσταλεὶς
2490 5002 2753 5072 ἅγγελος,
2792 5004 2880 5058 ἵνα
2927 5005 3200 5076 περιτομὴ
3250 5005 3494 5074 γένηται·
3548 5005 3683 5058 ἀλλά

2101 5091 2220 5143 οὐδὲ
2255 5092 2315 5144 τὸ
2349 5087 2486 5162 αἷμα
2525 5095 2626 5163 τῆς
2658 5095 2960 5166 περιτομῆς
2991 5095 3248 5166 φοϐηθεὶς
3281 5097 3514 5166 ἀπέστη·
3549 5097 3684 5150 ἀλλὰ

2103 5181 2460 5252 ὑπομνήσεως
2508 5185 2666 5255 χάριν
2715 5185 2807 5237 τοῦ
2855 5185 3141 5256 μέλλοντος
3192 5187 3405 5241 παιδίου
3439 5189 3500 5240 τὸ
3547 5184 3682 5259 αἷμα

2105 5272 2204 5342 τῆς
2242 5277 2544 5346 περιτομῆς
2580 5278 2752 5348 ίστᾷν·
2791 5277 2927 5349 ὅπερ
2976 5277 3216 5340 ἀκούσας
3260 5279 3354 5332 καὶ
3400 5281 3685 5351 οἰκονομή-

2091 5607 2313 5663 codices
2350 5629 2361 5662 :
2398 5607 2632 5677 Sponsus
2658 5610 2979 5677 sanguinum
3014 5621 3068 5663 tu
3094 5609 3224 5662 mihi
3251 5627 3325 5673 es,
3351 5610 3422 5665 ob
3453 5611 3684 5664 circnm-

2091 5677 2391 5803 cisipnem,
2435 5668 2652 5736 habent.
2708 5668 2849 5733 LXX
2898 5697 3028 5736 vero
3076 5682 3236 5751 longe
3281 5668 3388 5735 alia
3435 5682 3683 5736 reddide-

2094 5763 2196 5802 run
2226 5788 2238 5801 .

2094 5763 2238 5802 runt.
