4170 6372
423 369 528 426 453

1172 367 1545 427 ADVERSUS
1581 370 1928 428 HERESES
1966 371 2094 430 LIB.
2124 374 2166 428 I.
2208 373 2372 432 TOM.
2413 373 2477 428 II.
2517 404 2586 413 ——
2628 369 2901 444 IIA'IRES.
2939 377 3104 433 XXX.

3581 381 3688 437 454

425 506 524 551 σας
571 487 804 558 ἀπέστη.
838 488 948 542 Καὶ
982 488 1133 541 ποίου
1163 489 1398 553 παιδίου,
1430 491 1615 544 ἄκουε.
1648 489 1787 543 Ἀλλ’
1818 491 1850 562 ἢ
1883 493 1994 564 περ¹

2112 501 2259 546 metu
2283 492 2533 559 recessit,
2568 493 2664 548 sed
2700 502 2760 547 ut
2788 509 2913 549 eum
2948 495 3233 558 infantem,
3261 509 3291 548 a
3314 511 3424 567 quo
3455 497 3692 554 circum-

421 573 481 635 οῦ
513 575 664 633 εἶπεν
709 584 737 634 ὁ
783 581 1103 653 προφήτης,
1135 582 1218 634 ὅτι
1254 583 1640 649 Θελήσουσιν
1679 585 1732 635 εἰ
1770 583 2007 652 ἐγένον-

420 690 487 725 το
513 673 623 741 (45)
650 675 1070 740 πιφίκαυστοι.
1099 675 1229 728 ’Ὅτι
1263 675 1504 728 παιδίον
1524 676 1817 746 ἐγεννήθη
1841 675 2002 745 ἡμῖν,

421 767 517 819 καί
565 767 696 832 υίὸς
725 767 902 834 ἐδόθη
944 766 1110 836 ἡμῖν.
1141 767 1215 819 Τὸ
1246 768 1346 837 μὲν
1375 765 1633 836 γεννηθὲν
1666 767 1878 820 παιδίον
1899 767 2007 819 δει-

420 859 552 921 κνὺς
596 859 652 911 ὲν
697 859 946 930 ἀληθείᾳ,
990 861 1137 923 ὅπως
1184 860 1400 930 σημάνῃ
1430 859 1528 928 τὴν
1563 859 1822 928 ἀληθινὴν
1854 860 2007 912 ἐναν-

420 948 736 1020 Θρώπησινσ
769 950 828 1003 τὸ
852 950 938 1014 δὲ,
969 951 1100 1016 υἱὸς
1135 949 1312 1018 ἐδόθη
1355 951 1519 1018 ἡμῖν,
1548 952 1695 1013 ὅπως
1730 950 1876 1021 δείξῃ
1914 951 2006 1002 τὸν

419 1039 624 1094 ἄνωθεν
653 1041 788 1094 Θεοῦ
823 1043 1016 1110 Λόγον,
1051 1042 1145 1095 καὶ
1182 1042 1310 1094 rem
1344 1041 1476 1094 Θεοῦ
1512 1042 1673 1094 αὑτὸν
1705 1042 2002 1112 δειχθέντα,

419 1134 514 1185 καὶ
563 1135 620 1185 ἐν
678 1135 861 1205 μήτρᾳ
895 1134 1185 1203 γενόμενον
1233 1132 1762 1203 ὲνανθρωπήσαντα,
1813 1130 2005 1200 ἔχοντα

417 1225 708 1295 ἀμφότερα
737 1225 869 1277 Θεὸν
889 1225 984 1278 καὶ
1013 1224 1318 1296 ἄνθρωπον,
1347 1223 1507 1276 αὑτὸν
1537 1223 1691 1289 Θεὸν,
1727 1222 1888 1274 αὐτὸν
1909 1223 2004 1276 ἄν·

419 1315 670 1387 θρωπον,
708 1317 868 1370 αὑτὸν
916 1318 1029 1370 υἱὸν
1064 1317 1268 1372 ἄνωθεν
1305 1317 1554 1381 δοθέντα,
1595 1316 1758 1369 αὐτὸν
1792 1316 2004 1369 παιδίον

416 1407 770 1477 γεννηθέντα.
811 1409 928 1478 Ἐφ’
967 1401 1028 1460 οῦ
1064 1409 1190 1480 ἔστη
1237 1408 1421 1462 λοιπὸν
1465 1408 1527 1461 τὸ
1557 1401 1697 1478 αἷμα
1723 1408 1819 1478 τῆς
1849 1425 2005 1479 περι-

415 1499 621 1568 τομῆς,
651 1501 728 1562 ὼς
767 1503 860 1554 καὶ
900 1503 958 1556 ἐν
1009 1500 1085 1572 τῷ
1130 1501 1446 1572 Εὑαγγελίῳ
1483 1500 1650 1569 λέγει·
1689 1501 1817 1554 Ὅτε
1841 1496 2003 1570 ἦλθον

420 1591 680 1661 ’Έλληνες
741 1592 1054 1662 βουλόμενοι
1102 1593 1262 1647 αὑτὸν
1319 1592 1649 1646 θεάσασθαιο
1699 1591 1792 1645 καὶ
1839 1587 2003 1663 ἦλθον

417 1686 555 1756 πρὸς
588 1685 874 1751 Φίλιππον,
917 1687 1012 1739 καὶ
1055 1686 1304 1756 λέγουσιν
1336 1687 1504 1757 αὐτῷ,
1540 1686 1722 1752 Δεῖξον
1747 1687 1878 1756 ἡμῖν
1911 1685 2002 1738 τὸν

417 1777 648 1846 Ἰησοῦψ
693 1779 787 1830 καί¹
816 1781 843 1830 ὁ
869 1779 1134 1842 Φίλιππος
1177 1777 1255 1849 τῷ
1278 1779 1522 1850 Ἀνδρέᾳ,
1558 1778 1653 1830 καὶ
1681 1780 1710 1831 ὁ
1745 1776 2001 1850 Ἀνδρέας

2110 578 2334 633 cisionis
2373 594 2539 633 cruor
2589 581 2917 636 inhibendus
2949 590 3104 647 erat,
3139 581 3195 637 in
3232 587 3551 640 memoriam
3597 605 3689 641 re-

2109 679 2347 724 vocaret.
2399 669 2580 735 Quare
2615 687 2737 726 mox
2783 681 2844 726 ut
2877 673 3011 726 illud
3059 675 3269 728 audivit
3310 690 3374 731 ac
3414 678 3686 747 prmstitit,

2108 773 2138 813 e
2169 760 2349 813 medio
2383 775 2442 814 se
2475 760 2758 816 subduxit.
2789 761 2856 815 At
2882 764 3136 832 quisnam
3170 764 3260 820 ille
3290 765 3509 822 futurus
3541 777 3688 822 esset

2108 850 2312 914 infans,
2341 853 2549 922 accipe.
2585 854 2638 906 ls
2675 854 2817 908 enim
2852 867 2970 909 erat
3002 856 3069 909 dc
3101 871 3211 925 quo
3244 858 3510 927 pr0pheta
3538 861 3686 913 Iocu-

2107 949 2196 996 tus
2245 949 2330 996 est
2371 958 2384 993 :
2435 941 2504 995 Et
2554 944 2722 998 uolent
2767 962 2879 999 esse
2921 947 3039 1015 igne
3085 948 3362 1005 combusti.
3423 948 3686 1013 Quoniam

2105 1035 2353 1102 parvulus
2400 1047 2556 1090 natus
2599 1047 2674 1090 est
2706 1040 2874 1102 nobis,
2908 1048 2956 1092 et
2992 1040 3138 1108 ﬁlius
3169 1042 3328 1094 datus
3361 1051 3438 1095 est
3463 1043 3610 1095 nobis
3641 1043 3682 1096 ³.

2107 1127 2317 1192 Quibus
2355 1129 2533 1184 verbis
2560 1129 2797 1198 primum
2827 1138 3015 1185 natum
3052 1147 3239 1187 revera
3267 1134 3552 1202 parvulum
3587 1134 3680 1187 dc-

2105 1220 2450 1284 monstravit,
2496 1229 2556 1274 ut
2590 1236 2716 1276 vere
2764 1231 3074 1292 susceptam
3106 1225 3174 1278 ab
3203 1239 3269 1278 eo
3306 1232 3555 1277 naturam
3586 1224 3687 1278 ho-

2105 1311 2268 1365 minis
2303 1312 2653 1382 signiﬁcaret.
2692 1311 2897 1368 Deinde
2941 1315 3210 1384 subjecit,
3245 1317 3392 1384 ﬁlius
3421 1316 3578 1370 datus
3608 1326 3685 1370 est

2105 1401 2287 1466 nobis;
2317 1413 2374 1457 ut
2421 1403 2673 1458 eumdem
2722 1403 2820 1460 Dei
2868 1420 2990 1461 esse
3024 1405 3260 1460 Verbum
3289 1423 3320 1462 e
3351 1409 3492 1462 coelo
3535 1408 3685 1462 dela-

2104 1512 2284 1566 psum,
2315 1495 2522 1566 Deique
2554 1495 2751 1550 Filium
2787 1499 3122 1552 declaratum
3167 1499 3514 1562 ostenderet,
3543 1508 3597 1554 et
3627 1501 3681 1553 in

2106 1601 2260 1645 utero
2302 1591 2577 1661 genitum,
2628 1591 3012 1661 hominemque
3059 1594 3294 1656 factum,
3327 1593 3399 1646 ita
3433 1592 3589 1663 153
3622 1600 3683 1646 ut

2104 1680 2374 1751 duplicem
2409 1682 2463 1734 in
2493 1698 2551 1738 se
2584 1689 2857 1747 naturam,
2899 1683 2993 1738 Dei
3026 1685 3299 1750 videlicet,
3335 1686 3681 1756 hominisque

2103 1773 2445 1840 contineret,
2481 1775 2821 1844 proindeque
2853 1773 3020 1830 Deum
3060 1778 3265 1848 pariter
3305 1787 3469 1848 atque
3503 1780 3681 1834 bomi-

414 1869 494 1939 τῷ
528 1871 704 1942 Ἰησοῦ
743 1871 872 1944 ἔφη,
908 1873 989 1925 ὅτι
1036 1871 1200 1938 Τινὲς
1240 1873 1540 1939 Ἔζλληνες
1563 1871 1896 1936 ,βούλονται
1927 1888 1994 1926 σε

2103 1880 2248 1928 nem,
2283 1872 2337 1918 et
2377 1865 2628 1919 eumdem
2657 1866 2920 1922 divinitus
2952 1868 3192 1923 oblatum
3231 1869 3424 1934 lilium,
3457 1885 3521 1924 ae
3549 1887 3682 1940 pue-

417 1959 768 2016 θεάσασθαι.
816 1963 926 2014 Καὶ
975 1963 1133 2026 εὐθὺς
1172 1965 1198 2016 ὁ
1240 1963 1444 2035 Κύριος
1490 1961 1863 2032 ἀποκρίνεται,
1913 1962 2002 2016 λέ-

413 2066 548 2118 γων·
583 2051 697 2122 Νῦν
737 2053 971 2123 ἔφθασεν
1000 2058 1032 2125 ἡ
1065 2055 1190 2120 δόξα
1217 2056 1310 2108 τοῦ
1348 2055 1502 2108 Θεοῦ’
1538 2055 1624 2108 ἵνα
1669 2055 1817 2128 δείξῃ
1847 2072 2002 2126 περι-

412 2141 586 2212 τομὴν
642 2144 742 2214 μὲν
790 2147 1209 2218 παρερχομένην
1253 2146 1350 2217 τὴν
1399 2147 1682 2217 ἕνσαρκον,
1718 2148 1812 2200 καὶ
1843 2146 2000 2216 τύπῳ

414 2231 839 2303 ὑπηρετήσασαν
887 2236 1013 2306 ἄχρι
1059 2237 1272 2307 χρόνου,
1313 2235 1409 2306 τὴν
1437 2237 1492 2288 δὲ
1532 2239 1589 2289 ὲν
1624 2235 1788 2307 σαρκὶ
1832 2236 2000 2306 ἀκρο-

413 2323 638 2376 ϐυστίαν
686 2327 744 2377 ὲν
790 2326 1061 2396 πνεύματι
1113 2327 1340 2398 ἔχουσαν
1396 2328 1618 2397 μείζονα
1670 2326 1993 2398 περιτομὴν,

415 2414 726 2488 θεωροῦσαν
771 2419 1024 2489 Χριστὸν,
1070 2420 1166 2473 καὶ
1205 2420 1368 2472 αὑτὸν
1394 2422 1451 2472 ὲν
1485 2418 1712 2472 ἀληθεία
1745 2417 1998 2488 κατειλη-

414 2525 598 2576 (ρυιαν.

2101 1957 2282 2010 rulum
2314 1965 2523 2011 natum.
2553 1957 2611 2011 In
2633 1973 2742 2026 quo
2771 1959 3212 2016 circumcisionis
3239 1961 3496 2031 deinceps
3517 1977 3681 2016 cruor

2103 2049 2283 2114 stetit,
2335 2054 2394 2102 ut
2439 2049 2494 2102 in
2541 2047 2836 2118 Evangelio
2882 2052 2998 2121 ipse
3039 2061 3290 2108 testatur.
3345 2053 3480 2107 Cum
3533 2055 3677 2108 enim

2100 2142 2332 2212 gentiles
2365 2143 2582 2197 videndi
2613 2145 2733 2212 ejus
2763 2144 3036 2199 desiderio
3081 2145 3448 2200 accessissent
3475 2163 3490 2210 ;
3527 2152 3580 2199 et
3610 2145 3676 2197 ad

2101 2234 2408 2304 Philippum
2446 2237 2713 2292 adeuntes
2759 2237 3027 2291 dixissent
3064 2253 3076 2288 :
3115 2236 3354 2291 Ostende
3387 2237 3545 2291 nobis
3589 2236 3678 2290 .Ie-

2102 2342 2220 2379 sum
2243 2344 2257 2393 ;
2284 2341 2347 2380 ac
2374 2326 2659 2398 Philippus
2688 2327 2739 2382 id
2774 2328 3022 2391 Andrem,
3063 2329 3304 2383 Andreas
3337 2326 3558 2382 Christo
3589 2343 3676 2381 re-

2104 2420 2317 2474 tulisset
2359 2421 2445 2475 his
2488 2421 2669 2475 verbis
2702 2419 2969 2474 :Gentiles
3013 2421 3230 2490 quidam
3281 2421 3452 2474 videre
3500 2429 3547 2474 te
3587 2436 3676 2473 cu-

2099 2511 2249 2578 piunt
2296 2510 2337 2574 ‘,
2376 2509 2641 2566 Dominus
2689 2511 2836 2566 illico
2882 2512 3169 2581 respondit
3199 2510 3393 2566 :Nunc
3431 2513 3678 2582 pervenit

415 2603 587 2672 gloria
634 2604 752 2670 Dei,
803 2615 862 2661 ut
893 2609 1381 2664 circumcisioncm
1429 2622 1614 2662 carnis
1661 2605 1991 2677 praeteriisse
2019 2605 2131 2674 jam
2162 2605 2401 2670 doceret,
2436 2615 2490 2659 et
2524 2604 2590 2658 ad
2621 2613 2828 2659 certum
2887 2616 3100 2676 tempus
3166 2605 3352 2675 ﬁgura;
3395 2604 3675 2667 serviisse,

410 2695 596 2750 carnis
659 2712 789 2752 vero
831 2699 1156 2768 praeputium
1206 2698 1478 2768 Spirituali
1525 2713 1591 2753 ac
1658 2697 2026 2768 praastantiori
2097 2697 2517 2751 circumcisione
2576 2697 2863 2767 praeditum
2923 2698 3281 2768 contemplari

412 2783 644 2853 ejusque
683 2789 862 2856 reipsa
901 2795 1206 2857 compotem
1249 2788 1385 2841 ﬁeri.

481 2878 617 2931 KH’.
653 2876 717 2928 Εἰ
751 2875 807 2928 δὲ
847 2874 1126 2945 βούλονται
1159 2866 1305 2928 οὗτοι
1334 2875 1532 2944 λέγειν,
1572 2875 1699 2938 Πῶς
1729 2870 1820 2928 οῦν
1855 2876 1992 2946 Χρι-

412 2970 537 3032 στὸς
564 2967 946 3040 περιετμήοη;
982 2967 1306 3021 ἀκούσονται
1332 3011 1347 3034 ,
1381 2968 1462 3020 ὅτι
1500 2968 1637 3039 Ἤδη
1675 2969 1774 3038 μὲν
1798 2962 1910 3031 οὖν,
1945 2960 1990 3020 ὦ

409 3062 840 3132 πεπλανημένοι,
881 3060 1166 3132 ἐδείξαμεν
1212 3061 1340 3130 ὑμῖν
1389 3059 1463 3112 δι’·
1495 3061 1559 3130 ἢν
1599 3059 1776 3113 αἰτίαν
1831 3075 1988 3129 περι-

410 3153 646 3224 ετμήθη.
685 3152 1033 3222 Περιετμήθη
1069 3151 1178 3223 γὰρ
1212 3152 1300 3205 διὰ
1335 3151 1564 3215 πολλοὺς
1591 3151 1843 3222 τρόπους.
1882 3151 1993 3204 Καὶ

409 3245 650 3315 πρῶτον,
679 3243 765 3296 ἵνα
807 3242 956 3315 δείξῃ
987 3244 1045 3295 ὲν
1080 3243 1308 3313 ἀληθείᾳ
1342 3242 1518 3313 σάρκα
1560 3241 1749 3294 ἑαυτὸν
1779 3239 1992 3311 ἀνειλη-

410 3336 590 3404 φέναι,
627 3334 716 3388 διὰ
765 3337 1064 3404 Μανιχαῖον
1115 3335 1209 3388 καὶ
1242 3335 1368 3399 τοὺς
1409 3335 1662 3403 λέγοντας
1692 3336 1749 3386 ὲν
1775 3334 1993 3404 δοκήσει

409 3429 743 3499 πεφηνέναι*
792 3427 1017 3495 ἔπειτα,
1074 3429 1162 3480 ἵνα
1213 3427 1380 3499 δείξῃ,
1417 3427 1492 3491 ὡς
1542 3428 1642 3479 οὐκ
1691 3421 1758 3496 ἦν
1800 3425 1994 3495 ὁμοού-

410 3537 524 3572 σιον
558 3519 668 3589 (46)
703 3519 762 3572 τὸ
797 3518 957 3589 σῶμα
991 3522 1058 3590 τῇ
1095 3519 1329 3590 θεότητι,
1391 3518 1466 3582 ὠς
1506 3517 1670 3588 φησὶν
1711 3516 1990 3569 Ἀπολινά-

413 3626 554 3680 ριος·
587 3609 703 3662 ἀλλ’
736 3607 860 3661 οὔτε
893 3608 1100 3662 ἄνωθεν
1139 3609 1271 3661 αὐτὸ
1312 3608 1687 3678 κατενήνοχεν,
1735 3606 1810 3669 ὡς
1842 3605 1990 3674 λέγει

409 3703 760 3766 Οὐαλεντῖνος
781 3721 793 3732 ·
831 3702 923 3754 καὶ
947 3701 1034 3755 ἵνα
1061 3701 1338 3771 βεϐαιώσῃ
1358 3703 1424 3771 ἣν
1455 3700 1621 3753 πάλαι
1643 3699 1808 3752 ἔδωκε
1835 3715 1993 3768 περι-

408 3793 580 3864 τομὴν
609 3794 833 3856 δικαίως
859 3793 1284 3862 ὑπηρετήσασαν
1316 3791 1420 3854 ἓως
1450 3791 1548 3861 τῆς
1583 3789 1748 3844 αὐτοῦ
1779 3807 1990 3860 παρου-

410 3886 552 3949 σίας,
581 3887 674 3939 καὶ
705 3885 793 3939 διὰ
827 3886 886 3938 τὸ
913 3884 987 3955 μὴ
1021 3883 1168 3954 ἔχειν
1191 3883 1314 3946 τοὺς
1350 3882 1636 3946 Ἰουδαίους
1669 3881 1986 3950 ἀπολογίαν.

407 3979 471 4030 Εἰ
505 3979 613 4048 γὰρ
650 3977 724 4048 μὴ
773 3976 1143 4046 περιετμήοη,
1199 3968 1344 4045 εἶχον
1386 3974 1596 4042 λέγειν·
1645 3975 1758 4027 Οὐκ
1791 3973 1989 4043 ἠδυνά-

409 4066 550 4136 μεθα
582 4067 818 4136 Χριστὸν
840 4065 1094 4132 δέξασθαι
1121 4066 1178 4116 ἐν
1204 4064 1557 4135 ἀκροϐυστίᾳ.
1583 4063 1790 4126 ’Ἀλλως
1815 4081 1873 4116 τε
1897 4063 1990 4117 καὶ

404 4159 512 4211 ἔδει
547 4158 708 4212 αὐτὸν
744 4157 1118 4228 ἐντειλάμενον
1149 4155 1226 4226 τῷ
1271 4156 1522 4228 Ἀϐραὰμ
1561 4155 1986 4228 περιτμηθῆναι,

407 4249 703 4320 σφραγῖδος
738 4249 901 4301 ἓνεκα
936 4246 1289 4317 φαινομένης,
1325 4248 1404 4308 εἰς
1434 4245 1602 4298 τύπον
1636 4245 1693 4298 δὲ
1729 4244 1990 4316 ἀληθινῆς

404 4342 499 4394 καὶ
535 4340 768 4412 ἀοράτου
823 4337 1101 4409 δοθείσης,
1151 4336 1247 4390 νῦν
1289 4335 1693 4407 περιτμηθῆναι
1739 4335 1942 4406 ταύτην
1969 4337 1985 4366 ¹

409 4433 728 4504 βεϐαιῶσαι.
762 4432 1012 4499 Ἐγένετο
1042 4430 1149 4500 γὰρ
1179 4431 1210 4500 ὴ
1247 4429 1545 4498 φαινομένη
1578 4427 1848 4499 περιτομὴ
1871 4428 1986 4479 ἓνε-
2017 4450 2060 4503 D

407 4542 500 4577 κεν
533 4523 834 4592 δισταγμοῦ
872 4522 966 4574 τοῦ
1009 4521 1279 4592 Ἀϐραὰμ,
1324 4521 1410 4573 ὅτε
1447 4514 1600 4571 εἴπεν
1631 4523 1658 4571 ὁ
1700 4520 1854 4587 ἅγιος
1892 4519 1984 4572 καὶ

407 4619 615 4681 δίκαιος
650 4615 726 4681 ὡς
763 4619 822 4668 ὲν
854 4615 1165 4685 δισταγμῷ·
1189 4617 1258 4667 El
1286 4613 1364 4678 τῷ
1393 4611 1832 4665 ἑκατονταέτειί
1858 4611 1980 4676 υἱὸς

409 4709 764 4779 γενήσεται;
809 4708 908 4761 καὶ
955 4711 1008 4761 εὶ
1053 4705 1252 4774 Σάρῤα
1281 4706 1320 4772 ὴ
1359 4703 1680 4772 πρεσϐῦτις
1707 4701 1991 4770 γεννήσει

411 4803 580 4864 υὶόν;
605 4801 715 4854 Καὶ
737 4798 896 4862 εὐθὺς
928 4801 956 4851 ὁ
994 4797 1196 4868 Κύριος
1217 4814 1230 4827 ·
1270 4794 1424 4850 Λάϐε
1457 4812 1559 4864 μοι
1589 4795 1756 4862 κριὸν
1785 4794 1992 4861 τριετί-

407 4891 578 4950 (crta
605 4891 740 4960 (47),
788 4889 888 4942 καὶ
929 4883 1069 4956 αἶγα
1110 4885 1209 4938 καὶ
1252 4884 1533 4953 δάμαλιν,
1579 4884 1672 4936 καὶ
1720 4882 1790 4935 τὰ
1838 4882 1985 4952 ἑξῆς.

402 4984 512 5038 Καὶ
545 4983 675 5051 περὶ
704 4982 818 5050 τὴν
842 4979 949 5034 τοῦ
978 4980 1158 5046 ἡλίου
1187 4977 1388 5043 δύσιν,
1415 4977 1495 5041 ὠς
1523 4971 1644 5028 εἶδε
1669 4974 1987 5044 λαμπάδας

474 5143 490 5172 ¹
522 5159 614 5208 γρ.
646 5140 740 5194 καὶ
768 5137 991 5208 ταύτην.
1072 5136 1091 5165 ¹
1119 5132 1505 5202 ὲκατονταέτῃ.

468 5253 593 5323 (άῖἣ
624 5253 744 5303 Ὅτι
793 5249 1170 5323 (ζεείῖῗίσουσιν
1211 5250 1264 5323 εἶ
1312 5245 1611 5323 έΥέῩὩντα
1651 5243 1836 5314 Neque
1886 5244 1977 5323 hic

396 5313 521 5378 cum
551 5313 778 5377 Hebraeo
805 5313 946 5373 LXX
979 5313 1361 5373 consentiunt.
1384 5315 1613 5385 Vulgata
1642 5313 1830 5383 nostra
1859 5334 1870 5368 :
1905 5313 1976 5367 Et

398 5397 759 5448 vestimentum
793 5393 1006 5444 mistum
1041 5390 1295 5454 sanguine
1329 5387 1429 5440 erit
1465 5388 1518 5438 in
1543 5386 1972 5454 combustionem,

395 5447 624 5518 eticibux
653 5463 810 5531 ignis.
848 5461 954 5515 Pro
984 5475 1092 5530 quo
1127 5447 1323 5522 (irasci,
1357 5456 1451 5509 καὶ
1481 5456 1798 5526 θελήσουσιν
1834 5453 1974 5508 εἶναι

397 5535 778 5604 πυρίκαυστοι.

469 5591 581 5672 (46)
626 5605 866 5656 Ἔπειτα
909 5601 1009 5653 ἵνα
1037 5599 1229 5672 δείξῃ,
1254 5599 1333 5663 ὡς
1366 5599 1476 5650 οὐκ
1509 5591 1588 5665 ἦν·
1628 5596 1971 5672 δμροὺσιον.

400 5668 732 5742 Apollinaris
779 5687 996 5727 carnem
1031 5670 1235 5723 Christi
1282 5673 1350 5742 ab
1391 5676 1595 5742 artequ
1648 5668 1846 5742 fuisse,
1881 5682 1981 5720 nec

399 5735 468 5797 ei
494 5745 712 5813 Virgine
766 5752 947 5813 natam
995 5742 1250 5796 asseruit.
1289 5738 1512 5813 Cregor.
1545 5735 1803 5813 Naziauz.
1835 5745 1978 5813 orat.

401 5830 525 5870 XLVI
566 5802 1023 5869 ινΔιαϐεϐαιοῦται
1086 5813 1193 5882 γὰρ
1242 5809 1316 5880 μὴ
1365 5802 1656 5877 ἐπίκτητον
1700 5802 1839 5862 εἶναι
1882 5807 1978 5878 τὴν

1585 5131 1604 5161 ³
1637 5131 1740 5185 Isa.
1774 5147 1848 5195 ix,
1891 5130 1942 5194 5,
1975 5131 2028 5184 6.

3355 2697 3635 2755 Christum
3657 2741 3673 2768 ,

2172 2866 2410 2922 XXVIII.
2453 2867 2610 2934 Quod
2639 2869 2685 2924 si
2731 2869 2878 2925 istud
2912 2871 3074 2927 nobis
3102 2872 3366 2944 objiciant
3390 2893 3403 2930 :
3429 2876 3542 2933 Cur
3571 2879 3676 2951 igi-

2099 2967 2189 3013 tur
2219 2959 2582 3013 circumcisus
2617 2970 2698 3015 est
2731 2960 3024 3018 Christus?
3054 2963 3127 3018 ita
3159 2979 3189 3017 a
3224 2966 3384 3022 nobis
3412 2969 3670 3027 audient:

2097 3049 2426 3105 Jamdudum
2453 3052 2692 3120 quidem,
2713 3068 2746 3107 o
2768 3053 3018 3110 homines
3041 3056 3300 3126 opinione
3327 3057 3464 3115 falsa
3489 3061 3670 3119 ducti!

2098 3159 2322 3197 causam
2358 3144 2514 3200 vobis
2559 3159 2660 3198 cur
2704 3153 2851 3202 esset
2891 3146 3254 3204 circumcisus
3305 3153 3671 3210 ostendimus.

2097 3231 2282 3286 Multis
2315 3232 2460 3286 enim
2492 3232 2546 3286 id
2586 3232 2654 3288 de
2688 3235 2873 3290 causis
2901 3235 3192 3291 sustinuit.
3227 3237 3494 3306 Primum,
3530 3252 3588 3297 ut
3615 3261 3674 3300 sc

2094 3338 2316 3378 carnem
2375 3339 2564 3379 revera
2621 3326 2869 3382 induisse
2906 3336 3263 3393 monstraret,
3305 3343 3531 3404 prepter
3559 3335 3673 3391 Ma-

2093 3417 2386 3484 nichaeum,
2421 3425 2781 3489 caeterosque,
2819 3420 2914 3490 qui
2944 3421 3306 3480 similitudine
3341 3429 3581 3496 quadam
3607 3444 3672 3484 ac

2093 3509 2282 3578 specie
2309 3508 2574 3563 duntaxat
2616 3513 2944 3581 apparuisse
2982 3511 3316 3571 docuerunt.
3359 3515 3567 3574 Deinde
3613 3530 3670 3574 ut

2092 3616 2294 3669 corpus
2329 3601 2602 3655 divinitati
2639 3604 3114 3659 consubstantiale
3143 3621 3256 3660 non
3294 3623 3418 3663 esse
3443 3608 3672 3666 demon-

2093 3701 2317 3758 SIraret,
2350 3702 2409 3748 ut
2443 3693 2779 3765 Apollinaris
2813 3696 3128 3764 existimat;
3161 3709 3263 3754 nec
3292 3716 3323 3755 e
3353 3702 3494 3759 caelo
3521 3703 3672 3758 dela-

2090 3791 2208 3838 tum
2253 3784 2308 3838 in
2365 3793 2563 3848 terras,
2605 3786 2698 3856 qui
2754 3786 3034 3843 Valentini
3075 3805 3233 3844 error
3265 3789 3388 3845 fuit.
3433 3791 3574 3849 Tum
3610 3806 3670 3850 ut

2092 3876 2254 3946 cujus
2300 3876 2428 3931 olim
2482 3877 2930 3934 circumcisionis
2976 3889 3172 3934 auctor
3216 3880 3417 3948 fuerat,
3449 3899 3568 3939 eam
3601 3887 3667 3939 ad

2091 3967 2384 4024 adventum
2432 3983 2608 4037 usque
2655 3983 2815 4023 suum
2857 3970 3202 4025 observatam
3263 3973 3435 4030 fuisse
3469 3977 3668 4031 merito

2091 4059 2512 4129 comprobaret,
2554 4067 2718 4129 atque
2761 4067 2819 4113 ut
2851 4075 3068 4116 omnem
3105 4061 3309 4119 Judaais
3348 4067 3668 4120 excusatio-

2091 4165 2216 4204 nem
2247 4152 2504 4218 eriperet.
2537 4148 2653 4204 Nisi
2679 4150 2826 4204 enim
2859 4150 3225 4208 circumcisus
3258 4153 3420 4217 foret,
3456 4156 3566 4212 hoc
3597 4159 3665 4212 ad

2091 4240 2176 4293 sui
2215 4240 2598 4308 purgationem
2632 4238 2829 4294 aﬂ‘erre
2848 4242 3158 4308 potuissent
3199 4261 3211 4295 :
3239 4242 3350 4299 Nos
3380 4244 3664 4300 Christum

2089 4329 2360 4398 praeputio
2389 4329 2678 4398 praeditum
2720 4330 2956 4399 probare
2989 4333 3358 4400 nequivimus.
3397 4334 3663 4393 Praeterea

2089 4436 2218 4475 vero
2248 4436 2372 4475 cum
2399 4423 2715 4490 oportebat,
2749 4423 2838 4490 qui
2884 4421 3200 4479 Abrahamo
3226 4426 3664 4484 circumcidendi

2092 4515 2179 4567 sui
2233 4514 2552 4568 mandatum
2595 4513 2875 4581 ediderat,
2912 4523 2968 4569 ut
3011 4515 3079 4569 ad
3133 4519 3246 4572 veri
3282 4526 3336 4574 et
3380 4531 3664 4590 aspectum

2092 4606 2352 4675 fugientis
2401 4606 2840 4661 adumbrandam
2883 4608 3177 4678 imaginem
3205 4625 3477 4680 apparens
3531 4614 3662 4668 illud

2091 4697 2311 4766 signum
2345 4705 2397 4749 et
2438 4696 2774 4765 aspectabile
2817 4711 2932 4766 prae
2966 4713 3026 4752 se
3068 4697 3260 4764 ferret,
3302 4712 3482 4756 ratum
3529 4703 3662 4758 illud

2089 4805 2188 4844 sua
2215 4789 2639 4844 circumcisione
2663 4789 2862 4845 facere.
2889 4789 3026 4844 Nam
3053 4800 3282 4848 externa
3310 4794 3402 4848 illa
3428 4797 3664 4851 circum-

2089 4881 2226 4935 cisio
2281 4881 2596 4935 Abrahamo
2654 4883 2724 4936 ob
2776 4882 2898 4952 ejus
2939 4883 3340 4939 hazsitationem
3405 4888 3662 4958 imposita

2087 4973 2224 5040 fuit;
2270 4990 2396 5028 cum
2426 4975 2511 5028 vir
2559 4984 2788 5030 sanctus
2833 4990 2898 5030 ac
2947 4975 3133 5046 justus
3177 4979 3327 5033 velut
3357 4978 3663 5035 dubitando

2105 5133 2126 5162 ⁸
2152 5129 2310 5186 Joan.
2343 5148 2442 5197 xu,
2468 5131 2559 5186 2|.

2085 5246 2262 5326 σάρξα
2288 5249 2407 5301 κατ’
2425 5248 2733 5326 οἰκονομίαν
2761 5248 2865 5301 ὑπὸ
2887 5248 2981 5326 τοῦ
3009 5252 3331 5326 μονογενοῦς
3352 5253 3481 5307 Υίοῦ
3499 5273 3665 5326 προσ-

2082 5317 2375 5396 ξηεοεῖέτᾳν
2424 5320 2529 5396 ἐπὶ,
2555 5317 3031 5396 μεῖασξῖοέχειὼσεὶ
3080 5317 3181 5390 τῆς
3226 5323 3439 5391 φύσεως
3485 5317 3661 5396 ἡμῶν.

2083 5388 2196 5509 die”
2232 5389 2290 5453 ἐξ
2310 5391 2486 5509 ριρχῆς
2514 5390 2570 5440 ὲν
2599 5389 2676 5458 τῷ
2708 5388 2824 5459 Υίῷ
2851 5391 2950 5461 τὴν
2980 5388 3248 5463 σαρκώδη
3261 5395 3476 5466 ἐκείνην
3502 5388 3662 5465 ᾧύσεν

2083 5475 2108 5509 ε
2134 5477 2242 5509 ναι.
2275 5477 2304 5509 e
2332 5476 2382 5509 c.

2083 5468 2242 5520 εἰναι,
2275 5468 2382 5514 etc.

2155 5531 2266 5602 (47V)
2307 5529 2593 5602 Λάϐε-οἶοι
2619 5529 2804 5602 τόμον·
2843 5529 3089 5597 χάρτου.
3131 5529 3246 5584 Vox
3275 5533 3474 5602 χάρτου
3509 5534 3662 5587 abest

2083 5613 2112 5652 a
2163 5597 2376 5668 vulgata
2428 5597 2568 5651 LXX
2617 5597 2974 5669 interpretum
3024 5597 3505 5657 editionefSedin
3539 5605 3662 5657 aliis

2085 5671 2237 5749 oli_m,
2270 5676 2601 5749 utapparct,
2639 5669 2796 5724 lecta.
2841 5669 3076 5728 Basilius
3122 5679 3304 5729 autem
3348 5674 3511 5745 τόμον
3541 5691 3661 5729 και-

2086 5743 2176 5794 νοῦ
2214 5743 2468 5812 μεγάλου.
