4170 6372
426 370 533 428 4'55

1826 360 1885 417 S.
1927 358 2271 415 EPIPHANII

3589 367 3694 421 £56

424 488 703 544 dixisset:
739 484 824 540 An
882 480 1185 538 centenario
1239 486 1485 534 nascetur
1513 476 1706 547 ﬁlius?
1746 486 1797 533 et
1844 475 2012 532 Sarra

2123 476 2306 545 πυρὸς
2354 474 2456 530 καί
2493 476 2803 543 κλίϐανον,
2838 477 2934 532 καὶ
2983 477 3173 534 τᾶλλα.
3223 480 3406 552 Φήσας
3460 483 3609 554 αὐτῷ
3667 488 3697 539 ὁ

418 583 535 654 jam
591 594 725 633 anus
778 576 953 645 ﬁlium
1010 572 1281 643 pariet"?
1337 570 1649 640 Statimque
1700 568 2011 623 Dominus:

425 672 607 734 Sume,
644 669 844 739 inquit.
875 666 1007 721 mihi
1057 666 1278 719 arietem
1324 678 1590 716 annorum
1632 663 1817 725 trium,
1844 668 1894 715 et
1925 676 2016 714 ca-

424 779 599 835 pram,
636 772 685 816 et
721 776 958 823 vaccam,
985 766 1093 813 etc.
1128 754 1361 825 Cumque
1394 754 1477 808 sol
1518 751 1866 816 occumberet,
1896 766 2016 805 cum

428 856 699 925 lampades
729 856 865 925 ignis
891 862 940 907 et
970 851 1238 905 clibannm
1263 848 1500 913 vidisset,
1528 856 1661 914 etc.,
1696 847 1817 916 ejus
1846 847 2015 902 casti—

428 948 592 1018 gandi
634 960 804 1001 causa
847 942 993 998 Deus
1026 941 1201 997 edixit
1238 958 1253 997 :
1305 939 1656 1010 Peregrinum
1696 940 1796 994 erit
1843 956 2018 993 semen

431 1052 582 1093 tuum
611 1040 666 1092 in
700 1049 842 1092 terra
878 1037 1078 1098 aliena,
1111 1044 1161 1089 et
1196 1033 1475 1102 subjicient
1508 1049 1595 1087 eos
1619 1034 1857 1087 servituti
1885 1049 2018 1101 qua-

428 1130 719 1200 dringentis
745 1130 902 1183 annis
921 1130 964 1181 ¹.
990 1125 1356 1193 Quamobrem
1381 1123 1697 1179 stabilitatis
1727 1122 2015 1191 cujusdam

429 1238 493 1275 ac
527 1221 803 1275 firmitatis
853 1221 1065 1289 gratia,
1124 1232 1223 1287 pro
1256 1214 1418 1287 154Ι
1464 1230 1533 1270 εο
1587 1214 1735 1285 quod
1765 1214 2019 1269 nonnihil

430 1314 761 1368 addubitans
783 1311 1011 1366 dixisset
1040 1328 1051 1363 :
1074 1308 1219 1362 Num
1244 1308 1544 1362 centenario
1566 1316 1813 1360 nascetur
1830 1306 1973 1375 [ilius
1994 1308 2019 1361 Ρ

430 1422 500 1459 ne
540 1405 665 1473 ejus
703 1403 910 1473 posteri
949 1401 1267 1456 inﬁdelibus
1298 1400 1688 1468 idolorumque
1712 1398 2019 1453 cultoribus

431 1495 707 1566 Egyptiis
759 1498 813 1547 in
873 1494 1198 1547 servitutem
1235 1492 1369 1555 dati,
1429 1490 1496 1544 ad
1540 1490 1764 1546 eosdem
1795 1505 1935 1560 quos
1966 1498 2020 1545 et

431 1590 579 1644 illius
603 1589 841 1658 majores
869 1586 1114 1640 venerati
1149 1585 1390 1648 fuerant,
1426 1584 1558 1639 deos
1590 1599 1711 1639 sese
1751 1583 2020 1638 transfer-

429 1690 573 1741 rent,
624 1688 735 1732 tam
782 1678 1100 1732 Abrahamo
1149 1677 1277 1747 ipsi,
1313 1691 1480 1747 quam
1533 1676 1655 1746 ejus
1696 1677 1853 1745 stirpi
1900 1678 2015 1731 cir-

430 1771 831 1825 cumcisionem
866 1770 1014 1823 illam
1050 1769 1240 1824 carnis
1286 1768 1510 1833 inussit,
1542 1777 1601 1821 ut
1633 1768 1755 1837 ejus
1793 1775 2016 1838 aspectu

430 1862 799 1918 commonitos
844 1862 1152 1915 reverentia
1198 1860 1448 1930 quaedam
1497 1860 1743 1916 numinis
1784 1861 2018 1921 subiret,

430 1970 543 2026 quo
594 1956 779 2009 minus
828 1953 1048 2024 ejurare
1097 1954 1229 2007 illud
1282 1952 1570 2007 auderent.
1611 1953 1686 2007 Ea
1731 1968 1896 2023 porro
1952 1953 2022 2007 ad

428 2048 713 2103 Christum
758 2062 935 2117 usque
970 2046 1317 2115 permansit:
1361 2045 1595 2116 ideoque
1625 2052 1680 2099 et
1721 2046 1867 2099 ultro
1908 2045 2020 2099 cir—

430 2139 671 2193 cumcidi
701 2140 817 2209 ipse
840 2140 1036 2202 voluit,
1056 2146 1111 2193 et
1137 2140 1300 2192 homo
1326 2139 1507 2208 reipsa
1540 2137 1720 2193 factus
1742 2147 1847 2203 est,
1878 2136 2020 2191 idem

429 2234 525 2302 qui
566 2242 622 2288 et
658 2232 800 2287 Deus
840 2231 1074 2286 Verbum
1108 2248 1137 2285 a
1168 2231 1331 2285 Patre
1360 2232 1429 2287 de
1452 2234 1594 2286 coelo
1629 2233 1876 2302 lapsum,
1910 2246 2020 2285 non

430 2342 550 2379 eam
589 2340 753 2395 quam
801 2324 1036 2379 habebat
1061 2323 1405 2378 divinitatem
1444 2323 1724 2393 deposuit,
1767 2321 1862 2377 sed
1893 2337 2020 2377 vere

430 2432 654 2471 carnem
690 2417 947 2477 induens,
985 2424 1149 2485 atque
1178 2431 1242 2469 ex
1280 2415 1523 2484 perfecta
1558 2415 1795 2469 hominis
1824 2422 2018 2467 natura

2114 568 2247 631 Θεὸς
2276 567 2398 621 κατ’
2432 568 2748 639 ἐπιτίμησιν
2768 585 2783 599 ⁸
2818 569 3115 640 Πάροικον
3151 572 3323 625 ἔσται
3360 573 3427 626 τὸ
3456 574 3695 644 σπέρμα

2114 676 2232 716 σου
2256 662 2327 715 ἐν
2351 659 2428 731 γῆ
2460 662 2770 731 ἀλλοτρίᾳ,
2805 663 2905 716 καὶ
2940 662 3511 719 καταδουλώσουσιν
3538 666 3698 732 αὐτῷ

2113 753 2219 821 ἐτη
2242 754 2618 821 τετρακόσια,
2644 754 2945 823 ἀσφαλείας
2967 755 3129 808 ἕνεκα
3155 756 3243 809 διά
3264 756 3356 809 τὸν
3378 758 3694 828 δισταγμὸν,

2114 844 2181 897 δι’
2212 844 2270 896 ὃν
2301 840 2475 908 εἶπεν,
2510 847 2579 899 El
2618 842 2699 909 τῷ
2731 845 3127 915 ἐκατονταέτῃ
3171 836 3307 913 υἱὸςΔ
3344 849 3697 917 γενήσεταις

2118 935 2203 989 ἵνα
2235 934 2310 1006 μὴ
2339 934 2744 988 καταὼυλωθέν
2791 936 2853 988 τὸ
2897 937 3118 1007 σπέρμα
3151 938 3255 992 ὑπὸ
3299 939 3698 1011 εἰδωλολατώ

2117 1024 2214 1079 καὶ
2247 1025 2491 1079 ἀπίστων
2514 1026 2827 1094 Αἰγυπτίων
2857 1027 3178 1099 ἐπιλάθηται
3212 1029 3349 1082 Θεοῦ
3391 1031 3498 1085 τῶν
3531 1032 3698 1085 πατέ-

2122 1135 2230 1189 ρων
2258 1118 2443 1183 αὐτοῦ,
2478 1118 2746 1189 ἐπέθηκεν
2776 1119 2925 1190 αύτῷ
2964 1122 3059 1174 καὶ
3092 1124 3275 1186 αὐτοῖς
3306 1124 3405 1196 τὴν
3438 1124 3699 1195 ἐνσαρκον

2118 1209 2446 1280 περιτομὴν,
2476 1209 2564 1262 ἵνα
2596 1208 2830 1279 ὁρῶντες
2859 1209 3382 1281 ὑπομιμνήσκωνται
3403 1253 3417 1276 ,
3449 1213 3544 1265 καὶ
3576 1213 3700 1266 δυσ-

2116 1301 2412 1365 ωπῶνται,
2460 1303 2553 1355 καὶ
2596 1302 2670 1372 μὴ
2721 1302 2991 1372 ἀρνῶνται
3033 1304 3215 1357 αὐτόν.
3263 1305 3374 1358 Kal
3414 1305 3700 1376 διήρκεσεν

2118 1392 2247 1464 ἄχρι
2294 1393 2534 1465 Χριστοῦ
2579 1394 2773 1447 τοῦτο’
2820 1396 2913 1449 καί
2945 1395 3133 1450 τούτου
3185 1397 3347 1451 ἕνεκα
3402 1400 3495 1451 καὶ
3539 1399 3700 1463 αὐτὸς

2118 1486 2331 1539 εὐδοκεί
2383 1486 2824 1559 περιτμηθῆναι·
2876 1488 2970 1540 καὶ
3028 1489 3314 1559 ἄνθρωπος
3374 1490 3597 1557 γέγονεν
3642 1493 3700 1544 ἐν

2117 1578 2367 1649 ἀληθείᾳ,
2403 1577 2609 1632 ἀνωθεν
2644 1578 2815 1632 ἐλθὼν
2862 1582 2927 1633 ἐκ
2967 1581 3178 1651 Πατρὸς
3209 1582 3340 1646 Θεὸς
3382 1584 3574 1651 Λόγος,
3609 1587 3701 1639 καὶ

2118 1669 2220 1723 οὐκ
2255 1669 2589 1739 ἀποθέμενος
2630 1670 2730 1742 τὴν
2777 1670 3037 1742 θεότητα·
3077 1674 3211 1727 ἀλλά
3250 1676 3427 1746 σάρκα
3467 1676 3703 1747 φορέσας

2120 1763 2179 1815 ἐν
2213 1762 2471 1834 ἀληθείᾳ,
2508 1762 2719 1818 τελείαν
2757 1781 2815 1818 τε
2861 1765 3274 1837 ἐνανθρὼπησιν
3309 1768 3448 1837 ἔχων
3485 1768 3700 1839 περιτέ-

2052 1840 2094 1895 Β
2126 1872 2353 1925 μνεται,
2395 1854 2464 1908 τὰ
2518 1856 2696 1909 πάντα
2749 1857 3049 1927 οἰκονομῶν
3087 1859 3145 1911 ἐν
3191 1858 3439 1931 ἀληθείᾳ,
3478 1860 3565 1913 ἴνα
3610 1860 3703 1913 καὶ

2136 1947 2412 2011 Ἰουδαῖοι,
2451 1947 2526 2010 ῶς
2572 1950 2833 2020 προεῖπον
2858 1988 2872 2012 ,
2922 1950 3316 2020 ἀναπολόγητοι
3372 1950 3554 2017 ὅντες,
3608 1952 3703 2005 καὶ

2122 2041 2436 2109 Μανιχαῖοι,
2477 2040 2571 2093 καὶ
2617 2040 2764 2094 ἄλλοι
2800 2041 3253 2112 ἐλεγχθήσωνται,
3287 2043 3379 2096 καὶ
3416 2044 3504 2096 ἵνα
3549 2059 3704 2115 περι-

2119 2131 2351 2202 τμηθεὶς
2382 2132 2617 2200 εὐλόγως
2646 2134 2924 2206 καταλύσῃ
2947 2135 3045 2206 τὴν
3078 2136 3397 2208 περιτομὴν,
3422 2138 3514 2190 καὶ
3538 2138 3704 2207 ἀλλην

2124 2224 2349 2295 μείζονα
2375 2223 2551 2297 δείξῃσ
2585 2226 2682 2295 οὐχ
2714 2225 2790 2288 ῶς
2828 2227 2901 2297 μὴ
2932 2225 3091 2295 ἔχων,
3120 2229 3213 2280 καὶ
3240 2227 3419 2297 ἐαυτῷ
3453 2230 3704 2282 συνιστάο

2127 2336 2308 2389 μενος,
2342 2318 2479 2371 ἀλλά
2520 2318 2657 2389 ἔχων
2694 2319 2815 2389 μέν,
2850 2323 3063 2384 δεικνὺς
3094 2321 3172 2381 δὲ,
3203 2322 3285 2374 ὅτι
3318 2321 3524 2394 ταύτης
3577 2324 3706 2376 οὐκ-

2125 2411 2206 2464 έτι
2229 2412 2345 2463 ἐστὶ
2378 2412 2556 2483 χρεία,
2583 2411 2719 2465 ἀλλά
2744 2412 2843 2481 τῆς
2876 2412 3139 2482 μείζονος.

432 2509 769 2571 coalescens,
812 2509 1297 2563 circumcisionem
1336 2510 1644 2579 usurpavit.
1684 2509 1840 2574 Quod
1868 2517 2043 2563 totum
2084 2522 2147 2561 ex
2194 2508 2272 2561 rei
2312 2508 2545 2561 veritate
2576 2515 2791 2576 gestum
2834 2518 2954 2571 est,
2986 2518 3045 2561 ut
3083 2517 3138 2562 et
3182 2507 3379 2573 Judaei,
3444 2508 3707 2579 quemad—

431 2604 655 2659 modum
726 2602 933 2657 dictum
962 2612 1066 2668 est,
1108 2612 1162 2658 et
1195 2603 1483 2658 Manichaei
1524 2606 1678 2658 omni
1717 2603 2177 2674 tergiversatione
2215 2603 2457 2669 sublata,
2528 2602 2785 2657 convinci
2860 2603 3121 2659 facillime
3181 2612 3432 2675 possent,
3481 2620 3546 2658 ac
3592 2606 3705 2657 cir-

433 2696 714 2751 cumcisus
754 2697 875 2766 ipse
924 2696 1185 2767 abrogata
1268 2698 1467 2753 merito
1524 2698 1949 2752 circumcisione
2014 2697 2279 2765 majorem
2325 2696 2619 2767 quamdam
2660 2696 2966 2751 induceret.
3042 2696 3160 2751 Non
3186 2699 3345 2767 quasi
3385 2700 3569 2768 priore
3617 2698 3706 2751 illa

435 2799 672 2855 careret,
710 2790 1048 2862 minimeque
1076 2794 1411 2863 suscepisset
1447 2793 1501 2847 in
1535 2809 1691 2860 sese;
1726 2792 1822 2848 sed
1862 2801 2016 2847 utea
2058 2792 2385 2863 perfunctus
2425 2792 2562 2845 nihil
2598 2792 2712 2862 jam
2743 2807 2867 2847 esse
2931 2794 3300 2849 necessariam
3368 2793 3704 2856 ostenderet,

435 2882 533 2937 sed
571 2884 734 2937 aliam
774 2884 933 2953 longe
966 2883 1056 2937 illa
1091 2885 1553 2953 praestantiorem.

512 2974 704 3030 XXIX.
734 2973 894 3040 Quod
925 2982 1107 3029 autem
1132 2974 1370 3030 subindo
1392 2976 1447 3029 in
1470 2974 1647 3029 lucem
1669 2974 1851 3029 editus
1877 2973 2020 3029 Deus

437 3064 625 3125 fuerit,
669 3079 779 3118 non
823 3064 987 3118 homo
1023 3062 1317 3128 duntaxat,
1361 3078 1393 3117 a
1435 3065 1611 3135 magis
1644 3071 1832 3135 aperte
1870 3077 2022 3117 com-

2198 2970 2327 3025 KG’.
2365 2970 2474 3024 Kal
2505 2970 2587 3023 ὅτι
2640 2970 2738 3042 μὲν
2770 2971 2932 3035 εὐθὺς
2978 2972 3261 3043 γεννηθεὶς
3308 2974 3440 3039 Θεὸς
3478 2972 3581 3047 ἦν,
3617 2979 3710 3031 καὶ

2127 3062 2187 3115 ού
2217 3062 2371 3131 ψιλὸς
2403 3061 2710 3132 ἄνθρωπος,
2747 3064 2796 3115 oi
2837 3065 3002 3133 μάγοι
3037 3066 3224 3134 σαφῶς
3264 3066 3517 3131 δείξουσι.
3557 3071 3710 3124 Μετά

436 3156 728 3227 probatum
756 3163 861 3210 est.
899 3154 1183 3225 Siquidem
1216 3155 1406 3225 elapso
1439 3154 1551 3224 jam
1594 3154 1839 3217 biennio,
1869 3150 2014 3223 quod

2123 3154 2226 3225 γὰρ
2256 3152 2349 3205 δύο
2378 3152 2514 3206 ἐτῶν
2538 3154 2750 3225 χρόνον,
2781 3156 2857 3219 ὡς
2888 3155 3093 3220 ἔδειξαν
3122 3156 3199 3227 τῷ
3232 3157 3442 3229 Ἡρώδῃ
3472 3160 3561 3212 τὸν
3585 3162 3711 3232 χρό-

434 3249 618 3318 ipsum
654 3247 825 3302 stellae
848 3254 1065 3317 tempus
1089 3245 1291 3301 Herodi
1322 3246 1722 3317 signiﬁcarunt,
1742 3261 1773 3300 a
1802 3246 2025 3300 biennio

436 3338 690 3394 videlicet
730 3348 892 3409 atque
946 3338 1161 3406 infra',
1211 3338 1653 3409 Hierosolymam
1696 3338 2021 3403 venientes,

436 3430 957 3499 interrogantesque
984 3429 1150 3497 magi,
1180 3444 1306 3483 cum
1332 3428 1666 3483 Bethlehemi
1690 3428 1844 3482 nasci
1868 3427 2027 3481 Chri-

438 3532 586 3575 stum
636 3529 893 3589 oportere
923 3520 1269 3582 didicissent,
1312 3519 1381 3573 ab
1426 3519 1560 3574 urbe
1596 3518 1833 3589 digressi
1868 3525 2022 3583 sunt,

436 3612 745 3681 eademque
775 3612 915 3666 duce
939 3612 1092 3666 stella
1115 3610 1526 3666 Bethlehemum
1554 3613 1885 3681 aspirarunt.
1922 3608 2024 3674 lbi,

438 3710 802 3774 posteaquam
840 3703 1168 3773 introgressi
1202 3710 1353 3767 sunt,
1386 3702 1669 3759 Christum
1697 3718 1821 3757 cum
1855 3701 2025 3756 Maria

438 3803 615 3849 matre
644 3803 970 3863 repererunt
995 3812 1009 3861 ;
1031 3801 1085 3848 et
1110 3793 1458 3864 procidentes
1484 3795 1851 3849 adoraverunt
1875 3809 2023 3857 eum,

439 3888 874 3957 obtuleruntque
927 3902 1175 3940 munera.
1226 3885 1591 3951 Quamobrem
1647 3901 1771 3940 cum
1836 3886 2023 3939 statim

437 3980 697 4035 adoretur
729 3981 822 4051 qui
870 3991 1034 4034 natus
1068 3989 1174 4043 est,
1217 3994 1327 4033 non
1369 3980 1552 4034 nudus
1597 3988 1680 4034 est
1706 3981 1889 4042 homo,
1929 3979 2024 4035 sed

436 4070 623 4126 Deus:
660 4087 839 4141 neque
886 4080 1009 4139 post
1059 4085 1238 4126 annos
1272 4070 1519 4141 triginta,
1560 4069 1643 4124 vel
1670 4070 2021 4137 baptismum,

437 4162 696 4217 Christus
744 4162 1020 4215 efﬁcitur:
1078 4160 1173 4216 sed
1229 4160 1461 4216 subinde
1492 4162 1748 4216 Christus
1789 4177 1819 4215 e
1856 4161 2025 4215 Maria

443 4252 844 4323 Virgine'Deus
890 4254 1097 4324 pariter
1132 4260 1295 4323 atque
1325 4253 1490 4306 homo
1531 4261 1694 4308 natus
1738 4261 1844 4309 est.
1888 4252 2027 4307 Pro-

440 4353 625 4413 pterea
680 4344 866 4397 statim
917 4342 1094 4413 angeli
1138 4343 1365 4397 cmleste
1405 4357 1627 4397 carmen
1682 4344 2022 4397 concinunt:

440 4437 623 4490 Cloria
658 4439 711 4490 in
747 4437 969 4491 excelsis
1002 4435 1136 4499 Deo,
1175 4446 1226 4489 et
1274 4437 1328 4489 in
1365 4444 1507 4489 terra
1549 4451 1677 4504 pax,
1724 4436 2024 4490 hominibus

436 4544 697 4596 propensa
728 4528 973 4581 voluntas
997 4527 1036 4579 ⁸.
1075 4526 1180 4581 Sed
1220 4535 1275 4582 et
1307 4527 1455 4581 felici
1487 4528 1581 4581 illo
1608 4528 1803 4581 nuntio
1838 4536 2024 4598 pasto-

440 4635 531 4675 res
564 4620 997 4689 impertiuntur:
1034 4616 1213 4670 Natus
1251 4626 1330 4671 est
1365 4616 1535 4680 nobis,
1562 4618 1837 4687 inquiunt,
1873 4619 2027 4672 hodie

439 4708 687 4766 Christus
734 4706 994 4761 Dominus
1039 4708 1094 4760 in
1142 4707 1351 4760 civitate
1401 4705 1574 4760 David
1593 4708 1636 4763 '.
1685 4707 1874 4778 Neque
1924 4708 2027 4762 hoc

441 4801 658 4865 solum,
697 4798 889 4852 infelix
948 4797 1158 4852 Eblonl
1225 4798 1293 4853 de
1342 4798 1567 4855 Christo
1613 4800 2025 4871 comprobatur,

441 4905 635 4947 verum
677 4890 841 4943 etiam
872 4903 1019 4943 anno
1058 4889 1237 4943 aetatis
1266 4888 1594 4945 duodecimo
1636 4892 1836 4946 sedens
1885 4892 2028 4946 inter

440 4981 759 5040 sacerdotes
787 4997 851 5035 ac
880 4980 1129 5037 seniores
1157 4989 1409 5050 repertus
1432 4989 1539 5045 est,
1568 4998 1693 5035 cum
1728 4998 1824 5037 eos
1852 4982 2027 5037 inter-

440 5082 689 5147 rogaret,
744 5073 901 5145 155
946 5088 1011 5128 ac
1041 5088 1165 5127 cum
1215 5073 1324 5127 illis
1372 5072 1717 5142 inquireret:
1776 5073 1916 5128 adeo
1963 5081 2025 5129 ut

442 5172 777 5226 mirarentur
834 5168 888 5222 in
923 5166 1089 5221 verbo
1124 5166 1347 5237 gratiae,
1392 5166 1537 5235 quod
1587 5166 1920 5235 procedebat
1957 5166 2026 5222 de

440 5277 537 5316 ore
575 5264 718 5327 ejus.
737 5258 858 5313 Non
894 5258 1000 5313 hoc
1026 5272 1174 5311 anno
1203 5257 1425 5312 demum
1457 5258 1735 5313 tricesimo
1768 5257 2023 5324 faciebat,

442 5362 504 5407 ut
529 5352 713 5407 dicere
751 5351 963 5423 possis,
1009 5367 1075 5407 ex
1126 5366 1236 5421 quo
1260 5348 1505 5419 Spiritus
1546 5350 1599 5404 in
1629 5365 1753 5404 eum
1799 5361 2026 5408 sanctus

444 5446 673 5515 illapsus
711 5454 817 5507 est,
872 5443 1152 5498 Christum
1187 5458 1310 5497 esse
1343 5441 1608 5510 coepisse;
1646 5441 1740 5496 sed
1764 5456 1793 5494 a
1820 5442 2029 5496 duode-

442 5536 589 5590 cimo
626 5536 837 5601 statim,
865 5536 944 5590 uti
979 5535 1241 5596 diximus,
1271 5542 1465 5603 estque
1513 5549 1541 5586 a
1574 5533 1722 5587 Luca
1760 5535 1811 5588 in
1846 5533 2021 5588 Evan-

445 5628 586 5699 gelio
624 5628 902 5701 proditum
927 5628 967 5683 ⁸.
999 5626 1142 5694 Quin
1173 5627 1337 5682 etiam
1382 5625 1544 5695 paulo
1592 5633 1719 5680 ante
1774 5642 1935 5690 cum,
1971 5636 2030 5681 ut

527 5780 545 5813 ⁸
568 5781 704 5838 Cen.
735 5799 865 5849 ιιι-ιι,
908 5783 971 5838 l2
1069 5785 1087 5814 ¹
1124 5781 1259 5840 Gen.
1288 5799 1376 5839 xv.
1412 5783 1473 5836 l2
1502 5797 1621 5852 sqq.

1700 5779 1721 5812 ³
1752 5780 1941 5837 Matth.
1977 5798 2035 5849 ιι,
2065 5781 2130 5838 l6
2153 5798 2275 5854 sqq.
2354 5785 2376 5816 ⁸
2402 5783 2537 5841 Luc.
2576 5802 2636 5851 II,
2680 5789 2760 5843 14.
2826 5791 2847 5822 ⁵
2881 5789 3013 5845 ibid.
3055 5791 3114 5846 ll

2127 3262 2218 3299 vov
2240 3243 2333 3297 τοῦ
2363 3246 2613 3315 ἀστέρος,
2646 3246 2754 3299 ἀπὸ
2786 3245 2993 3309 διετοῦς
3020 3248 3115 3300 καὶ
3148 3250 3441 3320 κατωτέρω
3467 3251 3711 3317 ἐλθόντες

2126 3336 2207 3397 είς
2256 3334 2641 3406 Ἰερουσαλὴμ,
2692 3338 2787 3389 καὶ
2820 3338 3197 3409 ἐρωτήσαντες
3230 3343 3279 3394 οἱ
3327 3342 3481 3395 αὐτοὶ
3522 3343 3709 3413 μάγοι,

2127 3428 2221 3480 καὶ
2250 3426 2489 3495 γνόντες,
2521 3428 2603 3480 ὅτι
2627 3430 2683 3480 ἐν
2719 3428 2965 3500 Βηθλεέμ
2985 3432 3219 3501 Χριστὸς
3248 3436 3525 3501 γεννᾶται,
3556 3437 3712 3507 ἐξῆλ-

2127 3518 2219 3571 θον
2250 3518 2411 3573 πάλιν
2442 3519 2535 3571 τοῦ
2575 3520 2803 3589 ἀστέρος
2836 3522 3160 3593 ὁδηγοῦντος
3188 3526 3393 3589 αὐτοῖς,
3428 3529 3523 3580 καὶ
3548 3524 3712 3598 ἦλθον

2127 3610 2236 3663 ἀπὸ
2272 3611 2663 3683 Ἰεροσολύμων
2690 3613 2771 3676 είς
2810 3614 3078 3686 Βηθλεέμ.
3113 3618 3223 3670 Kal
3262 3619 3595 3684 εἰσελθόντες
3624 3618 3713 3675 εὖ·

2132 3720 2222 3774 ρον
2272 3704 2433 3758 αὑτὸν
2484 3706 2623 3775 μετὰ
2677 3706 2775 3776 τῆς
2842 3710 3049 3779 μητρὸς
3098 3711 3263 3764 αὐτοῦ
3312 3713 3563 3783 Μαρίας·
3616 3718 3711 3768 καὶ

2128 3797 2388 3861 πεσόντες
2430 3798 2850 3870 προσεκύνησαν
2884 3801 3054 3871 αὐτῷ,
3094 3805 3189 3855 καὶ
3230 3807 3611 3875 προσήνεγκαν
3642 3807 3712 3859 τά

2126 3887 2295 3959 δῶρα.
2322 3890 2385 3942 El
2419 3890 2600 3944 τοίνυν
2627 3892 2789 3955 εὐθὺς
2814 3898 3221 3962 προσκυνεῖται,
3251 3898 3309 3949 οὐ
3329 3899 3480 3967 ψιλὸς
3503 3900 3712 3972 ἄνθρω-

2129 3998 2229 4043 πος
2253 3982 2281 4034 ό
2314 3981 2619 4052 γεννηθεὶς,
2659 3985 2797 4037 ἀλλά
2827 3985 2958 4048 Θεός
2979 4004 2990 4015 ·
3026 3988 3120 4040 καὶ
3152 3990 3213 4041 ού
3254 3990 3392 4059 μετά
3417 3994 3711 4063 τριάκοντα

2129 4070 2247 4141 ἔτη,
2275 4072 2370 4124 καὶ
2395 4072 2455 4124 ού
2486 4073 2624 4143 μετά
2655 4075 2717 4127 τὸ
2749 4075 3031 4146 βάπτισμα
3062 4079 3294 4147 Χριστὸς
3328 4082 3552 4149 γίνεται,
3577 4084 3712 4135 ἀλλὰ

2128 4162 2289 4226 εὐθὺς
2322 4164 2555 4234 Χριστὸς
2590 4168 2853 4238 ἐγεννήθη
2892 4170 3000 4223 ἀπὸ
3021 4172 3241 4243 Μαρίας
3272 4175 3549 4245 Παρθένου
3578 4176 3711 4240 Θεὸς

2129 4256 2225 4307 καὶ
2272 4255 2581 4327 ἄνθρωπος.
2628 4259 2721 4311 Διὸ
2764 4262 2856 4314 καὶ
2890 4265 2937 4314 οὶ
2984 4263 3204 4331 ἄγγελοι
3253 4267 3416 4330 εὐθὺς
3460 4269 3710 4338 ὑμνοῦσι,

2127 4347 2412 4416 λέγοντες’
2461 4351 2617 4415 Δόξα
2666 4354 2735 4405 ἐν
2776 4356 3061 4422 ὑψίστοις
3112 4358 3262 4423 Θεῷ,
3316 4360 3414 4413 καὶ
3468 4362 3565 4415 ἐπὶ
3600 4364 3712 4433 γῆς

2128 4441 2360 4508 εἰρήνη,
2386 4443 2456 4495 ἐν
2482 4443 2813 4512 ἀνθρώποις
2835 4446 3098 4500 εὐδοκία.
3131 4451 3239 4502 Kal
3271 4452 3711 4519 εὐαγγελίζονται

2127 4534 2251 4597 τοὺς
2282 4535 2564 4604 ποιμένας,
2600 4536 2884 4605 λέγοντες·
2932 4540 3259 4611 Ἐγεννήθη
3290 4544 3436 4611 ἡμῖν
3458 4546 3712 4612 Χριστὸς

2128 4626 2343 4691 Κύριος
2384 4625 2653 4696 σήμερον
2699 4629 2769 4681 ἐν
2810 4632 2987 4683 πόλει
3033 4633 3228 4686 Δαϐίδ.
3281 4635 3390 4686 Καὶ
3434 4637 3494 4687 ού
3551 4637 3711 4705 μόνον

2128 4718 2301 4781 τοῦτο,
2326 4711 2372 4770 ὦ
2402 4720 2723 4790 ἠπατημένε
2760 4721 2971 4785 Ἐὅίων,
3000 4723 3293 4790 δείκνυται,
3320 4726 3455 4779 ἀλλά
3484 4730 3577 4781 καὶ
3604 4730 3712 4782 ἀπὸ

2128 4807 2493 4873 δωδεκαετοῦς
2541 4811 2853 4881 εὑρίσκεται
2914 4814 3223 4885 καθήμενος
3274 4818 3546 4887 ἀναμέσον
3602 4821 3711 4873 τῶν

2133 4898 2321 4972 ἱερέων
2351 4900 2443 4952 καὶ
2478 4902 2883 4973 πρεσϐυτέρων,
2914 4906 3133 4975 ἐρωτῶν
3152 4908 3366 4973 αὐτοὺς,
3406 4910 3499 4962 καὶ¹
3532 4910 3710 4982 ζητῶν

2132 4991 2248 5060 μετ’
2283 4990 2463 5044 αὐτῶν
2484 5012 2498 5025 ·
2523 4994 2617 5046 καὶ
2651 4995 3038 5058 ἐξεπλάττοντο
3066 5000 3159 5051 ἐπὶ
3187 4999 3267 5069 τῷ
3308 5000 3451 5070 λόγῳ
3480 5004 3579 5073 τῆς
3611 5004 3710 5074 χά-

2134 5099 2299 5154 ριτος,
2321 5083 2401 5154 τῷ
2424 5086 2841 5158 ἐκπορευομένῳ
2868 5091 2931 5142 ἐκ
2964 5090 3058 5144 τοῦ
3088 5092 3353 5162 στόματος
3382 5094 3566 5148 αὑτοῦ.
3599 5096 3709 5149 Καὶ

2128 5174 2250 5244 οὐχὶ
2280 5175 2417 5244 μετὰ
2444 5176 2504 5229 τὸ
2530 5181 2850 5247 τριακοστὸν
2873 5181 2990 5245 ἔτος
3019 5183 3192 5236 ἐποίει
3217 5184 3394 5249 τοῦτο,
3419 5187 3506 5240 ἵνα
3525 5187 3707 5259 εἴπῃς,

2130 5262 2233 5328 δτι,
2260 5264 2354 5333 ἀφ’
2386 5259 2446 5318 οὗ
2474 5260 2605 5337 ἦλθε
2645 5268 2705 5320 τὸ
2735 5268 2959 5339 Πνεῦμα
2992 5272 3071 5334 είς
3111 5271 3293 5335 αὑτὸν,
3328 5274 3561 5344 Χριστὸς
3588 5275 3709 5343 ἐγέι

2130 5370 2271 5417 νετο,
2300 5354 2437 5407 ἀλλά
2467 5356 2628 5419 εὐθὺς
2660 5357 2769 5410 ἀπὸ
2798 5358 3181 5425 δωδεκαετοῦς,
3210 5360 3284 5425 ὡς
3317 5366 3597 5433 προεῖπον,
3633 5363 3711 5426 ῶς

2128 5445 2439 5518 γέγραπται
2470 5450 2529 5501 ἐν
2577 5447 2654 5518 τῷ
2702 5450 2841 5502 κατὰ
2882 5452 3096 5505 Λουκᾶν
3142 5450 3481 5523 Εὑαγγελίῳ.
3548 5453 3709 5506 Ἀλλά

2130 5538 2223 5590 καὶ
2263 5537 2343 5591 ἔτι
2381 5539 2658 5610 ἀνωτέρω,
2687 5542 2775 5594 ὅτε
2818 5542 3176 5612 νηπιάζοντος
3221 5544 3474 5614 ἀνῆλθον,
3522 5547 3707 5615 φησὶν,

2129 5629 2176 5680 οἱ
2207 5630 2337 5701 περὶ
2364 5630 2561 5702 Ἰωσὴφ
2591 5633 2685 5685 καὶ
2707 5634 2940 5702 Μαριάυ.
2972 5637 3053 5699 εἰς
3082 5637 3435 5708 Ἰεοουσαλὴμ
3464 5654 3708 5709 προσκυ-

3230 5793 3252 5823 ⁶
3284 5792 3416 5847 an;
3446 5808 3520 5853 Iv.
3553 5792 3644 5848 22.
