4170 6372
411 327 515 381 457

1149 341 1521 402 ADVERSUS
1560 338 1906 399 IIIERESES
1939 337 2070 392 LIB.
2111 339 2152 393 1.
2197 338 2358 396 ΤΟΜ.
2405 341 2470 395 ll.
2510 373 2578 382 —
2618 343 2893 400 HERES.
2932 345 3100 405 XXX.

3564 349 3674 408 £58

409 450 572 520 νῆσαι
605 453 665 505 ὲν
697 455 764 524 τῇ
789 455 971 528 ἑορτῇ,
1001 459 1095 514 καὶ
1119 463 1489 536 άνέκαμπτον,
1509 465 1722 535 ἔμεινεν
1747 461 1954 533 Ἰησοῦς
1976 479 1988 492 ⁶

2097 459 2360 515 adorandi
2417 463 2589 532 gratia
2631 463 3067 534 Hierosolymam
3116 466 3256 521 festo
3285 466 3370 522 die
3400 466 3676 538 perrexis-

409 544 506 596 καῒ
537 543 766 615 ἐζήτουν
796 549 960 602 αὐτὸν
993 553 1051 605 ἐν
1082 557 1148 626 τῇ
1179 557 1475 630 ὁδοιπορίᾳ,
1503 559 1596 611 καὶ
1634 559 1691 610 ὲν
1719 559 1832 619 τοῖς
1864 571 1995 622 συγ-

407 635 621 702 γενέσιν
657 639 858 702 αὐτῶν,
885 643 979 695 καὶ
1008 646 1106 716 οὐχ
1145 647 1416 718 εὕρισκον.
1457 647 1581 720 Εἶχε
1605 649 1712 719 γὰρ
1747 650 1780 718 ἠ
1807 647 1994 718 Μαρία

412 729 748 796 συγγένειαν,
790 733 1186 807 Ἀνακάμψασα
1213 740 1269 794 δὲ
1297 741 1392 795 καὶ
1426 742 1661 813 εὑροῦσα
1685 741 1864 802 αὐτὸν,
1891 740 1992 811 ἔφη

410 820 592 891 αὐτῷ·
644 825 704 877 Τί
738 826 883 894 ἡμῖν
912 828 1229 898 ἐποίησας,
1257 832 1474 887 τέκνον
1487 851 1505 898 ;
1553 834 1706 888 Ἰδοὺ
1745 832 1858 902 ἐγὼ
1893 833 1991 886 καὶ

409 916 444 966 ὁ
480 915 678 983 πατήρ
706 933 824 972 σου
854 919 1219 991 ὀδυνώμενοι
1249 925 1572 995 ἐζητοῦμεν
1603 940 1696 979 σε.
1733 925 1820 978 Ἐν
1843 924 1993 989 τάξει

408 1007 519 1077 γὰρ
566 1009 773 1079 πατρὸς
824 1013 854 1064 6
898 1013 1094 1083 Ἰωσὴφ
1152 1016 1300 1087 αὐτῷ
1343 1017 1618 1087 ὑπῆρχεν·
1667 1016 1728 1068 οὐ
1773 1013 1882 1086 γὰρ
1926 1011 1994 1085 ἦν

409 1099 559 1169 αὐτῷ
587 1102 768 1173 πατὴρ
799 1104 941 1158 κατὰ
967 1106 1149 1174 φύσιν.
1173 1104 1306 1161 Εἶτα
1341 1111 1370 1162 6
1401 1109 1608 1180 Κύριος
1630 1108 1766 1179 πρὸς
1789 1108 1958 1177 αὐτήν
1977 1122 1990 1135 ’

413 1190 480 1243 Τί
521 1191 610 1245 ὅτι
647 1192 900 1261 ἐζητεῖτέ
935 1215 1048 1266 με;
1081 1201 1192 1253 οὐκ
1224 1200 1442 1270 ᾔδειτε,
1487 1200 1576 1254 ὅτι
1625 1201 1696 1254 ὲν
1728 1199 1852 1264 τοῖς
1888 1201 1994 1252 τοῦ

407 1284 638 1350 Πατρός
661 1302 777 1353 μου
815 1286 911 1340 δεῖ
948 1285 1105 1342 εἶναι
1129 1307 1241 1358 με;
1270 1289 1570 1361 σημαίνων,
1599 1291 1681 1342 ὅτι
1713 1292 1741 1342 ὁ
1769 1289 1893 1351 ναὸς
1916 1291 1994 1351 εἰς

406 1375 576 1445 ὄνομα
601 1376 736 1429 Θεοῦ
761 1378 976 1450 Πατρὸς
1014 1380 1359 1452 ᾠκοδομήθη.
1379 1383 1442 1434 Εἰ
1464 1381 1644 1435 τοίνυν
1667 1379 1776 1433 ἀπὸ
1797 1379 1992 1450 νηπίου

406 1465 513 1518 οἶδε
544 1467 634 1520 τὸν
663 1469 795 1522 ναὸν
821 1471 915 1523 καὶ
943 1471 1032 1524 τὸν
1066 1475 1307 1544 Πατέρα.
1338 1475 1437 1527 οὐκ
1468 1475 1577 1545 ἄρα
1603 1473 1756 1542 ψιλὸς
1785 1473 1995 1544 ἄνθρω-

406 1577 508 1624 πος
539 1562 567 1614 6
599 1562 882 1632 γεννηθεὶς
933 1565 1162 1636 Ἰησοῦς,
1209 1567 1332 1619 οὐδὲ
1382 1567 1522 1636 μετὰ
1563 1567 1624 1619 τὸ
1677 1565 1995 1637 τριακοστὸν

406 1651 560 1715 ἔτος,
600 1654 738 1723 μετὰ
769 1654 832 1707 τὸ
873 1655 1050 1710 ἐλθεῖν
1082 1659 1164 1721 είς
1209 1658 1374 1712 αὐτὸν
1411 1659 1472 1712 τὺ
1518 1656 1657 1722 εἶδος
1701 1658 1802 1728 τῆς
1833 1676 1992 1727 περι-

408 1744 636 1814 στερᾶς,
678 1745 800 1810 Υἱὸς
831 1747 926 1799 καὶ
961 1749 1198 1819 Χριστὸς
1249 1751 1514 1816 ἐκαλεῖτο,
1553 1750 1690 1805 ἀλλὰ
1726 1751 1888 1815 εὐθὺς
1935 1754 1993 1804 ὲν

403 1835 518 1896 τοῖς
559 1831 653 1885 τοῦ
703 1836 918 1907 Πατρὸς
951 1837 1118 1890 αὐτοῦ
1157 1839 1267 1893 δεῖν
1308 1841 1470 1894 αὐτὸν
1513 1837 1652 1894 εἶναι
1687 1841 1987 1896 ἐδίδασκεν.
2027 1819 2067 1874 Β

409 1925 531 1977 ’Ὁτι
560 1926 614 1979 δὲ
640 1929 669 1980 ὁ
697 1928 892 2000 Ἰωσὴφ
925 1930 1046 2001 οὐχὶ
1079 1933 1262 2003 πατὴρ
1291 1933 1457 1986 αὐτοῦ
1482 1929 1571 2004 ἦν,
1591 1933 1727 1987 ἀλλὰ
1757 1936 1814 1988 έν
1841 1933 1992 1999 τάξει

406 2015 630 2087 πατρὸς,
657 2017 820 2070 ἄκουε
856 2018 950 2071 τοῦ
984 2021 1148 2073 αὑτοῦ
1178 2023 1564 2091 εὐαγγελιστοῦ
1594 2023 1862 2092 λέγοντος,
1896 2025 1991 2078 τοῦ

405 2106 711 2177 γράψαντος
748 2109 857 2162 ὰπὸ
906 2112 1198 2182 προσώπου
1244 2115 1484 2184 Μαρίας,
1522 2115 1606 2167 ὅτι
1643 2115 1788 2185 Ἐγὼ
1833 2116 1931 2169 καὶ
1961 2119 1994 2170 o'

406 2197 598 2266 πατήρ
635 2216 750 2253 σου
783 2200 1144 2272 ὀδυνώμενοι
1173 2203 1492 2276 ἐζητοῦμεν
1531 2223 1606 2262 σε
1627 2224 1639 2237 ·
1678 2209 1840 2262 πάλιν
1877 2208 1992 2272 πῶς

405 2290 604 2360 γράφει
667 2292 874 2362 λέγων·
920 2291 1031 2350 Ἦν
1078 2296 1147 2349 δὲ
1197 2299 1427 2366 Ἰησοῦς
1464 2301 1798 2370 ἀρχόμενος
1840 2297 1993 2355 εἶναι

403 2382 484 2447 ὡς
540 2382 692 2437 ἐτῶν
747 2385 1102 2452 τριάκοντα,
1165 2388 1251 2442 ὢν
1307 2391 1473 2457 υἱὸς,
1526 2392 1607 2458 ὡς
1660 2390 1988 2462 ἐνομίζετο,

415 2475 658 2544 Ἰωσήφ.
697 2477 786 2530 Ἐν
823 2479 880 2531 δὲ
937 2479 1012 2550 τῷ
1053 2483 1248 2547 εἰπεῖν,
1283 2483 1363 2549 ὡς
1412 2484 1744 2553 ἐνομίζετο,
1792 2483 1990 2550 ἔδειξεν

401 2566 562 2620 αὐτὸν
605 2568 679 2638 μὴ
707 2565 846 2623 εἶναι
882 2571 1048 2625 αὐτοῦ
1077 2574 1212 2639 υἱὸν,
1235 2574 1370 2628 ἀλλὰ
1395 2575 1734 2646 νομίζεσθαι.

2098 561 2243 618 sent,
2285 553 2644 610 redeuntibus
2688 556 2817 618 illis,
2860 557 3123 611 remansit
3175 556 3374 624 Jesus;
3407 573 3570 626 quem
3619 559 3678 613 in

2098 643 2316 708 itinere,
2349 654 2401 699 et
2429 645 2568 714 apud
2613 659 2878 716 cognatos
2916 647 2995 701 illi
3025 648 3410 718 quaeritabant,
3457 663 3559 702 nec
3592 663 3678 704 re-

2099 737 2282 805 perire
2315 745 2592 804 poterant.
2646 737 2816 790 Maria
2851 739 3054 808 quippe
3086 738 3470 807 cognationem
3511 738 3678 792 babe-

2099 827 2215 881 bat.
2268 827 2435 896 Igitur
2469 843 2594 882 cum
2628 828 2694 882 ad
2727 829 2916 883 urbem
2969 830 3305 894 revertisset,
3343 842 3408 882 ac
3457 828 3678 883 tandem

2097 917 2249 971 illum
2293 918 2644 982 offendisset,
2687 919 2769 974 sic
2818 935 2943 973 eum
2993 920 3334 989 alloquitur:
3384 917 3515 984 Fili,
3550 918 3676 988 quid

2097 1009 2271 1078 fecisti
2299 1009 2488 1065 nobis?
2521 1008 2657 1064 Ecce
2696 1027 2787 1081 ego
2833 1021 2880 1064 et
2918 1026 3068 1080 pater
3102 1021 3221 1064 tuus
3259 1011 3494 1065 dolentes
3533 1025 3677 1080 qua:-

2096 1101 2338 1155 rebamus
2371 1109 2437 1154 te.
2469 1099 2743 1171 Josephus
2773 1103 2919 1156 enim
2953 1102 3071 1156 loco
3113 1102 3161 1156 ei
3195 1101 3369 1171 patris
3399 1108 3538 1164 erat,
3564 1115 3678 1155 non

2096 1193 2369 1248 naturalis
2393 1203 2568 1264 pater.
2598 1193 2679 1247 Ad
2712 1196 2825 1248 bzec
2856 1193 3120 1250 Dominus
3145 1214 3158 1249 :
3187 1194 3327 1261 Quid
3355 1204 3453 1258 est,
3474 1193 3674 1264 inquit,

2095 1285 2233 1355 quod
2294 1285 2613 1356 quwrebalis
2665 1288 2788 1341 me?
2838 1286 3146 1340 nesciebatis
3187 1287 3323 1357 quod
3363 1289 3418 1340 in
3468 1288 3532 1340 iis
3560 1303 3676 1355 qua:

2095 1378 2282 1432 Patris
2331 1380 2432 1432 mei
2476 1389 2601 1433 sunt
2656 1389 2858 1446 oportet
2893 1396 2974 1433 me
3014 1380 3204 1433 esse”?
3247 1379 3368 1446 Quo
3411 1393 3676 1449 responso

2097 1471 2466 1541 signiﬁcabat,
2513 1473 2774 1542 templum
2815 1473 2871 1526 in
2915 1472 3029 1536 Dei,
3067 1472 3174 1526 hoc
3221 1481 3308 1528 est
3350 1471 3530 1528 Patris
3565 1473 3673 1534 sui,

2097 1579 2299 1619 nomen
2333 1563 2511 1618 fuisse
2541 1572 2946 1619 constructum.
2981 1563 3348 1630 Quamobrem
3385 1565 3429 1618 si
3460 1564 3529 1618 ab
3557 1564 3675 1633 ipsa

2098 1653 2497 1723 propemodum
2530 1650 2766 1707 infantia
2795 1654 3084 1723 templum,
3112 1652 3442 1722 Patremque
3471 1669 3678 1723 cogno-

2096 1753 2270 1810 verat,
2299 1745 2489 1814 utique
2520 1759 2632 1798 non
2663 1760 2850 1801 merus
2891 1745 3054 1802 homo
3080 1754 3245 1801 natus
3270 1745 3361 1800 ille
3384 1743 3545 1800 Jesus
3575 1761 3674 1800 ex-

2099 1835 2264 1902 stitit,
2294 1851 2472 1905 neque
2500 1845 2624 1905 post
2657 1850 2863 1890 annum
2910 1835 3130 1891 demum
3177 1851 3308 1898 xxx,
3345 1850 3468 1890 cum
3513 1851 3572 1890 se
3620 1836 3675 1890 in

2099 1943 2224 1982 eum
2253 1926 2525 1982 columba:
2564 1927 2747 1995 specie
2779 1923 3018 1996 Spiritus
3050 1934 3276 1982 sanctus
3315 1926 3673 1990 insinuasset,

2098 2017 2275 2074 Filius
2308 2033 2372 2072 ac
2400 2017 2658 2072 Christus
2691 2017 2958 2088 appellari
2988 2017 3194 2087 coepit;
3230 2017 3326 2072 sed
3358 2017 3590 2072 subinde
3618 2017 3673 2070 in

2098 2109 2186 2165 his
2222 2123 2346 2179 quae
2399 2107 2468 2162 ad
2515 2107 2735 2162 Patrem
2790 2122 2950 2162 suum
3005 2109 3325 2173 attinerent,
3372 2106 3582 2164 versari
3617 2123 3676 2164 se

2099 2209 2357 2272 oportere
2403 2199 2612 2255 docuit.
2645 2198 2805 2267 Quod
2857 2213 2990 2255 vero
3043 2198 3318 2270 Josephus
3364 2214 3476 2255 non
3525 2184 3674 2253 illius

2097 2303 2255 2368 pater
2285 2303 2455 2361 esset,
2494 2295 2592 2351 sed
2620 2296 2794 2351 vicem
2829 2297 3005 2366 patris
3034 2303 3269 2366 gereret,
3307 2295 3435 2351 audi
3475 2311 3542 2351 ex
3582 2297 3676 2350 illo

2095 2387 2289 2444 eodem
2314 2387 2670 2456 evangelista.
2689 2385 2786 2456 qui
2811 2385 3036 2440 Mariam
3069 2387 3144 2440 ita
3163 2387 3472 2457 loquentem
3507 2386 3670 2440 facit:

2092 2479 2206 2552 Ego
2229 2488 2280 2534 et
2305 2487 2457 2548 pater
2486 2487 2607 2532 tuus
2636 2477 2872 2533 dolentes
2905 2476 3271 2549 qumrebamus
3306 2476 3556 2542 te.Audi,
3589 2479 3674 2530 in-

2089 2567 2417 2642 quam,quid
2448 2568 2558 2622 alio
2581 2569 2702 2622 loco
2725 2569 3052 2639 scripserit:
3089 2567 3226 2622 Erat
3257 2577 3454 2631 autem,
3474 2567 3674 2637 inquit,

397 2659 556 2716 Jesus
588 2663 840 2731 incipiens
871 2681 984 2719 esse
1010 2667 1167 2736 quasi
1193 2683 1455 2721 annorum
1487 2683 1622 2732 xxx,
1645 2669 1895 2738 quierat,
1919 2675 1979 2721 ut
2017 2662 2337 2736 putabatur,
2379 2659 2600 2730 Joseplti
2650 2660 2800 2730 ﬁlius
2819 2660 2861 2714 ³.
2896 2658 2998 2714 Ubi
3033 2675 3157 2714 cum
3185 2674 3281 2716 eas
3351 2675 3515 2717 voces
3579 2662 3675 2715 ad-

399 2753 562 2821 didll,
585 2765 641 2808 ut
671 2758 985 2824 putabatur,
1019 2771 1130 2810 non
1164 2757 1342 2827 ipsius
1371 2773 1561 2812 revera
1590 2756 1763 2815 fuisse
1791 2759 1988 2822 ﬁlium,
2030 2752 2126 2812 sed
2159 2751 2236 2806 ita
2271 2750 2542 2804 duntaxat
2577 2749 2826 2804 habitum
2859 2748 3030 2804 fuisse
3063 2749 3432 2808 demonstrat.

469 2849 550 2900 A’.
596 2846 892 2916 Ἐπιλείψει
948 2847 1008 2899 δέ
1047 2865 1136 2918 μοι
1188 2851 1216 2901 6
1267 2851 1458 2921 χρόνος
1512 2851 1854 2924 διηγουμένῳ
1901 2855 1983 2914 είς

400 2939 745 3010 παράστασιν
780 2939 879 3009 τῆς
924 2939 1208 3010 ἀληθείας,
1239 2943 1334 2996 καὶ
1374 2945 1454 3006 εἰς
1488 2943 1709 3016 ἔλεγχον
1747 2946 1846 3016 τῆς
1880 2963 1984 3016 μα-

397 3029 796 3099 ταιοφροσύνης
836 3028 1110 3094 Ἐὁίωνος,
1143 3031 1239 3083 καὶ
1274 3031 1368 3084 τοῦ
1403 3033 1565 3086 αὑτοῦ
1593 3051 1972 3106 παραπεποιηο

2145 2843 2307 2914 156
2320 2839 2718 2897 XXX.Deficiet
2729 2857 2816 2896 me
2833 2841 3114 2910 Iempus,si
3129 2841 3196 2896 ad
3213 2845 3674 2914 comprobandam

2089 2938 2397 3001 veritatem,
2421 2951 2484 2990 ac
2504 2948 2613 2990 tam
2637 2933 3068 3004 Ebionis,quam
3092 2935 3502 2992 absurdissima:
3526 2939 3674 2995 illius

2091 3028 2296 3085 schola:
2339 3027 2691 3083 refellendam
2738 3028 3055 3090 amentiam,
3097 3027 3350 3098 pluribus
3395 3029 3674 3100 disputare

404 3121 565 3192 μένου
609 3122 1006 3192 ματαιόφρονος
1051 3123 1425 3178 διδασκαλείου
1451 3128 1490 3180 ¹.
1548 3127 1716 3180 Πόθεν
1768 3127 1876 3200 γὰρ
1923 3128 1983 3181 οὺ

2092 3120 2340 3174 voluero.
2377 3118 2514 3184 Quis
2555 3118 2703 3173 enim
2733 3117 2893 3173 facile
2940 3135 3051 3174 non
3093 3120 3346 3192 intelligit
3374 3119 3672 3192 Josephum

401 3214 571 3281 σαφὲς
603 3213 668 3267 ἂν
695 3214 803 3284 εἴη,
835 3215 917 3282 ὅτι
951 3217 1010 3267 οὐ
1041 3216 1225 3286 πατὴρ
1251 3212 1317 3287 ἦν
1339 3217 1561 3289 Ἰωσὴφ,
1599 3218 1711 3271 ἀλλ’
1745 3221 1802 3272 ὲν
1834 3219 1986 3284 τάξει

400 3305 607 3374 πατρὸς
637 3303 949 3374 ἐνομίζετο;
978 3305 1134 3358 Ἰδοὺ
1164 3307 1293 3376 γὰρ,
1326 3309 1510 3377 φησὶν,
1541 3310 1578 3376 ἡ
1601 3309 1896 3376 παρθένος
1917 3309 1986 3361 ἐν

397 3397 608 3464 γαστρὶ
661 3396 806 3462 ἔξει,
863 3398 964 3451 καὶ
1017 3397 1247 3462 τέξεται
1289 3403 1440 3454 υἱόν.
1496 3402 1602 3454 Καὶ
1651 3403 1752 3455 οὐκ
1796 3399 1981 3455 εἶπεν·

398 3487 546 3541 Ἰδοὺ
595 3489 632 3555 ἠ
687 3489 864 3558 γυνή.
916 3489 1026 3542 Καὶ
1083 3490 1244 3542 πάλιν
1275 3493 1332 3542 ἐν
1390 3492 1560 3563 ἑτέρῳ
1600 3492 1750 3562 τόπῳ
1798 3491 1982 3560 λέγει’

398 3583 506 3634 Καὶ
543 3581 769 3645 τέξεται
791 3581 829 3648 ἠ
869 3581 1142 3651 δάμαλις,
1174 3583 1271 3636 καὶ
1299 3583 1576 3649 ἐροῦσιν·
1611 3587 1692 3638 Οὐ
1722 3584 1982 3638 τέτοκεν.

413 3673 630 3744 Ἐπειδὴ
659 3675 765 3744 γάρ
789 3691 932 3736 τινες
954 3673 1060 3726 τῶν
1090 3675 1403 3744 Μανιχαίων
1434 3677 1528 3728 καὶ
1552 3676 1985 3747 Μαρκιωνιστῶν

398 3765 648 3835 λέγουσιν
683 3755 846 3821 αὐτὸν
879 3769 954 3839 μὴ
987 3769 1259 3840 τετέχθαι.
1295 3769 1384 3823 διὰ
1416 3771 1574 3824 τοῦτο
1601 3772 1850 3836 τέξεται,
1886 3771 1985 3825 καὶ

397 3859 672 3927 ἐροῦσιν’
714 3863 795 3913 Οὺ
841 3860 1120 3914 τέτοκεν·
1170 3861 1356 3930 ἐπειδὴ
1391 3863 1450 3914 οὐ
1482 3863 1700 3918 τέτοκεν
1742 3865 1983 3936 ἡΜαρία

401 3954 464 4003 ὲκ
513 3951 829 4022 σπέρματος
870 3952 1083 4023 ἀνδρός.
1125 3952 1236 4004 Καὶ
1277 3949 1421 4006 οὗτοι
1473 3953 1735 4023 μανέντες
1767 3955 1983 4022 λέγουσι

397 4044 606 4113 ψευδῶς
647 4048 712 4097 ἐκ
766 4045 1082 4115 σπέρματος
1134 4045 1326 4115 ἀνδρὸς
1372 4046 1542 4116 αὐτὴν
1576 4047 1979 4114 γεγεννηκέναι.

402 4138 731 4206 Γεγέννηκεν
778 4133 869 4190 οὖν
903 4140 936 4207 ἡ
981 4137 1212 4206 δάμαλις
1245 4137 1400 4200 Θεόν,
1433 4139 1718 4208 ἄνθρωπον
1750 4141 1807 4190 ὲν
1847 4139 1981 4208 άλη-

399 4228 539 4300 θείᾳ.
579 4231 691 4281 Καὶ
719 4231 806 4282 ὅτι·
823 4230 920 4300 μὲν
959 4229 1189 4299 δάμαλις
1227 4232 1260 4300 ἡ
1287 4229 1561 4301 Παρθένος
1593 4231 1856 4292 καλεῖται,
1889 4231 1982 4282 καὶ

396 4321 458 4374 τὸ
508 4321 715 4390 ταύτης
757 4321 1006 4391 λείψανον
1037 4322 1377 4392 καθαρισμὸς
1405 4319 1471 4393 ἦν
1503 4322 1614 4374 τῶν
1647 4324 1984 4393 κεκοινωμέ-

397 4432 526 4478 νων,
560 4416 722 4468 ἄκουε
757 4413 850 4466 τοῦ
886 4415 1050 4484 νόμου
1078 4414 1330 4482 λέγοντος
1354 4431 1369 4446 ο
1406 4412 1561 4467 Λάϐε
1591 4432 1691 4483 μοι
1722 4413 1982 4482 δάμαλιν

2089 3212 2319 3266 minime
2350 3211 2500 3267 illius
2534 3218 2840 3282 parentem,
2883 3212 2978 3266 sed
3005 3213 3248 3281 parentis
3277 3213 3398 3269 loco
3425 3214 3672 3271 habitum

2089 3305 2304 3360 fuisse?
2328 3303 2465 3359 Ecce
2494 3305 2658 3368 enim,
2687 3304 2888 3374 inquit,
2926 3305 3073 3374 virgo
3109 3307 3389 3375 concipiet,
3424 3316 3475 3361 et
3502 3309 3673 3378 pariet

2089 3397 2265 3466 [ilium
2282 3396 2327 3452 ‘.
2380 3395 2499 3452 Non
2531 3397 2669 3451 dixit
2701 3415 2714 3450 :
2752 3395 2889 3450 Ecce
2935 3397 3148 3452 mulier.
3183 3398 3264 3452 Ac
3294 3414 3515 3454 rursum
3567 3401 3674 3455 alio

2088 3488 2248 3544 loco:
2287 3487 2357 3542 Et
2387 3489 2558 3558 pariet
2587 3488 2773 3554 vitula,
2804 3497 2853 3542 et
2883 3487 3057 3543 dicent
3085 3505 3103 3543 :
3129 3487 3255 3544 Non
3287 3492 3505 3562 peperit.
3537 3489 3671 3546 Nam

2089 3596 2214 3636 cum
2239 3579 2666 3636 Manichaeorum
2720 3596 2786 3636 ac
2812 3579 3293 3638 Marcionistarum
3321 3582 3543 3654 quidam
3575 3599 3671 3639 ne-

2087 3682 2215 3742 gent
2249 3673 2404 3726 illum
2445 3681 2608 3742 partu
2655 3673 2711 3726 in
2761 3673 2940 3728 lucem
2979 3675 3212 3739 editum,
3247 3675 3319 3731 ob
3351 3675 3430 3740 id,
3475 3678 3670 3745 pariet,

2088 3766 2287 3836 inquit,
2312 3777 2362 3820 et
2384 3766 2588 3820 dicent:
2615 3768 2735 3820 Non
2749 3768 2968 3836 peperit,
2985 3769 3243 3838 quoniam
3261 3768 3329 3824 de
3344 3768 3447 3823 viri
3465 3769 3671 3825 semine

2089 3855 2258 3910 Maria
2292 3872 2405 3911 non
2443 3859 2675 3928 peperit.
2704 3855 2774 3912 At
2831 3859 3028 3913 furiosi
3083 3859 3176 3914 isti
3225 3858 3292 3915 de
3321 3860 3427 3914 viri
3459 3863 3671 3917 semine

2088 3949 2231 4003 falso
2256 3949 2405 4004 illam
2441 3948 2727 4019 peperisse
2766 3948 3042 4002 dictitant.
3083 3949 3251 4019 lgitur
3281 3949 3450 4004 vitula
3494 3951 3670 4005 homi-

2086 4057 2212 4097 nem
2239 4042 2492 4096 eumdem
2531 4056 2596 4096 ac
2646 4040 2816 4095 Deum
2851 4057 2975 4096 vere
3025 4042 3114 4094 illa
3155 4042 3374 4111 quidem
3418 4043 3664 4113 peperit;

2090 4135 2274 4188 vitulae
2307 4148 2477 4203 porro
2519 4134 2740 4188 nomine
2779 4132 3058 4205 Virginem
3100 4135 3405 4201 nominari,
3439 4137 3668 4206 ejusque

2087 4227 2352 4296 reliquias
2381 4225 2450 4279 ad
2487 4241 2586 4281 eos
2613 4225 2708 4294 qui
2739 4225 2942 4296 impuri
2986 4236 3194 4289 essent,
3230 4228 3533 4298 expiandos
3573 4233 3668 4285 ad-

2086 4316 2262 4371 hiberi
2295 4317 2672 4380 consuevisse,
2713 4316 3177 4386 quemadmodum
3221 4321 3304 4373 lex
3348 4321 3464 4390 ipsa
3497 4331 3665 4379 teste-

2087 4415 2200 4470 tur,
2241 4407 2469 4477 accipe:
2528 4405 2707 4470 Sume,
2742 4407 2944 4475 inquit,
3002 4408 3226 4462 vitulam
3275 4411 3454 4479 rufam
3500 4415 3543 4467 ⁵.
3597 4415 3667 4470 Ut

395 4503 662 4572 πυρῤάν·
697 4504 784 4556 ἵνα
820 4503 970 4576 δείξῃ
995 4504 1055 4555 τὸ
1089 4503 1344 4555 ἐκλεκτὸν
1381 4503 1574 4567 σκεῦος
1615 4504 1712 4572 τῆς
1740 4503 1978 4574 Μαρίας,

2090 4500 2319 4554 electum
2350 4514 2448 4553 vas
2479 4496 2662 4552 Mariae
2700 4495 3059 4566 significaret,
3092 4509 3309 4569 propter
3342 4502 3555 4572 igneam
3607 4506 3664 4560 in

395 4595 484 4649 διὰ
510 4597 571 4648 τὸ
603 4596 884 4667 πυροειδὲς
910 4595 1008 4664 τῆς
1034 4594 1126 4648 τοῦ
1161 4595 1414 4665 Σωτῆρος
1449 4595 1700 4664 θεότητος
1733 4594 1981 4665 χωρηθὲν
2017 4597 2033 4617 ’

395 4689 454 4740 ἐν
488 4690 554 4758 τῇ
598 4687 879 4759 Παρθένῳ.
913 4687 1040 4754 Πῦρ
1071 4686 1184 4755 γὰρ
1235 4691 1268 4740 ὁ
1309 4687 1486 4753 Θεὸς,
1550 4688 1715 4758 φησὶ,
1762 4703 1982 4741 καταν-

395 4781 678 4834 αλίσκον.
697 4781 806 4832 Καὶ
836 4779 1000 4850 φησὶν
1017 4781 1045 4831 6
1064 4780 1228 4848 νόμος
1253 4778 1513 4848 δάμαλιν
1536 4779 1792 4846 πυρρὰν,
1817 4779 1908 4848 ἐφ’
1939 4779 1978 4848 ᾗ

395 4871 568 4942 ζυγὸς
616 4875 727 4926 οὐκ
787 4871 1156 4938 ἀναϐέϐηκεν
1201 4871 1299 4924 ἐπὶ
1349 4873 1456 4924 τὸν
1503 4871 1839 4939 τράχηλον·
1894 4871 1978 4922 ἵνα

393 4962 542 5034 δείξῃ
592 4963 689 5030 τὴν
744 4960 1022 5030 Παρθένον
1073 4959 1343 5030 δάμαλιν,
1397 4960 1470 5032 μὴ
1524 4959 1762 5028 γνοῦσαν
1816 4959 1980 5026 ζυγὸν

395 5054 572 5124 γάμου
595 5052 806 5125 ἀνδρός.
847 5052 1008 5104 Ἀλλὰ
1045 5051 1097 5103 τί
1138 5069 1227 5122 μοι
1260 5051 1328 5104 τὰ
1354 5052 1582 5105 πλεῖστα
1597 5051 1975 5118 διαλέγεσθαι;

402 5146 468 5208 ii;
490 5145 652 5198 πάλιν
695 5144 921 5207 Ἡσαΐας
948 5143 1052 5214 ἔφη
1082 5145 1146 5195 ὲκ
1179 5143 1473 5213 προσώπου
1508 5144 1600 5196 τοῦ
1625 5144 1858 5217 Κυρίου·
1896 5144 1978 5196 ὅτι

402 5237 547 5294 Λάϐε
594 5253 693 5290 σοι
728 5237 912 5305 τόμον
958 5234 1182 5304 χάρτου
1236 5235 1446 5288 καινοῦ
1479 5233 1782 5303 μεγάλου⁵
1814 5234 1978 5304 τόμον

401 5329 478 5383 διὰ
513 5329 575 5381 τὸ
603 5325 742 5381 εἶναι
777 5327 874 5398 μὲν
897 5325 994 5397 τὴν
1023 5325 1300 5397 Παρθένον
1335 5329 1399 5380 ὲκ
1424 5327 1740 5397 σπέρματος
1763 5326 1976 5398 ἀνδρὸς,

402 5420 694 5492 τετμῆσθαι
741 5419 797 5472 δὲ
839 5419 947 5472 ἀπὸ
980 5419 1180 5489 μίξεως
1212 5419 1443 5490 ἀνδρῶν,
1480 5419 1576 5472 καὶ
1612 5419 1671 5470 τὸ
1699 5417 1977 5488 τμηθῆναι

384 5503 500 5629 fab
525 5514 625 5584 τῆς
657 5511 766 5566 τῶν
786 5510 1090 5584 ἀνθρώπων
1119 5511 1260 5565 κατὰ
1293 5511 1453 5581 φύσιν
1486 5510 1796 5582 συνηθείας.
1824 5509 1976 5564 Πάν-

462 5696 478 5726 ¹
515 5693 990 5766 ματαιοφροσύνης
1027 5691 1157 5766 διδ.-
1203 5689 1376 5743 ’Luc.
1410 5705 1470 5766 ιι,
1494 5689 1562 5744 48
1602 5704 1727 5760 sqq.
1803 5688 1824 5720 ³
1852 5687 1988 5744 Luc.

2090 5687 2222 5758 ,25.
2299 5687 2322 5720 ι
2358 5685 2464 5746 lsa.
2497 5689 2690 5757 νίκη.

389 5768 479 5824 29.
515 5760 527 5766 ’
559 5770 576 5799 ⁷
610 5760 770 5821 Num.
801 5780 916 5827 xu,
946 5760 1001 5817 ‘2.
1081 5763 1101 5792 ⁸
1141 5760 1246 5815 lsa.
1281 5777 1398 5825 VIII,
1435 5762 1486 5818 1.

713 5860 986 5918 Parum“
1012 5857 1130 5918 GR.
1170 5855 1332 5915 XLI.

2087 4591 2374 4647 Salvatore
2391 4593 2500 4646 vim
2524 4590 2850 4654 divinitatis,
2867 4605 3030 4659 quam
3053 4592 3208 4660 virgo
3229 4596 3497 4664 capiebat.
3523 4595 3663 4651 Deus

2082 4685 2245 4747 enim,
2272 4683 2472 4754 inquit,
2513 4683 2651 4752 ignis
2681 4698 2995 4736 consumens
3032 4693 3110 4736 est
3128 4684 3168 4737 ³.
3209 4685 3302 4739 Ait
3355 4688 3522 4758 igitur
3578 4692 3664 4745 lex

2082 4775 2308 4828 vitulam
2345 4774 2524 4844 rufam
2548 4813 2564 4836 ,
2612 4773 2765 4842 cujus
2805 4773 2944 4827 collo
2966 4774 3198 4828 nondum
3245 4779 3548 4846 impositum
3586 4791 3664 4834 est

2072 4868 2265 4938 jugum
2298 4868 2351 4932 ";
2405 4874 2466 4921 ut
2514 4865 2794 4937 Virginem
2857 4868 3006 4922 illam
3064 4883 3188 4924 esse
3217 4869 3441 4924 vitulam
3489 4873 3662 4942 signi-

2083 4963 2228 5025 licet,
2261 4975 2382 5029 qua:
2428 4959 2744 5028 nuptiarum
2778 4960 2912 5031 jugo
2953 4962 3222 5016 cervicem
3253 4963 3496 5017 nonduin
3533 4969 3665 5020 sub-

2081 5052 2317 5106 miserit.
2339 5049 2542 5106 Verum
2567 5053 2698 5122 quid
2722 5053 2814 5106 hic
2846 5054 3098 5123 pluribus
3125 5053 3408 5125 disputare
3435 5072 3664 5113 necesse

2081 5143 2198 5198 est?
2229 5150 2323 5196 aut
2363 5143 2498 5198 illud
2531 5144 2710 5213 ipsum
2745 5159 3203 5211 commemorare,
3235 5146 3380 5216 quod
3415 5147 3519 5201 sub
3553 5148 3663 5205 Do-

2081 5235 2214 5288 mini
2239 5250 2474 5305 persona
2499 5236 2637 5290 dixit
2668 5234 2839 5291 lsaias
2865 5255 2878 5290 :
2905 5239 3095 5308 Accipe
3125 5251 3446 5310 segmentum
3465 5241 3665 5298 charta:

2081 5328 2302 5381 recentis
2338 5344 2400 5380 ac
2431 5328 2653 5396 majoris
2677 5329 2735 5381 εἳ
2769 5329 2869 5384 Ubi
2903 5333 3169 5400 segmenti
3212 5349 3347 5388 usus
3390 5342 3472 5388 est
3502 5351 3665 5390 voca-

2080 5419 2234 5484 bulo,
2267 5419 2416 5488 quod
2444 5419 2550 5474 etsi
2577 5435 2607 5474 e
2636 5419 2782 5474 virili
2806 5423 3015 5476 semine
3045 5434 3343 5493 propagata
3376 5426 3448 5481 sit
3473 5425 3663 5496 Virg”,

2083 5511 2273 5566 eadem
2308 5519 2491 5567 tamen
2523 5512 2594 5566 sit
2621 5511 2690 5566 ab
2715 5512 2958 5568 humano
2991 5515 3285 5592 concubitu
3314 5519 3663 5589 naturalique

2782 5689 2804 5723 ⁸
2831 5689 2997 5749 Num.
3029 5709 3145 5762 xu,
3177 5693 3229 5748 2.
3313 5695 3332 5725 ⁸
3363 5694 3527 5752 Hebr.
3568 5712 3659 5766 xu,

3319 5860 3394 5920 15
