4170 6372
495 315 600 374 4'39

1898 322 1953 377 S.
1995 316 2338 375 EPlPllANll

3678 319 3783 377 460

501 434 778 490 hominum
806 438 1204 493 consuetudine
1230 440 1380 495 velut
1409 452 1580 496 secta.
1605 442 1856 499 Universi
1883 445 2077 515 quippe

2190 459 2280 504 τες
2321 441 2429 510 γὰρ
2462 439 2739 509 ἄνθρωποι
2786 438 2850 490 ὲκ
2885 437 3192 508 σπέρματος
3239 458 3424 506 ..η-(τις
3460 437 3779 505 γεννῶνται.

501 528 750 582 homines
787 544 817 584 e
853 529 995 584 virili
1025 533 1234 586 semine
1282 535 1604 604 gignuntur.
1639 535 1709 589 At
1755 537 1961 592 Christi
1991 553 2086 608 ge-

498 620 714 672 neratio
743 622 821 672 uti
872 622 1201 677 naturaliter
1252 639 1316 678 ex
1359 626 1609 690 niuliere,
1659 626 1828 683 Maria
1875 629 2088 684 scilicet

501 709 746 780 Virgine,
786 721 1041 766 naturam
1087 715 1243 769 duxit
1283 717 1603 785 humanam,
1638 718 1710 772 ita
1746 727 1947 790 praeter
1991 735 2087 773 na-

497 809 674 854 turam
723 802 792 855 ab
831 804 1061 874 originis
1113 806 1366 863 humana:
1418 811 1822 865 consuetudine
1875 819 2087 866 resecta

497 901 615 947 est:
648 893 697 946 id
728 895 875 963 quod
910 895 1153 951 Jacobus
1193 898 1259 953 de
1290 914 1356 953 eo
1389 901 1716 969 pronuntiat
1749 902 1834 956 his
1863 902 2084 956 verbis:

503 981 583 1034 Ex
605 985 858 1053 germine,
883 985 964 1054 ﬁli
989 988 1080 1052 mi,
1098 989 1386 1042 ascendiin
1409 992 1447 1044 ί.
1480 989 1596 1044 Νοη
1624 990 1760 1045 dixit
1783 1009 1795 1045 :
1819 989 1866 1044 E
1895 993 2088 1047 semine

499 1077 804 1132 ascendisti.
843 1080 1023 1150 Atque
1069 1081 1276 1137 idcirco
1305 1081 1475 1139 Isaias
1517 1085 1804 1155 propheta,
1839 1086 1953 1140 sive
1992 1102 2090 1156 po-

499 1172 609 1224 tius
651 1171 803 1226 lsaize
849 1171 1116 1228 Dominus
1151 1174 1296 1228 hunc
1333 1175 1387 1228 in
1421 1176 1644 1230 modum
1697 1177 1916 1232 locutus
1957 1185 2084 1232 est:

501 1261 660 1316 Sume
689 1262 785 1315 tibi
813 1261 1015 1317 charta:
1042 1275 1384 1332 segmentum.
1416 1264 1539 1330 Quo
1569 1266 1789 1336 quidem
1824 1267 2086 1321 usitatum

498 1354 819 1409 hominibus
847 1355 1124 1410 scribendi
1149 1371 1355 1412 morem
1381 1372 1446 1410 ac
1478 1358 1745 1413 rationem
1777 1359 2084 1428 expressit:

498 1463 607 1517 quo
650 1448 884 1518 pertinet
917 1447 1050 1501 illud
1083 1465 1112 1502 e
1165 1449 1377 1520 psalmo
1410 1464 1650 1504 cxxxvm
1681 1469 1694 1504 :
1729 1448 1795 1503 In
1828 1451 1962 1505 libro
1998 1460 2086 1504 tuo

495 1557 674 1595 omnes
707 1541 1150 1604 scrtbentur,dies
1194 1542 1592 1611 formabuntur,
1615 1555 1662 1598 et
1688 1560 1838 1598 nemo
1862 1545 1916 1598 in
1953 1545 2082 1599 eis’.

495 1632 632 1686 Nam
681 1648 804 1687 cum
857 1633 1000 1688 libro
1058 1641 1276 1688 uterum
1329 1635 1690 1705 comparavit.
1749 1634 2082 1706 Propterea:

497 1724 894 1794 Imperfectum,
941 1728 1038 1791 ait,
1095 1744 1266 1782 meum
1305 1729 1546 1782 viderunt
1580 1729 1723 1783 oculi
1772 1731 1848 1782 tui
1875 1729 1933 1782 ³;
1981 1728 2086 1782 hoc

497 1827 601 1885 est,
623 1819 1064 1874 Proseminatum
1098 1835 1184 1877 me
1217 1830 1511 1892 antequam
1543 1822 1775 1892 lingerer
1795 1821 2080 1893 cognosti:

498 1911 609 1968 imo
640 1914 804 1968 etiam
839 1921 1135 1983 antequam
1177 1915 1586 1984 proseminatus
1619 1914 1809 1970 forem.

568 2088 762 2144 XXXI.
817 2089 924 2145 Sed
977 2088 1246 2145 Hebraica
1313 2105 1419 2145 vox
1469 2090 1786 2161 expressius
1819 2089 2079 2161 quiddam

495 2193 677 2238 sonat.
730 2181 838 2238 Pro
870 2199 934 2237 eo
983 2182 1127 2238 enim
1164 2181 1314 2254 quod
1366 2182 1637 2253 legimus:
1682 2179 2078 2252 Imperfectum,

495 2275 699 2329 habent
733 2273 834 2339 illi,
857 2270 1067 2338 'Golme,
1109 2271 1258 2343 quod
1285 2271 1430 2326 idem
1453 2281 1542 2328 est
1574 2278 1738 2341 atque
1774 2271 1936 2336 alica,
1966 2270 2081 2325 sive

495 2383 721 2437 granum
769 2364 984 2428 similaz,
1021 2364 1166 2433 quod
1200 2363 1458 2418 videlicet
1506 2363 1746 2417 nondum
1795 2363 1849 2417 in
1884 2377 2080 2434 panem

498 2462 724 2527 coaluit,
763 2475 828 2514 ac
866 2461 1154 2515 subactum
1177 2465 1280 2524 est,
1318 2457 1474 2529 157
1511 2458 1606 2513 sed
1635 2475 1666 2514 e
1703 2465 1936 2513 contuso
1965 2458 2080 2510 tiru-

495 2553 666 2608 menti
709 2568 881 2624 grano
923 2553 1070 2608 velut
1121 2552 1360 2609 medulla
1397 2551 1654 2622 quaedam
1705 2550 1966 2614 crassior,
2017 2566 2081 2602 ac

501 2647 696 2702 minuti
728 2646 923 2702 calculi
951 2647 1129 2700 instar
1151 2653 1254 2701 est.
1289 2643 1380 2699 Sic
1412 2646 1578 2715 igitur
1599 2659 1662 2699 ea
1681 2659 1815 2699 voce
1844 2644 2078 2714 idipsmn

499 2738 648 2810 quod
682 2738 740 2792 in
779 2738 989 2794 semine
1024 2737 1263 2792 hominis
1301 2738 1444 2793 inest
1479 2736 1818 2791 simillimum
1855 2750 2082 2790 accura-

500 2832 614 2884 tius
644 2828 952 2898 exprimere
992 2828 1184 2892 voluit,
1217 2843 1344 2881 cum
1379 2827 1518 2882 dixit
1551 2845 1563 2881 :
1599 2825 1994 2896 Imperfectum,
2026 2826 2078 2879 id

499 2932 584 2979 est
625 2919 859 2975 informe
888 2919 1001 2990 jam
1031 2930 1145 2974 tum
1189 2936 1255 2976 ex
1294 2928 1471 2986 utero,
1521 2920 1630 2973 imo
1668 2927 1794 2974 ante
1839 2927 2077 2985 uterum,

499 3018 738 3071 viderunt
765 3012 905 3067 oculi
931 3014 1029 3067 tui.
1052 3011 1214 3068 Novit
1243 3014 1388 3068 enim
1415 3014 1598 3068 omnia
1624 3013 1768 3068 Deus
1789 3022 2078 3084 antequam

499 3113 651 3173 tiant,
688 3116 748 3161 ut
783 3115 869 3163 est
898 3106 1230 3177 scripturn".
1283 3107 1360 3161 Ac
1410 3107 1555 3173 libri,
1615 3108 1948 3178 segmentive
1978 3123 2078 3162 no-

499 3202 646 3256 mine
695 3209 978 3254 naternus
1029 3207 1218 3255 uterus
1265 3197 1561 3255 indicatur.
1612 3198 1796 3270 Neque
1841 3215 1971 3254 vero
2007 3199 2079 3253 ita

497 3293 714 3347 locutus
742 3300 860 3348 est:
897 3292 1064 3347 Sume
1087 3291 1184 3346 tibi
1205 3290 1402 3345 librum
1425 3331 1438 3354 ,
1473 3292 1555 3345 vel
1603 3291 1889 3346 Sumetibi
1919 3291 2082 3344 char-

497 3390 653 3436 tam:
684 3397 874 3436 verum
915 3390 1137 3446 tomum,
1185 3383 1291 3436 hoc
1333 3389 1418 3437 est
1459 3389 1823 3453 segmentum,
1855 3392 2078 3452 propter

497 3475 670 3536 illam,
699 3490 821 3544 quae
855 3476 912 3529 in
953 3474 1353 3530 consuetudine
1393 3475 1677 3530 hominum
1727 3483 1969 3546 apparet,
2001 3476 2079 3528 si-

496 3568 883 3623 militudinem.
921 3566 1029 3624 Sed
1055 3567 1292 3633 addidit,
1330 3567 1550 3637 chartw,
1587 3577 1645 3623 ut
1675 3569 1822 3622 illam
1846 3569 1900 3622 in
1924 3578 2080 3624 utero

494 3659 644 3714 velut
695 3660 974 3715 scribendi
1024 3661 1134 3714 vim
1175 3659 1502 3716 declararet.
1556 3660 1862 3727 Postremo,
1910 3677 2078 3724 nocte,

495 3753 752 3822 subjecit,
812 3753 882 3806 ob
916 3761 1192 3808 recentem
1242 3753 1674 3823 inviolatumque
1719 3753 1992 3808 castitatis
2024 3755 2076 3807 in

494 3844 722 3915 Virgine
769 3843 981 3900 ﬂorem.
1036 3842 1229 3914 Magna
1266 3844 1468 3914 quippe
1507 3859 1690 3898 coram
1733 3844 1842 3900 Deo
1874 3846 2079 3914 pariter

494 3946 549 3992 et
588 3937 904 3992 hominibus
943 3935 1113 3990 Maria
1159 3935 1324 4007 Virgo
1361 3937 1589 3991 exstitit.
1627 3937 1762 4003 Quis
1791 3938 1934 3992 enim
1967 3953 2075 3991 non

495 4038 614 4075 eam
654 4038 903 4092 magnam
941 4021 1218 4092 prtedicet,
1255 4038 1376 4091 qua:
1421 4023 1576 4076 illum
1628 4023 1719 4092 qui
1758 4024 1876 4093 capi
1925 4025 2077 4078 nullo

493 4113 656 4168 modo
694 4121 891 4184 potest,
915 4114 1144 4184 ceperit,
1179 4130 1325 4177 eum,
1346 4115 1590 4184 inquam,
1614 4117 1706 4185 qui
1737 4117 1877 4170 coelo
1904 4126 2077 4170 terra-

490 4221 598 4272 que
649 4203 924 4258 contineri
979 4202 1204 4272 nequit?
1259 4203 1359 4267 Qui
1413 4201 1686 4272 ejusmodi
1741 4218 1864 4257 cum
1907 4210 2072 4266 esset,

492 4305 688 4366 sponte
717 4310 818 4351 sua
855 4309 919 4349 ac
963 4295 1267 4358 voluntate,
1301 4311 1414 4349 non
1454 4294 1790 4351 necessitate
1828 4309 2076 4366 compre-

491 4389 657 4443 hendi
688 4402 748 4442 se
775 4402 974 4456 passus
1014 4395 1118 4442 est.
1149 4385 1293 4458 Ergo
1333 4402 1591 4458 magnum
1642 4387 1776 4442 illud
1816 4388 2074 4442 volumen

2207 537 2268 587 Ἠ
2302 534 2360 587 δέ
2394 533 2486 586 τοῦ
2522 531 2758 603 Χριστοῦ
2791 532 3044 601 γέννησις
3096 530 3236 584 κατὰ
3264 531 3424 600 φύσιν
3464 530 3564 600 μὲν
3595 546 3783 596 γυναι-

2194 626 2289 688 κὸς
2343 624 2624 696 Παρθένου
2679 624 2898 694 Μαρίας
2942 623 3040 693 τὴν
3092 621 3506 692 ἐνανθρώπησιν
3557 620 3781 691 ἔσχηκε,

2192 717 2343 789 παρὰ
2379 716 2542 785 φύσιν
2572 716 2629 769 δὲ
2663 715 2876 786 ἐτμήθη
2912 714 3017 766 ἀπὸ
3042 715 3141 784 τῆς
3181 713 3325 766 κατὰ
3351 714 3451 782 τὴν
3492 713 3779 784 άνθρωπόυ-

2190 827 2328 880 τητα
2355 807 2678 870 ἀκολουθίας
2704 823 2719 838 ο
2751 807 2826 869 ὼς
2868 805 2963 859 καὶ
3005 803 3202 857 Ἰακὼϐ
3237 805 3366 875 περὶ
3402 803 3567 856 αὑτοῦ
3598 804 3777 872 λέγει·

2189 897 2287 950 Ἐκ
2337 896 2642 961 βλαστοῦ,
2686 894 2778 949 υιέ
2822 912 2962 963 μου,
3003 894 3254 961 ἀνέϐηςο
3305 895 3400 946 xal
3443 895 3546 946 οὐκ
3589 890 3776 956 εἶπεν·

2189 991 2292 1043 Ἐκ
2333 990 2676 1057 σπέρματος
2713 987 2954 1054 ἀνέϐης.
2981 985 3090 1038 Kal
3125 985 3316 1038 τούτου
3358 986 3517 1057 χάριν
3556 985 3719 1056 φησὶν
3753 987 3782 1038 ὁ

2190 1083 2345 1150 ἅγιος
2381 1082 2607 1143 Ἡσαΐας
2631 1083 2658 1133 ὁ
2690 1082 2994 1152 προφήτης,
3027 1079 3227 1148 μᾶλλον
3259 1079 3316 1131 δὲ
3346 1081 3373 1130 ὁ
3400 1078 3602 1148 Κύριος
3632 1077 3781 1146 αὐτῷ

2189 1173 2366 1242 λέγει·
2408 1173 2565 1226 Λάϐε
2608 1171 2845 1238 σεαυτῷ
2882 1173 3070 1240 νόμον
3115 1170 3337 1241 χάρτου
3363 1190 3375 1202 ·
3424 1171 3484 1224 τὸ
3514 1166 3654 1234 εἶδος
3681 1171 3779 1239 τῆς

2193 1265 2482 1337 συνηθείας
2514 1265 2816 1336 σημαίνων,
2845 1265 2903 1317 ἐν
2942 1258 2986 1330 ᾧ
3010 1263 3080 1316 τὰ
3125 1265 3304 1317 πάντα
3337 1265 3639 1336 γράφουσιν
3672 1265 3779 1316 υἱοὶ

2188 1359 2297 1412 τῶν
2327 1357 2652 1429 ἀνθρώπων,
2689 1358 2764 1422 ὡς
2800 1359 2895 1410 καὶ
2945 1359 3001 1409 ἐν
3034 1357 3111 1427 τῷ
3149 1356 3428 1426 ἑκατοστῷ
3473 1356 3778 1426 τριακοστῷ

2188 1453 2360 1523 ὀγδόῳ
2396 1451 2597 1522 ψαλμῷ
2628 1451 2807 1518 λέγει·
2857 1449 2989 1503 Ἐπὶ
3024 1449 3092 1502 τὸ
3119 1449 3364 1513 ,βιϐλίον
3407 1464 3524 1503 σου
3556 1449 3778 1513 πάντες

2191 1543 2627 1615 magno-creat,
2659 1541 2884 1612 ἡμέρας
2925 1541 3410 1607 πλασθήσονται,
3450 1541 3544 1594 καὶ
3578 1541 3779 1608 οὐδεὶς

2189 1637 2258 1689 ἐν
2286 1635 2510 1700 αὐτοῖς.
2563 1633 2763 1704 Βιϐλίῳ
2795 1633 2902 1704 γάρ
2947 1633 3218 1686 ἀπείκασε
3266 1634 3366 1703 τὴν
3413 1635 3644 1704 μήτραν.
3677 1632 3778 1686 Διὰ

2190 1728 2345 1781 τοῦτο
2385 1730 2413 1779 ὁ
2451 1726 2615 1779 Δασὶδ
2656 1725 2840 1793 λέγει·
2875 1725 2945 1778 Td
2986 1724 3437 1792 άκατέργαστόν
3461 1744 3578 1794 μου
3611 1721 3778 1778 εἶδον

2117 1795 2160 1850 Β
2191 1825 2242 1875 οἱ
2273 1820 2570 1890 δφθαλμοί
2613 1835 2729 1872 σου
2754 1835 2767 1848 °
2814 1816 3099 1879 τουτέστι,
3134 1817 3418 1889 Σπαρέντα
3457 1818 3588 1888 πρὶν
3619 1817 3777 1870 ἀπει-

2188 1913 2506 1982 κονισθῆναί
2541 1929 2607 1982 με
2651 1911 2822 1980 ἔγνως
2853 1927 2950 1980 με·
2985 1910 3275 1981 πρότερον,
3321 1909 3452 1980 πρὶν
3492 1908 3583 1962 τοῦ
3635 1925 3777 1962 σπα-

2189 2007 2345 2078 ρῆναί
2379 2023 2443 2074 με
2455 2046 2466 2058 .
2783 2023 2786 2028 ·

2257 2096 2382 2150 ΛΑ⁹.
2422 2097 2480 2149 Ὀ
2514 2095 2571 2148 δὲ
2617 2093 2902 2165 Ἐϐραῖκδς
2938 2091 3268 2163 θαυμαστῶς
3314 2090 3374 2144 τὸ
3408 2091 3558 2162 ῥῆμα
3603 2108 3777 2162 σαφη-

2185 2189 2336 2252 νίζει.
2371 2188 2439 2241 Td
2467 2186 2918 2256 ἀκατέργαστον
2950 2187 3058 2257 γὰρ
3107 2183 3301 2255 Talai;
3339 2184 3447 2253 (18)
3479 2183 3766 2247 ἐκάλεσαν,

2180 2284 2316 2354 ὅπερ
2339 2280 2698 2353 ἑρμηνεύεται
2741 2279 3015 2348 χόνδρος,
3051 2279 3086 2348 ἦ
3124 2276 3494 2347 σεμιδάλεως
3524 2277 3769 2343 κόκκος,

2183 2369 2345 2440 δῆθεν
2377 2368 2439 2421 τὸ
2487 2369 2711 2440 μηδέπω
2749 2370 2829 2431 εἰς
2873 2369 3036 2438 ἄρτον
3085 2367 3336 2420 συνελθὸν
3370 2368 3464 2420 καὶ
3505 2365 3772 2438 φυραθὲν,

2185 2459 2297 2514 ἀλλ’
2321 2461 2396 2523 ὡς
2420 2461 2526 2513 ἀπὸ
2545 2462 2744 2514 κόκκου
2770 2461 2916 2514 σίτου
2943 2460 3149 2532 τμηθὲν
3171 2461 3390 2532 χόνδρον
3412 2461 3444 2532 ἢ
3470 2461 3772 2532 χονδρίτης,

2184 2552 2216 2623 ἢ
2248 2552 2419 2623 λεπτὴ
2447 2553 2638 2622 ψηφὶς,
2675 2553 2798 2623 ἥτις
2837 2553 2901 2605 ἐκ
2953 2551 3284 2622 σεμιδάλεως
3323 2551 3550 2620 γίνεται.
3587 2549 3773 2614 Οὕτως

2183 2646 2243 2698 τὸ
2275 2645 2528 2698 ἰσότυπον
2562 2644 2656 2697 τοῦ
2704 2645 2876 2707 εἴδους
2920 2644 2978 2697 τὸ
3024 2644 3354 2714 τεμνόμενον
3393 2642 3453 2707 ἐξ
3482 2642 3771 2714 ἀνθρώπου

2182 2740 2263 2800 εἰς
2288 2737 2384 2808 τὴν
2416 2735 2624 2807 σπορὰν
2659 2735 3030 2808 ἀκριϐολογῶν
3060 2734 3330 2800 ἀπέδειξε,
3367 2734 3459 2786 καὶ
3482 2735 3666 2805 φησὶν,
3691 2736 3772 2797 εἰς

2194 2830 2421 2884 Ἑλλάδα
2473 2828 2749 2882 διάλεκτον
2805 2827 3242 2899 ἐρμηνευομένου
3290 2826 3384 2880 τοῦ
3428 2826 3588 2893 λόγου
3617 2867 3632 2891 ,
3700 2825 3771 2879 Td

2183 2923 2649 2991 ἀκατέργαστον,
2673 2921 2922 2973 τουτέστι
2945 2919 3005 2972 τὸ
3029 2919 3304 2974 ἄπλαστον
3325 2918 3404 2972 ἑτι
3427 2921 3482 2972 ἐν
3506 2919 3702 2990 κοιλίᾳ,
3735 2919 3769 2988 ἢ

2184 3016 2292 3087 πρὸ
2321 3015 2528 3077 κοιλίας
2552 3010 2716 3067 εἶδον
2739 3016 2792 3066 οἱ
2824 3013 3122 3082 ὀφθαλμοί
3149 3028 3286 3066 σου.
3317 3005 3438 3064 Οἵδε
3461 3011 3570 3082 γὰρ
3594 3012 3770 3064 πάντα

2185 3105 2316 3167 Θεὸς
2349 3106 2475 3176 πρὶν
2499 3103 2774 3171 γενέσθαι,
2803 3103 2878 3166 ὡς
2903 3102 3233 3174 γέγραπται.
3271 3102 3418 3174 Πλὴν
3451 3101 3651 3172 βιϐλίον
3680 3102 3772 3154 καὶ

2187 3196 2351 3264 τόμος
2397 3197 2581 3264 μήτρα
2627 3194 2839 3262 ἐστὶνὴ
2880 3193 3274 3263 σημαινομένη.
3319 3193 3426 3245 Καὶ
3477 3192 3577 3245 οὐκ
3626 3187 3770 3244 εἴπεο

2183 3285 2330 3336 Λάϐε
2390 3283 2603 3354 σεαυτῷ
2673 3283 2900 3353 βιϐλίον,
2968 3283 3000 3355 ἢ
3071 3283 3217 3337 Λάϐε
3271 3284 3482 3355 σεαυτῷ
3540 3285 3770 3355 χάρτην,

2183 3375 2319 3429 ἀλλὰ
2352 3376 2558 3444 τόμον,
2588 3374 2678 3427 διὰ
2701 3375 2761 3426 τὸ
2800 3373 2995 3438 ἰδιάζον
3028 3375 3176 3447 παρὰ
3209 3375 3306 3447 τὴν
3332 3375 3440 3428 τῶν
3466 3375 3768 3447 ἀνθρώπων

2185 3467 2490 3537 συνήθειαν.
2543 3465 2792 3534 Χάρτου,
2831 3466 2919 3519 διὰ
2965 3467 3026 3519 τὸ
3075 3467 3348 3538 γραφικὺν
3389 3469 3487 3540 τῆς
3534 3470 3767 3539 μήτρας.

2190 3559 2433 3625 Καινοῡ,
2467 3559 2556 3612 διὰ
2585 3560 2646 3612 τὸ
2684 3558 2869 3611 καινὸν
2898 3561 2995 3628 τῆς
3025 3559 3326 3630 Παρθένου,
3357 3561 3450 3614 καὶ
3476 3561 3766 3632 ἄχραντον.

2182 3649 2411 3720 Μεγάλη
2454 3649 2563 3722 γὰρ
2605 3650 2680 3713 ὡς
2712 3650 2928 3720 άληθῶς
2968 3651 3201 3723 Μαριὰμ
3233 3654 3266 3722 ἡ
3315 3653 3447 3720 ἁγία
3493 3652 3768 3724 Παρθένος

2183 3745 2414 3797 ἐνώπιον
2442 3745 2576 3797 Θεοῦ
2613 3747 2708 3798 καὶ
2741 3745 3064 3816 ἀνθρώπων.
3101 3747 3224 3809 Πῶς
3252 3747 3360 3818 γὰρ
3394 3748 3494 3800 οὐκ
3526 3747 3590 3800 ἂν
3617 3748 3770 3801 εἶπο-

2185 3854 2282 3907 μεν
2315 3836 2520 3906 ταύτην
2561 3836 2825 3907 μεγάλην,
2857 3838 3186 3909 χωρήσασαν
3227 3838 3317 3890 τὸν
3359 3837 3664 3910 άχὼρητον,
3705 3839 3768 3890 ὃν

2179 3929 2405 4000 οὐρανὸς
2436 3929 2531 3980 καὶ
2569 3929 2638 4000 γῆ
2674 3933 2872 4000 χωρεῖν
2897 3931 2958 3982 οὐ
2988 3930 3268 3995 δύνανται;
3308 3930 3480 3994 Αὐτὸς
3507 3930 3585 3994 δὲ,
3620 3930 3766 4000 ἀχώ-

2182 4040 2343 4094 ρητος
2383 4021 2480 4085 ὢν,
2525 4023 2667 4075 κατὰ
2703 4023 2840 4075 ἰδίαν
2870 4023 3187 4094 προαίρεσιν
3218 4024 3311 4076 καὶ
3343 4023 3591 4079 εὐδοκίαν
3629 4027 3766 4096 ἐχω-

2185 4113 2324 4184 ρήθη
2379 4112 2726 4183 βουλόμενος,
2769 4112 2864 4165 καὶ
2900 4114 2958 4165 οὑ
3017 4113 3159 4166 κατὰ
3204 4115 3468 4184 ἀνάγκην.
3518 4115 3608 4167 Διὸ
3669 4115 3764 4186 μέ-

2180 4221 2283 4270 γας
2334 4205 2361 4256 ὁ
2419 4205 2586 4273 τόμος
2655 4203 2750 4255 καὶ
2807 4205 3032 4267 καινός·
3086 4205 3261 4276 μέγας
3307 4206 3396 4259 διὰ
3433 4206 3494 4258 τὸ
3534 4207 3762 4278 θαῦμαο

2179 4296 2383 4359 καινὸς,
2413 4296 2494 4349 ὅτι
2519 4295 2806 4366 παρθένος.
2843 4298 2972 4360 Καὶ,
2998 4298 3268 4366 Γράψον,
3299 4299 3482 4370 φησιν,
3509 4300 3579 4351 ἐν
3600 4300 3764 4366 αὐτῷ

2178 4387 2416 4458 ψαφίδι
2449 4388 2785 4454 ἀνθρώπου.
2820 4389 2930 4442 Καὶ
2967 4391 3068 4444 οὐκ
3108 4387 3250 4444 εἴπεο
3285 4393 3491 4463 Γράφει
3527 4395 3584 4446 ἐν
3614 4394 3762 4464 αὐτῷ

489 4489 574 4536 est
639 4494 703 4533 ac
755 4495 966 4534 recens.
1031 4477 1308 4550 Magnum,
1359 4480 1428 4534 ob
1463 4482 1823 4534 miraculum:
1860 4495 2072 4541 recens,

2181 4498 2261 4544 τις
2291 4479 2512 4551 γραφίδι
2557 4479 2866 4550 ἀνθρώπου·
2915 4480 3038 4533 οὐδὲ
3086 4476 3228 4534 εἴπεο
3279 4483 3318 4534 Γ
3324 4483 3484 4554 paea;
3517 4485 3575 4536 ἐν
3614 4485 3761 4555 αὐτῷ

489 4574 616 4644 quia
667 4573 820 4642 virgo
875 4571 1000 4625 fuit.
1067 4571 1317 4628 Deinde:
1379 4573 1581 4638 Scribe,
1643 4573 1840 4643 inquit,
1899 4574 1953 4626 in
2007 4589 2066 4626 eo

495 4667 629 4735 ctylo
687 4664 932 4717 hominis.
991 4663 1112 4720 Non
1145 4665 1280 4719 dicit
1345 4685 1357 4719 :
1425 4665 1660 4731 Scribet,
1694 4668 1749 4719 in
1798 4681 1864 4720 eo
1917 4666 2071 4735 quis-

495 4758 637 4827 piam
682 4755 919 4808 hominis
960 4755 1136 4825 stylo;
1188 4771 1387 4826 neque,
1436 4756 1651 4811 Scribet
1680 4758 1736 4810 in
1783 4773 1849 4811 eo
1883 4757 2068 4817 homo,

495 4863 556 4904 I:e
588 4863 749 4917 quam
783 4847 910 4902 inde
941 4845 1114 4902 Ebion
1154 4848 1502 4904 occasionem
1535 4850 1822 4919 arriperet.
1853 4849 1990 4904 Nam
2021 4851 2069 4904 si

494 4940 558 4997 ita
611 4941 862 5004 dixisset,
919 4937 1136 4994 Scribet
1187 4939 1243 4993 in
1287 4955 1353 4994 eo
1406 4940 1588 5000 homo,
1623 4941 1878 5011 colligere
1906 4958 1970 4996 ex
2002 4959 2067 4996 eo

489 5038 694 5102 posset,
728 5036 964 5084 satorem
1003 5027 1178 5085 fuisse
1213 5027 1534 5100 Joscplium,
1563 5029 1952 5101 Christumque
1983 5034 2064 5087 vi-

554 5151 572 5182 ι
605 5147 743 5204 Gen.
779 5165 932 5214 κως,
959 5149 1013 5203 4.
1094 5151 1114 5180 ¹
1141 5147 1288 5204 Psal.
1325 5165 1593 5218 cxxxvm,
1631 5149 1720 5206 16.

552 5242 663 5314 (48)
709 5243 780 5298 Τὸ
811 5243 1260 5314 ἀκατέργαστον
1294 5245 1404 5316 γὰρ
1443 5247 1656 5317 γολμή.
1699 5246 1893 5300 Mirum
1920 5249 2066 5304 unde

483 5333 626 5388 hanc
655 5332 936 5390 Hebraica:
959 5336 1114 5390 vocis
1143 5337 1424 5409 notionem
1454 5321 1866 5408 acceperitD'D'nl
1892 5339 2064 5409 magi-

483 5425 615 5518 stris
667 5433 752 5481 est
793 5436 939 5488 mu
989 5412 1082 5488 δέτι
1117 5437 1328 5488 amnt
1364 5407 1429 5488 '7:
1465 5438 1524 5490 π
1559 5439 1698 5518 per:
1735 5441 1846 5515 qu,
1901 5442 1957 5486 ut
1987 5407 2067 5486 ait

482 5515 788 5575 Kimchius.
827 5518 954 5574 Item
1006 5535 1105 5574 vas
1151 5521 1395 5576 nondum
1446 5515 1771 5591 perfectum.
1806 5523 1961 5580 Unde
2009 5535 2064 5581 et

482 5625 577 5702 per
608 5610 1022 5702 translationem
1049 5623 1208 5674 mann
1237 5621 1375 5688 Vm:
1410 5625 1530 5702 ΡἾΠ
1568 5626 1744 5684 ῠτκττ,
1782 5617 1950 5672 Homo
1976 5637 2064 5674 sa-

481 5698 690 5764 pientia:
711 5701 906 5764 inanis,
925 5718 986 5755 ac
1011 5702 1212 5764 fatuus.
1233 5698 1546 5776 Radix'ipsa
1576 5709 1898 5779 glomerare,
1917 5719 1970 5766 et
2003 5713 2059 5768 in

483 5805 718 5846 massam
738 5791 980 5864 redigere
1005 5795 1294 5868 Signiﬁcat.
1315 5798 1435 5865 Quo
1459 5817 1627 5857 sensu
1649 5785 1774 5862 0.51.1
1801 5818 1899 5872 pro
1924 5823 2060 5860 mas-

2156 4572 2480 4644 ’ἅνθρωπος,
2515 4573 2601 4625 ἵνα
2636 4573 2710 4644 μὴ
2750 4572 2885 4645 εὕρῃ
2925 4574 3195 4645 πρόφασιν
3228 4577 3257 4628 ὀ
3311 4575 3520 4648 Ἐϐίων.
3558 4578 3620 4630 El
3652 4577 3758 4648 γάρ

2175 4662 2318 4727 εἷπε,
2371 4665 2577 4735 Γράψει
2628 4669 2685 4718 ὲν
2732 4666 2882 4736 αὐτῷ
2914 4666 3220 4736 ἄνθρωπος,
3257 4663 3402 4737 εἶχεν
3445 4669 3641 4734 εἰπεῖν,
3677 4671 3757 4722 ὅτι

2175 4756 2462 4827 ἄνθρωπος
2500 4755 2699 4826 Ἰωσὴφ
2729 4755 2969 4828 ἔσπειρε,
3006 4760 3098 4811 καὶ
3127 4760 3190 4810 ἐκ
3221 4759 3540 4828 σπέρματος
3567 4760 3757 4831 ἀνδρὸς

2175 4847 2436 4918 ἐγεννήθη
2464 4848 2716 4918 Χριστός.
2747 4847 2838 4916 Τῷ
2859 4848 2914 4902 δὲ
2948 4849 3144 4921 Ἡσαΐᾳ
3166 4849 3270 4920 πρὸ
3290 4850 3630 4904 ἑπτακοσίων
3646 4852 3756 4920 (49)

2176 4939 2682 5010 πεντηκοντατριῶν
2717 4940 2854 4993 ἐτῶν
2887 4939 3058 4994 πλείω
3085 4941 3117 5012 ἦ
3151 4941 3366 4996 ἐλάσσω
3397 4942 3570 5011 ἔλεγε,
3602 4937 3758 5011 Γρά-

2173 5037 2316 5103 ψον,
2343 5033 2428 5086 ἵνα
2453 5032 2562 5086 ἀπὸ
2582 5031 2677 5085 τοῦ
2709 5035 2902 5105 καιροῦ
2927 5034 3022 5088 τοῦ
3046 5035 3409 5108 διαστήματος
3437 5037 3574 5108 ὀφθῇ
3609 5041 3756 5092 πᾶσα

1819 5150 1838 5181 ³
1865 5151 1993 5205 ibid.
2075 5154 2097 5185 ⁵
2127 5152 2263 5206 Dan.
2293 5165 2415 5214 xm,
2447 5151 2535 5206 42.

2170 5266 2231 5327 sa
2267 5247 2538 5302 incondita
2557 5265 2586 5327 Ξ
2603 5249 2965 5327 undeLatina
3000 5258 3104 5306 vox
3133 5253 3358 5323 glomus.
3387 5253 3492 5310 Sed
3515 5272 3614 5327 pro
3635 5257 3750 5327 xdv-

2169 5320 2495 5397 ὅρῳ-,θυμω
2518 5321 2691 5397 elige,
2725 5323 2985 5397 similmve
3015 5320 3185 5392 gratio
3211 5341 3487 5397 nunquam
3515 5320 3641 5397 legi.

2242 5389 2351 5458 (49)
2397 5389 2480 5454 Τῷ
2506 5389 2573 5462 δὲ
2596 5391 2799 5458 Ἡσαΐᾳ
2821 5395 2934 5458 πρὸ
2959 5389 3358 5450 ἑᾱτακοσίωνξ
3395 5389 3752 5462 ρυαηιῖξιιΐο-

2169 5464 2445 5534 nologiam
2494 5461 2804 5534 adhibuerit
2839 5463 3198 5533 Epiphanius,
3235 5461 3486 5534 equidem
3539 5472 3743 5525 nescio.

2167 5530 2436 5607 Eusebius
2466 5548 2595 5607 vero
2621 5533 2709 5607 ab
2763 5530 2906 5589 anno
2945 5530 3132 5588 Achaz
3167 5550 3240 5598 Ix,
3276 5530 3330 5590 in
3365 5555 3522 5607 quem
3557 5541 3747 5594 vatici-

2168 5603 2318 5654 nium
2353 5602 2484 5655 illud
2511 5603 2734 5668 conjicit
2777 5614 2984 5668 nOster,
3035 5607 3099 5658 ad
3136 5602 3397 5661 Natalenf
3416 5610 3622 5665 Christi
3659 5627 3744 5664 an-

2167 5687 2268 5725 nos
2295 5674 2498 5741 colligit
2533 5675 2662 5740 748;
2695 5690 2819 5727 nam
2854 5693 3030 5731 nonus
3063 5676 3246 5730 Achaz
3277 5680 3572 5733 ascribitur
3602 5698 3746 5736 anno

2171 5743 2346 5867 15,238,
2411 5744 2618 5801 Natalis
2675 5746 2878 5802 Christi
2959 5747 3134 5812 2015,
3199 5749 3544 5804 intervallum
3614 5755 3742 5806 anui

2179 5833 2234 5866 44
2279 5856 2292 5867 .

2179 5833 2292 5868 440.
