4170 6372
511 373 615 432 ιδ’]

1891 369 1946 424 S.
1990 368 2334 424 ΕΡΙΡΙΙΛΝΙΙ

3679 371 3783 428 4138

511 507 768 562 magnum
801 500 1018 554 vocant,
1042 507 1142 547 nec
1182 507 1291 544 non
1328 501 1382 546 et
1415 490 1645 546 alterum
1679 491 1825 560 quod
1865 507 2079 561 parvun‘

2201 510 2425 546 πτουσιν
2465 487 2624 548 αὗται
2668 495 2723 546 αί
2769 494 2994 565 ἡμέραι,
3033 494 3150 564 ἡτοι
3198 493 3256 546 ἐν
3298 494 3528 564 δεύτερα
3568 494 3780 547 2:666-

460 581 466 633 ί
509 585 806 656 appellant.
839 585 1064 650 Quoties
1085 585 1252 654 igitur
1273 584 1389 638 dies
1409 585 1675 653 ejusmodi
1711 585 1762 637 in
1798 585 2094 639 secundam

509 685 634 748 post
663 676 963 733 Sabbatum
997 677 1166 740 diem,
1200 677 1287 731 vel
1322 677 1562 740 tertiam,
1599 684 1692 730 aut
1722 684 1973 746 quartam
2005 678 2094 732 in-

510 766 724 830 cidunt,
779 767 928 822 istud
979 767 1159 837 ipsum
1206 767 1428 822 illorum
1482 767 1735 823 instituto
1793 766 2094 823 Sabbatum

509 869 790 916 censetur.
826 859 1011 927 Quare
1039 860 1344 917 secundum
1376 859 1710 928 Azymorum
1746 861 1969 926 festum,
2007 863 2095 918 de-

508 951 835 1022 ﬁnitumque
866 952 1095 1008 Sabbati
1117 952 1282 1017 diem,
1316 967 1381 1008 eo
1424 952 1683 1018 Sabbato,
1715 958 1860 1026 quod
1889 965 1944 1010 et
1969 973 2096 1028 pro-

513 1042 628 1112 prie
661 1044 736 1097 ita
779 1043 987 1098 dictum
1033 1055 1138 1108 est,
1181 1058 1235 1101 et
1269 1046 1599 1116 Azymorum
1639 1048 1784 1102 diem
1819 1050 2091 1118 sequitur,

511 1150 632 1203 qua:
650 1144 704 1189 et
724 1135 842 1206 ipsa
866 1153 967 1208 pro
993 1136 1234 1193 Sabbato
1253 1145 1531 1201 censetur,
1556 1138 1696 1195 forte
1725 1142 1826 1195 iter
1854 1157 1950 1210 per
1974 1150 2092 1196 sata

512 1226 784 1294 fecerunt,
810 1245 873 1284 ac
892 1232 1078 1287 vulsas
1106 1232 1291 1300 spicas
1315 1231 1696 1297 aﬁ‘ricuerunt,
1721 1244 1885 1306 atque
1913 1251 2094 1292 come-

510 1322 732 1390 derunt,
767 1332 826 1378 ut
866 1324 1082 1379 vincula
1119 1326 1208 1378 illa
1257 1325 1482 1381 Sabbati
1533 1329 1816 1382 sanctione
1866 1330 2090 1384 astricta

513 1417 694 1473 soluta
743 1433 868 1474 esse
919 1428 1295 1476 monstrarent
1343 1422 1522 1491 magni
1578 1422 1729 1477 illius
1776 1423 2093 1477 accessione

511 1509 759 1578 Sabbati,
810 1512 914 1567 hoc
945 1525 1031 1568 est
1060 1514 1261 1570 Christi
1298 1514 1535 1580 Domini,
1569 1517 1662 1584 qui
1701 1522 1759 1569 ut
1790 1531 1820 1568 a
1851 1516 2092 1586 peccatis

510 1605 719 1660 nostris
749 1604 1161 1675 quiesceremus
1195 1606 1445 1662 indulsit.
1487 1607 1660 1676 Cujus
1690 1608 1914 1674 insuper
1948 1608 2089 1678 ligu-

506 1713 626 1754 ram
662 1697 901 1752 Noemus
929 1698 1060 1752 olim
1113 1699 1374 1770 praetulit,
1427 1699 1474 1754 is
1520 1715 1681 1769 quem
1716 1709 1905 1753 natum
1937 1707 2093 1769 pater

506 1797 569 1846 ut
594 1791 752 1857 vidit,
782 1792 1102 1863 prophetico
1133 1792 1370 1862 quodam
1405 1794 1587 1848 alllatu
1619 1792 1879 1848 Noemum
1908 1794 2092 1863 appel-

505 1883 610 1938 lari
636 1884 839 1939 voluit:
879 1883 1165 1951 Quoniam,
1208 1886 1407 1954 inquit,
1435 1887 1545 1954 ipse
1571 1887 1799 1955 requiem
1823 1885 1972 1938 dabit
2007 1902 2094 1938 no-

506 1975 585 2030 bis
615 1993 648 2030 a
691 1977 918 2045 peccatis
963 1977 1222 2040 nostris‘,
1272 1977 1376 2031 hoc
1420 1986 1504 2032 est
1550 1976 1843 2030 laboriosis
1887 1976 2094 2031 nostris

505 2067 786 2137 operibus.
815 2066 980 2137 Atqui
1009 2063 1250 2122 Noemus
1280 2067 1487 2121 nullam
1522 2082 1552 2120 a
1584 2066 1821 2136 peccatis
1849 2065 2092 2136 requiem

506 2159 711 2223 attulit,
762 2167 821 2214 ut
864 2160 1136 2230 intelligas
1187 2160 1253 2214 de
1297 2159 1519 2214 Christo
1566 2159 1923 2212 vaticinatum
1970 2173 2093 2214 esse

504 2247 860 2314 Lamechum,
893 2251 946 2306 in
978 2265 1139 2320 quem
1167 2250 1332 2305 etiam
1362 2249 1478 2319 ipsa
1513 2250 1751 2305 nominis
1785 2248 1925 2303 ratio
1958 2264 2091 2302 con—

503 2344 673 2399 venit.
698 2343 939 2400 Noemus
963 2345 1110 2400 enim
1135 2343 1365 2413 requiem
1388 2342 1684 2414 signiﬁcat,
1708 2353 1767 2396 ut
1785 2351 1841 2397 et
1863 2341 2087 2404 Sebeth,

502 2453 626 2507 qua:
664 2453 769 2492 vox
805 2447 916 2491 tam
962 2437 1110 2493 istud
1143 2437 1320 2506 ipsum
1365 2450 1528 2506 quam
1576 2433 1872 2491 Sabbatum
1903 2437 2087 2504 expri-

503 2529 622 2582 mit.
658 2527 815 2594 Quod
849 2530 1096 2600 apprime
1125 2528 1351 2584 Christo
1389 2529 1667 2599 congruit,
1704 2529 1758 2582 in
1787 2543 1896 2598 quo
1925 2527 2087 2581 Pater

501 2635 627 2674 cum
681 2619 891 2689 Spiritu
950 2628 1142 2676 sancto
1201 2620 1532 2690 requiescit;
1591 2619 2088 2688 requieveruntque

502 2713 681 2767 sancti
710 2711 778 2767 ad
804 2728 973 2768 unum
1013 2726 1225 2778 omnes,
1279 2719 1632 2782 posteaquam
1675 2726 1706 2764 a
1739 2722 1964 2780 peccato
1992 2710 2086 2764 de—

501 2805 782 2860 stiterunt.
818 2803 918 2859 Hic
944 2811 1030 2859 est
1053 2819 1310 2874 magnum
1335 2803 1845 2873 sempiternumque
1872 2803 2052 2856 Sabha
2070 2833 2083 2842 -

498 2905 640 2958 tum,
673 2897 832 2966 cujus
860 2912 1088 2966 parvum
1139 2897 1270 2951 illud
1322 2897 1604 2966 exemplar
1643 2896 1774 2960 fuit;
1819 2895 1886 2950 ad
1935 2895 2083 2950 illius

2197 601 2305 638 των
2320 584 2453 654 (55),
2480 586 2511 655 ἦ
2538 588 2595 639 ὲν
2615 587 2794 658 τρίτῃ,
2825 588 2856 658 ἢ
2880 590 2937 640 ἐν
2961 586 3199 658 τετράδι,
3231 586 3508 639 Σάϐϐατον
3532 587 3626 638 καὶ
3652 587 3780 640 αὐτὸ

2198 680 2381 741 αὐτοῖς
2409 677 2668 748 ὁρίζεται.
2695 679 2786 732 Διὸ
2814 679 2952 751 μετὰ
2968 680 3066 750 τὴν
3089 679 3196 731 τῶν
3214 677 3463 748 ’Λζύμων
3486 678 3779 747 γενομένη-ι

2197 772 2429 843 ἡμέραν,
2450 773 2541 825 καὶ
2556 772 2868 844 ’ὁρισθεῖσαν
2889 775 3100 844 ἡμέραν
3117 772 3414 833 Σαϐϐάτου,
3431 771 3506 841 τῷ
3524 771 3770 842 Σαϐϐάτιι
3803 766 3809 807 ί

2197 865 2358 934 φύσει
2377 865 2455 936 τῷ
2481 867 2618 936 μετὰ
2638 867 2736 938 τὴν
2769 868 2983 938 ἡμέραν
3011 867 3119 920 τῶν
3136 865 3387 936 Ἀζύμων
3409 867 3488 928 εἰς
3504 864 3775 916 Σάόόατοι
3804 866 3810 874 “

2195 959 2605 1030 λελογισμένην,
2637 960 2939 1031 εὑρέθησαν
2959 958 3325 1020 διαϐαίνοντες
3353 955 3441 1010 διὰ
3465 957 3570 1009 τῶν
3595 955 3756 1026 σπορί
3808 942 3810 944 ’

2199 1070 2336 1122 μων,
2364 1053 2458 1105 καὶ
2493 1052 2696 1104 ἔτιλλον
2730 1052 2988 1121 στάχυας,
3038 1053 3132 1103 καὶ
3179 1049 3410 1119 ἒψωχον,
3443 1049 3540 1100 καὶ
3572 1047 3776 1117 ἢσθιον,

2195 1142 2520 1206 δεικνύντες,
2574 1142 2655 1195 ὅτι
2703 1141 2921 1194 λέλυται
2973 1143 3001 1193 6
3033 1139 3228 1209 δεσμὸς
3257 1139 3285 1190 ό
3318 1139 3376 1190 ὲν
3412 1137 3490 1207 τῷ
3523 1136 3784 1204 Σαϐϐάτῳ

2195 1238 2528 1308 ὁριζόμενος,
2557 1237 2801 1300 ἐλθόντος
2823 1234 2915 1288 τοῦ
2943 1234 3179 1306 μεγάλου
3211 1232 3511 1296 Σέαὸϐάτου,
3536 1230 3783 1284 τουτέστι

2196 1329 2456 1400 Χριστοῦ,
2490 1329 2585 1383 τοῦ
2620 1330 3040 1392 ἁναπαύσαντος
3076 1330 3227 1399 ἡμᾶς
3257 1327 3366 1378 ἀπὺ
3393 1323 3502 1378 τῶν
3531 1325 3781 1394 ἀμαρτηο

2200 1423 2384 1490 μάτων
2414 1423 2589 1493 ἡμῶν,
2620 1417 2680 1476 οὗ
2709 1422 2880 1485 τύπος
2905 1417 2974 1491 ἦν
3001 1423 3028 1473 6
3067 1419 3212 1481 Νῶε,
3241 1419 3299 1471 ὃν
3340 1418 3368 1469 6
3403 1415 3585 1488 πατὴρ
3614 1415 3780 1469 αὑτοῦ

2195 1515 2524 1585 γεννηθέντα
2585 1514 2849 1586 ἑωρακὼς
2918 1513 3058 1566 κατὰ
3119 1510 3487 1583 προφητείαν,
3554 1507 3783 1561 ἐπέθετο

2194 1607 2344 1677 αὐτῷ
2388 1607 2559 1678 ὄνομα
2607 1608 2750 1672 Νῶε,
2805 1609 3013 1676 λέγων·
3068 1607 3188 1658 Ὅτι
3222 1602 3401 1671 οὗτος
3439 1603 3779 1657 ἀναπαύσει

2196 1701 2353 1771 ἡμᾶς
2377 1701 2444 1754 ἐκ
2474 1701 2592 1754 τῶν
2616 1699 2915 1770 ἁμαρτιῶν
2946 1699 3137 1768 ἡμῶν,
3161 1701 3282 1769 ἦτοι
3321 1695 3574 1765 σκληρῶν
3601 1694 3778 1765 ἔργων

2197 1794 2374 1866 ἡμῶν.
2412 1794 2469 1845 Ὀ
2497 1794 2618 1846 Νῶε
2645 1793 2702 1846 δὲ
2726 1794 2833 1846 ἀπὸ
2854 1791 3140 1863 ἁμαρτιῶν
3161 1793 3260 1843 οὐκ
3283 1789 3609 1851 ἀνέπαυσεν,
3643 1787 3779 1840 ἀλλὰ

2195 1887 2276 1948 είς
2301 1883 2534 1945 Χριστὸν
2565 1884 2970 1954 προεφήτευσεν
2998 1881 3026 1932 6
3063 1879 3256 1949 Λάμεχ
3294 1879 3393 1947 τὴν
3442 1875 3778 1946 προφητείαν

2193 1977 2269 2047 τῷ
2296 1979 2314 2008 ³
2346 1977 2468 2030 Νῶε
2499 1977 2936 2047 ἑρμηνευόμενον
2966 1975 3023 2026 ὲν
3065 1971 3313 2043 ἀληθείᾳ.
3349 1971 3470 2022 Νῶε
3503 1969 3610 2037 γὰρ
3635 1967 3777 2020 cimi-

2194 2085 2420 2134 παυσις
2449 2067 2833 2139 ἑρμηνεύεται,
2860 2067 2955 2119 καὶ
2981 2062 3146 2117 Σεὸὲθ
3159 2064 3311 2132 ,ὅπερ
3327 2061 3672 2123 ἀνάπαυσις
3684 2060 3773 2109 καὶ

2192 2160 2495 2214 Σάϐϐατον
2521 2159 2903 2230 ἑρμηνεύεται,
2937 2158 2965 2210 ὅ
2994 2154 3374 2224 ὲστιΧριστὸς,
3409 2153 3465 2203 ὲν
3496 2145 3540 2216 ᾧ
3575 2148 3749 2202 ἁναπέ

2193 2270 2400 2307 παυται
2444 2254 2472 2305 6
2518 2253 2728 2323 Πατὴρ,
2760 2251 2854 2304 καὶ
2883 2250 2944 2302 τὸ
2973 2249 3126 2317 ἆγιον
3171 2245 3395 2316 Πνεῦμα
3438 2242 3622 2304 αὑτοῦ,
3682 2240 3775 2294 καὶ

2192 2346 2395 2408 πάντες
2437 2346 2582 2414 ἅγιοι
2621 2344 2899 2414 ἄνθρωποι
2933 2345 2990 2395 ὲν
3030 2339 3179 2410 αὐτῷ
3209 2338 3608 2397 ἀνεπαύσαντο,
3638 2352 3773 2387 παυ-

2192 2438 2416 2508 σάμενοι
2436 2437 2544 2490 ἀπὸ
2568 2435 3002 2507 ἁμαρτημάτων.
3036 2426 3207 2494 Οὗτός
3235 2431 3350 2483 ἔστι
3378 2429 3440 2481 τὸ
3468 2428 3610 2498 μέγα
3637 2425 3770 2478 Σάϐ-

2189 2531 2352 2583 ϐατον
2386 2531 2480 2584 καὶ
2508 2530 2695 2590 ἀΐδιον,
2737 2522 2798 2580 οὗ
2844 2527 3012 2590 τύπος
3054 2521 3122 2596 ἦν
3166 2523 3227 2578 τὺ
3273 2522 3465 2594 μικρὸν
3497 2520 3774 2573 Σάϐϐατόν

2187 2620 2693 2691 ἑξοπηρετούμενον
2742 2619 2869 2689 ἄχρι
2895 2619 2996 2686 τῆς
3039 2615 3202 2670 αὐτοῦ
3234 2613 3561 2684 παρουσίας,
3596 2627 3770 2680 προσ⁴

2186 2715 2386 2786 ταχθὲν
2423 2716 2514 2768 ὑπ’
2574 2714 2738 2767 αὑτοῦ
2774 2713 2916 2767 κατὰ
2950 2713 3042 2766 τὸν
3076 2712 3260 2782 νόμον,
3291 2711 3386 2762 καὶ
3417 2711 3474 2761 ὲν
3504 2706 3652 2778 αὐτῷ
3679 2707 3772 2759 λυ-

2187 2805 2301 2869 θὲν,
2354 2807 2449 2859 καὶ
2495 2804 2779 2876 πληρωθὲν
2815 2805 2874 2856 ὲν
2912 2801 2990 2873 τῷ
3042 2799 3380 2870 Εύαγγελίῳ.
3434 2799 3622 2861 Οὕτως
3659 2799 3771 2868 γὰρ

2185 2892 2359 2956 εἶπεν,
2404 2899 2487 2951 ὅτι
2514 2898 2728 2965 Κύριός
2756 2896 2928 2949 ἐστιν
2953 2898 2987 2948 ό
3026 2896 3158 2961 Υἱὸς
3190 2895 3297 2948 τοῦ
3327 2891 3641 2962 ἀνθρώπου
3671 2892 3768 2944 καὶ

498 2991 794 3045 adventum
826 3007 1000 3061 usque
1024 2991 1079 3045 in
1103 3005 1262 3045 usum
1291 2990 1620 3056 adhibitum,
1647 2999 1700 3046 et
1724 2990 1792 3044 ab
1817 2991 1936 3058 ipso
1967 3000 2079 3057 lege

2183 2991 2288 3045 τοῦ
2314 2991 2638 3044 Σαϐϐἀτου.
2671 2989 2833 3043 Ὅθεν
2872 2987 3188 3058 θαρσαλέως
3225 2989 3272 3041 οἱ
3306 2987 3548 3058 μαθηταὶ
3581 2985 3769 3039 λύουσι

497 3084 887 3150 constitutum;
929 3083 998 3138 ab
1030 3084 1332 3154 eodemque
1366 3084 1626 3146 solutum,
1660 3090 1715 3136 et
1749 3083 1804 3135 in
1838 3080 2079 3150 Evange-

2183 3082 2244 3134 τὸ
2269 3081 2568 3136 Σάϐϐατόν·
2597 3081 2783 3151 ἐπειδὴ
2808 3083 2902 3134 καὶ
2924 3085 2972 3135 οἱ
3005 3080 3111 3152 πρὸ
3133 3079 3312 3133 αὐτῶν
3341 3081 3506 3150 ἱερεῖς
3532 3078 3686 3131 ἔλυον
3711 3077 3770 3129 τὸ

496 3175 572 3230 lio
600 3173 820 3228 demum
851 3175 1154 3244 impletum.
1190 3176 1268 3229 lta
1299 3175 1444 3230 enim
1476 3175 1568 3228 ille
1599 3174 1737 3228 dixit
1769 3190 1783 3227 :
1817 3171 2076 3226 Dominus

2183 3173 2457 3227 Σάϐϐατόν
2483 3173 2719 3236 θύοντες.
2755 3175 2850 3226 καὶ
2873 3173 2994 3242 Θεῷ
3019 3172 3209 3235 θυσίας
3238 3171 3657 3242 προσφέροντες,
3683 3171 3768 3223 ἵνα

494 3275 572 3320 est
607 3267 782 3321 Filius
828 3267 1055 3322 hominis
1083 3270 1244 3322 etiam
1284 3267 1570 3322 Sabbati’.
1605 3265 1680 3320 Ex
1719 3280 1830 3336 quo
1873 3265 2078 3320 factum

494 3368 601 3423 est,
634 3367 693 3413 ut
715 3358 979 3414 audacter
998 3359 1251 3429 discipuli
1287 3357 1588 3414 Sabbatum
1615 3359 1913 3424 solverent,
1937 3373 2077 3427 prae-

495 3450 685 3504 sertim
735 3464 859 3504 cum
907 3459 964 3504 et
1013 3450 1326 3506 sacerdotes
1359 3461 1485 3506 ante
1527 3451 1650 3505 illos
1690 3450 1832 3504 idem
1868 3449 2078 3504 sacrifi-

493 3539 696 3604 cando,
729 3541 1118 3611 oﬁbrendoque
1151 3541 1412 3606 facerent,
1447 3555 1515 3596 ne
1545 3540 1676 3609 juge
1723 3538 1854 3593 illud
1893 3539 2076 3607 quoti-

493 3633 826 3704 dianumque
857 3634 1187 3689 sacriﬁcium
1233 3633 1680 3688 intermitterent.
1724 3632 1802 3684 Ac
1838 3645 1944 3683 non
1986 3643 2076 3684 sa-

491 3726 744 3782 cerdotes
778 3727 956 3782 solum
996 3727 1100 3780 hoc
1128 3728 1269 3796 ipso.
1301 3724 1448 3796 quod
1482 3739 1550 3778 ne
1579 3723 1820 3778 Sabbato
1853 3723 2070 3792 quidem

413 3873 417 3876 .
489 3825 678 3873 essent
707 3815 911 3880 feriati,
943 3817 1183 3872 solutum
1215 3816 1347 3871 illud
1372 3816 1437 3870 iri
1472 3814 1564 3868 diu
1589 3823 1716 3869 ante
1739 3812 2073 3882 przenuntia-

490 3907 657 3971 bant;
697 3907 791 3962 sed
819 3915 874 3962 et
899 3907 1255 3962 circumcisio
1285 3908 1401 3977 ipsa
1439 3906 1710 3960 solvebat.
1746 3905 1904 3976 160
1934 3907 2069 3959 Cum

488 3998 636 4054 enim
688 3997 930 4054 Sabbato
982 4015 1117 4070 puer
1166 4014 1542 4070 saepenumero
1575 4006 1912 4061 nasceretur,
1949 3998 2070 4067 ejus

490 4089 595 4143 diei
624 4087 940 4159 religionem
977 4075 1328 4144 circumcisio
1359 4089 1617 4156 tollebat;
1649 4096 1811 4158 atque
1841 4090 1914 4141 ita
1943 4089 2071 4142 dua-

486 4181 592 4235 bus
633 4180 740 4236 illis
776 4181 939 4236 rebus
981 4181 1203 4237 Sabbati
1254 4183 1537 4252 abrogatio
1585 4181 1891 4250 signiﬁcata
1944 4189 2069 4233 ante

487 4271 724 4327 videtur.
770 4272 883 4326 lloc
915 4275 1062 4325 enim
1099 4281 1350 4338 constat,
1379 4289 1474 4329 eos
1499 4273 1589 4343 qui
1618 4283 1805 4326 natum
1839 4274 1893 4325 in
1928 4273 2066 4325 Sab-

486 4365 617 4419 bato
667 4380 892 4434 puerum
951 4365 1433 4427 circumeiderent,
1489 4365 1604 4418 sive
1637 4373 1892 4418 octavum
1922 4365 2064 4417 diem

486 4467 745 4513 accurate
796 4459 1092 4513 observare
1137 4460 1356 4520 vellent,
1409 4459 1552 4527 quod
1598 4459 1642 4512 is
1678 4459 1729 4512 in
1767 4456 2063 4511 Sabbatum

2185 3263 2260 3335 μὴ
2313 3265 2533 3337 ἀργήσῃ
2585 3265 2744 3319 θυσία
2789 3267 2822 3336 ἡ
2879 3265 3183 3336 ἐνδελεχὴς,
3238 3265 3334 3318 καὶ
3384 3265 3507 3317 καθ’
3551 3265 3768 3335 ἡμέραν

2181 3358 2619 3427 προσφερομένη.
2649 3359 2722 3411 Οὐ
2759 3358 2917 3428 μόνον
2943 3358 2997 3410 δὲ
3033 3358 3185 3411 αὐτοὶ
3215 3359 3587 3429 προεφήτευον
3609 3356 3656 3410 οἱ
3688 3357 3766 3410 ie-

2183 3452 2294 3520 ρεῖς
2345 3449 2672 3520 λυθήσεσθαι
2725 3451 2788 3516 τὸ
2837 3450 3114 3505 Σάόϐατον
3159 3451 3248 3505 διὰ
3290 3451 3384 3503 τοῦ
3437 3451 3511 3521 μὴ
3553 3451 3764 3521 ἀργεῖψ

2177 3541 2314 3594 ἀλλὰ
2345 3541 2440 3594 καὶ
2473 3541 2610 3611 αύτὴ
2636 3543 2668 3611 ἡ
2707 3542 2979 3612 περιτομὴ
3010 3543 3130 3595 ἔλυε
3159 3541 3220 3595 τὸ
3239 3542 3538 3596 Σάὸσατον.
3567 3543 3766 3595 Γεννω-

2181 3633 2343 3704 μένου
2369 3633 2424 3685 δὲ
2453 3633 2640 3695 παιδὸς
2664 3632 2920 3696 πολλάκις
2943 3635 3000 3685 ἐν
3017 3634 3299 3702 Σαϐϐάτῳ,
3324 3634 3602 3703 ἀναίρεσις
3626 3633 3764 3685 Σαό-

2178 3724 2344 3778 6άτου
2382 3724 2469 3777 διὰ
2512 3725 2815 3796 περιτομῆς
2838 3725 3065 3793 ἐγίνετο.
3097 3725 3252 3778 Οὕτω
3277 3727 3397 3787 ταῖς
3425 3724 3763 3795 ἀμφοτέραις

2175 3820 2209 3889 ἡ
2237 3817 2391 3880 λύσις
2427 3817 2872 3888 προεθεσπίζετο.
2919 3819 3203 3871 Δείκνυται
3232 3818 3360 3888 γὰρ,
3393 3818 3474 3869 ὅτι
3513 3818 3562 3869 οί
3606 3834 3761 3886 περι-

2173 3911 2462 3980 τέμνοντες
2491 3912 2624 3964 αύτὸ
2661 3913 2722 3965 τὸ
2767 3911 3022 3982 γεννηθὲν
3063 3914 3120 3964 ἐν
3160 3911 3440 3980 Σαϐϐάτῳ,
3475 3910 3570 3963 ἐὰν
3604 3910 3759 3980 θελή-

2177 4018 2341 4053 σωσιν
2389 4000 2918 4074 ἁκριϐολογὴσασθαι
2969 4003 3067 4070 τὴν
3110 4003 3302 4070 ὀγδόην
3335 4002 3569 4071 ἡμέραν,
3609 4002 3759 4072 εύρί-

2175 4108 2396 4153 σκοντες
2427 4091 2806 4160 ἐμπίπτουσαν
2834 4093 2890 4145 ἐν
2918 4093 3199 4160 Σαϐϐάτῳ,
3237 4092 3330 4143 καὶ
3354 4108 3417 4141 πε
3429 4108 3537 4161 ριτε
3547 4091 3758 4160 μόντες,

2172 4181 2332 4251 ἔργον
2367 4183 2692 4253 εἰργάσαντο
2747 4184 2840 4236 καὶ
2871 4184 2933 4236 τὸ
2967 4183 3240 4236 Σάϐϐατόν
3279 4182 3494 4238 ἔλυσαν.
3545 4183 3668 4237 Ἐὰν
3701 4183 3758 4235 δὲ

2173 4272 2513 4344 ύπέρθωνται
2543 4274 2632 4328 διὰ
2661 4275 2720 4328 τὸ
2751 4275 2828 4346 μὴ
2858 4275 3016 4329 λῦσαι
3044 4277 3103 4328 τὸ
3133 4277 3430 4337 Σάϐϐατόν,
3465 4276 3628 4348 ἐνάτῃ
3649 4275 3761 4328 λοι-

2171 4365 2272 4418 πὸν
2325 4367 2714 4437 περιτέμνουσι
2761 4369 2859 4438 τὴν
2912 4372 3238 4440 περιτομὴνο
3289 4371 3386 4423 καὶ¹
3433 4369 3628 4422 ἔλυσαν
3658 4371 3756 4440 τὴν

2172 4455 2494 4525 περιτομὴν,
2546 4458 2638 4510 καὶ
2685 4457 2776 4511 τὸν
2823 4459 2952 4530 περὶ
2997 4459 3166 4529 αὐτῆς
3205 4459 3312 4512 τῶν
3352 4457 3496 4512 ὀκτὼ
3529 4459 3754 4530 ἡμερῶν

487 4549 832 4612 incurrisset,
860 4549 1051 4603 eodem
1099 4550 1217 4619 ipso
1259 4550 1696 4610 circumcidisse,
1739 4564 1803 4601 ac
1840 4548 2067 4617 proinde

2183 4549 2198 4598 5
2205 4565 2295 4616 ρον
2321 4547 2414 4599 τοῦ
2446 4549 2888 4620 προστάγματος.

483 4645 666 4714 operis
705 4644 906 4714 aliquid
955 4645 1154 4715 egisse.
1213 4643 1620 4713 Sahbatmnque
1657 4645 1912 4698 violasse.
1949 4642 2044 4696 Sin
2081 4643 2378 4712 abrogandi
2417 4642 2637 4698 Sabbati
2680 4653 2823 4700 metu
2875 4646 3174 4712 diﬁ'errent,
3229 4663 3372 4701 nono
3411 4648 3626 4701 demum
3666 4649 3756 4703 die

482 4741 959 4796 circumcisionem
1008 4723 1344 4802 adhibuisse,
1399 4752 1562 4809 atque
1631 4739 1792 4809 hujus
1861 4739 1996 4794 adeo
2059 4739 2250 4808 legem,
2307 4741 2776 4811 prmstilutnmque
2811 4741 3020 4795 dierum
3054 4752 3179 4796 octo
3211 4759 3496 4797 numerum
3531 4746 3754 4800 minime

481 4835 744 4891 tenuisse.

556 4926 791 4982 XXXIII.
837 4926 941 4980 Sed
978 4943 1042 4980 ne
1077 4927 1192 4995 ipsa
1225 4927 1445 4995 quidem
1478 4927 1652 4996 prima
1678 4937 1795 4981 erat
1822 4927 2063 4996 perfecta

479 5019 854 5081 circumcisio,
908 5033 1096 5073 verum
1158 5018 1298 5085 signi
1349 5018 1526 5070 instar
1573 5018 1640 5070 ad
1699 5033 1891 5072 eorum
1943 5033 2065 5087 quze

483 5121 670 5183 postea
723 5109 1206 5178 consequebantur
1256 5107 1689 5163 recordationem
1749 5122 2054 5163 concessa:

481 5220 544 5262 ac
579 5201 880 5273 praesertim
912 5201 982 5255 ob
1004 5199 1323 5262 Abrahami,
1355 5200 1432 5253 uti
1464 5199 1726 5261 diximus,
1764 5199 2062 5254 haasitatio-

479 5313 625 5360 nem,
658 5310 783 5348 eum
817 5293 969 5348 illum
1019 5291 1162 5347 Deus
1201 5291 1518 5362 redarguit:
1569 5299 1682 5343 tum
1719 5291 1788 5343 ad
1834 5290 2061 5359 majoris

542 5451 565 5484 ⁸
598 5450 736 5506 Gen.
765 5468 818 5515 v,
852 5450 941 5504 29.
1020 5453 1040 5480 ²
1077 5449 1262 5502 Matth.
1301 5464 1397 5513 xu,
1424 5449 1475 5500 8.
1555 5449 1574 5477 ³
1601 5447 1659 5500 F.
1694 5448 1802 5499 τόν.

545 5606 659 5675 (5'5)
692 5607 848 5660 Ἦτοι
877 5607 947 5658 ἐν
984 5605 1228 5672 δευτέρᾳ
1255 5603 1584 5658 Σαϐϐάτων.
1620 5602 1754 5657 Tres
1782 5605 2046 5675 duntaxat

477 5674 832 5731 heudmnadis
874 5675 1036 5729 ferias
1074 5676 1551 5739 commemoravit,
1584 5675 1646 5736 9.,
1682 5675 1716 5726 5
1748 5683 1801 5726 et
1830 5675 1882 5727 4.
1937 5674 2041 5726 Sed

475 5762 582 5800 una
604 5748 762 5800 etiam
795 5756 1020 5800 cmteras
1045 5745 1432 5813 συνεκδοχικῶς
1458 5746 1769 5812 complexus
1797 5754 1894 5797 est.
1939 5743 2044 5795 Ne-

473 5832 580 5891 que
611 5816 757 5873 enim
795 5824 876 5872 est
916 5817 1025 5872 ulla
1057 5816 1216 5881 ratio,
1249 5831 1345 5869 cur
1381 5832 1407 5868 ιι
1441 5817 1648 5870 ueteris
1681 5833 1753 5869 e'.e
1784 5816 2040 5870 solemni-

2241 4927 2360 4978 Al".
2417 4925 2576 4978 Ἀλλὰ
2609 4925 2732 4979 οὔτε
2781 4923 2849 4997 ἦν
2895 4929 3074 4982 τελεία
3128 4932 3160 5001 ἡ
3212 4933 3402 5002 πρώτη
3457 4933 3748 5004 περιτομὴ,

2168 5017 2302 5071 ἀλλὰ
2335 5017 2558 5087 σημείου
2595 5019 2752 5090 χάριν
2782 5021 2956 5092 ἐδόθη,
3005 5025 3085 5085 είς
3123 5042 3183 5076 τε
3224 5025 3530 5096 ὑπόμνησιν
3574 5027 3751 5080 αὐτῶν

2171 5111 2307 5180 μετὰ
2334 5111 2524 5163 ταῦτα’
2562 5114 2656 5164 καὶ
2681 5113 2769 5165 διὰ
2791 5114 2881 5166 τὸν
2911 5115 3208 5185 δισταγμὸν
3233 5117 3327 5168 τοῦ
3372 5117 3644 5188 ’Λϐραὰμ,
3674 5119 3750 5182 ὡς

2167 5201 2508 5271 προείρηται,
2546 5204 2981 5275 ἐπιτιμηθέντος,
3017 5209 3110 5259 καὶ
3144 5208 3316 5260 τύπου
3340 5209 3503 5268 ἔνεκα
3529 5211 3625 5279 τῆς
3657 5228 3750 5279 με·

2164 5291 2334 5361 γάλης
2359 5292 2456 5362 τῆς
2482 5293 2548 5346 τὰ
2587 5294 2761 5347 πάντα
2796 5296 2914 5348 κατ’
2952 5297 3174 5370 ἰσότητα
3206 5298 3520 5370 πληρούσης
3552 5301 3610 5352 ἔν
3634 5303 3748 5364 τοῖς

2152 5611 2292 5683 tates
2327 5608 2814 5683 arceantu‘r._N._un
2847 5611 3366 5683 certormndierum
3422 5613 3745 5683 superstitio

2155 5675 2264 5736 illa,
2301 5691 2461 5743 quam
2495 5676 2663 5731 Judaei
2699 5681 3012 5745 observant,
3051 5691 3105 5735 et
3137 5682 3189 5734 in
3219 5681 3318 5735 Jad
3353 5675 3620 5738 Ratiibaln
3648 5701 3745 5737 ex-

2152 5747 2352 5868 sosuit,
2401 5749 2536 5800 nihil
2590 5750 2656 5803 ad
2706 5751 2849 5805 hunc
2898 5751 3077 5806 locum
3131 5753 3283 5807 facit.
3335 5753 3566 5824 Dequa
3602 5755 3744 5810 alias

2190 5832 2502 5868 issercmus.

2190 5832 2412 5872 lSSCl'ClIl
2424 5835 2502 5872 liti.
