4170 6372
405 400 508 459 469

1145 403 1516 466 ADVERSUS
1554 407 1896 467 HERESES
1933 410 2013 466 Lll

2116 411 2145 470 l.
2191 411 2356 468 TOM.
2399 412 2462 467 ΙΙ.
2503 439 2574 454 -
2611 410 2886 466 HASRES.
2929 410 3099 466 XXX.

3557 412 3666 470 4Ἱῦ

406 515 663 579 καταξιου
672 515 871 588 μένοις.
897 517 1112 591 Ἐκείνη
1135 522 1236 592 μὲν
1249 523 1358 594 γὰρ
1377 525 1426 576 εἰ
1447 518 1515 594 ἦν
1529 525 1780 593 ἁγιστίας
1798 527 1980 593 ἕνεκα,

2116 529 2259 593 Ilius,
2302 539 2466 598 atque
2499 528 2784 598 aequaliter
2830 530 2884 582 in
2919 529 3010 596 iis,
3055 527 3151 598 qui
3191 527 3411 598 quidem
3458 529 3669 601 dignati

409 611 503 662 xui.
523 609 886 679 κληρονομίας
915 611 1158 682 οὐρανῶν
1180 613 1460 683 βασιλείας
1494 617 1674 687 χάριν,
1714 619 1822 689 ἄρα
1847 620 1994 672 ἐστέ-

411 718 570 770 ρηται
603 702 787 771 Σάρρα
819 703 918 772 τῆς
957 702 1255 772 βασιλείας,
1284 707 1378 758 καὶ
1415 707 1701 771 Ῥεϐέκκα,
1731 709 1827 760 καὶ
1865 709 1990 771 Λία,

411 792 505 846 καὶ
561 792 780 863 Ῥαχὴλ,
823 797 918 847 xui.
973 795 1252 865 Ἰωχαϐὲο,
1307 797 1420 852 και
1459 800 1648 871 Μαρία
1701 802 1734 871 ἡ
1791 800 1993 870 ἀδελφὴ

412 883 712 947 Μωῦσέως,
749 885 842 936 xui.
868 886 1037 938 πᾶσαι
1060 887 1116 938 αἱ
1143 886 1293 955 ἅγιαι
1317 890 1600 956 γυναῖκες,
1635 891 1729 943 xui
1755 890 1817 942 οὐ
1840 891 1996 960 δυνή-

414 991 595 1027 σονται
618 974 973 1046 κληρονομεῖν
1000 975 1273 1045 βασιλείαν
1295 978 1560 1046 οὐρανῶν,
1590 979 1663 1050 μὴ
1685 979 1994 1050 δυνηθεῖσαι

412 1064 512 1134 τὴν
557 1065 858 1134 περιτομὴν
900 1065 992 1116 τοῦ
1051 1064 1306 1136 Ἀϐραὰμ
1356 1064 1522 1135 ἔχειν,
1576 1066 1643 1137 ἢν
1681 1067 1812 1130 Θεὸς
1849 1065 1996 1136 αὐτῷ

412 1151 737 1223 δεδώρηται,
780 1154 919 1207 κατὰ
950 1154 1042 1208 τὸν
1086 1154 1291 1208 τούτων
1339 1156 1516 1225 λόγον·
1553 1158 1600 1209 εἰ
1631 1157 1687 1210 δὲ
1719 1158 1819 1210 οὐκ
1848 1157 1998 1210 ἐστέ-

416 1259 608 1312 ρηνται
639 1233 800 1295 αὗται
831 1243 928 1313 τῆς
964 1243 1237 1312 βασιλείας
1265 1245 1373 1298 τῶν
1405 1247 1670 1318 οὐρανῶν,
1713 1248 1889 1301 καίτοι
1935 1250 1994 1302 οὐ

420 1336 811 1404 μετεσχηκυῖαι
846 1337 1168 1405 περιτομῆς,
1228 1337 1382 1390 οὐδὲν
1433 1338 1541 1406 ἄρα
1596 1338 1768 1409 ἰσχύει
1817 1341 1848 1408 ἡ
1901 1339 1997 1393 νῦν

418 1422 681 1492 ἕνσαρκος
719 1425 1010 1495 περιτομή.
1049 1425 1113 1477 Τί
1145 1425 1201 1478 δὲ
1228 1429 1498 1496 καυχᾶται
1553 1429 1747 1482 Ἐϐίων
1778 1446 1997 1500 περιτο-

421 1515 547 1586 μὴν,
579 1515 738 1568 ὁπότε
777 1515 870 1568 καὶ
903 1518 952 1568 οἱ
989 1515 1370 1588 εἰδωλολάτραι
1417 1518 1528 1590 (56)
1569 1519 1664 1571 καὶ
1715 1523 1952 1591 μιαιρεῖς
1979 1521 1995 1551 ί

416 1609 526 1662 τῶν
553 1609 867 1678 Αἰγυπτίων
898 1610 1202 1681 περιτομὴν
1233 1610 1477 1682 ἐχουσιν;
1516 1613 1674 1666 Ἀλλὰ
1702 1614 1796 1667 xui.
1825 1615 1873 1667 οἱ
1896 1615 1999 1666 Σα-

420 1700 670 1772 ρακηνοὶ,
714 1700 765 1753 οἳ
808 1700 901 1753 xui
947 1701 1306 1770 ’1σμαηλίται,
1344 1702 1644 1773 περιτομὴν
1668 1702 1870 1773 ἔχουσι,
1904 1704 1999 1757 xui.

418 1795 773 1864 Σαμαρεῖται,
800 1793 895 1846 καὶ
932 1793 1194 1860 Ἰουδαῖοι,
1226 1795 1320 1847 καὶ
1363 1795 1668 1864 Ἰδουμαῖοι,
1699 1796 1794 1849 καὶ
1828 1797 1999 1867 Ὁμη-

2097 620 2318 685 fuerint,
2355 621 2538 674 omnia
2589 620 2945 690 perficientis,
2997 619 3430 674 adumbrandam
3477 622 3671 691 imagi-

2095 723 2240 762 nem.
2269 706 2480 761 Etenim
2513 709 2558 762 si
2583 709 2966 778 ingenerandaa
3001 709 3335 772 sanctitatis,
3365 710 3672 766 cmlestisve

2095 799 2251 868 regni
2274 797 2421 853 velut
2449 798 2800 853 haereditario
2825 798 2953 866 jure
2981 797 3300 852 conferendi
3329 801 3502 868 gratia
3527 807 3674 854 esset

2098 889 2366 954 instituta,
2401 905 2751 960 consequens
2789 897 2959 953 esset,
3001 888 3193 942 Saram
3249 903 3314 943 ac
3344 888 3672 954 Rebeccam,

2097 986 2150 1034 et
2176 979 2326 1034 Liam
2359 995 2424 1035 ac
2451 979 2773 1047 Rachelem,
2818 988 2875 1035 et
2915 979 3278 1036 Jochabetam
3344 995 3408 1034 ac
3442 981 3691 1034 Mariam.
3786 974 3788 980 ’

2097 1069 2301 1141 Moysis
2352 1085 2624 1138 sororem,
2671 1080 3007 1140 caeterasque
3058 1079 3278 1126 sanctas
3317 1071 3584 1126 mulieres.
3610 1087 3677 1125 eo

2097 1176 2220 1219 esse
2257 1178 2425 1232 regno
2467 1162 2732 1233 privatas,
2765 1177 2866 1217 nec
2895 1163 3174 1219 ctelestem
3206 1162 3362 1219 illam
3389 1156 3718 1216 liaaredita-7

2099 1262 2207 1308 tem
2241 1269 2406 1324 posse
2455 1269 2748 1324 capessere
2795 1273 2809 1307 :
2861 1262 3149 1325 propterea
3198 1253 3343 1324 quod
3382 1253 3678 1309 Abrahami

2099 1345 2577 1400 circumcisionem
2600 1361 2867 1416 usurpare
2888 1345 3258 1416 nequiverint,
3281 1360 3470 1415 quam,
3497 1354 3557 1398 ut
3589 1345 3678 1399 isti
3755 1403 3762 1410 V

2100 1437 2310 1499 volunt,
2361 1435 2507 1490 Deus
2546 1437 2622 1490 illi
2659 1437 2890 1507 largitus
2925 1446 3030 1493 est.
3066 1437 3223 1503 Quod
3256 1438 3300 1492 si
3337 1437 3548 1492 caelesti
3578 1436 3683 1490 illae

2101 1541 2289 1597 regno,
2337 1528 2557 1582 tametsi
2609 1528 2953 1585 circumcisa:
3006 1544 3117 1582 non
3174 1527 3400 1592 fuerint,
3457 1527 3685 1585 minime

2101 1623 2418 1681 caruerunt,
2448 1617 2586 1670 nihil
2617 1617 2786 1688 igitur
2817 1618 2982 1673 modo
3006 1619 3190 1673 carnis
3213 1619 3306 1673 illa
3331 1617 3684 1673 circumcisio

2103 1709 2344 1778 prodest.
2377 1710 2443 1762 Et
2469 1724 2598 1764 vero
2629 1709 2764 1780 quid
2794 1719 2900 1778 est,
2931 1711 3075 1780 quod
3110 1710 3284 1766 Ebion
3320 1709 3458 1766 adeo
3483 1710 3550 1765 de
3574 1709 3684 1764 cir-

2102 1800 2440 1856 cumcisione
2463 1816 2559 1856 sua
2585 1801 2870 1872 glorietur,
2895 1816 3020 1856 cum
3044 1810 3099 1857 et
3125 1802 3398 1858 idolorum
3421 1801 3685 1865 cultores,

423 1888 585 1954 ρίται.
614 1885 832 1939 Τούτων
857 1885 914 1938 δὲ
946 1887 993 1937 οἱ
1019 1885 1235 1948 πλείους
1259 1885 1319 1938 οὐ
1345 1885 1432 1938 διὰ
1451 1885 1611 1956 νόμον
1634 1885 1790 1940 τοῦτο
1813 1886 1998 1940 ποιοῦ-

2116 1900 2154 1946 ιι
2176 1893 2490 1950 sacerdotes
2515 1892 2756 1965 Egyptii
2777 1894 2990 1964 seipsos
3009 1911 3226 1966 quoque
3249 1893 3686 1950 circumcidant?

420 1994 526 2043 σιν,
560 1978 694 2032 ἀλλὰ
725 1978 905 2049 ἀλόγῳ
931 1979 1036 2030 τινί
1065 1978 1343 2048 συνηθείᾳ.

2103 1984 2261 2050 Quod
2321 1994 2396 2045 et,
2431 1987 2709 2054 Saraceni,
2763 1997 2817 2045 et
2865 1988 3182 2054 lsmaelitae,
3225 2003 3290 2044 ac
3325 1986 3706 2052 Samaritani,.

417 2064 612 2133 Judaei,
659 2069 877 2123 ldumazi
928 2079 982 2124 et
1029 2068 1322 2124 llo-uerita:
1374 2069 1602 2125 faciunt.
1654 2070 1898 2135 Quorum
1933 2071 1990 2128 id
2029 2075 2276 2148 plerique
2300 2094 2408 2134 non
2434 2080 2619 2150 aliqua
2649 2081 2788 2152 lege,
2826 2081 2924 2138 sed
2988 2081 3388 2138 consuetudine
3443 2079 3680 2151 quadam

420 2165 560 2220 citra
590 2167 754 2219 ullam
789 2164 1055 2219 rationem
1086 2166 1414 2234 suscipiunt.

491 2258 604 2312 Καὶ
631 2256 818 2320 ἁπλῶς
847 2256 1012 2310 πολὺν
1038 2257 1228 2328 χρόνον
1254 2256 1518 2312 ἀναλώσω
1541 2258 2004 2330 κατατριϐόμενος

425 2350 504 2413 είς
537 2348 636 2419 τὴν
666 2347 856 2400 τούτου
891 2347 1184 2418 ληρῳδίαν,
1225 2347 1314 2400 διὰ
1343 2347 1403 2401 τὸ
1439 2349 1814 2418 ὲπερείδεσθαι
1841 2351 2006 2404 αὑτὸν

424 2442 602 2513 μάτην
630 2439 707 2511 τῷ
738 2439 885 2512 ρητῷ
930 2433 976 2509 ᾧ
1020 2439 1240 2509 εἴρηκεν
1288 2440 1316 2490 6
1361 2439 1570 2511 Σωτήρ·
1624 2440 1894 2508 Ἀρκετὸν
1930 2440 2010 2507 τῷ

416 2529 655 2601 μαθητῇ
686 2527 838 2585 εἶναι
864 2531 944 2594 ὡς
971 2532 1003 2583 ὁ
1032 2528 1421 2594 διδάσκαλος·
1458 2529 1544 2582 ἵνα
1584 2530 1675 2582 xui.
1724 2531 1884 2594 αὐτὸς
1930 2550 2013 2586 σε·

426 2623 694 2694 μνύνηται
725 2622 824 2693 τὴν
860 2623 995 2676 ἰδίαν
1035 2621 1344 2692 περιτομὴν
1381 2621 1468 2675 διὰ
1499 2621 1597 2692 τὴν
1635 2622 1729 2675 τοῦ
1771 2624 2010 2695 Χριστοῦ

424 2714 726 2785 περιτομὴν
751 2714 848 2785 τὴν
871 2716 928 2767 ὲν
955 2713 1103 2784 αὐτῷ
1131 2713 1310 2777 καλῶς
1341 2715 1791 2784 περιτμηθεῖσαν.
1819 2717 2010 2788 Ὅμως

423 2806 612 2876 ἐπειδὴ
639 2805 883 2873 βούλεται
910 2807 938 2858 ὁ
961 2806 1239 2876 κτηνώδης
1260 2806 1349 2859 διὰ
1373 2807 1471 2875 τὴν
1498 2807 1633 2877 πρὸς
1660 2808 1750 2860 τὸν
1781 2809 2014 2878 Χριστὸν

428 2897 660 2971 μίμησιν
704 2898 1001 2969 λαμϐάνειν
1053 2899 1242 2952 τοῦτον
1291 2899 1384 2952 τὸν
1430 2899 1608 2968 λόγον,
1658 2902 1759 2953 οὐκ
1801 2901 2016 2972 ὀκνήσω

424 2991 617 3058 δεῖξαι,
652 2991 734 3045 ὅτι
766 2991 826 3065 ος)
860 2990 951 3045 διὰ
982 2991 1139 3046 τοῦτο
1177 2992 1413 3065 εἴρηται.
1451 2992 1626 3058 Εὐθὺς
1664 2993 1773 3065 γὰρ
1820 2994 2016 3070 φράξει

426 3085 456 3137 6
485 3085 708 3154 Κύριος,
756 3085 953 3152 λέγων,
993 3085 1074 3138 ὃτι
1117 3087 1178 3138 οὐ
1223 3086 1312 3139 διὰ
1346 3085 1506 3138 τοῦτο
1538 3082 1710 3152 εἶπεν,
1756 3087 1896 3140 ἀλλὰ
1925 3087 2014 3141 διὰ

2184 2264 2436 2339 Denique.
2457 2269 2751 2340 plurimum
2782 2285 2814 2324 a
2846 2285 2934 2325 me
2954 2269 3216 2339 temporis
3238 2268 3440 2322 insumi
3463 2279 3690 2321 necesse

2115 2358 2204 2422 sit,
2238 2360 2285 2414 si
2315 2360 2372 2415 in
2399 2361 2712 2418 refellendis
2755 2361 2906 2417 illius
2947 2360 3110 2432 nugis
3142 2360 3407 2415 inhaerere
3439 2358 3689 2422 voluero,

2116 2452 2209 2521 qui
2239 2453 2342 2507 hoc
2364 2469 2477 2508 uno
2500 2452 2806 2509 Salvatoris
2834 2453 2985 2509 dicto
3005 2452 3215 2508 frustra
3236 2452 3461 2506 nititur:
3494 2450 3694 2519 Sufﬁcit

2117 2542 2375 2611 discipulo
2419 2545 2465 2597 si
2509 2544 2583 2597 sit
2633 2544 2771 2598 sicut
2817 2543 3071 2612 magister
3118 2541 3300 2608 eius”;
3352 2547 3411 2593 ut
3461 2548 3517 2594 et
3577 2539 3695 2608 ipse

2117 2643 2337 2707 propter
2357 2651 2500 2704 eam,
2523 2650 2690 2706 quam
2716 2635 2772 2690 in
2799 2650 2858 2692 se
2888 2633 3088 2688 merito
3118 2631 3373 2687 Christus
3402 2629 3693 2700 expressit,

2117 2729 2597 2786 circumcisionem
2630 2743 2787 2784 suam
2823 2733 3148 2798 arroganter
3179 2730 3439 2780 ostentet.
3472 2721 3698 2778 Verum.

2117 2831 2298 2877 tamen
2328 2821 2589 2892 quoniam
2626 2820 2700 2875 ob
2732 2818 2936 2874 Christi
2971 2817 3333 2873 imitationem
3379 2829 3443 2872 ea
3484 2828 3543 2871 se
3571 2827 3698 2871 seno

2115 2913 2291 2967 tentia
2319 2928 2488 2982 pecus
2512 2912 2607 2966 illa
2640 2909 2910 2977 defendit,
2943 2910 3130 2966 dicere
3158 2909 3303 2963 haud
3338 2906 3567 2962 verebor
3595 2919 3697 2962 η’)-

2117 3017 2393 3074 quaquam
2447 3003 2595 3058 illam
2650 3017 2717 3058 eo
2773 3003 3066 3072 pertinere.
3127 3000 3280 3071 161
3319 2997 3512 3052 Statim
3551 2996 3698 3052 enim

2118 3096 2384 3152 Dominus
2419 3096 2638 3166 adjecit,
2693 3110 2806 3150 non
2857 3111 2917 3150 se
2961 3094 3086 3149 ideo
3116 3094 3191 3147 ita
3225 3092 3457 3155 dixisse,
3501 3089 3594 3146 sed
3627 3088 3699 3144 ob

426 3178 552 3240 τοὺς
586 3177 876 3247 διωγμοὺς,
907 3177 1004 3231 καὶ
1032 3178 1130 3248 τὴν
1160 3177 1267 3231 τῶν
1283 3178 1546 3232 Ἰουδαίων
1575 3181 1654 3242 εἰς
1683 3179 1844 3232 αὐτὸν
1871 3195 2011 3249 παρ-

2116 3196 2434 3258 ingruentes
2463 3187 2888 3257 exagitationes,
2933 3184 3357 3254 Judaaorumque
3389 3185 3444 3236 in
3477 3197 3537 3237 se
3562 3195 3699 3234 con-

428 3266 620 3321 οινίαν.
649 3267 759 3321 Καί
790 3285 973 3339 φησιν·
1003 3271 1073 3322 Ei
1103 3269 1208 3338 ἐμὲ
1253 3269 1526 3335 ἐδίωξαν,
1570 3269 1669 3323 καὶ
1701 3268 1856 3340 ὑμᾶς
1880 3268 2011 3322 διώ-

433 3359 670 3424 ξολυονιίιν·⁸
697 3361 745 3412 εἰ
774 3360 876 3431 ἐμὲ
906 3361 1201 3432 ἐμίσησαν,
1231 3363 1326 3415 xui.
1353 3363 1496 3433 ὑμᾶς
1528 3364 1870 3434 μισήσουσιν.
1897 3365 2019 3417 Οὐκ

428 3453 535 3518 ἐμὲ
583 3453 788 3522 λέγετε
828 3453 1035 3521 κύριον
1075 3452 1174 3506 καὶ
1223 3452 1628 3520 διδάσκαλον;
1668 3455 1779 3509 Καὶ
1821 3455 2020 3520 καλῶς

431 3545 657 3614 λέγετε-
693 3546 810 3614 εἰμὶ
841 3544 971 3614 γάρ.
1002 3548 1072 3599 Ei
1101 3540 1218 3600 οὖν
1242 3544 1350 3600 τὸν
1376 3546 1814 3614 οἰκοδεσπότην
1843 3549 2022 3600 Βεελ-

433 3637 640 3698 ζεϐοὺλ
673 3637 995 3698 ἐκάλεσαν,
1034 3638 1202 3704 πόσῳ
1232 3654 1297 3707 γε
1336 3637 1580 3706 μᾶλλον
1619 3638 1762 3704 τοὺς
1808 3642 2022 3692 οἰκεια-

436 3729 584 3795 κοὺς
610 3730 834 3795 αὐτοῦ;
874 3731 986 3793 καὶ,
1022 3731 1104 3783 Οὐ
1145 3729 1392 3783 δύναται
1414 3730 1634 3797 δοῦλος
1681 3728 1835 3785 εἶναι
1871 3731 2022 3799 ὑπὲρ

435 3821 544 3874 τὸν
571 3822 779 3889 κύριον
809 3822 993 3875 αὐτοῦ
1017 3863 1031 3885 ,
1064 3821 1206 3874 οὐδὲ
1228 3822 1504 3888 μαθητὴς
1547 3822 1703 3891 ὑπὲρ
1731 3823 1836 3876 τὸν
1861 3821 2025 3876 διδά-

436 3916 675 3966 σκαλον
700 3913 906 3967 αὐτοῦ.
941 3915 1087 3973 Ἦτω
1119 3912 1187 3964 δὲ
1213 3911 1682 3982 κατηρτισμένος
1704 3913 1853 3969 κατὰ
1875 3912 2025 3967 πάν-

435 4019 510 4055 τα
538 4006 570 4056 ὁ
591 4002 884 4072 μαθητὴς,
917 4004 997 4068 ὡς
1021 4007 1052 4057 ὀ
1077 4003 1466 4068 διδάσκαλος,
1494 4002 1773 4056 τουτέστιν
1806 4003 2023 4074 ἕτοιμος

438 4093 519 4155 εἰς
552 4091 813 4162 διωγμὸν,
850 4092 946 4145 xui.
977 4092 1320 4161 κακολογίαν,
1361 4091 1457 4144 καὶ
1491 4092 1599 4146 πᾶν
1625 4091 1804 4146 ὁτιοῦν
1837 4095 2027 4162 ἐπιφε-

441 4183 689 4255 ρόμενον.
727 4182 890 4236 Ὅθεν
940 4185 1034 4237 xui.
1077 4186 1105 4237 6
1145 4185 1300 4252 ἅγιος
1342 4183 1586 4246 Παῦλος·
1627 4185 1887 4253 Μιμηταί
1905 4202 2025 4252 μου

438 4274 702 4342 γίνεσθε,
737 4273 932 4337 καθὼς
956 4273 1118 4344 κάγὼ
1143 4272 1420 4343 Χριστοῦ.
1448 4273 1559 4325 Καὶ
1585 4273 1684 4342 οὐχ
1711 4273 1792 4326 ὅτι
1822 4273 2027 4335 ἐκεῖνος

441 4366 694 4436 ἐμιμεῖτο
726 4366 818 4418 τὸν
851 4365 1016 4419 αὑτοῦ
1046 4366 1314 4436 δεσπότην
1345 4365 1421 4429 ὡς
1451 4365 1552 4418 οὐκ
1586 4364 1714 4436 ἔδει.
1749 4364 1886 4418 Οὐδὲ
1917 4363 2028 4436 γὰρ

443 4432 650 4526 ἔλεγεν,
683 4459 764 4510 ὅτι
795 4458 926 4521 Θεός
972 4460 1118 4529 εἰμι,
1163 4458 1196 4529 ἢ
1244 4432 1372 4520 Ῠὶὺς
1412 4457 1547 4510 Θεοῦ
1591 4432 1729 4527 εἶμι,
1777 4456 1810 4526 ἢ
1856 4432 2028 4526 Λόγος

2118 3279 2393 3335 tumelias.
2427 3278 2524 3344 Ac,
2551 3277 2612 3332 Si
2667 3295 2766 3343 me,
2803 3277 3004 3347 inquit,
3040 3275 3297 3344 persecuti
3347 3281 3488 3337 sunt,
3532 3280 3580 3325 et
3610 3286 3699 3324 vos

2117 3367 2556 3438 persequemur';
2596 3367 2642 3422 si
2699 3382 2783 3422 me
2825 3366 3082 3432 oderunt,
3130 3373 3184 3418 et
3230 3379 3326 3418 vos
3363 3362 3492 3417 odio
3533 3360 3701 3414 habeo

2119 3460 2318 3514 bunt".
2353 3457 2542 3513 Nonne
2575 3475 2654 3512 me
2693 3457 2978 3510 Dominum
3025 3457 3203 3510 dicitis
3246 3471 3309 3507 ac
3353 3451 3703 3518 magistrum?

2123 3549 2192 3603 Et
2221 3561 2356 3602 recte
2395 3550 2596 3612 dicitis,
2647 3565 2762 3601 sum
2806 3548 2994 3600 etenim
3020 3546 3060 3598 ⁵.
3114 3545 3171 3599 Si
3203 3546 3368 3615 igitur
3406 3539 3700 3611 patremfa-

2121 3641 2296 3694 milias
2320 3638 2604 3692 Beelzebub
2629 3647 2960 3702 vocaverunt,
2985 3645 3182 3707 quanto
3203 3635 3368 3703 magis
3390 3633 3719 3688 doniesticos.
3769 3688 3780 3702 γ

2122 3731 2234 3800 ejus
2262 3732 2322 3784 οἳ
2373 3729 2459 3796 Ει,
2505 3729 2628 3782 Non
2675 3741 2842 3798 potest
2895 3745 3073 3783 servus
3120 3727 3293 3795 major
3332 3742 3442 3779 esse
3489 3723 3717 3781 domino,
3796 3768 3801 3774 .

2124 3838 2218 3875 suo
2239 3823 2257 3852 ⁷
2284 3841 2297 3876 :
2329 3838 2490 3891 neque
2525 3821 2820 3890 discipulus
2853 3820 3140 3887 magistro;
3181 3817 3269 3870 sed
3305 3824 3415 3870 esto
3442 3816 3718 3883 perfectus.

2124 3914 2178 3965 in
2209 3912 2449 3966 omnibus
2481 3910 2774 3980 discipulus
2825 3911 2960 3963 sicut
3006 3910 3257 3980 magister
3281 3908 3326 3972 ⁸,
3374 3907 3474 3960 hoc
3521 3913 3604 3960 est
3635 3904 3705 3960 ad

2125 4016 2343 4056 omnem
2383 4002 2748 4067 vexationem,
2781 4016 2846 4055 ac
2884 3999 3346 4061 maledicentiam,
3382 4005 3436 4053 et
3476 3997 3713 4052 adversa.

2128 4093 2386 4164 quaelibet
2420 4091 2747 4149 sustinenda
2774 4101 3146 4162 comparatus.
3183 4090 3339 4145 Unde
3371 4099 3424 4144 et
3452 4089 3656 4144 Paulus
3686 4108 3700 4143 :

2129 4183 2464 4250 Imitatores,
2513 4183 2714 4254 inquit,
2749 4185 2851 4238 mei
2880 4191 3065 4250 estote,
3091 4184 3231 4236 sicut
3252 4190 3302 4235 et
3327 4197 3416 4252 ego
3438 4180 3702 4234 Christi”.

2130 4276 2316 4347 Neque
2353 4292 2483 4332 vero
2516 4291 2624 4346 qua
2657 4292 2766 4331 non
2800 4275 3027 4331 decebat
3058 4277 3272 4330 ratione
3303 4274 3587 4328 dominum
3614 4273 3705 4329 ille

2130 4385 2288 4424 suum
2323 4369 2569 4423 imitatus
2605 4377 2708 4424 est.
2771 4367 2890 4445 Ν,οη
2918 4369 3062 4424 enim
3094 4367 3262 4423 Deum
3293 4383 3416 4423 esse
3453 4382 3514 4422 se
3540 4365 3701 4430 dixit,

2140 4467 2236 4514 aut
2265 4459 2358 4515 Dei
2389 4459 2611 4524 Filium,
2643 4469 2738 4515 aut
2761 4458 2931 4514 Deum
2963 4458 3225 4513 Verbum.
3266 4458 3394 4524 Sed,
3423 4455 3533 4526 Ego
3564 4473 3703 4518 sum,

443 4551 574 4612 Θεός
597 4551 731 4618 εἰμι.
774 4549 937 4618 Λέγει
971 4549 1100 4620 γὰρ,
1145 4550 1226 4602 ὅτι
1280 4549 1425 4618 Ἐγώ
1468 4551 1584 4617 ειμι
1624 4551 1655 4601 ὀ
1701 4546 2013 4617 ἐλάχιστος

2132 4551 2329 4623 inquit,
2370 4551 2621 4605 minimus
2657 4551 3110 4619 apostolorum”;
3149 4560 3220 4615 et,
3241 4549 3510 4618 Tanquam
3551 4548 3706 4600 abor-

445 4637 561 4692 τῶν
579 4640 957 4693 ἀποστόλων
983 4640 1098 4705 καὶ,
1117 4639 1386 4707 Ὡσπερει
1414 4656 1494 4705 τῳ
1512 4636 1834 4708 ἐκτρώματι
1854 4638 2020 4708 ὤφθη

446 4732 647 4800 κᾴμοί.

515 4825 632 4876 ΛΔ’.
675 4823 738 4875 El
761 4821 815 4873 δὲ
839 4821 924 4883 σὺ,
954 4821 1164 4885 Ἐϐίων,
1192 4821 1487 4892 λαμϐάνεις
1508 4823 1569 4876 τὸ
1595 4820 2029 4895 ῥητὺντοῦτοὲπὶ

451 4915 678 4986 μιμήσει
724 4912 959 4984 Χριστοῦ
1017 4915 1109 4966 καὶ
1155 4913 1262 4966 άπὸ
1310 4915 1408 4984 τῆς
1452 4913 1775 4985 περιτομῆς,
1812 4907 1880 4984 ἦς
1925 4929 2029 4982 μα-

446 5003 614 5066 ταίως
642 5005 858 5074 φρονεῖς
876 5041 891 5065 ,
926 5002 1097 5066 θέλεις
1121 4998 1258 5055 εἶναι
1291 5003 1366 5066 ὡς
1391 5005 1419 5056 6
1444 5003 1763 5065 διδάσκαλος
1779 5042 1794 5067 ,
1829 5002 2029 5072 μᾶλλον

446 5093 504 5147 δὲ
529 5095 603 5158 ὡς
634 5097 662 5147 6
701 5094 922 5163 Κύριος,
959 5094 1032 5165 μὴ
1066 5096 1124 5146 ὲν
1156 5097 1222 5165 τῇ
1257 5097 1526 5166 περιτομῇ
1556 5095 1704 5165 αὐτῷ
1731 5092 1938 5165 ὁμοιοῦ·
1966 5095 2028 5146 οὐ

448 5189 558 5258 γάρ
591 5204 650 5239 σε
682 5187 972 5258 ὠφελήσει.
1008 5188 1326 5258 Παρήνεγκε
1358 5187 1465 5258 γὰρ
1491 5189 1519 5240 6
1549 5187 1752 5258 Κύριος
1780 5186 1870 5238 τὸν
1897 5184 2028 5237 ταύ-

457 5295 549 5349 της
573 5278 791 5349 χρόνον,
817 5278 892 5342 ὡς
920 5278 1009 5332 διὰ
1037 5279 1248 5331 πολλῶν
1277 5277 1571 5350 μαρτύρων
1602 5277 1789 5348 σαφῶς
1821 5276 2029 5331 ἐπεδεί-

525 5433 634 5488 'F.
668 5435 852 5504 ἱερεῖς.
929 5433 1374 5497 ’Matth.x,25.
1451 5415 1899 5504 510an.xv,_‘29.
1975 5429 2288 5504 ‘ibidJs.

457 5521 544 5568 xv,
569 5506 662 5560 2U.
722 5503 759 5536 ⁷⁸
789 5503 922 5559 Luc.
948 5521 1025 5569 v1,
1054 5506 1143 5559 40.
1219 5505 1240 5535 ³
1268 5507 1282 5557 l
1313 5505 1439 5560 Cor.
1465 5520 1544 5567 τι,
1574 5504 1622 5561 1.

529 5623 643 5694 (56)
695 5623 1047 5694 Ὁπότε-καί
1094 5625 1147 5674 οἱ
1191 5619 1627 5694 εἰδωλολάτραι.
1681 5616 1906 5694 Hieron.
1961 5615 2029 5668 ad

457 5689 575 5762 cap.
611 5689 725 5749 Jer.
795 5711 864 5747 x:
916 5691 1268 5762 Μιιίιαπηιηι,⁸
1293 5692 1588 5762 ἱιιιιυίιφω
1625 5689 1856 5762 quadam
1884 5695 2031 5752 parte

458 5759 710 5835 geutium,
741 5773 790 5818 et
820 5765 1069 5824 maxime,
1098 5779 1212 5835 quo:
1237 5759 1442 5835 Iudico:
1474 5759 1876 5835 Pola’sliquue
1908 5772 2030 5809 con-

461 5831 589 5902 ﬁnes
630 5845 790 5900 sunt,
839 5851 998 5903 usque
1042 5831 1192 5886 hodie
1249 5832 1425 5902 populi
1479 5831 1945 5892 cirtuim'idunmr,
1991 5837 2038 5881 et

2134 4643 2235 4696 tivo
2267 4643 2510 4697 visusest
2539 4653 2588 4696 et
2622 4643 2747 4695 mihi
2777 4644 2835 4695 “.

2204 4815 2444 4872 XXXIV.
2481 4816 2636 4884 Quod
2664 4818 2708 4873 si
2746 4826 2834 4882 tu,
2869 4817 3040 4870 Ehion
3062 4856 3076 4879 ,
3117 4816 3319 4869 Christi
3352 4812 3418 4865 ad
3453 4810 3711 4865 imitatio-

2133 4925 2256 4965 nem
2287 4911 2491 4964 dictum
2537 4909 2671 4964 illud
2713 4923 2968 4979 usurpas,
3013 4917 3066 4962 et
3110 4908 3178 4960 ob
3212 4903 3705 4960 circumcisionem.

2135 5016 2244 5071 qua
2277 5009 2334 5055 tu
2369 5001 2573 5056 frustra
2603 5009 2657 5056 te
2684 5000 2926 5072 jactitas,
2964 4999 3208 5069 magistri
3241 5012 3363 5052 esse
3396 4995 3588 5050 similis
3629 4995 3712 5046 vel

2137 5091 2354 5146 Domini
2405 5092 2589 5164 potius
2633 5091 2876 5156 alfectas,
2930 5091 3040 5145 noli
3087 5086 3508 5144 circumcisione
3554 5086 3600 5138 ei
3647 5084 3716 5139 si-

2137 5184 2283 5239 milis
2331 5200 2483 5251 esse;
2540 5199 2716 5253 neque
2758 5183 2901 5238 enim
2949 5182 3047 5236 tibi
3088 5179 3348 5251 proderit,
3398 5192 3522 5232 cum
3572 5176 3714 5229 illius

2138 5284 2354 5347 tempus
2403 5275 2666 5331 Dominus
2718 5277 2832 5345 ipse
2885 5272 3403 5342 circumscripserit,
3457 5268 3716 5338 quemad-

2391 5431 2412 5462 ³
2439 5429 2598 5486 Joan.
2630 5445 2748 5496 xm,
2777 5431 2831 5483 5.
2912 5429 2930 5454 “
2964 5425 3153 5482 Matth.
3185 5442 3239 5488 ι,
3298 5423 3387 5478 25.
3502 5423 3520 5454 τ
3553 5419 3714 5480 Joan.

1708 5503 1753 5534 ¹⁰
1782 5502 1799 5554 l
1836 5501 1962 5555 Cor.
1999 5515 2089 5563 xv,
2124 5503 2176 5555 9.
2255 5502 2296 5531 ¹¹
2328 5500 2458 5556 ibid.
2493 5501 2548 5559 8.

2139 5619 2402 5684 prwcipue
2436 5616 2683 5686 Egyptii’
2710 5612 3023 5686 et‘ldumwi
3044 5652 3056 5675 ,
3111 5610 3426 5686 Ammﬁonitg}
3459 5618 3508 5663 et
3561 5607 3719 5686 li!ho

2143 5677 2356 5748 ωηιξη
2387 5677 2730 5740 οιιινιῖἔ’ταωτ
2772 5677 3206 5737 Sarracenorum.
3251 5679 3325 5735 De
3355 5679 3627 5749 [Egyptiis
3663 5677 3717 5732 id

2145 5747 2374 5814 testatur
2406 5757 2732 5813 Herodotus.
2774 5754 3013 5810 Meminit
3055 5763 3108 5807 et
3138 5753 3284 5824 Orig.
3335 5767 3348 5804 ι
3398 5747 3536 5804 eam.
3574 5747 3726 5808 Cels.
