4170 6372
419 338 517 392 HI

1831 339 1890 395 S.
1931 341 2275 399 EPIPHANII

3570 343 3679 398 472

419 451 640 505 modum
693 449 904 503 idoneis
955 448 1141 504 multis
1195 449 1425 506 testibus
1481 451 1762 508 evidenter
1815 464 2001 512 osten-

2132 463 2296 532 ξαμεν.
2314 455 2508 525 Ἦλθε,
2535 460 2628 514 καὶ
2645 459 2927 530 ἐπλήρωσε
2955 458 3078 522 δοὺς
3103 461 3200 529 τὴν
3224 456 3434 510 τελείαν
3466 473 3681 528 περιτο·

418 543 622 597 dimus.
659 540 815 595 Venit
843 539 1010 602 enim,
1039 546 1387 609 veteremque
1419 543 1728 611 complevit.
1764 544 2002 612 perfecta

419 635 639 689 demum
686 648 784 702 per
825 647 922 687 sua
961 633 1219 704 mysteria
1263 634 1684 688 circumcisione
1725 651 2010 691 concessa.

423 723 597 791 Quam
639 739 746 778 non
783 739 891 778 una
925 725 1173 794 corporis
1213 732 1368 794 parte
1415 724 1631 780 deliniri
1675 728 1865 789 voluit,
1917 728 2011 782 sed

422 815 612 870 eadem
661 823 836 868 totum
886 830 1088 884 corpus
1136 815 1467 884 obsignavit,
1518 824 1679 885 atque
1721 832 1750 870 a
1790 826 2012 887 peccato

425 906 767 960 circumcidit
801 924 813 960 :
847 920 1023 975 neque
1061 921 1222 959 unam
1264 906 1534 960 duntaxat
1566 908 1747 977 populi
1777 916 2007 976 partem,

425 1006 556 1068 puta
582 997 793 1051 virilem
831 1013 1043 1061 sexum,
1086 997 1180 1051 sed
1213 997 1524 1051 universam
1565 997 2006 1054 Christianorum

426 1097 643 1160 gentem
695 1087 876 1157 reipsa
933 1088 1197 1144 servavit:
1240 1089 1394 1152 viris,
1435 1088 1675 1158 inquam,
1714 1098 1768 1144 et
1815 1091 2009 1145 mulie-

426 1181 584 1236 ribus
619 1181 834 1251 signum
876 1178 1008 1232 illud
1046 1179 1329 1250 impertiit.
1367 1179 1578 1250 Quippe
1609 1179 1675 1232 ad
1711 1183 1862 1251 regni
1896 1197 2013 1236 cce-

428 1272 583 1326 lestis
642 1271 946 1327 adeundam
994 1272 1364 1326 hacreditatem
1420 1271 1694 1326 cumulate
1736 1273 2010 1334 omnibus.

429 1379 541 1416 non
569 1371 796 1432 anguste
820 1363 1062 1417 virorum
1097 1362 1189 1416 uni
1214 1362 1422 1433 generi,
1451 1363 1596 1416 illam
1628 1362 1800 1432 ipsam
1829 1372 2014 1418 notam

430 1452 659 1523 imponi,
694 1453 843 1507 velut
866 1453 1214 1516 imbecillam,
1247 1453 1457 1506 statuit.
1487 1453 1744 1522 Adeoque
1775 1461 1882 1506 tam
1918 1470 2014 1524 per

430 1559 570 1608 eam,
603 1559 766 1614 quam
800 1559 895 1614 per
933 1544 1190 1598 mandata
1226 1559 1357 1608 sua,
1389 1545 1771 1614 egregiamque
1804 1545 2013 1599 doetri-

430 1651 558 1690 nam
590 1635 812 1691 caeleste
837 1650 1063 1705 regnum
1093 1634 1405 1690 Christiano
1443 1637 1539 1690 toti
1577 1635 1778 1706 populo
1808 1635 2012 1705 patefe—

2116 553 2222 623 μὴν
2261 551 2369 605 τῶν
2404 551 2568 604 αὐτοῦ
2605 551 2945 622 μυστηρίων,
2976 550 3077 602 οὐκ
3110 551 3167 602 ἐν
3215 549 3295 602 ἐνὶ
3326 549 3474 618 μέλει
3511 548 3686 617 μόνῳ,

2112 644 2226 696 ἀλλ’
2251 644 2370 696 ὅλον
2399 641 2556 712 σῶμα
2579 643 2904 712 σφραγίσας,
2933 641 3026 692 καὶ
3048 637 3358 710 περιτεμὼν
3377 639 3482 690 ἀπὸ
3505 639 3690 707 ἀμαρσ

2109 733 2230 794 τίας
2253 749 2264 760 ’
2287 733 2381 785 καὶ
2396 733 2493 801 οὐχ
2524 731 2582 782 ἓν
2610 730 2771 801 μέρος
2798 729 2928 781 λαοῦ
2959 727 3164 792 σώζων,
3189 727 3461 780 τουτέστιν
3491 727 3690 794 ἄνδρας

2113 825 2326 894 μόνους,
2355 823 2488 876 ἀλλὰ
2514 822 2606 876 καὶ
2637 821 2754 874 ὅλον
2783 821 2910 874 λαὸν
2937 820 3026 872 τὸν
3057 819 3162 872 τῶν
3187 817 3525 888 Χριστιανῶν
3549 815 3692 868 κατὰ

2110 916 2387 986 ἀλήθειαν,
2428 915 2624 984 ἄνδρας
2655 931 2712 966 τε
2747 913 2840 965 καὶ
2881 914 3140 979 γυναῖκας
3177 909 3311 980 ὁμοῦ
3353 908 3688 977 σφραγίζων,

2108 1007 2204 1060 καὶ
2253 1007 2331 1069 εἰς
2372 1004 2616 1076 οὐρανῶν
2669 1003 2940 1071 βασιλείας
2998 999 3359 1072 κληρονομίαν
3421 997 3690 1066 ἀφθόνως,

2110 1097 2205 1148 καὶ
2237 1097 2335 1149 οὐκ
2362 1095 2593 1158 ἐλλιπῶς
2620 1095 2701 1147 ἐνὶ
2733 1095 2972 1163 τάγματι
2993 1093 3101 1144 τῶν
3133 1091 3341 1161 ἀνδρῶν
3368 1089 3524 1160 μόνον
3553 1087 3693 1140 κατὰ

2110 1186 2394 1240 ἀσθένειαν
2441 1186 2538 1257 τὴν
2587 1185 2859 1256 σφραγῖδα.
2907 1185 3182 1254 παρέχων,
3238 1181 3374 1235 ἀλλὰ
3417 1181 3531 1251 λαῷ
3580 1179 3695 1233 ὁλο-

2109 1279 2256 1330 τελεῖ
2301 1279 2389 1331 διὰ
2440 1278 2538 1348 τῆς
2590 1276 2884 1347 σφραγῖδος
2932 1278 3024 1328 καὶ
3074 1275 3300 1327 ἐντολῶν
3347 1274 3440 1326 καὶ
3483 1270 3693 1340 ἀγαθῆς

2111 1370 2458 1433 διδασκαλίας
2517 1369 2614 1438 τὴν
2676 1367 2950 1437 βασιλείαν
3006 1367 3113 1418 τῶν
3173 1364 3417 1436 οὐρανῶν
3482 1365 3692 1419 ἀποκα-

2112 1460 2349 1513 λύπτων.
2389 1459 2451 1512 Εί
2486 1459 2542 1512 δὲ
2579 1459 2652 1522 ὡς
2691 1461 2718 1511 ὁ
2764 1457 2968 1527 Κύριος
3005 1455 3181 1525 βούλει
3223 1451 3391 1516 εἶναι,
3430 1453 3458 1504 ὁ
3497 1452 3691 1508 Εϐίων.

2113 1549 2387 1602 τουτέστιν
2429 1548 2504 1612 ὡς
2547 1547 2946 1610 ὁΔιδάσκαλος,
2994 1547 3129 1600 πολύ
3169 1545 3467 1615 ἠπάτησαι.
3506 1541 3600 1611 Μὴ
3638 1542 3696 1592 ἐν

2111 1643 2178 1711 τῇ
2212 1644 2479 1714 περιτομῇ
2509 1640 2831 1703 ἀπεικάζου.
3641 1628 3650 1638 ’

432 1727 526 1782 cit.
553 1729 630 1781 Ac
659 1727 704 1782 si
737 1735 798 1780 tu
833 1725 1047 1781 Domini
1083 1727 1279 1782 similis
1318 1742 1463 1793 esse,
1505 1727 1608 1782 hoc
1646 1735 1730 1782 est
1770 1727 2011 1798 Magistri
2051 1732 2157 1797 vis,
2186 1734 2390 1790 Ebion!
2423 1735 2772 1791 vehementer
2802 1735 3047 1789 aberras.
3079 1729 3198 1786 Noli
3256 1731 3404 1786 enim
3461 1727 3697 1781 circum-

432 1820 644 1878 cisione
676 1819 779 1876 ista
810 1819 1220 1876 similitudinem
1254 1821 1399 1875 illius
1427 1821 1752 1890 exprimere.

505 1909 704 1965 Verum
746 1910 974 1981 agedum
1008 1925 1036 1962 a
1073 1919 1427 1965 monumento
1461 1910 1725 1964 Lazarum
1763 1926 2011 1976 arcesse,
2045 1919 2088 1974 B

434 2010 528 2059 aut
552 2002 716 2056 alium
747 2002 1054 2072 quempiam
1091 2012 1362 2056 mortuum
1396 2003 1634 2057 excitato
1671 2021 1682 2057 :
1723 2003 1880 2074 162
1921 2012 2017 2058 aut

435 2093 670 2148 infectos
719 2100 865 2162 lepra
911 2107 1178 2164 repurga;
1236 2094 1394 2149 caucis
1454 2093 1668 2158 visum,
1724 2110 2019 2149 nervorum

434 2183 768 2239 resolutione
823 2183 1199 2238 laborantibus
1250 2185 1560 2247 sanitatem,
1594 2185 1639 2238 si
1681 2195 1868 2255 potes,
1929 2202 2018 2240 re-

435 2276 624 2332 stitue.
655 2274 760 2328 Sed
783 2274 905 2330 ideo
934 2290 1043 2329 non
1073 2283 1248 2345 potes,
1279 2277 1421 2346 quod
1449 2275 1784 2342 inlidelitate,
1817 2277 2024 2330 carnis-

438 2382 544 2436 que
582 2365 836 2428 vinculis,
885 2380 948 2419 ac
989 2365 1122 2437 legis
1164 2365 1498 2436 imperfectis
1538 2367 1878 2422 caeremoniis
1928 2366 2025 2420 illi-

437 2464 600 2527 gatus
635 2457 910 2511 contraria
950 2456 1028 2510 illi
1062 2456 1247 2510 omnia
1283 2455 1440 2511 facis.
1475 2457 1652 2527 Atque
1681 2465 1740 2511 ut
1767 2466 2026 2527 praestare

440 2548 679 2602 maxime
710 2562 923 2618 posses,
957 2547 1010 2602 id
1042 2548 1186 2619 quod
1225 2561 1446 2619 propter
1479 2549 1830 2621 depravatam
1869 2549 2025 2604 ﬁdem

440 2648 588 2693 tuam
642 2639 867 2694 minime
920 2647 1077 2710 potes
1135 2642 1379 2710 assequi,
1432 2656 1542 2695 non
1600 2642 1774 2695 instar
1820 2639 2026 2695 Christi

390 2721 392 2726 ’
443 2730 570 2786 dico
651 2731 851 2802 (neque
913 2732 1058 2786 enim
1127 2733 1468 2802 corruptioni
1539 2733 1809 2788 obnoxius
1868 2742 2029 2800 atque

444 2838 632 2878 errore
662 2823 973 2894 implicatus
1007 2824 1304 2878 homuncio
1333 2823 1572 2879 conferri
1613 2841 1735 2880 cum
1779 2825 1887 2878 Deo
1928 2841 2024 2894 po-

444 2914 586 2982 tes),
621 2913 715 2968 sed
745 2928 923 2984 neque
964 2912 1172 2970 Christi
1200 2929 1397 2969 nomen
1436 2913 1502 2968 ad
1536 2914 1744 2969 edenda
1784 2915 2029 2986 prodigia

449 3013 608 3075 potes
646 3005 929 3072 invocare;
970 3012 1066 3059 aut
1102 3006 1150 3059 si
1195 3011 1380 3058 tamen
1426 3004 1787 3068 invocaveris,
1832 3004 2031 3060 ellicies

452 3096 772 3167 quidquam.
824 3094 931 3151 Sed
969 3097 1073 3152 etsi
1117 3098 1416 3167 paralytico
1464 3096 1782 3152 suscitando
1830 3095 2032 3166 aliquid

449 3186 712 3251 eﬂiceres,
741 3187 884 3242 idem
917 3187 1123 3257 utique,
1149 3187 1243 3258 qui
1275 3203 1370 3258 per
1392 3185 1522 3242 Jesu
1553 3202 1753 3242 nomen
1782 3203 2034 3257 exsurge-

451 3284 558 3341 ret,
591 3277 659 3332 ab
691 3293 758 3332 eo
791 3278 912 3347 ipso
945 3279 1179 3348 quadarn
1213 3288 1399 3347 posset
1435 3279 1716 3349 sapientiae
1749 3281 1868 3333 luce
1902 3294 2028 3348 per-
2057 3264 2100 3321 C-

453 3366 632 3430 fundi,
663 3381 732 3421 ne
767 3382 829 3422 se
859 3373 1009 3420 tuam
1058 3369 1125 3422 ad
1183 3365 1407 3422 Sabbati
1457 3369 1894 3424 observationem
1942 3384 2035 3421 ac-

455 3458 864 3524 commodaret;
906 3471 970 3511 ac
1001 3472 1097 3528 per
1127 3458 1248 3528 ejus
1281 3474 1311 3512 a
1345 3474 1456 3529 quo
1482 3469 1630 3516 esset
1662 3468 1907 3522 sanatus,
1941 3475 2040 3514 no-

457 3562 581 3602 men
611 3546 716 3602 hoc
743 3547 980 3603 disceret
1015 3567 1028 3602 :
1056 3548 1204 3603 Tolle
1223 3550 1507 3619 grabatum
1539 3561 1706 3613 tuum,
1747 3561 1795 3604 et
1829 3550 1956 3604 vade
1985 3551 2040 3604 in

457 3638 672 3693 domum
708 3647 850 3692 tuam
885 3639 1120 3694 Sabbato
1145 3643 1186 3695 ί.
1217 3641 1484 3696 Caeterum
1511 3642 1614 3696 hoc
1644 3657 1673 3695 a
1705 3642 1862 3696 nobis
1884 3649 2041 3696 antea

458 3740 944 3786 commemoratum
995 3739 1100 3796 est,
1157 3733 1252 3803 qui
1303 3749 1369 3788 ex
1424 3734 1515 3787 illa
1570 3742 1718 3788 secta
1759 3741 1908 3798 sunt,
1937 3747 2033 3787 eos

459 3825 609 3878 varie
668 3824 736 3878 de
789 3824 1010 3879 Christo
1060 3826 1282 3880 sentire.
1315 3824 1451 3879 Nam
1485 3824 1629 3895 quod
1671 3824 1738 3878 ad
1774 3823 2030 3879 Ebionem

459 3917 640 3987 ipsum
674 3917 928 3985 pertinet,
965 3933 1173 3972 merum
1209 3918 1358 3971 illum
1393 3917 1667 3972 hominem
1703 3932 1769 3971 ex
1799 3918 2034 3970 humano

462 4007 934 4076 concubitu‘putat
965 4023 1084 4062 esse
1112 4016 1454 4078 prognatum.
1477 4009 1544 4060 At
1575 4007 1666 4076 qui
1699 4005 1940 4061 Ebionzei
1968 4007 2036 4062 de

2187 1909 2348 1963 Ἀλλὰ
2405 1911 2631 1964 κάλεσον
2687 1911 2776 1965 τὸν
2840 1911 3090 1984 Λάζαρον
3147 1909 3257 1963 ἀπὸ
3318 1909 3607 1980 μνημείου,
3660 1909 3696 1982 ἢ

2123 2001 2278 2056 ἄλλον
2334 2001 2522 2072 νεκρὸν
2570 2001 2799 2072 έγειρον,
2849 2001 3086 2072 λεπροὺς
3135 1999 3470 2072 καθάρισον,
3517 2001 3549 2071 ἢ
3609 2018 3702 2054 τυ-

2121 2097 2272 2164 φλοῖς
2308 2097 2528 2166 χάρισαι
2573 2095 2634 2148 τὸ
2679 2095 2918 2165 βλέπειν,
2962 2095 2996 2165 ἢ
3035 2094 3404 2164 παραλυτικὸν
3440 2093 3610 2157 ἴασαι,
3653 2095 3702 2147 εί

2120 2189 2272 2260 δύνῃ.
2303 2189 2376 2240 Οὐ
2404 2188 2534 2257 δύνῃ
2562 2187 2638 2250 δὲ,
2666 2189 2745 2239 ὅτι
2769 2185 3030 2248 ἐναντίως
3046 2187 3306 2256 πράττεις
3329 2185 3557 2254 ἀπιστίᾳ
3574 2203 3704 2238 κατ-

2123 2283 2417 2352 εχόμενος,
2484 2281 2580 2349 καὶ
2637 2281 2856 2350 δεσμοῖς
2918 2279 3153 2349 σαρκὸς,
3213 2279 3308 2330 καὶ
3373 2277 3705 2347 δικαιώμασι

2123 2375 2288 2444 νόμου
2335 2370 2697 2443 ἀπληρώτοις.
2743 2372 2806 2424 Εἰ
2849 2370 2905 2423 δὲ
2942 2370 3110 2424 ταῦτα
3143 2369 3413 2440 ἡδυνήθης
3461 2369 3704 2439 ποιῆσαι,

2123 2467 2260 2537 ὅπερ
2291 2465 2351 2518 οὐ
2383 2465 2516 2538 δύνῃ
2539 2464 2626 2517 διὰ
2655 2463 2750 2534 τὴν
2778 2463 3137 2516 κακοπιστίαν
3165 2479 3282 2526 σου,
3316 2462 3378 2514 οὐ
3412 2460 3554 2528 λέγω
3576 2461 3651 2524 ὡς
3678 2461 3712 2512 ὁ

2126 2557 2360 2628 Χριστὸς
2386 2558 2466 2627 (οὐ
2495 2557 2604 2628 γὰρ
2629 2555 2759 2629 δύνῃ
2788 2554 3187 2624 ἀπεικασθῆναι
3210 2552 3348 2622 Θεῷ,
3373 2553 3607 2623 φθαρτὸς
3633 2553 3709 2604 ὢν

2126 2647 2410 2718 ἄνθρωπος
2447 2647 2542 2699 καὶ
2601 2644 3016 2714 ἡπατημένος),
3073 2641 3187 2696 ἀλλ’
3249 2641 3372 2694 οὐτε
3427 2640 3488 2693 τὸ
3539 2640 3709 2710 ὄνομα

2127 2738 2364 2810 Χριστοῦ
2391 2737 2484 2789 ἐπὶ
2508 2737 2848 2806 θεοσημείοις
2877 2735 3103 2788 δύνασαι
3133 2732 3576 2786 ἐπικαλέσασθαι·
3608 2731 3710 2784 κάν

2127 2847 2188 2883 τε
2213 2828 2532 2900 ἐπικαλέσῃ,
2551 2828 2651 2880 οὐκ
2677 2827 3012 2896 ἐνεργήσεις.
3038 2824 3100 2877 El
3122 2824 3178 2876 δὲ
3199 2825 3292 2876 καὶ
3313 2823 3447 2885 ὅλως
3471 2823 3710 2891 ἐνεργεῖς

2129 2920 2501 2992 παραλυτικὸν
2538 2918 2870 2988 ἀναστῆσαι,
2902 2911 3048 2987 εἶχεν
3083 2915 3178 2978 ἂν,
3211 2913 3300 2968 διὰ
3325 2914 3419 2967 τοῦ
3451 2914 3713 2982 ὀνόματος

2129 3013 2223 3067 τοῦ
2249 3013 2425 3081 Ἰησοῦ
2460 3011 2731 3074 ἀναστὰς,
2765 3010 2859 3062 καὶ
2899 3009 3112 3062 σύνεσιν
3144 3009 3272 3078 παρ’
3303 3004 3464 3060 αὑτοῦ
3497 3005 3710 3057 λαϐεῖν·

2133 3106 2220 3158 ἵνα
2271 3122 2363 3158 σου
2414 3103 2487 3174 μὴ
2536 3103 2836 3172 ἀνάσχηται
2885 3099 3253 3164 σαϐϐατίζειν,
3304 3098 3440 3151 ἀλλὰ
3487 3097 3574 3150 διὰ
3618 3094 3713 3149 τοῦ

2133 3195 2396 3264 ὀνόματος
2454 3192 2545 3245 τοῦ
2601 3191 2893 3260 ίασαμένου
2955 3190 3177 3260 μαθεῖν,
3238 3189 3320 3241 ὅτι
3376 3183 3561 3254 τΑρον
3611 3186 3718 3237 τὸν

2132 3284 2461 3352 κράϐϐίιτόν
2484 3297 2623 3347 σου,
2647 3281 2746 3334 καὶ
2771 3281 3030 3347 πορεύου
3059 3281 3146 3344 είς
3175 3279 3282 3331 τὸν
3309 3273 3477 3330 οἶκόν
3509 3293 3623 3329 σου
3649 3274 3719 3326 ἐν

2133 3370 2429 3434 Σαϐϐάτῳ.
2465 3369 2603 3439 Ἤδη
2627 3368 2682 3421 δέ
2712 3386 2799 3439 μοι
2833 3367 3067 3438 εἴρηται,
3095 3367 3169 3429 ὡς
3189 3365 3459 3437 διαφόρως
3490 3365 3718 3426 ἕκαστος

2137 3461 2319 3516 αὐτῶν
2357 3461 2485 3532 περὶ
2521 3459 2758 3530 Χριστοῦ
2803 3458 3113 3513 ὐποδάλλευ
3163 3457 3294 3509 ποτέ
3343 3457 3440 3526 μὲν
3487 3458 3515 3508 ὁ
3557 3454 3720 3518 αὐτὸς

2151 3553 2348 3606 Ἐϐίων
2380 3553 2553 3620 λέγων
2590 3555 2653 3606 ἐκ
2688 3551 3031 3623 παρατριϐἦς
3071 3550 3222 3620 ψιλὸν
3241 3550 3525 3619 ἄνθρωπον
3559 3545 3721 3600 αὐτὸν

2138 3643 2493 3713 γεγενῆσθαι·
2538 3643 2724 3698 ἄλλοτε
2753 3643 2813 3696 δὲ
2847 3645 2892 3696 ot
2927 3643 3022 3696 ἀπ’
3057 3642 3220 3694 αὐτοῦ
3249 3643 3578 3704 Ἐϐιωναῖοι,
3609 3638 3722 3691 ἀνω

2139 3733 2366 3803 δύναμιν
2405 3733 2470 3785 ἐκ
2507 3732 2641 3786 Θεοῦ
2681 3721 2979 3802 κεκτῆσθαι
3019 3733 3165 3795 Υἰὸν,
3212 3732 3304 3785 καὶ
3345 3729 3532 3782 τοῦτον
3583 3726 3723 3779 κατὰ

2140 3825 2329 3896 καιρὸν
2374 3826 2464 3878 τὸν
2504 3826 2677 3896 Ἀδάμ
2729 3825 3010 3880 ἐνδύεσθαί
3056 3842 3115 3878 τε
3145 3825 3238 3877 καὶ
3273 3821 3580 3876 ἐκδύεσθαι,
3621 3812 3724 3871 Ἦν

2139 3917 2239 3979 τὰς
2289 3915 2580 3986 διαφόρους
2631 3915 2858 3987 γνώμας
2918 3917 2977 3969 ἐν
3037 3915 3262 3985 δυνάμει
3313 3910 3448 3964 Θεοῦ
3505 3907 3724 3979 ἀνετρέ-

2140 4008 2344 4077 ψαμεν.

463 4100 559 4154 illo
584 4100 763 4154 vocati
797 4107 946 4165 sunt,
981 4101 1168 4155 nescio
1223 4115 1388 4170 quam
1434 4100 1489 4154 in
1558 4101 1698 4156 C(elo
1733 4101 1988 4154 virtutem
2055 4098 2319 4154 divinitus
2371 4100 2676 4155 obtinuisse
2712 4099 2902 4161 lilium,
2943 4098 3302 4166 eumdcmque
3342 4111 3442 4150 suo
3473 4109 3532 4148 se
3588 4099 3718 4145 tem-

464 4207 596 4261 pore
647 4192 702 4246 in
750 4192 1014 4246 Adamum
1065 4193 1392 4260 insinuasse,
1447 4194 1774 4263 exuisseque
1825 4199 2032 4264 postea.
2075 4191 2319 4258 Quorum
2347 4193 2594 4247 omnium
2624 4192 2999 4261 discrepantes
3030 4191 3328 4244 sententias
3390 4186 3573 4240 divina
3624 4197 3728 4252 ope

466 4284 591 4338 freti
626 4284 891 4338 hactenus
925 4284 1246 4339 evertimus.

538 4377 899 4442 Quamobrem
930 4377 1060 4447 quid
1094 4393 1194 4447 ego
1219 4378 1423 4433 diutius
1459 4377 1811 4447 importuosis
1843 4377 1952 4431 illis
1983 4375 2040 4430 in

2217 4370 2329 4423 Καὶ
2357 4368 2410 4421 τί
2445 4385 2533 4438 μοι
2551 4366 2952 4438 ⁴ἑῖτιδιαιτρίὸειν
3000 4367 3057 4419 ἐν
3083 4363 3356 4434 ἀλιμένοις
3394 4361 3487 4415 καὶ
3530 4359 3727 4432 ἀμπώ-

466 4469 606 4523 locis
639 4455 886 4539 ac_‘velut
927 4469 1198 4524 azstuariis
1235 4484 1566 4533 commoror,
1610 4483 1730 4538 qua:
1785 4466 2033 4520 inundari

2147 4478 2262 4514 τεσι
2309 4460 2508 4522 τόποις,
2551 4459 2628 4530 πὴ
2676 4459 2773 4528 μὲν
2815 4457 3276 4527 ἐπικλυζομένοις,
3307 4455 3382 4525 πὴ
3414 4455 3468 4506 δὲ
3493 4452 3730 4524 καταξη-

469 4561 628 4624 alias,
674 4559 808 4614 alias
849 4560 1116 4614 exsiccari
1167 4560 1376 4624 solent;
1429 4575 1492 4613 ac
1547 4560 1775 4629 piscium
1828 4559 2040 4626 copiam

472 4652 674 4725 saepius
702 4650 758 4703 in
784 4651 938 4704 littus
963 4651 1161 4718 ejicere
1176 4690 1190 4710 ,
1215 4651 1356 4704 inter
1377 4666 1514 4720 quos
1535 4649 1783 4705 venenati
1800 4649 2040 4718 quidam,

473 4741 780 4810 cujusmodi
802 4748 929 4796 sunt
949 4740 1265 4809 pastinacm,
1299 4740 1586 4802 dracaena,
1618 4739 1899 4799 caniculae,
1936 4752 2048 4789 mu-

473 4849 655 4897 raenae,
696 4847 884 4887 eorum
923 4831 1017 4901 qui
1061 4832 1127 4885 ad
1165 4846 1316 4884 oram
1364 4831 1510 4884 illam
1557 4831 1836 4883 ambulant
1884 4828 2047 4898 pedes

474 4925 682 4982 exitiali
742 4939 982 4989 veneno,
1055 4923 1134 4976 uti
1199 4921 1462 4982 diximus,
1530 4920 1827 4976 infestant?
1893 4919 2050 4972 Hunc

475 5017 642 5086 igitur
669 5016 848 5070 locum
885 5015 1132 5084 ingentes
1164 5013 1273 5068 Deo
1313 5013 1516 5084 gratias
1549 5028 1712 5082 agens
1739 5011 2049 5082 praeteribo,

477 5109 623 5179 quod
663 5109 778 5162 haec
816 5109 1042 5178 insuper
1079 5121 1109 5160 a
1149 5107 1307 5163 nobis
1343 5106 1658 5177 propulsata
1697 5105 1769 5159 sit
1808 5104 2054 5171 haeresis,

549 5271 568 5302 ί
597 5268 755 5324 Joan.
789 5284 823 5323 v
873 5266 926 5321 8.

558 5427 672 5500 (57)
723 5428 1021 5500 Τρυγόνας
1048 5425 1132 5500 ῥέ
1175 5423 1491 5500 sanatum!
1535 5421 1878 5500 δρακαίγας.
1921 5417 2062 5472 Plin.

485 5493 581 5552 lib;
613 5493 694 5562 ιιέ,
726 5493 857 5568 cap:
880 5498 978 5551 48:
1017 5494 1189 5568 {Eque
1217 5493 1521 5568 pestiferum
1567 5493 1768 5568 animal
1797 5506 2021 5542 araneus
2047 5503 2066 5551 ;

491 5571 657 5635 spina:
703 5569 758 5620 in
795 5563 960 5621 ἀοι-δυ
993 5567 1173 5619 aculeo
1214 5563 1425 5618 noxius.
1473 5563 1576 5617 Sed
1612 5563 1814 5635 nullum
1844 5575 2067 5635 usquam

491 5631 872 5692 essecrabilius
898 5680 912 5700 ,
942 5653 1102 5704 quam
1149 5635 1336 5710 radius
1384 5650 1536 5702 super
1581 5633 1806 5710 caudam
1831 5631 2065 5710 eminens

497 5709 752 5775 trygonis,
795 5703 962 5777 quam?
993 5707 1159 5777 nostri
1189 5707 1528 5777 pastinacam
1569 5703 1832 5777 appellant
1857 5742 1872 5766 ,
1900 5703 2068 5777 quin:—

497 5770 722 5832 cu'n'ciali
754 5770 1132 5849 magnitudine.
1166 5772 1412 5831 Elianus
1445 5775 1480 5827 ί.
1509 5789 1546 5828 ιι
1583 5772 1659 5827 De
1688 5774 1941 5837 anim..,c.
1974 5770 2069 5833 50,

2152 4551 2508 4623 ραινομένοις·
2539 4549 2597 4614 ἐξ
2627 4543 2807 4620 ὧνπερ
2847 4549 3041 4620 ἰχθύων
3082 4547 3438 4620 ἐκϐράσματα
3474 4543 3731 4606 πολλάκις

2150 4644 2379 4712 γίνεται,
2422 4643 2516 4696 καὶ
2558 4644 2669 4704 τοῖς
2712 4642 2838 4693 ποσὶ
2881 4642 2991 4702 τοῖς
3039 4638 3134 4701 τὰς
3179 4637 3342 4707 ὄχθας
3382 4634 3584 4686 τούτων
3608 4651 3732 4704 μετ-

2155 4739 2294 4787 ιοῦσι
2333 4734 2440 4786 τῶν
2468 4735 2669 4798 τόπων,
2704 4735 2768 4785 ἐκ
2797 4731 2890 4786 τοῦ
2949 4731 3223 4801 ἀναμέσον
3251 4729 3357 4780 τῶν
3391 4726 3586 4797 ἰχθύων
3612 4725 3733 4778 τινὰ

2157 4826 2336 4878 ίοὸόλα
2369 4822 2539 4885 εἶναι,
2573 4824 2837 4894 τρυγόνας
2870 4823 2925 4874 δέ
2961 4839 3102 4891 φημι
3137 4819 3228 4872 καὶ
3265 4817 3562 4886 δρακαίνας
3597 4815 3731 4882 (57),

2157 4919 2250 4971 καὶ
2277 4918 2608 4988 καρχαρίας,
2648 4917 2742 4968 καὶ
2780 4913 3102 4984 σμυραίνας,
3138 4911 3211 4973 ὡς
3245 4909 3342 4979 ἤδη
3377 4907 3734 4979 προείρηται,

2161 5011 2362 5082 βλάϐην
2421 5010 2636 5078 ἐμποιεῖ
2668 5024 2682 5071 ;
2720 5005 3131 5074 Παρελεύσομαι
3193 5002 3368 5054 τοίνυν
3421 5001 3512 5053 τὸν
3574 5000 3737 5052 τόπον

2161 5101 2336 5167 αὖθις,
2366 5100 2484 5171 Θεῷ
2515 5097 2886 5170 εὐχαριστῶν,
2925 5097 3006 5150 ὅτι
3033 5095 3126 5149 καὶ
3156 5092 3360 5164 ταύτην
3397 5091 3494 5162 τὴν
3528 5091 3737 5162 αἵρεσιν

2167 5423 2464 5472 venenatos
2496 5415 2675 5484 pisces
2711 5415 3121 5470 commemorat,
3150 5407 3388 5484 gobium,
3421 5404 3739 5484 draconem,

2168 5471 2516 5542 hirundinem
2545 5525 2558 5546 ,
2590 5499 2822 5553 quorum
2901 5489 3085 5553 tamen
3122 5471 3271 5532 virus
3321 5477 3542 5553 minimc
3583 5471 3742 5553 letale

2170 5539 2709 5626 sitfhtipastinacze
2759 5549 3240 5626 prmsentissimum
3285 5562 3407 5600 esse
3445 5547 3623 5598 docet.
3668 5539 3742 5626 De

2170 5621 2428 5682 muraenis
2460 5626 2598 5680 Plin.
2649 5626 2744 5678 lib.
2779 5637 2952 5681 xxxii,
2991 5635 3112 5686 cap.
3143 5621 3198 5685 4,
3245 5631 3497 5672 ηιιινωηω
3533 5625 3743 5667 morsus

2172 5701 2408 5770 ipsarum
2442 5699 2630 5766 capitis
2662 5697 2832 5749 cinere
2861 5698 3137 5746 sanantur.
