4170 6372
393 354 502 410 475

1151 355 1527 414 ADVERSUS
1563 353 1912 412 HASRESES
1947 349 2081 409 LIB.
2118 349 2160 406 1.
2205 353 2370 411 ΤΟΜ.
2407 355 2474 412 ll.
2498 390 2567 399 —
2602 358 2879 417 HAERES.
2916 363 3105 420 XXXI.

3577 365 3687 422 474

392 473 474 535 εἰς
501 472 595 525 τού
609 471 747 527 πίσω
772 473 1103 548 ὲτρέψαμεν,
1133 478 1194 530 οὐ
1220 479 1537 550 παρέργως,
1581 479 1717 534 ἀλλὰ
1747 479 1839 533 καὶ
1861 481 1980 532 ἑπι-

2095 495 2260 549 quam
2296 497 2404 536 non
2439 482 2616 538 obiter
2644 485 2845 551 solum,
2879 486 2973 540 sed
3005 504 3218 543 summa
3247 505 3371 543 cum
3403 488 3685 560 diligentia

395 560 576 632 μελῶς
617 564 956 633 ἑλέγξαντες.
1001 569 1120 622 Ἐπ’
1163 569 1330 635 ἄλλας
1369 571 1426 624 δὲ
1474 571 1710 644 καθεξῆς
1766 573 1992 634 ἑαυτοὺς

391 653 688 725 ἑπιδῶμεν,
705 659 1001 731 ἀγαπητοὶ,
1024 661 1156 715 Θεὸν
1175 661 1328 716 αξτού
1337 680 1488 733 μενοι
1505 663 1879 734 βοηθὸν,ὅπως
1893 663 1992 732 τῆς

392 744 731 815 ἐπαγγελίας
757 749 820 802 τὸ
838 750 1110 823 πλήρωμα
1134 753 1296 818 αὐτὸς
1329 753 1398 807 δι’
1427 754 1583 826 ἡμῶν
1601 754 1886 828 τελειώσῃ.

395 885 585 936 ΚΑΤΑ
600 885 1093 940 ΟΥΑΛΕΝΤΙΝΩΝ
1113 889 1245 957 (58),
1262 890 1402 943 TaN
1436 893 1558 944 ΚΑΙ
1578 891 1988 957 ΓΝΩΣΤΙΚΩΝ,

887 998 1216 1073 Τριακοστὴ
1246 1006 1468 1076 πρώτη.

465 1116 546 1168 A'.
588 1117 744 1170 Μετὰ
775 1117 1000 1183 τούτους
1031 1121 1158 1184 τοὺς
1186 1120 1564 1186 Ἔὸιωναίους,
1597 1123 1988 1194 καλουμένους,

393 1200 470 1259 ὧν
507 1207 604 1280 τὴν
651 1209 950 1281 μοχθηρίαν
995 1211 1389 1280 διοδεύσαντες,
1436 1214 1896 1285 ὲπαγγειλάμενοί
1930 1233 1991 1268 τε

393 1299 532 1354 Θεοῦ
569 1302 796 1370 δυνάμει
831 1303 932 1366 τὰς
965 1302 1095 1373 ἑξῆς
1136 1304 1338 1376 ἑτέρων
1387 1305 1570 1378 θηρῶν
1624 1309 1858 1378 μορφὰς,
1900 1308 1992 1360 καὶ

398 1395 512 1457 ἰοὺς
533 1394 799 1464 ἑρπετῶν,
826 1395 1082 1466 δήγματά
1103 1412 1164 1449 τε
1195 1399 1289 1450 καὶ
1313 1398 1616 1469 δηλητήρια
1641 1401 1890 1470 ἐχούσας,
1914 1401 1990 1464 ὡς

396 1488 455 1542 ἐν
483 1490 601 1550 ταῖς
634 1487 812 1542 αὐτῶν
854 1489 1224 1554 διδασκαλίαις
1246 1532 1260 1554 ,
1302 1491 1378 1555 ὼς
1415 1493 1522 1544 ἀπὸ
1551 1494 1830 1563 χάσματος
1863 1496 1990 1549 ἰδεῖν

398 1582 608 1644 ἔνεστι,
643 1581 912 1650 πυρϐὁλου
959 1582 990 1653 ἢ
1041 1583 1274 1653 ἑρπετοῦ
1314 1583 1488 1636 δεινοῦ
1523 1586 1615 1636 καὶ
1672 1585 1987 1654 βασιλίσκου

398 1675 746 1746 κεκυημένας
773 1715 788 1740 ,
855 1675 947 1726 ἐπὶ
1009 1676 1106 1747 τὴν
1172 1677 1279 1728 τῶν
1345 1678 1714 1731 Οὑαλεντίνων
1777 1679 1988 1750 αἵρεσιν

397 1768 648 1839 διέξειμι,
699 1769 790 1821 τὸν
835 1769 1053 1840 ἔλεγχον
1099 1771 1276 1823 αὐτῶν
1332 1773 1475 1826 κατὰ
1521 1771 1750 1845 δύναμιν
1800 1776 1987 1830 ποιού-

2099 574 2418 630 refellimus.
2440 575 2596 632 Nunc
2625 578 2694 632 ad
2717 579 2853 634 alias
2879 587 3247 645 transeamus,
3269 581 3478 638 dilecti.
3504 597 3568 636 ac
3590 582 3686 637 Dei

2097 669 2415 738 presidium
2448 671 2829 740 imploremus,
2861 675 3086 743 utquod
3120 675 3222 728 hoc
3251 691 3416 746 opere
3433 678 3684 750 suscepi-

2095 777 2218 816 mus
2235 763 2509 817 cumulate
2537 779 2630 833 per
2650 780 2752 820 nos
2782 765 2850 819 ad
2877 770 3081 819 exitum
3099 768 3370 834 finemque
3398 770 3680 837 perducat.

2178 898 2461 955 CONTRA
2497 901 2954 969 VALENTINOS,
2997 903 3151 958 SIVE
3190 903 3595 970 GNOSTICUS,

2526 1018 2660 1084 Quae
2686 1028 2763 1072 est
2797 1018 3010 1074 Itwrest's
3035 1019 3253 1074 XXXI.

2168 1131 2324 1203 163
2345 1131 2380 1189 Ι.
2402 1129 2761 1201 Posteaquam
2778 1131 3153 1186 Ebionitarum
3170 1131 3465 1202 nequitiam
3481 1133 3682 1203 impro—

2095 1226 2431 1295 liitatetnqtte
2457 1224 2848 1295 percurrimus,
2875 1241 2997 1279 cum
3020 1234 3248 1280 czeteras
3286 1225 3518 1278 aliorum
3559 1240 3680 1281 ser-

2094 1321 2336 1390 pentiam
2373 1318 2600 1383 formas,
2634 1333 2697 1372 ac
2736 1334 2947 1372 venena
2982 1319 3280 1372 tradituros
3318 1333 3420 1372 nos
3449 1333 3570 1372 esse
3599 1319 3679 1372 si-

2094 1428 2216 1465 tttus
2245 1411 2503 1479 polliciti,
2542 1426 2775 1481 quorum
2813 1418 2866 1464 et
2897 1411 3142 1463 exitiales
3176 1416 3303 1463 sunt
3334 1425 3548 1464 morsus
3569 1450 3583 1471 ,
3619 1417 3680 1463 ttt

2091 1520 2156 1558 ex
2188 1504 2401 1558 illorum
2435 1504 2783 1573 dogmatibus
2811 1504 2958 1557 velut
2987 1504 3128 1556 rictu
3149 1501 3385 1572 quodam
3417 1517 3678 1572 apparere

2093 1605 2292 1667 potest,
2326 1605 2378 1651 et
2411 1597 2562 1666 igniti
2593 1597 2902 1666 cujusdam,
2933 1597 3309 1665 teterrimique
3338 1595 3532 1666 anguis
3585 1605 3678 1648 aut

2093 1690 2335 1744 basilisci
2372 1692 2543 1744 instar
2580 1689 2710 1743 editi
2752 1697 2902 1752 sunt,
2943 1689 3009 1741 ad
3047 1687 3458 1742 Valentinorum
3494 1688 3586 1757 qtti
3620 1705 3678 1741 se

2091 1784 2384 1837 Gnosticos
2415 1784 2718 1853 appellant,
2755 1782 3095 1836 rel'tttantlam
3137 1781 3386 1835 hmresint
3419 1796 3504 1834 me
3542 1796 3678 1834 con-

401 1877 595 1929 pavog,
643 1859 752 1912 τῶν
799 1860 863 1932 δὴ
919 1863 1011 1914 καὶ
1057 1863 1096 1913 Γ
1101 1862 1379 1917 νωστικῶν
1431 1866 1642 1929 ἑαυτοῖς
1695 1867 1980 1921 ἐπιθέντων

2095 1877 2284 1941 feram,
2320 1877 2464 1946 quod
2503 1876 2722 1946 quidem
2767 1891 2865 1945 pro
2913 1875 3058 1929 virili
3099 1883 3252 1944 parte
3292 1875 3537 1929 conabor
3573 1875 3679 1929 eiii-

392 1949 563 2019 ὄνομα
583 1991 596 2013 ,
628 1944 702 2004 ὧν
726 1951 982 2022 διαφοραὶ
1011 1951 1109 2022 μέν
1139 1954 1246 2005 εἱσι
1285 1953 1418 2007 δέκα
1451 1956 1510 2008 ὲν
1545 1958 1641 2027 μιᾷ
1676 1957 1856 2028 πληγῇ
1888 1959 1987 2028 τῆς

393 2043 574 2096 αὐτῶν
614 2043 987 2114 ὀνειροπολίας
1029 2045 1301 2114 συζυγιῶν
1343 2065 1403 2100 τε
1441 2048 1534 2102 καὶ
1573 2049 1861 2118 ὀγδοάδων,
1895 2029 1988 2104 ira.

389 2135 826 2206 ἀῤῥενοθηλειῶν
858 2137 1093 2190 αἰωνίων
1133 2139 1147 2168 ¹
1184 2139 1528 2208 ἁλληνάλλως
1562 2143 1867 2215 ἰσορρόπως
1894 2163 1988 2198 πε-

392 2226 743 2297 πληγμένων⁹
767 2227 950 2280 οὐκέτι
978 2228 1075 2299 μὲν
1098 2230 1238 2283 κατὰ
1256 2231 1480 2302 χρόνους
1502 2235 1712 2288 τάττων
1733 2236 1986 2307 διαδοχῆς

390 2320 489 2389 τὴν
523 2319 795 2385 σύνταξιν,
831 2320 966 2374 ἀλλὰ
1005 2321 1147 2375 κατὰ
1193 2324 1494 2394 πρόσϐασιν
1535 2328 1628 2396 ἀφ’
1680 2328 1872 2400 ἑτέρας
1905 2333 1985 2394 εἰς

389 2411 585 2481 ἑτέραν
611 2412 975 2484 διερχόμενος.
1012 2413 1102 2466 Ἐν
1141 2415 1223 2466 ἑνὶ
1256 2415 1365 2488 γάρ
1400 2418 1576 2488 χρόνῳ
1610 2413 1752 2472 οὖτοι
1784 2422 1984 2486 πάντες

388 2502 465 2566 ὡς
497 2502 738 2573 μύκητες
770 2505 835 2555 ὲκ
861 2505 963 2572 γῆς
988 2505 1400 2576 άνεὸλάστησαν
1423 2551 1436 2572 ,
1475 2511 1569 2562 καὶ
1597 2510 1785 2583 ὥσπερ
1813 2515 1982 2566 κακό-

391 2612 562 2665 ρεκτα
595 2596 687 2647 καὶ
717 2595 928 2666 δυσώδη
971 2597 1209 2667 βοτανῶν
1241 2599 1595 2671 βλαστήματα
1619 2644 1632 2666 ,
1665 2605 1760 2657 καὶ
1790 2607 1983 2675 χόρτος

388 2685 729 2757 ἀκανθώδης,
757 2688 850 2741 καὶ
881 2689 956 2752 ὡς
984 2689 1188 2758 φωλεὸς
1213 2691 1424 2744 πολλῶν
1456 2695 1753 2764 σκορπίων,
1778 2696 1836 2762 ἐξ
1867 2699 1985 2762 ἑνὸς

389 2777 591 2840 πάντες
609 2779 804 2849 καιροῦ
827 2779 904 2849 τῷ
937 2779 1036 2850 βίῳ
1067 2781 1409 2853 ἐϐλάστησαν
1443 2785 1555 2847 καὶ,
1587 2786 1664 2849 ὼς
1699 2791 1980 2858 προεῖπον,

386 2869 543 2940 δίκην
565 2874 820 2942 μυκήτων
846 2876 910 2943 τῇ
938 2875 1189 2947 ἀμορφία
1211 2876 1316 2929 ὑπὸ
1342 2877 1472 2947 μίαν
1494 2877 1630 2942 θίξιν
1653 2883 1980 2952 πεφήνασιν,

387 2963 465 3026 ὡς
518 2965 612 3016 καὶ
667 2964 744 3035 τῷ
792 2967 1079 3037 ἁγιωτάτῳ
1131 2969 1406 3041 Εἰρηναίῳ
1460 2971 1562 3042 ἤδη
1621 2973 1748 3043 περὶ
1804 2975 1982 3027 αὐτῶν

389 3056 732 3126 προείρηται.
772 3059 1066 3129 Σύγχρονοι
1100 3061 1206 3132 γάρ
1240 3062 1527 3130 γεγόνασιν
1574 3058 1719 3117 οὗτοι
1758 3067 1978 3130 πάντες·

2090 1985 2234 2024 cere.
2268 1967 2472 2022 Horum
2513 1969 2696 2036 itaque
2739 1968 2925 2022 decem
2975 1967 3201 2036 omnino
3245 1967 3478 2020 divortia
3526 1976 3674 2020 sunt.

2093 2059 2199 2114 Sed
2229 2074 2421 2113 omnes
2457 2033 2639 2112 tamen
2673 2074 2782 2110 uno
2821 2057 2968 2111 velut
3003 2033 3111 2110 ictu
3147 2057 3446 2128 profligatis
3489 2060 3678 2113 nescio

2087 2153 2289 2222 quibus
2319 2151 2556 2220 parium,
2587 2159 2640 2204 ct
2679 2149 3010 2219 ogdoadunt,
3045 2159 3208 2220 atque
3235 2151 3465 2204 marium
3497 2160 3550 2206 et
3607 2151 3679 2205 fe-

2088 2248 2360 2301 minarum
2385 2261 2599 2300 aeonunt
2631 2255 2835 2302 temere
2860 2249 3110 2302 confictis
3135 2249 3368 2302 somniis
3393 2249 3678 2317 aequaliter

2089 2340 2378 2396 feriuntur.
2415 2339 2600 2410 Neque
2637 2356 2765 2394 vero
2799 2342 2853 2394 in
2889 2341 3104 2394 illorum
3139 2340 3491 2396 confutandis
3521 2357 3677 2395 erro—
3718 2381 3720 2383 -

2087 2436 2243 2488 ribus
2286 2445 2590 2503 temporum
2637 2441 2719 2486 est
2765 2431 3050 2487 retinenda
3095 2433 3410 2497 successio;
3468 2433 3564 2487 sed
3609 2434 3676 2486 ab

2088 2544 2196 2582 una
2226 2526 2478 2596 progredi
2507 2525 2573 2579 ad
2607 2526 2835 2579 alteram
2864 2525 3096 2579 ltwresin
3130 2540 3355 2580 necesse
3384 2533 3466 2580 est
3494 2543 3507 2590 ;
3539 2541 3676 2594 quo-

2087 2621 2232 2673 niam
2265 2620 2456 2673 eodem
2480 2634 2509 2672 e
2537 2626 2683 2672 terra
2712 2628 2956 2687 tempore
2976 2633 3168 2674 omnes
3187 2618 3476 2689 futtgorum
3503 2620 3676 2672 instar

2085 2721 2405 2784 eruperunt.
2447 2713 2624 2783 Atque
2653 2719 2714 2766 ut
2746 2713 2907 2765 noxia
2945 2712 3242 2780 foetidaque
3271 2711 3519 2782 quaedam
3555 2714 3679 2766 hct--

2086 2807 2276 2860 barum
2307 2805 2575 2874 germina.
2611 2804 2692 2858 vel
2725 2803 2904 2857 dumis
2933 2818 2996 2856 ac
3021 2803 3269 2858 sentibus
3290 2803 3528 2857 obsitum
3552 2819 3679 2872 gra-

2087 2910 2232 2957 men,
2265 2895 2348 2949 vel
2378 2895 2613 2964 denique
2645 2896 2721 2946 uti
2753 2894 2938 2962 plures
2965 2909 3030 2947 ex
3057 2894 3248 2947 eodem
3283 2908 3418 2947 cavo
3447 2892 3671 2963 scorpii,

2087 2991 2161 3043 ita
2184 2990 2261 3042 illi
2288 3006 2478 3044 omnes
2505 2989 2696 3042 eodem
2721 2999 2963 3058 tempore
2989 2989 3041 3041 in
3073 2989 3213 3042 lianc
3242 2988 3408 3042 vitam
3434 2987 3676 3042 efﬂorue-

2084 3092 2252 3149 runt;
2306 3097 2392 3142 ac.
2437 3083 2582 3152 quod
2629 3082 2792 3151 paqu
2843 3092 2967 3135 ante
3009 3081 3218 3135 dictum
3255 3088 3360 3142 est,
3411 3087 3672 3149 tanquam

388 3150 617 3212 ἕκαστος
669 3151 726 3204 δὲ
774 3152 882 3204 ἀπὸ
932 3152 1026 3205 τοῦ
1084 3154 1271 3225 ἑτέρου
1325 3156 1424 3227 τὴν
1477 3158 1652 3228 κακὴν
1707 3161 1980 3230 πρόφασιν

2089 3175 2239 3245 fungi
2292 3150 2556 3228 inusitata
2603 3150 2838 3242 quadam
2876 3171 3124 3227 foeditate
3163 3170 3354 3226 eodem
3398 3179 3677 3224 momento

388 3243 806 3312 ἐρανισὰμενοι,
866 3245 1024 3309 ἄλλος
1077 3248 1186 3300 ἀπὸ
1247 3248 1406 3304 ἄλλου
1459 3250 1538 3304 ἔτι
1597 3255 1982 3325 περισσότερον

389 3337 684 3403 ἑπιδειξίας
711 3337 1033 3409 βουλόμενος
1065 3341 1247 3413 χάριν,
1283 3342 1462 3413 ἑαυτῷ
1497 3345 1850 3415 προετύπωσε
1871 3349 1985 3402 δια-

389 3430 563 3501 φορὰν
613 3431 792 3500 κακῆς
841 3432 1195 3504 ἑξευρέσεως.
1233 3436 1344 3488 Καὶ
1396 3432 1603 3501 πάντες¹
1642 3439 1682 3490 Γ
1684 3443 1982 3506 νωστικοὺς

387 3524 616 3588 ἑαυτοὺς
668 3525 980 3594 ὠνόμασαν.
1039 3527 1389 3593 Οὐαλεντῖνός
1421 3548 1512 3594 τε,
1568 3533 1745 3603 φημὶ,
1796 3535 1890 3587 καὶ
1932 3537 1981 3589 οἱ

388 3615 495 3686 πρὸ
529 3616 693 3670 αὐτοῦ
729 3618 1046 3672 Γνωστικοί·
1086 3620 1222 3675 ἀλλὰ
1265 3623 1356 3674 καὶ
1391 3623 1728 3694 Βασιλείδης,
1755 3629 1846 3680 καὶ
1877 3630 1981 3682 Σα-

386 3711 647 3780 τορνῖλος,
705 3714 802 3764 καὶ
845 3712 1211 3783 Κολορόασὸς,
1263 3713 1597 3784 Πτολεμαῖός
1640 3737 1698 3771 τε
1746 3722 1839 3772 καὶ
1880 3723 1978 3774 Σε-

386 3801 627 3867 κοῦνδος,
681 3806 1042 3875 Καρποκρᾶς,
1077 3808 1172 3858 καὶ
1217 3805 1366 3860 ἄλλοι
1395 3808 1632 3874 πλείους.
1683 3812 1842 3865 Ἀλλὰ
1880 3814 1979 3876 τὰς

386 3897 568 3960 πάσας
614 3897 844 3950 ἐνταῦθα
885 3897 1252 3967 ὀνομάσαντες
1297 3898 1383 3953 διὰ
1426 3901 1526 3971 τὴν
1568 3902 1627 3956 ἐν
1675 3905 1755 3956 ἑνὶ
1802 3906 1978 3978 καιρῷ

387 3990 642 4060 σύσχεσιν
679 3990 896 4043 πάντων
937 3991 1036 4061 τῆς
1084 3991 1411 4057 άναδύσεως,
1457 3995 1552 4048 καὶ
1601 3997 1975 4052 κακοόλάστου

383 4081 520 4150 ὁμοῦ
568 4081 666 4151 τὴν
703 4083 932 4135 ἑκάστου
971 4085 1179 4154 σπορᾶς
1215 4085 1505 4139 κακονοίαν
1551 4087 1658 4142 ίδία
1693 4089 1974 4162 άφηγησό-

387 4169 544 4239 μεθα.
580 4169 730 4232 Τέως
765 4169 821 4222 δὲ
851 4172 942 4222 ἐπὶ
977 4171 1067 4224 τὸν
1099 4174 1459 4245 προκείμενον
1488 4179 1844 4250 αἱρεσιάρχην
1880 4183 1974 4236 καὶ

382 4263 784 4332 τραγῳδοποιὸν
825 4263 1178 4334 ἐλευσόμεθα·
1215 4267 1359 4337 φημὶ
1391 4268 1447 4320 δὲ
1479 4271 1850 4337 Οὐαλεντῖνον,
1879 4277 1974 4329 καὶ

382 4355 480 4423 τὴν
505 4354 671 4407 αὐτοῦ
704 4355 1072 4417 διδασκαλίαν,
1096 4357 1195 4428 τὴν
1223 4360 1332 4412 ἀπὸ
1363 4361 1460 4430 τῆς
1492 4363 1731 4435 μεγάλης
1768 4366 1970 4438 ταύτης

381 4447 693 4517 Γνωστικὴν
726 4448 1060 4516 ἐπαγγελίας
1095 4450 1477 4521 ὑπάρχουσαν,
1515 4462 1970 4532 καταγνωστικῆς

2087 3268 2328 3322 universi
2367 3273 2769 3336 proruperunt,
2805 3265 3266 3335 quemadmodum
3303 3261 3370 3317 de
3405 3263 3512 3316 illis
3546 3263 3676 3315 olim

2086 3360 2324 3415 lrenacus
2344 3361 2600 3430 praeclara
2629 3358 2707 3411 vir
2728 3358 3024 3412 sanctitate
3051 3355 3446 3425 pronuntiavit.
3475 3353 3680 3422 [Equa-

2083 3455 2162 3508 les
2214 3454 2359 3508 enim
2415 3454 2493 3506 illi
2545 3467 2738 3506 omnes
2781 3451 3132 3510 exstiterunt,
3190 3449 3290 3512 sic,
3336 3457 3395 3501 ut
3445 3447 3680 3516 quilibet

2083 3546 2377 3617 pessimam
2400 3546 2469 3600 ab
2497 3545 2670 3599 altero
2699 3545 3043 3614 disciplinam
3070 3559 3135 3598 ac
3163 3544 3362 3612 degma
3394 3551 3678 3595 mutuatus

2081 3637 2276 3704 fuerit;
2314 3639 2475 3705 alius,
2509 3640 2752 3707 ittquant,
2791 3639 2941 3692 velut
2973 3645 3201 3691 exortus
3235 3637 3304 3690 ab
3333 3635 3529 3695 altero,
3567 3649 3678 3702 quo

2082 3746 2141 3787 se
2171 3732 2409 3801 amplius
2439 3738 2774 3796 ostentaret,
2809 3729 3190 3786 scelestissimi
3229 3727 3524 3782 commenti
3562 3728 3678 3780 dis-

2081 3834 2400 3894 crepantem
2442 3825 2734 3895 quamdam
2779 3821 3010 3876 formatn
3059 3837 3122 3875 ac
3162 3821 3431 3874 rationem
3463 3818 3678 3887 excogi-

2079 3913 2227 3967 tarit.
2256 3911 2357 3978 Qui
2384 3928 2442 3969 se
2470 3928 2663 3968 omnes
2685 3911 2978 3967 Gnosticos
3004 3909 3282 3964 communi
3311 3907 3680 3977 appellatione

2077 4003 2186 4057 dici
2233 4005 2546 4058 voluerunt.
2587 4002 2911 4072 Cujusmodi
2955 4001 3280 4055 Valentinus
3322 3999 3447 4060 fuit,
3485 4006 3539 4053 et
3578 4004 3678 4068 qui

2078 4096 2230 4150 illum
2268 4094 2512 4150 Gnostici
2546 4101 2969 4164 prrecesserunt.
3007 4091 3248 4162 Itemque
3279 4091 3547 4145 Basilides
3567 4129 3581 4153 ,
3611 4105 3677 4143 ac

2079 4191 2417 4253 Saturnilus,
2443 4199 2497 4244 et
2536 4189 2894 4254 Colorbasus,
2926 4204 2990 4242 ac
3015 4187 3342 4242 Ptolemzeus
3395 4194 3448 4241 et
3467 4187 3681 4240 Secun-

2075 4282 2203 4342 dus,
2231 4280 2618 4350 (larpocrates,
2652 4281 2855 4350 aliique
2885 4281 3218 4350 complures.
3254 4280 3467 4345 Quibus
3496 4279 3679 4333 omni-

2075 4374 2178 4429 bus
2221 4373 2408 4438 sectis,
2457 4372 2603 4442 quod
2647 4371 2840 4427 eodem
2887 4372 3141 4442 prodiere
3195 4381 3459 4442 tempore,
3505 4371 3670 4426 simul

2078 4468 2392 4531 recensitis,
2423 4483 2571 4522 nunc
2594 4466 2864 4536 cujusque
2882 4468 3031 4520 velut
3063 4474 3217 4522 satus
3250 4466 3422 4521 labem
3456 4481 3519 4520 ac
3550 4481 3678 4536 per-

381 4537 437 4589 δὲ
462 4536 762 4607 ληρωδὶας,
797 4537 872 4600 ὡς
909 4541 1021 4602 τοῖς
1055 4544 1292 4605 συνετοῖς
1331 4549 1852 4620 καταγινωσκομένη
1883 4553 1973 4605 εὑ-

2084 4559 2281 4614 niciem
2327 4560 2642 4629 singillatim
2682 4575 2970 4628 exponam.
3023 4558 3129 4613 Sed
3177 4559 3354 4628 ipsum
3405 4559 3458 4612 in
3483 4558 3681 4628 primis

386 4628 629 4699 ρίσκεται
657 4631 750 4683 καὶ
778 4631 1202 4699 καταγέλαστος.

2081 4652 2353 4707 haereseos
2391 4660 2556 4719 caput
2592 4665 2655 4704 ac
2693 4650 2980 4720 tragccdia:
3023 4658 3302 4705 auctorem
3345 4650 3670 4720 aggrediar:
3704 4694 3714 4704 ,

382 4718 727 4822 Valentinum
788 4724 1063 4793 intelligo,
1136 4723 1623 4822 Valentinianaquo
1677 4735 1962 4809 dogmata,
2003 4763 2126 4817 quae
2157 4748 2227 4802 ab
2260 4748 2507 4818 speciosa
2540 4747 2629 4801 illa
2695 4718 3083 4802 Gnosticorum
3134 4718 3476 4818 professione
3518 4743 3683 4816 164.

381 4813 722 4911 prodierunt,
758 4831 895 4884 quas
934 4820 1338 4888 catagnosticas
1381 4827 1565 4893 potius
1619 4846 1818 4900 nugas,
1866 4836 1970 4893 hoc
2007 4813 2092 4897 est
2121 4813 2430 4905 damnatas,
2476 4842 2754 4911 appellare.
2790 4842 2950 4906 licet,
3006 4842 3083 4894 uti
3134 4813 3344 4911 pridem
3398 4813 3676 4909 sapientes

379 4919 474 4959 eas
505 4906 960 4971 condemnarunt,
989 4925 1053 4965 ac
1089 4911 1325 4968 ludibrio
1359 4915 1554 4986 dignas
1584 4920 1914 4983 habuerunt.

449 4994 524 5048 B’.
566 4989 916 5062 Οὐαλεντῖνος
951 5000 1050 5070 μὲν
1094 4997 1187 5054 οὖν
1249 4999 1400 5068 οὗτος
1461 5009 1636 5082 χρόνῳ
1669 5013 1970 5088 διαδέχεται

377 5087 504 5150 τοῦς
541 5088 647 5158 πρὸ
679 5089 846 5142 αὑτοῦ
887 5096 1386 5167 προτεταγμένους,
1425 5099 1746 5175 Βασιλείδην
1781 5087 1846 5161 τέ
1877 5113 1972 5164 καὶ

377 5181 717 5252 Σατορνῖλον,
752 5181 986 5238 Ἐϐίωνά
1018 5203 1076 5238 τε
1110 5189 1202 5240 καὶ
1239 5191 1512 5262 Κήρινθον
1541 5195 1635 5248 καὶ
1666 5199 1966 5268 Μήρινθον,

377 5269 615 5363 καὶτοὺς
640 5272 776 5363 ἀμφ’
806 5273 1020 5337 αὐτούς.
1052 5270 1212 5330 Οὗτοι
1239 5278 1346 5351 γὰρ
1375 5284 1573 5347 πάντες
1597 5286 1654 5340 ἑν
1683 5288 1763 5340 ἑνὶ
1793 5291 1972 5363 καιρῷ

380 5359 451 5430 τῷ
480 5360 580 5432 βίῳ
613 5362 800 5427 κακῶς
816 5365 1084 5436 ἐφύησαν,
1117 5368 1282 5440 ὀλίγῳ
1309 5372 1365 5425 δὲ
1400 5374 1634 5444 πρόσθεν
1673 5359 1969 5448 μᾶλλον-οἱ

374 5453 504 5523 περὶ
538 5454 808 5525 Κήρινθον
841 5458 935 5510 καὶ
960 5460 1239 5529 Μὴρινθον
1264 5463 1358 5515 καὶ
1388 5464 1638 5522 Ἐὅίωνα.
1677 5469 1829 5540 Ἅμα
1859 5473 1968 5542 γὰρ

382 5549 485 5610 τοῖς
535 5548 637 5619 ἤδη
684 5566 773 5619 μοι
817 5550 922 5622 πρὸ
967 5553 1146 5609 αὐτῶν
1192 5556 1584 5629 δεδηλωμένοις
1628 5561 1963 5635 ἀνεφύησαν.

451 5647 467 5674 ί
503 5643 631 5699 E‘or.
665 5645 894 5702 αἰώνων.

2143 5017 2207 5072 ll.
2262 4995 2434 5089 Igitur
2483 5019 2810 5073 Valentinus
2865 5021 2971 5074 iste
3017 5018 3296 5089 prioribus
3346 5019 3456 5073 illis
3504 5036 3534 5074 a
3588 5037 3680 5076 me

2071 5120 2230 5165 antea
2257 5111 2714 5166 commemoratis
2743 5120 2986 5180 tempore
3005 5120 3084 5166 est
3109 5110 3403 5180 posterior,
3437 5111 3676 5168 Basilide

2069 5204 2351 5266 nimirum,
2385 5219 2451 5258 ac
2487 5202 2792 5268 Saturnilo,
2826 5204 3057 5269 Ebione,
3083 5203 3348 5258 Cerintho
3376 5218 3440 5258 ac
3469 5203 3674 5258 Meriti-

2072 5293 2187 5358 tho,
2214 5308 2520 5363 eorumque
2546 5293 2737 5348 sociis.
2770 5293 3054 5363 Siquidem
3081 5309 3272 5350 omnes
3295 5310 3405 5350 uno
3428 5304 3674 5365 tempore

2077 5386 2142 5440 ad
2179 5386 2402 5439 humani
2438 5387 2657 5456 generis
2683 5387 2912 5440 exitium
2937 5387 3144 5455 profusi
3173 5395 3330 5452 sunt;
3356 5403 3670 5458 quanquam

2076 5476 2374 5531 Cerinthus
2429 5493 2494 5531 ac
2553 5476 2856 5533 Mcr-inthus
2898 5487 2951 5533 et
2994 5477 3165 5532 Ebion
3204 5480 3483 5549 paululum
3519 5489 3657 5534 ante-

2075 5570 2248 5640 gressi
2283 5577 2448 5636 sunt;
2491 5587 2555 5626 ac
2592 5584 2717 5624 cum
2755 5570 3001 5642 iis,quos
3040 5578 3168 5626 ante
3202 5571 3325 5626 illos
3361 5572 3670 5642 percensui,

1084 5742 1194 5830 ,Ρῇ
1233 5744 1743 5830 νδιιϐηξῖιιὶθηρρηη
1794 5754 1957 5830 nugis
1999 5765 2197 5827 praeter
2227 5757 2512 5827 lrcnaaunt,
2553 5759 2802 5830 aliosque
2829 5769 3064 5828 veteres,
3131 5776 3198 5817 ex
3261 5759 3671 5818 recentioribus

379 5805 796 5880 diligentissime
824 5811 1123 5882 disputavit
1155 5815 1494 5875 Pammelitts
1530 5821 1599 5874 ad
1623 5805 1849 5877 Tertull.
