4170 6372
519 344 628 409 (473

1935 370 1991 427 S.
2031 369 2376 429 EPlPllANll

3699 365 3807 426 476

521 465 742 536 prodire
771 479 1080 540 coeperunt.
1114 473 1387 535 Valentini
1423 496 1586 553 porro
1620 487 1855 557 patriam
1887 504 1951 545 ac
1981 491 2096 546 stir-

2215 492 2328 564 Τὴν
2362 491 2461 563 μὲν
2493 487 2586 544 οὖν
2619 489 2784 543 αὑτοῦ
2819 489 3085 561 πατρίδα,
3117 488 3151 560 ἢ
3187 488 3350 542 πόθεν
3385 501 3540 548 ουτος
3579 483 3806 555 γεγένη-

523 575 644 628 pem
701 561 946 633 plerique
996 571 1270 626 nesciunt.
1323 573 1442 630 Non
1491 577 1636 633 enim
1683 580 1864 636 locum
1907 583 2108 653 ipsum,

523 651 667 706 unde
713 655 983 712 oriundus
1024 671 1192 726 esset,
1242 667 1573 736 scriptorum
1627 672 1771 727 ullus
1819 651 2108 745 expressit.

522 738 724 797 Verum
754 746 822 799 ad
860 763 963 804 nos
989 751 1266 810 auditione
1293 758 1410 811 sola
1438 761 1685 828 quadam
1709 763 1830 832 ejus
1862 765 1939 819 rei
1968 765 2108 820 fama

520 837 803 904 pervenit;
830 855 993 910 quam
1025 845 1243 912 quidem
1275 853 1732 918 praetereundam,
1766 856 2111 928 patriamque

519 927 746 982 omnino
785 931 1238 992 dissimulandam
1283 957 1392 996 non
1433 943 1705 1012 arbitror;
1758 949 1974 1002 tametsi
2019 927 2111 1003 ve-

517 1017 657 1074 ritas
682 1020 735 1073 in
764 1025 1018 1094 ambiguo
1038 1031 1214 1098 posita
1244 1033 1476 1090 videtur.
1509 1037 1618 1093 Nos
1653 1040 1921 1111 quidquid
1951 1057 2108 1097 acce-

519 1109 700 1204 pimus
730 1130 793 1168 ea
821 1117 888 1172 de
918 1135 996 1184 re,
1019 1123 1379 1190 proferemus.
1421 1129 1557 1187 Sunt
1597 1109 1688 1204 qui
1719 1109 2105 1192 Plirebonitem

521 1200 674 1256 illum
706 1204 909 1262 faciant
936 1227 1000 1265 ex
1026 1213 1244 1286 Aigypti
1278 1221 1514 1288 quadam
1542 1200 1673 1290 ora;
1704 1226 1847 1282 unde
1874 1227 2109 1282 Alexan-

517 1292 694 1349 driam
721 1301 1002 1369 profectus
1030 1306 1122 1368 sit,
1152 1308 1334 1379 ibique
1364 1312 1676 1371 Graecorum
1714 1320 1924 1375 artibus
1952 1321 2108 1376 insti-

519 1397 689 1444 tutus.
744 1391 790 1444 Α
829 1395 1028 1463 quibus
1074 1407 1128 1452 et
1176 1399 1446 1459 llesiodize
1490 1405 1838 1479 Theogoniai,
1888 1427 1950 1466 ac
1998 1431 2106 1469 xxx

520 1479 737 1535 illorum
770 1483 1018 1553 deorum,
1050 1507 1188 1560 quos
1213 1493 1412 1550 ibidem
1439 1499 1528 1554 ille
1553 1504 1848 1569 recensuit,
1882 1519 1945 1560 ac
1971 1522 2106 1574 gen-

516 1572 694 1627 tilium
745 1575 1051 1634 fabularum
1097 1585 1151 1638 in
1199 1587 1381 1644 animo
1428 1606 1529 1646 suo
1573 1597 1880 1666 exemplum
1932 1597 2105 1652 infor-

515 1665 704 1721 mavit.
744 1666 880 1723 Tum
923 1672 992 1726 ab
1031 1675 1119 1741 iis,
1149 1678 1240 1747 qui
1283 1681 1368 1736 vel
1407 1697 1507 1736 suo
1545 1665 1808 1756 tempore,
1855 1689 1941 1743 vel
1980 1699 2106 1746 ante

515 1772 576 1810 se
605 1771 636 1810 a
663 1760 892 1816 veritate
922 1777 1286 1832 recesserant,
1320 1784 1600 1830 mutuatus
1624 1793 1889 1844 errorem,
1913 1783 2101 1837 eadem

2213 603 2326 651 ται,
2353 586 2404 638 οἱ
2433 583 2616 638 πολλοὶ
2637 583 2938 652 ἀγνοοῦσιν.
2962 583 3036 635 Οὐ
3057 583 3165 652 γάρ
3180 598 3284 634 τινι
3313 580 3420 632 τῶν
3441 577 3805 648 συγγραφέων

2219 675 2523 745 μεμέληται
2561 674 2752 728 τούτου
2779 674 2950 740 δεῖξαι
2985 673 3077 725 τὸν
3110 672 3290 725 τόπον.
3330 671 3424 732 Εἰς
3459 670 3604 739 ἡμᾶς
3637 667 3694 720 δὲ
3725 667 3802 730 ὠς

2213 767 2470 839 ὲνηχήσει
2492 785 2574 831 τις
2601 765 2824 837 ἐλήλυθε
2848 767 3022 835 φήμηο
3048 763 3128 817 διὸ
3149 764 3209 816 ού
3234 758 3686 832 παρελευσόμεθα
3708 757 3800 812 καὶ

2213 861 2301 912 τὸν
2340 859 2503 914 τόπον
2548 859 2738 912 τούτου
2784 859 2858 930 μὴ
2904 855 3333 919 ὑποδεικνύντες,
3379 856 3437 906 ὲν
3481 851 3802 921 ἁμιριλέκτῳ

2215 951 2312 1021 μὲν
2366 952 2465 1023 ἤδη
2510 951 2578 1004 τὰ
2631 950 2804 1022 ἀληθῆ
2841 950 2856 981 ¹
2914 949 3125 1017 λέγειν,
3172 948 3320 1018 ὅμως
3371 946 3470 1016 τὴν
3519 946 3599 1006 εἰς
3653 944 3801 1013 ἡμᾶς

2212 1041 2470 1096 ἐλθοῦσαν
2512 1043 2673 1110 φάσιν
2709 1042 2769 1094 ού
2817 1043 3183 1110 σιωπήσομεν.
3215 1039 3464 1106 Ἔφασαν
3497 1034 3608 1104 γὰρ
3637 1033 3800 1087 αὐτόν

2210 1152 2351 1198 τινες
2376 1134 2486 1204 (59)
2503 1134 2826 1205 γεγενῆσθαι
2859 1131 3199 1203 Φρεϐωνίτην
3225 1130 3322 1199 τῆς
3355 1127 3629 1195 Αἰγύπτου
3662 1142 3802 1195 παρ-

2209 1224 2464 1295 αλιὼτηνο
2516 1227 2573 1278 ὲν
2602 1223 2979 1294 Ἀλεξανδρείᾳ
3012 1222 3068 1274 δὲ
3118 1218 3512 1274 πεπαιδεῦσθαι
3561 1216 3660 1288 τὴν
3691 1215 3801 1267 τῶν

2221 1317 2486 1386 Ἑλλήνων
2527 1316 2797 1369 παιδείαν.
2837 1314 2998 1367 Ὅθεν
3037 1312 3130 1365 καὶ
3169 1311 3230 1362 τὸ
3271 1311 3493 1381 μίμημα
3522 1308 3624 1376 τῆς
3657 1307 3800 1360 κατὰ

2207 1410 2298 1462 τὸν
2344 1409 2582 1462 Ἡσίοδον
2617 1407 2904 1476 Θεογονίας
2937 1406 3044 1458 τῶν
3097 1404 3223 1474 παρ’
3262 1402 3408 1472 αὐτῷ
3444 1401 3522 1471 τῷ
3568 1399 3798 1468 Ἡσιόδῳ

2207 1503 2502 1574 τριάκοντα
2525 1500 2664 1552 θεῶν
2695 1499 3026 1569 λεγομένων,
3061 1498 3156 1550 καὶ
3184 1495 3345 1558 αὐτὸς
3373 1494 3470 1564 τὴν
3503 1491 3797 1560 ὲθνόμυθον

2209 1594 2425 1664 ποίησιν
2458 1595 2538 1656 είς
2573 1593 2662 1645 τὸν
2693 1590 2885 1644 ἑαυτοῦ
2919 1589 3044 1642 νοῦν
3077 1586 3276 1650 λαὸὼν,
3305 1587 3400 1640 κα)⁵
3428 1585 3535 1638 ἀπὸ
3560 1585 3667 1636 τῶν
3699 1583 3797 1636 σὺν

2209 1685 2360 1756 αὐτῷ
2395 1684 2491 1738 καὶ
2549 1685 2656 1754 πρὸ
2707 1682 2872 1736 αὑτοῦ
2920 1683 3018 1752 τῆς
3061 1680 3317 1752 ἀληθείας
3361 1677 3796 1732 ἐκπεπτωκότων

2206 1776 2304 1847 τὴν
2355 1776 2608 1829 ὑπόνοιαν
2657 1773 3036 1844 κτησάμενος,
3097 1771 3189 1823 καὶ
3243 1769 3404 1831 αὐτὸς
3451 1767 3520 1820 τὰ
3573 1768 3663 1819 ἴσα
3717 1764 3796 1834 τῷ

514 1864 640 1902 cum
673 1849 929 1922 Hesiodo,
973 1859 1196 1916 mutatis
1228 1863 1491 1920 duntaxat
1529 1870 1863 1938 nominibus,
1886 1875 2096 1946 excogi-

2221 1869 2446 1940 Ἡσιόδῳ
2478 1868 2604 1923 ἀπὸ
2659 1867 2862 1938 ἐτέρων
2930 1865 3209 1934 ὀνομάτων
3268 1865 3346 1925 εἰς
3402 1862 3568 1932 ἕτερα
3637 1875 3796 1928 μεταο

515 1947 627 1994 tata
659 1943 725 1996 ad
763 1947 1305 2010 circumveniendum
1339 1957 1638 2015 humanum
1672 1980 1842 2034 genus
1875 1966 2099 2022 invexit.

515 2029 726 2088 Etenim
774 2038 904 2092 deos
950 2040 1038 2095 ille
1083 2039 1188 2097 κει
1229 2053 1282 2098 et
1326 2063 1530 2115 agonas,
1569 2029 1930 2125 cmlestesque
1957 2059 2102 2112 toti-

512 2125 635 2179 dem
686 2128 847 2184 orbes
882 2135 1184 2188 constituit.
1225 2137 1467 2202 Quorum
1512 2143 1722 2211 primus
1755 2157 1840 2202 est
1873 2148 2096 2220 Bythus,

513 2225 572 2270 ut
603 2216 731 2272 huic
762 2221 955 2276 insano
1006 2224 1249 2293 videtur;
1287 2234 1746 2299 quemadmodum
1798 2216 1962 2293 etiam
2004 2216 2101 2295 au?

511 2315 633 2360 ctor
660 2309 778 2379 ejus
819 2313 1097 2382 opinionis
1128 2333 1192 2373 ac
1223 2323 1474 2378 conditor
1504 2324 1772 2384 Hesiodus
1803 2331 1956 2400 prius
1982 2347 2101 2387 om-

515 2401 678 2456 nibus
704 2402 810 2460 diis
839 2406 1019 2464 Chaos
1060 2426 1181 2468 esse
1213 2414 1370 2470 dixit.
1407 2420 1568 2488 Atqui
1594 2419 1772 2478 Chaos
1810 2431 1864 2478 et
1888 2423 2098 2496 Bython

509 2491 652 2546 idem
683 2496 909 2551 omnino
937 2500 1249 2567 significare
1281 2522 1441 2561 nemo
1470 2517 1556 2564 est
1594 2512 1686 2581 qui
1720 2491 1949 2570 nesciat.
1991 2516 2098 2573 Sed

507 2584 929 2642 circumforanei
972 2593 1260 2651 nebulonis
1297 2601 1502 2670 tragice
1550 2602 1895 2660 decantatam
1942 2607 2099 2663 fabu-

508 2675 638 2740 lam,
695 2692 759 2732 ac
801 2680 1066 2736 nefariam
1115 2684 1416 2742 doctrinam
1474 2695 1782 2749 considera.
1850 2696 2096 2768 Triginta

505 2772 686 2838 enim,
731 2781 790 2827 ut
828 2784 911 2832 est
967 2777 1208 2844 dictum,
1265 2799 1446 2839 :eoncs
1495 2787 1706 2851 statuit,
1750 2807 1888 2860 quos
1933 2795 2095 2848 etiam

505 2865 637 2920 deos
668 2869 935 2954 appellat,
972 2873 1286 2941 quindecim
1325 2893 1525 2944 mares,
1565 2882 1897 2953 totidemque
1939 2885 2096 2941 femi-

507 2973 630 3013 nas.
667 2959 772 3014 Sed
813 2977 1021 3017 aeonem
1064 2969 1360 3034 quemlibet
1397 2987 1494 3040 par
1527 2975 1693 3028 maris
1745 2992 1808 3030 ac
1857 2977 2092 3042 femina},

506 3059 616 3103 tam
660 3052 776 3121 ipse
823 3057 1156 3126 quam'ejus
1203 3060 1458 3128 discipuli
1508 3075 1740 3132 vocant,
1793 3079 1847 3121 ut
1898 3069 2093 3124 binarii

504 3142 614 3196 sint
666 3160 756 3209 xv,
781 3162 919 3216 quas
969 3151 1240 3220 syzygias,
1282 3152 1386 3206 hoc
1431 3162 1515 3208 est
1555 3155 1789 3211 duorum
1841 3161 2090 3228 collegia,

505 3237 812 3291 nominant.
863 3237 1001 3294 llinc
1049 3256 1230 3296 mones
1304 3260 1408 3297 xxx
1459 3263 1688 3302 numero
1729 3263 2090 3322 consurgunt,

504 3343 738 3398 quorum
776 3330 975 3384 femina
1007 3334 1260 3401 quaslibet
1293 3352 1323 3390 ο
1359 3352 1511 3391 mare
1551 3353 1655 3392 suo
1697 3351 2096 3412 consequentes

506 3435 690 3475 mones
719 3433 1063 3492 progenerat.
1098 3411 1341 3491 Quorum
1375 3431 1620 3483 omnium
1654 3433 1872 3486 nomina
1907 3435 2095 3503 subje-

505 3509 684 3565 cimus
705 3528 903 3581 ;caque
919 3523 1046 3566 sunt
1062 3516 1352 3584 ejusmodi,
1377 3518 1532 3589 165
1547 3528 1603 3572 ut
1618 3524 1910 3592 unicuique
1929 3525 2095 3580 maris

505 3604 854 3673 appellationi
879 3623 1038 3662 suum
1068 3610 1278 3662 feminae
1303 3627 1497 3664 nomen
1519 3630 1581 3665 cx
1609 3613 1840 3668 adverso
1868 3631 2091 3684 respon-

505 3696 652 3752 deat.
695 3697 945 3768 Ampsiu,
982 3704 1199 3755 Anraan
1229 3721 1243 3769 ;
1275 3702 1483 3767 Bucua,
1520 3704 1802 3772 Thartuu;
1845 3705 2091 3773 Ubucua,

505 3787 896 3857 Thardeadic;
934 3789 1173 3857 Merexa,
1221 3796 1542 3863 Atarbaba;
1601 3796 1779 3862 Udua,
1848 3800 2045 3854 Ceston
2076 3819 2089 3865 ;

506 3876 650 3942 lidu,
684 3879 828 3948 Vae;
886 3880 1072 3946 Eslen,
1107 3885 1414 3955 Amphain;
1475 3886 1765 3955 Essumen,
1800 3888 2088 3958 Vanauin;

505 3970 724 4037 Lamer,
752 3971 960 4040 Tarde;
988 3977 1272 4043 Athames,
1309 3978 1507 4045 Susin,
1548 3979 1755 4048 Allora,
1793 3980 2088 4050 Bncialha;

506 4065 874 4130 Danaddaria,
895 4069 1111 4135 Allora;
1140 4070 1384 4139 Dainmo,
1409 4072 1585 4139 Oren;
1611 4074 1962 4144 Lanapheeh,
1989 4078 2093 4130 Au-

504 4155 848 4226 damphech;
890 4158 1412 4230 Emphibochcbaud
1440 4182 1454 4228 ;
1485 4166 1844 4229 Assiovachc,
1901 4167 2088 4235 Belin;

506 4247 831 4312 Dexariehe,
865 4251 1125 4306 Masemo.
1158 4253 1258 4308 llic
1289 4255 1506 4309 illorum
1538 4260 1675 4312 ordo
1708 4271 1812 4322 est,
1841 4261 1969 4313 dum
1997 4277 2092 4330 per

505 4342 738 4395 marium
771 4341 1205 4414 feminarumque
1233 4348 1488 4418 conjugia
1524 4361 1903 4405 recensentur.
1942 4353 2090 4405 Alio-

502 4434 636 4503 quin
667 4434 782 4488 haec
811 4436 1028 4491 illorum
1085 4441 1386 4494 secundum
1443 4443 1856 4499 successionem
1917 4446 2091 4500 series

2209 1959 2468 2029 ποιήσας,
2510 1957 2740 2027 ἠθέλησε
2785 1956 3052 2025 φαντάσαι
3086 1954 3176 2006 τὸν
3221 1952 3444 2022 κόσμον.
3487 1949 3792 2020 Τριάκοντα

2208 2047 2317 2120 γὰρ
2355 2048 2450 2102 καὶ
2489 2044 2641 2110 οὗτος
2679 2047 2834 2109 θεοὺς
2865 2045 2960 2098 καὶ
2993 2045 3214 2107 αἰῶνας,
3246 2043 3337 2094 καὶ
3367 2041 3630 2108 οὐρανοὺς
3665 2038 3792 2108 βού-

2207 2141 2358 2196 λεται
2385 2140 2759 2212 παρεισάγειν·
2793 2133 2865 2190 ὧν
2898 2140 2926 2191 ό
2959 2137 3054 2208 μὲν
3093 2135 3307 2206 πρῶτός
3341 2135 3456 2186 ἐστι
3480 2133 3645 2195 Ruﬁo;
3671 2172 3684 2196 ,
3718 2131 3794 2195 ὡς

2208 2235 2300 2287 καὶ
2325 2233 2484 2296 αὐτὸς
2511 2232 2613 2302 ἔφη
2636 2231 2915 2302 ἀφραίνων
2943 2232 3006 2300 τῇ
3031 2227 3258 2296 διανοίᾳ·
3291 2228 3452 2279 ὁποῖα
3473 2225 3670 2294 ἀμέλει
3698 2224 3793 2275 καὶ

2205 2326 2234 2377 ό
2265 2324 2428 2380 αὐτοῦ
2466 2323 2762 2395 προϐολεὺς
2800 2323 2898 2392 τῆς
2929 2321 3134 2382 ὲννοίας
3179 2318 3421 2381 Ἡσίοδος
3459 2317 3604 2380 Χάος
3638 2315 3791 2380 πρώ-

2205 2436 2362 2471 τιστα
2385 2418 2522 2471 θεῶν
2552 2418 2676 2488 ἔφη.
2703 2417 2847 2479 Χάος
2875 2416 2930 2469 δὲ
2963 2417 3055 2470 καὶ
3079 2414 3245 2476 Βυθὸς
3274 2414 3378 2466 τίνι
3406 2414 3504 2466 οὐκ
3528 2413 3594 2466 ἂν
3625 2413 3792 2480 σαφὲς

2207 2511 2311 2580 εἴη,
2364 2509 2438 2572 ὡς
2487 2508 2547 2562 τὸ
2599 2508 2885 2578 ὁμώνυμον
2933 2507 3224 2577 κέκτηται;
3275 2505 3420 2573 Ὅρα
3461 2503 3518 2556 δὲ
3560 2503 3658 2574 τὴν
3697 2502 3791 2555 τοῦ

2205 2601 2442 2672 ἀγύρτου
2473 2600 2962 2672 τετραγῳδημένην
3001 2597 3350 2668 μυθοποιίαν,
3384 2597 3474 2649 καὶ
3511 2595 3793 2666 μοχθηρὰν

2204 2693 2567 2747 διδασκαλίαν.
2607 2694 2910 2764 Τριάκοντα
2940 2692 3048 2762 γὰρ
3074 2685 3248 2754 οὗτος,
3288 2690 3362 2753 ὡς
3398 2690 3556 2758 ἔφην,
3588 2688 3793 2752 αἰῶνας

2206 2784 2454 2854 βούλεται
2507 2787 2809 2856 παριστᾷν,
2849 2783 2941 2847 οὒς
2980 2783 3076 2836 καὶ
3119 2784 3269 2846 θεοὺς
3317 2781 3596 2851 ὀνομάζει,
3634 2781 3795 2834 δεκαε-

2204 2877 2362 2931 πέντε
2393 2877 2658 2950 μᾶρρενας,
2698 2878 2790 2930 καί
2834 2877 3054 2947 θήλειας
3104 2874 3372 2937 τοσαύτας
3413 2869 3552 2926 εἶναι
3593 2873 3788 2942 λέγων.

2205 2971 2472 3024 Ἕκαστον
2512 2971 2567 3023 δὲ
2612 2970 2782 3024 αἰῶνα
2818 2968 3216 3040 ἁῤῥενόθηλυν,
3258 2968 3351 3020 καὶ
3392 2967 3587 3035 ζεῦγός
3624 2985 3793 3037 φησιν

2201 3063 2363 3126 αὐτὸς
2387 3063 2482 3115 καὶ
2510 3063 2558 3114 οἱ
2589 3061 2775 3114 αὐτοῦ.
2802 3060 3105 3113 Δεκαπέντε
3134 3060 3188 3112 δὲ
3210 3059 3407 3122 δυάδας
3441 3060 3603 3127 φασὶν
3627 3054 3792 3124 εἶναι,

2202 3155 2269 3218 ἃς
2295 3155 2554 3223 συζυγίας
2585 3154 2828 3208 καλοῦσι·
2858 3154 2947 3206 τὸν
2990 3150 3218 3224 ἀριθμὸν
3241 3153 3296 3204 δὲ
3330 3149 3466 3206 εἶναι
3495 3153 3793 3224 τριάκοντα

2199 3247 2422 3312 αἰῶνας,
2457 3247 2694 3317 εκάστην
2723 3246 2778 3298 δὲ
2817 3247 3035 3316 θήλειαν
3067 3247 3261 3315 γεννᾷν
3299 3245 3406 3298 ἀπὸ
3433 3245 3528 3298 τοῦ
3563 3245 3793 3317 ἄρρενος

2197 3344 2322 3406 τοὺς
2365 3341 2598 3412 κατεξῆς
2637 3341 2855 3402 αἰῶνας.
2903 3333 3053 3390 Εἶναι
3094 3337 3150 3389 δὲ
3189 3337 3446 3401 τούτους,
3481 3338 3557 3400 ῶς
3593 3339 3792 3390 ὑποτέ-

2195 3452 2394 3488 τακται
2430 3435 2571 3488 κατὰ
2605 3431 3032 3501 ἀντιπαράθεσιν
3075 3430 3306 3481 ἑκάστου
3350 3428 3641 3500 ἀρῤενικοῦ
3671 3429 3790 3480 ὀνό-

2201 3547 2367 3600 ματος
2400 3527 2733 3596 τεταγμένου
2768 3526 3024 3594 ἄντικρυς
3060 3522 3154 3574 τοῦ
3206 3521 3440 3591 θηλυκοῦ
3484 3520 3751 3590 ὀνόματος
3773 3561 3787 3579 ,

2197 3621 2289 3674 καὶ
2317 3621 2480 3672 ἔστιν·
2509 3617 2761 3689 Ἀριῴοί
2788 3617 3004 3686 Λύραάν
3033 3615 3166 3684 (60)·
3197 3612 3458 3672 Βουκούα,
3487 3611 3788 3682 Θαρδουοῦ·

2196 3712 2529 3770 Ούϐουκούα,
2571 3709 2918 3780 Θαρὸεαδείησ
2982 3708 3236 3778 Μερεξᾶ,
3287 3707 3625 3776 ’Λταρϐαὸἔν
3681 3705 3788 3756 Οὑ-

2194 3801 2356 3866 δοῦα,
2401 3802 2639 3872 Κέστην·
2677 3798 2877 3872 Οὺδοιξ,
2912 3799 3085 3852 υύάκ·
3121 3797 3335 3866 Ἐσλὴν,
3373 3797 3631 3866 ’Λμφαὶψ
3665 3798 3790 3849 Ἐσ-

2197 3896 2415 3965 σουμὲν,
2450 3895 2743 3948 Ούαναυῒν·
2777 3893 2988 3962 Λάμερ,
3024 3891 3220 3962 Τάρδε⁸
3268 3891 3526 3961 Ἀθαμὲς,
3572 3893 3789 3944 Σουσίνο

2195 3987 2460 4058 Ἀλλωρᾶ,
2509 3985 2795 4039 Βουκιαοά·
2855 3985 3206 4055 Δαναδδαρία,
3260 3983 3522 4052 Ἀλλωρᾶ·
3554 3984 3787 4054 Δαμμῶ,

2196 4077 2376 4148 Ὡρήν
2423 4078 2712 4145 Λαναφὲχ,
2772 4076 3089 4146 Αὑδαμφέχ·
3145 4074 3604 4144 Ἐμφιϐοχεεαύδ-
3664 4075 3790 4126 Ἀσ-

2195 4169 2430 4239 σιουαχὲ,
2475 4168 2662 4238 Βελίμ·
2709 4167 2988 4237 Δεξαριχὲ,
3026 4165 3292 4236 Μασεμῶ.
3335 4167 3440 4218 Καὶ
3474 4166 3647 4228 οὕτως
3687 4167 3789 4236 μὲν

2195 4268 2507 4334 σύγκεινται
2527 4265 2601 4327 ὡς
2630 4265 2770 4318 κατὰ
2803 4262 3064 4330 συζυγίαν
3097 4262 3506 4332 ἀρρενρθήλεος·
3548 4263 3606 4312 ὲν
3633 4261 3689 4312 δὲ
3723 4263 3788 4332 τῇ

2194 4355 2485 4425 ἀκολουθίᾳ
2528 4354 2668 4407 κατὰ
2705 4353 2953 4423 διαδοχὴν
2995 4351 3186 4415 οὕτως·
3237 4350 3493 4419 ’Λμψιοῦ,
3544 4349 3789 4420 Λύραὰν,

2194 4447 2458 4504 Βουκούα,
2489 4445 2780 4515 Θαρδουοῦ,
2805 4444 3144 4504 υύϐουκούα,
3173 4443 3521 4513 Θαρδεαδείη.
3540 4441 3787 4509 Μερεξᾶ,

504 4533 591 4581 est
627 4545 640 4581 :
672 4528 922 4597 Ampsiu,
955 4531 1196 4598 Auraan,
1233 4532 1439 4599 Bucua,
1502 4533 1786 4601 Tharduu,
1836 4535 2086 4604 Ubucua,

2203 4539 2576 4609 Αὐταρϐαρϐςῖ,
2631 4538 2876 4601 Uti-606a,
2929 4539 3166 4605 Κέστην,
3218 4533 3514 4592 Οὺδουοῦα,
3568 4532 3786 4601 Ἑσλὴν,

507 4617 873 4685 Thardeadie,
927 4620 1165 4690 Mcrcxa,
1220 4626 1559 4688 Autabarba,
1617 4625 1815 4689 Udua,
1873 4629 2096 4694 Cesten,

513 4710 729 4777 Uduua,
783 4710 969 4774 Eslen,
1017 4714 1329 4782 Amphaim,
1374 4715 1666 4784 Essumen,
1702 4717 1974 4782 Vananin,
2003 4719 2100 4772 La-

501 4806 767 4872 mcrtade,
799 4806 1258 4873 Athamessumin,
1285 4809 1490 4874 Allora,
1524 4809 1820 4873 Cubiatha,
1856 4809 2096 4866 Thamo-

500 4896 632 4959 dan,
663 4895 980 4962 Saddarias,
1016 4899 1183 4961 ()ren,
1231 4889 1831 4972 Lanaphecudaphcch,
1870 4905 2094 4972 Emphi-

502 4987 696 5052 hochc,
753 4987 934 5052 Bara,
989 4989 1123 5054 Asi,
1177 4989 1436 5058 Uchahe,
1498 4991 1696 5058 Belin,
1765 4992 2087 5060 Dexariche,

575 5142 593 5173 θ
623 5159 709 5212 γρ.
741 5147 843 5215 τήν
875 5143 1069 5218 ἀληθῆ.

570 5318 684 5392 (59)
712 5320 989 5389 Ἕφασαν
1015 5320 1124 5392 γὰρ
1155 5324 1343 5378 αὐτόν
1368 5341 1548 5392 τινες.
1581 5325 1968 5380 Phrebonitem
1994 5340 2094 5380 no-

501 5406 650 5444 mum
698 5398 792 5444 aut
837 5392 1220 5465 praefecturam
1285 5411 1462 5464 neque
1511 5398 1653 5465 apud
1701 5395 2090 5459 Ptolemaeum,

503 5408 650 5444 mum
698 5408 792 5444 aut
877 5408 1220 5447 raelecwram
1285 5411 1462 5464 neque
1511 5408 1653 5465 apud
1705 5408 2090 5459 Ptolemaeum,

503 5476 682 5534 neque
713 5408 872 5531 apud)
889 5462 1205 5534 diligentem
1241 5480 1430 5518 earum
1469 5483 1651 5520 rerum
1687 5467 1956 5520 Ortelium
2004 5481 2094 5518 re-

503 5532 686 5652 ζει-ίῳ
723 5533 819 5586 sed
842 5571 855 5591 .
888 5532 1013 5602 qui_
1034 5536 1300 5614 vocabulo
1331 5537 1654 5605 proximus,
1699 5535 2089 5601 Pharbwtitcn,

544 5600 646 5650 aud
688 5602 875 5652 hrocul
911 5619 1070 5652 mari.

544 5600 646 5670 aud
688 5602 875 5670 procul
910 5600 1070 5658 mari.

579 5669 703 5735 (60)
739 5671 1016 5742 Ἀμψιοῦ,
1050 5675 1312 5742 Α’ἰιραιὶν.
1369 5675 1609 5731 Barbara
1646 5676 1761 5730 haec
1805 5684 1934 5732 sunt
1981 5691 2091 5728 mo-

505 5750 635 5817 nuin
667 5741 888 5794 nomina
924 5762 934 5794 :
970 5743 1112 5796 haud
1137 5741 1257 5799 Scio
1290 5761 1358 5798 an
1385 5763 1453 5800 ex
1487 5746 1866 5817 Egyptiornm
1899 5748 2083 5815 lingua

510 5805 779 5873 profecta;
817 5825 884 5863 an
920 5819 1157 5879 temere,
1208 5825 1372 5885 atque
1417 5819 1481 5870 ad
1520 5805 1783 5871 terrorem
1826 5805 2078 5872 conficta.

2199 4631 2456 4699 Ἀμφαὶν,
2507 4629 2829 4699 Ἐσσουμὲν,
2884 4626 3174 4691 Ούαναυῒν,
3228 4625 3571 4696 Λαμερτάὸε,
3629 4625 3789 4677 Ἀθα-

2203 4721 2520 4791 μεσσουμὶν,
2569 4719 2830 4790 ’Λλλωρᾶ,
2896 4718 3198 4781 Κουΰιαθὰ,
3240 4716 3531 4787 Λαμωδὰν,
3585 4716 3788 4768 Σαδδα-

2202 4812 2353 4882 ρίας,
2413 4811 2593 4882 Ὠρὴν,
2656 4810 3166 4880 Λαναςρεκουδαφὲχ,
3227 4808 3546 4878 Ἐμφιϐοχὲ,
3612 4807 3788 4878 Παρὰ,

2194 4905 2333 4966 ’Λσὶ,
2385 4904 2616 4974 Ούχαὸὲ,
2676 4904 2862 4974 Βελὶμ,
2908 4904 3189 4972 Δεξαριχὲ,
3241 4901 3534 4971 Μασεμών.
3571 4902 3638 4953 Αἱ
3677 4901 3788 4952 τῶν

2191 4995 2472 5066 ὀνομάτων
2515 4995 2798 5067 ἑρμηνεῖαί
2849 4999 2985 5048 εἰσιν
3031 4995 3167 5047 αἵδε·
3221 4994 3408 5058 Βυθὸς,
3466 4995 3601 5065 Σιγὴ
3649 4993 3785 5063 (61),

2199 5323 2409 5395 Duplex
2439 5325 2633 5378 horum
2662 5322 2836 5380 series
2869 5333 2972 5395 est.
3019 5320 3076 5375 In
3110 5320 3290 5391 priore
3317 5323 3494 5392 paria,
3524 5342 3588 5381 ac
3621 5330 3788 5394 συζυ-

2199 5394 2326 5464 γίας
2357 5396 2647 5465 copulasse
2673 5395 2923 5457 videtur;
2954 5394 3008 5446 in
3040 5395 3345 5465 posteriore
3383 5397 3504 5450 sine
3537 5399 3647 5451 ulla
3692 5416 3784 5454 co-

2200 5463 2326 5537 pula
2377 5463 2693 5536 singillatim
2743 5465 3144 5537 percensuisse.
3207 5463 3457 5537 Cumque
3521 5473 3786 5523 nonnulla

2200 5535 2272 5591 sit
2318 5535 2609 5606 utrobique
2653 5545 2929 5610 certorum
2985 5536 3264 5610 nominum
3293 5535 3641 5610 differentia,
3699 5557 3770 5610 po

2201 5608 2486 5661 steriorem
2516 5604 2638 5660 ideo
2672 5606 2936 5659 veriorem
2990 5604 3251 5663 arbitror,
3300 5607 3444 5673 quod
3491 5625 3598 5660 xxx
3646 5604 3784 5664 diin.

2203 5687 2352 5730 taxat
2383 5677 2667 5737 vocabula,
2700 5686 2834 5744 quot
2871 5675 3123 5730 videlicet
3152 5673 3357 5731 .‘Eones
3406 5689 3555 5741 sunt,
3603 5684 3773 5734 conti-

2198 5759 2355 5811 neat;
2398 5749 2566 5800 altera
2604 5761 2800 5799 xxxiii.

2265 5819 2372 5885 (6f)
2416 5819 2626 5882 Βυθὸς,
2660 5816 2822 5885 Sig-ii.
2859 5815 3166 5883 Lugendum
3201 5817 3426 5869 omnino
3463 5818 3652 5882 Βυθὸς,
3689 5824 3782 5874 καὶ
