4170 6372
449 347 553 409 677

1193 347 1564 405 ADVERSUS
1601 346 1945 406 HIERESES
1977 351 2017 406 L

2150 353 2192 410 l.
2233 353 2400 412 Ton.
2443 357 2592 412 IL—
2632 359 2902 416 maniis.
2943 349 3134 417 xxxi.

3596 365 3700 420 473

450 466 590 531 Νοῦς
623 467 717 520 καὶ⁵
756 465 1028 536 Ἀλήθεια,
1062 464 1232 534 Λόγος
1271 467 1361 519 καὶ
1384 466 1529 538 Ζωὴ,
1569 466 1890 537 Ἀνθρωπος
1927 467 2017 520 καὶ

2126 467 2429 527 Masemon.
2480 473 2722 538 Quorum
2759 477 2873 531 haec
2908 488 2993 534 est
3032 477 3433 546 interpretatio,
3473 476 3697 548 Bythos,

447 555 764 630 Ἐκκλησία,
820 557 1186 628 Παράκληπος
1224 559 1318 610 καὶ
1361 559 1570 622 Πίστις,
1615 559 1887 630 Πατρικὸς
1933 559 2026 611 καὶ
2063 635 2070 644 ¹

449 650 656 714 Ἐλπὶς,
682 649 958 720 Μητρικὸς
987 648 1081 701 καὶ
1115 649 1350 720 Ἀγάπη,
1382 649 1622 712 Ἀείνους
1654 650 1748 702 καὶ
1780 649 2016 712 Σύνεσις,

446 740 688 810 Θελητὸς
711 741 740 791 ὁ
759 740 850 793 καὶ
871 739 1009 803 Φῶς,
1038 740 1130 791 καὶ
1150 739 1521 810 Μακαριότης’
1543 739 2024 809 Ἐκκλησιαστικὸς

448 833 544 886 καὶ⁹
563 831 753 901 Σοφία,
781 831 973 894 Βύθιος
1002 832 1093 883 καὶ
1115 830 1294 896 Μίξις,
1328 831 1458 901 Ἀγή
1470 848 1627 900 ρατος
1647 831 1741 884 καὶ
1768 831 2023 894 Ἕνωσις,

448 925 732 996 Λύτοφυὴς
773 923 868 977 καὶ
911 921 1240 992 Σύγκρασις,
1284 921 1595 992 Μονογενὴς
1641 921 1732 974 καὶ
1782 921 2021 991 Ἑνότης,

452 1020 732 1090 Ἀκίνητος
764 1016 857 1070 καὶ
889 1015 1098 1084 Ἡδονή.

517 1108 674 1163 Κατὰ
699 1108 757 1160 δὲ
788 1105 1020 1178 ἀριθμὸν
1044 1104 1292 1174 διαδοχῆς
1321 1103 1414 1157 καὶ
1451 1102 1772 1166 ἀκολουθίας
1798 1103 1904 1156 ἀπὸ
1929 1103 2021 1156 τοῦ

447 1202 706 1256 ἀνωτάτω
731 1195 1173 1267 ἀκατονομάστου
1202 1194 1415 1265 Πατρὸς
1445 1195 1538 1246 καὶ
1572 1193 1742 1246 Βυθοῧ
1770 1196 1899 1264 παρ’
1928 1194 2024 1246 αὐ-

446 1299 558 1358 τοῖς
582 1292 980 1363 ὀνομαζομένου
1011 1289 1117 1352 ἕως
1148 1287 1337 1341 τούτου
1381 1287 1476 1340 τοῦ
1510 1287 1632 1340 καθ’
1677 1288 1826 1357 ἡμᾶς
1854 1287 2022 1356 οὐρα-

445 1386 538 1442 νοῦ
587 1389 616 1440 ὁ
663 1384 772 1438 τῶν
811 1384 1105 1454 τριάκοντα
1151 1379 1380 1451 ἀριθμὸς
1425 1379 1596 1442 οὕτως
1630 1379 1769 1450 ἔχει·
1818 1378 2020 1444 Βυθδς,

446 1481 610 1551 Σιγὴ,
655 1477 832 1542 Νοῦς,
882 1474 1166 1544 Ἀλήθεια,
1209 1473 1420 1540 Λόγος,
1467 1472 1622 1542 Ζωὴ,
1665 1473 2020 1540 Ἀνθρωπος,

458 1569 776 1641 Ἐκκλησία,
817 1566 1195 1638 Παράκλητος,
1240 1564 1452 1626 Πίστις,
1486 1563 1780 1634 Πατρικὸς,
1811 1561 2021 1626 Ἐλπὶς,

444 1662 748 1735 Μητρικὸς,
810 1659 1056 1729 Ἀγάπη,
1099 1657 1365 1718 ’Λείνους,
1418 1654 1658 1718 Σύνεσις,
1698 1654 1952 1725 Θελητὸς,
1994 1654 2023 1706 ό

445 1757 541 1810 καὶ
565 1754 704 1817 Φῶς,
738 1750 1113 1822 Μακαριότης,
1146 1746 1647 1817 Ἐκκλησιαστικὸς,
1687 1745 1873 1814 Σοφία,
1913 1744 1986 1798 Βύ
2007 1774 2020 1783 -

2137 557 2292 630 Sige:
2324 561 2436 618 Nus
2465 573 2518 618 et
2557 564 2798 622 Veritas:
2822 568 3003 640 Logos
3033 578 3087 623 et
3115 567 3270 622 Vita:
3292 567 3486 632 Homo,
3515 569 3702 624 Eccle-

2130 653 2243 707 sia:
2278 653 2610 720 Paracletus,
2642 657 2838 714 Fides:
2865 659 3152 723 Paternus,
3187 659 3323 729 Spes
3352 679 3364 714 :
3394 660 3694 723 Maternus,

2126 744 2411 799 Charitas:
2446 747 2639 810 Ainus,
2669 747 2921 818 Synesis:
2950 749 3382 819 Theletus,quod
3414 759 3467 805 et
3491 751 3700 806 Lumen

2129 838 2348 904 dicitur,
2379 838 2663 894 Beatitudo
2695 856 2709 896 :
2743 842 3184 907 Ecclesiasticus,
3230 843 3547 912 Sapientia:
3592 844 3700 914 By-

2127 930 2296 994 thius,
2335 933 2530 988 Mixis:
2562 934 2852 1005 Ageratus,
2889 934 3065 990 Unio:
3103 935 3444 1005 AntOphyes,
3469 934 3700 1004 Tempe-

2126 1025 2300 1078 :atio:
2327 1024 2634 1096 Unigenita,
2658 1025 2850 1081 Unitas
2881 1044 2893 1078 :
2928 1027 3246 1088 lmmobilis,
3277 1025 3565 1094 Voluptas.

2196 1114 2349 1180 Quod
2391 1117 2437 1172 si
2472 1118 2838 1172 successionis
2883 1117 3074 1171 ordine
3121 1131 3412 1170 numerare
3453 1115 3616 1176 velis,
3669 1127 3699 1164 a

2126 1223 2382 1276 supremo
2418 1208 2510 1262 illo
2542 1223 2640 1262 nec
2672 1209 2872 1263 eﬂ‘abili
2921 1207 3103 1270 Patre,
3141 1223 3300 1278 quem
3346 1206 3556 1276 Bython
3600 1220 3700 1257 no-

2126 1301 2355 1363 minant,
2383 1301 2450 1355 ad
2477 1302 2721 1355 citimum
2755 1317 2929 1370 usque
2968 1301 3186 1362 coelum,
3224 1298 3551 1353 tricenarius
3583 1312 3699 1348 nu-

2126 1406 2310 1445 merus
2363 1391 2466 1446 hoc
2525 1393 2684 1444 modo
2731 1392 3004 1460 colligitur
3037 1409 3049 1444 :
3080 1389 3307 1459 Bythns.
3351 1389 3502 1458 Sigc,
3560 1386 3696 1446 an,

2126 1480 2359 1547 Veritas,
2387 1481 2586 1552 Logos,
2617 1481 2761 1546 Vita,
2795 1481 2986 1540 llomo,
3027 1481 3270 1536 Ecclesia
3291 1521 3303 1544 ,
3355 1479 3695 1539 l’araclctus,

2126 1571 2307 1635 Fides,
2345 1573 2633 1638 Paternus,
2664 1572 2819 1642 Spes,
2859 1573 3158 1633 Maternus,
3189 1572 3467 1633 Charitas,
3497 1570 3694 1632 Ainus,

2127 1665 2370 1736 Synesis,
2420 1664 2699 1726 Theletus,
2735 1665 2850 1719 sive
2879 1663 3110 1727 Lumen,
3166 1662 3474 1723 Beatitudo,
3510 1657 3699 1712 Eccle-

2125 1744 2422 1821 siasticus,
2484 1756 2792 1827 Sapientia,
2861 1756 3104 1827 Bythius,
3150 1754 3350 1816 Mistio,
3404 1755 3696 1819 Ageratus,

445 1849 580 1912 θιος,
602 1847 783 1913 Μίξις,
815 1846 1135 1916 ’Λγήρατος,
1162 1841 1415 1900 Ἕνωσις,
1442 1839 1745 1908 Αὑτοφυὴς,
1771 1836 2017 1909 Σύγκρα-

2130 1849 2290 1912 Unio,
2348 1848 2683 1918 Aut0pbyes,
2736 1845 3119 1917 Temperatio,
3169 1843 3438 1913 Unigena,
3482 1839 3696 1903 Unitas,

445 1959 551 2007 σις,
585 1937 919 2007 Μονογενὴς,
963 1933 1199 2004 Ἐνότης,
1237 1930 1538 2000 Ἀκίνητος,
1580 1929 1794 1998 Ἡδονή.

514 2035 588 2088 Ρ.
629 2032 740 2086 Καὶ
772 2029 909 2098 αὕτη
941 2029 1036 2098 μὲν
1082 2028 1114 2097 ή
1157 2023 1265 2077 τῶν
1297 2024 1590 2094 τριάκοντα
1635 2019 1846 2098 αἰώνων
1889 2021 2019 2086 παρ’

441 2125 628 2185 αὐτοῖς
657 2117 1097 2192 μυθοποιουμένη
1131 2113 1432 2186 τραγῳδία,
1470 2113 1564 2166 καὶ
1674 2113 1815 2164 κατὰ
1865 2112 2020 2176 συζυ-

439 2216 564 2285 γίαν
592 2210 961 2282 πνευματικοῦ
995 2207 1156 2279 δῆθεν
1188 2205 1557 2278 πληρώματος
1597 2203 1920 2272 κενοφωνία,
1952 2203 2018 2272 ἢν

439 2311 537 2364 ἐάν
561 2326 647 2372 τις
675 2305 980 2375 συγκρίνων
1005 2305 1072 2374 τῇ
1100 2301 1249 2373 παρὰ
1289 2299 1532 2369 Ἡσιόδῳ,
1561 2299 1654 2351 καὶ
1682 2297 2014 2367 Στησιχόρῳ,

440 2403 536 2456 καὶ
585 2401 696 2462 τοῖς
726 2397 904 2459 ἄλλοις
941 2396 1192 2465 ποιηταῖς
1227 2391 1336 2446 τῶν
1376 2391 1642 2460 Ἐλλήνων
1680 2388 2014 2460 παράθηται,

440 2492 591 2564 εὖροι
635 2491 701 2544 ἂν
746 2491 811 2542 ὲκ
852 2486 1198 2558 παραλλήλου
1250 2483 1320 2538 τὰ
1362 2482 1501 2536 αὐτὰ
1533 2482 1690 2540 ὄντα,
1737 2480 1832 2533 καὶ
1865 2479 2017 2531 οὐδὲν

439 2586 643 2654 ἕτερον,
662 2581 756 2635 καὶ
784 2582 848 2634 ὲκ
877 2579 1066 2634 τούτου
1087 2577 1374 2646 γνώσεται,
1392 2575 1468 2638 ὡς
1492 2573 1643 2627 οὐδὲν
1675 2573 1860 2643 ἕτερον
1882 2571 2014 2623 θαυ-

443 2675 646 2748 μαστὸν
678 2676 727 2726 οἱ
773 2673 880 2726 τῶν
910 2671 1200 2742 θαυμάτων
1229 2668 1572 2740 αίρεσιάρχαι
1623 2662 2016 2736 μυστηριωδῶς

438 2765 863 2835 ἐπαγγέλλονται
909 2763 1109 2830 λέγειν.
1134 2760 1297 2813 Οὐδὲν
1331 2759 1439 2830 γὰρ
1482 2758 1628 2821 ἄλλο,
1666 2758 1698 2828 ἢ
1748 2756 2014 2825 Ἑλλήνων

439 2855 788 2927 ἁπεμάξαντο
839 2851 936 2923 τὴν
991 2851 1322 2904 ἐπίπλαστον
1384 2847 1495 2913 ἕξιν
1549 2847 1649 2917 τῆς
1715 2844 2011 2915 ἐθνομύθου

437 2948 648 3017 πλάνης
679 2947 774 2999 καὶ
818 2943 1165 3006 διδασκαλίας
1185 2981 1199 3006 ,
1235 2941 1384 2994 οὐδὲν
1417 2939 1830 3001 ἁλλοιώσαντες,
1874 2937 2014 3006 πλὴν

441 3039 539 3107 τῆς
564 3038 697 3109 παρ’
727 3036 911 3097 αὐτοῖς
944 3032 1472 3104 παραπεποιημένης
1512 3029 1851 3100 βαρὸαρικῆς
1899 3029 2014 3080 ὀνο-

441 3129 780 3200 ματοποιίας.
853 3125 1010 3179 Οὕτω
1056 3128 1164 3196 γάρ
1220 3142 1350 3192 φασι
1404 3124 1496 3176 καὶ
1547 3124 1596 3174 οἱ
1642 3121 1769 3190 περὶ
1832 3121 2012 3172 Ἡσίο-

2127 1939 2442 2003 Ιιιιηιοὶιίιίε,
2477 1939 2757 2007 Voluptas.

2199 2033 2287 2087 Ill.
2331 2029 2614 2100 Ejusmodi
2682 2038 2760 2082 est
2817 2026 3048 2081 celebris
3103 2025 3190 2078 illa
3239 2022 3461 2092 triginta
3485 2035 3697 2074 menum

2127 2125 2330 2188 fabula,
2364 2123 2794 2190 inanissimaque
2821 2118 3106 2188 spiritalis,
3144 2126 3202 2170 ut
3228 2122 3443 2179 vocant,
3463 2113 3700 2181 comple-

2127 2217 2289 2271 inenti
2308 2217 2429 2285 conj
2441 2217 2581 2286 ugia.
2597 2214 2727 2280 Quae
2741 2216 2787 2268 si
2816 2213 2941 2282 quis
2963 2227 3088 2265 cum
3110 2209 3353 2269 Hesiodi,
3375 2205 3696 2268 Stesichori,

2126 2309 2465 2377 aliorumque
2498 2307 2809 2360 Graecorum
2842 2313 3122 2373 poetarum
3164 2301 3383 2364 fabulis,
3421 2298 3697 2362 conferat,

2126 2399 2312 2452 eadem
2365 2413 2487 2452 cum
2547 2379 2653 2452 illis
2711 2397 2928 2466 penitus
2979 2410 3121 2456 esse,
3157 2409 3334 2463 neque
3373 2392 3482 2446 ulla
3535 2392 3588 2445 in
3639 2404 3700 2444 re

2127 2489 2441 2556 discrepare
2470 2487 2800 2557 comperiet:
2832 2485 3183 2554 indidemque
3210 2491 3527 2554 cognoscet,
3559 2480 3698 2534 nihil

2127 2579 2273 2632 aliud
2303 2592 2425 2630 esse
2459 2576 2821 2629 admiratione
2850 2573 3099 2642 dignum,
3129 2573 3274 2643 quod
3305 2572 3396 2626 isti
3435 2570 3694 2624 miriﬁca-

2125 2687 2245 2724 rum
2272 2671 2534 2724 hercseon
2581 2666 2914 2730 conditores,
2960 2667 3107 2719 velut
3139 2681 3338 2719 arcana
3363 2664 3608 2734 quaedam
3636 2678 3700 2714 ae

2123 2761 2403 2832 mysteria,
2454 2774 2622 2830 penes
2669 2774 2728 2813 se
2761 2772 2884 2811 esse
2933 2757 3277 2826 prolitentur.
3330 2757 3488 2827 166
3553 2754 3700 2808 Nihil

2123 2854 2268 2908 enim
2304 2852 2472 2915 aliud,
2493 2849 2928 2906 nisiGraacorum
2970 2850 3213 2916 poeticas
3244 2865 3440 2918 nugas,
3477 2863 3540 2900 ac
3570 2861 3699 2916 gen-

2123 2945 2301 2998 tilium
2329 2943 2544 3007 deliria,
2587 2951 2641 2998 et
2676 2945 2892 2998 inanem
2949 2944 3237 2999 scientiam
3288 2948 3696 3010 expresserunt.

2123 3049 2303 3103 neque
2350 3034 2646 3105 quidquam
2689 3043 2894 3103 praeter
2926 3051 3091 3091 voces
3152 3034 3506 3095 innovat-unt,
3561 3046 3701 3100 quas

2123 3127 2199 3179 illi
2241 3127 2491 3181 barbaris
2513 3129 2970 3196 appellationibus
3000 3142 3286 3198 perperam
3319 3126 3694 3178 detorserunt.

436 3223 525 3276 δον
555 3221 690 3293 (6‘2).
745 3220 968 3291 Πρῶτον
1004 3218 1219 3271 πάντων
1256 3217 1462 3285 γίνεται
1492 3217 1658 3278 Χάος,
1699 3215 1785 3266 ἵνα
1818 3213 2012 3264 εἴπωσι

2122 3219 2194 3270 Ita
2224 3217 2366 3270 enim
2405 3217 2486 3268 vel
2521 3219 2635 3287 ipse
2670 3220 3088 3288 philoSOphatur
3125 3219 3415 3273 Hesiodus.
3452 3217 3695 3269 Primum

438 3315 627 3366 Βυθόν·
671 3308 791 3365 εἶτα
835 3311 984 3376 Νὺξ,
1020 3310 1278 3381 Ἔρεϐος,
1336 3308 1444 3376 Γῆ,
1501 3305 1712 3376 Αἰθὴρ,
1768 3304 2011 3375 Ἡμέρα,

443 3407 623 3476 Ἔρως
644 3447 658 3469 ,
691 3405 901 3474 Μῆτις,
935 3404 1147 3473 Μόρος,
1187 3402 1368 3465 Ὀῖζὺς
1390 3441 1404 3464 ,
1461 3401 1673 3469 Πότμος
1694 3439 1706 3462 ,
1752 3400 2011 3468 Νέμεσις,

436 3496 669 3566 Μῶμος,
702 3495 950 3564 Φιλότης,
987 3494 1248 3556 Θάνατος,
1288 3493 1582 3562 Δυσνομία,
1607 3493 1816 3561 Γήρως,
1852 3493 2011 3561 Ἄτη,

438 3589 681 3660 Ἵμερος,
706 3586 879 3657 Λήθη,
901 3585 1126 3649 ”Υπνος,
1161 3584 1413 3654 ’Υσμίνη,
1442 3580 1770 3652 Λυσιμελὴς,
1795 3580 2012 3650 ⁶’Υ6ρις,

437 3679 756 3750 Εὐφρόνιος,
793 3677 998 3747 Αἴγλη,
1047 3676 1520 3746 Παυσιμέριμνος,
1568 3673 1811 3744 ’Λπάτη,
1858 3673 2016 3724 Ἦδυ-

441 3771 616 3842 μελὶς,
650 3771 822 3840 Ἔρις.
857 3769 969 3821 Καὶ⁹
1009 3760 1162 3830 οὗτος
1187 3769 1214 3820 ὁ
1248 3767 1343 3836 μὲν
1369 3765 1598 3836 ἀριθμὸς
1629 3765 1770 3817 κατὰ
1795 3763 2017 3816 ἀκολου-

438 3862 561 3917 θίαν
613 3861 1003 3933 ἀρρενοθήλεος
1032 3858 1202 3922 οὕτως
1249 3846 1361 3928 ἔχΞῖ
1406 3857 1501 3927 τὴν
1541 3856 1933 3927 τριακοντάδα·
1969 3857 2016 3907 εἰ

435 3957 494 4009 δέ
528 3971 612 4018 τις
655 3953 929 4023 θελήσειεν
967 3953 1112 4014 ἰδεῖν,
1153 3951 1266 4012 πῶς
1310 3949 1666 4018 πλαττόμενοι
1711 3941 1855 4000 οὗτοι
1889 3965 2016 4000 συν-

437 4049 700 4102 ἅπτουσιν
736 4044 794 4097 ἓν
848 4043 982 4114 πρὸς
1027 4043 1086 4094 τὸ
1119 4041 1196 4104 ἓν,
1232 4041 1380 4111 εὖροι
1425 4041 1489 4094 ἂν
1531 4040 1724 4102 οὕτως·
1750 4039 2017 4091 συναπτό-

440 4157 576 4210 μενα
623 4139 719 4192 καὶ
773 4136 1178 4205 συνεζευγμένα
1221 4134 1492 4204 ἀλλήλοις,
1534 4133 1569 4186 ἃ,
1605 4136 1715 4195 τοῖς
1764 4133 2016 4200 ποιηταῖς

438 4232 638 4298 ἔδοξεν,
679 4230 754 4293 ὡς
787 4230 876 4282 τὸν
919 4229 1018 4299 μὲν
1065 4227 1231 4278 Βυθὸν
1268 4225 1435 4279 Num!
1470 4243 1527 4278 τε
1570 4227 1663 4276 καὶ
1712 4226 1844 4294 Σιγῇ
1889 4241 2014 4275 συν-

438 4325 674 4393 ἅψαντες
727 4321 986 4391 ἐποίησαν
1026 4321 1130 4390 Γῆν
1177 4319 1502 4388 γεννᾶσθαι·
1536 4317 1683 4370 ἄλλοι
1731 4317 1788 4368 δὲ
1834 4314 2016 4386 Οὐρα-

436 4418 546 4481 νδν,
580 4417 640 4469 ὃν
686 4415 749 4486 δὴ
797 4417 888 4467 καὶ
929 4414 1219 4485 Ὑπερίονα
1273 4413 1591 4482 κεκλήκασι.
1626 4412 1728 4464 Τὸν
1757 4411 1812 4462 δὲ
1859 4410 2016 4462 αὑτὸν

2117 3308 2358 3360 omnium
2394 3306 2575 3361 Chaos
2608 3309 2904 3374 exstitisse,
2946 3325 3043 3378 pro
3096 3324 3205 3378 quo
3253 3309 3328 3360 illi
3363 3305 3699 3359 Profundum

2121 3399 2483 3454 substituunt.
2515 3402 2712 3454 Secuta
2735 3413 2818 3454 est
2846 3400 2985 3462 Nox,
3011 3402 3240 3462 Erebus,
3270 3399 3461 3460 Terra,
3481 3398 3698 3464 IEther,

2120 3490 2264 3554 Dies,
2311 3493 2499 3553 Amor,
2533 3492 2860 3558 Consilium,
2900 3489 3115 3555 Fatum,
3173 3492 3467 3556 Ait-unum,
3499 3493 3698 3556 Casus,

2117 3583 2384 3647 Nemesis,
2423 3585 2655 3648 Momns,
2692 3585 2970 3648 Amicitia,
3007 3585 3172 3648 Mors,
3194 3585 3460 3651 Licentia,
3525 3585 3701 3640 Sene-

2118 3687 2260 3741 ctus,
2302 3679 2425 3744 Ate,
2465 3676 2830 3739 Desiderium,
2864 3675 3102 3742 Oblivio,
3167 3676 3428 3740 Somnus,
3488 3675 3699 3746 Pugna,

2118 3769 2440 3836 Lysimeles,
2493 3769 2857 3830 Contumelia,
2898 3769 3270 3840 Euphronios,
3320 3767 3500 3838 Egle,
3535 3769 3703 3822 Cura-

2120 3881 2240 3917 rum
2301 3865 2578 3925 solatium,
2638 3862 2831 3924 Fraus,
2886 3861 3250 3930 Hedymeles,
3312 3860 3422 3914 Lis.
3467 3859 3568 3912 Hic
3611 3861 3701 3913 illc

2119 3972 2384 4009 numerus
2443 3965 2549 4015 ρει,
2602 3955 2693 4024 qui
2732 3954 2963 4005 marium
3021 3954 3459 4020 feminarumque
3515 3951 3700 4004 conti-

2119 4057 2283 4102 nnata
2343 4049 2484 4102 serie
2526 4050 2879 4101 triecuarium
2917 4047 3098 4099 eliicit.
3151 4045 3305 4109 Quod
3351 4045 3396 4097 si
3432 4044 3556 4112 quis
3585 4044 3703 4096 ani-

2120 4145 2458 4195 madvertere
2486 4145 2634 4207 velit,
2666 4141 3126 4211 quemadmodum
3148 4140 3235 4193 isti
3261 4140 3702 4207 uniuscujusque

2118 4251 2241 4287 cum
2275 4236 2449 4287 altero
2486 4235 2888 4302 copulationem
2938 4233 3250 4293 instituant,
3283 4233 3354 4284 ita
3389 4231 3700 4299 composita

2119 4337 2541 4395 comparataque
2584 4329 2722 4379 inter
2760 4343 2818 4380 se
2865 4327 2954 4377 illa
2983 4335 3299 4394 cognoscet,
3343 4323 3701 4392 quemadmo—

2119 4418 2247 4470 dum
2285 4435 2312 4470 a
2349 4419 2523 4485 poetis
2556 4419 2918 4471 constitutmn
2986 4417 3242 4484 legimus.
3291 4413 3449 4467 Velut
3477 4429 3598 4466 cum
3631 4428 3696 4466 ex

435 4513 500 4579 τῇ
541 4511 611 4579 γῇ
659 4508 996 4575 συναφθέντα
1047 4507 1180 4575 φασὶ
1231 4506 1615 4575 γεγεννηκέναι
1676 4505 1910 4574 ἄρσενάς
1954 4522 2013 4556 τε

2125 4511 2279 4579 Bythi
2307 4527 2430 4563 eum
2465 4509 2634 4563 Nocte
2668 4527 2731 4562 ac
2768 4509 3000 4563 Silentio
3033 4508 3421 4575 conjunctione
3454 4521 3703 4575 procrea-

437 4601 531 4654 καὶ
559 4600 802 4671 θηλείας,
825 4603 919 4653 καὶ
948 4599 1073 4662 τοὺς
1103 4599 1336 4667 καθεξῆς
1357 4599 1557 4669 ὁμοίως
1585 4599 1689 4660 ἕως
1715 4598 1810 4666 τῆς
1837 4598 2018 4665 πάσης

436 4694 615 4747 αὐτῶν
662 4695 963 4763 ποιήσεως,
1013 4693 1088 4754 ὡς
1123 4693 1301 4762 ἔχειὴ
1357 4693 1657 4758 ἀπέραντος
1698 4690 1791 4744 τοῦ
1844 4689 2016 4742 Βυθοῦ

435 4784 683 4856 ληρώδης
713 4783 972 4853 φλυαρία.
1022 4781 1216 4852 Εὖροις
1245 4767 1303 4834 δί
1341 4782 1406 4834 ἂν
1434 4782 1605 4843 οὕτως
1636 4781 2019 4850 συναπτόμενὰ

434 4893 497 4929 τε
535 4877 630 4928 καὶ¹
675 4875 1106 4944 συζευγνύμενα,
1139 4874 1233 4926 καὶ
1284 4873 1558 4942 δυνάμενα
1589 4870 1734 4923 οὕτω
1769 4871 2015 4924 συντίθε-

438 4967 595 5022 σθαι⁶
625 4968 805 5033 Χάος,
865 4967 1016 5031 Νὺξ,
1053 4966 1280 5037 Ἔρεϐος
1303 5007 1317 5029 ,
1370 4966 1478 5036 Γῆ,
1523 4964 1728 5036 Αἰθὴρ,
1768 4963 2015 5034 Ἡμέρα,

439 5061 652 5132 Ἔρως,
702 5061 902 5129 Μῆτις,
948 5058 1164 5127 Μόρος,
1199 5057 1410 5121 Ὀῖζὺς,
1457 5057 1704 5127 Πότμος,
1743 5058 2014 5128 Νέμεσις,

435 5149 662 5219 Μῶμος,
704 5148 950 5219 Φιλότης,
982 5149 1242 5210 Θάνατος,
1274 5149 1568 5216 Δυσνομία,
1607 5149 1816 5219 Γήρως,
1854 5149 2014 5216 Ἀτη,

435 5241 676 5312 Ἵμερος,
704 5239 879 5310 Λήθη,
905 5240 1133 5301 ’Ύπνος,
1170 5239 1421 5309 ’Υσμίνη,
1444 5239 1771 5308 Λυσιμελὴς,
1797 5238 2014 5305 ’Υϐρις,

437 5333 754 5402 Εὐφρόνιος.
789 5329 982 5399 Αἴγλη,
1015 5331 1478 5400 Παυσιμέριμνος,
1522 5329 1750 5399 Ἀπάτη,
1785 5329 2018 5398 Ἦδυμε-

434 5424 550 5494 λῆς,
591 5424 768 5494 Ἔρις.
803 5422 865 5474 Ei
898 5422 956 5474 δὲ
986 5421 1242 5491 προσέχοι
1269 5438 1354 5484 τις
1394 5419 1471 5489 τῷ
1500 5419 1677 5472 αὐτῶν
1711 5419 2012 5490 πλάσματι,

436 5581 591 5649 Σιγή,
626 5588 686 5634 ιιι
711 5581 762 5634 in
795 5580 1010 5635 caeteris
1040 5580 1284 5649 paribus.
1317 5581 1394 5634 Ac
1425 5597 1548 5633 eum
1582 5588 1693 5634 tota
1727 5581 1816 5634 illa
1845 5587 2015 5638 series

436 5649 579 5720 apud
615 5650 877 5706 Irenaeum
923 5659 977 5704 et.
1005 5649 1400 5722 Tertullianum
1437 5653 1666 5719 legatur,
1703 5651 1830 5719 quid
1869 5654 2013 5722 apud

437 5723 684 5788 singulos
714 5722 990 5774 diversum
1027 5723 1101 5774 sit
1131 5737 1232 5773 suo
1266 5721 1383 5774 loco
1418 5723 1724 5774 ιΙυυιιΙῖιίιιιικ

508 5794 622 5859 (5'2)
668 5792 831 5845 Οὕτω
864 5791 974 5858 γάρ
1006 5809 1152 5860 φασι
1185 5791 1281 5844 καί
1322 5795 1372 5844 οἱ
1411 5791 1539 5858 περὶ
1577 5792 1680 5843 τὸν
1714 5792 2008 5847 Ἡσίοδον.

2122 4609 2233 4653 tam
2293 4615 2416 4654 esse
2467 4599 2691 4654 Terram
2742 4601 3033 4664 allirmant,
3070 4602 3174 4660 vel,
3209 4608 3267 4651 ut
3302 4599 3415 4662 alii,
3462 4599 3698 4660 (Zoilum,

2119 4707 2280 4760 qiiem
2304 4701 2357 4744 et
2394 4689 2760 4761 Hyperionem
2784 4698 3000 4742 vocant.
3023 4689 3393 4756 I‘Immlemque
3413 4704 3534 4740 cum
3554 4695 3700 4741 terra

2119 4785 2431 4854 copulatum
2480 4799 2657 4837 mares
2713 4783 3050 4853 feminasque
3101 4771 3374 4852 genuisse,
3413 4791 3575 4850 atque
3625 4781 3700 4834 ita

2119 4894 2216 4948 per
2262 4885 2428 4931 totam
2487 4877 2727 4930 fabulam
2804 4877 3060 4931 omnibus
3111 4876 3379 4928 accidisse
3433 4873 3696 4943 reliquis;

2118 4971 2425 5037 cnjnsinodi
2488 4973 2647 5038 plane
2694 4981 2778 5026 est
2839 4971 3125 5039 nugatoria
3173 4970 3265 5022 illa
3313 4966 3471 5038 Bytbi
3540 4977 3702 5037 atque

2121 5063 2517 5117 inextricabilis
2566 5063 2815 5118 historia.
2864 5061 3100 5117 Possunt
3142 5076 3271 5114 vero
3314 5060 3458 5112 hunc
3487 5059 3542 5112 in
3585 5074 3702 5112 mo-

2119 5157 2248 5209 dum
2292 5155 2506 5210 fcreilla
2527 5155 2668 5208 inter
2688 5170 2807 5209 sese
2825 5170 2917 5222 per
2939 5153 3190 5223 conjugia
3225 5151 3698 5221 copulari:Chaos,

2120 5249 2258 5309 Nox,
2291 5246 2724 5309 Erebus,Terra,
2749 5245 2961 5307 zEtlier,
2987 5243 3130 5306 Dies,
3157 5246 3345 5304 Amor,
3371 5243 3698 5302 Consilium,

2124 5341 2338 5404 Fatum,
2378 5340 2661 5401 Erumna,
2693 5336 3171 5401 Casus,Nemesis,
3215 5337 3446 5399 Monuls,
3477 5337 3698 5390 Concu-

2121 5436 2289 5499 bitus,
2328 5433 2494 5494 lllors,
2519 5431 2784 5494 Licentia,
2819 5427 3104 5495 Senectus,
3143 5429 3264 5492 Ate,
3328 5427 3693 5491 Desiderium,

2120 5589 2257 5643 Cum
2308 5586 2571 5641 vocabula
2625 5585 2765 5653 ipsa,
2816 5599 2931 5637 tum
2975 5583 3110 5638 ordo
3155 5582 3368 5636 illormn
3419 5597 3483 5636 ac
3528 5579 3696 5653 series

2120 5660 2414 5727 plurimum
2453 5658 2521 5710 ab
2549 5649 2806 5727 llesiodio
2831 5653 3194 5727 illocatalogo
3230 5654 3565 5722 discrepant.
3592 5649 3694 5704 Sed

2123 5725 2175 5782 in
2215 5729 2372 5798 nugis
2414 5726 2756 5798 μικρολογεῖν
2785 5725 3030 5792 putidum
3064 5733 3148 5778 est
