4170 6372
486 354 596 412 «'79

1904 355 1963 412 S.
2008 354 2355 410 EPIPHANII

3649 359 3756 415 430

489 470 726 532 Ublivlo,
764 469 1023 535 Somnus,
1072 468 1281 540 Pugna,
1334 470 1657 542 Lysimeles,
1714 471 2076 538 Contumelia,

2189 476 2278 526 καὶ
2317 473 2604 547 βουληθείη
2653 479 2877 546 γνῶναι,
2910 479 2985 542 ὡς
3019 479 3126 532 ἀπὸ
3167 477 3276 530 τῶν
3320 475 3620 546 κοσμικῶν,
3659 478 3756 528 καὶ

493 560 861 630 Euphronios,
893 560 1182 630 Splendor,
1238 562 1510 617 Curarum
1561 564 1838 628 solatium,
1871 563 2068 626 Fraus,

493 651 850 723 lledymeles,
914 652 1025 709 Lis.
1080 654 1158 708 Ac
1206 657 1522 726 quicunque
1581 657 1647 710 ad
1691 656 1814 711 illas
1861 655 2072 711 fabulas

490 747 730 799 animum
770 747 1054 814 adjecerit,
1096 764 1161 802 ac
1208 763 1539 818 cogiteseere
1594 748 1740 803 istud
1802 749 2069 813 voluerit;

489 837 951 906 quemadmodum
986 840 1053 892 ah
1077 841 1299 903 exteris,
1327 856 1390 892 ac
1423 840 1754 894 Gragcanicis
1788 854 2070 893 commen-

2111 619 2120 627 _
2192 566 2519 637 Ἑλληνικῶν
2555 572 2823 639 ποιήσεων
2844 573 2883 634 ¹,
2909 570 2967 634 ἐξ
2988 563 3062 624 ὧν
3087 565 3233 624 οὗτοι
3265 567 3750 640 ὲνεϐροντήθησαν,

2184 658 2360 726 μάτην
2394 659 2780 724 ἐνθουσιῶντες
2825 663 2860 716 ἃ
2907 661 2981 733 μή
3017 662 3116 725 δεῖ,
3158 665 3238 722 είς
3279 659 3667 732 ματαιοπονίαν
3697 675 3756 711 τε

2180 749 2274 800 καὶ
2309 750 2554 820 κάματον
2603 755 2886 826 ἀνωφελῆ,
2945 754 3092 827 εὕροι
3147 756 3214 808 ἂν
3271 753 3467 815 αὐτοὺς
3520 750 3755 820 τοσούτῳ

2183 839 2385 904 μᾶλλον
2420 843 2889 921 πεπλανημένους.

491 929 583 994 tis,
612 929 756 984 unde
775 930 850 984 illi
878 929 1081 984 frustra
1109 930 1346 985 fanatico
1375 932 1521 986 velut
1574 931 1757 984 furore
1787 930 1852 983 ad
1887 930 2107 999 indigna
2138 931 2388 998 quaedam
2425 934 2634 988 incitati
2663 947 2811 1000 sunt,
2853 937 2908 990 in
2973 935 3162 990 irritos
3222 943 3472 1000 conatus,
3527 935 3759 989 vanissi-

494 1039 747 1091 tnamque
785 1024 950 1077 animi
976 1025 1378 1077 contentionem
1414 1023 1726 1089 inciderint,
1753 1023 1910 1092 longe
1933 1038 2028 1076 eos
2068 1020 2274 1076 Graecis
2307 1025 2438 1092 ipsis
2480 1027 2693 1096 turpius
2730 1029 3014 1084 aberrasse
3043 1029 3278 1098 reperiet

563 1137 654 1194 IV.
687 1137 766 1192 Ab
803 1139 868 1192 iis
904 1137 1216 1208 primordiis
1269 1137 1434 1192 altius
1484 1136 1794 1206 indagando
1848 1136 2074 1196 sublati,

494 1230 638 1281 aliud
671 1228 944 1298 quoddam
1010 1243 1183 1297 genus
1245 1226 1388 1296 quod
1452 1225 1795 1296 llystercma,
1844 1225 1948 1278 hoc
1995 1232 2080 1278 est

492 1323 752 1392 defectum
783 1323 865 1375 vel
889 1322 1167 1390 penuriam
1197 1328 1417 1382 vocant,
1441 1318 1663 1373 furiosis
1691 1320 1808 1373 suis
1842 1318 2077 1387 ingeniis

493 1417 770 1470 invenisse
803 1431 861 1468 se
893 1422 1242 1484 putaverunt.
1287 1413 1442 1466 lluuc
1464 1412 1740 1466 defectum
1774 1413 1912 1465 alias
1943 1409 2074 1465 Om-

492 1509 858 1578 nipotenlem,
891 1515 1054 1573 atque
1090 1504 1354 1574 Opiﬁccnt
1390 1515 1609 1568 vocant,
1644 1518 2075 1573 naturarumque

497 1599 838 1652 conditorem
871 1611 886 1648 :
921 1611 950 1648 a
975 1612 1084 1664 quo
1113 1606 1164 1650 et
1202 1599 1559 1666 posteriorem
1601 1596 1900 1668 ogdoadem
1957 1601 2079 1665 post

495 1699 752 1759 septenos
785 1688 945 1742 orbes
976 1690 1098 1740 cwli
1139 1690 1204 1742 ad
1248 1691 1447 1758 prioris
1503 1689 1766 1759 ogdoadis
1802 1687 2072 1756 exemplar

2253 1135 2325 1189 A'.
2367 1137 2528 1191 Ὅθεν
2576 1141 2669 1193 καὶ
2699 1139 2776 1194 ἔτι
2811 1140 3154 1211 ὑψηλοτέρως
3186 1139 3575 1211 ἐξερευνῶντες
3601 1139 3759 1210 δῆθεν

2181 1227 2477 1299 ᾠήθησαν,
2526 1233 2620 1285 καὶ
2660 1233 2974 1305 Ὑστέρημα
3010 1233 3086 1304 τῷ
3137 1233 3251 1304 ἰδίῳ
3299 1233 3476 1286 αὐτῶν
3515 1233 3758 1302 δαιμονι-

2183 1319 2363 1374 σθέντι
2414 1321 2734 1393 διανοήματι
2787 1323 3064 1394 ἐξευρεῖν,
3107 1323 3244 1393 ὅπερ
3297 1321 3610 1392 ’Υστέρημα
3666 1321 3760 1372 καὶ

2183 1413 2608 1486 Παντοκράτορα
2639 1416 2734 1468 καὶ
2769 1415 3112 1486 Δημιουργὸν
3142 1413 3388 1476 καλοῦσι,
3415 1414 3508 1465 καὶ
3534 1412 3760 1482 κτίστην

2181 1507 2408 1558 ούσιῶΨ
2438 1508 2528 1574 ἀφ’
2561 1503 2730 1578 οὗπερ
2763 1508 2924 1560 πάλιν
2955 1507 3050 1561 καὶ
3078 1508 3308 1576 ὑστέραν
3351 1503 3576 1574 ὀγδοάδα
3624 1503 3761 1573 μετὰ

2183 1599 2323 1652 έπτά
2369 1601 2634 1671 οὐρανοὺς
2677 1599 2900 1653 καλοῦσι
2936 1600 3078 1653 κατά
3116 1599 3210 1670 τήν
3258 1597 3476 1668 πρώτην
3501 1595 3761 1664 ὐγδοάία

2181 1691 2617 1761 ἀφομοιωθεῖσαν
2697 1693 2985 1746 ἐκτίσθαι¹
3015 1732 3030 1756 ,
3100 1691 3264 1744 αὑτοῦ
3341 1690 3494 1752 ὄντος
3575 1690 3631 1740 ὲν
3692 1691 3758 1759 τῇ

490 1784 726 1837 ellictam
758 1788 1045 1843 asserunt;
1087 1782 1243 1852 167
1269 1799 1392 1835 cum
1429 1783 1482 1835 in
1508 1782 1754 1851 ogdoade
1790 1787 2080 1834 censeatur

2189 1786 2450 1853 Ὀγδοάδι,
2475 1785 2568 1839 καὶ
2585 1786 2725 1840 ἑπτὰ
2757 1787 3018 1858 οὐρανοὺς
3041 1788 3156 1855 μετ’
3185 1784 3347 1837 αὑτὸν
3376 1782 3757 1849 πεποιηκότος.

495 1877 630 1946 ipse,
657 1891 721 1929 ac
745 1883 946 1943 septem
965 1887 1084 1941 post.
1114 1893 1171 1930 se
1193 1876 1330 1930 alios
1355 1876 1515 1929 orbes
1541 1874 1877 1949 produxerit.
1895 1873 2080 1927 Eidem

494 1971 858 2040 Hysteremati
899 1973 1173 2026 sincerum
1209 1970 1572 2037 nescioquem
1597 1983 1826 2030 aeonem,
1859 1982 1922 2020 ac
1943 1967 2083 2020 dete-

495 2063 660 2116 rioris
689 2079 851 2117 sexus
880 2073 1158 2133 expertem
1196 2069 1468 2115 conantur
1511 2062 1846 2131 adjungere;
1888 2059 1980 2128 qui
2015 2075 2081 2113 eo

496 2153 564 2206 ad
598 2156 1055 2224 complementum
1094 2153 1322 2218 venerit,
1363 2160 1420 2206 ut
1454 2155 1694 2207 animam
1749 2151 2074 2221 requireret,

495 2263 618 2317 quae
649 2263 678 2300 a
704 2257 947 2302 materna
984 2247 1262 2316 Sapientia
1294 2261 1357 2298 ex
1393 2245 1501 2298 alto
1534 2244 1912 2298 descenderat.
1958 2241 2077 2294 Jam

496 2351 628 2389 vero
661 2336 828 2388 etiam
863 2334 1168 2388 Achatnoth
1199 2334 1325 2386 licto
1349 2333 1570 2386 nomine
1602 2335 1896 2386 commenti
1930 2340 2078 2394 sunt,

497 2443 656 2495 quem
690 2436 744 2480 et
780 2426 1136 2489 Salvatmem,
1179 2432 1231 2480 ct
1266 2424 1608 2486 Terminum,
1643 2432 1695 2478 et
1727 2423 1962 2477 Crucem
1985 2465 1998 2484 .
2029 2432 2083 2476 et

497 2516 817 2581 Finitorem,
848 2525 902 2570 et
932 2515 1420 2581 Transductorem,
1462 2523 1515 2569 et
1550 2513 1738 2568 .Iesum
1781 2516 2079 2583 appellant.

497 2609 588 2671 qui
619 2625 714 2678 per
741 2607 964 2661 Mariam
989 2609 1134 2661 velut
1168 2607 1358 2660 tuhum
1380 2607 1728 2673 listulamque
1755 2605 2078 2673 pcrmearit.

499 2700 656 2754 llunc
685 2716 808 2755 esse
834 2700 1016 2754 lumen
1060 2716 1088 2753 a
1127 2699 1414 2766 superiore
1435 2697 1658 2750 Christo
1692 2697 1975 2758 dill'usum,
2013 2695 2082 2747 ob

500 2792 663 2862 idque
713 2793 895 2864 patrio
945 2793 1168 2847 nomine
1206 2790 1415 2845 Lumen
1466 2789 1536 2844 ob
1583 2789 1713 2841 illud
1748 2789 2084 2841 cmlesteno—

501 2883 719 2950 minari,
755 2898 818 2937 ac
850 2883 916 2936 de
951 2884 1238 2952 superiore
1283 2881 1544 2942 Christo,
1581 2878 1870 2947 Verboque
1920 2877 2082 2931 Chri—

502 2984 646 3032 stum
670 2977 858 3032 itidem
899 2986 952 3031 et
992 2975 1250 3037 Verbum,
1305 2975 1399 3029 sed
1439 2984 1493 3027 et
1541 2972 1771 3026 Mentem
1795 2979 2078 3040 pra3terca,

501 3085 565 3123 ac
608 3069 946 3122 Salvatorem
1000 3068 1207 3122 vocari.
1257 3065 1520 3119 Eumdem
1575 3079 1740 3133 porro
1787 3061 2078 3115 Parentem

2188 1879 2396 1948 Ὥσπερ
2437 1878 2803 1950 ’Υστερήματι
2835 1877 3114 1948 βούλονται
3144 1878 3433 1930 συνάπτειν
3461 1876 3557 1945 μὲν
3586 1874 3758 1942 ἀμιγῆ

2181 1989 2300 2023 τινα
2331 1970 2501 2024 αἰῶνα
2541 1971 2633 2024 καὶ
2669 1971 2993 2040 ἀθήλυντον·
3030 1972 3108 2032 εἰς
3140 1967 3411 2039 πλήρωμα
3439 1967 3495 2019 δὲ
3529 1964 3762 2017 ἐνταῦθα

2181 2065 2434 2130 ἐλθόντα,
2469 2065 2564 2118 καὶ
2621 2065 2955 2134 ἀναζήτησιν
2983 2062 3004 2093 ⁸
3045 2063 3144 2132 τῆς
3195 2061 3366 2131 ψυχῆς
3424 2060 3522 2129 τῆς
3556 2057 3760 2112 ἄνωθεν

2181 2157 2288 2210 ἀπὸ
2318 2160 2417 2227 τῆς
2452 2157 2724 2228 μητρικῆς
2767 2156 2965 2224 Σοφίας
3000 2153 3278 2224 ἐλθούσης.
3311 2153 3450 2223 Ἤδη
3477 2152 3571 2204 καὶ
3601 2152 3762 2221 Ἀχα-

2185 2249 2302 2318 μὼθ
2340 2249 2618 2319 βούλονται
2647 2249 2706 2300 τὸ
2732 2248 2901 2317 ὄνομα
2928 2246 3328 2308 ἀνατυποῦντες
3359 2245 3449 2298 καὶ
3482 2245 3758 2304 πλάττειν,

2181 2341 2238 2392 ὃν
2273 2341 2336 2410 δὴ
2368 2341 2461 2393 καὶ
2491 2339 2722 2409 Σωτῆρα
2765 2338 2949 2400 καλεῖ,
2986 2338 3082 2391 καὶ
3116 2337 3317 2402 ”Ορον,
3362 2337 3457 2388 καὶ
3497 2334 3757 2404 Σταυρὸν,

2182 2432 2278 2485 καὶ
2313 2431 2623 2502 Ὀροθέτην,
2659 2431 2754 2482 καὶ
2784 2429 3146 2497 Μεταγωγέα,
3183 2429 3276 2481 καὶ
3317 2427 3524 2496 Ἰησοῦν
3553 2426 3642 2479 τὸν
3674 2425 3760 2478 διὰ

2184 2524 2420 2594 Μαρίας,
2443 2523 2517 2586 ὡς
2543 2522 2630 2575 διὰ
2660 2522 2918 2591 σωλῆνος,
2957 2520 3314 2592 παρελθόντα.
3348 2517 3499 2573 Εἶναι.
3522 2518 3578 2570 δὲ
3601 2517 3761 2569 αὐτὸν

2184 2615 2299 2685 φῶς
2331 2615 2438 2669 ἀπὸ
2471 2614 2564 2668 τοῦ
2626 2614 2739 2668 ἀνω
2782 2613 3015 2684 Χριστοῦ
3035 2654 3048 2676 ,
3077 2613 3170 2666 καὶ
3216 2611 3302 2665 διὰ
3349 2610 3505 2664 τοῦτο
3537 2626 3760 2679 πατρω-

2183 2707 2428 2778 νυμικῶς
2476 2707 2756 2762 καλεῖσθαι
2798 2707 2918 2770 Φῶς
2955 2707 3044 2760 διὰ
3076 2705 3138 2758 τὸ
3172 2706 3283 2760 ἄνω
3331 2703 3464 2774 φῶς,
3497 2704 3590 2755 καὶ
3623 2703 3758 2772 Χρι-

2186 2800 2308 2852 στὸν
2335 2799 2423 2852 διὰ
2460 2798 2550 2851 τὸν
2580 2799 2692 2852 ἄνω
2730 2799 2982 2868 Χριστὸν,
3032 2797 3127 2852 καὶ⁸
3172 2798 3344 2863 Λόγον
3382 2793 3470 2846 διὰ
3516 2793 3608 2846 τὸν
3653 2793 3764 2846 ἀνω

2184 2889 2375 2956 Λόγον,
2410 2889 2501 2941 καὶ
2527 2889 2669 2941 Νοῦν
2693 2889 2956 2951 ὡσαύτως
2986 2889 3214 2957 Σωτῆρα
3254 2885 3528 2954 λέγεσθαι.
3566 2883 3678 2936 ’Λεὶ
3705 2879 3764 2935 δὲ

2186 2980 2286 3030 ὑπε
2297 2979 2536 3050 ρϐαίνειν
2561 2979 2651 3032 τὸν
2681 2979 2846 3032 αὐτοῦ
2872 2979 3103 3050 πατέρα,
3128 2980 3218 3032 τὸν
3243 2982 3448 3048 Δημιου
3459 2979 3584 3048 ργόν
3605 2995 3618 3006 ·
3644 2992 3765 3027 συν-

2186 3071 2477 3139 αναφέρειν
2499 3071 2554 3123 δὲ
2580 3073 2707 3134 τοὺς
2732 3070 2881 3140 αὐτῷ
2910 3070 3265 3140 πειθομένους
3297 3070 3410 3139 ἅμα
3448 3065 3596 3136 αύτῷ
3631 3065 3764 3136 πρὸς

501 3179 662 3216 suum
687 3202 700 3226 ,
740 3162 842 3216 hoc
877 3169 960 3215 est
994 3160 1346 3214 Conditorem
1401 3155 1834 3212 transcendere:
1883 3168 1946 3206 ac
1991 3153 2082 3220 qui

2191 3163 2292 3224 τὰς
2310 3163 2422 3215 ἄνω
2459 3163 2719 3231 συζυγίας
2749 3162 2842 3215 τοῦ
2880 3162 3264 3234 πληρώματος.
3297 3164 3403 3214 Kal
3429 3155 3473 3212 ὦ
3510 3161 3608 3228 τῆς
3639 3157 3764 3210 τούς

503 3255 604 3309 sibi
651 3254 809 3308 [idem
863 3253 1138 3314 habeant,
1189 3251 1254 3304 ad
1311 3263 1568 3320 suprema
1623 3248 1712 3300 illa
1768 3246 2086 3314 pleromatis

502 3347 730 3416 collegia
754 3361 940 3400 secum
973 3345 1222 3399 evehere.
1257 3342 1301 3395 Ο
1324 3358 1498 3411 nugas
1519 3341 1800 3408 anilesque
1836 3336 2082 3390 fabulas!

503 3437 617 3508 Ego
650 3454 780 3492 vero
812 3437 1170 3490 nihilominus
1192 3450 1277 3496 ea,
1307 3435 1384 3488 uti
1419 3449 1539 3487 sum
1566 3431 1873 3502 pollicitus,
1911 3444 2086 3497 expo—

504 3547 665 3596 nam;
695 3537 861 3597 utque
906 3529 1010 3598 ipsi
1067 3528 1130 3581 ad
1179 3536 1464 3597 poetarum
1492 3541 1555 3578 ac
1594 3522 1885 3592 gentilium
1938 3536 2089 3574 com—

505 3629 690 3675 menta
732 3621 922 3675 deliria
959 3636 1056 3674 sua
1090 3619 1316 3690 prOpius
1350 3614 1843 3672 acconnnodarint.
1882 3611 2089 3666 Praeter

506 3713 644 3776 haec,
687 3711 988 3767 secundum
1030 3710 1409 3764 Tricenariunt
1472 3709 1647 3772 illum,
1683 3706 1926 3761 medium
1971 3703 2090 3757 uni-

505 3821 632 3858 cum
674 3821 869 3858 nomen
927 3819 988 3856 ac
1035 3804 1152 3857 sine
1193 3801 1408 3854 funium
1441 3802 1727 3854 consortio
1780 3797 2088 3852 solitarium

505 3903 916 3964 excogitat-unt;
947 3906 1058 3950 tum
1104 3897 1268 3948 aliam
1334 3909 1556 3948 rursum
1585 3907 1615 3945 a
1644 3890 1943 3945 Conditore
1973 3903 2094 3958 pro-

506 3989 750 4052 ductam,
781 4005 844 4041 ac
880 3989 1103 4059 perinde
1149 3988 1201 4040 in
1249 3985 1400 4055 paria
1448 3984 1713 4053 digestam
1749 3980 2088 4051 Ogdoadem.

507 4081 682 4150 Cujus
717 4081 834 4135 haec
859 4088 988 4135 sunt
1016 4080 1319 4132 voeabula:
1364 4075 1718 4145 Exepaphus,
1756 4071 2090 4143 Porphyrio,

507 4173 745 4236 Clotho,
794 4172 1069 4234 Rhuaces,
1123 4169 1406 4232 Lachesis,
1460 4167 1783 4238 Epiphaon,
1833 4165 2091 4233 Atropos,

512 4268 806 4340 llyperion,
855 4267 1138 4334 Asterope.
1195 4261 1477 4332 Ejusmodi
1531 4269 1814 4329 poetarum
1863 4258 2091 4311 istorum

509 4371 596 4418 est
626 4375 810 4422 scena,
836 4374 958 4428 qum
992 4365 1046 4412 et
1075 4357 1211 4410 alias
1251 4353 1686 4424 quamplurimas
1725 4350 1981 4413 deorum,
2036 4358 2096 4404 ut

510 4460 732 4513 vocant,
777 4449 1170 4520 appellationes
1204 4447 1471 4509 continet,
1503 4444 1741 4498 marium
1775 4459 1840 4496 ac
1872 4442 2095 4496 l‘cmina-

513 4561 658 4605 rum,
695 4559 814 4613 qua“:
852 4542 1008 4596 aliter
1038 4541 1104 4593 ab
1140 4540 1262 4593 aliis
1295 4545 1576 4606 conceptze
1615 4535 1683 4590 ad
1730 4549 1935 4588 cccuv
1974 4549 2095 4604 per-

512 4637 759 4690 veniunt.
789 4634 930 4698 Quin
955 4632 1116 4686 etiam
1161 4631 1225 4683 ad
1259 4630 1491 4682 aliarum
1529 4627 1809 4681 luereseon
1836 4641 1957 4694 quae
1989 4625 2093 4680 sibi

514 4728 782 4794 tragicam
819 4719 1127 4776 istiusmodi
1165 4735 1416 4789 pompam
1455 4720 1758 4782 asciscunt,
1793 4733 2098 4788 propagan-

512 4820 614 4874 das
644 4817 906 4886 origines,
942 4829 1080 4868 nova
1109 4813 1357 4883 quaedam
1383 4811 1644 4865 addidere
1680 4810 1915 4865 somnia.

572 4935 782 4989 Etenim
796 4932 1208 5003 postsuperiora
1221 4927 1310 4981 illa
1326 4927 1542 4981 nomina
1558 4922 2098 4993 Hesiodus.0rpheus

515 5038 570 5083 et
585 5025 936 5081 Stesichorus
955 5030 1245 5076 natosesse
1275 5018 1686 5074 dicutitleum
1707 5025 1760 5072 et
1781 5015 2095 5078 Tartarum,

520 5119 818 5172 Saturnum
851 5130 916 5170 ac
937 5114 1165 5180 Rheam,
1211 5111 1399 5167 Jovem
1444 5116 1497 5163 et
1534 5107 1838 5171 Iunonem,
1879 5107 2101 5175 Apollo-

520 5224 663 5264 nem.
700 5204 1032 5276 Neptunum,
1082 5213 1242 5271 atque
1275 5200 1587 5262 Plutonem,
1625 5199 1906 5265 aliosque,
1957 5209 2098 5262 quos

521 5299 838 5368 singillatim
869 5305 1177 5360 recensent,
1227 5294 1568 5347 innumeros.
1605 5288 1895 5344 Fecundus
1949 5286 2096 5340 enim

524 5389 741 5442 illorum
777 5403 932 5442 error
961 5396 1065 5447 est,
1099 5401 1162 5440 ac
1198 5384 1502 5454 multiplex,
1523 5384 1615 5452 qui
1640 5380 1881 5435 absurda
1909 5377 2099 5432 nescio

525 5496 646 5550 quae
667 5481 1055 5532 vocabulorum
1090 5485 1336 5532 monstra
1367 5474 1700 5545 parturiens,
1730 5481 1894 5540 atque
1933 5483 2102 5523 exco-

527 5571 729 5638 gitans,
754 5568 1022 5622 inﬁnitam
1069 5567 1376 5622 fabularum
1402 5575 1638 5636 segetem
1671 5561 1931 5633 profudit.
1956 5558 2088 5626 Qua:

609 5769 626 5798 ¹
661 5785 742 5836 γρ.
777 5767 1030 5840 ποιητῶν.
1107 5771 1124 5799 ²
1159 5767 1218 5822 ν.
1263 5767 1441 5823 Codex
1476 5765 1717 5820 ἐκτίσθαι
1753 5766 1988 5836 λέγουσι.

2187 3271 2294 3306 των
2324 3255 2595 3324 ληρῳδίας
2619 3257 2713 3308 καὶ
2739 3255 3008 3327 τοσαύτης
3053 3256 3468 3325 ματαιολογίαςί
3509 3251 3767 3324 Παραθή-

2190 3363 2353 3416 σομαι
2383 3347 2460 3402 δὲ.
2486 3347 2561 3411 ὼς
2596 3351 2874 3417 προεῖπον,
2902 3349 2993 3401 καὶ
3022 3349 3097 3412 ὼς
3123 3350 3274 3401 αὐτοὶ
3310 3343 3634 3409 συνέζευξαν
3654 3347 3767 3407 τοῖς

2190 3441 2494 3508 ποιητικοῖς
2558 3441 2651 3492 καὶ
2723 3439 3038 3509 ὲθνομύθοις
3097 3440 3378 3508 πλάσμασι
3446 3439 3543 3507 τὴν
3591 3435 3770 3489 αὐτῶν

2189 3529 2531 3600 ληρολογίαν.
2572 3529 2728 3583 Μετά
2757 3530 2854 3601 τήν
2901 3531 3272 3602 Τριακοντὰδα
3305 3529 3360 3582 δὲ
3398 3529 3458 3580 τὸ
3491 3527 3548 3579 ἓν
3600 3527 3772 3595 ὄνομα

2195 3623 2360 3692 μέσον
2404 3622 2496 3674 καὶ
2549 3621 2879 3692 ἀθήλυντον,
2940 3623 3034 3674 καὶ
3103 3624 3218 3691 μετ’
3273 3620 3434 3673 αὑτὸν
3480 3619 3577 3689 τὴν
3628 3617 3772 3671 κατά

2193 3713 2456 3779 συζυγίαν
2514 3712 2675 3764 πάλιν
2705 3712 2947 3780 Ογδοάδα
2988 3713 3302 3783 εὑρεθεῖσαν
3353 3711 3460 3765 ἀπὸ
3514 3710 3609 3764 τοῦ
3665 3715 3771 3781 Δη-

2197 3799 2454 3872 μιουργοῦ
2508 3800 2670 3854 πάλιν
2721 3802 3026 3872 δυναμένην
3074 3802 3168 3854 καὶ
3219 3802 3359 3855 οὕτω
3404 3801 3769 3857 συντίθεσθαι.

2193 3895 2302 3947 Kal.
2331 3895 2446 3946 ἔστι
2486 3893 2556 3945 τὰ
2577 3893 2814 3963 ὀνόματα
2843 3893 2988 3946 τάδε·
3025 3893 3241 3963 πρῶτος
3273 3893 3597 3963 Ἐξέπαφος,
3633 3895 3774 3964 Πορ-

2195 3987 2422 4058 φυρίων,
2450 3983 2672 4047 Κλωθὼ,
2703 3984 2955 4049 Ῥύακος,
2981 3986 3233 4056 Λάχεσις,
3255 3987 3553 4056 Ἐπιφάων,
3582 3988 3776 4058 Ἀτρο-

2196 4093 2332 4140 πος,
2392 4075 2692 4146 Ὑπερίων,
2726 4075 3054 4146 Ἀστεροπή.
3116 4077 3225 4130 Καὶ
3267 4077 3402 4148 αῦτη
3448 4077 3545 4146 μὲν
3594 4079 3626 4146 ἡ
3667 4076 3776 4129 τῶν

2197 4167 2438 4238 ποιητῶν
2470 4168 2678 4220 τούτων
2729 4167 2900 4238 σκηνὴ
2927 4207 2941 4230 ,
2979 4167 3177 4238 ἔχουσα
3211 4169 3304 4221 καὶ
3359 4169 3525 4232 ἄλλας
3575 4167 3777 4232 πολλὰς

2195 4259 2512 4330 ὀνομασίας,
2538 4259 2674 4311 θεῶν
2709 4259 2835 4332 παρ’
2869 4259 3054 4322 αὐτοῖς
3085 4259 3502 4330 ὀνομαζομένων
3531 4261 3777 4330 ἀρρένων

2197 4367 2256 4402 τε
2289 4352 2382 4404 καὶ
2416 4348 2663 4420 θηλειῶν,
2702 4349 2873 4412 ἄλλως
2903 4350 3054 4420 παρὰ
3090 4367 3202 4402 τισι
3245 4350 3574 4421 λεγομένων,
3619 4351 3778 4403 δυνα-

2204 4442 2383 4511 μένων
2413 4442 2638 4512 ποιῆσαι
2686 4444 2780 4496 καὶ
2816 4444 3145 4512 τριακοσίων
3181 4442 3613 4514 ὲξηκονταπέντε
3657 4445 3779 4515 ἀρι-

2205 4533 2362 4602 θμὸν,
2394 4535 2485 4587 καὶ
2513 4534 2590 4586 ἔτι
2621 4535 2700 4598 είς
2727 4534 2997 4604 πρόφασιν
3022 4534 3130 4586 τῶν
3171 4535 3346 4587 ἄλλων
3378 4537 3640 4605 αἱρέσεων
3671 4536 3779 4589 τῶν

2203 4624 2407 4696 ταύτην
2437 4625 2596 4678 πάλιν
2626 4625 2721 4696 τήν
2748 4625 3014 4696 τραγικὴν
3057 4623 3312 4677 ὑπόθεσιν
3355 4625 3778 4697 ὲνστησαμένων

2203 4717 2656 4786 όνειρωττόντων.

2276 4914 2430 4968 Μετά
2467 4916 2574 4987 γὰρ
2610 4915 2676 4968 τὰ
2707 4914 3077 4986 προειρημένα
3120 4913 3361 4984 ὀνόματα
3390 4931 3552 4982 φασιν
3578 4915 3627 4967 οί
3657 4915 3785 4986 περὶ

2217 5007 2460 5059 Ἡσίοδον
2478 5007 2572 5059 καὶ
2588 5006 2792 5078 Ὀρφέα
2822 5008 2913 5059 καὶ
2932 5006 3259 5078 Στησίχορον
3276 5006 3639 5076 γεγεννῆσθαι
3677 5006 3785 5059 Οὐ-

2210 5099 2370 5171 ρανόν
2399 5116 2458 5150 τε
2490 5100 2582 5151 καὶ
2613 5098 2915 5169 Τάρταρον,
2934 5099 3140 5169 Κρόνον
3170 5115 3229 5150 τε
3259 5099 3355 5150 καὶ
3391 5099 3569 5164 Ῥέαν,
3599 5099 3697 5152 Δία
3725 5117 3784 5152 τε

2208 5192 2303 5245 καὶ
2332 5192 2529 5261 ”Ηραν,
2559 5192 2652 5244 καὶ
2681 5191 3010 5254 Ἀπόλλωνα,
3044 5190 3352 5243 Ποσειδῶνά
3389 5208 3446 5243 τε
3491 5193 3582 5244 καὶ
3616 5192 3788 5244 Πλουσ-

2209 5301 2378 5344 τωνα,
2410 5284 2504 5336 καὶ
2539 5283 2764 5356 μυρίους
2802 5283 2987 5336 λοιπὸν
3029 5285 3155 5345 τοὺς
3199 5284 3326 5354 παρ’
3373 5285 3556 5348 αὐτοῖς
3590 5285 3789 5353 ὀνομα-

2211 5374 2489 5446 ζομένους.
2526 5375 2701 5445 Πολλὴ
2732 5375 2839 5446 γὰρ
2866 5375 3070 5428 τούτων
3103 5378 3134 5447 ἡ
3163 5375 3417 5446 ἀπατηλὴ
3448 5376 3506 5440 ἐξ
3535 5377 3791 5439 ὑπονοίας

2214 5468 2412 5538 πλάνη,
2449 5468 2482 5537 ἦ
2516 5485 2600 5530 τις
2643 5468 2974 5535 κενοφωνίαν
3009 5469 3404 5537 ὲγκισσήσασα,
3437 5469 3532 5520 καὶ
3563 5467 3790 5538 έξευρα-

2201 5561 2338 5632 μένη
2375 5561 2602 5624 πολλοὺς
2647 5560 2848 5630 μύθους
2885 5559 3292 5631 ἑποιητεύσατο.
3326 5560 3434 5612 Καὶ
3471 5558 3611 5628 αῦτη
3642 5558 3793 5614 ἐστὶν

2066 5767 2085 5798 ³
2120 5763 2176 5817 F.
2215 5764 2322 5816 ἀπὸ
2356 5763 2720 5835 πληρώματος
2753 5761 2829 5828 δέ,
2863 5769 2916 5818 et
2947 5763 3065 5815 κατ’
3105 5761 3454 5833 ἀναζήτησιν.
