4170 6372
403 333 498 384 481

1145 326 1513 385 ADVERSUS
1550 324 1896 381 IlIERESES
1934 323 2064 379 LIB.
2111 324 2151 377 l.
2196 320 2360 376 ΤΟΜ.
2405 322 2467 375 ll.
2513 353 2580 361 ——
2618 320 2894 375 ll/ERES.
2937 319 3129 374 XXXI.

3567 313 3678 370 4-32

407 450 433 518 ή
471 443 703 498 δοκοῦσα
735 447 1026 514 φαντάζειν
1070 445 1165 517 τὴν
1211 446 1321 499 τῶν
1362 446 1739 516 ἀπατωμένων
1783 443 1988 498 τούτων

2095 453 2202 492 una
2229 454 2317 493 res
2349 438 2511 509 168
2530 439 2856 493 miserorum
2888 437 3106 490 illorum
3135 434 3351 489 animos
3383 431 3517 488 falsa
3551 448 3677 502 spe-

402 537 658 590 διάνοιαν.

473 628 682 681 Γελοῖον
713 628 770 680 δὲ
795 629 955 691 εὐθὺς
985 629 1150 681 πᾶσιν
1178 629 1491 699 εὑρίσκεται
1519 628 1691 681 ταῦτα
1711 629 1822 688 τοῖς
1847 631 1986 678 κατὰ

403 719 535 772 Θεὸν
579 721 672 772 τὸν
714 720 838 772 νοῦν
886 720 1340 790 πεφωτισμένοις.
1379 720 1672 793 Παρελθὼν
1714 720 1771 772 δὲ
1815 718 1988 771 ταῦτα

403 805 580 872 αὖθις,
607 812 724 872 ταῖς
750 808 857 862 ἀπὸ
882 809 992 860 τῶν
1024 808 1242 877 βιϐλίων
1268 809 1444 862 αὐτῶν
1478 808 1822 872 ἀκολουθίαις
1853 808 1989 876 πρὸς

405 901 534 964 ἔπος
561 901 655 954 καὶ
688 900 826 954 κατὰ
849 901 993 965 λέξιν
1021 901 1118 971 τὴν
1152 901 1454 974 παράθεσιν
1493 902 1596 971 τῆς
1638 902 1770 970 παρ’
1804 901 1988 962 αὐτοῖς

406 993 799 1061 ἀναγνώσεως,
850 992 995 1061 λέγω
1034 992 1098 1062 δὴ
1144 993 1242 1063 τῆς
1291 993 1470 1045 αὐτῶν
1523 991 1728 1064 βίϐλου,
1755 989 1988 1044 ἐνταῦθα

407 1087 723 1156 ποιήσομαι,
761 1084 856 1138 καὶ
880 1084 1016 1138 ἔστι.

829 1195 963 1247 Ἀπὸ
997 1192 1118 1246 τῶν
1143 1194 1570 1248 Οὐαλεντίνου.

478 1287 554 1339 E'.
589 1285 728 1338 Τάδε
761 1285 914 1352 παρά
947 1284 1232 1355 φρονίμοις
1268 1286 1379 1355 (65)
1401 1302 1414 1315 ·
1448 1284 1602 1356 παρά
1634 1285 1691 1338 δὲ
1714 1284 1985 1355 ψυχικοῖς,

407 1381 558 1450 παρά
585 1380 642 1432 δὲ
678 1380 978 1449 σαρκικοῖς,
1015 1377 1166 1447 παρὰ
1200 1379 1255 1431 δὲ
1296 1383 1597 1448 κοσμικοῖς,
1643 1379 1792 1450 παρά
1823 1379 1880 1432 δὲ
1910 1379 1990 1449 τῷ

410 1472 628 1543 μεγέθει
669 1470 811 1533 Νοῦς
853 1471 1234 1542 ἀκατάργητος
1277 1473 1388 1532 τοῖς
1417 1472 1819 1540 ἀκαταργήτοις
1870 1470 1989 1542 χαί-

409 1578 545 1632 ρειν.
603 1560 1010 1629 Ἀνονομάστων
1060 1558 1171 1627 ἐγὼ
1215 1559 1310 1612 καὶ
1349 1560 1760 1632 ὑπερουρανίων
1801 1560 1990 1630 μνείαν

408 1652 667 1723 ποιοῦμαι
687 1652 825 1721 πρὸς
856 1651 999 1720 ὑμᾶς
1029 1650 1068 1714 ¹,
1091 1648 1214 1701 οὗτε
1269 1649 1485 1719 ἀρχαῖς,
1533 1648 1656 1702 οὔτε
1696 1649 1988 1714 ἐξουσίαις,

407 1742 531 1795 οὔτε
561 1744 882 1810 ὑποταγαῖς,
913 1739 1039 1793 οὔτε
1071 1741 1205 1792 πᾶσι
1242 1739 1628 1809 περινοηθῆναι
1655 1739 1987 1811 δυναμένων,

2093 532 2177 586 cie
2201 531 2430 585 deludit.

2162 621 2269 675 Sed
2322 621 2388 676 iis
2417 634 2646 690 quorum
2711 618 2896 674 divina
2959 617 3083 671 luce
3137 617 3462 671 collustrata
3519 630 3676 672 mens

2089 721 2193 778 est,
2226 714 2410 783 inepta
2441 714 2557 767 haec
2574 713 2761 767 statim
2806 727 2869 766 ac
2902 711 3132 764 ridicula
3166 709 3442 764 videntur.
3465 707 3677 774 Quibus

2091 805 2254 858 modo
2295 805 2709 876 prattermissis,
2747 819 2869 873 quae
2929 804 3160 858 illorum
3201 801 3356 855 libris
3387 801 3677 853 continuen-

2093 902 2202 956 tur,
2241 903 2404 963 prout
2455 895 2521 948 ad
2558 894 2786 947 verbum
2823 893 3027 963 scripta
3066 894 3359 962 leguntur,
3413 889 3522 943 hoc
3555 889 3677 942 loco

2091 1000 2415 1055 proponam.
2453 985 2594 1039 Sunt
2621 985 2737 1040 haec
2767 985 3061 1054 ejusmodi.

2541 1181 2628 1235 Ea:
2662 1181 3036 1237 Valentiniano
3067 1183 3221 1236 libro.

2161 1273 2227 1325 V.
2260 1272 2386 1327 Haec
2420 1274 2560 1342 apud
2585 1274 2896 1345 sapientes;
2927 1277 3021 1330 sed
3041 1276 3183 1344 apud
3219 1274 3506 1338 animales,
3531 1275 3676 1345 apud

2091 1367 2360 1430 carnales,
2392 1367 2538 1436 apud
2571 1368 2900 1427 inundanos,
2937 1369 3076 1435 apud
3102 1378 3478 1436 exaggeratam
3508 1368 3677 1422 animi

2092 1459 2221 1519 vim,
2253 1457 2366 1512 Nus
2398 1473 2677 1527 nunquam
2713 1458 2971 1513 desinens
2996 1462 3266 1529 perpetuis
3303 1475 3368 1514 ac
3396 1472 3676 1527 nunquam

2091 1549 2470 1605 desinentibus
2494 1589 2508 1613 ,
2546 1550 2795 1604 salutem.
2829 1548 3091 1618 Equidem
3118 1567 3307 1605 eorum
3345 1567 3466 1621 qua:
3501 1563 3678 1618 neque

2091 1642 2385 1706 nominari,
2417 1657 2517 1697 nec
2547 1643 2808 1712 explicari
2849 1645 3099 1698 oratione
3133 1653 3383 1715 possunt,
3441 1658 3676 1715 qumque

2093 1731 2409 1786 coelestibus
2445 1732 2579 1802 ipsis
2628 1733 2911 1802 superiora
2959 1741 3108 1796 sunt,
3141 1737 3472 1788 mentionem
3529 1731 3674 1804 apud

412 1835 550 1908 μόνῃ
595 1835 653 1887 δὲ
693 1837 760 1905 τῇ
801 1834 896 1887 τοῖ’)
937 1831 1234 1904 Ἀτρέπτου
1280 1833 1458 1903 ἐννοίᾳ
1493 1833 1984 1904 πεφανερωμένων.

2092 1838 2190 1877 vos
2223 1823 2540 1877 instituam:
2576 1839 2699 1892 quas
2741 1839 2917 1893 neque
2945 1825 3309 1894 principatus,
3365 1841 3541 1895 neque
3572 1839 3670 1893 po-

407 1926 545 1980 Οὕτε
581 1925 691 1997 γὰρ
735 1926 912 1997 ἀρχῆς
952 1927 982 1980 ὁ
1013 1927 1347 1997 Αὑτοπάτωρ
1375 1925 1487 1994 (64)
1524 1924 1683 1987 αὐτὸς
1721 1927 1778 1977 ὲν
1811 1925 1990 1996 ἐαυτῷ

409 2023 652 2091 περιεῖχε
691 2019 760 2074 τὰ
799 2020 977 2072 πάντα
1020 2018 1149 2072 ὄντα
1195 2019 1253 2071 ὲν
1303 2016 1482 2087 ἑαυτῷ
1531 2019 1588 2070 ὲν
1621 2017 1895 2088 ἀγνωσίᾳ,
1931 2017 1990 2069 ὃν

409 2110 630 2164 καλοῦσί
662 2127 804 2174 τινες
831 2109 1010 2163 Αίῶνα
1042 2110 1316 2180 ἀγήρατον
1336 2149 1350 2173 ,
1379 2107 1466 2158 ἀεὶ
1520 2105 1796 2169 νεάζοντα,
1827 2107 1992 2176 ἀρρε-

408 2199 658 2270 νόθηλυν,
702 2199 760 2262 ὃς
810 2199 1041 2252 πάντοτε
1093 2199 1336 2268 περιέχει
1379 2196 1446 2248 τά
1489 2195 1700 2258 πάντα,
1749 2195 1843 2248 καὶ
1891 2196 1993 2248 οὐκ

408 2289 816 2358 ἐμπεριέχεται.
865 2288 1000 2342 Τότε
1049 2290 1082 2359 ἡ
1136 2289 1194 2341 ἐν
1243 2286 1391 2356 αὐτῷ
1436 2288 1671 2339 Ἔννοια·
1708 2287 1992 2358 (ἠθέλησεν

408 2380 643 2450 ἐκείνην,
672 2380 740 2450 ἦν
778 2397 923 2442 τινες
954 2380 1202 2432 Ἔννοιαν
1232 2377 1458 2446 ἔφασαν,
1499 2378 1675 2449 ἕτεροι
1715 2378 1888 2450 Χάριν
1917 2380 1994 2431 oi-

409 2469 572 2531 κείως
594 2469 680 2521 διὰ
716 2467 776 2520 τὸ
807 2469 1338 2540 ὲπικεχορηγηκέναι
1371 2468 1539 2537 αὐτὴν
1571 2467 1990 2541 θησαυρίσματα

406 2557 501 2611 τοῦ
523 2558 804 2626 Μεγέθους
840 2563 951 2622 τοῖς
997 2562 1062 2614 ὲκ
1105 2561 1201 2614 τοῦ
1231 2561 1544 2630 Μεγέθους·
1577 2562 1625 2612 οἱ
1667 2561 1723 2614 δὲ
1763 2561 1993 2632 ἀληθεύ-

410 2667 603 2712 σαντες
646 2650 812 2720 Σιγὴν
863 2651 1348 2722 προσηγόρευσαν,
1392 2653 1473 2704 ὅτι
1527 2651 1592 2704 δι’
1640 2650 1992 2723 ἐνθυμήσεως

407 2740 576 2810 χωρὶς
609 2739 767 2808 λόγου
813 2740 881 2792 τά
929 2741 1104 2794 πάντα
1135 2742 1196 2795 τὸ
1226 2741 1470 2809 Μέγεθος
1514 2743 1827 2796 ἐτελείωσεν
1853 2742 1890 2812 ’)
1917 2743 1992 2804 ὡς

406 2828 502 2884 οὖν
533 2835 816 2902 προεῖπον,
861 2835 895 2903 ἡ
936 2833 1210 2905 ἄφθαρτος
1252 2835 1443 2887 αἰωνία
1491 2835 1638 2906 (65),
1674 2833 1993 2905 βουληθεῖσα

404 2925 581 2995 δεσμά
610 2926 790 2996 ῥῆξαι,
827 2924 1051 2996 ἐθήλυνε
1080 2925 1141 2978 τὸ
1165 2925 1412 2993 Μέγεθος
1436 2926 1521 2978 ἐπ’
1548 2927 1725 2997 ὀρέξει
1754 2926 1995 2979 ἀναπαύ-

409 3034 546 3079 σεως
586 3017 769 3070 αὐτοῦ.
803 3018 913 3069 Καὶ
946 3015 1084 3087 αὕτη
1131 3015 1280 3086 αὐτῷ
1331 3018 1582 3086 μιγεῖσα,
1631 3016 1868 3083 ἀνέδειξε
1900 3017 1994 3069 τὸν

407 3109 631 3179 Πατέρα
662 3109 756 3178 τῆς
785 3106 1064 3177 ἀληθείας,
1105 3107 1163 3160 ὃν
1193 3107 1406 3170 οἰκείως
1443 3109 1492 3159 οἱ
1526 3107 1721 3160 τέλειοι
1750 3108 1993 3179 Ἄνθρω-

409 3217 508 3253 πον
541 3199 851 3269 ὠνόμασαν,
879 3200 962 3252 ὅτι
987 3194 1053 3269 ἦν
1080 3197 1368 3260 ἀντίτυπος
1392 3197 1487 3250 τοῦ
1518 3198 1776 3269 προόντος
1809 3199 1992 3266 Ἀγεν-

408 3292 592 3362 νήτου.
631 3291 786 3343 Μετὰ
815 3289 972 3343 τοῦτο
1008 3289 1066 3342 δὲ
1099 3292 1132 3361 ή
1168 3289 1300 3360 Σιγὴ
1336 3290 1446 3360 (66)
1485 3291 1718 3361 φυσικὴν
1767 3290 1994 3359 ἑνότητα

406 3383 586 3450 φωτὸς
614 3382 1059 3452 προενεγκαμένη
1125 3381 1220 3434 σὺν
1249 3381 1328 3450 τῷ
1373 3381 1668 3452 Ἀνθρώπῳ
1701 3377 1789 3452 (ἦν
1818 3381 1872 3433 δὲ
1901 3382 1995 3434 αὐ-

406 3474 515 3528 τῶν
560 3476 594 3545 ὴ
629 3474 937 3536 συνέλευσις
986 3474 1048 3526 τὸ
1091 3473 1307 3539 θέλειν).
1358 3473 1452 3525 καὶ
1499 3473 1842 3526 ἀναδείκνυσι
1894 3475 1993 3543 τὴν

405 3565 712 3635 Ἀλήθειαν.
742 3563 994 3635 Ἀλήθεια
1023 3563 1079 3616 δὲ
1113 3564 1218 3616 ὑπὸ
1243 3563 1350 3617 τῶν
1377 3563 1594 3616 τελείων
1621 3564 1836 3627 οἰκείως
1861 3564 1996 3616 ὠνο·

410 3657 615 3728 μάσθη,
650 3659 731 3710 ὄτι
765 3655 982 3727 ἀληθῶς
1015 3656 1174 3726 ὁμοία
1206 3653 1274 3727 ἦν
1302 3658 1366 3726 τῇ
1402 3656 1600 3726 ἑαυτῆς
1632 3657 1799 3728 μητρὶ
1834 3656 1989 3726 Σιγῇ,

406 3747 505 3816 τῆς
537 3747 703 3816 Σιγῆς
731 3745 889 3798 τοῦτο
925 3745 1253 3817 βουλομένης
1276 3748 1319 3808 ³,
1354 3746 1462 3799 ἀπὸ
1489 3746 1771 3817 μερισμῶν
1799 3745 1993 3814 φώτων

405 3834 501 3889 τοῦ
539 3853 598 3888 τε
629 3835 856 3907 ἄρρενος
890 3837 984 3889 καὶ
1029 3837 1127 3906 τῆς
1161 3835 1378 3905 θηλείας
1403 3835 1518 3888 ἴσον
1555 3831 1712 3898 εἶναι,
1750 3836 1897 3898 ὅπως
1926 3836 1993 3888 δι’

407 3926 616 3980 ἑαυτῶν
658 3926 753 3980 καὶ
800 3927 832 3996 ή
863 3926 921 3979 ὲν
952 3927 1137 3988 αὐτοῖς
1181 3925 1466 3996 φανερωθῇ
1496 3929 1608 3987 τοῖς
1642 3925 1702 3989 ἐξ
1736 3925 1902 3979 αὑτοῦ
1935 3927 1994 3978 ὲν

405 4018 556 4087 αὑτῷ
585 4020 666 4082 εἰς
699 4018 989 4088 αἰσθητικά
1017 4018 1171 4088 φῶτα
1207 4017 1542 4089 μερισθεῖσα.
1584 4017 1739 4072 Μετά
1767 4018 1926 4071 τοῦτο
1956 4020 1989 4088 ἡ

405 4110 680 4181 Ἀλήθεια,
708 4111 980 4181 μητρικὴν
1005 4109 1449 4180 προενεγκαμένη
1475 4107 1829 4179 Προυνεικίαν
1855 4108 1988 4178 (67),

407 4200 630 4273 ἐθήλυνε
680 4203 772 4254 τὸν
816 4201 1030 4272 πατέρα
1075 4202 1272 4270 έαυτῆς
1321 4201 1400 4263 είς
1443 4201 1672 4270 ἑαυτήν·
1723 4201 1817 4253 καὶ
1867 4217 1990 4252 συν-

404 4294 572 4366 ῄεσαν
604 4295 817 4356 ἑαυτοῖς
843 4292 1105 4364 ἀφθάρτῳ
1142 4292 1306 4363 μίξει,
1339 4294 1432 4345 καλ¹
1466 4292 1728 4364 ἀγηρὰτῳ
1750 4294 1988 4366 συγκρά-

408 4401 510 4436 σει.
543 4385 651 4436 Καὶ
685 4383 1026 4435 ἀναδείκνυσι
1066 4383 1300 4454 τετράδα
1338 4385 1716 4455 πνευματικὴν
1763 4385 1987 4456 ἀρῤενό-

485 4539 501 4569 ¹
543 4536 604 4593 V.
640 4539 776 4593 Cod.
815 4539 1108 4608 μυστήριον
1148 4537 1284 4608 πρὸς
1317 4538 1481 4608 ὑμᾶς.

2091 1921 2340 1980 testates,
2365 1929 2468 1969 nec
2513 1931 2634 1984 qua:
2693 1916 2800 1971 illis
2826 1918 3070 1984 subjecta
3128 1924 3276 1978 sunt,
3311 1933 3488 1987 neque
3527 1916 3675 1971 aliud

2090 2005 2387 2075 quidquam
2404 2007 2756 2076 intelligentia
2782 2017 2960 2077 potest
2989 2009 3274 2078 consequi,
3298 2009 3511 2079 solique
3530 2011 3672 2076 ejus,

2091 2099 2184 2166 qui
2215 2107 2300 2152 est
2329 2082 2702 2163 immutabilis,
2731 2107 2860 2154 sunt
2882 2101 3179 2170 cognitioni
3203 2102 3492 2170 patefacta.
3515 2100 3673 2155 Prin-

2091 2190 2237 2260 cipio
2269 2192 2539 2260 siquidem
2576 2207 2758 2246 rerum
2808 2193 3050 2246 omnium
3084 2193 3130 2247 is
3154 2195 3244 2262 qui
3278 2209 3376 2264 per
3404 2209 3463 2248 se
3495 2194 3675 2263 ipsum

2091 2283 2252 2337 Pater
2284 2292 2388 2344 est,
2413 2283 2665 2338 universa
2694 2284 2748 2337 in
2780 2285 3073 2354 semetipso
3111 2285 3347 2339 obscura
3375 2286 3673 2355 ignotaque

2092 2373 2434 2440 continebat;
2518 2388 2679 2441 quem
2744 2373 2992 2427 nonnulli
3050 2372 3284 2428 IEonem
3375 2375 3678 2429 senectutis

2092 2475 2394 2535 expertem,
2450 2481 2775 2534 semperque
2827 2465 3135 2523 ﬂorentem.
3169 2475 3223 2521 et
3260 2483 3464 2522 marem
3519 2467 3677 2523 femi-

2093 2573 2331 2627 namque
2358 2567 2578 2621 vocant,
2611 2558 2704 2626 qui
2741 2559 2922 2612 omnia
2947 2560 3265 2628 complexus
3295 2560 3439 2612 nulla
3463 2575 3522 2613 re
3559 2560 3678 2630 ipse

2093 2649 2596 2718 comprehenditur.
2633 2647 2789 2702 Tunc
2830 2665 2952 2718 qua:
3007 2651 3061 2704 in
3109 2651 3200 2703 illo
3258 2652 3435 2705 inerat
3473 2651 3624 2708 Mens
3658 2670 3672 2706 :

2095 2741 2192 2812 (ita
2254 2742 2396 2795 enim
2435 2741 2653 2810 quidam
2695 2742 2991 2812 appellant,
3042 2742 3131 2795 alii
3172 2745 3394 2812 pr0prio
3458 2747 3678 2799 nomine

2094 2832 2354 2890 Gratiam.
2391 2833 2538 2903 quod
2572 2832 2966 2901 Magnitudinis
2999 2835 3312 2898 thesauros,
3361 2835 3413 2889 in
3455 2851 3549 2890 cos
3579 2837 3673 2905 qui

2093 2938 2161 2977 ex
2202 2921 2570 2992 Magnitudine
2602 2931 2758 2978 erant
2821 2924 3214 2993 insumpserit;
3240 2926 3335 2978 sed
3376 2926 3572 2980 melius
3605 2927 3677 2979 ab

2096 3015 2218 3068 aliis
2247 3015 2532 3068 Silentium
2601 3021 2849 3079 vocatur,
2893 3015 3152 3086 quoniam
3206 3016 3343 3070 citra
3407 3017 3680 3073 sermonis

2098 3121 2256 3160 usum
2291 3105 2473 3159 omnia
2509 3104 2825 3176 Magnitudo
2867 3108 3197 3178 cogitatione
3221 3109 3336 3163 sola
3381 3109 3604 3179 perfecit
3635 3108 3680 3180 :)

2097 3196 2210 3257 sed,
2247 3205 2303 3249 ut
2351 3197 2484 3260 dixi,
2517 3212 2642 3250 cum
2701 3199 3018 3268 incorrupta
3086 3200 3201 3253 bare
3228 3216 3292 3254 ex
3324 3215 3545 3256 :eonum
3572 3217 3677 3254 nu-

2097 3303 2247 3341 mero
2270 3288 2490 3352 femina,
2525 3290 2760 3345 vinculis
2787 3291 3046 3360 expedire
3086 3307 3208 3346 sese
3242 3293 3424 3359 vellet,
3465 3292 3676 3363 Magni-

2096 3379 2340 3435 tudinem
2370 3382 2616 3438 libidinis
2659 3383 2932 3439 illecebris
2959 3384 3027 3437 ad
3075 3385 3160 3438 sui
3218 3385 3676 3440 con-suetudinem

2094 3470 2319 3527 inﬂexit.
2352 3472 2428 3527 Ex
2461 3489 2569 3544 qua
2596 3475 2840 3530 veritatis
2866 3475 3027 3530 Pater
3057 3485 3374 3546 procreatus
3392 3486 3496 3542 est,
3515 3491 3680 3547 quem

2094 3565 2186 3634 qui
2206 3565 2430 3634 perfecti
2463 3578 2590 3622 sunt
2625 3571 2845 3640 prOprie
2870 3569 3154 3623 Hominem
3191 3573 3487 3642 appellant,
3523 3572 3674 3642 quod

2091 3659 2211 3727 ejus
2249 3661 2340 3729 qui
2367 3663 2517 3730 prior
2543 3669 2646 3727 est,
2690 3677 2792 3717 nec
2820 3663 2890 3717 ab
2913 3662 3024 3716 ullo
3047 3666 3380 3734 estgenitus,
3422 3663 3680 3719 similitu-

2093 3751 2274 3806 dinem
2305 3753 2526 3807 referat.
2569 3753 2774 3810 Deinde
2812 3754 2937 3826 Sige
2965 3757 3272 3810 naturalem
3301 3757 3525 3811 luminis
3555 3757 3679 3810 uni-

2093 3854 2256 3898 tatem
2309 3860 2430 3897 cum
2489 3845 2720 3900 llomine
2769 3849 3078 3916 producens
3139 3849 3353 3916 (harum
3384 3863 3514 3901 vero
3545 3864 3678 3903 con-

2090 3934 2302 4004 juuctio
2359 3937 2640 3992 voluntate
2708 3940 2824 3993 sola
2893 3940 3133 4009 perfecta
3215 3943 3320 4008 est)
3381 3940 3678 3995 Veritatem

2099 4028 2289 4081 edidit.
2325 4027 2456 4093 Qua:
2495 4045 2560 4083 eo
2591 4031 2813 4084 nomine
2846 4033 3040 4085 merito
3085 4048 3114 4083 ει
3158 4031 3410 4100 perfectis
3475 4032 3678 4087 donata

2098 4123 2195 4178 est,
2227 4117 2369 4184 quod
2412 4119 2572 4171 matri
2599 4135 2713 4174 sua;
2747 4119 2871 4189 Sige
2916 4121 3097 4190 reipsa
3135 4122 3330 4176 similis
3357 4131 3521 4184 esset,
3555 4139 3679 4191 qute

2097 4222 2162 4260 ex
2203 4207 2566 4264 divisionibus
2608 4210 2895 4271 luminum,
2947 4220 3058 4264 tam
3113 4214 3282 4267 maris
3321 4229 3484 4282 quam
3517 4212 3677 4266 femi-

2097 4311 2201 4358 nae,
2233 4296 2469 4366 idipsum
2501 4300 2710 4368 aequale
2767 4314 2890 4354 esse
2942 4301 3210 4362 voluerat,
3247 4309 3304 4353 ut
3335 4301 3387 4353 in
3418 4300 3678 4354 sensibus

2095 4388 2343 4458 exposita
2376 4389 2581 4443 lumina
2605 4388 2876 4459 dispersa,
2909 4405 3007 4459 per
3054 4390 3145 4444 illa
3170 4390 3310 4460 ipsa,
3343 4397 3396 4444 et
3436 4390 3491 4444 in
3516 4389 3678 4460 ipsis,

1572 4540 1591 4568 ³
1622 4537 1681 4590 V.
1720 4537 2093 4610 βουληθείσης.

481 4695 590 4766 (65)
636 4693 780 4748 Τάδε
821 4695 980 4760 παρὰ
1005 4672 1333 4766 sapor/1.10m.
1360 4691 1604 4766 Obscura
1638 4692 1984 4766 e_t__intricata
2025 4699 2065 4752 Ι)
2092 4694 2344 4763 genuisse
2374 4692 2656 4766 Veritatis,
2701 4702 2817 4766 tur_n_
2849 4707 2980 4766 vero
3009 4707 3134 4745 cum
3158 4691 3368 4766 eodem
3398 4692 3490 4766 illo
3513 4707 3676 4766 quem

407 4763 683 4818 Valentini
717 4769 830 4818 iure
859 4773 940 4818 est
965 4773 1159 4816 oratio.
1191 4763 1374 4816 Priora
1408 4765 1628 4831 quidem
1665 4763 1752 4816 illa
1784 4764 1984 4815 inscri-

407 4837 610 4905 ptionis
653 4835 937 4890 formulam
988 4835 1302 4905 praeferunt.
1341 4833 1608 4905 Caeterum
1660 4833 1764 4888 hoc
1805 4833 1981 4902 ipsum

410 4902 774 4974 fragmentum
828 4902 1002 4974 neque
1052 4920 1081 4956 a
1126 4902 1414 4957 Valentino
1455 4904 1762 4972 scriptum,
1807 4918 1985 4972 neque

407 4992 607 5046 pnrmn
632 4991 695 5027 ac
716 4983 910 5046 putum
945 4975 1087 5026 illius
1111 4974 1316 5046 dogma
1344 4977 1754 5046 complectitur;
1790 4974 1884 5027 sed
1905 4974 1986 5046 ab

407 5042 526 5113 ejus
560 5042 848 5113 discipulis
890 5044 1276 5114 interpolatum
1298 5084 1314 5107 ,
1361 5050 1420 5096 ut
1453 5059 1520 5098 ex
1551 5042 1780 5098 Tertull.
1831 5044 1987 5098 colli-

447 5122 577 5169 itur.

409 5133 591 5256 εηςιθῖ)
625 5184 776 5237 Οὔτε
804 5184 913 5254 γὰρ
957 5183 1150 5256 ἀρχῆς
1175 5188 1207 5237 ό
1249 5183 1628 5252 Αὐτοπάτωρ.
1670 5182 1983 5255 Legendum

409 5254 667 5311 arbitror.
690 5255 779 5306 ὅτε
802 5256 910 5323 γὰρ
934 5254 991 5318 ἐξ
1013 5256 1205 5324 ἀρχῆς.

479 5324 589 5394 (65)
628 5324 689 5376 Ἡ
716 5321 1446 5395 ἇςοθαρτοςᾼᾲίωνίαιιιθεθ
1474 5321 1616 5376 αἰών.
1639 5338 1738 5390 pro
1765 5324 1976 5377 αίωνία.

409 5393 543 5446 Nam
602 5405 653 5448 et
699 5394 938 5446 'femmas
998 5393 1203 5449 {Eoncs
1252 5393 1573 5449 Valentinus
1639 5395 1976 5447 nominabat.

409 5463 638 5534 Tertull.
690 5475 876 5516 contra
910 5462 1140 5534 Valent.
1195 5481 1317 5534 cap.
1361 5466 1432 5518 9:
1486 5463 1797 5516 Novissima
1848 5477 1980 5516 natu

411 5533 593 5587 JEon:
626 5534 809 5587 viderit
838 5533 1180 5594 solazcismus,
1214 5533 1411 5602 Scip/tia
1443 5550 1582 5587 emm
1599 5549 1783 5585 nomen
1805 5543 1902 5586 est.

483 5605 593 5672 (66)
633 5604 791 5657 Μετὰ
811 5604 996 5674 (τοῦτο
1039 5604 1108 5657 δὲ
1146 5605 1183 5672 ἡ
1227 5605 1392 5674 Σιγὴ.
1437 5605 1710 5670 Quantum
1748 5605 1803 5656 in
1835 5611 1978 5674 tene-

411 5672 645 5744 bricosis
695 5673 1094 5743 implicatisque
1134 5672 1331 5744 fabulis
1373 5674 1570 5744 dispici
1608 5681 1818 5742 potest,
1873 5673 1976 5725 hoc

411 5743 589 5812 ipsum
633 5744 939 5815 signiﬁcare
977 5745 1211 5810 videtur,
1262 5743 1427 5816 Sigen
1471 5743 1502 5801 c
1544 5743 1716 5815 Bytlio
1763 5752 1972 5814 patrem

2093 4761 2353 4832 genuerat
2383 4765 2691 4832 copulatam
2722 4803 2736 4826 ,
2776 4761 3070 4816 Veritatem
3105 4762 3364 4817 edidisse.
3395 4762 3547 4828 Quod
3580 4763 3682 4814 ali—

2093 4841 2175 4887 ter
2205 4835 2345 4904 apud
2375 4834 2515 4889 lren.
2556 4843 2610 4887 et
2638 4833 2867 4904 T_ertull.
2899 4835 3134 4904 legitur;
3164 4849 3288 4886 nam
3317 4849 3382 4904 ex
3417 4833 3678 4904 llytho__et

2095 4904 2221 4972 Sige
2242 4900 2453 4958 'ambos
2489 4905 2612 4958 illos
2639 4902 2870 4968 IEonas,
2898 4900 3138 4968 Patrem,
3173 4905 3288 4957 sive
3319 4900 3476 4966 Nun,
3491 4911 3545 4956 et
3582 4900 3679 4957 Ve-

2092 4975 2312 5028 ritatem
2344 4984 2629 5043 susceptos
2657 4984 2931 5028 asserunt.

2167 5045 2276 5117 (67)
2341 5042 2650 5117 ηιητρὶκὴν
2700 5042 3206 5117 προενεγκαμένη-
3252 5042 3672 5117 Προυνεικίαν.

2094 5113 2604 5186 ῈοηεΠρουνικίαν
2638 5130 2736 5183 pro
2765 5115 3008 5186 libidinis
3034 5113 3308 5186 illecebris
3335 5113 3594 5186 sumpsit,
3621 5123 3676 5186 ut

2096 5183 2343 5256 μητρικῆ
2365 5186 2471 5238 ἀπὸ
2493 5185 2595 5254 τῆς
2614 5187 2849 5256 μήτρας,
2879 5184 3171 5256 deductum
3207 5183 3298 5237 sit.
3327 5183 3593 5256 Origenes
3620 5183 3677 5256 in

2090 5253 2336 5320 Cels-um,—
2362 5265 2494 5309 tom.
2524 5272 2574 5309 γι
2611 5253 2624 5305 ἑ
2679 5253 2983 5324 Προυνικὴν
3021 5253 3080 5324 δέ
3120 5270 3239 5324 τινα
3267 5253 3462 5320 σοφίαν
3494 5255 3542 5304 οἱ
3563 5253 3677 5324 ἀπὸ

2089 5327 2440 5407 Οὐαλεντίνου
2459 5323 2865 5407 ,εόνομάζουσιιζ
2901 5323 3044 5407 κατά
3095 5323 3192 5393 τὴν
3219 5323 3676 5407 ,πεπλανημένην

2087 5396 2294 5474 gstith
2323 5390 2510 5466 σοφίᾶν
2529 5414 2542 5426 ο
2572 5390 2640 5470 ἧς
2671 5395 2951 5474 σύμϐολον¹
2973 5392 3111 5474 εζναι
3142 5390 3424 5462 βούλονται
3453 5390 3545 5474 καὶ
3577 5390 3676 5444 δώ·

2083 5465 2216 5540 δέκα
2244 5464 2420 5540 ἐτεσιν
2463 5464 3026 5540 αᾼίμορῤοῦσανκβειι
3062 5464 3566 5540 unam_quamda_m
3609 5475 3675 5516 ac

2084 5537 2417 5607 singularem
2462 5532 2761 5608 Προῦνικον
2810 5551 2838 5588 a
2892 5532 3306 5588 Valentiniauis
3342 5532 3672 5602 appellatam

2080 5606 2190 5660 non
2223 5618 2371 5677 puto,
2399 5606 2524 5660 cum
2557 5606 2892 5678 ΙΙρουνίκους
2925 5620 3107 5662 aeones
3157 5618 3350 5661 omnes
3395 5617 3675 5672 nuncupa-

2080 5680 2238 5743 verit,
2273 5680 2372 5735 llOC
2400 5678 2622 5734 cuidem
2653 5680 2708 5732 in
2739 5679 2898 5732 libro.
