4170 6372
519 352 625 406 485

1919 351 1978 405 S.
2021 350 2364 406 ΕΡΙΡΙΙΛΝΙΙ

3656 350 3767 408 484

518 463 587 516 iis
629 464 720 532 qui
751 479 815 516 ex
869 463 989 532 ipso
1022 471 1077 519 et
1129 465 1181 517 in
1225 478 1345 533 Ipso
1387 478 1535 526 sunt,
1567 478 1687 517 sese
1740 462 2086 532 patefaceret.

2194 464 2358 534 θηλυν
2388 464 2674 517 ἀντίτυπον
2704 482 2799 536 της
2831 465 3134 536 προσούσης
3169 466 3182 496 ¹
3212 464 3498 536 Τετράδος,
3543 464 3663 534 ἥτις
3694 461 3766 538 ἦν

515 553 712 608 Postea
772 552 1028 610 Veritatis
1078 566 1377 608 maternam
1442 555 1746 622 pruniciam
1800 553 2088 622 proferens

514 657 796 716 parentem
857 663 1016 700 suum
1066 648 1133 699 ad
1177 647 1336 717 169
1379 647 1463 700 sui
1527 661 1767 700 amorem
1800 647 2085 715 pertraxit.

515 736 696 803 Quare
724 737 886 790 ambo
943 737 1258 804 incorrupta
1311 737 1683 805 copulatione,
1712 750 1775 789 ac
1805 750 2088 804 nunquam

517 839 833 884 senescente
867 829 1255 898 conjunctione
1288 831 1563 884 commisti
1612 840 1765 884 sunt.
1799 829 1952 884 Unde
1974 830 2091 897 spi-

519 923 695 975 ritalis
741 921 974 974 marium
1034 936 1096 973 ac
1141 920 1463 974 feminarum
1543 922 1806 991 quadriga
1865 923 2087 992 prodiit,

521 1013 718 1082 prioris
768 1014 994 1066 alterius
1050 1013 1279 1079 similis,
1329 1030 1451 1082 quae
1511 1015 1576 1067 iis
1604 1022 1858 1082 quatuor,
1894 1014 2086 1085 Bytho,

519 1101 663 1170 Sige,
695 1101 873 1162 Patre,
917 1117 979 1154 ac
1007 1099 1247 1156 Veritate
1289 1103 1600 1156 constabat.
1639 1102 1922 1157 Posterior
1958 1120 2090 1158 vero

519 1195 608 1246 illa
662 1209 725 1247 ex
773 1193 931 1247 Patre
985 1211 1048 1248 ac
1105 1195 1231 1264 Sige
1276 1195 1540 1264 producta
1578 1195 1688 1248 haec
1735 1203 1849 1248 est:
1893 1195 2086 1259 Homo,

518 1284 798 1349 Ecclesia,
847 1284 1083 1348 Sermo,
1140 1285 1284 1339 Vita.
1350 1285 1505 1338 Tunc
1567 1287 2089 1355 comprehcndenlis

517 1377 699 1429 omnia
731 1377 887 1447 Bythi
915 1379 1192 1430 voluntate
1223 1377 1394 1430 llomo
1445 1386 1608 1444 atque
1650 1377 1890 1432 Ecclesia
1910 1389 2088 1448 pater-

516 1482 711 1519 ΙΙΟΙύΙΠ
743 1483 1056 1521 SCTIIIOIIIIHI
1118 1484 1385 1522 memores
1433 1469 1774 1537 invicemque
1804 1471 2086 1540 001181⁵8εεί

515 1558 875 1612 Prunicormn
926 1560 1161 1616 marium
1226 1575 1288 1612 ac
1362 1560 1684 1613 feminarum
1747 1561 2085 1616 Dodec-adem

513 1657 1130 1718 procrearuntzmares
1183 1651 1434 1705 videlicet
1512 1651 1670 1707 istos.
1726 1649 2085 1712 Paracletum,

512 1738 844 1802 Paternum,
912 1741 1239 1798 Maternum.
1292 1743 1512 1802 Ainum,
1577 1739 1883 1803 Theletum,
1943 1744 2087 1812 quod

2190 556 2396 619 Βυθὸς,
2442 557 2602 627 Σιγὴ,
2634 557 2854 627 Πατὴρ,
2886 549 3156 627 ’ΛλήὈεια.
3205 557 3352 626 Λῦτη
3395 557 3450 608 δὲ
3485 558 3520 627 ἡ
3568 559 3631 608 ὲκ
3669 555 3766 611 τοῦ

2190 649 2403 718 Πατρὸς
2442 650 2534 702 καὶ
2564 649 2664 719 τῆς
2704 651 2868 719 Σιγῆς
2912 649 3139 721 Τετρὰς,
3172 648 3508 719 Ἀνθρωπος,
3539 648 3768 718 Ἐκκλη-

2193 741 2300 807 σία,
2336 741 2526 810 Λόγος,
2563 743 2705 812 Ζωή.
2735 742 2866 794 Τότε
2894 741 2986 794 τοῦ
3025 742 3199 794 πάντα
3226 741 3570 811 περιέχοντος
3594 740 3766 793 Βυθοῦ

2191 833 2452 904 θελήματι
2497 836 2524 886 6
2563 834 2878 904 Ἄνθρωπος
2922 835 3016 887 κει.)⁸
3061 835 3094 903 ἡ
3141 833 3435 900 Ἐκκλησία
3484 830 3767 902 πατρικῶν

2194 926 2522 997 μνησθέντες
2550 925 2723 993 λόγων
2751 926 3014 996 συνῄεσαν
3037 927 3266 987 ἑαυτοῖς,
3299 925 3391 976 καὶ
3420 923 3765 976 ἀναδεικνῦσι

2191 1018 2473 1072 Δωδεκάδα
2519 1019 2857 1088 Προυνείκων
2895 1017 3274 1088 ἀρῤενόθηλυν.
3309 1017 3372 1068 Οἱ
3420 1011 3510 1068 οὖν
3541 1015 3766 1086 ἄρρενες

2192 1110 2297 1160 εἰσι
2350 1107 2731 1178 Παράκλητος,
2785 1107 3094 1176 Πατρικδς,
3139 1104 3446 1176 Μητρικὸς,
3499 1104 3763 1166 Ἀείνους,

2190 1198 2442 1269 Θελητὸς,
2481 1199 2507 1250 ὅ
2538 1201 2651 1251 ἐστι
2675 1199 2814 1262 Φῶς,
2846 1196 3345 1266 Ἐκκλησιαστικός.
3381 1197 3446 1247 Ai
3473 1195 3530 1248 δὲ
3557 1193 3766 1264 θήλειαι

2192 1293 2380 1357 Πίστις
2401 1331 2414 1352 ,
2445 1292 2630 1349 Ἐλπὶς
2650 1333 2663 1354 ,
2695 1291 2906 1361 ’Λγάπη
2929 1332 2943 1354 ,
2985 1291 3234 1351 Σύνεσις,
3273 1288 3542 1358 Μακαρία,
3575 1287 3762 1354 Σοφία..

2194 1384 2485 1452 μετέπειτα
2517 1383 2574 1436 δὲ
2623 1383 2792 1449 Λόγος
2839 1383 2932 1434 καὶ
2978 1383 3120 1449 Ζωή.
3176 1381 3283 1432 Καὶ
3331 1380 3502 1440 αὐτοὶ,
3559 1377 3618 1429 τὸ
3665 1377 3766 1444 τῆς

2190 1476 2446 1537 αἰνέσεως
2492 1475 2900 1536 ἀναπλάσαντες
2946 1473 3173 1542 δώρημα
3194 1515 3206 1532 ._
3239 1472 3449 1532 ἑαυτοῖς
3483 1467 3766 1536 ἐκοινώνη-

2192 1583 2309 1618 σαν.
2337 1562 2444 1618 Ἦν
2483 1566 2538 1618 δὲ
2571 1569 2602 1636 ἡ
2643 1565 2894 1617 κοινωνία
2936 1564 3112 1616 αὐτῶν
3152 1564 3211 1614 τὸ
3241 1562 3469 1632 θέλημα.
3507 1561 3611 1611 Καὶ
3645 1575 3766 1609 συν-

2189 1653 2432 1716 ελθόντες
2464 1653 2798 1719 ἁνεδείξαντο
2825 1653 3033 1705 Δεκάδα
3076 1652 3435 1721 Προυνείκων,
3466 1649 3558 1701 καὶ
3589 1647 3766 1700 αὐτῶν

2190 1743 2638 1814 ἀρῤενοθηλειῶν.
2695 1738 2793 1796 Ὧν
2843 1746 2891 1795 οί
2943 1745 3041 1812 μὲν
3090 1743 3314 1812 ἄρρενες
3373 1743 3480 1792 εἰσι
3537 1737 3762 1802 Βύθιος,

514 1833 655 1885 idem
691 1842 774 1888 est
818 1847 881 1886 ac
915 1832 1151 1908 Lumen,
1173 1832 1652 1893 Ecclesiasticum;
1682 1832 1908 1886 feminas
1943 1849 2085 1899 vero,

2194 1837 2522 1907 Ἀγήρατος,
2574 1837 2857 1905 Λὺτοφυὴς
2876 1877 2890 1898 ,
2923 1835 3250 1905 Μονογενὴς,
3277 1834 3576 1904 Ἀκίνητος.
3607 1823 3764 1884 Οὗτοι

513 1922 725 1986 Fidem,
748 1924 932 1993 Spem,
964 1923 1322 1984 Charitatem,
1348 1923 1785 1992 lntelligentiam,
1820 1923 2086 1978 Fortuna-

512 2021 646 2078 tam,
680 2014 1035 2084 Sapientiam.
1070 2015 1274 2070 Deinde
1307 2014 1499 2069 Sermo
1530 2030 1594 2067 ac
1628 2013 1744 2067 Vita
1775 2016 1939 2069 etiam
1980 2017 2082 2085 ipsi

513 2108 691 2162 laudis
719 2123 916 2161 munus
939 2107 1275 2176 ellingentcs,
1304 2122 1489 2159 secum
1515 2107 1744 2160 invicem
1781 2110 2084 2162 consociati

514 2208 663 2254 sunt.
683 2198 814 2264 Qua:
836 2200 1054 2268 quidem
1073 2200 1410 2256 consociatio
1433 2201 1711 2253 voluntate
1729 2200 1844 2253 sola
1865 2209 2084 2269 peracta

2191 1929 2290 1999 τὴν
2317 1928 2700 1999 προσωνυμίαν
2733 1928 2830 1997 τὴν
2862 1931 2880 1958 ³
2909 1925 3065 1993 δόξαν
3094 1926 3187 1978 τοῦ
3220 1925 3398 1977 πάντα
3426 1923 3766 1995 περιέχοντος

2195 2023 2536 2091 ἐποιήσαντο.
2575 2022 2638 2072 Λὶ
2671 2021 2727 2072 δὲ
2766 2021 2995 2090 θήλειαι,
3027 2018 3206 2081 Μίξις,
3234 2017 3484 2078 Ἐνωσις,
3518 2014 3769 2085 Σύγκρασι

2198 2129 2301 2175 σις,
2341 2112 2593 2180 Ἐνότης,
2642 2111 2854 2180 Ἡδονή·
2883 2111 2975 2162 καὶ
3023 2104 3177 2162 αὗται
3232 2107 3328 2178 τὴν
3381 2104 3768 2176 προσωνυμίαν

2194 2204 2274 2264 εἰς
2309 2203 2465 2268 δόξαν
2493 2203 2593 2271 τῆς
2619 2203 2782 2271 Σιγῆς
2817 2203 3286 2272 περιεποιήσαντο.

512 2302 610 2347 est.
636 2291 776 2359 Ergo
809 2291 950 2344 inter
975 2305 1096 2343 sese
1127 2290 1401 2344 commisti
1427 2288 1788 2343 Prunicorum
1821 2289 2080 2344 decadein
2121 2307 2184 2344 ex
2245 2294 2486 2346 maribus
2513 2308 2759 2361 peraeque
2797 2308 2859 2346 ac
2895 2292 3111 2346 feminis
3157 2299 3500 2346 constantem
3567 2305 3768 2360 genue-

515 2396 660 2440 runt.
717 2386 888 2453 Cujus
947 2385 1001 2438 hi
1051 2392 1180 2440 sunt
1236 2399 1452 2438 mares:
1491 2384 1740 2454 Bythius,
1797 2386 2087 2455 Age-ratus,
2129 2387 2466 2458 Autophyes,
2498 2387 2765 2458 Unigcna,
2817 2383 3250 2440 lmmobilis.Hi.
3304 2386 3370 2439 ad
3436 2383 3769 2438 continentis

513 2479 693 2534 omnia
729 2476 1142 2531 contestandam
1173 2477 1401 2546 gloriam
1456 2477 1673 2529 sibimet
1729 2477 1849 2546 ejus
1905 2479 2323 2548 appellationem
2354 2479 2688 2533 indiderunt.
2723 2478 2960 2534 Feminae
2989 2495 3115 2532 vero
3143 2489 3269 2532 sunt
3335 2478 3514 2532 Mistio
3550 2496 3562 2530 :
3603 2477 3765 2541 Unio,

515 2567 1128 2640 Temperatio,Unitas,
1162 2567 1448 2638 Voluptas.
1509 2569 1645 2633 Quae
1703 2585 1895 2625 omnes
1953 2571 2020 2624 ad
2074 2571 2338 2626 honorem
2405 2573 2558 2644 Siges
2619 2574 2946 2643 pertinentia
2990 2573 3252 2627 vocabula
3301 2573 3552 2627 similiter
3609 2588 3769 2627 usur-

515 2673 734 2734 parum.

591 2757 672 2814 Vl.
710 2759 846 2813 Cum
871 2759 1035 2829 igitur
1067 2759 1351 2816 absolutus
1382 2761 1682 2830 hocinon
1716 2759 1974 2814 Veritatis
2003 2773 2095 2828 pa-

516 2853 688 2906 rentis
749 2850 1102 2908 Tricenarius
1149 2852 1324 2917 foret,
1375 2868 1534 2922 quem
1601 2853 1803 2906 terreni
1849 2851 2094 2905 homines

515 2945 830 3013 ignorantes
875 2952 1204 3007 numerant,
1245 2954 1298 2999 et
1333 2960 1454 2998 cum
1509 2943 1572 2998 ad
1622 2945 1799 3013 ipsum
1835 2957 2096 3012 pervene-

2267 2759 2358 2824 (τ’.
2390 2757 2824 2826 Τετελειωμένης
2845 2750 2938 2808 οὖν
2967 2754 3064 2824 τῆς
3089 2755 3226 2808 κατὰ
3251 2756 3466 2826 Πατέρα
3488 2755 3770 2827 Ἀληθείας

2198 2849 2516 2920 Τριακάδος,
2554 2851 2618 2919 ἢν
2646 2849 2694 2900 οἱ
2720 2848 2947 2916 ἐπίγειοι
2976 2847 3048 2917 μὴ
3075 2848 3422 2917 ἐπιστάμενοι
3457 2847 3770 2930 ἀριθμοῦσι,

2200 2940 2294 2992 καὶ
2337 2941 2532 2992 ὁπόταν
2570 2939 2795 2991 ἔλθωσιν
2830 2939 2915 2990 ἐπ’
2944 2938 3142 3007 αὐτὴν,
3181 2938 3376 3006 μηκέτι
3414 2937 3645 3007 ἀριθμὸν
3685 2937 3774 2990 εὗ-

514 3037 647 3097 rint,
679 3036 830 3089 nullo
865 3037 1098 3106 amplius
1128 3045 1344 3106 reperto
1385 3051 1634 3098 numero,
1677 3035 1871 3088 iterato
1897 3035 1948 3086 in
1977 3047 2088 3088 sese

2205 3030 2515 3100 ρίσκοντες,
2561 3029 2924 3082 ἀνακυκλοῦσι
2971 3028 3132 3082 πάλιν
3171 3027 3530 3099 ἀριθμοῦντες
3579 3029 3769 3098 αὐτήν.

515 3135 789 3182 retexunt.
835 3126 1112 3196 Ejusmodi
1148 3137 1328 3182 autem
1377 3128 1466 3182 ille
1500 3138 1620 3182 est:
1654 3127 1858 3198 Bythus
1880 3167 1893 3190 ,
1937 3123 2060 3193 Sige
2082 3162 2096 3186 ,

515 3217 697 3280 Pater,
740 3218 978 3285 Veritas,
1024 3219 1217 3276 Homo.
1261 3221 1526 3284 Ecclesia,
1560 3219 1770 3282 Sermo,
1807 3217 1948 3281 Vita,
1992 3215 2098 3269 Pa-

516 3317 729 3371 ternus,
759 3309 1060 3371 Maternus,
1095 3308 1431 3375 Paracletus,
1472 3310 1666 3376 Ainus,
1689 3308 1968 3370 Theletus,
2007 3307 2100 3362 Ec-

518 3401 862 3455 clesiasticus
881 3440 895 3463 ,
930 3400 1088 3456 Fides
1110 3439 1124 3464 ,
1159 3400 1295 3470 Spes
1315 3442 1327 3464 ,
1367 3401 1621 3456 Charitas
1643 3439 1657 3463 ,
1702 3400 2060 3471 luti-lligentia
2081 3443 2093 3464 ,

519 3493 858 3558 Fortunata,
913 3492 1223 3562 Sapientia,
1270 3492 1517 3563 Bythius,
1571 3493 1866 3563 Ageratus,
1933 3493 2097 3547 Auto-

517 3584 710 3654 phyes,
746 3583 1010 3654 Unigena,
1043 3583 1367 3645 Immobilis,
1405 3584 1603 3648 Mistio,
1635 3582 1907 3651 Cognitio,
1937 3583 2098 3638 Tenn-

518 3677 745 3745 peratio,
775 3674 989 3738 Unitas,
1025 3673 1308 3744 Voluptas.
1331 3673 1466 3727 Tum
1488 3675 1581 3744 qui
1606 3675 1858 3729 universa
1885 3689 2093 3730 summa

516 3784 616 3822 sua
639 3768 903 3838 sapientia
937 3769 1177 3821 continet
1209 3765 1517 3836 Ogdoadem
1549 3767 1772 3820 alteram
1805 3767 1924 3820 loco
1953 3767 2097 3835 prio-

517 3858 593 3912 ris
624 3857 771 3911 illius
815 3872 878 3910 ac
920 3857 1191 3926 primariae
1241 3855 1618 3925 appellandam
1655 3871 1777 3911 esse
1813 3862 2092 3915 statuens.

516 3963 638 4017 qua!
668 3947 720 3999 in
755 3945 1074 4000 Triccnario
1119 3954 1399 4015 permanet
1439 3948 1637 4014 (neque
1681 3947 1824 3998 enim
1851 3947 2095 4013 ingentes

517 4035 912 4107 Magnitudinis
945 4036 1171 4105 spiritus
1202 4035 1442 4089 coerceri
1475 4036 1587 4087 ullo
1615 4049 1673 4089 se
1696 4049 1925 4088 numero
1949 4034 2096 4088 sine-

519 4131 691 4196 bant),
727 4143 825 4196 pro
853 4128 1096 4181 maribus
1135 4141 1313 4180 mares
1342 4127 1479 4180 alios
1523 4126 1835 4190 substituit,
1880 4124 2092 4186 Unum,

517 4223 780 4285 'l‘crtium,
811 4220 1097 4285 Quintum,
1116 4217 1452 4288 Septimum:
1482 4219 1816 4286 totidemque
1841 4217 2091 4274 feminas.

520 4310 830 4374 Iiinarium,
903 4309 1268 4373 Ternarium,
1329 4309 1658 4368 Senarium,
1715 4308 2088 4362 Octonarium.

2206 3122 2361 3173 Ἔστι
2385 3121 2440 3173 δὲ
2473 3121 2658 3182 Βυθὺς,
2691 3120 2843 3190 Σιγὴ,
2885 3121 3094 3190 Πατὴρ,
3121 3119 3392 3189 Ἀλήθεια,
3430 3119 3770 3190 Ἀνθρωπος,

2200 3212 2514 3282 Ἐκκλησία,
2541 3212 2732 3279 Λόγος,
2765 3211 2906 3281 Ζωὴ,
2939 3210 3230 3281 Πατρικὸς,
3256 3210 3558 3281 Μητρικδς,
3589 3212 3774 3282 Παρά-

2201 3306 2416 3374 κλητος,
2445 3305 2700 3368 ’Λείνους,
2732 3303 2982 3373 Θελητὸς,
3016 3301 3524 3372 Ἐκκλησιαστικὸς,
3559 3303 3771 3368 Πίστις,

2201 3397 2410 3460 Ἐλπὶς,
2446 3395 2680 3464 ’Λγάπη,
2722 3393 2966 3456 Σύνεσις,
3010 3393 3302 3463 Μακαρία,
3339 3393 3526 3461 Σοφία,
3556 3393 3770 3457 Βύθιος,

2201 3487 2520 3557 Ἀγήρατος,
2554 3485 2856 3553 Αὑτοφυὴς,
2887 3483 3168 3552 Ὀλογενὴς
3189 3483 3232 3548 ³,
3261 3482 3558 3552 Ἀκίνητος,
3586 3482 3771 3549 Μίξις,

2199 3573 2424 3636 Γνῶσις,
2469 3572 2796 3640 Σύγκρασις,
2839 3571 3079 3641 Ἐνότης,
3127 3571 3336 3642 Ἡδονή.
3371 3572 3504 3623 Τότε
3542 3573 3571 3624 6
3596 3572 3774 3626 πάντα

2198 3667 2468 3737 περιέχων
2513 3665 2724 3718 συνέσει
2773 3667 2837 3734 τῇ
2883 3663 3294 3734 ἀνυπερϐλήτῳ,
3340 3664 3671 3734 δογματίσας
3712 3683 3773 3718 τε

2198 3757 2464 3826 κληθῆναι
2494 3757 2686 3826 ἑτέραν
2716 3755 2978 3823 Ὀγδοάδα
3011 3755 3130 3807 ἀντὶ
3155 3756 3254 3823 τῆς
3283 3755 3556 3825 προούσης
3582 3756 3774 3810 αὐθεν-

2195 3851 2352 3919 τικῆς
2381 3849 2682 3916 Ὀγόοάδος.
2713 3849 2831 3919 ἥτις
2851 3849 2929 3899 ,ὲν
2971 3847 3048 3916 τῷ
3097 3847 3316 3918 ἀριθμῷ
3352 3848 3450 3917 τῆς
3474 3847 3774 3915 Τριακάδος

2200 3941 2349 4011 μένει
2399 3943 2478 4011 (οὐ
2531 3941 2639 4012 γὰρ
2681 3936 2750 4011 ἦν
2791 3939 3069 4008 Μεγὲθους
3115 3940 3369 4011 φρόνημα
3415 3943 3496 4000 είς
3541 3940 3775 4010 ἀριθμὸν

2197 4031 2458 4099 πίπτειν)’
2495 4033 2820 4101 ἀντέστησεν
2868 4031 2989 4083 ἀντὶ
3032 4031 3140 4083 τῶν
3187 4031 3429 4102 ἀρσένων
3457 4032 3585 4094 τοὺς
3615 4032 3774 4102 ἄρσε-

2197 4139 2322 4184 νας,
2367 4122 2542 4174 Μόνον
2562 4160 2576 4179 ,
2624 4121 2814 4192 Τρίτον
2835 4163 2847 4182 ,
2894 4122 3148 4190 Πέμπτον
3169 4160 3182 4181 ,
3225 4121 3489 4190 Ἔϐδομον
3508 4138 3522 4150 '
3551 4121 3646 4172 καὶ
3673 4120 3774 4184 τὰς

2198 4212 2436 4282 θηλείας,
2477 4213 2671 4274 Δυὰὂα,
2714 4212 2986 4283 Τετράδα,
3034 4212 3258 4278 Ἐξάδα,
3304 4212 3579 4278 Ὀγδοάδα..
3623 4212 3773 4281 Αὕτη

2196 4300 2287 4357 οὖν
2319 4306 2351 4374 ἡ
2391 4305 2612 4371 Ὀγδοάς
2646 4306 2792 4356 ἐστιν
2820 4307 2851 4376 ή
2888 4303 3270 4373 ἁντικληθεῖσα
3298 4305 3418 4356 ἀντὶ
3447 4307 3546 4374 τῆς
3577 4306 3775 4375 προού·

521 4401 679 4470 170
709 4399 832 4453 llaec
859 4407 942 4453 est
987 4399 1200 4469 Ogdoas
1237 4401 1350 4465 illa,
1385 4415 1506 4466 quae
1546 4399 1848 4469 superioris
1877 4398 2088 4468 Ogdoa-

2199 4412 2297 4464 σης
2335 4394 2644 4462 Ὀγδοάδος·
2683 4395 2875 4457 Βυοοῦ,
2920 4395 3151 4464 Πατρός,
3197 4393 3541 4464 Ἀνθρώπου,
3573 4395 3772 4462 Λόγου,

516 4494 600 4544 «tis
627 4507 824 4544 nomen
855 4490 920 4543 ad
965 4506 1085 4544 sese
1112 4491 1426 4544 transtulit:
1459 4490 1638 4562 Bythi,
1671 4489 1870 4555 Patris,
1901 4487 2088 4541 Ilomi-

515 4584 622 4644 nis,
667 4581 968 4644 Sermonis,
1021 4581 1204 4650 Siges,
1256 4580 1543 4646 Veritatis,
1594 4581 1884 4643 Ecclesiae,
1932 4579 2084 4633 Vitae.

513 4674 646 4740 Qua:
678 4674 893 4744 quidem
937 4674 1227 4742 conjuncta
1261 4671 1579 4728 Luminibus
1612 4683 1726 4736 est,
1776 4683 1829 4727 et
1863 4673 2084 4726 absolu-

516 4783 603 4824 tus
631 4769 985 4824 Triccnarius
1023 4768 1218 4834 evasit,
1268 4782 1330 4820 ac
1369 4766 1517 4834 prior
1559 4764 1887 4818 Octonarius
1931 4764 2084 4832 quie-

513 4879 694 4926 scens,
716 4879 837 4915 cum
863 4870 918 4916 et
949 4862 1152 4932 Bythus
1178 4877 1272 4930 per
1297 4857 1679 4928 Magnitudinis
1711 4856 2083 4910 fulcimentum

510 4956 661 5017 exiit,
700 4962 761 5007 ut
803 4970 925 5007 cum
956 4952 1273 5007 Triccnario
1301 4967 1423 5005 sese
1446 4951 1744 5018 copularet.
1775 4947 1913 5002 Vere
1942 4949 2086 5002 enim

508 5054 563 5098 et
584 5044 844 5098 Veritatis
875 5044 1037 5098 Pater
1084 5058 1209 5097 cum
1251 5041 1494 5095 Ecclesia
1523 5055 1854 5110 congressus
1883 5047 1999 5100 est,
2035 5049 2084 5094 e'

511 5135 790 5189 Maternus
819 5132 996 5187 Vitam
1043 5133 1273 5187 sortitus
1315 5143 1431 5194 est,
1466 5137 1520 5184 et
1545 5129 1859 5184 Paraclctus
1891 5128 2054 5182 Unita

508 5237 638 5289 tem,
677 5233 732 5279 et
772 5225 969 5279 Unitas
1000 5239 1122 5279 cum
1145 5223 1402 5278 Veritatis
1430 5220 1659 5276 Parente
1688 5221 1937 5290 copulata
1977 5229 2079 5277 est.

505 5326 559 5372 ct
598 5331 720 5369 cum
754 5314 878 5386 Sige
915 5314 1174 5370 Veritatis
1211 5315 1300 5368 ille
1329 5313 1533 5368 Parens
1565 5314 1685 5367 fuit.
1716 5314 1785 5366 At
1813 5312 2076 5381 spiritalis

590 5493 605 5522 ¹
639 5491 698 5544 F.
732 5492 1024 5563 προούσης.
1099 5495 1119 5524 ²
1157 5491 1216 5546 F.
1255 5493 1334 5555 εἰς
1363 5493 1485 5562 τήν.
1562 5492 1582 5522 ⁸
1609 5491 1732 5544 Cor.
1770 5488 2096 5558 Μονογενής.

2195 4487 2290 4538 καὶ
2315 4485 2501 4553 Σιγῆς,
2527 4485 2830 4555 Ἀληθείας,
2863 4485 3211 4554 Ἐκκλησίας,
3240 4486 3414 4554 Ζωῆς·
3441 4487 3562 4555 ἥτις
3587 4485 3770 4556 ἡνώθη

2193 4582 2304 4642 τοῖς
2331 4580 2476 4631 Φωσὶ
2513 4580 2623 4648 (68)
2645 4619 2658 4642 ,
2700 4579 2792 4630 καὶ
2829 4579 3046 4646 ἐγένετο
3090 4577 3130 4629 Τ
3139 4576 3332 4646 ριακὲις
3364 4576 3769 4648 ἀπηρτισμένη,

2192 4673 2286 4725 καὶ
2321 4674 2353 4743 ἡ
2389 4672 2630 4743 προοῦσα
2677 4671 2899 4738 Ὀγδοάς
2945 4670 3368 4739 ἀναπαυομένη,
3417 4669 3445 4720 ὃ
3489 4685 3547 4720 τε
3603 4669 3772 4731 Βυθὺς

2191 4761 2380 4832 ἐξῆλθε
2423 4761 2698 4828 Μεγέθους
2744 4759 3072 4830 στηρίγματι
3105 4759 3366 4828 ἑνωθῆναι
3399 4760 3465 4829 τῇ
3507 4758 3770 4829 Τριακάδι

2191 4854 2329 4924 αὑτὴ
2371 4849 2438 4923 ἦν
2465 4853 2505 4904 ⁸.
2541 4853 2619 4923 Τῇ
2652 4852 2760 4923 γὰρ
2806 4852 3032 4923 ἀληθείᾳ
3075 4851 3170 4903 καὶ
3202 4853 3229 4903 6
3258 4851 3446 4921 Πατὴρ
3489 4852 3586 4921 τῆς
3615 4851 3772 4921 Ἀλη-

2187 4943 2337 5006 θείας
2375 4944 2673 5014 συνήρχετο
2706 4947 2772 5014 τῇ
2803 4943 3132 5014 Ἐκκλησία,
3165 4943 3259 4994 καλ¹
3285 4945 3312 4994 6
3345 4940 3626 5012 Μητρικὸς
3658 4935 3770 5010 εἶχε

2184 5037 2283 5106 τὴν
2313 5035 2484 5105 Ζωὴν,
2513 5037 2606 5088 καὶ
2627 5037 2655 5087 6
2678 5036 3036 5105 Παράκλητος
3063 5035 3160 5104 τὴν
3194 5033 3407 5096 Ἑνὰδα,
3433 5034 3527 5086 καὶ
3552 5033 3585 5103 ἡ
3613 5034 3771 5093 Ἐνὰς

2180 5127 2374 5196 ἡνοῢτο
2406 5125 2482 5196 τῷ
2530 5127 2705 5196 Πατρὶ
2750 5127 2852 5195 τῆς
2875 5126 3196 5196 ’Λληθείας,
3240 5127 3332 5178 καὶ
3361 5127 3389 5178 6
3431 5124 3621 5194 Πατὴρ
3668 5123 3770 5190 τῆς

2181 5217 2458 5289 ’Λληθείας
2486 5215 2553 5290 ἦν
2581 5217 2716 5290 μετά
2741 5218 2838 5287 τῆς
2856 5219 3041 5286 Σιγῆς.
3061 5218 3118 5270 Ὀ
3143 5219 3313 5286 Λόγος
3333 5212 3389 5270 δὲ
3415 5219 3443 5268 6
3472 5231 3768 5286 πνευματι-

2180 5313 2273 5376 κὸς
2286 5313 2559 5367 ἐκοινώνει
2583 5310 2880 5379 Πνεύματι,
2898 5311 2990 5363 καὶ
3009 5310 3269 5379 ἀφθάρτῳ
3289 5308 3587 5378 συγκράσει
3601 5303 3768 5357 ποιῶν

2176 5490 2195 5518 ⁸
2227 5487 2288 5541 F.
2328 5492 2360 5558 ἡ
2395 5489 2640 5558 Τριακὰς
2680 5487 2818 5557 αὕτη
2843 5483 2930 5558 ἦν,
2958 5485 3052 5541 sed
3083 5486 3196 5538 haec
3229 5489 3508 5550 corrupta.

577 5663 686 5731 (68)
714 5666 870 5738 ᾞτις
906 5665 1106 5734 ήνώθη
1134 5667 1257 5731 τοῖς
1292 5667 1473 5721 Φωσί.
1514 5667 1656 5733 Quid
1710 5667 1752 5722 si
1790 5665 1949 5720 αἰῶσι
1990 5674 2088 5736 pro

2193 5668 2268 5719 οπί
2316 5667 2598 5738 legendum
2637 5668 2738 5720 sit?
2781 5666 2890 5719 Sed
2961 5681 3082 5734 quic
3144 5670 3450 5733 sequuntur
3505 5657 3762 5729 perplexa

511 5743 642 5789 svnt
676 5735 987 5803 admodum,
1020 5747 1074 5792 et
1107 5739 1361 5792 obscura.
