4170 6372
346 335 452 388 483

1090 327 1462 382 ADVERSUS
1503 325 1845 382 lleRESES
1886 321 2012 378 LIB.
2058 323 2097 379 l.
2139 323 2304 379 ΤΟΜ.
2349 325 2414 379 ll.
2456 355 2525 366 -—
2565 323 2842 380 ll.-'EI{ES.
2882 322 3075 378 XXXI.

3558 316 3626 376 L8
3633 320 3666 376 ιε

357 452 418 504 τὸ
441 451 593 514 τέλος
629 448 725 502 τοῦ
754 449 1106 518 Αύτομήτρος
1135 449 1174 513 ³,
1213 447 1599 518 ἁδιχοτόμητον
1635 448 1732 517 τὴν
1756 445 1951 498 ἑαυτοῦ

2060 446 2253 500 Sermo
2303 462 2428 501 cum
2499 445 2707 516 Spiritu
2765 446 3080 513 incorrupta
3130 440 3365 514 quadam
3420 439 3660 493 commi-

355 542 685 594 ἀνάπαυσιν.
705 541 766 592 Ἠ
792 533 885 591 οὖν
908 537 1173 608 Τριακὰς,
1198 538 1548 608 ἀπαρτίσασα
1578 537 1735 607 βύθια
1752 537 1956 606 μυστή-

352 650 464 703 ρια,
502 631 724 695 τελείως
764 631 977 701 ἄγαμον
1007 631 1028 660 ⁸
1071 630 1131 682 ἐν
1169 629 1467 699 ἀφθάρτοις
1507 629 1759 695 ἀπέδειξε
1801 627 1957 698 φῶτα

355 722 634 793 ἄφθαρτα,
684 721 842 774 ἅτινα
875 719 1096 790 Ἐνότης
1120 719 1141 750 ³
1179 720 1578 791 ὠνομάσθησαν
1613 719 1814 785 τέκνα,
1862 719 1958 772 καὶ

349 815 827 885 ἀχαρακτήριστα.
857 809 1036 865 Ἦσαν
1070 807 1162 866 οῦν
1202 812 1398 884 μικροῦ
1437 813 1510 882 μὴ
1545 812 1956 882 παρακειμένου

347 907 506 968 ἐκτὸς
533 908 858 977 ,φρονήσεως
885 905 1276 975 ἀναπαυόμενα
1322 908 1488 975 χωρὶς
1519 905 1777 967 Ἐννοίας.
1821 904 1958 972 Περὶ

346 1000 458 1071 γὰρ
481 995 543 1054 οῦ
562 1018 645 1063 τις
663 1001 919 1070 πράσσει,
942 1000 1035 1053 ἐὰν
1061 999 1135 1070 μὴ
1155 1001 1246 1069 νοῇ
1264 997 1589 1063 καθολικῶς,
1611 999 1672 1051 ού
1698 998 1955 1068 πράσσει.

351 1095 486 1148 Τότε
509 1094 816 1163 γενομένων
831 1093 940 1144 τῶν
963 1093 1176 1161 φώτων,
1195 1086 1269 1146 ὧν
1282 1092 1381 1162 τὴν
1397 1091 1798 1161 πολυπλήθειαν
1819 1090 1959 1160 πρὸς

351 1186 474 1258 ἁριο
485 1185 582 1256 μὸν
606 1183 841 1248 ἐξειπεῖν
857 1183 957 1236 οὐκ
974 1183 1291 1250 ἀναγκαῖον,
1310 1183 1582 1253 περινοεῖν
1599 1180 1677 1232 δέ*
1700 1179 1958 1249 (ἕκαστον

352 1277 459 1348 γὰρ
478 1277 540 1329 τὸ
577 1271 707 1329 ἴδιον
735 1276 905 1344 ὄνομα
928 1273 1272 1346 κεκλήρωται
1302 1275 1368 1326 δι’
1387 1273 1683 1340 ἐπίγνωσιν
1701 1273 1956 1342 ἀρρήτων

355 1370 722 1440 μυστηρίων·)
749 1371 782 1437 ἡ
815 1353 906 1419 οὖν
936 1365 1090 1436 Σιγὴ,
1121 1365 1445 1436 βουληθεῖσα
1465 1366 1546 1427 εἰς
1567 1363 1794 1432 ἐκλογὴν
1817 1360 1961 1430 γνώ-

354 1479 493 1525 σεως
519 1461 764 1523 ἃπαντας
792 1451 957 1517 ὦσαι,
1000 1455 1200 1525 συνῆγε
1246 1458 1312 1525 τῇ
1347 1454 1574 1525 δευτέρᾳ
1613 1452 1955 1524 ἀντιτεθείσῃ

353 1552 596 1621 Ὄγδοάδι
643 1550 906 1620 ἀφθάρτῳ
951 1547 1095 1618 μίξει
1118 1586 1133 1610 ,
1174 1549 1326 1616 νοῖκῇ
1359 1546 1415 1598 δὲ
1452 1545 1722 1616 βουλήσει.
1759 1539 1868 1596 Ἦν
1899 1543 1957 1596 δὲ

357 1645 532 1713 αὐτῆς
562 1646 596 1714 ἡ
629 1641 782 1712 νοῖκὴ
810 1640 1060 1711 βούλησις
1083 1638 1308 1708 Πνεῦμα
1326 1637 1387 1689 τὸ
1415 1637 1592 1705 ἆγιον,
1625 1635 1685 1688 τὸ
1715 1637 1772 1688 ἐν
1803 1635 1953 1705 μέσῳ

356 1739 464 1791 τῶν
495 1737 665 1805 ἁγίων
699 1733 1058 1802 Ἑκκλησιῶν.
1108 1729 1280 1782 Τοῦτο
1320 1725 1412 1782 οῦν
1442 1730 1523 1792 εἰς
1556 1728 1654 1799 τὴν
1691 1727 1952 1797 δευτέραν

2067 538 2244 592 stiooe
2278 538 2608 608 conjunctus
2656 547 2770 598 est.
2813 543 2868 590 et
2900 533 3270 588 Autometoris
3312 533 3508 596 linem,
3560 531 3667 587 hoc

2068 640 2153 686 est
2194 646 2510 700 perennem,
2535 644 2638 684 nec
2677 630 3038 696 interruptam
3067 626 3304 696 quietem
3338 638 3492 679 suam
3526 624 3661 678 eli'e‘

2061 721 2154 774 cit.
2193 722 2558 787 Quamobrem
2588 720 2682 774 ubi
2711 718 3064 772 Tricenarius
3097 716 3367 786 profunda
3404 716 3494 769 illa
3543 731 3663 786 my-

2062 813 2233 864 steria
2269 812 2515 880 peregit,
2563 811 2684 865 sine
2719 811 2846 863 ullis
2877 809 3102 862 omnino
3136 807 3365 876 nuptiis,
3401 807 3662 861 utincor-

2061 912 2222 973 rupto
2268 908 2710 973 sempiternoque
2759 901 2943 972 generi
2999 899 3291 962 convenit,
3339 901 3661 968 incorrupta

2059 993 2245 1050 itidem
2277 996 2498 1059 lumina,
2533 1010 2653 1064 qua:
2687 991 2878 1046 Uuitas
2920 993 3283 1060 appellantur,
3317 1000 3574 1061 tanquam
3607 992 3663 1043 li-

2059 1087 2164 1142 lios
2197 1087 2474 1158 produxit,
2512 1096 2565 1140 et
2600 1087 2818 1155 quidem
2862 1086 3145 1138 informes.
3191 1083 3457 1137 Jacebant
3491 1085 3659 1152 igitur

2060 1180 2453 1250 propemodum
2502 1178 2860 1247 intelligentia
2891 1178 3041 1232 niani
3090 1177 3352 1229 destituta
3381 1217 3394 1241 ,
3440 1191 3503 1229 ac
3538 1176 3659 1230 sine

2061 1275 2172 1327 ulla
2218 1273 2385 1326 animi
2435 1273 2656 1325 notione
2703 1272 3078 1340 quiescebant.
3117 1268 3392 1339 Quidquid
3440 1269 3586 1323 enim
3625 1285 3655 1323 a

2060 1365 2314 1437 quopiam
2359 1365 2573 1434 agitur,
2631 1365 2700 1418 ab
2761 1379 2866 1422 eo.
2911 1363 3020 1417 nisi
3068 1363 3326 1417 universe
3364 1362 3654 1432 intelligat,

2058 1460 2238 1528 agitur
2264 1457 2426 1510 'nihil.
2468 1454 2626 1509 llunc
2662 1456 2716 1508 in
2745 1454 2968 1508 modum
2999 1455 3306 1524 procreatis
3332 1455 3652 1517 luminibus,

2057 1565 2290 1620 quorum
2323 1548 2731 1603 multitudinem
2765 1547 3107 1602 numerando
3148 1562 3481 1616 percensere
3510 1548 3652 1602 nihil

2058 1656 2286 1696 necesse
2336 1648 2450 1703 est,
2502 1641 2688 1694 animo
2732 1655 2862 1694 vero
2921 1639 3393 1709 comprehendere
3437 1649 3656 1710 oportet

2058 1733 2206 1802 (nam
2242 1733 2674 1803 unumquodque
2724 1746 2880 1787 suam
2934 1732 3654 1801 appellationemsortitum

357 1829 615 1897 Ὀγδοάόα
640 1827 862 1898 πέμψας
884 1826 925 1888 ⁸,
952 1825 1136 1878 ἔπεισε
1167 1823 1262 1876 καὶ
1294 1822 1464 1892 αὐτὴν
1497 1821 1760 1891 ἐνωθῆναι
1785 1821 1944 1891 αὐτῇ.

2058 1834 2158 1888 est,
2186 1841 2308 1896 quae
2339 1841 2404 1880 ex
2433 1840 2766 1880 arcanorum
2798 1825 3183 1894 mysteriorum
3231 1826 3546 1895 cognitione
3585 1827 3654 1882 de

356 1922 538 1991 Γάμος
568 1915 663 1973 οὖν
697 1917 996 1970 ἐτελειοῦτο
1026 1918 1082 1969 ἐν
1112 1918 1225 1977 τοῖς
1253 1915 1353 1984 τῆς
1394 1913 1675 1982 Ὀγδοάδος
1706 1913 1948 1983 μέρεσιν,

357 2010 650 2079 ἐνουμένου
691 2007 784 2060 τοῦ
836 2006 988 2075 ἁγίου
1037 2004 1356 2075 Πνεύματος
1400 2004 1476 2073 τῷ
1507 2005 1690 2073 Μόνῳ,
1728 2004 1822 2057 καὶ
1853 2005 1953 2074 τῆς

357 2102 559 2165 Δυάδος
585 2101 664 2172 τῷ
699 2100 900 2170 Τρίτῳ,
931 2098 1024 2150 καὶ
1050 2098 1146 2151 τοῦ
1178 2097 1376 2168 Τρίτου
1403 2098 1468 2167 τῇ
1511 2095 1711 2161 Ἑξάδι,
1737 2096 1828 2148 καὶ
1854 2097 1953 2167 τῆς

358 2193 645 2262 Ὀγδοάδος
678 2192 757 2263 τῷ
803 2192 1046 2262 Ἑϐδόμῳ
1066 2233 1080 2256 ,
1113 2191 1207 2244 καὶ
1239 2189 1334 2242 τοῦ
1372 2189 1632 2260 Ἐϐδόμου
1663 2191 1728 2260 τῇ
1765 2189 1950 2252 Δυάδι,

360 2289 455 2340 καὶ
509 2287 864 2356 τῆς-’Ἐξάδος
912 2286 990 2356 τῷ
1035 2286 1300 2356 Πέμπτῳ.
1355 2284 1492 2352 ’Όλη
1546 2284 1603 2336 δὲ
1648 2284 1681 2352 ἡ
1731 2281 1954 2348 Ὀγδοάς

363 2378 590 2449 συνῆλθε
619 2379 756 2449 μετά
784 2377 979 2448 ἡδονῆς
1017 2377 1296 2448 ἀγηράτου
1317 2376 1410 2430 καὶ
1427 2375 1703 2445 ἀφθάρτου
1733 2374 1951 2444 μίξεως.

361 2473 436 2524 Οὐ
471 2473 580 2543 γὰρ
611 2467 679 2542 ἦν
707 2471 988 2541 χωρισμὸς
1022 2469 1282 2538 ἀλλήλων·
1313 2464 1380 2535 ἦν
1409 2467 1464 2520 δὲ
1500 2466 1803 2537 σύγκρασις
1833 2464 1950 2536 μεθ’

361 2564 551 2634 ἡδονῆς
597 2561 854 2632 ἀμώμου,
899 2564 994 2616 καὶ
1037 2560 1276 2625 ἀνέδειξε
1325 2559 1568 2612 Πεντάδα
1610 2557 1955 2628 Προυνείκων

361 2654 700 2725 ἁθηλύντων,
731 2647 805 2706 ὧν
839 2653 908 2706 τὰ
935 2653 1176 2724 ὀνόματά
1209 2653 1325 2704 ἐστι
1359 2650 1532 2704 ταῦτα
1552 2667 1566 2679 ·
1607 2649 1954 2720 Καρπιστὴς,

375 2747 683 2819 Ὁροθέτης,
714 2746 1102 2816 Χαριστήριος,
1140 2745 1372 2813 "Aemo;
1393 2783 1407 2806 ,
1439 2740 1827 2810 Μεταγωγεύς,
1855 2734 1957 2793 Οὗ-

361 2858 442 2893 τοι
485 2843 584 2911 τῆς
627 2840 941 2908 Μεσότητος
991 2837 1390 2908 ὠνομάσθησαν
1441 2837 1564 2888 υἱοί.
1599 2834 1868 2905 Βούλομαι
1899 2833 1955 2885 δὲ

364 2933 511 3004 ὑμᾶς
545 2932 866 3003 γινώσκειν,
920 2932 1184 3002 Ἀμψίου,
1233 2929 1447 3001 Αὐρὰν,
1488 2927 1762 2990 Κουκουὰ,
1808 2926 1953 2996 Θαρ-

363 3026 538 3092 δοοοῦ,
575 3025 916 3090 Ούϐουκουά,
948 3024 1283 3095 Θαρδεδδεῖν,
1313 3022 1555 3093 Μερεξὰ,
1599 3019 1786 3091 Ἀτάρ,
1812 3020 1955 3091 Βαρ-

364 3113 434 3167 ϐὰ
467 3114 520 3177 ³,
570 3113 852 3178 Ούδουκὰ,
896 3113 1134 3183 Κέστην,
1176 3112 1442 3182 Ούδουὰχ,
1486 3109 1702 3182 Ἐσλὴν,
1757 3111 1952 3181 Ἀμφὲ,

2056 1917 2396 1988 promitur):
2439 1919 2504 1972 ad
2555 1918 2799 1974 scientia:
2849 1916 3120 1971 delectum
3173 1919 3474 1986 perpellere
3525 1920 3653 1973 uni-

2057 2024 2244 2064 versos
2273 2009 2400 2079 Sige
2429 2010 2677 2080 cupiens,
2728 2010 2794 2064 ad
2847 2013 3147 2065 secundam
3181 2011 3654 2080 substitutamque

2056 2101 2207 2154 illam
2251 2101 2368 2154 loco
2403 2102 2629 2155 alterius
2662 2101 2976 2172 Ogdoadem
3026 2101 3275 2170 adjunxit
3297 2143 3311 2166 ,
3344 2103 3653 2172 corruptela

2056 2193 2238 2249 omnis
2269 2203 2491 2264 experte
2529 2193 2923 2263 conjunctione
2949 2234 2963 2258 ,
3025 2194 3120 2250 sed
3170 2196 3452 2250 voluntate
3505 2197 3653 2266 ejus-

2061 2285 2208 2340 modi
2261 2302 2384 2356 quas
2427 2285 2530 2342 sub
2585 2286 3006 2357 intelligentiam
3055 2286 3295 2342 caderet.
3330 2286 3653 2356 Cujusmodi

2055 2376 2353 2431 voluntatis
2386 2377 2625 2446 impetus
2661 2377 2905 2447 Spiritus
2936 2387 3164 2431 sanctus
3205 2384 3309 2442 est,
3335 2378 3433 2448 qui
3463 2378 3517 2431 in
3546 2394 3657 2433 me-

2056 2469 2148 2523 dio
2182 2479 2498 2523 sanctarum
2537 2468 2905 2523 Ecclesiarum
2939 2469 3164 2524 residet.
3203 2468 3377 2535 Quem
3411 2485 3535 2524 cum
3570 2486 3657 2526 se-

2057 2560 2296 2614 cundam
2330 2559 2396 2613 ad
2420 2557 2734 2630 Ogdoadem
2766 2559 3078 2630 allegasset,
3096 2561 3144 2615 ei
3168 2562 3443 2631 persuasit
3463 2577 3652 2618 secum

2057 2659 2118 2706 ut
2147 2651 2263 2722 ipsa
2297 2653 2670 2722 copularetur.
2711 2650 2981 2716 Quocirca
3030 2653 3084 2706 in
3123 2653 3354 2724 singulis
3383 2652 3658 2725 Ogdoadis

2059 2741 2307 2810 partibus
2336 2742 2629 2796 celebrata!
2649 2743 2855 2811 nuptize
2885 2751 3036 2796 sunt.
3062 2741 3343 2812 Siquidem
3371 2759 3496 2798 cum
3532 2743 3656 2801 Uno

2060 2832 2298 2904 Spiritus
2329 2843 2553 2888 sanctus
2582 2835 2914 2904 conjunctus
2939 2842 3026 2889 est
3062 2854 3074 2888 :
3107 2851 3232 2888 cum
3263 2834 3452 2890 Tertio
3482 2835 3648 2908 Dyas,

2058 2926 2274 2982 Tertius
2305 2941 2428 2982 cum
2464 2925 2684 2982 llexade
2707 2967 2720 2990 ,
2759 2935 2816 2982 et
2846 2943 2970 2983 cum
3001 2926 3248 2998 Septimo
3277 2927 3518 2999 Ogdoas,
3557 2931 3657 2986 Se-

2057 3020 2264 3090 ptimus
2299 3035 2422 3073 cum
2465 3018 2668 3090 Dyade,
2705 3034 2829 3074 cum
2855 3020 3062 3087 Quinto
3095 3020 3295 3076 llevas.
3323 3022 3402 3076 lta
3439 3022 3658 3091 Ogdoas

2060 3111 2318 3166 universa
2348 3127 2629 3181 nunquam
2656 3120 3030 3168 marcescente
3060 3114 3359 3183 voluptate,
3384 3124 3548 3186 atque
3574 3118 3657 3170 in-

362 3205 701 3274 Ναισουμὲν,
767 3206 1059 3269 υύανανὶν,
1096 3204 1436 3276 Λαμεταρδὲ,
1470 3203 1946 3274 Ἀθαμεσσουμὴν,

2060 3214 2210 3273 tegra
2269 3203 2698 3275 incorruptaque
2748 3205 3006 3260 mistione
3062 3207 3438 3277 coniungitur.
3497 3206 3657 3263 Nulla

363 3297 634 3368 Ἀλλωρὰ,
679 3298 992 3360 Κουϐιαθὰ,
1029 3296 1326 3368 Ναδδαρία,
1366 3294 1597 3365 Δαμμὰ,
1631 3295 1813 3365 Ὠρὴν,
1847 3295 1953 3347 Λα-

363 3392 556 3460 ναφὲκ,
602 3390 902 3460 Οὐδανφέχ,
958 3388 1345 3459 Ἐνφοιθιϐοχέ,
1377 3387 1586 3459 Βαρρὰ,
1615 3385 1950 3456 Ἀσσιουαχέ,

363 3483 553 3553 Βελὶμ,
583 3482 909 3554 Δεξαριχέμ,
939 3481 1164 3552 Μασέμ.

2063 3297 2260 3364 quippe
2310 3295 2379 3348 ab
2418 3295 2653 3350 invicem
2701 3296 2979 3365 separatio
3009 3295 3110 3350 fuit
3138 3312 3152 3348 :
3188 3299 3283 3353 sed
3315 3309 3502 3354 mutua
3536 3315 3657 3354 om-

2059 3385 2210 3439 nium
2237 3400 2361 3439 cum
2384 3385 2774 3441 honestissima
2801 3387 3081 3455 voluptate
3117 3389 3457 3458 temperatio.
3496 3391 3651 3460 171

2059 3476 2136 3530 Ex
2177 3490 2285 3545 qua
2327 3475 2689 3531 Prunicorum
2722 3477 2973 3532 muliebri
3001 3489 3137 3534 sem
3177 3483 3481 3535 carentium
3517 3484 3656 3548 Qui-

366 3577 557 3632 narius
585 3578 868 3639 exoritur,
904 3575 1063 3644 cujus
1109 3574 1225 3629 huic
1256 3579 1386 3627 sunt
1448 3571 1716 3626 vocabula
1752 3591 1764 3626 :
1806 3569 2108 3642 Carpistes.
2180 3569 2545 3630 llorothetes.
2602 3570 3004 3635 Charisterius,
3046 3573 3326 3643 Aphetus,
3380 3575 3656 3648 Methago-

366 3688 524 3740 gens.
557 3671 622 3726 Hi
673 3671 1064 3727 Mediocritatis
1093 3669 1184 3722 filii
1214 3669 1389 3722 vocati
1414 3677 1564 3723 sunt.
1590 3667 1764 3723 Velim
1791 3677 1972 3722 autem
2015 3683 2043 3720 a
2068 3667 2222 3722 vobis
2250 3668 2530 3738 cognosci,
2558 3666 2808 3736 Ampsiu,
2847 3667 3054 3732 Auran,
3117 3669 3324 3735 Cucua,
3378 3672 3655 3752 ’l'hardus,

367 3763 621 3830 Ubucua,
655 3762 1028 3824 Thardeddin,
1061 3761 1298 3822 Merexa,
1329 3761 1484 3823 Atar,
1526 3759 1722 3821 Barba,
1753 3758 1965 3822 Uduca,
2011 3757 2232 3822 Ccsten,
2266 3757 2528 3820 llduach,
2593 3755 2790 3819 Eslen,
2837 3759 3068 3828 Amphe,
3118 3760 3428 3827 Naasumen,
3474 3763 3655 3819 Vana-

365 3862 483 3926 uin,
509 3858 854 3923 Lametarde,
901 3857 1361 3912 Athamessumen
1383 3895 1398 3919 ,
1430 3855 1641 3918 Allora,
1672 3854 1964 3920 Cubiatha,
2003 3853 2301 3918 Naddaria,
2338 3852 2562 3906 Damma
2582 3894 2598 3920 ,
2659 3850 2803 3908 Oren
2829 3892 2844 3917 ,
2919 3853 3209 3924 Lanaphec
3229 3899 3244 3922 ,
3286 3856 3654 3927 Udanphech,

369 3954 872 4028 limphrethiboche,
925 3953 1120 4017 Barra,
1154 3951 1514 4017 Assiovache,
1554 3950 1749 4012 Belim,
1781 3947 2163 4012 Dexarichem,
2197 3946 2425 4002 Masem.

530 4073 916 4143 Πεπλήρωται
948 4073 1019 4125 τὰ
1050 4072 1169 4126 ἀπὸ
1194 4071 1312 4125 τῶν
1351 4071 1793 4126 Οὑαλεντίνων.

440 4190 514 4242 Z'.
549 4189 659 4241 Καὶ
695 4187 868 4240 ταῦτα
904 4186 1002 4258 μὲν
1044 4185 1153 4239 ἀπὸ
1199 4185 1402 4256 μέρους
1443 4184 1553 4237 τῶν
1606 4183 1825 4254 βιϐλίων
1858 4183 1956 4236 αὐ-

364 4282 471 4336 τῶν
503 4280 879 4352 παρατεθέντα
921 4279 1026 4342 ἓως
1061 4271 1162 4331 ὧδέ
1209 4295 1298 4348 μοι
1336 4277 1594 4347 εἰρήσθω.
1631 4276 1956 4347 Ἐποιήσατο

363 4371 421 4424 δὲ
466 4363 620 4433 οὗτος
661 4369 724 4421 τὸ
769 4369 1031 4439 κήρυγμα
1063 4367 1156 4420 καὶ
1189 4368 1244 4419 ἐν
1289 4365 1572 4436 Αἰγύπτῳ,
1605 4367 1727 4420 ὅθεν
1768 4366 1832 4437 δὴ
1861 4366 1956 4419 καὶ

2129 4069 2400 4123 Hactenus
2441 4085 2505 4122 ex
2552 4070 2770 4123 illorum
2830 4070 2980 4124 libris
3015 4087 3078 4124 ea
3133 4070 3576 4140 deprompsimus.

2128 4181 2240 4236 νη.
2268 4180 2537 4237 Praeterea
2560 4183 2612 4235 in
2634 4182 2870 4254 Aigypto
2901 4199 3118 4254 quoque
3143 4185 3398 4256 dogmata
3426 4187 3516 4242 illa
3549 4205 3650 4244 sua

2058 4277 2390 4347 prorogavit.
2432 4276 2509 4329 Ex
2549 4291 2659 4345 quo
2710 4284 2990 4346 tempore,
3029 4279 3110 4332 sic
3144 4285 3408 4348 tanquam
3445 4280 3653 4350 viperi-

2059 4383 2255 4421 norum
2289 4367 2500 4420 ossium
2549 4365 2834 4435 reliquiae.
2877 4367 3128 4436 quaedam
3180 4369 3294 4421 illic
3335 4371 3548 4424 semina
3584 4371 3653 4426 il-

365 4463 442 4526 ὡς
468 4461 696 4530 λείψανα
733 4459 944 4531 ἐχίδνης
975 4458 1177 4512 ὀστέων
1208 4457 1289 4510 ἔτι
1323 4459 1381 4511 ἐν
1416 4457 1678 4529 Αἰγύπτῳ
1712 4457 1953 4528 περιλεί-

2059 4461 2167 4514 lius
2201 4459 2391 4513 relicta
2424 4466 2583 4520 sunt,
2618 4460 2925 4527 praesertim
2961 4461 3011 4512 in
3055 4459 3389 4515 Athribitide
3410 4503 3424 4528 ,
3450 4461 3652 4519 Proso-
3682 4521 3684 4523 .

365 4572 526 4607 πεται
555 4553 807 4623 τούτουή
838 4551 1035 4622 σπορὰ,
1065 4551 1120 4604 έν
1141 4568 1201 4604 τε
1230 4551 1308 4622 τῷ
1327 4550 1631 4622 Ἀθριϐίτῃ,
1657 4551 1751 4602 καὶ
1779 4551 1955 4621 Προσ-

365 4642 568 4714 ωπίτῃ,
605 4641 700 4694 καί⁸
727 4640 1069 4712 Ἀρσενοττῃ,
1108 4640 1203 4692 καὶ
1233 4639 1498 4714 Θηὸαῒδῃ,
1528 4640 1622 4692 καὶ
1650 4642 1762 4702 τοῖς
1802 4639 1955 4692 κάτω

368 4732 560 4804 μέρεσι
595 4732 694 4803 τῆς
725 4730 1028 4802 παραλίας,
1055 4731 1149 4783 καὶ
1175 4729 1760 4803 Ἀλεξανδρειοπολίτῃ.
1791 4731 1954 4785 Ἀλλὰ

362 4824 458 4876 καὶ
492 4825 550 4874 ἐν
603 4820 794 4895 Ῥώμῃ
836 4819 1074 4874 ἀνελθὼν
1121 4821 1448 4892 κεκήρυχεν.
1499 4822 1594 4884 El;
1638 4821 1862 4893 Κύπρον
1896 4821 1952 4875 δὲ

364 4912 660 4984 ἐληλυθὼς,
705 4913 781 4976 ὡς
825 4912 1083 4980 ναυάγιον
1129 4913 1370 4976 ὑποστὰς
1415 4911 1573 4982 φύσει
1604 4914 1949 4984 σωματικῶς,

361 5005 460 5076 τῆς
493 5005 731 5068 πίστεως
761 5004 986 5076 ἐξέστη,
1016 5005 1110 5058 καὶ
1137 5005 1227 5058 τὸν
1259 5003 1385 5057 νοῦν
1413 5003 1712 5076 ἐξετράπη.
1739 5005 1953 5076 Ἐνομί-

361 5096 486 5161 ζετο
519 5096 627 5168 γὰρ
654 5096 760 5166 πρὸ
782 5096 972 5149 τούτου
1003 5097 1166 5167 μέρος
1190 5094 1334 5165 ἔχειν
1356 5095 1639 5159 εὐσεϐείας
1664 5097 1758 5148 καὶ
1788 5096 1953 5167 ὀρθῆς

361 5188 621 5251 πίστεως.
650 5190 708 5240 ἐν
756 5190 868 5251 τοῖς
924 5188 1345 5260 προειρημένοις
1389 5187 1597 5250 τόποις.
1657 5188 1743 5239 Ἐν
1789 5187 1844 5239 δὲ
1885 5190 1950 5258 τῇ

361 5281 575 5350 Κύπρῳ
619 5281 806 5334 λοιπὸν
850 5283 933 5345 εἰς
978 5281 1204 5351 ἔσχατον
1255 5281 1512 5343 ἀσεϐείας
1554 5280 1803 5350 ἐλήλακε,
1857 5282 1952 5333 καὶ

360 5373 623 5425 ἐϐάθυνεν
659 5374 852 5426 ἑαυτὸν
898 5376 956 5426 ἐν
999 5373 1172 5445 ταύτῃ
1219 5376 1287 5445 τῇ
1331 5372 1811 5446 καταγγελλομένη
1858 5375 1948 5428 ὑπ’

361 5465 526 5516 αὑτοῦ
566 5465 859 5537 μοχθηρίᾳ.

432 5555 594 5622 Λέγει
623 5556 678 5608 δὲ
709 5557 872 5620 αὐτός
906 5575 964 5610 τε
996 5557 1089 5611 καὶ
1124 5559 1173 5610 οἱ
1221 5556 1387 5610 αὑτοῦ
1421 5557 1512 5609 τὸν
1552 5555 1756 5627 Κύριον
1791 5559 1947 5628 ἡμῶν

360 5646 571 5716 Ἰησοῦν
595 5649 849 5720 Χριστὸν,
876 5650 951 5713 ὡς
981 5648 1135 5720 ἔφην,
1180 5650 1269 5702 καὶ
1297 5648 1525 5720 Σωτῆρα
1558 5649 1652 5702 καὶ
1686 5650 1943 5720 Χριστὸν,

430 5804 450 5838 ί
477 5800 541 5859 F.
574 5804 979 5876 Αύτομήτορος.
1061 5806 1081 5836 ⁸
1114 5803 1176 5858 F.
1210 5804 1540 5860 τελειώσασα
1577 5805 1770 5876 γάμον.

1853 5808 1872 5839 ³
1902 5807 1960 5863 F.
2005 5810 2304 5882 Ἑν-ὖτητος.

2061 4547 2260 4620 pitide,
2297 4547 2683 4611 Arsenoitide,
2721 4563 2784 4602 ac
2811 4547 3090 4603 Thebaide
3144 4549 3508 4618 praefectura;
3545 4569 3650 4608 uec

2060 4640 2246 4693 nonin
2271 4639 2518 4694 inferiori
2554 4655 2619 4693 ac
2653 4641 2949 4700 maritima,
2982 4643 3229 4711 adeoque
3281 4644 3650 4700 Alexandrina

2056 4731 2300 4802 regione.
2363 4731 2510 4797 Quin
2560 4733 2723 4787 etiam
2783 4731 3013 4787 Romam
3067 4731 3352 4803 profectus
3403 4753 3648 4794 errorem

2057 4841 2218 4880 suum
2259 4825 2315 4878 in
2350 4840 2414 4879 ea
2447 4825 2582 4879 urbe
2613 4825 2924 4896 dissipavit.
2960 4825 3067 4882 Sed
3099 4829 3166 4883 ad
3211 4827 3452 4900 Cyprum
3498 4831 3650 4887 dela-

2055 4925 2170 4981 tus,
2197 4917 2321 4973 ﬁdei
2350 4917 2732 4989 naufragium,
2771 4919 2920 4973 velut
2954 4922 3206 4991 corporis
3254 4921 3507 4986 fecisset,
3544 4924 3648 4977 ibi-

2051 5010 2173 5065 dem
2203 5025 2426 5079 passus,
2460 5009 2704 5062 animum
2742 5011 2968 5064 omnino
3001 5011 3339 5080 depravavit.
3365 5012 3644 5082 Siquidem

2054 5105 2320 5156 hactenus
2351 5109 2562 5170 partem
2601 5101 2823 5170 pietatis
2865 5102 3137 5171 aliquam.
3163 5103 3500 5172 sincermque
3524 5103 3642 5158 ﬁdei

2053 5190 2288 5244 retinere
2323 5189 2432 5243 illis
2478 5189 2531 5242 in
2574 5189 2710 5244 locis
2753 5190 3058 5245 videbatur.
3103 5191 3160 5244 lu
3191 5192 3374 5261 Cypro
3408 5208 3538 5246 vero
3577 5196 3642 5248 ad

2054 5290 2357 5336 extremum
2396 5282 2694 5350 impietatis
2727 5271 3018 5352 prolapsus
3058 5291 3175 5347 est,
3228 5299 3396 5353 seque
3434 5284 3486 5337 iu
3523 5301 3642 5339 eam

2055 5388 2218 5444 quam
2275 5381 2457 5427 tuetur
2520 5372 2848 5444 ﬂagitiorum
2899 5373 3250 5444 disciplinam
3312 5375 3481 5430 altius
3538 5375 3640 5428 im-

2056 5467 2265 5522 mersit.

2128 5560 2222 5615 Est
2257 5569 2434 5615 autem
2463 5562 2577 5615 lucc
2626 5561 2841 5614 illorum
2879 5560 3064 5629 opinio
3100 5581 3111 5614 :
3143 5560 3330 5616 Jcsnm
3362 5562 3640 5618 Christum

2059 5651 2350 5708 Dominum
2404 5662 2652 5709 nostrum
2703 5652 3043 5708 Salvatorem
3081 5669 3224 5713 esse.
3254 5656 3330 5708 uti
3357 5656 3601 5712 diximus
3624 5697 3639 5720 .

2389 5809 2494 5863 I'F.
2546 5810 2827 5882 πέμψασα.
2906 5815 2926 5845 δ
2964 5812 3025 5870 ν.
3071 5813 3400 5888 ’Λταρ6α6ἅ.
