4170 6372
513 318 616 371 487

1937 321 1995 375 S.
2039 318 2379 376 EPIPIIANII

3684 318 3792 376 438

513 453 578 491 ac
599 437 975 504 Christum,et
1003 436 1276 505 Verbum;
1309 456 1372 496 ac
1396 439 1827 510 Trazlucturem;
1856 450 1912 498 et
1943 441 2097 497 Fini-

2207 446 2296 498 καὶ
2325 443 2518 512 Λόγον,
2550 444 2644 496 καὶ
2686 442 2946 514 Σταυρδν,
2975 441 3067 495 καὶ
3101 438 3473 508 Μεταγωγέα,
3501 436 3595 490 καὶ
3639 437 3789 508 Ὀρο-

513 535 686 582 torem
706 544 772 582 ac
803 527 1145 584 Terminum.
1177 530 1440 588 Eumdem
1464 550 1666 603 corpus
1711 550 1742 589 e
1767 535 1909 588 cmlo
1946 535 2103 590 detu-

514 618 664 682 lisse,
695 634 758 672 ac
785 628 1048 689 tanquam
1079 637 1221 690 aqua
1259 639 1354 692 per
1385 625 1627 680 fistulam
1650 665 1665 688 ,
1699 625 1780 681 sic
1817 625 1969 680 illum
2007 642 2104 696 per

512 708 741 764 Mariam
781 714 1048 768 transisse
1103 714 1415 784 Virginem,
1467 734 1647 788 neque
1697 719 1994 789 quidquam
2037 733 2103 773 ex

511 804 634 872 ejus
679 815 836 861 utero
876 809 1212 878 sumpsisse,
1253 809 1348 865 sed
1379 826 1409 866 e
1438 813 1579 866 coelo
1614 811 1852 867 traxisse
1874 827 2098 882 corpus.

513 895 701 967 Neque
741 915 869 953 vero
905 901 1140 970 primum
1181 903 1333 957 illum
1375 901 1613 958 Verbum
1678 920 1803 960 esse
1847 913 2100 967 censent,

513 1007 692 1060 neque
722 994 1027 1061 proximum
1055 996 1124 1050 ab
1143 1012 1208 1050 eo
1245 997 1525 1053 Christum
1547 1038 1560 1060 ,
1598 999 1691 1068 qui
1723 999 1780 1053 in
1829 998 1972 1054 etelo
2000 1014 2102 1052 su-

514 1097 738 1150 premas
764 1084 904 1138 inter
926 1099 1109 1141 mones
1149 1087 1382 1155 residet;
1425 1089 1518 1144 sed
1571 1090 1691 1159 ejus
1733 1090 1900 1145 unius
1932 1106 2101 1146 causa

515 1175 838 1244 productum
861 1215 876 1240 ,
911 1184 971 1230 ut
1022 1179 1078 1232 in
1120 1187 1298 1236 terras
1333 1181 1590 1252 delapsus
1620 1183 1867 1254 spiritale
1890 1199 2063 1254 genus
2084 1223 2100 1248 ,

515 1267 658 1335 quod
699 1283 728 1322 e
763 1269 903 1322 coelo
937 1269 1093 1323 duxit
1123 1271 1390 1341 originem
1412 1313 1426 1337 ,
1455 1274 1734 1330 liberaret.
1763 1273 2102 1330 Mortuorum

515 1362 977 1416 resurrectionem
1002 1364 1354 1421 iniiciantur:
1381 1367 1448 1422 de
1467 1383 1574 1438 qua
1606 1369 1895 1422 ridiculam
1914 1385 2102 1438 quam-

514 1451 637 1505 dam
673 1452 912 1508 l‘abulam
954 1462 1180 1524 texunt;
1231 1459 1388 1529 172
1424 1475 1532 1514 nou
1564 1461 1667 1516 hoc
1701 1461 1878 1530 ipsum
1912 1476 2100 1516 resur-

514 1558 643 1612 gere
687 1559 920 1614 eorpus,
953 1546 1048 1601 sed
1093 1549 1328 1604 alterum
1361 1566 1427 1605 ex
1471 1552 1664 1606 eodem
1706 1561 1918 1618 ortum,
1952 1553 2100 1624 quod

514 1636 760 1704 spiritale
809 1649 1166 1709 nuncupant:
1217 1658 1394 1713 neque
1439 1652 1622 1700 tamen
1669 1647 1950 1710 omnium,
2001 1647 2098 1703 sed

513 1741 704 1780 eorum
752 1727 1054 1797 duntaxat,
1100 1748 1240 1802 quos
1280 1734 1357 1788 illi
1412 1735 1689 1805 spiritales
1738 1747 2098 1809 nuncupant,

515 1827 680 1887 atque
707 1833 897 1874 eorum
931 1822 1126 1887 etiam,
1153 1839 1294 1893 quos
1315 1827 1580 1882 animales
1603 1837 1822 1893 vocant,
1847 1829 2100 1884 dummo-

513 1911 584 1963 do
611 1911 760 1980 juste
800 1913 1138 1986 honesteque
1172 1933 1232 1973 se
1254 1928 1466 1989 gerant.
1497 1920 1772 1987 Cteteros,
1809 1924 1900 1992 qui
1934 1933 2104 1980 mate—

516 2002 678 2057 riales
722 2003 793 2058 ab
830 2005 938 2069 iis,
997 2015 1052 2061 et
1099 2023 1223 2062 cum
1277 2025 1444 2066 carne
1487 2014 1733 2068 concreti
1782 2030 1846 2069 ac
1899 2017 2102 2071 terreni

516 2096 881 2166 appellantur,
920 2099 1146 2155 interire
1179 2100 1450 2168 funditus,
1488 2120 1668 2175 neque
1701 2105 1808 2160 ulla
1837 2109 1921 2162 sui
1949 2117 2104 2177 parte

514 2188 743 2242 servari.
771 2187 946 2244 Porro
963 2199 1214 2246 naturam
1247 2210 1541 2265 quamque,
1561 2212 1626 2251 eo
1652 2197 1795 2252 unde
1813 2199 2121 2268 prodierit,

515 2280 736 2331 reverti.
788 2277 948 2334 Velut
987 2297 1109 2350 qua:
1151 2300 1276 2338 eum
1310 2287 1540 2341 materia
1584 2297 1844 2343 concreta
1888 2298 2009 2354 est,
2048 2292 2104 2345 in

513 2383 633 2420 eam
681 2369 854 2438 ipsam
901 2372 1152 2439 refundi;
1203 2390 1270 2429 ex
1305 2391 1472 2432 carne
1503 2394 1634 2432 vero
1669 2390 1925 2450 terraque
1955 2398 2106 2439 eom-

513 2465 728 2528 pactam
757 2462 808 2514 in
835 2471 1032 2518 terram
1057 2466 1330 2521 recedere.
1347 2466 1558 2523 Etenim
1587 2476 1698 2525 tres
1724 2471 1798 2525 illi
1827 2472 2104 2527 hominum

511 2552 735 2609 ordines
770 2557 1135 2621 constituunt,
1173 2559 1500 2629 spiritalium
1523 2601 1536 2618 .
1565 2564 1912 2631 animalium,
1947 2575 2108 2636 atque

510 2651 838 2704 carnalium.
885 2651 958 2705 Ex
997 2653 1199 2721 quibus
1246 2655 1478 2724 primum
1535 2672 1593 2712 se
1636 2657 1882 2713 ordinem
1930 2659 2108 2715 facere

511 2738 786 2806 dictitant,
813 2742 892 2795 ttti
922 2752 976 2797 et
1000 2741 1330 2810 Gnoeticos,
1373 2746 1466 2815 qui
1500 2763 1678 2817 neque
1710 2750 1914 2806 laboris
1945 2752 2108 2807 ullius

511 2829 826 2900 indigeant,
871 2844 1236 2904 praeterquam
1279 2839 1649 2908 cognitionis,
1693 2843 2108 2912 appellationis-

511 2939 619 2992 que
651 2927 1037 2994 mysteriorum
1060 2969 1074 2992 ,
1100 2945 1222 2998 quae
1264 2946 1432 3000 penes
1467 2932 1590 2988 illos
1617 2947 1778 2999 sunt,
1811 2943 1866 2990 et
1892 2938 2111 3007 quidvis

512 3015 736 3086 impune
761 3018 940 3074 facere
979 3036 1078 3090 pro
1115 3023 1345 3078 arbitrio
1384 3025 1616 3093 possint.
1651 3024 1795 3080 Fieri
1822 3031 1968 3082 enim
1999 3047 2106 3085 non

2134 1797 2174 1852 B

2207 536 2392 604 θέτην,
2428 536 2522 588 καὶ
2551 535 2738 606 Ὅρον.
2768 533 2906 586 Φασὶ
2946 532 3002 586 δὲ
3035 530 3244 586 ἄνωθεν
3283 527 3698 598 κατενηνοχέναι
3731 527 3793 580 τδ

2208 629 2387 699 σῶμα,
2424 629 2520 682 καὶ
2562 628 2638 690 ὡς
2679 627 2768 680 διὰ
2820 626 3060 696 σωλῆνος
3107 624 3273 694 ῦδωρ,
3316 620 3406 674 διὰ
3447 619 3667 690 Μαρίας
3692 619 3791 689 τῆς

2205 720 2484 792 Παρθένου
2517 719 2912 789 διεληλυθέναι.
2963 717 3146 786 Μηδὲν
3195 716 3252 768 δὲ
3297 714 3407 766 ἀπὸ
3447 712 3546 782 τῆς
3589 711 3789 780 παρθε-

2205 812 2360 882 νικῆς
2395 813 2608 882 μήτρας
2632 811 2936 880 εἰληφέναι,
2963 807 3098 862 ἀλλὰ
3123 806 3327 860 ἄνωθεν
3358 803 3418 856 τὸ
3444 803 3602 872 σῶμα
3625 801 3789 872 ἔχειν,

2204 906 2280 969 ὡς
2313 907 2592 976 προεῖπον.
2625 903 2716 974 Μὴ
2759 899 2897 956 εἶναι
2931 902 2988 955 δὲ
3021 901 3182 954 αὑτὸν
3207 899 3298 951 τὸν
3344 898 3560 968 πρῶτον
3596 897 3788 963 Λόγον,

2209 1000 2342 1072 μηδὲ
2375 999 2464 1052 τὸν
2494 997 2634 1070 μετά
2669 996 2759 1049 τὸν
2802 996 2975 1064 Λόγον
3015 992 3247 1064 Χριστὸν
3267 1033 3281 1056 ,
3308 991 3397 1044 τὸν
3428 990 3540 1044 ἄνω
3569 990 3698 1041 ὄντα
3732 989 3790 1040 ἐν

2203 1095 2315 1155 τοῖς
2361 1093 2473 1146 ἄνω
2508 1088 2690 1144 αἰῶσι.
2734 1087 2934 1141 Τοῦτον
2976 1085 3032 1138 δὲ
3072 1086 3339 1154 φάσκουσι
3381 1079 3788 1153 προϐεϐλῆσθαι

2203 1183 2270 1237 δι’
2307 1182 2458 1234 οὐδὲν
2504 1182 2688 1252 ἕτερον
2723 1179 2756 1250 ἢ
2794 1179 2950 1249 μόνον
2997 1178 3077 1239 εἰς
3112 1176 3172 1228 τὸ
3219 1174 3392 1227 ἐλθεῖν
3438 1174 3532 1226 καὶ
3576 1170 3790 1225 ἀνασώ-

2206 1278 2401 1330 σασθαι
2431 1278 2446 1306 ¹
2478 1275 2539 1327 τὸ
2587 1273 2743 1342 γένος
2787 1271 2848 1323 τὺ
2896 1268 3101 1322 ἄνωθεν
3147 1266 3534 1337 πνευματικόν.
3585 1263 3694 1334 Τὴν
3732 1261 3789 1314 δὲ

2204 1369 2310 1421 τῶν
2355 1365 2564 1437 νεκρῶν
2615 1363 2912 1416 ἀνάστασιν
2951 1357 3355 1430 ἁπαρνοῦνται,
3395 1353 3693 1424 φάσκοντές
3736 1370 3788 1404 τι

2208 1458 2452 1530 μυθῶδες
2478 1457 2571 1510 καὶ
2593 1454 2856 1525 ληρῶδες,
2887 1451 2960 1522 μὴ
2985 1450 3046 1504 τὸ
3078 1449 3238 1518 σῶμα
3264 1447 3422 1499 τοῦτο
3443 1442 3788 1507 ἀνίστασθαι,

2203 1552 2317 1607 ἀλλ’
2344 1552 2531 1622 ἓτερον
2564 1549 2662 1620 μὲν
2688 1546 2747 1610 ἐξ
2779 1543 2965 1607 αὑτοῦ,
2990 1543 3018 1596 ὃ
3044 1543 3108 1613 δὴ
3145 1539 3510 1610 πνευματικὸν
3543 1536 3785 1590 καλοῦσι·

2207 1649 2366 1720 μόνον
2395 1647 2452 1700 δὲ
2485 1644 2706 1697 ἐκείνων
2744 1640 2854 1693 τῶν
2885 1639 3014 1708 παρ’
3048 1637 3233 1698 αὐτοῖς
3265 1630 3672 1702 πνευματικῶν,
3697 1628 3791 1682 καὶ

2201 1743 2310 1796 τῶν
2353 1741 2530 1795 ἄλλων
2557 1736 2805 1807 ψυχικῶν
2839 1731 3191 1802 καλουμένων
3210 1770 3224 1793 ,
3251 1729 3345 1782 ἐάν
3381 1745 3446 1795 γε
3477 1727 3528 1778 al.
3567 1723 3789 1794 ψυχικοί.

2205 1833 2751 1905 δικαιοπραγήσειαν.
2801 1828 2938 1889 Τοὺς
2981 1825 3038 1878 δὲ
3089 1823 3306 1884 ὑλικοὺς
3352 1819 3447 1874 καὶ
3497 1816 3791 1888 σαρκικοὺς

2207 1930 2303 1984 καὶ
2343 1927 2568 1998 γηίνους
2619 1919 2988 1989 καλουμένους
3045 1916 3392 1969 παντάπασιν
3433 1908 3787 1971 ἀπόλλυσθαι,

2207 2021 2303 2076 καὶ
2333 2019 2454 2090 μηδ’
2485 2017 2619 2079 ὅλως
2659 2011 2950 2078 σώζεσθαι.
2977 2008 3192 2078 Χωρεῖν
3237 2007 3295 2060 δὲ
3339 2005 3574 2074 ἑκάστην
3603 2001 3790 2055 οὐσίαν

2207 2113 2346 2185 πρὸς
2370 2112 2494 2173 τοὺς
2531 2109 2694 2170 ἰδίους
2736 2104 2910 2174 αὐτῆς
2937 2099 3257 2174 προϐολὰς,
3295 2098 3393 2168 τὴν
3453 2095 3552 2166 μὲν
3600 2092 3790 2163 ὑλικὴν

2207 2210 2271 2278 τῇ
2307 2205 2406 2276 ὕλῃ
2441 2199 2812 2271 ὲκδιδομένην,
2855 2195 2949 2249 καὶ
2985 2194 3046 2246 τὸ
3078 2190 3337 2263 σαρκικδν
3379 2189 3567 2258 γήινον
3600 2187 3667 2256 τῇ
3695 2185 3788 2256 γῇ.

2207 2299 2347 2370 Τρία
2379 2296 2488 2366 γὰρ
2520 2294 2778 2363 τάγματα
2815 2286 3070 2342 καλοῦσιν
3099 2280 3238 2336 εἶναι
3270 2278 3598 2370 ἀνθρώπων·
3631 2293 3793 2328 πνευ-

2211 2366 2478 2462 ματικῶν,
2513 2381 2780 2454 ψυχικῶν,
2812 2374 3110 2449 σαρκικῶν.
3140 2374 3213 2426 Τὸ
3240 2371 3296 2424 δὲ
3332 2371 3518 2462 τάγμα
3545 2366 3604 2420 τὸ
3632 2381 3793 2462 msu-

2213 2458 2440 2553 ματικδν
2475 2477 2700 2537 ἑαυτοὺς
2744 2472 3018 2540 λέγουσιν,
3054 2466 3243 2535 ὥσπερ
3287 2462 3380 2516 καὶ
3429 2458 3788 2562 Γνωστικοὺς,

2209 2575 2303 2626 καὶ
2340 2573 2477 2642 μήτε
2522 2567 2770 2636 καμάτου
2805 2558 3218 2629 ὲπιδεομένους,
3249 2555 3282 2624 ἢ
3323 2553 3481 2624 μόνον
3515 2553 3614 2619 τῆς
3654 2553 3793 2642 γνὼ-

2211 2641 2368 2727 σεως,
2404 2661 2498 2713 καὶ
2525 2658 2632 2711 τῶν
2677 2653 3072 2725 ἐπιρρημάτων
3102 2648 3209 2702 τῶν
3239 2645 3416 2700 αὐτῶν
3455 2641 3787 2714 μυστηρίων.

2211 2759 2327 2810 Πᾶν
2355 2755 2412 2808 δὲ
2441 2751 2621 2806 ὁτιοῦν
2656 2750 2828 2800 ποιεῖν
2857 2743 3026 2808 ἀδεῶς
3060 2742 3288 2794 ἕκαστον
3327 2736 3528 2799 αὐτῶν,
3558 2733 3653 2788 καὶ
3689 2750 3794 2803 μη-

2209 2850 2295 2902 δὲν
2331 2842 2770 2916 πεφροντικέναι.
2801 2837 3133 2903 Ἐξάπαντος
3161 2832 3268 2902 γάρ
3277 2846 3430 2929 ἔασι
3456 2823 3792 2929 σωθήσεσθαι

2211 2937 2577 3010 πνευματικὸν
2616 2934 2696 2999 ὃν,
2725 2933 2787 2985 τὸ
2818 2929 2998 2984 αὐτῶν
3031 2927 3240 2996 τάγμα.
3277 2922 3349 2976 Τὸ
3381 2921 3438 2974 δὲ
3479 2921 3794 3019 ἓτερον-τά-

2210 3051 2328 3104 γμα
2353 3031 2462 3086 τῶν
2491 3028 2589 3082 ἁνο
2601 3027 2796 3098 ρώπων
2825 3026 2882 3076 έν
2925 3021 3114 3091 κόσμῳ
3134 3061 3147 3082 ,
3176 3019 3311 3087 ὅπερ
3337 3012 3563 3085 ψυχικὸν
3587 3011 3792 3104 καλοῦ-

511 3123 675 3177 posse
697 3149 709 3171 ,
734 3110 864 3180 quin
899 3113 1124 3166 omnino
1163 3130 1353 3168 eorum
1383 3115 1541 3179 ordo,
1578 3125 1768 3186 utpote
1807 3119 2070 3187 spiritalis
2092 3159 2106 3181 ,

2215 3099 2319 3190 σιν,
2352 3122 2443 3192 ἀφ’
2472 3118 2666 3174 ἑαυτοῦ
2693 3115 2961 3179 σώζεσθαι
2999 3110 3074 3182 μὴ
3103 3107 3419 3177 δυνάμενον,
3448 3105 3495 3156 εἰ
3533 3102 3606 3173 μή

511 3201 742 3256 salutem
775 3204 1043 3257 obtineat.
1080 3203 1394 3260 Secundum
1424 3208 1706 3263 hominum
1738 3212 1831 3281 qui
1858 3212 1910 3265 in
1943 3229 2104 3266 mnu-

510 3293 582 3346 do
617 3303 746 3349 sunt
777 3295 1061 3359 ordinem,
1094 3313 1256 3366 quem
1288 3299 1582 3353 animalem
1608 3314 1828 3367 vocant,
1860 3320 1956 3373 per
1985 3321 2108 3360 sese

512 3388 747 3441 salutem
787 3390 1006 3457 assequi
1049 3405 1213 3460 posse
1258 3399 1494 3459 negant,
1535 3394 1641 3446 nisi
1680 3394 1991 3458 laboribus,
2017 3413 2104 3451 re-

511 3489 708 3548 cteque
741 3478 899 3533 factis
933 3482 1035 3534 sibi
1085 3497 1206 3535 eam
1237 3481 1501 3535 vindicet.
1541 3486 1611 3536 At
1659 3486 1752 3554 qui
1807 3489 2107 3543 matcrialis

512 3570 796 3624 hominum
844 3571 981 3626 ordo
1013 3572 1237 3637 dicitur,
1269 3590 1392 3628 eum
1421 3591 1596 3645 neque
1618 3593 1874 3647 capacem
1912 3583 2105 3650 cogni-

512 3659 680 3712 tionis
703 3676 826 3714 esse
879 3669 1105 3728 putant;
1161 3679 1338 3732 neque
1386 3668 1606 3721 tametsi
1654 3669 1816 3736 velit,
1862 3671 2107 3740 recipere

511 3765 630 3805 cani
673 3767 832 3821 posse
856 3754 946 3822 qui
981 3771 1042 3806 ex
1099 3755 1190 3807 illo
1239 3772 1435 3826 genere
1471 3758 1542 3810 sit
1574 3777 1585 3812 :
1624 3761 1966 3832 proindequc
1995 3773 2105 3818 tam

511 3842 693 3896 anima
739 3859 902 3913 quam
939 3860 1168 3914 corpore
1204 3848 1424 3915 penitus
1463 3850 1711 3903 interire.
1761 3852 1916 3916 Quod
1975 3871 2106 3910 vero

509 3947 714 3989 centum
753 3937 820 3989 ad
854 3953 1014 3990 suum
1045 3941 1319 4007 pertinet,
1359 3957 1482 3993 cum
1533 3943 1796 4011 spiritalis
1838 3945 1948 4010 sit,
1996 3964 2105 4001 uua

510 4042 638 4080 cum
689 4029 865 4082 altero
909 4031 1149 4098 quodam
1184 4032 1430 4086 interiori
1463 4050 1695 4104 corpore
1740 4039 1952 4092 servari
1982 4057 2107 4094 seu-

509 4119 674 4184 tiunt,
712 4120 858 4188 quod
913 4121 1018 4190 ipsi
1069 4123 1314 4191 spiritale
1358 4140 1560 4194 corpus
1597 4127 1745 4181 inani
1779 4132 2107 4198 peruasione

511 4221 855 4282 nuncupant.
897 4215 1180 4270 Auimales
1216 4232 1382 4284 porro
1430 4228 1552 4287 post
1597 4221 1917 4276 diuturnam
1952 4240 2108 4278 exer-

513 4305 870 4369 citationem,
915 4307 1004 4360 ubi
1051 4307 1409 4363 Conditorem
1449 4314 1935 4378 transcenderint,
1979 4332 2106 4370 sur-

512 4413 632 4451 sum
691 4406 910 4453 evectos
966 4403 1174 4471 angelis
1229 4403 1434 4458 Christi
1479 4407 1775 4463 comitibus
1837 4411 2102 4478 attribui,

2209 3190 2443 3288 καμάτῳ
2475 3212 2570 3266 καὶ
2614 3203 3004 3277 δικαιοπραγίᾳ
3054 3199 3215 3254 ἑαυτὸ
3261 3194 3581 3250 ὰνασὼσειε.
3627 3190 3794 3288 Τδλδὲ

2210 3283 2391 3365 ὑλικὸν
2417 3283 2610 3374 τάγμα
2638 3301 2744 3355 τῶν
2775 3302 2832 3352 ὲν
2872 3295 2951 3366 τῷ
2982 3295 3168 3363 κόσμῳ
3208 3289 3508 3387 ἀνθρώπων
3540 3287 3676 3387 μήτε
3706 3283 3797 3387 δυ-

2209 3401 2403 3456 νασθαι
2436 3397 2634 3468 χωρεῖν
2663 3391 2760 3462 τὴν
2785 3387 2985 3457 γνῶσίν
3025 3401 3178 3454 φασι,
3215 3384 3350 3452 μήτε
3388 3377 3637 3485 δέχεσθαι
3663 3377 3764 3428 ταῦ
3784 3403 3797 3414 -

2208 3512 2328 3565 την,
2361 3489 2465 3544 κάν
2491 3487 2634 3540 θέλοι
2663 3485 2691 3536 ὁ
2721 3485 2784 3535 ὲκ
2809 3478 3000 3532 τούτου
3027 3475 3122 3528 τοῦ
3148 3476 3426 3542 τάγματος
3454 3473 3791 3565 ὁρμώμενος.-

2211 3557 2545 3640 ἀπόλλυσθαι
2591 3577 2648 3629 δὲ
2694 3575 2810 3645 ἃμα
2861 3573 2956 3624 σὺν
3001 3568 3146 3638 ψυχῇ
3199 3567 3294 3618 καὶ
3337 3562 3568 3631 σώματι.
3618 3559 3691 3612 Τὸ
3736 3557 3795 3611 δὲ

2213 3676 2420 3732 ἑαυτῶν
2464 3672 2674 3742 τάγμα,
2716 3662 3085 3736 πνευματικὸν
3115 3659 3202 3723 ὃν,
3247 3655 3514 3720 σώζεσθαι
3559 3654 3654 3706 σῦν
3686 3650 3792 3703 σώ-

2215 3786 2343 3840 ματι
2392 3766 2536 3835 ἄλλῳ
2582 3760 2848 3830 ὲνδοτὲρῳ
2894 3756 3002 3809 τινὶ
3052 3755 3193 3817 ὄντι,
3247 3754 3384 3821 ὅπερ
3431 3747 3584 3801 αὐτοὶ
3635 3745 3796 3840 σῶμα.

2211 3838 2580 3929 πνευματικὸν
2627 3851 2850 3907 καλοῦσι
2897 3847 3312 3916 φανταζόμενοι.
3349 3841 3487 3904 Τοὺς
3531 3839 3589 3892 δὲ
3636 3838 3794 3918 ψυχι-

2209 3952 2371 4015 κοὺς,
2411 3939 2764 4015 κεκμηκότας
2798 3940 2932 3993 πολὺ
2981 3939 3075 3990 καὶ
3121 3932 3671 4006 ῦπεραναϐεϐηκότας
3704 3929 3796 3982 τὸν

2209 4043 2585 4116 Δημιουργὺν,
2632 4039 2743 4093 ἄνω
2781 4034 3016 4089 δίδοσθαι
3065 4035 3175 4094 τοῖς
3223 4029 3476 4098 ἀγγέλοις
3517 4029 3630 4090 τοῖς
3678 4025 3797 4096 ἅμα

2209 4137 2433 4210 Χριστῷ
2466 4132 2638 4198 οὖσιν,
2681 4131 2832 4183 οὐδέν
2861 4146 2914 4180 τι
2941 4127 3046 4179 τῶν
3080 4123 3347 4194 σωμάτων
3381 4120 3792 4190 κομιζομένους,

2210 4230 2347 4286 ἀλλὰ
2379 4229 2538 4301 μόνον
2565 4228 2665 4289 τὰς
2693 4223 2872 4294 ψυχὰς
2905 4223 2962 4273 ὲν
2990 4217 3316 4288 πληρώματι
3351 4215 3666 4286 εὑρεθείσας
3695 4213 3797 4280 τῆς

2209 4320 2387 4375 αὐτῶν
2426 4317 2703 4389 γνώσεως,
2735 4315 2829 4366 καὶ
2858 4313 2947 4365 τὸν
2982 4309 3320 4380 Δημιουργὸν
3353 4306 3798 4379 ὑπερϐεϐηκυίας

2208 4411 2447 4464 δίδοσθαι
2480 4411 2591 4471 τοῖς
2624 4403 2760 4478 μετὰ
2787 4402 2879 4456 τοῦ
2905 4399 3140 4472 Χριστοῦ
3169 4398 3421 4467 ἀγγέλοις
3453 4399 3532 4459 εἰς
3556 4397 3794 4466 νύμφας.

512 4510 688 4562 neque
765 4495 1062 4574 quidquam
1118 4513 1346 4552 suorum
1397 4500 1588 4556 eﬂ‘erre
1638 4519 1967 4574 corporum,
2023 4508 2118 4562 sed
2161 4508 2374 4562 animas
2427 4504 2574 4560 solas
2625 4501 2938 4555 absolutum
2997 4505 3200 4550 statqu
3275 4490 3602 4574 cognitionis
3670 4488 3799 4544 ade-

513 4600 668 4661 ptas.
707 4569 1003 4645 Cunilitore
1026 4604 1319 4662 snperato,
1352 4596 1553 4651 Christi
1597 4600 1956 4667 stipatoribus
2000 4605 2212 4674 angelis
2248 4603 2302 4656 in
2339 4598 2693 4655 matrimonio
2713 4593 2992 4649 collocari.

586 4680 720 4734 VIII.
756 4682 1035 4750 Ejusmodi
1079 4685 1189 4739 fere
1218 4696 1302 4740 est
1335 4687 1552 4742 illorum
1583 4691 1762 4746 fabula
1789 4712 1802 4758 ;
1833 4695 1936 4749 etsi
1980 4697 2100 4765 plu-
2135 4701 2179 4754 D

513 4772 666 4825 ritbns
717 4771 944 4839 insuper
1001 4774 1161 4843 nugis
1221 4786 1474 4830 contexta
1540 4779 1630 4834 sit.
1690 4779 1802 4850 Ego
1861 4798 1991 4836 vero
2040 4799 2103 4837 ca

509 4865 777 4918 duntaxat
805 4865 1097 4934 proposui,
1129 4882 1250 4936 quae
1298 4869 1351 4921 in
1381 4870 1620 4924 medium
1672 4872 1906 4939 proferri
1944 4890 2106 4944 opor-

509 4965 625 5008 tere
650 4954 806 5018 duxi,
826 4971 1063 5025 quorum
1087 4957 1152 5010 ad
1194 4973 1297 5011 nos
1326 4959 1520 5012 notitia
1561 4964 1910 5029 pervenerit,
1945 4966 2107 5018 nimi-

512 5064 632 5101 rum
680 5048 956 5103 undenam
1004 5050 1273 5106 oriundus
1325 5051 1428 5106 iste
1466 5053 1659 5120 fuerit,
1706 5072 1816 5124 quo
1857 5064 2105 5127 tempore

511 5138 741 5204 vixerit;
770 5140 916 5194 unde
937 5141 1146 5196 erroris
1181 5154 1499 5214 argumenta
1532 5148 1850 5215 sumpserit,
1883 5164 2006 5217 qua:
2035 5149 2106 5202 sit

512 5232 658 5287 illius
694 5231 982 5300 doctrina,
1012 5251 1120 5304 qua
1165 5236 1220 5289 in
1261 5252 1322 5292 re
1352 5246 1564 5292 tantum
1605 5240 1806 5294 malum
1832 5249 2106 5294 terrarum

511 5324 630 5376 urbi
667 5325 976 5394 pullularit,
1015 5329 1170 5400 173
1217 5331 1314 5386 sed
1351 5333 1498 5401 quod
1533 5334 1600 5387 ad
1638 5334 1947 5388 doctrinam
1975 5349 2106 5403 spe-

511 5423 647 5482 ctat,
675 5433 817 5484 eam,
845 5428 904 5474 ut
937 5421 1144 5476 dictum
1175 5432 1292 5490 est,
1326 5425 1593 5480 duntaxat
1623 5443 1688 5482 ex
1719 5439 1872 5497 parte
1917 5427 2107 5481 decla-

512 5510 793 5575 ravimus;
827 5523 1024 5570 caetera
1060 5532 1157 5585 per
1191 5533 1277 5573 me
1313 5519 1571 5574 subtilius
1604 5520 1880 5590 explicare
1912 5520 2066 5574 nolui
2094 5565 2107 5587 ,

511 5618 638 5658 cum
681 5606 946 5664 adversus
983 5609 1300 5666 haereticum
1340 5613 1594 5669 eumdem
1641 5614 2020 5670 elucubratam
2074 5630 2105 5668 a

589 5758 604 5788 '
627 5775 719 5828 πο.
748 5761 1044 5820 ἀνασῶσαι.

2280 4695 2360 4748 Il'.
2399 4693 2635 4760 Τοιαυτη
2670 4689 2816 4740 ἐστὶν
2843 4687 2875 4756 ή
2899 4682 3018 4736 κατ’
3047 4680 3242 4743 αὐτοὺς
3268 4677 3566 4750 τραγῳδία,
3597 4677 3795 4747 ἔχουσα

2209 4786 2307 4857 μὲν
2355 4785 2450 4838 καὶ
2499 4782 2670 4835 πλείω
2711 4779 2937 4831 τούτων·
2988 4773 3096 4842 ἐγὼ
3130 4773 3186 4825 δὲ
3233 4773 3392 4842 μόνον
3435 4771 3592 4823 ἅτινα
3636 4769 3795 4839 φύσει

2205 4878 2501 4945 ἀναγκαῖον
2551 4871 2687 4926 εἶναι
2739 4868 3035 4942 ἡγησάμην
3086 4867 3162 4926 εἰς
3218 4863 3526 4933 τούμφανὲς
3581 4861 3790 4923 ἐλθεῖν,

2205 4969 2360 5024 ταῦθ’
2393 4967 2774 5038 ὑπηγόρευσα,
2805 4962 2881 5025 ὡς
2917 4963 2950 5031 ἡ
2991 4961 3069 5022 εἰς
3100 4958 3246 5028 ἡμᾶς
3279 4956 3479 5024 γνῶσις
3517 4951 3668 5026 ἦλθε,
3700 4971 3791 5004 του

2208 5061 2370 5114 πόθεν
2421 5059 2666 5129 ὡρμᾶτο,
2718 5059 2774 5108 ἐν
2822 5052 2994 5113 ποίοις
3045 5050 3101 5102 δὲ
3137 5050 3347 5118 καιροῖς
3396 5047 3631 5116 ὑπῆρχε,
3700 5045 3794 5097 καὶ

2209 5153 2318 5206 ἀπὸ
2352 5151 2523 5205 ποίων
2564 5149 2662 5212 τὰς
2712 5145 3012 5218 προφάσεις
3059 5140 3280 5210 εἴληφε,
3328 5139 3421 5190 καὶ
3448 5138 3532 5199 τίς
3559 5135 3722 5232 αὑτοῦ
3758 5138 3792 5206 ἡ

2204 5243 2524 5297 διδασκαλία
2545 5283 2559 5306 ,
2607 5241 2723 5310 ἆμα
2761 5255 2822 5291 τε
2859 5237 2998 5288 τίσιν
3029 5233 3330 5304 ἐϐλάστησε
3356 5231 3433 5302 τῷ
3463 5231 3562 5300 βίῳ
3586 5229 3789 5293 κακὸν,

2205 5335 2314 5388 ἀπὸ
2366 5335 2562 5405 μέρους
2598 5349 2693 5394 τε,
2745 5329 2820 5392 ὡς
2865 5327 3029 5398 ἔφην,
3076 5325 3174 5395 τῆς
3211 5323 3403 5376 τούτου
3450 5321 3794 5381 διδασκαλίας

2203 5427 2608 5498 ἐμνημόνευσα.
2657 5422 2738 5475 Τὰ
2789 5422 2844 5474 δὲ
2890 5418 3050 5473 λοιπὰ
3086 5419 3184 5488 τῆς
3229 5414 3394 5470 αὑτοῦ
3439 5414 3795 5484 λεπτολογίας

2204 5522 2304 5573 οῦκ
2333 5516 2645 5589 ἠϐουλήθην
2686 5516 2780 5567 ἀπ’
2827 5511 3064 5583 ἐμαυτοῦ
3112 5508 3393 5573 συντάξαι,
3437 5504 3612 5577 εὑρὼν
3642 5504 3794 5576 παρὰ

2202 5611 2280 5683 τῷ
2320 5610 2609 5681 ἁγιωτάτῳ
2640 5606 2918 5679 Εἰρηναίῳ
2964 5605 3041 5676 τῷ
3080 5602 3293 5676 ἀρχαίῳ
3324 5600 3421 5672 τὴν
3463 5599 3584 5652 κατ’
3623 5598 3792 5651 αὐτοῦ
