4170 6372
403 324 513 383 489

1113 324 1486 382 ADVERSUS
1525 323 1870 381 HERESES
1909 324 2042 381 LIB.
2089 324 2128 378 1.
2171 324 2333 382 ΤΟΜ.
2379 325 2445 382 ll.
2485 355 2555 369 σ-
2593 325 2868 384 ΗλΕίῖΕΞ.
2905 325 3097 382 XXXI.

3560 323 3665 377 £90

404 442 790 516 πραγματείαν
822 442 1217 515 γεγενημένην.
1252 445 1394 508 Ἕως
1419 444 1474 497 δὲ
1505 443 1696 498 τούτου
1731 445 1798 497 τὰ
1831 444 1986 514 ὀλίγα

2098 446 2445 500 sanctissimo
2486 444 2690 500 lrenmo
2725 445 3152 515 disputationem
3198 441 3492 499 inveniam.
3531 439 3672 505 Quo-

402 532 576 588 ταῦτα
613 533 926 599 διεξελθὼν,
961 534 1029 586 τὰ
1077 535 1201 604 ἑξῆς
1231 536 1338 588 ἀπὸ
1375 536 1484 589 τῶν
1514 537 1609 589 τοῦ
1653 537 1990 610 προειρημέ-

403 641 497 677 νου
525 626 716 696 ἀνδρὸς
745 624 932 678 δούλου
960 625 1117 687 Θεοῦ,
1147 627 1440 697 Εἰρηναίου
1472 627 1526 679 δέ
1570 646 1734 698 φημι,
1760 628 1858 700 τὴν
1893 645 1991 681 πα-

407 716 627 786 ράθεσιν
652 717 953 789 ὁλοσχερῶς
977 719 1292 790 ποιήσομαι.
1324 721 1476 790 Ἔχει
1504 719 1559 772 δὲ
1586 719 1775 783 οὕτως’

645 917 739 969 Ἐκ
774 915 893 970 τῶν
919 918 1026 971 τοῦ
1060 918 1233 988 ἁγίου
1265 919 1375 988 (69)
1406 921 1752 987 Εἱρηναίου.

473 1032 551 1085 Θ’.
574 1033 693 1085 Ἐπὶ
714 1033 814 1104 τὴν
829 1033 1083 1105 ἀλήθειαν
1107 1036 1602 1107 παραπεμπόμενοί
1618 1055 1780 1104 τινες,
1802 1041 1990 1096 ἐπεισ-

401 1123 595 1190 άγουτι
646 1123 835 1190 λόγους
880 1124 1092 1194 ψευδεῖς
1123 1128 1217 1180 καὶ
1243 1127 1590 1196 γενεαλογίας
1621 1133 1876 1200 ματαίας,
1909 1137 1992 1188 αἴ-

400 1233 546 1278 τινες
567 1214 824 1286 ζητήσεις
856 1217 1055 1287 μᾶλλον
1083 1220 1400 1288 παρέχουσι,
1425 1220 1609 1284 καθὼς
1627 1225 1654 1274 ὁ
1672 1224 1991 1290 Ἀπόστολός

402 1322 591 1377 φησιν,
626 1305 658 1376 ἢ
689 1307 977 1377 οἰκοδομὴν
1007 1307 1141 1360 Θεοῦ
1175 1309 1273 1377 τὴν
1305 1310 1362 1360 ἐν
1392 1309 1570 1361 πίστει
1596 1326 1608 1338 ·
1653 1311 1746 1362 καὶ
1778 1312 1865 1365 διὰ
1891 1314 1989 1383 τῆς

409 1396 734 1468 πανούργως
757 1415 1093 1470 συγκεκροτη
1104 1399 1272 1468 μένης
1302 1398 1656 1470 πιθανότητος
1685 1403 1992 1473 παράγουσι

399 1491 493 1545 τὸν
523 1491 644 1544 νοῦν
676 1490 785 1544 τῶν
819 1493 1210 1564 ἀπειροτέρων,
1246 1492 1341 1546 καὶ
1370 1493 1867 1563 αίχμαλωτίζουσιν
1898 1497 1995 1550 αὐ-

400 1589 547 1652 τοὺς,
573 1588 1024 1660 ρᾳδιουργοῦντες
1056 1590 1124 1642 τά
1152 1590 1308 1658 λόγια
1337 1591 1564 1662 Κυρίου,
1599 1590 1861 1664 ἐξηγηταὶ
1890 1613 1992 1648 κα-

399 1683 487 1734 κοὶ
539 1681 647 1733 τῶν
698 1681 877 1744 καλῶς
919 1683 1226 1753 εἰρημένων
1269 1684 1566 1753 γινόμενοι,
1628 1687 1721 1738 καὶ
1768 1686 1994 1750 πολλοὺς

397 1772 797 1843 ἀνατρέπουσιν
845 1774 1149 1842 ἀπάγοντες
1192 1775 1391 1837 αὐτοὺς
1437 1778 1706 1846 προφάσει
1740 1777 1994 1846 γνώσεως

400 1868 508 1920 ἀπὸ
540 1866 633 1920 τοῦ
678 1869 798 1921 τόδε
829 1869 891 1921 τὸ
923 1870 1034 1922 πᾶν
1066 1870 1476 1940 συστησαμένου
1528 1873 1621 1923 καὶ
1652 1872 1994 1943 κεκοσμηκό-

399 1977 510 2023 τος,
547 1960 623 2022 ὡς
656 1960 988 2032 ὑψηλότερον
1021 1978 1094 2024 τι,
1127 1961 1221 2014 καὶ
1258 1960 1441 2030 μεῖζον
1480 1960 1696 2032 ἔχοντες
1730 1962 1993 2028 ἐπιδεῖξαι

399 2047 493 2099 τοῦ
524 2047 617 2099 τὸν
644 2048 898 2118 οὐρανὸν,
933 2049 1027 2102 καὶ
1052 2049 1150 2119 τὴν
1174 2050 1297 2119 γῆν,
1323 2051 1416 2103 καὶ
1438 2051 1614 2104 πάντα
1635 2052 1704 2106 τὰ
1732 2055 1789 2104 ὲν
1811 2054 1993 2118 αὐτοῖς

400 2138 760 2208 πεποιηκότος
780 2139 914 2192 Θεοῦ
935 2159 945 2170 ·
976 2140 1218 2204 πιθανῶς
1247 2143 1342 2211 μὲν
1359 2144 1690 2215 ἐπαγόμενοι
1711 2147 1799 2200 διά
1821 2147 1993 2216 λόγων

397 2228 594 2300 τέχνης
615 2231 741 2293 τοὺς
760 2233 1055 2302 ἀκεραίους
1077 2235 1156 2296 είς
1179 2234 1268 2286 τὸν
1284 2234 1378 2286 τοῦ
1405 2234 1585 2306 ζητεῖν
1607 2237 1831 2308 τρόπον,
1862 2241 1993 2292 ἀπι-

399 2319 578 2384 θάνως
615 2321 673 2374 δὲ
708 2324 1040 2388 ἀπολλύντες
1084 2326 1280 2389 αὐτοὺς
1323 2329 1378 2381 ἐν
1425 2329 1502 2400 τῷ
1546 2331 1859 2403 βλάσφημον
1901 2335 1994 2386 καὶ

399 2412 572 2482 ἀσεϐῆ
604 2413 704 2485 τὴν
735 2414 964 2486 γνώμην
1002 2417 1182 2470 αὐτῶν
1204 2421 1630 2486 κατασκευάζειν
1659 2427 1737 2487 είς
1770 2423 1860 2477 τὸν
1886 2427 1992 2495 Δη-

402 2507 681 2578 μιουργὸν,
705 2508 839 2578 μηδὲ
859 2510 917 2561 ἐν
938 2509 1012 2579 τῷ
1029 2509 1324 2580 διακρίνειν
1339 2513 1354 2542 ¹
1383 2512 1696 2584 δυναμένων
1721 2515 1779 2568 τὸ
1797 2515 1994 2585 ψεῦδος

399 2597 508 2650 ἀπὸ
530 2599 624 2651 τοῦ
662 2598 920 2671 ἀληθοῦς·
967 2603 1000 2672 ἡ
1051 2602 1160 2672 γὰρ
1199 2602 1374 2673 πλάνη
1422 2605 1542 2658 καθ’
1568 2607 1737 2679 αὐτὴν
1769 2609 1868 2678 μὲν
1895 2611 1995 2663 οὐκ

399 2690 786 2756 ἐπιδείκνυται,
805 2693 891 2745 ἵνα
917 2694 991 2765 μὴ
1019 2712 1084 2762 γυ
1093 2695 1366 2760 μνωθεῖσα
1391 2697 1610 2768 γένηται
1638 2701 1988 2772 κατάφωρος·

401 2783 614 2852 πιθανῷ
639 2783 695 2835 δὲ
726 2785 1096 2857 περιϐλήματι
1134 2787 1458 2858 πανούργως
1490 2793 1862 2863 κοσμουμένη,
1903 2794 1995 2846 καὶ

399 2872 574 2942 αὐτῆς
606 2874 705 2944 τῆς
751 2875 1011 2946 ἀληθείας
1071 2877 1443 2950 ἀληθεστέραν
1489 2882 1688 2952 ἑαυτὴν
1733 2885 1994 2955 παρέχειν

401 2964 688 3032 φαίνεσθαι
710 2967 730 2996 ¹
764 2966 853 3019 διὰ
879 2967 978 3037 τῆς
1003 2967 1202 3032 ἔξωθεν
1229 2973 1529 3039 φαντασίας
1561 2976 1675 3038 τοῖς
1707 2976 1993 3048 ἀπειροτέ-

402 3071 518 3125 ροις
534 3071 548 3083 ·
575 3054 756 3118 καθὼς
775 3056 877 3108 ὑπὸ
900 3056 994 3109 τοῦ
1023 3058 1328 3129 κρείττονος
1352 3061 1510 3132 ἡμῶν
1534 3061 1749 3133 εἴρηται
1774 3066 1994 3118 ἐπὶτῶν

2090 538 2234 592 circa
2252 537 2440 604 paucis
2465 536 2568 589 huc
2603 551 2775 603 usque
2808 550 2837 586 a
2866 550 2952 589 me
2973 533 3436 596 commemoratis,
3461 531 3672 600 reliqua

2089 643 2155 682 ex
2199 628 2344 682 illius
2394 627 2567 695 ipsius
2621 624 2712 680 Dei
2756 627 2899 679 servi
2945 639 3108 694 opere
3150 632 3465 694 pertexam;
3510 629 3674 690 atque

2090 720 2323 790 ipsamet
2353 717 2538 772 Irenaﬁ
2571 720 2733 772 verba
2755 758 2768 781 ,
2817 735 2884 773 ne
2914 725 3123 772 mutata
3162 716 3382 787 quidem
3425 713 3634 790 syllaba
3655 752 3673 780 ,

2092 812 2400 882 subjiciam.
2428 809 2567 865 Sunt
2593 812 2706 865 hac
2735 811 3005 880 ejusmodi
3044 828 3059 864 :

2586 922 2670 975 Ea:
2709 931 2892 975 sancto
2934 920 3159 975 Irenwo.

2163 1035 2255 1091 IX.
2284 1035 2418 1091 Cum
2450 1034 2698 1105 plerique
2727 1036 2956 1090 veritate
2982 1041 3291 1103 contempta
3320 1032 3485 1088 falsas
3509 1046 3677 1101 quas-

2093 1127 2218 1181 dam
2251 1130 2598 1184 narrationes
2650 1138 2705 1183 et
2747 1131 2938 1182 inanes
2969 1127 3314 1199 genealogias
3356 1125 3673 1186 obtrudant,

2093 1237 2214 1290 qua:
2231 1221 2559 1290 quaestiones
2585 1228 2850 1290 praestant
2880 1219 3074 1290 magis,
3099 1225 3157 1272 ut
3175 1216 3469 1287 Apostolus
3495 1213 3676 1283 loqui-

2094 1322 2184 1366 tur
2203 1313 2242 1379 ⁸,
2267 1329 2427 1382 quam
2452 1314 2868 1367 aediﬁcationem
2891 1312 3001 1375 Dei,
3023 1327 3143 1381 quae
3167 1319 3251 1364 est
3273 1310 3326 1363 in
3343 1308 3479 1362 ﬁde:
3514 1314 3678 1374 atque

2096 1406 2257 1460 iidem
2282 1407 2356 1459 illi
2382 1406 2575 1460 callida
2599 1406 3007 1476 artiﬁciosaque
3030 1405 3272 1460 oratione
3300 1401 3677 1471 imperitorum

2096 1499 2307 1553 animos
2332 1499 2630 1568 decipiant,
2665 1514 2729 1553 ac
2759 1499 2909 1552 velut
2930 1499 3175 1568 captivos
3206 1496 3516 1564 abripiant;
3543 1492 3676 1546 dum

2094 1599 2148 1644 et
2167 1591 2388 1644 oracula
2414 1591 2600 1644 divina
2624 1591 2945 1661 depravant,
2973 1599 3025 1644 et
3047 1599 3196 1645 recte
3222 1588 3368 1642 dicta
3392 1598 3677 1657 perperam

2096 1682 2559 1752 interpretantur:
2606 1692 2722 1737 tum
2757 1698 2890 1737 vero
2923 1697 3088 1753 quam
3121 1681 3388 1751 plurimos
3422 1678 3488 1731 ab
3513 1676 3678 1744 hujus

2096 1775 2337 1830 universi
2359 1777 2643 1830 conditore
2690 1782 2744 1831 et
2771 1776 3085 1830 ordinatore
3115 1774 3246 1838 Deo,
3278 1773 3411 1827 falsa
3435 1769 3674 1840 Quadam

2096 1867 2363 1923 abductos
2407 1871 2589 1938 specie
2626 1869 2978 1941 cognitionis,
3010 1869 3062 1923 in
3096 1866 3392 1938 perniciem
3423 1864 3676 1930 trahant;

2095 1961 2249 2029 quasi
2290 1961 2578 2016 sublimius
2624 1962 2830 2032 aliquid
2871 1977 2935 2016 ac
2974 1961 3152 2030 majus
3190 1974 3254 2014 eo
3298 1957 3678 2013 demonstrare

2095 2052 2328 2121 possint,
2367 2053 2460 2123 qui
2509 2055 2709 2107 caelum
2763 2063 3094 2124 terramque,
3138 2067 3203 2106 ac
3244 2067 3366 2121 quae
3399 2052 3467 2105 iis
3495 2050 3676 2104 contio

2095 2151 2298 2198 nentur
2329 2144 2513 2198 omnia
2555 2145 2897 2215 procrearit:
2953 2144 3092 2200 adeo
3121 2152 3180 2198 ut
3210 2141 3487 2212 simplices
3515 2141 3678 2195 mini-

2095 2252 2293 2307 meque
2326 2238 2500 2293 malos
2546 2238 2798 2293 homines
2829 2237 3028 2293 fucatis
3060 2235 3405 2292 sermonibus
3435 2233 3503 2287 ad
3533 2231 3679 2286 veri-

2097 2330 2224 2385 tatis
2245 2329 2648 2401 indagationem
2673 2330 2871 2386 blande
2895 2330 3190 2385 admodum
3228 2329 3476 2390 illiciant,
3496 2340 3678 2395 neque

2098 2432 2275 2478 tamen
2312 2423 2511 2479 blande
2552 2423 2676 2479 illos
2723 2424 2779 2478 in
2816 2423 3044 2479 exitium
3079 2423 3385 2493 impellant,
3417 2420 3547 2474 dum
3578 2417 3678 2472 ad—

2095 2532 2291 2572 versus
2345 2530 2526 2571 rerum
2571 2515 2820 2586 opiﬁcem
2865 2530 3092 2587 pronam
3136 2515 3204 2569 ad
3243 2511 3680 2568 maledicendum

2096 2609 2428 2678 impiamque
2467 2617 2703 2664 mentem
2744 2609 3017 2680 injiciunt,
3065 2608 3210 2680 quod
3252 2623 3441 2663 verum
3475 2621 3506 2659 a
3542 2604 3680 2660 falso

2095 2701 2410 2758 discernere
2443 2702 2776 2772 quibuscum
2812 2708 2980 2773 agunt
3037 2706 3312 2770 nequeant
3341 2717 3354 2753 :
3391 2713 3502 2751 non
3533 2699 3679 2752 enim

2096 2792 2308 2848 falsitas
2341 2795 2488 2848 nuda
2539 2810 2604 2849 ac
2635 2794 2868 2864 simplex
2899 2793 3245 2865 proponitur,
3286 2807 3355 2846 ne
3395 2790 3511 2846 suis
3541 2790 3682 2843 inte-

2097 2889 2370 2955 gumentis
2403 2888 2621 2942 evoluta
2651 2887 2986 2958 deprehendi
3013 2886 3171 2944 facile
3194 2886 3400 2956 possit;
3432 2883 3527 2940 sed
3558 2900 3683 2954 spc-

2096 2978 2264 3034 ciosis
2289 2980 2589 3036 involucris
2612 2982 2753 3034 miro
2779 2979 3010 3034 artiﬁcio
3042 2978 3330 3050 perpolita,
3369 2988 3427 3032 ut
3454 2987 3680 3032 externa

2097 3085 2294 3139 pompa
2337 3078 2501 3142 atque
2539 3072 2691 3127 cultu
2723 3073 2952 3127 veritate
2992 3072 3111 3141 ipsa
3143 3067 3549 3140 quodammodo
3589 3083 3684 3120 ve-

400 3147 680 3210 τοιούτων,
716 3149 797 3201 ὃτι
826 3148 989 3202 Λίθον
1027 3151 1122 3202 τὸν
1158 3151 1338 3222 τίμιον
1377 3154 1689 3224 σμάραγδον
1714 3156 1865 3220 ὄντα,
1901 3161 1993 3210 καὶ

2099 3162 2300 3217 riorem
2334 3179 2456 3218 sese
2480 3163 2762 3218 rudiorum
2795 3163 2970 3220 oculis
3001 3163 3291 3232 subjiciat:
3325 3159 3682 3232 quemadmo-

402 3243 769 3313 πολυτίμητόν
794 3261 934 3296 τισιν
966 3242 1127 3306 ῦαλος
1156 3245 1458 3316 ἐνυϐρίζειν
1491 3246 1578 3300 διὰ
1603 3247 1798 3318 τέχνης
1821 3267 1991 3320 παρο-

405 3335 726 3405 μοιουμένη,
756 3337 955 3388 ὁπόταν
984 3335 1059 3406 μὴ
1093 3340 1242 3408 παρῇ
1273 3339 1301 3389 ὁ
1327 3337 1530 3391 σθένων
1557 3340 1869 3410 δοκιμάσαι.
1901 3345 1994 3395 καὶ

400 3427 566 3497 τέχνῃ
588 3424 856 3492 διελέγξαι
893 3425 992 3496 τὴν
1027 3427 1354 3497 πανούργως
1403 3429 1726 3499 γενομένην’
1762 3431 1892 3484 ὅταν
1940 3432 1996 3485 δὲ

403 3521 634 3588 ἑπιμιγῇ
666 3520 694 3570 ὀ
737 3518 936 3586 χαλκὸς
980 3519 1060 3580 είς
1097 3518 1191 3571 τὸν
1219 3519 1483 3591 ἄργυρον,
1524 3519 1608 3583 τίς
1640 3521 1875 3585 εὐκόλως
1907 3523 1995 3576 δυ-

402 3612 626 3680 νήσεται
657 3609 844 3662 τοῦτον
870 3610 1144 3681 ἀκεραίως
1175 3610 1499 3680 δοκιμάσαι;

2098 3254 2226 3307 dum
2251 3255 2320 3308 ab
2343 3256 2526 3326 aliquo
2552 3257 2709 3326 longe
2729 3273 2890 3326 quam
2923 3273 3022 3311 nos
3045 3256 3422 3326 praestantiore
3449 3254 3515 3308 de
3535 3254 3684 3322 ejus-

2099 3346 2245 3400 modi
2276 3349 2696 3417 pronuntiatum
2732 3359 2847 3404 est:
2883 3347 3186 3418 Exquisita:
3209 3362 3434 3417 gemmae
3463 3361 3525 3399 ac
3553 3360 3680 3415 pre-

2095 3432 2404 3491 tiosissimae
2469 3439 2758 3508 smaragdo
2811 3437 3043 3493 similem
3090 3439 3159 3490 ab
3199 3435 3501 3490 artiﬁcibus
3563 3433 3678 3487 ﬁeri

2096 3526 2330 3580 vitreum
2358 3528 2624 3598 lapillum,
2669 3543 2779 3584 non
2821 3528 2940 3584 sine
2973 3527 3210 3598 quadam
3254 3527 3400 3581 illius
3442 3525 3679 3594 injuria;

2101 3618 2204 3671 nisi
2240 3626 2441 3688 praesto
2476 3621 2569 3685 sit,
2605 3621 2695 3691 qui
2728 3620 3076 3675 discernendi
3104 3619 3298 3690 peritia
3331 3618 3526 3682 valeat,
3555 3618 3681 3687 qui-

405 3721 512 3775 que
538 3715 655 3759 arte
700 3721 800 3761 sua
850 3705 1024 3763 fretus
1069 3707 1432 3762 adulterinam
1488 3708 1631 3760 illam
1684 3724 1952 3778 gemmam
2018 3712 2444 3788 simulatamque
2485 3718 2813 3788 dignoscat:
2851 3719 2948 3774 sed
2969 3733 3094 3772 cum
3159 3734 3234 3772 aes
3301 3724 3528 3786 argento
3581 3716 3682 3768 mi—

408 3805 612 3861 scetur,
647 3798 772 3867 quis
799 3797 904 3852 hoc
935 3798 1094 3854 facile
1121 3800 1445 3868 sincereque
1480 3801 1800 3854 discernat?
1828 3800 1836 3810 '

480 3892 596 3943 Ἵνα
632 3886 724 3944 οῦν
763 3890 838 3962 μὴ
884 3891 981 3963 τὴν
1012 3892 1288 3963 ἡμετέραν
1325 3893 1501 3945 αἰτίαν
1540 3891 1997 3964 συναρπάζωνταί

404 4000 571 4047 τινες,
590 3983 666 4046 ὡς
687 3983 935 4054 πρόϐατα
964 3984 1069 4036 ὑπὸ
1093 3982 1294 4047 λύκων,
1335 3983 1657 4052 ἀγνοοῦντες
1685 3985 1880 4048 αὐτοὺς
1911 3985 1997 4038 διά

408 4073 507 4144 τὴν
549 4072 748 4137 ἔξωθεν
794 4074 892 4144 τῆς
943 4074 1268 4145 προϐατείου
1311 4073 1472 4144 δορᾶς
1509 4075 1798 4146 ἐπιϐουλὴν
1819 4076 1859 4139 ³,
1904 4075 1998 4138 οὓς

408 4166 702 4234 φυλάσσειν
771 4165 1155 4236 παρήγγελκεν
1197 4169 1330 4236 ἡμῖν
1369 4169 1396 4219 ό
1428 4166 1654 4237 Κύριος,
1695 4168 1856 4238 ὅμοια
1899 4168 1997 4238 μὲν

407 4255 726 4318 λαλοῦντας,
761 4257 990 4327 ἀνόμοια
1024 4257 1081 4309 δὲ
1120 4257 1452 4329 φρονοῦντας
1473 4275 1484 4286 ·
1528 4260 1822 4326 ἀναγκαῖον
1855 4261 1994 4331 ήγη-

411 4352 615 4421 σάμην,
654 4348 890 4420 ἐντυχὼν
917 4344 1027 4413 τοῖς
1074 4350 1430 4422 ὑπομνήμασι
1461 4351 1588 4414 τῶν,
1625 4352 1699 4415 ὡς
1727 4353 1881 4404 αὐτοὶ
1905 4353 1987 4405 λέν

2175 3894 2539 3961 Quamobrem
2574 3908 2642 3948 ne
2673 3895 2766 3963 qui
2795 3894 2957 3963 culpa
2988 3903 3177 3949 nostra
3203 3903 3463 3964 tanquam
3489 3912 3619 3953 oves
3647 3914 3680 3954 a

2103 3981 2267 4051 lupis,
2297 3983 2376 4036 sic
2404 3982 2474 4037 ab
2501 3982 2995 4052 illis'abripiantur,
3027 3983 3186 4055 174
3207 4000 3344 4054 quos
3368 3987 3548 4041 ovium
3565 3990 3682 4058 pel-

2104 4073 2246 4128 libus
2294 4080 2468 4127 tectos
2517 4073 2858 4143 ignorarint;
2898 4073 3212 4141 cujusmodi
3246 4076 3518 4134 cavendos
3557 4096 3681 4136 esse

2101 4161 2368 4217 Dominus
2395 4164 2656 4233 praecipit,
2685 4177 2918 4231 quorum
2943 4163 3138 4217 similis
3162 4179 3362 4227 sermo,
3396 4166 3680 4224 dissimilis

2100 4262 2187 4310 est
2215 4255 2464 4309 animus:
2500 4255 2874 4309 necessarium
2906 4257 3112 4325 putavi,
3145 4271 3269 4309 cum
3304 4258 3359 4312 in
3381 4256 3677 4327 Valentini,

2103 4355 2162 4402 ut
2193 4355 2466 4406 asserunt.
2496 4347 2888 4416 discipulorum
2915 4349 3338 4404 commentarios
3365 4351 3677 4416 inciderim,

411 4460 619 4510 γουσιν,
634 4443 984 4496 Οὐαλεντίνου
1007 4442 1282 4514 μαθητῶν,
1307 4444 1469 4507 ἐνίοις
1489 4444 1532 4496 δ’
1552 4445 1728 4497 αὐτῶν
1744 4445 1837 4496 καὶ
1860 4461 1993 4515 συμ-

2103 4454 2226 4493 cum
2262 4439 2470 4508 aliquot
2509 4439 2676 4493 etiam
2710 4453 2778 4492 ex
2812 4439 3029 4493 illorum
3072 4454 3302 4494 numero
3349 4457 3681 4513 congressus

411 4530 613 4596 ϐαλὼν,
650 4534 745 4584 καὶ
776 4531 1215 4602 καταλαϐόμενος
1250 4531 1365 4603 τὴν·
1386 4533 1612 4602 γνώμην
1648 4532 1849 4595 αὐτῶν,
1890 4551 1997 4604 μη-

354 4693 357 4696 _
412 4624 570 4678 νῦσαί
588 4641 692 4687 σοι,
714 4626 982 4695 ἀγαπητὲ,
1008 4626 1074 4677 τά
1097 4625 1375 4696 τερατώδη
1393 4625 1487 4678 καὶ
1508 4624 1678 4694 βαθέα
1704 4627 1997 4697 μυστήρια,

412 4715 449 4768 ἃ
480 4717 540 4768 οὐ
576 4716 778 4779 πάντες
807 4716 1096 4788 χωροῦσιν,
1126 4717 1246 4769 ἐπεὶ
1272 4715 1346 4787 μὴ
1370 4717 1572 4780 πάντες
1591 4717 1679 4768 τὸν
1702 4717 1999 4786 ἐγκέφαλον

415 4805 794 4870 ὲξεπτύκασιν,
847 4807 995 4869 ὅπως
1033 4808 1127 4860 καὶ
1165 4809 1251 4871 σὺ,
1291 4805 1476 4878 μαθὼν
1517 4807 1674 4874 αὐτὰ,
1726 4809 1857 4860 πᾶσι
1885 4810 1999 4870 τοῖς

418 4897 558 4970 μετά
589 4898 682 4952 σοῦ
706 4899 916 4969 φανερὰ
940 4901 1194 4973 ποιήσῃς,
1213 4900 1307 4953 καὶ
1332 4899 1667 4971 παραινέσῃς
1693 4900 1873 4963 αὐτοῖς
1897 4917 1997 4969 φυ-

415 4987 679 5055 λάξασθαι
709 4991 802 5042 τὸν
835 4990 994 5060 βυθὸν
1021 4991 1121 5060 τῆς
1155 4991 1361 5056 ἀνοίας,
1397 4991 1491 5043 καὶ
1518 4990 1619 5059 τῆς
1652 4991 1732 5052 είς
1760 4989 1995 5061 Χριστὸν

419 5065 764 5153 βλασφημίας
789 5099 801 5112 ·
839 5083 953 5146 καὶ,
986 5081 1166 5146 καθὼς
1193 5082 1418 5152 δύναμις
1446 5085 1599 5153 ἡμῖν,
1641 5083 1739 5153 τήν
1763 5098 1823 5134 τε
1854 5080 1996 5149 γνὼ-

421 5191 530 5246 μην
555 5173 734 5226 αὐτῶν
764 5173 871 5226 τῶν
902 5173 995 5228 νῦν
1033 5173 1563 5248 παραδιδασκόντων,
1603 5173 1746 5241 λέγω
1785 5173 1848 5244 δὴ
1890 5172 1997 5226 τῶν

419 5282 547 5335 περι
577 5265 934 5334 Πιτολεμαίον,
968 5264 1287 5335 άπάνθισμα
1325 5260 1490 5317 οὖσαν
1515 5263 1612 5334 τῆς
1646 5262 1996 5318 Οὐαλεντίνου

491 5401 510 5432 ί
544 5399 688 5456 lren.
728 5400 802 5472 μὴ
826 5401 1140 5471 διακρίνειν.
1215 5401 1236 5431 ¹
1268 5398 1329 5455 F.
1367 5401 1595 5470 παρέχει
1630 5400 1712 5455 vel
1747 5400 2016 5469 φαίνεται.

495 5515 609 5588 (69)
649 5515 744 5588 Ἐκ
774 5514 903 5588 τῶν,
925 5513 1032 5568 τοῦ
1073 5515 1265 5583 ἁγίου.
1307 5514 1610 5588 Plurimum
1633 5514 1728 5588 vel
1752 5515 1856 5588 hoc
1885 5529 1998 5588 uno

422 5583 648 5643 nomine
669 5585 738 5640 de
764 5587 908 5638 omni
936 5590 1256 5654 posteritate
1279 5585 1510 5639 meritus
1527 5593 1611 5639 est
1633 5583 1990 5654 Epiphanius,

421 5656 575 5729 quod
604 5657 725 5724 ejus
767 5654 950 5710 studio
989 5655 1192 5729 factum
1235 5665 1339 5720 est,
1381 5664 1441 5708 ut
1464 5655 1654 5729 .lrenaei
1683 5655 1987 5729 fragmenta

420 5725 788 5798 qua'dam__ex
835 5733 988 5778 tanto
1033 5726 1180 5798 illius
1214 5741 1440 5795 operum
1457 5725 1996 5798 naufragiosuper-

420 5795 630 5856 ésscnt.
676 5795 790 5851 Nos
817 5810 881 5850 ea
912 5811 1036 5850 cum
1066 5795 1259 5849 Latina
1301 5795 1473 5853 veteri
1522 5795 1990 5868 interpretatione,

703 5891 975 5962 ΡΑΤιιοι,
1011 5892 1129 5954 Gn.
1155 5891 1318 5955 XLI.

2106 4529 2324 4593 fuerim,
2367 4530 2494 4594 tibi,
2530 4544 2564 4582 o
2589 4529 2932 4594 charissime,
2991 4539 3309 4600 portentosa
3339 4533 3427 4592 illa
3465 4549 3529 4588 ac
3553 4551 3683 4605 pro-

2105 4623 2275 4678 funda
2324 4622 2631 4692 signiﬁcare
2671 4623 2965 4693 mysteria;
3022 4639 3144 4693 qum
3192 4624 3408 4694 quidem
3456 4643 3565 4681 non
3612 4629 3682 4683 ad

2105 4724 2323 4784 captum
2347 4713 2593 4768 omnium
2617 4711 2846 4778 faciunt,
2872 4714 3016 4782 quod
3047 4729 3153 4769 non
3180 4731 3372 4772 onmes
3387 4719 3677 4774 cerebrum

2105 4807 2596 4876 exspuerint,utet
2624 4815 2679 4859 tu
2712 4806 2946 4876 cognitis
2969 4805 3346 4871 iis,universis
3373 4811 3464 4880 qui
3496 4818 3679 4865 tecum

2109 4904 2239 4953 sunt
2285 4896 2474 4951 eadem
2525 4895 2792 4961 declares,
2831 4911 2895 4949 ac
2937 4911 3182 4961 moneas,
3228 4898 3306 4951 uti
3350 4900 3678 4954 altissimum

2104 4991 2255 5044 illum
2294 4989 2539 5046 stultitia:
2584 4998 2746 5058 atque
2778 4989 2833 5042 in
2859 4988 3136 5045 Christum
3177 4991 3528 5061 blasphemia:
3552 5009 3684 5063 gur-

2102 5081 2264 5152 gitem
2305 5079 2570 5133 dcvitent.
2622 5077 2830 5147 Itaque,
2876 5079 3057 5147 quoad
3105 5080 3164 5132 in
3208 5095 3294 5134 me
3341 5081 3506 5134 situm
3555 5083 3680 5146 erit,

2104 5184 2292 5225 eorum
2337 5170 2428 5240 qui
2476 5169 2682 5223 erroris
2727 5169 2889 5224 hodie
2929 5171 3180 5240 magistri
3225 5177 3371 5235 sunt,
3418 5171 3680 5224 nimirum

2103 5262 2412 5326 Ptolemaei,
2461 5261 2692 5332 ejusque
2741 5268 3104 5324 sectatorum,
3161 5262 3254 5332 qui
3298 5277 3363 5317 ex
3405 5258 3680 5316 Valentini

2090 5400 2112 5432 ι
2142 5398 2203 5453 F.
2235 5398 2514 5469 ἐπιϐολήν.
2589 5397 2652 5451 ιι
2685 5397 2826 5452 Tim.
2859 5412 2898 5462 ι,
2934 5397 2987 5450 4.

2104 5513 2252 5585 quod
2286 5514 2415 5585 olim
2442 5511 2632 5585 Billius
2667 5512 2892 5585 fecerat,
2919 5513 3209 5585 diligenter
3236 5513 3591 5585 contulimus,
3620 5519 3677 5566 et

2104 5583 2322 5639 nostras
2364 5583 2616 5653 Billiique
2662 5584 3008 5652 conjecturas
3046 5583 3114 5638 ad
3143 5583 3447 5652 marginem
3498 5585 3673 5638 ascri-

2102 5655 2334 5724 psimus,
2385 5670 2564 5724 neque
2605 5654 2899 5723 quidquam
2951 5654 3054 5710 nisi
3101 5669 3164 5708 ex
3212 5661 3456 5708 veterum
3507 5669 3672 5708 manu

2101 5723 2451 5782 exaratorum
2475 5723 2589 5782 Iide
2618 5725 2674 5781 in
2699 5733 2959 5794 contextu
2990 5725 3110 5794 ipso
3140 5724 3493 5780 mutavimus.

3205 5887 3270 5951 16
