4170 6372
531 361 624 417 491

1903 351 1960 407 S.
2003 349 2340 404 ΕΡΙΡΗΛΝΙΙ

3682 347 3784 400 49?

534 480 720 535 schola
744 475 1113 540 cllloruerunt,
1139 475 1465 530 sententiam
1496 483 1751 528 accurate
1779 488 1841 527 ac
1869 473 2106 527 breviter

2227 472 2422 542 ςχολῆς,
2443 471 2720 542 συντόμως
2740 473 2832 524 καὶ
2858 470 3039 540 σαφῶς
3061 466 3370 539 ἀπαγγελοῦ
3379 485 3498 536 μεν,
3518 469 3607 520 καὶ
3627 469 3787 539 ἀφορ-

535 586 839 642 exponam;
889 577 941 624 et
986 567 1052 621 ad
1085 581 1203 622 eam
1236 565 1581 622 refutandam
1625 565 1819 618 idonea
1854 556 1972 636 .pro
2008 564 2110 618 mei

538 672 729 734 captus
755 661 1048 730 exiguitate
1074 665 1391 729 argumenta
1419 672 1701 728 suggeram
1724 673 1736 707 :
1765 657 1964 726 quibus
1991 671 2112 725 qua:

543 755 610 807 ab
660 752 766 805 illis
819 750 1077 804 dicuntur
1121 747 1457 818 perabsurda
1507 747 1840 816 minimeque
1897 747 2110 799 veritati

544 848 909 896 consentanea
956 854 1078 893 esse
1121 837 1605 898 demonstrabitur,
1658 837 1875 891 tametsi
1935 854 2113 906 neque

544 932 765 1002 scriptis
797 931 1093 1000 quidquam
1132 930 1454 983 elucubrare
1494 932 1892 992 consueverint,
1940 947 2114 998 neque

546 1025 761 1079 dicendi
787 1025 856 1077 sit
880 1038 908 1076 a
937 1038 1022 1077 me
1052 1023 1282 1076 facultas
1308 1023 1698 1076 exercitatione
1720 1023 1965 1091 quaesita.
2008 1022 2113 1077 Sed

544 1132 633 1169 me
667 1115 905 1169 charitas
944 1114 1212 1176 hortatur,
1263 1121 1320 1165 ut
1359 1128 1422 1167 ea
1469 1114 1566 1165 tibi
1613 1115 1833 1182 tuisque
1861 1114 2114 1182 dogmata

541 1206 901 1279 patefaciant,
959 1220 1081 1275 quae
1123 1205 1190 1258 ad
1237 1206 1384 1259 hunc
1429 1206 1698 1258 occultata
1743 1205 1884 1258 diem
1931 1206 2114 1259 divina

543 1303 705 1355 modo
724 1300 900 1372 gratia
917 1305 1162 1369 prompta
1184 1300 1437 1352 omnibus
1463 1306 1757 1367 apertaque
1781 1309 1925 1353 sunt.
1964 1297 2115 1352 Nihil

541 1394 680 1444 enim
710 1400 783 1444 est
816 1391 1098 1447 occultum,
1134 1387 1272 1457 quod
1304 1404 1406 1439 non
1435 1387 1714 1451 reveletur,
1750 1399 1797 1441 et
1832 1387 2116 1442 abscondi-

546 1495 675 1544 tum,
711 1482 848 1550 quod
886 1499 989 1536 non
1013 1481 1274 1535 sciatur‘.

616 1575 684 1629 X.
711 1575 1000 1629 Enimvero
1016 1574 1149 1628 nihil
1167 1573 1272 1627 erit
1290 1571 1387 1626 cur
1412 1588 1438 1624 a
1463 1572 1638 1633 nobis,
1658 1571 1747 1642 qui
1775 1574 1914 1627 inter
1935 1571 2117 1628 Gallos

544 1666 810 1734 degimus,
843 1671 1005 1734 atque
1026 1665 1078 1718 in
1094 1665 1338 1720 barbara:
1361 1665 1556 1734 lingua:
1577 1663 1928 1719 meditatione
1948 1665 2119 1732 pluri-

545 1773 695 1810 mum
731 1758 978 1827 occupati
1022 1772 1230 1820 sumus,
1253 1758 1548 1810 oratoriam
1566 1757 1750 1827 exigas
1778 1757 2112 1816 facultatem,

2218 566 2321 635 μάς
2367 563 2607 632 δώσομεν
2647 565 2781 617 κατά
2824 564 2921 634 τὴν
2965 564 3236 632 ἡμετέραν
3271 561 3615 630 μετριότητα,
3652 560 3785 631 πρδς

2213 657 2273 707 τὸ
2302 656 2626 725 ἀνατρέπειν
2673 655 2861 725 αὐτὴν,
2917 654 3178 706 ἀλλόκοτα
3226 655 3318 706 καὶ
3366 653 3682 721 ἀνάρμοστα
3721 653 3785 720 τῇ

2214 749 2437 820 ἀληθείᾳ
2477 747 2872 810 ἐπιδεικνύντες
2903 747 2968 799 τά
3001 747 3090 798 ὑπ’
3125 745 3304 797 αὐτῶν
3331 743 3616 813 λεγόμενα,
3653 743 3786 812 μήτε

2216 842 2548 912 συγγράφειν
2593 840 2904 909 εἰθισμένοι,
2941 841 3080 909 μήτε
3117 839 3287 904 λόγων
3323 836 3516 904 τέχνην
3550 835 3788 904 ἠσκηκὸο

2213 950 2301 996 τες
2323 951 2335 963 ·
2366 934 2584 1002 ἀγάπης
2608 932 2663 984 δέ
2685 933 2828 1002 ἡμᾶς
2861 930 3308 1001 προτρεπομένης
3342 927 3421 979 σοί
3450 945 3507 979 τε
3535 926 3627 978 καὶ
3651 927 3789 978 πᾶσι

2213 1027 2326 1087 τοῖς
2356 1025 2492 1093 μετά
2517 1022 2607 1075 σοῦ
2636 1022 2868 1092 μηνῦσαι
2889 1023 2956 1073 τὰ
2983 1021 3140 1090 μέχρι
3170 1019 3266 1081 μὲν
3288 1017 3382 1070 νῦν
3405 1015 3783 1086 κεκρυμμένα,

2215 1115 2315 1185 ’ήδη
2337 1115 2395 1166 δέ
2421 1113 2560 1166 κατὰ
2588 1116 2685 1183 τὴν
2715 1113 2870 1183 χάριν
2909 1112 3001 1164 τοῦ
3033 1109 3167 1162 Θεοῦ
3204 1113 3282 1171 εἰς
3331 1108 3562 1178 φανερὸν
3592 1107 3783 1176 ἐληλυ-

2217 1207 2346 1259 θότα
2385 1206 2704 1274 διδάγματα.
2768 1203 2956 1256 Οὐδὲν
2993 1205 3101 1271 γάρ
3139 1203 3272 1254 ἐστι
3315 1197 3787 1267 κεκαλυμμένον,

2217 1296 2247 1348 ὃ
2278 1299 2386 1349 οὐκ
2415 1293 3003 1362 ἀποκαλυφθήσεται,
3025 1293 3120 1344 καὶ
3148 1290 3434 1360 κρυπτὸν,
3474 1289 3504 1342 ὃ
3548 1291 3619 1342 οὐ
3644 1305 3789 1356 γνω-

2216 1389 2524 1455 σθιὶσεται.

2290 1564 2342 1622 I'.
2374 1563 2490 1618 Οὐκ
2522 1561 2872 1633 ἐπιζητήσεις
2893 1561 2948 1612 δέ
2980 1562 3111 1631 παρ’
3137 1561 3290 1630 ἡμῶν
3311 1562 3420 1632 (70)
3445 1563 3552 1614 τῶν
3576 1564 3634 1616 ἐν
3656 1563 3790 1614 Κελ-

2217 1660 2328 1718 τοῖς
2359 1655 2760 1726 διατριϐόντων,
2811 1653 2903 1704 καὶ
2947 1651 3072 1721 περὶ
3119 1651 3390 1723 βάρϐαρον
3433 1654 3705 1706 διάλεκτον
3733 1654 3792 1706 τὸ

2221 1749 2466 1801 πλεῖστον
2500 1744 2906 1816 ἀσχολουμένων
2936 1743 3108 1810 λόγων
3145 1744 3361 1814 τέχνην,
3415 1746 3481 1816 ἣν
3523 1747 3622 1799 οὐκ
3658 1747 3792 1817 ἐμά-

547 1862 709 1918 quam
730 1862 1006 1918 nunquam
1025 1847 1344 1914 didicimus;
1361 1863 1536 1916 neque
1558 1848 1826 1902 scribendi
1848 1848 2114 1917 peritiam,

2227 1844 2402 1912 θομεν,
2431 1841 2551 1893 οὕτε
2575 1841 2802 1908 δύναμιν
2825 1837 3206 1906 συγγραφέως,
3234 1839 3301 1907 ἣν
3327 1839 3427 1891 οὐκ
3450 1840 3789 1911 ἠσκήσαμεν,

547 1941 636 1994 cui
658 1956 931 2010 nunquam
954 1940 1288 2006 studuimus;
1315 1955 1491 2008 neque
1508 1940 1762 2003 dictionis
1777 1949 2025 1994 ornatum
2056 1956 2118 1993 ac

549 2033 753 2095 lucum,
788 2047 951 2100 quem
975 2033 1190 2101 penitus
1213 2033 1549 2102 ignoramus.
1578 2032 1716 2096 Quin
1746 2034 1924 2100 potius
1954 2046 2117 2102 queea

547 2125 707 2177 nobis
743 2122 1082 2190 simpliciter,
1100 2138 1162 2176 ac
1193 2139 1319 2177 vere
1346 2122 1664 2191 vulgat-ique
1693 2138 1944 2178 sermone
1970 2126 2033 2178 ad
2068 2133 2119 2181 te

556 2230 619 2266 ex
647 2212 911 2266 cbaritatc
933 2213 1272 2278 scribuntur,
1316 2229 1380 2268 ea
1412 2230 1478 2268 ex
1527 2214 1797 2268 cbaritatc
1830 2217 2118 2285 suscipies,

554 2312 719 2372 atque
763 2310 950 2372 utpote
989 2305 1162 2374 magis
1197 2304 1261 2358 ad
1292 2305 1344 2358 id
1387 2305 1748 2374 praestandum
1770 2308 2015 2370 idoneus,
2041 2310 2120 2364 sic

551 2402 814 2464 tanquam
845 2393 1051 2448 semina
1069 2394 1314 2463 quadam
1341 2401 1395 2448 et
1417 2396 1571 2448 initia
1593 2410 1622 2448 a
1646 2396 1804 2452 nobis
1822 2402 2118 2467 acceperis,

551 2502 692 2540 nova
727 2483 867 2554 apud
911 2492 964 2537 te
993 2485 1308 2538 accessione
1351 2485 1710 2554 locupletiora
1752 2486 1940 2553 facies,
1979 2498 2033 2545 et
2068 2492 2120 2545 in

552 2577 752 2632 mentis
780 2587 886 2630 tua;
912 2577 1209 2645 spatiosum
1239 2577 1420 2632 sinum
1445 2579 1744 2645 recondita,
1780 2597 1900 2651 qua:
1933 2584 2122 2654 paucis

554 2683 584 2720 a
611 2684 697 2721 me
724 2668 1014 2736 perstricta
1045 2674 1195 2731 sunt,
1221 2667 1473 2721 uberiore
1499 2666 1678 2723 fructu
1707 2673 2121 2740 compensabis:

556 2773 620 2810 ac
644 2757 883 2828 denique
911 2756 1176 2834 quidquid
1219 2772 1248 2810 a
1282 2772 1367 2812 me
1398 2772 1587 2826 parum
1627 2759 1856 2814 viriliter
1883 2763 2126 2832 explica-

557 2855 671 2899 tum
698 2846 881 2908 fuerit,
905 2846 1046 2915 apud
1067 2854 1191 2900 tuos
1204 2860 1431 2900 nervose
1458 2845 1773 2917 fortiterque
1797 2847 2120 2921 disputabis.

557 2938 732 3007 Atque
765 2946 822 2992 nt
850 2953 948 3008 ego
975 2938 1069 2992 tibi
1100 2939 1316 2991 illorum
1347 2940 1668 2993 sententiam
1695 2941 2002 3010 perdiscere
2031 2961 2126 3000 cu-

557 3030 748 3098 pienti,
785 3045 893 3083 non
933 3044 1051 3084 eam
1092 3028 1254 3082 modo
1285 3027 1565 3084 declarare
1598 3030 1802 3096 studui,
1845 3033 2000 3104 175
2031 3036 2124 3090 sed

2218 1933 2340 1986 οὔτε
2377 1931 2756 2001 καλλωπισμὸν
2786 1931 3001 1994 λέξεων.
3038 1929 3158 1981 οὗτε
3196 1929 3549 2001 πιθανότητα,
3601 1932 3665 1998 ἣν
3695 1931 3793 1983 οὐκ

2219 2025 2454 2094 οἴδαμεν.
2506 2023 2664 2076 Ἀλλά
2693 2022 2878 2085 ἁπλῶς
2906 2022 2999 2075 καὶ
3043 2025 3255 2095 ἀληθῶς
3285 2027 3378 2078 καὶ
3416 2022 3695 2086 ἰδιωτικῶς
3726 2023 3793 2075 τά

2224 2119 2360 2191 μετά
2390 2118 2609 2186 ἀγάπης
2647 2134 2726 2169 σοι
2756 2116 3052 2185 γραφέντα,
3101 2114 3236 2182 μετά
3281 2116 3500 2184 ἀγάπης
3531 2116 3595 2167 σὺ
3627 2131 3792 2184 προσ-

2219 2212 2363 2283 δέξῃ,
2388 2211 2480 2264 καὶ
2501 2209 2659 2271 αὐτὸς
2684 2208 2938 2276 αὐξήσεις
2965 2205 3102 2260 αὐτὰ
3125 2206 3274 2278 παρὰ
3301 2205 3528 2276 σεαυτῷ,
3555 2206 3648 2259 ἅτε
3679 2209 3793 2258 ἱκα-

2221 2302 2449 2372 νώτερος
2477 2300 2631 2370 ἡμῶν
2665 2298 2964 2366 τυγχάνων,
3003 2300 3163 2351 οἱονεὶ
3199 2297 3486 2369 σπέρματα
3505 2299 3596 2350 καὶ
3625 2297 3794 2368 ἀρχάς

2222 2392 2397 2447 λαϐὼν
2416 2410 2491 2444 πα
2501 2392 2543 2462 ρ’
2558 2390 2733 2460 ἡμῶν,
2747 2390 2838 2440 καὶ
2858 2391 2914 2441 ἐν
2930 2388 3006 2457 τῷ
3023 2389 3213 2441 πλάτει
3233 2405 3325 2440 σου
3345 2387 3434 2439 τοῦ
3449 2387 3539 2440 νοῦ
3555 2388 3644 2439 ἐπὶ
3665 2387 3794 2439 πολὺ

2225 2484 2665 2555 καρποφορήσεις
2685 2480 2752 2532 τά
2777 2479 2842 2531 δι’
2870 2478 3064 2544 ὀλίγων
3088 2477 3176 2545 ὑφ’
3207 2476 3362 2546 ἡμῶν
3391 2476 3674 2547 εἰρημένα,
3708 2478 3793 2527 καὶ

2223 2574 2462 2637 δυνατῶς
2485 2572 2858 2644 παραστήσεις
2899 2572 3007 2631 τοῖς
3040 2568 3176 2638 μετά
3207 2568 3300 2620 σοῦ
3343 2567 3412 2620 τά
3445 2567 3681 2629 ἀσθενῶς
3708 2569 3796 2636 ὑφ’

2224 2666 2378 2738 ἡμῶν
2409 2663 2810 2736 ἐπηγγελμένα.
2865 2663 2973 2714 Καὶ
3010 2661 3083 2722 ὡς
3117 2661 3276 2731 ἡμεῖς
3308 2659 3794 2728 ἐφιλοτιμήθημεν,

2225 2760 2389 2815 πάλαι
2418 2757 2705 2828 ζητοῦντός
2751 2770 2842 2806 σου
2894 2751 3083 2822 μαθεῖν
3116 2751 3214 2820 τὴν
3244 2749 3468 2820 γνώμην
3499 2751 3696 2816 αὐτῶν,
3725 2750 3800 2820 μὴ

2228 2854 2387 2924 μόνον
2436 2867 2516 2902 σοι
2553 2847 2771 2916 ποιῆσαι
2800 2843 3054 2914 φανερὰν,
3108 2841 3241 2896 ἀλλά
3273 2844 3366 2895 καὶ
3404 2843 3589 2911 ἐφόδια
3619 2843 3800 2896 δοῦναι

2228 2943 2361 3014 πρὸς
2389 2941 2448 2994 τὺ
2485 2936 2838 2991 ἐπιδεικνύειν
2868 2935 3035 3006 αὐτὴν
3082 2934 3277 3003 ψευδῆο
3334 2933 3478 2988 οῦτω
3515 2934 3570 2986 δέ
3603 2935 3699 2987 καὶ
3735 2935 3800 2986 σὺ

2227 3033 2516 3104 φιλοτίμως
2545 3033 2656 3092 τοῖς
2695 3029 2898 3089 λοιποῖς
2929 3027 3290 3097 διακονήσεις,
3321 3026 3460 3079 κατά
3499 3027 3598 3096 τὴν
3641 3026 3801 3096 χάριν

557 3120 751 3172 idonea
783 3134 999 3188 quoque
1032 3119 1282 3188 praesidia
1313 3119 1377 3173 ad
1407 3120 1552 3173 illam
1584 3122 2009 3178 convincendam
2044 3135 2124 3180 at-

2228 3128 2326 3198 τὴν
2355 3124 2492 3196 πρὸς
2522 3122 2612 3176 τοῦ
2633 3120 2835 3191 Κυρίου
2863 3135 2942 3171 σοι
2967 3118 3276 3188 δεδομένην,
3303 3121 3381 3179 εἰς
3402 3118 3462 3170 τὸ
3488 3118 3684 3188 μηκέτι
3703 3135 3801 3169 παι

558 3210 685 3263 tuli:
741 3211 812 3264 ita
866 3218 920 3264 et
961 3219 1018 3263 tu
1049 3225 1148 3280 pro
1176 3225 1236 3264 ea
1266 3225 1387 3280 qua:
1415 3219 1592 3267 tecum
1629 3226 1660 3264 a
1688 3211 1799 3267 Deo
1822 3218 2126 3271 communi-

558 3311 679 3356 cata
712 3303 883 3371 gratia
920 3311 1022 3368 est,
1062 3309 1383 3356 caeterorum
1439 3303 1683 3372 impense
1729 3307 2035 3364 rationibus
2072 3319 2126 3365 et

2236 3217 2561 3290 ρασύρεσθαι
2581 3213 2705 3274 τοὺς
2730 3210 3046 3281 ἀνθρώπους
3074 3209 3178 3263 ὑπὸ
3206 3213 3309 3280 τῆς
3335 3209 3556 3262 ἐκείνων
3585 3209 3800 3262 πιθανο-

2231 3311 2414 3380 λογίας
2442 3307 2605 3374 οὔσης
2635 3304 2910 3371 τοιαύτηςο

559 3398 773 3450 utilitati
801 3395 1024 3460 servies,
1044 3413 1111 3451 ne
1138 3397 1189 3448 in
1211 3404 1484 3464 posterum
1508 3398 1794 3467 quisquam
1819 3401 2014 3458 blanda
2033 3407 2245 3464 illorum
2273 3406 2516 3462 oratione
2533 3403 2795 3470 capiatur.
2817 3400 2947 3464 Quae
2978 3398 3031 3451 in
3055 3398 3198 3451 hunc
3221 3399 3437 3452 modum
3462 3415 3581 3454 sese
3605 3399 3762 3452 habet
3789 3415 3802 3449 :

627 3491 903 3561 Principio
943 3493 997 3544 in
1025 3491 1449 3546 sublimitatibus
1479 3491 1606 3558 illis,
1656 3510 1776 3564 quae
1807 3513 1981 3568 neque
2006 3502 2130 3558 visu

560 3583 784 3653 percipi,
833 3598 1009 3651 neque
1048 3582 1411 3652 appellatione
1441 3584 1549 3637 ulla
1577 3575 1963 3656 comprehendi
1998 3607 2125 3662 pos—

565 3683 712 3736 sunt,
750 3675 1048 3743 perlectum
1076 3675 1251 3728 inesse
1281 3676 1569 3743 quemdam
1597 3675 1827 3734 AEonem
1853 3693 2127 3750 asserunt,

565 3780 723 3833 quem
757 3772 812 3817 et
848 3765 1082 3832 primum
1125 3762 1432 3825 Parentem,
1465 3772 1518 3817 et
1552 3763 1781 3834 Bythum
1823 3773 2129 3828 nominant.

565 3851 721 3906 Hunc
761 3867 884 3905 cum
928 3852 1076 3904 nullo
1127 3853 1248 3906 loco
1277 3852 1543 3907 contineri
1586 3869 1685 3909 nec
1724 3857 1893 3912 videri
1928 3871 2129 3928 posset,

563 3944 950 4012 sempiternum
984 3956 1084 3996 nec
1112 3943 1352 4012 genitum
1381 3944 1435 3996 in
1472 3945 1653 4012 quiete
1677 3954 1840 4016 atque
1871 3950 1984 4004 otio
2012 3951 2134 4004 inli-

566 4037 697 4089 nitis
739 4047 1118 4104 perseverasse
1185 4035 1418 4088 saeculis.
1462 4036 1706 4101 Quocum
1743 4037 2002 4096 Ennmam
2036 4057 2132 4095 ex-

566 4127 772 4180 stitisse
797 4125 1020 4194 pariter,
1049 4139 1212 4194 quam
1244 4124 1335 4178 isti
1367 4123 1610 4178 Gratiam
1636 4141 1699 4180 ac
1722 4127 1885 4197 Sigen
1916 4140 2131 4186 vocant.

567 4221 643 4269 Ac
662 4215 828 4269 fuisse
845 4225 1059 4283 tempus
1077 4214 1390 4284 aliquando,
1413 4229 1534 4268 eum
1558 4215 1763 4286 Bythus
1781 4218 1870 4272 ille
1890 4220 2133 4273 omnium

565 4323 631 4360 ex
669 4321 789 4360 sese
818 4305 1116 4374 primordia
1138 4305 1439 4374 producere
1470 4307 1739 4374 voluerit,
1776 4323 1839 4362 ac
1875 4318 2136 4380 tanquam

567 4397 793 4460 semina,
826 4410 948 4465 quae
975 4396 1030 4448 in
1054 4395 1214 4466 Sigen
1243 4397 1503 4465 aequalem
1538 4413 1603 4452 ac
1643 4414 1950 4469 comparem
1979 4417 2132 4457 suam

2303 3501 2532 3568 Λέγουσι
2560 3495 2668 3564 γὰρ
2691 3493 2811 3547 τινὰ
2834 3490 2971 3545 εἶναι
2995 3494 3051 3545 ἐν
3077 3493 3328 3562 ἀοράτοις
3355 3493 3447 3544 καὶ
3469 3491 3802 3560 ἀκατονομά-

2234 3609 2378 3654 στοις
2399 3589 2653 3658 ύψώμασι
2685 3586 2886 3638 τέλειον
2913 3584 3092 3637 Αἰῶνα
3115 3586 3348 3654 προόντα
3368 3600 3381 3613 ⁸
3417 3585 3603 3636 τοῦτον
3625 3583 3680 3636 δέ
3713 3584 3802 3635 καὶ

2233 3684 2556 3755 Προπάτορα
2573 3683 2615 3742 ³,
2635 3679 2726 3731 καὶ
2750 3678 2914 3729 Βυθὸν
2934 3677 3208 3729 καλοῦσιν.
3227 3677 3568 3746 ’Υπάρχοντα
3585 3677 3628 3728 δ’
3645 3676 3805 3728 αὑτὸν

2233 3769 2512 3839 ἀχώρητον
2558 3767 2652 3819 καὶ¹
2701 3765 2947 3834 ἀόρατον,
2988 3765 3158 3817 ἀΐδιόν
3190 3782 3248 3816 τε
3272 3766 3365 3817 καὶ
3399 3765 3712 3834 ἀγέννητον,
3748 3767 3806 3817 ἐν

2233 3860 2459 3930 ἠσυχίᾳ,
2513 3857 2604 3910 καὶ
2653 3855 2858 3927 ἠρεμία
2915 3855 3080 3925 πολλῇ
3132 3856 3412 3922 γεγονέναι
3457 3857 3514 3907 ἐν
3562 3857 3808 3926 ἀπείροις

2242 3950 2401 4003 αἰῶσι
2432 3949 2653 4019 χρόνων.
2700 3945 3072 4016 Συνυπάρχειν
3096 3945 3138 3996 δ’
3162 3947 3309 4016 αύτῴ
3333 3947 3426 3998 καὶ
3449 3949 3712 4008 Ἔννοιαν,
3740 3951 3806 4019 ἦν

2237 4041 2300 4111 δὴ
2324 4040 2416 4092 καὶ
2445 4038 2637 4107 Χάριν,
2674 4038 2767 4088 καὶ
2789 4037 2953 4104 Σιγὴν
2982 4035 3340 4105 ὀνομάζουσι·
3361 4038 3455 4090 καὶ
3490 4040 3806 4110 ἐννοηθῆναί

2240 4148 2368 4184 ποτε
2393 4131 2484 4197 ἀφ’
2515 4127 2706 4180 ἐαυτοῦ
2732 4127 3095 4196 προϐαλέσθαι
3122 4129 3212 4181 τὸν
3238 4129 3402 4180 Βυθὺν
3425 4129 3611 4182 τοῦτον
3634 4132 3808 4201 ἀρχὴν

2240 4220 2346 4272 τῶν
2371 4219 2609 4272 πάντων.
2635 4217 2727 4269 καὶ
2754 4215 3004 4286 καθάπερ
3027 4217 3245 4288 σπέρμα
3270 4218 3367 4286 τὴν
3390 4219 3655 4290 προϐολὴν
3680 4220 3809 4272 ταύ-

2240 4327 2358 4380 την.
2401 4311 2467 4380 ἣν
2499 4306 2860 4378 προϐαλέσθαι
2893 4307 3165 4376 ἐνενοήθη,
3205 4309 3298 4360 καὶ
3340 4310 3620 4376 καθέσθαι,
3649 4311 3723 4373 ὡς
3749 4314 3807 4364 ὲν

2244 4401 2425 4469 μήτρᾳ
2457 4398 2590 4468 (71),
2632 4399 2698 4467 τῇ
2740 4396 3153 4468 συνυπαρχούσῃ
3187 4399 3365 4469 ἐαυτῷ
3399 4401 3553 4470 Σιγῇ.
3591 4402 3808 4471 Ταύτην

567 4487 726 4556 quasi
761 4487 1044 4540 matricem
1077 4485 1296 4541 infudit.
1336 4487 1468 4541 Eam
1499 4505 1665 4559 porro
1691 4492 1898 4549 semine
1925 4494 2017 4547 illo
2040 4509 2124 4548 ex-

2239 4489 2294 4540 δέ
2325 4488 2724 4557 ὑποδεξαμένην
2752 4487 2810 4539 τὸ
2835 4487 3056 4556 σπέρμα
3085 4488 3261 4551 τοῦτο,
3295 4489 3386 4542 καὶ
3418 4490 3692 4561 ἐγκύμονα
3717 4508 3810 4560 γε-

567 4586 724 4647 cepto
755 4575 1056 4648 gravidam,
1084 4581 1301 4634 demum
1334 4579 1570 4635 similem
1599 4582 1830 4650 genitori
1857 4583 2138 4651 sno,Nun,

567 4670 939 4742 arqualemque
970 4671 1264 4741 peperisse,
1297 4671 1389 4739 qui
1422 4671 1572 4726 solus
1591 4670 1841 4728 Parentis
1871 4677 2143 4744 magnitu-

568 4760 748 4814 dinem
772 4770 1008 4829 caperet.
1041 4760 1301 4815 Eumdem
1320 4760 1443 4814 Nun
1459 4763 1621 4817 etiam
1643 4761 1940 4832 Unigenam
1964 4768 2140 4820 nomi-

571 4859 722 4914 nant,
765 4861 818 4905 et
865 4851 1100 4915 Patrem,
1154 4860 1208 4905 et
1252 4851 1587 4921 Principium
1626 4868 1808 4907 rerum
1853 4858 2140 4918 omnium;

570 4959 801 5011 quocum
837 4959 941 4997 una
975 4952 1261 5013 procreata
1291 4944 1364 4998 sit
1396 4942 1632 5000 Veritas.
1695 4945 1846 5000 Hane
1875 4963 1997 5002 esse
2027 4950 2140 5017 pri-

570 5050 710 5086 mam
732 5050 793 5086 ac
815 5035 1109 5103 principem
1136 5033 1286 5087 illam
1302 5032 1778 5106 Pythagoraorum
1799 5038 2139 5108 quadrigam,

568 5144 729 5196 quam
754 5136 805 5180 et
823 5127 1198 5180 universorum
1223 5125 1460 5180 radicem
1485 5127 1774 5196 appellant.
1801 5129 1940 5182 Sunt
1959 5136 2138 5182 autem

573 5219 773 5292 Bythus
804 5235 866 5272 ac
895 5218 1052 5287 Sige;
1105 5227 1218 5270 tum
1251 5216 1365 5271 Nus
1407 5231 1470 5270 ac
1506 5215 1742 5270 Veritas.
1776 5215 1988 5278 Postea,
2014 5233 2138 5270 cum

574 5310 769 5378 quibus
794 5307 860 5362 de
882 5307 1062 5362 causis
1083 5305 1384 5374 productus
1409 5313 1554 5359 esset
1588 5303 1829 5375 Unigena
1850 5306 2134 5370 sensisset,

609 5485 626 5515 ¹
666 5483 852 5537 Matth.
887 5499 941 5546 χ,
975 5481 1065 5538 26.

651 5665 753 5734 (70)
796 5667 916 5717 Οὐκ
953 5665 1322 5732 ἐπιζητήσας
1352 5664 1419 5716 δὲ
1455 5667 1588 5732 παρ’
1616 5664 1798 5733 ἡμῶν.
1827 5665 1982 5730 Quod
2009 5681 2132 5732 per-

577 5751 756 5797 peram
791 5743 947 5788 antea
976 5736 1196 5805 Δέλφοις
1215 5751 1312 5804 pro
1339 5734 1557 5796 Κελτοῖς
1582 5735 1878 5803 legebatur,
1897 5751 1964 5789 ex
1990 5734 2120 5808 Reg.

2237 4579 2466 4648 νομένην
2495 4580 2804 4648 ἀποκυῆσαι
2838 4578 2979 4632 Νοῦν
3007 4581 3190 4648 ὅμοιόν
3221 4598 3280 4632 τε
3307 4582 3400 4633 καὶ
3428 4581 3540 4634 ἴσον
3571 4583 3648 4652 τῷ
3677 4601 3809 4655 προ-

2237 4669 2469 4730 ϐαλόντι,
2508 4669 2599 4721 καὶ
2631 4668 2789 4739 μόνον
2815 4669 3092 4740 χωροῦντα
3119 4671 3180 4723 τὸ
3211 4672 3436 4742 μέγεθος
3460 4673 3552 4726 τοῦ
3577 4675 3806 4742 Πατρός.

2238 4760 2340 4812 Τὸν
2383 4759 2440 4811 δὲ
2472 4758 2613 4811 Νοῦν
2645 4759 2833 4811 τοῦτον
2876 4762 2966 4812 καὶ
2993 4761 3267 4830 Μονογενῆ
3299 4761 3542 4827 καλοῦσι,
3579 4766 3671 4816 καὶ
3699 4767 3810 4817 Πα-

2235 4851 2389 4920 τέρα,
2424 4850 2517 4901 καὶ
2559 4851 2754 4920 Ἀρχὴν
2783 4851 2888 4903 τῶν
2921 4852 3166 4905 πάντων·
3212 4855 3721 4924 συμπροϐεϐλῆσθαι
3750 4857 3808 4910 δὲ

2237 4940 2382 5011 αύτῷ
2399 4940 2694 5010 Ἀλήθειαν.
2716 4943 2823 4994 Καὶ
2840 4940 2976 4994 εἶναι
2998 4944 3199 5012 ταύτην
3227 4945 3441 5012 πρῶτον
3463 4946 3482 4975 ³
3535 4947 3626 4997 καὶ
3647 4946 3809 5016 ἀρχέ-

2238 5048 2392 5099 γονον
2435 5031 2814 5102 Πυθαγορικὴν
2869 5034 3202 5103 τετρακτὺν,
3256 5035 3320 5104 ἢν
3367 5037 3458 5087 καὶ
3505 5037 3657 5106 ῥίζαν
3701 5039 3809 5088 τῶν

2238 5123 2454 5175 πάντων
2481 5122 2753 5174 καλοῦσιν.
2806 5123 2961 5176 Ἔστι
2989 5123 3095 5195 γὰρ
3122 5125 3289 5187 Βυθὸς
3313 5127 3404 5178 καὶ
3433 5127 3589 5196 Σιγὴ,
3622 5126 3809 5179 ἔπειτα

2237 5215 2380 5276 Νοῦς
2407 5213 2499 5266 καὶ
2530 5213 2803 5285 Ἀλήθεια.
2839 5215 3171 5286 Αἱσθόμενόν
3192 5233 3250 5268 τε
3274 5218 3362 5269 τὸν
3385 5219 3663 5285 Μονογενῆ
3684 5218 3810 5268 τοῦ-

2236 5322 2326 5357 τον
2359 5306 2444 5374 ἐφ’
2481 5301 2563 5370 οἷς
2603 5305 2933 5378 προεϐλήθη,
2974 5308 3265 5378 προϐαλεῖν
3312 5309 3404 5361 καὶ
3455 5309 3615 5360 αὐτὸν
3641 5309 3811 5375 Λόγον

1142 5484 1160 5512 ⁹
1187 5481 1326 5538 Iren.
1356 5483 1448 5534 καί
1473 5483 1772 5555 προαρχὴν,
1805 5483 1914 5537 καί.
1983 5483 2004 5514 ³
2027 5485 2107 5537 An
2137 5482 2396 5555 πρώτηνῖ

2238 5666 2359 5719 cod.
2395 5669 2718 5723 auctoritate
2753 5669 3097 5724 sustulimus.

2303 5738 2412 5807 (71}
2457 5740 2561 5793 Καὶ
2604 5740 2888 5796 καθέσθαι
2925 5741 3004 5805 ὠς
3036 5741 3105 5794 ἐν
3128 5741 3343 5809 μήτρᾳ.
3389 5740 3637 5815 Espung.
3686 5741 3804 5800 καί.
