4170 6372
403 333 510 390 495

1139 329 1510 384 ADVERSUS
1548 329 1888 386 [LJERESES
1925 329 2054 384 LIB.
2098 329 2143 384 1.
2188 328 2356 385 TOM.
2401 330 2465 384 11.
2507 361 2575 375 --
2614 331 2886 386 H£RES.
2919 329 3090 384 XXXI

3561 331 3669 386 4-9-5-

410 429 509 480 καὶ
574 424 724 494 Ζωὴν
778 424 997 494 πατέρα
1035 423 1254 476 πάντων
1306 423 1414 475 τῶν
1487 424 1602 494 μετ’
1659 425 1820 476 αὑτὸν
1881 426 1994 475 ἐσο-

2104 438 2220 475 mox
2266 423 2443 492 ipsum
2489 404 2732 478 vicissim
2772 423 3111 488 Sermonem,
3143 421 3430 492 Vitamque
3475 439 3674 493 prepa-

411 519 609 588 μένων,
646 517 739 568 καὶ
775 516 970 586 ἀρχὴν,
999 515 1090 567 καὶ
1116 516 1392 585 μόρφωσιν
1425 515 1623 576 παντὸς
1656 515 1748 566 τοῦ
1778 514 1990 584 πληρώ-

411 628 603 682 ματος.
656 610 747 661 Ἑκ
777 608 840 678 δὴ
874 607 968 660 τοῦ
1004 609 1176 675 Λόγου
1218 609 1312 660 καὶ
1345 609 1444 676 τῆς
1476 608 1628 676 Ζωῆς
1685 608 1994 678 προϐεϐλῆ-

410 703 536 755 σθαι
561 701 704 754 κατὰ
734 700 995 768 συζυγίαν
1021 701 1338 770 ’Ἄνθρωπον
1377 701 1468 752 καὶ
1505 700 1847 770 Ἐκκλησίαν.
1885 701 1994 754 Καὶ

355 850 362 855 ,
407 796 547 848 εἶναι
596 793 800 862 ταύτην
847 791 1140 864 ἀρχέγονον
1175 791 1464 858 Ὀγδοάδα,
1523 790 1678 862 ῥίζαν
1723 793 1816 844 καὶ
1866 793 1996 845 ὑπό-

409 904 601 939 στασιν
645 886 754 937 τῶν
797 885 1033 941 πάντων,
1078 887 1327 951 τέτρασιν
1375 884 1600 951 ὀνόμασι
1648 884 1774 952 παρ’
1813 884 1995 946 αὐτοῖς

408 980 573 1030 καλου
583 977 802 1048 μένωνι,
820 976 994 1046 Βυθῴ,
1014 977 1108 1027 καὶ
1122 973 1233 1043 NQ),
1261 975 1351 1026 καὶ
1371 975 1548 1043 Λόγῳ,
1567 975 1658 1027 καὶ
1675 975 1990 1047 ’Λνθρίῖλττιμ

410 1066 568 1123 Εἶναι
623 1069 730 1140 γὰρ
776 1069 957 1121 αὐτῶν
1005 1068 1234 1120 ἕκαστον
1271 1065 1988 1138 (72)ἁρρεκθόθη).υνούτως·

410 1163 627 1234 πρῶτον
667 1163 758 1214 τὸν
786 1162 1112 1232 Προπὰτορα
1154 1161 1390 1232 ἡνῶσθαι
1437 1160 1579 1215 κατὰ
1624 1162 1882 1230 συζυγίαν
1927 1165 1991 1232 τῇ

410 1253 603 1308 ἑαυτοῦ
635 1253 870 1324 Ἐννοίᾳ·
908 1253 994 1304 τὸν
1027 1253 1082 1304 δὲ
1110 1254 1410 1322 Μονογενῆ,
1446 1253 1689 1306 τουτέστι
1722 1253 1809 1304 τὸν
1830 1253 1992 1315 Νοῦν,

407 1352 472 1419 τῇ
506 1347 758 1417 Ἀληθείᾳ.
778 1365 792 1377 ·
825 1347 915 1399 τὸν
937 1346 992 1397 δὲ
1018 1346 1188 1413 Λόγον
1222 1349 1286 1416 τῇ
1317 1349 1434 1415 Ζωῇ
1460 1363 1470 1375 ·
1508 1347 1601 1397 καὶ
1631 1345 1720 1398 τὸν
1755 1345 1997 1415 ’Ἄνθρω-

410 1457 512 1493 πον
541 1443 604 1509 τῇ
643 1438 960 1508 Ἐκκλησία.
1002 1437 1237 1499 Τούτους
1267 1438 1323 1490 δὲ
1346 1439 1472 1499 τοὺς
1502 1438 1710 1499 Λίῶνας
1738 1439 1816 1499 είς
1839 1435 1995 1499 δόξαν

407 1531 503 1583 τοῦ
525 1529 731 1598 [ἰατρὸς
759 1529 1256 1598 προϐεϐλημένους,
1285 1527 1644 1596 βουληθέντας
1677 1527 1768 1579 καὶ
1800 1528 1996 1590 αὐτοὺς

409 1620 497 1674 διὰ
527 1621 620 1674 τοῦ
651 1622 781 1673 ἰδίου
818 1623 1038 1685 δοξάσαι
1069 1624 1160 1675 τὸν
1197 1625 1435 1694 Πατέρα,
1471 1624 1762 1694 προϐαλεῖν
1797 1624 1994 1694 προϐο-

407 1710 507 1773 λὰς
525 1713 582 1761 ὲν
596 1712 823 1781 συζυγίᾳ
839 1731 851 1742 ·
875 1713 964 1764 τὸν
991 1713 1090 1782 μὲν
1112 1712 1281 1780 Λόγον
1301 1715 1392 1766 καὶ
1412 1713 1682 1783 τὴνῐΖωὴν
1705 1713 1840 1784 (72‘)
1859 1713 1996 1783 μετὰ

2099 533 2275 586 gasse,
2299 532 2486 570 eorum
2519 533 2638 585 qua:
2663 525 2784 585 post
2813 516 2989 586 ipsum
3014 516 3194 570 futura
3221 522 3406 570 essent
3428 517 3674 570 omnium

2098 617 2400 679 parentem,
2448 623 2512 662 ac
2550 610 2904 680 principium,
2951 619 3004 663 et
3034 609 3351 678 pleroniatis
3386 608 3552 661 totius
3582 624 3678 662 ex-

2097 703 2432 772 politionem.
2497 701 2614 756 Jani
2659 719 2724 756 ex
2774 699 3038 756 Sermone
3077 701 3309 770 Vitaque
3361 717 3458 770 par
3507 717 3676 754 unum

2097 803 2370 856 exortum,
2409 793 2696 848 Hominem
2741 802 2903 860 alque
2934 791 3255 846 Ecclesiam.
3302 793 3379 845 Ita
3424 793 3680 862 primige-

2099 887 2254 938 niam.
2295 901 2417 940 esse
2467 885 2755 940 conflatam
2792 884 3142 954 Ogdoadem,
3188 886 3428 936 omnium
3493 899 3674 936 rerum

2099 975 2511 1029 fundamentum
2557 990 2620 1029 ac
2667 976 2928 1039 radicem,
2965 990 3085 1042 quze
3127 976 3345 1043 quidem
3394 977 3676 1044 quaternis

2098 1067 2413 1120 nominibus
2444 1075 2682 1130 constat,
2729 1065 2922 1138 Bytbo,
2967 1067 3068 1131 No,
3103 1065 3388 1127 Sermone,
3424 1065 3674 1121 Homine.

2099 1156 2391 1222 Quodlibet
2423 1159 2567 1211 enim
2615 1173 2712 1226 par
2757 1173 2963 1211 marem
3011 1172 3073 1210 ac
3117 1156 3373 1210 feminam
3411 1158 3674 1211 continet.

2098 1250 2172 1300 Ac
2199 1249 2435 1316 primum
2486 1264 2620 1303 sane
2662 1263 3048 1316 summumque
3087 1246 3374 1300 Parentem
3411 1263 3534 1300 eum
3569 1246 3680 1301 En-

2100 1355 2221 1391 nma
2271 1354 2368 1392 sua
2408 1339 2597 1393 iniisse
2650 1337 2997 1408 conjugium;
3051 1335 3350 1407 Unigenam
3391 1354 3520 1392 vero
3566 1340 3680 1393 sive

2098 1432 2219 1485 Nun
2251 1448 2373 1485 cum
2397 1432 2668 1498 Veritate;
2699 1431 3017 1486 Sermonem
3051 1446 3176 1484 cum
3201 1429 3358 1496 Vita;
3393 1429 3680 1484 Hominem

2098 1539 2221 1576 cum
2264 1522 2526 1577 Ecclesia.
2565 1523 2694 1578 Post
2720 1522 2925 1577 Aiones
2963 1523 3100 1578 istos
3125 1521 3380 1600 Parentis
3411 1523 3477 1574 ad
3510 1521 3680 1578 decus

2097 1614 2436 1684 gloriamque
2457 1615 2689 1684 genitos,
2723 1631 2847 1668 cum
2885 1615 2952 1668 ad
2981 1616 3100 1683 ejus
3134 1615 3361 1686 gloriam
3390 1615 3683 1672 refundere

2099 1705 2302 1775 aliquid
2335 1715 2619 1776 cuperent,
2655 1706 2829 1760 ascito
2858 1705 2960 1760 sibi
2985 1707 3240 1775 conjugio
3274 1721 3467 1760 novam
3493 1722 3681 1761 susce-

407 1803 469 1854 τὸ
507 1802 870 1873 προϐαλέσθαι
902 1803 992 1854 τὸν
1023 1804 1342 1874 ’Ἄνθρωπον
1378 1805 1473 1856 καὶ
1510 1805 1605 1874 τὴν
1642 1803 1988 1874 Ἐκκλησίαν,

2104 1799 2242 1868 pisse
2301 1800 2563 1852 sobolem.
2625 1798 2780 1852 Velut
2835 1800 3152 1853 Sermonem
3195 1797 3476 1868 Vitamque
3523 1800 3683 1870 176

409 1896 602 1957 ἄλλους
635 1895 764 1948 δέκα
792 1895 1027 1958 Λὶὧνας,
1072 1889 1145 1949 ὧν
1169 1897 1236 1949 τὰ
1266 1897 1508 1967 ὀνόματα
1536 1897 1752 1964 λέγουσι
1787 1896 1958 1950 ταῦτα
1979 1913 1990 1926 '

412 1986 604 2047 Βύθιος
632 1986 723 2038 καὶ
752 1986 936 2050 Μίξις,
973 1988 1272 2057 Ἀγήρατος
1301 1989 1396 2040 καὶ
1425 1988 1678 2054 Ἕνωσις,
1710 1988 1997 2056 Λύτοφυὴς

384 2075 505 2130 ’καὶ
533 2077 745 2147 Ἡδονὴ,
782 2078 1061 2147 Ἀκίνητος
1087 2080 1180 2130 καὶ
1203 2077 1537 2149 Σύγκρασις,
1565 2079 1874 2149 Μονογενὴς
1905 2079 1998 2130 καὶ

410 2169 691 2241 Μακαρία.
738 2163 896 2222 Οὗτοι
942 2169 1072 2223 δέκα
1099 2170 1324 2234 Αίῶνες,
1356 2171 1448 2233 οὓς
1477 2171 1570 2223 καὶ
1604 2176 1902 2239 φάσκουσιν
1936 2171 2000 2221 ἐκ

409 2263 592 2332 Λόγου
621 2263 715 2316 καὶ
745 2263 901 2331 Ζωῆς
947 2264 1380 2335 προϐεϐλῆσθαι.
1439 2265 1542 2315 Τὸν
1596 2263 1651 2315 δὲ
1681 2262 1999 2333 ’Ἄνθρωπον

411 2357 506 2408 καὶ
551 2354 712 2407 αὑτὸν
763 2355 1055 2425 προϐαλεῖν
1089 2357 1226 2424 μετὰ
1265 2357 1364 2426 τῆς
1418 2354 1740 2424 Ἐκκλησίας
1785 2353 1999 2416 Λίῶνας

410 2447 640 2509 δώδεκα,
691 2443 773 2510 οἷς
825 2447 999 2500 ταῦτα
1040 2448 1107 2500 τὰ
1154 2449 1393 2516 ὀνόματα
1439 2447 1781 2517 χαρίζονται·
1815 2446 2000 2514 Παρά-

411 2539 611 2608 κλητος
656 2538 750 2591 καὶ
784 2539 995 2600 Πίστις,
1033 2538 1305 2607 Πατρικὸς
1330 2537 1423 2588 καὶ
1467 2537 1673 2600 Ἐλπὶς,
1724 2535 2004 2606 Μητρικὸς

412 2631 506 2682 καὶ
556 2629 802 2698 Ἀγάπη,
864 2627 1099 2689 Ἀείνους
1156 2627 1250 2679 καὶ
1311 2629 1553 2688 Σύνεσις,
1611 2627 1702 2678 καὶ
1788 2625 2000 2693 Εκκλη-

413 2717 690 2781 σιαστικὸς
759 2726 850 2770 και
923 2716 1325 2788 Μακαριότης,
1379 2713 1611 2785 Θελητὸς
1683 2714 1778 2767 καὶ
1836 2713 2005 2782 Σοφία

411 2811 546 2882 (75).

484 2897 642 2956 Οὗτοί
697 2903 835 2954 εἰσιν
894 2904 942 2955 οἱ
1008 2902 1301 2973 τριάκοντα
1370 2900 1576 2963 Λίῶνες
1633 2898 1732 2968 τῆς
1795 2897 2005 2968 πλάνης

412 2993 616 3057 αὐτῶν,
657 2997 704 3046 οἱ
742 2995 1090 3064 σεσιγημένοι
1120 2995 1212 3046 καὶ
1253 2992 1326 3063 μὴ
1368 2992 1779 3062 γινωσκόμενοι.
1838 2989 2008 3043 Τοῦτο

415 3087 478 3139 τὸ
517 3087 745 3158 ἀόρατον
786 3088 880 3138 καὶ
915 3084 1283 3155 πνευματικὸν
1318 3086 1436 3136 κατ’
1480 3085 1673 3146 αὐτοὺς
1707 3083 2000 3154 πλήρωμα,

415 3180 576 3249 τριχῆ
603 3178 948 3248 διεσταμένον
972 3179 1049 3239 εἰς
1071 3177 1317 3244 ὁγδοὰδα,
1351 3175 1442 3228 καὶ
1471 3174 1688 3234 δεκάδα,
1719 3174 1811 3226 καὶ
1841 3173 2002 3225 δωδε-

417 3269 576 3322 κάδα.
615 3269 722 3320 Καὶ
751 3268 841 3320 διὰ
863 3267 1022 3320 τοῦτο
1055 3268 1144 3319 τὸν
1177 3266 1407 3334 Σωτῆρα
1443 3265 1694 3333 λέγουσιν
1722 3263 1861 3330 (οὐδὲ
1894 3263 2001 3335 γὰρ

417 3357 620 3428 Κύριον
672 3357 956 3427 ὀνομάζειν
997 3358 1158 3408 αὐτὸν
1212 3353 1453 3424 θέλουσι)
1524 3355 1818 3423 τριάκοντα
1860 3351 2003 3404 ἔτεσι

418 3449 560 3511 κατὰ
588 3448 648 3500 τὸ
673 3448 904 3516 φανερὸν
931 3446 1096 3516 μηδὲν
1124 3444 1500 3514 πεποιηκέναι,
1526 3441 1902 3495 ἐπιδεικνύντα
1943 3441 2003 3494 τὸ

422 3542 719 3610 μυστήριον
765 3538 969 3590 τούτων
1008 3538 1117 3589 τῶν
1162 3536 1400 3589 Λίώνων.
1463 3535 1622 3587 Ἀλλὰ
1659 3537 1753 3588 καὶ
1786 3537 1878 3587 ἐπὶ
1905 3535 2003 3603 τῆς

419 3631 736 3702 παραϐολῆς
761 3630 867 3682 τῶν
894 3631 973 3691 εἰς
1001 3628 1090 3682 τὸν
1114 3628 1412 3699 ἀμπελῶνα
1440 3627 1814 3697 πεμπομένων
1840 3629 2003 3696 ἐργα-

420 3723 526 3774 τῶν
559 3722 690 3789 φασὶ
715 3721 1070 3792 φανερώτατα
1097 3720 1221 3781 τοὺς
1238 3718 1532 3788 τριάκοντα
1558 3715 1777 3778 τούτους
1795 3715 2004 3778 Αἰῶνας

423 3813 788 3885 μεμηνύσθαι.
859 3813 1173 3881 Πέμπονται
1219 3811 1326 3880 γὰρ
1372 3811 1420 3862 οἱ
1475 3810 1571 3879 μὲν
1614 3809 1742 3879 περὶ
1780 3807 2005 3878 πρώτην

420 3906 591 3978 ὤραν,
628 3908 675 3959 οἱ
698 3907 753 3958 δὲ
779 3906 905 3974 περὶ
936 3904 1148 3975 τρίτην,
1182 3904 1231 3955 οἱ
1266 3903 1321 3954 δὲ
1350 3903 1478 3973 περὶ
1511 3901 1696 3969 ἕκτην,
1720 3901 1768 3952 οἱ
1795 3899 1848 3952 δὲ
1879 3899 2006 3969 περὶ

421 3998 638 4067 ἐνάτην,
692 3996 841 4048 ἄλλοι
880 3996 934 4047 δὲ
982 3995 1108 4064 περὶ
1137 3993 1450 4062 ἑνδεκάτην.
1491 3990 1877 4060 Συντιθέμεναι
1911 3985 2002 4063 οὖν

421 4091 473 4142 αἱ
507 4089 896 4159 προειρημέναι
927 4080 1064 4158 ὧραι
1102 4088 1180 4148 εἰς
1206 4085 1423 4147 ἑαυτὰς,
1458 4085 1549 4136 τὸν
1576 4084 1684 4136 τῶν
1713 4084 2006 4154 τριάκοντα

2098 1899 2222 1960 post
2260 1889 2545 1946 Hominem
2576 1891 2983 1958 Eeclesiamque
3029 1891 3276 1960 genitos,
3323 1891 3507 1946 decem
3543 1893 3681 1946 alios

2101 1983 2305 2039 Eones
2355 1984 2630 2051 edidisse;
2692 1999 2926 2053 quorum
2977 1983 3091 2038 hzec
3131 1984 3351 2036 nomina
3387 1986 3681 2038 commenti

2101 2085 2276 2131 sunt:
2333 2075 2604 2146 Bythium,
2664 2076 2994 2138 Mistionem,
3041 2078 3354 2145 Ageratum,
3415 2075 3678 2142 Henosin,

2105 2170 2407 2240 Autopbye,
2444 2168 2811 2239 Voluptatem,
2849 2167 3683 2240 lmmobilem,Syncrasin,Uni-

2102 2275 2294 2329 genam
2319 2270 2371 2315 et
2395 2259 2710 2314 Macariam.
2743 2259 2807 2312 Hi
2836 2267 2964 2314 sunt
2989 2257 3196 2314 ZEones
3221 2259 3430 2325 decem,
3455 2275 3592 2330 quos
3614 2275 3683 2315 ex

2106 2351 2369 2407 Sermone
2425 2352 2657 2424 Vitaque
2716 2354 3014 2424 productos
3093 2362 3339 2408 narrant.
3396 2353 3680 2409 Hominem

2103 2444 2298 2500 deinde
2349 2455 2402 2500 et
2445 2444 2742 2500 Ecclesiam
2783 2445 2988 2500 onnes
3037 2445 3326 2500 duodecim
3403 2448 3680 2516 genuisse,

2105 2539 2304 2608 quibus
2322 2539 2434 2592 haec
2452 2537 2705 2608 imposita
2723 2546 2850 2592 sunt
2865 2539 3083 2592 nomina
3110 2553 3123 2588 :
3153 2537 3681 2601 Paracletus,Fides.

2105 2629 2393 2693 Paternus,
2445 2629 2600 2698 Spes,
2621 2629 3204 2694 Maternus,Charitas.
3245 2632 3442 2692 Ainus,
3485 2631 3686 2686 lntelli-—

2107 2723 2310 2790 gentia,
2329 2720 2762 2783 Ecclesiasticus,
2780 2719 3052 2781 Felicitas.
3072 2719 3350 2788 Tbeletus,
3386 2721 3684 2790 Sapientia.

2181 2811 2247 2866 Hi
2300 2821 2429 2868 sunt
2458 2814 2673 2866 illorum
2692 2813 2951 2881 opinione
2967 2813 3185 2867 conficti
3216 2812 3422 2868 Aiones
3441 2813 3686 2884 triginta,

2109 2905 2202 2975 qui
2248 2904 2438 2959 tandiu
2492 2906 2547 2957 in
2609 2904 2825 2958 silentio
2873 2911 2926 2958 et
2985 2903 3323 2958 obscuritate
3371 2905 3683 2974 jacuerunt.

2109 2997 2224 3052 Hoc
2249 2997 2379 3050 illud
2401 2996 2647 3066 spiritale
2670 3011 2847 3064 neque
2864 2995 3188 3064 aspectabile
3210 2997 3686 3065 complementum,

2110 3084 2258 3155 quod
2304 3084 2373 3138 ab
2397 3084 2531 3154 jistis
2566 3084 2922 3137 constituitur
2948 3083 3215 3137 trifariam
3248 3084 3599 3138 distributum
3630 3088 3688 3140 in

2109 3177 2428 3248 ogdoadem,
2477 3176 2739 3230 det-adem
2789 3183 2844 3231 et
2890 3175 3243 3230 dodecadem.
3316 3177 3494 3244 Atque
3545 3179 3689 3232 banc

2108 3271 2283 3340 ipsam
2327 3286 2451 3324 esse
2492 3285 2714 3324 causam
2757 3275 3027 3335 statuunt,
3067 3284 3168 3323 cur
3209 3269 3461 3325 Salvator
3489 3279 3689 3341 (neque

2105 3362 2251 3416 enim
2301 3359 2592 3414 Dominum
2653 3360 2929 3430 appellare
2984 3359 3197 3427 volunt)
3249 3359 3491 3414 tricenos
3541 3367 3688 3414 totos

2105 3469 2279 3508 annos
2307 3454 2483 3522 palam
2506 3453 2675 3522 egerit
2704 3452 2861 3516 nihil,
2886 3460 2945 3505 ut
2974 3451 3077 3506 hoc
3101 3451 3688 3522 IEonummysterium

2106 3545 2394 3599 indicaret.
2427 3542 2568 3610 Quin
2613 3545 2775 3596 etiam
2807 3543 2860 3596 in
2891 3544 3267 3612 operariorum
3302 3546 3395 3614 qui
3426 3547 3494 3602 ad
3526 3549 3690 3604 vitem

2103 3637 2384 3691 colendam
2405 3637 2689 3690 mittuntur
2701 3637 3004 3705 parabola',
3020 3637 3240 3706 triginta
3254 3639 3473 3693 eosdem
3485 3639 3692 3697 :Eones

2103 3729 2391 3798 perspicue
2417 3728 2753 3798 signiﬁcatos
2775 3737 3051 3784 asserunt.
3093 3729 3308 3784 Etenim
3348 3733 3436 3786 alii
3471 3734 3695 3788 circiter

2105 3820 2294 3872 horam
2344 3822 2576 3888 primam
2635 3820 2788 3875 missi
2833 3829 3003 3885 sunt;
3062 3821 3154 3874 alii
3198 3823 3437 3890 tertiam,
3484 3834 3692 3880 sextam

2109 3910 2223 3976 alii,
2279 3925 2343 3963 ac
2389 3925 2611 3974 nonam,
2679 3925 2743 3963 ac
2796 3919 3072 3979 postremo
3121 3913 3486 3968 undecimam.
3561 3916 3695 3981 Quae.

2112 4017 2304 4056 omnes
2336 4002 2388 4054 in
2436 4016 2557 4056 sese
2587 4001 2832 4056 conflata;
2862 4003 3218 4058 tricenarium
3253 4004 3509 4060 eﬂiciuut.
3557 4008 3692 4062 Nam

2117 4111 2221 4146 una
2255 4103 2308 4148 et
2334 4103 2465 4157 tres,
2497 4103 2551 4147 et
2582 4111 2699 4161 sex,
2724 4110 2786 4150 ac
2809 4111 3004 4150 novem
3027 4112 3150 4149 cum
3181 4097 3433 4152 undecim
3467 4100 3694 4169 triginta

421 4181 654 4251 ἀριθμὸν
691 4179 1085 4250 ἀναπληροῦσι.
1126 4179 1240 4230 Μία
1261 4177 1371 4248 γὰρ
1405 4177 1499 4228 καὶ
1529 4177 1679 4246 τρεῖς
1706 4175 1798 4227 καὶ
1826 4174 1884 4238 ἓξ
1911 4176 2000 4226 καὶ

2115 4186 2412 4254 cmnplenl.
2461 4185 2670 4252 Quibus
2733 4187 2883 4241 boris
2928 4187 3152 4241 totidem
3205 4187 3412 4244 {Eones
3463 4191 3691 4246 indicari

422 4273 579 4326 ὲννέα
625 4273 718 4325 καὶ
759 4272 952 4324 ἕνδεκα
996 4272 1288 4342 τριάκοντα
1336 4269 1596 4340 γίνονται.
1655 4267 1754 4319 Διὰ
1792 4266 1849 4319 δὲ
1898 4269 2004 4320 τῶν

498 4425 515 4457 ¹
544 4427 681 4479 lren.
707 4424 1071 4495 καλουμένην.
1150 4425 1171 4454 ²
1202 4422 1392 4478 Matth.
1429 4438 1520 4487 xx,
1565 4423 1588 4475 1
1619 4437 1741 4491 sqq.

501 4582 613 4649 (72)
655 4578 822 4634 Εἶναι
857 4581 967 4650 γὰρ
996 4580 1195 4634 αὐτῶν
1225 4580 1507 4634 ἕκαστον.
1534 4577 1728 4632 Utrum
1759 4577 1998 4650 {Bonum

427 4647 724 4721 quemlibet
777 4647 1279 4720 lierniapliroditum
1333 4666 1453 4704 esse
1487 4651 1719 4704 voluerit
1758 4647 2000 4706 Valenti-

429 4739 555 4784 nus,
587 4739 653 4774 an
688 4726 837 4791 paria
871 4724 984 4791 ipsa
1013 4724 1192 4790 potius
1218 4721 1484 4789 intelligat
1515 4737 1581 4775 ex
1607 4721 1741 4773 mari
1774 4722 2005 4775 femina-

429 4808 537 4862 que
569 4794 911 4862 constantia,
953 4793 1192 4845 dubitari
1235 4792 1394 4862 haud,
1421 4793 1693 4862 imInerito
1730 4807 1862 4846 sane
1903 4807 2002 4860 po-

431 4861 555 4916 test.
590 4861 695 4915 Par
723 4864 939 4932 quidem
970 4865 1145 4932 ipsum
1175 4861 1508 4933 ἀρῤενόθηλυ
1535 4862 1635 4915 hoc
1671 4862 1790 4933 loco
1821 4863 2002 4915 nomi-

429 4935 586 4994 nari,
653 4931 851 5003 docent
909 4931 994 4986 ea
1039 4948 1160 5003 quze
1215 4931 1607 5003 subjiciuntur.
1665 4931 1802 4985 Cum
1844 4935 2000 5003 enim

431 5004 703 5073 dixisset,
771 5001 907 5056 εἶναι
959 5001 1071 5073 γὰρ
1129 5002 1304 5055 αὐτῶν
1359 5002 1588 5073 ἕκαστον
1637 5001 2000 5072 ἀρῤενόθηλυν

432 5072 633 5136 οὕτως,
661 5074 953 5144 {quomodo
1001 5072 1051 5127 id
1101 5075 1190 5126 fiat
1232 5072 1470 5127 ostendit
1519 5073 1573 5124 in
1609 5074 2000 5144 sequentibus;

433 5145 576 5212 quod
623 5143 674 5197 et
726 5144 883 5196 Pater
926 5160 1048 5197 cum
1086 5144 1324 5207 Eunma,
1362 5151 1429 5212 et,
1455 5157 1634 5196 mares
1666 5143 1847 5196 creteri
1879 5157 2001 5196 cum

436 5211 553 5284 suis
579 5215 929 5283 comparibus
951 5215 1224 5279 conjuncti
1259 5215 1384 5266 sint.
1417 5211 1603 5282 Itaque
1635 5213 2004 5284 ἁρρενόθηλυν

438 5283 641 5338 idcirco
675 5281 940 5346 nominat,
977 5287 1101 5352 quia
1130 5285 1391 5352 conjuges
1428 5281 1574 5337 sunt.
1614 5281 1776 5352 Atqui
1805 5281 2004 5338 Valeti-

437 5354 630 5408 tiniani
666 5356 771 5423 ipsi
803 5356 1170 5425 ἁρρενόθηλυν
1203 5355 1370 5406 Βυθόν
1408 5353 1646 5425 Αῐυιιιιῐιι
1677 5356 2001 5423 principem,

420 5434 488 5482 et
512 5425 774 5492 originem
809 5423 862 5477 in
882 5423 1034 5481 'libro
1062 5441 1162 5480 suo
1190 5431 1388 5479 vocant
1415 5442 1469 5477 n.
1498 5425 1551 5478 5.
1587 5423 1651 5476 Et
1676 5441 1800 5478 cum
1821 5425 2008 5478 Tetra-

421 5494 558 5564 jdem
605 5496 962 5564 posteriorem
983 5537 997 5559 ,
1030 5496 1295 5549 Decadem
1347 5510 1411 5549 ac
1446 5493 1786 5550 Dodecadem
1820 5511 2006 5549 nume-

437 5507 558 5548 uem
605 5507 962 5564 posteriorem
983 5537 997 5559 ,
1030 5507 1295 5549 Uecadem
1347 5510 1411 5549 ac
1446 5507 1786 5550 UodecatIem
1820 5511 2006 5549 nume-

420 5507 993 5639 irant,_apéev60q).uv
1038 5577 1330 5639 utramque
1370 5566 1675 5634 appellant,
1699 5581 1820 5639 non
1859 5567 2009 5639 quod

437 5636 640 5706 singuli
669 5635 892 5692 IEones
917 5635 1345 5706 hermaphroditi
1377 5644 1583 5699 essent,
1619 5637 1711 5690 sed
1741 5638 1885 5704 quod
1921 5652 2008 5704 pa-

438 5704 519 5758 ria
541 5704 694 5777 ὲν-τῇ
722 5706 883 5775 ὁμὰδι
918 5704 1152 5777 marium
1187 5706 1623 5775 feminarumque
1653 5708 2005 5761 contineren-

439 5781 547 5830 tur.
583 5775 854 5842 Qubcirca
881 5778 1018 5834 nihil
1056 5776 1124 5832 ad
1154 5777 1300 5833 hunc
1338 5777 1527 5832 lrcnaei
1554 5778 1754 5842 locum,
1793 5786 1851 5832 ut
1884 5777 2004 5848 opi-

2116 4291 2372 4330 censent:
2422 4293 2595 4346 eaque
2624 4279 2841 4333 demum
2877 4293 3000 4334 esse
3042 4296 3236 4351 magna
3289 4281 3379 4334 illa
3427 4290 3480 4337 et
3520 4283 3694 4338 admi-

2107 4599 2232 4646 nor,
2267 4584 2500 4651 pertinet
2529 4582 2673 4651 quod
2703 4598 2733 4636 e
2766 4581 2996 4638 Tertull.
3025 4584 3268 4652 affertur,
3302 4579 3398 4641 lib.
3428 4596 3568 4640 cont.
3600 4587 3676 4641 Va

2106 4654 2234 4707 lent.
2275 4669 2396 4720 cap.
2441 4653 2554 4706 54:
2592 4653 2701 4705 Alii
2735 4664 2921 4706 contra
2955 4657 3122 4722 magis
3176 4669 3225 4709 et
3269 4659 3601 4719 masculum,
3642 4671 3690 4713 et

2107 4725 2358 4796 feininam
2386 4725 2589 4796 dicunt,
2623 4741 2686 4776 ne
2717 4725 2854 4796 apud
2880 4727 3020 4778 solos
3049 4725 3311 4780 Lunenses
3342 4728 3690 4796 hermaphro-

2104 4795 2276 4846 dilum
2325 4795 2590 4848 ezristimct
2623 4795 2910 4847 Annaliun:
2953 4807 3334 4850 commentator
3366 4795 3687 4852 FeneSlella.

2105 4864 2233 4918 Haec
2265 4867 2410 4917 enim
2440 4880 2549 4937 non
2582 4881 2649 4919 ex
2680 4863 2976 4937 Valentini,
3009 4866 3103 4920 sed
3143 4867 3264 4934 ejus
3288 4867 3688 4937 discipulorum

2106 4937 2400 4996 sententia,
2438 4950 2468 4988 a
2508 4933 2847 4990 Tertulliano
2878 4933 3403 4990 commemorantur.

2179 5005 2314 5074 (7‘2')
2354 5005 2465 5058 Τὸν
2484 5004 2600 5074 μὲν
2625 5007 2830 5074 λόγον,
2858 5005 2956 5059 καὶ
2981 5007 3094 5074 τὴν
3120 5006 3310 5072 Ζωήν.
3353 5007 3553 5061 Confer
3576 5007 3691 5061 haec

2106 5092 2232 5129 eum
2262 5075 2770 5129 Valentinianorum
2819 5079 3134 5131 narratione
3160 5094 3214 5129 n.
3249 5078 3302 5131 5.
3333 5077 3691 5131 Animadver-

2107 5156 2227 5205 tes.
2281 5147 2437 5216 aliter
2487 5147 2602 5199 haec
2649 5148 2718 5200 ab
2765 5145 3008 5206 Irenaeo.
3060 5146 3288 5200 Tertull.
3345 5149 3686 5216 exterisque,

2105 5232 2271 5286 quam
2306 5232 2338 5270 a
2373 5215 2774 5271 Valentinianis
2806 5219 3076 5286 exposita.
3126 5216 3279 5286 Piget
3321 5219 3464 5271 enim
3513 5215 3689 5287 nugas

2106 5288 2280 5352 istas,
2342 5287 2796 5357 ineptissimaque
2856 5288 3044 5342 deliria
3114 5289 3492 5357 scrupulosius
3566 5303 3690 5358 per-

2107 5372 2282 5424 sequi.

2177 5428 2288 5498 (75)
2314 5427 2574 5494 Θελητὸς
2603 5426 2703 5481 καὶ
2733 5428 2939 5496 Σοφία.
2972 5425 3281 5493 Theletum,
3308 5444 3416 5482 non
3441 5428 3688 5483 Toletum

2109 5500 2458 5553 scribendum
2487 5514 2608 5553 esse
2642 5498 2832 5552 Graaca
2857 5501 2996 5566 ipsa,
3033 5513 3156 5552 cum
3188 5500 3353 5553 veteri
3386 5499 3575 5554 lreuzei
3604 5502 3690 5552 in-

2108 5578 2348 5637 terprete
2402 5570 2754 5636 persuadent.
2812 5569 2922 5622 Nec
2971 5569 3278 5624 audiendus
3332 5568 3686 5632 Pammelius,

2107 5642 2200 5708 qui
2237 5639 2457 5694 Teletus
2505 5641 2728 5701 mavult,
2784 5640 2939 5708 quasi
2978 5639 3277 5707 perfectum
3310 5639 3464 5693 dicas
3492 5681 3505 5702 ,
3546 5641 3690 5709 quod

2108 5710 2258 5764 nulla
2284 5711 2654 5778 grammatica:
2682 5712 2823 5762 ratio
2861 5711 3081 5778 patitur.
3114 5709 3368 5768 Telestus
3402 5711 3550 5764 enim
3581 5726 3690 5766 non

2109 5779 2328 5836 Tcletus
2355 5779 2645 5835 dicendum
2679 5779 2878 5835 fuerat.
