4170 6372
517 333 622 393 495

1897 335 1956 392 S.
1999 336 2342 393 EPIPHANII

3665 343 3772 400 £96

516 455 685 508 randa
719 466 1032 522 arcanaque
1067 452 1354 524 mysteria,
1395 469 1556 524 quem
1588 468 1746 509 suum
1783 455 1947 510 veluti
1981 464 2084 510 tru-

2195 456 2355 528 ὼρῶν
2381 455 2508 519 τοὺς
2537 455 2747 520 Αἱῶνας
2795 457 3138 528 μεμηνῦσθαι
3183 455 3430 511 θέλουσι·
3487 457 3582 511 καὶ
3617 459 3772 513 ταῦτ’

513 553 662 597 ctum
689 541 1008 613 proferunt};
1041 558 1105 597 ac
1130 545 1174 598 si
1203 545 1335 614 quid
1360 543 1505 598 aliud
1531 551 1636 610 est,
1663 544 1809 614 quod
1836 546 1888 598 in
1922 547 2094 601 sacris

515 633 734 688 Litteris
753 642 904 688 certo
921 650 1148 689 numero
1168 636 1705 706 compreliensumad
1726 636 1934 692 futilem
1947 652 2094 692 com-

512 725 925 797 mentitiamque
957 726 1196 782 fabulam
1231 729 1634 783 accommodari
1664 730 1855 800 possit.

545 898 637 952 XL
656 899 752 956 llis
765 902 839 955 ita
852 904 1183 970 constitutis,
1195 904 1427 983 primum
1441 904 1591 958 illum
1601 904 1882 960 Parentem
1897 905 2094 960 abUni-

513 1006 648 1060 gena
666 994 804 1058 solo,
824 1009 986 1064 quem
1003 995 1050 1049 is
1068 996 1346 1064 produxit,
1371 995 1465 1065 qui
1497 995 1637 1049 idem
1656 1005 1710 1050 et
1739 994 1851 1050 Nus
1867 997 2088 1060 dicitur,

510 1087 767 1156 cognosci
787 1086 1050 1142 deﬁniunt
1077 1087 1181 1153 ,ab
1199 1088 1424 1156 reliquis
1442 1087 1696 1143 omnibus
1721 1104 1896 1158 neque
1919 1089 2090 1142 videri

513 1191 698 1246 posse,
737 1193 915 1248 neque
948 1179 1130 1232 animo
1172 1179 1639 1250 intelligentiaque
1677 1180 2088 1249 comprehendi.

512 1269 878 1336 Quamobrem
901 1286 1027 1325 cum
1059 1269 1312 1326 Parentis
1350 1273 1811 1342 contemplatione
1842 1288 1964 1327 sese
2003 1273 2092 1328 ille

511 1378 657 1416 unus
685 1363 1004 1426 oblectaret,
1041 1373 1204 1433 atque
1239 1364 1504 1418 immensa
1535 1364 1682 1420 illius
1716 1367 2092 1436 magnitudine

511 1453 894 1523 cognoscenda
919 1453 1266 1508 vehementer
1293 1454 1615 1519 exsultaret,
1662 1457 1924 1512 statuisse
1966 1458 2093 1511 reli-

511 1545 635 1614 quis
648 1543 920 1600 Eonibus
933 1542 1184 1598 Parentis
1203 1545 1416 1614 aperire
1434 1546 1864 1617 magnitudinem
1881 1565 1896 1614 ;
1912 1564 2090 1618 quan-

509 1641 600 1685 tus
628 1632 736 1696 hic,
777 1647 1052 1702 quamque
1083 1632 1424 1689 admirabilis
1453 1633 1626 1701 foret;
1664 1642 1831 1706 utque
1856 1647 1910 1692 et
1941 1640 2091 1708 prin-

510 1722 654 1791 cipio
697 1731 930 1788 careret,
969 1731 1023 1777 et
1068 1723 1218 1776 nullo
1254 1724 1432 1792 spatio
1501 1740 1565 1778 ac
1609 1728 1922 1796 cognitione
1969 1729 2090 1798 capi

2197 543 2332 601 εἶναι
2365 547 2432 600 τὰ
2458 549 2668 618 μεγάλα
2691 549 2784 601 καὶ
2806 549 3094 619 Θαυμαστὰ
3125 549 3218 602 καὶ
3253 550 3539 620 ἀπόρρητα
3571 551 3772 620 μυστή-

2197 656 2310 711 ρια,
2362 640 2396 693 ἃ
2440 639 2882 710 καρποφοροῦσιν
2920 641 3093 698 αὐτοὶ,
3143 641 3236 692 καὶ
3276 641 3329 693 εἴ
3366 640 3468 692 πού
3501 657 3552 692 τι
3587 641 3692 693 τῶν
3716 645 3774 694 ἐν

2197 732 2389 802 πλήθει
2432 733 2738 803 εἰρημένων
2778 733 2834 784 ἐν
2874 735 2992 795 ταῖς
3025 732 3272 804 ι’ραφαῖς
3307 732 3560 803 δυνηθείη
3603 749 3771 803 προσ-

2196 821 2453 892 αρμόσαι,
2485 822 2578 874 καὶ
2605 822 2819 875 εἰκάσαι
2847 822 2923 892 τῷ
2957 821 3233 890 πλάσματι
3271 822 3471 874 αὐτῶν.

2259 913 2359 964 IA'.
2375 913 2476 965 Τὸν
2493 912 2590 982 μὲν
2606 909 2697 965 οὖν
2710 914 3037 984 Προπάτορα
3055 913 3230 966 αὐτῶν
3245 912 3608 981 γινώσκεσθαι
3629 912 3774 982 μόνῳ

2195 1004 2409 1072 λέγουσι
2432 1006 2509 1076 τῷ
2541 1005 2600 1070 ἐξ
2625 1006 2787 1058 αὑτοῦ
2811 1007 3053 1074 γεγονότι
3075 1008 3387 1074 Μονογενεῖ,
3423 1004 3668 1057 τουτέστι
3694 1004 3774 1072 τῷ

2194 1097 2309 1166 Νῷ,
2339 1101 2452 1160 τοῖς
2493 1097 2549 1149 δέ
2575 1097 2779 1160 λοιποῖς
2807 1099 2970 1151 πᾶσιν
2997 1100 3224 1168 ἀόρατον
3261 1099 3354 1149 καὶ
3387 1097 3772 1165 ἀκατάληπτον

2195 1189 2477 1259 ὑπάρχειν.
2532 1190 2708 1252 Μόνος
2757 1189 2814 1242 δέ
2861 1192 2890 1242 ό
2930 1189 3072 1252 Νοῦς
3113 1190 3233 1242 κατ’
3277 1190 3474 1252 αὐτοὺς
3514 1189 3773 1259 ἐτέρπετο

2195 1280 2412 1350 θεωρῶν
2457 1280 2546 1333 τδν
2579 1281 2816 1353 Πατέρα,
2866 1282 2959 1334 καὶ
2997 1282 3056 1334 τὸ
3099 1281 3327 1352 μέγεθος
3372 1281 3431 1332 τὸ
3464 1282 3772 1351 ἀμέτρητον

2194 1371 2358 1425 αὑτοῦ
2409 1373 2706 1438 κατανοῶν,
2761 1374 3045 1443 ἠγάλλετο,
3098 1375 3191 1427 καὶ
3232 1375 3484 1426 διενοεῖτο
3525 1376 3619 1427 καὶ
3662 1377 3772 1437 τοῖς

2193 1461 2396 1526 λοιποῖς
2432 1462 2632 1516 Αἱῶσιν
2670 1463 3136 1516 ἀνακοινώσασθαι
3179 1464 3238 1516 τὸ
3275 1463 3500 1534 μέγεθος
3540 1463 3633 1516 τοῦ
3660 1465 3771 1515 Πα-

2191 1555 2338 1622 τρὸς,
2376 1554 2560 1626 ἡλίκος
2587 1573 2648 1608 τε
2671 1557 2764 1611 καὶ
2789 1557 2912 1619 ὅσος
2950 1557 3185 1626 ὑπῆρκε-
3230 1558 3338 1608 Καὶ
3361 1557 3436 1619 ὡς
3453 1553 3521 1627 ἦν
3538 1557 3772 1626 ἆναρκές

2191 1661 2249 1697 τε
2285 1648 2378 1699 καὶ
2411 1647 2715 1718 ἀχώρητος,
2749 1649 2842 1701 καὶ
2868 1651 2928 1702 οὑ
2963 1649 3306 1718 καταληπτὸς
3335 1651 3478 1703 ἰδεῖν.
3523 1653 3769 1721 Κατέσχε

2193 1737 2246 1791 δὲ
2273 1739 2434 1792 αὑτὸν
2462 1743 2494 1810 ἡ
2517 1741 2651 1810 Σιγὴ
2677 1740 2926 1812 βουλήσει
2966 1740 3059 1793 τοῦ
3093 1742 3324 1812 Πατρός,
3375 1741 3464 1795 διὰ
3507 1743 3567 1794 τὸ
3595 1743 3770 1795 θέλειν

507 1824 714 1886 posset.
749 1813 855 1870 Sed
901 1815 954 1870 id
994 1831 1104 1886 quo
1133 1815 1315 1871 minus
1352 1825 1656 1886 praestaret,
1703 1818 1866 1888 Sigen
1890 1819 1957 1873 de
1982 1819 2079 1872 Pa-

2195 1831 2398 1894 πάντας
2439 1833 2634 1895 αὐτοὺς
2663 1835 2740 1895 εἰς
2785 1832 2993 1886 ἔννοιαν
3035 1833 3127 1886 καὶ
3159 1834 3322 1886 πόθον
3367 1833 3643 1904 ζητήσεως
3675 1835 3768 1887 τοῦ

507 1909 682 1964 rentis
728 1909 1059 1978 repressisse
1093 1909 1352 1963 consilio:
1401 1911 1542 1978 quod
1581 1911 1669 1964 illc
1703 1913 1858 1981 177
1883 1911 2088 1968 ASones

507 2016 701 2056 omnes
732 2001 932 2057 summi
961 2002 1026 2056 ad
1061 2000 1316 2057 Parentis
1353 2003 1599 2055 notitiam
1642 2003 2089 2073 desideriumque

505 2089 806 2161 perducere
847 2091 1135 2146 niteretur.
1189 2095 1265 2145 Ac
1295 2092 1478 2146 czeteri
1507 2092 1727 2162 quidem
1753 2109 1820 2147 ex
1847 2093 2085 2147 rEonum

504 2197 666 2252 grege
707 2190 986 2237 auctorem
1015 2195 1362 2254 satoremqne
1400 2199 1582 2248 suum,
1613 2185 1714 2239 hoc
1746 2193 1831 2240 est
1863 2187 2086 2256 stirpem

505 2274 658 2330 illam
700 2274 1051 2346 radicemque
1078 2276 1336 2346 principii
1386 2288 1660 2347 expertem
1693 2280 1893 2341 omnis,
1925 2295 2088 2334 nosse

506 2366 738 2420 comiter
762 2382 826 2420 ac
852 2366 1131 2423 moderate
1170 2368 1487 2437 cupiebant.
1525 2368 1630 2424 Sed
1658 2368 1934 2439 Sapientia
1962 2371 2090 2425 ulti-

505 2473 630 2512 mus
669 2467 912 2528 natuque
945 2459 1207 2515 minimus
1237 2459 1379 2513 ίΕοη
1410 2476 1477 2515 ex
1511 2460 1600 2514 illa
1628 2460 1932 2526 Dodecade,
1965 2479 2088 2532 qua:

505 2551 575 2604 ab
600 2549 832 2604 Homine
861 2551 1213 2622 Ecclesiaque
1235 2562 1528 2624 propagata
1557 2564 1661 2618 est,
1691 2557 1847 2625 longe
1869 2558 2087 2613 cgeteris

507 2643 970 2711 intemperantius
990 2658 1111 2698 sese
1132 2645 1349 2698 extulit.
1378 2645 1566 2715 Itaque
1594 2646 1711 2702 sine
1734 2648 1941 2704 Theleti
1964 2665 2088 2703 con-

501 2733 652 2802 jugis
681 2735 1027 2802 copulatione
1049 2735 1388 2792 affectionem
1418 2739 1472 2792 in
1504 2756 1561 2794 se
1583 2742 1874 2809 quamdam
1902 2757 2089 2797 susce-

503 2825 605 2894 pit,
632 2841 755 2897 quze
791 2827 846 2880 in
878 2825 1059 2882 Mente
1090 2841 1154 2880 ac
1182 2826 1420 2885 Veritate
1449 2840 1628 2901 ccepta
1657 2834 1830 2902 prius,
1857 2836 1912 2888 in
1946 2834 2085 2888 infe-

504 2920 664 2974 licem
699 2919 852 2972 illum
885 2925 939 2972 et
991 2919 1336 2975 aberrantem
1368 2921 1597 2978 Eouem
1631 2925 1916 2978 incubuit:
1966 2941 2087 2995 qua:

505 3009 688 3080 specie
708 3008 927 3079 quidem
951 3011 1236 3066 charitatis
1264 3014 1524 3077 excitata,
1550 3029 1740 3069 revera
1765 3017 2086 3072 temeritatis

505 3109 667 3171 atque
696 3100 936 3156 audacia:
952 3100 1074 3165 fuit,
1099 3103 1244 3172 quod
1264 3117 1388 3157 cum
1415 3102 1656 3173 perfecto
1674 3103 1906 3158 Parente
1931 3121 2087 3159 com-

502 3191 781 3244 municata
825 3190 1050 3244 minime
1101 3190 1298 3249 fuerat.
1358 3191 1488 3247 Erat
1525 3203 1706 3249 autem
1755 3195 1869 3249 haec
1915 3197 2080 3251 animi

500 3283 816 3345 commotio,
849 3281 1098 3338 Parentis
1142 3284 1452 3354 inquirendi
1494 3286 1755 3353 studium,
1799 3287 1978 3356 cujus,
2023 3283 2123 3342 ut'

503 3373 682 3439 aiunt,
726 3375 1156 3446 magnitudinem
1199 3378 1508 3448 cognitione
1535 3381 1752 3450 assequi
1785 3383 2082 3436 contende-

501 3464 614 3517 bat.
634 3463 834 3519 Verum
854 3465 1059 3521 frustra
1085 3467 1385 3532 laborabat,
1411 3471 1553 3540 quod
1589 3488 1710 3525 eam
1738 3488 1852 3526 rem
1873 3489 2079 3527 concu-

503 3552 872 3622 piverat,quae
892 3555 1125 3611 obtineri
1148 3557 1298 3610 nullo
1324 3558 1484 3611 modo
1509 3570 1713 3627 posset.
1740 3561 1928 3630 Itaque
1954 3578 2078 3616 cum

501 3644 558 3697 in
627 3659 843 3698 summa
906 3649 1256 3702 contentione
1299 3656 1352 3702 et
1397 3655 1669 3705 anxietate
1725 3662 2077 3721 versaretur;

502 3745 568 3784 ac
599 3740 820 3802 propter
841 3742 896 3788 et
927 3735 1197 3789 inﬁnitam
1226 3737 1592 3802 altitudinem,
1625 3747 1680 3794 et
1707 3740 1957 3798 Parentis
1981 3758 2080 3797 na—

501 3829 685 3876 turam
719 3826 1015 3894 ejusmodi,
1052 3835 1112 3880 ut
1155 3827 1224 3881 ad
1266 3843 1385 3882 eam
1421 3830 1586 3886 nullis
1618 3833 1864 3904 vestigiis
1896 3850 2082 3903 perve-

501 3914 666 3978 niret,
708 3923 761 3969 et
790 3915 863 3970 ob
885 3931 1040 3972 suam
1071 3919 1125 3972 in
1155 3919 1308 3972 illum
1329 3919 1565 3990 denique
1600 3921 1942 3989 cbarilatem,
1970 3943 2080 3997 prae

501 4005 623 4075 ejus
660 4008 930 4064 suavitate
961 4025 1175 4079 semper
1215 4011 1358 4065 ultra
1400 4025 1767 4081 procurreret,
1800 4026 2080 4085 postremo

501 4098 640 4150 nihil
677 4115 801 4155 esse
831 4101 1059 4170 propius
1109 4101 1336 4167 factum,
1379 4118 1541 4173 quam
1582 4113 1641 4158 ut
1676 4105 1733 4159 in
1769 4109 2080 4163 universam

501 4191 761 4260 absorpta
804 4201 1054 4247 naturam
1097 4210 1156 4249 se
1197 4195 1436 4250 resoluta
1472 4207 1828 4265 vanesceret;
1873 4202 1981 4255 nisi
2026 4202 2081 4256 in

2191 1925 2588 1995 προειρημένου
2607 1925 2960 1997 Προπάτορος
2975 1927 3154 1979 αὐτῶν
3177 1929 3423 1996 ἀγαγεῖν.
3454 1930 3562 1982 Καὶ
3595 1930 3644 1981 οἱ
3672 1929 3771 1999 μὲν

2187 2013 2364 2066 λοιποὶ
2389 2015 2589 2085 ὁμοίως
2620 2016 2825 2080 Αἰῶνες
2857 2018 3030 2087 ἡσυχῇ
3060 2032 3178 2081 πως
3206 2019 3503 2072 ἐπεπόθουν
3529 2019 3620 2071 τὸν
3646 2036 3772 2090 προ-

2189 2105 2347 2175 βολέα
2384 2107 2478 2160 τοῦ
2519 2108 2832 2179 σπέρματος
2877 2109 3053 2161 αὐτῶν
3089 2110 3238 2172 ἰδεῖν,
3283 2112 3376 2164 καὶ
3407 2111 3504 2182 τὴν
3532 2111 3765 2182 ἄναρχον

2190 2199 2343 2267 ῥίζαν
2380 2200 2693 2270 ἱστορῆσαι·
2730 2201 2998 2271 προήλατο
3035 2202 3089 2254 δὲ
3122 2203 3254 2255 πολὺ
3277 2206 3305 2256 ὁ
3341 2204 3644 2267 τελευταῖος
3674 2205 3768 2258 καὶ

2188 2290 2451 2356 νεώτατος
2487 2294 2586 2364 τῆς
2615 2295 2922 2356 Δωδεκάδος
2943 2295 3041 2365 τῆς
3080 2295 3182 2347 ὑπὸ
3213 2295 3304 2348 τοῦ
3339 2295 3650 2367 Ἀνθρώπου
3677 2297 3769 2348 καὶ

2185 2381 2283 2452 τῆς
2299 2383 2494 2452 Ἐκκλη
2502 2385 2619 2447 σίας
2632 2385 2900 2456 προϐεὸλη
2911 2387 3068 2456 μένος
3079 2385 3564 2458 Αἰὼν,τουτέστινὴ
3581 2389 3768 2455 Σοφία.

2187 2474 2298 2526 Καὶ
2327 2473 2491 2528 ἔπαθε
2516 2476 2688 2538 πάθος
2715 2478 2841 2530 ἄνευ
2876 2478 2974 2546 τῆς
3005 2478 3304 2546 ἐπιπλοκῆς
3331 2478 3424 2530 τοῦ
3449 2477 3611 2547 ζυγοῦ
3633 2480 3646 2508 ¹
3673 2478 3768 2530 τοῦ

2188 2565 2421 2636 Θελητοῦ
2442 2583 2454 2595 ·
2502 2567 2530 2619 ὂ
2556 2567 2820 2638 ἐνήρξατο
2863 2568 2966 2639 μὲν,
2999 2572 3054 2622 ἐν
3081 2574 3193 2629 τοῖς
3226 2573 3354 2642 περὶ
3383 2571 3472 2623 τὸν
3504 2571 3648 2626 Νοῦν
3674 2574 3768 2624 καὶ

2187 2656 2284 2728 τὴν
2309 2657 2612 2728 Ἀλήθειαν,
2655 2661 2937 2731 ὰπέσκηψε
2958 2661 3013 2714 δὲ
3051 2664 3132 2725 εἰς
3159 2662 3346 2715 τοῦτον
3371 2663 3460 2715 τὸν
3484 2681 3765 2734 παρατρα-

2188 2750 2379 2812 πέντα,
2435 2751 2706 2822 πρόφασιν
2744 2753 2842 2823 μὲν
2878 2754 3119 2824 ἀγάπης,
3160 2755 3366 2825 τόλμης
3393 2755 3447 2808 δὲ
3484 2755 3571 2808 διὰ
3601 2756 3659 2807 τὸ
3691 2756 3767 2827 μὴ

2188 2843 2613 2913 κεκοινωνῆσθαι
2635 2843 2708 2913 τῷ
2727 2845 2898 2914 Πατρὶ
2916 2845 2990 2914 τῷ
3013 2845 3220 2916 τελείῳ,
3245 2847 3428 2908 καθὼς
3450 2849 3541 2899 καὶ
3562 2850 3589 2899 ό
3603 2845 3764 2910 Νοῦς.

2189 2931 2261 2984 Τὸ
2282 2933 2337 2985 δὲ
2367 2933 2536 2997 πάθος
2567 2929 2706 2988 εἶναι
2737 2934 2962 3006 ζήτησιν
2992 2936 3084 2988 τοῦ
3118 2938 3350 3008 Πατρός.
3413 2938 3605 2990 Ἤθελε
3636 2938 3766 3011 γάρ,

2186 3019 2261 3082 ὼς
2291 3021 2528 3088 λέγουσι,
2560 3022 2621 3074 τὺ
2644 3024 2871 3092 μέγεθος
2901 3025 3063 3078 αὑτοῦ
3098 3028 3451 3080 καταλαϐεῖν⁹
3484 3029 3672 3081 ἔπειτα
3693 3029 3767 3099 μὴ

2186 3111 2498 3182 δυνηθῆναι,
2539 3113 2626 3166 διὰ
2659 3114 2718 3166 τὸ
2757 3115 3001 3186 ἀδυνάτῳ
3027 3117 3302 3170 ἐπιϐαλεῖν
3337 3120 3640 3191 πράγματι,
3671 3122 3765 3173 καὶ

2189 3204 2246 3255 ἐν
2290 3204 2468 3274 πολλῴ
2505 3207 2644 3259 πάνυ
2692 3207 2862 3274 ἀγῶνι
2903 3208 3214 3278 γενόμενον,
3250 3211 3339 3263 διά
3359 3229 3415 3264 τε
3447 3213 3506 3264 τὸ
3541 3213 3767 3283 μέγεθος

2187 3294 2280 3346 τοῦ
2314 3295 2529 3367 βάθους,
2560 3298 2653 3350 καὶ
2676 3299 2734 3350 τὸ
2755 3297 3156 3370 ἀνεξιχνίαστον
3175 3303 3269 3354 τοῦ
3294 3305 3524 3371 Πατρός,
3553 3307 3646 3358 καὶ
3669 3305 3766 3374 τὴν

2189 3387 2321 3456 πρὸς
2353 3387 2513 3442 αὑτὸν
2545 3390 2776 3460 στοργὴν
2805 3393 3178 3462 ἐκτεινόμενον
3211 3395 3297 3447 ἀεὶ⁴
3327 3396 3420 3447 ἐπὶ
3450 3396 3508 3447 τὸ
3534 3396 3767 3466 πρόσθεν

2187 3477 2292 3530 ὑπὸ
2334 3479 2432 3548 τῆς
2473 3479 2805 3552 γλυκύτητος
2852 3483 3036 3549 αὑτοῦ,
3083 3485 3392 3539 τελευταῖον
3431 3485 3494 3541 ἂν
3520 3504 3765 3540 καταπε-

2186 3569 2404 3633 πόσθαι,
2441 3572 2532 3623 καὶ
2562 3573 2921 3628 ἀναλελύσθαι
2953 3577 3031 3639 εἰς
3071 3579 3167 3648 τὴν
3197 3577 3323 3649 ὅλην
3352 3579 3559 3642 οὐσίαν,
3602 3582 3649 3632 εἰ
3691 3582 3765 3650 μὴ

2183 3663 2249 3731 τῇ
2271 3661 2597 3736 στηριζούσῃ
2616 3667 2709 3718 καὶ
2729 3667 2884 3730 ἐκτὸς
2907 3668 3001 3720 τοῦ
3023 3669 3261 3740 ἀρρήτου
3283 3671 3544 3740 μεγέθους
3564 3673 3767 3740 φυλασ-

2186 3755 2350 3826 σούσῃ
2379 3755 2445 3808 τὰ
2473 3756 2568 3809 ὅλα
2599 3759 2855 3828 συνέτυχε
2885 3760 3130 3831 δυνάμει.
3168 3763 3383 3833 Ταύτην
3408 3764 3464 3816 δὲ
3488 3745 3588 3834 ’τὴν
3610 3764 3768 3816 δύνα-

2187 3861 2279 3914 μιν
2307 3849 2401 3898 καὶ
2422 3847 2586 3918 Ὅρον
2610 3849 2886 3916 καλοῦσιν,
2919 3852 3007 3922 ὑφ’
3032 3847 3099 3924 ἦς
3126 3854 3460 3925 ἐπεσχῆσθαι
3489 3856 3582 3908 καὶ
3605 3857 3765 3927 ἐστη-

2185 3936 2386 4008 ρίχθαι,
2434 3939 2527 3992 καὶ
2561 3941 2719 4010 μόγις
2748 3945 3152 4016 ἐπιστρέψαντα
3183 3949 3261 4009 εἰς
3295 3948 3484 4000 ἑαυτὸν
3515 3949 3608 4001 καὶ
3644 3966 3762 4000 πει‹

2185 4029 2401 4093 σθέντα,
2446 4032 2526 4085 ὅτι
2563 4033 2944 4105 ἀκατάληπτὸς
2976 4040 3120 4090 ἐστιν
3158 4043 3186 4093 ό
3226 4041 3435 4112 Πατὴρ,
3467 4043 3764 4096 ἀποθέσθαι

2183 4117 2280 4186 τὴν
2325 4120 2595 4190 προτέραν
2636 4123 2932 4195 ἐνθύμησιν
2965 4129 3060 4180 σὺν
3091 4128 3167 4199 τῷ
3209 4131 3570 4204 ἐπιγινομένῳ
3601 4136 3762 4188 πάθει

2187 4209 2249 4260 ἐκ
2278 4209 2370 4261 τοῦ
2404 4212 2707 4283 ἐκπλήκτου
2738 4217 2946 4271 ἐκείνου
2983 4219 3280 4291 θαύματος.

499 4296 620 4334 eam
656 4281 925 4338 Virtutem
968 4284 1276 4352 incidisset,
1330 4288 1419 4340 cui
1451 4289 2023 4359 corroborandorum,
2055 4304 2109 4348 et
2144 4296 2579 4370 inexplicabilem
2609 4317 2759 4360 extra
2802 4312 3227 4380 magnitudinem
3264 4319 3762 4374 conservandorum

499 4377 742 4430 omnium
785 4394 983 4434 munus
1017 4390 1133 4434 erat
1203 4382 1548 4436 attributum.
1603 4382 1736 4438 Eam
1779 4401 1944 4454 porro
2011 4385 2279 4446 Virtutem
2319 4395 2426 4448 alio
2476 4398 2694 4454 nomine
2759 4377 2962 4456 Horum
3027 4405 3320 4474 appellant.
3377 4409 3459 4462 Ab
3507 4410 3609 4463 hac
3669 4427 3767 4465 co-

500 4471 724 4524 hibitam
789 4474 1273 4546 conlirmatamque
1314 4476 1647 4547 Sapientiam
1697 4496 1838 4552 aegre
1879 4483 1945 4536 ad
1994 4487 2349 4557 semetipsum
2413 4493 2664 4561 rediisse,
2713 4497 3039 4570 demumque
3097 4519 3417 4572 persuasum
3472 4507 3760 4564 habentem

498 4582 608 4620 non
639 4581 798 4634 posse
817 4566 1102 4623 Parentem
1139 4584 1298 4625 suum
1323 4574 1635 4643 cognitione
1661 4579 2072 4647 comprehendi,
2115 4584 2353 4652 priorem
2398 4589 2783 4659 cogitationem
2846 4611 2970 4650 cum
3017 4601 3307 4668 posteriori
3371 4605 3759 4672 commotione,

497 4672 620 4727 quae
658 4673 724 4712 ex
771 4668 992 4728 stupore
1025 4661 1118 4716 illo
1175 4673 1229 4718 et
1271 4664 1630 4721 admiratione
1675 4678 1801 4722 nata
1849 4670 2044 4738 fuerat,
2085 4678 2322 4734 exuisse.

568 4751 684 4806 XII.
731 4751 835 4806 Sed
871 4754 1100 4808 istorum
1135 4757 1357 4826 quidam
1406 4759 1554 4813 illam
1602 4760 1896 4832 Sapientia:
1950 4783 2074 4836 per-

2251 4774 2349 4829 lB’.
2397 4777 2565 4832 Ἔνιοι
2617 4779 2676 4832 δὲ
2728 4783 2907 4838 αὐτῶν
2955 4787 3109 4852 πῶς¹
3138 4789 3197 4843 τὸ
3230 4791 3400 4855 πάθος
3433 4793 3534 4863 τῆς
3561 4796 3761 4864 Σοφίας

499 4846 887 4909 turbationem,
923 4861 987 4900 ac
1016 4849 1415 4905 restitutionem
1463 4852 1668 4922 quibus
1701 4857 1865 4926 nugis
1895 4857 2075 4912 invol-

496 4937 666 4992 vunl?
711 4936 980 4992 Nimirum
1024 4954 1146 4994 cum
1191 4941 1462 5010 ejusmodi
1502 4946 1706 5016 aliquid
1755 4951 2073 5018 appetisset,

495 5029 642 5100 quod
695 5029 814 5099 ejus
864 5040 1188 5100 potestatem
1241 5035 1718 5107 cognitionemque
1770 5051 2074 5109 superaret,

496 5121 782 5174 informem
809 5123 1100 5190 quamdam
1132 5133 1295 5195 atque
1321 5127 1652 5182 inconditam
1683 5130 1924 5187 edidisse
1951 5135 2076 5189 sub-

495 5213 773 5278 stantiam,
803 5214 1180 5286 ejusdemque,
1205 5233 1366 5287 quam
1401 5219 1655 5287 habebat,
1683 5230 1890 5279 naturae
1919 5225 2075 5281 femi-

495 5319 621 5357 nam
651 5307 947 5374 peperisse.
983 5307 1158 5374 Quam
1199 5320 1260 5364 ut
1301 5312 1700 5381 animadvertit,
1733 5318 1972 5386 primum
1999 5321 2071 5376 ob

571 5459 585 5488 '
610 5456 964 5530 F._‘6UCOYOU.

495 5526 650 5589 τέλος
682 5526 802 5600 ἔχῃ.

573 5682 683 5762 (ῗῇ
725 5688 1084 5762 (ﬂutat-130w
1117 5693 1241 5762 εἷχε
1270 5693 1514 5762 θήλειαν
1540 5699 1751 5752 τεκεῖν.
1793 5702 2066 5757 Assensus

497 5763 619 5804 sitm
649 5755 709 5808 li.
753 5755 813 5810 P.
845 5755 1108 5816 Frontoni
1143 5755 1358 5831 ﬁucazo,
1402 5771 1496 5838 qui
1541 5770 1598 5824 in
1636 5773 1782 5828 notis
1819 5755 2064 5830 adhunc

1045 5465 1065 5495 '
1095 5462 1157 5518 F.
1210 5466 1328 5531 πῶς
1396 5475 1490 5523 aut
1543 5469 1804 5540 interrog.
1863 5473 2192 5532 adhibenda.

2187 4867 2280 4920 καὶ
2307 4868 2406 4939 τὴν
2437 4871 2770 4946 ἐπιστροφὴν
2801 4876 3206 4946 μυθολογοῦσιν,
3236 4875 3481 4954 ἀδυνάτῳ
3510 4888 3602 4938 καὶ
3626 4889 3762 4940 ἀκα-

2183 4959 2442 5032 ταλήπτῳ
2472 4963 2753 5035 πράγματι
2784 4968 2950 5039 αὐτὴν
2994 4972 3417 5044 ἐπιχειρήσασαν
3449 4982 3626 5031 τεκεῖν
3666 4982 3761 5032 οὑ-

2186 5050 2307 5140 σίαν
2353 5052 2616 5125 ἄμορφον,
2645 5057 2762 5109 οἵαν
2789 5059 2949 5128 φύσιν
2993 5059 3103 5133 εἶχε
3127 5064 3343 5135 θήλειαν
3367 5069 3386 5098 ³
3417 5074 3596 5122 τεκεῖν
3624 5071 3759 5140 (74),

2184 5139 2250 5210 ἥν
2277 5143 2369 5195 καὶ
2400 5148 2810 5217 κατανοήσασαν
2842 5153 3056 5221 πρῶτον
3096 5155 3194 5226 μὲν
3223 5157 3528 5230 λυπηθῆναι
3573 5162 3660 5216 διὰ
3702 5164 3761 5216 τὸ

2181 5232 2367 5324 ἀτελὲς
2408 5235 2507 5306 τῆς
2551 5241 2848 5306 γενέσεως
2883 5245 3073 5298 ἔπειτα
3119 5248 3422 5321 φοϐηθῆναι
3463 5254 3596 5324 μηδέ
3631 5256 3761 5308 αὐτὸ

2180 5318 2319 5378 εἶναι
2352 5325 2573 5392 τελείως
2611 5331 2823 5403 ἔχεινδο
2871 5332 2990 5391 εἶτα
3036 5341 3292 5410 ἐκστῆναι
3338 5346 3434 5397 καὶ
3481 5349 3757 5419 ἀπορῆσαι

2282 5479 2304 5511 ³
2351 5482 2421 5540 Ir.
2477 5483 2540 5542 F.
2605 5487 2812 5558 θήλεια.
2896 5491 2918 5523 ⁸
2951 5492 3014 5549 F.
3081 5495 3154 5566 μὴ
3193 5499 3285 5552 καὶ
3343 5502 3473 5554 αὐτὸ
3509 5502 3570 5555 τὸ
3619 5501 3757 5561 εἶναι

2177 5710 2360 5787 ircnaai
2386 5711 2564 5787 lohcum
2595 5714 2754 5778 hanc,
2789 5729 2952 5784 quam
2988 5721 3384 5787 expressimus,
3421 5731 3750 5786 sententiam

2174 5780 2385 5845 probat.
2421 5780 2523 5839 Sec
2561 5801 2659 5841 nec
2687 5780 2997 5855 plenitenda
3027 5780 3244 5862 vulgata
3287 5780 3456 5852 altera
3478 5780 3674 5854 dect-io.—
