4170 6372
533 379 635 472 499

1917 410 1970 465 S.
2014 407 2352 462 EPlPllANll

3673 356 3825 459 500¹

534 536 638 591 hoc
689 533 934 588 solidatis
984 531 1464 603 corroboratisque
1509 531 1782 593 omnibus,
1815 546 1876 585 ac
1915 533 2096 600 quiete

2200 531 2526 600 παυσάμενα
2563 529 2764 592 τελέως
2807 529 2942 600 μετά
2962 527 3203 599 μεγάλης
3222 529 3396 597 χαρᾶς
3415 541 3578 595 φησιν
3602 522 3774 594 ὑμνῆ-

534 628 756 694 otioque
807 624 1149 683 constituto.
1200 623 1505 677 vehementi
1554 623 1676 676 illos
1730 637 1851 675 Cum
1904 621 2100 690 gaudio

537 730 806 770 summum
839 714 1118 767 Parentem
1153 714 1401 767 laudibus
1426 713 1706 778 extulisse,
1734 713 1825 781 qui
1857 728 1919 766 ex
1957 728 2017 764 ea
2044 729 2101 766 re

536 810 804 877 ingentem
839 807 1000 858 animi
1037 806 1268 858 fructum
1301 821 1364 858 ac
1399 807 1723 874 voluptatem
1755 804 1977 874 ceperit.
2000 803 2102 872 lgi-
2131 879 2140 884 _

537 910 622 950 tur
654 905 707 950 ut
740 897 787 950 ei
820 898 1006 966 gratia:
1039 896 1240 965 aliquid
1275 896 1561 959 referrent,
1586 895 1652 948 de
1679 895 1950 948 communi
1983 910 2097 948 om-

535 994 682 1042 nium
723 990 942 1044 decreto
990 1005 1053 1042 ac
1101 990 1388 1049 sententia,
1424 989 1749 1057 suffragante
1790 988 2007 1042 Christo
2039 1004 2102 1043 ac

535 1082 765 1151 Spiritu,
790 1079 948 1134 Patre
976 1096 1103 1134 vero
1131 1081 1540 1150 comprobante,
1575 1080 1797 1141 factum,
1821 1092 1876 1134 ut
1903 1081 2101 1149 Singuli

535 1172 850 1240 pteromatis
871 1170 1098 1233 IEones,
1133 1173 1276 1238 quod
1308 1173 1362 1224 in
1398 1187 1455 1224 se
1485 1171 2000 1240 praestantissimum
2038 1184 2099 1224 ac

536 1258 980 1313 ﬂorentissimum
1015 1259 1296 1322 haberent,
1331 1259 1383 1311 id
1417 1259 1470 1311 in
1496 1258 1728 1310 medium
1761 1256 2015 1310 allerrent
2039 1271 2102 1311 ac

538 1350 964 1403 contribuerent.
996 1348 1203 1414 Quibus
1229 1349 1484 1402 omnibus
1519 1349 1654 1401 scite
1678 1348 1995 1416 compositis
2021 1356 2101 1400 at-

537 1456 640 1508 que
669 1442 943 1509 eleganter
975 1441 1266 1503 contextis,
1293 1455 1491 1493 novum
1524 1440 1807 1508 quemdam
1839 1439 2006 1494 fetum
2035 1441 2101 1492 ad

532 1532 689 1597 Bythi
730 1533 898 1586 decus
929 1539 981 1587 et
1018 1534 1244 1602 gloriam
1280 1534 1593 1602 protulisse,
1630 1533 1731 1586 hoc
1771 1546 1857 1588 est
1885 1535 2105 1589 absolu-

531 1625 798 1679 tissimam
832 1625 1310 1693 pulchritudinem,
1341 1640 1405 1679 ac
1439 1625 1612 1689 sidus,
1645 1625 1939 1694 perfectum
1993 1627 2104 1695 ple-

527 1715 753 1767 romatis
781 1713 1042 1780 fructum,
1073 1715 1256 1769 Jesum
1290 1717 1520 1778 scilicet,
1548 1716 1637 1784 qui
1672 1725 1724 1769 et
1760 1715 2012 1770 Salvator
2034 1718 2104 1770 sit

526 1804 728 1865 dictus,
759 1811 811 1856 et
840 1804 1110 1869 Christus,
1133 1813 1186 1858 et
1206 1804 1464 1867 Verbum,
1498 1820 1561 1858 ac
1592 1807 1826 1875 denique
1859 1809 2102 1875 paternis

2211 640 2299 674 σαι
2333 621 2422 673 τὸν
2457 621 2804 692 Προπάτορα,
2845 621 3042 690 πολλῆς
3083 619 3380 688 εὐφρασίας
3418 618 3770 687 μετασχόντα.

2208 711 2310 764 Καὶ
2341 711 2479 782 ὑπὲρ
2517 712 2615 780 τῆς
2648 712 2890 774 εὐποιίας
2919 711 3120 781 ταύτης
3144 710 3302 780 βουλῇ
3335 711 3433 779 μιᾷ
3463 711 3553 761 καὶ
3582 709 3776 780 γνώμῃ

2206 803 2265 856 τὸ
2313 805 2420 856 πᾶν
2461 803 2730 874 πλήρωμα
2774 805 2881 855 τῶν
2925 803 3162 868 Αξώνων,
3200 800 3640 863 συνευδοκοῦντος
3680 799 3774 854 τοῦ

2207 894 2442 965 Χριστοῦ
2493 897 2584 947 καὶ
2629 895 2722 948 τοῦ
2775 894 3110 964 Πνεύματος.
3141 893 3232 945 τοῦ
3267 893 3322 944 δὲ
3358 892 3569 964 Πατρὸς
3597 892 3775 944 αὐτῶν

2209 987 2839 1057 συνεπισφραγιζομένου
2867 1026 2882 1050 ,
2933 987 3030 1039 ἕνα
3083 986 3308 1038 ἕκαστον
3349 985 3456 1036 τῶν
3508 983 3729 1036 Αξώνων
3757 1025 3773 1048 ,

2205 1080 2341 1150 ὅπερ
2371 1077 2513 1149 εἶχεν
2539 1081 2594 1131 ἐν
2620 1078 2797 1148 ἑαυτῷ
2821 1078 3102 1131 κάλλιστον
3128 1078 3218 1130 καὶ
3247 1077 3612 1146 ἀνθηρότατον
3649 1091 3772 1125 συν-

2206 1170 2601 1238 ενεγκαμένους
2649 1171 2742 1222 καὶ
2789 1169 3227 1238 ἐρανισαμένους,
3272 1165 3567 1219 καὶταῦτα
3601 1166 3774 1235 ἁρμο-

2204 1264 2329 1327 δίως
2359 1263 2674 1326 πλέξαντας,
2707 1263 2800 1314 καὶ
2843 1260 3096 1331 ἐμμελῶς
3142 1259 3466 1322 ἐνώσαντας,
3509 1257 3777 1330 προϐαλέι

2208 1355 2330 1408 σθαι
2358 1355 2749 1425 προϐλήματα⁵
2784 1355 2862 1416 εἰς
2894 1354 3058 1423 τιμὴν
3105 1354 3197 1404 καὶ
3245 1351 3402 1415 δόξαν
3454 1350 3547 1400 τοῦ
3580 1347 3773 1410 Βυθοῦ,

2205 1447 2534 1500 τελειότατον
2585 1445 2778 1507 κάλλος
2818 1462 2873 1496 τε
2917 1446 3010 1497 καὶ
3037 1446 3233 1513 ἄστρον
3265 1441 3356 1494 τοῦ
3407 1439 3776 1510 Πληρώματος

2204 1539 2408 1590 τέλειον
2441 1538 2650 1608 καρπὸν
2677 1538 2765 1590 τὸν
2801 1537 3028 1607 Ἰησοῦν,
3054 1537 3112 1589 ὃν
3139 1536 3231 1588 καὶ
3255 1535 3483 1606 Σωτῆρα
3507 1552 3777 1605 προσαγο⁴

2208 1629 2486 1701 ρευθῆναι,
2529 1631 2621 1682 καὶ
2668 1630 2920 1699 Χριστὸν,
2957 1630 3047 1681 καὶ
3094 1629 3265 1695 Λόγον
3317 1627 3774 1698 πατρωνυμικῶς,

2208 1722 2299 1773 καὶ
2335 1721 2516 1790 (κατὰ)
2548 1721 2741 1778 πάντα.
2767 1720 2853 1772 διὰ
2889 1721 2949 1772 τὸ
2975 1721 3080 1773 ἀπὸ
3108 1721 3323 1772 πάντων
3359 1714 3518 1780 εἶναι,
3553 1719 3778 1790 δορυφό-

2210 1829 2336 1882 ρους
2371 1829 2430 1863 τε
2463 1812 2640 1863 αὐτῶν
2671 1813 2750 1873 εἰς
2780 1812 2942 1880 τιμὴν
2971 1813 3069 1882 τὴν
3096 1811 3272 1863 αὐτῶν
3301 1813 3579 1881 ὁμογενεῖς
3609 1811 3775 1879 ἀγγέ-

527 1897 766 1954 ίΕοηυη]
817 1903 1060 1956 onmium
1118 1903 1430 1957 nominibus
1485 1902 1796 1971 insignitus,
1839 1903 1980 1972 quod
2037 1904 2100 1957 ab

2205 1905 2328 1966 λους
2362 1901 2896 1972 συμπροὸεϐλῆσθαι.

527 1991 782 2047 omnibus
811 1994 1011 2062 pariter
1036 1996 1107 2048 sit
1133 1995 1185 2048 in
1218 1995 1392 2049 lucem
1423 1997 1622 2050 editus.
1659 1995 1763 2049 Sed
1792 2006 1844 2050 et
1906 1997 2224 2050 honorarios
2288 1996 2407 2065 ejus
2442 1995 2721 2061 satellites,
2756 1994 2998 2062 ejusdem
3033 2010 3154 2048 cum
3180 1995 3272 2048 illo
3334 1994 3545 2064 generis
3607 2008 3773 2063 ange-

527 2091 608 2143 los
631 2086 820 2139 eodem
851 2094 1096 2155 tempore
1124 2087 1441 2156 productos.

593 2175 736 2231 XIV.
777 2175 890 2230 Hoc
921 2179 1084 2246 igitur
1111 2177 1223 2232 fere
1255 2185 1428 2232 totum
1459 2187 1541 2233 est
1568 2179 1796 2234 interius
1820 2178 2095 2233 Pleroma-

524 2269 596 2323 tis
626 2269 1086 2335 instrumentum;
1122 2269 1234 2323 haec
1282 2271 1424 2325 male
1467 2269 1665 2332 allecti,
1696 2285 1758 2324 ac
1805 2286 2094 2339 propemo-

523 2361 653 2415 dum
690 2363 944 2416 exstincti
991 2360 1184 2416 x‘Eonis
1215 2362 1522 2426 calamitas,
1554 2360 1683 2414 dum
1711 2361 1765 2413 in
1797 2361 2101 2429 inquisitio-

524 2464 646 2501 nem
677 2463 800 2502 sese
828 2445 1006 2501 Patris
1030 2447 1316 2502 intendens
1335 2447 1686 2516 multiplicem
1728 2448 1781 2500 in
1819 2449 2096 2501 materiam

523 2541 872 2610 dispergitur.
905 2538 1028 2594 llaec
1053 2541 1346 2611 sexangula
1377 2539 1639 2604 Termini,
1676 2539 1834 2610 Styli,
1871 2541 2099 2594 Redem-

523 2627 1035 2697 ptoris,.Carpistae,
1088 2627 1348 2682 Finitoris
1377 2644 1439 2682 ac
1469 2627 1826 2682 Traductoris
1875 2642 2103 2697 compa-

524 2720 650 2772 ctio.
691 2719 811 2772 Haec
842 2719 1040 2787 prioris
1070 2719 1270 2773 Christi
1300 2719 1583 2788 sanctique
1619 2717 1854 2787 Spiritus
1895 2735 1959 2772 ex
1994 2732 2102 2787 pm-

529 2813 753 2866 nitentia
802 2810 979 2867 Patris
1035 2813 1244 2866 caeteris
1305 2811 1574 2867 Ailonibus
1626 2819 1785 2865 aetate
1833 2812 2103 2880 posterior

525 2901 799 2970 generatio
831 2918 844 2953 :
871 2915 934 2954 ac
965 2901 1192 2955 secundi
1224 2900 1451 2965 Christi,
1486 2914 1647 2968 quem
1680 2907 1733 2954 et
1765 2897 2098 2954 Salvatorem

523 2992 828 3056 nominant,
872 3007 938 3046 ex
991 2992 1216 3046 collecta
1266 2991 1405 3060 stipe
1450 2991 1679 3044 molitio.
1708 2989 1838 3056 Quae
1885 2991 2088 3054 omnia,

525 3099 623 3152 pro
655 3099 720 3138 eo
744 3083 888 3152 quod
922 3098 1029 3136 non
1066 3098 1256 3137 omnes
1278 3063 1342 3136 ad
1375 3097 1491 3137 eam
1527 3082 1890 3152 cognitionem
1915 3083 2093 3136 idonei

2266 2176 2362 2225 lA'.
2403 2172 2552 2242 Λῦτη
2589 2172 2686 2243 μὲν
2716 2165 2807 2225 οῦν
2837 2173 2984 2226 ἐστιν
3025 2175 3057 2243 ἠ
3105 2173 3255 2235 ἐντὸς
3283 2171 3649 2243 πληρώματος
3679 2175 3774 2227 ὑπ’

2198 2265 2374 2318 αὐτῶν
2421 2264 2685 2334 λεγομένη
2732 2265 3101 2334 πραγματεία,
3133 2266 3225 2316 καὶ
3252 2265 3283 2334 ἡ
3315 2265 3406 2317 τοῦ
3449 2266 3775 2330 πεπονθότος

2198 2357 2421 2419 Αἰῶνος,
2454 2357 2547 2408 καὶ
2580 2354 2715 2424 μετὰ
2752 2355 2946 2425 μικρὸν
2968 2356 2987 2385 ⁸
3014 2355 3371 2416 ἀπολωλότος,
3406 2354 3480 2416 ὡς
3521 2357 3580 2407 ὲν
3606 2355 3772 2426 πολλῇ

2202 2445 2300 2516 ὕλῃ
2349 2444 2437 2498 διὰ
2486 2444 2712 2515 ζήτησιν
2751 2444 2845 2496 τοῦ
2895 2444 3106 2513 Πατρός
3152 2444 3425 2514 συμφορά,
3458 2447 3552 2496 καὶ
3593 2448 3624 2514 ἡ
3677 2446 3773 2498 τοῦ

2205 2536 2392 2604 Ὅρου,
2422 2535 2515 2586 καὶ
2558 2533 2777 2593 Στύλου,
2810 2534 2904 2585 καὶ
2953 2532 3264 2602 Λυτρωτοῦ,
3297 2533 3389 2585 καὶ
3435 2535 3772 2602 Καρπιστοῦ,

2201 2624 2294 2675 καὶ
2335 2622 2635 2693 Ὀροθέτου,
2673 2624 2765 2676 καὶ
2795 2622 3307 2690 Μεταγωγέωςεσϋ)
3331 2624 3598 2689 ἐξάγωνος
3635 2625 3775 2694 σύμ-

2201 2715 2406 2785 πηξιςτ,
2429 2717 2520 2767 καὶ
2555 2717 2586 2785 ὴ
2613 2715 2704 2766 τοῦ
2746 2713 2960 2784 πρώτου
2992 2713 3225 2783 Χριστοῦ
3261 2717 3354 2767 σὺν
3386 2714 3463 2784 τῷ
3498 2716 3774 2784 ΙΙνεύματι

2198 2805 2274 2874 τῷ
2312 2805 2452 2874 ἁγίῳ
2487 2807 2550 2857 ἐκ
2583 2791 2866 2874 μετανοίας
2900 2803 3004 2856 ὑπὸ
3041 2803 3132 2855 τοῦ
3169 2804 3381 2872 Πατρὸς
3407 2804 3584 2854 αὐτῶν
3618 2821 3777 2872 μετα-

2197 2898 2491 2967 γενεστέρα
2537 2897 2644 2949 τῶν
2683 2895 2900 2948 Ald)va
2938 2896 3167 2963 γένεσις,
3201 2896 3290 2946 καὶ
3323 2897 3355 2964 ἡ
3399 2893 3494 2946 τοῦ
3521 2894 3775 2962 δευτέρου

2198 2988 2454 3059 Χριστοῦ,
2479 2989 2535 3040 ὃν
2565 2988 2657 3040 καὶ
2672 2988 2896 3058 Σωτῆρα
2925 2987 3194 3053 λέγουσιν,
3221 2986 3277 3052 ἐξ
3303 2987 3495 3056 ἐράνου
3524 2987 3775 3050 σύνθετος

2201 3082 2534 3149 κατασκευή.
2574 3078 2755 3131 Ταῦτα
2783 3078 2839 3130 δὲ
2869 3078 3116 3146 φανερῶς
3149 3079 3246 3148 μὲν
3284 3079 3357 3147 μὴ
3392 3077 3664 3148 εἰρῆσθαι,
3687 3078 3776 3130 διὰ

526 3173 723 3237 forent,
755 3189 864 3227 non
895 3182 1078 3243 aperte
1110 3172 1432 3242 signiﬁcata,
1461 3173 1552 3228 sed
1579 3176 1812 3229 obscure
1835 3174 2095 3226 duntaxat

2200 3173 2257 3224 τὸ
2309 3173 2380 3241 μὴ
2418 3171 2624 3232 πάντας
2667 3171 2861 3239 χωρεῖν
2894 3168 2990 3237 τὴν
3019 3168 3239 3236 γνῶσιν,
3283 3167 3675 3237 μυστηριωδῶς
3717 3168 3774 3219 δὲ

524 3282 587 3318 ac
615 3281 708 3335 per
733 3267 1020 3336 :enigmata
1054 3266 1121 3320 iis
1153 3266 1243 3334 qui
1276 3267 1574 3335 intelligere
1597 3277 1818 3335 possent
1848 3281 1877 3319 a
1909 3264 2122 3319 Salvav

522 3363 640 3409 tore
691 3355 1013 3410 adumbrata
1064 3357 1392 3424 praedicant,
1440 3355 1506 3408 ad
1539 3372 1661 3410 eum
1699 3356 1946 3410 videlicet
1976 3370 2095 3407 mo-

524 3444 675 3498 dum.
706 3445 946 3499 Primum
977 3446 1202 3516 triginta
1237 3447 1360 3501 illos
1400 3445 1602 3501 {Eoncs
1639 3448 1883 3512 totidem,
1917 3452 1976 3498 ut
2015 3445 2098 3496 di-

523 3536 724 3602 ximus,
755 3552 1020 3590 annorum
1065 3537 1292 3590 indicari
1328 3553 1578 3598 numero.
1612 3538 1810 3606 quibus
1844 3536 1975 3588 nihil
2006 3550 2098 3605 pa-

524 3626 628 3678 lam
663 3633 876 3695 gestum
905 3641 935 3679 a
965 3623 1245 3680 Salvatore
1291 3626 1500 3688 dicunt,
1534 3627 1586 3680 in
1617 3628 1907 3680 vinitorum
1944 3642 2098 3694 para-

522 3716 644 3769 bola
691 3717 1178 3771 demonstratum‘.
1229 3715 1431 3772 Deinde
1478 3717 1702 3770 Paulum
1757 3718 2097 3784 apertissime

522 3806 741 3860 eosdem
776 3805 934 3876 180
973 3806 1096 3861 illos
1120 3806 1343 3871 .‘Eones,
1373 3821 1436 3860 ac
1480 3821 1718 3876 persche
1762 3806 2095 3866 nominasse,

526 3903 686 3960 atque
719 3893 802 3946 his
828 3894 990 3947 etiam
1027 3893 1200 3948 verbis
1231 3909 1416 3947 eorum
1451 3894 1693 3946 ordinem
1720 3907 1967 3946 servasse
1993 3911 2005 3946 :
2032 3889 2097 3944 lu

526 3999 699 4035 omnes
756 3985 1132 4052 generationes_
1168 3985 1482 4038 swculorum
1529 3985 1708 4036 δαισαιὶ
1750 3987 1791 4037 ⁸.
1832 3982 2095 4040 Prmterea

528 4087 653 4125 cum
685 4074 738 4126 in
777 4074 1073 4142 gratiarum
1108 4074 1322 4127 actione
1357 4089 1459 4128 nos
1494 4073 1566 4126 ita
1610 4073 1863 4131 dicimus.
1897 4072 1963 4126 In
1992 4090 2098 4126 sa:-

527 4164 647 4217 cula
698 4165 1032 4229 smculorum,
1078 4166 1257 4220 nullos
1302 4165 1436 4218 alios
1484 4165 1689 4219 Eoues
1742 4165 2094 4234 signiﬁcare:

527 4255 856 4324 omninoque
900 4254 1112 4323 quoties
1159 4252 1300 4308 ᾹΞοῐι
1352 4252 1624 4308 Ᾱῐοιιθενθ
1666 4269 2100 4308 commemoran-

529 4357 638 4407 tur,
672 4363 802 4402 suos
844 4349 908 4401 ad
950 4348 1072 4402 illos
1125 4348 1315 4402 referri
1365 4358 1589 4403 censent
1632 4359 1903 4418 Oportere.
1947 4351 2097 4402 Illam

527 4455 656 4492 vero
687 4440 981 4494 dodccadis
1011 4439 1246 4494 Eonum
1284 4442 1726 4511 propagationem
1761 4441 2098 4495 duodenario

528 4547 796 4585 annorum
827 4532 1054 4586 indicari
1091 4547 1338 4598 numero,
1367 4540 1498 4601 quot
1542 4548 1716 4587 annos
1758 4548 1881 4585 cum
1938 4539 2098 4586 natus

527 4632 674 4678 esset
727 4623 988 4678 Dominus
1032 4641 1156 4678 cum
1209 4625 1342 4695 legis
1375 4625 1690 4678 doctoribus
1722 4623 2095 4692 disputabat“.

526 4710 736 4777 Quibus
784 4720 837 4766 et
885 4715 1257 4782 apostolorum
1292 4715 1559 4768 delectum
1610 4714 1893 4782 adjiciunt,
1925 4715 2097 4781 siqui-

523 4806 643 4859 dem
664 4805 739 4857 tlli
763 4803 1048 4858 duodecim
1079 4805 1467 4859 exstiterunt".
1499 4803 1757 4873 Reliquos
1781 4820 1941 4872 porro
1965 4805 2096 4857 Aio-

522 4911 622 4948 nes
653 4895 1019 4964 duodeviginti
1048 4897 1104 4950 in
1126 4911 1190 4950 eo
1213 4897 1611 4964 repraesentari,
1633 4897 1774 4964 quod
1808 4897 1876 4948 ab
1905 4912 2088 4950 resur-

524 4989 766 5041 rectione
796 5002 894 5041 sua
928 4988 1170 5051 totidem,
1209 4997 1267 5040 ut
1301 4998 1572 5052 asserunt,
1608 5003 1824 5042 menses
1855 5004 1977 5041 cum
2010 4989 2092 5043 di-

522 5081 748 5146 scipulis
808 5087 1177 5134 commoratus
1220 5087 1322 5133 est.
1353 5079 1465 5132 lmo
1523 5088 1577 5133 et
1636 5080 1910 5148 prioribus
1959 5080 2093 5133 dua-

519 5172 624 5226 bus
671 5172 815 5225 illius
862 5171 1096 5225 nominis
1142 5171 1338 5224 litteris
1368 5190 1384 5223 t
1417 5179 1468 5223 et
1499 5190 1531 5241 η
1566 5171 1853 5226 manifeste
1877 5174 2096 5226 octode-

520 5264 624 5315 cim
654 5261 860 5316 Aiones
889 5263 1141 5331 exprimi.
1182 5261 1317 5315 Nam
1351 5263 1497 5317 illam
1551 5263 1786 5317 Eonum
1837 5264 2095 5318 decadem

522 5353 696 5420 primo
747 5353 983 5406 nominis
1018 5353 1286 5406 elemento
1327 5352 1638 5406 adumnrari
1682 5362 1874 5422 putant
1914 5353 2095 5406 :ideo-

595 5505 611 5535 ¹
652 5505 840 5576 Matth.
872 5523 962 5576 tu,
994 5507 1016 5558 1
1043 5522 1162 5576 sqq.

525 5575 738 5643 μικρόν.
813 5576 832 5605 ⁷
869 5575 1008 5630 lren.
1032 5575 1382 5630 καὶίαξὼνων.
1427 5577 1599 5647 σύμπ.

1239 5508 1257 5537 ¹
1289 5505 1487 5574 Ephes.
1524 5523 1604 5569 Ill,
1638 5507 1710 5560 20
1785 5509 1804 5538 ³
1832 5506 1962 5560 Luc.
2002 5522 2061 5567 ll,
2097 5504 2185 5557 46.

2201 3263 2303 3315 ὑπὸ
2346 3261 2439 3313 τοῦ
2488 3260 2739 3330 Σωτῆρος
2785 3261 2872 3312 διὰ
2918 3259 3238 3329 παραϐολῶν
3291 3257 3631 3328 μεμηνύσθαι
3663 3262 3776 3320 τοῖς

2202 3357 2399 3406 συνιεῖν
2447 3352 2763 3422 δυναμένοις
2807 3349 2998 3412 οὕτως.
3030 3350 3167 3412 Τοὺς
3223 3348 3320 3418 μὲν
3346 3348 3453 3417 γὰρ
3480 3348 3776 3416 τριάκοντα

2199 3446 2409 3508 Αἰῶνας
2440 3443 2782 3514 μεμηνῦσθαι
2808 3442 2894 3494 διά
2917 3441 3024 3492 τῶν
3051 3441 3342 3512 τριάκοντα
3369 3439 3617 3501 ὲτῶν,ὼς
3643 3457 3777 3509 προ-

2199 3537 2427 3605 έφαμεν,
2459 3536 2515 3587 ὲν
2554 3528 2633 3595 οἷς
2664 3532 2814 3584 οὐδὲν
2844 3533 2901 3583 ἐν
2931 3531 3148 3602 φανερῷ
3178 3531 3442 3599 φάσκουσι
3472 3530 3776 3600 πεποιηκέ-

2198 3643 2284 3678 ναι
2319 3627 2408 3676 τὸν
2437 3623 2682 3692 Σωτῆρα,
2713 3623 2804 3674 καὶ
2825 3622 2914 3674 διὰ
2934 3623 3032 3690 τῆς
3059 3622 3371 3691 παραϐολῆς
3394 3621 3502 3672 τῶν
3525 3620 3794 3693 ἐργατῶν.

2198 3716 2290 3767 τοῦ
2325 3713 2662 3784 ἀμπελῶνος.
2691 3713 2797 3764 Καὶ
2818 3712 2908 3764 τὸν
2930 3711 3138 3765 Παῦλον
3171 3711 3525 3781 φανερώτατα
3558 3710 3778 3775 λέγουσι

2197 3807 2385 3858 τούσδε
2439 3805 2646 3868 Αἱῶνας
2683 3804 2966 3872 ὀνομάζειν
3000 3803 3276 3866 πολλάκις,
3311 3803 3390 3855 ἔτι
3437 3803 3494 3855 δὲ
3536 3803 3633 3854 ’καὶ
3674 3803 3778 3870 τὴν

2199 3899 2347 3961 τάξιν
2371 3897 2548 3950 αὐτῶν
2571 3895 2926 3965 τετηρηκέναι
2955 3895 3125 3958 οὕτως
3156 3895 3406 3948 εἰπόντα·
3445 3899 3549 3960 Εἰς
3576 3896 3780 3960 πάσας

2199 3989 2306 4054 τὰς
2333 3987 2539 4057 γενεὰς
2562 3986 2680 4038 τῶν
2708 3985 2934 4038 αἰώνων
2957 3985 3062 4038 τοῦ
3083 3984 3313 4049 αἰῶνος.
3334 3985 3494 4038 Ἀλλά
3514 3987 3607 4037 καὶ
3633 3987 3780 4055 ἡμᾶς

2201 4083 2294 4134 ἐπὶ
2320 4081 2419 4149 τῆς
2458 4078 2806 4148 εὐχαριστίας
2831 4076 3106 4144 λέγοντας,
3135 4080 3238 4142 ΕΙς
3263 4077 3404 4141 τοὺς
3425 4076 3645 4142 αἰῶνας
3666 4076 3782 4129 τῶν

2200 4171 2447 4233 αἰώνων,
2485 4170 2722 4230 ἐκείνους
2753 4170 2878 4231 τοὺς
2915 4167 3127 4231 Αἰῶνας
3159 4169 3461 4238 σημαίνειν.
3500 4170 3612 4221 Καὶ
3643 4169 3782 4220 ὅπου

2201 4265 2343 4318 Αἰὼν
2378 4267 2410 4336 ἢ
2447 4265 2647 4326 Αἰῶνες
2677 4261 3048 4330 ὀνομάζονται,
3081 4260 3179 4328 τὴν
3216 4259 3492 4329 ἀναφορὰν
3521 4261 3602 4321 εἰς
3633 4258 3782 4311 ὲκεί-

2201 4375 2321 4420 νους
2353 4352 2489 4408 εἶναι
2521 4355 2728 4407 θέλουσι
2754 4373 2764 4384 ι
2799 4354 2892 4423 τὴν
2942 4352 2998 4404 δὲ
3028 4351 3128 4420 τῆς
3174 4351 3470 4412 δωδεκάδος
3503 4351 3610 4402 τῶν
3637 4350 3782 4401 Aid)—

2202 4463 2306 4496 νων
2337 4443 2604 4514 προϐολὴν
2643 4442 2938 4512 μηνύεσθαι
2967 4441 3052 4493 διὰ
3077 4439 3169 4494 τοῦ
3196 4439 3498 4509 δωδεκαετῆ
3528 4439 3658 4491 ὄντα
3689 4439 3782 4492 τὸν

2131 4511 2172 4562 D
2205 4533 2406 4604 Κύριον
2436 4532 2780 4601 διαλεχθῆναι
2800 4535 2908 4593 τοῖς
2934 4531 3425 4600 νομοδιδασκάλοις,
3450 4532 3544 4582 καὶ
3569 4530 3659 4582 διὰ
3681 4532 3781 4600 τῆς

2204 4625 2310 4677 τῶν
2339 4623 2647 4676 ἀποστόλων
2681 4624 2928 4691 ἐκλογῆς.
2960 4623 3176 4674 Δώδεκα
3205 4621 3313 4691 γὰρ
3341 4621 3649 4674 ἀπόστολοι.
3670 4622 3784 4674 Καὶ

2203 4719 2326 4780 τοὺς
2355 4716 2573 4778 λοιποὺς
2615 4715 2886 4768 δεκαοκτὼ
2920 4715 3131 4776 Αῐῶνας
3165 4714 3528 4783 φανεροῦσθαι
3562 4712 3650 4764 διὰ
3684 4711 3782 4765 τοῦ

2206 4805 2339 4875 μετά
2372 4805 2477 4873 τὴν.
2517 4806 2579 4856 ὲκ
2610 4805 2818 4873 νεκρῶν
2846 4806 3139 4857 ἀνάστασιν
3182 4803 3457 4854 δεκαοκτὼ
3512 4803 3645 4873 μησὶ
3696 4801 3781 4853 λέ-

2194 4915 2310 4964 γειν
2357 4896 2753 4965 διατετριςςέναι
2803 4896 2963 4947 αὑτὸν
3019 4897 3114 4947 σὺν
3165 4897 3276 4957 τοῖς
3310 4895 3601 4965 μαθηταῖς.
3622 4893 3783 4946 Ἀλλά

2199 4987 2292 5037 καὶ
2324 4985 2410 5036 διὰ
2441 4984 2547 5037 τῶν
2578 4987 3002 5055 προηγουμένων
3043 4985 3136 5037 τοῦ
3177 4985 3439 5054 ὀνόματος
3479 4985 3643 5037 αὑτοῦ
3690 4983 3783 5036 δύο

2199 5077 2559 5146 γραμμάτων,
2595 5077 2689 5129 τοῦ
2718 5095 2775 5128 τε
2835 5078 2964 5130 ἰῶτα
3016 5079 3108 5130 καὶ
3155 5078 3249 5129 τοῦ
3295 5074 3422 5147 ἦτα,
3461 5079 3584 5140 τοὺς
3623 5078 3780 5130 δεκα-

2197 5164 2340 5218 οκτὼ
2382 5167 2590 5229 Αἰῶνας
2632 5169 2887 5238 εὐσήμως
2945 5169 3264 5238 μηνύεσθαι.
3317 5170 3427 5221 Καὶ
3475 5171 3602 5232 τοὺς
3648 5169 3780 5221 δέκα

2197 5259 2408 5323 Αἰῶνας
2437 5261 2697 5325 ὡσαύτως
2739 5263 2825 5314 διὰ
2870 5262 2962 5314 τοῦ
3029 5263 3162 5315 ἰῶτα
3195 5265 3545 5333 γράμματος,
3579 5263 3607 5313 ὃ
3639 5278 3773 5332 προ-

2194 5355 2407 5424 ηγεῖται
2450 5351 2542 5406 τοῦ
2581 5355 2839 5424 ὀνόματος
2885 5356 3069 5415 αὐτοῦ,
3103 5357 3424 5426 σημαίνουσι
3459 5354 3780 5422 λέγεσθαιε·

2263 5505 2283 5536 ι
2314 5504 2497 5559 Matth.
2565 5524 2619 5573 x,
2673 5509 2707 5562 2
2755 5525 2874 5579 sqq.

2969 5509 3074 5565 “.F.
3112 5509 3422 5580 πρόϐλημα.
3499 5511 3518 5540 ⁸
3549 5508 3608 5562 F.
3638 5509 3785 5563 κατά

1675 5578 1696 5608 ⁸
1722 5577 1781 5631 F.
1816 5574 2170 5646 σημαίνεσθαι
2205 5574 2440 5642 λέγουσι.

598 5727 706 5796 (76)
728 5731 1076 5805 ,Ἐξᾴφωνοξς
1108 5717 1431 5805 σέμειηξιςῖ
1466 5732 1627 5805 vetus
1653 5732 1791 5786 lren.
1828 5734 2094 5800 interpres

2200 5737 2217 5787 ὶ
2265 5735 2482 5790 Aid;va
2527 5737 2721 5805 legisse
2785 5734 3016 5790 videtur.
3060 5733 3220 5790 Forte
3251 5734 3356 5803 ἔξω
3381 5735 3489 5788 τῶν
3552 5732 3783 5787 Αἰώνων

529 5796 823 5868 σύμπηξις.
859 5796 991 5856 Nam
1019 5796 1086 5857 de
1116 5796 1394 5858 (Eouibus
1416 5803 1573 5872 paulo
1608 5817 1731 5857 ante
1795 5796 1996 5856 dictum
2054 5812 2156 5857 est.
