4170 6372
432 337 530 395 soi
597 327 604 341 ‘
1179 339 1547 406 ADVERSUS
1587 349 1930 407 HERESES
1970 351 2098 408 LIB.
2139 355 2181 408 ι.
2226 353 2390 410 TOM.
2425 353 2495 410 ιι.
2530 387 2600 397 -
2633 357 2908 414 nanus.
2942 357 3132 416 xxxr.

3585 359 3691 417 502

432 459 524 511 καί
572 458 660 512 διὰ
705 460 864 514 τοῦτο
907 464 1188 537 εἰρηκέναι
1235 467 1327 520 τὸν
1358 469 1615 542 Σωτῆρα·
1661 471 1827 526 Ἰὧτα
1869 473 1939 527 ἒν
1978 474 2008 541 ἢ

2121 490 2227 544 quc
2257 491 2286 528 τι
2318 475 2597 531 Salvatore
2622 478 2827 532 dictum
2863 499 2877 535 :
2915 479 3035 534 Iota
3057 498 3242 546 unum,
3272 488 3362 534 aut
3396 496 3530 535 unus
3560 495 3690 550 apex

425 550 531 618 μία
562 553 770 618 κεραία
786 556 858 607 οὐ
880 555 960 624 μὴ
998 557 1289 628 παρέλθῃ,
1307 560 1416 626 ἕως
1441 561 1517 614 ἂν
1535 563 1730 618 πάντα
1750 566 2011 634 γένηται.

500 641 573 694 Τὸ
620 644 676 696 δὲ
734 647 860 715 περὶ
915 649 1006 702 τὸν
1056 652 1355 708 δωδέκατον
1384 657 1565 710 Αἰῶνα
1592 659 1812 726 γεγονὸς
1847 659 2014 724 πάθος

429 732 900 806 ὑποσημαίνεσθαι
925 740 1141 809 λέγουσι
1167 746 1264 816 τῆς
1288 748 1622 813 ἀποστασίας
1642 750 1730 804 διὰ
1752 751 1952 804 Ἰούδαν
1971 754 2011 814 ¹,

427 821 488 886 ὃς
535 827 834 894 δωδέκατος
883 828 950 902 ἦν
992 835 1102 887 τῶν
1128 838 1460 900 ἀποστόλων,
1498 843 1793 912 γενομένης
1822 843 2013 914 προδο-

433 917 553 982 σίας
583 919 891 976 δείκνυσθαι
934 924 1182 994 λέγουσι’
1212 931 1307 982 καὶ
1336 932 1416 984 ὅτι
1455 933 1533 1003 τῷ
1568 934 1850 1005 δωδεκάτῳ
1887 935 2014 1004 μηνί

433 1006 652 1062 ἔπαθεν.
685 1010 950 1085 Ἐνιαυτῷ
992 1015 1101 1087 γὰρ
1136 1019 1215 1071 ἑνὶ
1251 1019 1530 1088 βούλονται
1575 1024 1735 1077 αὐτὸν
1776 1025 1914 1094 μετὰ
1954 1026 2014 1078 τὺ

433 1099 718 1172 βάπτισμα
751 1105 917 1158 αὐτοῦ
949 1111 1466 1181 κεκηρυχέναιἽῦτι
1489 1135 1547 1169 τε
1572 1117 1664 1170 ἐπὶ
1691 1118 1788 1188 τῆς
1816 1119 2014 1190 Αἱμορο

435 1195 664 1265 ῥοούσης
717 1197 1030 1265 σαφέστατα
1073 1203 1231 1255 τοῦτο
1285 1204 1611 1278 δηλοῦσθαι·
1656 1209 1861 1263 δώδεκα
1906 1211 2012 1283 γὰρ

433 1284 527 1356 ἐτη
561 1287 839 1342 παθοῦσαν
865 1292 1034 1363 αὐτὴν
1065 1295 1167 1347 ὑπὸ
1189 1297 1289 1366 τῆς
1312 1299 1405 1352 τοῦ
1434 1302 1683 1373 Σωτῆρος
1712 1306 2014 1376 παρουσίας

433 1377 879 1448 τεθεραπεῦσθαι,
913 1385 1198 1459 ἀφειμένην
1228 1391 1320 1444 τοῦ
1352 1395 1657 1458 κρασπέδου
1688 1396 1871 1452 αὑτοῦ.
1905 1399 2014 1451 Καὶ

431 1465 519 1517 διὰ
561 1467 718 1521 τοῦτο
762 1473 1039 1543 εἰρηκέναι
1073 1477 1164 1529 τὸν
1196 1479 1452 1552 Σωτῆραο
1490 1483 1585 1548 Τίς
1617 1502 1735 1552 μου
1778 1485 2012 1554 imam;

431 1557 760 1614 Διδάσκοντα
804 1565 931 1628 τοὺς
965 1565 1211 1638 μαθητὰς
1247 1571 1307 1623 τὸ
1344 1574 1565 1640 γεγονὸς
1599 1577 1656 1628 ἐν
1687 1578 1800 1640 τοῖς
1842 1579 2011 1632 Λίῶσι

434 1653 750 1720 μυστήριον,
781 1653 878 1725 τὴν
909 1657 1050 1710 ἴασιν
1079 1660 1172 1712 τοῦ
1203 1662 1530 1727 πεπονθότος
1576 1666 1798 1730 Αἰῶνος.
1818 1669 1879 1720 Ἡ
1903 1669 2009 1740 γὰρ

433 1741 678 1796 παθοῦσα
719 1745 924 1800 δώδεκα
952 1749 1070 1821 ἐτη,
1095 1753 1276 1822 ἐκείνη
1303 1756 1336 1825 ὴ
1364 1755 1590 1827 δύναμις
1627 1760 2007 1832 ἐκτεινομένης

431 1834 620 1904 αὐτῆς,
650 1838 744 1889 καὶ
789 1841 868 1901 εἰς
909 1841 1135 1912 ἄπειρον
1171 1846 1401 1917 ῥεούσης
1424 1848 1528 1918 τῆς
1559 1849 1767 1914 οὐσίας,
1809 1851 1884 1915 ὠς
1925 1853 2010 1905 λέ-

428 1941 639 1992 γουσιν.
664 1931 713 1981 εἰ
747 1931 819 2002 μὴ
852 1931 1054 2000 ἔψαυσε
1083 1935 1176 1987 τοῦ
1213 1941 1525 2009 φορήματος
1553 1942 1739 2002 αὐτοῦ,
1768 1945 2009 1997 τουτέστι

428 2018 529 2086 τῆς
581 2019 839 2090 ἀληθείας
885 2025 983 2094 τῆς
1033 2026 1256 2097 πρώτης
1300 2032 1575 2100 τετράδος,
1611 2034 1732 2103 ἥτις
1780 2035 1867 2088 διὰ
1915 2037 2009 2088 τοῦ

429 2112 738 2179 κρασπέδου
775 2117 1098 2186 μεμήνυται,
1122 2121 1350 2194 ἀνελύθη
1383 2124 1448 2177 ἂν
1477 2127 1556 2189 εἰς
1579 2127 1677 2197 τὴν
1707 2127 1894 2180 οὐσίαν
1917 2130 2012 2181 αύ-

433 2199 732 2291 τῇς.Ἀλλὰ
781 2204 908 2277 ἔστη
965 2210 1056 2262 καὶ
1105 2212 1383 2266 ἐπαύσατο
1428 2215 1522 2268 τοῦ
1567 2218 1874 2281 πάθους.Ἥ
1903 2221 2011 2291 γάρ

427 2288 716 2381 εξελθοῦσα
765 2294 994 2368 δύναμις
1015 2301 1206 2354 τούτου
1221 2304 1262 2367 ⁸,
1289 2299 1428 2357 εἶναι
1443 2305 1497 2358 δὲ
1511 2308 1714 2378 ταύτης
1742 2309 1832 2363 τὸν
1846 2288 2012 2381 "(Jva

427 2376 690 2447 θέλουσιν,
723 2383 1090 2454 ἐθεράπευσεν
1123 2392 1310 2462 αὐτὴν,
1343 2397 1521 2449 καὶτὸ
1550 2376 1718 2461 πάθος
1746 2376 2006 2470 ἐχώρισεν

427 2471 524 2522 ἀπ’
551 2473 738 2544 αὐτῆς.
768 2477 840 2528 Τὸ
865 2478 922 2530 δὲ
943 2481 1172 2553 Σωτῆρα
1200 2483 1291 2537 τὸν
1326 2486 1390 2538 ὲκ
1415 2487 1632 2542 πάντων
1659 2490 1785 2543 ὄντα
1817 2493 1876 2544 τὸ
1902 2494 2010 2546 πᾶν

427 2556 565 2615 εἷναι
602 2563 690 2617 διὰ
725 2567 818 2619 τοῦ
865 2568 1023 2638 λόγου
1061 2572 1177 2637 τοῦ,
1207 2574 1338 2629 Πᾶν
1359 2577 1540 2646 ἅρῤεν
1576 2580 1877 2650 διανοῖγον
1900 2582 2012 2651 μή·

425 2668 592 2745 τραγ,
613 2653 901 2726 δηλοῦσθαι
922 2661 1186 2730 λέγουσιν.
1200 2670 1312 2732 Ὃς,
1340 2669 1398 2721 τὸ
1421 2673 1524 2724 πᾶν
1540 2671 1634 2736 ὣν,
1665 2673 1895 2744 διήνοιξε
1913 2676 2010 2745 τὴν

429 2744 640 2816 μήτραν
664 2749 763 2818 τῆς
778 2750 1155 2824 Ἰἰνθυμήσεως
1173 2758 1305 2827 (77),
1323 2761 1414 2813 τοῦ
1432 2764 1758 2829 πεπονθότος
1785 2744 2007 2830 Αἰῶνος,

425 2836 523 2930 καὶ
551 2837 924 2930 έξορισθείσης
953 2847 1108 2912 ἐκτὸς
1151 2850 1245 2902 τοῦ
1295 2854 1680 2925 πληρώματος,
1713 2859 1778 2930 ἢν
1824 2859 1886 2930 δὴ
1919 2861 2010 2913 καὶ

425 2928 684 3023 δευτέραν
719 2934 978 3002 Ὸγδοάδα
1013 2939 1254 3005 καλοῦσι,
1286 2947 1413 3015 περὶ
1444 2943 1511 3018 ἧς
1542 2928 1742 3017 μικρὸν⁷
1783 2928 2008 3023 ὕστερον

427 3020 678 3091 ἐροῦμεν.
709 3026 818 3078 Καὶ
848 3028 954 3081 ὑπὸ
987 3031 1081 3083 τοῦ
1128 3034 1341 3088 Παύλου
1371 3037 1427 3088 δὲ
1453 3040 1700 3110 φανερῶς
1734 3042 1822 3094 διὰ
1850 3020 2007 3095 τοῦτο

2119 583 2220 619 non
2253 567 2564 634 praeteribit,
2593 569 2754 622 donec
2794 569 2974 622 omnia
3003 571 3192 639 ﬁant".

2186 659 2305 715 Jatn
2365 678 2491 716 vero
2540 663 2844 718 duodecimi
2893 661 3086 718 (Eonis
3129 661 3491 718 calamitatem
3512 661 3692 731 prodi-

2115 753 2264 807 tione
2320 751 2469 807 Iuda:
2491 754 2532 819 ⁸,
2578 754 2671 823 qui
2733 755 3101 823 apostolorum
3165 752 3520 806 duodecimus
3568 751 3686 813 fuit,

2116 844 2401 898 commode
2430 845 2723 910 declarari;
2762 845 2909 898 velut
2955 844 3116 896 etiam
3140 844 3193 896 in
3224 857 3290 897 eo
3318 840 3462 911 quod
3492 841 3692 894 duode-

2116 937 2260 991 cimo
2289 953 2473 991 mense
2503 952 2699 1007 passus
2731 946 2834 993 est.
2863 935 2985 991 Uno
3024 936 3166 990 enim
3215 934 3501 998 duntaxat,
3534 943 3687 1002 post-

2117 1041 2279 1094 quam
2308 1026 2612 1095 baptizatus
2636 1034 2739 1090 est,
2771 1039 2915 1078 anno
2942 1023 3109 1076 divini
3133 1022 3280 1076 verbi
3307 1020 3691 1091 prazdicatioue

2117 1117 2362 1170 functum
2411 1132 2532 1172 esse
2582 1123 2847 1171 statuunt.
2885 1114 2990 1169 Sed
3038 1114 3323 1184 perspicue
3370 1111 3689 1180 cumprimis

2117 1210 2249 1263 illud
2297 1211 2350 1262 in
2398 1225 2461 1263 ea
2505 1209 2733 1264 muliere
2762 1212 3218 1271 demonstratum,
3257 1220 3377 1275 qua:
3409 1204 3690 1274 sanguinis

2118 1303 2381 1370 prolluvio
2413 1301 2710 1355 laborabat.
2742 1299 2872 1364 Quae
2900 1314 3022 1352 cum
3053 1297 3341 1352 duodecim
3370 1295 3480 1364 jam
3517 1309 3690 1348 annos

2115 1410 2181 1448 eo
2227 1394 2417 1447 morbo
2467 1391 2891 1455 conﬂictaretur,
2942 1389 3241 1444 Salvatoris
3292 1387 3546 1449 adventu,
3598 1385 3689 1438 ubi

2116 1484 2387 1538 ﬁmbriam
2440 1485 2559 1554 ejus
2613 1484 2808 1554 attigit,
2849 1483 3076 1536 salutem
3130 1480 3489 1550 recuperavit.
3516 1479 3690 1544 Quam

2116 1580 2186 1633 ob
2229 1595 2450 1634 causam
2505 1577 2755 1634 Salvator
2803 1579 3000 1633 dixerit
3031 1597 3043 1630 :
3089 1576 3219 1642 Quis
3248 1591 3329 1628 me
3361 1574 3597 1643 tetigit’?
3631 1581 3688 1625 ut

2115 1671 2414 1739 discipulos
2452 1671 2770 1741 mysterium
2802 1667 2931 1720 illud
2965 1667 3106 1734 quod
3141 1667 3194 1719 in
3225 1664 3494 1718 lEonibus
3517 1666 3692 1717 conti-

2114 1769 2288 1828 gerat,
2331 1767 2495 1827 atque
2529 1759 2672 1812 illam
2707 1757 2882 1811 alTecti
2927 1755 3120 1809 Aionis
3165 1755 3501 1808 curationem
3532 1753 3693 1806 duon-

2117 1858 2216 1904 rel.
2248 1849 2458 1904 Etenim
2490 1849 2683 1903 mulier
2711 1865 2830 1917 qua:
2877 1848 3035 1901 annis
3061 1845 3347 1899 duodecim
3387 1848 3686 1914 aegrotavit,
3761 1869 3770 1876 -

2114 1943 2288 1995 virtus
2334 1942 2424 1994 illa
2463 1951 2745 2010 propterea
2775 1948 2876 2000 est,
2915 1939 3057 2008 quod
3092 1945 3308 1991 extenta
3336 1935 3583 2006 atquein
3614 1937 3691 1991 in-

2117 2034 2330 2087 ﬁnitum
2373 2033 2632 2102 dissipata
2665 2032 2965 2086 substantia
2991 2030 3150 2093 foret,
3179 2030 3281 2084 nisi
3317 2039 3589 2098 gestamen
3637 2029 3692 2080 il-

2113 2125 2220 2180 lius
2258 2125 2522 2194 attigisset
2559 2143 2570 2178 :
2607 2124 2711 2177 hoc
2765 2132 2848 2178 est
2885 2121 3199 2187 Veritatem,
3241 2135 3361 2190 qua;
3409 2121 3463 2173 in
3517 2120 3688 2188 prima

2115 2213 2346 2269 Tetrade
2378 2222 2718 2278 numeratur,
2739 2222 2791 2268 et
2820 2228 2914 2283 per
2939 2211 3206 2265 ﬁmbriam
3233 2211 3559 2266 ostenditur.
3583 2208 3690 2263 Sed

2113 2308 2361 2362 substitit
2403 2308 2681 2369 nimirum,
2727 2315 2889 2376 atque
2922 2306 2989 2358 ab
3035 2319 3100 2358 eo
3151 2306 3341 2357 morbo
3390 2302 3686 2357 convaluit.

2111 2397 2320 2466 Quippe
2345 2399 2519 2451 virtus
2543 2411 2570 2448 a
2609 2397 2719 2450 tilio
2755 2409 3062 2466 progressa,
3095 2409 3253 2462 quem
3299 2391 3690 2446 llornn~inter-

2114 2495 2417 2556 pretantur,
2451 2485 2774 2541 medicinam
2804 2485 3001 2548 attulit,
3031 2492 3081 2537 et
3113 2485 3179 2537 ab
3209 2485 3352 2537 omni
3384 2482 3688 2536 incommo-

2115 2579 2184 2633 do
2212 2579 2484 2632 liberavit.
2509 2578 2665 2644 Quod
2696 2586 2874 2631 autem
2915 2577 3163 2630 Salvator
3193 2577 3326 2645 ipse,
3352 2575 3441 2644 qui
3473 2576 3541 2629 ab
3573 2588 3692 2628 om-

2113 2671 2275 2726 nibus
2305 2679 2484 2725 ortum
2519 2671 2750 2741 accepit,
2785 2681 2979 2724 natura
3033 2669 3272 2723 omnium
3317 2675 3548 2729 constet,
3586 2667 3694 2721 cn!-

2114 2763 2202 2831 ligi
2233 2780 2298 2817 ex
2331 2763 2416 2816 his
2454 2763 2607 2832 181
2642 2763 2822 2816 verbis
2853 2763 3167 2817 existimant
3204 2760 3404 2816 :Omne
3437 2760 3690 2813 masculi-

2111 2869 2236 2906 num
2283 2851 2590 2920 adaperiens
2643 2852 2906 2905 vulvam”.
2949 2849 3046 2903 Hic
3091 2852 3234 2904 enim
3275 2850 3455 2903 omnia
3489 2849 3690 2917 pariter

2111 2945 2400 3008 exsistens,
2426 2943 2836 3013 Enthymeseos,
2869 2943 2973 2996 hoc
3001 2954 3084 2996 est
3107 2941 3465 3012 Cogitationis
3501 2943 3691 2993 matri-

2111 3053 2228 3092 cem
2259 3037 2488 3106 aperuit,
2523 3037 2700 3091 adecti
2735 3037 2942 3090 scilicet
2981 3032 3197 3099 Eonis,
3225 3042 3276 3088 et
3320 3050 3350 3088 a
3396 3035 3691 3103 pleromate

426 3113 678 3183 εἰρῆσθαι
722 3117 974 3186 λέγουσι·
1019 3125 1129 3178 Καὶ
1174 3129 1355 3193 αὑτός
1382 3130 1512 3183 ἐστι
1547 3132 1622 3186 τὰ
1651 3134 1878 3187 πάντα·
1915 3136 2006 3188 καί

2113 3129 2420 3198 proscripti,
2449 3143 2610 3198 quam
2637 3136 2690 3182 et
2718 3127 3011 3183 secundam
3034 3125 3345 3196 Ogdoadem
3376 3133 3594 3184 vocant,
3623 3123 3690 3176 dc

427 3207 588 3260 πάλιν
605 3227 619 3240 ⁸
649 3211 854 3265 Πάντα
880 3216 968 3280 εἰς
995 3220 1201 3284 αὐτὸν,
1238 3221 1334 3273 καὶ
1361 3223 1429 3286 ἐξ
1457 3226 1642 3278 αὑτοῦ
1667 3227 1738 3278 τὰ
1768 3227 1963 3280 πάντα
1989 3245 2000 3257 ·

429 3303 522 3353 καὶ
555 3303 746 3357 πάλιν·
791 3307 893 3360 Ἐν
929 3309 1089 3374 αὐτῷ
1140 3315 1406 3367 κατοικεῖ
1445 3314 1566 3369 πᾶν
1606 3318 1668 3370 τὸ
1717 3318 2005 3388 πλήρωμα

428 3391 538 3458 τῆς
565 3398 870 3462 θεότητος·
905 3401 998 3452 καὶ
1023 3401 1102 3466 τὸ,
1124 3403 1781 3472 Ἁνακεφαλαιώσασθαι
1827 3409 1893 3461 δὲ
1937 3411 2007 3463 τὰ

426 3482 625 3538 πάντα
651 3487 720 3538 ἐν
765 3487 846 3553 τῷ
884 3490 1113 3558 Χριστῷ
1135 3492 1232 3546 διὰ
1263 3496 1368 3546 τοῦ
1415 3497 1583 3561 Θεοῦ,
1617 3498 2006 3568 ἑρμηνεύουσιν

373 3653 376 3656 Ι
431 3573 704 3644 εἰρῆσθαι,
733 3577 827 3628 καὶ
853 3577 907 3628 εἴ
936 3597 1057 3632 τινα
1089 3581 1223 3634 ἄλλα
1251 3582 1496 3638 τοιαῦτα.

502 3843 599 3898 ιε’.
640 3848 870 3900 Ἔπειτα
919 3851 1049 3920 περὶ
1104 3852 1196 3903 τοῦ
1235 3853 1400 3923 Ὀρου
1452 3856 1652 3919 αὐτῶν,
1697 3857 1755 3909 ὃν
1799 3857 1862 3928 δὴ
1918 3861 2011 3912 καὶ

431 3936 671 3989 πλείοσιν
698 3939 923 4008 ὀνόμασι
964 3940 1208 4007 καλοῦσι,
1242 3943 1335 3996 δύο
1363 3946 1643 4016 ἐνεργείας
1682 3947 1821 4017 ἔχειν
1850 3951 2010 4002 αὑτὸν

430 4029 878 4099 ἀποφαινόμενοι,
909 4033 1006 4102 τὴν
1044 4033 1367 4105 ἑδραστικὴν
1399 4039 1492 4088 καὶ
1532 4037 1629 4110 τὴν
1660 4044 2006 4112 μεριστικήν·

431 4122 526 4173 καὶ
573 4121 716 4175 καθὰ
767 4124 865 4192 μὲν
897 4123 1111 4193 ἑδράζει
1141 4127 1232 4180 καὶ
1274 4131 1536 4200 στηρίξει,
1575 4133 1814 4204 Σταυρὺν
1849 4130 2008 4195 εἶναι,

431 4212 568 4264 καθὸ
592 4213 611 4244 ³
641 4214 698 4265 δὲ
727 4216 937 4286 μερίζει
972 4220 1063 4270 καὶ
1089 4219 1331 4290 διορίζει,
1368 4223 1529 4293 Ὅρον
1551 4243 1562 4252 '
1591 4225 1682 4278 τὸν
1716 4227 1811 4297 μὲν
1844 4229 2012 4280 Σταυ-

434 4304 523 4370 ρῦν
547 4303 568 4334 ⁵
593 4303 766 4368 οὕτως
799 4307 1014 4375 λέγουσι
1057 4314 1429 4383 μεμηνυκέναι
1469 4315 1566 4378 τὰς
1604 4319 1882 4388 ἐνεργείας
1917 4323 2012 4373 αύ-

429 4395 545 4449 τοῦ.
578 4398 688 4450 Καὶ
728 4401 942 4470 πρῶτον
983 4404 1082 4471 μὲν
1117 4406 1216 4475 τὴν
1251 4407 1572 4478 έδραστικὴν
1602 4411 1659 4463 ἐν
1688 4412 1765 4482 τῷ
1798 4415 1972 4466 εἰπεῖν
1995 4432 2007 4444 °

2107 3236 2215 3290 qua
2253 3221 2415 3290 paulo
2441 3227 2565 3290 post
2597 3235 2842 3287 agemus.
2869 3219 2989 3284 Quo
3026 3213 3080 3272 et
3111 3217 3338 3271 Paulum
3375 3218 3549 3286 ipsum
3584 3231 3692 3268 ma-

2107 3310 2301 3366 nifeste
2331 3313 2657 3381 respexisse,
2685 3327 2808 3365 cum
2852 3311 2991 3364 dixit
3027 3327 3040 3362 :
3080 3307 3149 3362 Et
3183 3311 3293 3377 ipse
3325 3317 3403 3362 est
3429 3308 3642 3361 omnia"
3671 3323 3687 3372 ;

2110 3405 2439 3472 rursumque
2476 3421 2488 3456 :
2529 3403 2720 3458 Omnia
2750 3403 2804 3455 in
2828 3403 3023 3470 ipsum,
3069 3411 3118 3455 et
3160 3417 3225 3455 ea:
3265 3402 3378 3470 ipso
3407 3400 3680 3461 omnia”;

2110 3500 2273 3563 atque
2305 3495 2496 3548 iterum
2529 3514 2540 3548 :
2577 3493 2642 3548 In
2684 3495 2795 3560 ipso
2825 3494 3029 3547 habitat
3061 3495 3228 3547 omnis
3257 3489 3523 3560 plenitudo
3550 3491 3687 3542 diri—

2111 3588 2292 3640 nitatis
2312 3589 2350 3617 “
2375 3605 2389 3653 ;
2427 3588 2532 3640 imo
2565 3587 2725 3641 illud:
2757 3586 3064 3640 lnstaurare
3089 3586 3266 3639 omnia
3287 3586 3339 3639 in
3367 3583 3577 3638 Christo
3603 3597 3692 3650 per

2118 3680 2365 3742 Deam“,
2396 3679 2465 3733 ab
2499 3695 2562 3732 ea
2608 3689 2790 3734 mente
2814 3681 3018 3734 dictum
3059 3679 3353 3748 accipiunt,
3391 3693 3455 3731 ac
3498 3677 3542 3731 si
3583 3691 3689 3744 qua

2113 3777 2242 3823 sunt
2273 3770 2436 3836 hujus
2469 3769 2684 3837 generis
2715 3770 2842 3823 alia.

2186 3859 2299 3913 XV.
2330 3861 2482 3926 Quod
2509 3878 2636 3916 vero
2675 3862 2740 3914 ad
2775 3861 2978 3915 Horum
3025 3863 3279 3931 pertinet,
3315 3875 3476 3929 quem
3519 3860 3682 3927 pluri-

2114 3951 2215 4004 bus
2243 3951 2561 4006 nominibus
2593 3950 2889 4021 appellant,
2919 3954 3116 4022 cuique
3136 3952 3243 4005 duo
3274 3951 3572 4005 ciliciorum
3599 3967 3690 4019 gr-

2113 4056 2243 4094 nera
2297 4042 2564 4104 tribuunt,
2629 4042 2970 4098 sustentandi
3029 4043 3280 4096 videlicet
3329 4049 3491 4111 atque
3564 4057 3686 4110 par-

2116 4135 2304 4198 tiendi,
2341 4137 2413 4189 ita
2465 4145 2523 4189 ut
2573 4143 2844 4205 quatenus
2897 4136 3052 4190 fulcit
3105 4151 3168 4189 ac
3222 4136 3480 4201 sustinet,
3513 4134 3684 4201 Crtn,

2115 4235 2386 4296 quatenus
2452 4228 2688 4296 partitur
2746 4244 2809 4282 ac
2867 4228 3088 4292 dividit,
3155 4227 3369 4292 Horus,
3441 4228 3542 4280 hoc
3606 4237 3689 4282 est

2115 4316 2406 4374 Terminus
2486 4319 2838 4384 nominetur;
2873 4321 3034 4387 hujus
3061 4335 3189 4388 ergo
3232 4319 3540 4374 functiones
3585 4320 3687 4372 hoc

2115 4408 2276 4463 modo
2337 4426 2368 4463 a
2427 4409 2709 4464 Salvatore
2779 4411 3072 4479 signiﬁcari
3136 4410 3489 4479 praedicant:
3559 4426 3682 4464 nam

436 4486 534 4550 Ὃς
566 4489 637 4539 οὺ
660 4489 945 4551 βαστάζει
973 4492 1080 4544 τὸν
1108 4496 1372 4562 σταυρὸν
1404 4500 1610 4564 αὑτοῦ,
1635 4502 1729 4553 καί
1755 4503 2008 4557 ἀκολου-

2116 4503 2260 4554 illam
2315 4503 2626 4557 stabiliendi
2661 4502 3028 4572 fulciendique
3064 4505 3168 4556 vim
3220 4504 3402 4558 crucis
3451 4503 3685 4573 imagine

430 4576 526 4630 θεῖ
543 4595 658 4646 μοι,
688 4583 961 4648 μαθητὴς
988 4584 1131 4652 ἐμὸς
1170 4589 1241 4640 οὐ
1276 4587 1525 4642 δύναται
1569 4587 2003 4658 γενέσθαι·καί,

435 4668 616 4736 Ἀρας
641 4673 748 4724 τὸν
772 4675 1036 4741 σταυρὸν
1069 4676 1178 4746 (78)
1206 4679 1392 4732 αὑτοῦ
1419 4680 1739 4735 ἀκολουθεῖ
1748 4701 1850 4751 μοι
1870 4699 1882 4712 ·
1909 4685 2006 4756 τὴν

429 4758 484 4812 δὲ
514 4760 845 4834 διοριστικὴν
881 4767 1046 4820 αὑτοῦ
1079 4770 1137 4820 ὲν
1167 4768 1244 4839 τῷ
1283 4771 1456 4823 εἰπεῖν
1476 4790 1488 4802 ·
1523 4775 1644 4826 Οὐκ
1677 4771 1868 4843 ἦλθον
1887 4778 2001 4840 ,ϐα-

428 4851 561 4903 λεῖν
585 4853 850 4922 εἰρήνην,
880 4858 1042 4910 ἀλλὰ
1066 4858 1384 4928 μάχαιραν.
1410 4862 1517 4914 Καὶ
1547 4865 1637 4916 τὸν
1676 4866 1924 4936 Ἰωάννην
1945 4867 2002 4920 δὲ

429 4940 677 5009 λέγουσιν
702 4946 835 4999 αὐτὸ
850 4947 1006 5000 τοῦτο
1029 4951 1424 5020 μεμηνυκέναι,
1439 4954 1692 5008 εἰπόντα·
1719 4957 1786 5009 Τὸ
1809 4957 2002 5010 πτύον

507 5101 527 5176 ‘_
560 5101 629 5176 F._
670 5103 757 5156 διὰ
798 5106 930 5176 ᾃτῆς
988 5107 1320 5171 ὰποστασίας

429 5171 451 5202 ³
487 5171 673 5228 Matth.
705 5191 755 5233 ν,
790 5174 876 5228 18.

430 5240 474 5273 ¹⁰
513 5243 641 5296 ibid.

1397 5111 1492 5180 τῆς
1553 5111 1742 5165 Ἰούδα.

952 5176 1351 5249 ‘lliattlr.xxvr,
1384 5176 1459 5233 14'
1480 5198 1539 5249 sq

727 5245 768 5274 “
806 5246 938 5299 ibid.
978 5247 1029 5300 9.

503 5429 616 5506 (Π)
675 5430 944 5506 Διῄνοιξε
988 5433 1102 5506 τὴν
1146 5435 1382 5504 μήτραν
1421 5436 1531 5504 τῆς
1575 5439 2008 5506 Ἐνθυμήσεως.

435 5499 804 5570 Enthymesis.
844 5505 948 5557 nisi
984 5499 1174 5567 fallor,
1223 5499 1372 5560 inter
1407 5499 1616 5561 [Bonas
1662 5499 1881 5563 minime
1921 5499 2009 5563 re-

434 5579 726 5642 censetur;
753 5573 868 5642 sed
909 5572 1051 5627 fetus
1093 5576 1364 5642 quispiam
1399 5588 1482 5631 est
1530 5577 1744 5636 IEonis.
1795 5580 1894 5632 hoc
1928 5587 2011 5633 est

437 5638 676 5716 Sophim.
727 5641 906 5716 Quare
945 5651 1069 5716 post
1113 5638 1530 5716 Ἐνθυμήσεως,
1569 5650 1781 5701 sublata
1814 5650 2010 5704 distin»

433 5711 639 5790 ctione,
668 5717 724 5764 et
757 5711 1022 5790 particula
1055 5714 1147 5768 καί
1174 5711 1718 5790 θριὲ-ἕξορισθείσης,
1748 5721 2008 5790 ita_|ocus

435 5779 525 5835 iilc
559 5782 1000 5849 iutcrpretandus
1026 5794 1110 5841 est
1145 5803 1158 5838 :
1189 5779 1536 5856 Cogitationis
1578 5779 1754 5856 aﬂecti
1790 5787 2005 5854 ZEonis,

1207 5111 1320 5171 σίας
1397 5111 1492 5180 τῆς
1553 5111 1742 5165 Ἰούδα.
1845 5116 1865 5144 ¹
1916 5111 2008 5166 Iro]

1207 5196 1351 5253 .VXAVI,
1384 5181 1447 5233 14
1480 5198 1598 5250 sqq.
1678 5184 1696 5211 ⁷
1731 5181 1862 5236 Luc.
1892 5199 2008 5245 vm,

2141 5111 2233 5165 τοῦ
2292 5112 2428 5165 υἱοῦ.
2489 5111 2606 5164 Mox
2667 5111 2887 5179 ταύτην.
2995 5113 3013 5141 ⁸
3048 5117 3130 5163 καὶ

2113 5183 2145 5236 i.
2193 5181 2398 5253 ἧμιν.
2461 5198 2519 5246 ιι,
2569 5183 2668 5253 ‘23;
2716 5181 2886 5253 Exod:
2927 5198 3041 5253 xui,
3078 5185 3130 5233 2.

1109 5249 1152 5279 η
1183 5248 1378 5318 Epltes.
1413 5266 1451 5316 ι,
1482 5248 1574 5304 it).
1637 5253 1678 5283 ¹³
1708 5252 1838 5307 Luc.
1867 5268 1976 5318 xw,
2004 5260 2008 5305 1

2167 5251 2417 5305 1"ulrlatth.
2448 5267 2561 5315 xvi,
2601 5251 2689 5305 24-.
2758 5253 2800 5282 ⁸⁵
2833 5250 3022 5304 Matth.
3053 5266 3105 5312 x,
3136 5251 3223 5304 54.

2115 4593 2506 4656 demonstrari,
2543 4608 2666 4646 cum
2700 4593 2940 4646 dicitur:
2972 4592 3074 4658 Qui
3106 4609 3209 4645 non
3243 4593 3444 4662 bajulat
3482 4610 3686 4647 crucem

2113 4701 2263 4736 suam
2285 4685 2578 4753 etsequitur
2599 4701 2698 4747 me,
2717 4684 3005 4753 discipulus
3019 4700 3128 4737 esse
3151 4701 3293 4737 meus
3312 4701 3410 4738 non
3435 4697 3600 4754 potest
3621 4685 3682 4736 “z

2111 4786 2184 4838 ct,
2203 4775 2409 4829 Totiens
2433 4793 2637 4829 crucem
2668 4792 2820 4830 suam
2845 4777 3078 4846 sequitur
3098 4792 3178 4828 me
3213 4775 3276 4828 ³⁸.
3294 4777 3554 4841 Alteram,
3579 4790 3685 4845 qua

2109 4867 2373 4921 discernit
2415 4881 2477 4920 ac
2525 4866 2742 4929 dividit,
2781 4867 2868 4922 his
2907 4866 3127 4920 verbis:
3165 4862 3288 4918 Non
3329 4865 3443 4918 ueni
3485 4865 3685 4917 mittere

2107 4959 2406 5021 pacem,sed
2438 4956 2750 5026 gladium”.
2777 4955 2931 5021 Quod
2952 4956 3126 5026 ipsum
3150 4969 3179 5006 a
3203 4953 3412 5007 Joanne
3441 4952 3684 5006 declara-

3259 5109 3278 5138 ‘
3317 5108 3376 5160 F.
3432 5108 3681 5177 Σωτῆρα.

3202 5182 3221 5209 ⁹
3249 5180 3461 5233 Coloss.
3507 5195 3543 5240 ι,
3595 5180 3681 5232 Π.

2141 5111 2233 5165 τοῦ
2292 5112 2428 5165 υἱοῦ.
2489 5111 2606 5164 Mox
2667 5111 2887 5179 ταύτην.
2995 5113 3013 5141 ⁸
3048 5112 3159 5163 καί.

2110 5457 2226 5509 qua?
2269 5457 2301 5494 a
2339 5441 2626 5507 pteromate
2661 5443 2955 5508 proscripta
2997 5440 3200 5510 fuerat,
3254 5441 3522 5493 matricem
3561 5456 3679 5508 ope-

2113 5500 2242 5564 tua.
2278 5500 2394 5563 Non
2444 5512 2586 5563 enim
2623 5500 2823 5580 Sophia
2851 5500 2967 5580 ipsa
2997 5500 3149 5566 extra
3177 5500 3426 5565 Pleroma
3464 5500 3680 5579 penitus
3750 5500 3759 5518 ’

2109 5582 2424 5639 arnandata,
2459 5581 2550 5634 sed
2584 5581 2704 5646 ejus
2740 5581 3034 5651 ὲνθύμησις
3083 5599 3135 5633 et
3173 5582 3359 5651 πάθος,

2200 5651 2313 5719 (78)
2360 5652 2534 5718 ’Ἄρας
2574 5652 2681 5705 τὸν
2731 5649 3012 5718 «tamen
3067 5651 3190 5720 Leg.
3237 5649 3517 5720 ἀκολούθει
3567 5667 3676 5720 μοι.

2109 5719 2330 5795 Sequere
2365 5738 2462 5783 me,
2497 5731 2668 5795 utest
2693 5722 2835 5792 apud
2865 5720 3028 5788 lren.,
3075 5719 3170 5778 sed
3204 5737 3313 5795 nos
3346 5719 3532 5780 Graeca
3563 5719 3682 5794 ipsa

2109 5791 2400 5846 immutare
2428 5792 2723 5847 noluimus.
