  <div class='ocr_page' id='page_1' title='image "/cluster/home/n/w/nwhite01/storage/ocr_20150623/41/nnc1.0046978747/295.png"; bbox 0 0 4170 6372; ppageno 0'>
   <div class='ocr_carea' id='block_1_1' title="bbox 499 312 602 369">
    <p class='ocr_par' dir='ltr' id='par_1_1' title="bbox 499 312 602 369">
     <span class='ocr_line' id='line_1_1' title="bbox 499 312 602 369; baseline 0.029 -3"><span class='ocrx_word' id='word_1_1' title='bbox 499 312 602 369; x_wconf 78' lang='grc'><strong>505</strong></span> 
     </span>
    </p>
   </div>
   <div class='ocr_carea' id='block_1_2' title="bbox 1881 339 2327 402">
    <p class='ocr_par' dir='ltr' id='par_1_2' title="bbox 1881 339 2327 402">
     <span class='ocr_line' id='line_1_2' title="bbox 1881 339 2327 402; baseline 0.018 -8"><span class='ocrx_word' id='word_1_2' title='bbox 1881 339 1936 396; x_wconf 91' lang='lat' dir='ltr'><strong>S.</strong></span> <span class='ocrx_word' id='word_1_3' title='bbox 1981 341 2327 402; x_wconf 80' lang='lat' dir='ltr'><strong>EPIPHANII</strong></span> 
     </span>
    </p>
   </div>
   <div class='ocr_carea' id='block_1_3' title="bbox 3665 372 3772 430">
    <p class='ocr_par' dir='ltr' id='par_1_3' title="bbox 3665 372 3772 430">
     <span class='ocr_line' id='line_1_3' title="bbox 3665 372 3772 430; baseline 0.009 -1"><span class='ocrx_word' id='word_1_4' title='bbox 3665 372 3772 430; x_wconf 59' lang='lat'><strong>50’:</strong></span> 
     </span>
    </p>
   </div>
   <div class='ocr_carea' id='block_1_4' title="bbox 496 437 2065 553">
    <p class='ocr_par' dir='ltr' id='par_1_4' title="bbox 496 437 2065 553">
     <span class='ocr_line' id='line_1_4' title="bbox 496 437 2065 529; baseline 0.017 -43"><span class='ocrx_word' id='word_1_5' title='bbox 496 444 608 488; x_wconf 89' lang='lat' dir='ltr'><strong>tum</strong></span> <span class='ocrx_word' id='word_1_6' title='bbox 686 449 810 490; x_wconf 93' lang='lat' dir='ltr'><strong>cum</strong></span> <span class='ocrx_word' id='word_1_7' title='bbox 857 437 1064 496; x_wconf 75' lang='lat' dir='ltr'><strong>diceret</strong></span> <span class='ocrx_word' id='word_1_8' title='bbox 1105 460 1119 497; x_wconf 89' lang='lat'><strong>:</strong></span> <span class='ocrx_word' id='word_1_9' title='bbox 1182 443 1548 502; x_wconf 84' lang='lat' dir='ltr'><strong>Ventilabrum</strong></span> <span class='ocrx_word' id='word_1_10' title='bbox 1586 451 1641 504; x_wconf 85' lang='lat' dir='ltr'><strong>in</strong></span> <span class='ocrx_word' id='word_1_11' title='bbox 1689 470 1847 509; x_wconf 83' lang='lat' dir='ltr'><strong>manu</strong></span> <span class='ocrx_word' id='word_1_12' title='bbox 1882 459 1996 529; x_wconf 77' lang='lat' dir='ltr'><strong>ejus</strong></span> <span class='ocrx_word' id='word_1_13' title='bbox 2039 480 2065 515; x_wconf 89' lang='lat' dir='ltr'><strong>e</strong></span> 
     </span>
     <span class='ocr_line' id='line_1_5' title="bbox 497 525 1786 553; baseline 0 0"><span class='ocrx_word' id='word_1_14' title='bbox 497 525 737 553; x_wconf 67' lang='grc' dir='ltr'><strong>,ιιι-,ιηΙ-ἒο</strong></span> <span class='ocrx_word' id='word_1_15' title='bbox 788 545 959 553; x_wconf 77' lang='grc'><strong>,...,...---</strong></span> <span class='ocrx_word' id='word_1_16' title='bbox 1048 544 1083 553; x_wconf 86' lang='lat'><strong>_.</strong></span> <span class='ocrx_word' id='word_1_17' title='bbox 1142 551 1203 553; x_wconf 30' lang='lat'><strong>4-,</strong></span> <span class='ocrx_word' id='word_1_18' title='bbox 1241 552 1244 553; x_wconf 65' lang='lat'>,</span> <span class='ocrx_word' id='word_1_19' title='bbox 1393 539 1461 553; x_wconf 78' lang='grc' dir='ltr'><strong>ι.-</strong></span> <span class='ocrx_word' id='word_1_20' title='bbox 1520 550 1527 553; x_wconf 86' lang='grc'><strong>.</strong></span> <span class='ocrx_word' id='word_1_21' title='bbox 1568 546 1578 553; x_wconf 91' lang='grc'><strong>.</strong></span> <span class='ocrx_word' id='word_1_22' title='bbox 1613 545 1624 553; x_wconf 92' lang='grc'><strong>.</strong></span> <span class='ocrx_word' id='word_1_23' title='bbox 1775 549 1786 553; x_wconf 71' lang='grc'><strong>-</strong></span> 
     </span>
    </p>
   </div>
   <div class='ocr_carea' id='block_1_5' title="bbox 2166 437 3768 553">
    <p class='ocr_par' dir='ltr' id='par_1_5' title="bbox 2192 467 3768 553">
     <span class='ocr_line' id='line_1_6' title="bbox 2192 467 3768 553; baseline 0.016 -34"><span class='ocrx_word' id='word_1_24' title='bbox 2192 467 2264 520; x_wconf 81' lang='grc' dir='ltr'><strong>ἐν</strong></span> <span class='ocrx_word' id='word_1_25' title='bbox 2305 468 2381 537; x_wconf 75' lang='grc' dir='ltr'><strong>τῇ</strong></span> <span class='ocrx_word' id='word_1_26' title='bbox 2414 474 2563 540; x_wconf 78' lang='grc' dir='ltr'>χειρὶ</span> <span class='ocrx_word' id='word_1_27' title='bbox 2617 476 2823 543; x_wconf 76' lang='grc' dir='ltr'>αὑτοῦ,</span> <span class='ocrx_word' id='word_1_28' title='bbox 2857 480 2953 533; x_wconf 82' lang='grc' dir='ltr'><strong>καὶ</strong></span> <span class='ocrx_word' id='word_1_29' title='bbox 2997 480 3499 553; x_wconf 72' lang='grc' dir='ltr'><strong>ὃιακαθαριεῖτὴν</strong></span> <span class='ocrx_word' id='word_1_30' title='bbox 3543 487 3768 551; x_wconf 62' lang='grc' dir='ltr'><em>ἅλωνα,</em></span> 
     </span>
    </p>
   </div>
   <div class='ocr_carea' id='block_1_6' title="bbox 495 525 2081 620">
    <p class='ocr_par' dir='ltr' id='par_1_6' title="bbox 495 525 2081 620">
     <span class='ocr_line' id='line_1_7' title="bbox 495 525 2081 620; baseline 0.02 -44"><span class='ocrx_word' id='word_1_31' title='bbox 495 525 737 594; x_wconf 84' lang='lat' dir='ltr'><strong>ourgabit</strong></span> <span class='ocrx_word' id='word_1_32' title='bbox 782 545 982 595; x_wconf 84' lang='lat' dir='ltr'><strong>arcam,</strong></span> <span class='ocrx_word' id='word_1_33' title='bbox 1035 544 1084 586; x_wconf 87' lang='lat' dir='ltr'><strong>et</strong></span> <span class='ocrx_word' id='word_1_34' title='bbox 1127 539 1461 608; x_wconf 87' lang='lat' dir='ltr'><strong>congregabit</strong></span> <span class='ocrx_word' id='word_1_35' title='bbox 1509 545 1744 599; x_wconf 85' lang='lat' dir='ltr'><strong>triticum</strong></span> <span class='ocrx_word' id='word_1_36' title='bbox 1767 549 1822 602; x_wconf 88' lang='lat' dir='ltr'><strong>in</strong></span> <span class='ocrx_word' id='word_1_37' title='bbox 1873 525 2081 620; x_wconf 80' lang='lat' dir='ltr'><strong>horrea,</strong></span> 
     </span>
    </p>
   </div>
   <div class='ocr_carea' id='block_1_7' title="bbox 493 615 2082 710">
    <p class='ocr_par' dir='ltr' id='par_1_7' title="bbox 493 615 2082 710">
     <span class='ocr_line' id='line_1_8' title="bbox 493 615 2082 710; baseline 0.023 -45"><span class='ocrx_word' id='word_1_38' title='bbox 493 615 670 669; x_wconf 78' lang='lat' dir='ltr'><strong>ualeas</strong></span> <span class='ocrx_word' id='word_1_39' title='bbox 697 627 876 672; x_wconf 82' lang='lat' dir='ltr'><strong>autem</strong></span> <span class='ocrx_word' id='word_1_40' title='bbox 899 623 1164 679; x_wconf 73' lang='lat' dir='ltr'><strong>comburat</strong></span> <span class='ocrx_word' id='word_1_41' title='bbox 1191 629 1300 698; x_wconf 85' lang='lat' dir='ltr'><strong>igni</strong></span> <span class='ocrx_word' id='word_1_42' title='bbox 1324 631 1747 706; x_wconf 70' lang='lat' dir='ltr'><strong>inexstinguibili</strong></span> <span class='ocrx_word' id='word_1_43' title='bbox 1787 642 1826 698; x_wconf 89' lang='grc'><strong>¹.</strong></span> <span class='ocrx_word' id='word_1_44' title='bbox 1871 615 2082 710; x_wconf 80' lang='lat' dir='ltr'><strong>Quibus</strong></span> 
     </span>
    </p>
   </div>
   <div class='ocr_carea' id='block_1_8' title="bbox 493 709 2078 794">
    <p class='ocr_par' dir='ltr' id='par_1_8' title="bbox 493 709 2078 794">
     <span class='ocr_line' id='line_1_9' title="bbox 493 709 2078 794; baseline 0.023 -37"><span class='ocrx_word' id='word_1_45' title='bbox 493 709 771 776; x_wconf 87' lang='lat' dir='ltr'><strong>proprium</strong></span> <span class='ocrx_word' id='word_1_46' title='bbox 799 711 928 767; x_wconf 84' lang='lat' dir='ltr'><strong>ilori</strong></span> <span class='ocrx_word' id='word_1_47' title='bbox 952 731 1150 772; x_wconf 89' lang='lat' dir='ltr'><strong>munus</strong></span> <span class='ocrx_word' id='word_1_48' title='bbox 1176 724 1522 792; x_wconf 83' lang='lat' dir='ltr'><strong>exprimitur.</strong></span> <span class='ocrx_word' id='word_1_49' title='bbox 1553 727 1687 784; x_wconf 87' lang='lat' dir='ltr'><strong>Nam</strong></span> <span class='ocrx_word' id='word_1_50' title='bbox 1714 734 2078 794; x_wconf 78' lang='lat' dir='ltr'><strong>ventilabrum</strong></span> 
     </span>
    </p>
   </div>
   <div class='ocr_carea' id='block_1_9' title="bbox 494 799 2082 895">
    <p class='ocr_par' dir='ltr' id='par_1_9' title="bbox 494 799 2082 895">
     <span class='ocr_line' id='line_1_10' title="bbox 494 799 2082 895; baseline 0.025 -45"><span class='ocrx_word' id='word_1_51' title='bbox 494 799 627 854; x_wconf 84' lang='lat' dir='ltr'><strong>illud</strong></span> <span class='ocrx_word' id='word_1_52' title='bbox 661 819 784 858; x_wconf 89' lang='lat' dir='ltr'><strong>esse</strong></span> <span class='ocrx_word' id='word_1_53' title='bbox 819 821 1037 864; x_wconf 90' lang='lat' dir='ltr'><strong>crucem</strong></span> <span class='ocrx_word' id='word_1_54' title='bbox 1072 812 1502 884; x_wconf 78' lang='lat' dir='ltr'><strong>interpretantur</strong></span> <span class='ocrx_word' id='word_1_55' title='bbox 1537 842 1550 877; x_wconf 94' lang='lat'><strong>:</strong></span> <span class='ocrx_word' id='word_1_56' title='bbox 1591 841 1713 895; x_wconf 65' lang='lat' dir='ltr'><strong>qua:</strong></span> <span class='ocrx_word' id='word_1_57' title='bbox 1741 844 1928 886; x_wconf 84' lang='lat' dir='ltr'><strong>crassa</strong></span> <span class='ocrx_word' id='word_1_58' title='bbox 1963 849 2082 888; x_wconf 90' lang='lat' dir='ltr'><strong>om-</strong></span> 
     </span>
    </p>
   </div>
   <div class='ocr_carea' id='block_1_10' title="bbox 496 889 2076 989">
    <p class='ocr_par' dir='ltr' id='par_1_10' title="bbox 496 889 2076 989">
     <span class='ocr_line' id='line_1_11' title="bbox 496 889 2076 989; baseline 0.023 -48"><span class='ocrx_word' id='word_1_59' title='bbox 496 889 606 952; x_wconf 86' lang='lat' dir='ltr'><strong>nia,</strong></span> <span class='ocrx_word' id='word_1_60' title='bbox 631 904 826 948; x_wconf 91' lang='lat' dir='ltr'><strong>etcum</strong></span> <span class='ocrx_word' id='word_1_61' title='bbox 846 900 1072 953; x_wconf 76' lang='lat' dir='ltr'><strong>materia</strong></span> <span class='ocrx_word' id='word_1_62' title='bbox 1097 915 1374 972; x_wconf 86' lang='lat' dir='ltr'><strong>concreta,</strong></span> <span class='ocrx_word' id='word_1_63' title='bbox 1407 912 1555 966; x_wconf 90' lang='lat' dir='ltr'><strong>velut</strong></span> <span class='ocrx_word' id='word_1_64' title='bbox 1576 916 1807 985; x_wconf 72' lang='lat' dir='ltr'><strong>stipulas</strong></span> <span class='ocrx_word' id='word_1_65' title='bbox 1842 918 2076 989; x_wconf 83' lang='lat' dir='ltr'><strong>ﬂamma,</strong></span> 
     </span>
    </p>
   </div>
   <div class='ocr_carea' id='block_1_11' title="bbox 495 983 2078 1073">
    <p class='ocr_par' dir='ltr' id='par_1_11' title="bbox 495 983 2078 1073">
     <span class='ocr_line' id='line_1_12' title="bbox 495 983 2078 1073; baseline 0.021 -42"><span class='ocrx_word' id='word_1_66' title='bbox 495 983 813 1051; x_wconf 77' lang='lat' dir='ltr'><strong>consumit;</strong></span> <span class='ocrx_word' id='word_1_67' title='bbox 858 1001 953 1042; x_wconf 89' lang='lat' dir='ltr'><strong>eos</strong></span> <span class='ocrx_word' id='word_1_68' title='bbox 998 1004 1126 1044; x_wconf 86' lang='lat' dir='ltr'><strong>vero</strong></span> <span class='ocrx_word' id='word_1_69' title='bbox 1158 993 1251 1062; x_wconf 92' lang='lat' dir='ltr'><strong>qui</strong></span> <span class='ocrx_word' id='word_1_70' title='bbox 1293 997 1523 1052; x_wconf 86' lang='lat' dir='ltr'><strong>salutem</strong></span> <span class='ocrx_word' id='word_1_71' title='bbox 1569 983 1971 1073; x_wconf 82' lang='lat' dir='ltr'><strong>adipiscuntur,</strong></span> <span class='ocrx_word' id='word_1_72' title='bbox 1998 1012 2078 1065; x_wconf 87' lang='lat' dir='ltr'><strong>uti</strong></span> 
     </span>
    </p>
   </div>
   <div class='ocr_carea' id='block_1_12' title="bbox 495 1076 2078 1171">
    <p class='ocr_par' dir='ltr' id='par_1_12' title="bbox 495 1076 2078 1171">
     <span class='ocr_line' id='line_1_13' title="bbox 495 1076 2078 1171; baseline 0.02 -46"><span class='ocrx_word' id='word_1_73' title='bbox 495 1088 705 1131; x_wconf 89' lang='lat' dir='ltr'><strong>vannus</strong></span> <span class='ocrx_word' id='word_1_74' title='bbox 739 1076 1033 1146; x_wconf 82' lang='lat' dir='ltr'><strong>frumenta,</strong></span> <span class='ocrx_word' id='word_1_75' title='bbox 1073 1097 1388 1158; x_wconf 76' lang='lat' dir='ltr'><strong>perpurgat.</strong></span> <span class='ocrx_word' id='word_1_76' title='bbox 1424 1089 1503 1144; x_wconf 86' lang='lat' dir='ltr'><strong>Ad</strong></span> <span class='ocrx_word' id='word_1_77' title='bbox 1550 1092 1663 1149; x_wconf 83' lang='lat' dir='ltr'><strong>haec</strong></span> <span class='ocrx_word' id='word_1_78' title='bbox 1690 1093 1917 1153; x_wconf 90' lang='lat' dir='ltr'><strong>Paulum</strong></span> <span class='ocrx_word' id='word_1_79' title='bbox 1943 1118 2078 1171; x_wconf 91' lang='lat' dir='ltr'><strong>quo-</strong></span> 
     </span>
    </p>
   </div>
   <div class='ocr_carea' id='block_1_13' title="bbox 493 1167 2078 1255">
    <p class='ocr_par' dir='ltr' id='par_1_13' title="bbox 493 1167 2078 1255">
     <span class='ocr_line' id='line_1_14' title="bbox 493 1167 2078 1255; baseline 0.02 -37"><span class='ocrx_word' id='word_1_80' title='bbox 493 1181 599 1234; x_wconf 90' lang='lat' dir='ltr'><strong>que</strong></span> <span class='ocrx_word' id='word_1_81' title='bbox 628 1167 694 1222; x_wconf 88' lang='lat' dir='ltr'><strong>de</strong></span> <span class='ocrx_word' id='word_1_82' title='bbox 739 1185 801 1223; x_wconf 91' lang='lat' dir='ltr'><strong>ea</strong></span> <span class='ocrx_word' id='word_1_83' title='bbox 845 1186 1010 1228; x_wconf 88' lang='lat' dir='ltr'><strong>cruce</strong></span> <span class='ocrx_word' id='word_1_84' title='bbox 1057 1177 1388 1234; x_wconf 88' lang='lat' dir='ltr'><strong>mentionem</strong></span> <span class='ocrx_word' id='word_1_85' title='bbox 1423 1181 1616 1240; x_wconf 82' lang='lat' dir='ltr'><strong>fecisse</strong></span> <span class='ocrx_word' id='word_1_86' title='bbox 1642 1188 1748 1255; x_wconf 43' lang='lat' dir='ltr'><strong>,illo</strong></span> <span class='ocrx_word' id='word_1_87' title='bbox 1804 1191 1924 1247; x_wconf 94' lang='lat' dir='ltr'><strong>loco</strong></span> <span class='ocrx_word' id='word_1_88' title='bbox 1949 1209 2078 1248; x_wconf 85' lang='lat' dir='ltr'><strong>nar-</strong></span> 
     </span>
    </p>
   </div>
   <div class='ocr_carea' id='block_1_14' title="bbox 494 1266 2074 1350">
    <p class='ocr_par' dir='ltr' id='par_1_14' title="bbox 494 1266 2074 1350">
     <span class='ocr_line' id='line_1_15' title="bbox 494 1266 2074 1350; baseline 0.02 -41"><span class='ocrx_word' id='word_1_89' title='bbox 494 1267 663 1314; x_wconf 89' lang='lat' dir='ltr'><strong>rant:</strong></span> <span class='ocrx_word' id='word_1_90' title='bbox 711 1277 836 1315; x_wconf 92' lang='lat' dir='ltr'><strong>nam</strong></span> <span class='ocrx_word' id='word_1_91' title='bbox 888 1266 1069 1320; x_wconf 91' lang='lat' dir='ltr'><strong>crucis</strong></span> <span class='ocrx_word' id='word_1_92' title='bbox 1112 1269 1428 1338; x_wconf 62' lang='lat' dir='ltr'><strong>praedicatio</strong></span> <span class='ocrx_word' id='word_1_93' title='bbox 1459 1279 1813 1343; x_wconf 85' lang='lat' dir='ltr'><strong>pereuntibus</strong></span> <span class='ocrx_word' id='word_1_94' title='bbox 1853 1283 2074 1350; x_wconf 88' lang='lat' dir='ltr'><strong>quidem</strong></span> 
     </span>
    </p>
   </div>
   <div class='ocr_carea' id='block_1_15' title="bbox 492 1352 2076 1436">
    <p class='ocr_par' dir='ltr' id='par_1_15' title="bbox 492 1352 2076 1436">
     <span class='ocr_line' id='line_1_16' title="bbox 492 1352 2076 1436; baseline 0.018 -34"><span class='ocrx_word' id='word_1_95' title='bbox 492 1352 724 1406; x_wconf 79' lang='lat' dir='ltr'><strong>stultitia</strong></span> <span class='ocrx_word' id='word_1_96' title='bbox 747 1363 852 1420; x_wconf 89' lang='lat' dir='ltr'><strong>est,</strong></span> <span class='ocrx_word' id='word_1_97' title='bbox 884 1357 952 1412; x_wconf 92' lang='lat' dir='ltr'><strong>iis</strong></span> <span class='ocrx_word' id='word_1_98' title='bbox 983 1369 1165 1414; x_wconf 89' lang='lat' dir='ltr'><strong>autem</strong></span> <span class='ocrx_word' id='word_1_99' title='bbox 1193 1363 1286 1432; x_wconf 87' lang='lat' dir='ltr'><strong>qui</strong></span> <span class='ocrx_word' id='word_1_100' title='bbox 1322 1365 1627 1432; x_wconf 88' lang='lat' dir='ltr'><strong>salvantur,</strong></span> <span class='ocrx_word' id='word_1_101' title='bbox 1661 1378 1720 1423; x_wconf 92' lang='lat' dir='ltr'><strong>ut</strong></span> <span class='ocrx_word' id='word_1_102' title='bbox 1751 1373 1932 1436; x_wconf 91' lang='lat' dir='ltr'><strong>nobis,</strong></span> <span class='ocrx_word' id='word_1_103' title='bbox 1964 1377 2076 1430; x_wconf 88' lang='lat' dir='ltr'><strong>vir-</strong></span> 
     </span>
    </p>
   </div>
   <div class='ocr_carea' id='block_1_16' title="bbox 492 1445 2076 1533">
    <p class='ocr_par' dir='ltr' id='par_1_16' title="bbox 492 1445 2076 1533">
     <span class='ocr_line' id='line_1_17' title="bbox 492 1445 2076 1533; baseline 0.016 -35"><span class='ocrx_word' id='word_1_104' title='bbox 492 1454 582 1500; x_wconf 91' lang='lat' dir='ltr'><strong>tus</strong></span> <span class='ocrx_word' id='word_1_105' title='bbox 620 1445 712 1500; x_wconf 89' lang='lat' dir='ltr'><strong>Dei</strong></span> <span class='ocrx_word' id='word_1_106' title='bbox 737 1450 756 1479; x_wconf 84' lang='grc'>¹</span> <span class='ocrx_word' id='word_1_107' title='bbox 790 1465 804 1513; x_wconf 91' lang='grc'><strong>;</strong></span> <span class='ocrx_word' id='word_1_108' title='bbox 839 1463 902 1504; x_wconf 88' lang='lat' dir='ltr'><strong>ac</strong></span> <span class='ocrx_word' id='word_1_109' title='bbox 955 1466 1174 1508; x_wconf 90' lang='lat' dir='ltr'><strong>rursum</strong></span> <span class='ocrx_word' id='word_1_110' title='bbox 1204 1455 1378 1511; x_wconf 82' lang='lat' dir='ltr'><strong>:Mihi</strong></span> <span class='ocrx_word' id='word_1_111' title='bbox 1411 1475 1527 1513; x_wconf 83' lang='lat' dir='ltr'><strong>vero</strong></span> <span class='ocrx_word' id='word_1_112' title='bbox 1552 1462 1690 1514; x_wconf 80' lang='lat' dir='ltr'><strong>absit</strong></span> <span class='ocrx_word' id='word_1_113' title='bbox 1716 1465 1940 1533; x_wconf 85' lang='lat' dir='ltr'><strong>gloriari</strong></span> <span class='ocrx_word' id='word_1_114' title='bbox 1973 1470 2076 1523; x_wconf 82' lang='lat' dir='ltr'><strong>nisi</strong></span> 
     </span>
    </p>
   </div>
   <div class='ocr_carea' id='block_1_17' title="bbox 491 1539 2070 1629">
    <p class='ocr_par' dir='ltr' id='par_1_17' title="bbox 491 1539 2070 1629">
     <span class='ocr_line' id='line_1_18' title="bbox 491 1539 2070 1629; baseline 0.018 -40"><span class='ocrx_word' id='word_1_115' title='bbox 491 1539 546 1590; x_wconf 85' lang='lat' dir='ltr'><strong>in</strong></span> <span class='ocrx_word' id='word_1_116' title='bbox 581 1556 731 1593; x_wconf 84' lang='lat' dir='ltr'><strong>cruce</strong></span> <span class='ocrx_word' id='word_1_117' title='bbox 752 1539 901 1608; x_wconf 78' lang='lat' dir='ltr'><strong>Iesu,</strong></span> <span class='ocrx_word' id='word_1_118' title='bbox 931 1561 1022 1613; x_wconf 86' lang='lat' dir='ltr'><strong>per</strong></span> <span class='ocrx_word' id='word_1_119' title='bbox 1049 1563 1200 1616; x_wconf 85' lang='lat' dir='ltr'><strong>quem</strong></span> <span class='ocrx_word' id='word_1_120' title='bbox 1231 1551 1361 1604; x_wconf 81' lang='lat' dir='ltr'><strong>mihi</strong></span> <span class='ocrx_word' id='word_1_121' title='bbox 1390 1553 1615 1608; x_wconf 79' lang='lat' dir='ltr'><strong>mundus</strong></span> <span class='ocrx_word' id='word_1_122' title='bbox 1654 1558 1938 1617; x_wconf 74' lang='lat' dir='ltr'><strong>cruciﬁxus</strong></span> <span class='ocrx_word' id='word_1_123' title='bbox 1970 1573 2070 1629; x_wconf 84' lang='lat' dir='ltr'><strong>est,</strong></span> 
     </span>
    </p>
   </div>
   <div class='ocr_carea' id='block_1_18' title="bbox 490 1633 2073 1719">
    <p class='ocr_par' dir='ltr' id='par_1_18' title="bbox 490 1633 2073 1719">
     <span class='ocr_line' id='line_1_19' title="bbox 490 1633 2073 1719; baseline 0.016 -37"><span class='ocrx_word' id='word_1_124' title='bbox 490 1641 540 1683; x_wconf 82' lang='lat' dir='ltr'><strong>ct</strong></span> <span class='ocrx_word' id='word_1_125' title='bbox 570 1648 661 1701; x_wconf 84' lang='lat' dir='ltr'><strong>ego</strong></span> <span class='ocrx_word' id='word_1_126' title='bbox 705 1633 900 1689; x_wconf 85' lang='lat' dir='ltr'><strong>mundo</strong></span> <span class='ocrx_word' id='word_1_127' title='bbox 926 1636 968 1692; x_wconf 88' lang='grc'><strong><em>³.</em></strong></span> <span class='ocrx_word' id='word_1_128' title='bbox 1013 1637 1300 1709; x_wconf 67' lang='grc' dir='ltr'><strong>Εῇιιειιιοάἰ¹</strong></span> <span class='ocrx_word' id='word_1_129' title='bbox 1342 1652 1472 1697; x_wconf 90' lang='lat' dir='ltr'><strong>sunt</strong></span> <span class='ocrx_word' id='word_1_130' title='bbox 1514 1661 1634 1715; x_wconf 73' lang='lat' dir='ltr'><strong>quae</strong></span> <span class='ocrx_word' id='word_1_131' title='bbox 1677 1646 1741 1702; x_wconf 85' lang='lat' dir='ltr'><strong>de</strong></span> <span class='ocrx_word' id='word_1_132' title='bbox 1776 1650 2073 1719; x_wconf 90' lang='lat' dir='ltr'><strong>pleromate</strong></span> 
     </span>
    </p>
   </div>
   <div class='ocr_carea' id='block_1_19' title="bbox 489 1727 2069 1798">
    <p class='ocr_par' dir='ltr' id='par_1_19' title="bbox 489 1727 2069 1798">
     <span class='ocr_line' id='line_1_20' title="bbox 489 1727 2069 1798; baseline 0.016 -26"><span class='ocrx_word' id='word_1_133' title='bbox 489 1734 614 1783; x_wconf 85' lang='lat' dir='ltr'><strong>suo,</strong></span> <span class='ocrx_word' id='word_1_134' title='bbox 642 1735 706 1775; x_wconf 90' lang='lat' dir='ltr'><strong>ac</strong></span> <span class='ocrx_word' id='word_1_135' title='bbox 731 1727 1104 1780; x_wconf 90' lang='lat' dir='ltr'><strong>commentitia</strong></span> <span class='ocrx_word' id='word_1_136' title='bbox 1133 1727 1314 1784; x_wconf 79' lang='lat' dir='ltr'><strong>fabula</strong></span> <span class='ocrx_word' id='word_1_137' title='bbox 1339 1735 1702 1790; x_wconf 86' lang='lat' dir='ltr'><strong>communiter</strong></span> <span class='ocrx_word' id='word_1_138' title='bbox 1725 1738 1792 1791; x_wconf 89' lang='lat' dir='ltr'><strong>ab</strong></span> <span class='ocrx_word' id='word_1_139' title='bbox 1814 1743 2069 1798; x_wconf 85' lang='lat' dir='ltr'><strong>omnibus</strong></span> 
     </span>
    </p>
   </div>
   <div class='ocr_carea' id='block_1_20' title="bbox 488 1809 2146 1904">
    <p class='ocr_par' dir='ltr' id='par_1_20' title="bbox 488 1809 2146 1904">
     <span class='ocr_line' id='line_1_21' title="bbox 488 1809 2146 1904; baseline 0.017 -41"><span class='ocrx_word' id='word_1_140' title='bbox 488 1812 823 1882; x_wconf 88' lang='lat' dir='ltr'><strong>traduntur;</strong></span> <span class='ocrx_word' id='word_1_141' title='bbox 870 1818 1071 1886; x_wconf 88' lang='lat' dir='ltr'><strong>quibus</strong></span> <span class='ocrx_word' id='word_1_142' title='bbox 1114 1822 1350 1890; x_wconf 87' lang='lat' dir='ltr'><strong>pessime</strong></span> <span class='ocrx_word' id='word_1_143' title='bbox 1397 1838 1427 1877; x_wconf 91' lang='lat' dir='ltr'><strong>a</strong></span> <span class='ocrx_word' id='word_1_144' title='bbox 1471 1842 1530 1882; x_wconf 91' lang='lat' dir='ltr'><strong>se</strong></span> <span class='ocrx_word' id='word_1_145' title='bbox 1562 1830 1884 1900; x_wconf 79' lang='lat' dir='ltr'><strong>excogitatis</strong></span> <span class='ocrx_word' id='word_1_146' title='bbox 1936 1851 2071 1904; x_wconf 69' lang='lat' dir='ltr'><strong>pran-</strong></span> <span class='ocrx_word' id='word_1_147' title='bbox 2105 1809 2146 1868; x_wconf 75' lang='grc' dir='ltr'><strong>Β</strong></span> 
     </span>
    </p>
   </div>
   <div class='ocr_carea' id='block_1_21' title="bbox 487 1905 2070 1994">
    <p class='ocr_par' dir='ltr' id='par_1_21' title="bbox 487 1905 2070 1994">
     <span class='ocr_line' id='line_1_22' title="bbox 487 1905 2070 1994; baseline 0.014 -34"><span class='ocrx_word' id='word_1_148' title='bbox 487 1905 636 1960; x_wconf 87' lang='lat' dir='ltr'><strong>clare</strong></span> <span class='ocrx_word' id='word_1_149' title='bbox 671 1907 740 1961; x_wconf 90' lang='lat' dir='ltr'><strong>ab</strong></span> <span class='ocrx_word' id='word_1_150' title='bbox 776 1910 898 1964; x_wconf 91' lang='lat' dir='ltr'><strong>aliis</strong></span> <span class='ocrx_word' id='word_1_151' title='bbox 933 1912 1074 1966; x_wconf 89' lang='lat' dir='ltr'><strong>dicta</strong></span> <span class='ocrx_word' id='word_1_152' title='bbox 1106 1914 1374 1971; x_wconf 80' lang='lat' dir='ltr'><strong>violenter</strong></span> <span class='ocrx_word' id='word_1_153' title='bbox 1405 1922 1844 1978; x_wconf 87' lang='lat' dir='ltr'><strong>accommodant.</strong></span> <span class='ocrx_word' id='word_1_154' title='bbox 1883 1924 2070 1994; x_wconf 83' lang='lat' dir='ltr'><strong>Neque</strong></span> 
     </span>
    </p>
   </div>
   <div class='ocr_carea' id='block_1_22' title="bbox 486 2001 2067 2087">
    <p class='ocr_par' dir='ltr' id='par_1_22' title="bbox 486 2001 2067 2087">
     <span class='ocr_line' id='line_1_23' title="bbox 486 2001 2067 2087; baseline 0.013 -36"><span class='ocrx_word' id='word_1_155' title='bbox 486 2009 554 2051; x_wconf 80' lang='lat' dir='ltr'><strong>ex</strong></span> <span class='ocrx_word' id='word_1_156' title='bbox 583 2001 915 2070; x_wconf 84' lang='lat' dir='ltr'><strong>evangelicis</strong></span> <span class='ocrx_word' id='word_1_157' title='bbox 944 2004 1121 2058; x_wconf 90' lang='lat' dir='ltr'><strong>solum</strong></span> <span class='ocrx_word' id='word_1_158' title='bbox 1170 2010 1599 2081; x_wconf 90' lang='lat' dir='ltr'><strong>apostolicisque</strong></span> <span class='ocrx_word' id='word_1_159' title='bbox 1630 2015 1788 2084; x_wconf 77' lang='lat'><strong>182</strong></span> <span class='ocrx_word' id='word_1_160' title='bbox 1826 2019 2067 2087; x_wconf 86' lang='lat' dir='ltr'><strong>scriptis,</strong></span> 
     </span>
    </p>
   </div>
   <div class='ocr_carea' id='block_1_23' title="bbox 485 2092 2068 2172">
    <p class='ocr_par' dir='ltr' id='par_1_23' title="bbox 485 2092 2068 2172">
     <span class='ocr_line' id='line_1_24' title="bbox 485 2092 2068 2172; baseline 0.017 -33"><span class='ocrx_word' id='word_1_161' title='bbox 485 2103 723 2157; x_wconf 90' lang='lat' dir='ltr'><strong>quorum</strong></span> <span class='ocrx_word' id='word_1_162' title='bbox 777 2092 1260 2165; x_wconf 88' lang='lat' dir='ltr'><strong>interpretationes</strong></span> <span class='ocrx_word' id='word_1_163' title='bbox 1323 2101 1688 2172; x_wconf 89' lang='lat' dir='ltr'><strong>detorquent,</strong></span> <span class='ocrx_word' id='word_1_164' title='bbox 1749 2122 1813 2163; x_wconf 90' lang='lat' dir='ltr'><strong>ac</strong></span> <span class='ocrx_word' id='word_1_165' title='bbox 1873 2125 2068 2167; x_wconf 82' lang='lat' dir='ltr'><strong>sensus</strong></span> 
     </span>
    </p>
   </div>
   <div class='ocr_carea' id='block_1_24' title="bbox 486 2180 2066 2273">
    <p class='ocr_par' dir='ltr' id='par_1_24' title="bbox 486 2180 2066 2273">
     <span class='ocr_line' id='line_1_25' title="bbox 486 2180 2066 2273; baseline 0.018 -41"><span class='ocrx_word' id='word_1_166' title='bbox 486 2180 832 2251; x_wconf 82' lang='lat' dir='ltr'><strong>adulteram,</strong></span> <span class='ocrx_word' id='word_1_167' title='bbox 887 2188 1130 2246; x_wconf 87' lang='lat' dir='ltr'><strong>rationes</strong></span> <span class='ocrx_word' id='word_1_168' title='bbox 1188 2199 1243 2246; x_wconf 91' lang='lat' dir='ltr'><strong>et</strong></span> <span class='ocrx_word' id='word_1_169' title='bbox 1311 2204 1635 2265; x_wconf 82' lang='lat' dir='ltr'><strong>argumenta</strong></span> <span class='ocrx_word' id='word_1_170' title='bbox 1690 2203 2066 2273; x_wconf 87' lang='lat' dir='ltr'><strong>conquirunt;</strong></span> 
     </span>
    </p>
   </div>
   <div class='ocr_carea' id='block_1_25' title="bbox 485 2277 2069 2366">
    <p class='ocr_par' dir='ltr' id='par_1_25' title="bbox 485 2277 2069 2366">
     <span class='ocr_line' id='line_1_26' title="bbox 485 2277 2069 2366; baseline 0.019 -42"><span class='ocrx_word' id='word_1_171' title='bbox 485 2287 672 2327; x_wconf 88' lang='lat' dir='ltr'><strong>verum</strong></span> <span class='ocrx_word' id='word_1_172' title='bbox 703 2277 867 2330; x_wconf 91' lang='lat' dir='ltr'><strong>etiam</strong></span> <span class='ocrx_word' id='word_1_173' title='bbox 895 2294 960 2332; x_wconf 79' lang='lat' dir='ltr'><strong>ex</strong></span> <span class='ocrx_word' id='word_1_174' title='bbox 993 2280 1106 2349; x_wconf 81' lang='lat' dir='ltr'><strong>lege</strong></span> <span class='ocrx_word' id='word_1_175' title='bbox 1137 2297 1199 2337; x_wconf 89' lang='lat' dir='ltr'><strong>ac</strong></span> <span class='ocrx_word' id='word_1_176' title='bbox 1222 2288 1501 2363; x_wconf 77' lang='lat' dir='ltr'><strong>prophetis</strong></span> <span class='ocrx_word' id='word_1_177' title='bbox 1531 2303 1842 2358; x_wconf 90' lang='lat' dir='ltr'><strong>arcessunt,</strong></span> <span class='ocrx_word' id='word_1_178' title='bbox 1882 2304 2069 2366; x_wconf 86' lang='lat' dir='ltr'><strong>utpote</strong></span> 
     </span>
    </p>
   </div>
   <div class='ocr_carea' id='block_1_26' title="bbox 485 2366 2065 2457">
    <p class='ocr_par' dir='ltr' id='par_1_26' title="bbox 485 2366 2065 2457">
     <span class='ocr_line' id='line_1_27' title="bbox 485 2366 2065 2457; baseline 0.02 -43"><span class='ocrx_word' id='word_1_179' title='bbox 485 2377 719 2431; x_wconf 89' lang='lat' dir='ltr'><strong>quorum</strong></span> <span class='ocrx_word' id='word_1_180' title='bbox 776 2366 898 2422; x_wconf 89' lang='lat' dir='ltr'><strong>libri</strong></span> <span class='ocrx_word' id='word_1_181' title='bbox 937 2371 1214 2439; x_wconf 87' lang='lat' dir='ltr'><strong>parabolis</strong></span> <span class='ocrx_word' id='word_1_182' title='bbox 1254 2386 1308 2430; x_wconf 86' lang='lat' dir='ltr'><strong>et</strong></span> <span class='ocrx_word' id='word_1_183' title='bbox 1355 2379 1635 2451; x_wconf 78' lang='lat' dir='ltr'><strong>allegoriis</strong></span> <span class='ocrx_word' id='word_1_184' title='bbox 1692 2387 1881 2441; x_wconf 83' lang='lat' dir='ltr'><strong>referti</strong></span> <span class='ocrx_word' id='word_1_185' title='bbox 1917 2399 2065 2457; x_wconf 88' lang='lat' dir='ltr'><strong>sunt,</strong></span> 
     </span>
    </p>
   </div>
   <div class='ocr_carea' id='block_1_27' title="bbox 484 2466 2067 2541">
    <p class='ocr_par' dir='ltr' id='par_1_27' title="bbox 484 2466 2067 2541">
     <span class='ocr_line' id='line_1_28' title="bbox 484 2466 2067 2541; baseline 0.02 -34"><span class='ocrx_word' id='word_1_186' title='bbox 484 2471 718 2524; x_wconf 90' lang='lat' dir='ltr'><strong>quarum</strong></span> <span class='ocrx_word' id='word_1_187' title='bbox 770 2475 972 2532; x_wconf 89' lang='lat' dir='ltr'><strong>anceps</strong></span> <span class='ocrx_word' id='word_1_188' title='bbox 1026 2466 1392 2541; x_wconf 78' lang='lat' dir='ltr'><strong>ambiguaque</strong></span> <span class='ocrx_word' id='word_1_189' title='bbox 1435 2478 1707 2532; x_wconf 87' lang='lat' dir='ltr'><strong>sententia</strong></span> <span class='ocrx_word' id='word_1_190' title='bbox 1739 2480 1806 2533; x_wconf 91' lang='lat' dir='ltr'><strong>ad</strong></span> <span class='ocrx_word' id='word_1_191' title='bbox 1852 2481 2067 2538; x_wconf 87' lang='lat' dir='ltr'><strong>diversa</strong></span> 
     </span>
    </p>
   </div>
   <div class='ocr_carea' id='block_1_28' title="bbox 482 2553 2064 2634">
    <p class='ocr_par' dir='ltr' id='par_1_28' title="bbox 482 2553 2064 2634">
     <span class='ocr_line' id='line_1_29' title="bbox 482 2553 2064 2634; baseline 0.022 -34"><span class='ocrx_word' id='word_1_192' title='bbox 482 2556 664 2616; x_wconf 84' lang='lat' dir='ltr'><strong>potest</strong></span> <span class='ocrx_word' id='word_1_193' title='bbox 703 2553 1026 2621; x_wconf 81' lang='lat' dir='ltr'><strong>explicando</strong></span> <span class='ocrx_word' id='word_1_194' title='bbox 1055 2559 1311 2617; x_wconf 85' lang='lat' dir='ltr'><strong>derivari.</strong></span> <span class='ocrx_word' id='word_1_195' title='bbox 1341 2565 1477 2620; x_wconf 90' lang='lat' dir='ltr'><strong>Cum</strong></span> <span class='ocrx_word' id='word_1_196' title='bbox 1507 2569 1723 2626; x_wconf 90' lang='lat' dir='ltr'><strong>interim</strong></span> <span class='ocrx_word' id='word_1_197' title='bbox 1752 2575 1842 2630; x_wconf 90' lang='lat' dir='ltr'><strong>alii</strong></span> <span class='ocrx_word' id='word_1_198' title='bbox 1871 2577 2064 2634; x_wconf 90' lang='lat' dir='ltr'><strong>iisdem</strong></span> 
     </span>
    </p>
   </div>
   <div class='ocr_carea' id='block_1_29' title="bbox 483 2640 2067 2741">
    <p class='ocr_par' dir='ltr' id='par_1_29' title="bbox 483 2640 2067 2741">
     <span class='ocr_line' id='line_1_30' title="bbox 483 2640 2067 2741; baseline 0.023 -50"><span class='ocrx_word' id='word_1_199' title='bbox 483 2640 591 2694; x_wconf 87' lang='lat' dir='ltr'><strong>illis</strong></span> <span class='ocrx_word' id='word_1_200' title='bbox 622 2642 818 2698; x_wconf 88' lang='lat' dir='ltr'><strong>callide</strong></span> <span class='ocrx_word' id='word_1_201' title='bbox 849 2662 910 2700; x_wconf 91' lang='lat' dir='ltr'><strong>ac</strong></span> <span class='ocrx_word' id='word_1_202' title='bbox 940 2653 1265 2708; x_wconf 87' lang='lat' dir='ltr'><strong>veteratorie</strong></span> <span class='ocrx_word' id='word_1_203' title='bbox 1302 2656 1370 2710; x_wconf 91' lang='lat' dir='ltr'><strong>ad</strong></span> <span class='ocrx_word' id='word_1_204' title='bbox 1408 2673 1678 2730; x_wconf 77' lang='lat' dir='ltr'><strong>nugarum</strong></span> <span class='ocrx_word' id='word_1_205' title='bbox 1711 2681 1937 2722; x_wconf 89' lang='lat' dir='ltr'><strong>suarum</strong></span> <span class='ocrx_word' id='word_1_206' title='bbox 1971 2687 2067 2741; x_wconf 61' lang='lat' dir='ltr'><strong>pa-</strong></span> 
     </span>
    </p>
   </div>
   <div class='ocr_carea' id='block_1_30' title="bbox 482 2735 2064 2822">
    <p class='ocr_par' dir='ltr' id='par_1_30' title="bbox 482 2735 2064 2822">
     <span class='ocr_line' id='line_1_31' title="bbox 482 2735 2064 2822; baseline 0.023 -38"><span class='ocrx_word' id='word_1_207' title='bbox 482 2735 774 2790; x_wconf 91' lang='lat' dir='ltr'><strong>trocinium</strong></span> <span class='ocrx_word' id='word_1_208' title='bbox 809 2739 1128 2809; x_wconf 85' lang='lat' dir='ltr'><strong>abutantur,</strong></span> <span class='ocrx_word' id='word_1_209' title='bbox 1160 2761 1366 2818; x_wconf 89' lang='lat' dir='ltr'><strong>eosque</strong></span> <span class='ocrx_word' id='word_1_210' title='bbox 1401 2754 1497 2822; x_wconf 90' lang='lat' dir='ltr'><strong>qui</strong></span> <span class='ocrx_word' id='word_1_211' title='bbox 1534 2754 1589 2809; x_wconf 92' lang='lat' dir='ltr'><strong>in</strong></span> <span class='ocrx_word' id='word_1_212' title='bbox 1635 2757 1804 2814; x_wconf 91' lang='lat' dir='ltr'><strong>Deum</strong></span> <span class='ocrx_word' id='word_1_213' title='bbox 1850 2761 2064 2820; x_wconf 89' lang='lat' dir='ltr'><strong>Patrem</strong></span> 
     </span>
    </p>
   </div>
   <div class='ocr_carea' id='block_1_31' title="bbox 481 2829 2063 2912">
    <p class='ocr_par' dir='ltr' id='par_1_31' title="bbox 481 2829 2063 2912">
     <span class='ocr_line' id='line_1_32' title="bbox 481 2829 2063 2912; baseline 0.023 -35"><span class='ocrx_word' id='word_1_214' title='bbox 481 2829 929 2898; x_wconf 89' lang='lat' dir='ltr'><strong>omnipotentem,</strong></span> <span class='ocrx_word' id='word_1_215' title='bbox 961 2843 1016 2890; x_wconf 91' lang='lat' dir='ltr'><strong>et</strong></span> <span class='ocrx_word' id='word_1_216' title='bbox 1045 2853 1212 2894; x_wconf 87' lang='lat' dir='ltr'><strong>unum</strong></span> <span class='ocrx_word' id='word_1_217' title='bbox 1245 2841 1536 2901; x_wconf 90' lang='lat' dir='ltr'><strong>Dominum</strong></span> <span class='ocrx_word' id='word_1_218' title='bbox 1559 2847 1744 2906; x_wconf 75' lang='lat' dir='ltr'><strong>Iesum</strong></span> <span class='ocrx_word' id='word_1_219' title='bbox 1786 2854 2063 2912; x_wconf 88' lang='lat' dir='ltr'><strong>Christum</strong></span> 
     </span>
    </p>
   </div>
   <div class='ocr_carea' id='block_1_32' title="bbox 479 2916 2065 3006">
    <p class='ocr_par' dir='ltr' id='par_1_32' title="bbox 479 2916 2065 3006">
     <span class='ocr_line' id='line_1_33' title="bbox 479 2916 2065 3006; baseline 0.022 -36"><span class='ocrx_word' id='word_1_220' title='bbox 479 2916 678 2973; x_wconf 89' lang='lat' dir='ltr'><strong>Filium</strong></span> <span class='ocrx_word' id='word_1_221' title='bbox 730 2920 826 2977; x_wconf 84' lang='lat' dir='ltr'><strong>Dei</strong></span> <span class='ocrx_word' id='word_1_222' title='bbox 873 2925 1124 2983; x_wconf 89' lang='lat' dir='ltr'><strong>stabilem</strong></span> <span class='ocrx_word' id='word_1_223' title='bbox 1174 2929 1497 3006; x_wconf 85' lang='lat' dir='ltr'><strong>ﬁrmamque</strong></span> <span class='ocrx_word' id='word_1_224' title='bbox 1537 2938 1696 2996; x_wconf 84' lang='lat' dir='ltr'><strong>ﬁdem</strong></span> <span class='ocrx_word' id='word_1_225' title='bbox 1739 2959 1849 3000; x_wconf 89' lang='lat' dir='ltr'><strong>non</strong></span> <span class='ocrx_word' id='word_1_226' title='bbox 1879 2956 2065 3004; x_wconf 88' lang='lat' dir='ltr'><strong>custo-</strong></span> 
     </span>
    </p>
   </div>
   <div class='ocr_carea' id='block_1_33' title="bbox 479 3011 1746 3096">
    <p class='ocr_par' dir='ltr' id='par_1_33' title="bbox 479 3011 1746 3096">
     <span class='ocr_line' id='line_1_34' title="bbox 479 3011 1746 3096; baseline 0.021 -32"><span class='ocrx_word' id='word_1_227' title='bbox 479 3011 660 3080; x_wconf 92' lang='lat' dir='ltr'><strong>diunt,</strong></span> <span class='ocrx_word' id='word_1_228' title='bbox 697 3029 728 3068; x_wconf 87' lang='lat' dir='ltr'><strong>a</strong></span> <span class='ocrx_word' id='word_1_229' title='bbox 759 3019 985 3074; x_wconf 87' lang='lat' dir='ltr'><strong>veritate</strong></span> <span class='ocrx_word' id='word_1_230' title='bbox 1021 3022 1168 3076; x_wconf 90' lang='lat' dir='ltr'><strong>velut</strong></span> <span class='ocrx_word' id='word_1_231' title='bbox 1197 3028 1443 3096; x_wconf 85' lang='lat' dir='ltr'><strong>captivos</strong></span> <span class='ocrx_word' id='word_1_232' title='bbox 1478 3042 1746 3091; x_wconf 83' lang='lat' dir='ltr'><strong>avertant.</strong></span> 
     </span>
    </p>
   </div>
   <div class='ocr_carea' id='block_1_34' title="bbox 2189 562 3764 645">
    <p class='ocr_par' dir='ltr' id='par_1_34' title="bbox 2189 562 3764 645">
     <span class='ocr_line' id='line_1_35' title="bbox 2189 562 3764 645; baseline 0.016 -33"><span class='ocrx_word' id='word_1_233' title='bbox 2189 562 2286 614; x_wconf 75' lang='grc' dir='ltr'>καί</span> <span class='ocrx_word' id='word_1_234' title='bbox 2315 565 2568 629; x_wconf 80' lang='grc' dir='ltr'><strong>συνάξει</strong></span> <span class='ocrx_word' id='word_1_235' title='bbox 2598 569 2703 621; x_wconf 77' lang='grc' dir='ltr'><strong>τὸν</strong></span> <span class='ocrx_word' id='word_1_236' title='bbox 2735 571 2907 626; x_wconf 78' lang='grc' dir='ltr'>σῖτον</span> <span class='ocrx_word' id='word_1_237' title='bbox 2933 577 3020 639; x_wconf 81' lang='grc' dir='ltr'>εἰς</span> <span class='ocrx_word' id='word_1_238' title='bbox 3053 574 3170 643; x_wconf 81' lang='grc' dir='ltr'><strong>τὴν</strong></span> <span class='ocrx_word' id='word_1_239' title='bbox 3202 578 3516 645; x_wconf 75' lang='grc' dir='ltr'><strong>ἀποθήκην</strong></span> <span class='ocrx_word' id='word_1_240' title='bbox 3544 583 3764 637; x_wconf 77' lang='grc' dir='ltr'>αὐτοῦ’</span> 
     </span>
    </p>
   </div>
   <div class='ocr_carea' id='block_1_35' title="bbox 2184 653 3764 732">
    <p class='ocr_par' dir='ltr' id='par_1_35' title="bbox 2184 653 3764 732">
     <span class='ocr_line' id='line_1_36' title="bbox 2184 653 3764 732; baseline 0.015 -29"><span class='ocrx_word' id='word_1_241' title='bbox 2184 653 2249 704; x_wconf 87' lang='grc' dir='ltr'><strong>τὸ</strong></span> <span class='ocrx_word' id='word_1_242' title='bbox 2285 653 2353 706; x_wconf 81' lang='grc' dir='ltr'>δὲ</span> <span class='ocrx_word' id='word_1_243' title='bbox 2381 655 2611 725; x_wconf 65' lang='grc' dir='ltr'>ἇχιιοον</span> <span class='ocrx_word' id='word_1_244' title='bbox 2641 665 3004 718; x_wconf 82' lang='grc' dir='ltr'><strong>κατακαύσει</strong></span> <span class='ocrx_word' id='word_1_245' title='bbox 3029 667 3170 732; x_wconf 79' lang='grc' dir='ltr'>πυρὶ</span> <span class='ocrx_word' id='word_1_246' title='bbox 3209 669 3502 732; x_wconf 76' lang='grc' dir='ltr'><strong>ἀσϐέστῳ.</strong></span> <span class='ocrx_word' id='word_1_247' title='bbox 3534 673 3641 724; x_wconf 73' lang='grc' dir='ltr'>Καὶ</span> <span class='ocrx_word' id='word_1_248' title='bbox 3678 673 3764 728; x_wconf 78' lang='grc' dir='ltr'>διὰ</span> 
     </span>
    </p>
   </div>
   <div class='ocr_carea' id='block_1_36' title="bbox 2183 746 3764 832">
    <p class='ocr_par' dir='ltr' id='par_1_36' title="bbox 2183 746 3764 832">
     <span class='ocr_line' id='line_1_37' title="bbox 2183 746 3764 832; baseline 0.012 -33"><span class='ocrx_word' id='word_1_249' title='bbox 2183 746 2375 802; x_wconf 84' lang='grc' dir='ltr'>τούτου</span> <span class='ocrx_word' id='word_1_250' title='bbox 2399 750 2496 821; x_wconf 82' lang='grc' dir='ltr'><strong>τὴν</strong></span> <span class='ocrx_word' id='word_1_251' title='bbox 2531 754 2810 824; x_wconf 76' lang='grc' dir='ltr'><strong>ἐνέργειαν</strong></span> <span class='ocrx_word' id='word_1_252' title='bbox 2839 757 2932 810; x_wconf 88' lang='grc' dir='ltr'><strong>τοῦ</strong></span> <span class='ocrx_word' id='word_1_253' title='bbox 2967 761 3133 830; x_wconf 90' lang='grc' dir='ltr'>Ὄρου</span> <span class='ocrx_word' id='word_1_254' title='bbox 3170 765 3566 832; x_wconf 88' lang='grc' dir='ltr'>μεμηνυκέναι.-</span> <span class='ocrx_word' id='word_1_255' title='bbox 3594 766 3764 818; x_wconf 69' lang='grc' dir='ltr'>Πτιῖον</span> 
     </span>
    </p>
   </div>
   <div class='ocr_carea' id='block_1_37' title="bbox 2181 839 3764 922">
    <p class='ocr_par' dir='ltr' id='par_1_37' title="bbox 2181 839 3764 922">
     <span class='ocr_line' id='line_1_38' title="bbox 2181 839 3764 922; baseline 0.01 -31"><span class='ocrx_word' id='word_1_256' title='bbox 2181 839 2291 909; x_wconf 81' lang='grc' dir='ltr'>γὰρ</span> <span class='ocrx_word' id='word_1_257' title='bbox 2350 843 2558 895; x_wconf 80' lang='grc' dir='ltr'>ἐκεῖνον</span> <span class='ocrx_word' id='word_1_258' title='bbox 2587 851 2609 876; x_wconf 71' lang='grc'><strong><em>⁵</em></strong></span> <span class='ocrx_word' id='word_1_259' title='bbox 2646 848 2737 900; x_wconf 89' lang='grc' dir='ltr'><strong>τὸν</strong></span> <span class='ocrx_word' id='word_1_260' title='bbox 2781 849 3009 919; x_wconf 83' lang='grc' dir='ltr'>σταυρὸν</span> <span class='ocrx_word' id='word_1_261' title='bbox 3060 852 3451 922; x_wconf 78' lang='grc' dir='ltr'><strong>ἑρμηνεύουσιν</strong></span> <span class='ocrx_word' id='word_1_262' title='bbox 3499 852 3654 916; x_wconf 83' lang='grc' dir='ltr'>εἶναι,</span> <span class='ocrx_word' id='word_1_263' title='bbox 3705 859 3764 909; x_wconf 81' lang='grc' dir='ltr'><strong>ὸν</strong></span> 
     </span>
    </p>
   </div>
   <div class='ocr_carea' id='block_1_38' title="bbox 2180 933 3759 1018">
    <p class='ocr_par' dir='ltr' id='par_1_38' title="bbox 2180 933 3759 1018">
     <span class='ocr_line' id='line_1_39' title="bbox 2180 933 3759 1018; baseline 0.01 -33"><span class='ocrx_word' id='word_1_264' title='bbox 2180 933 2244 1003; x_wconf 82' lang='grc' dir='ltr'>δὴ</span> <span class='ocrx_word' id='word_1_265' title='bbox 2271 933 2364 986; x_wconf 81' lang='grc' dir='ltr'><strong>καὶ</strong></span> <span class='ocrx_word' id='word_1_266' title='bbox 2395 936 2706 992; x_wconf 79' lang='grc' dir='ltr'><strong>ἀναλίσκειν</strong></span> <span class='ocrx_word' id='word_1_267' title='bbox 2739 940 2808 994; x_wconf 78' lang='grc' dir='ltr'>τὰ</span> <span class='ocrx_word' id='word_1_268' title='bbox 2853 942 3012 996; x_wconf 86' lang='grc' dir='ltr'>ὑλικά</span> <span class='ocrx_word' id='word_1_269' title='bbox 3047 944 3245 1010; x_wconf 89' lang='grc' dir='ltr'>πάντα,</span> <span class='ocrx_word' id='word_1_270' title='bbox 3285 945 3360 1008; x_wconf 80' lang='grc' dir='ltr'><strong>ὡς</strong></span> <span class='ocrx_word' id='word_1_271' title='bbox 3402 946 3578 1017; x_wconf 79' lang='grc' dir='ltr'>ἄχυρα</span> <span class='ocrx_word' id='word_1_272' title='bbox 3615 947 3724 1018; x_wconf 86' lang='grc' dir='ltr'><strong>πῦρ</strong></span> <span class='ocrx_word' id='word_1_273' title='bbox 3745 965 3759 979; x_wconf 77' lang='grc'><strong>⁸</strong></span> 
     </span>
    </p>
   </div>
   <div class='ocr_carea' id='block_1_39' title="bbox 2180 1025 3762 1104">
    <p class='ocr_par' dir='ltr' id='par_1_39' title="bbox 2180 1025 3762 1104">
     <span class='ocr_line' id='line_1_40' title="bbox 2180 1025 3762 1104; baseline 0.009 -27"><span class='ocrx_word' id='word_1_274' title='bbox 2180 1025 2460 1096; x_wconf 87' lang='grc' dir='ltr'>καθαίρειν</span> <span class='ocrx_word' id='word_1_275' title='bbox 2503 1029 2559 1082; x_wconf 86' lang='grc' dir='ltr'>δὲ</span> <span class='ocrx_word' id='word_1_276' title='bbox 2590 1032 2716 1094; x_wconf 77' lang='grc' dir='ltr'>τοὺς</span> <span class='ocrx_word' id='word_1_277' title='bbox 2759 1033 3117 1104; x_wconf 79' lang='grc' dir='ltr'><strong>σωζομένους,</strong></span> <span class='ocrx_word' id='word_1_278' title='bbox 3151 1037 3224 1100; x_wconf 83' lang='grc' dir='ltr'>ὡς</span> <span class='ocrx_word' id='word_1_279' title='bbox 3259 1037 3318 1090; x_wconf 79' lang='grc' dir='ltr'>τὸ</span> <span class='ocrx_word' id='word_1_280' title='bbox 3363 1037 3528 1092; x_wconf 81' lang='grc' dir='ltr'>πτύον</span> <span class='ocrx_word' id='word_1_281' title='bbox 3556 1039 3645 1091; x_wconf 82' lang='grc' dir='ltr'><strong>τὸν</strong></span> <span class='ocrx_word' id='word_1_282' title='bbox 3681 1042 3762 1091; x_wconf 87' lang='grc' dir='ltr'>σῖ-</span> 
     </span>
    </p>
   </div>
   <div class='ocr_carea' id='block_1_40' title="bbox 2177 1117 3762 1202">
    <p class='ocr_par' dir='ltr' id='par_1_40' title="bbox 2177 1117 3762 1202">
     <span class='ocr_line' id='line_1_41' title="bbox 2177 1117 3762 1202; baseline 0.009 -34"><span class='ocrx_word' id='word_1_283' title='bbox 2177 1133 2288 1170; x_wconf 82' lang='grc' dir='ltr'>τον.</span> <span class='ocrx_word' id='word_1_284' title='bbox 2329 1117 2538 1172; x_wconf 78' lang='grc' dir='ltr'><strong>Παῦλον</strong></span> <span class='ocrx_word' id='word_1_285' title='bbox 2584 1120 2640 1173; x_wconf 84' lang='grc' dir='ltr'>δὲ</span> <span class='ocrx_word' id='word_1_286' title='bbox 2668 1122 2759 1176; x_wconf 80' lang='grc' dir='ltr'><strong>τὸν</strong></span> <span class='ocrx_word' id='word_1_287' title='bbox 2797 1125 3094 1180; x_wconf 83' lang='grc' dir='ltr'>ἀπόστολον</span> <span class='ocrx_word' id='word_1_288' title='bbox 3139 1129 3234 1182; x_wconf 71' lang='grc' dir='ltr'><strong>καὶ</strong></span> <span class='ocrx_word' id='word_1_289' title='bbox 3260 1130 3422 1182; x_wconf 82' lang='grc' dir='ltr'>αὐτὸν</span> <span class='ocrx_word' id='word_1_290' title='bbox 3464 1132 3762 1202; x_wconf 82' lang='grc' dir='ltr'>ὲπιμιμνή-</span> 
     </span>
    </p>
   </div>
   <div class='ocr_carea' id='block_1_41' title="bbox 2180 1207 3762 1290">
    <p class='ocr_par' dir='ltr' id='par_1_41' title="bbox 2180 1207 3762 1290">
     <span class='ocr_line' id='line_1_42' title="bbox 2180 1207 3762 1290; baseline 0.011 -31"><span class='ocrx_word' id='word_1_291' title='bbox 2180 1207 2404 1262; x_wconf 86' lang='grc' dir='ltr'>σκεσθαι</span> <span class='ocrx_word' id='word_1_292' title='bbox 2425 1211 2614 1264; x_wconf 84' lang='grc' dir='ltr'>τούτου</span> <span class='ocrx_word' id='word_1_293' title='bbox 2633 1213 2725 1265; x_wconf 88' lang='grc' dir='ltr'><strong>τοῦ</strong></span> <span class='ocrx_word' id='word_1_294' title='bbox 2752 1217 2980 1286; x_wconf 86' lang='grc' dir='ltr'>σταυροῦ</span> <span class='ocrx_word' id='word_1_295' title='bbox 3005 1218 3250 1287; x_wconf 82' lang='grc' dir='ltr'>λέγουσιν</span> <span class='ocrx_word' id='word_1_296' title='bbox 3271 1219 3444 1284; x_wconf 79' lang='grc' dir='ltr'>οὕτως</span> <span class='ocrx_word' id='word_1_297' title='bbox 3468 1239 3480 1253; x_wconf 91' lang='grc'><strong>·</strong></span> <span class='ocrx_word' id='word_1_298' title='bbox 3525 1222 3580 1275; x_wconf 81' lang='grc'><strong>’0</strong></span> <span class='ocrx_word' id='word_1_299' title='bbox 3605 1223 3762 1290; x_wconf 82' lang='grc' dir='ltr'>λόγος</span> 
     </span>
    </p>
   </div>
   <div class='ocr_carea' id='block_1_42' title="bbox 2178 1299 3760 1386">
    <p class='ocr_par' dir='ltr' id='par_1_42' title="bbox 2178 1299 3760 1386">
     <span class='ocr_line' id='line_1_43' title="bbox 2178 1299 3760 1386; baseline 0.011 -35"><span class='ocrx_word' id='word_1_300' title='bbox 2178 1299 2286 1371; x_wconf 79' lang='grc' dir='ltr'>γὰρ</span> <span class='ocrx_word' id='word_1_301' title='bbox 2333 1303 2361 1354; x_wconf 86' lang='grc' dir='ltr'>ὁ</span> <span class='ocrx_word' id='word_1_302' title='bbox 2392 1302 2485 1354; x_wconf 89' lang='grc' dir='ltr'><strong>τοῦ</strong></span> <span class='ocrx_word' id='word_1_303' title='bbox 2535 1305 2770 1376; x_wconf 88' lang='grc' dir='ltr'>σταυροῦ</span> <span class='ocrx_word' id='word_1_304' title='bbox 2818 1311 2930 1371; x_wconf 88' lang='grc' dir='ltr'>τοῖς</span> <span class='ocrx_word' id='word_1_305' title='bbox 2981 1310 3079 1378; x_wconf 87' lang='grc' dir='ltr'><strong>μὲν</strong></span> <span class='ocrx_word' id='word_1_306' title='bbox 3132 1312 3526 1384; x_wconf 80' lang='grc' dir='ltr'>ἀπολλυμένοις</span> <span class='ocrx_word' id='word_1_307' title='bbox 3580 1316 3760 1386; x_wconf 88' lang='grc' dir='ltr'>μωρία</span> 
     </span>
    </p>
   </div>
   <div class='ocr_carea' id='block_1_43' title="bbox 2177 1390 3759 1474">
    <p class='ocr_par' dir='ltr' id='par_1_43' title="bbox 2177 1390 3759 1474">
     <span class='ocr_line' id='line_1_44' title="bbox 2177 1390 3759 1474; baseline 0.009 -32"><span class='ocrx_word' id='word_1_308' title='bbox 2177 1390 2316 1455; x_wconf 79' lang='grc' dir='ltr'>ἐστὶ,</span> <span class='ocrx_word' id='word_1_309' title='bbox 2368 1395 2479 1457; x_wconf 89' lang='grc' dir='ltr'>τοῖς</span> <span class='ocrx_word' id='word_1_310' title='bbox 2517 1395 2574 1447; x_wconf 85' lang='grc' dir='ltr'>δὲ</span> <span class='ocrx_word' id='word_1_311' title='bbox 2627 1395 2955 1468; x_wconf 73' lang='grc' dir='ltr'><strong>σωζομένοις</strong></span> <span class='ocrx_word' id='word_1_312' title='bbox 3004 1403 3134 1472; x_wconf 82' lang='grc' dir='ltr'>ἡμῖν</span> <span class='ocrx_word' id='word_1_313' title='bbox 3187 1402 3416 1474; x_wconf 83' lang='grc' dir='ltr'>δύναμις</span> <span class='ocrx_word' id='word_1_314' title='bbox 3455 1405 3620 1458; x_wconf 85' lang='grc' dir='ltr'>Θεοῦ·</span> <span class='ocrx_word' id='word_1_315' title='bbox 3665 1406 3759 1459; x_wconf 78' lang='grc' dir='ltr'>καὶ</span> 
     </span>
    </p>
   </div>
   <div class='ocr_carea' id='block_1_44' title="bbox 2175 1481 3756 1566">
    <p class='ocr_par' dir='ltr' id='par_1_44' title="bbox 2175 1481 3756 1566">
     <span class='ocr_line' id='line_1_45' title="bbox 2175 1481 3756 1566; baseline 0.012 -33"><span class='ocrx_word' id='word_1_316' title='bbox 2175 1481 2338 1536; x_wconf 86' lang='grc' dir='ltr'>πάλιν</span> <span class='ocrx_word' id='word_1_317' title='bbox 2359 1499 2370 1511; x_wconf 82' lang='lat'>&#39;</span> <span class='ocrx_word' id='word_1_318' title='bbox 2418 1485 2577 1553; x_wconf 82' lang='grc' dir='ltr'>Ἐμοὶ</span> <span class='ocrx_word' id='word_1_319' title='bbox 2609 1486 2676 1538; x_wconf 85' lang='grc' dir='ltr'>δὲ</span> <span class='ocrx_word' id='word_1_320' title='bbox 2699 1488 2784 1556; x_wconf 82' lang='grc' dir='ltr'>μὴ</span> <span class='ocrx_word' id='word_1_321' title='bbox 2813 1489 3040 1558; x_wconf 76' lang='grc' dir='ltr'>γένοιτο</span> <span class='ocrx_word' id='word_1_322' title='bbox 3080 1494 3149 1545; x_wconf 83' lang='grc' dir='ltr'><strong>ἐν</strong></span> <span class='ocrx_word' id='word_1_323' title='bbox 3171 1495 3388 1564; x_wconf 77' lang='grc' dir='ltr'>μηδενὶ</span> <span class='ocrx_word' id='word_1_324' title='bbox 3419 1496 3756 1566; x_wconf 80' lang='grc' dir='ltr'><strong>καυχᾶσθαι</strong></span> 
     </span>
    </p>
   </div>
   <div class='ocr_carea' id='block_1_45' title="bbox 2173 1571 3757 1655">
    <p class='ocr_par' dir='ltr' id='par_1_45' title="bbox 2173 1571 3757 1655">
     <span class='ocr_line' id='line_1_46' title="bbox 2173 1571 3757 1655; baseline 0.013 -33"><span class='ocrx_word' id='word_1_325' title='bbox 2173 1572 2226 1622; x_wconf 78' lang='grc' dir='ltr'>εἰ</span> <span class='ocrx_word' id='word_1_326' title='bbox 2253 1571 2339 1639; x_wconf 76' lang='grc' dir='ltr'>μὴ</span> <span class='ocrx_word' id='word_1_327' title='bbox 2377 1572 2447 1624; x_wconf 83' lang='grc' dir='ltr'><strong>ἐν</strong></span> <span class='ocrx_word' id='word_1_328' title='bbox 2476 1573 2555 1638; x_wconf 87' lang='grc' dir='ltr'><strong>τῷ</strong></span> <span class='ocrx_word' id='word_1_329' title='bbox 2588 1576 2827 1644; x_wconf 81' lang='grc' dir='ltr'><strong>σταυρῷ</strong></span> <span class='ocrx_word' id='word_1_330' title='bbox 2866 1581 2972 1634; x_wconf 87' lang='grc' dir='ltr'><strong>τοῦ</strong></span> <span class='ocrx_word' id='word_1_331' title='bbox 3020 1583 3235 1651; x_wconf 87' lang='grc' dir='ltr'><strong>Ἰησοῦ,</strong></span> <span class='ocrx_word' id='word_1_332' title='bbox 3280 1584 3355 1638; x_wconf 84' lang='grc' dir='ltr'><strong>δι’</strong></span> <span class='ocrx_word' id='word_1_333' title='bbox 3384 1582 3457 1641; x_wconf 83' lang='grc' dir='ltr'>οὗ</span> <span class='ocrx_word' id='word_1_334' title='bbox 3495 1587 3624 1655; x_wconf 79' lang='grc' dir='ltr'>ἐμοὶ</span> <span class='ocrx_word' id='word_1_335' title='bbox 3657 1591 3757 1641; x_wconf 79' lang='grc' dir='ltr'>κό-</span> 
     </span>
    </p>
   </div>
   <div class='ocr_carea' id='block_1_46' title="bbox 2173 1666 3755 1749">
    <p class='ocr_par' dir='ltr' id='par_1_46' title="bbox 2173 1666 3755 1749">
     <span class='ocr_line' id='line_1_47' title="bbox 2173 1666 3755 1749; baseline 0.01 -35"><span class='ocrx_word' id='word_1_336' title='bbox 2173 1679 2327 1732; x_wconf 85' lang='grc' dir='ltr'>σμος</span> <span class='ocrx_word' id='word_1_337' title='bbox 2373 1666 2757 1733; x_wconf 77' lang='grc' dir='ltr'><em>ἐσταύρωται,</em></span> <span class='ocrx_word' id='word_1_338' title='bbox 2791 1671 2952 1740; x_wconf 74' lang='grc' dir='ltr'>κάγὼ</span> <span class='ocrx_word' id='word_1_339' title='bbox 2993 1673 3073 1739; x_wconf 82' lang='grc' dir='ltr'><strong>τῷ</strong></span> <span class='ocrx_word' id='word_1_340' title='bbox 3127 1679 3350 1745; x_wconf 82' lang='grc' dir='ltr'>κόσμῳ.</span> <span class='ocrx_word' id='word_1_341' title='bbox 3392 1679 3626 1732; x_wconf 81' lang='grc' dir='ltr'><em>Τοιαῦτα</em></span> <span class='ocrx_word' id='word_1_342' title='bbox 3656 1679 3755 1749; x_wconf 84' lang='grc' dir='ltr'>μὲν</span> 
     </span>
    </p>
   </div>
   <div class='ocr_carea' id='block_1_47' title="bbox 2173 1754 3755 1840">
    <p class='ocr_par' dir='ltr' id='par_1_47' title="bbox 2173 1754 3755 1840">
     <span class='ocr_line' id='line_1_48' title="bbox 2173 1754 3755 1840; baseline 0.01 -31"><span class='ocrx_word' id='word_1_343' title='bbox 2173 1754 2266 1810; x_wconf 78' lang='grc' dir='ltr'>οὖν</span> <span class='ocrx_word' id='word_1_344' title='bbox 2293 1761 2421 1829; x_wconf 80' lang='grc' dir='ltr'>περὶ</span> <span class='ocrx_word' id='word_1_345' title='bbox 2448 1761 2808 1832; x_wconf 79' lang='grc' dir='ltr'>πληρώματος</span> <span class='ocrx_word' id='word_1_346' title='bbox 2832 1766 3010 1820; x_wconf 75' lang='grc' dir='ltr'>αὐτῶν</span> <span class='ocrx_word' id='word_1_347' title='bbox 3037 1768 3128 1820; x_wconf 75' lang='grc' dir='ltr'>καὶ</span> <span class='ocrx_word' id='word_1_348' title='bbox 3153 1767 3245 1820; x_wconf 87' lang='grc' dir='ltr'><strong>τοῦ</strong></span> <span class='ocrx_word' id='word_1_349' title='bbox 3281 1769 3594 1840; x_wconf 80' lang='grc' dir='ltr'>πλάσματος</span> <span class='ocrx_word' id='word_1_350' title='bbox 3620 1772 3755 1825; x_wconf 84' lang='grc' dir='ltr'>πάν-</span> 
     </span>
    </p>
   </div>
   <div class='ocr_carea' id='block_1_48' title="bbox 2173 1852 3753 1936">
    <p class='ocr_par' dir='ltr' id='par_1_48' title="bbox 2173 1852 3753 1936">
     <span class='ocr_line' id='line_1_49' title="bbox 2173 1852 3753 1936; baseline 0.009 -34"><span class='ocrx_word' id='word_1_351' title='bbox 2173 1868 2262 1915; x_wconf 88' lang='grc' dir='ltr'><strong>τες</strong></span> <span class='ocrx_word' id='word_1_352' title='bbox 2295 1852 2559 1921; x_wconf 80' lang='grc' dir='ltr'>λέγουσιν,</span> <span class='ocrx_word' id='word_1_353' title='bbox 2587 1858 2902 1926; x_wconf 70' lang='grc' dir='ltr'>ἐφορμίζειν</span> <span class='ocrx_word' id='word_1_354' title='bbox 2927 1861 2947 1890; x_wconf 87' lang='grc'><strong><em>³</em></strong></span> <span class='ocrx_word' id='word_1_355' title='bbox 2973 1860 3281 1931; x_wconf 73' lang='grc' dir='ltr'>βιαζόμενοι</span> <span class='ocrx_word' id='word_1_356' title='bbox 3304 1863 3371 1916; x_wconf 87' lang='grc' dir='ltr'><strong>τά</strong></span> <span class='ocrx_word' id='word_1_357' title='bbox 3401 1864 3581 1926; x_wconf 90' lang='grc' dir='ltr'>καλῶς</span> <span class='ocrx_word' id='word_1_358' title='bbox 3610 1867 3753 1936; x_wconf 85' lang='grc' dir='ltr'>εἰρη-</span> 
     </span>
    </p>
   </div>
   <div class='ocr_carea' id='block_1_49' title="bbox 2177 1931 3750 2020">
    <p class='ocr_par' dir='ltr' id='par_1_49' title="bbox 2177 1943 3750 2020">
     <span class='ocr_line' id='line_1_50' title="bbox 2177 1943 3750 2020; baseline 0.009 -26"><span class='ocrx_word' id='word_1_359' title='bbox 2177 1943 2312 2012; x_wconf 91' lang='grc' dir='ltr'>μένα</span> <span class='ocrx_word' id='word_1_360' title='bbox 2345 1947 2458 2008; x_wconf 89' lang='grc' dir='ltr'>τοῖς</span> <span class='ocrx_word' id='word_1_361' title='bbox 2502 1947 2687 2011; x_wconf 90' lang='grc' dir='ltr'>κακῶς</span> <span class='ocrx_word' id='word_1_362' title='bbox 2718 1950 3157 2020; x_wconf 79' lang='grc' dir='ltr'>ὲπινενοημένοις</span> <span class='ocrx_word' id='word_1_363' title='bbox 3191 1953 3281 2005; x_wconf 83' lang='grc' dir='ltr'>ὑπ’</span> <span class='ocrx_word' id='word_1_364' title='bbox 3322 1954 3521 2006; x_wconf 77' lang='grc' dir='ltr'>αὐτῶν.</span> <span class='ocrx_word' id='word_1_365' title='bbox 3555 1956 3663 2007; x_wconf 67' lang='grc' dir='ltr'><strong>Καὶ</strong></span> <span class='ocrx_word' id='word_1_366' title='bbox 3690 1957 3750 2008; x_wconf 88' lang='grc' dir='ltr'><strong>οὐ</strong></span> 
     </span>
    </p>
   </div>
   <div class='ocr_carea' id='block_1_50' title="bbox 2177 2035 3752 2110">
    <p class='ocr_par' dir='ltr' id='par_1_50' title="bbox 2177 2035 3752 2110">
     <span class='ocr_line' id='line_1_51' title="bbox 2177 2035 3752 2110; baseline 0.008 -24"><span class='ocrx_word' id='word_1_367' title='bbox 2177 2035 2336 2103; x_wconf 85' lang='grc' dir='ltr'>μόνον</span> <span class='ocrx_word' id='word_1_368' title='bbox 2360 2039 2424 2090; x_wconf 81' lang='grc' dir='ltr'>ἐκ</span> <span class='ocrx_word' id='word_1_369' title='bbox 2453 2038 2560 2092; x_wconf 86' lang='grc' dir='ltr'><strong>τῶν</strong></span> <span class='ocrx_word' id='word_1_370' title='bbox 2594 2041 2966 2110; x_wconf 80' lang='grc' dir='ltr'>εὑαγγελικῶν</span> <span class='ocrx_word' id='word_1_371' title='bbox 2991 2045 3082 2097; x_wconf 75' lang='grc' dir='ltr'><strong>καὶ</strong></span> <span class='ocrx_word' id='word_1_372' title='bbox 3109 2045 3215 2098; x_wconf 86' lang='grc' dir='ltr'><strong>τῶν</strong></span> <span class='ocrx_word' id='word_1_373' title='bbox 3237 2046 3610 2102; x_wconf 72' lang='grc' dir='ltr'>ἀποστολικῶν</span> <span class='ocrx_word' id='word_1_374' title='bbox 3637 2065 3752 2100; x_wconf 88' lang='grc' dir='ltr'>πει-</span> 
     </span>
    </p>
   </div>
   <div class='ocr_carea' id='block_1_51' title="bbox 2175 2126 3751 2210">
    <p class='ocr_par' dir='ltr' id='par_1_51' title="bbox 2175 2126 3751 2210">
     <span class='ocr_line' id='line_1_52' title="bbox 2175 2126 3751 2210; baseline 0.009 -31"><span class='ocrx_word' id='word_1_375' title='bbox 2175 2126 2374 2196; x_wconf 91' lang='grc' dir='ltr'>ρῶνται</span> <span class='ocrx_word' id='word_1_376' title='bbox 2402 2130 2502 2193; x_wconf 78' lang='grc' dir='ltr'>τὰς</span> <span class='ocrx_word' id='word_1_377' title='bbox 2531 2132 2832 2198; x_wconf 77' lang='grc' dir='ltr'>ἀποδείξεις</span> <span class='ocrx_word' id='word_1_378' title='bbox 2865 2136 3154 2202; x_wconf 88' lang='grc' dir='ltr'>ποιεῖσθαι,</span> <span class='ocrx_word' id='word_1_379' title='bbox 3191 2139 3628 2210; x_wconf 84' lang='grc' dir='ltr'>παρατρέποντες</span> <span class='ocrx_word' id='word_1_380' title='bbox 3655 2139 3751 2202; x_wconf 84' lang='grc' dir='ltr'>τὰς</span> 
     </span>
    </p>
   </div>
   <div class='ocr_carea' id='block_1_52' title="bbox 2171 2221 3752 2304">
    <p class='ocr_par' dir='ltr' id='par_1_52' title="bbox 2171 2221 3752 2304">
     <span class='ocr_line' id='line_1_53' title="bbox 2171 2221 3752 2304; baseline 0.01 -33"><span class='ocrx_word' id='word_1_381' title='bbox 2171 2221 2486 2292; x_wconf 77' lang='grc' dir='ltr'>ἑρμηνείας,</span> <span class='ocrx_word' id='word_1_382' title='bbox 2521 2227 2615 2279; x_wconf 73' lang='grc' dir='ltr'><strong>καὶ</strong></span> <span class='ocrx_word' id='word_1_383' title='bbox 2649 2228 3096 2298; x_wconf 78' lang='grc' dir='ltr'>ρᾳδιουργοῦντες</span> <span class='ocrx_word' id='word_1_384' title='bbox 3121 2233 3220 2295; x_wconf 83' lang='grc' dir='ltr'>τὰς</span> <span class='ocrx_word' id='word_1_385' title='bbox 3260 2231 3582 2304; x_wconf 78' lang='grc' dir='ltr'>ἐξηγήσειςο</span> <span class='ocrx_word' id='word_1_386' title='bbox 3616 2232 3752 2288; x_wconf 79' lang='grc' dir='ltr'>ἀλλὰ</span> 
     </span>
    </p>
   </div>
   <div class='ocr_carea' id='block_1_53' title="bbox 2171 2315 3749 2396">
    <p class='ocr_par' dir='ltr' id='par_1_53' title="bbox 2171 2315 3749 2396">
     <span class='ocr_line' id='line_1_54' title="bbox 2171 2315 3749 2396; baseline 0.009 -30"><span class='ocrx_word' id='word_1_387' title='bbox 2171 2315 2266 2366; x_wconf 77' lang='grc' dir='ltr'><strong>καὶ</strong></span> <span class='ocrx_word' id='word_1_388' title='bbox 2295 2317 2359 2368; x_wconf 82' lang='grc' dir='ltr'>ἐκ</span> <span class='ocrx_word' id='word_1_389' title='bbox 2381 2316 2543 2387; x_wconf 87' lang='grc' dir='ltr'>νόμου</span> <span class='ocrx_word' id='word_1_390' title='bbox 2569 2321 2662 2372; x_wconf 74' lang='grc' dir='ltr'>καὶ</span> <span class='ocrx_word' id='word_1_391' title='bbox 2687 2321 3003 2392; x_wconf 64' lang='grc' dir='ltr'>προφητῶν,</span> <span class='ocrx_word' id='word_1_392' title='bbox 3035 2323 3130 2376; x_wconf 81' lang='grc' dir='ltr'>ἆτε</span> <span class='ocrx_word' id='word_1_393' title='bbox 3172 2324 3382 2377; x_wconf 84' lang='grc' dir='ltr'>πολλῶν</span> <span class='ocrx_word' id='word_1_394' title='bbox 3425 2325 3749 2396; x_wconf 74' lang='grc' dir='ltr'>παραϐολῶν</span> 
     </span>
    </p>
   </div>
   <div class='ocr_carea' id='block_1_54' title="bbox 2171 2408 3752 2484">
    <p class='ocr_par' dir='ltr' id='par_1_54' title="bbox 2171 2408 3752 2484">
     <span class='ocr_line' id='line_1_55' title="bbox 2171 2408 3752 2484; baseline 0.009 -25"><span class='ocrx_word' id='word_1_395' title='bbox 2171 2408 2263 2460; x_wconf 81' lang='grc' dir='ltr'>καὶ</span> <span class='ocrx_word' id='word_1_396' title='bbox 2293 2409 2631 2482; x_wconf 88' lang='grc' dir='ltr'>ἀλληγοριῶν</span> <span class='ocrx_word' id='word_1_397' title='bbox 2661 2413 2985 2484; x_wconf 80' lang='grc' dir='ltr'>εἰρημένων,</span> <span class='ocrx_word' id='word_1_398' title='bbox 3019 2417 3111 2468; x_wconf 75' lang='grc' dir='ltr'>καὶ</span> <span class='ocrx_word' id='word_1_399' title='bbox 3136 2418 3215 2479; x_wconf 86' lang='grc' dir='ltr'>εἰς</span> <span class='ocrx_word' id='word_1_400' title='bbox 3253 2418 3424 2470; x_wconf 87' lang='grc' dir='ltr'>πολλά</span> <span class='ocrx_word' id='word_1_401' title='bbox 3463 2419 3642 2472; x_wconf 76' lang='grc' dir='ltr'>ἕλκειν</span> <span class='ocrx_word' id='word_1_402' title='bbox 3661 2419 3752 2472; x_wconf 69' lang='lat'><strong>89-</strong></span> 
     </span>
    </p>
   </div>
   <div class='ocr_carea' id='block_1_55' title="bbox 2170 2501 3751 2582">
    <p class='ocr_par' dir='ltr' id='par_1_55' title="bbox 2170 2501 3751 2582">
     <span class='ocr_line' id='line_1_56' title="bbox 2170 2501 3751 2582; baseline 0.008 -29"><span class='ocrx_word' id='word_1_403' title='bbox 2170 2501 2418 2570; x_wconf 85' lang='grc' dir='ltr'>ναμένων</span> <span class='ocrx_word' id='word_1_404' title='bbox 2458 2503 2520 2556; x_wconf 83' lang='grc' dir='ltr'><strong>τὸ</strong></span> <span class='ocrx_word' id='word_1_405' title='bbox 2564 2505 2862 2575; x_wconf 75' lang='grc' dir='ltr'>ἀμφίϐολον</span> <span class='ocrx_word' id='word_1_406' title='bbox 2903 2507 2988 2560; x_wconf 78' lang='grc' dir='ltr'>διὰ</span> <span class='ocrx_word' id='word_1_407' title='bbox 3019 2509 3118 2578; x_wconf 76' lang='grc' dir='ltr'>τῆς</span> <span class='ocrx_word' id='word_1_408' title='bbox 3165 2508 3494 2580; x_wconf 79' lang='grc' dir='ltr'>ἐξηγήσεως.</span> <span class='ocrx_word' id='word_1_409' title='bbox 3534 2512 3751 2582; x_wconf 80' lang='grc' dir='ltr'>Ἕτεροι</span> 
     </span>
    </p>
   </div>
   <div class='ocr_carea' id='block_1_56' title="bbox 2167 2591 3746 2673">
    <p class='ocr_par' dir='ltr' id='par_1_56' title="bbox 2167 2591 3746 2673">
     <span class='ocr_line' id='line_1_57' title="bbox 2167 2591 3746 2673; baseline 0.006 -30"><span class='ocrx_word' id='word_1_410' title='bbox 2167 2591 2242 2656; x_wconf 84' lang='grc' dir='ltr'><strong>δὲ,</strong></span> <span class='ocrx_word' id='word_1_411' title='bbox 2271 2592 2458 2656; x_wconf 87' lang='grc' dir='ltr'>δεινῶς</span> <span class='ocrx_word' id='word_1_412' title='bbox 2505 2594 2581 2665; x_wconf 79' lang='grc' dir='ltr'><strong>τῷ</strong></span> <span class='ocrx_word' id='word_1_413' title='bbox 2622 2595 2898 2666; x_wconf 82' lang='grc' dir='ltr'>πλάσματι</span> <span class='ocrx_word' id='word_1_414' title='bbox 2932 2598 3109 2652; x_wconf 79' lang='grc' dir='ltr'>αὐτῶν</span> <span class='ocrx_word' id='word_1_415' title='bbox 3149 2601 3243 2652; x_wconf 71' lang='grc' dir='ltr'>καὶ</span> <span class='ocrx_word' id='word_1_416' title='bbox 3276 2601 3462 2663; x_wconf 80' lang='grc' dir='ltr'>δολίως</span> <span class='ocrx_word' id='word_1_417' title='bbox 3509 2602 3746 2673; x_wconf 80' lang='grc' dir='ltr'>ἐφαρμό-</span> 
     </span>
    </p>
   </div>
   <div class='ocr_carea' id='block_1_57' title="bbox 2169 2679 3750 2763">
    <p class='ocr_par' dir='ltr' id='par_1_57' title="bbox 2169 2679 3750 2763">
     <span class='ocr_line' id='line_1_58' title="bbox 2169 2679 3750 2763; baseline 0.008 -30"><span class='ocrx_word' id='word_1_418' title='bbox 2169 2679 2374 2750; x_wconf 78' lang='grc' dir='ltr'>ζοντες,</span> <span class='ocrx_word' id='word_1_419' title='bbox 2409 2685 2898 2756; x_wconf 75' lang='grc' dir='ltr'>αἱχμαλωτίξουσιν</span> <span class='ocrx_word' id='word_1_420' title='bbox 2938 2689 3045 2742; x_wconf 83' lang='grc' dir='ltr'><strong>ἀπὸ</strong></span> <span class='ocrx_word' id='word_1_421' title='bbox 3092 2690 3193 2762; x_wconf 74' lang='grc' dir='ltr'>τῆς</span> <span class='ocrx_word' id='word_1_422' title='bbox 3229 2690 3486 2760; x_wconf 78' lang='grc' dir='ltr'>ἀληθείας</span> <span class='ocrx_word' id='word_1_423' title='bbox 3515 2693 3640 2755; x_wconf 81' lang='grc' dir='ltr'>τοὺς</span> <span class='ocrx_word' id='word_1_424' title='bbox 3673 2692 3750 2763; x_wconf 85' lang='grc' dir='ltr'>μὴ</span> 
     </span>
    </p>
   </div>
   <div class='ocr_carea' id='block_1_58' title="bbox 2167 2774 3751 2856">
    <p class='ocr_par' dir='ltr' id='par_1_58' title="bbox 2167 2774 3751 2856">
     <span class='ocr_line' id='line_1_59' title="bbox 2167 2774 3751 2856; baseline 0.007 -29"><span class='ocrx_word' id='word_1_425' title='bbox 2167 2774 2388 2844; x_wconf 81' lang='grc' dir='ltr'>ἑδραίαν</span> <span class='ocrx_word' id='word_1_426' title='bbox 2427 2777 2526 2848; x_wconf 82' lang='grc' dir='ltr'><strong>τὴν</strong></span> <span class='ocrx_word' id='word_1_427' title='bbox 2553 2780 2734 2832; x_wconf 91' lang='grc' dir='ltr'>πίστιν</span> <span class='ocrx_word' id='word_1_428' title='bbox 2761 2783 2840 2844; x_wconf 82' lang='grc' dir='ltr'><strong>εἰς</strong></span> <span class='ocrx_word' id='word_1_429' title='bbox 2877 2781 2971 2834; x_wconf 77' lang='grc' dir='ltr'><strong>ἕνα</strong></span> <span class='ocrx_word' id='word_1_430' title='bbox 3015 2783 3145 2835; x_wconf 78' lang='grc' dir='ltr'>Θεὸν</span> <span class='ocrx_word' id='word_1_431' title='bbox 3175 2783 3393 2855; x_wconf 88' lang='grc' dir='ltr'>Πατέρα</span> <span class='ocrx_word' id='word_1_432' title='bbox 3438 2785 3751 2856; x_wconf 82' lang='grc' dir='ltr'>παντοκρά-</span> 
     </span>
    </p>
   </div>
   <div class='ocr_carea' id='block_1_59' title="bbox 2165 2870 3752 2946">
    <p class='ocr_par' dir='ltr' id='par_1_59' title="bbox 2165 2870 3752 2946">
     <span class='ocr_line' id='line_1_60' title="bbox 2165 2870 3752 2946; baseline 0.007 -27"><span class='ocrx_word' id='word_1_433' title='bbox 2165 2884 2317 2939; x_wconf 87' lang='grc' dir='ltr'>τορα,</span> <span class='ocrx_word' id='word_1_434' title='bbox 2345 2870 2438 2922; x_wconf 78' lang='grc' dir='ltr'>καὶ</span> <span class='ocrx_word' id='word_1_435' title='bbox 2467 2871 2548 2934; x_wconf 90' lang='grc' dir='ltr'><strong>είς</strong></span> <span class='ocrx_word' id='word_1_436' title='bbox 2587 2871 2681 2924; x_wconf 77' lang='grc' dir='ltr'><strong>ἕνα</strong></span> <span class='ocrx_word' id='word_1_437' title='bbox 2721 2872 2922 2944; x_wconf 84' lang='grc' dir='ltr'>Κύριον</span> <span class='ocrx_word' id='word_1_438' title='bbox 2965 2875 3171 2945; x_wconf 87' lang='grc' dir='ltr'>Ἰησοῦν</span> <span class='ocrx_word' id='word_1_439' title='bbox 3199 2875 3436 2946; x_wconf 80' lang='grc' dir='ltr'>Χριστὸν</span> <span class='ocrx_word' id='word_1_440' title='bbox 3485 2877 3614 2931; x_wconf 86' lang='grc' dir='ltr'>Υίὸν</span> <span class='ocrx_word' id='word_1_441' title='bbox 3656 2876 3752 2930; x_wconf 87' lang='grc' dir='ltr'><strong>τοῦ</strong></span> 
     </span>
    </p>
   </div>
   <div class='ocr_carea' id='block_1_60' title="bbox 2165 2959 2810 3030">
    <p class='ocr_par' dir='ltr' id='par_1_60' title="bbox 2165 2959 2810 3030">
     <span class='ocr_line' id='line_1_61' title="bbox 2165 2959 2810 3030; baseline 0.012 -20"><span class='ocrx_word' id='word_1_442' title='bbox 2165 2959 2300 3012; x_wconf 80' lang='grc' dir='ltr'>Θεοῦ</span> <span class='ocrx_word' id='word_1_443' title='bbox 2329 2960 2810 3030; x_wconf 81' lang='grc' dir='ltr'>διαφυλάσσοντας.</span> 
     </span>
    </p>
   </div>
   <div class='ocr_carea' id='block_1_61' title="bbox 551 3103 2065 3220">
    <p class='ocr_par' dir='ltr' id='par_1_61' title="bbox 551 3103 2061 3192">
     <span class='ocr_line' id='line_1_62' title="bbox 551 3103 2061 3192; baseline 0.024 -36"><span class='ocrx_word' id='word_1_444' title='bbox 551 3103 691 3159; x_wconf 83' lang='lat' dir='ltr'><strong>XVI.</strong></span> <span class='ocrx_word' id='word_1_445' title='bbox 725 3105 844 3164; x_wconf 89' lang='lat' dir='ltr'><strong>Jam</strong></span> <span class='ocrx_word' id='word_1_446' title='bbox 895 3128 1017 3182; x_wconf 65' lang='lat' dir='ltr'><strong>qua:</strong></span> <span class='ocrx_word' id='word_1_447' title='bbox 1045 3123 1200 3172; x_wconf 78' lang='lat' dir='ltr'><strong>extra</strong></span> <span class='ocrx_word' id='word_1_448' title='bbox 1251 3119 1490 3189; x_wconf 90' lang='lat' dir='ltr'><strong>pleroma</strong></span> <span class='ocrx_word' id='word_1_449' title='bbox 1525 3134 1655 3182; x_wconf 91' lang='lat' dir='ltr'><strong>sunt</strong></span> <span class='ocrx_word' id='word_1_450' title='bbox 1701 3130 1770 3185; x_wconf 89' lang='lat' dir='ltr'><strong>ab</strong></span> <span class='ocrx_word' id='word_1_451' title='bbox 1821 3133 1926 3189; x_wconf 91' lang='lat' dir='ltr'><strong>illis</strong></span> <span class='ocrx_word' id='word_1_452' title='bbox 1959 3135 2061 3192; x_wconf 84' lang='lat' dir='ltr'><strong>hoc</strong></span> 
     </span>
    </p>
   </div>
   <div class='ocr_carea' id='block_1_62' title="bbox 2166 3103 3746 3220">
    <p class='ocr_par' dir='ltr' id='par_1_62' title="bbox 2237 3142 3746 3220">
     <span class='ocr_line' id='line_1_63' title="bbox 2237 3142 3746 3220; baseline 0.005 -25"><span class='ocrx_word' id='word_1_453' title='bbox 2237 3144 2357 3210; x_wconf 72' lang='grc' dir='ltr'><strong>ις’.</strong></span> <span class='ocrx_word' id='word_1_454' title='bbox 2385 3142 2464 3196; x_wconf 88' lang='grc' dir='ltr'><strong>Τά</strong></span> <span class='ocrx_word' id='word_1_455' title='bbox 2495 3143 2552 3197; x_wconf 88' lang='grc' dir='ltr'>δὲ</span> <span class='ocrx_word' id='word_1_456' title='bbox 2598 3145 2755 3209; x_wconf 80' lang='grc' dir='ltr'>ἐκτὸς</span> <span class='ocrx_word' id='word_1_457' title='bbox 2791 3144 2885 3198; x_wconf 87' lang='grc' dir='ltr'><strong>τοῦ</strong></span> <span class='ocrx_word' id='word_1_458' title='bbox 2934 3145 3298 3218; x_wconf 80' lang='grc' dir='ltr'>πληρώματος</span> <span class='ocrx_word' id='word_1_459' title='bbox 3345 3148 3615 3220; x_wconf 83' lang='grc' dir='ltr'>λεγόμενα</span> <span class='ocrx_word' id='word_1_460' title='bbox 3655 3149 3746 3202; x_wconf 83' lang='grc' dir='ltr'>ὑπ’</span> 
     </span>
    </p>
   </div>
   <div class='ocr_carea' id='block_1_63' title="bbox 480 3199 2062 3297">
    <p class='ocr_par' dir='ltr' id='par_1_63' title="bbox 480 3199 2062 3297">
     <span class='ocr_line' id='line_1_64' title="bbox 480 3199 2062 3297; baseline 0.02 -47"><span class='ocrx_word' id='word_1_461' title='bbox 480 3199 643 3253; x_wconf 89' lang='lat' dir='ltr'><strong>modo</strong></span> <span class='ocrx_word' id='word_1_462' title='bbox 675 3203 1128 3264; x_wconf 88' lang='lat' dir='ltr'><strong>constituuntur:</strong></span> <span class='ocrx_word' id='word_1_463' title='bbox 1164 3208 1546 3284; x_wconf 89' lang='lat' dir='ltr'><strong>Entbymesin,</strong></span> <span class='ocrx_word' id='word_1_464' title='bbox 1578 3219 1679 3274; x_wconf 91' lang='lat' dir='ltr'><strong>hoc</strong></span> <span class='ocrx_word' id='word_1_465' title='bbox 1713 3231 1797 3277; x_wconf 89' lang='lat' dir='ltr'><strong>est</strong></span> <span class='ocrx_word' id='word_1_466' title='bbox 1840 3226 2062 3297; x_wconf 82' lang='lat' dir='ltr'><strong>Cogita-</strong></span> 
     </span>
    </p>
   </div>
   <div class='ocr_carea' id='block_1_64' title="bbox 480 3291 2062 3388">
    <p class='ocr_par' dir='ltr' id='par_1_64' title="bbox 480 3291 2062 3388">
     <span class='ocr_line' id='line_1_65' title="bbox 480 3291 2062 3388; baseline 0.02 -45"><span class='ocrx_word' id='word_1_467' title='bbox 480 3291 705 3357; x_wconf 91' lang='lat' dir='ltr'><strong>tionem,</strong></span> <span class='ocrx_word' id='word_1_468' title='bbox 747 3297 991 3354; x_wconf 64' lang='lat' dir='ltr'><strong>caelestis</strong></span> <span class='ocrx_word' id='word_1_469' title='bbox 1024 3300 1172 3359; x_wconf 90' lang='lat' dir='ltr'><strong>illius</strong></span> <span class='ocrx_word' id='word_1_470' title='bbox 1225 3304 1517 3375; x_wconf 67' lang='lat' dir='ltr'><strong>Sapientiae</strong></span> <span class='ocrx_word' id='word_1_471' title='bbox 1565 3312 1763 3378; x_wconf 85' lang='lat' dir='ltr'><strong>ferunt,</strong></span> <span class='ocrx_word' id='word_1_472' title='bbox 1806 3291 1967 3388; x_wconf 77' lang='lat' dir='ltr'><strong>quam</strong></span> <span class='ocrx_word' id='word_1_473' title='bbox 2009 3331 2062 3374; x_wconf 89' lang='lat' dir='ltr'><strong>et</strong></span> 
     </span>
    </p>
   </div>
   <div class='ocr_carea' id='block_1_65' title="bbox 476 3381 2062 3476">
    <p class='ocr_par' dir='ltr' id='par_1_65' title="bbox 476 3381 2062 3476">
     <span class='ocr_line' id='line_1_66' title="bbox 476 3381 2062 3476; baseline 0.02 -43"><span class='ocrx_word' id='word_1_474' title='bbox 476 3381 781 3439; x_wconf 85' lang='lat' dir='ltr'><strong>Achamoth</strong></span> <span class='ocrx_word' id='word_1_475' title='bbox 812 3401 1151 3460; x_wconf 90' lang='lat' dir='ltr'><strong>nuncupant,</strong></span> <span class='ocrx_word' id='word_1_476' title='bbox 1189 3410 1219 3449; x_wconf 91' lang='lat' dir='ltr'><strong>a</strong></span> <span class='ocrx_word' id='word_1_477' title='bbox 1259 3399 1558 3466; x_wconf 87' lang='lat' dir='ltr'><strong>pleromate</strong></span> <span class='ocrx_word' id='word_1_478' title='bbox 1603 3419 1724 3458; x_wconf 86' lang='lat' dir='ltr'><strong>cum</strong></span> <span class='ocrx_word' id='word_1_479' title='bbox 1779 3413 2062 3476; x_wconf 88' lang='lat' dir='ltr'><strong>perturba-</strong></span> 
     </span>
    </p>
   </div>
   <div class='ocr_carea' id='block_1_66' title="bbox 476 3472 2060 3556">
    <p class='ocr_par' dir='ltr' id='par_1_66' title="bbox 476 3472 2060 3556">
     <span class='ocr_line' id='line_1_67' title="bbox 476 3472 2060 3556; baseline 0.019 -30"><span class='ocrx_word' id='word_1_480' title='bbox 476 3472 628 3529; x_wconf 82' lang='lat' dir='ltr'><strong>tione</strong></span> <span class='ocrx_word' id='word_1_481' title='bbox 654 3490 993 3550; x_wconf 77' lang='lat' dir='ltr'><strong>segregatam</strong></span> <span class='ocrx_word' id='word_1_482' title='bbox 1025 3484 1081 3537; x_wconf 90' lang='lat' dir='ltr'><strong>in</strong></span> <span class='ocrx_word' id='word_1_483' title='bbox 1113 3489 1368 3544; x_wconf 92' lang='lat' dir='ltr'><strong>umbrosa</strong></span> <span class='ocrx_word' id='word_1_484' title='bbox 1400 3499 1453 3545; x_wconf 87' lang='lat' dir='ltr'><strong>et</strong></span> <span class='ocrx_word' id='word_1_485' title='bbox 1489 3494 1672 3548; x_wconf 91' lang='lat' dir='ltr'><strong>inania</strong></span> <span class='ocrx_word' id='word_1_486' title='bbox 1707 3498 1824 3551; x_wconf 89' lang='lat' dir='ltr'><strong>loca</strong></span> <span class='ocrx_word' id='word_1_487' title='bbox 1862 3502 2060 3556; x_wconf 86' lang='lat' dir='ltr'><strong>violen-</strong></span> 
     </span>
    </p>
   </div>
   <div class='ocr_carea' id='block_1_67' title="bbox 479 3569 2055 3664">
    <p class='ocr_par' dir='ltr' id='par_1_67' title="bbox 479 3569 2055 3664">
     <span class='ocr_line' id='line_1_68' title="bbox 479 3569 2055 3664; baseline 0.018 -43"><span class='ocrx_word' id='word_1_488' title='bbox 479 3575 563 3622; x_wconf 90' lang='lat' dir='ltr'><strong>ter</strong></span> <span class='ocrx_word' id='word_1_489' title='bbox 588 3569 818 3638; x_wconf 89' lang='lat' dir='ltr'><strong>ejectam</strong></span> <span class='ocrx_word' id='word_1_490' title='bbox 876 3573 1066 3632; x_wconf 82' lang='lat' dir='ltr'><strong>fuisse.</strong></span> <span class='ocrx_word' id='word_1_491' title='bbox 1102 3576 1380 3650; x_wconf 87' lang='lat' dir='ltr'><strong>Siquidem</strong></span> <span class='ocrx_word' id='word_1_492' title='bbox 1412 3593 1567 3640; x_wconf 79' lang='lat' dir='ltr'><strong>extra</strong></span> <span class='ocrx_word' id='word_1_493' title='bbox 1618 3589 1798 3645; x_wconf 92' lang='lat' dir='ltr'><strong>lumen</strong></span> <span class='ocrx_word' id='word_1_494' title='bbox 1842 3609 1905 3646; x_wconf 89' lang='lat' dir='ltr'><strong>ac</strong></span> <span class='ocrx_word' id='word_1_495' title='bbox 1942 3598 2055 3664; x_wconf 88' lang='lat' dir='ltr'><strong>ple-</strong></span> 
     </span>
    </p>
   </div>
   <div class='ocr_carea' id='block_1_68' title="bbox 477 3665 2056 3756">
    <p class='ocr_par' dir='ltr' id='par_1_68' title="bbox 477 3665 2056 3756">
     <span class='ocr_line' id='line_1_69' title="bbox 477 3665 2056 3756; baseline 0.019 -45"><span class='ocrx_word' id='word_1_496' title='bbox 477 3675 655 3727; x_wconf 89' lang='lat' dir='ltr'><strong>roma,</strong></span> <span class='ocrx_word' id='word_1_497' title='bbox 689 3665 837 3718; x_wconf 88' lang='lat' dir='ltr'><strong>velut</strong></span> <span class='ocrx_word' id='word_1_498' title='bbox 868 3666 1095 3726; x_wconf 82' lang='lat' dir='ltr'><strong>abortus</strong></span> <span class='ocrx_word' id='word_1_499' title='bbox 1125 3673 1370 3741; x_wconf 90' lang='lat' dir='ltr'><strong>quidam,</strong></span> <span class='ocrx_word' id='word_1_500' title='bbox 1404 3675 1654 3736; x_wconf 80' lang='lat' dir='ltr'><strong>informis</strong></span> <span class='ocrx_word' id='word_1_501' title='bbox 1687 3692 1848 3753; x_wconf 89' lang='lat' dir='ltr'><strong>atque</strong></span> <span class='ocrx_word' id='word_1_502' title='bbox 1886 3686 2056 3756; x_wconf 84' lang='lat' dir='ltr'><strong>impu-</strong></span> 
     </span>
    </p>
   </div>
   <div class='ocr_carea' id='block_1_69' title="bbox 477 3750 2058 3845">
    <p class='ocr_par' dir='ltr' id='par_1_69' title="bbox 477 3750 2058 3845">
     <span class='ocr_line' id='line_1_70' title="bbox 477 3750 2058 3845; baseline 0.018 -43"><span class='ocrx_word' id='word_1_503' title='bbox 477 3750 574 3803; x_wconf 86' lang='lat' dir='ltr'><strong>lita</strong></span> <span class='ocrx_word' id='word_1_504' title='bbox 611 3754 954 3821; x_wconf 89' lang='lat' dir='ltr'><strong>constiterat,</strong></span> <span class='ocrx_word' id='word_1_505' title='bbox 1011 3759 1158 3828; x_wconf 81' lang='lat' dir='ltr'><strong>quod</strong></span> <span class='ocrx_word' id='word_1_506' title='bbox 1202 3762 1338 3817; x_wconf 88' lang='lat' dir='ltr'><strong>nihil</strong></span> <span class='ocrx_word' id='word_1_507' title='bbox 1382 3767 1604 3822; x_wconf 89' lang='lat' dir='ltr'><strong>omnino</strong></span> <span class='ocrx_word' id='word_1_508' title='bbox 1643 3750 1924 3842; x_wconf 81' lang='lat' dir='ltr'><strong>percipere</strong></span> <span class='ocrx_word' id='word_1_509' title='bbox 1959 3750 2058 3845; x_wconf 78' lang='lat' dir='ltr'><strong>po-</strong></span> 
     </span>
    </p>
   </div>
   <div class='ocr_carea' id='block_1_70' title="bbox 476 3845 2056 3930">
    <p class='ocr_par' dir='ltr' id='par_1_70' title="bbox 476 3845 2056 3930">
     <span class='ocr_line' id='line_1_71' title="bbox 476 3845 2056 3930; baseline 0.017 -35"><span class='ocrx_word' id='word_1_510' title='bbox 476 3845 695 3898; x_wconf 89' lang='lat' dir='ltr'><strong>tuisset.</strong></span> <span class='ocrx_word' id='word_1_511' title='bbox 723 3847 902 3916; x_wconf 83' lang='lat' dir='ltr'><strong>Hujus</strong></span> <span class='ocrx_word' id='word_1_512' title='bbox 933 3849 1309 3907; x_wconf 88' lang='lat' dir='ltr'><strong>misericordia</strong></span> <span class='ocrx_word' id='word_1_513' title='bbox 1327 3869 1628 3925; x_wconf 88' lang='lat' dir='ltr'><strong>permotum</strong></span> <span class='ocrx_word' id='word_1_514' title='bbox 1663 3862 1961 3930; x_wconf 89' lang='lat' dir='ltr'><strong>Christum,</strong></span> <span class='ocrx_word' id='word_1_515' title='bbox 1993 3884 2056 3923; x_wconf 91' lang='lat' dir='ltr'><strong>ac</strong></span> 
     </span>
    </p>
   </div>
   <div class='ocr_carea' id='block_1_71' title="bbox 475 3943 2052 4016">
    <p class='ocr_par' dir='ltr' id='par_1_71' title="bbox 475 3943 2052 4016">
     <span class='ocr_line' id='line_1_72' title="bbox 475 3943 2052 4016; baseline 0.018 -30"><span class='ocrx_word' id='word_1_516' title='bbox 475 3949 574 4002; x_wconf 88' lang='lat' dir='ltr'><strong>per</strong></span> <span class='ocrx_word' id='word_1_517' title='bbox 605 3949 824 3990; x_wconf 89' lang='lat' dir='ltr'><strong>crucem</strong></span> <span class='ocrx_word' id='word_1_518' title='bbox 857 3950 1070 3995; x_wconf 89' lang='lat' dir='ltr'><strong>suamet</strong></span> <span class='ocrx_word' id='word_1_519' title='bbox 1107 3943 1309 3999; x_wconf 88' lang='lat' dir='ltr'><strong>virtute</strong></span> <span class='ocrx_word' id='word_1_520' title='bbox 1340 3959 1676 4016; x_wconf 82' lang='lat' dir='ltr'><strong>porrectum,</strong></span> <span class='ocrx_word' id='word_1_521' title='bbox 1707 3969 1826 4009; x_wconf 88' lang='lat' dir='ltr'><strong>eam</strong></span> <span class='ocrx_word' id='word_1_522' title='bbox 1857 3969 2052 4014; x_wconf 84' lang='lat' dir='ltr'><strong>natura</strong></span> 
     </span>
    </p>
   </div>
   <div class='ocr_carea' id='block_1_72' title="bbox 474 4029 2056 4122">
    <p class='ocr_par' dir='ltr' id='par_1_72' title="bbox 474 4029 2056 4122">
     <span class='ocr_line' id='line_1_73' title="bbox 474 4029 2056 4122; baseline 0.018 -44"><span class='ocrx_word' id='word_1_523' title='bbox 474 4032 638 4080; x_wconf 85' lang='lat' dir='ltr'><strong>tenus</strong></span> <span class='ocrx_word' id='word_1_524' title='bbox 663 4043 770 4082; x_wconf 91' lang='lat' dir='ltr'><strong>non</strong></span> <span class='ocrx_word' id='word_1_525' title='bbox 797 4029 982 4084; x_wconf 87' lang='lat' dir='ltr'><strong>itidem</strong></span> <span class='ocrx_word' id='word_1_526' title='bbox 1007 4034 1316 4103; x_wconf 77' lang='lat' dir='ltr'><strong>cognitione</strong></span> <span class='ocrx_word' id='word_1_527' title='bbox 1342 4039 1635 4111; x_wconf 79' lang='lat' dir='ltr'><strong>ﬁgurasse;</strong></span> <span class='ocrx_word' id='word_1_528' title='bbox 1663 4061 1835 4117; x_wconf 88' lang='lat' dir='ltr'><strong>eaque</strong></span> <span class='ocrx_word' id='word_1_529' title='bbox 1861 4065 1919 4105; x_wconf 90' lang='lat' dir='ltr'><strong>re</strong></span> <span class='ocrx_word' id='word_1_530' title='bbox 1940 4069 2056 4122; x_wconf 92' lang='lat' dir='ltr'><strong>per-</strong></span> 
     </span>
    </p>
   </div>
   <div class='ocr_carea' id='block_1_73' title="bbox 475 4113 2050 4207">
    <p class='ocr_par' dir='ltr' id='par_1_73' title="bbox 475 4113 2050 4207">
     <span class='ocr_line' id='line_1_74' title="bbox 475 4113 2050 4207; baseline 0.021 -41"><span class='ocrx_word' id='word_1_531' title='bbox 475 4113 640 4180; x_wconf 80' lang='lat' dir='ltr'><strong>fecta,</strong></span> <span class='ocrx_word' id='word_1_532' title='bbox 689 4132 754 4172; x_wconf 90' lang='lat' dir='ltr'><strong>ac</strong></span> <span class='ocrx_word' id='word_1_533' title='bbox 786 4118 988 4176; x_wconf 78' lang='lat' dir='ltr'><strong>virtute</strong></span> <span class='ocrx_word' id='word_1_534' title='bbox 1037 4139 1136 4177; x_wconf 90' lang='lat' dir='ltr'><strong>sua</strong></span> <span class='ocrx_word' id='word_1_535' title='bbox 1182 4135 1487 4196; x_wconf 90' lang='lat' dir='ltr'><strong>contracta,</strong></span> <span class='ocrx_word' id='word_1_536' title='bbox 1547 4137 1730 4190; x_wconf 90' lang='lat' dir='ltr'><strong>statim</strong></span> <span class='ocrx_word' id='word_1_537' title='bbox 1783 4142 2050 4207; x_wconf 87' lang='lat' dir='ltr'><strong>evolasse,</strong></span> 
     </span>
    </p>
   </div>
   <div class='ocr_carea' id='block_1_74' title="bbox 473 4208 2050 4287">
    <p class='ocr_par' dir='ltr' id='par_1_74' title="bbox 473 4208 2050 4287">
     <span class='ocr_line' id='line_1_75' title="bbox 473 4208 2050 4287; baseline 0.018 -28"><span class='ocrx_word' id='word_1_538' title='bbox 473 4221 598 4260; x_wconf 89' lang='lat' dir='ltr'><strong>cum</strong></span> <span class='ocrx_word' id='word_1_539' title='bbox 635 4208 708 4261; x_wconf 88' lang='lat' dir='ltr'><strong>ita</strong></span> <span class='ocrx_word' id='word_1_540' title='bbox 736 4224 854 4264; x_wconf 87' lang='lat' dir='ltr'><strong>eam</strong></span> <span class='ocrx_word' id='word_1_541' title='bbox 888 4213 1224 4284; x_wconf 86' lang='lat' dir='ltr'><strong>reliquisset,</strong></span> <span class='ocrx_word' id='word_1_542' title='bbox 1255 4226 1313 4272; x_wconf 88' lang='lat' dir='ltr'><strong>ut</strong></span> <span class='ocrx_word' id='word_1_543' title='bbox 1338 4223 1666 4280; x_wconf 91' lang='lat' dir='ltr'><strong>calamitatis</strong></span> <span class='ocrx_word' id='word_1_544' title='bbox 1694 4244 1807 4284; x_wconf 59' lang='lat' dir='ltr'><strong>sum</strong></span> <span class='ocrx_word' id='word_1_545' title='bbox 1828 4248 2050 4287; x_wconf 88' lang='lat' dir='ltr'><strong>sensum</strong></span> 
     </span>
    </p>
   </div>
   <div class='ocr_carea' id='block_1_75' title="bbox 475 4298 2053 4390">
    <p class='ocr_par' dir='ltr' id='par_1_75' title="bbox 475 4298 2053 4390">
     <span class='ocr_line' id='line_1_76' title="bbox 475 4298 2053 4390; baseline 0.02 -41"><span class='ocrx_word' id='word_1_546' title='bbox 475 4298 722 4367; x_wconf 88' lang='lat' dir='ltr'><strong>capiens,</strong></span> <span class='ocrx_word' id='word_1_547' title='bbox 756 4303 903 4370; x_wconf 89' lang='lat' dir='ltr'><strong>quod</strong></span> <span class='ocrx_word' id='word_1_548' title='bbox 931 4319 962 4356; x_wconf 90' lang='lat' dir='ltr'><strong>a</strong></span> <span class='ocrx_word' id='word_1_549' title='bbox 998 4306 1298 4375; x_wconf 89' lang='lat' dir='ltr'><strong>pleromate</strong></span> <span class='ocrx_word' id='word_1_550' title='bbox 1323 4322 1469 4367; x_wconf 85' lang='lat' dir='ltr'><strong>esset</strong></span> <span class='ocrx_word' id='word_1_551' title='bbox 1501 4319 1758 4385; x_wconf 80' lang='lat' dir='ltr'><strong>extorris,</strong></span> <span class='ocrx_word' id='word_1_552' title='bbox 1789 4337 2053 4390; x_wconf 67' lang='lat' dir='ltr'><strong>praestan-</strong></span> 
     </span>
    </p>
   </div>
   <div class='ocr_carea' id='block_1_76' title="bbox 471 4390 2052 4487">
    <p class='ocr_par' dir='ltr' id='par_1_76' title="bbox 471 4390 2052 4487">
     <span class='ocr_line' id='line_1_77' title="bbox 471 4390 2052 4487; baseline 0.019 -45"><span class='ocrx_word' id='word_1_553' title='bbox 471 4390 676 4446; x_wconf 87' lang='lat' dir='ltr'><strong>tiorum</strong></span> <span class='ocrx_word' id='word_1_554' title='bbox 716 4395 1014 4465; x_wconf 85' lang='lat' dir='ltr'><strong>cupiditate</strong></span> <span class='ocrx_word' id='word_1_555' title='bbox 1051 4407 1352 4470; x_wconf 86' lang='lat' dir='ltr'><strong>teneretur,</strong></span> <span class='ocrx_word' id='word_1_556' title='bbox 1388 4422 1512 4460; x_wconf 91' lang='lat' dir='ltr'><strong>cum</strong></span> <span class='ocrx_word' id='word_1_557' title='bbox 1548 4409 1665 4478; x_wconf 87' lang='lat' dir='ltr'><strong>jam</strong></span> <span class='ocrx_word' id='word_1_558' title='bbox 1701 4414 1871 4470; x_wconf 88' lang='lat' dir='ltr'><strong>odore</strong></span> <span class='ocrx_word' id='word_1_559' title='bbox 1919 4434 2052 4487; x_wconf 87' lang='lat' dir='ltr'><strong>quo—</strong></span> 
     </span>
    </p>
   </div>
   <div class='ocr_carea' id='block_1_77' title="bbox 2167 3235 3746 3312">
    <p class='ocr_par' dir='ltr' id='par_1_77' title="bbox 2167 3235 3746 3312">
     <span class='ocr_line' id='line_1_78' title="bbox 2167 3235 3746 3312; baseline 0.006 -25"><span class='ocrx_word' id='word_1_560' title='bbox 2167 3235 2343 3288; x_wconf 82' lang='grc' dir='ltr'>αὐτῶν</span> <span class='ocrx_word' id='word_1_561' title='bbox 2376 3238 2489 3289; x_wconf 81' lang='grc' dir='ltr'>ἐστι</span> <span class='ocrx_word' id='word_1_562' title='bbox 2544 3237 2804 3290; x_wconf 83' lang='grc' dir='ltr'>τοιαῦτα“</span> <span class='ocrx_word' id='word_1_563' title='bbox 2851 3239 2950 3307; x_wconf 84' lang='grc' dir='ltr'>τὴν</span> <span class='ocrx_word' id='word_1_564' title='bbox 2992 3239 3318 3310; x_wconf 80' lang='grc' dir='ltr'>Ἐνθύμησιν</span> <span class='ocrx_word' id='word_1_565' title='bbox 3364 3243 3462 3312; x_wconf 83' lang='grc' dir='ltr'>τῆς</span> <span class='ocrx_word' id='word_1_566' title='bbox 3496 3243 3606 3295; x_wconf 85' lang='grc' dir='ltr'>ἄνω</span> <span class='ocrx_word' id='word_1_567' title='bbox 3651 3243 3746 3295; x_wconf 82' lang='grc' dir='ltr'><strong>Σο-</strong></span> 
     </span>
    </p>
   </div>
   <div class='ocr_carea' id='block_1_78' title="bbox 2164 3328 3750 3403">
    <p class='ocr_par' dir='ltr' id='par_1_78' title="bbox 2164 3328 3750 3403">
     <span class='ocr_line' id='line_1_79' title="bbox 2164 3328 3750 3403; baseline 0.006 -24"><span class='ocrx_word' id='word_1_568' title='bbox 2164 3328 2311 3395; x_wconf 86' lang='grc' dir='ltr'>φίας.</span> <span class='ocrx_word' id='word_1_569' title='bbox 2349 3331 2413 3399; x_wconf 80' lang='grc' dir='ltr'>ἣν</span> <span class='ocrx_word' id='word_1_570' title='bbox 2467 3330 2562 3380; x_wconf 71' lang='grc' dir='ltr'><strong>καὶ</strong></span> <span class='ocrx_word' id='word_1_571' title='bbox 2603 3328 2854 3399; x_wconf 85' lang='grc' dir='ltr'>Ἀχαμὼθ</span> <span class='ocrx_word' id='word_1_572' title='bbox 2893 3330 3168 3393; x_wconf 86' lang='grc' dir='ltr'>καλοῦσιν,</span> <span class='ocrx_word' id='word_1_573' title='bbox 3217 3333 3606 3403; x_wconf 77' lang='grc' dir='ltr'>ἀφορισθεῖσαν</span> <span class='ocrx_word' id='word_1_574' title='bbox 3649 3333 3750 3388; x_wconf 88' lang='grc' dir='ltr'><strong>τοῦ</strong></span> 
     </span>
    </p>
   </div>
   <div class='ocr_carea' id='block_1_79' title="bbox 2164 3419 3747 3491">
    <p class='ocr_par' dir='ltr' id='par_1_79' title="bbox 2164 3419 3747 3491">
     <span class='ocr_line' id='line_1_80' title="bbox 2164 3419 3747 3491; baseline 0.006 -21"><span class='ocrx_word' id='word_1_575' title='bbox 2164 3419 2532 3490; x_wconf 80' lang='grc' dir='ltr'>πληρώματος</span> <span class='ocrx_word' id='word_1_576' title='bbox 2589 3422 2685 3474; x_wconf 79' lang='grc' dir='ltr'><strong>σὺν</strong></span> <span class='ocrx_word' id='word_1_577' title='bbox 2713 3421 2791 3491; x_wconf 79' lang='grc' dir='ltr'>τῷ</span> <span class='ocrx_word' id='word_1_578' title='bbox 2828 3422 2989 3476; x_wconf 90' lang='grc' dir='ltr'>πάθει</span> <span class='ocrx_word' id='word_1_579' title='bbox 3043 3421 3292 3490; x_wconf 81' lang='grc' dir='ltr'>λέγουσιν</span> <span class='ocrx_word' id='word_1_580' title='bbox 3325 3427 3380 3477; x_wconf 77' lang='grc' dir='ltr'>ἐν</span> <span class='ocrx_word' id='word_1_581' title='bbox 3428 3429 3607 3489; x_wconf 87' lang='grc' dir='ltr'>σκιαῖς</span> <span class='ocrx_word' id='word_1_582' title='bbox 3654 3427 3747 3480; x_wconf 74' lang='grc' dir='ltr'><strong>καὶ</strong></span> 
     </span>
    </p>
   </div>
   <div class='ocr_carea' id='block_1_80' title="bbox 2166 3513 3744 3590">
    <p class='ocr_par' dir='ltr' id='par_1_80' title="bbox 2166 3513 3744 3590">
     <span class='ocr_line' id='line_1_81' title="bbox 2166 3513 3744 3590; baseline 0.006 -27"><span class='ocrx_word' id='word_1_583' title='bbox 2166 3513 2519 3582; x_wconf 88' lang='grc' dir='ltr'>σκηνώματος</span> <span class='ocrx_word' id='word_1_584' title='bbox 2565 3514 2584 3543; x_wconf 83' lang='grc'>⁶</span> <span class='ocrx_word' id='word_1_585' title='bbox 2630 3514 2813 3576; x_wconf 81' lang='grc' dir='ltr'>τόποις</span> <span class='ocrx_word' id='word_1_586' title='bbox 2863 3515 3228 3586; x_wconf 75' lang='grc' dir='ltr'>ἐκϐεϐράσθαι</span> <span class='ocrx_word' id='word_1_587' title='bbox 3285 3517 3426 3569; x_wconf 83' lang='grc' dir='ltr'><strong>κατά</strong></span> <span class='ocrx_word' id='word_1_588' title='bbox 3477 3519 3744 3590; x_wconf 86' lang='grc' dir='ltr'>ἀνάγκην.</span> 
     </span>
    </p>
   </div>
   <div class='ocr_carea' id='block_1_81' title="bbox 2167 3604 3744 3680">
    <p class='ocr_par' dir='ltr' id='par_1_81' title="bbox 2167 3604 3744 3680">
     <span class='ocr_line' id='line_1_82' title="bbox 2167 3604 3744 3680; baseline 0.003 -22"><span class='ocrx_word' id='word_1_589' title='bbox 2167 3604 2311 3668; x_wconf 83' lang='grc' dir='ltr'>Ἔξω</span> <span class='ocrx_word' id='word_1_590' title='bbox 2343 3605 2450 3675; x_wconf 78' lang='grc' dir='ltr'>γὰρ</span> <span class='ocrx_word' id='word_1_591' title='bbox 2489 3605 2664 3673; x_wconf 75' lang='grc' dir='ltr'>φωτὸς</span> <span class='ocrx_word' id='word_1_592' title='bbox 2707 3607 2920 3673; x_wconf 78' lang='grc' dir='ltr'>ἐγένετο</span> <span class='ocrx_word' id='word_1_593' title='bbox 2955 3610 3049 3660; x_wconf 78' lang='grc' dir='ltr'><strong>καὶ</strong></span> <span class='ocrx_word' id='word_1_594' title='bbox 3092 3607 3456 3678; x_wconf 83' lang='grc' dir='ltr'>πληρώματος</span> <span class='ocrx_word' id='word_1_595' title='bbox 3501 3610 3744 3680; x_wconf 78' lang='grc' dir='ltr'>ἄμορφος</span> 
     </span>
    </p>
   </div>
   <div class='ocr_carea' id='block_1_82' title="bbox 2161 3695 3742 3772">
    <p class='ocr_par' dir='ltr' id='par_1_82' title="bbox 2161 3695 3742 3772">
     <span class='ocr_line' id='line_1_83' title="bbox 2161 3695 3742 3772; baseline 0.003 -24"><span class='ocrx_word' id='word_1_596' title='bbox 2161 3697 2256 3748; x_wconf 73' lang='grc' dir='ltr'><strong>καὶ</strong></span> <span class='ocrx_word' id='word_1_597' title='bbox 2288 3697 2541 3758; x_wconf 80' lang='grc' dir='ltr'>ἀνείδεος,</span> <span class='ocrx_word' id='word_1_598' title='bbox 2576 3695 2764 3767; x_wconf 78' lang='grc' dir='ltr'>ὥσπερ</span> <span class='ocrx_word' id='word_1_599' title='bbox 2804 3697 3082 3769; x_wconf 86' lang='grc' dir='ltr'>ἕκτρωμα,</span> <span class='ocrx_word' id='word_1_600' title='bbox 3121 3699 3209 3752; x_wconf 79' lang='grc' dir='ltr'><strong>διὰ</strong></span> <span class='ocrx_word' id='word_1_601' title='bbox 3249 3700 3308 3753; x_wconf 84' lang='grc' dir='ltr'><strong>τὸ</strong></span> <span class='ocrx_word' id='word_1_602' title='bbox 3350 3701 3516 3772; x_wconf 80' lang='grc' dir='ltr'>μηδὲν</span> <span class='ocrx_word' id='word_1_603' title='bbox 3563 3719 3742 3754; x_wconf 82' lang='grc' dir='ltr'>κατει-</span> 
     </span>
    </p>
   </div>
   <div class='ocr_carea' id='block_1_83' title="bbox 2161 3787 3739 3862">
    <p class='ocr_par' dir='ltr' id='par_1_83' title="bbox 2161 3787 3739 3862">
     <span class='ocr_line' id='line_1_84' title="bbox 2161 3787 3739 3862; baseline 0.005 -24"><span class='ocrx_word' id='word_1_604' title='bbox 2161 3787 2407 3858; x_wconf 71' lang='grc' dir='ltr'>ληφέναι.</span> <span class='ocrx_word' id='word_1_605' title='bbox 2464 3789 2822 3858; x_wconf 86' lang='grc' dir='ltr'>υἰκτείραντά</span> <span class='ocrx_word' id='word_1_606' title='bbox 2850 3807 2908 3842; x_wconf 91' lang='grc' dir='ltr'><strong>τε</strong></span> <span class='ocrx_word' id='word_1_607' title='bbox 2958 3791 3127 3861; x_wconf 76' lang='grc' dir='ltr'>αὐτὴν</span> <span class='ocrx_word' id='word_1_608' title='bbox 3165 3791 3256 3844; x_wconf 82' lang='grc' dir='ltr'><strong>τὸν</strong></span> <span class='ocrx_word' id='word_1_609' title='bbox 3285 3793 3521 3862; x_wconf 78' lang='grc' dir='ltr'>Χριστὸν</span> <span class='ocrx_word' id='word_1_610' title='bbox 3551 3793 3598 3858; x_wconf 87' lang='grc'>⁷,</span> <span class='ocrx_word' id='word_1_611' title='bbox 3651 3794 3739 3845; x_wconf 66' lang='grc' dir='ltr'>καὶ</span> 
     </span>
    </p>
   </div>
   <div class='ocr_carea' id='block_1_84' title="bbox 2158 3878 3738 3956">
    <p class='ocr_par' dir='ltr' id='par_1_84' title="bbox 2158 3878 3738 3956">
     <span class='ocr_line' id='line_1_85' title="bbox 2158 3878 3738 3956; baseline 0.004 -25"><span class='ocrx_word' id='word_1_612' title='bbox 2158 3879 2247 3932; x_wconf 80' lang='grc' dir='ltr'>διὰ</span> <span class='ocrx_word' id='word_1_613' title='bbox 2283 3878 2376 3932; x_wconf 89' lang='grc' dir='ltr'><strong>τοῦ</strong></span> <span class='ocrx_word' id='word_1_614' title='bbox 2413 3879 2646 3949; x_wconf 78' lang='grc' dir='ltr'>σταυροῦ</span> <span class='ocrx_word' id='word_1_615' title='bbox 2683 3881 3050 3935; x_wconf 84' lang='grc' dir='ltr'>ἐπεκταθέντα</span> <span class='ocrx_word' id='word_1_616' title='bbox 3081 3886 3145 3953; x_wconf 82' lang='grc' dir='ltr'>τῇ</span> <span class='ocrx_word' id='word_1_617' title='bbox 3184 3883 3289 3955; x_wconf 76' lang='grc' dir='ltr'>ἰδία</span> <span class='ocrx_word' id='word_1_618' title='bbox 3326 3883 3572 3954; x_wconf 85' lang='grc' dir='ltr'>δυνάμει,</span> <span class='ocrx_word' id='word_1_619' title='bbox 3613 3902 3738 3956; x_wconf 81' lang='grc' dir='ltr'>μορ-</span> 
     </span>
    </p>
   </div>
   <div class='ocr_carea' id='block_1_85' title="bbox 2159 3969 3742 4044">
    <p class='ocr_par' dir='ltr' id='par_1_85' title="bbox 2159 3969 3742 4044">
     <span class='ocr_line' id='line_1_86' title="bbox 2159 3969 3742 4044; baseline 0.003 -23"><span class='ocrx_word' id='word_1_620' title='bbox 2159 3969 2337 4036; x_wconf 87' lang='grc' dir='ltr'>φῶσαι</span> <span class='ocrx_word' id='word_1_621' title='bbox 2369 3971 2649 4040; x_wconf 76' lang='grc' dir='ltr'>μόρφωσιν</span> <span class='ocrx_word' id='word_1_622' title='bbox 2684 3972 2783 4041; x_wconf 82' lang='grc' dir='ltr'>τὴν</span> <span class='ocrx_word' id='word_1_623' title='bbox 2813 3973 2932 4024; x_wconf 87' lang='grc' dir='ltr'>κατ’</span> <span class='ocrx_word' id='word_1_624' title='bbox 2962 3972 3150 4025; x_wconf 81' lang='grc' dir='ltr'>οὐσίαν</span> <span class='ocrx_word' id='word_1_625' title='bbox 3185 3975 3364 4042; x_wconf 85' lang='grc' dir='ltr'>μόνον,</span> <span class='ocrx_word' id='word_1_626' title='bbox 3397 3974 3512 4027; x_wconf 85' lang='grc' dir='ltr'>ἀλλ’</span> <span class='ocrx_word' id='word_1_627' title='bbox 3541 3976 3599 4027; x_wconf 78' lang='grc' dir='ltr'><strong>οὐ</strong></span> <span class='ocrx_word' id='word_1_628' title='bbox 3641 3975 3742 4044; x_wconf 77' lang='grc' dir='ltr'>τὴν</span> 
     </span>
    </p>
   </div>
   <div class='ocr_carea' id='block_1_86' title="bbox 2160 4060 3739 4136">
    <p class='ocr_par' dir='ltr' id='par_1_86' title="bbox 2160 4060 3739 4136">
     <span class='ocr_line' id='line_1_87' title="bbox 2160 4060 3739 4136; baseline 0.005 -25"><span class='ocrx_word' id='word_1_629' title='bbox 2160 4061 2299 4112; x_wconf 77' lang='grc' dir='ltr'>κατὰ</span> <span class='ocrx_word' id='word_1_630' title='bbox 2323 4060 2523 4128; x_wconf 83' lang='grc' dir='ltr'>γνῶσιν</span> <span class='ocrx_word' id='word_1_631' title='bbox 2546 4075 2560 4088; x_wconf 86' lang='grc'><strong>·</strong></span> <span class='ocrx_word' id='word_1_632' title='bbox 2594 4062 2688 4114; x_wconf 74' lang='grc' dir='ltr'><strong>καὶ</strong></span> <span class='ocrx_word' id='word_1_633' title='bbox 2737 4062 3017 4130; x_wconf 79' lang='grc' dir='ltr'>πράξαντα</span> <span class='ocrx_word' id='word_1_634' title='bbox 3046 4064 3222 4129; x_wconf 83' lang='grc' dir='ltr'>τοῦτο,</span> <span class='ocrx_word' id='word_1_635' title='bbox 3269 4065 3600 4136; x_wconf 86' lang='grc' dir='ltr'>ἀναδραμεῖν</span> <span class='ocrx_word' id='word_1_636' title='bbox 3648 4083 3739 4118; x_wconf 85' lang='grc' dir='ltr'>συ·</span> 
     </span>
    </p>
   </div>
   <div class='ocr_carea' id='block_1_87' title="bbox 2161 4153 3738 4224">
    <p class='ocr_par' dir='ltr' id='par_1_87' title="bbox 2161 4153 3738 4224">
     <span class='ocr_line' id='line_1_88' title="bbox 2161 4153 3738 4224; baseline 0.004 -19"><span class='ocrx_word' id='word_1_637' title='bbox 2161 4153 2439 4205; x_wconf 86' lang='grc' dir='ltr'>στείλαντα</span> <span class='ocrx_word' id='word_1_638' title='bbox 2467 4153 2632 4206; x_wconf 74' lang='grc' dir='ltr'>αὐτοῦ</span> <span class='ocrx_word' id='word_1_639' title='bbox 2653 4153 2750 4224; x_wconf 79' lang='grc' dir='ltr'><strong>τὴν</strong></span> <span class='ocrx_word' id='word_1_640' title='bbox 2780 4154 3009 4224; x_wconf 85' lang='grc' dir='ltr'>δύναμιν</span> <span class='ocrx_word' id='word_1_641' title='bbox 3043 4157 3137 4209; x_wconf 65' lang='grc' dir='ltr'><strong>καὶ</strong></span> <span class='ocrx_word' id='word_1_642' title='bbox 3164 4157 3501 4221; x_wconf 84' lang='grc' dir='ltr'>καταλιπεῖν,</span> <span class='ocrx_word' id='word_1_643' title='bbox 3528 4159 3676 4222; x_wconf 84' lang='grc' dir='ltr'>ὅπως</span> <span class='ocrx_word' id='word_1_644' title='bbox 3697 4160 3738 4224; x_wconf 83' lang='grc'>⁸,</span> 
     </span>
    </p>
   </div>
   <div class='ocr_carea' id='block_1_88' title="bbox 2160 4245 3732 4320">
    <p class='ocr_par' dir='ltr' id='par_1_88' title="bbox 2160 4245 3732 4320">
     <span class='ocr_line' id='line_1_89' title="bbox 2160 4245 3732 4320; baseline 0.004 -23"><span class='ocrx_word' id='word_1_645' title='bbox 2160 4245 2458 4314; x_wconf 84' lang='grc' dir='ltr'>αἰσθομένη</span> <span class='ocrx_word' id='word_1_646' title='bbox 2497 4245 2590 4296; x_wconf 86' lang='grc' dir='ltr'><strong>τοῦ</strong></span> <span class='ocrx_word' id='word_1_647' title='bbox 2627 4246 2754 4315; x_wconf 79' lang='grc' dir='ltr'>περὶ</span> <span class='ocrx_word' id='word_1_648' title='bbox 2797 4246 2964 4315; x_wconf 83' lang='grc' dir='ltr'>αὐτὴν</span> <span class='ocrx_word' id='word_1_649' title='bbox 2994 4247 3200 4311; x_wconf 86' lang='grc' dir='ltr'>πάθους</span> <span class='ocrx_word' id='word_1_650' title='bbox 3239 4249 3326 4302; x_wconf 82' lang='grc' dir='ltr'>διὰ</span> <span class='ocrx_word' id='word_1_651' title='bbox 3363 4251 3462 4320; x_wconf 77' lang='grc' dir='ltr'><strong>τὴν</strong></span> <span class='ocrx_word' id='word_1_652' title='bbox 3503 4250 3732 4304; x_wconf 87' lang='grc' dir='ltr'>ἀπαλλα-</span> 
     </span>
    </p>
   </div>
   <div class='ocr_carea' id='block_1_89' title="bbox 2156 4334 3738 4412">
    <p class='ocr_par' dir='ltr' id='par_1_89' title="bbox 2156 4334 3738 4412">
     <span class='ocr_line' id='line_1_90' title="bbox 2156 4334 3738 4412; baseline 0.006 -26"><span class='ocrx_word' id='word_1_653' title='bbox 2156 4334 2257 4405; x_wconf 82' lang='grc' dir='ltr'><strong>γὴν</strong></span> <span class='ocrx_word' id='word_1_654' title='bbox 2306 4334 2398 4387; x_wconf 82' lang='grc' dir='ltr'><strong>τοῦ</strong></span> <span class='ocrx_word' id='word_1_655' title='bbox 2448 4335 2847 4404; x_wconf 84' lang='grc' dir='ltr'>πληρώματος,</span> <span class='ocrx_word' id='word_1_656' title='bbox 2906 4336 3102 4408; x_wconf 80' lang='grc' dir='ltr'>ὀρεχθῇ</span> <span class='ocrx_word' id='word_1_657' title='bbox 3176 4339 3282 4392; x_wconf 85' lang='grc' dir='ltr'><strong>τῶν</strong></span> <span class='ocrx_word' id='word_1_658' title='bbox 3342 4340 3738 4412; x_wconf 73' lang='grc' dir='ltr'>διαφερόντων,</span> 
     </span>
    </p>
   </div>
   <div class='ocr_carea' id='block_1_90' title="bbox 2155 4425 3734 4497">
    <p class='ocr_par' dir='ltr' id='par_1_90' title="bbox 2155 4425 3734 4497">
     <span class='ocr_line' id='line_1_91' title="bbox 2155 4425 3734 4497; baseline 0.003 -19"><span class='ocrx_word' id='word_1_659' title='bbox 2155 4425 2353 4496; x_wconf 77' lang='grc' dir='ltr'>ἔχουσά</span> <span class='ocrx_word' id='word_1_660' title='bbox 2378 4442 2496 4477; x_wconf 88' lang='grc' dir='ltr'>τινα</span> <span class='ocrx_word' id='word_1_661' title='bbox 2525 4425 2691 4495; x_wconf 80' lang='grc' dir='ltr'>ὀδμὴν</span> <span class='ocrx_word' id='word_1_662' title='bbox 2731 4425 3058 4495; x_wconf 72' lang='grc' dir='ltr'>ἀφθαρσίας,</span> <span class='ocrx_word' id='word_1_663' title='bbox 3101 4429 3615 4497; x_wconf 78' lang='grc' dir='ltr'>ἐγκαταλειφθεῖσαν</span> <span class='ocrx_word' id='word_1_664' title='bbox 3642 4431 3734 4482; x_wconf 82' lang='grc' dir='ltr'><strong>αὐ-</strong></span> 
     </span>
    </p>
   </div>
   <div class='ocr_carea' id='block_1_91' title="bbox 470 4480 2065 4592">
    <p class='ocr_par' dir='ltr' id='par_1_91' title="bbox 470 4480 2043 4570">
     <span class='ocr_line' id='line_1_92' title="bbox 470 4480 2043 4570; baseline 0.018 -34"><span class='ocrx_word' id='word_1_665' title='bbox 470 4480 598 4536; x_wconf 89' lang='lat' dir='ltr'><strong>dam</strong></span> <span class='ocrx_word' id='word_1_666' title='bbox 631 4493 776 4540; x_wconf 90' lang='lat' dir='ltr'><strong>esset</strong></span> <span class='ocrx_word' id='word_1_667' title='bbox 812 4488 1239 4550; x_wconf 85' lang='lat' dir='ltr'><strong>immortalitatis</strong></span> <span class='ocrx_word' id='word_1_668' title='bbox 1267 4497 1466 4562; x_wconf 85' lang='lat' dir='ltr'><strong>alllata,</strong></span> <span class='ocrx_word' id='word_1_669' title='bbox 1501 4517 1663 4570; x_wconf 88' lang='lat' dir='ltr'><strong>quem</strong></span> <span class='ocrx_word' id='word_1_670' title='bbox 1699 4505 1752 4558; x_wconf 91' lang='lat' dir='ltr'><strong>in</strong></span> <span class='ocrx_word' id='word_1_671' title='bbox 1794 4523 1856 4561; x_wconf 91' lang='lat' dir='ltr'><strong>ea</strong></span> <span class='ocrx_word' id='word_1_672' title='bbox 1891 4480 2043 4565; x_wconf 71' lang='lat' dir='ltr'><strong>Chri~</strong></span> 
     </span>
    </p>
   </div>
   <div class='ocr_carea' id='block_1_92' title="bbox 2166 4480 3736 4592">
    <p class='ocr_par' dir='ltr' id='par_1_92' title="bbox 2166 4480 3736 4591">
     <span class='ocr_line' id='line_1_93' title="bbox 2166 4480 3736 4591; baseline 0 -15"><span class='ocrx_word' id='word_1_673' title='bbox 2166 4480 2252 4591; x_wconf 48' lang='grc' dir='ltr'>τῆν</span> <span class='ocrx_word' id='word_1_674' title='bbox 2281 4518 2374 4572; x_wconf 89' lang='grc' dir='ltr'><strong>τοῦ</strong></span> <span class='ocrx_word' id='word_1_675' title='bbox 2409 4480 2697 4589; x_wconf 53' lang='grc' dir='ltr'><strong>Χριστοῦ.ο</strong></span> <span class='ocrx_word' id='word_1_676' title='bbox 2730 4480 2820 4570; x_wconf 72' lang='grc' dir='ltr'><strong>καὶ</strong></span> <span class='ocrx_word' id='word_1_677' title='bbox 2848 4480 2941 4573; x_wconf 72' lang='grc' dir='ltr'><strong>τοῦ</strong></span> <span class='ocrx_word' id='word_1_678' title='bbox 2971 4480 3493 4591; x_wconf 39' lang='grc' dir='ltr'>ἁγίουσΠνεύματος.</span> <span class='ocrx_word' id='word_1_679' title='bbox 3527 4523 3617 4575; x_wconf 77' lang='grc' dir='ltr'><strong>Διὸ</strong></span> <span class='ocrx_word' id='word_1_680' title='bbox 3645 4524 3736 4576; x_wconf 82' lang='grc' dir='ltr'>καὶ</span> 
     </span>
    </p>
   </div>
   <div class='ocr_carea' id='block_1_93' title="bbox 472 4576 2065 4685">
    <p class='ocr_par' dir='ltr' id='par_1_93' title="bbox 472 4576 2050 4670">
     <span class='ocr_line' id='line_1_94' title="bbox 472 4576 2050 4670; baseline 0.018 -42"><span class='ocrx_word' id='word_1_681' title='bbox 472 4581 594 4629; x_wconf 91' lang='lat' dir='ltr'><strong>stus</strong></span> <span class='ocrx_word' id='word_1_682' title='bbox 629 4590 692 4628; x_wconf 91' lang='lat' dir='ltr'><strong>ac</strong></span> <span class='ocrx_word' id='word_1_683' title='bbox 715 4576 950 4646; x_wconf 90' lang='lat' dir='ltr'><strong>Spiritus</strong></span> <span class='ocrx_word' id='word_1_684' title='bbox 981 4592 1207 4641; x_wconf 90' lang='lat' dir='ltr'><strong>sanctus</strong></span> <span class='ocrx_word' id='word_1_685' title='bbox 1228 4588 1583 4658; x_wconf 89' lang='lat' dir='ltr'><strong>reliquerant.</strong></span> <span class='ocrx_word' id='word_1_686' title='bbox 1615 4593 1697 4649; x_wconf 92' lang='lat' dir='ltr'><strong>0b</strong></span> <span class='ocrx_word' id='word_1_687' title='bbox 1719 4595 1772 4649; x_wconf 92' lang='lat' dir='ltr'><strong>id</strong></span> <span class='ocrx_word' id='word_1_688' title='bbox 1803 4600 2050 4670; x_wconf 85' lang='lat' dir='ltr'><strong>utrisque</strong></span> 
     </span>
    </p>
   </div>
   <div class='ocr_carea' id='block_1_94' title="bbox 2166 4576 3735 4685">
    <p class='ocr_par' dir='ltr' id='par_1_94' title="bbox 2166 4576 3735 4685">
     <span class='ocr_line' id='line_1_95' title="bbox 2166 4576 3735 4685; baseline -0.005 -17"><span class='ocrx_word' id='word_1_689' title='bbox 2166 4576 2316 4685; x_wconf 45' lang='lat' dir='ltr'><strong>Lblrhv</strong></span> <span class='ocrx_word' id='word_1_690' title='bbox 2346 4576 2475 4674; x_wconf 45' lang='grc' dir='ltr'>τοῖς.</span> <span class='ocrx_word' id='word_1_691' title='bbox 2498 4611 2831 4682; x_wconf 77' lang='grc' dir='ltr'>ἀμφοτέροις</span> <span class='ocrx_word' id='word_1_692' title='bbox 2867 4611 3092 4682; x_wconf 86' lang='grc' dir='ltr'>ὀνόμασι</span> <span class='ocrx_word' id='word_1_693' title='bbox 3126 4611 3423 4676; x_wconf 85' lang='grc' dir='ltr'>καλεῖσθαι,</span> <span class='ocrx_word' id='word_1_694' title='bbox 3453 4615 3649 4684; x_wconf 78' lang='grc' dir='ltr'>Σοφὶαν</span> <span class='ocrx_word' id='word_1_695' title='bbox 3676 4633 3735 4668; x_wconf 83' lang='grc' dir='ltr'><strong>τε</strong></span> 
     </span>
    </p>
   </div>
   <div class='ocr_carea' id='block_1_95' title="bbox 471 4666 2047 4758">
    <p class='ocr_par' dir='ltr' id='par_1_95' title="bbox 471 4666 2047 4758">
     <span class='ocr_line' id='line_1_96' title="bbox 471 4666 2047 4758; baseline 0.019 -42"><span class='ocrx_word' id='word_1_696' title='bbox 471 4666 735 4734; x_wconf 90' lang='lat' dir='ltr'><strong>appellari</strong></span> <span class='ocrx_word' id='word_1_697' title='bbox 784 4672 1118 4731; x_wconf 90' lang='lat' dir='ltr'><strong>nominibus.</strong></span> <span class='ocrx_word' id='word_1_698' title='bbox 1170 4675 1304 4731; x_wconf 87' lang='lat' dir='ltr'><strong>Nam</strong></span> <span class='ocrx_word' id='word_1_699' title='bbox 1349 4689 1402 4734; x_wconf 90' lang='lat' dir='ltr'><strong>et</strong></span> <span class='ocrx_word' id='word_1_700' title='bbox 1449 4681 1782 4752; x_wconf 89' lang='lat' dir='ltr'><strong>Sapientiam</strong></span> <span class='ocrx_word' id='word_1_701' title='bbox 1820 4666 2047 4758; x_wconf 76' lang='lat' dir='ltr'><strong>paterna</strong></span> 
     </span>
    </p>
   </div>
   <div class='ocr_carea' id='block_1_96' title="bbox 469 4761 2046 4849">
    <p class='ocr_par' dir='ltr' id='par_1_96' title="bbox 469 4761 2046 4849">
     <span class='ocr_line' id='line_1_97' title="bbox 469 4761 2046 4849; baseline 0.017 -38"><span class='ocrx_word' id='word_1_702' title='bbox 469 4761 835 4828; x_wconf 84' lang='lat' dir='ltr'><strong>appellatione</strong></span> <span class='ocrx_word' id='word_1_703' title='bbox 872 4763 1003 4833; x_wconf 92' lang='lat' dir='ltr'><strong>dici,</strong></span> <span class='ocrx_word' id='word_1_704' title='bbox 1041 4769 1186 4837; x_wconf 90' lang='lat' dir='ltr'><strong>quod</strong></span> <span class='ocrx_word' id='word_1_705' title='bbox 1234 4771 1354 4840; x_wconf 89' lang='lat' dir='ltr'><strong>ejus</strong></span> <span class='ocrx_word' id='word_1_706' title='bbox 1392 4773 1598 4832; x_wconf 88' lang='lat' dir='ltr'><strong>Parens</strong></span> <span class='ocrx_word' id='word_1_707' title='bbox 1634 4777 1914 4849; x_wconf 86' lang='lat' dir='ltr'><strong>Sapientia</strong></span> <span class='ocrx_word' id='word_1_708' title='bbox 1949 4801 2046 4838; x_wconf 90' lang='lat' dir='ltr'><strong>vo-</strong></span> 
     </span>
    </p>
   </div>
   <div class='ocr_carea' id='block_1_97' title="bbox 466 4853 2047 4938">
    <p class='ocr_par' dir='ltr' id='par_1_97' title="bbox 466 4853 2047 4938">
     <span class='ocr_line' id='line_1_98' title="bbox 466 4853 2047 4938; baseline 0.015 -33"><span class='ocrx_word' id='word_1_709' title='bbox 466 4859 624 4906; x_wconf 90' lang='lat' dir='ltr'><strong>cetur</strong></span> <span class='ocrx_word' id='word_1_710' title='bbox 649 4871 662 4906; x_wconf 90' lang='lat'>:</span> <span class='ocrx_word' id='word_1_711' title='bbox 689 4861 743 4907; x_wconf 91' lang='lat' dir='ltr'><strong>et</strong></span> <span class='ocrx_word' id='word_1_712' title='bbox 780 4853 1042 4924; x_wconf 90' lang='lat' dir='ltr'><strong>Spiritum</strong></span> <span class='ocrx_word' id='word_1_713' title='bbox 1069 4871 1340 4930; x_wconf 88' lang='lat' dir='ltr'><strong>sanctum,</strong></span> <span class='ocrx_word' id='word_1_714' title='bbox 1365 4867 1432 4920; x_wconf 91' lang='lat' dir='ltr'><strong>ab</strong></span> <span class='ocrx_word' id='word_1_715' title='bbox 1454 4883 1519 4922; x_wconf 89' lang='lat' dir='ltr'><strong>eo</strong></span> <span class='ocrx_word' id='word_1_716' title='bbox 1546 4870 1639 4938; x_wconf 93' lang='lat' dir='ltr'><strong>qui</strong></span> <span class='ocrx_word' id='word_1_717' title='bbox 1671 4887 1794 4925; x_wconf 92' lang='lat' dir='ltr'><strong>cum</strong></span> <span class='ocrx_word' id='word_1_718' title='bbox 1824 4873 2047 4930; x_wconf 86' lang='lat' dir='ltr'><strong>Christo</strong></span> 
     </span>
    </p>
   </div>
   <div class='ocr_carea' id='block_1_98' title="bbox 466 4944 2047 5036">
    <p class='ocr_par' dir='ltr' id='par_1_98' title="bbox 466 4944 2047 5036">
     <span class='ocr_line' id='line_1_99' title="bbox 466 4944 2047 5036; baseline 0.016 -39"><span class='ocrx_word' id='word_1_719' title='bbox 466 4944 800 5013; x_wconf 90' lang='lat' dir='ltr'><strong>conjunctus</strong></span> <span class='ocrx_word' id='word_1_720' title='bbox 831 4957 917 5004; x_wconf 92' lang='lat' dir='ltr'><strong>est</strong></span> <span class='ocrx_word' id='word_1_721' title='bbox 950 4949 1174 5020; x_wconf 87' lang='lat' dir='ltr'><strong>Spiritu.</strong></span> <span class='ocrx_word' id='word_1_722' title='bbox 1211 4955 1256 5007; x_wconf 82' lang='lat' dir='ltr'><strong>A</strong></span> <span class='ocrx_word' id='word_1_723' title='bbox 1285 4958 1486 5023; x_wconf 89' lang='lat' dir='ltr'><strong>quibus</strong></span> <span class='ocrx_word' id='word_1_724' title='bbox 1517 4961 1714 5030; x_wconf 80' lang='lat' dir='ltr'><strong>ellicta,</strong></span> <span class='ocrx_word' id='word_1_725' title='bbox 1744 4965 2047 5036; x_wconf 78' lang='lat' dir='ltr'><strong>intelligen-</strong></span> 
     </span>
    </p>
   </div>
   <div class='ocr_carea' id='block_1_99' title="bbox 2147 4702 3734 4776">
    <p class='ocr_par' dir='ltr' id='par_1_99' title="bbox 2147 4702 3734 4776">
     <span class='ocr_line' id='line_1_100' title="bbox 2147 4702 3734 4776; baseline 0.001 -17"><span class='ocrx_word' id='word_1_726' title='bbox 2147 4703 2607 4776; x_wconf 85' lang='grc' dir='ltr'>πατρωνυμικῶς,</span> <span class='ocrx_word' id='word_1_727' title='bbox 2635 4705 2663 4755; x_wconf 89' lang='grc' dir='ltr'><strong>ό</strong></span> <span class='ocrx_word' id='word_1_728' title='bbox 2685 4702 2793 4772; x_wconf 85' lang='grc' dir='ltr'>γὰρ</span> <span class='ocrx_word' id='word_1_729' title='bbox 2825 4703 3010 4772; x_wconf 76' lang='grc' dir='ltr'>Πατὴρ</span> <span class='ocrx_word' id='word_1_730' title='bbox 3040 4704 3207 4773; x_wconf 79' lang='grc' dir='ltr'>αὐτῆς</span> <span class='ocrx_word' id='word_1_731' title='bbox 3234 4705 3400 4773; x_wconf 80' lang='grc' dir='ltr'>Σοφία</span> <span class='ocrx_word' id='word_1_732' title='bbox 3434 4706 3734 4775; x_wconf 74' lang='grc' dir='ltr'>κληΐζεται,</span> 
     </span>
    </p>
   </div>
   <div class='ocr_carea' id='block_1_100' title="bbox 2147 4794 3723 4870">
    <p class='ocr_par' dir='ltr' id='par_1_100' title="bbox 2147 4794 3723 4870">
     <span class='ocr_line' id='line_1_101' title="bbox 2147 4794 3723 4870; baseline 0 -19"><span class='ocrx_word' id='word_1_733' title='bbox 2147 4799 2240 4851; x_wconf 77' lang='grc' dir='ltr'><strong>καὶ</strong></span> <span class='ocrx_word' id='word_1_734' title='bbox 2273 4796 2492 4865; x_wconf 87' lang='grc' dir='ltr'>Πνεῦμα</span> <span class='ocrx_word' id='word_1_735' title='bbox 2518 4795 2671 4861; x_wconf 82' lang='grc' dir='ltr'>άγιον</span> <span class='ocrx_word' id='word_1_736' title='bbox 2705 4794 2811 4845; x_wconf 86' lang='grc' dir='ltr'><strong>ἀπὸ</strong></span> <span class='ocrx_word' id='word_1_737' title='bbox 2841 4794 2932 4846; x_wconf 84' lang='grc' dir='ltr'><strong>τοῦ</strong></span> <span class='ocrx_word' id='word_1_738' title='bbox 2955 4795 3191 4870; x_wconf 29' lang='grc' dir='ltr'>περὶ-τὸν</span> <span class='ocrx_word' id='word_1_739' title='bbox 3221 4797 3457 4866; x_wconf 84' lang='grc' dir='ltr'>Χριστὸν</span> <span class='ocrx_word' id='word_1_740' title='bbox 3482 4799 3723 4869; x_wconf 80' lang='grc' dir='ltr'>Πνεῦμα-</span> 
     </span>
    </p>
   </div>
   <div class='ocr_carea' id='block_1_101' title="bbox 2146 4885 3734 4960">
    <p class='ocr_par' dir='ltr' id='par_1_101' title="bbox 2146 4885 3734 4960">
     <span class='ocr_line' id='line_1_102' title="bbox 2146 4885 3734 4960; baseline 0.003 -20"><span class='ocrx_word' id='word_1_741' title='bbox 2146 4905 2256 4951; x_wconf 86' lang='grc' dir='ltr'>τος.</span> <span class='ocrx_word' id='word_1_742' title='bbox 2283 4885 2676 4957; x_wconf 63' lang='grc' dir='ltr'>Μορφωθεῖσάν</span> <span class='ocrx_word' id='word_1_743' title='bbox 2703 4902 2761 4937; x_wconf 89' lang='grc' dir='ltr'><strong>τε</strong></span> <span class='ocrx_word' id='word_1_744' title='bbox 2783 4886 2968 4956; x_wconf 81' lang='grc' dir='ltr'>αὐτὴν,</span> <span class='ocrx_word' id='word_1_745' title='bbox 2995 4887 3089 4940; x_wconf 74' lang='grc' dir='ltr'><strong>καὶ</strong></span> <span class='ocrx_word' id='word_1_746' title='bbox 3115 4887 3359 4958; x_wconf 78' lang='grc' dir='ltr'>ἔμφρονα</span> <span class='ocrx_word' id='word_1_747' title='bbox 3389 4891 3734 4960; x_wconf 88' lang='grc' dir='ltr'>γενηθεῖσαν,</span> 
     </span>
    </p>
   </div>
   <div class='ocr_carea' id='block_1_102' title="bbox 2144 4973 3716 5050">
    <p class='ocr_par' dir='ltr' id='par_1_102' title="bbox 2144 4973 3716 5050">
     <span class='ocr_line' id='line_1_103' title="bbox 2144 4973 3716 5050; baseline 0.005 -24"><span class='ocrx_word' id='word_1_748' title='bbox 2144 4975 2456 5044; x_wconf 85' lang='grc' dir='ltr'>παραυτίκα</span> <span class='ocrx_word' id='word_1_749' title='bbox 2488 4974 2545 5026; x_wconf 85' lang='grc' dir='ltr'>δὲ</span> <span class='ocrx_word' id='word_1_750' title='bbox 2577 4973 2905 5026; x_wconf 88' lang='grc' dir='ltr'>κενωθεῖσαν</span> <span class='ocrx_word' id='word_1_751' title='bbox 2930 4975 3023 5028; x_wconf 85' lang='grc' dir='ltr'><strong>τοῦ</strong></span> <span class='ocrx_word' id='word_1_752' title='bbox 3050 4976 3344 5045; x_wconf 85' lang='grc' dir='ltr'>ἀοράτου¹⁰</span> <span class='ocrx_word' id='word_1_753' title='bbox 3376 4980 3514 5050; x_wconf 83' lang='grc' dir='ltr'>αὐτῇ</span> <span class='ocrx_word' id='word_1_754' title='bbox 3547 4981 3716 5036; x_wconf 86' lang='grc' dir='ltr'>συνόν·</span> 
     </span>
    </p>
   </div>
   <div class='ocr_carea' id='block_1_103' title="bbox 463 5037 2065 5143">
    <p class='ocr_par' dir='ltr' id='par_1_103' title="bbox 463 5037 2045 5123">
     <span class='ocr_line' id='line_1_104' title="bbox 463 5037 2045 5123; baseline 0.016 -35"><span class='ocrx_word' id='word_1_755' title='bbox 463 5037 648 5105; x_wconf 87' lang='lat' dir='ltr'><strong>tiaque</strong></span> <span class='ocrx_word' id='word_1_756' title='bbox 679 5037 958 5106; x_wconf 89' lang='lat' dir='ltr'><strong>decorata,</strong></span> <span class='ocrx_word' id='word_1_757' title='bbox 1006 5043 1102 5098; x_wconf 80' lang='lat' dir='ltr'><strong>sed</strong></span> <span class='ocrx_word' id='word_1_758' title='bbox 1133 5060 1199 5100; x_wconf 94' lang='lat' dir='ltr'><strong>eo</strong></span> <span class='ocrx_word' id='word_1_759' title='bbox 1247 5049 1500 5119; x_wconf 89' lang='lat' dir='ltr'><strong>subinde,</strong></span> <span class='ocrx_word' id='word_1_760' title='bbox 1549 5056 1693 5123; x_wconf 89' lang='lat' dir='ltr'><strong>quod</strong></span> <span class='ocrx_word' id='word_1_761' title='bbox 1739 5057 1792 5111; x_wconf 94' lang='lat' dir='ltr'><strong>in</strong></span> <span class='ocrx_word' id='word_1_762' title='bbox 1825 5059 1915 5111; x_wconf 83' lang='lat' dir='ltr'><strong>illa</strong></span> <span class='ocrx_word' id='word_1_763' title='bbox 1945 5075 2045 5114; x_wconf 92' lang='lat' dir='ltr'><strong>nec</strong></span> 
     </span>
    </p>
   </div>
   <div class='ocr_carea' id='block_1_104' title="bbox 2166 5037 3733 5143">
    <p class='ocr_par' dir='ltr' id='par_1_104' title="bbox 2166 5065 3733 5143">
     <span class='ocr_line' id='line_1_105' title="bbox 2166 5065 3733 5143; baseline 0.006 -27"><span class='ocrx_word' id='word_1_764' title='bbox 2166 5085 2232 5130; x_wconf 71' lang='grc' dir='ltr'><strong>τος</strong></span> <span class='ocrx_word' id='word_1_765' title='bbox 2260 5067 2455 5134; x_wconf 85' lang='grc' dir='ltr'>Λόγου,</span> <span class='ocrx_word' id='word_1_766' title='bbox 2487 5065 2732 5118; x_wconf 87' lang='grc' dir='ltr'>τουτέστι</span> <span class='ocrx_word' id='word_1_767' title='bbox 2757 5065 2850 5117; x_wconf 86' lang='grc' dir='ltr'><strong>τοῦ</strong></span> <span class='ocrx_word' id='word_1_768' title='bbox 2883 5065 3146 5137; x_wconf 78' lang='grc' dir='ltr'>Χριστοῦ,</span> <span class='ocrx_word' id='word_1_769' title='bbox 3181 5070 3273 5120; x_wconf 74' lang='grc' dir='ltr'><strong>ἐπὶ</strong></span> <span class='ocrx_word' id='word_1_770' title='bbox 3304 5070 3531 5140; x_wconf 79' lang='grc' dir='ltr'>ζήτησιν</span> <span class='ocrx_word' id='word_1_771' title='bbox 3557 5072 3733 5143; x_wconf 67' lang='grc' dir='ltr'>ὁρμῆ-</span> 
     </span>
    </p>
   </div>
   <div class='ocr_carea' id='block_1_105' title="bbox 459 5131 2040 5218">
    <p class='ocr_par' dir='ltr' id='par_1_105' title="bbox 459 5131 2040 5218">
     <span class='ocr_line' id='line_1_106' title="bbox 459 5131 2040 5218; baseline 0.016 -37"><span class='ocrx_word' id='word_1_772' title='bbox 459 5131 800 5198; x_wconf 84' lang='lat' dir='ltr'><strong>aspectabile</strong></span> <span class='ocrx_word' id='word_1_773' title='bbox 833 5134 1028 5202; x_wconf 86' lang='lat' dir='ltr'><strong>inerat,</strong></span> <span class='ocrx_word' id='word_1_774' title='bbox 1054 5136 1256 5206; x_wconf 82' lang='lat' dir='ltr'><strong>Verbo,</strong></span> <span class='ocrx_word' id='word_1_775' title='bbox 1279 5140 1382 5196; x_wconf 90' lang='lat' dir='ltr'><strong>hoc</strong></span> <span class='ocrx_word' id='word_1_776' title='bbox 1410 5153 1495 5199; x_wconf 87' lang='lat' dir='ltr'><strong>est</strong></span> <span class='ocrx_word' id='word_1_777' title='bbox 1514 5144 1756 5211; x_wconf 87' lang='lat' dir='ltr'><strong>Christo,</strong></span> <span class='ocrx_word' id='word_1_778' title='bbox 1788 5151 2040 5218; x_wconf 87' lang='lat' dir='ltr'><strong>spoliata,</strong></span> 
     </span>
    </p>
   </div>
   <div class='ocr_carea' id='block_1_106' title="bbox 2144 5148 3733 5236">
    <p class='ocr_par' dir='ltr' id='par_1_106' title="bbox 2144 5148 3733 5236">
     <span class='ocr_line' id='line_1_107' title="bbox 2144 5148 3733 5236; baseline 0.004 -26"><span class='ocrx_word' id='word_1_779' title='bbox 2144 5177 2232 5210; x_wconf 88' lang='grc' dir='ltr'><strong>σαι</strong></span> <span class='ocrx_word' id='word_1_780' title='bbox 2257 5158 2350 5210; x_wconf 90' lang='grc' dir='ltr'><strong>τοῦ</strong></span> <span class='ocrx_word' id='word_1_781' title='bbox 2382 5156 2775 5221; x_wconf 83' lang='grc' dir='ltr'>καταλιπόντος</span> <span class='ocrx_word' id='word_1_782' title='bbox 2818 5159 2988 5229; x_wconf 78' lang='grc' dir='ltr'>αὐτὴν</span> <span class='ocrx_word' id='word_1_783' title='bbox 3021 5148 3218 5228; x_wconf 69' lang='grc' dir='ltr'>φωτὸς,</span> <span class='ocrx_word' id='word_1_784' title='bbox 3255 5163 3346 5214; x_wconf 76' lang='grc' dir='ltr'><strong>καὶ</strong></span> <span class='ocrx_word' id='word_1_785' title='bbox 3389 5163 3465 5232; x_wconf 85' lang='grc' dir='ltr'>μὴ</span> <span class='ocrx_word' id='word_1_786' title='bbox 3497 5163 3733 5236; x_wconf 74' lang='grc' dir='ltr'>δυνηθῆ-</span> 
     </span>
    </p>
   </div>
   <div class='ocr_carea' id='block_1_107' title="bbox 462 5223 2065 5321">
    <p class='ocr_par' dir='ltr' id='par_1_107' title="bbox 462 5223 2045 5307">
     <span class='ocr_line' id='line_1_108' title="bbox 462 5223 2045 5307; baseline 0.015 -33"><span class='ocrx_word' id='word_1_787' title='bbox 462 5223 527 5275; x_wconf 92' lang='lat' dir='ltr'><strong>ad</strong></span> <span class='ocrx_word' id='word_1_788' title='bbox 569 5223 791 5280; x_wconf 91' lang='lat' dir='ltr'><strong>luminis</strong></span> <span class='ocrx_word' id='word_1_789' title='bbox 825 5227 973 5283; x_wconf 90' lang='lat' dir='ltr'><strong>illius</strong></span> <span class='ocrx_word' id='word_1_790' title='bbox 997 5230 1142 5298; x_wconf 91' lang='lat' dir='ltr'><strong>quod</strong></span> <span class='ocrx_word' id='word_1_791' title='bbox 1166 5242 1464 5288; x_wconf 85' lang='lat' dir='ltr'><strong>evanuerat</strong></span> <span class='ocrx_word' id='word_1_792' title='bbox 1495 5237 1904 5307; x_wconf 90' lang='lat' dir='ltr'><strong>inquisitionem</strong></span> <span class='ocrx_word' id='word_1_793' title='bbox 1926 5259 2045 5297; x_wconf 90' lang='lat' dir='ltr'><strong>om-</strong></span> 
     </span>
    </p>
   </div>
   <div class='ocr_carea' id='block_1_108' title="bbox 2166 5223 3730 5321">
    <p class='ocr_par' dir='ltr' id='par_1_108' title="bbox 2166 5249 3730 5321">
     <span class='ocr_line' id='line_1_109' title="bbox 2166 5249 3730 5321; baseline 0.004 -20"><span class='ocrx_word' id='word_1_794' title='bbox 2166 5267 2229 5301; x_wconf 71' lang='grc' dir='ltr'>ἀι</span> <span class='ocrx_word' id='word_1_795' title='bbox 2284 5249 2610 5302; x_wconf 78' lang='grc' dir='ltr'>καταλαϐεῖν</span> <span class='ocrx_word' id='word_1_796' title='bbox 2660 5249 2815 5311; x_wconf 81' lang='grc' dir='ltr'>αὐτὸ,</span> <span class='ocrx_word' id='word_1_797' title='bbox 2857 5250 2944 5303; x_wconf 80' lang='grc' dir='ltr'><strong>διὰ</strong></span> <span class='ocrx_word' id='word_1_798' title='bbox 2999 5250 3062 5302; x_wconf 86' lang='grc' dir='ltr'>τὸ</span> <span class='ocrx_word' id='word_1_799' title='bbox 3113 5251 3422 5321; x_wconf 79' lang='grc' dir='ltr'>κωλυθῆναι</span> <span class='ocrx_word' id='word_1_800' title='bbox 3475 5255 3581 5306; x_wconf 84' lang='grc' dir='ltr'><strong>ὑπὸ</strong></span> <span class='ocrx_word' id='word_1_801' title='bbox 3638 5255 3730 5309; x_wconf 88' lang='grc' dir='ltr'><strong>τοῦ</strong></span> 
     </span>
    </p>
   </div>
   <div class='ocr_carea' id='block_1_109' title="bbox 467 5315 2041 5401">
    <p class='ocr_par' dir='ltr' id='par_1_109' title="bbox 467 5315 2041 5401">
     <span class='ocr_line' id='line_1_110' title="bbox 467 5315 2041 5401; baseline 0.016 -35"><span class='ocrx_word' id='word_1_802' title='bbox 467 5329 584 5367; x_wconf 84' lang='lat' dir='ltr'><strong>nem</strong></span> <span class='ocrx_word' id='word_1_803' title='bbox 622 5315 886 5386; x_wconf 89' lang='lat' dir='ltr'><strong>impetum</strong></span> <span class='ocrx_word' id='word_1_804' title='bbox 917 5324 1250 5392; x_wconf 90' lang='lat' dir='ltr'><strong>contulisse;</strong></span> <span class='ocrx_word' id='word_1_805' title='bbox 1284 5326 1379 5381; x_wconf 87' lang='lat' dir='ltr'><strong>sed</strong></span> <span class='ocrx_word' id='word_1_806' title='bbox 1411 5330 1481 5384; x_wconf 90' lang='lat' dir='ltr'><strong>ab</strong></span> <span class='ocrx_word' id='word_1_807' title='bbox 1528 5329 1674 5386; x_wconf 85' lang='lat' dir='ltr'><strong>Horo</strong></span> <span class='ocrx_word' id='word_1_808' title='bbox 1714 5334 2041 5401; x_wconf 89' lang='lat' dir='ltr'><strong>prohibitam</strong></span> 
     </span>
    </p>
   </div>
   <div class='ocr_carea' id='block_1_110' title="bbox 470 5405 2029 5497">
    <p class='ocr_par' dir='ltr' id='par_1_110' title="bbox 470 5405 2029 5497">
     <span class='ocr_line' id='line_1_111' title="bbox 470 5405 2029 5497; baseline 0.014 -36"><span class='ocrx_word' id='word_1_809' title='bbox 470 5405 596 5461; x_wconf 79' lang='lat' dir='ltr'><strong>l-ihil</strong></span> <span class='ocrx_word' id='word_1_810' title='bbox 639 5412 901 5480; x_wconf 87' lang='lat' dir='ltr'><strong>consequi</strong></span> <span class='ocrx_word' id='word_1_811' title='bbox 939 5415 1203 5484; x_wconf 90' lang='lat' dir='ltr'><strong>potuisse.</strong></span> <span class='ocrx_word' id='word_1_812' title='bbox 1253 5416 1372 5483; x_wconf 86' lang='lat' dir='ltr'><strong>Quo</strong></span> <span class='ocrx_word' id='word_1_813' title='bbox 1427 5429 1670 5492; x_wconf 88' lang='lat' dir='ltr'><strong>tempore</strong></span> <span class='ocrx_word' id='word_1_814' title='bbox 1711 5426 2029 5497; x_wconf 79' lang='lat' dir='ltr'><strong>contigisse,</strong></span> 
     </span>
    </p>
   </div>
   <div class='ocr_carea' id='block_1_111' title="bbox 536 5611 1541 5689">
    <p class='ocr_par' dir='ltr' id='par_1_111' title="bbox 536 5611 1541 5689">
     <span class='ocr_line' id='line_1_112' title="bbox 536 5611 1541 5689; baseline 0.02 -29"><span class='ocrx_word' id='word_1_815' title='bbox 536 5641 553 5659; x_wconf 60' lang='grc' dir='ltr'><strong>κ</strong></span> <span class='ocrx_word' id='word_1_816' title='bbox 619 5611 808 5689; x_wconf 64' lang='lat' dir='ltr'><strong>Matth,</strong></span> <span class='ocrx_word' id='word_1_817' title='bbox 860 5632 942 5683; x_wconf 89' lang='grc' dir='ltr'>ιιι,</span> <span class='ocrx_word' id='word_1_818' title='bbox 985 5619 1090 5689; x_wconf 73' lang='lat'><strong>12;</strong></span> <span class='ocrx_word' id='word_1_819' title='bbox 1144 5621 1278 5677; x_wconf 89' lang='lat' dir='ltr'><strong>Luc.</strong></span> <span class='ocrx_word' id='word_1_820' title='bbox 1312 5639 1392 5687; x_wconf 85' lang='grc' dir='ltr'>ιιι,</span> <span class='ocrx_word' id='word_1_821' title='bbox 1454 5627 1541 5680; x_wconf 69' lang='grc'><strong>16.</strong></span> 
     </span>
    </p>
   </div>
   <div class='ocr_carea' id='block_1_112' title="bbox 464 5679 1708 5769">
    <p class='ocr_par' dir='ltr' id='par_1_112' title="bbox 464 5679 1708 5769">
     <span class='ocr_line' id='line_1_113' title="bbox 464 5679 1708 5769; baseline 0.018 -40"><span class='ocrx_word' id='word_1_822' title='bbox 464 5681 484 5711; x_wconf 85' lang='grc'>⁶</span> <span class='ocrx_word' id='word_1_823' title='bbox 509 5679 647 5764; x_wconf 79' lang='lat' dir='ltr'><strong>Iren.</strong></span> <span class='ocrx_word' id='word_1_824' title='bbox 681 5679 1016 5757; x_wconf 79' lang='grc' dir='ltr'>κενώματος.</span> <span class='ocrx_word' id='word_1_825' title='bbox 1077 5679 1105 5722; x_wconf 67' lang='grc'><strong>’⁷</strong></span> <span class='ocrx_word' id='word_1_826' title='bbox 1140 5692 1282 5749; x_wconf 87' lang='lat' dir='ltr'><strong>lren.</strong></span> <span class='ocrx_word' id='word_1_827' title='bbox 1333 5679 1425 5748; x_wconf 71' lang='grc' dir='ltr'><strong>τδν</strong></span> <span class='ocrx_word' id='word_1_828' title='bbox 1465 5679 1575 5751; x_wconf 72' lang='grc' dir='ltr'>ἂνω</span> <span class='ocrx_word' id='word_1_829' title='bbox 1603 5696 1708 5769; x_wconf 80' lang='grc' dir='ltr'>Χρ.</span> 
     </span>
    </p>
   </div>
   <div class='ocr_carea' id='block_1_113' title="bbox 457 5759 722 5820">
    <p class='ocr_par' dir='ltr' id='par_1_113' title="bbox 457 5759 722 5820">
     <span class='ocr_line' id='line_1_114' title="bbox 457 5759 722 5820; baseline 0.011 -17"><span class='ocrx_word' id='word_1_830' title='bbox 457 5759 722 5820; x_wconf 45' lang='grc' dir='ltr'><strong>³ἀκράτως.</strong></span> 
     </span>
    </p>
   </div>
   <div class='ocr_carea' id='block_1_114' title="bbox 1645 5627 2078 5694">
    <p class='ocr_par' dir='ltr' id='par_1_114' title="bbox 1645 5627 2078 5694">
     <span class='ocr_line' id='line_1_115' title="bbox 1645 5627 2078 5694; baseline 0.009 -13"><span class='ocrx_word' id='word_1_831' title='bbox 1645 5629 1664 5658; x_wconf 86' lang='grc'><strong>¹¹</strong></span> <span class='ocrx_word' id='word_1_832' title='bbox 1695 5627 1713 5680; x_wconf 91' lang='lat' dir='ltr'><strong>l</strong></span> <span class='ocrx_word' id='word_1_833' title='bbox 1743 5629 1869 5684; x_wconf 89' lang='lat' dir='ltr'><strong>Cor.</strong></span> <span class='ocrx_word' id='word_1_834' title='bbox 1921 5646 1958 5694; x_wconf 91' lang='grc' dir='ltr'><strong>ι,</strong></span> <span class='ocrx_word' id='word_1_835' title='bbox 1988 5631 2078 5686; x_wconf 74' lang='grc'><strong>25.</strong></span> 
     </span>
    </p>
   </div>
   <div class='ocr_carea' id='block_1_115' title="bbox 2143 5341 3726 5418">
    <p class='ocr_par' dir='ltr' id='par_1_115' title="bbox 2143 5341 3726 5418">
     <span class='ocr_line' id='line_1_116' title="bbox 2143 5341 3726 5418; baseline 0.004 -27"><span class='ocrx_word' id='word_1_836' title='bbox 2143 5341 2331 5411; x_wconf 81' lang='grc' dir='ltr'>Ὅρου.</span> <span class='ocrx_word' id='word_1_837' title='bbox 2384 5341 2492 5393; x_wconf 75' lang='grc' dir='ltr'>Καὶ</span> <span class='ocrx_word' id='word_1_838' title='bbox 2528 5341 2762 5393; x_wconf 75' lang='grc' dir='ltr'>ἐνταῦθα</span> <span class='ocrx_word' id='word_1_839' title='bbox 2789 5343 2879 5394; x_wconf 79' lang='grc' dir='ltr'><strong>τὸν</strong></span> <span class='ocrx_word' id='word_1_840' title='bbox 2910 5343 3072 5412; x_wconf 86' lang='grc' dir='ltr'>’Ὀρον</span> <span class='ocrx_word' id='word_1_841' title='bbox 3107 5343 3384 5396; x_wconf 82' lang='grc' dir='ltr'>κωλύοντα</span> <span class='ocrx_word' id='word_1_842' title='bbox 3425 5346 3597 5416; x_wconf 80' lang='grc' dir='ltr'>αὐτὴν</span> <span class='ocrx_word' id='word_1_843' title='bbox 3633 5348 3726 5418; x_wconf 85' lang='grc' dir='ltr'>τῆς</span> 
     </span>
    </p>
   </div>
   <div class='ocr_carea' id='block_1_116' title="bbox 2158 5431 3724 5506">
    <p class='ocr_par' dir='ltr' id='par_1_116' title="bbox 2158 5431 3724 5506">
     <span class='ocr_line' id='line_1_117' title="bbox 2158 5431 3724 5506; baseline 0.005 -22"><span class='ocrx_word' id='word_1_844' title='bbox 2158 5433 2236 5494; x_wconf 81' lang='grc' dir='ltr'><strong>είς</strong></span> <span class='ocrx_word' id='word_1_845' title='bbox 2275 5431 2651 5503; x_wconf 75' lang='grc' dir='ltr'>τοῦμπροσθεν</span> <span class='ocrx_word' id='word_1_846' title='bbox 2693 5435 2867 5506; x_wconf 81' lang='grc' dir='ltr'>ὁρμῆς</span> <span class='ocrx_word' id='word_1_847' title='bbox 2915 5437 3089 5487; x_wconf 81' lang='grc' dir='ltr'>εἰπεῖν</span> <span class='ocrx_word' id='word_1_848' title='bbox 3135 5435 3293 5487; x_wconf 84' lang='grc' dir='ltr'><strong>Ἰαώ·</strong></span> <span class='ocrx_word' id='word_1_849' title='bbox 3337 5437 3458 5490; x_wconf 87' lang='grc' dir='ltr'>ὃθεν</span> <span class='ocrx_word' id='word_1_850' title='bbox 3505 5438 3567 5490; x_wconf 85' lang='grc' dir='ltr'><strong>τὸ</strong></span> <span class='ocrx_word' id='word_1_851' title='bbox 3606 5437 3724 5492; x_wconf 79' lang='grc' dir='ltr'>Ἰαώ</span> 
     </span>
    </p>
   </div>
   <div class='ocr_carea' id='block_1_117' title="bbox 2707 5635 3100 5690">
    <p class='ocr_par' dir='ltr' id='par_1_117' title="bbox 2707 5635 3100 5690">
     <span class='ocr_line' id='line_1_118' title="bbox 2707 5635 3100 5690; baseline 0.013 -5"><span class='ocrx_word' id='word_1_852' title='bbox 2707 5635 2730 5666; x_wconf 63' lang='grc' dir='ltr'><strong>ι</strong></span> <span class='ocrx_word' id='word_1_853' title='bbox 2787 5635 2801 5686; x_wconf 94' lang='grc' dir='ltr'><strong>Ι</strong></span> <span class='ocrx_word' id='word_1_854' title='bbox 2810 5651 2850 5688; x_wconf 94' lang='lat' dir='ltr'><strong>r.</strong></span> <span class='ocrx_word' id='word_1_855' title='bbox 2911 5638 3100 5690; x_wconf 79' lang='grc' dir='ltr'>ἐκεῖνο.</span> 
     </span>
    </p>
   </div>
   <div class='ocr_carea' id='block_1_118' title="bbox 2188 5633 3720 5712">
    <p class='ocr_par' dir='ltr' id='par_1_118' title="bbox 2188 5633 3720 5712">
     <span class='ocr_line' id='line_1_119' title="bbox 2188 5633 3720 5712; baseline 0.005 -24"><span class='ocrx_word' id='word_1_856' title='bbox 2188 5633 2207 5664; x_wconf 85' lang='grc'>³</span> <span class='ocrx_word' id='word_1_857' title='bbox 2233 5634 2350 5688; x_wconf 86' lang='lat' dir='ltr'><strong>Gal.</strong></span> <span class='ocrx_word' id='word_1_858' title='bbox 2401 5651 2478 5702; x_wconf 75' lang='lat' dir='ltr'><strong>Vl,</strong></span> <span class='ocrx_word' id='word_1_859' title='bbox 2522 5636 2620 5712; x_wconf 42' lang='lat' dir='ltr'><strong>ML</strong></span> <span class='ocrx_word' id='word_1_860' title='bbox 2707 5635 2749 5712; x_wconf 68' lang='lat'><strong>‘_</strong></span> <span class='ocrx_word' id='word_1_861' title='bbox 2787 5635 2850 5712; x_wconf 73' lang='lat' dir='ltr'><strong>l_r.</strong></span> <span class='ocrx_word' id='word_1_862' title='bbox 2886 5638 3127 5712; x_wconf 33' lang='grc' dir='ltr'>,ἐκεῖνοι</span> <span class='ocrx_word' id='word_1_863' title='bbox 3171 5640 3236 5712; x_wconf 77' lang='lat'>__&quot;’</span> <span class='ocrx_word' id='word_1_864' title='bbox 3270 5639 3328 5692; x_wconf 87' lang='lat' dir='ltr'><strong>F.</strong></span> <span class='ocrx_word' id='word_1_865' title='bbox 3367 5639 3720 5712; x_wconf 58' lang='grc' dir='ltr'>ἐφαρμόζειν.</span> 
     </span>
    </p>
   </div>
   <div class='ocr_carea' id='block_1_119' title="bbox 1789 5699 3720 5780">
    <p class='ocr_par' dir='ltr' id='par_1_119' title="bbox 1789 5699 3720 5780">
     <span class='ocr_line' id='line_1_120' title="bbox 1789 5699 3720 5780; baseline 0.008 -27"><span class='ocrx_word' id='word_1_866' title='bbox 1789 5699 1907 5755; x_wconf 84' lang='grc' dir='ltr'><strong>⁸Ιι·.</strong></span> <span class='ocrx_word' id='word_1_867' title='bbox 1973 5702 2227 5760; x_wconf 85' lang='grc' dir='ltr'>καταλιπ.</span> <span class='ocrx_word' id='word_1_868' title='bbox 2270 5699 2473 5777; x_wconf 52' lang='grc' dir='ltr'>αὑτήν(</span> <span class='ocrx_word' id='word_1_869' title='bbox 2535 5705 2640 5761; x_wconf 75' lang='lat' dir='ltr'><strong>’F.</strong></span> <span class='ocrx_word' id='word_1_870' title='bbox 2693 5706 2825 5777; x_wconf 79' lang='grc' dir='ltr'>αὐτῇ</span> <span class='ocrx_word' id='word_1_871' title='bbox 2877 5705 2983 5761; x_wconf 85' lang='grc' dir='ltr'>ὑπὸ</span> <span class='ocrx_word' id='word_1_872' title='bbox 3035 5707 3128 5762; x_wconf 89' lang='grc' dir='ltr'><strong>τοῦ</strong></span> <span class='ocrx_word' id='word_1_873' title='bbox 3168 5699 3428 5780; x_wconf 61' lang='grc' dir='ltr'>Χριστοῦί</span> <span class='ocrx_word' id='word_1_874' title='bbox 3475 5699 3720 5773; x_wconf 66' lang='grc' dir='ltr'>’ἴοιιθιιο</span> 
     </span>
    </p>
   </div>
  </div>
