4134 6388
369 355 472 407 505

1051 349 1423 408 ADVERSUS
1461 347 1810 405 II/ERESISS
1847 347 1976 404 LIB.
2018 348 2061 404 Ι.
2105 347 2275 406 ΤΟΜ.
2315 348 2384 408 II.
2427 382 2493 392 —
2530 349 2808 406 IIAERES.
2848 350 3032 406 XXXI.

3537 355 3642 412 506

368 471 538 538 ὄνομα
573 467 684 539 (79)
724 468 1049 541 γεγενῆσθαι
1085 471 1374 539 φάσκουσι.
1411 469 1504 539 Μὴ
1551 467 1869 540 δυνηθεῖσαν
1894 467 1942 520 δὲ

2055 476 2114 523 ιιι
2142 484 2267 523 cum
2296 469 2464 536 illam,
2498 485 2566 524 ne
2599 469 2738 523 ultra
2759 467 3136 534 contenderet,
3172 465 3354 523 llorus
3383 483 3643 526 coercere

367 559 633 614 διοδεύσαι
656 559 745 612 τὸν
775 562 958 630 Ὅρον,
992 562 1079 616 διά
1111 563 1170 615 τὸ
1209 561 1623 633 συμπεπλέχθαι
1654 561 1731 632 τῷ
1766 560 1947 625 πάθει,

371 667 462 705 και
511 652 677 722 μόνην
709 652 1128 722 ἀπολειφθεῖσαν
1174 654 1278 719 ἔξω
1322 654 1485 707 παντὶ
1526 655 1680 725 μέρει
1724 652 1818 706 τοῦ
1855 653 1953 706 πά-

368 739 512 804 θους,
545 743 838 798 ὑποπεσεῖν
868 743 1212 813 πολυμεροῦς
1242 747 1334 796 καὶ
1361 743 1742 796 πολυποικίλου
1775 743 1950 813 ύπάρ-·

367 852 569 904 χοντος,
599 839 692 887 καὶ
715 835 907 889 παθεῖν
932 835 1107 906 λύπην
1133 837 1252 907 μὲν,
1277 837 1359 888 ὅτι
1385 837 1444 888 ού
1469 835 1760 889 κατέλαϐε·
1789 836 1950 905 φόϐον

366 929 441 993 δὲ,
476 931 548 1001 μὴ
577 930 828 1002 καθάπερ
854 931 1023 1002 αὐτὴν
1056 931 1116 983 τὸ
1145 932 1278 1002 φῶς,
1314 931 1454 984 οὕτω
1487 933 1580 984 καὶ
1608 931 1668 984 τὸ
1701 930 1799 1002 ζῇν
1830 933 1949 984 ὲπι-

366 1020 515 1091 λίπῃ,
545 1021 778 1092 ἀπορίαν
792 1040 849 1074 τε
874 1024 964 1076 ἐπὶ
997 1023 1228 1086 τούτοις,
1281 1025 1338 1076 ἐν
1365 1024 1557 1095 ἀγνοίᾳ
1581 1024 1637 1076 δὲ
1662 1023 1730 1076 τὰ
1747 1023 1945 1088 πάντα,

366 1112 460 1162 καὶ
481 1112 541 1163 ού
573 1111 824 1184 καθάπερ
847 1114 862 1144 ¹
889 1115 921 1185 ή
957 1115 1140 1187 μήτηρ
1163 1115 1333 1185 αὐτῆς
1363 1117 1396 1186 ὴ
1436 1115 1625 1186 πρώτη
1657 1116 1823 1184 Σοφία
1855 1114 1948 1168 καὶ

363 1200 524 1266 Αἰὼν,
562 1203 871 1274 ἐτεροίωσιν
900 1206 957 1257 ὲν
996 1208 1108 1269 τοῖς
1143 1206 1370 1260 πάθεσιν
1418 1203 1580 1277 εἶχεν,
1615 1205 1750 1259 ἀλλά
1795 1208 1948 1258 ἐναν-

361 1293 603 1363 τιότητα.
623 1295 1154 1368 Ἑπισυμϐεϐηκέναι
1171 1299 1215 1350 δ’
1235 1299 1370 1370 αὐτῇ
1395 1300 1485 1352 καὶ
1505 1299 1696 1369 ἑτέραν
1708 1297 1946 1351 διάθεσιν

361 1381 460 1451 τὴν
495 1385 593 1454 τῆς
633 1385 967 1457 ἐπιστροφῆς
996 1388 1089 1440 ἐπὶ
1129 1389 1219 1442 τὸν
1259 1389 1672 1460 ζωοποιήσαντα
1697 1391 1715 1420 ⁸
1744 1389 1945 1459 ταύτην

363 1473 621 1527 σύστασιν
661 1477 752 1528 καὶ
782 1477 971 1531 οὐσίαν
1009 1481 1106 1550 τῆς
1137 1479 1268 1550 ὕλης
1311 1481 1639 1551 γεγενῆσθαι
1673 1480 1940 1549 λέγουσιν,

360 1563 420 1627 ἐξ
463 1559 530 1636 ἦς
557 1565 642 1618 ὅδε
687 1569 716 1620 ὁ
762 1568 966 1639 κόσμος
1006 1571 1360 1642 συνέστηκεν.
1409 1574 1502 1626 Ἐκ
1560 1573 1658 1643 μὲν
1688 1573 1796 1644 γὰρ
1843 1572 1943 1641 τῆς

359 1657 690 1729 ἐπιστροφῆς
719 1661 817 1731 τὴν
849 1661 943 1714 τοῦ
977 1664 1184 1733 κόσμου
1218 1664 1312 1716 καὶ
1337 1663 1430 1716 τοῦ
1465 1663 1808 1735 Δημιοσργοῦ
1842 1666 1942 1717 πᾶ-

359 1766 458 1803 σαν
489 1752 508 1781 ³
538 1753 712 1824 ψυχὴν
741 1753 838 1825 τὴν
872 1755 1085 1823 γένεσιν
1115 1757 1415 1828 εἰληφέναι,
1449 1758 1512 1809 ὲκ
1553 1757 1610 1809 δὲ
1644 1757 1737 1810 τοῦ
1775 1759 1940 1826 φόϐου

2055 563 2239 625 vellet,
2283 562 2378 615 lao
2411 564 2735 617 vocabulum
2772 564 3074 634 proferret;
3108 577 3171 615 ex
3205 577 3312 630 quo
3341 561 3494 615 vocis
3525 559 3641 615 ori-

2054 654 2235 724 ginem
2278 653 2598 722 profectam.
2649 654 2784 708 Cum
2838 655 3005 724 igitur
3049 668 3401 722 perrumpere
3433 651 3640 708 Ilorum

2055 747 2368 815 nequisset,
2402 747 2523 800 ideo
2570 747 2716 816 quod
2754 747 3162 816 perturbatione
3193 746 3467 814 implicata
3503 746 3642 799 deti-

2053 846 2296 902 neretur,
2339 839 2496 908 183
2527 854 2590 893 ac
2644 840 2761 895 sola
2793 846 2947 893 extra
2996 839 3372 902 remansisset,
3422 847 3640 906 pertur-

2053 929 2295 984 bationis
2325 930 2492 998 hujus
2531 946 2652 1000 qum
2682 930 2967 1001 multiplex
3003 938 3123 984 erat
3156 944 3220 982 ac
3255 928 3427 993 varia,
3465 928 3638 996 parti-

2052 1024 2156 1079 bus
2226 1024 2486 1079 omnibus
2553 1025 2951 1090 succubuisse;
3025 1022 3384 1090 aIIectamque
3450 1020 3639 1076 dolore

2051 1116 2312 1187 primum,
2348 1115 2497 1184 quod
2535 1117 2670 1170 nihil
2703 1124 2957 1172 assecuta
2995 1118 3096 1182 sit;
3129 1123 3243 1168 tum
3276 1123 3442 1178 metu,
3472 1129 3540 1166 ne
3578 1121 3639 1166 ut

2051 1211 2225 1277 ipsam
2281 1209 2486 1272 lumen,
2535 1208 2606 1262 ita
2650 1210 2758 1262 vita
2816 1207 3118 1264 deﬁceret:
3163 1207 3362 1261 deinde
3418 1207 3634 1261 consilii

2049 1300 2254 1369 inopia,
2305 1316 2368 1353 ac
2419 1303 2636 1354 demum
2669 1301 2991 1370 ignorantiae
3028 1299 3246 1370 penitus
3298 1301 3631 1356 immersam.

2047 1391 2238 1461 Neque
2269 1392 2438 1456 enim,
2472 1402 2530 1446 ut
2569 1393 2690 1462 ejus
2741 1391 2913 1446 Mater
2953 1394 3128 1462 prima
3176 1393 3265 1444 illa
3299 1407 3366 1446 ex
3393 1391 3633 1446 Aionum

2047 1487 2282 1556 collegio
2315 1483 2617 1556 Sapientia,
2651 1487 2985 1540 alternorum
3021 1487 3288 1540 duntaxat
3315 1485 3635 1540 diversitate

2045 1586 2324 1642 motuum,
2389 1580 2484 1633 sed
2547 1579 2952 1632 contrariorum
3031 1576 3262 1632 dissidio
3328 1578 3610 1632 laborasse

2045 1670 2187 1736 Quin
2219 1679 2273 1725 et
2297 1687 2490 1725 novam
2517 1671 2740 1740 insuper
2757 1672 2930 1724 eidem
2951 1668 3288 1723 aﬂ‘ectionem
3313 1668 3630 1738 contigisse,

2045 1762 2425 1816 conversionis
2465 1762 2529 1814 ad
2565 1777 2690 1814 eum
2721 1761 2931 1814 scilicet
2975 1761 3063 1829 qui
3102 1760 3205 1813 sibi
3239 1760 3402 1812 vitam
3434 1761 3632 1828 imper-

356 1844 572 1914 καὶτῆς
601 1845 774 1917 λύπης
802 1848 868 1899 τά
915 1848 1076 1900 λοιπὰ
1112 1851 1210 1920 τὴν
1252 1849 1424 1921 ἀρχὴν
1453 1851 1760 1920 ἐσχηκέναι.
1810 1851 1939 1904 Ἀπὸ

2049 1855 2227 1907 tierat.
2289 1851 2440 1906 Ilanc
2479 1867 2607 1906 vero
2652 1854 2892 1906 materia:
2930 1852 3126 1906 molem
3168 1867 3231 1904 ac
3268 1851 3630 1904 substantiam

353 1937 464 2006 γάρ
503 1936 610 1988 τῶν
658 1938 909 2010 δακρύων
944 1940 1113 2009 αύτῆς
1145 1942 1426 2009 γεγονέναι
1481 1945 1660 1996 πᾶσαν
1713 1941 1938 2013 ἕνυγρον

353 2027 542 2080 οὐσίαν
563 2045 574 2056 ·
626 2029 734 2082 ἀπὸ
773 2031 828 2082 δὲ
860 2031 953 2084 τοῦ
988 2032 1222 2100 γέλωτος
1263 2033 1362 2103 τὴν
1394 2036 1662 2104 φωτεινήν
1683 2047 1696 2061 ·
1729 2034 1835 2086 ἀπὸ
1881 2035 1938 2087 δὲ

352 2117 452 2186 τῆς
485 2117 661 2186 λύπης
694 2120 911 2189 καὶτῆς
949 2123 1262 2192 ἐκπλήξεως
1291 2123 1360 2176 τά
1395 2125 1680 2194 σωματικά
1708 2123 1802 2176 τοῦ
1848 2126 1936 2177 κό⁴

355 2229 491 2281 σμου
520 2217 774 2284 στοιχεῖα.
810 2216 946 2268 Ποτὲ
976 2216 1074 2286 μὲν
1098 2216 1206 2286 γὰρ
1236 2217 1419 2270 ἔκλαιε
1450 2219 1542 2270 καὶ
1567 2217 1836 2281 ἐλυπεῖτο,
1863 2217 1940 2281 ὡς

350 2300 588 2370 λέγουσι,
615 2304 704 2357 διὰ
728 2305 787 2358 τὸ
812 2305 1234 2373 καταλελεῖφθαι
1259 2305 1427 2376 μόνην
1453 2307 1510 2358 ἐν
1535 2305 1611 2374 τῷ
1644 2305 1820 2358 σκότει
1847 2307 1941 2358 καὶ

350 2393 427 2464 τῷ
462 2395 738 2466 κενώματι
763 2413 777 2427 ·
817 2397 946 2450 ποτὲ
975 2397 1030 2449 δὲ
1061 2399 1142 2460 εἰς
1176 2397 1382 2451 ἔννοιαν
1414 2399 1621 2468 ἥκουσα
1643 2398 1736 2451 τοῦ
1767 2416 1940 2452 κατα-

352 2486 596 2549 λιπόντος
642 2489 812 2558 αύτὴν
863 2489 1060 2556 φωτὸς,
1095 2489 1322 2558 διεχεῖτο
1362 2489 1455 2540 καὶ
1493 2490 1694 2558 ἐγέλα·
1734 2491 1864 2543 ποτὲ
1891 2489 1938 2542 δ’

350 2574 414 2630 αὖ
457 2580 618 2634 πάλιν
643 2582 915 2648 ἐφοϐεῖτο·
947 2581 1135 2634 ἄλλοτε
1157 2582 1212 2634 δὲ
1242 2582 1511 2652 διηπόρει,
1543 2582 1637 2635 καὶ
1666 2580 1934 2646 ἐξίστατο.

2045 1961 2188 2008 esse,
2215 1961 2282 1998 ex
2312 1960 2419 2013 qua
2467 1944 2705 2000 mundus
2741 1945 2846 1999 iste
2895 1945 3120 1999 coaluit.
3159 1942 3368 1996 Etenim
3404 1958 3467 1996 ex
3515 1943 3632 2012 ipsa

2046 2035 2431 2097 conversione,
2483 2035 2668 2087 mundi
2709 2043 2761 2088 et
2795 2035 3129 2098 Conditoris,
3174 2035 3418 2103 adeoque
3467 2033 3631 2086 aliam

2045 2139 2262 2179 onmem
2311 2126 2548 2178 animam
2579 2141 2702 2180 esse
2741 2127 3010 2195 genitam;
3046 2134 3241 2179 caetera
3276 2142 3336 2177 ex
3389 2132 3536 2177 metu
3567 2140 3630 2176 ac

2045 2217 2233 2270 dolore
2263 2217 2478 2270 initium
2511 2218 2808 2287 accepisse.
2835 2216 2971 2270 Nam
3000 2234 3029 2272 e
3059 2218 3312 2288 lacrymis
3346 2217 3628 2270 humidum

2039 2323 2220 2372 onme,
2241 2323 2271 2362 e
2302 2309 2416 2362 risu
2448 2309 2760 2374 lucitlum,e
2786 2310 2975 2364 dolore
3010 2325 3075 2363 ac
3106 2318 3333 2378 stupore
3361 2321 3628 2378 corporea

2039 2401 2230 2457 mundi
2281 2402 2550 2456 elementa
2598 2418 2875 2459 manasse.
2913 2403 3198 2457 Accidissc
3251 2401 3532 2467 nimirum,
3571 2407 3631 2453 ut

2038 2493 2454 2561 collacrymaret
2486 2491 2761 2546 interdum
2819 2508 2882 2546 ac
2913 2493 3146 2556 doleret,
3177 2490 3324 2561 quod
3361 2507 3420 2547 se
3457 2491 3630 2544 solam

2040 2585 2095 2638 in
2141 2584 2381 2638 tenebris
2416 2591 2468 2637 et
2523 2584 2788 2638 inanitate
2836 2585 3085 2639 relictam
3139 2583 3622 2637 animadverteret.

349 2668 748 2742 Nonnunquam
772 2689 901 2727 vero
931 2689 1058 2728 mox
1092 2681 1152 2728 ut
1183 2675 1329 2730 illius
1387 2677 1630 2741 luminis,
1663 2679 1810 2747 quod
1845 2693 1968 2733 sese
2003 2679 2325 2748 reliquerat,
2363 2680 2574 2733 veniret
2614 2681 2668 2734 in
2711 2680 3056 2744 memeriam,
3109 2680 3220 2732 risu
3258 2694 3316 2732 se
3361 2692 3424 2731 ac
3476 2676 3632 2729 volu-

348 2771 496 2834 ptate
543 2764 890 2834 perfudisse;
940 2765 1326 2838 interdumque
1368 2784 1564 2824 rursus
1613 2767 1682 2822 ad
1726 2777 1930 2824 metum
1975 2770 2226 2830 rediisse,
2284 2771 2420 2826 alias
2457 2773 2697 2835 anxiam,
2750 2770 3079 2839 consiliique
3128 2769 3346 2838 inepem
3381 2776 3434 2823 et
3484 2773 3628 2821 atto-

349 2861 517 2911 nitam
551 2858 740 2913 fuisse.

421 2948 520 3006 lZ'.
558 2953 665 3004 Καὶ
697 2951 750 3004 τί
799 2953 940 3023 γάρ;
977 2954 1270 3026 Τραγῳδία
1319 2954 1486 3026 πολλὴ
1521 2955 1706 3009 λοιπὸν
1750 2951 1818 3027 ἦν
1853 2958 1937 3009 ὲν-

348 3042 494 3100 θάδε.
533 3045 626 3096 καὶ
660 3045 931 3112 φαντασία
964 3045 1080 3110 ἐνὸς
1130 3048 1360 3100 ἑκάστου
1407 3047 1610 3112 αὐτῶν,
1639 3049 1813 3112 ἄλλως
1843 3048 1938 3101 καὶ

348 3132 524 3195 ἄλλως
566 3132 812 3204 σοϐαρῶς
863 3133 1287 3206 ἐκδιηγουμένου
1334 3135 1396 3187 ἐκ
1428 3135 1672 3189 ποταποῦ
1707 3135 1934 3197 πάθους,

348 3225 413 3276 ἐκ
449 3194 606 3276 ποίου
650 3194 912 3295 στοιχείου
955 3194 1183 3297 ηὀύσία
1216 3227 1315 3294 τὴν
1354 3227 1568 3292 γένεσιν
1621 3223 1862 3295 εἴληφεν,
1968 3194 2015 3257 c

348 3317 444 3370 καὶ
486 3316 713 3380 εἰκότως
757 3317 973 3370 δοκοῦσί
1005 3335 1095 3388 μοι
1139 3316 1212 3388 μὴ
1242 3316 1487 3378 ἅπαντας
1515 3315 1689 3368 θέλειν
1730 3316 1788 3367 ἐν
1833 3331 1938 3383 φα-

346 3408 487 3478 νερῷ
516 3408 809 3471 διδάσκειν,
842 3409 958 3462 ἀλλ’
992 3409 1024 3480 ἢ
1061 3410 1256 3478 μόνους
1291 3408 1535 3470 ἐκείνους
1564 3407 1691 3469 τοὺς
1723 3405 1816 3459 καὶ
1843 3423 1939 3476 με-

343 3499 545 3568 γάλους
578 3499 804 3568 μισθοὺς
847 3501 988 3571 ὑπὲρ
1031 3500 1367 3570 τηλικούτων
1418 3498 1734 3569 μυστηρίων
1766 3496 1938 3550 τελεῖν

343 3590 698 3661 δυναμένους.
732 3593 928 3645 Οὐκέτι
958 3593 1067 3664 γὰρ
1113 3593 1286 3646 ταῦτα
1328 3593 1489 3662 ὅμοια
1532 3591 1782 3653 ἐκείνοις,
1813 3590 1941 3659 περὶ

343 3676 419 3734 ὦν
441 3683 468 3734 ὁ
496 3684 698 3755 Κύριος
730 3685 886 3760 ημῶν
917 3685 1106 3755 εἴρηκε
1124 3702 1137 3714 ·
1163 3684 1395 3752 Δωρεὰν
1421 3682 1685 3746 ἐλάϐετε,
1715 3682 1941 3748 δωρεὰν

343 3775 512 3828 δότε·
548 3775 680 3828 ἀλλὰ
705 3777 1190 3846 ἀνακεχωρηκότα,
1215 3778 1308 3828 καί
1331 3772 1606 3845 τερατώδη
1645 3775 1740 3826 καὶ
1772 3772 1941 3843 βαθέα

350 3869 626 3940 μυστήρια
679 3868 817 3937 μετὰ
856 3868 1050 3920 πολλοῦ
1106 3869 1353 3938 καμάτου
1396 3867 1785 3936 περιγινόμενα
1830 3867 1942 3927 τοῖς

346 3959 714 4029 φιλοψευδέσι.
747 3960 843 4024 Τίς
872 3960 978 4032 γὰρ
1010 3961 1110 4014 ούκ
1144 3960 1210 4013 ἂν
1236 3960 1631 4030 ἐκδαπανήσειε
1667 3958 1845 4012 πάντα
1873 3957 1944 4010 τά

346 4051 657 4120 ὑπάρχοντα
705 4051 892 4114 αὐτού,
929 4052 1018 4105 ἴνα
1067 4051 1234 4123 μάθῃ,
1273 4054 1354 4105 ὅτι
1397 4052 1506 4104 ἀπὸ
1536 4050 1644 4103 τῶν
1689 4047 1942 4122 δακρύων

343 4142 441 4211 τῆς
480 4142 859 4212 Ἑνθυμὴσεως
884 4141 979 4195 τοῦ
1025 4142 1356 4205 πεπονθότος
1388 4140 1614 4204 Αίῶνος,
1641 4140 1940 4208 θάλασσαι,

345 4234 440 4285 καὶ
470 4234 664 4302 πηγαὶ,
701 4235 794 4285 καὶ
827 4235 1081 4304 ποταμοὶ,
1112 4233 1206 4287 καὶ
1234 4235 1384 4286 πᾶσα
1411 4232 1630 4304 ἔνυδρος
1663 4232 1822 4284 ούσία
1843 4231 1942 4302 τὴν

346 4325 558 4390 γένεσιν
610 4325 855 4396 εἴληφεν,
897 4328 962 4378 ἐκ
995 4325 1050 4378 δὲ
1099 4325 1192 4378 τοῦ
1226 4325 1461 4394 γέλωτος
1504 4325 1676 4395 αύτῆς
1713 4324 1773 4376 τὸ
1804 4323 1939 4392 φῶς,

348 4415 442 4467 καὶ
472 4417 534 4467 ἐκ
578 4415 679 4484 τῆς
713 4415 1026 4486 ἐκπλήξεως
1053 4415 1146 4468 καὶ
1177 4417 1274 4484 τῆς
1306 4414 1617 4484 ἀμηχανίας
1646 4413 1714 4465 τὰ
1758 4429 1941 4482 σωμα-

343 4506 472 4559 τικά
492 4506 583 4558 τοῦ
613 4506 817 4576 κόσμου
852 4510 1122 4576 στοιχεῖα;
1148 4507 1417 4576 Βούλομαι
1440 4506 1494 4558 δὲ
1515 4506 1608 4558 καὶ
1631 4505 1791 4567 αὐτὸς
1819 4521 1944 4556 συν-

345 4602 676 4667 εισενεγκεῖν
721 4616 774 4650 τι
808 4601 875 4670 τῇ
940 4599 1290 4669 καρποφορίᾳ
1322 4597 1520 4650 αὐτῶν.
1565 4594 1783 4665 Ἐπειδὴ
1830 4594 1939 4666 γάρ

342 4690 455 4761 ὁρῶ
480 4691 547 4744 τά
582 4691 681 4761 μὲν
716 4691 921 4760 γλυκέα
953 4692 1122 4745 ύδατα
1151 4691 1300 4756 ὅντα,
1334 4684 1446 4743 οἷον
1484 4689 1684 4760 πηγάς,
1717 4688 1811 4741 καὶ
1841 4704 1938 4740 πο-

345 4785 569 4852 ταμοὺς,
603 4782 698 4836 καὶ
727 4783 984 4853 ὄμϐρους,
1014 4784 1198 4847 καὶτὰ
1231 4781 1478 4845 τοιαῦτα,
1511 4781 1580 4834 τά
1614 4781 1671 4833 δὲ
1701 4781 1792 4832 ἐπὶ
1817 4781 1939 4842 ταῖς

346 4877 645 4941 θαλάσσαις
693 4879 940 4951 ἁλμυρά·
972 4878 1172 4931 ἐπινοῶ
1227 4878 1300 4950 μὴ
1344 4879 1520 4932 πάντα
1550 4877 1657 4931 ἀπὸ
1696 4875 1804 4928 τῶν
1845 4874 1938 4927 δα-

343 4968 528 5040 κρύων
561 4970 732 5040 αὐτῆς
763 4971 1190 5041 προϐεϐλῆσθαι,
1226 4970 1359 5022 διότι
1394 4970 1456 5023 τὸ
1487 4969 1722 5040 δάκρυον
1761 4967 1939 5036 άλμυ-

347 5063 437 5134 ρὸν
457 5065 524 5134 τῇ
550 5063 794 5134 ποιότητι
821 5064 1075 5135 ὑπάρχει.
1103 5064 1340 5134 Φανερὸν
1369 5060 1482 5127 οὖν,
1507 5064 1589 5116 δτι
1616 5062 1686 5115 τὰ
1715 5058 1936 5132 ἁλμυρά

343 5155 510 5209 ὕδατα
532 5155 707 5209 ταῦτά
741 5158 859 5209 ἐστι
884 5158 951 5210 τὰ
985 5158 1093 5211 ἀπὸ
1114 5157 1223 5211 τῶν
1254 5158 1525 5229 δακρύων.
1568 5157 1730 5220 Εἰκὸς
1754 5155 1810 5208 δὲ
1837 5155 1936 5208 αύ-

339 5249 438 5319 τὴν
471 5251 529 5302 ὲν
576 5249 788 5321 ἀγωνία
829 5251 996 5322 πολλῇ
1031 5253 1122 5304 καὶ
1171 5253 1456 5323 ἀμηχανίᾳ
1505 5252 1793 5320 γεγονυῖαν
1842 5249 1938 5301 καὶ

341 5340 652 5411 ῖδρωκέναι.
703 5343 987 5398 Ἐντεῦθεν
1027 5345 1092 5417 δὴ
1132 5343 1274 5399 κατὰ
1313 5344 1413 5412 τὴν
1459 5342 1718 5396 ὑπόθεσιν
1759 5341 1939 5393 αὐτῶν

420 5497 533 5620 ‘8Ir.
566 5501 835 5570 ἀγνοοῦσα
861 5503 916 5556 δὲ
954 5502 1024 5556 τὰ
1050 5501 1251 5569 πάντα,
1281 5503 1343 5556 ού
1369 5500 1490 5556 καθ.

342 5583 400 5633 x,
431 5583 484 5622 δ.

1573 5502 1593 5532 ¹
1620 5499 1750 5555 Post
1784 5498 2175 5570 ζωοποήσαντα
2222 5494 2686 5566 distinguendum.

2116 2948 2280 3004 XVII.
2319 2949 2461 3016 Quid
2496 2957 2610 3003 tum
2655 2948 2818 3002 inde?
2843 2946 3108 3001 Maximas
3137 2945 3394 3015 deinceps
3422 2947 3496 3001 illi
3529 2955 3636 3001 tra-

2046 3042 2254 3114 gtL-dias
2296 3041 2534 3106 faciunt;
2569 3055 2633 3095 ac
2672 3055 2773 3112 pro
2827 3055 2930 3095 suo
2963 3039 3197 3109 quisque
3245 3038 3422 3107 capite
3474 3039 3633 3093 aliter

2045 3147 2210 3210 atque
2242 3137 2398 3192 aliter
2425 3149 2640 3190 summa
2675 3149 2799 3188 cum
2830 3132 3143 3203 arrogantia
3176 3131 3419 3199 disputat
3451 3150 3464 3185 :
3497 3147 3636 3200 qua-

2044 3241 2170 3280 nam
2205 3241 2269 3280 ex
2302 3222 2730 3294 perturbatione,
2765 3231 2857 3275 aut
2881 3236 2947 3275 ex
2977 3235 3212 3289 quonam
3242 3220 3512 3274 elemento
3542 3235 3634 3274 na-

2043 3326 2168 3371 tura
2201 3315 2542 3386 proiluxerit.
2577 3313 2822 3379 Quorum
2848 3313 2982 3366 mihi
3012 3312 3207 3365 merito
3232 3311 3488 3366 videnlur
3519 3329 3629 3367 non

2042 3411 2219 3480 palam
2251 3409 2509 3462 onmibus
2538 3406 2884 3475 disciplinam
2938 3405 3076 3458 velle
3115 3404 3459 3458 committere
3491 3423 3504 3457 ε
3538 3405 3633 3460 sed

2044 3501 2112 3555 iis
2165 3501 2364 3562 solum,
2417 3499 2510 3568 qui
2569 3498 2901 3551 luculentam
2958 3499 3264 3549 mercedum
3314 3511 3414 3566 pro
3464 3498 3635 3552 tantis

2044 3591 2324 3662 mysteriis
2384 3598 2776 3658 reprazsentare
2813 3586 3044 3656 possint.
3100 3584 3287 3654 Neque
3335 3586 3483 3640 enim
3531 3587 3634 3640 ista

2043 3699 2233 3738 eorum
2271 3681 2472 3736 similia
2515 3689 2666 3745 sunt,
2719 3680 2786 3734 de
2843 3680 3044 3747 quibus
3083 3693 3111 3730 a
3157 3677 3386 3733 Domino
3425 3679 3633 3732 dictum

2045 3784 2174 3831 est:
2219 3772 2400 3827 Gratis
2443 3757 2746 3840 accepi-stis,
2797 3777 2965 3842 gratis
3013 3772 3214 3826 date‘:
3248 3772 3341 3825 sed
3376 3772 3446 3825 ab
3485 3772 3634 3829 omni

2045 3878 2256 3920 remota
2291 3880 2479 3928 sensu,
2522 3880 2585 3918 ac
2627 3865 2964 3934 prodigiosa,
3001 3864 3387 3934 profundaque
3429 3878 3634 3917 arcana

2046 3957 2138 4010 illa
2171 3963 2320 4020 sunt,
2356 3969 2479 4025 qua:
2504 3970 2533 4006 a
2567 3953 2822 4010 falsitatis
2848 3955 3189 4009 amatoribus
3221 3969 3418 4024 magno
3450 3954 3635 4008 labore

2046 4057 2457 4119 comparantur.
2493 4047 2625 4113 Quis
2659 4049 2802 4101 enim
2832 4063 2938 4100 non
2967 4047 3151 4101 omnia
3178 4048 3318 4101 bona
3343 4062 3441 4102 sua
3468 4047 3633 4100 liben-

2046 4151 2129 4196 ter
2170 4143 2224 4195 in
2256 4141 2389 4195 illud
2420 4142 2717 4211 impendat,
2750 4148 2808 4192 ut
2846 4139 3041 4200 discat,
3077 4138 3535 4208 quemadmodum
3567 4155 3632 4193 ex

2046 4231 2444 4302 Euthymcseos
2473 4231 2748 4300 lacrymis,
2792 4229 2992 4291 aﬂ‘ecti,
3042 4229 3286 4296 inquam,
3329 4228 3474 4282 illius
3501 4227 3628 4281 ᾹΞο·

2046 4327 2155 4389 nis,
2202 4325 2396 4388 maria,
2444 4323 2621 4377 fontes
2663 4337 2726 4375 ac
2783 4322 3030 4384 lltunina,
3094 4321 3401 4391 humorque
3452 4323 3632 4375 oninis

2046 4417 2318 4472 efﬂuxerit
2342 4434 2356 4471 :
2391 4416 2753 4483 similiterque
2782 4422 2835 4466 et
2866 4430 2932 4466 ex
2961 4413 3075 4465 risu
3109 4413 3322 4476 lumen;
3352 4419 3404 4465 et
3432 4427 3497 4466 ex
3524 4421 3628 4465 stu-

2048 4523 2180 4578 pore
2219 4523 2283 4561 ac
2324 4508 2524 4561 mentis
2579 4505 2761 4576 inopia
2816 4519 3082 4574 corporea
3134 4504 3322 4557 mundi
3367 4505 3630 4558 elementa

2051 4598 2294 4668 profecta
2325 4598 2468 4652 sint?
2499 4595 2660 4667 185.
2687 4594 2822 4650 Volo
2853 4595 3107 4666 equidem
3138 4595 3388 4648 nonnihil
3417 4596 3630 4650 illorum

2049 4691 2287 4745 inventis
2332 4705 2429 4759 pro
2460 4689 2602 4742 virili
2649 4689 2922 4743 Conferre.
2976 4687 3245 4753 Quoniam
3276 4687 3418 4739 enim
3466 4700 3630 4755 aqua-

2045 4799 2168 4838 rum
2203 4784 2391 4838 dulces
2418 4784 2554 4838 alias
2602 4782 2783 4848 video,
2827 4790 3016 4851 utpote
3067 4779 3248 4833 fontes
3295 4787 3348 4832 et
3385 4776 3630 4842 ﬂumina,

2044 4877 2280 4947 pluvias,
2313 4887 2365 4930 et
2395 4876 2447 4930 id
2479 4890 2650 4946 genus
2683 4875 2954 4944 reliquas;
2989 4872 3148 4934 alias,
3193 4871 3338 4925 velut
3367 4869 3628 4937 marinas,

2047 4970 2244 5031 salsas,
2274 4969 2529 5039 suspicor
2563 4982 2670 5022 non
2712 4982 2778 5021 ex
2823 4965 2943 5035 ejus
2993 4964 3254 5035 lacrymis
3287 4978 3477 5017 omnes
3505 4977 3631 5016 eru-

2047 5059 2215 5130 pisse,
2247 5059 2391 5130 quod
2426 5067 2618 5114 natura
2653 5058 2810 5112 salsae
2841 5057 2950 5110 sint
2991 5055 3262 5125 lacrymaa,
3296 5052 3631 5122 proindeque

2047 5154 2225 5207 salsas
2248 5149 2514 5205 duntaxat
2538 5165 2709 5220 aquas
2733 5165 2797 5204 ex
2825 5151 2944 5217 ejus
2975 5147 3232 5217 lacrymis
3265 5151 3458 5199 enatas
3485 5157 3628 5196 esse.

2045 5245 2182 5300 Cum
2209 5244 2428 5298 interim
2465 5252 2893 5298 consentaneum
2929 5240 3020 5303 sit,
3047 5235 3292 5292 eamdem
3326 5233 3630 5290 vehementi

2047 5337 2215 5392 animi
2254 5351 2458 5406 angore
2514 5351 2577 5390 ac
2610 5334 2825 5390 consilii
2871 5331 3054 5402 inopia
3091 5329 3374 5400 praeditam
3429 5326 3630 5381 sudore

2765 5491 2784 5521 ³
2820 5490 2960 5544 Iren.
2995 5489 3087 5541 καὶ
3108 5487 3306 5540 πᾶσαν.
3385 5483 3403 5514 ⁸
3434 5483 3620 5536 Matth.

417 5721 530 5794 (79)
573 5723 746 5776 Ὅθεν
791 5722 857 5775 τὸ
913 5721 1042 5777 ’1αὼ
1081 5723 1288 5793 ὄνομα.
1336 5720 1506 5786 Quem
1544 5719 1799 5775 Liberum
1846 5729 1937 5792 pat

2046 5739 2082 5790 I,
2118 5730 2171 5779 et
2240 5721 2423 5779 Solem
2483 5723 2684 5778 ethnici
2726 5723 3025 5793 scriptores
3088 5717 3452 5790 appellarunt.
3486 5709 3624 5784 (iia-

344 5795 499 5852 (τοι).
539 5794 632 5850 lib.
665 5811 704 5862 ι,
739 5809 860 5864 cap.
895 5794 1006 5862 H5.)
