4134 6388
483 366 584 423 507

1894 364 1951 420 S.
1994 365 2334 421 EPIPHANII

3635 371 3742 428 508

486 489 762 530 manasse.
793 473 865 528 Ex
899 488 1008 542 quo
1037 488 1379 544 consequens
1405 481 1510 540 est,
1542 475 1772 530 fontium
1804 491 1868 531 ac
1896 478 2069 533 ﬂumi-

2183 480 2570 549 ὅπολαμόάνειν
2607 480 2689 532 δεῖ
2716 480 2899 550 πηγὰς
2945 480 3037 536 καὶ
3073 479 3370 550 ποταμοὺς,
3413 481 3508 535 καὶ
3547 484 3601 536 εῐ
3617 501 3746 540 τινα.

485 583 615 623 num
648 568 904 635 liquores,
944 581 1006 619 ac
1047 567 1089 620 si
1118 567 1247 636 quid
1289 569 1438 623 aliud
1480 577 1564 624 est
1597 570 1860 624 dulcioris
1889 586 2060 639 aqum,

487 658 710 712 minime
741 672 806 711 ex
836 657 954 724 ejus
1005 658 1261 727 lacrymis
1291 659 1537 714 ﬂuxisse.
1567 659 1662 712 Est
1694 661 1838 714 enim
1870 663 2065 729 perab-

487 749 736 809 surdum,
770 765 891 799 cum
921 765 1027 800 una
1065 751 1403 817 simplexque
1439 751 1510 803 sit
1535 751 1896 819 Iacrymarum
1934 766 2067 820 qua-

488 839 634 902 Iitas,
669 839 873 891 salsum
918 853 1024 890 non
1057 838 1240 893 minus
1281 839 1591 902 humorem,
1624 854 1787 907 quam
1829 840 2062 904 dulcem,

488 932 554 984 ad
583 930 828 984 eamdem
859 930 1124 998 originem
1157 929 1392 997 referre;
1424 947 1548 985 cum
1573 933 1742 986 multo
1770 933 1841 985 sit
1870 931 2068 1000 proba-

487 1023 673 1086 bilius,
713 1021 976 1090 quasdam
1011 1037 1040 1075 e
1086 1023 1342 1092 lacrymis
1389 1039 1636 1093 aquas,e
1689 1023 1887 1077 sudore
1934 1023 2068 1075 alias

488 1114 777 1168 excitatas.
816 1113 878 1165 Et
926 1113 1184 1182 quoniam
1216 1115 1406 1168 calida:
1434 1131 1652 1185 quoque
1686 1116 1888 1170 alicubi
1916 1123 2066 1178 sunt.

489 1212 544 1259 et
577 1205 765 1267 acidae,
799 1205 1087 1257 videndum
1135 1219 1333 1272 porro,
1365 1207 1502 1275 quid
1533 1222 1700 1278 agens
1734 1208 1848 1269 illa,
1893 1223 2069 1275 quave

489 1312 554 1350 ex
589 1308 739 1364 parte
790 1296 1096 1349 istiusmodi
1130 1311 1300 1364 aquas
1348 1299 1673 1366 profuderit.
1708 1298 1868 1353 Tales
1920 1300 2066 1353 enim

488 1389 850 1457 qutestionum
882 1404 1056 1456 nugae,
1083 1390 1227 1441 velut
1253 1389 1562 1458 dignissimi
1594 1391 1826 1457 fructus,
1852 1392 2067 1444 illorum

489 1481 725 1535 inventis
758 1481 1204 1548 argumentisque
1234 1491 1563 1550 congruunt.

562 1569 669 1623 Sed
735 1577 792 1621 ut
825 1568 891 1621 ad
925 1567 1149 1621 Matrem
1184 1569 1358 1637 ipsam
1392 1570 1632 1636 redeam,
1664 1570 1868 1635 ferunt,
1899 1571 2068 1634 illam,

490 1675 615 1715 cum
651 1661 763 1729 jam
812 1661 991 1713 omnia
1021 1661 1492 1729 perturbationum
1523 1677 1722 1723 genera
1765 1666 2071 1733 percurris-

491 1761 594 1812 set,
635 1766 777 1819 ωςτο
812 1750 1030 1802 tandem
1077 1765 1344 1802 emersam
1378 1752 1444 1804 ad
1491 1753 1622 1806 illud
1673 1754 1876 1818 lumen,
1904 1770 1933 1806 a
1965 1771 2072 1822 quo

2165 570 2299 624 ἄλλα
2330 572 2533 639 γλυκέα
2567 571 2735 626 ὕδατα
2765 572 3016 643 ὑπάρχει,
3051 570 3151 642 τὴν
3173 572 3384 640 γένεσιν
3412 573 3484 644 μὴ
3511 575 3744 647 ἐσχηκέμ

2165 680 2252 715 ναι
2297 662 2406 716 ἀπὸ
2450 663 2557 715 τῶν
2600 662 2848 732 δακρύων
2892 662 3083 731 αὐτῆς.
3127 663 3411 716 Ἀπίθανον
3445 664 3572 736 γάρ,
3617 669 3746 736 μιᾶς

2165 753 2449 822 ποιότητος
2479 752 2643 822 οὔσης
2674 752 2784 805 τῶν
2827 751 3096 822 δακρύων,
3132 752 3200 805 τὰ
3251 753 3349 822 μὲν
3394 755 3652 826 ἁλμυρά,·
3675 757 3747 809 τά

2164 844 2220 896 δέ
2247 845 2453 912 γλυκέα
2487 844 2654 896 ὕδατα
2674 844 2733 907 ἐξ
2761 843 2940 897 αὑτῶν
2971 843 3270 913 προελθεῖν.
3311 845 3479 899 Τοῦτο
3503 847 3557 900 δὲ
3580 847 3744 900 πιθα-

2166 935 2419 1006 νώτερον,
2450 936 2518 988 τὰ
2563 937 2661 1005 μὲν
2691 931 2829 986 εἶναι
2869 934 2976 987 ἀπὸ
3005 935 3114 988 τῶν
3149 936 3421 1006 δακρύων,
3455 938 3523 990 τὰ
3555 939 3612 990 δὲ
3637 938 3747 991 άπὸ

2165 1026 2275 1080 τῶν
2318 1027 2574 1098 ἱδρώτων.
2615 1027 2831 1098 Ἐπειδὴ
2860 1027 2874 1057 ¹
2903 1027 2994 1079 καὶ
3039 1027 3217 1098 θερμά
3260 1030 3353 1082 καὶ
3382 1029 3577 1100 δριμέα
3625 1031 3747 1083 τινὰ

2168 1119 2336 1173 ὕδατά
2355 1121 2500 1171 ἐστιν
2523 1122 2579 1171 ἐν
2599 1120 2676 1189 τῷ
2695 1119 2903 1188 κόσμῳ,
2929 1121 3068 1171 νοεῖν
3089 1118 3346 1187 ὀφείλεις,
3372 1120 3424 1172 τί
3452 1122 3745 1190 ποιήσασα,

2169 1213 2262 1264 καὶ
2305 1213 2368 1264 ἐκ
2415 1212 2568 1263 ποίου
2617 1211 2804 1282 μορίου
2853 1212 3133 1280 προήκατο
3182 1211 3376 1265 ταῦτα.
3425 1212 3749 1284 Ἀρμόζουσι

2169 1305 2275 1374 γὰρ
2295 1304 2525 1356 τοιοῦτοι
2558 1304 2759 1375 καρποὶ
2785 1305 2851 1373 τῇ
2881 1303 3133 1356 ὑποθέσει
3159 1303 3358 1358 αὐτῶν.

2240 1572 2598 1627 Διοδεύσασαν
2628 1568 2722 1626 οὖν
2770 1575 2878 1626 πᾶν
2925 1574 3096 1638 πάθος
3131 1575 3228 1645 τὴν
3273 1576 3505 1645 Μητέρα
3544 1575 3746 1640 αὑτῶν,

2172 1664 2267 1717 καὶ
2303 1663 2460 1732 μόγις
2505 1661 2923 1732 ὑπερκύψασαν,
2962 1663 3054 1715 ἐπὶ
3096 1663 3302 1715 ἱκεσίαν
3346 1665 3622 1734 τραπῆναι
3653 1665 3749 1718 τοῦ

2174 1753 2564 1815 καταλιπόντος
2609 1752 2779 1822 αὐτὴν
2825 1754 3020 1820 φωτὸς,
3067 1753 3311 1805 τουτέστι
3355 1754 3447 1806 τοῦ
3493 1755 3749 1826 Χριστοῦ.

488 1842 749 1895 destituta
781 1839 974 1901 fuerat,
1006 1841 1345 1894 exorandum
1380 1859 1502 1898 sese
1533 1847 1890 1908 convertisse,
1925 1846 2075 1900 vide-

2183 1846 2440 1912 λέγουσιν.
2480 1847 2596 1908 Ὃς,
2643 1843 2880 1895 ἀνελθὼν
2912 1845 3011 1914 μὲν
3050 1845 3128 1907 εἰς
3164 1846 3223 1897 τὸ
3267 1844 3560 1916 πλήρωμα,
3593 1849 3752 1911 αὐτὸς

489 1934 619 1988 licet
640 1933 938 1986 Christum.
969 1932 1017 1986 Is
1054 1932 1106 1984 in
1166 1933 1404 2001 plcrema
1449 1938 1848 2001 conscendens,
1876 1952 1939 1990 ac
1979 1938 2074 1991 de-

492 2024 751 2078 scendere
782 2024 896 2092 ipse
927 2023 1106 2076 denuo
1145 2035 1425 2092 gravatus.
1466 2028 1730 2080 vicarium
1779 2029 1883 2082 sibi
1913 2028 2072 2081 Para—

492 2118 690 2170 elotum
731 2116 1005 2182 submisit,
1042 2133 1203 2185 quem
1235 2129 1288 2172 et
1322 2120 1658 2173 Salva‘toretn
1684 2130 1913 2187 vocant;
1949 2137 2072 2175 cum

491 2209 674 2263 omnis
729 2209 783 2261 in
839 2209 1017 2277 ipsum
1062 2208 1144 2260 vis
1189 2219 1334 2262 esset
1379 2218 1660 2279 congesta,
1713 2214 2076 2278 universaque

491 2300 736 2372 ejusdem
781 2299 1039 2369 potestati
1071 2313 1180 2352 tam
1223 2317 1253 2353 a
1284 2300 1465 2363 Patre,
1501 2317 1664 2370 quam
1698 2303 1766 2356 ab
1807 2301 2077 2358 {Eonibus

491 2393 806 2454 cotmnissa,
831 2400 886 2454 ut
920 2408 1014 2460 per
1039 2392 1216 2460 ipsum
1247 2399 1356 2444 tam
1383 2409 1503 2461 qua:
1536 2392 1704 2446 videri
1738 2394 1914 2447 oculis
1946 2409 2077 2462 pos-

492 2493 636 2542 sent,
669 2497 832 2550 quam
867 2496 988 2549 quae
1016 2482 1186 2533 aciem
1229 2480 1548 2550 etl‘ugcrent,
1591 2482 1844 2535 universa
1885 2483 2080 2536 conde-

494 2582 718 2637 rentur;
747 2572 1006 2625 nimirum
1040 2572 1246 2634 throni,
1280 2573 1621 2637 divinitales,
1649 2573 2074 2629 dominationes.

494 2668 859 2719 Accesserant
882 2673 935 2716 et
972 2662 1254 2716 Paracleto
1283 2665 1516 2719 comites
1544 2665 1781 2735 aequales
1807 2666 1952 2720 illius
1982 2681 2078 2719 an-

493 2757 620 2829 geli.
649 2755 731 2809 Ad
762 2756 920 2824 cujus
954 2753 1244 2808 adventum
1272 2755 1576 2808 Achamoth
1611 2757 1817 2826 pudore
1851 2757 2075 2827 perfusa

494 2849 660 2919 capiti
697 2851 872 2902 velum
902 2847 1149 2901 obduxit.
1187 2847 1326 2900 Tum
1357 2849 1448 2902 ubi
1478 2848 1629 2902 illum
1663 2866 1785 2904 eum
1812 2853 1958 2904 omni
1979 2868 2076 2906 suo

495 2953 762 3011 proventu
796 2945 1104 3012 conspexit,
1138 2958 1205 2995 ex
1236 2941 1398 3009 hujus
1429 2941 1719 3010 praesentia
1757 2947 2077 2998 contirmata

495 3032 562 3084 ad
596 3048 720 3086 eum
753 3035 1012 3086 accurrit.
1033 3034 1078 3084 A
1106 3047 1215 3101 quo
1241 3032 1520 3085 elaborata
1553 3037 1606 3083 et
1631 3030 1804 3084 ellicta
1829 3048 1950 3086 cum
1977 3031 2082 3085 for-

496 3139 638 3176 mam
675 3124 1024 3192 cognitionis.
1054 3132 1168 3176 tum
1197 3122 1363 3174 animi
1385 3121 1698 3174 morborum
1727 3124 1972 3174 omnium
2003 3137 2080 3175 re-

487 3216 674 3283 media
719 3218 978 3285 percepit.
1015 3216 1164 3281 Quos
1207 3215 1425 3283 quidem
1479 3214 1701 3267 morbos
1751 3215 1826 3265 ita
1867 3214 1958 3267 ille
1997 3231 2081 3267 se—
2107 3202 2149 3257 C

497 3309 689 3375 crevit,
722 3318 781 3362 ut
810 3325 918 3362 non
951 3310 1167 3377 penitus
1192 3307 1505 3376 negligeret.
1539 3305 1725 3376 Neque
1751 3306 1894 3360 enim
1935 3309 2082 3360 velut

498 3401 699 3470 prioris
749 3401 896 3454 illius
941 3401 1111 3453 deleri
1158 3399 1406 3453 funditus
1452 3407 1727 3468 poterant.
1779 3400 1923 3468 quod
1979 3416 2081 3454 usu

496 3494 804 3546 conﬁrmati
839 3493 1293 3560 corroboratique
1317 3491 1429 3560 jam
1474 3493 1888 3546 occalluissent.
1924 3492 2083 3561 185

499 3586 642 3654 Ergo
668 3584 789 3638 illos
807 3591 1047 3638 secretos
1067 3583 1315 3636 confudit
1332 3598 1394 3634 ac
1417 3583 1686 3640 densavit,
1711 3591 1762 3634 et
1777 3581 1844 3633 ab
1866 3593 2084 3648 experte

499 3677 748 3745 corporis
777 3675 1063 3728 all'ectione
1095 3674 1151 3727 in
1185 3687 1502 3741 corpoream
1532 3673 1814 3726 materiam
1855 3688 2084 3726 conver-

500 3770 588 3820 tit.
625 3766 830 3820 Deinde
876 3773 1130 3818 naturam
1181 3763 1398 3824 indidit,
1448 3763 1805 3832 idoneatnque
1843 3763 1988 3827 fecit,
2029 3773 2086 3816 ut

503 3856 733 3912 conﬂari
784 3865 947 3925 atque
993 3855 1276 3924 corporari
1328 3859 1538 3922 posset,
1578 3863 1908 3923 naturasque
1949 3855 2088 3908 duas

501 3950 758 4013 alliceret,
794 3947 1021 4000 alteram
1065 3945 1413 3999 aﬂectionum
1459 3945 1674 4006 malam,
1712 3945 2087 3999 conversionis

502 4047 752 4104 alteram,
779 4055 1009 4108 eamque
1036 4037 1450 4108 perturbatione
1484 4033 1790 4104 praaditam.
1817 4034 1989 4098 Quam
2019 4036 2089 4090 ob

507 4147 728 4185 causam
759 4130 1050 4192 Salvatori,
1080 4130 1126 4184 si
1170 4128 1279 4181 vim
1317 4127 1616 4180 functionis
1651 4125 1799 4178 illius
1835 4127 2089 4180 conside-

503 4241 616 4288 res,
649 4223 963 4278 Conditoris
1001 4232 1181 4291 partes
1228 4219 1559 4275 attribuunt.
1613 4216 1730 4270 Jam
1790 4217 2086 4274 Achamoth

505 4316 574 4369 ab
606 4315 755 4368 omni
788 4313 1200 4383 perturbatione
1248 4311 1438 4371 libera,
1471 4323 1595 4361 cum
1653 4309 1942 4370 luminum,
1969 4324 2090 4377 quae

505 4420 630 4457 cum
664 4406 781 4472 ipso
818 4412 996 4467 erant,
1035 4403 1135 4456 hoc
1167 4409 1249 4455 est
1273 4401 1534 4453 comitum
1582 4400 1923 4467 angelorum,
1956 4416 2089 4453 cett-

506 4497 914 4566 templationem
965 4511 1089 4547 cum
1123 4494 1325 4562 ingenti
1359 4493 1559 4563 gaudio
1604 4492 1969 4560 concepisset,
2005 4499 2088 4544 at-

2179 1937 2279 2007 μὲν
2311 1936 2479 1998 είκὺς,
2515 1936 2596 1988 ὅτι
2631 1934 2878 2004 ὤκνησεν
2921 1936 2985 1988 ἐκ
3024 1936 3275 2004 δευτέρου
3325 1937 3622 2002 κατελθεῖν,
3661 1940 3754 1991 τὸν

2178 2028 2539 2099 Παράκλητον
2566 2027 2622 2079 δὲ
2651 2025 2956 2096 ἐξέπεμψεν
2988 2027 3154 2098 αὑτὴν
3188 2030 3230 2090 ²,
3260 2028 3504 2080 τουτέστι
3532 2029 3621 2082 τὸν
3645 2030 3756 2082 Σω-

2175 2120 2338 2190 τῆρα,
2376 2118 2613 2180 ἐνδόντος
2649 2119 2793 2189 αύτῷ
2824 2121 3000 2172 πᾶσαν
3030 2121 3128 2190 τὴν
3150 2119 3375 2189 δύναμιν
3402 2119 3495 2171 τοῦ
3519 2121 3752 2190 Πατρὺς,

2177 2212 2269 2264 καὶ
2311 2212 2417 2263 πᾶν
2467 2211 2556 2262 ὑπ’
2590 2209 2832 2274 ἐξουσίαν
2871 2211 3225 2282 παραδόντος,
3257 2212 3351 2264 καὶ
3387 2210 3493 2262 τῶν
3538 2211 3757 2264 Attiiva

2175 2302 2427 2371 δεόμενος
2455 2302 2493 2366 ³,
2522 2303 2668 2366 ὅπως
2693 2304 2749 2354 ἐν
2783 2303 2931 2372 αὐτῷ
2958 2303 3027 2356 τὰ
3063 2303 3239 2356 πάντα
3269 2303 3461 2373 κτισθῇ
3490 2304 3557 2357 τά
3587 2302 3758 2372 ὁρατὰ

2179 2395 2272 2446 καὶ
2299 2394 2367 2445 τὰ
2410 2393 2636 2464 ἀόρατα,
2687 2394 2888 2463 θρόνοι,
2936 2394 3207 2464 θεότητες,
3250 2396 3590 2466 κυριότητες.
3633 2397 3758 2448 Ἐκ-

2178 2483 2453 2553 πέμπεται
2493 2483 2548 2534 δέ
2581 2483 2716 2552 πρὸς
2759 2484 2928 2552 αὑτὴν
2957 2485 3096 2553 μετὰ
3125 2484 3233 2537 τῶν
3260 2485 3563 2553 ἡλικιωτῶν
3595 2486 3756 2538 αὑτοῦ

2177 2573 2284 2625 τῶν
2325 2572 2593 2640 ἀγγέλων.
2635 2573 2746 2644 Τὴν
2779 2573 2836 2625 δὲ
2888 2574 3144 2643 Ἀχαμὼθ
3195 2576 3558 2644 ἐντραπεῖσαν
3599 2576 3758 2629 αὑτὸν

2178 2663 2413 2730 λέγουσι,
2447 2665 2660 2732 πρῶτον
2713 2663 2811 2734 μὲν
2863 2664 3124 2734 κάλυμμα
3171 2665 3453 2718 ἐπιθέσθαι
3515 2667 3579 2719 δι’
3605 2665 3758 2729 αἰδὼ,

2182 2755 2474 2826 μετέπειτα
2518 2756 2573 2808 δέ
2621 2755 2832 2808 ἰδοῦσαν
2874 2756 3036 2808 αὑτὸν
3064 2757 3158 2808 σὺν
3201 2757 3299 2829 ὅλῃ
3329 2761 3394 2828 τῇ
3416 2758 3762 2828 καρποφορίᾳ

2179 2848 2365 2909 αὑτοῦ,
2410 2849 2780 2920 προσδραμεῖν
2808 2847 2974 2918 αὑτῷ,
3007 2847 3236 2919 δύναμιν
3269 2849 3539 2902 λαϐοῦσαν
3563 2851 3627 2901 ἐκ
3665 2850 3763 2919 τῆς

2179 2941 2500 3008 ἐπιφανείας
2551 2940 2736 2993 αὑτοῦ.
2779 2941 3044 2993 Κάκεῖνον
3094 2941 3379 3010 μορφῶσαι
3429 2940 3597 3011 αὐτὴν
3630 2940 3762 3010 μόρο

2179 3049 2350 3099 φωσιν
2376 3031 2471 3100 τῆν
2499 3030 2640 3083 κατὰ
2659 3031 2879 3098 γνῶσιν,
2915 3032 3009 3084 καὶ
3035 3030 3178 3083 ἴασιν
3206 3030 3312 3084 τῶν
3337 3031 3525 3084 παθῶν
3545 3032 3767 3101 ποιήσα-

2181 3123 2304 3176 σθαι
2346 3124 2535 3192 αὐτῆς.
2586 3122 2912 3193 Χωρίσαντα
2957 3123 3002 3175 δ’
3034 3123 3174 3175 αὑτὰ
3207 3122 3398 3192 αὐτῆς,
3449 3124 3522 3192 μὴ
3561 3122 3766 3192 ἀμελή-

2184 3231 2351 3266 σαντα
2377 3214 2432 3265 δέ
2462 3213 2641 3266 αὑτῶν
2663 3227 2674 3239 ·
2719 3214 2779 3265 ού
2804 3214 2911 3282 γὰρ
2932 3209 3000 3282 ἦν
3045 3213 3248 3266 δυνατὰ
3274 3212 3654 3281 ἀφανισθῆναι,
3690 3212 3765 3274 ὡς

2182 3307 2251 3359 τά
2279 3306 2376 3374 τῆς
2406 3306 2698 3376 προτέρας,
2731 3303 2818 3356 διὰ
2838 3305 2898 3357 τὸ
2919 3305 3112 3359 ἐκτικὰ
3136 3305 3236 3374 ἤδη
3263 3306 3356 3357 καὶ
3383 3304 3582 3357 δυνατά
3605 3301 3762 3356 εἶναι’

2182 3395 2317 3448 ἀλλὰ
2354 3397 2724 3467 ἀποκρίναντα
2757 3398 2994 3466 χωρήσει
3033 3395 3128 3448 τοῦ
3161 3395 3386 3465 συγχέαι
3407 3395 3427 3424 ⁸
3452 3398 3545 3448 καὶ
3579 3395 3765 3464 πῆξαι,

2183 3487 2276 3538 καὶ
2325 3486 2383 3551 ἐξ
2420 3487 2710 3555 ἀσωμάτου
2759 3487 2962 3550 πάθους
3007 3489 3086 3548 εἰς
3127 3487 3419 3556 ἀσώματον
3445 3487 3465 3518 ⁵
3496 3487 3592 3556 τῆν
3635 3485 3770 3555 ὓλην

2188 3578 2511 3648 μεταϐαλεῖν
2549 3579 2706 3632 αὑτά.
2739 3575 2854 3630 Εἶθ’
2886 3578 3058 3640 οὑτως
3091 3578 3503 3648 ἐπιτηδειότητα
3536 3577 3630 3632 καὶ⁹
3671 3577 3770 3646 φύ-

2188 3687 2272 3721 σιν
2306 3670 2738 3740 ἐμπεποιτ,κέναι
2764 3671 2967 3733 αὑτοῖς,
3010 3670 3150 3723 ὥστε
3181 3672 3260 3733 είς
3302 3672 3646 3741 συγκρίματα
3677 3672 3771 3724 καὶ

2187 3762 2413 3830 σώματα
2467 3762 2641 3814 ἐλθεῖν
2689 3763 2825 3834 πρὸς
2874 3763 2933 3814 τὸ
2983 3763 3234 3830 γενέσθαι
3281 3763 3370 3815 δύο
3417 3763 3624 3829 οὐσίας,
3667 3764 3770 3832 τὴν

2188 3852 2398 3921 φαύλην
2439 3853 2545 3905 τῶν
2575 3853 2782 3916 παθῶν,
2808 3857 2907 3924 τήν
2932 3871 2992 3906 τε
3033 3853 3133 3922 τῆς
3165 3855 3500 3925 ἐπιστροφῆς
3526 3854 3767 3924 ἐμπαθῆ.

2191 3946 2302 3995 Καὶ
2332 3945 2420 3996 διὰ
2452 3945 2607 3997 τοῦτο
2629 3946 2856 4016 δυνάμει
2887 3945 2978 3998 τὸν
3006 3945 3234 4016 Σωτῆρα
3255 3947 3770 4017 δεδεμιουργηκέναι

2191 4037 2493 4105 φάσκουσι·
2527 4040 2623 4107 τήν
2651 4055 2709 4090 τε
2756 4039 3010 4110 Ἀχαμὼθ
3042 4040 3196 4102 ἐκτὸς
3225 4039 3428 4102 πάθους
3450 4039 3768 4109 γενομένην,

2191 4129 2284 4181 καὶ
2314 4128 2685 4181 συλλαϐοῦσαν
2716 4133 2780 4200 τῇ
2813 4133 2955 4202 χαρᾷ
2981 4133 3089 4186 τῶν
3125 4135 3180 4185 ἐν
3218 4131 3366 4201 αὐτῷ
3399 4131 3419 4161 ⁶
3455 4130 3646 4200 φώτων
3673 4131 3771 4201 τὴν

2191 4217 2445 4287 θεωρίαν,
2475 4220 2723 4272 τουτέστι
2754 4220 2861 4275 τῶν
2892 4223 3137 4290 ἀγγέλων
3176 4222 3284 4274 τῶν
3315 4223 3430 4292 μετ’
3463 4220 3646 4286 αὑτοῦ,
3679 4223 3772 4274 καὶ

2191 4312 2599 4380 ἐγκισσήσασαν
2634 4313 2854 4376 αὑτοὺς,
2890 4315 3220 4385 κεκυηκέναι
3245 4316 3487 4384 καρποὺς
3512 4315 3651 4367 κατὰ
3674 4315 3773 4383 τὴν

2191 4403 2374 4456 εἰκόνα
2400 4404 2731 4470 διδάσκουσι,
2761 4406 2950 4476 κύημα
2975 4408 3340 4476 πνευματικὸν
3371 4407 3491 4460 καθ’
3518 4407 3774 4476 ὁμοίωσιν

2192 4495 2491 4560 γεγονότως
2528 4496 2545 4524 ⁷
2581 4495 2688 4546 τῶν
2719 4493 3028 4566 δορυφόρων
3061 4497 3154 4549 τοῦ
3196 4499 3447 4568 Σωτῆρος

508 4604 616 4658 que
647 4587 712 4639 ad
765 4587 979 4638 illorum
1026 4583 1479 4638 consuetudinem
1509 4583 1830 4661 exarsisset,
1854 4580 1919 4632 ad
1976 4596 2163 4633 eorum
2200 4583 2480 4651 exemplar
2524 4582 2692 4637 fetum
2731 4585 2919 4638 nescio
2958 4600 3120 4654 quem
3163 4586 3459 4654 spiritalem
3498 4585 3776 4655 parturiit,

508 4680 600 4749 qui
637 4679 704 4730 ad
759 4678 1086 4745 stipatorum
1137 4674 1434 4728 Salvatoris
1487 4681 1633 4727 esset
1678 4670 2092 4725 similitudinem
2127 4687 2447 4742 expressus.

578 4791 763 4846 XVIII.
812 4791 1176 4858 Quamobrem
1220 4791 1414 4859 triplici
1450 4792 1561 4857 jam
1611 4789 1912 4844 substantia
1953 4805 2084 4842 con~
2120 4798 2159 4851 ι)

503 4887 716 4947 Stituta,
755 4886 928 4953 prima
968 4899 1088 4952 quae
1136 4898 1201 4936 ex
1258 4882 1663 4952 perturbatione
1714 4882 1934 4950 prodiit.
1975 4898 2094 4949 qua:

507 4986 591 5032 est
657 4977 932 5040 materia;
1014 4975 1253 5030 secunda
1333 4991 1396 5027 ex
1481 4975 1874 5036 conversione,
1951 4973 2094 5042 quod

508 5078 591 5123 cst
641 5069 989 5132 animalium;
1038 5067 1197 5120 tertia
1249 5065 1516 5134 spiritali,
1561 5081 1722 5133 quam
1769 5071 2094 5132 postremam

507 5162 760 5232 peperit,
825 5171 938 5212 tum
1001 5175 1060 5213 se
1111 5159 1343 5226 denique
1407 5157 1472 5209 ad
1547 5157 1733 5210 cadent
1799 5156 2093 5224 ellingenda

508 5254 758 5308 conttulit.
810 5253 1131 5320 Quanquam
1192 5251 1337 5320 quod
1391 5250 1632 5318 spiritale
1694 5259 1850 5312 erat,
1910 5257 2095 5316 utpote

510 5347 752 5401 eiusdem
801 5361 923 5397 cum
974 5346 1088 5412 ipsa
1142 5353 1388 5405 naturae,
1441 5343 1671 5413 ﬁgurare
1718 5341 1939 5395 minime
1995 5357 2093 5409 po—

513 5443 633 5494 tuit.
682 5437 836 5493 Unde
876 5454 935 5492 se
970 5439 1260 5490 animatam
1310 5437 1376 5489 ad
1417 5436 1816 5495 substantiam,
1857 5448 1977 5501 qua:
2028 5449 2090 5485 ex

512 5530 685 5602 ipsius
725 5531 1084 5584 conversith
1133 5529 1374 5599 profecta
1424 5530 1632 5592 fuerat,
1686 5524 2094 5597 perpoliendaut

591 5709 607 5740 ‘
642 5708 1031 5762 1Γριι.ἐπε“ιὲέ.

519 5777 542 5808 ⁸
579 5777 718 5831 Iren.
751 5780 845 5831 σὺν
879 5778 1045 5847 αὐτῷ.
1125 5779 1142 5808 ⁷
1179 5779 1318 5833 Iren.
1357 5774 1598 5845 γεγονός.
1675 5777 1694 5806 ⁸
1727 5775 1784 5828 I".
1815 5774 2003 5843 αὑτήν.

1113 5711 1131 5739 ²
1171 5708 1223 5760 [ε’.
1260 5710 1417 5777 αὑτῇ.
1491 5708 1511 5737 ³
1547 5706 1614 5759 Ir.
1652 5704 1956 5777 δὲόμοίως,
1989 5717 2086 5771 pro
2129 5700 2398 5774 δεόμενος.

2262 4793 2368 4845 IH'.
2405 4791 2582 4862 Τριῶν
2612 4787 2702 4844 οὖν
2742 4792 2840 4861 ήδη
2879 4791 3081 4844 τούτων
3113 4792 3488 4861 ὑποκειμένων
3519 4793 3644 4846 κατ’
3677 4795 3780 4848 αὑ-

2200 4882 2344 4944 τοὺς,
2377 4881 2470 4932 τοῦ
2509 4881 2606 4950 μὲν
2635 4882 2697 4933 ἐκ
2739 4881 2830 4932 τού
2877 4881 3100 4944 πάθους,
3151 4881 3180 4932 ὂ
3223 4876 3290 4950 ἦν
3331 4879 3465 4949 ὑλη’
3507 4880 3600 4932 τοῦ
3631 4881 3688 4934 δὲ
3717 4884 3780 4934 ἐκ

2203 4973 2300 5041 τῆς
2327 4972 2678 5042 ἐπιστροφῆς,
2703 4971 2730 5023 ὃ
2759 4969 2824 5042 ἦν
2855 4973 2912 5024 τὸ
2936 4970 3164 5040 ψυχικόν
3183 4987 3198 5001 ⁸
3223 4971 3313 5024 τοῦ
3336 4971 3391 5023 δέ
3416 4970 3444 5022 ὃ
3475 4973 3780 5042 ἁπεκύησε,

2202 5064 2446 5116 τουτέστι
2475 5065 2531 5116 τὸ
2559 5063 2946 5134 πνευματικὸν,
2971 5063 3143 5126 οὕτως
3179 5063 3388 5133 ἐτράπη
3415 5063 3506 5114 ἐπὶ
3530 5063 3624 5132 τὴν
3653 5064 3784 5133 μόρο

2204 5174 2375 5224 φωσιν
2408 5156 2609 5211 αὐτῶν.
2659 5156 2817 5208 Ἀλλὰ
2858 5157 2919 5207 τὸ
2969 5156 3066 5224 μὲν
3113 5155 3481 5225 πνευματικὸν
3522 5156 3595 5225 μὴ
3626 5155 3784 5208 δεδυ-

2203 5249 2392 5318 νῆσθαι
2421 5250 2556 5319 αὑτῇ
2588 5250 2609 5279 ⁸
2647 5250 2950 5320 μορφῶσαι.
2988 5247 3175 5317 ἐπειδὴ
3214 5247 3497 5317 ὀμοούσιον
3535 5246 3783 5316 ὑπῆρχεν

2202 5342 2362 5411 αὐτῇ·
2391 5339 2690 5410 τετράφθαι
2744 5341 2801 5392 δὲ
2848 5340 3052 5409 ἐπὶτὴν
3104 5339 3384 5409 μόρφωσιν
3429 5338 3526 5408 τῆς
3558 5337 3782 5405 γενομέ-

2207 5452 2312 5502 an;
2341 5437 2403 5485 ἐκ
2433 5434 2528 5503 τῆς
2561 5433 2894 5502 ἐπιστροφῆς
2943 5435 3111 5502 αὑτῆς
3144 5431 3380 5501 ψυχικῆς
3408 5431 3616 5491 οὑσίας,
3653 5446 3783 5498 προ-

2203 5524 2385 5576 ϐαλεῖν
2424 5540 2483 5575 τε
2528 5521 2597 5575 τὰ
2644 5522 2794 5592 παρὰ
2834 5522 2926 5575 τοῦ
2989 5523 3238 5593 Σωτῆρος
3292 5520 3604 5591 μαθήματα.
3672 5519 3781 5572 Καὶ

2478 5702 2498 5733 ⁸
2540 5701 2597 5754 F.
2643 5700 2810 5772 χωρὶς
2872 5699 3114 5770 συγχέαι.
3193 5698 3214 5729 ⁸
3244 5696 3383 5753 Iren.
3444 5695 3779 5765 ἐνσώματον.
