4170 6372
393 396 498 453 509

1099 368 1468 450 ADVERSUS
1508 390 1851 449 HERESES
1890 387 2021 443 LIB.
2061 387 2104 441 1.
2147 384 2312 441 ΤΟΜ.
2355 383 2419 440 ll.
2459 413 2528 422 —
2573 378 2846 436 llERES.
2883 373 3070 431 XXXI.

3562 370 3668 428 510

391 509 606 581 πρῶτον
641 508 1060 582 μεμορφωκέναι
1102 511 1271 581 αὑτὴν
1301 525 1365 563 εκ
1394 513 1491 580 τῆς
1521 508 1758 578 ψυχικῆς
1791 505 1978 567 οὐσίας

2082 501 2367 560 convertit,
2401 498 2464 551 ad
2498 496 2662 564 idque
2688 509 2809 562 quae
2843 507 2874 544 a
2913 489 3194 543 Salvatore
3217 484 3417 540 tradita
3453 483 3668 538 fuerant

388 602 609 672 λέγουσι
656 602 748 656 τὸν
801 602 1019 672 Πατέρα
1067 603 1161 655 καὶ
1217 602 1441 672 βασιλέα
1487 601 1724 660 πάντων,
1766 597 1872 650 τῶν
1917 612 1976 648 τε

387 693 688 765 όμοουσίων
721 694 888 764 αὑτῷ,
929 695 1177 747 τουτέστι
1213 693 1322 746 τῶν
1364 692 1630 763 ψυχικῶν,
1671 689 1705 743 ἃ
1738 689 1800 758 δὴ
1831 687 1978 751 δεξιά

389 786 637 844 καλοῦσι,
677 785 904 839 καὶτῶν
937 787 1000 837 ἐκ
1037 786 1126 838 τοῦ
1162 786 1370 848 πάθους
1407 785 1500 838 καὶ
1533 784 1630 854 τῆς
1671 781 1819 848 ὕλης,
1847 779 1882 832 ἀ
1916 779 1977 849 δὴ

388 877 654 948 ἀριστερά
704 876 947 930 καλοῦσι.
997 877 1180 930 Πάντα
1223 877 1330 949 γὰρ
1367 877 1436 929 τά
1463 878 1581 929 κατ’
1631 872 1830 927 αὑτὸν¹
1873 872 1977 938 φά-

394 984 580 1023 τκουσι
633 971 1090 1040 μεμορφωκέναι,
1143 970 1443 1039 λεληθότως
1506 966 1821 1035 κινούμενον
1874 963 1979 1016 ὑπὸ

389 1083 415 1114 ἰ
437 1081 489 1122 "C
522 1063 763 1133 Μητρὸς,
795 1063 916 1114 ὅθεν
945 1063 1036 1116 καὶ
1081 1063 1507 1133 Μητροπάτορα,
1549 1061 1641 1112 καὶ
1683 1057 1976 1127 Ἀπάτορα,

391 1155 484 1206 καὶ
525 1154 861 1224 Δημιουργὸν
913 1153 1108 1215 αὑτὸν,
1158 1156 1251 1207 καὶ
1296 1153 1515 1222 Πατέρα
1564 1150 1817 1204 καλοῦσι·
1871 1146 1978 1199 τῶν

393 1246 493 1314 μὲν
537 1244 725 1308 δεξιῶν
776 1246 990 1316 πατέρα
1035 1245 1286 1314 λέγοντες
1343 1245 1525 1309 αὑτὸν,
1575 1241 1820 1294 τουτέστι
1870 1238 1978 1292 τῶν

389 1337 656 1407 ψυχικῶν,
680 1336 788 1389 τῶν
811 1337 867 1389 δὲ
894 1336 1219 1408 ἀριστερῶν,
1248 1337 1491 1388 τουτέστι
1516 1334 1622 1387 τῶν
1650 1331 1869 1391 ὑλικῶν,
1887 1331 1979 1399 δη-

393 1425 668 1495 μιουργὸν,
699 1426 1026 1495 συμπάντων
1059 1425 1116 1477 δὲ
1143 1425 1386 1495 βασιλέα.
1413 1425 1522 1495 Τὴν
1563 1423 1672 1494 γὰρ
1712 1419 1979 1488 Ἐνθύμη-

391 1533 474 1569 σιν
516 1517 740 1588 ταύτην,
776 1517 1125 1588 βουληθεῖσαν
1166 1520 1244 1579 εἰς
1283 1516 1446 1587 τιμὴν
1506 1514 1613 1566 τῶν
1651 1511 1868 1565 Αἰώνων
1910 1510 1978 1563 τὰ

390 1608 568 1661 πάντα
600 1609 843 1678 ποιῆσαι,
878 1610 1089 1672 εἰκόνας
1127 1609 1342 1676 λέγουσι
1382 1605 1740 1674 πεποιηκέναι
1779 1601 1976 1662 αὐτῶν,

393 1697 592 1766 μᾶλλον
631 1698 688 1749 δὲ
727 1698 817 1749 τὸν
859 1699 1088 1768 Σωτῆρα
1138 1699 1203 1751 δι’
1241 1699 1429 1766 αὑτῆς,
1463 1695 1557 1748 καὶ
1595 1693 1762 1762 αὐτὴν
1803 1692 1898 1762 μὲν
1923 1694 1978 1742 ἐν

389 1788 558 1840 εἰκόνι
583 1789 677 1841 τοῦ
710 1791 942 1861 ἀοράτου
979 1790 1191 1860 Πατρὸς
1222 1787 1579 1859 τετηρηκέναι
1611 1787 1683 1855 μὴ
1712 1800 1978 1852 γινωσκο-

2081 593 2403 648 documenta
2437 587 2740 642 transtulit.
2782 584 2860 638 Ac
2899 582 3134 652 primum
3172 584 3398 632 narrant
3444 592 3510 629 ex
3551 574 3669 627 aui-

2082 693 2225 738 mata
2257 681 2562 737 substantia
2596 679 2886 730 formatum
2923 673 2989 726 ab
3015 672 3102 725 illa
3127 670 3340 723 Patrem
3371 683 3433 721 ac
3465 666 3665 734 Regem

2081 776 2348 831 ou'inium.
2378 782 2487 825 tam
2523 786 2711 824 eorum
2747 767 2979 827 scilicet,
3003 779 3125 833 quae
3166 762 3353 816 eadem
3388 774 3509 812 cum
3549 759 3667 825 ipso

2081 877 2278 920 natura
2334 871 2610 924 constant,
2671 861 2775 913 hoc
2835 864 2919 911 est
2979 855 3363 915 animatormn,
3410 865 3530 918 qua:
3592 848 3668 900 illi

2080 957 2270 1010 dextra
2316 961 2659 1024 nuncupant,
2705 965 2867 1019 quam
2911 963 3099 1002 eorum
3140 961 3262 1014 qua:
3296 960 3360 996 ex
3387 941 3671 994 allectione

2082 1061 2144 1098 ac
2205 1045 2428 1098 materia
2497 1049 2939 1110 componuntur,
2992 1051 3112 1105 quae
3173 1035 3394 1088 sinistra
3451 1035 3668 1083 voeant.

2080 1136 2214 1189 Nam
2248 1137 2526 1197 universa,
2558 1150 2682 1202 qua:
2724 1140 2846 1202 post
2883 1132 3061 1199 ipsum
3111 1127 3462 1185 exstiterunt,
3493 1123 3560 1176 ab
3607 1137 3672 1174 eo

2081 1228 2269 1281 dicunt
2296 1226 2493 1286 ellicta,
2526 1241 2648 1278 cum
2683 1241 2709 1276 a
2747 1224 2912 1276 Matre
2939 1221 3104 1274 tacite
3125 1220 3189 1272 ad
3217 1218 3266 1271 id
3292 1225 3434 1271 esset
3468 1216 3670 1283 icipul-

2083 1332 2178 1370 sus
2205 1334 2216 1368 :
2253 1331 2316 1368 ac
2344 1323 2629 1383 propterea
2667 1312 3016 1380 Mctropator,
3049 1315 3102 1360 et
3133 1307 3356 1374 Apator,
3381 1311 3433 1356 et
3469 1300 3673 1356 Condi-

2083 1418 2169 1462 tor
2196 1424 2259 1461 ac
2306 1409 2510 1460 Parens
2560 1406 2885 1475 appellatur.
2942 1401 3266 1455 Dextrorum
3305 1395 3578 1458 videlicet,
3616 1392 3669 1447 id

2081 1509 2164 1554 est
2204 1499 2384 1552 anima
2421 1497 2795 1568 praeditorum,
2835 1493 3078 1557 Parens;
3111 1490 3472 1544 Sinistrorum
3521 1499 3668 1548 vero,

2081 1594 2186 1645 hoc
2226 1599 2309 1645 est
2352 1597 2732 1644 concretorum
2780 1602 2903 1641 cum
2953 1583 3203 1644 Materia,
3247 1580 3547 1640 Conditor;
3607 1592 3672 1629 ac

2085 1685 2196 1736 “ex
2259 1684 2475 1738 demum
2532 1683 2931 1735 universorum.
2995 1675 3272 1747 Siquidem
3315 1671 3671 1742 Enthymesin

2085 1777 2229 1828 illam
2256 1774 2512 1844 produnt,
2545 1789 2668 1826 cum
2701 1773 2765 1825 ad
2795 1770 3031 1824 Aionum
3066 1770 3324 1821 honorem
3357 1773 3408 1818 et
3442 1763 3671 1831 gloriam

394 1880 562 1949 μένην
607 1881 711 1934 ὑπὸ
746 1882 839 1934 τοῦ
877 1882 1240 1954 Δημιουργοῦ,
1274 1881 1462 1933 τοῦτον
1505 1879 1562 1931 δὲ
1607 1877 1699 1929 τοῦ
1754 1889 1972 1945 μονογε-

2082 1869 2252 1920 moliri
2282 1867 2463 1919 omnia
2511 1874 2758 1933 cuperet,
2801 1875 2979 1916 certas
3026 1874 3214 1914 eorum
3252 1859 3516 1924 imagines
3557 1853 3672 1907 edi—

387 1968 515 2035 νοῦς
545 1973 698 2039 Υἱοῦ,
731 1975 838 2027 τῶν
866 1975 923 2028 δὲ
949 1975 1149 2028 λοιπῶν
1182 1973 1400 2026 Λῖῶνων
1444 1972 1571 2034 τοὺς
1601 1970 1704 2022 ὑπὸ
1728 1967 1930 2020 τούτων
1957 1966 1976 1994 ⁸

387 2065 678 2131 γεγονότας
701 2066 1072 2136 ἀρχαγγέλους
1096 2083 1154 2118 τε
1187 2067 1280 2118 καὶ
1303 2065 1586 2132 ἀγγέλους,

2084 1961 2252 2019 disse,
2281 1959 2359 2011 vel
2408 1973 2501 2027 per
2542 1959 2715 2025 ipsam
2758 1956 2940 2024 potius
2995 1952 3047 2006 id
3091 1953 3266 2020 egisse
3311 1948 3668 2007 Salvatorem,

2087 2051 2328 2118 adeoque
2360 2049 2506 2100 illam
2541 2048 2594 2100 in
2621 2046 2794 2115 eliigie
2831 2044 3011 2098 Patris
3047 2043 3138 2112 qui
3170 2042 3452 2095 oculorum
3493 2041 3669 2092 vismn

386 2157 595 2228 effugit,
627 2161 938 2223 retinuisse,
988 2171 1045 2214 ut
1082 2175 1200 2214 eam
1237 2159 1460 2212 minime
1501 2156 1768 2210 Conditor
1831 2154 2216 2218 cognosceret;
2288 2142 2431 2194 hunc
2467 2155 2597 2193 vero
2639 2139 2704 2191 ad
2760 2138 3008 2207 unigena:
3042 2133 3162 2188 Filii
3199 2153 3212 2187 :
3249 2135 3314 2186 ad
3351 2141 3669 2186 cancrorum

388 2253 626 2308 Aionum
662 2257 1097 2320 sin'lilitudinem,
1135 2257 1306 2310 factos
1348 2257 1415 2308 ab
1452 2255 1516 2306 iis
1549 2253 1709 2322 186
1747 2243 2106 2314 archangelos
2142 2239 2471 2309 angelusque
2503 2236 2795 2304 prodiisse.

459 2348 678 2419 Πατέρα
701 2345 792 2401 οὖν
823 2350 916 2402 καὶ
941 2349 1070 2401 Θεὸν
1105 2348 1350 2416 λέγουσιν
1376 2348 1536 2401 αὑτὸν
1563 2343 1841 2413 γεγονέναι
1865 2338 1972 2392 τῶν

387 2439 544 2500 ἐκτὸς
567 2439 659 2491 τοῦ
692 2439 1076 2511 πληρώματος,
1124 2441 1353 2511 ποιητὴν
1398 2439 1523 2491 ὅντα
1570 2438 1786 2490 πάντων
1816 2433 1976 2502 ψυχι-

387 2529 500 2580 κῶν
524 2547 583 2582 τε
612 2532 708 2583 καὶ
743 2532 962 2584 ὑλικῶν.
995 2532 1355 2603 Διακρίναντα
1383 2534 1493 2601 γὰρ
1532 2529 1631 2592 τὰς
1671 2527 1764 2580 δύο
1792 2525 1977 2586 οὐσίας

393 2621 823 2692 συγκεχυμένας,
866 2623 958 2676 καὶ
998 2623 1056 2688 ἐξ
1087 2624 1394 2693 ἀσωμάτων
1434 2620 1978 2691 σωματοποιήσαντα,

387 2712 911 2784 δεδημιουργηκέναι
947 2716 1016 2769 τά
1053 2734 1111 2768 τε
1155 2717 1380 2787 οὐράνια
1415 2717 1508 2768 καὶ
1547 2715 1614 2767 τὰ
1659 2715 1840 2783 γήϊνα,
1881 2711 1977 2763 καὶ

387 2808 667 2872 γεγονέναι
705 2807 903 2860 ὑλικῶν
951 2809 1042 2862 καὶ
1082 2808 1348 2879 ψυχικῶν,
1396 2807 1585 2872 δεξιῶν
1626 2806 1720 2858 καὶ
1761 2805 1977 2873 ἀριστε-

393 2895 498 2964 ρῶν
525 2897 875 2969 δημιουργὸν,
909 2900 1126 2968 κούφων
1162 2902 1254 2954 καὶ
1287 2901 1520 2971 βαρέων,
1559 2897 1853 2968 ἀνωφερῶν
1883 2897 1976 2951 καὶ

388 2991 740 3060 κατωςςερῶν.
799 2993 971 3045 Ἑπτὰ
1026 2993 1134 3065 γὰρ
1181 2992 1444 3064 οὐρανοὺς
1494 2991 1972 3052 κατεσκευακέναι,

389 3069 466 3129 ὧν
516 3081 697 3132 ἐπάνω
747 3083 836 3134 τὸν
889 3084 1226 3154 Δημιουργὸν
1280 3079 1414 3135 εἶναι
1460 3081 1703 3150 λέγουσι·
1750 3082 1844 3132 καὶ
1887 3079 1975 3133 διὰ

388 3171 547 3224 τοῦτο
579 3173 876 3243 Ἐϐδομάδα
912 3174 1166 3228 καλοῦσιν
1200 3176 1382 3234 αὑτὸν,
1405 3175 1501 3241 τὴν
1545 3174 1601 3225 δὲ
1645 3172 1777 3242 μητέ

401 3263 655 3334 Ἀχαμὼθ
697 3266 978 3331 Ὀγδοάδα,
1033 3267 1422 3331 ἀποσώζουσαν
1469 3267 1558 3318 τὸν
1602 3265 1832 3336 ἀριθμὸν
1879 3263 1973 3316 τοῦ

390 3356 686 3425 ἀρχεγόνου
717 3357 759 3420 ³,
799 3360 892 3410 καὶ
933 3359 1037 3429 πρὸ
1079 3359 1178 3429 τῆς
1221 3359 1313 3411 τοῦ
1356 3357 1720 3428 πληρώματος
1757 3355 1976 3423 ὐγδοά-

391 3445 500 3507 δος.
533 3448 670 3510 Τοὺς
690 3447 745 3500 δὲ
768 3450 907 3502 ἑπτὰ
932 3452 1191 3521 οὐρανοὺς
1215 3451 1232 3481 ³
1263 3451 1362 3502 οὑκ
1382 3447 1518 3501 εἶναι
1540 3448 1761 3519 νοητούς
1791 3465 1974 3515 φασιν.

405 3537 694 3605 Ἀγγέλους
723 3539 778 3590 δὲ
808 3541 1003 3602 αὑτοὺς
1022 3542 1390 3604 ὑποτίθενται,
1416 3542 1508 3594 καὶ
1529 3540 1618 3592 τὸν
1637 3538 1978 3609 Δημιουργὸν

392 3627 450 3683 δὲ
481 3631 572 3682 καὶ
603 3631 761 3682 αὑτὸν
788 3632 1014 3699 ἄγγελον
1041 3632 1158 3701 Θεῷ
1188 3633 1406 3684 ἐοικότα
1429 3649 1438 3658 ·
1465 3631 1538 3693 ὡς
1565 3631 1656 3682 καὶ
1685 3630 1774 3682 τὸν
1804 3631 1981 3699 παρά-

393 3720 567 3773 δεισον
607 3723 745 3791 ὑπὲρ
777 3724 958 3794 τρίτον
993 3725 1217 3794 οὐρανὸν
1255 3725 1402 3786 ὄντα,
1450 3725 1711 3794 τέταρτον
1752 3723 1980 3790 ἄγγελον

395 3811 610 3880 λέγουσι
639 3814 863 3884 δυνάμει
911 3816 1196 3886 ὑπάρχειν,
1230 3817 1322 3867 καὶ
1349 3815 1456 3868 ἀπὸ
1492 3814 1682 3866 τούτου
1736 3832 1786 3865 τι
1835 3813 1980 3882 εἰλη-

397 3904 554 3970 φέναι
604 3905 696 3956 τὸν
738 3905 1325 3976 Ἀδαμδιατετριφότα
1389 3906 1445 3958 ἐν
1494 3903 1660 3973 αὑτῷ·
1701 3904 1881 3956 Ταῦτα
1922 3903 1978 3954 δὲ

393 3996 485 4045 τὸν
524 3995 862 4066 Δημιουργὸν
910 3997 1206 4064 φάσκουσιν
1250 3995 1344 4064 ἀφ’
1381 3984 1576 4048 ἑαυτοῦ
1629 3995 1724 4064 μὲν
1770 3993 1979 4062 ᾠῆσθαι

397 4084 845 4149 κατασκευάζειν.
900 4087 1256 4156 πεποιηκέναι
1307 4085 1351 4137 δ’
1401 4085 1542 4138 αὑτά
1586 4085 1688 4152 τῆς
1725 4082 1978 4153 ’Δχαμὼθ

396 4176 833 4247 προϐάλλουσης·
874 4179 1097 4247 οὐρανὸν
1145 4178 1504 4249 πεποιηκέναι
1549 4177 1622 4248 μὴ
1678 4178 1851 4230 εἰδότα
1889 4176 1982 4228 τὸν

394 4268 657 4336 οὖρανὸνθ
707 4271 801 4322 καὶ
844 4269 1124 4339 ἄνθρωπον
1167 4270 1502 4323 πεπλακέναι
1559 4271 1634 4341 μὴ
1672 4270 1850 4322 εἰδότα
1890 4268 1979 4321 τὸν

395 4359 710 4429 ἄνθρωπον
765 4361 869 4430 γῆν
903 4380 960 4414 τε
1013 4363 1303 4432 δεδειχέναι
1358 4362 1431 4432 μὴ
1483 4362 1843 4432 ἐπιστάμενον
1886 4361 1981 4432 τὴν

395 4450 516 4519 γῆν.
554 4451 661 4503 Καὶ
691 4453 782 4503 ἐπὶ
813 4454 1025 4504 πάντων
1054 4453 1223 4516 οὑτως
1245 4454 1492 4520 λέγουσιν
1519 4453 1846 4522 ἠγνοηκέναι
1882 4452 1981 4504 αὑ-

2152 2330 2517 2395 Quamobrem
2544 2327 2756 2380 Patrem
2789 2325 2938 2377 illum
2972 2337 3035 2376 ac
3063 2321 3231 2375 Deum
3263 2320 3506 2374 omnium
3536 2333 3640 2371 con
3668 2345 3673 2353 -

2083 2420 2340 2483 stituuut,
2372 2434 2493 2487 qua}
2541 2426 2694 2471 extra
2731 2417 2968 2483 pleroma
3003 2415 3362 2474 collocantur,
3398 2414 3673 2462 omnium-

2083 2500 2198 2581 que.
2219 2512 2400 2564 itidem
2428 2510 2610 2563 anima
2632 2508 2714 2562 vel
2743 2508 2966 2560 materia
2994 2506 3364 2574 praeditorum.
3397 2501 3498 2555 Ubi
3526 2502 3672 2555 enim

2085 2605 2220 2657 duas
2244 2605 2365 2657 illas
2388 2612 2610 2655 naturas
2641 2601 2780 2654 inter
2812 2616 2932 2654 sese
2957 2600 3216 2653 confusas
3244 2611 3306 2648 ac
3331 2595 3673 2664 promiscuas

2087 2693 2872 2766 segregavit,corporibusque
2921 2699 3171 2744 carentes
3205 2687 3412 2756 redegit
3456 2687 3506 2737 in
3549 2700 3673 2737 eor-

2079 2807 2209 2860 pora
2237 2807 2250 2854 ;
2282 2797 2396 2841 tum
2429 2789 2646 2842 demum
2673 2785 2918 2838 coelestia
2945 2784 3145 2853 pariter
3189 2795 3252 2833 ac
3291 2790 3522 2833 terrena
3541 2794 3674 2830 con-

2078 2883 2306 2942 didisse,
2332 2896 2395 2933 ac
2440 2878 2803 2931 materialium
2846 2885 2898 2928 et
2939 2876 3326 2931 auimatorum,
3353 2872 3670 2924 dextrorum

2079 2985 2143 3023 ac
2173 2970 2548 3030 sinistrorum,
2582 2966 2780 3020 levium
2820 2979 2883 3016 ac
2907 2963 3173 3032 gravium,
3209 2977 3398 3013 eorum
3438 2961 3672 3028 denique

2078 3078 2198 3131 quae
2225 3072 2443 3116 sursum
2492 3067 2584 3111 aut
2637 3058 2891 3112 deorsum
2943 3055 3191 3109 feruntur
3226 3053 3472 3122 opilicem
3501 3053 3673 3106 exsti-

1766 3172 1855 3243 ἔρα
1881 3171 1980 3243 τὴν
2009 3165 2053 3226 c
2084 3154 2237 3205 tisse.
2281 3151 2548 3220 Septenos
2579 3150 2780 3218 quippe
2827 3147 3080 3200 caelestes
3127 3145 3290 3198 orbes
3330 3143 3628 3198 fabricasse
3657 3163 3668 3195 :

2081 3262 2242 3316 supra
2272 3262 2410 3315 quos
2450 3244 2800 3298 Conditorem
2845 3243 3158 3302 collocant;
3214 3247 3375 3308 atque
3422 3239 3491 3292 ob
3533 3239 3675 3291 hanc

2079 3353 2301 3392 causam
2336 3335 2739 3389 llebdomadem
2783 3349 2906 3387 eum
2957 3333 3280 3386 nominant:
3321 3330 3398 3383 uti
3438 3338 3671 3384 matrem

2078 3430 2404 3489 Achamoth,
2440 3427 2774 3498 Ogdoadem,
2805 3442 2913 3495 quo
2938 3425 3273 3494 primigeniae
3303 3439 3366 3476 ac
3396 3423 3581 3492 prima:
3607 3421 3674 3473 de

2078 3522 2380 3589 pleromate
2421 3519 2696 3590 Ogdoadis
2730 3533 3016 3571 numerum
3053 3517 3363 3569 observent.
3407 3512 3577 3567 Orhes
3609 3511 3675 3563 il-

2083 3612 2163 3665 los
2192 3627 2320 3663 vero
2365 3619 2571 3678 septem
2611 3609 2882 3676 spiritales
2919 3622 3042 3661 esse
3082 3613 3404 3662 memorant.
3430 3606 3675 3670 adeoque

2081 3703 2324 3770 angelos,
2363 3707 2421 3754 ut
2453 3708 2506 3754 et
2530 3699 2883 3753 Conditorem
2911 3699 3088 3768 ipsum
3119 3698 3370 3766 angelum
3407 3696 3494 3748 Dei
3522 3697 3676 3750 simi-

2083 3795 2186 3847 lem
2215 3794 2457 3848 faciunt:
2481 3809 2540 3844 ac
2568 3792 2881 3860 paradisum
2901 3807 3118 3860 quoque
3143 3790 3233 3859 qui
3261 3804 3422 3858 supra
3453 3787 3676 3840 tertium

2081 3888 2279 3939 malum
2307 3886 2528 3946 eminet,
2553 3894 2809 3950 quartum
2840 3885 2889 3936 vi
2922 3884 3156 3950 quadam
3192 3898 3314 3936 esse
3357 3881 3554 3933 caelum
3580 3879 3674 3931 de-

2082 3975 2314 4041 iiniunt,
2364 3977 2432 4028 ab
2480 3991 2654 4044 eoque
2705 3975 2949 4028 nonnihil
3004 3975 3304 4037 Adamum,
3355 3988 3479 4026 cum
3528 3972 3673 4039 apud

2083 4068 2260 4134 ipsum
2289 4066 2526 4133 degeret,
2552 4065 2850 4133 accepisse.
2881 4065 3149 4118 Cmterum
3185 4063 3368 4116 omnia
3403 4063 3504 4115 ista
3531 4062 3677 4115 Con—

2081 4158 2311 4210 ditorem
2337 4165 2558 4224 putasse
2581 4157 2628 4208 vi
2659 4172 2716 4209 se
2740 4158 2956 4224 propria
2980 4171 3043 4208 ac
3073 4170 3172 4209 sua
3201 4152 3527 4223 perfecisse:
3550 4167 3674 4204 cum

2082 4250 2299 4302 interim
2330 4248 2630 4300 Achamoth
2666 4250 2920 4301 universa
2953 4248 3296 4316 produceret,
3324 4245 3412 4298 ille
3441 4260 3566 4298 vero
3601 4245 3677 4296 ita

2082 4343 2280 4394 emlum
2332 4342 2637 4402 moliretur,
2673 4348 2730 4392 ut
2772 4341 2968 4393 (:(elmn
3015 4340 3238 4393 omnino
3281 4340 3554 4392 nesciret:
3601 4336 3674 4388 ita

2082 4431 2358 4484 hominem
2398 4431 2679 4492 formaret,
2703 4440 2761 4483 ut
2785 4431 3056 4483 hominem
3085 4430 3396 4498 ignoraret:
3435 4428 3678 4496 ignarus-

393 4541 503 4592 τῶν
529 4542 549 4571 ⁵
580 4543 678 4606 τὰς
731 4544 890 4607 Ίδέας
935 4538 1008 4597 ῶν
1049 4546 1241 4608 ἐποίει,
1278 4546 1371 4597 καὶ
1407 4544 1574 4614 αὑτὴν
1604 4545 1700 4614 τὴν
1729 4542 1978 4611 Μητέρα.

2088 4539 2195 4593 que
2265 4531 2424 4576 terra:
2492 4522 2731 4585 demum,
2765 4531 2965 4577 terram
3004 4521 3359 4574 nihilominus
3405 4520 3674 4580 ellieeret;

395 4634 565 4686 Αὑτὸν
603 4635 659 4687 δὲ
691 4635 848 4705 μόνον
872 4637 1083 4706 ᾠῆσθαι
1115 4637 1292 4689 πάντα
1339 4632 1495 4688 εἶναι.
1533 4635 1718 4686 Αἰτίαν
1756 4634 1801 4686 δ’
1833 4631 1980 4702 αὑτῷ

397 4728 678 4796 γεγονέναι
715 4730 811 4798 τὴν
852 4730 1080 4800 Μητέρα
1116 4731 1213 4799 τῆς
1247 4731 1474 4800 οἰήσεως
1509 4729 1711 4797 ταύτης
1743 4725 1979 4794 φάσκου-

399 4837 472 4882 σι,
500 4819 598 4890 την
638 4819 779 4871 οὑτω
807 4819 1157 4889 βουληθεῖσαν
1207 4823 1538 4891 προαγαγεῖν
1583 4819 1763 4879 αὑτὸν,
1805 4833 1976 4886 κειρα-

364 4947 365 4950 η
397 4906 494 4976 λὴν
529 4909 624 4977 μὲν
655 4910 746 4960 καί
775 4910 948 4978 ἀρχὴν
985 4909 1084 4979 τῆς
1136 4910 1269 4972 ἰδίας
1316 4910 1522 4971 οὐσίας.
1560 4909 1745 4979 κύριον
1785 4908 1842 4960 δὲ
1880 4911 1976 4975 τῆς

397 5002 526 5071 ὅλης
583 5002 985 5071 πραγματείας.
1042 5002 1256 5072 Ταύτην
1325 5001 1382 5053 δὲ
1438 5001 1538 5071 τὴν
1599 5001 1824 5070 Μητέρα
1886 5000 1980 5051 καὶ

409 5090 671 5157 Ὀγδοάδα
704 5090 956 5154 καλοῦσι,
999 5093 1092 5144 καὶ
1123 5081 1342 5158 Σοφίαν,
1369 5093 1462 5143 καὶ
1492 5091 1621 5160 Γῆν,
1653 5091 1745 5142 καὶ
1784 5090 1982 5160 Ἰερου-

400 5181 602 5251 σειλὴμ,
655 5183 747 5234 καὶ
800 5183 951 5250 ἅγιον
1007 5181 1251 5252 Πνεῦμα,
1288 5184 1381 5235 καὶ
1426 5183 1629 5256 Κύριον
1658 5182 1980 5253 ἀρσενικῶς.

401 5275 585 5342 Ἕχειν
614 5274 668 5326 δὲ
693 5274 784 5326 τὸν
811 5275 910 5344 τῆς
951 5277 1246 5344 μεσότητος
1277 5276 1438 5328 τόπον
1482 5276 1668 5346 αὑτὴν,
1713 5276 1806 5328 καὶ
1847 5271 1985 5327 εἶναι

398 5366 654 5435 ὑπεράνω
709 5367 806 5436 μὲν
850 5367 943 5420 τοῦ
986 5369 1350 5439 Δημιονδργοῦ,
1389 5369 1644 5421 ὑποκάτω
1681 5367 1823 5438 δὲ,ἢ
1877 5368 1981 5434 ἔξω

396 5453 489 5506 τοῦ
525 5455 887 5526 πληρώματος
921 5458 1081 5530 μέχρι
1115 5458 1440 5520 συντελείας.

493 5785 670 5859 ‘_lren.
727 5789 843 5859 μετ’
912 5790 1090 5844 αὑτόν.
1197 5790 1300 5844 ’F.
1338 5789 1545 5843 τούτου.

401 5855 561 5912 αὐτόν
570 5895 584 5910 .

1646 5789 1665 5819 ³
1695 5807 1782 5859 rp.
1847 5789 1972 5852 τοὺς
2012 5785 2361 5859 ἀρχεγόνους.

2084 4625 2245 4684 atque
2278 4616 2380 4668 hoc
2410 4625 2568 4685 pacto
2598 4615 2652 4668 in
2681 4615 2827 4667 omni
2868 4629 3048 4667 rerum
3092 4629 3289 4682 genere
3326 4627 3513 4667 eorum
3553 4624 3681 4680 qua}

2082 4707 2287 4761 faceret
2312 4705 2483 4768 ldeas,
2506 4707 2790 4775 ipsamque
2813 4707 2949 4760 adeo
2977 4706 3197 4759 Matrem
3229 4706 3448 4758 minime
3471 4718 3675 4773 cogno-

2081 4801 2258 4863 visse;
2285 4816 2342 4853 se
2368 4815 2496 4852 vero
2527 4815 2694 4851 unum
2726 4799 3012 4868 complecti
3034 4799 3214 4850 omnia
3241 4811 3558 4866 persuasmu
3585 4796 3680 4848 ha-

2081 4893 2286 4946 buisse.
2318 4890 2488 4959 Cujus
2520 4891 2596 4943 illi
2628 4891 2952 4960 arrogantiae
2976 4905 3195 4944 causam
3222 4905 3249 4941 a
3289 4889 3456 4941 Matre
3486 4889 3682 4957 praabi—

2081 4999 2190 5057 lam
2213 4982 2404 5046 fuisse,
2439 4997 2561 5051 quae
2595 4982 2696 5035 hoc
2730 4983 2878 5034 illmn
2916 4983 3078 5035 modo
3103 4996 3388 5048 procreare
3418 4980 3672 5044 voluerit,

2081 5083 2139 5128 ut
2173 5076 2407 5145 propriae
2423 5082 2630 5126 natura:
2651 5081 2888 5142 caputac
2911 5075 3184 5142 princeps,
3203 5073 3478 5138 totiusque
3499 5071 3678 5123 domi-

2082 5183 2186 5220 nus
2221 5167 2400 5234 operis
2433 5165 2738 5220 exsisteret.
2787 5165 3042 5218 Eamdem
3090 5165 3316 5232 insuper
3353 5163 3576 5215 Matrem
3623 5171 3680 5216 et

2083 5260 2392 5330 Ogdoadem
2450 5265 2664 5320 vocant,
2723 5264 2776 5311 et
2833 5256 3187 5326 Sapientiam,
3235 5264 3288 5309 et
3344 5253 3590 5317 Terram,
3626 5265 3680 5310 et

2089 5350 2450 5414 Hierusalem,
2480 5359 2533 5404 et
2565 5348 2829 5417 Spiritum
2861 5359 3129 5409 sanctum,
3162 5355 3216 5401 et
3251 5346 3558 5401 masculino
3591 5362 3677 5415 ge-

2088 5461 2216 5496 nere
2242 5443 2550 5497 Dominum.
2586 5442 2685 5496 Cui
2719 5443 2770 5494 in
2809 5440 2988 5494 media
3023 5440 3243 5509 regione
3273 5440 3565 5492 stationem
3591 5445 3679 5490 at-

2091 5537 2360 5595 tribuunt,
2409 5543 2465 5587 ut
2506 5533 2804 5587 Conditore
2849 5533 3210 5602 superiorem,
3261 5531 3342 5586 sic
3385 5531 3558 5593 infra,
3595 5530 3678 5584 vel

2087 5636 2240 5682 extra
2268 5628 2509 5696 pleroma
2546 5625 2615 5680 ad
2658 5624 2844 5678 mundi
2885 5626 3040 5679 linem
3079 5640 3252 5694 usque
3300 5625 3676 5679 constitutam.

2460 5785 2480 5817 ⁴
2523 5782 2662 5840 lren.
2720 5783 2980 5853 οὐρανοὺς
3041 5780 3177 5838 εἶναι
3233 5782 3476 5854 νοητούς.
3569 5783 3588 5814 ⁵
3615 5780 3677 5837 F.
