4170 6372
543 358 640 412 5η

1933 367 1976 420 S
2033 369 2373 426 ΕΡΙΡΗΑΝΙΙ

3715 381 3823 438 512

533 491 536 495 ’
617 475 754 536 XIX.
803 479 969 549 Igitur
1015 479 1456 550 quandoquidem
1516 489 1764 538 naturam
1819 485 1969 542 illam
2011 503 2107 558 qua

2307 490 2409 544 18'.
2449 490 2600 544 Ἐπεὶ
2655 486 2749 545 οὖν
2795 491 2893 564 τὴν
2949 493 3136 566 ὑλικὴν
3181 496 3368 549 οὐσίαν
3405 499 3470 551 ἐκ
3505 498 3674 570 τριῶν
3717 519 3793 552 πα

541 572 768 626 materia
828 581 1063 637 constat,
1124 574 1323 642 triplici
1391 576 1804 645 perturbatione
1859 581 2129 636 contineri

541 671 819 729 asserunt,
849 672 1015 727 metu,
1053 665 1240 720 dolore
1274 683 1339 720 ac
1387 669 1586 723 mentis
1627 670 1837 740 in0pia;
1888 688 1953 727 ex
1982 683 2128 728 metu

541 772 604 808 ac
637 758 998 812 conversione
1042 760 1298 813 animalia
1342 778 1571 831 qumque
1610 776 1964 834 componunt.
1993 766 2127 822 Nam

538 864 605 902 ex
639 850 1376 919 conversione_Conditorem
1410 856 1650 923 genitum
1697 874 1760 911 ex
1821 869 1970 914 metu
2002 861 2128 914 reli-

540 954 702 1007 quam
738 940 896 1009 187
928 955 1142 994 omnem
1188 943 1476 999 animalem
1523 948 1889 1003 substantiam
1939 951 2128 1004 existi-

541 1039 727 1084 mant:
761 1032 1066 1099 cujusmodi
1093 1041 1220 1086 sunt
1247 1036 1455 1090 ratione
1483 1039 1785 1091 carentium
1807 1040 2124 1106 bestiarum,

537 1129 592 1174 et
620 1121 855 1176 ferarum
888 1131 1050 1194 atque
1095 1125 1373 1180 hominum
1422 1129 1635 1184 animae.
1679 1130 1971 1200 Propterea
2001 1151 2122 1189 cum

533 1213 604 1265 ad
639 1215 907 1283 spiritalia
955 1217 1202 1286 quaedam
1254 1221 1628 1288 pernoscenda
1667 1222 1994 1278 imbecillior
2046 1225 2126 1280 fo-

533 1311 638 1364 ret,
669 1305 843 1357 solum
888 1320 948 1358 se
980 1321 1102 1359 esse
1138 1305 1305 1360 Deum
1351 1310 1694 1375 arbitratum,
1748 1329 1811 1365 ac
1852 1331 1946 1382 per
2001 1332 2125 1385 pro-

531 1397 726 1462 phetas
755 1397 992 1452 edixisse
1031 1416 1042 1451 :
1081 1398 1190 1468 Ego
1232 1399 1394 1466 Deus,
1423 1414 1616 1468 prwter
1643 1422 1723 1459 me
1767 1407 1944 1461 nullus
1984 1409 2123 1463 alius

529 1496 609 1539 est
647 1489 682 1540 ‘.
717 1487 790 1541 Ex
823 1491 1032 1558 reliquo
1063 1507 1227 1561 porro
1255 1495 1726 1562 perturbationum
1757 1516 1976 1570 genere,
2013 1503 2122 1570 spi-

529 1580 749 1634 ritualia
801 1585 1058 1652 nequitiae
1106 1599 1388 1655 procreata
1426 1610 1438 1644 :
1483 1591 1718 1661 imleque
1755 1601 1809 1646 et
1845 1595 2119 1648 diabolum

527 1679 802 1735 exortum,
844 1691 1004 1744 quem
1062 1678 1460 1734 moderatorem
1509 1685 1698 1738 mundi
1751 1684 1979 1749 faciunt,
2013 1705 2120 1742 una

522 1777 653 1816 cum
686 1765 970 1821 daemoniis
1000 1777 1053 1821 et
1097 1771 1326 1838 angelis,
1370 1783 1672 1844 caeteraque
1705 1779 1852 1831 omni
1885 1781 2116 1848 spiritali

522 1857 786 1925 nequitiae
817 1859 1146 1914 substantia.
1175 1860 1375 1916 Verum
1409 1865 1757 1920 Conditorem
1795 1871 1970 1939 ipsum
2001 1874 2118 1925 ani-

525 1953 721 2005 malem
755 1953 942 2010 Matris
970 1956 1134 2010 lilium
1158 1973 1278 2013 esse
1313 1961 1523 2025 dicunt,
1555 1964 1955 2021 moderatorem
1988 1984 2115 2022 vero

524 2041 712 2092 llllllldi
749 2044 1023 2111 quoddam
1060 2063 1197 2117 opus
1241 2047 1578 2108 Conditoris.
1625 2055 1702 2109 Ac
1754 2057 1940 2111 mundi
1984 2074 2114 2114 sane

525 2139 790 2187 rectorem
823 2153 943 2205 qua:
975 2155 1140 2209 supra
1173 2158 1232 2198 se
1285 2144 1416 2210 sint,
1453 2153 1640 2215 utpote
1668 2150 1924 2218 nequitia:
1960 2153 2114 2220 spiri-

521 2232 658 2286 tum,
708 2225 1042 2297 intelligere;
1099 2233 1472 2303 Conditorem,
1523 2240 1667 2307 quod
1717 2243 1969 2296 animalis
2020 2244 2111 2306 sit,

524 2317 778 2384 ignorare
821 2318 1140 2378 defendunt.
1183 2324 1426 2392 Quorum
1473 2331 1634 2383 etiam
1679 2331 1902 2387 Matrem
1948 2351 2111 2404 supra

521 2409 720 2462 cmlum
762 2411 1007 2468 habitare
1051 2418 1231 2471 medio
1277 2420 1512 2489 quodam
1564 2422 1723 2488 loco;
1759 2423 2109 2481 Conditorem

517 2516 650 2553 vero
681 2502 734 2555 in
767 2503 884 2573 ipso
911 2507 1070 2572 coelo,
1113 2511 1370 2565 nimirum
1420 2513 1473 2566 in
1509 2515 1871 2572 hebdomade.
1924 2518 2108 2574 Mundi

519 2598 787 2646 rectorem
821 2594 1057 2665 denique
1098 2599 1150 2651 in
1205 2601 1309 2655 hoc
1349 2601 1610 2659 inferiore
1645 2608 1848 2660 mundo
1891 2620 2110 2662 nostro-

517 2696 626 2748 que
655 2684 881 2736 versari.
915 2683 1035 2738 Jam
1069 2703 1198 2741 vero
1229 2705 1258 2743 e
1289 2699 1513 2760 stupore
1548 2708 1613 2747 ac
1657 2697 1868 2748 consilii
1905 2699 2106 2768 inopia,

517 2778 776 2841 tanquam
807 2791 870 2828 ex
903 2776 1241 2847 ignobiliore,
1274 2799 1564 2853 corporea,
1600 2794 1657 2839 ut
1688 2797 1814 2843 ante
1844 2789 2104 2856 diximus,

517 2864 706 2917 rutundi
746 2866 1012 2922 elementa
1051 2873 1341 2939 prodiisse.
1389 2875 1464 2928 Ita
1517 2893 1582 2931 ex
1619 2881 1862 2934 attonita:
1909 2884 2106 2938 mentis

516 2962 660 3008 statu
703 2964 946 3014 terram:
981 2976 1178 3031 aquam
1222 2980 1253 3019 e
1310 2967 1564 3037 lacrymis
1606 2985 1744 3038 quas
1795 2981 1970 3026 metus
2012 2991 2106 3028 ex-

513 3057 786 3112 cusserat,
819 3065 998 3105 aerem
1033 3068 1096 3107 ex
1133 3054 1342 3111 doloris
1383 3060 1755 3126 concretione,
1787 3062 1963 3133 ignem
2004 3065 2102 3118 de-

513 3138 681 3207 nique
725 3142 982 3198 omnibus
1030 3145 1428 3216 ingeneratum,
1463 3151 1612 3205 velut
1664 3165 1892 3207 mortem
1939 3163 2104 3226 atque

511 3232 764 3300 exitium,
795 3237 1020 3304 perinde
1050 3249 1213 3310 atque
1255 3243 1433 3298 tribus
1473 3247 1978 3314 perturbationibus
2018 3252 2103 3305 in-

514 3331 715 3378 sertam
751 3325 1114 3396 ignorantiam
1144 3333 1360 3388 docent.
1771 3387 1776 3389 .

581 3414 663 3468 Ad
688 3416 823 3481 hare,
848 3419 1095 3475 absoluta
1120 3427 1309 3480 mundi
1334 3427 1562 3493 fabrica,
1592 3429 1796 3485 luteum
1825 3432 2101 3489 hominem

510 3515 542 3555 a
576 3502 873 3561 Conditore
904 3509 1113 3574 ﬁctum,
1147 3528 1255 3567 non
1286 3530 1369 3568 ex.
1391 3519 1537 3572 sicca
1567 3520 1658 3573 illa
1693 3528 1877 3576 tamen
1913 3523 2098 3585 humo,

510 3592 604 3645 sed
637 3609 704 3646 ex
740 3597 916 3650 visum
954 3598 1193 3668 fugiente
1234 3604 1566 3672 substantia,
1623 3625 1748 3664 cum
1803 3626 1868 3665 ex
1904 3611 2102 3667 diﬂusa

509 3683 826 3755 liquidaque
879 3693 1122 3746 materia:
1165 3703 1318 3762 parte
1370 3700 1716 3768 sumpsisset,
1765 3710 1820 3756 et
1873 3703 1924 3756 in
1977 3720 2100 3758 eum

511 3772 786 3830 hominem
837 3779 1123 3834 animalem
1168 3783 1398 3838 alterum
1445 3786 1788 3856 inspirasset.
1835 3788 2102 3860 Huncque

509 3866 648 3920 adeo
683 3867 858 3936 ipsum
888 3870 1039 3923 illum
1072 3887 1216 3936 esse,
1252 3875 1343 3943 qui
1374 3876 1440 3930 ad
1474 3877 1765 3948 imaginem
1813 3895 1877 3934 ac
1913 3882 2103 3936 simili-

513 3957 758 4013 tudinem
789 3960 858 4012 sit
883 3977 1196 4030 expressus.
1223 3964 1358 4019 Nam
1401 3967 1469 4022 ad
1507 3970 1795 4041 imaginem
1824 3989 1947 4026 eum
1979 3990 2103 4029 esse

510 4046 736 4114 factum,
765 4051 856 4120 qui
894 4055 1119 4107 materia
1152 4064 1385 4120 constat,
1413 4060 1617 4129 quique
1651 4061 1724 4114 ita
1772 4060 1870 4114 Dei
1905 4063 2100 4118 similis

510 4137 602 4199 sit,
632 4147 690 4191 ut
715 4141 960 4194 eamdem
985 4158 1106 4196 cum
1131 4145 1248 4213 ipso
1271 4155 1522 4200 naturam
1555 4150 1776 4204 minime
1799 4153 2097 4220 sortiatur;

510 4225 804 4281 animalem
853 4246 982 4284 vero
1038 4233 1104 4286 ad
1160 4234 1573 4290 similitudinem
1631 4238 1902 4308 etlictum;
1957 4242 2102 4296 unde

509 4318 672 4370 etiam
697 4320 819 4374 vitae
846 4323 1100 4390 spiritum
1124 4325 1244 4394 ejus
1274 4328 1534 4399 appellari
1559 4330 1948 4400 substantiam,
1981 4349 2102 4403 quae.

507 4423 576 4461 ex
609 4411 837 4477 spiritali
875 4415 1110 4482 quadam
1138 4417 1375 4476 ﬂuxione
1406 4423 1650 4492 profecta
1686 4427 1776 4481 sit.
1814 4426 2100 4483 Postremo

2233 579 2341 632 θῶν
2375 583 2630 650 συστῆναι
2659 583 2893 651 λέγουσι,
2927 586 3092 654 φόϐου
3129 603 3189 638 τε
3234 589 3326 640 xui
3349 588 3524 658 λύπης
3555 591 3648 642 xui
3677 590 3833 673 ’ἆποιε

2235 672 2374 742 ρίας,
2402 674 2466 725 ἐκ
2497 675 2593 744 μὲν
2623 675 2714 727 τοῦ
2764 676 2929 744 φόϐου
2976 680 3070 731 xui
3107 680 3205 749 τῆς
3245 683 3580 752 ἐπιστροφῆς
3618 683 3688 735 τὰ
3715 684 3818 752 ψυ-

2231 764 2359 833 xm
2393 764 2490 834 τὴν
2522 766 2782 819 σύστασιν
2832 769 3129 839 εἰληφέναι,
3173 774 3237 824 ἐκ
3275 773 3374 843 μὲν
3421 774 3521 843 τῆς
3564 776 3821 845 ἐπιστρο-

2231 854 2336 923 φῆς
2372 853 2462 905 τὸν
2501 857 2839 926 Δημιουργδν
2870 858 3146 927 βούλονται
3193 862 3289 931 τὴν
3332 863 3545 930 γένεσιν
3586 865 3820 935 ἐσχηκέ-

2231 960 2337 1007 ναι,
2374 946 2437 996 ἐκ
2467 945 2522 998 δὲ
2555 945 2648 998 τοῦ
2680 947 2845 1014 φόϐου
2873 952 2971 1020 τὴν
2995 949 3184 1021 λοιπὴν
3219 957 3398 1006 πᾶσαν
3425 955 3662 1026 ψυχικὴν
3693 956 3820 1010 ὑπό-

2232 1054 2441 1103 στασιν,
2492 1040 2567 1104 ὡς
2600 1041 2776 1113 ψυχὰς
2820 1044 3028 1112 ἀλόγων
3083 1044 3256 1109 ζώων,
3302 1049 3395 1100 xui
3441 1048 3667 1118 θηρίων,
3722 1050 3820 1102 xui

2228 1129 2554 1200 ἀνθρώπων.
2586 1135 2684 1186 Διὰ
2727 1135 2884 1188 τοῦτο
2930 1137 3262 1208 ἀτονώτερον
3305 1140 3466 1192 αὑτὸν
3501 1141 3818 1212 ὑπάρχοντα

2229 1220 2363 1290 πρὸς
2393 1222 2452 1274 τὸ
2479 1223 2766 1290 γινώσκειν
2790 1228 2908 1280 τινὰ
2939 1231 3306 1299 πνευματικὰ,
3337 1232 3500 1284 αὑτὸν
3532 1235 3818 1303 νενομικέ-

2227 1330 2314 1364 ναι
2353 1314 2512 1381 μόνον
2545 1310 2685 1368 εἶναι
2713 1317 2864 1381 Θεὸν,
2896 1321 2987 1372 xui
3019 1321 3105 1376 διὰ
3141 1323 3247 1376 τῶν
3279 1326 3573 1394 προφητῶν
3598 1328 3820 1397 εἰρηκέ-

2225 1417 2343 1453 ναι·
2408 1403 2550 1472 Ἐγὼ
2602 1405 2765 1471 Θεὸς,
2818 1407 2985 1474 πλὴν
3026 1409 3171 1478 ἐμοῦ
3216 1411 3435 1476 οὐδείς.
3479 1413 3573 1464 Ἐκ
3617 1413 3674 1464 δὲ
3717 1414 3819 1483 τῆς

2224 1489 2416 1561 λοιπῆς
2453 1493 2520 1544 τὰ
2563 1496 2907 1564 πνευματικά
2937 1497 3036 1566 τῆς
3072 1500 3335 1570 πονηρίας
3374 1501 3684 1555 διδάσκουσι
3722 1520 3816 1570 γε-

2223 1581 2466 1647 γονέναιι
2507 1580 2628 1636 ὅθεν
2671 1584 2762 1636 τὸν
2808 1585 3051 1639 διάϐολον
3093 1588 3190 1658 τὴν
3240 1591 3456 1657 γένεσιν
3497 1590 3811 1662 ἐσχηκέναι,

2222 1670 2280 1723 ὃν
2311 1674 2404 1724 xui
2443 1677 2856 1748 κοσμοκράτορα
2887 1678 3138 1748 καλοῦσις,
3184 1682 3280 1734 xui
3333 1683 3399 1735 τὰ
3431 1683 3685 1753 δαιμόνια
3719 1686 3814 1737 xui

2223 1763 2348 1826 τοὺς
2382 1765 2666 1832 ἀγγέλους,
2692 1769 2785 1821 xui
2817 1771 2998 1823 πᾶσαν
3036 1773 3133 1845 τὴν
3164 1773 3539 1844 πνευματικὴν
3573 1775 3671 1844 τῆς
3712 1793 3811 1827 πο-

2220 1854 2414 1923 νηρίας
2445 1856 2761 1911 ὑπόστασιν.
2811 1859 2971 1913 ’Λλλὰ
3008 1861 3099 1914 τὸν
3136 1861 3232 1931 μὲν
3267 1865 3611 1934 Δημιουργὸν
3651 1865 3764 1917 υἱὸν
3790 1867 3811 1896 ¹

2219 1947 2316 2014 τῆς
2358 1947 2576 2017 Μητρὸς
2629 1949 2808 2002 αὐτῶν
2863 1950 3113 2019 λέγουσι·
3165 1953 3255 2005 τὸν
3293 1954 3349 2006 δὲ
3390 1957 3812 2027 κοσμοκράτορα

2219 2034 2422 2104 κτίσμα
2448 2037 2539 2088 τοῦ
2566 2041 2927 2110 Δημιουργού
2968 2044 3074 2095 Καὶ
3115 2045 3204 2095 τὸν
3255 2047 3352 2114 μὲν
3385 2049 3808 2119 κοσμοκράτορα

2217 2126 2505 2193 γινώσκειν
2541 2131 2606 2182 τὰ
2657 2133 2795 2204 ὑπὲρ
2817 2135 2995 2198 αὐτὸν,
3028 2137 3108 2188 ὅτι
3139 2137 3357 2208 πνεῦμά
3405 2141 3521 2192 ἐστι
3554 2142 3652 2210 τῆς
3712 2160 3813 2195 πο-

2215 2222 2438 2292 νηρίας’
2467 2223 2557 2276 τὸν
2591 2224 2647 2277 δὲ
2685 2229 3022 2300 Δημιουργὺν
3048 2233 3259 2298 ἀγνοεῖν
3290 2235 3383 2286 ita
3415 2233 3618 2304 ψυχικὰ
3639 2238 3677 2266 ²⁶
3712 2238 3810 2288 ὑπ-

2216 2313 2469 2384 άρχοντα.
2504 2318 2688 2368 υἰκεῖν
2710 2317 2764 2370 δὲ
2797 2320 2896 2390 τὴν
2931 2322 3142 2392 μητέρα
3186 2326 3365 2377 αὐτῶν
3407 2329 3488 2388 είς
3525 2327 3616 2379 τὸν
3645 2329 3813 2398 ὑπερ-

2215 2407 2464 2474 ουράνιον
2537 2407 2724 2472 τόπον,
2779 2412 3056 2464 τουτέστιν
3106 2414 3163 2464 ὲν
3211 2417 3275 2484 τῇ
3343 2418 3621 2487 μεσότητι.
3703 2420 3808 2472 Τὸν

2213 2498 2549 2567 Δημιουργὺν
2580 2499 2730 2562 δέεῐς
2762 2501 2853 2553 τὸν
2877 2504 3270 2575 ὑπερουράνιον
3305 2509 3323 2538 ³
3357 2510 3492 2577 (8U),
3525 2513 3807 2564 τουτέστιν

2212 2588 2267 2639 ἐν
2306 2590 2370 2657 τῇ
2408 2588 2694 2658 ἐϐδομόιδι·
2739 2591 2828 2642 τὸν
2870 2592 2925 2644 δέ
2978 2597 3396 2666 παντοκράτορα
3430 2598 3451 2626 ⁸
3482 2601 3540 2650 ἐν
3573 2598 3653 2668 τῷ
3683 2599 3805 2651 καθ’

2209 2682 2357 2750 ἡμᾶς
2392 2682 2597 2752 κόσμῳ.
2643 2684 2735 2734 Ἐκ
2767 2684 2822 2735 δέ
2871 2686 2969 2755 τῆς
3012 2688 3328 2756 ἐκπλήξεως
3379 2692 3474 2744 xui
3516 2691 3616 2762 τῆς
3660 2694 3809 2761 ἀμη-

2211 2773 2418 2840 χανίας,
2454 2775 2529 2836 ὡς
2559 2777 2622 2827 ἐκ
2651 2775 2744 2827 τοῦ
2779 2777 3119 2849 ἀσημοτέρου
3168 2781 3237 2834 τὰ
3272 2784 3582 2852 σωματικὰ,
3621 2783 3808 2849 καθὼς

2211 2867 2573 2937 προείπαμεν,
2602 2867 2694 2920 τοῦ
2719 2870 2920 2939 κόσμου
2948 2877 3185 2942 στοιχεῖα
3214 2876 3516 2942 γεγονέναι,
3538 2876 3637 2947 τὴν
3665 2879 3764 2946 μὲν
3783 2876 3806 2910 ³

2208 2959 2350 3011 κατὰ
2373 2959 2470 3029 τῆς
2508 2959 2822 3030 ἐκπλήξεως
2863 2964 3070 3026 στάσιν,
3115 2963 3260 3036 ὕδωρ
3295 2967 3352 3018 δὲ
3390 2967 3533 3020 κατὰ
3561 2968 3660 3038 τὴν
3705 2967 3806 3020 τοῦ

2209 3049 2374 3116 φόϐου
2412 3050 2539 3119 (τῶν
2590 3052 2862 3124 δακρύων)
2915 3054 3130 3124 κίνησιν
3158 3097 3172 3119 ,
3217 3057 3354 3127 ἀέρα
3399 3075 3458 3110 τε
3503 3060 3648 3112 κατὰ
3703 3061 3805 3131 τὴν

2206 3138 2384 3210 λύπης
2411 3140 2593 3210 πῆξιν.
2630 3141 2701 3192 Τὸ
2730 3141 2785 3194 δὲ
2832 3142 2942 3214 πῦρ
2975 3144 3178 3196 ἅπασιν
3207 3147 3390 3209 αὐτοῖς
3423 3149 3805 3216 ἐκπεφυκέναι

2207 3229 2436 3284 θάνατον
2476 3233 2569 3285 xui
2610 3233 2837 3303 φθορὰν,
2870 3235 2944 3297 ὼς
2987 3238 3080 3289 xui
3115 3238 3214 3308 τὴν
3245 3239 3469 3307 ἄγνοιαν
3507 3245 3624 3304 τοῖς
3652 3244 3806 3313 τρισὶ

2205 3323 2430 3376 πάθεσιν
2465 3325 2839 3395 ἐγκεκρύφθαι
2873 3327 3207 3382 διδάσκουσι.

2275 3416 2766 3487 Δημιουργήσαντα
2809 3417 2872 3489 δὴ
2912 3418 3002 3471 τὸν
3041 3420 3245 3489 κόσμον
3295 3422 3659 3494 πεποιηκέναι
3701 3424 3801 3476 xui

2202 3503 2293 3556 τὸν
2342 3506 2624 3576 ἄνθρωπον
2673 3507 2764 3559 τὸν
2812 3509 3025 3578 χοῖκόν·
3059 3511 3160 3562 οὐκ
3208 3513 3315 3564 ἀπὸ
3362 3514 3568 3583 ταύτης
3613 3514 3671 3566 δὲ
3701 3518 3804 3584 τῆς

2204 3595 2375 3668 ξηρᾶς
2423 3598 2547 3667 γῆς,
2591 3600 2704 3652 ἀλλ’
2738 3601 2845 3654 ἀπὸ
2892 3603 2989 3672 τῆς
3033 3604 3264 3674 ἀοράτου
3299 3607 3506 3670 οὐσίας,
3557 3607 3669 3660 ἀπὸ
3703 3607 3802 3662 τοῦ

2204 3687 2507 3757 κεχυμένου
2548 3689 2640 3742 xui
2676 3691 2903 3760 ρευστοῦ
2944 3693 3042 3762 τῆς
3096 3693 3526 3765 ὕλης-λαϐόντα,
3578 3699 3674 3750 xui
3719 3703 3804 3762 εἰς

2201 3777 2388 3830 τοῦτον
2422 3781 2734 3850 ἐμφυσῆσαι
2761 3783 2850 3834 τὸν
2883 3782 3112 3852 ψυχικὸν
3147 3786 3496 3856 διορίζονται.
3536 3791 3648 3843 Καὶ
3677 3792 3805 3844 τοῦ-

2201 3887 2293 3921 τον
2341 3866 2478 3924 εἶναι
2520 3873 2610 3924 τὸν
2661 3876 2778 3925 κατ’
2821 3876 3004 3928 εἰκόνα
3053 3879 3146 3930 xui
3190 3880 3450 3948 ὁμοίωσιν
3501 3885 3799 3951 γεγονότα·

2203 3962 2321 4012 κατ’
2349 3963 2533 4014 εἰκόνα
2584 3965 2681 4030 μὲν
2721 3965 2811 4018 τὸν
2856 3966 3037 4018 ὑλικὸν
3073 3969 3364 4040 ὑπάρχειν,
3407 3975 3805 4046 παραπλήσιον

2205 4055 2324 4124 μὲν,
2362 4055 2479 4108 ἀλλ’
2515 4057 2613 4126 οὐχ
2655 4057 2938 4126 όμοούσιον
2977 4060 3053 4130 τῷ
3099 4061 3249 4133 Θεῷ·
3292 4065 3414 4118 καθ’
3453 4067 3714 4137 ὁμοίωσιν
3743 4069 3806 4123 δὲ

2200 4148 2292 4200 τὸν
2320 4148 2549 4218 ψυχικόν
2572 4167 2585 4180 ο
2616 4150 2739 4202 ὅθεν
2778 4153 2871 4204 xui
2918 4153 3137 4223 πνεῦμα
3176 4155 3323 4226 ζωῆς
3357 4158 3454 4229 τὴν
3482 4161 3673 4212 οὐσίαν
3703 4163 3804 4214 αὑσ

2199 4238 2292 4290 τοῦ
2347 4240 2638 4309 εἰρῆσθαι,
2698 4242 2762 4294 ἐκ
2823 4245 3200 4315 πνευματικῆς
3252 4249 3556 4320 ἀπορροίας
3605 4249 3801 4308 οὖσαν.

2203 4331 2468 4401 ’Ύστερον
2501 4333 2555 4384 δέ
2586 4335 2990 4404 περιτεθεῖσθαι
3022 4338 3272 4408 λέγουσιν
3299 4342 3448 4413 αὑτῴ
3477 4344 3571 4397 τὸν
3593 4344 3807 4416 δερμά-

2198 4436 2341 4472 τινον
2397 4421 2619 4490 χιτῶνα.
2665 4423 2834 4477 Τοῦτο
2872 4426 2928 4478 δὲ
2966 4428 3028 4480 τὸ
3077 4430 3335 4501 αἰσθητὸν
3379 4434 3603 4505 σαρκίον
3657 4433 3804 4492 εἶναι

509 4497 794 4564 pelliceam
831 4500 907 4553 illi
941 4506 1206 4572 tunicam,
1238 4507 1341 4562 hoc
1387 4519 1470 4565 est
1497 4528 1720 4568 carnem
1752 4515 1901 4570 illam
1931 4532 2094 4586 quam

2211 4511 2435 4579 λέγουσι.
2474 4514 2545 4564 Τὸ
2569 4514 2624 4566 δὲ
2652 4514 2841 4585 κύημα
2877 4519 2976 4588 τῆς
3015 4497 3238 4590 Μητρὸς
3280 4497 3462 4594 αὐτῆς.
3491 4529 3593 4597 τῆς
3631 4529 3804 4599 Ἀχα-

507 4587 803 4650 cernimus,
843 4605 975 4660 esse
995 4593 1409 4652 circumdatam.
1439 4598 1594 4664 Quod
1637 4619 1766 4658 vero
1806 4606 1871 4658 ad
1907 4605 2095 4662 Matris

506 4674 808 4730 Achamoth
859 4678 1027 4743 [etum
1069 4684 1234 4737 alium
1268 4689 1524 4755 pertinet,
1563 4707 1725 4759 quem
1763 4708 1827 4747 ex
1876 4696 2095 4764 angelo-

505 4781 626 4821 rum
677 4767 976 4825 Salvatoris
1031 4776 1288 4830 comitum
1351 4784 1812 4851 contemplatione
1864 4789 2093 4855 peperit,

504 4869 697 4928 estque
727 4862 1012 4929 spiritalis,
1039 4873 1202 4936 atque
1228 4867 1473 4937 ejusdem
1510 4887 1634 4926 cum
1665 4873 1836 4930 Matre
1863 4885 2090 4944 naturae,

508 4951 672 5021 188
699 4954 860 5006 etiam
893 4955 1038 5009 hunc
1087 4958 1329 5028 ignotum
1369 4961 1541 5019 fuisse
1570 4965 1850 5022 Conditori
1877 4978 2090 5039 putant,

502 5056 566 5093 ac
599 5043 737 5093 clam
770 5043 887 5110 ipso
933 5046 1212 5102 nesciente
1263 5048 1318 5102 in
1357 5052 1610 5107 eumdem
1653 5056 1984 5122 demissum,
2032 5068 2092 5114 ut

502 5145 599 5199 per
635 5132 780 5186 hunc
829 5134 886 5189 in
934 5138 1232 5205 profectam
1282 5143 1350 5197 ab
1377 5159 1442 5198 eo
1482 5147 1718 5202 animam
1759 5165 2091 5220 corpusque,

499 5221 646 5288 quod
671 5239 792 5277 cum
825 5229 1053 5282 materia
1085 5242 1398 5287 concretum
1424 5247 1530 5302 est,
1556 5247 1757 5308 satum,
1787 5243 1855 5297 ab
1880 5244 2094 5298 iisdem-

501 5329 608 5381 que
629 5315 776 5367 velut
803 5327 958 5371 utero
981 5328 1254 5389 gestatum
1285 5331 1449 5395 atque
1482 5340 1726 5394 auctum,
1763 5333 1829 5388 ad
1857 5333 1911 5386 id
1945 5335 2089 5403 quod

500 5405 804 5472 perfectum
849 5418 932 5464 est
989 5413 1360 5482 recipiendum
1435 5419 1688 5474 idoneum
1744 5423 2084 5477 redderetur.

501 5497 672 5568 Igitur
694 5503 1000 5558 admirabili
1021 5507 1278 5576 quadam,
1312 5509 1484 5578 aiunt,
1511 5513 1848 5582 providentia
1882 5515 2084 5569 factum

579 5653 909 5736 “Isa;XLvr.
933 5660 990 5736 9.
1025 5731 1042 5736 _
1066 5665 1086 5695 ³
1115 5663 1189 5736 Ir.
1209 5665 1439 5736 ψυχικὸν
1469 5668 1604 5723 υἱόν.

505 5729 557 5774 et
600 5724 690 5776 ιρι.
717 5726 993 5799 δακρύωνθ
1023 5731 1092 5786 Ir.
1127 5724 1492 5804 ειιιᾶίίλόγου.
1574 5740 1592 5769 ⁷
1628 5738 1690 5795 F.
1731 5724 2066 5811 Ἀνθρωὲος-

1680 5671 1720 5700 ²⁴
1747 5670 1842 5723 ἅτε
1880 5672 2148 5740 φυχικόνῖ
2185 5673 2210 5744 ’7
2229 5671 2286 5726 F.
2313 5677 2653 5744 ἐπουράνιον.

2207 4601 2345 4672 μὼθ,
2376 4603 2404 4654 ὃ
2432 4605 2569 4657 κατὰ
2609 4605 2706 4676 τὴν
2747 4606 2979 4676 Θεωρίαν
3013 4610 3121 4664 τῶν
3159 4615 3287 4684 περὶ
3316 4615 3407 4668 τὸν
3433 4617 3664 4688 Σωτῆρα
3698 4620 3806 4689 ἁγ-

2201 4694 2374 4761 γέλων
2428 4695 2777 4767 ἀπεκύησεν,
2834 4700 3118 4770 ὁμοούσιον
3171 4706 3418 4777 ὑπάρχον
3472 4711 3538 4779 τῇ
3608 4713 3804 4783 Μητρὶ

2203 4786 2590 4857 πνευματικὸν,
2627 4790 2717 4841 xui
2752 4792 2913 4844 αὑτὸν
2945 4795 3271 4867 ἠγνοηκέναι
3313 4800 3405 4852 τὸν
3447 4802 3803 4874 Δημιουργὸν

2201 4877 2438 4947 λέγουσι,
2471 4881 2565 4931 xui
2599 4881 2898 4952 λεληθότως
2926 4888 3348 4945 κατατεθεῖσθαι
3386 4895 3468 4956 είς
3501 4895 3686 4959 αὑτὸν,
3721 4898 3802 4968 μὴ

2200 4969 2399 5039 εἰδότος
2420 4970 2606 5033 αὐτοῦ,
2644 4973 2730 5025 ἵνα
2779 4973 2846 5025 δι’
2878 4977 3045 5029 αὐτοῦ
3092 4981 3175 5044 εἰς
3215 4982 3314 5049 τὴν
3351 4984 3449 5036 ἀπ’
3485 4986 3653 5039 αὐτοῦ
3689 4987 3800 5056 ψυ-

2194 5061 2294 5130 χὴν
2327 5062 2553 5132 σπαρὲν,
2578 5064 2670 5117 xui
2699 5066 2780 5128 είς
2811 5066 2871 5118 τὸ
2899 5067 3085 5122 ὑλικὸν
3129 5071 3289 5125 τοῦτο
3325 5075 3487 5146 σῶμα
3518 5095 3803 5152 κυοφορη-

2194 5151 2283 5203 θὲν
2341 5153 2399 5204 ἐν
2445 5153 2656 5218 τούτοις
2709 5157 2802 5209 xui
2861 5159 3118 5230 αὑξηθὲν,
3168 5164 3391 5236 ἕτοιμον
3433 5170 3666 5241 γένηται
3718 5174 3802 5236 εἰς

2196 5242 2463 5313 ὑποδοχὴν
2505 5244 2600 5308 τοῦ
2647 5248 2899 5304 τελείουθ.
2939 5252 3168 5307 Ἔλαϐεν
3209 5252 3302 5310 οὖν
3345 5299 3359 5322 ,
3391 5259 3468 5323 ὥς
3505 5280 3662 5330 φασι,
3694 5259 3803 5318 ’τὸν

2193 5336 2537 5406 Δημιουργδν
2575 5339 2602 5390 ό
2647 5346 3129 5415 συγκατασπαρεὶς
3176 5347 3253 5418 τῷ
3284 5351 3666 5423 ἐμφυσήματι-
3693 5358 3801 5409 αὐ-

2191 5425 2284 5478 τοῦ
2330 5427 2434 5479 ὑπὸ
2479 5429 2590 5497 ’τῆς
2645 5432 2843 5500 Σοφίας
2896 5441 3265 5506 πνευματικὸς
3298 5443 3609 5516 ἀνθρώπων
3642 5448 3662 5478 ⁷
3695 5451 3804 5519 dp-

2197 5519 2342 5588 ῥῆτῳ
2388 5520 2613 5591 προνοίᾳ
2642 5523 2681 5575 ⁸-
2725 5524 2814 5587 Ὣς
2861 5526 2970 5598 γὰρ
3019 5529 3118 5600 τὴν
3169 5533 3384 5607 μητέρα
3435 5538 3796 5608 ἠγνοηκέναι,

2728 5682 2748 5710 ⁸
2777 5679 2846 5735 Ir.
2882 5687 3324 5764 κοσμοκράτορα.
3393 5691 3415 5722 ⁸
3450 5689 3512 5746 F.
3537 5693 3642 5764 γῆν
3665 5693 3792 5763 μέν,

2144 5744 2166 5773 ⁸
2199 5743 2333 5798 lrcu.
2366 5743 2591 5815 δυνάμει
2632 5750 2725 5802 καὶ
2757 5743 3004 5823 προνοίᾳξ

580 5836 693 5908 (ΒΤ)
746 5844 855 5897 Τὸν
889 5849 1254 5918 Διῃιιοιψγόν
1287 5853 1354 5906 δὲ
1381 5856 1469 5924 εἰς
1493 5854 2082 5930 τὸιχὺπερουράι-ἰωιτ.
2123 5860 2278 5914 Corr.
2321 5862 2658 5933 ἐπουράνιον-
