4170 6372
358 348 466 403 5B

1006 341 1376 399 ADVERSUS
1416 341 1759 398 HERESES
1799 340 1928 395 LIB.

2058 339 2222 395 TOM.
2266 339 2328 395 ll.
2371 371 2441 379 —
2477 339 2752 395 ΗᾸΞΒΕΞ.
2791 339 2988 395 XXXI.

3543 343 3646 400 5η

357 464 502 518 οὕτω
531 461 628 515 καὶ
660 461 721 515 τὸ
752 460 974 533 σπέρμα
1020 463 1210 533 αὐτῆς,
1243 462 1271 515 ὃ
1301 462 1365 532 δὴ
1415 463 1508 516 καὶ
1553 461 1686 515 αὒτὸ
1726 460 1953 531 Ἐκκλη-

2058 469 2159 524 est,
2192 460 2456 530 spiritalis
2480 468 2539 513 ut
2571 460 2734 513 homo
2760 459 3108 514 Conditorem
3141 459 3352 524 lateret,
3387 475 3510 514 cum
3538 479 3645 516 una

360 550 643 608 σίαν.εῑναι
674 553 943 621 λέγουσιν,
976 552 1268 606 ἀντίτυπον
1307 553 1407 622 τῆς
1449 552 1562 606 ἄνω
1601 550 1948 620 Ἐκκλησίας.

358 643 468 697 Καὶ
493 643 616 696 τότε
653 639 793 695 εἷναι
829 642 921 694 τὸν
959 642 1018 693 ἐν
1059 642 1243 704 αὐτοῖς
1284 640 1528 704 ἀξιοῦσιν
1562 640 1602 706 ¹,
1632 639 1772 692 ὥστε
1810 639 1952 708 ἔχειν

356 735 554 796 αὐτοὺς
595 734 696 803 τὴν
737 733 834 803 μὲν
868 731 1047 803 ψυχὴν
1099 732 1206 784 ἀπὸ
1254 732 1348 784 τοῦ
1397 729 1762 802 Δημιουργοῦ,
1797 730 1858 783 τὸ
1896 729 1952 781 δὲ

360 827 520 898 σῶμα
548 827 656 880 ἀπὸ
685 825 778 878 τοῦ
808 825 953 896 χοὸς,
991 826 1087 877 καὶ
1116 825 1176 877 τὸ
1225 825 1486 896 σαρκικὺν
1523 823 1631 877 ἀπὸ
1668 823 1768 893 τῆς
1798 822 1952 893 ὕλης,

357 921 449 972 τὸν
479 921 536 972 δὲ
572 917 944 989 πνευματικὸν
989 916 1276 987 ἄνθρωπον
1316 917 1426 970 ἀπὸ
1464 917 1564 986 τῆς
1610 917 1814 986 μητρὸς
1851 915 1953 985 τῆς

373 1009 653 1083 Ἀχαμώθ.

427 1281 514 1332 Κ’.
560 1277 742 1349 Τριῶν
774 1271 866 1331 οὖν
901 1277 1092 1338 ὄντων,
1148 1276 1210 1329 τὸ
1257 1276 1353 1346 μὲν
1403 1274 1609 1336 ὑλικὸν,
1637 1273 1664 1326 ὂ
1703 1273 1798 1326 καὶ
1828 1275 1951 1344 ἀρι-

362 1370 555 1440 στερὸν
594 1369 839 1432 καλοῦσι,
868 1368 1008 1421 κατὰ
1036 1367 1284 1436 ἀνάγκην
1311 1365 1645 1419 ἀπόλλυσθαι
1674 1365 1947 1432 λέγουσιν,

367 1464 466 1518 ἆτε
521 1463 789 1534 μηδεμίαν
837 1460 1210 1525 ἐπιδείξασθαι
1252 1461 1271 1490 ²
1302 1459 1469 1530 πνοὴν
1510 1459 1818 1530 ἀφθαρσίας
1861 1460 1952 1511 δυ-

361 1557 625 1625 νάμενον·
673 1555 733 1607 τὸ
779 1554 835 1606 δὲ
874 1553 1124 1624 ψυχικὸν,
1159 1553 1186 1604 ὃ
1227 1553 1324 1606 καὶ
1363 1551 1532 1616 δεξιὸν
1576 1551 1952 1623 προσαγορεύ-

356 1663 532 1705 ουσιν,
577 1644 670 1697 ἆτε
706 1645 868 1714 μέσον
901 1643 958 1695 ὃν
991 1641 1086 1694 τοῦ
1120 1659 1179 1694 τε
1212 1640 1584 1710 πνευματικοῦ
1618 1642 1711 1694 καὶ
1743 1641 1951 1707 omo-3,

357 1741 539 1792 ἐκεῖσε
568 1739 787 1808 χωρεῖν,
821 1737 956 1789 ὅπου
995 1734 1061 1789 ἃν
1095 1735 1190 1788 καὶ
1230 1735 1328 1804 τὴν
1363 1734 1683 1805 πρόσκλισιν
1720 1735 1952 1804 ποιήση-

2056 568 2152 622 per
2180 554 2300 621 ejus
2331 552 2566 606 aﬁlatum
2603 568 2631 604 a
2666 551 2940 621 Sapientia
2968 564 3365 609 consereretur.
3397 552 3466 608 Ut
3499 555 3646 610 enim

2053 643 2234 712 ignota
2280 642 2356 695 illi
2391 641 2559 695 Mater
2593 641 2715 704 fuit,
2751 645 2831 695 sic
2882 641 3044 696 etiam
3095 642 3235 696 fctus
3275 643 3442 706 illius,
3483 660 3648 713 quam

2056 733 2355 788 Ecclesiam
2402 741 2620 797 vocant,
2677 732 2937 786 Ecclesiae
2998 734 3227 789 alterius
3280 750 3344 788 ac
3406 738 3648 793 caelestis

2055 825 2346 894 imaginem
2380 839 2717 894 expressam.
2750 825 2928 894 Atque
2973 825 3118 879 hunc
3164 827 3340 895 ipsum
3375 827 3648 882 hominem

2055 916 2207 970 illum
2254 932 2376 970 esse
2424 925 2649 970 censent
2693 916 2787 985 qui
2827 917 2878 969 in
2926 916 3061 984 ipsis
3105 917 3334 972 exsistat
3368 937 3380 971 :
3411 919 3548 973 adeo
3592 928 3648 973 ut

2053 1009 2289 1061 animam
2320 1008 2624 1073 Conditori,
2657 1024 2859 1078 corpus
2905 1008 3096 1075 humo,
3134 1024 3356 1064 carnem
3387 1011 3648 1076 materiae,

2054 1100 2356 1168 spiritalem
2399 1100 2671 1155 hominem
2715 1099 2873 1154 Matri
2921 1101 3200 1156 Achamoh
3237 1110 3523 1172 acceptum
3563 1119 3650 1158 re-

2053 1190 2250 1246 ferant.

2123 1280 2241 1334 XX.
2274 1282 2348 1335 Ex
2402 1281 2471 1336 iis
2514 1282 2712 1347 tribus,
2765 1282 2910 1351 quod
2956 1283 3186 1338 materia
3226 1290 3464 1349 constat,
3515 1283 3649 1347 sini.-

2053 1384 2336 1443 strnmqne
2365 1387 2590 1429 vocatur
2635 1386 2813 1444 perire
2859 1378 3173 1430 necessario
3204 1377 3525 1446 praedicant,
3562 1384 3650 1430 ut-

2054 1475 2176 1534 pote
2203 1466 2348 1536 quod
2400 1482 2468 1521 ne
2513 1467 2797 1520 minimum
2831 1468 3051 1536 quidem
3101 1467 3532 1520 immortalitatis
3567 1467 3649 1519 af-

2053 1555 2238 1610 ﬂatum
2268 1558 2442 1627 possit
2470 1557 2747 1626 recipere;
2778 1557 3015 1610 animale
3045 1572 3195 1620 vero,
3227 1558 3341 1611 sive
3369 1558 3646 1617 dextrum.

2053 1648 2197 1717 quod
2227 1649 2462 1703 medium
2499 1651 2640 1703 inter
2678 1649 2926 1718 spiritale
2971 1664 3036 1702 ac
3083 1650 3312 1702 materia
3355 1648 3645 1718 praeditum

2056 1739 2362 1814 interjacet,
2389 1741 2520 1794 illuc
2556 1755 2665 1810 quo
2710 1748 2907 1809 suopte
2949 1749 3083 1793 nutu
3134 1741 3485 1809 propenderit
3525 1756 3649 1810 pro-

355 1845 481 1883 ται⁶
513 1831 572 1882 τὸ
609 1830 665 1882 δὲ
704 1827 1072 1897 πνευματικὸν
1123 1826 1532 1896 ἐκπεπέμφθαι,
1573 1827 1721 1889 ὃπως
1763 1825 1948 1878 ἐνθάδε

2058 1829 2244 1894 ﬁcisci,
2293 1830 2450 1896 Quod
2497 1838 2678 1884 autem
2722 1831 2970 1900 spiritale
3015 1832 3085 1884 sit
3141 1831 3350 1884 idcirco
3389 1832 3550 1894 mitti,
3589 1839 3649 1884 ut

355 1920 436 1992 τῷ
473 1920 690 1991 ψυχικῷ
743 1918 974 1988 συζυγὲν
1023 1920 1308 1990 μορφωθῇ,
1355 1921 1756 1990 συμπαιδευθὲν
1803 1919 1951 1991 αὑτῴ

356 2015 415 2065 ὲν
441 2015 505 2083 τῇ
549 2015 886 2083 ἀναστροφῇ.
934 2013 1043 2066 Kal.
1087 2013 1230 2064 τοῦτ’
1262 2007 1401 2064 εἶναι
1440 2012 1657 2080 λέγουσι
1693 2013 1754 2065 τὸ
1793 2013 1947 2078 ἃλας,

358 2107 455 2159 καὶ
486 2105 546 2158 τὸ
583 2105 696 2175 φῶς
735 2105 828 2158 τοῦ
877 2106 1105 2176 κόσμου.
1142 2105 1291 2158 Ἔδει
1335 2105 1441 2177 γὰρ
1480 2105 1587 2160 τῶν
1629 2104 1875 2176 ψυχικῶν
1905 2105 1946 2169 ³,

359 2199 454 2250 καὶ
493 2198 769 2269 αἰσθητῶν
797 2199 1204 2270 παιδευμάτων.
1237 2201 1316 2252 Δι’
1349 2193 1424 2252 ὧν
1461 2201 1554 2252 καὶ
1596 2199 1798 2268 κόσμον
1824 2216 1952 2251 κατ-

357 2289 690 2343 εσκευάσθαι
724 2290 964 2358 λέγουσι,
1005 2291 1100 2344 καὶ
1146 2291 1235 2344 τὸν
1270 2291 1500 2362 Σωτῆρα
1548 2289 1603 2342 δὲ
1648 2290 1742 2342 ἐπὶ
1794 2289 1951 2341 τοῦτο

357 2381 794 2452 παραγεγονέναι
845 2382 904 2434 τὸ
945 2381 1215 2453 ψυχικὸν,
1278 2383 1398 2435 ἐπεὶ
1455 2382 1550 2435 καὶ
1605 2381 1951 2446 αὐτεξούσιόν

358 2477 530 2540 ἐστιν,
561 2476 710 2537 ὅπως
742 2474 876 2527 αὐτὸ
908 2473 1079 2546 σώσῃ.
1109 2468 1209 2526 Ὧν
1235 2474 1343 2544 γὰρ
1381 2474 1584 2545 ἧμελλε
1613 2473 1828 2536 σώζειν,
1851 2475 1951 2538 τὰς

357 2566 615 2638 ἀπαρχὰς
650 2565 831 2619 αὐτῶν
877 2565 1155 2636 εἰληφέναι
1206 2566 1526 2634 φάσκουσιν,
1554 2565 1662 2617 ἀπὸ
1706 2565 1804 2636 μὲν
1853 2565 1952 2634 τῆς

373 2656 628 2728 Ἀχαμὼθ
672 2657 733 2709 τὸ
765 2655 1156 2726 πνευματικὸν,
1211 2657 1318 2708 ἀπὸ
1369 2656 1427 2708 δὲ
1465 2655 1559 2708 τοῦ
1606 2657 1950 2728 Δημιουργοῦ

360 2749 669 2804 ἐνδεδύσθαι
701 2749 792 2801 τὸν
820 2747 1051 2817 ψυχικὸν
1086 2748 1340 2818 Χριστὸν,
1381 2747 1488 2800 ἀπὸ
1531 2749 1587 2801 δὲ
1617 2749 1717 2819 τῆς
1747 2751 1950 2801 οἰκονο-

363 2841 922 2914 μίας.περιτεθεῖσοαι
959 2841 1119 2912 σῶμα
1155 2839 1392 2911 ψυχικὴν
1423 2839 1543 2910 ἕχον
1575 2841 1782 2901 οὐσίαν,
1823 2859 1954 2894 κατ-

361 2933 762 3004 εσκευασμένον
806 2932 862 2985 δὲ
902 2933 1128 3005 ἀρρήτῳ
1159 2933 1344 3003 τέχνῃ,
1390 2933 1526 3003 πρὸς
1556 2933 1616 2984 τὸ
1649 2934 1742 2985 καὶ
1789 2935 1954 3005 ἀόρα-

359 3045 474 3092 τον,
519 3027 612 3079 καὶ
659 3024 1016 3095 ἁψηλὰφητον
1074 3025 1118 3088 ’⁸,
1172 3027 1267 3078 καὶ
1319 3023 1560 3095 παθητὸν
1604 3026 1948 3096 γεγενῆσθαι.

362 3120 474 3172 Καὶ
507 3118 688 3171 ὑλικὸν
721 3117 776 3169 δὲ
803 3117 909 3169 οὐδ’
943 3117 1119 3170 ὁτιοῦν
1149 3117 1426 3185 εἰληφέναι
1461 3116 1712 3185 λέγουσιν
1755 3118 1916 3170 αὐτόν
1939 3135 1951 3146 ⁸

365 3210 441 3282 μὴ
468 3209 576 3282 γὰρ
609 3205 746 3262 εἶναι
793 3210 894 3280 τὴν
941 3209 1073 3279 ὓλην
1117 3209 1368 3280 δεκτικὴν
1416 3213 1707 3280 σωτηρίας.
1757 3210 1865 3280 Τὴν
1898 3211 1953 3262 δὲ

361 3301 674 3355 συντέλειαν
732 3299 985 3363 ἔσεσθαι,
1041 3301 1168 3353 ὅταν
1231 3299 1491 3370 μορφωθῇ
1547 3301 1640 3352 καί
1691 3299 1951 3371 τελειωθῇ

362 3385 564 3462 γνώσει
595 3395 703 3446 πᾶν
730 3393 790 3445 τὸ
821 3392 1213 3463 πνευματικὸν,
1246 3392 1527 3445 τουτέστιν
1561 3394 1608 3445 οἱ
1659 3410 1955 3464 πνευματι-

362 3487 452 3542 καὶ
496 3486 790 3556 ἄνθρωποι,
832 3486 883 3536 οἱ
925 3485 1024 3554 τὴν
1072 3484 1282 3537 τελείαν
1328 3483 1532 3552 γνῶσιν
1575 3484 1788 3555 ἔχοντες
1827 3486 1956 3556 περί

363 3577 500 3631 Θεοῦ
539 3580 635 3630 καὶ
665 3579 765 3648 τῆς
805 3575 1080 3647 Ἀχαμώθ.
1128 3575 1533 3647 Μεμυημένους
1577 3575 1635 3629 δὲ
1680 3578 1956 3648 μυστήρια

365 3667 502 3722 εἶναι
539 3668 762 3732 τούτους
798 3668 820 3699 ⁸
852 3667 1218 3722 ὑποτίθενται.
1257 3667 1687 3738 Ἐπαιδεύθησαν
1728 3668 1836 3740 γὰρ
1888 3672 1956 3722 τὰ

364 3761 572 3831 ψυχικὰ
621 3760 672 3812 οἰ
721 3759 943 3830 ψυχικοὶ
991 3759 1288 3830 ἄνθρωποι,
1320 3755 1370 3812 οἱ
1418 3759 1484 3812 δι’
1517 3759 1694 3830 ἔργων
1728 3762 1823 3814 καί
1867 3764 1958 3814 πί-

366 3869 536 3915 στεως
566 3851 729 3922 ψιλῆς
757 3849 1157 3922 βεϐαιούμενοι,
1197 3848 1292 3901 καὶ
1342 3847 1416 3918 μὴ
1456 3847 1554 3918 τὴν
1585 3848 1797 3900 τελείαν
1820 3849 1960 3916 γνὼ-

368 3961 453 3997 σιν
487 3943 722 4014 ἔχοντες.
770 3939 924 3994 Εἶναι
970 3941 1026 3993 δὲ
1069 3939 1293 4002 τούτους
1334 3939 1441 3992 ὰπὸ
1489 3940 1589 4008 τῆς
1637 3940 1960 4010 Ἐκκλησίας

364 4037 516 4107 ἡμᾶς
544 4035 762 4103 λέγουσι
781 4051 792 4063 ·
821 4032 900 4086 διὸ
934 4033 1027 4085 καὶ
1055 4035 1188 4103 ἡμῖν
1223 4032 1322 4101 μὲν
1360 4031 1653 4100 ἀναγκαῖον
1684 4026 1823 4084 εἶναι
1861 4032 1958 4102 τὴν

369 4127 580 4198 ἀγαθὴν
622 4127 819 4198 πρᾶξιν
862 4124 1286 4192 ἀποφαίνονταιο
1329 4123 1503 4188 ἄλλως
1542 4124 1650 4196 γὰρ
1701 4124 1958 4177 ἀδύνατον

372 4219 643 4289 σωθῆναι·
695 4218 889 4282 αὐτοὺς
935 4217 989 4270 δὲ
1028 4217 1101 4288 μὴ
1147 4216 1234 4269 διὰ
1273 4215 1546 4286 πράξεως,
1599 4215 1734 4268 ἀλλὰ
1779 4215 1865 4268 διὰ
1898 4215 1959 4268 τὸ

369 4311 530 4381 φύσει
554 4310 957 4381 πνευματικοὺς
987 4303 1146 4372 εἶναι,
1180 4307 1357 4379 πάντη
1384 4325 1442 4360 τε
1477 4307 1572 4360 καὶ
1599 4307 1818 4370 πάντως
1858 4325 1960 4360 σω-

370 4403 633 4475 θήσεσθαι
665 4401 1099 4472 δογματίζουσιν.
1141 4400 1226 4463 Ὡς
1250 4399 1360 4470 γὰρ
1395 4401 1458 4452 τὸ
1489 4401 1669 4470 χοῖκὸν
1699 4400 1958 4452 ἀδύνατον

2057 1923 2144 1975 hic
2179 1939 2302 1976 cum
2340 1924 2558 1977 animali
2591 1925 2931 1992 copulatum,
2960 1939 3082 1977 cum
3117 1939 3291 1991 eoque
3336 1928 3388 1977 in
3431 1925 3648 1978 vivendi

2047 2014 2265 2069 ratione
2315 2015 2522 2084 pariter
2559 2016 2835 2068 eruditum
2883 2015 3009 2084 ﬁngi
3067 2013 3402 2083 formarique
3451 2016 3645 2084 possit.

2053 2107 2232 2176 Atque
2267 2106 2413 2159 hunc
2449 2106 2670 2160 demum
2721 2108 2890 2160 salem
2941 2107 3114 2170 illum,
3147 2121 3210 2159 ac
3254 2105 3440 2158 mundi
3474 2106 3649 2160 lucem

2055 2204 2177 2251 es‘se
2224 2197 2526 2251 dictitant:
2570 2197 2636 2251 de
2685 2196 2885 2265 quibus
2926 2195 3219 2265 Evangelia
3267 2195 3566 2264 ioquuntur
3604 2199 3647 2260 ⁷,

2054 2289 2255 2344 etenim
2310 2289 2545 2344 animale
2595 2298 2819 2344 externa
2869 2305 3130 2344 sensuum
3174 2290 3463 2358 disciplina
3508 2303 3648 2359 opus

2053 2382 2263 2436 habuit.
2314 2382 2487 2446 Quam
2533 2383 2604 2436 ob
2651 2397 2870 2437 causam
2919 2390 2973 2436 et
3002 2381 3265 2435 nmndum
3322 2381 3648 2436 fabricatum

2053 2491 2176 2530 esse
2217 2465 2553 2530 contendunt
2595 2494 2608 2529 :
2647 2483 2810 2545 atque
2841 2476 2908 2529 ad
2940 2476 3173 2529 animale
3203 2476 3370 2533 istud.
3398 2475 3646 2544 quando-

2054 2567 2275 2636 quidem
2307 2568 2556 2622 libertatc
2596 2567 2884 2637 prreditum
2918 2574 3023 2633 est,
3063 2583 3172 2637 quo
3219 2569 3268 2622 ei
3303 2568 3532 2622 salutem
3567 2566 3650 2619 af-

2055 2659 2242 2723 ferret,
2276 2659 2612 2715 Salvatorem
2643 2677 2766 2717 esse
2803 2661 3108 2731 delapsum.
3140 2660 3274 2713 Nam
3309 2676 3496 2714 eorum
3529 2674 3652 2728 qua:

2057 2767 2276 2807 servare
2322 2745 2663 2820 decreverat,
2713 2754 2957 2807 omnium
3000 2755 3057 2808 in
3105 2769 3226 2808 sese
3275 2753 3457 2807 ferunt
3496 2753 3649 2806 illum

2056 2843 2313 2898 habuisse
2359 2844 2632 2913 primitias
2665 2862 2678 2898 :
2712 2851 2842 2914 puta
2890 2845 2957 2898 ab
3007 2844 3310 2898 Achamoth
3351 2845 3648 2913 spiritum;

2057 2937 2346 2990 animalem
2376 2951 2404 2988 a
2438 2935 2730 2990 Conditore
2760 2935 3038 2991 Christum
3075 2955 3087 2991 :
3121 2952 3186 2990 ac
3219 2937 3516 2992 l'uuctionis
3538 2952 3652 2992 sure

2057 3027 2504 3082 administrandae
2536 3030 2710 3098 gratia
2759 3045 2959 3099 corpus
3019 3029 3240 3083 animali
3284 3038 3478 3082 natura
3518 3043 3652 3082 con-
3704 3064 3714 3077 .

2059 3128 2211 3174 stans
2251 3120 2514 3186 induisse,
2562 3128 2615 3174 et
2653 3121 2869 3190 quidem
2916 3121 3221 3174 incredibili
3265 3121 3495 3189 quadam
3536 3127 3653 3173 arte

2056 3211 2134 3262 sic
2163 3210 2524 3274 elaboratum,
2562 3218 2620 3263 ut
2662 3210 2852 3274 videri,
2894 3212 3220 3265 contrectari
3265 3212 3484 3280 patique
3525 3225 3652 3278 pos-

2055 3310 2159 3355 set.
2212 3301 2394 3366 Quare
2432 3303 2565 3355 nihil
2611 3303 2785 3356 eidem
2833 3317 2956 3356 cum
3006 3302 3233 3356 materia
3288 3303 3455 3355 fuisse
3499 3316 3652 3354 com-

2054 3407 2220 3446 mune
2253 3411 2265 3446 :
2303 3393 2504 3462 quippe
2561 3407 2685 3447 eum
2745 3393 2974 3446 materia
3029 3392 3430 3460 consequend'le
3479 3391 3644 3445 saluti

2055 3502 2400 3555 nequaquam
2430 3486 2623 3540 idonea
2649 3485 2740 3539 sit.
2763 3484 3033 3539 Praeterea
3057 3492 3172 3538 tum
3207 3502 3386 3540 rerum
3410 3487 3652 3539 omnium

2056 3581 2216 3634 ﬁnem
2264 3589 2428 3647 atque
2479 3579 2682 3631 exitum
2738 3577 2872 3640 fore.
2928 3592 3050 3630 cum
3096 3577 3360 3646 quidquid
3410 3577 3653 3646 spiritale

2056 3683 2160 3730 est.
2194 3669 2246 3723 id
2274 3678 2357 3724 est
2387 3669 2662 3740 spiritales
2693 3668 2966 3730 homines,
2989 3669 3082 3736 qui
3119 3670 3416 3737 perfectam
3449 3669 3515 3724 de
3543 3667 3652 3721 Deo

2059 3759 2343 3813 scientiam
2373 3759 2593 3821 habent,
2627 3765 2681 3812 et
2714 3758 2782 3811 ab
2807 3757 3421 3826 Achamothmysteriis
3453 3757 3653 3810 initiati

2059 3857 2206 3905 sunt.
2240 3847 2560 3916 Cujusmodi
2602 3862 2662 3900 se
2702 3862 2824 3902 esse
2870 3848 3019 3916 ipsos
3051 3854 3323 3902 asserunt.
3361 3847 3523 3916 189
3555 3847 3650 3899 Et-

2058 3940 2200 3994 enim
2237 3939 2501 3994 animales
2537 3938 2788 3993 homines
2826 3939 3048 3991 animali
3082 3938 3318 4007 quadam
3359 3938 3649 4007 disciplina

2061 4033 2338 4087 institutos
2362 4047 2507 4096 esse,
2538 4032 2630 4101 qui
2659 4031 2876 4103 quidem
2902 4031 3161 4100 operibus
3191 4045 3255 4083 ac
3282 4029 3518 4099 simplici
3547 4028 3651 4083 ﬁde

2061 4125 2443 4190 stabiliuntur,
2513 4139 2693 4193 neque
2754 4122 3052 4192 perfectam
3114 4121 3399 4176 scientiam
3468 4121 3649 4189 adepti

2060 4225 2208 4271 sunt.
2251 4216 2532 4284 Ejusmodi
2563 4231 2665 4270 nos
2694 4231 2834 4278 esse,
2864 4216 2956 4284 qui
2993 4215 3046 4267 in
3079 4215 3333 4268 Ecclesiae
3362 4229 3522 4284 grege
3548 4229 3651 4266 nu-

2061 4325 2366 4373 meramur;
2427 4309 2656 4377 ideoque
2715 4315 2860 4361 recte
2923 4305 3082 4360 factis
3130 4321 3268 4375 Opus
3323 4321 3446 4360 esse
3489 4306 3651 4361 nobis

2062 4403 2381 4473 pragdicant,
2408 4417 2584 4470 neque
2605 4400 2763 4455 aliter
2789 4415 2947 4468 posse
2978 4415 3077 4453 nos
3109 4399 3338 4454 salutem
3367 4399 3649 4462 obtinere;

371 4494 648 4565 σωτηρίας
694 4494 1020 4563 μετασχεῖν*
1072 4491 1130 4543 οὐ
1172 4491 1278 4562 γὰρ
1315 4486 1454 4544 εἶναι
1509 4490 1758 4558 λέγουσιν
1807 4491 1954 4544 αὐτοὶ

2065 4511 2123 4550 sc
2153 4508 2283 4547 vero
2313 4507 2418 4545 non
2445 4491 2610 4545 ullius
2643 4491 2875 4544 actionis
2924 4488 3206 4552 beneﬁcio,
3257 4487 3352 4542 sed
3384 4487 3529 4558 quod
3563 4505 3654 4542 na-

369 4585 615 4639 δεκτικὺν
642 4585 840 4654 αύτῆςο
873 4582 1044 4644 οὕτως
1082 4583 1243 4635 πάλιν
1279 4581 1339 4634 τὸ
1370 4583 1743 4652 πνευματικὸν
1777 4583 1961 4636 θέλου-

373 4694 459 4730 σιν
500 4678 548 4729 oi
596 4677 748 4728 αὐτοὶ
782 4677 801 4706 ⁸
830 4671 969 4727 εἶναι
1013 4675 1273 4727 ἀδύνατον
1308 4675 1514 4744 φθορὰν
1546 4674 1959 4738 καταδέξασθαι,

371 4769 477 4822 κᾶν
531 4768 746 4830 ὁποίαις
805 4767 1312 4834 συγκαταγένωνται
1369 4767 1652 4836 πράξεσιν.
1707 4769 1802 4820 Ὃν
1853 4766 1962 4837 γὰρ

371 4860 574 4930 τρόπον
603 4859 802 4930 χρυσὸς
837 4860 894 4910 ὲν
926 4857 1171 4930 βορϐόρῳ
1199 4858 1518 4922 κατατεθείς
1542 4859 1642 4913 οὐκ
1668 4859 1963 4913 ἀποϐάλλει

381 4951 473 5022 τὴν
513 4951 773 5020 καλλονὴν
803 4949 992 5014 αὑτοῦ,
1019 4950 1156 5002 ἀλλὰ
1181 4951 1278 5020 τὴν
1308 4951 1443 5003 ἰδίαν
1475 4952 1634 5021 φύσιν
1671 4954 1963 5022 διαφυλάτ-

374 5058 493 5104 τει,
547 5041 641 5094 τοῦ
697 5040 956 5112 βορϐόρου
1010 5041 1178 5111 μηδὲν
1221 5041 1478 5111 ἀδικῆσαι
1531 5043 1828 5114 δυναμένου
1873 5045 1963 5098 τὸν

376 5133 606 5206 χρυσόν·
639 5132 781 5185 οὕτω
820 5133 873 5185 δὲ
912 5133 1004 5186 καὶ
1041 5133 1238 5195 αὐτοὺς
1282 5133 1518 5202 λέγουσι,
1561 5133 1662 5187 κᾶν
1697 5137 1754 5189 ὲν
1787 5136 1965 5199 ποίαις

379 5227 591 5290 ὑλικαῖς
623 5226 852 5297 πράξεσι
883 5225 1310 5293 καταγένωνται,
1344 5227 1509 5297 μηδὲν
1553 5229 1750 5290 αὐτοὺς
1788 5246 1966 5299 παρα-

380 5318 738 5383 ϐλάπτεσθαι,
772 5319 906 5389 μηδὲ
931 5317 1255 5372 ἀποϐάλλειν
1291 5318 1388 5389 τὴν
1429 5319 1801 5388 πνευματικὴν
1829 5321 1964 5373 ὑπό-

383 5425 592 5465 στασιν.

2064 4594 2186 4637 tura
2223 4583 2497 4652 spiritales
2531 4583 2664 4644 sint,
2711 4581 2933 4634 omnino
2980 4578 3177 4633 salutis
3223 4589 3502 4647 compotes
3539 4578 3654 4632 fore

2065 4673 2365 4728 conﬁdunt.
2420 4670 2554 4724 Nam
2605 4669 2718 4733 uti,
2779 4670 2924 4740 quod
2967 4675 3245 4722 terrenum
3289 4675 3394 4729 est,
3446 4668 3652 4721 servari

2065 4765 2216 4819 nullo
2263 4762 2426 4816 modo
2469 4769 2671 4832 potest,
2705 4776 2880 4829 neque
2935 4768 3130 4813 natura
3173 4761 3237 4814 ad
3288 4761 3342 4814 id
3398 4760 3653 4814 idoneum

2065 4866 2182 4922 est;
2214 4857 2294 4912 sic
2323 4863 2512 4910 contra
2540 4854 2687 4924 quod
2718 4861 2800 4908 est
2820 4854 3084 4922 spiritale,
3110 4853 3417 4921 cujusmodi
3449 4868 3506 4905 se
3532 4867 3654 4906 esse

2065 4951 2272 5013 volunt,
2299 4957 2573 5016 utcunque
2605 4961 2725 5000 sese
2740 4946 2986 5014 gesserit,
3014 4945 3289 5013 corrumpi
3311 4958 3650 5012 nequaquam

2064 5057 2248 5110 posse.
2300 5039 2370 5092 At
2417 5037 2874 5108 quemadmodum
2916 5052 3108 5090 aurum
3149 5036 3204 5089 in
3257 5051 3472 5090 aenum
3506 5036 3656 5103 abjc-

2067 5143 2213 5188 ctum
2262 5135 2717 5204 pulchritudinem
2757 5149 2867 5188 non
2917 5133 3136 5195 amittit,
3179 5133 3273 5187 sed
3313 5134 3450 5186 citra
3491 5133 3652 5185 ullam

2069 5227 2283 5282 decoris
2335 5227 2592 5296 injuriam
2644 5235 2894 5281 naturam
2947 5227 3183 5291 retinet;
3215 5226 3289 5277 ita
3334 5226 3674 5294 semetipsos!

2074 5327 2350 5378 asserunt.
2379 5319 2592 5374 tametsi
2627 5317 2912 5387 quibusvis
2952 5316 3007 5368 in
3051 5315 3380 5378 actionibus,
3413 5315 3655 5382 adeoque

2073 5412 2344 5466 concretis
2370 5427 2494 5467 cum
2526 5411 2772 5476 materia,
2799 5417 3107 5475 versentur,
3132 5408 3339 5462 nullum
3371 5423 3438 5462 ex
3474 5423 3539 5462 eo
3567 5408 3661 5459 de-

383 5506 699 5560 trimentum
752 5518 977 5574 capere,
1036 5517 1214 5571 neque
1256 5503 1556 5571 spiritalem
1611 5505 1972 5559 substantiam
2016 5521 2179 5575 posse
2207 5508 2453 5578 perdere.

465 5664 484 5695 ³
508 5678 646 5716 tren.
675 5662 769 5714 καὶ
794 5661 980 5733 τοῦτον
1025 5657 1184 5733 εἶναι
1216 5660 1304 5713 τὸν
1349 5663 1405 5714 ἐν
1431 5662 1612 5725 αὐτοῖς
1637 5663 1944 5733 ἄνθρωπον.

433 5732 576 5788 [rem
627 5733 841 5805 ὁρατὸν,
869 5731 1294 5805 ,ψηλαφητόνη-
1317 5734 1338 5763 ³⁵
1369 5733 1509 5788 lt‘en.
1576 5734 1680 5788 ὑπὸ
1724 5731 1823 5805 έῆς

387 5805 557 5862 know
597 5801 771 5859 αὐτοί.
867 5803 886 5833 ⁷
919 5801 1110 5856 Malm.
1145 5816 1196 5861 v.
1234 5801 1322 5858 15.

2023 5665 2042 5694 ⁸
2067 5663 2207 5720 lrcn.
2237 5665 2607 5731 ἐπιδέξασθαι.

1901 5737 2094 5807 Ἀχαμ.
2149 5755 2351 5808 μεμυη.
2393 5740 2458 5790 τὰ
2503 5756 2632 5808 μυσ.
2693 5738 2921 5798 ἑαυτοὺς
2943 5733 3012 5788 δὲ
3040 5733 3187 5787 τούτ.

2687 5667 2707 5697 ³
2726 5664 2863 5720 lren.
2892 5664 2970 5734 τῷ
2993 5661 3286 5734 depugnet
3328 5676 3488 5734 mox.
3515 5729 3534 5734 _

3269 5735 3288 5765 °'
3324 5733 3463 5785 lreu.
3511 5729 3539 5782 ὃ
3569 5729 3657 5784 θέ-
