4170 6372
395 337 504 394 517

1131 339 1504 395 ADVERSUS
1542 341 1880 400 ll/ERESES
1919 348 2044 404 LIB.
2085 351 2124 405 l.
2169 350 2332 404 ΤΟΜ.
2377 349 2437 403 ll.
2477 381 2546 388 ——
2590 349 2859 406 llJEl‘iES.
2897 352 3084 409 XXXI.

3573 361 3678 423 518

395 452 842 522 ἀποδυσαμένους
885 453 984 517 τὰς
1028 456 1207 526 ψυχὰς
1249 459 1343 510 καὶ
1385 463 1672 529 πνεύματα
1706 465 1867 534 νοερὰ
1898 482 1949 532 γε

2051 483 2198 536 ,que
2246 469 2382 522 adeo
2433 469 2606 522 sacris
2643 470 2696 522 in
2744 469 2966 523 Litteris
3014 488 3278 539 spnnsmn
3315 489 3378 527 ac
3417 490 3674 543 sponsam

392 543 671 612 νομένους,
715 544 1038 614 ἀκρατήτως
1074 547 1168 598 καὶ
1206 548 1454 618 ἀοράτως
1501 550 1652 613 ἐντὸς
1682 552 1981 623 πληρώμα-

389 649 481 695 τος
507 634 870 698 εἰσελθόντας,
899 636 1118 705 νύμφας
1140 639 1574 710 ἀποδοθήσεσθαι
1597 646 1708 706 τοῖς
1740 663 1806 696 πε
1818 647 1868 716 ρί
1890 648 1980 698 τὸν

390 725 622 795 Σωτῆρα
650 725 923 794 ἀγγέλοις.
961 729 1062 783 Τὸν
1091 730 1148 782 δὲ
1183 732 1524 803 Δημιουργὸν
1559 737 1855 806 μεταϐῆναι
1888 742 1981 792 καὶ

388 816 551 868 αὐτὸν
594 818 674 879 είς
707 817 798 870 τὸν
837 822 936 889 τῆς
977 823 1200 892 Μητρὸς
1242 824 1442 891 Σοφίας
1482 826 1666 892 τόπον,
1704 830 1980 883 τουτέστιν

386 907 444 958 ὲν
471 910 538 976 τῇ
573 909 852 979 μεσότητι.
901 912 1012 975 Τάς
1046 931 1104 966 τε
1132 915 1237 966 τῶν
1267 916 1491 970 δικαίων
1520 920 1698 989 ψυχὰς
1729 922 1978 974 ἀναπαύ-

387 998 577 1051 σεσθαι
612 1001 706 1052 καὶ
737 1001 909 1064 αὑτὰς
949 1005 1008 1056 ἐν
1042 1003 1118 1075 τῷ
1149 1007 1250 1075 τῆς
1281 1009 1578 1080 μεσότητος
1611 1013 1778 1082 τόπῳ·
1817 1014 1982 1083 μηδὲν

383 1088 492 1158 γὰρ
515 1089 745 1161 ψυχικὸν
767 1094 917 1157 ὲντὺς
947 1095 1314 1168 πληρώματος
1343 1105 1559 1172 χωρεῖν.

381 1186 636 1257 diamque
704 1190 980 1260 regionem
1050 1205 1445 1262 occupaturum
1500 1199 1654 1268 191
1705 1201 2044 1256 existimant.

2083 558 2394 625 signiﬁcare
2421 602 2433 624 ,
2466 559 2877 628 thalamumque
2926 563 3164 629 pleroma
3215 565 3389 632 ipsum
3431 581 3576 620 esse.
3607 569 3675 619 At

2085 650 2364 718 spiritales
2400 651 2649 706 homines
2676 690 2689 712 ,
2743 663 3028 722 postquam
3063 657 3281 711 animas
3305 656 3588 722 exuerint,
3619 670 3673 711 et

2085 741 2152 792 ad
2198 742 2534 808 spirituum,
2573 759 2946 813 purarumque
2990 749 3253 800 mentium
3300 749 3671 802 conditionem

2085 832 2388 897 evaserint,
2425 847 2488 886 ac
2525 835 2676 887 nullo
2726 836 3039 900 detinente,
3078 857 3178 894 nec
3219 842 3576 910 aspectabiles
3617 842 3673 895 in

2084 923 2323 991 pleroma
2357 927 2767 992 penetraverint
2812 927 3116 985 Salvatoris
3148 935 3437 988 comitibus
3463 937 3670 1004 angelis

2085 1015 2364 1067 collocari.
2402 1016 2556 1079 Quod
2605 1017 2670 1071 ad
2713 1019 3064 1074 Conditorem
3109 1033 3346 1091 spectat,
3383 1042 3506 1080 eum
3543 1043 3672 1094 quo-

2085 1122 2191 1172 que
2225 1104 2517 1172 Sapientia:
2560 1105 2751 1161 Matris
2791 1109 2844 1161 in
2884 1110 3061 1162 locum
3100 1128 3485 1166 successurum
3512 1154 3525 1172 ,
3563 1130 3670 1165 me-

2086 1200 2401 1270 liodcmrpre
2445 1201 2567 1255 loro
2618 1203 2896 1271 justorum
2946 1205 3158 1258 animas
3215 1209 3328 1261 otio
3385 1225 3448 1261 ac
3489 1210 3671 1276 quiete

381 1282 653 1346 potituras
691 1301 834 1349 esse,
867 1287 1013 1355 quod
1048 1288 1114 1341 ad
1141 1291 1383 1357 pleroma
1409 1292 1545 1344 nihil
1595 1295 1828 1347 animale
1862 1296 2160 1364 perveniat.

450 1378 576 1430 KB’.
609 1379 824 1431 Τούτων
847 1379 902 1431 δὲ
923 1383 1228 1451 γενομένων
1253 1382 1448 1450 οὕτως,
1480 1387 1542 1438 τὸ
1565 1389 1879 1457 ἐμφωλεῦον
1903 1389 1978 1460 τῷ

383 1467 575 1538 κόσμῳ
605 1469 738 1537 πῦρ,
768 1471 1056 1542 ἐκλάμψαν
1081 1475 1173 1526 καὶ
1213 1475 1466 1544 ἐξαφθὲν,
1508 1481 1601 1530 καὶ
1635 1484 1978 1552 κατεργασά-

381 1575 541 1626 μενον
577 1561 759 1612 πᾶσαν
793 1559 946 1630 ὓλην,
998 1564 1534 1637 συναναλωθήσεσθαι
1569 1571 1728 1641 αὐτῇ,
1766 1575 1860 1624 καὶ
1895 1576 1976 1636 είς

371 1650 433 1702 τὸ
458 1651 648 1720 μηκέτ’
675 1648 813 1706 εἶναι
836 1655 1108 1725 χωρήσειν
1139 1657 1477 1715 διδάσκουσι.
1507 1663 1608 1714 Τὸν
1626 1664 1681 1715 δὲ
1704 1665 1973 1736 Δημιουρ-

2151 1388 2312 1443 XXII.
2369 1390 2462 1444 llis
2491 1391 2749 1460 peractis,
2803 1391 2983 1460 ignem
3029 1393 3204 1457 illum,
3238 1395 3328 1462 qui
3377 1395 3430 1447 in
3476 1393 3664 1448 mundi

2079 1482 2306 1535 latebris
2357 1482 2661 1545 delitescit,
2704 1493 3027 1552 eruptnrmn
3084 1500 3149 1538 ac
3198 1486 3665 1554 conﬁagraturum

2072 1588 2212 1630 esse,
2245 1573 2420 1626 donec
2461 1575 2613 1627 omni
2647 1586 2970 1643 consumpta
3008 1577 3234 1629 materia
3259 1618 3273 1640 ,
3317 1594 3438 1631 cum
3472 1581 3661 1632 eadem

2069 1677 2119 1718 et
2154 1666 2270 1734 ipse
2302 1676 2689 1736 consumptus,
2723 1679 2886 1736 alque
2918 1669 2972 1720 in
3005 1670 3236 1722 nihilum
3271 1671 3526 1725 redactus
3551 1671 3665 1727 fue-

370 1742 468 1810 γὸν
516 1744 680 1814 μηδὲν
723 1744 928 1799 τούτων
968 1748 1266 1815 ἐγνωκέναι
1301 1752 1690 1819 ἀποφαίνονται
1731 1757 1836 1827 πρὸ
1869 1758 1949 1826 τῆς

2073 1751 2161 1803 rit.
2206 1751 2452 1818 Quorum
2507 1757 2750 1809 omnium
2791 1758 2926 1811 nihil
2961 1767 3085 1812 ante
3133 1759 3431 1816 Salvatoris
3461 1763 3660 1817 adven-

369 1833 462 1885 τοῦ
500 1835 753 1904 Σωτῆρος
783 1837 1109 1908 παρουσίας.
1146 1841 1265 1894 Elei.
1301 1843 1354 1895 δὲ
1394 1846 1441 1896 οἱ
1474 1843 1722 1912 λέγοντες
1758 1848 1967 1918 προϐα-

369 1924 558 1978 λέσθαι
588 1927 749 1978 αὐτὸν
782 1929 874 1980 καὶ
911 1930 1146 1999 Χριστὸν
1181 1933 1298 1986 υἰὸν
1333 1934 1482 1998 ἴδιον,
1521 1935 1656 1988 ἀλλὰ
1689 1937 1822 2006 (καὶ)
1857 1939 1962 2007 ψυ-

369 2017 543 2087 χικόν.
588 2019 723 2090 Περί
758 2020 952 2074 τούτου
999 2023 1087 2077 διὰ
1130 2025 1237 2077 τῶν
1275 2027 1291 2056 ί
1332 2029 1626 2098 προφητῶν
1674 2030 1963 2101 λελαληκέ-

370 2126 478 2161 ναν
506 2106 643 2164 εἶναι
677 2112 734 2164 δὲ
768 2114 956 2168 τοῦτον
989 2115 1082 2169 τὸν
1107 2117 1195 2170 διὰ
1226 2120 1448 2191 Μαρίας
1476 2121 1839 2184 διοδεύσαντα,
1871 2142 1964 2175 κα-

369 2199 546 2272 θάπερ
591 2202 734 2276 ὕδωρ
776 2205 862 2259 διὰ
906 2207 1142 2277 σωλῆνος
1174 2210 1366 2275 ὁδεύει,
1401 2213 1494 2266 καὶ
1525 2215 1602 2276 είς
1635 2213 1822 2267 τοῦτον
1868 2215 1961 2266 ἐπὶ

362 2292 459 2346 τοῦ
491 2295 868 2367 βαπτίσματος
896 2301 1176 2355 κατελθεῖν
1210 2305 1415 2357 ἐκεῖνον
1439 2305 1530 2357 τὸν
1560 2309 1668 2361 ἀπὸ
1706 2311 1796 2362 τοῦ
1826 2311 1961 2380 πλη-

366 2385 620 2458 ρώματος
667 2391 731 2442 ἐκ
780 2393 994 2444 πάντων
1047 2395 1277 2464 Σωτῆρα
1320 2399 1377 2448 ὲν
1424 2398 1557 2450 εἴδει
1607 2405 1954 2474 περιστερᾶς.

364 2476 648 2546 Γεγονέναι
676 2480 730 2532 δὲ
757 2482 814 2532 ὲν
842 2482 990 2552 αὐτῷ
1011 2485 1185 2536 καὶτὸ
1210 2486 1341 2538 αὐτὸ
1370 2487 1469 2557 τῆς
1504 2491 1756 2560 Ἀχαμὼθ
1792 2495 1957 2564 σπέρ-

367 2584 446 2638 μα
479 2572 870 2640 πνευματικόν.
907 2573 1009 2626 Τὸν
1035 2571 1128 2627 οῦν
1167 2576 1368 2648 Κύριον
1399 2580 1552 2649 ἡμῶν
1582 2583 1644 2634 ἐκ
1674 2585 1955 2654 τεσσάρων

364 2659 569 2712 τούτων
610 2661 861 2716 σύνθετον
905 2666 1190 2733 γεγονέναι
1227 2669 1548 2737 φάσκουσιν,
1597 2673 1954 2739 ἀποσώζοντα

361 2755 453 2807 τὸν
481 2754 770 2828 τύπον’τῆς
804 2759 1101 2832 ἀρχεγόνου
1139 2764 1233 2815 καὶ
1264 2765 1487 2836 πρώτης
1517 2771 1864 2840 τετρακτύος,
1889 2773 1953 2826 ἕκ

359 2862 420 2898 τε
451 2846 544 2899 τοῦ
577 2851 970 2919 πνευματικοῦ,
1003 2852 1030 2904 6
1071 2849 1135 2924 ἧν
1180 2857 1287 2908 ἀπὸ
1315 2858 1411 2928 τῆς
1451 2860 1726 2932 ’Λχαμὼθ,
1771 2866 1863 2916 καί
1887 2867 1951 2917 ἐκ

356 2938 453 2990 τοῦ
487 2938 741 3009 ψυχικοῦ,
775 2941 802 2993 6
838 2938 906 3013 ἦν
946 2944 1053 2996 ἀπὸ
1083 2945 1177 2997 τοῦ
1210 2950 1578 3019 Δημιουργοῦ,
1632 2955 1725 3006 καὶ
1760 2957 1823 3007 ἐκ
1852 2957 1949 3026 τῆς

357 3031 691 3100 οἰκονομίας,
717 3033 744 3084 6
765 3029 832 3104 ἦν
858 3041 1363 3109 κατεσκευασμένον
1387 3043 1612 3114 ἀρρήτῳ
1642 3045 1824 3117 τέχνῃ,
1854 3049 1948 3100 καὶ

2073 1848 2185 1892 tmn
2216 1843 2499 1896 Conditori
2533 1844 2703 1900 fuisse
2731 1849 3030 1917 cognitum.
3064 1849 3173 1904 Nec
3204 1851 3426 1913 desunt,
3456 1854 3659 1922 quibus

2079 1935 2311 2001 placeat,
2349 1937 2512 1988 etiam
2544 1938 2613 1991 ab
2649 1938 2741 1992 illo
2771 1942 3104 2009 peculiarem
3139 1942 3306 1994 tilium
3351 1943 3655 2004 Christum,

2068 2027 2162 2078 sed
2201 2028 2489 2081 animalem
2517 2071 2529 2093 ,
2584 2017 2943 2098 produ‘ctum,
2975 2033 3042 2086 de
3076 2048 3185 2101 quo
3231 2049 3326 2102 per
3360 2035 3656 2104 prophetas

2067 2117 2284 2172 locutus
2314 2120 2402 2173 sit.
2434 2119 2591 2174 llunc
2626 2123 2779 2175 illum
2807 2139 2927 2178 esse
2966 2125 3058 2193 qui
3102 2127 3180 2179 sic
3223 2133 3480 2193 laminam
3513 2143 3657 2196 aqua

2063 2225 2159 2278 per
2188 2210 2420 2277 ﬁstulas,
2455 2213 2529 2266 ita
2577 2230 2672 2282 per
2710 2214 2934 2268 Mariam
2983 2219 3291 2282 transierit;
3333 2222 3388 2272 in
3420 2237 3656 2289 eumque

2064 2312 2272 2371 postea,
2297 2321 2421 2358 cum
2459 2307 2849 2375 baptizaretur,
2883 2311 2987 2363 sub
3009 2313 3273 2365 columba:
3299 2314 3654 2369 descendisse

2063 2397 2247 2465 specie
2279 2400 2508 2451 alterum
2552 2401 2704 2454 illum
2745 2402 2811 2455 de
2855 2403 3154 2470 pleromate
3207 2402 3543 2458 Salvatorem
3583 2423 3648 2461 ex

2061 2487 2317 2542 omnibus
2340 2487 2634 2542 conﬂatum
2659 2511 2671 2544 :
2698 2491 2808 2544 imo
2825 2493 2986 2544 etiam
3016 2501 3069 2545 et
3089 2494 3261 2546 eidem
3292 2495 3650 2552 Achametlsis

2059 2577 2308 2646 Spiritale
2346 2595 2533 2633 semen
2580 2582 2806 2636 insitum
2856 2583 3048 2639 fuisse.
3098 2583 3250 2638 Unde
3297 2595 3537 2655 quatuor
3578 2605 3646 2642 ex

2057 2668 2166 2722 illis
2194 2672 2561 2738 compositum
2592 2689 2716 2728 esse
2745 2673 3033 2728 Dominum
3069 2688 3408 2743 asseverant,
3441 2688 3499 2732 ut
3533 2683 3648 2750 pri-

2059 2760 2245 2813 maria:
2281 2761 2430 2815 illius
2471 2778 2534 2816 ac
2567 2765 2901 2834 primigeniaa
2941 2765 3194 2821 Tetradis
3227 2769 3643 2825 similitudinem
3702 2842 3704 2844 _

2055 2849 2386 2916 exprimeret
2425 2869 2438 2904 :
2482 2852 2738 2906 nimirum
2773 2871 2804 2906 e
2849 2857 3115 2925 spiritali,
3168 2860 3312 2926 quod
3359 2862 3426 2913 ab
3469 2862 3648 2914 Acha-

2055 2940 2237 2995 mothe
2275 2942 2580 2996 derivatum
2614 2954 2730 3012 est,
2774 2963 2838 3000 ex
2875 2949 3119 3010 animali,
3159 2952 3301 3020 quod
3368 2969 3396 3005 a
3443 2953 3645 3008 Condi-

2053 3039 2206 3097 tore,
2242 3049 2307 3087 ex
2358 3036 2736 3091 incarnatione
2761 3079 2773 3101 ,
2810 3042 2953 3108 quod
2989 3041 3358 3111 inexplicabili
3396 3046 3638 3114 quodam

356 3123 422 3174 ὲκ
443 3123 536 3175 τοῦ
560 3124 828 3197 Σωτῆρος,
852 3126 879 3178 6
899 3123 967 3197 ἦν
985 3131 1324 3185 κατελθοῦσα
1343 3135 1421 3196 εἰς
1444 3135 1604 3187 αὐτὸν
1625 3154 1690 3187 πε
1701 3139 1942 3208 ριστερὰ.

2051 3130 2134 3176 est.
2158 3125 2389 3180 artiﬁcio
2424 3134 2741 3181 contextum
2770 3144 2782 3178 :
2813 3146 2874 3183 ac
2901 3132 3117 3186 demum
3149 3134 3498 3200 eSalvatore,
3535 3152 3636 3192 noc

356 3215 466 3267 Καὶ
499 3215 658 3268 τοῦτο
681 3218 700 3246 ²
752 3219 850 3287 μὲν
890 3219 1072 3291 ἀπαθῆ
1121 3221 1596 3295 διαμεμενηκέναι·
1633 3229 1693 3279 οὐ
1728 3228 1834 3299 γὰρ
1865 3231 1948 3281 ἐν·

361 3306 574 3377 εδέχετο
605 3308 799 3362 παθεῖν
840 3313 1004 3364 αὑτὸν
1048 3315 1359 3386 ἁκράτητον
1389 3321 1482 3371 καὶ
1509 3320 1740 3389 ἀόρατον
1773 3325 1947 3395 ὑπάρι-

353 3415 536 3467 κοντα.
564 3401 673 3453 Καὶ
703 3401 792 3454 διὰ
819 3404 978 3456 τοῦτο
1010 3401 1177 3475 ἧρθαι
1221 3412 1632 3480 προσαγομένου
1669 3415 1833 3466 αὑτοῦ
1869 3415 1945 3485 τῷ

353 3488 592 3560 Πιλάτῳ,
625 3491 686 3544 τὸ
731 3494 815 3554 εἰς
861 3495 1024 3546 αὐτὸν
1073 3497 1368 3550 κατατεθὲν
1409 3500 1632 3571 Πνεῦμα
1678 3505 1937 3573 Χριστοῦ.

365 3578 504 3630 Ἀλλ’
532 3581 653 3632 οὐδὲ
685 3581 746 3633 τὸ
778 3582 885 3634 ἀπὸ
923 3585 1024 3652 τῆς
1072 3586 1295 3656 Μητρὸς
1345 3588 1567 3660 σπέρμα
1619 3593 1942 3646 πεπονθέναι

352 3669 618 3739 λέγουσιν’
656 3673 866 3738 ἀπαθὲς
900 3675 1008 3746 γὰρ
1042 3679 1137 3730 καί
1169 3678 1301 3730 αὐτὸ
1331 3680 1391 3732 τὸ
1419 3685 1809 3752 πνευματικὸν,
1846 3688 1941 3740 καὶ

351 3762 500 3832 αὐτῷ
533 3765 608 3834 τῷ
653 3767 1002 3837 Δημιουργῷ,
1037 3769 1247 3821 Ἐπαθε
1283 3769 1339 3822 δὲ
1378 3771 1562 3827 λοιπὸν
1594 3778 1713 3828 κατ’
1745 3779 1940 3841 αὐτοὺς

347 3855 377 3907 ὁ
416 3855 644 3924 ψυχικὸς
687 3859 935 3928 Χριστὸς,
965 3859 1060 3913 καὶ
1106 3861 1134 3912 ὁ
1180 3862 1243 3913 ἐκ
1283 3863 1381 3932 τῆς
1447 3866 1762 3936 οἰκονομίας
1804 3886 1936 3921 κατ-

347 3948 749 4018 εσκευασμένος
802 3952 1212 4021 μυστηριωδῶς,
1270 3954 1336 4005 ἵν’
1372 3957 1611 4028 ἐπιδείξῃ
1660 3959 1824 4012 αὑτοῦ
1853 3963 1932 4032 δή

347 4038 546 4108 Μήτηρ
571 4038 660 4092 τὸν
695 4039 860 4093 τύπον
883 4042 976 4093 τοῦ
1012 4041 1122 4094 ἄνω
1170 4044 1428 4114 Χριστοῦ,
1471 4049 1680 4101 ἐκείνου
1709 4049 1802 4101 τοῦ
1834 4053 1932 4102 ἐπ-

346 4127 676 4191 εκταθέντος
699 4128 776 4200 τῷ
807 4132 1061 4203 Σταυρῷ,
1093 4134 1185 4185 καὶ
1220 4137 1607 4206 μορφώσαντος
1634 4141 1732 4212 τὴν
1768 4143 1932 4212 Ἀχα-

349 4215 466 4286 μὼθ
507 4218 788 4288 μόρφωσιν
828 4221 927 4291 τὴν
972 4225 1092 4276 κατ’
1139 4225 1349 4278 οὐσίαν·
1395 4230 1574 4282 πάντα
1618 4233 1724 4303 γὰρ
1759 4234 1932 4287 ταῦτα

343 4305 546 4371 τύπους
587 4309 807 4362 ἐκείνων
847 4307 985 4365 εἶναι
1020 4312 1256 4380 λέγουσι.
1301 4317 1412 4381 Τὰς
1451 4320 1508 4372 δὲ
1546 4322 1843 4392 ἐσχηκυίας
1872 4327 1931 4378 τὸ

346 4402 566 4473 σπέρμα
602 4405 700 4474 τῆς
741 4405 994 4476 Ἀχαμὼθ
1020 4407 1198 4478 ψυχὰς
1231 4412 1488 4480 ἀμείνους
1523 4415 1737 4485 λέγουσι
1771 4437 1928 4488 γεγο-

2048 3224 2132 3268 est
2162 3215 2414 3269 columha
2445 3218 2536 3270 illa
2569 3218 2636 3272 de
2665 3221 2802 3274 caelo
2842 3219 3088 3292 delapsa.
3124 3226 3300 3296 Atque
3333 3231 3478 3284 hunc
3517 3233 3635 3300 qui-

2046 3303 2167 3355 dem
2202 3305 2480 3372 patihilem
2509 3324 2788 3377 nunquam
2825 3311 3014 3379 fuisse,
3048 3319 3306 3384 quoniam
3337 3321 3442 3388 pati
3469 3324 3639 3376 omni-

2045 3409 2116 3448 no
2149 3407 2412 3464 nequeat,
2465 3400 2610 3467 quod
2672 3417 2848 3470 neque
2901 3406 3166 3459 ρυιιιίιιιινὶ
3195 3446 3208 3468 ,
3255 3426 3431 3479 neque
3464 3415 3639 3469 oculis

2047 3490 2304 3556 usurpari
2345 3492 2539 3558 possit.
2586 3491 2933 3564 Proindeque
2976 3514 3100 3550 cum
3143 3500 3208 3551 ad
3244 3500 3478 3556 Pilatum
3513 3522 3637 3574 per-

2043 3581 2243 3635 ductus
2265 3590 2372 3646 est,
2395 3583 2696 3638 demissum
2732 3586 2785 3640 in
2819 3605 2941 3641 eum
2980 3590 3182 3645 Chri~ti
3223 3590 3491 3663 Spiritum
3516 3614 3638 3653 evo-

2043 3671 2206 3727 lasse.
2252 3673 2359 3727 Sed
2395 3691 2572 3743 neque
2600 3688 2909 3733 maternum
2942 3683 3072 3737 illud
3115 3700 3300 3740 semen
3328 3689 3634 3760 quidquam

2040 3777 2164 3819 esse
2206 3780 2527 3834 perpessum
2574 3771 2767 3838 :quod
2821 3772 2996 3827 nihilo
3032 3778 3207 3845 magis
3255 3782 3478 3848 patibile
3527 3786 3630 3849 sit,

2040 3862 2229 3923 utpote
2256 3859 2520 3925 spiritale,
2547 3877 2647 3915 nec
2671 3864 2753 3915 vel
2787 3865 2887 3933 ipsi
2920 3865 3202 3922 Conditori
3227 3873 3445 3940 quidem
3478 3892 3629 3944 aspe-

2039 3945 2260 3999 ctabile.
2300 3947 2489 4002 Restat
2521 3952 2686 4022 igitur
2724 3963 2781 4007 ut
2814 3955 3030 4010 illorum
3065 3962 3325 4029 opinione
3376 3969 3627 4025 animalis

2038 4034 2126 4089 ille
2149 4036 2406 4094 Christus
2435 4042 2505 4096 sit
2540 4059 2758 4111 passus,
2805 4048 3104 4119 itidemque
3157 4061 3210 4105 et
3244 4055 3382 4108 alter
3424 4065 3518 4127 qui
3555 4077 3622 4116 ex

2035 4127 2412 4186 incarnatione
2445 4135 2712 4192 conﬂatus
2763 4151 2868 4193 est.
2903 4139 3058 4205 Quod
3097 4160 3206 4197 non
3245 4147 3366 4202 sine
3411 4163 3620 4222 mystea

2033 4221 2117 4271 rio
2149 4220 2454 4288 perfectum
2487 4233 2594 4288 est,
2629 4236 2687 4279 ut
2721 4231 2924 4283 smnmi
2952 4233 3098 4287 illius
3126 4236 3330 4292 Christi
3365 4220 3613 4309 per—eum

2031 4311 2207 4364 Mater
2240 4309 2528 4383 imaginem
2562 4319 2864 4383 exhiberet,
2906 4323 2997 4392 qui
3037 4324 3090 4377 in
3123 4326 3299 4383 Cruce
3342 4331 3619 4396 distentus

2032 4403 2424 4460 Achamothcm
2481 4411 2806 4467 substantiae
2840 4415 3231 4474 informatione
3266 4428 3556 4494 perpolivit
3599 4447 3615 4483 :

341 4494 491 4548 νέναι
519 4497 626 4548 τῶν
655 4496 879 4551 λοιπῶν·
905 4500 985 4552 διὸ
1007 4503 1100 4554 καὶ
1133 4502 1315 4556 πλεῖον
1349 4505 1456 4558 τῶν
1491 4507 1666 4562 ἄλλων
1706 4512 1926 4583 ἠγαπῆ-

2051 4510 2144 4547 ιωο
2173 4497 2316 4548 enim
2349 4499 2531 4552 omnia
2567 4504 2913 4570 snperiorum
2945 4507 3163 4562 illorum
3204 4511 3433 4582 ﬁguram
3483 4534 3610 4574 con-

342 4584 470 4639 σθαι
510 4587 616 4639 ὑπὸ
647 4587 741 4640 τοῦ
785 4590 1152 4660 Δημιουργοῦ,
1208 4595 1280 4664 μὴ
1328 4597 1529 4660 εἰδότος
1574 4600 1672 4671 τὴν
1721 4604 1921 4668 αἰτίαν,

336 4677 475 4732 ἀλλὰ
496 4680 626 4751 παρ’
651 4680 817 4733 αὐτοῦ
845 4681 1200 4753 λογιζομένου
1230 4684 1369 4738 εἶναι
1397 4689 1672 4754 τοιαύτας.

405 4943 495 4995 Διὸ
526 4943 622 4996 καὶ
653 4946 733 5007 εἰς
763 4947 1068 5018 προφήτας,
1100 4949 1284 5017 φασὶν,
1322 4948 1550 5004 ἔτασσεν
1575 4953 1792 5017 αὐτοὺς,
1828 4959 1920 5010 καὶ

321 5037 361 5086 is
387 5040 521 5108 ρεῖς,
554 5037 650 5089 καὶ
684 5037 943 5107 βασιλείςο
984 5042 1076 5093 καὶ
1106 5042 1276 5096 πολλὰ
1307 5044 1411 5097 ὑπὸ
1432 5044 1452 5075 ⁸
1481 5045 1573 5098 τοῦ
1606 5048 1920 5118 σπέρματος

326 5127 518 5181 τούτου
565 5129 818 5200 εἰρῆσθαι
854 5131 943 5184 διὰ
970 5133 1079 5184 τῶν
1110 5135 1402 5206 προφητῶν
1436 5135 1779 5205 ἐξηγοῦνται,
1822 5140 1917 5193 ἆτε

325 5218 667 5290 ὑῂλοτέρας
697 5221 912 5288 φύσεως
947 5223 1303 5295 ὑπαρχούσας
1325 5227 1367 5282 ⁵,
1407 5226 1583 5279 Πολλὰ
1615 5227 1670 5279 δὲ
1702 5229 1795 5280 καὶ
1822 5229 1918 5299 τὴν

321 5311 553 5380 Μητέρα
583 5313 709 5383 περί
736 5313 847 5366 τῶν
870 5315 1127 5386 ἀνωτέρω
1160 5317 1442 5388 εἰρηκέναι
1474 5319 1743 5387 λέγουσιν,
1779 5321 1914 5374 ἀλλὰ

321 5403 415 5453 καὶ
438 5402 527 5455 διὰ
550 5405 741 5457 τούτου
763 5406 854 5457 καὶ
881 5407 988 5458 τῶν
1019 5407 1124 5459 ὑπὸ
1149 5410 1335 5461 τούτου
1365 5411 1670 5480 γενομένων
1703 5410 1910 5480 ψυχῶν.

319 5493 432 5545 Καὶ
461 5493 646 5546 λοιπὸν
679 5495 938 5566 τέμνουσι
969 5499 1068 5561 τὰς
1097 5501 1454 5570 προφητείας,
1490 5502 1550 5554 τὸ
1584 5503 1682 5572 μέν
1710 5519 1762 5554 τι
1798 5503 1905 5556 ἀπὸ

316 5581 420 5653 τῆς
447 5584 672 5655 Μητρὸς
698 5587 946 5658 εἰρῆσθαι
974 5588 1239 5655 θέλοντες,
1263 5591 1322 5644 τὸ
1341 5592 1397 5645 δέ
1417 5609 1467 5645 τι
1489 5592 1596 5646 ἀπὸ
1620 5591 1712 5646 τοῦ
1737 5595 1902 5666 σπέρο

389 5737 408 5769 ¹
437 5735 501 5792 F.
537 5739 728 5794 τούτω
758 5742 834 5796 δέ.
911 5746 931 5775 ¹
966 5745 1022 5800 F.
1051 5745 1259 5803 τοῦτον.
1339 5750 1358 5781 ³
1384 5747 1522 5803 lrcn.
1549 5747 1615 5800 δι’
1651 5744 1833 5801 αὑτοῦ.

1915 5748 1935 5779 ⁸
1970 5748 2096 5805 Cor.
2129 5752 2287 5824 ὑπέρ.

2033 4588 2226 4642 linere.
2271 4588 2403 4653 Quae
2459 4607 2584 4645 vero
2633 4595 2827 4648 anima:
2859 4597 3219 4656 Achamothis
3256 4608 3463 4663 semine
3505 4614 3616 4666 sint

2029 4695 2296 4748 aspersae,
2346 4699 2440 4737 eas
2474 4687 2688 4740 caeteris
2742 4703 2864 4744 esse
2907 4694 3179 4762 meliores,
3209 4706 3373 4768 atque
3404 4703 3615 4774 impen-

2028 4771 2146 4825 sius
2175 4787 2204 4824 a
2237 4775 2535 4829 Conditore
2566 4778 2719 4846 diligi
2746 4795 2759 4830 :
2785 4783 2879 4850 qui
2904 4785 3024 4853 ejus
3065 4794 3246 4842 tamen
3281 4792 3356 4846 rei
3385 4771 3611 4851 causam

2025 4878 2135 4916 non
2169 4865 2482 4935 intelligens
2529 4884 2596 4922 ex
2647 4886 2768 4925 sese
2797 4874 2920 4929 illas
2953 4877 3222 4944 ejusmodi
3253 4897 3376 4937 esse
3425 4897 3602 4954 putet.

2098 4954 2466 5020 Quamobrem
2489 4962 2784 5031 prophetas
2796 4982 2860 5018 ex
2883 4968 2967 5030 iis,
2991 4970 3072 5025 vel
3093 4973 3427 5041 sacerdotes,
3449 4979 3608 5049 192

2024 5047 2109 5102 vel
2140 5064 2294 5117 reges
2334 5052 2612 5117 instituit;
2659 5070 2722 5108 ac
2773 5058 3034 5129 pleraque
3082 5078 3112 5116 a
3161 5066 3441 5134 prophetis
3482 5047 3608 5138 pio:

2025 5141 2274 5195 nuntiata
2305 5143 2371 5198 de
2406 5144 2513 5198 isto
2551 5148 2762 5203 semine
2794 5150 3250 5220 interpretantur,
3284 5158 3443 5225 quasi
3487 5162 3608 5213 illo-

2027 5247 2150 5286 rum
2201 5234 2396 5289 anima:
2431 5247 2642 5292 natura:
2673 5241 2958 5308 cujusdam
3001 5245 3344 5302 sublimioris
3379 5252 3606 5305 exstite-

2024 5325 2153 5378 rint.
2191 5324 2519 5391 Quinetiam
2579 5331 2646 5385 de
2693 5333 3010 5389 caelestibus
3060 5337 3226 5392 tnulta
3291 5339 3604 5408 disputasse

2023 5415 2269 5482 Matrem,
2299 5419 2472 5490 deque
2505 5423 2703 5479 animis
2733 5441 2872 5494 quos
2902 5428 2985 5480 vel
3021 5427 3130 5493 ille,
3161 5431 3243 5484 vel
3280 5434 3373 5502 qui
3399 5434 3467 5487 ab
3508 5436 3601 5491 illo

2011 5509 2231 5564 oriundi
2272 5521 2400 5566 sunt
2452 5515 2849 5582 produxerunt.
2901 5518 3054 5575 Unde
3099 5531 3154 5577 et
3211 5526 3598 5595 prophetarum

2012 5598 2269 5652 vaticinia
2312 5602 2387 5655 ita
2430 5603 2777 5672 partiuntur,
2814 5609 3063 5677 quaedam
3105 5619 3162 5668 ut
3204 5613 3362 5670 eﬁ'ata
3411 5616 3598 5676 Matris

2365 5756 2384 5786 ⁵
2409 5755 2548 5812 lren.
2584 5758 2918 5830 ὑπάρχοντος
