4170 6372
380 394 475 450 521

1044 392 1410 447 ADVERSUS
1456 392 1795 447 [LERESES
1836 388 1973 447 LIB.
2016 390 2059 444 1.
2102 389 2262 441 TOM.
2308 389 2371 442 ll.
2412 418 2481 429 -—-
2520 390 2788 444 Hr‘ERES.
2821 391 2990 445 XXXI

3543 397 3641 450 5‘2?

377 511 582 573 εἰκόνος
610 510 779 581 καλῆς
810 511 1321 581 κατεσκευασμένης
1371 512 1435 565 ὲκ
1480 510 1726 581 ψηφίδων
1760 510 1960 580 ἐπισή-

2082 508 2142 561 ιὶο
2196 507 2521 577 proferunt,
2574 517 2631 561 ut
2674 509 2977 563 divinarum
3032 513 3461 577 sententiarum,
3506 529 3643 581 quas

378 620 495 673 μων
524 602 628 655 ὑπὸ
655 600 819 671 σοφοῦ
850 600 1115 671 τεχνίτου,
1147 602 1314 666 λύσας
1344 602 1443 674 τὴν
1471 603 1846 674 ὑποκειμένην
1870 602 1963 654 τοῦ

380 691 665 761 ἀνθρώπου
702 692 868 757 ἰδέαν,
896 692 1196 762 μετενέγκῃ
1223 692 1320 756 τὰς
1349 692 1585 763 ψηφίδας
1610 693 1834 754 ὲκείνας
1871 690 1968 744 καὶ

381 783 715 853 μεθαρμόσοι
754 784 847 836 καὶ
878 784 1093 853 ποιήσει
1135 784 1348 854 μορφὴν
1389 784 1550 847 κυνὸς
1583 787 1615 853 ἢ
1652 781 1964 847 ἀλώπεκος,

381 875 472 928 καὶ
501 874 702 945 ταύτην
742 874 960 943 φαύλως
986 875 1528 944 κατεσκευασμένην,
1574 875 1771 929 ἔπειτα
1804 876 1969 946 διορί-

383 962 564 1028 ζοιτο,
606 965 698 1017 καὶ
748 963 897 1032 λέγοι
947 964 1151 1035 ταύτην
1206 959 1344 1018 εἶναι
1396 966 1495 1035 τὴν
1549 965 1642 1018 τοῦ
1706 965 1968 1034 βασιλέως

383 1056 594 1125 ἐκείνην
627 1056 809 1109 εἰκόνα
845 1057 943 1127 τὴν
974 1056 1164 1127 καλὴν,
1200 1058 1265 1128 ἣν
1294 1058 1323 1109 6
1353 1057 1513 1125 σοφὸς
1546 1057 1799 1128 τεχνίτης
1839 1074 1971 1110 κατ-

387 1147 641 1200 εσκεύασε
662 1189 676 1213 ,
723 1148 931 1211 δεικνὺς
965 1149 1063 1212 τὰς
1106 1148 1344 1220 ψηφῖδας
1375 1149 1473 1212 τὰς
1522 1158 1709 1211 καλως
1740 1147 1843 1200 ὑπὸ
1868 1148 1968 1201 ’τοῦ

387 1242 624 1309 τεχνίτου
676 1239 769 1292 τοῦ
806 1238 1023 1310 πρώτου
1081 1241 1162 1303 είς
1213 1241 1313 1310 τὴν
1356 1239 1449 1292 τοῦ
1487 1238 1755 1309 βασιλέως
1785 1238 1970 1291 εἰκόνα

388 1330 732 1393 συντεθείσας
758 1369 773 1394 ,
832 1330 1009 1394 καλῶς
1061 1330 1117 1383 δὲ
1151 1331 1254 1383 ὑπὸ
1285 1330 1380 1383 τοῦ
1434 1330 1661 1401 ὑστέρου
1698 1329 1777 1392 είς
1812 1327 1969 1390 κυνὸς

388 1422 599 1492 μορφὴν
636 1422 1083 1491 μετενεχθείσας,
1144 1422 1241 1475 καὶ
1295 1421 1381 1474 διὰ
1430 1421 1531 1491 τῆς
1564 1421 1678 1473 τῶν
1721 1420 1969 1491 ψηφίδων

388 1513 685 1580 φαντασίας
716 1513 989 1584 μεθοδεύοι
1018 1514 1142 1576 τοὺς
1175 1514 1593 1584 ἀπειροτέρους,
1632 1515 1763 1576 τοὺς
1801 1515 1969 1566 κατά-

388 1605 546 1675 ληψιν
580 1605 862 1677 βασιλικῆς
921 1606 1135 1676 μορφῆς
1167 1608 1266 1660 οὐκ
1316 1606 1569 1677 ἔχοντας,
1615 1603 1714 1658 κατι
1773 1604 1966 1669 πείθοι,

389 1696 464 1748 Ξτι
489 1694 627 1766 αὕτη
663 1697 694 1767 ἡ
722 1694 907 1766 σαπρά
936 1695 1035 1766 τῆς
1067 1693 1347 1760 ἀλώπεκος
1382 1695 1494 1748 ἰδέα
1525 1691 1704 1761 ἐκείνη
1749 1691 1895 1743 ἐστὶν
1935 1692 1967 1762 ή

389 1785 524 1857 καλὴ
555 1786 649 1839 τοῦ
682 1785 946 1855 βασιλέως
977 1783 1166 1837 είκών⁶
1216 1786 1304 1837 τὸν
1351 1784 1513 1839 αὑτὸν
1553 1783 1615 1855 δὴ
1642 1782 1846 1854 τρόπον
1877 1782 1970 1835 καὶ

2068 599 2521 662 accommodant,
2551 600 2749 655 callido
2787 601 3023 670 quodam
3076 603 3636 672 artiticiosoque‘con.

2069 697 2220 744 textu
2253 692 2454 746 multos
2495 692 2551 746 in
2583 708 2825 747 errorem
2858 693 3136 747 inducant.
3180 693 3645 759 Quemadmodum

2062 772 2113 837 'si
2145 784 2490 852 imperatoris
2525 786 2703 852 imago
2749 784 3132 853 pulcherrimis
3180 800 3243 838 ex
3279 786 3563 840 tesserulis
3619 800 3645 838 a

2067 875 2241 943 perito
2278 874 2513 943 quodam
2562 874 2776 929 artiﬁce
2814 874 2977 930 fuerit
3031 876 3346 941 elaborata;
3402 890 3466 929 ac
3499 877 3624 945 quis

2068 966 2235 1036 piam,
2266 966 2504 1022 hominis
2535 967 2707 1036 elligie
2738 967 3023 1031 dissoluta,
3054 984 3115 1021 ac
3144 968 3511 1037 transpositis,
3546 968 3644 1021 ali-

2069 1067 2260 1129 terque
2302 1060 2585 1115 collocatis
2625 1061 2911 1117 tesserulis
2937 1100 2953 1124 ,
2993 1061 3148 1114 canis
3203 1070 3295 1113 aut
3351 1060 3647 1129 vulpecula:

2070 1152 2306 1222 speciem
2338 1154 2608 1221 exprimat
2634 1194 2648 1216 ,
2685 1168 2754 1207 ne
2778 1168 2896 1207 eam
2930 1152 3150 1222 quidem
3182 1158 3328 1205 recte
3375 1154 3634 1221 composi

2064 1253 2213 1307 tam;
2246 1250 2360 1296 tum
2389 1242 2619 1297 alIirmet
2650 1244 2755 1298 hoc
2798 1244 2974 1313 ipsum
3016 1258 3138 1297 esse
3169 1243 3444 1312 egregium
3482 1243 3645 1312 impc-

2072 1338 2271 1391 ratoris
2305 1336 2656 1390 simulacrum
2686 1375 2701 1398 ,
2736 1336 2803 1388 ab
2835 1335 3036 1389 eximio
3081 1335 3289 1389 artiﬁce
3323 1334 3524 1389 aliabre
3573 1336 3647 1389 fa-

2070 1433 2251 1491 ctum;
2284 1425 2537 1481 ostendat
2591 1435 2645 1479 et
2681 1427 2800 1480 illas
2854 1427 2921 1477 ab
2955 1425 3145 1479 eodem
3202 1425 3267 1478 ad
3312 1425 3649 1479 referendam

2070 1516 2333 1585 principis
2360 1516 2582 1585 ﬁguram
2609 1523 3016 1585 coagmentatas
3042 1516 3359 1579 tesserulas,
3388 1529 3417 1567 a
3445 1531 3502 1569 se
3522 1529 3650 1569 vero

2072 1614 2259 1676 postea
2290 1611 2543 1659 caninam
2590 1608 2644 1659 in
2681 1607 2910 1659 formam
2945 1606 3271 1669 translatas,
3305 1613 3469 1675 atque
3499 1606 3649 1674 ejus-

2071 1696 2217 1750 modi
2271 1697 2662 1751 tessernlarum
2720 1697 2904 1765 specie
2948 1696 3214 1764 imperitis
3273 1697 3507 1759 illudat,
3556 1697 3651 1765 qui

2072 1787 2336 1856 principis
2384 1789 2671 1857 imaginem
2743 1786 2986 1839 nondum
3044 1789 3228 1839 animo
3278 1787 3650 1855 conceperint,

390 1870 530 1930 aiam:
558 1876 745 1947 γραῶν
784 1876 986 1947 μύθους
1021 1874 1527 1944 συγκαττύσαντες,
1564 1874 1758 1927 ἔπειτα
1790 1873 1968 1942 ῥήμα-

2082 1880 2506 1947 persuadeatque
2541 1892 2702 1946 quam
2748 1877 2822 1930 illi
2856 1877 3043 1931 vident
3072 1885 3283 1945 turpem
3332 1877 3509 1944 vulpis
3538 1877 3651 1929 «illi—

393 1984 453 2021 τα
484 1967 577 2020 καὶ
621 1966 794 2034 λέξεις
829 1966 921 2020 καὶ
955 1965 1267 2037 παραϐολὰς
1307 1965 1427 2018 ὅθεν
1473 1965 1567 2018 καὶ
1619 1966 1787 2015 πόθτιν
1834 1963 1969 2014 ἀπο-

391 2058 664 2121 σπῶντες,
701 2056 1032 2128 ἐφαρμόζειν
1066 2055 1345 2125 βούλονται
1398 2057 1510 2116 τοῖς
1551 2053 1742 2123 μύθοις
1791 2051 1969 2104 αὐτῶν

394 2148 458 2201 τὰ
490 2148 644 2217 λόγια
681 2147 774 2199 τοῦ
820 2146 975 2199 Θεοῦ.
1013 2144 1119 2198 Καὶ
1144 2147 1246 2199 ὅσα
1298 2144 1397 2216 μὲν
1431 2146 1489 2197 ὲν
1524 2148 1636 2207 τοῖς
1682 2141 1777 2197 τοῦ
1824 2142 1971 2212 Πλη-

393 2239 644 2313 ρώματος
674 2238 1095 2310 ἐφαρμόζουσιν,
1128 2239 1445 2309 εἰρήκαμεν.

462 2507 590 2563 ΚΕ’.
621 2508 760 2561 Ὅσα
793 2506 849 2561 δὲ
880 2500 1111 2569 καὶτοῖς
1153 2505 1308 2568 ἐκτὸς
1338 2501 1430 2557 τοῦ
1467 2502 1842 2573 Πληρώματος
1874 2502 1974 2555 αὐ-

2067 1971 2209 2039 giem
2232 2010 2246 2033 ,
2284 1970 2601 2040 praeclaram
2639 1969 2785 2021 illam
2832 1969 3179 2038 imperatoris
3219 1982 3343 2022 esse
3392 1976 3650 2022 statuam.

2073 2058 2164 2114 Sic
2195 2062 2287 2116 isti
2319 2060 2385 2113 ad
2420 2058 2684 2114 ridiculas
2735 2060 3018 2128 anilesque
3069 2074 3205 2128 quas
3240 2068 3517 2113 consuunt
3552 2076 3653 2112 nu-

2071 2167 2203 2223 gas,
2238 2158 2525 2221 corrogata
2560 2149 2687 2203 hinc
2729 2158 2782 2204 et
2821 2150 2974 2202 illinc
3021 2152 3221 2212 verba,
3272 2158 3325 2203 et
3367 2151 3655 2218 parabolas

2072 2244 2325 2308 trahunt,
2381 2257 2445 2296 ac
2492 2241 2681 2295 divina
2729 2255 2991 2309 responsa
3037 2240 3237 2295 fabulis
3286 2241 3403 2295 suis
3449 2242 3657 2311 illigare

2073 2334 2436 2390 contendunt.
2470 2333 2546 2388 Ex
2607 2334 2807 2402 quibus
2835 2348 2955 2403 quae
2983 2334 3051 2387 ad
3089 2332 3339 2387 Pleroma
3384 2335 3657 2403 pertinere

2072 2424 2329 2479 videntur
2356 2426 2518 2493 paulo
2553 2432 2681 2478 ante
2707 2425 3016 2478 retulimus.

2150 2516 2309 2587 194,
2340 2515 2503 2571 XXV.
2546 2515 2677 2581 Qua:
2704 2531 2835 2570 vero
2866 2516 2934 2569 ad
2966 2530 3027 2569 ea
3076 2531 3197 2585 quae
3227 2525 3379 2569 extra
3409 2514 3657 2569 Pleroma

397 2600 502 2653 τῶν
550 2597 926 2672 προσοικειοὼ
968 2598 1262 2669 πειρῶνται
1312 2599 1376 2649 έκ
1418 2597 1524 2650 τῶν
1569 2594 1831 2666 Γραφῶν,
1862 2592 1976 2646 ἔστι

2082 2616 2201 2662 sunt
2230 2609 2403 2663 sacris
2446 2622 2509 2661 ex
2544 2606 2761 2661 Litteris
2797 2608 3231 2673 accommodant,
3252 2608 3518 2675 ejusmodi
3552 2608 3661 2662 fere

398 2694 643 2748 τοιαῦτα.
678 2693 783 2747 Τὸν
829 2691 1031 2763 Κύριον
1067 2692 1125 2741 ὲν
1176 2690 1288 2751 τοῖς
1339 2688 1588 2757 ἐσχάτοις
1631 2684 1726 2738 τοῦ
1773 2686 1977 2754 κόσμου

2082 2704 2229 2753 sunt.
2258 2698 2535 2751 Christum
2572 2696 2862 2750 Dominum
2899 2698 3192 2766 postremis
3226 2698 3415 2751 mundi
3455 2705 3661 2768 tempo—

399 2783 609 2854 χρόνοις
636 2780 722 2835 διὰ
756 2780 912 2834 τοῦτο
949 2778 1269 2848 ἐληλυθέναι
1298 2777 1390 2830 ἐπὶ
1422 2777 1482 2829 τὸ
1507 2776 1676 2838 πάθος
1708 2775 1976 2843 λέγουσιν,

2082 2794 2232 2847 ribus
2286 2791 2523 2862 patiendi
2575 2791 2749 2859 gratia
2785 2789 3073 2844 advenisse
3117 2789 3343 2851 dicunt,
3397 2790 3569 2842 ultimi
3604 2797 3663 2842 ut

399 2874 466 2926 ἵν’
505 2871 746 2944 ἐπιδείξῃ
765 2872 824 2924 τὸ
847 2871 974 2941 περὶ
1002 2871 1093 2923 τὸν
1120 2870 1345 2939 ἔσχατον
1373 2868 1481 2920 τῶν
1514 2866 1733 2921 Αἰώνων
1757 2864 1979 2933 γεγονὸς

2082 2884 2277 2940 Εοιιὶε
2310 2899 2498 2938 casum
2530 2898 2594 2937 ac
2624 2883 2989 2936 calamitatem
3024 2880 3357 2942 ostenderet,
3397 2896 3460 2935 ac
3495 2882 3662 2935 totius

402 2962 574 3026 πάθος
596 3003 612 3027 ,
662 2963 755 3015 καὶ
785 2961 851 3014 δι’
887 2960 1052 3014 αὑτοῦ
1094 2960 1188 3012 τοῦ
1241 2959 1426 3021 τέλους
1464 2959 1682 3029 ὲμφήνῃ
1734 2956 1794 3009 τὸ
1829 2955 1980 3017 τέλος

2082 2976 2322 3031 Αὒοηυῐη
2376 2975 2578 3046 negotii
2626 2975 2831 3028 exitum
2881 2988 2982 3027 suo
3012 2972 3105 3026 illo
3153 2973 3302 3027 exitu
3338 2972 3661 3027 declararet.

404 3054 503 3124 τῆς
555 3055 681 3123 περὶ
708 3054 832 3115 τοὺς
869 3051 1083 3116 Αίῶνας
1116 3050 1518 3123 πραγματείας.
1562 3049 1671 3117 Τὴν
1721 3048 1777 3101 δὲ
1824 3047 1985 3101 δωδε-

406 3145 577 3214 καιτῆ
610 3144 875 3214 παρθένον
904 3144 1118 3214 ἐκείνην
1144 3143 1241 3213 τὴν
1274 3140 1368 3194 τοῦ
1400 3139 1843 3211 ἀρχισυναγώγου
1892 3138 1983 3191 θυ-

407 3232 615 3303 γατέρα
635 3272 649 3296 ,
681 3235 748 3303 ἦν
775 3232 999 3295 ἐπιστὰς
1025 3234 1052 3285 6
1076 3230 1280 3302 Κύριος
1308 3230 1374 3281 ὲκ
1402 3229 1608 3301 νεκρῶν
1636 3230 1826 3300 ἤγειρε
1853 3267 1868 3291 ,
1893 3229 1986 3280 τύ-

409 3338 511 3376 πον
534 3318 672 3375 εἷναι
700 3323 1009 3392 διηγοῦνται
1046 3324 1142 3393 τῆς
1184 3320 1440 3392 Ἀχαμὼθ
1465 3360 1479 3384 ,
1508 3322 1575 3389 ἢν
1607 3320 1929 3383 ὲπεκταθεὶς
1960 3322 1990 3373 6

411 3415 645 3485 Χριστὸς
681 3414 842 3468 αὐτόν
873 3416 887 3444 ¹
923 3414 1211 3486 ἐμόρφωσε
1236 3454 1249 3476 ,
1278 3414 1373 3465 καὶ
1420 3415 1499 3475 εἰς
1530 3412 1778 3483 αἴσθησιν
1813 3412 1986 3482 ἧγαγε

413 3505 506 3558 τοῦ
535 3505 923 3569 καταλιπόντος
953 3506 1120 3576 αὐτὴν
1154 3505 1348 3574 φωτός.
1380 3505 1500 3557 Ὅτι
1529 3504 1586 3557 δὲ
1616 3505 1752 3574 αὐτῇ
1781 3505 1987 3572 ἐπέφα-

415 3618 503 3655 νεν
532 3602 561 3653 6
577 3600 768 3671 Σωτὴρ
790 3601 946 3663 ἐκτὸς
961 3598 1125 3669 οῠσης
1146 3600 1183 3630 ¹⁶
1204 3597 1297 3651 τοῦ
1320 3596 1691 3669 Πληρώματος
1710 3598 1766 3650 ἐν
1786 3597 1990 3668 ἐκτρώ-

418 3710 585 3763 ματος
628 3694 792 3764 μοίρᾳ
815 3732 829 3755 ,
860 3694 951 3747 τὸν
978 3694 1189 3747 Παῦλον
1233 3694 1485 3762 λέγουσιν
1530 3691 1807 3763 εἰρηκέναι
1835 3692 1891 3743 ὲν
1921 3691 1984 3759 τῇ

415 3786 552 3855 πρὸς
586 3784 927 3857 Κορινθίους’
980 3788 1286 3854 Ἐσχατον
1317 3786 1385 3838 δὲ
1429 3784 1669 3839 πάντων
1732 3782 1988 3850 ὡσπερεὶ

412 3876 494 3942 τῷ
520 3876 839 3948 ἐκτρώματι
870 3876 1035 3947 ὤφθη
1084 3878 1279 3947 κάμοί.
1315 3878 1426 3949 Τήν
1457 3894 1516 3929 τε
1564 3875 1703 3947 μετά
1730 3874 1837 3929 τῶν
1872 3873 1989 3945 ἡλι-

414 3969 625 4022 κιωτῶν
652 3970 747 4022 τοῦ
773 3969 1024 4039 Σωτῆρος
1068 3969 1369 4039 παρουσίαν
1405 3968 1541 4038 πρὸς
1568 3969 1667 4037 τὴν
1733 3964 1986 4036 Ἀχαμὼθ

409 4059 613 4129 ὁμοίως
643 4060 1087 4130 πεφανερωκέναι
1133 4059 1293 4112 αὐτὸυ
1327 4061 1383 4130 ὲν
1415 4062 1480 4129 τῇ
1516 4058 1652 4129 αὐτῇ
1703 4056 1985 4127 Ἐπιστολῇ

410 4128 664 4205 είπόνταο
724 4128 816 4205 Δεῖ
856 4128 963 4223 τὴν
999 4155 1229 4221 γυναῖκα
1284 4128 1545 4222 κάλυμμα
1575 4151 1717 4219 ἔχειν
1762 4151 1855 4201 ἐπὶ
1887 4149 1988 4218 τῆς

410 4246 653 4316 κεφαλῆς
683 4244 771 4299 διὰ
818 4247 943 4308 τοὺς
974 4244 1258 4313 ἀγγέλους.
1291 4245 1403 4297 Καὶ
1452 4244 1572 4305 ὄτι,
1618 4242 1844 4312 ἥκοντος
1895 4239 1986 4293 τοῦ

409 4337 662 4408 Σωτῆρος
712 4337 848 4406 πρὸς
875 4336 1074 4407 αὐτὴν,
1125 4337 1192 4391 δι’
1235 4335 1368 4390 αἱδὼ
1398 4335 1662 4405 κάλυμμα
1700 4333 1986 4402 ὲπέθετοή

420 4430 676 4501 Ἀχαμὼθ
705 4470 720 4493 ,
759 4431 960 4484 Μωσέα
1015 4428 1373 4501 πεποιηκέναι
1410 4426 1641 4497 φανερὸν
1671 4463 1686 4490 ,
1726 4424 1988 4494 κάλυμμα

411 4519 636 4590 θέμενον
670 4518 763 4572 ἐπ)⁵
800 4519 861 4571 τὸ
915 4519 1205 4590 πρόσωπον
1237 4517 1424 4571 αὐτοῦ.
1476 4515 1588 4570 Καὶ
1624 4514 1694 4568 τὰ
1739 4513 1885 4585 πάθη
1930 4514 1986 4565 δὲ

410 4612 611 4682 αὐτῆς.
642 4611 677 4665 ἃ
703 4611 936 4675 ἔπαθεν,
988 4609 1486 4680 ὲπισεσημειῶσθαι
1519 4608 1610 4662 τὸν
1651 4607 1853 4679 Κύριον
1883 4606 1987 4676 φά-

412 4723 631 4759 σκουσιν
669 4706 727 4757 ὲν
773 4704 851 4774 τῷ
898 4702 1136 4773 σταυρῷ.
1174 4704 1283 4755 Καὶ
1316 4704 1375 4755 ὲν
1425 4702 1521 4773 μὲν
1561 4699 1638 4771 τῷ
1672 4701 1845 4752 εἰπεῖν
1872 4738 1887 4761 ,
1931 4699 1993 4750 '0

414 4800 558 4863 Θεός
582 4815 722 4867 μου,
747 4800 834 4861 εὶς
863 4798 920 4849 τί
937 4795 1321 4865 ἐγκατέλιπές
1344 4812 1419 4864 με
1443 4811 1460 4859 ;
1498 4793 1867 4865 μεμηνυκέναι
1893 4793 1993 4845 αὑ-

408 4889 502 4942 τὸν
526 4929 540 4953 ,
585 4889 665 4941 ὅτι
702 4888 1004 4959 ἀπελείφθη
1058 4888 1169 4942 ἀπὸ
1200 4887 1293 4940 τοῦ
1345 4887 1520 4956 φωτὸς
1575 4888 1607 4957 ἡ
1657 4884 1825 4953 Σοφία
1850 4927 1864 4949 ,
1900 4884 1995 4937 καὶ

413 4982 660 5053 ἐκωλύθη
688 4983 792 5035 ὑπὸ
822 4981 916 5035 τοῦ
951 4984 1116 5053 Ὅρου
1149 4983 1248 5053 τῆς
1278 4983 1357 5044 είς
1386 4980 1763 5051 τοῦμπροσθεν
1789 4978 1985 5049 ὁρμῆς

411 5075 513 5143 τὴν
548 5074 605 5127 δὲ
632 5074 807 5144 λύπην
837 5075 1028 5145 αὐτῆς,
1049 5076 1106 5126 ἐν
1129 5073 1207 5145 τῷ
1235 5075 1425 5127 εἰπεῖν·
1450 5073 1788 5141 Περίλυπός
1820 5071 1992 5124 ἐστιν

411 5169 452 5235 ἡ
479 5166 650 5235 ψυχή
678 5184 798 5235 μου
830 5165 940 5231 ἓως
966 5166 1225 5220 θανάτου
1245 5182 1259 5196 ’
1290 5165 1382 5218 τὸν
1405 5164 1459 5217 δὲ
1483 5164 1646 5232 φόϐον
1669 5203 1684 5227 ,
1719 5164 1777 5216 ὲν
1807 5161 1884 5232 τῷ
1916 5161 1994 5214 εἰ·

412 5259 535 5309 πεῖν
554 5273 567 5285 ·
598 5256 810 5323 Πάτερ,
840 5258 892 5309 εί
924 5255 1185 5309 δυνατὸν
1209 5296 1223 5318 ,
1254 5257 1591 5324 παρελθέτω
1621 5254 1721 5309 ἀπ’
1749 5253 1895 5321 ἐμοῦ
1926 5254 1991 5306 τὸ

410 5347 727 5416 ποτήριον
758 5349 851 5402 καὶ
875 5350 973 5419 τὴν
1003 5348 1237 5418 ἀπορίαν
1264 5348 1321 5401 δὲ
1344 5347 1622 5409 ὡσαύτως.
1644 5348 1700 5399 ὲν
1730 5345 1806 5416 τῷ
1832 5348 1985 5416 εἰρη-

411 5442 566 5495 κέναι
585 5457 600 5471 ο
631 5438 738 5492 Καὶ
768 5440 823 5492 τί
851 5439 999 5492 εἴπω
1022 5442 1133 5493 οὐκ
1165 5438 1315 5492 οῖδα.
1345 5438 1483 5508 Τρία
1512 5437 1571 5490 δὲ
1602 5437 1733 5507 γένη
1777 5434 1988 5505 ἀνθρώ-

410 5552 530 5588 πων
575 5532 720 5586 οὓτω
766 5531 1056 5602 δεδειχέναι
1106 5530 1446 5584 διδάσκουσιν
1494 5529 1688 5582 αὐτόν’
1748 5528 1838 5580 τὸν
1892 5527 1991 5596 μὲν

411 5622 617 5687 ὑλικὸν,
650 5625 706 5675 ἐν
729 5621 804 5692 τῷ
843 5623 1012 5677 εἰπεῖν
1042 5619 1119 5691 τῷ
1165 5620 1498 5690 έρωτήσαντι
1521 5634 1534 5647 ·
1579 5618 1993 5684 Ἀκολουθήσω

489 5740 504 5769 ¹
540 5739 679 5793 Iren.
713 5736 911 5790 αὐτῶν.
990 5739 1029 5769 ι·
1061 5737 1211 5791 Fort.
1233 5736 1385 5807 οὔσῃ.

413 5810 505 5864 29.
581 5811 600 5841 θ
636 5809 824 5861 Matth.
852 5824 1017 5872 xxv",
1051 5809 1153 5872 i-(i;
1213 5807 1374 5861 Marc.
1410 5821 1498 5869 xv,
1528 5807 1617 5861 54.

742 5903 1007 5962 Pyram“
1044 5902 1159 5959 Gn.
1202 5903 1362 5964 XLI.

2068 5778 2079 5791 .
2160 5736 2226 5789 ³1
2261 5734 2387 5790 Cor.
2414 5751 2503 5796 xv,
2531 5734 2583 5788 8.

1703 5809 1729 5873 ,⁷
1767 5808 1959 5860 Matth.
1998 5823 2145 5866 xxvr.
2170 5808 2255 5861 '58.
2332 5806 2353 5837 ⁸
2387 5807 2520 5861 ibid.
2558 5807 2643 5858 59.
2722 5810 2741 5837 ⁹
2772 5807 2902 5861 Luc.
2935 5822 3011 5872 ix,
3056 5806 3142 5869 57,
3170 5806 3259 5861 58.

1486 5738 1506 5767 '
1540 5735 1671 5793 Luc.
1712 5751 1830 5794 vni.
1871 5736 1931 5789 4|
1960 5751 2061 5806 sqq

2083 3066 2289 3121 Deinde
2328 3066 2590 3134 virginem
2644 3064 2789 3117 illam
2845 3062 3262 3133 archisynagogi
3315 3062 3477 3115 ﬁliam
3526 3062 3663 3116 duo-

2086 3157 2260 3213 decim
2299 3171 2472 3211 annos
2523 3163 2751 3220 natam,
2804 3169 2965 3223 quam
3026 3154 3289 3209 Dominus
3334 3153 3603 3209 accedens
3631 3169 3665 3209 a

2089 3255 2264 3303 morte
2307 3248 2583 3302 revocavit
2622 3248 2643 3276 '
2668 3287 2684 3313 ,
2721 3244 3075 3300 Aehamothis
3108 3246 3397 3316 imaginem
3442 3245 3666 3305 referre.

2087 3354 2249 3409 quam
2289 3336 2591 3392 extendens
2641 3351 2765 3390 sese
2803 3335 3021 3388 illorum
3051 3334 3306 3390 Christus
3336 3335 3541 3390 elIinxit
3567 3377 3582 3399 ,
3615 3347 3668 3388 ct

2089 3430 2311 3484 luminis
2363 3428 2507 3498 quod
2558 3444 2678 3482 eam
2716 3427 3040 3481 destituerat
3091 3442 3314 3482 sensum
3352 3428 3565 3481 indidit.
3605 3426 3669 3479 Et

2087 3524 2345 3593 quoniam
2382 3523 2510 3576 huic
2539 3520 2718 3575 adhuc
2766 3527 2920 3575 extra
2973 3516 3219 3573 Pleroma
3256 3519 3447 3588 posita:
3472 3560 3485 3583 ,
3519 3519 3668 3572 velut

2088 3615 2337 3669 abortivo
2366 3615 2605 3679 cuidam,
2640 3613 2893 3667 Salvator
2921 3614 3194 3684 apparuit,
3222 3611 3451 3666 Paulum
3478 3620 3669 3680 putant

2089 3703 2156 3756 ad
2187 3702 2503 3756 Corinthios
2538 3701 2868 3755 scribentem
2896 3701 3008 3754 haec
3047 3714 3384 3769 usurpasse:
3428 3698 3672 3753 Novissi-

2088 3811 2171 3848 me
2203 3804 2379 3847 autem
2412 3796 2648 3848 omnium
2674 3792 2810 3846 velut
2846 3793 3082 3846 abortivo
3118 3794 3259 3845 visus
3286 3802 3361 3846 est
3390 3803 3439 3846 ει
3467 3792 3593 3845 mihi
3623 3792 3666 3847 ⁸,

2092 3888 2196 3943 Sed
2227 3896 2281 3942 et
2311 3888 2576 3941 eademin
2606 3885 2847 3956 Epistola
2880 3886 3180 3940 Salvatoris
3211 3900 3334 3938 cum
3367 3887 3669 3954 aequalibus

2090 3979 2206 4033 suis
2236 3979 2303 4031 ad
2359 3977 2748 4030 Achainmhem
2792 3992 3072 4032 accessum
3121 3975 3496 4046 signiﬁcasse,
3544 3993 3665 4029 cum

2088 4070 2260 4125 dixit:
2294 4066 2518 4138 Oportet
2549 4068 2830 4122 mulierem
2869 4070 3048 4123 velato
3070 4081 3191 4121 esse
3217 4067 3415 4135 capite,
3448 4078 3668 4137 prepter

2089 4160 2309 4230 angelos
2336 4158 2358 4190 ⁸
2432 4157 2684 4213 Eamdcm
2745 4158 2886 4210 illam
2928 4159 3320 4212 Achamothem
3363 4158 3427 4211 ad
3468 4161 3669 4210 θαι-θη-

2088 4258 2203 4304 tum
2246 4248 2544 4303 Salvatoris
2598 4248 2804 4319 pudore
2847 4248 3092 4303 allectam
3132 4248 3251 4302 velo
3286 4257 3451 4317 caput
3496 4248 3667 4302 obdu-

2090 4342 2262 4399 xissc,
2298 4336 2630 4391 declaratum
2663 4351 2693 4389 a
2723 4336 2869 4391 Mose
2894 4376 2907 4399 ,
2937 4351 3060 4389 cum
3094 4335 3283 4390 faciem
3316 4336 3593 4407 obtegeret
3621 4338 3663 4390 ⁵.

2089 4428 2223 4482 Nam
2259 4429 2379 4483 illas
2408 4444 2544 4498 quas
2587 4438 2674 4484 est
2715 4444 2973 4498 perpessa
3012 4428 3352 4484 calamitates
3390 4430 3667 4497 animique

2091 4523 2485 4577 commotiones
2542 4519 2830 4575 Dominum
2891 4519 3071 4575 ferunt
3109 4520 3165 4573 in
3214 4536 3377 4575 cruce
3441 4521 3667 4574 demon-

2091 4621 2316 4669 strasse.
2362 4610 2521 4666 Velut
2558 4627 2682 4666 cum
2722 4612 2890 4665 dixit:
2929 4610 3066 4664 Deus
3100 4628 3265 4675 meus,
3301 4629 3464 4683 quare
3480 4612 3668 4666 dereli-

2090 4704 2251 4775 quisti
2280 4720 2360 4757 me
2394 4704 2453 4757 3?
2485 4702 2795 4757 ostendisse
2840 4700 3171 4771 Sapientiam
3196 4718 3226 4756 a
3266 4704 3470 4758 lumine
3499 4705 3668 4757 desti-

2093 4806 2296 4858 tutam,
2327 4802 2382 4847 et
2416 4793 2484 4847 ab
2523 4792 2668 4847 Horo
2716 4809 2783 4848 ne
2828 4794 2967 4847 ultra
3008 4803 3258 4865 pergeret
3314 4795 3664 4864 prohibitam.

2094 4887 2345 4956 Ejusdem
2381 4900 2510 4939 vero
2535 4886 2776 4939 dolorem
2813 4901 2936 4940 cum
2972 4886 3141 4942 dixit:
3174 4887 3363 4940 Tristis
3385 4896 3461 4941 est
3488 4889 3670 4940 anima

2088 4995 2205 5032 mea
2243 4994 2403 5045 usque
2432 4978 2500 5030 ad
2541 4988 2758 5031 mortem
2790 4978 2808 5008 ⁷
2837 4995 2851 5043 ;
2899 4978 3173 5041 timorem,
3204 4993 3327 5032 cum
3358 4978 3432 5031 ita
3455 4976 3667 5032 Patrem

2090 5070 2356 5123 allocutus
2384 5077 2468 5122 est
2495 5086 2508 5122 :
2545 5068 2730 5133 Pater,
2750 5070 2795 5123 si
2832 5067 3079 5136 possibile
3107 5076 3219 5133 est,
3252 5077 3487 5121 transeat
3526 5086 3558 5121 a
3591 5086 3669 5122 me

2089 5161 2232 5214 calix
2287 5160 2387 5212 iste
2430 5158 2472 5212 ⁸.
2525 5157 2603 5212 ita
2651 5159 2866 5212 consilii
2920 5159 3155 5227 inopiam
3206 5158 3292 5213 his
3342 5158 3559 5213 verbis:
3602 5158 3668 5211 Et

2090 5249 2213 5320 quid
2244 5248 2421 5303 dicam
2452 5249 2646 5303 nescio.
2685 5248 2839 5313 Quod
2877 5248 2943 5301 ad
2983 5249 3087 5301 tria
3139 5256 3349 5319 spectat
3384 5249 3669 5302 hominum

2092 5357 2318 5411 genera,
2360 5342 2441 5397 sic
2490 5342 2642 5395 illum
2697 5340 2970 5394 indicasse
3006 5340 3379 5405 contendunt;
3430 5342 3673 5395 materiae

2092 5434 2311 5505 quidem
2345 5432 2585 5497 alIixum,
2613 5448 2737 5486 cum
2763 5432 3154 5502 interroganti:
3199 5431 3341 5485 Num
3364 5441 3413 5486 te
3439 5435 3672 5501 sequar?

2094 5527 2422 5597 respondit:
2490 5524 2615 5579 Non
2665 5524 2818 5579 habet
2866 5524 3046 5580 Filius
3084 5525 3311 5579 hominis
3366 5526 3455 5578 ubi
3514 5535 3671 5592 caput

2100 5619 2310 5672 reclinet
2343 5619 2403 5684 ’;
2445 5617 2734 5671 animalem
2767 5623 2945 5672 autem
2970 5656 2986 5680 ,
3026 5633 3150 5670 cum
3200 5617 3250 5671 ei
3302 5617 3392 5678 qui
3426 5615 3668 5670 dixerat:

2691 5734 2749 5786 ⁸1
2783 5734 2911 5788 Cor.
2946 5750 3025 5802 χι,
3059 5735 3144 5789 10.
3222 5736 3241 5766 ⁸
3277 5734 3448 5789 Exod.
3482 5749 3670 5799 xxxiv,

3318 5886 3454 5959 17'
