4170 6372
474 401 579 460 εεδ

477 541 679 609 Sequar
697 544 774 590 le:
792 532 878 588 sed
893 529 1132 600 permitte
1151 523 1276 577 mihi
1299 522 1444 591 prius
1469 527 1525 571 ut
1546 516 1834 572 renuntiem
1860 514 1922 565 iis
1941 528 2056 581 qua!
2090 502 2132 552 Α

433 640 448 667 ⁸
476 633 530 684 in
559 630 716 684 domo
741 642 855 680 mea
877 631 997 676 sunt
1022 622 1036 651 ¹
1060 617 1388 683 ;italocutus
1404 618 1517 665 est:
1537 607 1702 661 Nemo
1722 607 1926 659 mittens
1945 621 2060 656 ma-

478 737 601 773 num
619 718 684 772 ad
697 726 958 777 aratrum,
971 721 1018 766 et
1030 709 1288 778 aspiciens
1304 712 1460 766 retro,
1477 710 1626 769 aptus
1641 707 1716 752 est
1735 713 1888 767 regno
1906 695 1996 747 Dei
2014 696 2058 747 ³.

482 813 638 866 Hunc
662 809 806 862 enim
829 804 1022 860 mediae
1041 799 1371 856 conditionis
1398 808 1519 848 esse
1549 793 1760 846 dicunt.
1791 787 1948 858 195
1973 785 2062 839 Si-

485 902 687 956 militer
710 913 832 952 eum
854 895 944 965 qui
973 909 1031 947 se
1054 892 1338 963 plerasque
1364 883 1590 954 justitize
1608 888 1790 951 partes
1814 879 2067 946 implesse

486 993 722 1055 dixerat,
743 988 839 1042 sed
870 984 1024 1054 sequi
1057 982 1328 1039 noluerat,
1363 983 1416 1028 et
1451 988 1558 1041 quo
1588 971 1767 1024 minus
1799 968 2068 1035 perfectus

489 1097 612 1139 esse
649 1081 840 1142 vellet,
878 1075 1190 1129 divitiarum
1241 1066 1536 1135 cupiditate
1573 1062 1746 1114 fuerat
1783 1059 2068 1118 infractus,

492 1175 638 1228 hunc
663 1173 839 1241 ipsum
862 1183 927 1222 ex
955 1161 1174 1219 animali
1205 1173 1400 1230 genere
1425 1155 1595 1209 fuisse
1617 1153 1825 1206 volunt.
1845 1147 2074 1217 Spirita-

494 1273 600 1325 lem
618 1267 832 1321 demum
855 1277 920 1316 eo
936 1261 1081 1315 dicto
1103 1253 1554 1322 comprehensum
1574 1246 1729 1300 :Sine
1747 1251 1978 1295 mortuos
1997 1253 2078 1290 se-

496 1360 658 1429 pelire
688 1363 922 1409 mortuos
953 1367 1076 1404 suos
1101 1363 1118 1410 ς
1145 1355 1200 1398 tu
1231 1350 1403 1396 autem
1417 1339 1594 1393 abiens
1617 1334 1845 1403 prwdica
1867 1344 2078 1400 regnum

500 1453 598 1506 Dei
613 1452 652 1512 ³;
677 1451 801 1503 item
820 1461 942 1500 cum
956 1441 1215 1495 Zacchaen
1233 1434 1518 1505 publicano
1533 1425 1976 1484 dixit-.Festinans
1999 1419 2084 1473 de-

503 1542 725 1604 scende,
770 1539 894 1608 quia
933 1534 1084 1587 hodie
1125 1533 1179 1584 in
1230 1529 1386 1582 domo
1442 1537 1536 1576 tua
1588 1527 1787 1590 oportet
1838 1533 1917 1569 me
1963 1530 2083 1566 ma-

506 1652 626 1690 nere
662 1635 702 1687 ⁸.
741 1632 882 1684 Istos
933 1627 1076 1682 enim
1123 1637 1312 1677 omnes
1357 1635 1388 1672 e
1429 1613 1654 1685 spiritali
1685 1625 1882 1682 genere
1919 1606 2090 1661 exsti-

506 1729 641 1783 tisse
671 1728 915 1778 narrant.
935 1717 1075 1782 Quin
1106 1715 1268 1768 etiam
1299 1705 1548 1763 fermenti
1575 1700 1915 1772 parabolam,
1943 1695 2088 1765 quod

511 1813 866 1873 abscondisse
919 1808 1110 1862 mulier
1137 1806 1189 1858 in
1222 1803 1413 1856 farina:
1445 1797 1578 1852 satis
1624 1795 1798 1848 tribus
1839 1787 2089 1858 legitur“,

513 1908 708 1977 triplex
761 1902 891 1956 illud
951 1913 1121 1968 genus
1175 1893 1437 1947 indicare.
1491 1883 1772 1955 Siquidem
1816 1879 2093 1933 mulierem

514 2007 674 2060 istam
700 1997 1030 2068 Sapientiam
1057 2011 1072 2060 ;
1107 1992 1294 2046 farina:
1334 1995 1450 2043 sata
1476 2025 1490 2049 ,
1532 1985 1636 2038 tria
1668 1980 1944 2034 hominum
1976 1990 2097 2029 esse

517 2108 715 2166 genera
746 2130 760 2153 ,
819 2085 1065 2158 spiritale
1091 2124 1105 2147 ,
1169 2079 1399 2135 animale
1423 2119 1438 2144 ,
1491 2082 1786 2128 terrenum.
1822 2061 2097 2120 Fermenti

517 2153 682 2260 porro
746 2153 965 2239 nomine
1038 2175 1379 2230 Salvatorem
1433 2168 1612 2238 ipsum
1674 2157 1953 2232 appellari.
2011 2153 2102 2208 Sic

520 2281 682 2335 etiam
717 2287 992 2334 terrenos,
1027 2266 1292 2321 animales
1325 2276 1389 2316 ac
1432 2255 1705 2329 spiritales
1733 2268 1763 2305 a
1796 2249 1961 2304 Paulo
2007 2245 2105 2299 ho-

523 2372 700 2426 mines
755 2380 877 2420 esse
936 2361 1428 2415 commemoratos,
1485 2346 1684 2418 partim
1745 2342 1830 2396 his
1880 2337 2101 2393 verbis:

528 2463 718 2530 Qualis
768 2469 1037 2512 terrenus,
1084 2447 1212 2500 tales
1274 2454 1322 2497 et
1370 2440 1560 2495 terreni
1595 2438 1665 2499 ⁶;
1716 2432 1912 2503 partim
1948 2429 2103 2483 istis:

531 2548 794 2606 Animalis
825 2546 978 2597 homo
1009 2554 1110 2592 non
1154 2533 1370 2603 percipit
1401 2546 1462 2582 ea
1499 2543 1614 2597 qua:
1642 2532 1760 2578 sunt
1794 2521 2012 2590 spiritus
2042 2519 2062 2547 "
2093 2535 2108 2582 ;

529 2643 726 2714 partim
758 2635 990 2702 denique
1010 2644 1132 2684 cum
1160 2626 1271 2679 ait:
1300 2618 1574 2692 Spiritalis
1601 2614 1775 2670 omnia
1797 2609 2111 2680 dijudicat".

649 2733 850 2803 quibus
880 2727 1113 2796 primum
1144 2717 1302 2780 illud,
1356 2712 1616 2768 Animalia
1669 2725 1770 2762 non
1801 2705 2014 2775 percipit
2055 2719 2116 2756 ea

536 2794 681 2896 (μετ’
710 2830 830 2876 sunt
879 2794 1092 2884 spiritus
1121 2854 1136 2879 ,
1208 2809 1276 2863 ad
1333 2804 1681 2860 Conditorem
1726 2805 1916 2869 putant
1955 2794 2119 2865 perti—

539 2934 698 2973 nere:
735 2912 825 2982 qui
856 2923 979 2963 cum
1011 2905 1081 2959 sit
1127 2899 1379 2956 animalis
1406 2937 1420 2959 ,
1457 2909 1630 2963 neque
1664 2891 1888 2944 Matrem
1938 2891 2122 2953 utpote

541 3006 840 3078 spiritalem
881 2994 1202 3067 cognoscit,
1255 3001 1430 3056 neque
1485 2985 1709 3051 stirpem
1766 2978 1938 3048 ipsius
1966 3014 1981 3038 ,
2021 2987 2122 3027 nec

543 3065 746 3155 Iiiones
771 3093 913 3155 illos,
959 3065 1053 3156 qui
1079 3083 1384 3137 Pleromate
1415 3077 1782 3130 continentur.
1826 3065 1981 3133 Quod
2031 3078 2125 3116 au-

545 3205 654 3246 tem
695 3201 916 3245 eorum,
950 3180 1150 3251 quibus
1176 3175 1405 3229 salutem
1442 3175 1560 3224 erat
1602 3166 1864 3218 allaturus
1889 3202 1904 3225 ,
1940 3157 2127 3228 primi—

1886 375 1943 430 S.
1984 373 2329 428 EPIPHANII

2164 509 2262 544 σοι
2283 507 2372 552 ;——
2393 489 2514 541 Οὐκ
2540 488 2661 555 ἔχει
2697 488 2728 538 ὁ
2757 483 2880 547 Υἱὸς
2915 479 3014 533 τοῦ
3039 474 3352 543 ἀνθρώπου
3373 467 3494 522 ποῦ
3519 463 3635 534 τὴν
3651 478 3744 516 κε-

2167 586 2372 655 φαλὴν
2408 554 2608 636 κλῖναι
2629 599 2642 611 ·
2677 580 2738 631 τὸ
2773 578 2825 629 δὲ
2851 573 3097 644 ψυχικὸν,
3138 571 3196 622 ὲν
3225 566 3304 635 τῷ
3348 560 3628 633 εἰρηκέναι
3668 554 3749 624 τῷ

2169 647 2392 742 εἰπόντι,
2428 673 2838 738 Ἀκολουθήσω
2863 684 2994 722 σοι·
3027 664 3351 729 ἐπίτρεψον
3371 655 3439 709 δέ
3458 671 3560 723 μοι
3591 647 3752 716 πρῶ-

2170 786 2278 823 τον
2313 739 2723 828 ἀποτάξασθαι
2752 759 2877 824 τοῖς
2908 758 2976 809 ἐν
2995 753 3076 818 τῷ
3097 754 3240 814 οἴκῳ
3255 765 3374 817 μου
3400 762 3412 774 ο
3441 773 3511 784 --
3537 739 3754 802 Οὐδεὶς

2173 862 2265 913 ἐπ’
2295 858 2543 928 ἄροτρον
2581 854 2694 920 τὴν
2727 841 2893 921 χεῖρα
2923 841 3240 902 ἐπιϐαλὼν,
3275 837 3370 891 καὶ
3399 837 3486 900 εις
3518 832 3591 885 τὰ
3625 829 3754 882 ὀπι-

2176 967 2264 1004 σω
2297 919 2546 1013 βλέπων
2567 986 2581 1009 ,
2616 919 2856 1004 εὔθετός
2893 940 3066 991 ἐστιν
3112 934 3181 985 ἐν
3217 929 3290 996 τῇ
3319 925 3611 993 βασιλείᾳ
3638 919 3757 973 τῶν

2179 1042 2468 1110 οὐρανῶν.
2500 1036 2698 1090 Τοῦτον
2730 1035 2838 1104 γὰρ
2879 1031 3094 1098 λέγουσι
3127 1026 3218 1078 τὸν
3249 1023 3410 1090 μέσον
3448 1013 3607 1070 εἶναι.
3637 1015 3758 1066 Κά-

2182 1104 2356 1187 κεξνον
2405 1131 2461 1184 δὲ
2517 1127 2775 1187 ὡσαύτως
2829 1122 2918 1176 τὸν
2976 1119 3044 1172 τὰ
3096 1117 3318 1169 πλεῖστα
3371 1110 3512 1182 μέρη
3551 1107 3648 1176 τῆς
3681 1104 3761 1156 δι·-

2185 1222 2474 1292 καιοσύνης
2505 1217 2910 1290 ὁμολογήσαντα
2944 1207 3322 1278 πεποιηκέναι,
3351 1203 3541 1254 ἔπειτα
3573 1198 3646 1268 μὴ
3675 1195 3764 1246 Θε-

2186 1290 2826 1386 λήσαντα-ἀκολουθῆσαι,
2862 1302 2996 1357 ἀλλά
3022 1302 3126 1354 ὑπὸ
3164 1297 3396 1351 πλούτου
3436 1290 3762 1364 ἡττηθέντα,

2189 1381 2324 1476 πρὸς
2351 1403 2412 1456 τὸ
2459 1402 2532 1472 μὴ
2570 1401 2769 1451 τέλειον
2801 1395 3052 1465 γενέσθαι
3080 1431 3097 1456 ,
3137 1391 3230 1443 καὶ
3266 1389 3452 1441 τοῦτον
3484 1383 3577 1436 τοῦ
3606 1381 3767 1450 ψυχι-

2191 1472 2287 1552 κοῦ
2317 1498 2504 1565 γένους
2533 1491 2808 1561 γεγονέναι
2842 1487 3071 1540 θέλουσι.
3098 1483 3170 1537 Τὸ
3205 1482 3262 1534 δὲ
3285 1475 3672 1547 πνευματικὸν,
3709 1472 3770 1525 ἐν

2192 1591 2268 1660 τῷ
2310 1591 2513 1640 εἰπεῖν·
2553 1587 2725 1650 Ἄφες
2761 1580 2900 1644 τοὺς
2941 1575 3189 1644 νεκροὺς
3226 1571 3411 1639 θάψαι
3449 1567 3592 1630 τοὺς
3629 1565 3770 1616 ἐαυ-

2195 1654 2314 1733 nin-
2365 1676 2644 1744 νεκρούς·
2691 1671 2773 1724 σὺ
2827 1670 2896 1722 δὲ
2941 1665 3248 1735 πορευθεὶς
3297 1661 3614 1729 διάγγελλε
3655 1654 3774 1720 τὴν

2194 1768 2521 1836 ,ϐασιλείαν
2554 1765 2659 1818 τοῦ
2692 1762 2838 1815 Θεοῦ
2859 1778 2872 1791 ·
2914 1759 3008 1812 καὶ
3049 1757 3140 1808 ἐπὶ
3179 1752 3450 1821 Ζακχαὶου
3479 1747 3572 1801 τοῦ
3605 1743 3774 1798 τελώ-

2128 1867 2170 1926 B
2194 1830 2288 1914 νου
2334 1856 2501 1910 εἰπών
2523 1873 2535 1886 ·
2568 1855 2847 1915 Σπεύσας
2889 1844 3172 1910 κατάϐηθι
3197 1883 3212 1905 ,
3263 1841 3352 1893 ὅτι
3407 1835 3676 1904 σήμερον
3707 1830 3778 1882 ἐν

2200 1955 2281 2021 τῷ
2313 1955 2456 2015 οἴκῳ
2494 1967 2609 2004 σου
2652 1947 2745 1999 δεῖ
2770 1962 2844 2014 με
2869 1941 3067 2011 μεῖναι
3090 1957 3102 1968 ⁸
3139 1935 3361 1996 τούτους
3392 1931 3502 2000 γὰρ
3531 1941 3776 1995 πνευμα-

2203 2044 2356 2098 τικοῦ
2396 2043 2581 2112 γένους
2614 2032 3038 2103 καταγγέλλουσι
3065 2025 3364 2097 γεγονέναι.
3410 2020 3515 2073 Καὶ
3551 2017 3648 2086 τὴν
3680 2014 3781 2082 τῆς

2210 2135 2387 2205 ζύμης
2407 2106 2763 2202 παραϐολὴν,
2797 2125 2864 2193 ἢν
2892 2125 2925 2192 ἡ
2958 2119 3094 2187 γυνὴ
3129 2111 3528 2184 ὲγκεκρυφέναι
3563 2106 3782 2172 λέγεται

2321 2197 2548 2297 ἀλεύρου
2580 2197 2714 2274 σάτα
2742 2217 2888 2288 τρία,
2914 2212 2984 2266 τὰ
3007 2209 3133 2281 τρία
3159 2205 3290 2275 γένη
3320 2199 3513 2271 δηλοῦν
3541 2197 3783 2264 λέγουσι.

2213 2291 2469 2374 Γυναῖκα⁷
2489 2315 2585 2386 μὲν
2614 2311 2722 2382 γὰρ
2751 2309 2848 2379 τὴν
2893 2304 3090 2372 Σοφίαν
3117 2295 3370 2365 λέγεσθαι
3402 2291 3741 2344 διδάσκουσιν
3769 2302 3784 2316 ο

2217 2412 2444 2481 ἀλεύρου
2477 2408 2633 2469 σάτα,
2660 2403 2728 2454 τά
2748 2398 2875 2470 τρια
2903 2397 3035 2465 γένη
3053 2394 3161 2446 τῶν
3183 2387 3506 2459 ἀνθρώπων
3547 2395 3792 2448 πνευμα-

2215 2467 2384 2562 τικὸν,
2410 2467 2656 2569 ψυχικὸν,
2692 2467 2891 2562 χοϊκόν.
2933 2485 3116 2555 Ζύμην
3148 2481 3204 2534 δὲ
3237 2477 3398 2531 αὐτὸν
3426 2474 3516 2526 τὸν
3564 2467 3798 2536 Σωτῆρα

2220 2559 2470 2664 εἰρῆσθαι
2489 2559 2808 2640 ’διδάσκουσι
2831 2595 2845 2610 ο
2887 2578 2979 2633 καὶ
3008 2575 3098 2628 τὸν
3141 2569 3352 2626 Παῦλον
3381 2562 3678 2633 διαρρήδην
3720 2559 3795 2609 εἰ·

2225 2684 2448 2756 ρηκέναι
2499 2677 2714 2750 χοῖκοὺς
2745 2713 2761 2738 ,
2817 2667 3123 2741 ψυχικοῦς,
3176 2653 3610 2730 πνευματικούςο
3664 2651 3800 2703 ὅπου

2229 2741 2348 2844 μέν,
2379 2741 2572 2834 Οἷοξνό
2609 2762 2811 2835 χοϊκός
2837 2800 2852 2823 ,
2888 2755 3142 2812 τοιοῦτοι
3177 2750 3276 2804 καὶ
3304 2751 3357 2802 οἱ
3388 2743 3618 2814 χοϊκοί·
3665 2741 3801 2793 ὅπου

2225 2829 2302 2928 δὲ,
2331 2829 2592 2931 ίΓυχικὸς
2609 2829 2687 2909 ’δὲ
2711 2852 3019 2920 ἅνθρωπος
3045 2847 3116 2898 οὺ
3142 2842 3375 2911 δέχεται
3395 2837 3466 2889 τὰ
3490 2831 3596 2886 τοῦ
3626 2829 3799 2882 πνεύο

2222 2973 2409 3026 ματος
2425 2921 2607 3003 ίτὸπου
2655 2945 2711 2998 δὲ
2736 2984 2750 3009 ,
2799 2935 3205 3008 Πνευματικὸς
3240 2927 3545 2996 ἀνακρίνει
3583 2921 3803 2975 πάντα.

2231 3015 2303 3101 ;Ι“ὸ
2332 3015 2422 3111 si,
2475 3038 2740 3108 Ψυχικὸς
2771 3035 2842 3088 οὐ
2890 3031 3124 3099 δέχεται
3168 3025 3241 3077 τὰ
3288 3021 3395 3075 τοῦ
3442 3015 3810 3082 πνεύματος,

2232 3139 2323 3191 ἐπὶ
2361 3101 2453 3188 τοῦ
2480 3101 2818 3201 Δημιουργοῦ
2856 3137 3016 3190 φασιν
3056 3115 3305 3188 εἰρῆσθαι
3329 3128 3343 3141 ·
3375 3111 3432 3162 ὃν
3462 3104 3696 3176 ψυχικὸν
3723 3101 3805 3152 6v-

547 3205 654 3246 tem
695 3201 916 3245 eorum,
950 3188 1150 3251 quibus
1176 3188 1405 3229 salutem
1442 3188 1560 3224 erat
1602 3188 1864 3218 ullatUI'US
1889 3202 1904 3225 ,
1941 3188 2116 3228 μιιιιιι-

547 3288 654 3339 tias
689 3280 940 3334 Salvator
988 3265 1326 3337 susceperit,
1357 3262 1426 3315 ob
1467 3259 1520 3313 id
1569 3253 1952 3326 pronuntiasse
1990 3247 2116 3301 Pau-

2233 3250 2301 3286 τα
2343 3233 2416 3301 μὴ
2446 3222 2742 3295 ἐγνωκέναι
2777 3217 2913 3288 μήτε
2946 3212 3042 3281 τὴν
3060 3207 3289 3280 Μητέρα
3315 3195 3690 3270 πνευματικὴν
3723 3188 3811 3244 0'5-

2451 3322 2530 3339 '—-
2570 3315 2624 3339 -ι
2663 3312 2876 3339 --.ιιιηκ
2913 3303 3079 3339 κεἰρῖν·
3146 3299 3282 3339 “ﬁt”:
3323 3294 3449 3339 τοὺς
3477 3294 3534 3339 ὲν
3561 3288 3639 3339 τῶ
3665 3287 3811 3339 Πλη-

553 3377 687 3433 lnm,
737 3369 806 3421 Et
831 3368 875 3420 si
902 3361 1152 3434 primitiae
1182 3363 1397 3415 sanctw,
1427 3360 1475 3404 et
1525 3363 1701 3401 massa
1731 3347 1752 3376 θ
1779 3361 1793 3409 ;
1830 3342 1918 3396 ubi
1944 3337 2135 3410 primi-

552 3465 659 3517 tias
707 3459 773 3512 ad
823 3457 877 3510 id
903 3427 1060 3522 quod
1089 3456 1173 3504 est
1207 3443 1451 3515 spiritale
1486 3437 1761 3494 referunt:
1795 3445 2031 3486 massam
2065 3427 2133 3481 ad

556 3570 656 3609 nos
686 3591 700 3615 ,
729 3551 833 3603 hoc
878 3556 958 3600 est
1005 3538 1292 3595 animalem
1327 3530 1628 3586 Ecclesiam
1655 3544 1670 3591 ;
1703 3525 1862 3593 cujus
1895 3534 2130 3576 massam

559 3648 627 3700 ab
650 3612 741 3698 illo
781 3643 1091 3706 susceptam
1117 3674 1131 3697 ,
1165 3631 1219 3684 in
1250 3629 1450 3695 illoque
1478 3627 1812 3677 contractam
1837 3657 1853 3682 ,
1892 3612 2136 3685 quando-

561 3736 781 3808 quidem
811 3738 928 3786 erat
953 3729 1069 3798 ipse
1097 3723 1442 3777 fermentum.

563 3830 618 3883 δὲ
648 3827 827 3897 ἡμᾶς,
873 3817 1112 3872 τουτέστι
1150 3812 1248 3882 τὴν

569 3896 984 3978 συνεσταλκέναι
1005 3954 1018 3974 ,
1052 3906 1238 3976 ἐπειδὴ
1271 3899 1338 3974 ἦν
1369 3899 1529 3962 αὐτὸς
1551 3896 1716 3966 ζύμη.

635 4012 828 4067 XXVI.
860 4007 933 4060 De
971 3997 1305 4056 Achamothe
1334 4006 1517 4062 porro,
1565 4003 1684 4042 eam
1715 3993 1867 4040 extra
1895 3981 2145 4036 Pleroma

573 4111 912 4164 aberrantem
945 4112 975 4150 a
1001 4091 1222 4148 Christo
1254 4085 1422 4139 fuisse
1446 4081 1754 4139 formatam,
1782 4083 1835 4129 et
1863 4075 1930 4128 ab
1959 4070 2147 4127 eodem

579 4393 732 4435 ovem
786 4373 1011 4426 Matrem
1055 4363 1203 4417 illam
1255 4369 1407 4412 suam
1450 4352 1872 4419 interpretantur
1899 4385 1912 4410 ,
1970 4357 2000 4396 a
2047 4353 2153 4408 qua

580 4479 767 4526 nostra
799 4465 915 4518 haec
948 4452 1189 4511 Ecclesia
1221 4446 1432 4502 consita
1485 4441 1668 4495 fuerit.
1721 4437 1973 4490 Errorem
2004 4444 2152 4493 vero,

583 4559 730 4614 illius
758 4555 898 4606 inter
921 4538 1358 4616 perturbationes
1384 4534 1529 4601 ipsas
1556 4536 1707 4584 extra
1733 4524 1983 4578 Pleroma
2014 4533 2157 4572 com—

585 4647 966 4704 morationem,
991 4633 1134 4688 unde
1149 4627 1389 4683 materiaz
1410 4623 1674 4691 originem
1701 4621 1984 4670 arcessunt
2022 4609 2156 4662 Nam

585 4740 868 4797 mulierem
905 4727 1066 4797 196
1090 4724 1234 4776 illam
1260 4730 1380 4787 quae
1411 4713 1629 4767 domum
1668 4703 1861 4760 everrit
1885 4741 1898 4765 ,
1940 4709 1993 4754 et
2030 4698 2158 4750 dra-

589 4834 802 4886 chmam
834 4819 1038 4877 invenit
1059 4814 1126 4866 ad
1147 4811 1425 4865 caelestem
1449 4797 1780 4870 Sapientiam
1805 4790 2159 4848 transferunt,

590 4935 712 4991 quae
748 4907 1091 4981 linthymesin
1135 4913 1299 4970 quam
1343 4894 1598 4947 amiserat
1640 4895 1827 4958 postea
1859 4881 2164 4951 repurgatis

1334 4986 1361 4991 _
1408 4988 1417 4991 ,
1585 4984 1594 4991 ,
2100 4971 2162 4991 _'_

887 4971 902 4981 .

590 5009 845 5064 omnibus
877 5016 971 5070 per
1006 4996 1294 5050 adventum
1330 4984 1629 5040 Salvatoris
1671 4975 2044 5046 recuperavit:
2095 4971 2166 5021 ob

593 5103 754 5168 idque
779 5085 1064 5146 Plui-ornati
1093 5083 1318 5134 censent
1341 5089 1462 5128 esse
1489 5071 1811 5125 restitutam.
1855 5062 2164 5116 Simeonem

595 5150 746 5246 illdm
802 5189 1089 5252 praeterea,
1128 5171 1220 5240 qui
1255 5166 1532 5219 Christum
1580 5162 1633 5214 in
1669 5157 1812 5210 ulnis
1855 5150 2164 5221 gestaverit,

595 5286 751 5351 eique
783 5245 987 5345 gratias
1029 5267 1111 5319 his
1142 5259 1322 5315 verbis
1357 5255 1562 5324 egerit:
1601 5250 1754 5302 Nunc
1799 5245 2024 5298 dimittis
2055 5255 2165 5292 ser-

597 5331 743 5351 ν--ιω
785 5331 813 5345 υ

597 5391 716 5429 eum
770 5379 955 5427 tuum,
1012 5356 1274 5412 Domine,
1323 5346 1606 5403 secundum
1655 5341 1862 5394 uerbum
1912 5346 2058 5387 tuum
2113 5331 2165 5382 in

597 5478 725 5534 pace
758 5459 834 5510 ¹¹;
869 5446 1185 5508 Conditoris
1247 5437 1536 5505 imaginem
1573 5433 1775 5486 referre
1823 5428 2012 5481 dicunt
2049 5421 2162 5490 qui,

1267 5529 1278 5534 ‘
1340 5528 1363 5534 “
1473 5530 1482 5534 -
1728 5528 1740 5534 -
1785 5518 1982 5534 HA“-..
2027 5509 2130 5534 ,ωλι

602 5509 919 5606 adveniente
933 5540 1238 5594 Salvatore,
1267 5528 1438 5598 ipsius
1470 5518 1985 5588 transportationem
2023 5509 2165 5564 didi-

674 5680 1087 5744 ίιυο.ιχ,.6ι.
1187 5667 1489 5744 alliance.
1567 5659 1858 5744 διείρειξέ

611 5777 671 5819 ιι,
1269 5742 1316 5819 ’ξ
1350 5741 1616 5819 lignum“
1655 5729 1739 5812 illi.

615 5799 1245 5892 πεπλανημξ-πρόὸατον.
1269 5807 1437 5878 Πρόϐ.
1479 5803 1574 5873 μὲν
1609 5799 1735 5865 γάρ.

1315 3803 1551 3876 ψυχικὴν
1590 3796 1912 3870 Ἐκκλησίαν
1943 3835 1958 3861 ,
2007 3789 2075 3865 ἧς
2117 3791 2176 3844 τὸ
2249 3761 2477 3855 ιρύραμα
2509 3766 2852 3838 ἀνειληφέναι
2892 3761 3130 3828 λέγουσιν

1937 5656 1956 5685 '*
1987 5652 2117 5705 Luc.
2147 5662 2258 5704 XIX,
2291 5642 2341 5693 5.

1824 5731 1864 5759 ¹⁰
1889 5725 2019 5778 Luc.
2053 5737 2140 5782 xv,
2176 5718 2210 5768 4
2249 5727 2368 5781 sqq.

2239 3287 2355 3388 dav,
2568 3315 2628 3368 τδ
2661 3287 2881 3380 σπέρμα
2913 3303 3079 3373 αὐτῆς
3099 3341 3113 3364 ,
3145 3299 3283 3370 μήτε
3323 3294 3449 3356 τοὺς
3477 3294 3534 3343 ἐν
3561 3288 3639 3359 τῷ
3665 3287 3813 3354 Πλη-

2241 3375 2701 3488 ρωματιιΛίὦνας.
2736 3375 2858 3454 ’Ότι
2893 3395 3012 3450 ἰδὼν
3045 3395 3087 3423 ¹¹
3108 3388 3308 3462 ἤμελλε
3341 3384 3532 3447 σώζειν
3557 3383 3586 3433 ὁ
3624 3375 3816 3445 Σωτὴρ

2234 3470 2438 3562 τούτων
2470 3502 2568 3562 τὰς
2602 3493 2851 3566 ἀπαρχὰς
2877 3484 3122 3546 ἀνέλαϐε,
3145 3481 3237 3532 τὸν
3268 3475 3478 3531 Παῦλον
3505 3470 3820 3540 εἰρηκέναιο

2380 3597 2459 3665 ἢν
2483 3594 2521 3660 ἡ
2549 3557 2790 3655 ἀπαρέιῆ
2823 3581 2961 3650 ἁγία
2981 3617 2994 3640 ,
3025 3573 3123 3629 καὶ
3156 3572 3223 3625 τὸ
3254 3570 3496 3639 φύραμα
3518 3583 3532 3597 ’
3565 3557 3826 3630 ἀπαρχὴν

2385 3652 2446 3741 τὸ
2476 3652 2840 3751 πνευματικὸν
2884 3666 3134 3741 εἰρῆσθαι
3172 3661 3548 3720 διδάσκοντες,
3591 3652 3829 3721 φύραμα

3179 3751 3373 3813 αὐτὸν,
3424 3747 3519 3800 καὶ
3569 3745 3629 3796 ὲν
3676 3737 3830 3806 αὐτῴ

2314 3965 2460 4030 κεῖν.
2499 3955 2609 4011 Καὶ
2641 3953 2717 4006 ὅτι
2779 3940 3054 4011 ἐπλανήθη
3110 3939 3144 4007 ἡ
3205 3930 3460 4002 Ἀχαιμὼο
3517 3926 3676 3987 ὲκτὺς
3733 3923 3835 3977 τοῦ

2249 4016 2648 4128 Πληριῦματος,
2680 4043 2776 4094 καὶ
2818 4031 3110 4106 ὲμορφώθη
3150 4026 3256 4078 ὑπὸ
3296 4021 3390 4075 τοῦ
3421 4017 3662 4092 Χριστοῦ
3689 4057 3704 4080 ,
3738 4016 3837 4068 καὶ

2587 4135 2691 4190 ὑπὸ
2729 4128 2822 4184 τοῦ
2866 4123 3148 4192 Σωτῆρος,
3185 4116 3406 4188 μηνύειν
3437 4111 3606 4164 αὐτὸν
3640 4109 3834 4177 λέγου-

2255 4255 2336 4291 σιν
2370 4198 2426 4287 εὖ
2455 4198 2744 4298 τῷιείπεῖν
2777 4214 2936 4270 αὑτὸν
2964 4207 3282 4280 ἐληλυθέναι
3323 4202 3415 4254 ἐπὶ
3457 4199 3520 4252 τὸ
3551 4198 3838 4268 πεπλανη-

2262 4288 2418 4397 μένον
2451 4288 2516 4372 ¹³έ
2542 4313 2816 4384 Πρόϐατον
2857 4305 2955 4376 μὲν
2982 4301 3091 4370 γὰρ
3134 4293 3547 4362 πεπλανημένον
3580 4288 3681 4360 τὴν
3711 4289 3839 4358 Μη-

2257 4374 2391 4486 ζέρα
2422 4408 2597 4467 αὐτῶν
2639 4398 2957 4471 ἐξηγοῦνται
2984 4387 3268 4458 λέγεσθαι,
3305 4385 3363 4450 ἐξ
3387 4379 3455 4453 ἦς
3486 4382 3587 4452 τὴν
3615 4374 3720 4434 ὧδε
3752 4378 3841 4431 05'-

2259 4468 2440 4560 λουσιν
2485 4468 2752 4564 ὲσπάρθαι
2790 4481 3114 4552 Ἐκκλησίαν
3136 4493 3149 4505 ·
3203 4473 3412 4541 πλάνην
3449 4471 3505 4523 δὲ
3538 4468 3637 4539 τὴν
3683 4468 3845 4529 ἐκτὸς

2190 4587 2231 4640 Ῑ)
2261 4553 2642 4664 ᾖνληρώματοςι
2665 4584 2722 4635 ὲν
2754 4580 2866 4639 τοῖς
2897 4572 3093 4626 πάθεσι
3126 4563 3407 4635 διατριϐὴν
3431 4601 3446 4625 ,
3485 4560 3546 4623 ἐξ
3575 4553 3650 4612 ὧν
3682 4575 3846 4626 γεγο-

2262 4651 2410 4740 νέναι
2434 4651 2530 4752 την
2556 4678 2686 4745 ὓλην
2713 4669 3073 4725 ὑποτίθενται.
3102 4660 3213 4727 Τὴν
3247 4657 3305 4709 δὲ
3339 4656 3576 4722 γυναῖκα
3616 4651 3717 4720 τὴν
3753 4667 3847 4703 σα.-

2267 4778 2463 4851 ροῦσαν
2515 4769 2613 4838 τὴν
2649 4762 2854 4824 οἰκίαν,
2887 4756 2982 4811 καὶ
3031 4750 3390 4821 εὑρίσκουσαν
3423 4744 3521 4814 τὴν
3567 4741 3850 4812 δραχμὴν,

2934 4846 2957 4851 “
3116 4844 3129 4851 “
3161 4843 3169 4851 ·
3283 4839 3304 4851 λ
3461 4836 3482 4851 ’ν
3659 4835 3671 4851 2
3699 4831 3779 4851 αλκ
3799 4831 3816 4851 ι

2267 4831 2278 4851 .
2571 4831 2582 4838 .

2265 4872 2362 4935 τὴν
2396 4865 2506 4918 ἄνω
2537 4855 2733 4923 Σοφίαν
2773 4846 3084 4916 διηγοῦνται
3116 4839 3371 4908 λέγεσθαι
3394 4876 3410 4900 ,
3457 4836 3616 4903 ἣτις,
3649 4831 3850 4884 ἀπολέ-

2266 4918 2404 5006 σασα
2433 4951 2530 5019 τὴν
2586 4918 2912 5010 ’ἐνθύμησιν
2943 4934 3111 5002 αὐτῆς
3137 4971 3153 4993 ,
3187 4929 3413 4997 ὕστερον
3434 4965 3447 4987 ,
3485 4918 3851 4990 καϐαρισθένσ

2266 5062 2371 5097 των
2405 5041 2620 5093 πάντων
2647 5033 2735 5086 διὰ
2760 5033 2857 5099 τῆς
2886 5025 2978 5077 τοῦ
3030 5021 3280 5089 Σωτῆρος
3309 5011 3650 5082 παρουσίας,
3700 5005 3851 5074 εὑρί-

2269 5153 2385 5188 σκει
2410 5131 2576 5200 αὑτήν
2597 5146 2610 5160 ο
2637 5125 2717 5178 διὸ
2745 5121 2837 5175 καὶ
2878 5115 3080 5182 ταύτην
3107 5102 3578 5164 ἀποκαθίστασθαι
3613 5099 3734 5151 κατ’
3760 5099 3858 5149 αὑ-

2268 5229 2391 5287 τοὺς
2423 5191 2571 5281 ἐντος
2595 5213 2974 5284 πληρώματος.
3005 5202 3267 5272 Συμεῶνα
3294 5199 3386 5250 τὸν
3427 5199 3508 5258 εἰς
3539 5196 3640 5256 τὰς
3680 5191 3857 5260 ἀγκά-

2270 5322 2367 5379 λας
2398 5312 2628 5367 λαϐόντα
2657 5307 2747 5358 τὸν
2772 5299 3024 5372 Χριστὸν,
3057 5295 3149 5347 καὶ
3175 5288 3652 5359 εύχαριστήσαντα
3682 5282 3860 5350 αὐτῷ,

2271 5409 2364 5461 καὶ
2407 5401 2655 5456 εἰπόντα·
2691 5393 2819 5448 Νῦν
2847 5385 3134 5446 ἀπολύεις
3170 5379 3277 5432 τὸν
3307 5376 3538 5428 δοῦλόν
3574 5387 3693 5427 σου
3714 5411 3729 5433 ,
3763 5368 3867 5421 Δέ-

2270 5511 2470 5553 σποτα
2491 5534 2504 5556 ,
2531 5487 2681 5543 κατὰ
2709 5484 2773 5537 τὸ
2792 5479 2960 5549 ῥῆμά
2991 5490 3107 5529 σου
3139 5473 3208 5524 ἐν
3238 5468 3450 5536 εἰρήνῃ
3471 5483 3484 5495 ·
3515 5464 3689 5516 τύπον
3717 5459 3864 5513 εἶναι

3619 5604 3638 5632 τ
3681 5600 3697 5652 l
3730 5599 3869 5653 Cor.

3648 5671 3692 5702 ³³
3718 5670 3868 5724 lren.

2443 5638 2463 5668 ⁸
2493 5631 2677 5686 Matth.
2722 5641 2842 5686 xm,
2894 5621 2982 5674 ³55.
3041 5618 3079 5647 “⁶
3115 5612 3285 5686 lCor.
3317 5623 3407 5686 xv,
3435 5605 3526 5686 58.

2807 5677 2898 5746 2'9,
3005 5689 3048 5719 ³⁸
3070 5686 3211 5741 lren.
3229 5683 3319 5733 ὅτι
3342 5677 3399 5730 δὲ
3426 5677 3526 5728 ὡν.
