4170 6372
393 403 500 462 5‘25

1140 396 1512 453 ADVERSUS
1549 395 1891 452 lM-JltESES
1928 391 2057 447 LIB.
2098 391 2138 447 Ι.
2178 391 2340 447 ΤΟΜ.
2386 389 2448 444 ll.
2475 421 2542 428 —
2580 387 2851 442 li.-'ERES.
2888 386 3077 442 XXXI.

3537 377 3644 439 Βῆ

393 513 488 566 τοῦ
525 511 868 582 Δνημιουργοῦ
902 510 1150 578 λέγουσιν
1175 550 1188 571 ,
1231 510 1304 572 ώς
1330 511 1372 566 ¹.
1406 510 1649 572 ἐλθόντος
1674 509 1766 561 τοῦ
1794 510 1972 577 Σωτῆ-

2093 505 2232 571 :erit,
2269 519 2332 558 ac
2363 503 2534 574 Bytlio
2577 502 2779 572 gratias
2809 501 2996 572 egerit.
3038 499 3118 554 Ad
3153 499 3264 552 haec
3299 512 3394 568 per
3429 497 3640 552 Annam

396 620 510 672 ρος,
531 601 701 672 ἔμαθε
729 601 826 671 τὴν
852 599 1138 670 μετάθεσιν
1155 600 1346 662 αὑτοῦ,
1383 601 1474 651 καὶ
1500 599 1866 670 ηὐχαρίστησε
1895 598 1972 670 τῷ

397 691 571 762 Βυθῷ.
609 692 722 744 Καὶ
749 689 837 742 διὰ
867 691 964 760 τῆς
1003 690 1060 741 ὲν
1097 688 1175 758 τῷ
1214 688 1528 758 Εὑαγγελίῳ
1559 689 1972 760 κηρυσσομένης

396 783 722 854 προφήτιδος
744 821 758 841 ,
789 780 928 833 ἑπτὰ
956 779 1051 850 έτη
1090 779 1226 849 μετὰ
1254 780 1443 850 ἀνδρὸς
1471 778 1728 848 εζηκυίας
1748 819 1761 840 ,
1791 779 1882 830 τὸν
1915 779 1972 832 δὲ

395 872 578 924 λοιπὸν
601 872 814 924 ἅπαντα
844 869 1031 939 χρόνον
1061 870 1236 939 χήρας
1275 867 1542 938 μενούσης
1569 908 1583 932 ,
1609 867 1765 937 ἄχρις
1793 864 1854 921 οῦ
1883 868 1971 921 τὸν

399 963 624 1033 Σωτῆρα
654 961 834 1014 ἰδοῦσα
863 959 1075 1027 ἐπέγνω
1102 960 1283 1019 αὐτὸν,
1308 960 1401 1011 καὶ
1430 959 1605 1012 ἐλάλει
1643 960 1773 1030 περὶ
1809 958 1971 1011 αὑτοῦ

399 1057 552 1118 πᾶσι,
582 1051 937 1122 φανερώτατα
970 1051 1067 1121 τὴν
1101 1050 1354 1121 ’Λχαμὼθ
1395 1050 1690 1122 μηνύεσθαι
1717 1051 1974 1122 διορίζον-

399 1163 488 1198 ·ται
515 1161 530 1176 ο
582 1145 739 1212 ἣτις,
790 1142 925 1213 πρὸς
971 1142 1149 1210 ὀλίγον
1193 1141 1372 1194 ἰδοῦσα
1415 1143 1504 1194 τὸν
1549 1142 1776 1212 Σωτῆρα
1836 1141 1974 1211 μετὰ

397 1236 506 1289 τῶν
551 1236 852 1306 ἡλικιωτῶν
890 1235 1079 1300 αὑτοῦ,
1129 1234 1206 1304 τῷ
1258 1235 1427 1304 λοιπῷ
1473 1234 1648 1306 χρόνῳ
1684 1236 1845 1288 παντὶ
1877 1238 1974 1306 μὲν

398 1327 570 1384 οὗσα’
592 1331 648 1380 ὲν
675 1331 738 1398 τῇ
773 1327 1028 1398 μεσότητι
1059 1327 1411 1397 προσεδέχετο
1434 1327 1614 1391 αὐτὸν,
1651 1328 1777 1380 πότε
1813 1329 1974 1382 πάλιν

401 1420 709 1479 ἐλεύσεται,
754 1421 847 1472 καὶ
879 1421 1321 1488 ἀποκαταστήσει
1371 1419 1538 1490 αὐτὴν
1569 1423 1634 1490 τῇ
1666 1421 1836 1490 αὐτῆς
1882 1438 1975 1473 συ-

403 1513 586 1583 ζυγίᾳ.
618 1513 728 1565 Καὶ
769 1511 828 1563 τὸ
861 1511 1030 1579 ὄνομα
1063 1510 1118 1562 δὲ
1153 1510 1323 1579 αὐτῆς
1366 1510 1706 1580 μεμηνῦσθαι
1746 1511 1850 1564 ὑπὸ
1881 1513 1973 1565 τοῦ

403 1603 652 1672 Σωτῆρος
681 1603 736 1653 ὲν
767 1600 844 1670 τῷ
879 1599 1154 1671 εἰρηκέναι
1181 1617 1194 1629 ο
1231 1601 1338 1652 Kal
1373 1600 1684 1668 ἐδικαιώθη
1714 1602 1751 1668 ἡ
1790 1603 1976 1670 σοφία

401 1693 521 1746 ἀπὸ
554 1691 669 1745 τῶν
695 1691 922 1744 τέκνων
960 1689 1169 1757 αὐτῆς.
1213 1691 1322 1743 Καὶ
1345 1691 1450 1742 ὑπὸ
1473 1691 1684 1745 Παύλου
1711 1692 1768 1744 δὲ
1793 1691 1936 1744 οὕτω
1960 1704 1974 1718 ⁸

403 1782 635 1849 Σοφίαν
669 1779 737 1832 δὲ
791 1779 1101 1847 ,καλοῦμεν
1140 1779 1210 1830 ἐν
1240 1778 1362 1843 τοῖς
1395 1781 1669 1845 τελείοις.
1719 1781 1832 1832 Καὶ
1878 1780 1977 1844 τὰς

2077 597 2223 650 illam
2251 637 2267 660 ,
2319 611 2442 666 quae
2481 594 2821 665 prophetissa
2873 594 2926 647 in
2966 591 3255 662 Evangelio
3298 589 3642 662 praedicatur,

2075 705 2305 760 qumque
2333 699 2539 759 septem
2574 702 2748 742 annos
2773 700 2897 739 cum
2922 686 3041 738 viro
3081 684 3311 747 vixisse,
3375 682 3642 750 reliquum

2073 797 2203 836 vero
2235 790 2447 851 tempus
2475 796 2636 836 omne
2667 781 2722 834 in
2759 777 3021 831 viduitate
3067 776 3244 846 egisse
3275 774 3476 829 dicitur
3497 814 3513 837 ,
3545 773 3628 827 do-

2074 888 2177 928 nec
2219 873 2499 926 Salvatore
2549 877 2842 940 conspecto
2884 878 2939 922 et
2988 867 3168 936 ipsum
3216 864 3536 935 agnoverit,
3593 869 3642 917 et

2074 963 2217 1032 apud
2246 977 2438 1016 omnes
2463 963 2529 1016 de
2557 977 2622 1016 eo
2652 962 2831 1015 locuta
2863 959 2954 1022 sit,
2986 957 3436 1012 manifestissime
3464 955 3644 1008 Acha-

2074 1055 2311 1109 mothem
2347 1053 2659 1108 adumbrari
2688 1051 3015 1106 confirmant
3054 1070 3067 1105 :
3101 1065 3221 1120 qua:
3271 1050 3360 1102 ubi
3403 1048 3642 1102 Salvato-

2075 1162 2190 1201 rem
2218 1161 2342 1200 cum
2388 1146 2507 1214 ejus
2549 1145 2850 1214 zequalibus
2890 1144 3082 1212 raptim
3125 1142 3460 1208 aspexisset,
3493 1140 3647 1193 dein-

2074 1253 2203 1307 ceps
2256 1245 2372 1292 toto
2431 1236 2736 1306 insequenti
2789 1244 3029 1304 tempore
3082 1233 3258 1287 media
3317 1233 3373 1286 in
3428 1233 3648 1301 regione

2076 1330 2384 1384 consistens
2412 1329 2541 1383 dum
2567 1329 2760 1381 iterum
2793 1328 2996 1382 rediret
3034 1325 3460 1395 exspectaverit,
3505 1339 3568 1376 ac
3591 1339 3650 1378 se

2077 1422 2332 1492 conjugio
2356 1435 2456 1476 suo
2486 1419 2816 1475 restitueret.
2845 1419 3016 1486 Cujus
3047 1417 3208 1470 etiam
3244 1431 3442 1469 nomen
3472 1430 3501 1467 a
3527 1408 3649 1468 Sal-

2079 1523 2265 1568 vatore
2297 1513 2450 1567 hisce
2488 1511 2668 1564 verbis
2702 1524 3056 1578 expressum:
3115 1508 3181 1560 Et
3228 1507 3528 1575 justiﬁcala
3577 1515 3651 1558 est

2080 1604 2341 1672 sapientia
2371 1620 2403 1655 a
2432 1601 2560 1669 ﬁliis
2585 1600 2696 1667 ejus
2730 1600 2770 1651 ⁸.
2800 1598 2956 1654 Velut
2978 1613 3009 1650 a
3036 1597 3209 1651 Paqu
3225 1613 3358 1652 .cum
3399 1596 3652 1665 scripsit:

2081 1695 2407 1764 Sapientiam
2439 1693 2702 1761 loquimur
2731 1691 2867 1744 inter
2886 1690 3140 1758 perfectos
3169 1690 3210 1743 ⁸.
3234 1689 3402 1753 Quem
3434 1687 3652 1757 insuper

2081 1784 2458 1853 conjugiorum
2498 1795 2619 1850 qua:
2673 1780 2816 1832 intra
2847 1778 3097 1833 Pleroma
3153 1788 3278 1833 sunt
3327 1781 3653 1832 mentionem

407 1872 662 1940 συζυγίας
701 1871 758 1923 δὲ
784 1871 880 1934 τὰς
911 1871 1058 1934 ἐντὸς
1084 1869 1452 1940 Πληρώματος
1482 1870 1572 1922 τὸν
1600 1870 1810 1924 Παῦλον
1836 1872 1986 1942 είρη-

2093 1871 2142 1924 in
2177 1887 2286 1924 uno
2335 1869 2566 1932 fecisse,
2600 1884 2723 1922 cum
2760 1869 2827 1922 de
2857 1869 3135 1921 hominum
3167 1868 3305 1922 inter
3327 1883 3387 1922 se
3433 1868 3656 1937 copula—

405 1965 558 2016 κέναι
613 1963 908 2030 φάσκουσιν
957 1962 1050 2014 ἐπὶ
1100 1961 1213 2024 ἐνὸς
1254 1961 1518 2026 δείξαντα.
1563 1961 1701 2039 Περὶ
1727 1962 1836 2034 γὰρ
1881 1963 1981 2032 τῆς

405 2059 535 2128 περὶ
561 2057 650 2110 τὸν
680 2056 791 2125 βίον
834 2054 1093 2122 συζυγίας
1117 2053 1342 2124 γράφων
1369 2053 1470 2124 ἔφη
1497 2071 1510 2084 ·
1548 2053 1616 2107 Τὸ
1646 2053 1985 2123 μυστήριον

405 2149 584 2201 τοῦτο
617 2147 769 2216 μέγα
795 2145 967 2200 ἐστίν
991 2163 1005 2176 ο
1037 2145 1150 2214 ἐγὼ
1176 2146 1242 2198 δὲ
1280 2145 1434 2215 λέγω
1475 2149 1562 2212 εἰς
1589 2147 1845 2214 Χριστὸν
1887 2147 1985 2200 καὶ

412 2241 523 2306 τὴν
558 2241 947 2306 Ἐκκλησίαν.

481 2335 605 2385 ΚΖ’.
643 2333 763 2385 Ἐτι
808 2348 867 2384 τε
929 2332 1181 2402 Ἰωάννην
1229 2333 1318 2386 τὸν
1369 2333 1615 2403 μαθητὴν
1653 2332 1746 2386 τοῦ
1780 2334 1985 2406 Κυρίου

408 2423 714 2476 διδάσκουσι
746 2422 844 2492 τὴν
891 2422 1113 2494 πρώτην
1164 2424 1419 2492 Ὀγδοάδα
1475 2425 1846 2494 μεμηνυκέναι
1888 2427 1988 2479 αὺ-

408 2517 526 2576 ταῖς
559 2513 771 2578 λέξεσι,
827 2514 1074 2582 λέγοντες
1137 2515 1278 2568 οὕτω
1307 2531 1318 2544 ο
1381 2517 1630 2586 Ἰωάννης
1669 2519 1697 2570 6
1739 2517 1989 2588 μαθητὴς

408 2604 504 2657 τοῦ
540 2605 766 2676 Κυρίου,
796 2605 1114 2675 βουλόμενος
1143 2608 1313 2659 εἰπεῖν
1339 2609 1438 2676 τὴν
1464 2608 1571 2660 τῶν
1597 2609 1732 2662 ὅλων
1756 2609 1986 2677 γένεσιν,

411 2696 532 2750 καθ’
565 2697 630 2766 ἢν
677 2697 746 2750 τὰ
776 2698 954 2750 πάντα
995 2696 1294 2768 προέϐαλεν
1334 2700 1362 2750 6
1396 2699 1616 2769 Πατὴρ,
1653 2687 1826 2771 ἀρχήν
1870 2718 1992 2754 τινα

411 2787 725 2858 προτίθεται
752 2788 814 2840 τὸ
845 2787 1058 2857 πρῶτον
1089 2788 1343 2857 γεννηθὲν
1376 2790 1480 2842 ὑπὸ
1506 2789 1599 2842 τοῦ
1639 2790 1772 2842 Θεοῦ
1796 2830 1810 2852 ,
1842 2791 1900 2844 ὃν
1927 2792 1989 2863 δὴ

413 2880 509 2933 καὶ
551 2879 677 2932 Υῐὸν
719 2883 980 2950 μονογενῆ
1042 2881 1137 2933 καὶ
1189 2881 1320 2933 Θεὸν
1374 2882 1670 2951 κέκληκεν,
1731 2884 1790 2935 ἐν
1922 2883 1992 2937 τὰ

414 2971 591 3024 πάντα
623 2974 651 3024 6
676 2972 864 3042 Πατὴρ
885 2971 1151 3042 προέϐαλε
1175 2974 1581 3043 σπερματικῶς.
1625 2975 1758 3026 ’Υπδ
1790 2975 1842 3027 δὲ
1871 2975 1994 3028 τού-

411 3081 508 3116 του
542 3064 674 3134 φησὶ
705 3062 796 3116 τὸν
824 3064 996 3131 Λόγον
1037 3063 1463 3134 προϐεϐλῆσθαι,
1495 3066 1589 3118 καὶ
1625 3067 1682 3118 ὲν
1715 3065 1865 3134 αὑτῴ
1896 3066 1993 3138 τὴν

414 3155 543 3224 ὃλην
571 3153 681 3206 τῶν
713 3152 932 3207 Λίώνων
969 3154 1186 3217 οὐσίαν,
1237 3154 1304 3226 ἢν
1355 3155 1516 3219 αὐτὸς
1569 3156 1792 3227 ὕστερον
1831 3157 1995 3228 ἐμόρ-

2089 1961 2237 2015 tione
2274 1960 2420 2013 hunc
2463 1959 2518 2012 in
2563 1959 2784 2012 modum
2824 1959 3075 2028 scripsit:
3127 1957 3526 2012 Sacramentum
3562 1957 3658 2010 hoc

2089 2069 2338 2122 magnum
2377 2061 2482 2106 est:
2513 2067 2606 2121 ego
2644 2067 2761 2105 vero
2787 2050 2903 2104 dico
2931 2051 2985 2103 in
3025 2048 3235 2105 Christo
3266 2060 3314 2104 et
3348 2050 3583 2105 Ecclesia
3612 2053 3634 2082 ⁸

2160 2323 2369 2378 XXVII.
2421 2323 2685 2380 Joannem
2737 2324 2950 2380 Domini
3028 2325 3355 2396 discipulum
3396 2326 3662 2383 affirmant

2091 2418 2322 2487 primum
2372 2416 2683 2488 Ogdoadcm
2735 2419 3055 2472 nominatim
3111 2419 3537 2474 demonstrasse.
3573 2420 3663 2476 Sic

2090 2509 2234 2564 enim
2265 2508 2565 2578 disputant.
2593 2507 2831 2563 Joannes
2857 2507 3070 2562 Domini
3095 2508 3392 2578 discipulus
3420 2511 3662 2566 omnium

2093 2616 2273 2654 rerum
2323 2600 2588 2670 originem
2628 2601 2898 2666 explicare
2944 2600 3208 2669 cupiens,
3259 2616 3366 2670 qua
3423 2616 3454 2654 a
3505 2600 3666 2656 Patre

2093 2692 2344 2746 universa
2376 2698 2661 2760 procreata
2691 2699 2819 2745 sunt
2843 2732 2858 2757 ,
2904 2692 3232 2762 principium
3276 2693 3466 2746 statuit
3493 2707 3524 2745 a
3560 2695 3667 2748 Deo

2093 2783 2356 2853 genitum,
2387 2799 2546 2853 quem
2580 2793 2633 2837 et
2664 2782 2859 2837 Filium
2908 2784 3246 2854 unigenitum
3276 2795 3329 2839 et
3360 2784 3526 2842 Deum
3569 2801 3668 2857 ap-

2094 2876 2289 2944 pellat,
2320 2889 2417 2943 per
2443 2889 2604 2943 quem
2637 2875 2818 2928 omnia
2850 2873 3010 2928 Pater
3045 2877 3282 2944 quodam
3328 2878 3494 2932 veluti
3545 2890 3669 2933 satu

2095 2969 2434 3038 propagavit.
2463 2970 2544 3023 Ab
2570 2969 2675 3023 hoc
2701 2969 3026 3039 productum
3051 2987 3171 3026 esse
3188 2970 3422 3027 Verbum
3449 2975 3666 3041 asserit;

2095 3077 2191 3131 per
2217 3064 2363 3116 istud
2397 3077 2526 3116 vero
2555 3071 2724 3117 totam
2749 3063 2986 3118 Eonum
3018 3075 3264 3119 naturam
3297 3082 3458 3137 quam
3491 3069 3668 3137 ipsum

2096 3164 2283 3224 postea
2323 3151 2560 3208 Verbum
2620 3154 2954 3208 informavit.
2989 3153 3124 3208 Cum
3182 3157 3347 3227 igitur
3383 3161 3449 3213 de
3495 3159 3672 3228 prima

415 3261 595 3313 φωσεν
647 3246 676 3297 6
727 3243 916 3312 Λόγος.
971 3243 1122 3296 Ἐπεὶ
1159 3239 1252 3298 οὖν
1303 3244 1432 3315 περὶ
1461 3243 1683 3315 πρώτης
1729 3247 1990 3314 γενέσεως

2098 3245 2448 3316 generatione
2496 3261 2801 3300 sermonem
2848 3247 3143 3311 instituat,
3185 3257 3332 3304 recte
3382 3265 3412 3304 a
3461 3249 3674 3304 Princi-

415 3335 563 3404 λέγει
597 3333 776 3397 καλῶς
809 3333 916 3386 ἀπὸ
943 3333 1042 3403 τῆς
1074 3334 1250 3404 ἀρχῆς
1270 3375 1286 3400 ,
1325 3335 1571 3388 τουτέστι
1608 3335 1700 3388 τοῦ
1736 3337 1868 3389 Θεοῦ
1904 3337 1997 3390 καὶ

413 3427 510 3481 τοῦ
545 3427 720 3492 Λόγου
743 3467 757 3490 ,
789 3423 886 3494 τὴν
930 3424 1275 3478 διδασκαλίαν
1322 3428 1573 3479 ποιεῖται.
1609 3426 1771 3494 Λέγει
1799 3427 1856 3479 δὲ
1903 3426 1996 3480 οὖ-

415 3535 552 3580 τως·
601 3519 702 3570 Ἐν
733 3514 889 3584 ἀρχῇ
921 3511 1000 3585 ἦν
1030 3519 1062 3569 ό
1090 3517 1279 3585 Λόγος
1299 3556 1312 3580 ,
1341 3515 1438 3569 καὶ
1473 3519 1506 3570 ό
1533 3519 1726 3587 Λόγος
1746 3514 1824 3588 ἦν
1849 3518 1999 3586 πρὸς

415 3609 526 3664 τὸν
555 3608 705 3662 Θεὸν
731 3650 746 3674 ,
798 3609 900 3663 καὶ
949 3607 1094 3672 Θεὸς
1130 3603 1209 3677 ἦν
1239 3611 1272 3662 ό
1310 3609 1501 3677 Λόγος
1528 3626 1542 3639 ·
1583 3609 1771 3674 οὕτως
1801 3605 1880 3678 ἦν
1929 3611 1999 3663 ἐν

417 3702 578 3772 ἀρχῇ
615 3702 764 3772 πρὸς
791 3702 895 3756 τὸν
916 3703 1378 3774 ΘεόννΠρότερον
1413 3703 1716 3768 διαστείλας
1753 3705 1822 3758 τὰ
1850 3707 1996 3777 τρία.

419 3793 552 3846 Θεδν
576 3834 590 3858 ,
637 3794 732 3846 καὶ
777 3794 970 3864 ἀρχὴν,
1018 3794 1112 3846 καὶ
1146 3793 1337 3861 Λόγον,
1376 3794 1536 3848 πάλιν
1565 3795 1706 3848 αὐτὰ
1735 3797 1876 3860 ἑνοῖ,
1913 3798 1999 3850 ἵνα

421 3884 512 3936 καὶ
533 3885 631 3954 τὴν
653 3884 922 3954 προϐολὴν
945 3885 1221 3954 ἑκατέρων
1247 3885 1426 3937 αὐτῶν
1449 3885 1619 3959 δείξῃ,
1649 3886 1742 3940 τοῦ
1759 3904 1817 3940 τε
1844 3887 1998 3953 Υἰοῦ,

423 3977 517 4030 καὶ
558 3975 652 4029 τοῦ
691 3977 898 4042 Λόγου,
951 3977 1044 4029 καὶ
1075 3977 1174 4047 τὴν
1229 3977 1364 4046 πρὸς
1414 3977 1673 4048 ἀλλήλους
1707 3977 1824 4049 ἅμα
1849 4016 1864 4040 ,
1908 3980 2002 4032 καὶ

424 4068 518 4138 τὴν
569 4066 704 4136 πρὸς
753 4066 843 4118 τὸν
893 4066 1112 4136 Πατέρα
1149 4066 1362 4118 ἕνωσιν.
1431 4068 1517 4119 Ἐν
1554 4067 1662 4138 γάρ
1699 4067 1777 4137 τῷ
1804 4068 2000 4139 Πατρὶ,

425 4161 518 4212 καὶ
564 4161 628 4211 ὲκ
670 4157 764 4210 τοῦ
794 4160 1006 4229 Πατρὸς
1043 4161 1076 4228 ἡ
1117 4160 1294 4234 ἀρχὴ,
1327 4160 1420 4213 καὶ
1450 4161 1512 4212 ὲκ
1561 4161 1581 4191 ³
1629 4160 1729 4229 τῆς
1771 4161 1947 4232 ἀρχῆς
1972 4163 2002 4214 ὁ

422 4251 616 4319 Λόγος.
646 4250 842 4313 Καλῶς
873 4247 966 4304 οῦν
1010 4247 1163 4304 εἶπεν
1183 4269 1196 4281 ·
1245 4253 1349 4306 Ἐν
1388 4251 1546 4320 ἀρχῇ
1570 4248 1657 4329 ,ἦν
1693 4256 1727 4306 ὁ
1765 4255 1957 4323 Λόγος
1985 4269 2000 4282 °

422 4338 491 4413 ἦν
546 4343 656 4414 γὰρ
706 4345 765 4395 ὲν
798 4341 874 4412 τῷ
913 4343 1061 4414 Υίῷ·
1119 4345 1229 4398 Kal
1276 4347 1308 4397 ό
1354 4347 1544 4413 Λόγος
1575 4343 1654 4416 ἦν
1701 4346 1849 4414 πρὸς
1897 4345 2004 4400 τὸν

429 4437 606 4489 Gedr-
641 4436 736 4488 καὶ
769 4436 875 4508 γὰρ
907 4439 938 4507 ἡ
971 4439 1144 4507 ἀρχήο
1175 4437 1285 4490 Kal
1314 4439 1458 4504 Θεὸς
1482 4435 1560 4507 ἦν
1589 4442 1622 4491 ό
1639 4440 1845 4507 Λόγος,
1875 4440 2004 4491 ἀκο-

430 4528 659 4592 λούθως·
684 4529 745 4581 τὸ
777 4531 888 4600 γὰρ
918 4531 980 4583 ἐκ
1006 4531 1140 4582 Θεοῦ
1173 4531 1430 4600 γεννηθὲν
1473 4531 1605 4593 Θεός
1639 4533 1803 4584 ἐστιν.
1835 4527 2003 4596 Οὗτος

2099 3337 2210 3406 pio,
2238 3337 2340 3390 hoc
2371 3345 2455 3392 est
2491 3337 2633 3402 Deo,
2675 3336 2961 3408 Verboque
2998 3339 3227 3394 docendi
3267 3341 3483 3396 initium
3513 3342 3671 3413 197

2099 3426 2250 3482 fecit.
2292 3427 2369 3480 Ita
2410 3443 2574 3497 porro
2611 3429 2804 3484 scribit
2836 3449 2850 3485 :
2887 3429 2952 3485 In
2982 3432 3242 3501 principio
3294 3443 3410 3487 erat
3449 3432 3674 3487 Verbum

2098 3528 2149 3572 et
2189 3519 2414 3573 Verbum
2443 3529 2558 3573 erat
2590 3521 2727 3589 apud
2762 3522 2956 3584 Deum,
3001 3532 3051 3576 et
3079 3523 3221 3577 Deus
3261 3534 3376 3577 erat
3425 3524 3669 3580 Verbum.

2101 3608 2190 3664 Sic
2220 3619 2332 3662 erat
2384 3611 2439 3663 in
2494 3613 2755 3682 principio
2790 3611 2931 3682 apud
2966 3613 3134 3667 Deum
3156 3615 3198 3667 ⁷.
3243 3614 3536 3686 Postquam
3567 3617 3673 3672 tria

2101 3701 2192 3754 illa
2221 3701 2500 3767 discrevit,
2538 3701 2729 3764 Deum,
2771 3703 3102 3774 Principium
3133 3712 3188 3758 et
3217 3703 3453 3761 Verbum
3481 3747 3496 3771 ,
3554 3724 3674 3762 rur-

2102 3807 2199 3847 sus
2235 3792 2288 3845 in
2320 3807 2486 3846 unum
2517 3794 2821 3860 connectit,
2852 3803 2911 3848 ut
2942 3795 3228 3866 utriusque
3263 3797 3385 3852 Filii
3426 3799 3674 3855 videlicet

2102 3897 2168 3937 ac
2195 3880 2387 3948 Verbi,
2438 3883 2853 3952 productionem
2879 3925 2895 3950 ,
2932 3887 3326 3958 amborumque
3365 3905 3488 3943 cum
3533 3890 3674 3946 int'er

2101 3988 2180 4038 se,
2222 3980 2336 4026 tum
2375 3989 2498 4028 cum
2526 3973 2686 4029 Patre
2724 3976 3163 4044 conjunctionem
3193 3979 3453 4034 declaret.
3489 3980 3672 4052 Siqui-

2101 4064 2223 4119 dem
2263 4065 2318 4119 in
2358 4063 2552 4129 Patre,
2598 4073 2761 4136 atque
2786 4083 2854 4121 ex
2886 4066 3046 4122 Patre
3081 4068 3410 4138 Principium
3457 4080 3568 4126 est:
3607 4088 3675 4127 ex

2101 4152 2378 4222 Principio
2408 4154 2666 4212 Verbum.
2699 4156 2964 4214 Praeclare
2991 4159 3156 4230 igitur
3183 4159 3318 4213 dixit
3344 4179 3358 4214 :
3390 4160 3456 4215 In
3485 4163 3674 4230 princi-

2102 4247 2189 4315 pio
2233 4257 2348 4301 erat
2388 4248 2656 4313 Verbum;
2699 4258 2816 4304 erat
2845 4251 2988 4305 enim
3034 4252 3088 4305 in
3119 4250 3256 4307 Filio
3292 4271 3306 4306 :
3346 4252 3412 4306 Et
3453 4253 3674 4308 Verbum

2102 4352 2218 4393 erat
2254 4342 2395 4408 apud
2419 4341 2618 4406 Deum;
2647 4351 2765 4397 erat
2783 4343 2928 4398 enim
2961 4352 3016 4398 et
3039 4345 3362 4416 principium
3386 4367 3398 4400 :
3437 4347 3504 4400 Et
3534 4347 3674 4402 Deus

2103 4441 2218 4484 erat
2270 4430 2514 4486 Verbum.
2553 4434 2933 4490 Consentanee
2972 4437 3193 4492 omnino
3239 4439 3483 4492 dictum:
3530 4441 3674 4509 quod

2107 4523 2251 4576 enim
2303 4539 2333 4576 a
2375 4524 2483 4578 Deo
2520 4527 2759 4594 genitum
2798 4535 2920 4591 est,
2977 4528 3120 4584 Deus
3176 4539 3278 4585 est.
3323 4530 3415 4586 Sic
3458 4543 3573 4586 erat
3622 4533 3676 4586 in

430 4617 505 4688 ἦν
535 4621 606 4673 ἐν
627 4620 783 4690 ἀρχῇ
814 4622 963 4688 πρὸς
993 4622 1100 4674 τὸν
1138 4625 1287 4676 Θεόν
1309 4639 1325 4654 ο
1359 4621 1528 4689 ἔδειξε
1556 4622 1653 4693 τὴν
1676 4624 1774 4694 τῆς
1808 4624 1990 4692 προϐο-

2108 4617 2363 4684 principio
2394 4617 2534 4685 apud
2569 4618 2735 4672 Deum
2762 4663 2776 4684 ,
2811 4621 3187 4690 productionis
3216 4622 3461 4677 ordinem
3491 4632 3676 4679 osten-

428 4711 526 4782 λῆς
547 4713 721 4779 τάξιν.
747 4712 949 4766 Πάντα
976 4712 1050 4766 δι’
1074 4712 1260 4766 αὐτοῦ
1287 4711 1543 4780 ἐγένετο.
1571 4714 1667 4767 καὶ
1695 4715 1873 4783 χωρὶς
1902 4718 2007 4769 αὐ-

431 4805 536 4858 τοῦ
567 4805 806 4873 ἐγένετο
852 4804 996 4858 οὐδὲ
1039 4804 1109 4858 ἓν
1147 4823 1161 4834 ·
1219 4805 1351 4858 πᾶσι
1385 4804 1494 4876 γὰρ
1540 4809 1652 4868 τοῖς
1688 4808 1805 4876 μετ’
1845 4806 2006 4860 αὑτὸν

435 4896 599 4948 Αίῶσι
634 4896 848 4966 μορφῆς
882 4897 976 4949 καὶ
1005 4897 1272 4965 γενέσεως
1304 4895 1478 4960 αἴτιος
1514 4900 1542 4950 6
1582 4898 1751 4965 Λόγος
1769 4899 2002 4967 ἐγένετο.

443 4989 627 5054 Ἀλλὰ,
668 4992 738 5042 Ὃ
770 4990 1019 5060 γέγονεν
1037 4991 1106 5043 ἐν
1125 4991 1286 5056 αὐτῷ
1305 5030 1320 5048 .
1347 4993 1506 5061 φησὶ,
1548 4991 1657 5057 ζωή
1691 4993 1862 5046 ἐστιν
1880 5035 1893 5056 ,
1929 4994 2008 5044 ὲν-

431 5079 558 5133 θέιδε
593 5080 687 5132 καὶ
729 5079 987 5147 συζυγίαν
1039 5081 1298 5150 ἐμήνυσε.
1342 5080 1422 5133 Τὰ
1445 5081 1563 5150 μὲν
1591 5083 1698 5152 γὰρ
1749 5083 1864 5136 ὅλα
1904 5082 2006 5155 ἔφη

430 5171 503 5223 δι’
543 5171 763 5225 ἑαυτοῦ
813 5169 1170 5239 γεγενῆσθαι
1197 5213 1212 5232 ,
1259 5171 1372 5237 τὴν
1407 5172 1475 5224 δὲ
1510 5172 1664 5240 ζωὴν
1709 5175 1778 5227 ἐν
1826 5173 2006 5238 αὐτῷ.

431 5262 582 5334 Λῦτη
616 5258 709 5315 οὖν
750 5265 784 5332 ἡ
830 5264 888 5315 ἐν
917 5262 1065 5333 αὐτῷ
1091 5265 1356 5334 γενομένη
1401 5266 1708 5336 οἰκειοτέρα
1751 5265 1898 5318 ἐστὶν
1948 5267 2008 5318 ἐν

431 5351 580 5421 αὐτῷ
606 5351 798 5404 τῶν-δι’
822 5351 986 5404 αὑτοῦ
1015 5353 1338 5421 γενομένων.

393 5463 404 5472 ·
504 5445 727 5498 Σύνεστι
776 5445 882 5516 γὰρ
940 5444 1122 5514 αὐτῷ,
1179 5447 1273 5498 καὶ
1317 5445 1384 5498 δι’
1427 5445 1590 5498 αὑτοῦ
1647 5448 2002 5515 καρποφορεῖ.

446 5535 664 5608 Ἐπειδὴ
693 5536 801 5608 γὰρ
826 5536 1092 5606 ἐπιφέρει,
1128 5537 1236 5590 Kal
1264 5537 1303 5605 ἡ
1336 5534 1446 5605 ζωὴ
1491 5537 1556 5590 τὸ
1594 5535 1718 5606 φῶς
1752 5537 1866 5590 τῶν
1903 5538 2010 5591 ἀν-

512 5717 526 5747 ¹
557 5715 696 5771 lrcn.
721 5718 797 5780 ὃς.
875 5719 895 5748 ¹
932 5716 1091 5774 Forte
1115 5718 1390 5789 μένουσα..

437 5795 457 5818 "
481 5784 640 5841 Joan.
671 5805 706 5850 t,
740 5789 760 5840 ί
796 5804 917 5859 sqq.

2105 4707 2205 4762 dit.
2235 4707 2427 4762 Omnia
2457 4726 2549 4779 per
2576 4711 2747 4778 ipsum
2781 4712 2926 4780 facta
2956 4722 3098 4780 sunt,
3127 4724 3176 4768 et
3203 4716 3314 4768 sine
3341 4717 3452 4783 ipso
3475 4715 3675 4785 {actum

2097 4810 2182 4854 est
2213 4800 2381 4865 nihil;
2403 4803 2602 4857 etenim
2623 4803 2853 4858 Verbum
2876 4806 3152 4869 omnibus,
3175 4808 3267 4877 qui
3297 4817 3417 4876 post
3442 4824 3500 4863 se
3527 4821 3674 4874 sunt,

2104 4890 2374 4946 Eonibus
2426 4893 2828 4952 informationis
2901 4911 2967 4949 ac
3033 4901 3440 4969 propagationis
3489 4911 3678 4955 auctor

2105 4985 2334 5038 exstitit.
2369 4984 2566 5040 Verum
2589 5027 2604 5050 ,
2642 4986 2793 5053 Quod
2825 4987 3027 5056 factum
3063 5001 3175 5057 est,
3217 4993 3426 5062 inquit,
3474 4995 3528 5047 in
3560 4997 3678 5063 ipso

2109 5077 2215 5128 vita
2244 5087 2392 5141 erat;
2437 5077 2526 5134 ubi
2564 5086 2618 5132 et
2673 5082 2989 5150 coniugium
3040 5082 3264 5135 indicat.
3322 5083 3457 5137 Nam
3501 5089 3680 5140 omnia

2107 5185 2199 5236 per
2242 5169 2411 5237 ipsum
2438 5170 2582 5238 facta
2613 5189 2722 5226 esse
2739 5173 2901 5231 dicit:
2928 5174 3089 5227 vitam
3111 5184 3283 5228 autem
3312 5177 3365 5228 in
3386 5178 3516 5243 ipso.
3555 5177 3681 5232 Haec

2109 5261 2274 5330 igitur
2305 5277 2425 5332 qua!
2466 5263 2520 5316 in
2561 5264 2655 5318 illo
2695 5265 2839 5320 facta
2877 5274 2960 5320 est
2991 5307 3006 5329 .
3061 5269 3282 5336 pr0pius
3331 5269 3400 5322 ad
3434 5269 3585 5322 illum
3624 5271 3682 5325 in

2108 5352 2230 5421 ipso
2258 5355 2513 5422 pertinet,
2541 5369 2704 5423 quam
2735 5371 2797 5410 ea
2821 5372 2940 5425 quae
2963 5373 3058 5426 per
3086 5359 3262 5427 ipsum
3297 5357 3437 5413 facta
3470 5371 3621 5416 sunt.

2179 5443 2314 5497 Cum
2358 5444 2451 5496 illo
2481 5445 2680 5514 quippe
2716 5455 2987 5510 versatur,
3029 5464 3092 5502 ac
3127 5463 3225 5518 per
3251 5451 3426 5518 ipsum
3468 5451 3682 5508 fructus

2108 5536 2326 5592 emittit.
2358 5536 2493 5591 Nam
2527 5539 2651 5608 Quia
2689 5540 2870 5594 statim
2903 5542 3123 5611 subjiclt
3150 5558 3164 5594 :
3201 5542 3269 5595 Et
3300 5544 3406 5598 vita
3443 5529 3557 5598 erat
3587 5547 3682 5600 lua:

1469 5718 1489 5751 ⁸
1511 5719 1654 5775 lren.
1679 5720 1735 5772 ἐν
1765 5719 1903 5790 ἀρχῇ
1940 5718 1990 5771 δὲ

2093 5717 2144 5771 αὶ
2165 5719 2248 5773 ἐκ.
2330 5721 2346 5752 ⁸
2376 5719 2510 5776 Luc.
2538 5737 2636 5787 vn,
2657 5721 2745 5775 33.
2806 5722 2827 5752 ⁸
2857 5721 2877 5775 l
2906 5721 3028 5777 Cor.
3056 5737 3118 5790 ll,
3150 5724 3204 5779 6.
3247 5726 3268 5756 ⁸
3300 5725 3498 5795 Eplies.
3525 5727 3684 5794 v,32.
