4156 6358
510 404 613 461 597

1854 397 1911 453 S.
1953 395 2295 452 EPIPIIANII

3659 373 3829 455 ὕει’

508 525 799 588 hominum,
850 537 917 578 eo
966 522 1085 591 ipso
1129 520 1273 591 quod
1337 518 1621 574 Hominem
1675 529 2083 582 commemorat,

2188 521 2449 587 θρώπων,
2479 522 2797 593 ’Λνθρωπον
2816 522 2984 575 είπὼν
3013 522 3159 594 ἄρτι,
3190 521 3284 574 καὶ
3303 520 3401 590 τὴν
3437 519 3765 590 Ἐκκλησίαν

508 618 699 674 eadem
739 630 871 670 voce
903 622 957 669 et
990 613 1290 667 Ecclesiam
1322 611 1720 681 complectitur,
1756 617 1815 664 ut
1843 610 2080 680 conjugii

510 710 826 765 societatem
860 706 1151 774 intelligas.
1186 703 1320 756 Nam
1346 719 1411 757 ex
1448 702 1623 757 Verbo
1647 701 1879 772 Vitaque
1908 700 2082 756 llomo

510 810 675 872 atque
707 800 951 855 Ecclesia
984 805 1308 852 nascuntur.

578 977 846 1031 Caeterum
893 977 1067 1031 lucem
1105 973 1388 1028 hominum
1439 971 1645 1026 idcirco
1692 972 1857 1025 vitam
1909 972 2085 1026 nomi-

509 1062 680 1128 navit,
715 1064 857 1132 quod
891 1063 957 1116 ab
989 1079 1051 1117 ea
1100 1062 1176 1115 illi
1223 1061 1527 1115 collustrati
1578 1060 1708 1122 sint,
1748 1060 1892 1129 quod
1940 1060 2082 1114 idem

508 1159 595 1207 est
638 1167 702 1205 ac
757 1152 975 1223 tigurari
1009 1160 1063 1206 et
1104 1151 1459 1206 manifestum
1513 1151 1649 1206 ﬁeri.
1684 1150 1837 1217 Quod
1881 1150 2083 1207 Paulus

510 1245 627 1316 ipse
658 1254 921 1301 testatur:
960 1244 1143 1308 Omne,
1182 1244 1381 1313 inquit,
1428 1243 1564 1312 quod
1595 1244 1970 1311 manifestatur
1997 1243 2082 1295 lu-

512 1355 626 1392 men
658 1347 733 1392 est
769 1339 808 1390 ¹.
876 1336 1056 1402 Quare
1089 1351 1210 1390 cum
1241 1336 1535 1390 Ilominem
1569 1345 1729 1404 atque
1781 1333 2081 1389 Ecclesiam

510 1429 633 1484 Vita
686 1428 1004 1499 patefecerit
1076 1442 1140 1482 ac
1195 1428 1462 1497 genuerit,
1516 1426 1711 1481 merito
1765 1427 2081 1481 earumdem

510 1523 602 1577 lux
632 1537 754 1577 esse
800 1521 1021 1575 dicitur.
1060 1520 1327 1586 Quocirca
1376 1522 1661 1591 perspicue
1711 1518 1950 1577 Joannes
1996 1522 2082 1578 his

510 1615 689 1669 verbis
726 1629 855 1668 cum
904 1614 1032 1676 alia,
1067 1620 1182 1666 tum
1217 1611 1448 1665 alterum
1489 1612 1902 1681 quaternionem
1954 1627 2084 1683 ape—

510 1706 642 1768 ruit,
673 1706 912 1759 Verbum
942 1714 994 1758 et
1020 1703 1222 1770 Vitam,
1254 1704 1537 1760 Hominem
1561 1711 1723 1772 atque
1754 1702 2079 1760 Ecclesiam.

511 1797 620 1854 Nec
656 1800 836 1852 minus
882 1806 1061 1851 tamen
1101 1798 1338 1867 priorem
1390 1798 1803 1867 quaternionem
1857 1797 2079 1851 indicat.

2190 612 2491 682 ὁμωνύμως
2518 614 2595 683 τῷ
2619 615 2889 687 ἀνθρώπῳ
2922 615 3212 685 ἐμήνυσεν,
3238 613 3384 674 ὅπως
3411 611 3497 663 διὰ
3523 612 3614 664 τοῦ
3648 613 3763 675 ἐνὸς

2188 702 2449 773 ὀνόματος
2482 704 2699 777 δηλώσῃ
2737 706 2834 776 τὴν
2865 706 2966 776 τῆς
3011 705 3272 773 συζυγίας
3317 702 3621 757 κοινωνίαν.
3668 705 3764 757 Ἐκ

2188 793 2297 863 γὰρ
2333 794 2425 846 τοῦ
2450 796 2620 864 Λόγου
2645 797 2738 849 καὶ
2764 796 2863 867 τῆς
2889 796 3062 866 Ζωῆς,
3093 795 3412 867 ’Ἄνθρωπος
3442 792 3648 862 γίνεται
3671 794 3764 846 καὶ

2203 884 2517 955 Ἐκκλησία.

2259 976 2378 1040 Φῶς
2404 980 2460 1031 δὲ
2491 974 2609 1031 εἶπε
2635 978 2743 1033 τῶν
2773 978 3074 1051 ἀνθρώπων
3113 977 3209 1048 τὴν
3245 977 3406 1048 ζωὴν,
3443 976 3531 1029 διὰ
3576 974 3638 1028 τὸ
3666 991 3762 1025 πε-

2191 1070 2455 1138 φωτίσθαι
2491 1072 2689 1134 αὐτοὺς
2721 1072 2811 1125 ὑπ’
2847 1072 3036 1141 αὐτῆς.
3077 1070 3104 1122 δ
3130 1070 3191 1139 δή
3226 1071 3340 1121 ἐστι
3371 1068 3765 1139 μεμορφῶσθαι

2190 1161 2285 1213 καὶ
2332 1161 2770 1231 πεφανερῶσθαι.
2818 1162 2987 1214 Τοῦτο
3036 1161 3093 1214 δὲ
3143 1161 3235 1213 καὶ
3276 1161 3304 1212 ὁ
3349 1160 3557 1221 Παῦλος
3594 1158 3761 1225 λέγει·

2189 1251 2319 1307 Πᾶν
2381 1254 2491 1322 γὰρ
2550 1253 2616 1305 τὸ
2666 1254 3114 1322 φανερούμενον
3169 1250 3293 1321 φῶς
3356 1251 3545 1303 ἐστιν.
3610 1248 3767 1301 Ἐπεὶ

2188 1345 2365 1397 τοίνυν
2416 1346 2729 1415 ὲφανέρωσε
2777 1346 2871 1399 καλ⁵
2919 1345 3172 1415 ἐγέννησε
3220 1344 3311 1396 τόν
3350 1360 3409 1395 τε
3448 1341 3765 1413 Ἄνθρωπον

2190 1434 2283 1485 καὶ
2309 1432 2405 1505 τὴν
2452 1434 2780 1504 Ἐκκλησίαν
2830 1437 2863 1504 ή
2914 1435 3057 1507 Ζωὴ,
3096 1434 3211 1502 φῶς
3264 1432 3517 1504 είρῆσθαι
3562 1431 3761 1487 αὐτῶν.

2189 1524 2383 1593 Σαφῶς
2439 1521 2532 1577 οὖν
2569 1526 2897 1597 δεδήλωκενλ
2922 1528 2950 1578 ό
3014 1526 3263 1594 Ἰωάννης
3297 1524 3383 1578 διὰ
3427 1524 3534 1577 τῶν
3592 1523 3765 1591 λόγων

2188 1616 2392 1670 τούτων
2424 1618 2493 1670 τά
2538 1634 2596 1669 τε
2630 1618 2763 1672 ἄλλα
2811 1619 2906 1671 καὶ
2937 1617 3033 1688 τὴν
3070 1617 3299 1689 τετράδα
3344 1616 3443 1685 τὴν
3484 1614 3761 1685 δευτέραν,

2188 1709 2358 1778 Λόγον
2402 1711 2495 1763 καὶ
2536 1710 2707 1781 Ζωὴν,
2742 1709 3057 1783 Ἄνθρωπον
3086 1710 3179 1762 καὶ
3214 1708 3557 1778 Ἐκκλησίαν.
3603 1707 3762 1759 Ἀλλὰ

2193 1800 2299 1873 μὴν
2333 1802 2427 1853 καὶ
2458 1801 2555 1871 τὴν
2587 1802 2811 1872 πρώτην
2849 1803 3086 1872 ἐμήνυσε
3117 1800 3367 1870 τετράδα.
3402 1798 3762 1869 Διηγούμενος

509 1891 647 1945 Cum
683 1891 826 1944 enim
885 1890 951 1943 de
1002 1889 1283 1943 Salvatore
1333 1888 1574 1951 disserit,
1625 1888 1917 1957 omniaque
1962 1904 2084 1958 qua:

2188 1892 2294 1962 γὰρ
2327 1894 2455 1963 περὶ
2496 1893 2591 1945 τοῦ
2621 1892 2894 1962 Σωτῆρος,
2943 1894 3034 1945 καὶ
3081 1892 3255 1961 λέγων
3290 1893 3466 1945 πάντα
3509 1891 3576 1943 τὰ
3610 1889 3763 1951 ἐκτὸς

508 1988 663 2035 extra
697 1978 943 2033 Pleroma
989 1986 1119 2032 sunt
1166 1978 1234 2033 ab
1265 1978 1383 2047 ipso
1431 1993 1553 2034 esse
1587 1978 1818 2033 formata
1871 1978 2083 2043 scribit,

512 2072 678 2125 totius
712 2070 864 2123 illum
898 2068 1218 2124 Pleromatis
1249 2068 1487 2123 fructum
1521 2084 1643 2123 esse
1666 2075 2082 2123 commonstrat.

512 2162 643 2217 Nam
682 2163 830 2217 illum
862 2162 1035 2217 lucem
1068 2178 1189 2216 esse
1222 2161 1379 2226 dixit,
1406 2177 1525 2231 quae
1558 2162 1702 2215 lucet
1726 2161 1780 2214 in
1820 2160 2082 2223 tenebris,

511 2270 613 2310 nec
637 2255 705 2309 ab
736 2254 872 2325 ipsis
900 2253 1415 2322 comprehenditur;
1461 2269 1525 2307 eo
1546 2253 1692 2324 quod
1726 2268 1849 2306 cum
1876 2252 2083 2315 omnia,

509 2362 631 2416 quae
660 2360 726 2399 ex
763 2344 1129 2399 commotione
1162 2350 1343 2396 ortum
1378 2343 1703 2407 habuerant,
1741 2340 2085 2409 composuis-

508 2448 614 2504 set,
650 2440 718 2494 ab
750 2439 856 2494 illis
897 2450 1239 2506 nequaquam
1270 2445 1351 2490 est
1396 2436 1633 2506 agnitus.
1685 2434 1844 2503 198
1894 2433 1998 2487 Sed
2032 2444 2085 2489 et

510 2530 706 2585 Filium
739 2529 988 2585 eumdem
1020 2543 1085 2583 ac
1116 2525 1497 2589 Veritatem,et
1535 2525 1733 2592 Vitam,
1764 2535 1817 2580 et
1847 2524 2083 2578 Verbum

509 2622 655 2693 quod
673 2636 801 2676 caro
823 2620 1021 2674 factum
1044 2620 1113 2676 sit
1132 2619 1384 2689 appellat.
1411 2617 1598 2687 Cujus,
1630 2618 1827 2687 inquit,
1859 2618 2083 2685 gloriam

512 2714 735 2768 vidimus
764 2721 1014 2782 :eratque
1038 2712 1209 2780 gloria
1240 2712 1351 2780 ejus
1376 2711 1528 2779 quasi
1567 2708 1832 2779 Unigeniti
1864 2710 2027 2762 eidem
2053 2726 2085 2763 a

517 2806 674 2862 Patre
708 2821 974 2867 concessa,
1000 2805 1153 2872 plena
1182 2804 1371 2873 gratia:
1404 2810 1453 2855 et
1480 2802 1739 2856 veritatis.
1784 2800 1895 2855 lloc
1925 2801 2071 2854 enim

510 2900 673 2955 modo
703 2899 896 2955 scribit
929 2913 945 2950 :
980 2896 1049 2950 Et
1091 2895 1313 2949 Verbum
1359 2911 1481 2948 caro
1531 2894 1731 2963 factum
1774 2905 1871 2958 est,
1908 2903 1957 2946 et
1990 2893 2085 2946 Ita-

513 2988 694 3042 bitavit
742 2988 795 3040 in
826 2985 995 3047 nobis,
1033 2994 1081 3038 et
1127 2985 1351 3037 vidimus
1398 2984 1626 3052 gloriam
1672 2984 1806 3050 ejus,
1854 2982 2081 3051 gloriam

512 3078 665 3146 quasi
699 3074 964 3146 Unigeuiti
1004 3092 1037 3128 a
1070 3072 1251 3137 Patre,
1284 3074 1494 3141 plenum
1523 3074 1711 3142 gratia:
1743 3082 1791 3125 et
1825 3073 2080 3126 veritatis.

512 3170 632 3235 Quo
673 3168 727 3221 in
777 3170 897 3221 loco
925 3166 1161 3237 primum
1207 3167 1623 3235 quaternionem
1670 3164 2084 3219 accuratissime

512 3261 803 3330 descripsit
838 3279 850 3314 :
886 3275 1008 3313 cum
1042 3258 1260 3312 Patrem
1295 3258 1618 3321 nominavit,
1654 3268 1707 3312 et
1736 3257 2001 3321 Gratiam,
2032 3267 2086 3311 et
2113 3230 2155 3287 θ’

519 3351 891 3423 Unigenitum,
925 3366 988 3404 ac
1040 3349 1358 3405 Veritatem.
1412 3348 1489 3403 Ita
1544 3350 1703 3419 plane
1734 3348 1974 3404 Joannes
2020 3350 2086 3405 de

518 3446 719 3515 prima,
751 3445 995 3513 adeoque
1029 3451 1204 3497 matre
1240 3442 1484 3497 omnium
1535 3442 1771 3497 IEonum
1830 3440 2087 3512 Ogdoade

517 3537 732 3591 locutus
781 3543 885 3589 est.
930 3534 1068 3589 Istos
1111 3533 1256 3589 enim
1303 3533 1626 3587 nominatim
1662 3532 1935 3601 concepit,
1983 3532 2085 3585 Pa-

515 3636 678 3693 trem,
709 3624 972 3689 Gratiam,
1006 3622 1331 3693 Unigenam,
1365 3621 1678 3689 Veritatem,
1706 3620 1964 3687 Verbum,
1995 3620 2088 3675 Vi-

516 3726 647 3781 tam,
682 3716 989 3780 llominem,
1028 3713 1348 3769 Ecclesiam.

586 3805 817 3862 XXVIII.
870 3805 1050 3869 Vides,
1076 3805 1430 3869 cbarissime,
1460 3815 1630 3858 artem
1668 3802 1813 3856 illam
1847 3817 1910 3855 ac
1944 3801 2088 3855 l‘rau-

515 3898 659 3961 dem,
708 3910 817 3966 qua
850 3893 1207 3961 sibimetipsis
1240 3892 1477 3945 illuduut
1520 3891 1781 3955 haaretici,
1827 3890 1956 3943 dum
2006 3906 2089 3944 sa-

514 3986 627 4042 cris
659 3985 881 4039 Litteris
912 3999 1008 4053 per
1041 3982 1371 4036 calumniam
1420 3982 1737 4044 abutuntur,
1769 3990 1827 4034 ut
1869 3996 1935 4034 ex
1969 3980 2089 4033 illa-

514 4091 636 4131 rum
666 4075 975 4131 testimonio
1006 4074 1202 4128 fabulis
1233 4074 1349 4129 suis
1379 4072 1593 4142 pondus
1624 4079 1676 4127 et
1706 4072 2085 4126 auctoritatem

515 4169 829 4223 concilient.
855 4167 1218 4233 Quamobrem
1241 4165 1492 4219 consulto
1512 4165 1729 4218 illorum
1763 4163 1815 4216 in
1850 4163 2085 4217 medium

513 4262 677 4317 verba
734 4259 955 4329 protuli,
1010 4266 1069 4312 ut
1128 4256 1420 4311 miriﬁcum
1476 4257 1717 4325 ipsorum
1772 4253 2087 4309 calliditatis

514 4352 803 4407 artiﬁcium
853 4358 1016 4419 atque
1034 4349 1236 4403 erroris
1259 4349 1578 4417 pravitatem
1603 4346 2083 4399 animadverteres.

513 4443 757 4498 Primum
806 4442 971 4505 enim,
1003 4441 1050 4495 si
1099 4439 1296 4493 Joanni
1328 4454 1639 4509 supremam
1684 4438 1831 4491 illam
1875 4435 2087 4505 Ogdoa-

2189 1983 2285 2036 τοῦ
2312 1983 2684 2055 Πληρώματος
2714 1986 2778 2037 δι’
2810 1985 2974 2038 αὐτοῦ
3009 1983 3419 2055 μεμορφῶσθαι,
3456 1982 3664 2053 καρπὸν
3691 1978 3765 2033 εἷ-

2185 2076 2274 2129 ναί
2316 2092 2478 2145 φησιν
2509 2076 2670 2128 αὑτὸν
2709 2075 2903 2138 παντὸς
2934 2074 3027 2128 τοῦ
3069 2073 3458 2145 Πληρώματος.
3500 2072 3611 2125 Καὶ
3658 2072 3764 2142 γὰρ

2186 2166 2303 2234 φῶς
2333 2168 2553 2237 εἴρηκεν
2583 2167 2741 2219 αὑτὸν
2776 2166 2835 2219 τὸ
2870 2168 2925 2219 ἐν
2964 2168 3030 2238 τῇ
3060 2166 3248 2235 σκοτίᾳ.
3288 2164 3631 2234 φαινόμενον,
3671 2160 3764 2215 καὶ

2188 2258 2263 2329 μὴ
2308 2258 2649 2326 καταληφθὲν
2690 2259 2779 2310 ὑπ’
2817 2258 2985 2328 αὐτῆς
3008 2275 3020 2286 ο
3074 2256 3260 2325 ἐπειδὴ
3295 2255 3472 2308 πάντα
3513 2254 3581 2306 τὰ
3614 2254 3763 2321 γενό-

2189 2367 2325 2421 μενα
2367 2351 2430 2401 ἐκ
2478 2350 2571 2401 τοῦ
2621 2348 2823 2413 πάθους
2851 2350 3098 2421 ἁρμόσας
3151 2347 3389 2417 ήγνοήθη
3432 2347 3523 2399 ὑπ’
3574 2346 3759 2414 αὐτῆς.

2187 2442 2298 2495 Καὶ
2332 2443 2457 2495 Υίὸν
2499 2443 2575 2507 δὲ,
2612 2444 2703 2495 καὶ
2743 2442 3038 2513 Ἀλήθειαν,
3068 2443 3161 2494 καὶ
3212 2442 3364 2511 Ζωὴν
3393 2440 3540 2507 λέγει
3579 2436 3762 2501 αὑτὸν,

2186 2532 2279 2585 καὶ
2307 2532 2477 2599 Λόγον
2505 2534 2682 2601 σάρκα
2713 2534 3034 2603 γενόμενον·
3073 2528 3155 2587 Οὗ
3200 2530 3315 2599 τὴν
3369 2530 3557 2593 δόξαν
3601 2529 3763 2581 ἐθεα-

2186 2626 2436 2694 σάμεθα,
2474 2625 2640 2694 φησί·
2707 2626 2803 2678 καὶ
2852 2621 2931 2694 ἦν
2982 2625 3019 2691 η
3064 2623 3214 2688 δόξα
3247 2623 3432 2677 αὐτοῦ
3486 2623 3577 2675 οἵα
3612 2616 3691 2690 ἦν
3722 2619 3761 2687 ἠ

2186 2717 2291 2769 τοῦ
2314 2717 2695 2785 Μονογενοῦς
2716 2718 2752 2784 ἡ
2788 2716 2903 2769 ὑπὸ
2928 2716 3030 2769 τοῦ
3056 2714 3287 2783 Πατρός
3312 2713 3553 2767 δοθεῖσα
3580 2710 3760 2775 αὐτῷ,

2187 2802 2424 2870 πλήρης
2472 2804 2710 2871 χάριτος
2756 2803 2855 2855 καὶ
2907 2803 3211 2869 ἀληθείας.
3259 2802 3421 2869 Λέγει
3469 2801 3525 2853 δὲ
3584 2799 3757 2852 οὕτωσ

2185 2892 2296 2943 Καὶ
2351 2894 2384 2945 ὁ
2439 2894 2628 2961 Λόγος
2664 2890 2819 2959 σὰρξ
2868 2890 3119 2959 ἐγένετο,
3164 2892 3262 2944 καί
3312 2889 3667 2956 ἐσκήνωσεν
3694 2889 3765 2941 ἐν

2185 2983 2362 3052 ⁴ἡμῖν’
2417 2984 2511 3036 καὶ
2560 2982 2928 3051 ἐθεασάμεθα
2962 2982 3074 3048 τὴν
3114 2982 3301 3045 δόξαν
3336 2982 3544 3045 αὑτοῦ,
3577 2980 3765 3044 δόξαν

2187 3076 2267 3140 ὡς
2310 3074 2689 3143 Μονογενοῦς
2732 3077 2891 3143 παρὰ
2928 3075 3158 3142 Πατρός
3182 3115 3195 3138 ,
3253 3075 3491 3141 πλήρης
3523 3072 3763 3142 χάριτος

2189 3166 2287 3219 καὶ
2317 3168 2623 3233 ἀληθείας.
2673 3165 2939 3237 ’Λκριϐῶς
2974 3162 3065 3218 οὖν
3108 3166 3201 3218 καὶ
3226 3165 3325 3235 τήν
3365 3164 3586 3235 πρώτην
3622 3165 3763 3233 ἐμή-

2188 3274 2315 3309 νυσε
2363 3257 2625 3327 τετράδα·
2684 3257 2902 3325 Πατέρα
2956 3253 3124 3307 εἰπὼν
3168 3255 3263 3307 καὶ
3300 3256 3495 3325 Χάριν,
3531 3255 3622 3307 καὶ⁵
3670 3254 3763 3306 τον

2188 3350 2488 3419 Μονογενῆ,
2527 3350 2620 3402 καὶ
2682 3350 2984 3420 Ἀλήθειαν.
3032 3349 3217 3413 Οὕτως
3259 3353 3287 3403 ό
3334 3350 3583 3419 Ἰωάννης
3636 3351 3763 3419 περὶ

2186 3442 2286 3511 τῆς
2322 3440 2542 3510 πρώτης
2572 3440 2666 3493 καὶ
2696 3441 2899 3511 μητρὸς
2932 3441 3040 3493 τῶν
3065 3440 3199 3493 ὅλων
3224 3440 3443 3494 Αίώνων
3484 3442 3763 3509 Ὀγδοάόος

2188 3533 2395 3602 εἴρηκε.
2453 3533 2672 3603 Πατέρα
2718 3531 2826 3602 γὰρ
2874 3532 3062 3603 εἴρηκε
3099 3534 3192 3585 καὶ
3223 3533 3417 3601 Χάριν,
3463 3533 3557 3585 καὶ
3590 3534 3763 3587 Μονο-

2187 3624 2342 3693 γενῆ,
2402 3624 2497 3675 καὶ
2554 3623 2855 3693 Ἀλήθειαν,
2907 3625 3000 3677 καὶ
3051 3624 3243 3692 Λόγον,
3300 3626 3392 3680 καὶ
3442 3616 3616 3694 Ζωῆν,
3670 3624 3765 3677 καὶ

2191 3715 2532 3785 Ἄνθρωπον,
2569 3716 2661 3767 καὶ
2706 3714 3052 3785 Ἐκκλησίαν.

2258 3807 2392 3866 Kli',
2438 3810 2618 3877 Ὁρᾷς,
2643 3807 2915 3877 ἀγαπητὲ,
2943 3807 3038 3876 τἠν
3072 3805 3312 3877 μέθοδον,
3416 3806 3463 3857 οί
3491 3804 3763 3875 χρώμενοι

2188 3896 2620 3967 φρεναπατοῦσιν
2669 3898 2912 3958 ἑαυτοὺς,
2945 3895 3344 3966 ἐπηρεάζοντες
3390 3894 3488 3956 τὰς
3523 3893 3762 3963 Γραφὰς,

2186 3986 2246 4036 τὸ
2276 3984 2497 4053 πλάσμα
2535 3983 2712 4035 αὐτῶν
2745 3984 2802 4049 ἐξ
2832 3984 3007 4036 αὐτῶν
3044 3983 3379 4035 συνιστάνειν
3410 3980 3761 4051 πειρώμενοι.

2188 4076 2285 4128 Διὰ
2333 4076 2491 4127 τοῦτο
2540 4075 2647 4146 γὰρ
2691 4076 2786 4128 καὶ
2845 4075 3004 4137 αὐτὸς
3051 4074 3374 4145 παρεθέμην
3423 4071 3602 4123 αὐτῶν
3667 4073 3763 4133 τὰς

2187 4166 2377 4229 λέξεις,
2407 4166 2492 4216 ἵνα
2519 4166 2576 4228 ἐξ
2605 4165 2782 4219 αὐτῶν
2812 4167 3149 4235 κατανοήσῃς
3179 4163 3275 4231 τὴν
3304 4160 3641 4231 πανουργίαν
3666 4162 3766 4229 τῆς

2191 4256 2490 4326 μεθοδείας,
2522 4256 2613 4307 καὶ
2646 4254 2745 4323 τὴν
2797 4254 3059 4323 πονηρίαν
3110 4252 3206 4320 τῆς
3260 4250 3486 4320 πλάνης.
3543 4248 3765 4318 Πρῶτον

2191 4350 2287 4419 μὲν
2338 4348 2446 4417 γὰρ
2494 4348 2541 4399 εί
2592 4348 2874 4417 προέκειτο
2930 4345 3148 4414 Ἰωάννῃ
3190 4344 3288 4414 τὴν
3332 4342 3445 4395 ἄνω
3506 4340 3761 4407 Ὀγδοάδα

2191 4442 2469 4511 μηνύσειν,
2524 4439 2619 4508 τὴν
2676 4438 2827 4503 τάξιν
2862 4438 2926 4490 ἂν
2974 4438 3262 4506 τετηρήκει
3314 4435 3414 4504 τῆς
3471 4433 3761 4503 προϐολῆςΙ

514 4536 639 4590 clem
687 4533 964 4587 declarare
1016 4532 1358 4601 propositum
1411 4531 1634 4593 fuisset,
1687 4528 2081 4598 procreationis

2188 4533 2281 4585 καὶ
2309 4533 2405 4601 τὴν
2431 4531 2650 4600 πρώτην
2682 4529 2924 4600 Τετράδα
2961 4527 3407 4597 σεϐασμιωτάτην
3440 4521 3627 4587 οὖσαν,
3663 4540 3764 4575 κα-

514 4627 758 4681 ordinem
796 4632 1057 4687 servaret,
1101 4638 1166 4676 ac
1197 4622 1432 4691 priorem
1484 4622 1656 4685 illum,
1692 4619 1768 4673 uti
1801 4626 2075 4681 asserunt,

515 4720 1075 4790 angustissimumque
1112 4716 1549 4785 quaternionem,
1589 4714 1642 4767 in
1688 4715 1863 4783 prima
1899 4712 2078 4766 nomi~

514 4828 645 4867 num
695 4812 834 4866 serie
884 4810 1209 4873 collocaret;
1263 4814 1377 4860 tum
1424 4806 1721 4860 secundum
1761 4805 2097 4873 subjiceret,

514 4910 575 4956 ut
624 4916 718 4970 per
766 4898 1153 4954 vocabulorum
1201 4896 1447 4950 ordinem
1500 4894 1773 4966 Ogdoadis
1820 4895 1955 4948 ordo
1988 4894 2080 4948 de.

513 4999 911 5046 monstraretur
940 5007 954 5042 :
988 5002 1164 5056 neque
1192 4996 1342 5039 tanto
1370 4986 1670 5049 intervallo,
1703 4984 1848 5038 velut
1876 4984 2080 5039 oblitus

513 5098 578 5139 ac
616 5082 794 5137 denuo
836 5079 1175 5141 recordatus,
1225 5076 1632 5147 quaternionem
1675 5077 1911 5145 primum
1948 5075 2079 5129 ulti-

514 5192 661 5231 mum
693 5176 747 5229 in
794 5175 971 5228 locum
1005 5171 1320 5239 conjiceret.
1355 5167 1557 5223 Deinde
1605 5170 1651 5223 si
1696 5169 2076 5238 conjugiorum

512 5268 842 5322 mentionem
872 5264 1049 5319 facere
1078 5264 1251 5325 vellet,
1288 5277 1566 5332 nunquam
1594 5261 1850 5317 Ecclesia:
1879 5276 2079 5314 nomen

512 5360 967 5428 praetermitteret.
1026 5354 1131 5409 Sed
1172 5354 1257 5407 vel
1304 5354 1513 5408 caneris
1545 5354 1711 5407 etiam
1755 5353 1811 5406 in
1854 5352 2080 5422 paribus

515 5449 861 5504 recensendis
913 5448 1060 5502 solos
1121 5446 1383 5501 duntaxat
1441 5460 1620 5501 mares
1675 5446 2018 5499 nominasset
2065 5462 2077 5495 :

513 5556 637 5596 cum
681 5550 735 5595 et
776 5540 877 5609 ipsi
908 5539 1158 5594 similiter
1187 5554 1294 5591 una
1340 5537 1567 5607 intelligi
1618 5538 1869 5607 possint;
1928 5546 1986 5589 ut
2025 5535 2079 5587 in

515 5630 770 5683 omnibus
816 5627 1225 5681 similitudinem
1273 5626 1747 5694 aequalitatemque
1817 5632 2079 5679 servaret.

594 5823 617 5853 ‘
642 5824 836 5884 Enhes.
871 5841 922 5886 ν,
954 5826 1039 5879 15.
1115 5827 1137 5855 ¹
1170 5825 1294 5879 For.
1326 5823 1357 5888 ἢ
1392 5826 1461 5876 εξ.

2186 4622 2293 4685 θὼς
2330 4623 2595 4688 λέγουσιν,
2630 4624 2685 4672 ἐν
2722 4619 2953 4689 πρώτοις
2989 4619 3054 4671 ἂν
3085 4619 3315 4670 τεθείκει
3357 4620 3470 4679 τοῖς
3500 4616 3759 4684 ὀνόμασι·

2186 4716 2279 4766 καὶ
2326 4714 2497 4775 οὕτως
2544 4712 2844 4782 ἐπεζεύχθη
2893 4713 2990 4781 τὴν
3049 4712 3340 4780 δευτέραν,
3394 4711 3479 4762 ἵνα
3522 4708 3611 4761 διὰ
3662 4708 3764 4776 τῆς

2184 4805 2389 4869 τάξεως
2423 4807 2527 4857 τῶν
2556 4805 2832 4874 ὀνομάτων
2858 4806 2890 4874 ή
2917 4804 3068 4867 τάξις
3095 4804 3277 4873 δειχθῇ
3307 4802 3406 4871 τῆς
3446 4801 3726 4869 Ὀγδοάδος
3746 4815 3761 4829 ’

2186 4898 2278 4950 καὶ
2336 4899 2434 4950 οὐκ
2480 4898 2544 4950 ἂν
2600 4897 2735 4967 μετὰ
2788 4895 3036 4948 τοσοῦτον
3078 4896 3385 4964 διάστημα,
3437 4894 3513 4955 ὡς
3539 4892 3763 4962 ἐκλελη-

2187 4990 2402 5058 σμένος,
2434 4988 2623 5042 ἔπειτα
2653 4988 3013 5059 ἀναμνησθεὶς
3044 4988 3127 5039 ἐπ’
3150 4989 3358 5057 ἐσχάτῳ
3380 4985 3601 5055 πρώτης
3634 4985 3758 5052 ἐμέ-

2191 5096 2357 5151 μνητο
2388 5079 2671 5149 Τετράδος.
2724 5081 2951 5130 Ἔπειτα
2991 5077 3046 5128 δὲ
3093 5077 3188 5128 καὶ
3234 5076 3330 5138 τὰς
3365 5073 3629 5141 συζυγίας
3659 5090 3759 5142 ση-

2191 5172 2355 5241 μᾶναι
2404 5169 2587 5235 θέλων,
2621 5171 2713 5223 καὶ
2744 5171 2803 5223 τὸ
2835 5170 2934 5238 τῆς
3006 5168 3331 5237 Ἐκκλησίας
3378 5166 3478 5218 οὐκ
3518 5166 3584 5218 ἂν
3620 5180 3756 5233 παρ-

2190 5260 2372 5312 έλιπεν
2394 5260 2581 5329 ὄνομα.
2619 5259 2755 5311 Ἀλλ’
2789 5259 2820 5328 ἢ
2856 5260 2950 5311 καὶ
2992 5257 3083 5310 ἐπὶ
3115 5258 3223 5309 τῶν
3253 5256 3456 5309 λοιπῶν
3489 5254 3762 5323 συζυγιῶν

2187 5348 2426 5420 ἠρκέσθη
2457 5351 2521 5417 τῇ
2564 5347 2670 5400 τῶν
2696 5348 2940 5418 ἀρρένων
2975 5346 3336 5416 προσηγορίᾳ,
3363 5345 3566 5413 ὁμοίως
3595 5344 3756 5395 δυνα-

2192 5441 2365 5509 μένων
2398 5438 2661 5492 κάκείνων
2684 5437 3170 5502 συνυπακούεσθαι,
3189 5438 3276 5489 ἴνα
3300 5436 3396 5505 τὴν
3421 5436 3646 5503 ἑνότητα
3676 5433 3767 5485 διὰ

2189 5530 2403 5583 πάντων
2494 5528 2838 5597 πεφυλακὼς,
2868 5531 2915 5581 εἰ
2945 5532 2963 5559 ²
2992 5528 3099 5580 τῶν
3129 5526 3331 5579 λοιπῶν
3370 5526 3467 5589 τὰς
3496 5524 3766 5592 συζύγους

2189 5621 2464 5689 κατέλεγε,
2514 5621 2607 5674 καὶ
2662 5620 2757 5689 τὴν
2804 5619 2892 5672 τοῦ
2959 5617 3271 5673 Ἀνθρώπου
3328 5616 3394 5671 ἂν
3456 5614 3768 5687 μεμηνύκει
