4156 6358
462 349 571 409 5⁵29
1207 347 1578 408 ADVERSUS
1615 344 1959 405 [UERESES
1997 341 2047 397 Li

2165 341 2210 398 1.
2249 340 2412 398 ΤΟΜ.
2454 341 2521 396 Π.
2559 372 2630 382 -
2664 338 2943 396 ΗᾹΞΒΕδ.
2977 338 3172 394 XXXI.
3618 330 3725 389 550

471 468 721 538 σύζυγον,
749 469 844 524 καὶ
876 471 976 524 οὐκ
1010 470 1078 524 ἂν
1103 471 1314 544 ἀφῆκεν
1339 473 1406 526 ἐκ
1436 471 1692 542 μαντείας
1730 470 1876 540 ἡμᾶς
1901 467 2042 536 λαμ-

2149 460 2240 518 Vel
2285 463 2331 518 si
2359 463 2690 533 reliquorum
2718 461 2977 530 conjuges
3007 462 3374 520 enumeraret,
3402 455 3565 510 etiam
3611 449 3724 506 llo-

467 561 652 613 ϐἀνειν
682 560 917 632 τοῦνομα
948 563 1137 634 αὐτῆς.
1169 564 1382 636 Φανερὰ
1415 559 1509 617 οὖν
1536 565 1569 634 ἡ
1596 562 1695 632 τῆς
1732 560 2044 631 ἐξηγήσεως

2149 555 2313 609 minis
2344 555 2646 624 attigisset;
2677 567 2854 622 neque
2875 549 3154 606 divinandi
3183 546 3332 603 illius
3358 544 3597 600 nominis
3625 559 3724 599 ῐιει⁴

469 669 619 724 παρα
629 653 748 726 ποίη
757 672 858 718 σις.

537 827 642 881 Τοῦ
672 828 780 900 γὰρ
839 830 1086 884 Ἰωάννου
1128 830 1225 886 ἕνα
1277 831 1409 886 Θεὸν
1460 832 1893 904 παντοκράτορα,
1949 831 2042 884 καὶ

464 919 562 974 ἕνα
607 923 869 993 μονογενῆ
920 922 1155 994 Χριστὸν
1210 925 1414 995 Ἰησοῦν
1465 925 1852 997 κηρύσσοντος,
1883 924 1948 976 δι’
1981 916 2041 977 οῦ

464 1009 533 1061 τὰ
562 1010 738 1064 πάντα
769 1012 1048 1080 γεγονέναι
1077 1011 1245 1080 λέγει,
1276 1014 1463 1068 τοῦτον
1497 1014 1633 1068 Υἱόν
1663 1015 1834 1080 Θεοῦ,
1853 1013 2043 1068 τοῦτον

464 1102 797 1172 Moverer-ﬁ,
847 1104 1034 1158 τοῦτον
1082 1104 1324 1158 πάντων
1361 1105 1643 1175 ποιητὴν,
1688 1106 1874 1160 τοῦτον
1916 1104 2042 1175 φῶς

463 1195 788 1262 ἀληθινὸν,
839 1196 1165 1265 φωτίζοντα
1216 1198 1413 1253 πάντα
1462 1198 1797 1266 ἄνθρωπον,
1853 1198 2042 1251 τοῦτον

464 1285 699 1355 κόσμου
747 1287 1024 1356 ποιητὴν,
1062 1289 1250 1343 τοῦτον
1299 1292 1386 1354 είς
1419 1289 1492 1342 τὰ
1525 1289 1647 1343 ἴδια
1677 1290 2039 1360 ἐληλυθότα,

461 1378 649 1430 τοῦτον
690 1381 876 1433 αὐτὸν
908 1380 1106 1450 σάρκα
1154 1383 1459 1453 γεγονότα,
1516 1382 1615 1435 καί
1654 1383 2043 1451 ἐσκηνωκότα

461 1466 532 1517 ἐν
561 1466 723 1534 ἡμῖν,
755 1463 921 1531 οὗτοι,
951 1471 1395 1542 παρατρέποντες
1428 1471 1568 1524 κατὰ
1601 1471 1660 1524 τὸ
1693 1472 1914 1525 πιθανὸν
1944 1473 2042 1542 τὴν

462 1559 744 1628 ἐξήγησιν,
781 1560 938 1613 ἄλλον
997 1562 1094 1631 μὲν
1141 1562 1233 1615 τὸν
1281 1563 1560 1633 Μονογενῆ
1610 1562 1851 1616 θέλουσιν
1904 1559 2041 1616 εἶναι

461 1646 604 1701 κατὰ
629 1650 726 1719 τὴν
749 1650 1037 1721 προϐολὴν,
1077 1652 1134 1705 ὃν
1165 1653 1228 1725 δὴ
1257 1655 1348 1708 καὶ
1393 1655 1586 1726 Ἀρχὴν
1610 1654 1885 1708 καλοῦσιν.
1917 1654 2044 1707 Ἀλ-

463 1739 553 1792 λον
585 1740 642 1792 δὲ
668 1740 758 1793 τὸν
790 1742 1021 1814 Σωτῆρα
1052 1745 1334 1812 γεγονέναι
1368 1745 1600 1810 θέλουσι,
1641 1746 1734 1800 καὶ
1761 1745 1919 1800 ἄλλον
1951 1746 2042 1800 τὸν

2144 646 2458 701 cessitatem
2532 644 2692 698 nobis
2756 642 3052 696 attulisset.
3110 639 3208 694 Est
3271 637 3437 708 igitur
3497 634 3718 691 minime

2144 738 2383 793 obscura
2411 736 2560 791 illius
2599 733 3066 804 interpretationis
3095 731 3388 786 calumnia.

2213 829 2352 884 Cum
2386 828 2534 883 enim
2575 827 2815 882 Joannes
2854 840 3025 880 unum
3056 824 3226 878 Deum
3271 821 3717 889 omnipotentem,

2146 935 2423 989 unumque
2469 919 2751 974 Christum
2797 917 2986 973 Jesum
3032 915 3177 970 illius
3208 913 3548 984 unigenitum
3583 925 3722 981 pra:-

2142 1012 2312 1078 dicet,
2341 1026 2435 1081 per
2461 1026 2624 1081 quem
2655 1011 2796 1064 laeta
2824 1023 2949 1064 esse
2986 1007 3169 1062 omnia
3197 1007 3486 1060 conﬁrmat
3512 1022 3526 1058 :
3556 1010 3722 1072 atque

2144 1104 2289 1159 hunc
2342 1119 2464 1160 esse
2529 1103 2630 1158 Dei
2686 1101 2910 1168 Filium,
2968 1100 3116 1154 hunc
3179 1097 3498 1168 Unigenam,
3573 1094 3723 1148 hunc

2142 1195 2479 1252 Conditorem
2519 1197 2774 1262 omnium,
2816 1194 2963 1248 hunc
3006 1208 3179 1246 veram
3209 1191 3398 1253 lucem,
3451 1203 3566 1258 quae
3595 1186 3723 1240 illu-

2142 1292 2311 1343 minat
2344 1307 2546 1344 omnem
2577 1289 2859 1352 hominem,
2913 1287 3060 1340 hunc
3108 1284 3293 1338 mundi
3324 1281 3717 1352 fabricatorem,

2146 1380 2306 1450 199
2337 1380 2482 1434 hunc
2511 1380 2599 1449 qui
2628 1381 2680 1433 in
2706 1379 2921 1448 propria
2949 1377 3125 1440 venit;
3154 1375 3242 1445 qui
3265 1390 3388 1427 caro
3422 1373 3596 1442 [actus
3619 1377 3718 1434 est,

2141 1481 2190 1524 et
2225 1471 2476 1525 habitavit
2519 1472 2576 1524 in
2624 1472 2792 1536 nobis,
2827 1485 2948 1525 esse
2992 1475 3260 1534 testetur;
3304 1465 3400 1522 isti
3433 1462 3630 1518 callida
3653 1474 3722 1516 ac

2141 1563 2412 1618 malitiosa
2433 1562 2897 1640 {interpretatione
2936 1560 3367 1629 detorquentes,‘
3393 1556 3558 1610 alium
3591 1568 3721 1624 pro-

2143 1655 2402 1710 ductione
2426 1655 2637 1726 lingunt
2662 1655 2960 1726 Unigenam
2991 1651 3284 1713 exstitisse,
3317 1646 3464 1718 quod
3491 1654 3546 1701 et
3563 1643 3724 1699 Prin-

2143 1748 2348 1818 cipium
2379 1756 2597 1812 vocant,
2628 1747 2797 1801 alium
2851 1746 3218 1807 Salvatorem,
3277 1739 3423 1794 aliud
3481 1736 3716 1792 Verbum

463 1831 635 1899 Λόγον
680 1833 794 1886 υἱὸν
827 1834 919 1886 τοῦ
949 1836 1311 1903 Μονογενοῦς,
1359 1837 1454 1890 xai.
1495 1836 1654 1891 ἄλλον
1683 1837 1774 1890 τὸν
1806 1837 2041 1908 Χριστὸν

2149 1838 2405 1909 Unigenae
2453 1838 2646 1904 ﬁlium,
2677 1837 2843 1891 alium
2873 1835 3156 1892 Christum
3205 1827 3514 1901 corrigendi
3551 1840 3720 1882 causa

463 1924 544 1985 είς
589 1924 959 1996 ἐπανόρθωσιν
1003 1927 1096 1980 τοῦ
1149 1927 1521 1999 Πληρώματος
1577 1928 2038 2000 προϐεϐλημένον.

462 2013 574 2066 Καὶ
623 2012 680 2066 ἓν
730 2014 960 2070 ἕκαστον
1014 2018 1122 2073 τῶν
1172 2019 1478 2090 εἰρημένων
1521 2019 1751 2092 ἄραντες
1801 2020 1908 2074 ἀπὸ
1943 2019 2044 2090 τῆς

463 2103 742 2174 ἀληθείας,
797 2109 1273 2180 καταχρησάμενοι
1321 2113 1434 2174 τοῖς
1480 2112 1757 2182 ὀνόμασιν,
1815 2112 1894 2174 εἰς
1945 2111 2042 2183 τὴν

466 2195 605 2250 ἰδίαν
660 2196 917 2252 ὑπόθεσιν
973 2202 1332 2270 μετήνεγκαν.
1369 2202 1529 2254 Ὥστε
1586 2203 1706 2256 κατ’
1762 2203 1955 2266 αὐτοὺς
1985 2205 2043 2257 ὲν

464 2291 576 2351 τοῖς
604 2288 876 2353 τοσούτοις
905 2291 995 2344 τὸν
1038 2292 1290 2364 Ἰωάννην
1323 2293 1418 2346 τοῦ
1454 2295 1657 2366 Κυρίου
1703 2295 1875 2366 Ἰησοῦ
1911 2297 2044 2366 Χρι-

467 2377 594 2431 στοῦ
627 2381 814 2449 μνείαν
847 2384 862 2412 ¹
901 2384 1188 2437 ποιεῖσθαι.
1221 2386 1282 2437 Εἰ
1315 2385 1422 2458 γὰρ
1455 2387 1674 2458 Πατέρα
1706 2387 1915 2458 εἴρηκε,
1950 2388 2043 2440 καὶ

468 2467 661 2539 Χάριν,
716 2471 810 2523 καὶ
860 2473 1160 2545 Μονογενῆ,
1212 2477 1306 2530 καὶ
1371 2476 1673 2546 Ἀλήθειαν,
1707 2478 1802 2530 καὶ
1849 2477 2041 2547 Λόγον,

465 2560 560 2612 καὶ
593 2560 764 2632 Ζωὴν,
823 2564 918 2615 καὶ
974 2565 1314 2637 Ἄνθρωπον,
1370 2570 1466 2621 καὶ
1509 2568 1852 2640 Ἐκκλησίαν,
1904 2571 2045 2625 κατὰ

465 2653 564 2722 τὴν
597 2653 822 2707 ἐκείνων
871 2655 1146 2721 ὑπόθεσιν,
1177 2659 1304 2729 περὶ
1354 2660 1454 2730 τῆς
1501 2660 1724 2732 πρώτης
1763 2660 2045 2730 Ὀγδοὰδος

467 2743 723 2814 εἴρηκεν,
773 2747 830 2798 ὲν
883 2741 915 2818 ᾖ
964 2747 1174 2801 οὐδέπω
1215 2750 1441 2820 Ἰησοῦς,
1491 2752 1702 2805 οὐδέπω
1749 2753 1980 2822 Χριστὸς
2017 2756 2046 2808 6

465 2836 559 2887 τοῦ
603 2837 848 2890 Ἰωάννου
889 2839 1222 2904 διδάσκαλος.
1259 2844 1378 2895 Ὅτι
1411 2843 1466 2895 δὲ
1493 2845 1554 2896 οὐ
1589 2846 1716 2916 περὶ
1747 2844 1854 2898 τῶν
1887 2846 2048 2911 συζυ-

467 2926 602 2995 γιῶν
631 2929 809 2983 αὐτῶν
842 2932 870 2982 6
930 2932 1249 2997 Ἀπόστολος
1295 2934 1537 3006 εἴρηκεν,
1590 2937 1726 2990 ἀλλὰ
1778 2939 1902 3010 περὶ
1951 2938 2045 2992 τοῦ

468 3019 675 3088 Κυρίου
727 3021 883 3091 ἡμῶν
945 3023 1120 3092 Ἰησοῦ
1173 3025 1431 3093 Χριστοῦ,
1479 3026 1536 3078 ὃν
1597 3027 1692 3079 καὶ
1729 3027 1902 3097 Λόγον
1938 3025 2046 3082 οἶδε

2143 1929 2467 1987 Pleromatis
2495 1937 2769 1985 exortum.
2826 1926 3029 1998 Sicque
3077 1939 3267 1982 eorum
3311 1937 3433 1993 quae
3462 1920 3720 1975 dicuntur

2145 2023 2358 2093 singula
2402 2038 2434 2076 a
2471 2022 2703 2077 veritate
2750 2026 3090 2092 prementes,
3141 2032 3206 2071 ae
3251 2014 3566 2070 nominibus
3623 2011 3719 2064 ab—

2145 2122 2380 2181 utentes,
2413 2115 2480 2169 ad
2525 2130 2684 2170 usum
2725 2129 2885 2168 suum
2907 2112 3326 2183 opinionemque
3355 2106 3717 2162 transferunt.

2144 2203 2220 2257 Ex
2261 2221 2368 2273 qua
2420 2204 2638 2258 illorum
2693 2203 2964 2258 sententia
2999 2201 3270 2270 sequitur,
3303 2204 3385 2251 tot
3435 2196 3489 2250 in
3535 2192 3718 2248 verbis

2142 2295 2407 2351 Joannem
2457 2293 2587 2350 Jesu
2639 2294 2845 2349 Christi
2897 2293 3233 2348 mentionem
3268 2305 3335 2344 ne
3369 2289 3547 2343 littera
3598 2283 3722 2355 qui-

2144 2389 2266 2443 dem
2325 2388 2592 2458 attigisse.
2648 2386 2801 2441 Licet
2851 2387 2997 2441 enim
3044 2384 3261 2440 Patrem
3312 2379 3629 2441 nominarit,
3665 2381 3720 2432 et

2145 2479 2411 2544 Gratiam,
2453 2477 2824 2548 Unigenitum,
2875 2485 2930 2532 et
2974 2474 3292 2541 Veritatem,
3339 2487 3404 2526 ac
3455 2469 3716 2532 Verbum.

2145 2569 2348 2632 Vitam,
2381 2568 2668 2624 Hominem
2723 2580 2776 2623 et
2810 2566 3149 2634 Ecelesiam;
3207 2566 3322 2619 haec
3373 2563 3451 2617 illi
3493 2564 3719 2615 censent

2145 2661 2211 2716 de
2249 2663 2423 2732 prima
2457 2660 2716 2730 Ogdoade
2751 2675 2872 2715 esse
2897 2658 3042 2712 dicta
3074 2678 3087 2714 :
3131 2657 3185 2712 in
3219 2671 3326 2728 qua
3357 2653 3596 2710 nondum
3627 2648 3719 2705 Je-

2147 2767 2260 2817 sus,
2298 2751 2540 2806 nondum
2569 2750 2822 2806 Christus
2849 2748 3082 2804 Joannis
3104 2748 3364 2818 magister
3384 2743 3715 2800 continetur.

2146 2843 2347 2900 Verum
2380 2844 2539 2914 longe
2568 2844 2761 2898 abesse
2793 2851 2853 2897 ut
2887 2843 2952 2897 de
2981 2841 3253 2911 conjugiis
3288 2839 3396 2893 illis
3423 2835 3719 2907 Apostolus

2147 2939 2297 3009 loqui
2342 2938 2596 3003 voluerit,
2629 2936 2804 3008 deque
2846 2935 3066 2991 Christo
3114 2933 3242 2988 Jesu
3278 2931 3506 2986 Domino
3533 2936 3721 2983 nostro

2149 3029 2561 3098 intelligendum
2591 3043 2734 3092 esse,
2759 3025 2904 3096 quod
2934 3033 2988 3080 ct
3020 3024 3258 3079 Verbum
3289 3022 3421 3077 solet
3451 3018 3723 3088 appellare
3768 3095 3774 3101 _

467 3109 560 3162 τοῦ
599 3111 758 3178 Θεοῦ,
798 3114 959 3178 αὐτὸς
998 3116 1262 3187 πεποίηκε
1298 3119 1546 3188 φανερόν.
1589 3120 2042 3190 Ἀνακεφαλαιούσ

2151 3119 2268 3186 Dei,
2313 3135 2423 3174 non
2475 3120 2706 3173 obscure
2754 3118 2870 3186 ipse
2908 3116 3174 3186 declarat.
3228 3110 3440 3166 Etenim
3483 3123 3607 3163 cum
3656 3108 3723 3163 de

472 3219 632 3272 μενος
674 3204 784 3274 γὰρ
837 3207 964 3278 περὶ
996 3208 1088 3260 τοῦ
1123 3209 1414 3279 εἰρημένου
1459 3210 1606 3281 αὐτῷ
1650 3213 1761 3265 ἄνω
1809 3217 1866 3266 ἐν
1899 3217 2042 3289 ἀρχῇ

469 3290 628 3361 λόγου
682 3296 1048 3367 ἐττεξηγείται⁹
1101 3299 1211 3352 Καὶ
1259 3303 1292 3353 ό
1347 3301 1539 3370 Λόγος
1587 3302 1743 3370 σὰρξ
1787 3305 2044 3374 ἐγένετο,

472 3386 572 3438 καὶ
621 3387 977 3456 ἐσκήνωσεν
1031 3392 1101 3443 ἐκ
1146 3391 1308 3460 ἡμῖν.
1362 3393 1518 3446 Κατὰ
1563 3393 1618 3447 δὲ
1671 3395 1769 3467 τὴν
1822 3397 2047 3452 ἐκείνων

471 3476 726 3530 ὑπόθεσιν
757 3480 854 3549 οὐχ
887 3482 914 3532 6
942 3481 1111 3548 Λόγος
1146 3482 1282 3554 σὰρξ
1318 3484 1551 3550 ἐγένετο,
1584 3487 1643 3548 ὃς
1670 3503 1734 3554 γε
1773 3487 1890 3540 οὐδὲ
1917 3486 2047 3559 ἦλθέ

472 3585 602 3620 ποτε
637 3570 791 3634 ἐκτὸς
829 3571 1221 3643 Πληρώματος,
1256 3574 1391 3629 ἀλλὰ
1417 3577 1443 3627 ὁ
1471 3576 1569 3647 τῆς
1598 3578 1911 3650 οἰκονομίας
1949 3597 2049 3650 με-

469 3661 858 3732 ταγενέστερος
903 3661 996 3714 τοῦ
1032 3663 1206 3732 Λόγου
1244 3666 1455 3735 Σωτήρ.

541 3842 671 3896 ΚΘ¹.
712 3843 929 3897 Μὰθετε
959 3841 1072 3909 οῦν,
1101 3844 1340 3916 ἀνόητοι,
1387 3847 1592 3917 Ἰησοῦς
1617 3848 1645 3900 6
1675 3846 1862 3901 παθὼν
1909 3846 2050 3918 ὑπὲρ

471 3934 652 4004 ἡμῶν,
687 3936 715 3987 6
750 3937 1179 4007 κατασκηνώσας
1200 3940 1256 3990 ἐν
1289 3941 1441 4008 ἡμῖν,
1474 3933 1627 4002 οὗτος
1658 3939 1817 4002 αὐτός
1849 3939 1997 3992 ἐστιν
2024 3939 2052 3992 ὁ

472 4024 643 4093 Λόγος
671 4025 765 4078 τοῦ
797 4026 953 4082 Θεοῦ.
1007 4027 1068 4081 Εἰ
1100 4029 1198 4099 μὲν
1240 4031 1344 4103 γὰρ
1390 4031 1546 4096 ἄλλος
1578 4051 1660 4095 τις
1691 4033 1800 4087 τῶν
1831 4032 2051 4087 Λίώνων

475 4118 616 4188 ὑπὲρ
648 4121 746 4189 τῆς
769 4119 931 4190 -ἡμῶν
961 4121 1140 4179 αὐτῶν
1172 4125 1444 4196 σωτηρίας
1476 4124 1614 4196 σὰρξ
1633 4126 1867 4192 ἐγένετο,
1905 4126 2052 4190 εἰκὸς

473 4205 542 4280 ἦν
574 4211 704 4280 περὶ
755 4211 914 4265 ἄλλου
969 4215 1245 4285 εἰρηκέναι
1289 4216 1379 4270 τὸν
1433 4217 1784 4270 Ἀπόστολον·
1843 4218 1892 4270 εί
1939 4218 1994 4271 δὲ
2023 4221 2052 4272 6

475 4303 648 4371 Λόγος
674 4305 702 4357 6
729 4303 824 4356 τοῦ
873 4306 1085 4377 Πατρὸς
1129 4308 1157 4359 6
1197 4308 1462 4372 καταϐὰς,
1515 4310 1677 4373 αὐτός
1725 4312 1841 4364 ἐστι
1887 4312 1982 4364 καὶ
2025 4313 2054 4364 6

476 4397 701 4462 ἀναϐὰς,
735 4400 763 4451 ό
793 4397 884 4451 τοῦ
922 4399 1085 4469 μόνου
1114 4399 1248 4454 Θεοῦ
1280 4400 1572 4471 μονογενὴς
1604 4402 1730 4465 Υἱὸς
1776 4403 1915 4456 κατὰ
1955 4404 2053 4473 τὴν

475 4489 570 4542 τοῦ
600 4489 811 4559 Πατρὸς
849 4490 1096 4544 εὐδοκίαν
1132 4491 1432 4562 σαρκωθεὶς
1462 4493 1602 4564 ὑπὲρ
1641 4493 1961 4563 ἀνθρώπων,
1990 4495 2048 4547 οὐ

477 4581 606 4652 περὶ
653 4580 810 4634 ἄλλου
844 4581 1023 4644 τινὸς,
1071 4581 1189 4633 οὐδὲ
1240 4582 1367 4652 περὶ
1428 4581 1709 4650 Ὀγδοὰδος
1752 4583 1842 4634 τὸν
1894 4583 2050 4652 λόγον

477 4672 866 4742 ἐμπεποίηται,
902 4672 1015 4724 ἀλλ’
1055 4673 1087 4742 ἣ
1139 4674 1386 4743 περὶτοῦ
1439 4674 1646 4744 Κυρίου
1709 4674 1880 4744 Ἰησοῦ
1915 4677 2050 4746 Χρι-

479 4765 624 4818 στοῦ.
685 4764 817 4817 Οὐδὲ
867 4763 975 4833 γὰρ
1007 4766 1036 4816 6
1078 4764 1246 4832 Λόγος
1296 4765 1414 4817 κατ’
1471 4765 1665 4828 αὐτοὺς
1710 4767 2053 4836 προηγουμέ-

478 4877 583 4924 νως
631 4857 767 4930 σὰρξ
814 4859 1025 4927 γέγονε.
1073 4857 1303 4925 Λέγουσι
1336 4858 1392 4910 δὲ
1430 4858 1519 4911 τὸν
1567 4859 1794 4930 Σωτῆρα
1827 4859 2052 4912 ἐνδυσα-

481 4952 605 5006 σθαι
633 4951 793 5022 σῶμα
816 4949 1044 5018 ψυχικὸν
1068 4949 1132 5000 ὲκ
1154 4949 1252 5016 τῆς
1280 4949 1590 5018 οἰκονομίας
1617 4951 2055 5022 κατεσκευασμέ-

480 5058 568 5093 νον
597 5042 819 5114 ἀῤῥήτῳ
853 5037 1099 5109 προνοίᾳ,
1139 5037 1274 5106 πρὸς
1305 5038 1367 5090 τὸ
1410 5038 1600 5108 ὁρατὸν
1642 5039 1915 5106 γενέσθαι,
1965 5042 2058 5093 καὶ

479 5131 820 5202 φηλαφητόν.
856 5129 1000 5200 Σὰρξ
1024 5131 1080 5184 δέ
1111 5131 1256 5183 ἐστιν
1287 5131 1319 5199 ἡ
1352 5129 1551 5200 ἀρχαία
1579 5131 1642 5182 ὲκ
1669 5130 1761 5182 τοῦ
1792 5130 1888 5201 χοῦ
1915 5131 2057 5184 κατὰ

480 5225 572 5279 τὸν
611 5223 782 5294 Ἀδὰμ
811 5225 845 5292 ἡ
867 5223 1119 5291 γεγονυῖα
1150 5222 1348 5285 πλάσις
1383 5221 1487 5274 ὑπὸ
1515 5220 1610 5274 τοῦ
1643 5221 1799 5285 Θεοῦ,
1835 5225 1899 5292 ἢν
1925 5223 2057 5292 ἀλη-

483 5317 591 5380 θῶς
642 5316 926 5384 γεγονέναι
973 5316 1065 5368 τὸν
1131 5315 1300 5384 Λόγον
1360 5313 1455 5367 τοῦ
1518 5313 1652 5366 Θεοῦ
1714 5316 1981 5385 ἐμήνυσεν
2033 5318 2060 5369 6

496 5409 768 5477 Ἰωάννης.
825 5408 935 5461 Καὶ
981 5409 1199 5460 λέλυται
1251 5406 1430 5460 αὐτῶν
1463 5409 1496 5477 ή
1544 5405 1732 5476 πρώτη
1769 5406 1862 5458 καὶ
1896 5407 2061 5478 ἀρχέ-

484 5513 640 5564 γονος
682 5497 924 5565 Ὀγδοάς.
973 5498 1122 5561 Ἐνὺς
1155 5497 1262 5568 γὰρ
1289 5497 1381 5549 xei.
1410 5495 1502 5548 τοῦ
1529 5493 1693 5548 αὐτοῦ
1716 5494 2062 5565 δεικνυμένου

2154 3208 2328 3264 Verbo
2381 3209 2496 3273 illo,
2531 3207 2678 3279 quod
2707 3218 2865 3261 antea
2893 3207 2948 3260 in
2989 3202 3259 3275 principio
3291 3200 3460 3255 fuisse
3490 3198 3722 3264 dixerat,

2149 3298 2463 3355 summatim
2527 3298 2805 3367 disputata
2853 3296 3164 3365 colligeret,
3232 3292 3303 3346 ita
3368 3289 3725 3360 pronuntiare

2148 3390 2359 3460 pergit:
2396 3387 2462 3443 Et
2509 3387 2728 3442 Verbum
2763 3402 2888 3440 caro
2920 3385 3121 3454 factum
3163 3391 3263 3447 est,
3294 3393 3338 3437 et
3369 3380 3623 3433 habitavit
3667 3378 3724 3430 in

2149 3480 2317 3534 nobis.
2350 3481 2419 3534 At
2450 3479 2678 3534 istorum
2705 3477 2963 3548 opinione
2998 3473 3237 3528 Verbum
3279 3487 3455 3541 neque
3487 3484 3618 3524 caro
3647 3467 3727 3522 fa-

2149 3579 2298 3626 ctum
2326 3579 2433 3636 est,
2485 3586 2664 3640 neque
2709 3584 2949 3640 unquam
3007 3582 3037 3620 a
3090 3565 3395 3620 Pleromate
3446 3559 3723 3623 discessit,

2152 3661 2247 3718 sed
2273 3661 2525 3717 Salvator
2549 3662 2774 3732 quidam
2800 3661 2942 3714 alius
2967 3657 3325 3730 procuranda:
3342 3669 3509 3710 causa
3532 3651 3725 3708 salutis

2150 3756 2353 3818 editus,
2387 3754 2676 3824 Verboque
2707 3755 2995 3809 recentior.

2220 3845 2416 3899 XXIX.
2480 3844 2848 3911 Quamobrem
2883 3843 3077 3898 discite
3137 3840 3356 3896 tandem
3411 3835 3724 3908 aliquando,
3824 3872 3828 3875 »

2152 3938 2338 3995 stulti!
2376 3938 2570 3993 discite
2613 3936 2800 3992 Jesum
2836 3937 2987 3990 illum
3037 3936 3131 4005 qui
3181 3942 3370 3988 nostra
3404 3945 3569 3986 causa
3600 3945 3728 4000 pas-
3776 3941 3784 3952 ‘

2153 4047 2249 4087 sus
2283 4037 2388 4096 est,
2434 4031 2529 4100 qui
2576 4029 2840 4083 habitavit
2870 4029 2923 4081 in
2959 4028 3137 4092 nobis,
3173 4025 3423 4080 eumdem
3468 4021 3564 4076 Dei
3605 4037 3728 4076 esse

2156 4124 2416 4178 Verbum.
2463 4121 2597 4175 Nam
2631 4121 2676 4177 si
2706 4121 2844 4175 alius
2874 4135 2940 4174 ex
2989 4117 3224 4172 IEonum
3269 4130 3498 4169 numero
3533 4113 3726 4168 salutis

2153 4221 2354 4268 nostrae
2399 4213 2574 4281 gratia
2613 4226 2835 4265 carnem
2892 4208 3177 4270 induisset,
3224 4219 3438 4275 acquum
3491 4211 3610 4258 erat
3658 4201 3728 4257 de

2154 4287 2260 4358 alio
2289 4317 2506 4373 quoque
2537 4301 2867 4356 mentionem
2903 4299 2972 4352 ab
3007 4298 3266 4368 Apostolo
3295 4296 3431 4352 ﬁeri.
3468 4295 3564 4350 Sin
3584 4295 3727 4349 idem

2154 4396 2332 4450 Patris
2361 4393 2623 4457 Verbum,
2658 4393 2806 4463 quod
2841 4408 2871 4448 e
2901 4393 3042 4447 cmlo
3071 4391 3353 4460 delapsum
3381 4396 3485 4452 est,
3534 4387 3727 4442 eodem

2085 4485 2126 4538 Ι)
2158 4487 2492 4559 postliminio
2543 4486 2726 4551 rediit,
2768 4486 2952 4550 unius,
2979 4486 3220 4554 inquam,
3255 4483 3344 4537 ille
3388 4480 3482 4535 Dei
3530 4479 3727 4534 unicus

2155 4581 2327 4636 Filius
2357 4596 2424 4634 ex
2458 4579 2719 4633 benevolo
2763 4577 2940 4632 Patris
2987 4578 3183 4632 ati‘ectu
3230 4575 3508 4630 hominum
3559 4585 3728 4626 causa

2158 4687 2321 4727 carne
2351 4672 2606 4731 vestitus,
2659 4685 2766 4723 non
2803 4669 2869 4722 de
2905 4667 3011 4721 alio
3043 4666 3343 4738 quopiam,‘
3374 4681 3481 4718 non
3525 4664 3591 4718 de
3633 4663 3730 4716 illa

2155 4762 2344 4817 nescio
2376 4776 2482 4829 qua
2512 4758 2786 4828 Ogdoade,
2820 4757 2914 4813 sed
2958 4757 3028 4811 de
3069 4755 3198 4811 Jesu
3244 4756 3461 4809 Cnristo
3495 4753 3728 4807 Domino

2157 4862 2344 4908 nostro
2397 4866 2703 4907 sermonem
2748 4850 3009 4906 instituit.
3062 4847 3247 4918 Neque
3296 4849 3439 4902 enim
3486 4844 3726 4900 Verbum

2157 4946 2245 5000 isti
2298 4945 2572 5014 praecipue
2624 4949 2850 4998 censent
2901 4955 3122 4995 carnem
3167 4954 3290 4994 esse
3339 4937 3562 4991 factum.
3617 4934 3726 4990 Sed

2157 5037 2497 5091 Salvatorem
2531 5035 2714 5090 ferunt
2747 5035 2981 5088 animale
3021 5031 3294 5101 quoddam
3324 5029 3565 5082 induisse
3605 5042 3729 5081 cor-

2157 5144 2280 5198 pus,
2316 5127 2459 5197 quod
2493 5127 2870 5180 incarnatione
2914 5127 3029 5192 ipsa
3061 5119 3428 5190 Inexplieabili
3459 5119 3729 5189 sapientia

2159 5219 2522 5274 constitutum
2582 5224 2688 5283 est,
2725 5224 2784 5270 ut
2829 5215 3001 5270 videri
3041 5215 3476 5280 contreetarique
3523 5219 3728 5280 possm.

2158 5312 2426 5366 Czeterum
2462 5326 2593 5366 caro
2639 5317 2794 5364 vetus
2823 5309 2954 5362 illud
2986 5322 3123 5377 opus
3177 5304 3273 5360 Dei
3321 5319 3426 5367 εει,
3455 5304 3570 5373 jam
3617 5309 3732 5356 tum

2161 5403 2228 5457 ab
2276 5401 2470 5454 Adami
2525 5400 2861 5469 temporibus
2907 5413 2972 5452 ex
3025 5398 3190 5450 humo
3235 5395 3527 5448 formatum
3569 5408 3731 5462 quam

2166 5494 2257 5549 Dei
2293 5494 2526 5549 Verbum
2567 5492 2728 5562 200
2765 5490 2934 5545 fuisse
2963 5487 3247 5543 verissime
3271 5485 3508 5541 Joannes
3551 5481 3734 5554 prodi-

486 5588 684 5657 Λόγου,
721 5589 816 5640 καὶ
844 5588 1204 5658 Μονογενοῦς,
1256 5587 1351 5642 καὶ
1392 5587 1564 5657 Ζωῆς,
1611 5586 1705 5640 καὶ
1732 5587 1931 5653 Φωτὸς,
1972 5590 2047 5642 κα

2166 5587 2261 5642 dit.
2303 5586 2384 5641 lta
2428 5584 2603 5655 prima
2648 5584 2728 5638 111(
2746 5598 2864 5637 rum
2907 5590 2961 5637 et
3008 5579 3390 5650 antiquissima
3418 5575 3636 5648 Ogdoas
3679 5575 3733 5628 in

546 5773 570 5786 --
608 5741 766 5798 Deest
795 5740 876 5796 οὐ.
