4156 6358
433 311 528 370 5³1
1806 321 1864 375 s.
1905 316 2246 373 EPIPHANII

3581 313 3688 367 552

430 431 664 486 nihilum
698 431 913 487 recidit.
949 432 1218 500 Quoniam
1251 435 1394 488 enim
1424 435 1516 489 nni
1546 435 1833 506 eidemque
1877 451 2003 489 con-

2111 434 2383 504 Σωτῆρος,
2436 433 2528 486 καὶ
2562 431 2820 504 Χριστοῦ,
2859 431 2950 484 καὶ
2997 426 3124 480 Υἱοὺ
3175 426 3334 489 Θεοῦ,
3366 427 3460 481 καὶ
3493 427 3683 480 τούτου

428 522 614 576 venire
643 532 1006 578 monstratum
1040 533 1145 588 est,
1193 533 1251 578 ιιι
1285 533 1338 579 et
1369 524 1714 596 Unigenitus,
1761 536 1814 582 ct
1861 527 2002 590 Vita,

427 621 483 668 et
517 613 744 678 Lumen,
787 626 840 670 et
888 616 1160 680 Salvator,
1191 626 1247 672 et
1289 618 1562 683 Christus,
1597 628 1651 672 et
1698 619 1788 674 Dei
1837 618 2004 674 Filius

428 717 595 771 esset,
643 716 697 763 et
740 707 788 763 is
835 708 950 779 ipse
1003 718 1192 764 nostra
1241 726 1408 765 causa
1451 726 1672 766 carnem
1730 712 2001 773 indueret,

429 806 545 851 tota
590 800 680 856 illa
727 800 1002 870 Ogdoadis
1050 800 1231 855 fabula
1286 803 1496 872 dilapsa
1557 804 1828 858 concidet.
1885 802 2002 869 Qua

429 889 704 955 discussa,
736 893 1044 948 universam
1089 909 1249 948 ruere
1289 897 1494 965 pariter
1531 897 1844 966 dogmatnm
1883 897 2002 950 illo-

429 998 550 1036 rum
595 992 928 1039 structuram
966 1000 1192 1042 necesse
1235 995 1342 1051 est,
1385 1002 1548 1057 quam
1597 989 1674 1042 illi
1726 988 1830 1042 sibi
1860 989 2006 1044 velut

430 1089 527 1143 per
556 1075 831 1130 somnium
864 1076 1200 1147 ellingentes,
1226 1095 1413 1136 sacras
1433 1081 1667 1136 Litteras
1681 1082 2001 1151 depravant,

428 1165 555 1219 dum
585 1182 680 1223 eas
713 1167 780 1221 ad
811 1180 1188 1240 argumentum
1219 1187 1383 1226 suum
1421 1175 1836 1230 accommodare
1884 1185 2002 1230 stu—

426 1258 577 1312 dent.
631 1258 834 1316 Deinde
864 1277 1084 1330 sparsas
1130 1263 1419 1328 dictiones,
1469 1279 1533 1320 ac
1567 1266 1831 1321 vocabula
1879 1281 2004 1336 pas-

427 1350 536 1404 sim
570 1362 784 1420 reperta
812 1353 1156 1424 colligentes,
1200 1356 1270 1411 ab
1294 1357 1481 1412 nativo
1508 1373 1670 1412 sensu
1703 1365 1757 1412 et
1783 1359 2004 1428 proprio

428 1441 485 1495 in
543 1441 816 1507 alienum,
881 1451 942 1497 ut
1006 1444 1279 1512 diximus,
1335 1461 1434 1516 per
1480 1447 1589 1500 vim
1640 1446 1998 1502 transferunt.

426 1531 895 1597 Quemadmodum
958 1534 994 1588 ii
1050 1534 1286 1600 faciunt,
1338 1537 1430 1606 qui
1475 1537 1719 1607 qualibet
1777 1539 2003 1592 materia

425 1626 727 1694 proposita,
750 1626 1083 1697 depromptis
1111 1643 1178 1681 ex
1209 1627 1444 1684 llomero
1472 1630 1741 1693 versibus,
1771 1630 1851 1684 sic
1883 1645 2001 1684 eam

427 1724 666 1772 tractant
699 1728 863 1788 atque
884 1719 1186 1789 expoliunt,
1217 1729 1278 1773 ut
1313 1721 1581 1790 imperitis
1616 1722 1998 1791 persuadeant,

2107 524 2270 578 αὑτοῦ
2332 523 2709 596 σαρκωθέντος
2778 523 2918 593 ὑπὲρ
2965 520 3163 591 ἡμῶν.
3224 519 3441 573 λέλυται
3496 523 3529 591 ἡ
3588 521 3682 591 τῆς

2120 615 2396 683 Ὀγδοάδος
2446 617 2807 686 σκηνοπηγία.
2861 614 3072 686 Ταύτης
3115 615 3172 668 δὲ
3217 615 3539 686 λελυμένης,
3569 615 3686 668 δια-

2111 708 2400 761 πέπτωκεν
2430 709 2610 761 αὑτῶν
2642 711 2791 761 πᾶσα
2818 710 2850 778 ἠ
2885 708 3160 771 ὑπόθεσις,
3206 709 3272 779 ἢν
3299 708 3508 778 ψευδῶς
3548 709 3684 762 ὀνει-

2111 799 2404 873 ρώττοντες
2430 800 2824 870 κατατρέχουσι
2845 799 2952 852 τῶν
2978 800 3233 871 Γραφῶν.
3261 800 3397 853 ἰδίαν
3420 799 3676 852 ὑπόθεσιν

2105 892 2568 962 ἀναπλασάμενοι.
2610 893 2843 944 Ἔπειτα
2871 891 3046 957 λέξεις
3074 892 3169 944 καὶ
3207 891 3449 960 ὀνόματα
3479 893 3683 961 σπορά-

2105 987 2202 1057 δην
2231 986 2460 1055 κείμενα
2491 984 2860 1053 συλλέγοντες,
2908 985 3294 1055 μεταφέρουσι,
3327 982 3512 1045 καθὼς
3551 1001 3683 1053 προ-

2107 1078 2432 1148 ειρήκαμεν,
2467 1078 2531 1128 ἐκ
2573 1075 2668 1128 τοῦ
2712 1075 2853 1128 κατὰ
2884 1075 3045 1144 φύσιν
3092 1077 3172 1139 εἰς
3201 1075 3262 1127 τὸ
3307 1074 3456 1145 παρὰ
3490 1073 3683 1143 φύσιν

2105 1172 2266 1240 ὃμοια
2301 1168 2582 1231 ποιοῦντες
2606 1170 2720 1230 τοῖς
2759 1168 3043 1231 ὑποθέσεις
3071 1169 3168 1231 τὰς
3205 1168 3472 1238 τυχούσας
3504 1167 3688 1229 αὑτοῖς

2106 1260 2587 1334 προϐαλλομένοις,
2635 1260 2826 1313 ἔπειτα
2860 1260 3221 1332 πειρωμένοις
3265 1261 3329 1314 ἐκ
3372 1258 3482 1312 τῶν
3517 1259 3686 1329 Ὀμή-

2110 1369 2202 1423 ρου
2236 1349 2558 1421 ποιημάτων
2593 1350 2820 1420 μελετᾷν
2852 1350 3040 1413 αὑτὰς,
3072 1349 3214 1403 ὥστε
3251 1351 3375 1413 τοὺς
3405 1348 3687 1419 ἀπειροτέ-

2107 1457 2234 1514 ρους
2276 1443 2453 1496 δοκεῖν
2485 1445 2570 1495 ἐπ’
2601 1444 2816 1514 ἐκείνης
2846 1444 2945 1514 τῆς
2991 1443 3050 1508 ἐξ
3087 1443 3346 1511 ὑπογυίου
3383 1441 3683 1512 μεμελετη-

2108 1535 2275 1606 μένης
2307 1535 2617 1598 ὑποθέσεως
2644 1535 2890 1605 Ὅμηρον
2911 1535 2980 1587 τὰ
3027 1534 3133 1604 ἔπη
3161 1533 3540 1604 πεποιηκέναι,
3591 1531 3686 1585 καὶ

2105 1628 2335 1692 πολλοὺς
2370 1626 2810 1698 συναρπάζεσθαι
2855 1626 2943 1680 διὰ
2985 1626 3086 1696 τῆς
3120 1626 3227 1679 τῶν
3257 1625 3406 1678 ἐπῶν
3434 1623 3683 1677 συνθέτου

2105 1717 2444 1782 ἀκολουθίας,
2479 1722 2553 1791 μὴ
2578 1720 2686 1791 ἄρα
2713 1719 2865 1772 ταῦθ’
2889 1718 3058 1782 οὕτως
3082 1720 3326 1789 Ὄμηρος
3347 1717 3433 1788 εἴη
3461 1733 3685 1786 πεποιη-

425 1809 492 1863 de
520 1809 727 1863 recenti
756 1810 850 1863 illo
879 1826 980 1865 suo
1008 1820 1330 1882 argumento
1374 1811 1668 1866 Homerum
1717 1813 1822 1868 ista
1857 1814 2001 1867 ceci-

2109 1814 2253 1873 κώςο
2308 1809 2384 1872 ὡς
2431 1783 2594 1862 δ’τδν
2618 1783 2906 1880 ’Ἡρακλέα
2943 1808 3045 1863 ὑπὸ
3092 1783 3432 1878 Εὑρυσθέως-
3459 1807 3551 1858 ἐπὶ
3594 1783 3686 1857 τδν

424 1897 576 1953 nisse
607 1917 621 1952 :
663 1913 727 1953 ac
759 1899 1032 1971 plerisque
1077 1901 1248 1955 series
1279 1901 1396 1971 ipsa
1430 1902 1735 1955 carminum
1784 1917 1847 1957 ac
1873 1917 2003 1956 con-

424 1996 606 2043 textus
640 1988 904 2059 imponat,
935 1991 1092 2059 quasi
1129 1990 1245 2044 haec
1293 1991 1351 2043 in
1389 2006 1515 2046 eum
1547 1991 1767 2045 modum
1801 1991 2006 2047 fuerint

425 2083 495 2136 ab
526 2081 762 2137 Homero
800 2081 1030 2154 digesta.
1065 2082 1154 2138 Sic
1189 2084 1279 2139 ille
1319 2084 1506 2138 nescio
1538 2084 1684 2154 quis,
1735 2084 1826 2154 qui
1867 2083 2005 2140 Her-

413 2173 600 2228 ‘culem
635 2173 705 2228 ab
735 2171 1041 2243 Eurystheo
1069 2174 1134 2228 ad
1169 2174 1444 2230 infernum
1477 2191 1668 2230 canem
1712 2178 2004 2230 extrahen-

423 2264 553 2320 dum
611 2265 842 2321 missum
897 2265 1202 2322 Homericis
1250 2267 1499 2323 versibus
1567 2268 1639 2322 ita
1713 2267 2006 2338 descripsit

425 2354 583 2424 (nihil
629 2357 776 2410 enim
823 2358 1056 2425 exempli
1102 2359 1276 2428 gratia
1319 2358 1572 2428 prohibet
1616 2359 1720 2414 ista
1767 2374 2004 2414 comme-

426 2448 652 2515 morari,
673 2464 798 2504 cum
827 2465 923 2520 par
946 2449 1199 2522 idemque
1224 2452 1296 2506 sit
1327 2452 1610 2507 amborum
1629 2452 2000 2524 institutum):

426 2641 516 2714 §ic
544 2643 640 2709 ait,
677 2651 727 2696 et
757 2644 905 2697 tectis
933 2645 1308 2714 gemebundum
1342 2650 1567 2702 extrusit
1597 2654 1660 2702 ab
1693 2651 1817 2704 altis
1855 2653 1870 2682 ¹

426 2709 828 2786 {Ingnanimum
857 2709 1370 2786 Alcidenfactorum
1413 2719 1569 2772 laude
1590 2730 1848 2786 potentem
1883 2725 1903 2754 ¹

426 2781 690 2858 Perseida:
722 2783 1043 2854 Eurystheus
1073 2781 1303 2840 Stheneli
1325 2781 1626 2842 clarissima
1654 2793 1828 2858 proles
1861 2794 1880 2824 ³
1913 2813 1928 2855 -,

425 2851 800 2927 infernumut
834 2851 1051 2921 superas
1087 2859 1352 2911 custodem
1386 2861 1590 2927 efferret
1624 2851 1677 2913 in
1708 2879 1869 2916 auras
1901 2851 1922 2893 ‘

426 2922 568 2992 Ergo
598 2925 686 2977 ille
711 2925 998 2992 intrepidus
1023 2929 1264 2980 montani
1295 2922 1440 2981 more
1472 2930 1635 2983 leonis
1667 2932 1688 2962 ⁵

426 2991 564 3050 Urbe
595 3011 752 3050 ruens
783 2991 914 3062 tota,
947 2998 1103 3050 sociis
1134 2999 1505 3053 comitantibus
1537 3000 1666 3056 ibat.

426 3128 582 3207 Hunc
599 3131 836 3207 juvenes,
884 3134 1157 3207 miserique
1189 3137 1354 3199 se'nes,
1393 3146 1655 3207 castwque
1685 3138 1873 3202 puella:
1899 3140 1920 3169 ⁸

425 3200 887 3275 I_)educun_t_longo
915 3200 1131 3274 gemitu,
1155 3223 1247 3259 ceu
1285 3217 1453 3261 morte
1483 3200 1774 3275 propinqua
1807 3209 1851 3261 ".

428 3273 556 3348 tum
584 3289 637 3324 se
665 3271 960 3348 Mercurius
981 3278 1235 3348 comitem
1265 3295 1382 3331 cum
1425 3271 1652 3332 Pallade
1675 3271 1853 3348 jungit
1883 3278 1929 3332 ⁸.

428 3340 603 3405 Quam
635 3359 739 3397 non
764 3343 990 3411 fraterni
1017 3361 1172 3400 casus
1200 3364 1438 3417 curwque
1460 3340 1692 3403 latebant
1722 3351 1766 3402 ’.

423 3521 595 3587 Quem
621 3538 731 3579 non
761 3523 1063 3593 simplicem
1111 3526 1446 3599 minimeque
1481 3531 1681 3585 malum
1729 3533 2004 3589 hominem

425 3626 616 3666 versus
644 3613 730 3668 isti
771 3613 1066 3682 decipiam,
1121 3625 1182 3670 ut
1211 3631 1303 3671 eos
1335 3619 1794 3686 quemadmodum
1831 3621 2002 3683 audit,

424 3699 492 3756 de
519 3701 622 3756 hoc
653 3712 976 3774 argumento
1011 3705 1078 3759 ab
1107 3703 1345 3760 Homero
1372 3707 1606 3777 scriptos
1636 3711 2007 3765 assentiatur?

424 3792 493 3846 At
531 3794 623 3864 qui
653 3794 874 3850 Homeri
909 3798 1145 3853 lectione
1179 3799 1341 3855 tritus
1369 3807 1475 3865 est,
1509 3800 1678 3861 ,facile
1711 3803 1815 3857 ista
1844 3804 2000 3872 201

422 3885 734 3955 discernet;
819 3904 917 3943 nec
1002 3890 1274 3960 ignorabit
1381 3892 1574 3946 horum
1660 3895 1855 3964 partim
1938 3896 2006 3951 de

427 3977 620 4049 Ulysse
664 3978 832 4045 dicta,
881 3984 1077 4050 partim
1113 3982 1180 4037 de
1213 3981 1466 4049 Hercule,
1518 3985 1709 4054 partim
1749 3986 1814 4040 ad
1847 3985 2005 4040 Pria-

424 4084 595 4134 mum,
629 4070 822 4139 partim
853 4070 920 4123 ad
954 4069 1254 4125 Menelaum
1307 4080 1361 4125 et
1392 4073 1852 4143 Agamemnonem
1882 4093 2006 4146 per-

424 4161 620 4216 tinere.
652 4159 862 4226 Quibus
897 4162 1025 4217 inde
1058 4163 1339 4218 translatis
1392 4180 1455 4219 ac
1499 4181 1599 4220 suo
1626 4167 1746 4222 loco
1777 4169 2004 4223 restitu-

425 4248 519 4313 tis,
568 4257 743 4303 totum
784 4251 914 4304 illud
956 4265 1094 4320 opus
1147 4252 1430 4308 dissolvet.
1482 4252 1574 4308 Sic
1616 4257 1865 4321 omnino,
1910 4258 2002 4328 qui

428 4337 670 4392 veritatis
721 4340 962 4408 regulam
1024 4349 1276 4395 neutram
1331 4342 1388 4396 in
1449 4351 1658 4413 partem
1717 4344 2002 4410 inﬂexam,

426 4444 590 4498 quam
621 4431 675 4482 in
707 4429 981 4499 baptismo
1017 4434 1313 4503 acceperit,
1351 4435 1495 4504 apud
1539 4451 1598 4490 se
1624 4437 1876 4500 retineat,
1911 4437 2006 4490 de-

428 4529 676 4589 prompta
719 4521 892 4575 sacris
913 4537 943 4575 e
975 4520 1194 4577 Litteris
1225 4525 1511 4588 vocabula,
1541 4540 1604 4578 ac
1633 4526 1922 4588 dictiones,
1952 4535 2006 4580 et

428 4611 718 4681 parabolas
755 4621 1052 4683 agnoscat;
1104 4616 1563 4670 contumeliosum
1614 4616 1718 4670 hoc
1776 4634 1904 4673 vero
1951 4620 2006 4672 in

2107 1898 2267 1970 ἐντῷ
2297 1899 2437 1972 ’ᾏδῃ
2489 1898 2626 1952 κύνα
2678 1899 3032 1970 πεμπόμενον
3072 1898 3160 1952 διὰ
3204 1899 3314 1953 τῶν
3374 1897 3684 1968 Ὁμηρικῶν

2109 1992 2306 2062 στίχων
2361 1991 2588 2062 γράφων
2655 1990 2829 2054 οὕτως
2872 1991 3042 2059 (οὑδέν
3098 1991 3206 2062 γὰρ
3261 1989 3458 2043 κωλύει
3506 2005 3685 2059 παρα-

2105 2083 2396 2154 δείγματος
2443 2084 2603 2156 χάριν
2632 2082 3038 2154 ἐπιμνησθῆναι
3083 2084 3178 2136 καὶ
3226 2081 3452 2145 τούτων,
3496 2080 3686 2150 ὁμοίας

2109 2176 2202 2228 καὶ
2258 2176 2358 2246 τῆς
2414 2176 2586 2247 αὑτῆς
2647 2173 2816 2244 οὑσης
2873 2176 3269 2248 ἐπιχειρήσεως
3332 2176 3444 2239 τοῖς
3510 2174 3686 2244 ἀμφο-

2107 2266 2305 2338 τέροις)
2326 2283 2340 2297 ·

2112 2654 2212 2717 Ὦς
2245 2651 2448 2715 εἰπὼν,
2493 2650 2807 2718 ἀπέπεμπε
2846 2649 3043 2717 δόμων
3079 2647 3275 2715 βαρέα
3301 2645 3687 2718 ,στενάχοντα

2107 2721 2253 2775 Φῶίν
2290 2721 2608 2788 Ἡρακλῆα,
2636 2717 2916 2788 μεγάλων
2943 2717 3500 2788 ἐπιίστοραίιξργων,

2102 2786 2472 2858 Εὐρυσθεὺς,
2506 2786 2820 2844 Σθενέλοιο
2853 2789 2993 2852 πάϊς
3020 2786 3394 2858 Περσηιᾴδαο

2119 2854 2218 2925 Ἐξ
2262 2854 2517 2929 Ὲιμιέίτεος
2550 2861 2772 2924 ἄξοντα
2805 2861 2959 2912 κύνα
2994 2854 3287 2929 στυγεροῦ
3329 2854 3542 2929 ἶΑΐὸαο.

2108 2922 2266 3008 θῆρ’
2299 2922 2449 3008 ἦμεν,
2468 2922 2621 3008 ὥστε
2637 2930 2795 3008 λέων
2811 2922 3194 3008 ὀρεσίτροφος
3211 2926 3348 3008 ei.“le
3372 2922 3684 3008 πεποιθὼς,

2105 2996 2500 3070 Καρπαλίμως
2545 3003 2662 3054 ἀνὰ
2711 3000 2900 3064 ἄστυ,
2953 3001 3115 3068 φίλοι
3143 2997 3195 3049 δ’
3230 2998 3271 3027 ¹⁰
3308 2996 3688 3134 ἁῖεὶππάέτες

3379 3084 3407 3118 ε
3456 3082 3559 3116 ore
3600 3103 3614 3125 ,

2031 3152 2071 3207 C
2106 3145 2344 3212 Νύμφαι
2380 3145 2428 3194 τ’
2466 3141 2654 3209 ἠΐθεοι
2692 3158 2776 3204 τε,
2810 3138 3179 3212 πολύτλητοί
3216 3154 3279 3212 te
3321 3136 3614 3212 repet-rec,

2113 3205 2304 3280 Οἴᾶιίο
2350 3205 2807 3280 ὀλοφυρόμενοι.
2855 3210 2995 3288 ὡσεί
3046 3207 3304 3284 (mirata?
3351 3223 3414 3258 τε
3445 3205 3684 3288 μειοῖ-τα.

2120 3276 2396 3356 Ἑρμείας.
2426 3276 2478 3334 6³
2519 3276 2870 3356 ἀπέπεμπεν
3043 3276 3417 3356 γλαυκῶπις.
3445 3276 3683 3352 Ἀθήῖη.

2112 3347 2288 3424 ’ῌῧεε
2337 3347 2449 3422 γξὰρ
2502 3354 2650 3406 κατὰ
2694 3347 2883 3420 θυμὸν
2926 3347 3225 3416 ἀδελφεὸν
3268 3348 3347 3411 ὡς
3393 3347 3684 3398 ἐπονεῖτο.

2107 3527 2202 3590 Τίς
2226 3528 2325 3580 οὐκ
2356 3525 2422 3579 ἂν
2455 3525 2561 3579 τῶν
2610 3525 2970 3596 ἀπανούργων
3017 3520 3388 3594 συναρπαγείη
3441 3519 3546 3572 ὑπὸ
3578 3516 3689 3573 τῶν

2108 3617 2254 3671 ἐπῶν
2296 3619 2526 3684 τούτων,
2574 3618 2666 3670 καὶ
2715 3617 2988 3686 νομίσειεν
3033 3615 3206 3678 οὕτως
3261 3614 3399 3667 αὑτὰ
3441 3613 3690 3681 ’Όμηρον

2107 3711 2199 3761 ἐπὶ
2232 3709 2434 3780 ταύτης
2472 3710 2571 3780 τῆς
2612 3708 2922 3770 ὑποθέσεως
2953 3706 3350 3778 πεποιηκέναι;
3417 3703 3473 3757 Ὀ
3507 3703 3548 3754 δ’
3591 3702 3690 3771 ἔμ-

2109 3816 2295 3869 πειρος
2351 3799 2453 3868 τῆς
2494 3799 2797 3868 Ὁμηρικῆς
2841 3796 3146 3858 ὑποθέσεως
3183 3793 3546 3862 ἐπιγνώσεται
3612 3792 3678 3854 ¹¹,

2107 3888 2284 3953 εἰδὼς,
2324 3890 2406 3941 ὅτι
2435 3889 2493 3940 τὸ
2523 3889 2620 3958 μέν
2679 3906 2729 3940 τι
2760 3887 2938 3942 αὑτῶν
2965 3891 3078 3940 ἐστι
3111 3887 3236 3956 περὶ
3280 3885 3579 3946 Ὀδυσσέως
3613 3884 3690 3935 εξ-

2111 3981 2363 4052 ρημένον,
2406 3979 2467 4033 τὸ
2505 3979 2561 4031 δὲ
2606 3980 2735 4051 περὶ
2786 3981 2948 4031 αὑτοῦ
3001 3978 3094 4031 τοῦ
3159 3977 3474 4048 Ἡρακλέος,
3527 3975 3589 4026 τὸ
3630 3975 3689 4027 δὲ

2109 4073 2238 4142 περὶ
2268 4072 2539 4142 Πριάμου,
2593 4071 2655 4123 τὸ
2687 4071 2743 4122 δὲ
2775 4072 2903 4141 περὶ
2953 4070 3228 4124 Μενελάου
3268 4069 3364 4122 καὶ
3409 4067 3688 4138 Ἀγαμέμ-

2108 4181 2276 4227 νονος.
2330 4165 2502 4234 Ἀρας
2531 4163 2588 4215 δέ
2637 4163 2798 4227 αὐτὰ,
2835 4165 2928 4215 καὶ
2971 4164 3028 4215 ἐν
3068 4164 3297 4216 ἕκαστον
3349 4160 3580 4222 ἀποδοὺς
3618 4161 3685 4229 τῇ

2111 4257 2216 4326 ἰδίᾳ
2244 4258 2287 4286 ¹¹
2321 4257 2562 4309 ἐκποδὼν
2588 4258 2800 4328 ποιήσει
2829 4258 2927 4326 τὴν
2967 4256 3239 4310 ὑπόθεσιν.
3278 4253 3436 4306 Οὕτω
3484 4253 3540 4305 δὲ
3595 4251 3690 4305 καὶ

2106 4351 2134 4402 ὁ
2167 4349 2258 4401 τὸν
2306 4349 2506 4402 κανόνα
2533 4348 2633 4418 τῆς
2673 4347 2931 4418 ἀληθείας
2984 4347 3174 4417 ἀκλινῆ
3235 4347 3290 4398 ἐν
3343 4343 3520 4413 ἐαυτῷ
3550 4360 3685 4395 κατ-

2110 4439 2270 4509 έχων,
2293 4439 2351 4491 ὂν
2378 4439 2465 4492 διὰ
2490 4439 2583 4492 τοῦ
2652 4439 2993 4509 απτίσματος
3027 4439 3234 4507 εἴληφε,
3256 4436 3324 4489 τὰ
3357 4436 3455 4507 μὲν
3485 4439 3548 4488 ἐκ
3577 4434 3685 4486 τῶν

2109 4531 2340 4603 Γρανρῶν
2367 4531 2628 4601 ὀνόματα,
2663 4530 2758 4583 καὶ
2797 4529 2894 4592 τὰς
2945 4529 3135 4595 λέξεις,
3169 4527 3261 4580 καὶ
3296 4527 3395 4588 τὰς
3443 4526 3687 4596 παραϐο-

2105 4623 2203 4686 λὰς
2233 4622 2618 4691 ἐπιγνώσεται,
2651 4622 2750 4692 τὴν
2775 4621 2831 4673 δέ
2875 4620 3195 4691 βλάσφημον
3261 4617 3516 4669 ὑπόθεσιν
3554 4614 3687 4667 ταύ-

427 4702 595 4757 Deum
646 4712 1026 4772 argumentum
1084 4705 1359 4774 repudiet,
1407 4715 1572 4774 atque
1619 4707 1674 4760 in
1711 4707 2003 4764 tesserulas

2106 4731 2203 4784 την
2241 4715 2342 4767 οὑκ
2370 4713 2748 4782 ἐπιγνώσεται.
2779 4713 2888 4765 Καὶ
2921 4713 3028 4784 γὰρ
3056 4713 3104 4764 εἰ
3137 4710 3236 4772 τὰς
3280 4709 3516 4780 ψηφῖδας
3547 4724 3689 4774 γνω-

427 4793 844 4857 animadvertet,
892 4811 1172 4864 nunquam
1210 4804 1269 4849 ut
1300 4796 1640 4866 vulpeculam
1692 4813 1790 4866 pro
1837 4799 2008 4870 impe-

428 4886 628 4941 ratoris
654 4885 826 4955 elligie
859 4887 1078 4941 obtrudi
1114 4888 1218 4944 sibi
1254 4889 1513 4958 patiatur.
1563 4888 1764 4943 Verum
1809 4907 2006 4944 unum-

428 4981 681 5051 quodque
712 4995 900 5034 eorum
933 4995 1053 5050 qua:
1081 4979 1226 5034 dicta
1252 4987 1381 5034 sunt
1406 4981 1587 5035 ordini
1623 4997 1722 5036 suo
1745 4982 1998 5049 reddens,

429 5088 491 5127 ac
535 5073 780 5127 veritatis
827 5073 976 5127 velut
1014 5073 1232 5143 corpori
1280 5073 1724 5138 accommodans,
1781 5075 1999 5129 illorum

429 5178 596 5232 nugas
624 5163 840 5233 detegat
873 5172 1037 5233 atque
1069 5163 1262 5220 inanes
1291 5180 1410 5220 esse
1439 5165 1797 5224 demonstret.

497 5250 665 5310 XXX.
701 5251 984 5309 Postremo
1005 5255 1132 5325 quia
1159 5255 1272 5326 jam
1308 5256 1455 5312 velut
1481 5257 1536 5311 in
1564 5274 1751 5325 scena,
1780 5268 2002 5330 peracto

2107 4807 2269 4876 ρίσει,
2301 4805 2439 4858 ἀλλὰ
2479 4807 2578 4876 τὴν
2609 4803 2868 4856 ἀλώπεκα
2894 4804 3014 4856 ἀντὶ
3044 4803 3141 4872 τῆς
3172 4800 3454 4871 βασιλικῆς
3480 4797 3686 4858 εἰκόνος

2109 4897 2171 4948 οὑ
2203 4894 2586 4964 παραδέξεται.
2626 4893 2722 4945 Ἓν
2746 4891 2976 4944 ἕκαστον
3004 4891 3061 4944 δέ
3081 4890 3188 4943 τῶν
3219 4888 3523 4959 εἰρημένων
3553 4887 3687 4938 ἁπο-

2109 4987 2230 5050 δοὺς
2273 4989 2339 5056 τῇ
2391 4984 2494 5055 ἰδίᾳ.
2527 4982 2699 5050 τάξει,
2743 4983 2837 5035 καὶ
2877 4982 3265 5053 προσαρμόσας
3312 4978 3390 5048 τῷ
3428 4978 3524 5048 τῆς
3557 4976 3687 5046 ἁλη-

2110 5080 2258 5142 θείας
2290 5077 2575 5148 σωματείῳ
2599 5076 2643 5107 "
2689 5072 2985 5145 γυμνὼσει,
3019 5075 3114 5127 καὶ
3153 5071 3521 5127 ἀνυπόστατον
3563 5072 3684 5121 ἐπισι

2105 5170 2266 5235 δείξει
2299 5169 2358 5222 τὸ
2386 5169 2610 5238 πλάσμα
2643 5165 2844 5220 αὐτῶν.

2179 5262 2256 5313 A'.
2299 5257 2516 5329 Ἐπειδὴ
2558 5257 2602 5288 ’⁸
2638 5258 2704 5327 τῇ
2737 5256 2910 5325 σκηνῇ
2940 5253 3113 5325 ταύτῃ
3147 5251 3258 5323 (8|)
3299 5249 3474 5303 λείπει
3503 5250 3684 5320 ήάπο-

497 5449 650 5523 [Ωιι.
685 5451 878 5523 x_,_76._
935 5454 955 5484 ⁸
980 5453 1080 5523 Od.
1105 5471 1164 5523 φ,
1191 5453 1281 5508 26.
1365 5455 1382 5488 ³
1410 5455 1479 5510 ll.
1514 5475 1567 5518 τ,
1603 5457 1724 5514 125.
1802 5460 1824 5491 ⁸
1850 5460 1901 5514 ll
1946 5460 1996 5522 θ,

2106 5458 2156 5512 8.
2230 5459 2252 5488 ι
2285 5455 2462 5520 οφζ,
2491 5457 2578 5511 15.
2657 5452 2801 5511 80a.
2831 5453 2997 5516 1,53.
3049 5452 3092 5523 j
3126 5447 3196 5502 Il.
3225 5447 3450 5523 9,3528.
3477 5443 3546 5523 ηε
3580 5442 3681 5523 οιιτ

431 5520 626 5601 52.295-
693 5519 822 5601 ζέ-
859 5521 908 5590 βν
931 5522 1056 5601 499·
1117 5512 1178 5555 ἠ’
1201 5523 1330 5601 lase-
1355 5525 1501 5601 διμοιι
1523 5512 1577 5601 -¹’¹
1610 5512 1749 5588 Ireni-
1783 5512 2003 5601 μὲῖτάῖ

2108 5571 2123 5592 ,
2145 5527 2242 5598 τὴν
2268 5529 2324 5580 δὲ
2352 5512 2604 5580 ὑπᾎθεσιν
2632 5527 2731 5579 οὐκ
2756 5512 2908 5592 ἐπιχ.
2965 5526 3006 5556 ¹²
3037 5522 3164 5577 For.
3195 5520 3262 5587 τῇ
3296 5518 3402 5587 ἰδία
3430 5515 3579 5581 τάξει
3604 5512 3681 5566 vel

433 5588 616 5658 Βίϐλῳ.
693 5589 738 5620 ⁸³
761 5588 886 5644 For.
921 5592 1153 5661 σώματι.
1229 5588 1456 5649 “‘Dee'st
1479 5597 1556 5649 δέ.

499 5765 613 5839 (81)
655 5770 892 5842 Ἐπειδή
918 5773 989 5842 τῇ
1025 5775 1226 5846 σκηνῇ
1274 5778 1479 5847 ταύτῃ.
1529 5777 1934 5848 Ἀπολύτρωσιν
1980 5777 2003 5838 ι]

2121 5771 2522 5842 redemptionem
2569 5788 2690 5830 esse
2719 5773 2888 5829 credit
2920 5771 3109 5830 Billius
3131 5811 3145 5838 ,
3192 5771 3259 5828 de
3291 5784 3398 5841 qua
3447 5767 3678 5823 lrcnaeus
