4156 6358
474 325 584 384 5‘53

1225 329 1598 388 ADVERSUS
1635 331 1980 388 HIERESES
2019 333 2045 387 Ι

2145 377 2148 388 .
2191 335 2234 388 ι.
2281 334 2447 391 TOM.
2488 334 2632 390 ll.—
2670 333 2950 391 IL’ERES.
2985 334 3175 390 χχχι.
3261 309 3276 325 ’

3644 336 3754 394 53ιᾶ

474 447 764 517 λύτρωσις,
819 447 906 502 ἶνα
953 464 1036 511 τις
1076 446 1165 501 τὸν
1211 453 1374 519 μῖμον
1414 451 1574 504 αὐτὸν
1616 450 1929 522 περαιώσας
1965 452 2045 505 τὸν.

2161 453 2360 506 fabulae
2411 451 2628 518 exodio,
2669 451 2977 507 dimittendi
3027 460 3241 521 tempus
3288 460 3395 514 est,
3433 451 3744 510 consultum

476 545 916 610 ἀνασκευάζονται
939 545 1096 612 λόγον
1127 548 1444 614 ἐπενεγκεῖν
1467 551 1509 608 ³,
1535 549 1716 612 καλῶς
1774 549 1919 620 ἔχειν
1963 552 2065 603 ὑπ-

475 635 746 706 ελάϐομεν
771 634 1033 699 ἐπιδεῖξαι
1057 635 1342 707 πρότερον,
1379 639 1438 690 ὲν
1465 632 1545 701 οἷς
1576 641 1623 691 οἱ
1646 639 1883 709 πατέρες
1912 641 2066 695 αὐτοὶ

475 727 627 780 τοῦδε
662 726 756 781 τοῦ
793 726 964 797 θυμοῦ
993 730 1013 760 ²
1047 727 1395 799 διαφέρονται
1421 730 1560 798 πρὸς
1592 730 1872 801 ἀλλήλους,
1897 733 1973 794 ὡς
2001 734 2064 784 ὲκ

471 805 746 890 διαφόρων
769 817 1097 888 πνευμάτων
1117 818 1216 887 τῆς
1240 818 1448 888 πλάνης
1463 819 1633 882 ὄντες.
1660 821 1768 872 Kui
1789 822 1852 872 ὲκ
1874 819 2061 872 τούτου

475 910 585 982 γὰρ
617 909 861 978 ἀκριϐῶς
897 911 1127 964 συνιδεῖν
1149 909 1322 976 ἔσται,
1347 913 1442 964 xui
1472 912 1576 982 πρὸ
1602 912 1702 982 τῆς
1735 913 2062 978 ἀποδείξεως

475 1001 698 1072 βεϐαίαν
715 1002 813 1072 τὴν
838 1000 944 1054 ὑπὸ
965 1002 1066 1071 τῆς
1109 1001 1436 1073 Ἐκκλησίας
1483 1005 1902 1076 κηρυσσομένην
1936 1006 2062 1076 ἀλή-

472 1094 646 1158 θειαν,
674 1093 769 1146 xui
802 1092 900 1164 τὴν
929 1092 1032 1146 ὑπὸ
1065 1091 1271 1145 τούτων
1295 1110 1649 1166 παραπεποιη
1659 1095 1827 1165 μένην
1857 1095 2060 1167 ψευδη-

470 1187 680 1258 γορίαν.
715 1187 780 1238 Ἦ
820 1185 919 1256 μὲν
946 1185 1055 1256 γάρ
1085 1185 1402 1256 Ἐκκλησία,
1435 1186 1635 1256 καίπερ
1657 1186 1777 1239 καθ’
1807 1187 1937 1258 ὅλης
1958 1188 2058 1259 τῆς

469 1278 794 1349 οἰκουμένης
824 1276 930 1340 ἓως
955 1276 1206 1347 περάτων
1233 1276 1332 1346 τῆς
1365 1277 1467 1344 γῆς
1487 1276 1882 1350 διεσπαρμένη,
1906 1279 2058 1350 παρά

467 1369 528 1422 δὲ
550 1369 658 1421 τῶν
700 1368 1012 1422 ἀποστόλων
1065 1369 1160 1422 καὶ
1191 1368 1301 1421 τῶν
1327 1368 1550 1421 ἐκείνων
1587 1369 1844 1440 μαθητῶν
1877 1388 2056 1442 παρα-

469 1461 711 1514 λαϐοῦσα
738 1461 836 1532 τὴν
863 1462 943 1524 είς
971 1460 1069 1514 ἕνα
1109 1461 1240 1514 Θεὸν
1282 1463 1504 1533 Πατέρα
1526 1462 1942 1534 παντοκράτορα
1965 1463 2056 1517 τὸν

470 1551 811 1622 πεποιηκότα
847 1550 948 1603 τὸν
991 1550 1218 1622 οὐρανὸν
1273 1551 1365 1603 xui
1410 1549 1507 1621 τὴν
1539 1550 1665 1619 γῆν,
1703 1550 1795 1602 xui
1835 1550 1933 1612 τὰς
1961 1550 2055 1602 θα-

466 1643 695 1706 λάσσας,
729 1643 826 1696 καὶ
859 1642 1037 1696 πάντα
1064 1641 1136 1695 τά
1165 1643 1224 1694 ὲν
1249 1642 1453 1706 αὐτοῖς,
1491 1643 1696 1708 πίστιν,
1728 1643 1821 1695 xui
1849 1644 1930 1704 εἰς
1958 1642 2054 1696 ἕνα

467 1734 702 1804 Χριστὸν
749 1733 956 1804 Ἰησοῦν
990 1733 1078 1787 τὸν
1121 1733 1252 1785 Υἱὸν
1289 1732 1383 1786 τοῦ
1413 1732 1547 1786 Θεοῦ
1574 1733 1665 1785 τὸν
1700 1733 2054 1804 σαρκωθέντα

466 1826 608 1897 ὑπὲρ
635 1825 736 1894 τῆς
760 1823 1035 1895 ἡμετέρας
1067 1823 1361 1894 σωτηρίας,
1407 1824 1501 1878 xui
1545 1824 1624 1887 είς
1651 1823 1872 1894 Πνεῦμα
1896 1824 2050 1892 ἅγιον

463 1918 526 1971 τὺ
552 1917 641 1971 διὰ
668 1917 778 1970 τῶν
809 1915 1105 1987 προφητῶν
1133 1915 1438 1988 κεκηρυχὸς
1464 1916 1564 1980 τὰς
1595 1916 1925 1986 οἰκονομίας,
1953 1918 2049 1970 xui

460 2011 564 2074 τὰς
593 2010 852 2074 ὲλεύσεις,
885 2009 980 2062 xui
1018 2009 1117 2079 τὴν
1143 2009 1208 2061 ὲκ
1240 2009 1511 2079 παρθένου
1548 2009 1822 2078 γέννησιν,
1863 2009 1958 2063 xui
1988 2009 2049 2062 τὸ

463 2102 656 2168 πάθος,
683 2104 777 2155 xui
801 2102 900 2172 τὴν
925 2101 1144 2171 ἔγερσιν
1177 2102 1241 2152 ἐκ
1263 2099 1495 2171 νεκρῶν,
1531 2102 1626 2154 xui
1657 2101 1756 2171 τὴν
1783 2101 2048 2172 ἓνσαρκον

459 2195 543 2256 είς
563 2195 687 2256 τοὺς
713 2193 976 2264 οὐρανοὺς
1005 2190 1267 2260 ἀνάληψιν
1293 2189 1393 2242 τοῦ
1424 2193 1614 2262 ὴγαπη
1623 2192 1784 2262 μένου
1809 2190 2046 2263 Χριστοῦ

473 2285 648 2356 Ἰησοῦ
671 2284 762 2338 τοῦ
805 2284 1009 2355 Κυρίου
1039 2283 1216 2354 ἡμῶν,
1244 2283 1340 2336 xui
1371 2283 1468 2353 τὴν
1491 2286 1554 2336 ὲκ
1573 2285 1681 2336 τῶν
1713 2283 1956 2354 οὐρανῶν
1989 2284 2046 2338 ἐν

458 2386 524 2454 τῇ
550 2382 675 2452 δόξῃ
707 2379 800 2434 τοῦ
835 2380 1046 2451 Πατρὸς
1080 2381 1382 2451 παρουσίαν
1417 2377 1603 2441 αὑτοῦ,
1640 2379 1732 2431 ἐπὶ
1752 2379 1810 2432 τὸ
1845 2381 2044 2432 ἀνακε-

459 2474 872 2546 φαλαιώσασθαι
894 2473 962 2526 τά
998 2474 1194 2537 πάντα,
1222 2474 1317 2527 xui
1338 2473 1637 2542 ἀναστῆσαι
1668 2474 1832 2525 πᾶσιν
1866 2473 2045 2544 σάρκα

459 2568 640 2638 πάσης
674 2566 1112 2637 ἀνθρωπότητος,
1156 2566 1243 2618 ἵνα
1288 2564 1510 2636 Χριστῷ
1539 2563 1716 2635 Ἰησοῦ
1745 2565 1821 2635 τῷ
1856 2565 2049 2636 Κυρίῳ,

456 2661 638 2734 ἡμῶν,
667 2662 760 2715 xui
779 2659 898 2730 Θεῷ
922 2661 1015 2713 xui
1044 2660 1257 2730 Σωτῆρι
1285 2660 1377 2712 xui
1410 2658 1619 2729 βασιλεῖ
1653 2659 1794 2712 κατά
1833 2659 1931 2729 τὴν
1955 2660 2047 2711 εὐι-

456 2755 641 2809 δοκίαν
700 2751 793 2806 τοῦ
847 2753 1060 2823 Πατρδς
1097 2750 1190 2804 τοῦ
1221 2753 1453 2824 ἀοράτου
1495 2749 1618 2804 πᾶν
1651 2753 1798 2820 γόνυ
1835 2750 2042 2819 κάμψῃ

363 2896 368 2899 .
455 2845 848 2912 ἐπουρανίων,
884 2843 982 2896 καὶ
1021 2843 1320 2913 ἐπιγείων,
1348 2843 1447 2895 καὶ
1486 2843 1917 2910 καταχθονίων,
1945 2843 2041 2897 καὶ

457 2938 626 2993 πᾶσα
658 2935 912 3002 γλῶσσα
961 2935 1478 3004 ἐξομολογήσηται
1510 2933 1692 2999 αὐτῷ,
1743 2936 1834 2987 xui
1861 2935 2040 3004 κρίσιν

456 3031 666 3083 δικαίαν
700 3033 756 3082 ὲν
787 3031 900 3091 τοῖς
933 3029 1068 3081 πᾶσι
1108 3029 1434 3097 ποιήσηται*
1472 3025 1541 3079 τὰ
1570 3026 1667 3096 μὲν
1696 3027 2041 3097 πνευματικὰ

455 3121 551 3192 τῆς
577 3119 861 3191 πονηρίας,
891 3121 983 3173 xui
1011 3119 1273 3188 ἀγγέλους
1301 3121 1428 3182 τοὺς
1453 3118 1926 3188 παραϐεϐηκότας,
1947 3121 2042 3172 xui

455 3215 513 3266 ἐν
535 3213 840 3284 ἀποστασία
867 3213 1182 3280 γεγονότας,
1234 3213 1327 3264 xui
1364 3211 1488 3274 τοὺς
1521 3211 1760 3276 ἀσεϐεῖς,
1797 3213 1889 3264 xui
1924 3211 2040 3265 ἀδί-

455 3323 603 3367 κους,
637 3305 732 3357 xui
779 3305 1034 3374 ἀνόμους,
1086 3303 1181 3357 xui
1213 3303 1566 3374 βλασφήμους
1593 3303 1702 3356 τῶν
1737 3302 2040 3375 ἀνθρώπων

453 3398 533 3460 εἰς
552 3397 612 3449 τὸ
639 3397 854 3449 αἰώνιον
877 3395 988 3466 πῦρ
1005 3395 1196 3466 πέμψῃ
1221 3411 1235 3425 ο
1255 3398 1367 3458 τοῖς
1391 3395 1446 3447 δὲ
1471 3394 1719 3458 δικαίοις,
1741 3396 1833 3448 καὶ
1850 3396 2037 3458 ὁσίοις,

455 3490 549 3541 xui
574 3488 671 3553 τάς
705 3487 925 3551 ὲντολάς
955 3485 1119 3540 αὐτοῦ
1162 3488 1516 3558 τετηρηκότι,
1545 3489 1641 3542 xui
1664 3490 1720 3540 ἐν
1752 3489 1818 3558 τῇ
1850 3489 2038 3558 ἀγάπῃ

453 3578 618 3631 αὑτοῦ
666 3577 1094 3648 διαμεμενηκόσι
1150 3580 1264 3639 τοῖς
1315 3577 1410 3630 ἀπ’
1459 3578 1657 3649 ἀρχῆς,
1707 3581 1819 3640 τοῖς
1858 3577 1916 3630 δὲ
1975 3581 2040 3631 ὲκ

456 3670 744 3738 μετανοίας
758 3671 778 3700 ³
797 3669 942 3733 ζωὴν
965 3667 1352 3739 χαρισάμενος,
1379 3668 1689 3739 ἀφθαρσίαν
1704 3668 1849 3740 δωρή
1859 3687 2038 3741 σηται,

453 3763 547 3815 xui
564 3761 721 3826 δόξαν
757 3760 982 3815 αἰωνίαν
1015 3762 1370 3833 περιποιήσῃ.

522 3937 646 3989 AA'.
681 3935 851 3990 Τοῦτο
877 3936 938 3988 τὸ
978 3936 1242 4008 κήρυγμα
1280 3934 1672 4006 παρειληφυῖα,
1711 3936 1806 3988 xui
1835 3935 2039 4006 ταύτην

452 4027 549 4099 τὴν
593 4027 795 4092 πίστιν,
830 4028 904 4091 ὡς
951 4027 1290 4100 προέφαμεν,
1325 4028 1359 4098 ἡ
1397 4027 1712 4097 Ἐκκλησία,
1742 4028 1945 4099 καίπερ
1979 4028 2037 4081 ἐν

450 4120 556 4190 ὅλῳ
572 4119 651 4190 τῷ
683 4120 871 4190 κόσμῳ
895 4120 1290 4190 διεσπαρμένη,
1335 4119 1614 4188 ἐπιμελῶς
1642 4120 1925 4190 φυλάσσει,
1961 4120 2038 4184 ὡς

451 4211 544 4264 ἐνα
580 4208 728 4264 οἷκον
753 4211 1000 4266 οἰκοῦσα·
1048 4214 1139 4264 xui
1181 4210 1384 4281 ὁμοίως
1416 4212 1660 4264 πιστεύει
1707 4213 1934 4276 τούτοις,
1962 4213 2037 4276 ὡς

453 4304 580 4376 μίαν
599 4305 777 4375 ψυχὴν
803 4305 896 4357 xui.
927 4303 1027 4375 τὴν
1047 4303 1213 4374 αὐτὴν
1251 4303 1451 4374 ἔχουσα
1485 4303 1732 4376 καρδίαν·
1769 4304 1864 4358 καὶ
1900 4321 2037 4374 συμ-

452 4397 643 4465 φώνως
663 4397 836 4450 ταῦτα
863 4396 1150 4468 κηρύσσει,
1192 4396 1287 4447 xui
1310 4395 1571 4460 διδάσκει,
1606 4395 1700 4449 xui
1733 4395 2037 4466 παραδίδω-

452 4505 554 4554 σιν,
611 4489 687 4553 ὡς
736 4489 794 4542 ἓν
851 4490 1024 4560 στόμα
1053 4491 1385 4560 κεκτημένη.
1421 4489 1530 4541 Καὶ
1560 4489 1668 4559 γάρ
1697 4491 1752 4540 αἰ
1777 4488 1918 4541 κατὰ
1943 4487 2032 4540 τὸν
2064 4522 2109 4575 D

452 4581 652 4650 κόσμον
677 4580 946 4633 διάλεκτοι
974 4582 1216 4650 ἀνόμοιοι
1236 4599 1248 4611 ·
1274 4580 1386 4634 ἀλλ’
1418 4582 1451 4649 ἡ
1477 4580 1704 4650 δύναμις
1726 4581 1824 4649 τῆς
1850 4597 2030 4650 παρα-

452 4673 647 4737 δόσεως
695 4674 792 4744 μία
822 4674 917 4744 xui
958 4674 990 4743 ἡ
1035 4675 1171 4745 αὐτή
1199 4689 1212 4702 ·
1251 4673 1345 4727 xui
1369 4672 1491 4726 οὔτε
1526 4677 1581 4727 αἱ
1618 4675 1674 4725 ὲν
1704 4673 2034 4743 Γερμανίαις

453 4764 732 4835 ἱδρυμέναι
771 4764 1084 4834 Ἐκκλησίαι
1119 4765 1294 4829 ἄλλως
1320 4763 1773 4827 πεπιστεύκασιν,
1798 4765 1830 4834 ἢ
1859 4763 2034 4828 άλλως

455 4855 854 4926 παραδιδόασιν,
902 4855 1026 4909 οὕτε
1079 4859 1136 4910 ἐν
1185 4860 1304 4920 ταῖς
1335 4856 1609 4927 Ἰϐερίαις,
1637 4855 1762 4909 οὔτε
1794 4858 1853 4911 ὲν
1893 4857 2033 4910 Κελ-

454 4951 577 5013 τοῖς,
604 4947 726 5002 οὔτε
758 4949 899 5004 κατὰ
916 4950 1014 5014 τὰς
1037 4949 1322 5015 ἀνατολὰς,
1353 4950 1477 5003 οὕτε
1508 4949 1878 5020 ὲνἈίγύπτῳ,
1909 4947 2032 5002 οὔτε

454 5044 505 5093 ὲν
534 5039 732 5112 Λιϐύῃ,
762 5039 886 5093 οὔτε
914 5044 969 5094 αἱ
994 5042 1135 5095 κατά
1173 5041 1315 5112 μέσα
1335 5041 1427 5094 τοῦ
1470 5043 1676 5112 κόσμου
1707 5041 1988 5112 ἱδρυμέναι
2014 5057 2026 5070 ο

453 5130 562 5184 ἀλλ’
591 5129 780 5203 ὥσπερ
805 5131 1002 5200 όῆλιος
1043 5131 1104 5185 τὺ
1131 5133 1336 5203 κτίσμα
1371 5133 1465 5186 τοῦ
1509 5133 1648 5186 Θεοῦ
1696 5136 1754 5187 ὲν
1803 5132 1908 5204 ὅλῳ
1952 5131 2031 5203 τῷ

451 5227 637 5296 κόσμῳ
666 5219 746 5289 εἷς
811 5225 907 5278 xui
934 5226 962 5277 ὁ
1010 5225 1173 5289 αὐτός
1198 5241 1212 5253 ⁸
1260 5225 1403 5277 οὕτω
1431 5225 1526 5278 xui
1559 5225 1618 5278 τὸ
1650 5226 1908 5296 κήρυγμα
1933 5225 2030 5296 τῆς

449 5315 704 5388 ἀληθείας
719 5319 969 5386 πανταχῆ
993 5317 1192 5386 φαίνει,
1222 5317 1316 5370 xui
1329 5315 1552 5385 φωτίζει
1581 5315 1788 5378 πάντας
1817 5311 2032 5386 ἀνθρὼ-

445 5423 583 5471 πους
630 5409 757 5470 τοὺς
796 5407 1153 5478 βουλομένους
1189 5411 1270 5472 είς
1317 5409 1612 5476 ἐπίγνωσιν
1642 5407 1900 5480 ἀληθείας
1942 5407 2030 5459 ἐλ-

520 5565 534 5595 ¹
564 5563 688 5620 For.
725 5579 1018 5638 επενεγκῃ.
1096 5570 1114 5598 ²
1143 5565 1268 5623 For.
1303 5566 1395 5620 τοῦ
1420 5567 1476 5621 δὲ
1511 5565 1702 5637 μύθου.

447 5674 713 5748 cap._t8_.
763 5673 874 5732 Nos
921 5685 1105 5734 autem
1155 5678 1300 5732 aliud
1340 5694 1465 5736 esse
1509 5683 1613 5734 hoc
1649 5677 1866 5748 quidem
1904 5679 2023 5732 loco

447 5745 893 5814 suspicabamur,
929 5763 1126 5816 nempe
1155 5748 1441 5809 exordium
1475 5745 1694 5808 fabulae}
1734 5747 1852 5808 Non
1882 5749 2026 5808 enim

2167 547 2282 600 fore
2308 547 2586 609 duximus,
2625 548 2670 601 si
2701 546 2766 599 ad
2813 546 3028 599 illorum
3067 544 3468 598 confutandum
3503 559 3742 598 erroren-

2163 638 2368 708 aliquid
2421 637 2836 704 subjiceremus.
2871 634 2978 690 Sed
3011 635 3164 705 prius
3211 645 3391 689 tamen
3449 635 3740 690 ostenden-

2161 731 2289 784 dum
2324 730 2456 784 illud
2491 742 2594 795 est,
2633 730 2833 799 quibus
2879 730 2933 783 in
2965 730 3129 784 rebus
3161 727 3356 782 fabula:
3391 727 3541 782 illius
3564 737 3728 781 aucto
3817 797 3820 800 γ

2161 837 2250 877 res
2281 837 2309 874 a
2344 838 2402 877 se
2435 822 2674 876 invicem
2715 821 3040 884 dissideant,
3068 834 3206 888 quos
3235 817 3436 873 diversi
3471 817 3618 872 velut
3646 815 3740 869 fal-

2161 915 2339 970 sitatis
2368 914 2595 984 spiritus
2634 912 2942 966 contrarias
2981 913 3035 966 in
3081 920 3264 982 partes
3299 911 3594 978 abripiunt.
3632 906 3739 962 Hoc

2158 1006 2302 1060 enim
2331 1021 2395 1060 ex
2423 1006 2602 1075 capite
2639 1005 2722 1059 vel
2770 1005 2903 1058 citra
2937 1003 3310 1074 probationem
3345 1001 3509 1082 ullam
3552 998 3736 1054 certis-

2162 1097 2299 1152 sime
2330 1097 2624 1160 constabit,
2658 1110 2780 1151 cum
2806 1096 3037 1150 solidam
3074 1109 3136 1148 ac
3166 1093 3418 1148 stabilem
3453 1106 3574 1148 esse
3604 1090 3737 1145 veri-

2158 1197 2324 1244 tatem
2364 1190 2535 1254 illam,
2568 1204 2733 1258 quam
2782 1186 3025 1242 Ecclesia
3056 1186 3336 1256 praedicat,
3383 1193 3496 1238 tum
3531 1183 3740 1238 adulte-

2158 1283 2333 1336 rinam
2363 1295 2428 1334 ac
2452 1279 2768 1334 mendacem
2797 1279 3014 1333 illorum
3051 1293 3174 1334 esse
3201 1277 3528 1332 doctrinam.
3563 1274 3729 1346 Siqui=

2156 1373 2278 1428 dem
2316 1371 2562 1428 Ecclesia
2625 1379 2740 1426 toto
2771 1371 2899 1426 licet
2953 1370 3087 1425 orbe
3143 1369 3212 1424 ad
3256 1377 3528 1424 extremos
3570 1383 3739 1439 usque

2158 1473 2430 1519 terrarum
2485 1463 2687 1517 limites
2739 1462 3013 1532 dispersa,
3051 1477 3176 1517 cum
3234 1461 3303 1515 ab
3349 1461 3610 1531 apostolis
3647 1477 3738 1516 eo-

2156 1570 2388 1626 rumque
2416 1555 2703 1624 discipulis
2763 1553 2921 1608 ﬁdem
2971 1554 3245 1623 acceperit
3286 1554 3338 1607 in
3375 1569 3544 1606 unum
3574 1553 3739 1609 Deum

2154 1647 2372 1703 Patrem
2420 1647 2876 1719 omnipotentem,
2928 1649 3023 1717 qui
3072 1647 3295 1710 caelum,
3330 1653 3644 1716 terramque
3677 1660 3737 1700 ac

2154 1741 2350 1804 maria,
2412 1755 2536 1794 cum
2595 1741 2868 1795 universis
2931 1754 3052 1809 quat
3107 1740 3159 1794 in
3206 1738 3314 1792 illis
3347 1737 3738 1808 comprehensa

2084 1812 2124 1867 Β
2156 1843 2303 1898 sunt,
2340 1832 2625 1898 condidit;
2657 1842 2710 1887 et
2755 1833 2809 1886 in
2845 1847 3008 1885 unum
3045 1830 3230 1885 Jesum
3268 1829 3464 1884 Filium
3502 1831 3618 1894 Dci,
3649 1833 3737 1901 qui

2157 1943 2254 1998 pro
2290 1937 2479 1983 nostra
2509 1927 2685 1982 salute
2708 1941 2929 1980 carnem
2962 1924 3169 1990 induit;
3203 1924 3436 1993 atquein
3477 1923 3737 1993 Spiritum

2156 2029 2432 2085 sanctum,
2483 2019 2578 2089 qui
2609 2034 2825 2072 omnem
2890 2017 3039 2070 illam
3099 2017 3262 2071 unice
3309 2015 3495 2070 dilecti
3536 2015 3738 2071 Christi

2151 2111 2281 2167 Jesu
2313 2110 2529 2164 Domini
2560 2109 2734 2164 nostri
2759 2107 3317 2170 administrationem,
3346 2112 3402 2160 et
3422 2104 3737 2172 adventum,

2152 2212 2442 2272 ortumque
2483 2201 2550 2255 de
2584 2200 2810 2270 Virgine
2841 2216 2936 2270 per
2969 2199 3266 2269 prophetas
3313 2199 3736 2267 praenuntiavit;

2153 2310 2366 2351 necnon
2401 2300 2455 2348 et
2495 2292 2905 2363 perpessionem
2935 2305 2999 2344 ac
3035 2290 3535 2354 resurrectionem,
3597 2299 3652 2344 et
3686 2291 3737 2344 in

2153 2388 2349 2441 coalum
2383 2384 2762 2439 ascensionem
2795 2396 2920 2437 cum
2941 2396 3206 2451 corpore;
3237 2381 3587 2452 futurumque
3607 2382 3737 2435 olim

2152 2477 2393 2533 indidem
2445 2487 2670 2546 paterna
2711 2490 2836 2528 cum
2884 2474 3173 2543 majestate
3203 2475 3549 2541 descensum,
3590 2485 3647 2530 ut
3683 2477 3736 2530 in

2152 2585 2421 2625 summam
2450 2569 2600 2622 velut
2637 2568 2890 2623 universa
2938 2568 3250 2632 contrahat,
3281 2577 3335 2623 et
3365 2570 3610 2624 omnium
3648 2571 3718 2625 ho

2151 2661 2357 2713 minuam
2387 2673 2618 2730 corpora
2652 2667 2873 2714 revocet
2897 2661 2964 2712 ad
2998 2660 3204 2717 vitam:
3234 2669 3397 2730 atque
3431 2669 3488 2715 ut
3520 2661 3736 2717 Christo

2149 2751 2280 2807 Jesu
2312 2751 2540 2806 Domino
2571 2759 2761 2806 nostro
2791 2766 2853 2805 ac
2885 2750 2996 2806 Deo
3027 2760 3082 2806 et
3113 2751 3383 2809 Salvatori
3418 2752 3643 2825 regique
3671 2756 3736 2810 de

2148 2844 2297 2899 illius
2330 2842 2421 2914 qui
2455 2841 2628 2897 videri
2661 2857 2768 2896 non
2801 2850 3001 2913 potest,
3034 2845 3321 2899 voluntate
3351 2845 3551 2911 Patris,
3580 2864 3734 2901 omne

2149 2934 2308 3002 20.2
2357 2941 2488 3003 genu
2534 2933 2780 3000 ﬂectatur
2820 2933 3140 3000 cmtestium,
3193 2938 3520 2989 terrestrium
3578 2948 3624 2990 et
3654 2939 3735 2992 in-

2149 3025 2442 3092 fernarum,
2473 3032 2521 3076 et
2559 3025 2728 3076 omnis
2762 3025 2935 3092 ipsum
2973 3024 3155 3094 lingua
3185 3028 3502 3096 conﬁteatur
3532 3027 3590 3094 ⁸;
3627 3030 3733 3083 uti-

2139 3129 2254 3183 ‘que
2288 3120 2496 3167 rectum
2530 3113 2583 3165 in
2625 3127 2816 3167 omnes
2847 3113 3120 3183 judicium
3167 3125 3444 3181 exerceat,
3478 3132 3542 3171 ac
3573 3118 3734 3187 spiri-

2144 3205 2274 3258 talia
2319 3203 2596 3273 nequitiaa,
2633 3204 2735 3257 hoc
2790 3213 2876 3258 est
2909 3204 3220 3260 desertores
3266 3207 3489 3276 angelos
3552 3223 3617 3261 ac
3649 3224 3733 3262 re-

2143 3297 2335 3360 belles,
2369 3305 2423 3350 et
2456 3295 2653 3364 impios
2675 3310 2886 3359 omnes,
2918 3311 2982 3350 ac
3017 3297 3338 3363 sceleratos,
3375 3309 3427 3353 et
3459 3298 3732 3354 facinoro-

2144 3403 2258 3450 sos,
2297 3401 2360 3440 ac
2391 3387 2823 3441 contumeliosos
2849 3387 2902 3440 in
2941 3387 3112 3441 Deum
3156 3389 3406 3445 homines
3438 3392 3731 3460 sempiter-

2143 3481 2228 3533 nis
2276 3478 2510 3532 ﬂammis
2557 3479 2803 3544 addicat;
2835 3479 3006 3547 justis
3041 3495 3194 3541 vero,
3253 3483 3594 3551 sanctisque,
3626 3485 3722 3552 qui

2143 3572 2400 3626 mandata
2456 3585 2556 3626 sua
2605 3570 2897 3641 diligenter
2947 3571 3384 3636 observaverint,
3431 3584 3484 3628 et
3522 3574 3577 3628 in
3611 3575 3731 3644 ejus

2142 3662 2410 3716 charitate
2460 3663 2574 3716 sive
2619 3663 2734 3730 jam
2778 3660 2902 3716 inde
2949 3662 3019 3717 ab
3050 3663 3226 3727 initio,
3261 3664 3378 3719 sive
3412 3674 3535 3735 post
3558 3669 3731 3736 pumi-

2141 3754 2369 3808 tentiam
2405 3754 2911 3824 perseveraverint,
2950 3754 3117 3808 vitam
3153 3756 3730 3830 immortalitatemque

2143 3846 2428 3915 largiatur,
2481 3853 2646 3915 atque
2689 3853 2949 3900 aeternam
3001 3847 3108 3903 illis
3141 3849 3371 3918 gloriam
3423 3851 3721 3922 impertiat.

2212 3935 2402 3990 XXXI.
2437 3937 2570 3991 Cum
2601 3937 2767 4008 igitur
2796 3937 3047 3994 Ecclesia
3090 3939 3394 3995 doctrinam
3431 3944 3725 4012 ejusmodi,

2143 4026 2433 4095 ﬁdemque,
2501 4027 2581 4080 uti
2631 4026 2894 4093 diximus,
2951 4029 3244 4098 acceperit,
3298 4045 3414 4084 eam
3463 4034 3546 4086 vel
3594 4023 3727 4089 orbe

2141 4125 2256 4172 toto
2291 4117 2489 4173 diﬂ‘usa
2525 4116 2774 4172 studiose
2815 4127 3125 4184 conservat,
3159 4121 3317 4189 quasi
3354 4121 3408 4173 in
3451 4137 3556 4175 una
3590 4139 3724 4193 qua-

2141 4213 2265 4267 dam
2301 4212 2461 4266 domo
2487 4211 2766 4278 habitans,
2806 4228 2871 4266 ac
2909 4213 3162 4267 similiter
3195 4213 3451 4269 omnibus
3483 4216 3591 4272 illis
3633 4233 3725 4273 εει·

2143 4306 2396 4369 sentitur,
2428 4314 2685 4375 tanquam
2709 4307 3038 4373 anima'una,
3071 4307 3372 4377 eodemque
3399 4308 3566 4364 corde
3585 4320 3723 4379 prie-

2141 4397 2290 4464 dita;
2319 4397 2617 4467 eademque
2657 4383 3093 4454 concordissime
3126 4399 3226 4466 sic,
3265 4399 3421 4468 quasi
3450 4416 3618 4454 unum
3658 4419 3720 4458 os

2141 4489 2358 4552 habeat,
2391 4489 2547 4544 docet
2570 4505 2633 4543 ac
2651 4490 2930 4558 prazdicat.
2959 4489 3168 4544 Etenim
3201 4491 3720 4548 tametsihominum

2140 4581 2336 4650 lingua:
2356 4581 2465 4635 sint
2480 4581 2794 4645 dissimiles,
2819 4582 3006 4636 eadem
3025 4589 3203 4636 tamen
3227 4584 3439 4639 tradita:
3459 4586 3719 4640 doctrina:

2131 4672 2216 4726 vis
2243 4678 2326 4726 est
2357 4671 2559 4742 ubique
2594 4691 2606 4722 :
2636 4687 2815 4741 neque
2857 4682 2950 4725 aut
2989 4673 3304 4727 constitutae
3331 4674 3386 4728 in
3425 4674 3716 4731 Germania

2132 4762 2389 4818 Ecclesiae
2441 4763 2673 4816 credunt
2722 4763 2899 4830 aliter,
2946 4778 3010 4816 ac
3054 4779 3184 4818 suos
3229 4765 3556 4833 perdocent;
3620 4774 3715 4820 aut

2133 4871 2253 4924 qua:
2280 4855 2334 4908 in
2352 4853 2629 4924 Hispaniis
2655 4869 2719 4908 ac
2747 4853 2959 4921 Galliis,
2984 4867 3077 4909 aut
3101 4855 3168 4910 ad
3207 4853 3503 4919 Orientem,
3539 4864 3632 4910 aut
3660 4858 3714 4912 in

2136 4947 2392 5018 Aigypto,
2456 4947 2541 5002 vel
2574 4945 2768 5017 Lybia,
2826 4946 3076 5002 mediove
3123 4948 3256 5002 orbe
3296 4948 3570 5003 stabilitzn.
3607 4948 3715 5004 Sed

2134 5038 2596 5108 quemadmodum
2629 5039 2712 5094 sol
2747 5038 3154 5094 nobilissimum
3198 5037 3292 5093 Dei
3318 5055 3456 5109 opus
3490 5056 3631 5095 unus
3659 5041 3715 5094 in

2130 5138 2246 5185 toto
2291 5129 2498 5185 mundo
2552 5138 2717 5201 atque
2768 5129 2909 5185 idem
2953 5138 3036 5186 est
3077 5146 3327 5201 semper;
3364 5131 3445 5186 sic
3473 5133 3713 5189 veritatis

2130 5223 2442 5292 praedicatio
2464 5223 2667 5294 ubique
2712 5230 2982 5278 terrarum
3019 5223 3292 5278 illucescit
3343 5238 3407 5277 ac
3455 5225 3738 5280 mortales.

2129 5330 2318 5371 omnes
2345 5315 2602 5377 illustrat,
2633 5315 2725 5385 qui
2759 5315 2978 5386 quidem
3026 5315 3175 5370 illius
3203 5315 3270 5370 ad
3305 5316 3555 5370 notitiam
3594 5333 3706 5387 per-

2128 5406 2316 5461 venire
2347 5405 2639 5461 voluerint.
2660 5405 2810 5462 Adeo
2845 5413 2902 5460 ut
2937 5421 3113 5476 neque
3143 5406 3191 5462 is
3229 5407 3321 5476 qui
3349 5407 3491 5461 inter
3530 5406 3710 5464 Eccle-

1783 5565 1803 5596 ³
1837 5564 1964 5620 For.
1995 5567 2110 5629 τοῖς
2141 5564 2254 5635 μέν.
2338 5564 2360 5595 ⁸
2389 5561 2623 5633 Philipp.
2657 5580 2714 5631 ιι,
2750 5564 2836 5632 10,
2873 5565 2958 5619 ll.

2131 5674 2600 5803 delul‘ttolurptbca
2633 5679 2722 5732 Illa
2755 5679 3134 5735 haereticorum
3165 5677 3397 5735 aliorum
3434 5677 3600 5734 verba
3631 5677 3704 5732 fa-

2137 5765 2186 5803 Cl
2278 5762 2507 5803 renatus.

2137 5762 2212 5803 Cll
2252 5762 2507 5803 ιτειιωυε.
