4156 6358
480 314 586 369 535

478 530 696 587 diversa
730 537 1069 605 proﬁteatur.
1099 541 1270 600 Nemo
1303 549 1448 603 enim
1479 562 1562 607 est
1594 567 1926 627 prmeeptore
1953 577 2055 618 suo

479 626 748 692 superior.
779 628 967 700 Neque
997 637 1093 705 qui
1123 636 1305 694 infans
1332 651 1417 696 est
1444 652 1498 697 et
1526 626 1825 705 indisertus
1848 650 1917 707 de
1946 662 2055 708 tra-

476 710 589 765 dita
635 715 737 769 sibi
780 718 1067 791 disciplina
1107 728 1404 798 quidquam
1454 734 1743 791 diminuat.
1778 739 2050 805 Quoniam

473 804 617 857 enim
650 822 754 861 una
782 820 867 864 est
899 816 1196 886 eademque
1233 821 1399 887 ﬁdes;
1434 842 1610 896 neque
1637 830 1731 899 qui
1770 831 1838 887 de
1868 848 1931 888 ea
1965 850 2052 890 co-

474 894 625 961 piose
658 908 838 966 potest
862 903 1044 960 dicere
1075 909 1196 978 plus
1234 913 1440 984 aliquid
1474 894 1703 984 obtinet,
1737 938 1912 993 neque
1945 927 2051 981 mi-

471 1002 595 1049 nus,
628 992 719 1059 qui
751 1008 925 1061 pauca
951 999 1214 1056 duntaxat
1247 1007 1428 1077 eloqui
1460 1020 1655 1079 potest.
1679 992 1835 1080 Quod
1866 1024 2050 1075 autem

471 1080 592 1148 plus
610 1084 857 1143 minusve
890 1096 1136 1149 nonnulli
1165 1098 1528 1172 intelligentia
1569 1120 1632 1160 ac
1660 1109 1889 1164 scientia
1918 1128 2050 1167 con-

470 1185 790 1243 sequantur,
845 1184 978 1238 nihil
1024 1186 1128 1241 hoc
1179 1192 1245 1245 ad
1295 1194 1693 1251 immutandam
1740 1200 2046 1259 doctrinam

469 1269 702 1333 pertinet
735 1288 744 1319 :
781 1290 958 1345 neque
988 1280 1194 1338 idcirco
1222 1283 1388 1340 Deum
1426 1288 1592 1342 alium
1623 1302 1820 1360 praeter
1853 1297 2045 1350 condi—

465 1365 636 1411 torem
652 1364 984 1433 excogitant,
1003 1378 1164 1440 atque
1183 1374 1344 1445 hujus
1361 1378 1737 1435 universitatis
1755 1384 2042 1450 artiﬁcem,

462 1461 515 1503 et
538 1453 784 1518 altorem,
815 1460 973 1526 quasi
1014 1464 1238 1521 minime
1287 1470 1395 1523 sint
1425 1470 1600 1527 altero
1630 1474 1725 1529 illo
1755 1480 1998 1533 contenti
2028 1496 2042 1544 ;

463 1559 639 1613 neque
667 1562 833 1616 porro
864 1548 1214 1623 Unigenitum
1246 1560 1435 1617 alium.

531 1635 633 1689 Sed
661 1636 714 1691 in
745 1639 798 1693 id
827 1640 1092 1699 duntaxat
1134 1647 1351 1706 illorum
1394 1654 1642 1711 elaborat
1662 1656 1953 1724 industria,
1984 1670 2043 1717 ut

456 1742 578 1795 quae
599 1730 945 1801 aenigmatum
977 1740 1303 1808 quibusdam
1332 1746 1630 1805 involucris
1652 1751 1865 1807 obtecta
1891 1762 2040 1823 sunt,

456 1823 762 1889 exspoliant
792 1836 954 1898 atque
974 1834 1340 1901 explicent,et
1374 1840 1439 1894 ad
1471 1845 1779 1899 communis
1806 1845 1928 1901 ﬁdei
1956 1848 2037 1900 in-
2073 1831 2111 1886 Β

455 1911 703 1967 stitutum
730 1924 1177 1991 accommodent;
1208 1928 1322 1984 sive
1351 1939 1409 1985 ut
1436 1932 1596 2003 203
1632 1935 1875 1990 divinum
1900 1939 2033 1993 illud

452 2004 506 2056 in
538 2005 820 2064 hominum
879 2015 1055 2071 salute
1086 2024 1429 2087 procuranda
1468 2028 1768 2095 negotium,
1798 2030 2035 2085 admini-

451 2100 882 2173 strationemque
932 2123 1150 2164 omnem
1181 2127 1488 2183 exponant;
1531 2120 1696 2188 idque
1737 2122 1914 2193 ipsum
1939 2126 2033 2179 de-

448 2188 679 2255 clarent,
703 2196 975 2262 quomodo
1025 2198 1172 2253 illam
1208 2204 1489 2260 rebellium
1536 2210 1828 2279 spirituum
1879 2214 2031 2270 defe-

447 2281 684 2335 ctionem
750 2285 1145 2360 hominumque
1203 2300 1605 2353 contumaciam
1637 2301 1778 2360 Deus
1819 2308 2029 2375 patien-

445 2371 657 2428 tissime
688 2376 872 2432 tulerit
903 2397 917 2442 ;
952 2382 1083 2450 quid
1123 2399 1305 2441 causae
1339 2390 1433 2455 sit,
1466 2406 1566 2447 cur
1601 2411 1745 2450 unus
1776 2396 2027 2469 idemque

447 2460 590 2520 Deus
645 2466 750 2520 alia
814 2474 1186 2542 temporaria,
1249 2478 1355 2532 alia
1411 2484 1744 2553 sempiterna
1797 2487 2020 2545 fecerit:

446 2552 681 2624 itemque
735 2561 979 2615 cmlestia
1023 2567 1293 2635 quaedam,
1348 2570 1453 2626 alia
1510 2584 1768 2643 terrena;
1806 2594 1907 2634 cur
1930 2581 2023 2650 qui

442 2646 619 2700 oculis
662 2651 833 2718 aspici
888 2655 1098 2723 nequit,
1132 2663 1414 2729 prophetis
1445 2679 1552 2719 non
1591 2682 1696 2721 una
1730 2670 1911 2738 specie
1939 2672 2021 2726 vi-

442 2738 671 2792 sendum
700 2756 759 2794 se
788 2745 1099 2813 praebuerit,
1119 2750 1211 2804 sed
1240 2754 1363 2808 aliis
1394 2757 1502 2811 alio
1528 2759 1687 2812 modo
1716 2776 1837 2830 quae
1863 2763 2022 2818 vellet

440 2830 844 2902 signiﬁcaverit.
874 2836 984 2893 Cur
1016 2838 1363 2898 Testamenta
1388 2847 1540 2915 plura
1573 2851 1681 2904 sint
1706 2852 2018 2910 hominibus

437 2921 679 2985 condita,
720 2940 906 2993 qumve
955 2929 1242 3000 utriusque
1294 2943 1437 2989 notae
1491 2953 1553 2991 ac
1582 2941 1800 3009 propria
1850 2944 2015 2997 veluti

439 3012 764 3069 lineamenta
787 3019 915 3075 sint.
941 3018 1007 3073 Ut
1037 3021 1169 3075 illud
1189 3024 1351 3078 etiam
1387 3026 1689 3097 inquirant,
1708 3047 1805 3086 cur
1832 3034 2015 3095 omnia

436 3102 579 3160 Deus
649 3108 1022 3177 perduellione
1074 3116 1430 3178 concluserit,
1466 3127 1525 3172 ut
1567 3122 1811 3176 omnium
1848 3125 2015 3180 mise-

436 3196 539 3249 reri
569 3208 772 3267 posset;
798 3209 961 3273 atque
990 3206 1060 3259 ob
1103 3206 1155 3258 id
1193 3207 1635 3280 insupergratias
1656 3223 1837 3283 agant,
1869 3216 2014 3285 quod

440 3283 671 3340 Verbum
699 3288 790 3343 Dei
823 3306 951 3345 caro
977 3292 1199 3358 factum,
1224 3312 1286 3350 ac
1319 3301 1592 3368 supplicio
1616 3310 1700 3356 est
1722 3283 2010 3359 allectum:

434 3376 565 3429 illud
604 3379 767 3432 etiam
792 3381 1119 3449 edisserant,
1143 3404 1242 3440 cur
1268 3389 1319 3441 in
1351 3400 1594 3445 extrema
1627 3401 1869 3463 tempora
1890 3395 2012 3451 Filii

434 3467 526 3522 Dei
591 3470 856 3528 adventus
887 3476 1164 3541 inciderit,
1200 3481 1305 3534 hoc
1354 3490 1439 3535 est
1484 3499 1583 3537 cur
1613 3488 1857 3540 omnium
1892 3504 2012 3544 sese

433 3558 766 3631 Principium
818 3566 872 3619 in
931 3567 1039 3624 ﬁne
1096 3571 1422 3641 prodiderit.
1465 3575 1544 3631 Ad
1575 3576 1688 3632 haec
1721 3579 1787 3635 de
1819 3582 2008 3637 mundi

428 3652 596 3718 exitu,
628 3652 934 3727 futurisque
958 3660 1123 3717 rebus
1161 3680 1500 3736 quaecunque
1531 3670 1704 3725 sacris
1727 3675 2006 3741 reperiun-

429 3754 520 3799 tur
550 3746 602 3799 in
628 3746 1157 3824 Libris,excutiant;
1186 3775 1287 3815 nec
1321 3759 1457 3815 illud
1492 3770 1729 3827 taceant,
1758 3782 1857 3821 cur
1910 3771 2006 3826 de-

427 3844 657 3903 speratae
682 3839 831 3908 prius
846 3850 1037 3912 gentes
1067 3846 1118 3899 in
1154 3848 1294 3904 idem
1327 3866 1449 3905 cum
1480 3848 1803 3926 sanetisrjus
1835 3859 2006 3916 hatre-

423 3922 635 3989 ditatis,
659 3942 721 3981 ac
748 3931 917 3985 veluti
948 3948 1151 4005 corpus
1176 3945 1231 3992 et
1252 3941 1568 3997 societatem
1602 3960 1631 3998 a
1661 3945 1772 4001 Deo
1802 3948 2004 4005 fuerint

424 4018 628 4071 ascitaa.
665 4018 767 4085 Qui
808 4021 924 4076 ﬁeri
960 4028 1154 4093 possit,
1192 4039 1251 4083 ut.
1285 4034 1532 4088 'mortalis
1564 4036 1668 4091 ista
1704 4042 2002 4096 caruncula

426 4108 888 4169 immortalitatem
920 4127 973 4171 et
1006 4118 1421 4193 incorruptibile
1475 4127 1577 4182 hoc
1629 4129 2000 4202 incorruptio-

424 4216 541 4255 nem
567 4203 758 4258 induat
788 4224 802 4273 ;
837 4217 930 4262 aut
961 4215 1421 4279 quemadmodum
1453 4220 1703 4277 dicturus
1725 4224 1834 4280 sit:
1874 4225 2000 4281 Non

418 4295 638 4361 populus
671 4298 895 4364 populus
924 4304 1047 4367 erit,
1088 4317 1138 4360 et
1175 4325 1276 4362 non
1311 4308 1527 4377 dilecta,
1553 4314 1745 4369 dilecta
1781 4320 1820 4382 ¹;
1861 4334 1999 4388 quo-

419 4388 580 4441 modo
608 4388 786 4457 plures
804 4391 1043 4461 desertw,
1072 4414 1227 4467 quam
1256 4402 1425 4456 virum
1447 4404 1682 4460 habentis
1699 4410 1801 4461 sint
1825 4412 1927 4479 ﬁlii
1950 4415 1990 4467 ’.

418 4474 549 4530 Nam
597 4480 663 4535 de
721 4482 806 4537 his
846 4499 909 4538 ac
939 4487 1213 4545 similibus
1252 4495 1525 4550 exclamat
1564 4474 1863 4567 Apostolus
1899 4523 1910 4557 :
1950 4504 1993 4559 0
2028 4516 2070 4569 Ι)

416 4566 644 4621 altitudo
696 4571 1003 4628 divitiarum
1052 4594 1114 4631 ac
1172 4582 1466 4649 sapientiw,
1514 4597 1563 4639 et
1599 4566 1832 4645 scientia:
1862 4593 1995 4647 Dei'

413 4674 571 4724 quam
602 4661 1139 4730 incomprehensibilia
1184 4682 1308 4726 sunt
1345 4674 1555 4743 judicia
1599 4680 1736 4748 ejus,
1779 4694 1827 4736 et
1852 4686 1993 4740 iuve-

413 4748 681 4817 stigabiles
710 4756 805 4808 vim
831 4757 944 4825 ejus
976 4759 1026 4813 ’ἰ
1065 4760 1182 4816 Non
1198 4760 1267 4818 ‘id
1302 4776 1482 4822 autem
1522 4781 1707 4840 agunt,
1740 4786 1799 4830 ut
1824 4792 1989 4850 supra

411 4840 727 4899 Creatorem
778 4862 842 4902 ae
870 4850 1243 4921 Conditorem,
1274 4858 1470 4916 borum
1502 4863 1748 4933 Matrem,
1777 4885 1839 4925 ac
1866 4874 1986 4943 vagi

414 4930 608 4989 (Eonis
635 4936 1027 5008 Cogitationem
1061 4948 1199 5003 male
1235 4955 1746 5024 comminiscentur,
1782 4978 1847 5017 ac
1877 4972 1985 5018 tam

1882 346 1938 402 S.
1984 349 2325 410 EPIPHANII

481 439 689 493 siarum
747 445 1024 505 antistites
1058 448 1277 507 dicendi
1312 453 1573 515 facultate
1618 462 1803 531 pollet,
1848 469 1917 523 ab
1953 470 2021 524 illi

2122 494 2131 532 ι
2164 475 2297 533 θεῖν.
2338 480 2449 534 Kal.
2500 481 2622 538 οὕτε
2651 488 2679 539 6

3638 376 3740 433 σεδ

2723 488 2861 542 πάνυ
2887 490 3108 557 δυνατὸς
3134 494 3193 548 ἐν
3229 495 3372 567 λόγῳ
3393 497 3501 551 τῶν
3526 500 3583 553 ἐν
3620 507 3739 565 ταῖς

2162 571 2512 644 Ἑκκλησίαις
2541 585 2899 651 προεστώτων
2948 585 3111 655 ἕτερα
3145 589 3353 643 τούτων
3384 592 3531 663 ἐρεῖ·
3564 594 3736 658 οὐδεὶς

2157 668 2268 739 γὰρ
2298 670 2437 742 ὑπὲρ
2468 673 2557 726 τὸν
2587 675 2908 733 διδάσκαλον
2929 698 2942 712 ·
2973 680 3094 735 οὔτε
3118 686 3146 737 6
3170 686 3400 758 ἀσθενὴς
3420 689 3476 740 ἐν
3494 688 3570 757 τῷ
3593 690 3733 760 λόγῳ

2153 760 2458 837 ἐλαττώσει,
2495 766 2594 835 τὴν
2630 770 2928 838 παράδοσιν
2953 790 2965 802 ·
3006 775 3134 843 μιᾶς
3163 775 3273 846 γάρ
3303 777 3398 829 καὶ
3436 779 3533 848 τῆς
3564 780 3731 850 αὐτῆς

2158 854 2392 919 πίστεως
2436 857 2621 929 οὔσης,
2652 861 2774 915 οὔτε
2818 866 2847 916 6
2885 864 3018 917 πολὺ
3064 869 3189 937 περὶ
3232 868 3401 939 αὐτῆς
3439 870 3730 942 δυνάμενος

2156 948 2332 1001 εἰπεῖν
2373 950 2718 1018 ἐπλεόνασεν,
2769 953 2892 1009 οὔτε
2929 959 2958 1010 6
2988 957 3048 1010 τὸ
3071 959 3248 1027 ὀλίγον
3273 961 3619 1033 ἠλαττόνησε.
3656 965 3727 1016 Τὸ

2153 1036 2211 1091 δὲ
2252 1039 2434 1093 πλεῖον
2466 1042 2498 1113 ἥ
2533 1043 2751 1097 ἔλαττον
2782 1046 2925 1100 κατὰ
2971 1048 3187 1103 σύνεσιν
3217 1051 3412 1105 εἰδέναι
3443 1055 3594 1118 τινὰς
3627 1056 3726 1109 οὐκ

2153 1132 2211 1183 ἐν
2258 1131 2335 1202 τῷ
2390 1135 2490 1204 τὴν
2544 1136 2800 1190 ὑπόθεσιν
2850 1140 3019 1212 αὐτὴν
3051 1142 3339 1196 ἀλλάσσειν
3368 1146 3593 1212 γίνεται,
3630 1150 3724 1201 καὶ

2150 1222 2307 1277 ἄλλον
2366 1224 2497 1277 Θεὸν
2537 1232 2886 1295 παρεπινοεϊν
2917 1232 3069 1303 παρά
3109 1234 3201 1286 τὸν
3243 1235 3589 1307 δημιουργὸν,
3629 1238 3722 1291 καὶ

2150 1318 2398 1388 ποιητὴν,
2428 1320 2519 1371 καὶ
2543 1321 2746 1391 τροφέα
2774 1324 2927 1377 τοῦδε
2957 1326 3051 1378 τοῦ
3073 1328 3292 1390 παντὸς,
3316 1328 3390 1391 ὡς
3421 1329 3493 1400 μὴ
3523 1332 3721 1401 ἀρκου-

2150 1408 2343 1476 μένους
2397 1410 2619 1477 τούτους
2642 1413 2746 1484 an
2782 1414 2938 1469 ἄλλον
2984 1420 3237 1489 Χριστὸν,
3274 1419 3305 1473 ἢ
3356 1420 3510 1474 ἄλλον
3556 1423 3720 1476 Μονο-

2145 1516 2295 1569 γενη.

2213 1678 2370 1733 Ἀλλά
2398 1682 2457 1735 ἐν
2480 1682 2559 1754 τῷ
2609 1684 2677 1739 τὰ
2708 1686 2805 1740 ὅσα
2835 1688 2893 1740 ἐν
2922 1688 3261 1759 παραϐολαῖς
3304 1691 3519 1761 είρηται
3548 1708 3710 1762 προσ-

2142 1771 2559 1839 επεργάζεσθαι,
2585 1777 2679 1828 καὶ
2710 1778 2942 1831 οἰκειοῦν
2958 1783 3022 1850 τῇ
3057 1781 3154 1849 τῆς
3175 1783 3408 1845 πίστεως
3440 1782 3706 1835 ὑποθέσει·

2141 1864 2232 1914 καὶ
2264 1863 2322 1915 ἐν
2354 1864 2431 1934 τῷ
2464 1867 2563 1937 τήν
2617 1885 2676 1921 τε
2726 1874 3104 1942 πραγματείαν
3137 1874 3230 1926 καὶ
3270 1875 3576 1944 οἰκονομίαν
3616 1875 3707 1927 τοῦ

2136 1950 2270 2004 Θεοῦ
2300 1953 2395 2023 τὴν
2418 1955 2509 2008 ἐπὶ
2528 1960 2592 2027 τῇ
2622 1958 3303 2035 ἀνθρωπότητιγινομένην
3322 1966 3703 2032 ἐκδιηγεῖσθαι,

2135 2045 2230 2096 καὶ
2255 2045 2336 2098 ὅτι
2375 2047 2832 2123 ἐμακροθύμησεν
2869 2056 2897 2106 6
2930 2055 3059 2118 Θεὸς
3093 2056 3184 2108 ἐπί
3212 2074 3272 2109 τε
3305 2060 3371 2127 τῇ
3394 2058 3502 2109 τῶν
3532 2076 3702 2129 παρα-

2134 2135 2446 2208 ϐεϐηκότων
2485 2142 2734 2211 ἀγγέλων
2760 2145 3085 2215 ἀποστασία,
3118 2148 3213 2201 καὶ
3244 2151 3335 2202 ἐπὶ
3361 2154 3425 2221 τῇ
3454 2156 3703 2223 παρακοῇ

2130 2227 2239 2281 τῶν
2294 2230 2594 2303 ἀνθρώπων
2623 2237 2969 2307 σαφηνίζειν·
2999 2238 3094 2291 καὶ
3124 2239 3210 2293 διὰ
3232 2240 3285 2293 τί
3313 2241 3379 2293 τὰ
3410 2242 3509 2312 μὲν
3538 2245 3697 2313 πρόσο

2132 2338 2319 2392 καιρα,
2352 2323 2420 2376 τὰ
2457 2324 2514 2377 δὲ
2554 2326 2764 2390 αἰώνια,
2803 2329 2895 2381 καὶ
2922 2330 2990 2383 τά
3025 2331 3123 2401 μὲν
3156 2332 3401 2402 οὐράνια.
3436 2336 3618 2387 καὶτὰ
3645 2335 3699 2387 δὲ

2128 2414 2345 2484 ἐπίγεια
2366 2411 2445 2480 εἷς
2474 2419 2567 2472 καὶ
2591 2422 2619 2473 6
2646 2421 2805 2484 αὐτὸς
2826 2422 2957 2486 Θεὸς
2981 2424 3298 2495 πεποίηκεν,
3317 2427 3696 2494 ἀπαγγέλλειν·

2126 2509 2222 2561 καὶ
2246 2510 2335 2563 διά
2362 2510 2414 2563 τί
2446 2512 2679 2582 ἀόρατος
2705 2512 2781 2566 ὢν
2814 2516 2985 2586 ἐφάνη
3019 2520 3132 2580 τοῖς
3153 2519 3456 2588 προφήταις
3484 2519 3513 2571 6
3544 2519 3697 2583 Θεὸς,

2122 2598 2221 2651 οὐκ
2253 2600 2311 2651 ἐν
2337 2601 2437 2670 μιᾷ
2468 2600 2597 2672 ἰδέᾳ,
2623 2602 2755 2656 ἀλλὰ
2781 2604 2954 2668 ἄλλως
3002 2605 3199 2670 ἄλλοις,
3229 2612 3448 2661 συνιείν·
3480 2611 3575 2663 καὶ
3611 2609 3699 2664 διὰ

2121 2690 2173 2744 τί
2205 2692 2467 2763 Διαθῆκαι
2506 2694 2721 2759 πλείους
2762 2698 3012 2765 γεγόνασι
3056 2703 3123 2769 τῇ
3163 2700 3559 2773 ἀνθρωπότητι,
3602 2722 3674 2775 μη

2121 2779 2287 2843 νύειν,
2333 2784 2427 2836 καὶ
2459 2783 2544 2846 τίς
2591 2785 2827 2855 ἑκάστης
2855 2786 2963 2838 τῶν
3008 2788 3291 2859 Διαθηκῶν
3322 2793 3350 2843 6
3388 2792 3691 2863 χαρακτὴρ,

2118 2872 2390 2927 διδάσκειν
2408 2891 2423 2907 ο
2461 2876 2557 2929 καὶ
2580 2876 2667 2929 διὰ
2692 2878 2743 2929 τί
2773 2880 3081 2932 συνέκλεισε
3108 2882 3284 2935 πάντα
3311 2886 3389 2947 εἰς
3413 2886 3690 2939 ἀπείθειαν

2117 2965 2144 3015 6
2170 2962 2321 3028 Θεὸς,
2352 2965 2440 3017 ἴνα
2486 2966 2613 3029 τοὺς
2660 2968 2867 3032 πάντας
2895 2970 3113 3042 ἐλεήσῃ,
3142 2972 3447 3044 ἐξερευνᾷν,
3478 2977 3572 3026 καί
3608 2976 3691 3029 διὰ

2116 3054 2169 3107 τί
2196 3056 2223 3107 6
2270 3056 2443 3124 Λόγος
2474 3057 2568 3109 τοῦ
2601 3058 2738 3112 Θεοῦ
2787 3061 2919 3132 σάρξ
2959 3063 3193 3130 ἐγένετο,
3226 3066 3320 3118 καὶ
3347 3065 3569 3128 ἔπαθεν,
3602 3068 3691 3119 εύ-

2042 3167 2083 3225 C
2116 3148 2418 3214 χαριστεῖν·
2481 3148 2571 3201 καὶ
2620 3149 2710 3202 διὰ
2743 3151 2797 3203 τί
2850 3152 2935 3204 ἐπ’
2984 3155 3228 3223 ἐσχάτων
3265 3155 3371 3208 τῶν
3414 3157 3618 3226 καιρῶν
3658 3160 3690 3227 ή

2118 3236 2389 3305 παρουσία
2416 3237 2510 3291 τοῦ
2541 3240 2669 3293 Υἱοῦ
2704 3241 2796 3293 τοῦ
2840 3243 2996 3307 Θεοῦ,
3028 3246 3305 3300 τουτέστιν
3332 3250 3389 3301 ἐν
3422 3249 3498 3319 τῷ
3524 3250 3689 3312 τέλει,

2116 3326 2285 3397 ἐφάνη
2316 3329 2347 3397 ή
2371 3329 2512 3400 ἀρχὴ
2527 3331 2568 3395 ⁸,
2587 3331 2948 3401 ἀπαγγέλλειν
2968 3351 2981 3363 ·
2997 3337 3090 3389 καὶ
3118 3355 3184 3390 πε
3195 3338 3245 3408 ρ“ι
3267 3338 3360 3391 τοῦ
3388 3340 3575 3404 τέλους
3598 3343 3690 3394 καὶ

2114 3417 2221 3469 τῶν
2254 3418 2574 3487 μελλόντων,
2596 3422 2694 3474 ὅσα
2728 3440 2786 3475 τε
2820 3427 2996 3477 κεῖται
3026 3428 3085 3479 ἐν
3116 3429 3235 3491 ταῖς
3269 3429 3527 3499 Γραφαῖς,
3562 3433 3683 3484 ἀνα·

2114 3507 2373 3561 πτύσσειν
2400 3525 2413 3538 ·
2443 3510 2538 3563 καὶ
2568 3512 2619 3563 τί
2648 3512 2729 3564 ὅτι
2755 3514 2821 3567 τά
2852 3516 3250 3585 ἀπεγνωσμένα
3287 3519 3412 3589 ἔθνη
3448 3521 3680 3591 συγκλη-

2116 3598 2317 3671 ρονόμα
2347 3602 2442 3655 καὶ
2468 3602 2748 3674 σύσσωμα.
2782 3606 2876 3659 καὶ
2916 3609 3230 3680 συμμέτοχα
3258 3610 3365 3663 τῶν
3390 3613 3561 3681 ἁγίων
3592 3631 3681 3666 πε-

2111 3690 2337 3762 ποίηκεν
2362 3695 2389 3746 6
2414 3694 2566 3757 Θεὸς,
2597 3695 2671 3767 μὴ
2703 3702 2914 3770 σιωπᾷν
2931 3717 2944 3729 ·
2977 3702 3068 3754 καὶ
3092 3702 3206 3766 πῶς
3226 3704 3285 3755 τὸ
3315 3704 3504 3773 θνητὸν
3527 3707 3686 3759 τοῦτο

2111 3787 2332 3854 σαρκίον
2354 3788 2631 3842 ἐνδύσεται
2662 3790 2980 3855 ἀθανασίαν,
3006 3795 3099 3848 καὶ
3127 3796 3186 3848 τὸ
3213 3797 3447 3867 φθαρτὸν
3473 3800 3679 3870 ἀφθαρι

2108 3874 2246 3938 σίαν,
2276 3877 2637 3946 διαγγέλλειν·
2656 3882 2772 3947 πῶς
2806 3901 2864 3936 τε
2887 3887 3020 3954 ἐρεῖ.
3054 3887 3103 3938 Ὀ
3131 3890 3202 3940 οὑ
3217 3889 3548 3954 λαός.ἰαύς,
3582 3891 3677 3943 καί

2104 3963 2145 4030 ἡ
2172 3967 2283 4018 οὐκ
2304 3968 2657 4038 ἠγαπημένη
2698 3974 3053 4044 ἠγαπημένη
3073 3994 3087 4006 ·
3121 3979 3214 4031 καὶ
3266 3980 3384 4042 πῶς
3429 3984 3677 4037 πλείονα

2104 4053 2215 4120 τῆς
2262 4055 2485 4125 ἐρήμου
2512 4062 2582 4114 τὰ
2605 4061 2784 4115 τέκνα
2802 4063 3043 4133 μᾶλλον
3080 4067 3117 4134 ἢ
3166 4068 3273 4135 τῆς
3291 4071 3555 4137 ἐχούσης
3576 4073 3679 4125 τὸν

2104 4146 2309 4214 ἄνδρα,
2330 4150 2646 4220 κηρύσσειν.
2666 4154 2788 4208 Ἐπὶ
2806 4156 3007 4210 τούτων
3026 4161 3133 4232 γὰρ
3146 4162 3237 4213 καὶ
3251 4163 3342 4214 ἐπὶ
3362 4162 3463 4215 τῶν
3480 4166 3677 4234 ὁμοίιον

2102 4239 2284 4304 αὐτοῖς
2324 4244 2619 4313 ἐπεϐόησεν
2657 4249 2685 4299 6
2725 4250 3043 4315 Ἀπόστολος
3070 4271 3084 4284 ·
3115 4254 3383 4322 Ὢβάθος
3411 4258 3675 4311 πλούτου

2102 4331 2196 4384 καὶ
2227 4336 2447 4403 σοφίας
2476 4338 2575 4390 καί
2613 4340 2887 4409 γνώσεως
2920 4345 3105 4400 Θεοῦ]
3136 4349 3215 4414 ὡς
3242 4349 3673 4416 ἀνεξερεύνητο

2100 4424 2171 4477 τὰ
2186 4428 2437 4495 κρίματα
2458 4432 2665 4499 αὐτοῦ,
2711 4437 2809 4487 καὶ
2852 4438 3300 4507 ἀνεξιχνίαστοι
3333 4445 3392 4493 αὶ
3422 4443 3549 4495 ὁδοὶ
3573 4447 3659 4496 ab

2099 4516 2225 4569 τοῦ.
2262 4518 2423 4572 Ἀλλά
2451 4522 2550 4574 οὐκ
2578 4526 2633 4576 ὲν
2656 4525 2731 4595 τῷ
2762 4525 2900 4597 ὑπὲρ
2921 4528 3013 4581 τὸν
3040 4531 3261 4602 κτίστην
3292 4532 3384 4583 καὶ
3406 4535 3664 4603 Δημιουρ-

2099 4607 2193 4674 γὸν
2224 4610 2450 4683 Μητέρα
2478 4617 2681 4669 τούτων
2715 4619 2757 4681 ⁸,
2790 4622 2883 4673 καὶ
2912 4621 3074 4673 αὐτοῦ
3104 4622 3431 4693 Ἐνθύμησιν
3470 4624 3665 4687 Αἱῶνος

2098 4699 2514 4773 πεπλανημένου
2564 4716 2936 4780 παρεπινοεῖν,
2991 4715 3085 4767 καὶ⁸
3114 4715 3193 4777 εἰς
3240 4715 3489 4767 τοσοῦτον
3516 4718 3664 4786 ﬁxe“

2097 4788 2448 4862 βλασφημίας
2469 4810 2485 4827 ο
2513 4797 2633 4849 οὐδὲ
2663 4800 2723 4851 τὸ
2771 4800 2910 4873 ὑπὲρ
2942 4804 3143 4874 ταύτην
3180 4806 3339 4858 πάλιν
3372 4806 3653 4877 Πλήρωμα

2092 4878 2152 4930 τὸ
2193 4881 2290 4949 μὲν
2327 4882 2422 4936 ἕνα
2473 4885 2514 4948 ⁷,
2561 4886 2655 4939 νῦν
2688 4888 2745 4939 δέ
2780 4890 3082 4961 ἀνήριθμον
3109 4891 3271 4961 φῦλον
3305 4893 3524 4945 Αἰώνων
3555 4895 3660 4945 ἐπι-

2089 4969 2399 5038 ψεύδεσθαι,
2436 4976 2615 5037 καθὼς
2670 4978 2919 5048 λέγουσιν
2964 4977 3108 5036 οὗτοι
3141 4984 3190 5035 οἱ
3238 4983 3452 5054 ἀληθῶς
3475 4984 3657 5055 ἔρημο

412 5023 679 5095 insignem
716 5028 826 5085 Deo
879 5039 1265 5094 contumeliam
1303 5041 1537 5111 faciant;
1582 5065 1760 5120 neque
1790 5061 1847 5108 ut
1875 5054 1989 5111 Ple-
2089 5061 2239 5125 θείας

2284 5065 2555 5130 συνέσεως
2597 5069 2940 5136 διδάσκαλοι,
2987 5074 3087 5143 τῆς
3132 5072 3300 5145 οὔσης
3342 5075 3656 5143 Ἐκκλησία(

411 5130 562 5169 roma
602 5121 786 5175 nescio
814 5125 958 5192 quod
994 5126 1088 5182 illa
1123 5132 1378 5201 superius
1410 5137 1571 5192 modo
1592 5155 1698 5195 xxx
1719 5141 1988 5201 duntaxat

422 5207 674 5237 ,ΓΑ-ηιμ..-
728 5214 981 5237 _I_n_.:__.
1154 5222 1168 5237 1
1240 5224 1250 5235 .
1302 5223 1329 5237 .s
1377 5226 1410 5237 ._
1550 5230 1602 5237 ...

2122 5121 2270 5224 πάσης
2298 5156 2426 5225 μίαν
2462 5121 2557 5211 καλ
2582 5160 2679 5231 τὴν
2715 5162 2885 5233 αὐτὴν
2908 5121 3091 5218 πίστίν
3124 5121 3354 5237 ἐχούσης
3383 5167 3463 5229 εἰς
3490 5166 3656 5219 πάντα

405 5207 675 5268 ΑΞοηίὺυε
722 5214 1004 5282 deﬁniant,
1046 5222 1209 5277 modo
1238 5223 1506 5282 inﬁnitam
1549 5230 1767 5286 illorum
1804 5238 1982 5291 natio-

2085 5244 2177 5296 τὸν
2204 5246 2427 5317 κόσμον,
2456 5249 2638 5315 καθὼς
2668 5254 3006 5325 προέφαμεν.

410 5322 528 5360 nom
564 5311 923 5378 constituant,
960 5324 1018 5369 ut
1044 5320 1244 5389 egregii
1297 5322 1374 5377 illi
1410 5327 1657 5396 magistri
1702 5345 1767 5384 ac
1790 5330 1976 5389 divina
2016 5338 2177 5407 plane
2209 5345 2437 5400 scientia
2464 5348 2710 5404 destituti
2734 5350 2945 5406 faciunt
2983 5369 2996 5404 :
3040 5368 3164 5408 cum
3196 5370 3306 5408 una
3362 5351 3649 5423 eademqm

410 5397 473 5423 οἷο
534 5408 585 5423 ..ι
634 5401 865 5423 ,I:_:__.___
930 5414 1003 5423 .,.
1148 5410 1158 5423 ι
1535 5417 1573 5423 .-
1644 5420 1655 5423 -
1730 5421 1739 5423 _
1840 5422 1850 5423 κ

407 5397 497 5459 sit,
534 5408 587 5451 ut
629 5401 891 5469 diximus,
930 5414 1045 5461 toto
1078 5410 1211 5465 orbe
1228 5427 1498 5479 germana»
1534 5417 1791 5475 Ecclesiae
1826 5422 1977 5479 ﬁdes.

476 5487 689 5545 XXXII.
752 5495 867 5565 Age
929 5514 1055 5553 vero
1106 5502 1384 5560 videamus
1437 5509 1600 5563 modo
1653 5520 1857 5581 quanta
1901 5516 1972 5572 sit

488 5662 727 5738 g’OgeLi,
762 5669 847 5724 l0.
928 5674 948 5703 ²
979 5673 1082 5727 lsa.
1126 5691 1233 5738 uv,
1268 5677 1316 5731 Ι.

410 5735 504 5784 καὶ
536 5735 711 5787 αὐτῶν
807 5741 826 5769 ’⁷
864 5740 988 5796 For.
1023 5745 1142 5796 τότε
1178 5735 1273 5815 μὲν
1293 5752 1604 5817 τριάκοντα.

2149 5520 2275 5573 AB‘.
2314 5523 2541 5595 Ἴδωμεν
2573 5526 2667 5580 νῦν
2698 5528 2794 5581 καὶ
2818 5529 2917 5600 τὴν
2949 5531 3152 5584 τούτων
3180 5532 3410 5587 ἄστατον
3435 5532 3647 5605 γνώμην

1396 5681 1416 5763 ξ
1452 5680 1607 5736 Rern.
1638 5701 1717 5753 ιι,
1742 5687 1831 5744 55.
1911 5690 1932 5723 ⁸
1967 5691 2021 5746 F1

2122 5694 2312 5767 τούτῳ.
2390 5701 2410 5732 ³
2449 5699 2589 5759 lren.
2623 5706 2716 5759 καὶ
2749 5707 2848 5761 οὐκ
2881 5708 2937 5761 ἐν
2967 5707 3132 5779 ἀρχῇ.
3210 5709 3230 5742 ⁸
3260 5710 3404 5765 lren.
3434 5710 3624 5766 τούτου
