4156 6358
385 360 489 416 537

1128 356 1501 414 anveasus
1540 346 1883 417 HERESES
1921 363 2054 421 LIB.
2090 363 2133 420 ι.
2174 363 2339 420 TOM.
2382 362 2531 419 u.——
2576 358 2854 416 uanas.
2887 356 3082 413 xxxr.

3544 350 3651 410 558

385 477 481 532 δύο
506 493 606 529 που
621 474 715 527 καὶ
744 472 910 544 τριῶν
938 472 1131 535 ὄντων.
1158 474 1276 540 πῶς
1311 476 1439 546 περὶ
1469 476 1579 531 τῶν
1602 478 1782 532 αὐτῶν
1809 481 1869 533 οὐ
1903 481 1970 534 τὰ

2074 484 2309 538 duorum
2339 484 2424 538 vel
2478 481 2647 537 trium
2684 481 2917 534 istorum
2953 476 3345 540 inconstantia,
3388 482 3550 543 atque
3583 474 3652 528 de

386 566 527 619 αὐτὰ
557 564 827 632 λέγουσιν,
852 562 987 617 ἀλλά
1012 565 1126 627 τοῖς
1147 565 1436 634 πράγμασι
1462 568 1688 632 καὶτοῖς
1711 570 1969 641 ὀνόμασιν

386 657 605 712 ἐναντία
646 654 1063 724 ἀποφαίνονται.
1103 657 1162 710 '0
1217 657 1314 726 μὲν
1344 656 1453 729 γὰρ
1494 659 1708 731 πρῶτος
1741 663 1851 715 ἀπὸ
1871 665 1969 735 τῆς

386 748 685 819 λεγομένης
731 748 1042 814 Γνωστικῆς
1074 748 1343 819 αἱρέσεως
1370 750 1467 813 τὰς
1498 751 1690 821 ἀρχὰς
1718 755 1798 827 εἰς
1839 754 1968 807 ίδιον

387 841 713 911 χαρακτῆρα
766 839 1134 893 διδασκαλείου
1166 840 1182 870 ¹
1220 841 1573 912 μεθαρμόσας
1622 845 1970 910 Οὐαλεντῖνος

386 930 559 994 οὕτως
618 930 1023 1003 ὲξηροφόρησεν
1064 930 1197 1000 (82),
1239 932 1564 1003 ὁρισάμενος
1601 929 1740 987 εἶναι
1790 936 1970 990 Δυάδα

387 1020 776 1090 ἀνονόμαστον,
823 1016 891 1091 ἦς
940 1020 1000 1073 τὸ
1034 1020 1132 1090 μέν
1168 1037 1222 1072 τι
1272 1020 1555 1076 καλεῖσθαι
1586 1025 1880 1096 Ἀρῤητον,
1908 1026 1969 1079 τὸ

387 1112 444 1164 δὲ
473 1112 660 1181 Σιγήν.
690 1114 918 1165 Ἔπειτα
952 1112 1015 1165 ὲκ
1044 1114 1247 1183 ταύτης
1272 1113 1472 1176 Δυάὄος
1502 1116 1765 1188 δευτέραν
1793 1118 1970 1172 Δυάδα

391 1205 815 1276 προϐεϐλῆσθαι,
848 1201 917 1278 ἦς
944 1206 1006 1258 τὸ
1046 1206 1145 1275 μέν
1178 1224 1229 1258 τι
1269 1208 1491 1278 Πατέρα
1522 1209 1795 1279 ὀνομάζει,
1825 1211 1887 1263 τὸ
1914 1211 1970 1264 δὲ

389 1298 691 1368 Ἀλήθειαν.
728 1299 823 1351 Ἐκ
866 1298 923 1351 δὲ
978 1298 1077 1368 τῆς
1124 1298 1389 1370 Τετράδος
1437 1301 1639 1371 ταύτης
1688 1320 1969 1374 καρποφο-

394 1389 602 1457 ρεῖσθαι
636 1389 808 1458 Λόγον
833 1389 925 1442 καὶ
948 1387 1121 1467 Ζωὴν⁹
1150 1390 1468 1461 Ἀνθρωπον
1492 1392 1587 1443 καὶ
1620 1393 1966 1464 Ἐκκλησίαν.

392 1479 543 1533 Εἶναί
580 1499 639 1534 τε
673 1481 872 1551 ταύτην
907 1481 1164 1550 Ὀγδοάδα
1197 1482 1441 1554 πρώτην.
1472 1485 1581 1536 Kal.
1613 1486 1719 1538 ἀπὸ
1748 1486 1848 1555 μὲν
1875 1486 1968 1539 τοῦ

390 1572 565 1641 Λόγου
590 1574 803 1643 καὶτῆς
836 1574 989 1644 Ζωῆς
1017 1574 1148 1627 δέκα
1189 1575 1445 1645 δυνάμεις
1478 1576 1627 1645 λέγει
1662 1578 1968 1649 προϐεϐλῆ-

390 1668 533 1731 σθαι,
564 1664 747 1732 καθὼς
797 1670 1205 1741 προειρήκαμεν
1233 1687 1247 1702 ’
1282 1671 1391 1723 ἀπὸ
1424 1672 1481 1724 δὲ
1518 1671 1611 1724 τοῦ
1654 1671 1967 1741 ’Λνθρώπου

390 1759 484 1810 καὶ
513 1758 615 1828 τῆς
649 1758 978 1831 Ἐκκλησίας
1006 1759 1232 1825 δώδεκα,
1263 1755 1337 1814 ὧν
1370 1762 1497 1832 μίαν
1529 1765 1843 1816 ἀποστᾶσαν
1872 1764 1969 1835 τὴν

2070 573 2263 629 iisdem
2310 588 2420 627 non
2449 572 2639 628 eadem
2685 568 3079 639 pronuntient;
3116 567 3208 623 sed
3238 574 3292 622 et
3326 565 3489 620 rebus
3514 565 3651 634 ipsis

2068 673 2124 723 et
2150 666 2433 721 vocabulis
2478 680 2508 718 a
2539 679 2598 720 se
2648 662 2881 716 invicem
2922 660 3277 718 dissentiant.
3313 658 3528 712 Etenim
3553 659 3649 729 qui

2068 772 2101 813 a
2151 757 2534 813 Gnosticorum
2586 752 2779 808 haeresi
2823 750 3141 821 deprompta
3195 748 3357 820 204
3404 748 3651 818 quaedam

2070 850 2225 905 initia
2252 850 2462 919 primus
2484 843 2778 917 peculiaris
2804 841 2872 896 ad
2904 847 3068 897 sectae
3087 840 3317 894 formam
3346 837 3649 900 transtulit,

2073 941 2397 996 Valentinus
2461 940 2537 993 ita
2584 934 2816 991 definiit.
2872 932 3160 986 Binarium
3190 930 3485 1001 quemdam
3532 928 3653 984 sine

2070 1033 2292 1089 nomine
2330 1029 2638 1093 constituit,
2665 1042 2729 1081 ex
2758 1025 2993 1079 Arrheto
3033 1031 3088 1079 ct
3120 1023 3248 1094 Sige
3285 1028 3651 1077 constantem.

2070 1126 2154 1181 Ab
2187 1126 2289 1180 hoc
2313 1122 2614 1179 secundum
2653 1124 3014 1190 propagatum
3053 1131 3176 1171 esse
3207 1114 3513 1179 Binarium,
3545 1128 3656 1183 quo

2071 1215 2254 1279 Pater,
2288 1230 2353 1269 ac
2405 1212 2620 1268 Veritas
2650 1210 2983 1266 continetur.
3018 1206 3157 1261 Tum
3195 1222 3266 1262 ex
3300 1206 3656 1277 quaternario

2075 1308 2309 1363 Verbum
2367 1314 2421 1362 et
2472 1304 2674 1370 Vitam,
2732 1303 3041 1367 Hominem,
3086 1299 3503 1369 Ecclesiamque
3527 1316 3657 1369 pro-

2070 1399 2237 1453 diisse
2263 1417 2276 1452 :
2310 1398 2451 1452 hanc
2474 1411 2598 1452 esse
2616 1394 2844 1465 primam
2876 1391 3207 1462 Ogdoadem.
3230 1389 3360 1446 Inde
3383 1407 3448 1445 ex
3477 1389 3659 1445 Verbo

2072 1508 2136 1548 ac
2181 1492 2301 1546 Vita
2366 1492 2554 1546 decem
2619 1486 2947 1559 profluxisse
2999 1486 3252 1550 virtutes,
3305 1500 3442 1554 quas
3496 1493 3655 1539 antea

2072 1584 2381 1639 retulimus.
2406 1582 2486 1635 Ab
2516 1581 2746 1635 Homine
2770 1587 2823 1633 et
2851 1578 3092 1633 Ecclesia
3126 1576 3413 1631 duodecim
3437 1594 3450 1641 ;
3478 1591 3507 1628 a
3537 1577 3658 1645 qui-

2072 1674 2177 1729 bus
2216 1689 2324 1727 una
2350 1672 2632 1733 deliciens,
2670 1669 3030 1738 ordinemque
3072 1666 3335 1722 deserens
3382 1666 3655 1736 reliquum

2073 1778 2235 1817 omne
2255 1777 2393 1831 opus
2425 1759 2679 1816 absolvit.
2712 1758 2996 1827 Adjecitet
3024 1756 3200 1812 floros
3214 1755 3389 1811 duos:
3422 1757 3655 1810 alterum

389 1848 583 1920 λοιπὴν
612 1850 995 1921 πραγματείαν
1022 1852 1370 1921 πεποιῆσθαι.
1400 1854 1601 1923 Ὄρους
1632 1872 1687 1907 τε
1730 1854 1824 1907 δύο
1866 1855 1969 1907 ὑπ-

2074 1856 2163 1925 qui
2199 1853 2430 1924 Bythum
2469 1853 2611 1906 inter
2642 1866 2704 1904 ac
2731 1850 2979 1905 Pleroma
3024 1850 3293 1919 reliquum
3346 1848 3655 1912 intercedit,

386 1938 562 2006 έθετο,
595 1941 689 1994 ἕνα
722 1943 819 2011 μὲν
878 1944 1080 2013 μεταξὺ
1126 1943 1219 1996 τοῦ
1274 1943 1446 1998 Βυθοῦ
1492 1947 1586 1999 καὶ
1639 1946 1733 1999 τοῦ
1778 1946 1966 2001 λοιποῦ

390 2031 780 2101 Πληρώματος,
810 2033 1109 2105 διορίζοντα
1134 2034 1260 2100 τοὺς
1304 2038 1591 2107 γεννητοὺς
1621 2038 1833 2102 Αίῶνας
1860 2038 1970 2091 ἀπὸ

384 2122 480 2175 ςοῦ
524 2124 821 2194 ἀγεννήτου
873 2125 1109 2196 Πατρὸς,
1156 2126 1341 2196 ἕτερον
1386 2128 1443 2181 δὲ
1491 2129 1584 2181 τὸν
1641 2129 1969 2200 ἀφορίζοντα

387 2214 538 2286 αὑτῷ
572 2219 591 2247 ³
618 2215 715 2287 τὴν
770 2216 1001 2289 Μητέρα
1042 2218 1150 2272 ἀπὸ
1175 2217 1271 2271 τοῦ
1307 2218 1701 2290 Πληρώματος.
1737 2222 1845 2273 Kal
1875 2221 1968 2274 τὸν

386 2305 623 2378 Χριστὸν
649 2307 706 2361 δὲ
738 2309 838 2361 οὐκ
869 2309 978 2363 ἀπὸ
1013 2310 1121 2363 τῶν
1170 2313 1229 2365 ὲν
1256 2310 1333 2381 τῷ
1384 2311 1718 2383 Πληρώματι
1757 2313 1969 2367 αίώνων

389 2396 965 2468 προϐεϐλῆσθαι,ἀλλὰ
997 2397 1101 2451 ὑπὸ
1134 2400 1235 2471 τῆς
1264 2400 1485 2472 Μητρὸς
1528 2400 1633 2467 ἔξω
1667 2402 1970 2473 γενομένης

386 2488 528 2542 κατὰ
545 2490 645 2560 τὴν
662 2487 887 2560 γνώμην
910 2490 1015 2542 τῶν
1040 2491 1365 2563 κρειττόνων
1388 2492 1800 2563 ἀποκεκυῆσθαι
1828 2493 1968 2563 μετά

389 2581 547 2644 σκιᾶς
579 2598 744 2644 τινος.
783 2582 892 2635 Καὶ
938 2581 1097 2635 τοῦτο
1129 2583 1228 2653 μὲν
1274 2582 1370 2637 ἆτε
1417 2585 1622 2657 ἄρῤενα
1654 2585 1969 2656 ὑπάρχοντα

386 2672 739 2741 ἀποκόψαντα
765 2674 855 2742 ἀφ’
882 2674 1075 2727 ἑαυτοῦ
1104 2674 1202 2745 τὴν
1227 2676 1404 2740 σκιὰν,
1440 2677 1774 2748 ἀναδραμεῖν
1801 2678 1881 2740 είς
1907 2677 1969 2729 τὸ

388 2764 671 2835 Πλήρωμα
697 2781 710 2795 ·
746 2766 846 2836 τὴν
889 2766 947 2819 δὲ
998 2766 1228 2838 Μητέρα
1253 2768 1671 2838 ὑπολειφθεῖσαν
1710 2768 1847 2839 μετά
1868 2768 1969 2839 τῆς

389 2860 566 2921 σκιᾶς,
585 2859 968 2928 κεκενωμένην
987 2876 1046 2910 τε
1069 2859 1167 2925 τῆς
1194 2863 1569 2932 πνευματικῆς
1595 2861 1965 2925 ὑποστάσεως,

385 2949 571 3021 Κίτιον
620 2950 733 3003 υἱὸν
784 2953 1255 3022 προενέγκασθαι·
1299 2954 1393 3008 καὶ
1440 2954 1627 3007 τοῦτον
1688 2950 1827 3006 εἶναι
1876 2954 1967 3006 τὸν

388 3044 751 3115 Δημιουργὸν,
779 3044 837 3097 ὃν
866 3046 958 3098 καὶ
990 3048 1404 3119 παντοκράτορα
1445 3047 1594 3115 λέγει
1613 3047 1720 3100 τῶν
1743 3049 1967 3099 ὑποκει-

392 3134 568 3202 μένων
615 3136 655 3188 ³.
708 3136 1232 3209 Συμπροὸεὸλῆσθαι
1287 3139 1343 3191 δὲ
1371 3138 1519 3209 αὐτῷ
1559 3139 1650 3191 καὶ
1702 3137 1969 3209 ἄριστονδ

387 3228 623 3295 ἄρχοντα
679 3227 1039 3297 ἐδογμάτισεν
1066 3230 1269 3299 ὁμοίως
1302 3232 1413 3293 τοῖς
1453 3231 1852 3301 ῥηθησομένοις
1880 3230 1970 3298 ὑφ’

388 3317 419 3386 ὴ
430 3317 544 3385 μῶν
569 3316 937 3388 ψευδωνύμως
966 3319 1313 3383 Γνωστικοῖς.
1350 3320 1462 3372 Kal.
1486 3320 1577 3371 τὸν
1610 3319 1816 3390 Ἰησοῦν
1840 3318 1974 3371 ποτὲ

390 3409 488 3478 μὲν
508 3410 616 3463 ἀπὸ
636 3412 729 3463 τοῦ
760 3412 1112 3475 συσταλέντος
1144 3412 1253 3465 ἀπὸ
1279 3411 1379 3482 τῆς
1400 3413 1619 3484 Μητρὸς
1646 3413 1824 3466 αὐτῶν
1850 3429 1976 3465 συν-

387 3499 747 3568 αναχυθέντος
770 3504 881 3562 τοῖς
907 3501 1049 3565 ὅλοις
1090 3502 1494 3575 προϐεϐλῆσθαί
1538 3521 1689 3573 φασι,
1726 3503 1974 3557 τουτέστι

384 3588 481 3641 τοῦ
514 3589 750 3659 Θελητοῦ
771 3607 784 3618 ·
836 3593 967 3646 ποτὲ
1009 3593 1065 3647 δὲ
1111 3594 1218 3647 ἀπὸ
1250 3594 1344 3646 τοῦ
1376 3595 1781 3666 ἀναδραμόντος
1810 3596 1888 3658 εἰς
1914 3594 1976 3647 τὸ

388 3682 689 3753 Πλήρωμα,
751 3685 999 3738 τουτέστι
1038 3686 1134 3739 τοῦ
1167 3687 1402 3758 Χριστοῦ
1426 3704 1439 3718 ο
1474 3688 1604 3740 ποτὲ
1633 3688 1689 3741 δὲ
1728 3688 1835 3740 ἀπὸ
1876 3686 1969 3739 τοῦ

400 3773 713 3843 Ἀνθρώπου
744 3777 954 3847 καὶτῆς
994 3778 1341 3849 Ἐκκλησίας.
1362 3779 1467 3833 Καὶ
1494 3780 1554 3833 τὸ
1582 3780 1805 3849 Πνεῦμα
1826 3778 1882 3832 δὲ
1908 3778 1968 3831 τὸ

386 3864 541 3931 ἆγιον
594 3868 698 3920 ὑπὸ
748 3871 847 3938 τῆς
875 3870 1203 3941 Ἐκκλησίας
1259 3872 1392 3942 φησι
1433 3870 1836 3942 προϐεϐλῆσθαι
1887 3872 1967 3931 εἰς

2070 1953 2124 2001 et
2152 1944 2365 2015 genitos
2426 1943 2633 1998 [Eouas
2664 1942 2732 1996 ab
2762 1941 3004 2012 ingenito
3036 1940 3196 1995 Patre
3231 1941 3464 2005 dirimit;
3522 1942 3657 1995 alte—

2069 2053 2191 2092 rum
2238 2036 2331 2106 qui
2396 2034 2623 2088 Matrem
2685 2034 2903 2087 illorum
2936 2048 2966 2086 a
3033 2031 3343 2087 Pleromate
3398 2032 3657 2086 secernit.

2068 2130 2349 2186 Christum
2384 2141 2548 2197 porro
2579 2140 2685 2180 non
2725 2140 2754 2178 a
2776 2125 3099 2180 Pleromatis
3127 2123 3399 2179 [Eonibus
3430 2125 3657 2188 editum,

2070 2222 2166 2279 sed
2201 2221 2270 2275 ab
2298 2217 2502 2275 extorri
2532 2215 2701 2271 Matre
2720 2231 2787 2270 ex
2822 2215 3108 2270 meliorum
3137 2214 3513 2270 recordatione
3536 2229 3662 2270 cum

2069 2312 2304 2384 quadam
2329 2312 2520 2365 umbra
2550 2314 2921 2379 procreatum.
2950 2306 3343 2377 Eutndemque,
3372 2322 3497 2361 cum
3516 2319 3663 2361 esset

2070 2403 2371 2463 masculus,
2407 2400 2620 2470 ahjecta
2648 2415 2675 2454 a
2699 2405 2873 2456 semet
2899 2399 3090 2454 umbra
3111 2399 3178 2452 ad
3204 2396 3455 2452 Pleroma
3484 2413 3667 2453 recur-

2070 2494 2239 2559 risse;
2277 2491 2502 2546 Matrem
2548 2506 2677 2545 vero
2708 2505 2834 2545 cum
2868 2490 3064 2544 umbra
3100 2489 3371 2554 relictam,
3406 2505 3467 2544 ac
3499 2490 3665 2559 spiri—

2068 2587 2162 2639 tali
2190 2584 2499 2639 substantia
2531 2584 2879 2645 cxhaustam,
2913 2581 3078 2635 alium
3117 2596 3437 2651 procreasse
3467 2582 3662 2645 filium,

2068 2675 2320 2729 videlicet
2366 2673 2740 2735 Conditorem,
2785 2672 2872 2725 cui
2925 2671 2979 2724 in
3033 2671 3241 2735 omnia,
3284 2686 3406 2740 quae
3442 2671 3662 2739 quidem

2069 2767 2172 2837 ipsi
2187 2765 2429 2835 subjecta
2453 2774 2599 2827 sunt,
2615 2764 2951 2819 dominatum
2971 2778 3033 2817 ac
3055 2771 3374 2833 potestatem
3392 2762 3663 2817 tribuunt.

2070 2859 2203 2914 Cum
2236 2859 2339 2912 hoc
2370 2868 2423 2912 et
2451 2857 2617 2911 alium
2643 2859 2966 2926 productum
2998 2874 3120 2913 esse
3143 2858 3427 2911 sinistrum
3463 2857 3664 2926 princi—

2071 2966 2191 3022 pem
2218 2951 2517 3005 arbitratus
2540 2956 2623 3003 est
2644 2965 2657 3001 :
2680 2952 2907 3019 perinde
2939 2949 3259 3004 uthostici
3286 2950 3384 3015 illi,
3420 2949 3557 3002 falso
3588 2949 3664 3003 ita

2073 3044 2226 3107 dicti,
2258 3044 2326 3097 de
2360 3043 2559 3113 quibus
2589 3047 2777 3111 postea
2808 3041 3072 3096 dicemus.
3109 3041 3294 3095 Jesum
3330 3058 3492 3111 porro
3524 3058 3664 3095 non-

2075 3151 2358 3206 nunquam
2419 3150 2448 3187 a
2501 3132 2726 3187 Theleto
2762 3133 2856 3186 illo
2900 3134 3141 3203 genitum
3180 3133 3432 3195 allirmat,
3470 3134 3561 3202 qui
3595 3132 3667 3187 ab

2077 3232 2320 3301 ipsorum
2352 3227 2520 3281 Matre
2543 3233 2883 3289 contractus,
2915 3241 3132 3295 unaque
3159 3223 3668 3279 cumUniversitate

2079 3324 2339 3395 profusus
2374 3332 2489 3387 est;
2545 3320 2821 3375 interdum
2869 3320 2937 3374 ab
2966 3335 3052 3383 eo,
3087 3320 3179 3389 qui
3227 3335 3285 3374 se
3315 3319 3381 3372 ad
3415 3318 3667 3373 Pleroma

2080 3416 2372 3485 receperit,
2431 3411 2643 3468 scilicet
2698 3410 2944 3465 Christo.
2984 3411 3134 3465 Alias
3174 3425 3201 3462 a
3232 3410 3455 3463 Christo
3484 3417 3538 3463 ct
3568 3411 3669 3465 Ec-

2083 3505 2268 3559 clesia.
2302 3503 2568 3573 Spiritum
2604 3500 2840 3571 denique
2882 3510 3135 3555 sanctum
3176 3500 3243 3553 ab
3276 3498 3523 3551 Ecclesia
3557 3498 3669 3551 ori-

2081 3597 2258 3665 ginem
2290 3594 2527 3648 traxisse
2560 3600 2734 3662 putat,
2760 3603 2813 3645 et
2848 3592 2913 3644 ad
2960 3590 3358 3645 examinandos
3390 3605 3452 3643 ac
3482 3589 3667 3642 fecun-

2080 3684 2251 3738 ditate
2297 3681 2587 3736 donandos
2642 3679 2851 3735 Aionas
2899 3680 3127 3743 editum,
3170 3696 3293 3733 cum
3334 3681 3390 3734 in
3439 3681 3560 3734 illos
3594 3680 3667 3732 ita

2076 3776 2359 3835 subiisset,
2392 3782 2451 3826 ut
2492 3772 2662 3841 aspici
2708 3772 2858 3825 nullo
2887 3773 3047 3826 modo
3082 3781 3302 3843 posset;
3336 3772 3495 3843 cujus
3531 3772 3666 3826 adeo

2074 3866 2176 3935 ipsi
2204 3864 2469 3920 beneficio
2494 3864 2740 3918 veritatis
2771 3864 2970 3932 stirpes
3006 3867 3284 3919 emittunt.

387 3958 673 4031 ἀνάκρισιν
735 3963 822 4015 καὶ
879 3965 1259 4037 καρποφορίαν
1297 3965 1407 4019 τῶν
1444 3964 1687 4031 Αἰώνων,
1742 3965 1990 4035 ἀοράτως
2052 3962 2131 4024 είς
2188 3959 2382 4022 αὐτοὺς
2412 3956 2610 4010 είσιόν·
2643 3956 2709 4009 δι’
2755 3949 2814 4008 οὗ
2867 3957 2994 4029 τοὺς
3043 3956 3257 4020 Αίῶνας
3300 3956 3679 4029 καρποφορεῖν.

386 4055 455 4109 τὰ
489 4056 633 4125 φυτά
662 4057 760 4127 τῆς
789 4058 1066 4129 ἀληθείας.

386 4173 817 4240 Πεπλήρωνται
869 4173 941 4227 τὰ
969 4176 1291 4244 ΕΖρηναίου
1338 4178 1489 4231 κατὰ
1534 4176 1969 4230 Οὐαλεντίνων.

458 4281 580 4337 ΛΓ.
607 4285 717 4339 Kal.
737 4285 908 4339 ταῦτα
932 4289 1029 4358 μὲν
1054 4289 1148 4341 καὶ
1171 4289 1238 4342 τὰ
1257 4289 1481 4343 τοιαῦτα
1509 4291 1536 4342 ὁ
1567 4288 1974 4360 προειρημένος

388 4378 528 4447 ἀνὴρ
552 4378 861 4451 πρεσϐύτης
912 4382 1220 4452 Εἰρηναῖος,
1246 4385 1273 4435 ὁ
1298 4383 1440 4436 κατὰ
1485 4383 1664 4436 πάντα
1691 4383 1755 4435 ἐκ
1801 4379 1971 4433 live-.3-

2262 4156 2531 4211 lfactcnus
2560 4156 2799 4211 Irenams
2830 4166 3015 4210 contra
3067 4155 3489 4214 Valentinianos.

2152 4274 2390 4331 XXXIII.
2428 4273 2552 4328 Haec
2574 4282 2740 4343 atque
2773 4273 2857 4328 his
2878 4273 3075 4327 similia
3117 4274 3357 4342 Optimus
3390 4275 3478 4330 ille
3500 4292 3667 4331 senex

2082 4369 2319 4423 Irenatus
2362 4367 2588 4420 totidem
2630 4366 2810 4420 verbis
2844 4365 2911 4419 de
2948 4365 3262 4427 vanissimis
3299 4366 3515 4421 illorum
3553 4372 3663 4437 Opi-

392 4483 560 4535 ματος
586 4466 738 4535 ἁγίου
761 4472 1195 4541 κεκοσμημένος,
1232 4470 1307 4534 ώς
1326 4475 1572 4539 γενναῖος
1596 4470 1834 4541 ἀθλητὴς
1866 4469 1970 4522 ὑπὸ

2082 4460 2338 4514 nionibus
2362 4459 2643 4524 disseruit,
2680 4457 2840 4527 205
2872 4459 2954 4511 vir
2976 4458 3203 4512 omnino
3228 4457 3466 4529 Spiritus
3494 4462 3667 4515 sancti

396 4554 482 4606 τοῦ
535 4555 741 4624 Κυρίου
792 4558 1252 4629 προϐεϐλημένος,
1314 4563 1407 4613 καὶ
1461 4560 1809 4629 ὲπαλειιρθεὶς
1862 4562 1972 4622 τοῖς

391 4645 730 4715 ὲπουρανίοις
751 4648 1052 4718 χαρίσμασι
1076 4652 1186 4712 τοῖς
1214 4650 1353 4702 κατά
1374 4651 1471 4721 τὴν
1504 4650 1761 4720 ἀληθινὴν
1791 4650 1973 4702 πίστιν

392 4736 487 4788 καὶ
507 4735 728 4804 γνῶσιν,
779 4739 1195 4803 καταπαλαίσας
1227 4758 1286 4793 τε
1326 4742 1420 4794 καὶ
1460 4743 1991 4811 καταγωνισάμενος

391 4828 489 4898 τὴν
518 4829 702 4882 πᾶσαν
759 4830 939 4883 αὐτῶν
974 4831 1189 4903 ληρώδη
1224 4832 1501 4899 ὑπόθεσιν,
1552 4833 1795 4904 διεξῆλθε
1831 4832 1975 4886 κατά

391 4920 546 4987 λόγον
567 4922 637 4975 τὰ
668 4921 759 4974 ὑπ’
786 4922 963 4976 αὐτῶν
1021 4921 1494 4994 κενοῖρωνοὺμενα.
1562 4926 1865 4997 ’Λκρότατα
1917 4926 1975 4979 δὲ

391 5013 584 5076 αὐτοὺς
601 5015 659 5066 ὲν
686 5014 766 5086 τῷ
788 5015 914 5086 έξῆς
936 5016 1171 5089 δευτέρῳ
1188 5019 1347 5071 αὑτοῦ
1380 5019 1523 5090 λόγῳ
1551 5021 1643 5073 καὶ
1666 5022 1778 5083 τοῖς
1799 5020 1977 5082 ἄλλοις

391 5102 637 5173 διήλεγξε
684 5106 1104 5177 περιττοτέρως,
1137 5108 1456 5179 βουλόμενός
1510 5127 1627 5173 πως
1665 5110 1755 5163 τὸν
1800 5112 1977 5180 χαμαὶ

391 5194 642 5265 ῥιφέντα,
676 5196 769 5249 καλ⁸
796 5198 876 5286 είς
894 5192 1063 5269 ἧτταν
1092 5201 1373 5270 τραπέντα
1407 5201 1589 5274 σῦραι,
1620 5204 1713 5255 καὶ
1747 5202 1977 5255 ἐνώπιον

391 5287 611 5341 πάντων
658 5284 1023 5357 θριαμϐεῦσαί
1082 5306 1143 5342 τε
1192 5292 1287 5343 καὶ
1311 5291 1562 5363 φωρᾶσαι
1604 5292 1703 5363 τὴν
1739 5293 1795 5344 ἐν
1829 5291 1978 5362 αὖτῴ

398 5377 466 5447 τῷ
517 5376 729 5447 ριφέντι
777 5379 1131 5449 ἀναίσχυντόν
1163 5397 1221 5433 τε
1254 5381 1346 5433 καὶ
1391 5381 1591 5452 ἀσθενῆ
1644 5382 1979 5454 προῦκλησιν

393 5468 891 5540 ματαιοφροσύνης.
949 5472 1143 5542 Ἡμεῖς
1206 5472 1293 5536 δὲ,
1347 5471 1708 5544 ἀρκεσθέντες
1758 5476 1870 5538 τοῖς
1913 5491 1973 5526 τε

466 5624 482 5653 ¹
508 5623 648 5679 lren.
674 5624 907 5695 ἀρχαίας
936 5626 1306 5691 διδασκκλίας.

1386 5630 1406 5658 ⁴⁸
1434 5628 1576 5685 lrcn.
1613 5628 1812 5682 αὐτῶν.
1892 5628 1912 5660 ³
1946 5629 2089 5682 lren
2124 5630 2390 5700 ἀποκειμ.
2424 5626 2595 5698 αὐτῷ.

2079 4556 2239 4611 donis
2288 4554 2774 4616 instructissimus,
2826 4569 2889 4607 ac
2943 4560 3202 4622 tanquam
3251 4553 3409 4609 fortis
3467 4555 3667 4611 athleta

2081 4646 2383 4718 productus
2427 4661 2457 4699 a
2495 4644 2747 4708 Domino,
2782 4651 2837 4699 et
2863 4644 3182 4699 coelestibus
3213 4647 3573 4709 ornamentis,
3609 4656 3666 4700 ut

2079 4741 2151 4793 ita
2176 4738 2429 4801 dixerim,
2463 4737 2531 4791 ad
2587 4746 2867 4792 certamen
2910 4745 3237 4807 perunctus;
3285 4739 3377 4807 qui
3435 4739 3666 4793 sincera:

2082 4832 2205 4887 fidei
2234 4846 2297 4886 ac
2324 4830 2567 4887 scientiae
2606 4829 2879 4899 prazsidiis
2912 4829 3134 4883 illorum
3166 4830 3465 4898 prostravit
3506 4844 3666 4883 ever-

2085 4929 2260 4996 titque
2288 4924 2594 4980 mendacia.
2631 4921 2788 4988 Quod
2812 4922 2865 4975 in
2891 4919 3135 4976 secundo
3169 4921 3308 4975 libro
3343 4937 3407 4975 ac
3434 4937 3665 4991 sequen-

2081 5020 2228 5074 tibus
2290 5018 2409 5073 aliis
2473 5015 2818 5087 potissimum
2847 5014 3095 5085 perfecit,
3131 5013 3225 5067 ubi
3271 5014 3395 5068 illos
3418 5014 3665 5069 uberiore

2081 5111 2221 5180 stylo
2246 5108 2550 5163 confutavit
2581 5122 2595 5159 :
2630 5122 2754 5161 cum
2789 5107 2935 5161 velut
2962 5106 3114 5159 humi
3153 5104 3426 5175 abjectum
3487 5120 3551 5159 ac
3575 5121 3664 5160 su-

2082 5209 2329 5271 peratum
2395 5200 2777 5256 adversarium
2841 5198 3083 5261 trahere,
3142 5200 3207 5251 ae
3261 5196 3667 5267 quodammodo

2082 5292 2426 5362 triumphare
2477 5292 2631 5347 visus
2686 5297 2769 5344 est
2797 5291 2955 5354 velle,
2986 5297 3040 5344 et
3073 5289 3346 5360 proﬂigati
3386 5290 3667 5359 nugatoria

2084 5384 2455 5454 impudentem
2490 5388 2665 5452 magis
2719 5395 2881 5451 quam
2915 5380 3109 5435 fortem
3150 5381 3219 5435 ad
3264 5381 3667 5451 provocandum

2081 5473 2369 5529 audaciam
2394 5473 2573 5542 palam
2603 5470 2860 5527 omnibus
2886 5469 3157 5541 detegere.
3192 5468 3303 5526 Nos
3331 5478 3511 5526 autem
3536 5484 3666 5542 par~

2676 5627 2696 5660 ‘
2717 5625 2858 5680 lren.
2885 5626 3189 5696 ἀριστερόν.

467 5782 580 5853 (82)
621 5784 819 5851 Οὕτως
840 5783 1308 5855 ἐξηροφῲησεν.
1331 5787 1597 5857 Corrupta
1627 5804 1749 5853 vox,
1785 5788 1965 5856 inqua

2074 5790 2404 5844 vinatianem
2434 5787 2668 5852 experiri
2707 5804 2817 5842 non
2850 5794 3024 5839 vacat.
