4156 6358
472 304 579 362 559

1865 315 1923 370 S.
1967 313 2311 372 EPIPHANII

3647 324 3755 382 5.10

475 414 572 465 tim
608 411 695 479 iis,
720 427 840 481 quae
868 429 895 467 a
934 414 1089 468 nobis
1121 416 1355 474 breviter
1386 430 1514 474 sunt
1535 423 1836 493 disputata,
1862 427 2055 497 partim

2165 433 2296 500 παρ’
2331 433 2491 502 ἡμῶν
2523 432 2791 503 λεχθεῖσιν
2823 434 3044 504 ὀλίγοις,
3079 434 3176 489 καὶ
3226 438 3336 498 τοῖς
3370 433 3474 486 ὐπδ
3508 434 3616 487 τῶν
3652 437 3752 505 τῆς

473 520 597 573 quae
639 505 707 558 ab
757 505 880 559 aliis
914 509 1147 561 sinceris
1184 509 1236 561 id
1272 526 1446 580 genus
1479 517 1845 585 scriptoribus
1874 521 2064 575 elucu-

477 596 628 649 brata
685 604 835 658 sunt,
883 598 1147 660 contenti,
1190 614 1314 654 cum
1373 607 1667 662 nonnullos
1708 624 1930 680 quoque
1975 611 2060 665 vi-

2165 519 2421 590 ἀληθείας
2467 525 2828 595 συγγραφέων
2885 526 3092 579 τούτων
3143 525 3378 596 λεχθεῖσι
3410 542 3469 578 τε
3507 527 3600 579 καὶ
3637 544 3749 580 συν-

2164 613 2425 682 ταχθεῖσι,
2457 618 2548 669 καὶ
2587 617 2840 688 ὁρῶντες,
2896 621 2978 672 ὅτι
3011 618 3157 673 ἄλλοι
3194 620 3558 689 πεπονήκασι,
3604 619 3750 688 φημὶ

473 685 700 740 deamus
725 687 791 740 de
812 687 916 740 hoc
956 700 1278 757 argumento
1308 695 1623 762 scripsisse,
1652 701 2055 771 praesertimque

2161 704 2218 757 δὲ
2253 705 2484 777 Κλήμης
2525 685 2630 761 acati
2652 709 2938 780 Εἰρηναῖος
2965 710 3062 763 καὶ
3107 685 3442 775 Ἱππόλυτος,
3481 710 3578 762 καὶ
3599 685 3750 763 ἄλλοι

471 778 826 844 Clementem,
855 781 1114 836 Irenaeum
1170 790 1223 836 et
1249 782 1618 858 Hippolytum,
1639 791 1883 862 aliosque
1913 809 2063 848 com-

475 871 686 940 plures,
737 873 832 943 qui
885 875 1192 929 admirabili
1234 878 1470 947 quadam
1528 881 1790 940 facultate
1842 886 2061 942 illorum

473 964 731 1033 dogmata
781 965 1114 1032 refutat-unt,
1149 984 1258 1024 non
1289 971 1520 1026 multum
1554 975 1608 1028 in
1643 992 1731 1040 eo,
1768 986 1828 1031 ut
1853 979 2060 1034 dictum

473 1063 581 1119 est,
621 1056 907 1112 elaborare
969 1059 1304 1124 studuimus,
1334 1062 1472 1116 satis
1517 1079 1794 1135 superque
1841 1067 2060 1123 illorum

473 1161 640 1216 opera
677 1145 880 1202 factum
911 1149 1155 1204 arbitrati
1185 1169 1197 1203 :
1231 1152 1393 1221 idque
1426 1153 1604 1223 ipsum
1640 1158 1783 1228 apud
1815 1176 1916 1216 nos
1947 1164 2063 1216 exi-

473 1240 780 1304 stimantes,
827 1240 1098 1294 neminem
1145 1257 1268 1297 esse
1323 1245 1603 1313 paululum
1646 1249 2058 1323 intelligentem,

473 1330 561 1385 cui
602 1329 685 1383 vel
711 1345 778 1384 ex
836 1330 972 1400 ipsis
1006 1328 1225 1386 illorum
1274 1333 1432 1389 libris
1469 1350 1534 1389 ac
1567 1337 1915 1408 dogmatibus
1951 1357 2062 1397 non

469 1437 535 1474 ea
567 1420 723 1477 facile
748 1434 1062 1494 occurrant,
1090 1440 1213 1495 qu:e
1254 1423 1323 1478 ad
1354 1425 1476 1482 illos
1507 1428 1834 1487 refellendos
1866 1433 2060 1488 idonea

540 1605 784 1663 XXXIV.
822 1606 880 1663 lu
907 1609 1100 1679 primis
1133 1611 1278 1682 quod
1310 1612 1632 1683 opinionum
1667 1629 1697 1668 a
1729 1631 1788 1670 se
1821 1614 2058 1670 invicem

472 1703 736 1757 varietate
760 1704 1115 1768 dissentiant,
1141 1706 1392 1776 alterque
1428 1707 1656 1760 alterius
1681 1707 1901 1761 decreta
1925 1723 2056 1761 con-

2164 797 2401 861 πλειους,
2449 799 2498 851 οἳ
2553 800 2646 852 καὶ
2693 800 3024 872 Θαυμαστῶς
3073 801 3170 872 τὴν
3230 802 3352 855 κατ’
3409 802 3590 855 αὐτῶν
3649 820 3748 856 πε-

2163 890 2415 958 ποίηνται
2455 890 2788 962 ἀνατροπὴν,
2825 893 2887 945 οὐ
2943 893 3084 946 πάνυ
3130 892 3288 962 τιτῷ
3318 892 3553 962 καμάτῳ
3583 909 3751 962 προσ-

2163 979 2357 1046 Θεῖναι,
2388 981 2464 1044 ὡς
2499 985 2780 1053 προεῖπον,
2816 984 3183 1055 ἠθελήσαμεν,
3241 983 3599 1048 ίκανωθέντες
3639 986 3752 1047 τοῖς

2163 1074 2581 1144 προειρημένοις
2610 1075 2860 1146 ἀνδράσι,
2891 1075 2983 1128 καὶ¹
3011 1077 3142 1129 αὐτὸ
3169 1075 3326 1129 τοῦτο
3351 1075 3749 1145 διανοηθέντες,

2160 1165 2242 1217 ὅτι
2283 1165 2446 1217 παντὶ
2476 1166 2681 1237 συνετῷ
2712 1167 2807 1221 καὶ
2838 1166 2895 1234 ἐξ
2925 1167 3106 1220 αὐτῶν
3131 1168 3239 1220 τῶν
3261 1170 3318 1220 ἐν
3344 1170 3456 1230 τοῖς
3485 1167 3750 1236 διδάγμα-

2164 1273 2248 1309 σιν
2277 1257 2456 1310 αὐτῶν
2486 1259 2658 1326 λόγων
2687 1260 2720 1329 ή
2759 1259 3040 1330 ἀνατροπὴ
3075 1259 3252 1313 αὐτῶν
3285 1261 3404 1313 κατ’
3432 1257 3613 1312 αὐτῶν
3643 1274 3750 1326 φα-

2161 1347 2407 1416 νήσεται.

2230 1606 2350 1660 ΛΔ’.
2377 1605 2596 1677 Πρῶτον
2621 1606 2718 1676 μὲν
2738 1607 2819 1661 ἔτι
2842 1606 3074 1677 διάφορα
3096 1608 3226 1676 παρ’
3248 1607 3430 1670 αὐτοῖς
3451 1606 3519 1660 τὰ
3542 1607 3746 1679 φρονή-

2163 1714 2326 1768 ματα,
2352 1697 2445 1751 καὶ
2470 1698 2555 1750 ἓτε
2561 1715 2654 1767 ρος
2676 1696 2745 1749 τὰ
2767 1696 2859 1749 τοῦ
2883 1697 3069 1766 ἐτέρου
3098 1696 3391 1749 καταλύειν
3411 1697 3747 1765 ἐπαγγέλλε-

472 1792 675 1847 vellere
724 1809 846 1848 sese
890 1797 1230 1863 profiteatur.
1282 1775 1491 1850 Deinde
1541 1797 1686 1865 quod
1742 1798 1881 1851 tales
1943 1799 2054 1853 sint

2158 1807 2244 1843 ται
2260 1805 2274 1818 °
2291 1790 2538 1860 δεύτερον
2557 1790 2634 1855 δὲ,
2649 1791 2730 1843 ὅτι
2751 1789 3030 1843 ἁσύστατα
3049 1789 3118 1842 τὰ
3135 1790 3266 1859 παρ’
3283 1789 3467 1851 αὐτοῖς
3487 1789 3748 1859 μυθοποι-

472 1883 692 1936 illorum
738 1883 960 1950 fabulae,
991 1893 1050 1939 ut
1097 1887 1374 1940 cohaerere
1430 1887 1582 1941 nullo
1614 1887 1776 1942 modo
1819 1887 2052 1957 possint,

467 1990 592 2028 cum
625 1993 804 2046 neque
841 1978 897 2031 in
945 1981 1122 2034 sacris
1163 1979 1414 2046 Litteris,
1459 1995 1562 2036 nec
1600 1983 1656 2035 in
1712 1981 1880 2038 Mosis
1916 1981 2051 2052 lege,

468 2083 644 2138 neque
702 2070 845 2138 apud
897 2069 1047 2126 Mose
1091 2072 1430 2127 recentiores
1481 2073 1778 2142 prOphetas
1834 2075 2053 2128 illarum

469 2169 650 2215 exstet
684 2163 794 2215 ulla
835 2163 1071 2227 mentio;
1120 2179 1297 2232 neque
1332 2179 1361 2216 a
1399 2162 1687 2220 Salvatore
1727 2165 2051 2235 quidquam,

468 2253 552 2306 vel
585 2253 706 2321 ejus
740 2254 1119 2324 evangelistis,
1146 2263 1241 2308 aut
1273 2253 1510 2323 denique
1537 2256 1801 2324 apostolis
1828 2257 1896 2310 de
1920 2256 2055 2310 iisee

468 2344 543 2397 sit
594 2345 904 2414 proditum:
965 2360 1092 2400 nam
1163 2345 1209 2401 si
1261 2347 1483 2400 veritati
1541 2346 1633 2400 illa
1685 2356 2052 2402 consentanea

470 2434 672 2500 forent,
699 2446 844 2490 certe
879 2436 1163 2500 Dominus,
1189 2435 1282 2506 qui
1313 2435 1379 2488 ad
1408 2435 1829 2490 illuminandum
1863 2437 2052 2491 orbem

468 2535 714 2590 venerat,
744 2537 800 2582 et
835 2537 960 2582 ante
995 2529 1149 2581 illum
1182 2526 1486 2596 pr0phetaa,
1521 2535 1635 2580 tum
1671 2528 1924 2596 apostoli,
1959 2528 2052 2597 qui

469 2619 735 2675 falsorum
795 2617 1023 2674 deorum
1077 2619 1552 2688 superstitionem,
1603 2634 1666 2672 ac
1716 2619 2050 2689 flagitiorum

469 2710 853 2779 scelerumque
876 2726 1049 2780 genus
1073 2725 1236 2763 omne
1260 2709 1678 2780 redarguerunl,
1703 2726 1801 2762 nec
1834 2711 2053 2780 impiam

467 2817 687 2856 omnem
718 2801 1169 2870 contrariamque
1194 2801 1502 2855 doctrinam
1529 2800 1752 2870 scriptis
1783 2801 1898 2853 suis
1929 2815 2055 2867 pro—

465 2892 652 2964 fligare
686 2899 816 2948 sunt
841 2891 998 2946 veriti
1033 2907 1047 2955 ;
1079 2891 1180 2954 illi,
1231 2891 1477 2960 inquam,
1533 2897 1720 2957 aperte
1761 2888 1920 2942 nobis
1961 2890 2054 2942 illa

468 2980 916 3052 significassent,
973 2981 1276 3049 praisertim
1328 2995 1452 3033 cum
1509 2976 1766 3031 Salvator
1817 2977 1888 3032 ita
1940 2978 2056 3047 ipse

465 3075 733 3129 dixisset:
769 3072 988 3128 theris
1020 3073 1228 3142 quidem
1267 3073 1319 3125 in
1353 3070 1648 3139 parabolis,
1687 3069 1829 3123 vobis
1879 3079 2054 3123 autent

2157 1881 2363 1950 ήματα,
2383 1881 2506 1934 οὐτε
2533 1899 2634 1934 που
2664 1883 2703 1933 Γ
2709 1881 2886 1953 ραφῆς
2909 1881 3188 1952 εἰπούσης,
3209 1881 3334 1934 οὔτε
3354 1881 3449 1934 τοῦ
3468 1883 3743 1945 Μωῦσέως

2156 1973 2344 2042 νόμου,
2373 1971 2496 2026 οῦτε
2529 1975 2674 2037 τινὸς
2703 1976 2984 2046 προφήτου
3014 1973 3122 2028 τῶν
3173 1974 3313 2044 μετὰ
3340 1975 3600 2040 Μωῢσέα,
3629 1975 3748 2027 ἀλλ’

2154 2061 2279 2114 οὕτε
2317 2062 2411 2116 τοῦ
2454 2065 2738 2134 Σωτῆρος,
2779 2065 2901 2118 οὔτε
2935 2065 3042 2118 τῶν
3085 2065 3251 2118 αὐτοῦ
3301 2065 3744 2135 εὐαγγελιστῶν,

2156 2154 2270 2207 ἀλλ’
2298 2153 2421 2207 οὔτε
2459 2157 2566 2226 μὴν
2595 2157 2702 2209 τῶν
2733 2158 3064 2210 ἀποστόλων.
3092 2159 3154 2210 El
3184 2157 3293 2229 γάρ
3316 2159 3490 2211 ταῦτα
3514 2160 3742 2230 ἀληθινὰ

2157 2247 2421 2318 ὑπῆρχεν,
2460 2250 2490 2301 6
2533 2248 2700 2304 ἐλθὼν
2735 2250 2964 2318 φωτίσαι
3003 2249 3100 2320 τὴν
3147 2251 3472 2321 οἰκουμένην
3517 2251 3741 2322 Κύριος,

2155 2337 2251 2388 καὶ
2280 2339 2385 2409 πρὸ
2417 2338 2582 2392 αὐτοῦ
2615 2340 2664 2390 οἱ
2703 2340 3000 2410 προφῆται,
3037 2341 3229 2393 ἔπειτα
3275 2341 3333 2393 δὲ
3368 2342 3462 2393 καὶ
3507 2342 3557 2392 οἱ
3604 2342 3744 2394 ἀπό-

2157 2429 2330 2482 στολοι
2374 2431 2424 2482 οἱ
2455 2429 2770 2498 ὲλέγξαντες
2813 2431 2912 2502 τὴν
2961 2432 3436 2503 εἰδωλολατρεέαν,
3473 2433 3652 2486 πᾶσάν
3683 2450 3744 2486 τε

2155 2521 2473 2591 παράνομον
2496 2522 2716 2593 πρᾶξιν,
2740 2523 2833 2575 καὶ
2859 2523 2932 2593 μὴ
2954 2522 3322 2586 δειλιάσαντες
3346 2525 3578 2595 γράφειν
3601 2525 3747 2578 κατὰ

2155 2612 2335 2682 πάσης
2373 2614 2690 2684 παρανόμου
2727 2615 3072 2678 διδασκαλίας
3103 2617 3194 2668 καὶ
3223 2617 3620 2687 ἐναντιότητος,
3649 2634 3745 2669 σα-

2157 2704 2271 2771 φῶς
2305 2703 2370 2756 ἂν
2411 2705 2477 2756 τὰ
2517 2705 2740 2758 τοιαῦτα
2771 2707 2900 2775 ἡμῖν
2931 2707 3335 2775 κατήγγελλον·
3381 2709 3477 2761 καὶ
3511 2708 3744 2778 μάλιστα

2156 2796 2318 2848 αὐτοῦ
2355 2795 2448 2849 τοῦ
2481 2799 2730 2867 Σωτῆρος
2776 2797 3048 2864 λέγοντος,
3085 2799 3168 2850 ὃτι
3203 2798 3330 2864 Τοῖς
3368 2799 3488 2868 μὲν
3514 2799 3630 2864 ἔξω
3676 2801 3748 2852 ἐν

2157 2889 2544 2955 παραϐολαῖς,
2579 2889 2722 2957 ὑμῖν
2749 2889 2819 2941 δὲ
2845 2890 2945 2954 τὰς
2972 2891 3318 2957 παραϐολὰς
3345 2893 3433 2956 είς
3456 2891 3748 2944 ἐπίλυσιν

2150 2981 2475 3046 βασιλείας
2505 2978 2780 3047 οὐρανῶν
2815 2981 3056 3048 ῥητέον.
3091 2983 3260 3044 Ὅσας
3291 2981 3423 3049 γοῦν
3468 2984 3528 3035 έν
3565 2982 3748 3050 Εὐαγ-

2156 3071 2357 3140 γελίοις
2384 3072 2699 3142 παραϐολὰς
2727 3073 2967 3142 εἴρηκεν,
2989 3071 3152 3135 εὐθὺς
3180 3072 3440 3135 ἐπιλύσας
3471 3073 3743 3141 φαίνεται.

461 3165 736 3226 mrabolw
762 3167 829 3217 ad
861 3165 1005 3234 regni
1030 3163 1254 3217 cwlestis
1285 3163 1678 3216 enarrationem
1704 3161 2052 3216 edisserendw

2168 3130 2384 3233 ζΑμέλει
2413 3130 2506 3217 καὶ
2551 3130 2694 3226 τίςό
2737 3130 3068 3227 κόκκοςτοῦ
3108 3130 3403 3228 σινάπεως,
3422 3130 3531 3218 ’κὰι
3575 3165 3661 3227 τίς
3710 3167 3746 3233 ἡ

466 3267 589 3312 sunt
615 3257 949 3322 ‘.Quoeirca
968 3271 1310 3326 quaecunque
1353 3255 1406 3308 in
1455 3254 1749 3324 Evangelio
1782 3253 2055 3324 parabolae

465 3349 534 3402 ab
561 3363 627 3402 eo
658 3348 954 3418 propositae
993 3355 1146 3410 sunt,
1175 3346 1361 3400 statim
1404 3346 1620 3400 illarum
1664 3360 1888 3399 sensum
1929 3360 2056 3413 ape-

468 3441 650 3495 ruisse
683 3440 921 3496 videtur.
959 3439 1124 3509 206
1152 3437 1287 3490 Nam
1319 3447 1374 3492 et
1409 3453 1640 3507 granum
1686 3436 1897 3506 sinapis
1924 3437 2054 3506 quid

467 3532 573 3587 sibi
604 3533 766 3586 vellet
798 3532 1074 3601 exposuit,
1099 3530 1231 3599 quid
1265 3530 1616 3593 fermentum,
1645 3545 1834 3598 quaeve
1859 3529 2056 3583 mulier

468 3635 615 3680 esset
643 3624 754 3687 illa,
780 3639 902 3693 qua:
931 3623 985 3675 in
1015 3623 1120 3676 tria
1153 3621 1347 3698 farina:
1380 3630 1498 3674 sata
1526 3621 1852 3674 fermentum
1878 3621 2056 3674 immi-

469 3718 630 3784 serit;
664 3715 795 3786 quid
831 3715 925 3768 illa
963 3715 1111 3777 vitis,
1150 3728 1214 3767 ac
1248 3713 1425 3778 licus;
1476 3711 1604 3780 quis
1639 3711 1730 3766 ille
1759 3713 1852 3781 qui
1894 3712 2056 3766 semi-

469 3818 583 3873 nat,
633 3821 824 3876 quazve
876 3804 1082 3874 Optima
1147 3803 1218 3858 sit
1263 3811 1430 3856 terra.
1476 3802 1662 3870 Itaque
1710 3800 1918 3855 frustra
1975 3801 2054 3854 illi

468 3917 614 3956 casco
639 3898 906 3954 daemonis
936 3899 1143 3967 impetu
1175 3895 1377 3950 conciti
1408 3894 1733 3963 rapiuntur;
1761 3894 1826 3946 de
1856 3892 2054 3961 quibus

471 3993 670 4046 merito
719 4000 944 4045 sanctus
995 3989 1198 4043 Paulus
1247 3989 1320 4040 ita
1370 3986 1612 4056 munitur
1653 4003 1666 4037 :
1735 3983 2052 4037 Novissimis

469 4086 786 4153 temporibus
821 4090 1053 4136 avertant
1082 4098 1136 4134 se
1169 4080 1385 4150 quidam
1423 4096 1454 4131 a
1481 4078 1748 4140 doctrina,
1783 4077 2055 4130 intenden-

472 4189 544 4232 tes
573 4178 771 4246 fabulis
811 4186 858 4229 et
894 4174 1152 4228 doctrinis
1196 4172 1495 4225 dremonum
1522 4172 1564 4224 ².
1593 4168 1691 4222 Cui
1725 4179 1778 4223 et
1815 4167 2055 4221 Jacobus

472 4271 823 4339 astipulatur,
870 4268 936 4321 de
977 4265 1250 4335 ejusmodi
1287 4264 1638 4334 dogmatibus
1679 4263 1753 4316 ita
1793 4263 2051 4330 loquens:

473 4359 598 4414 Non
635 4371 712 4414 est
753 4361 892 4413 enim
933 4360 1039 4412 ista
1082 4359 1343 4426 sapientia
1389 4358 1668 4409 desursum
1702 4353 2056 4418 descendens;

2157 3254 2302 3326 ζύμη
2326 3272 2338 3283 ν
2377 3256 2468 3308 καὶ
2497 3255 2581 3318 τίς
2615 3255 2851 3325 βαλοῦσα
2875 3258 2974 3326 τὴν
3011 3255 3191 3326 ζύμην
3213 3257 3294 3319 είς
3322 3256 3392 3308 τὰ
3423 3257 3550 3328 τρία
3583 3257 3743 3320 σάτα,

2156 3348 2238 3410 τίς
2271 3350 2299 3400 ὁ
2351 3346 2642 3418 ἀμπελὼν,
2685 3348 2770 3410 τίς
2804 3350 2838 3420 ἡ
2892 3349 3060 3418 συκῆ,
3103 3350 3186 3411 τίς
3223 3349 3250 3400 ό
3284 3350 3538 3419 σπορεὺς,
3593 3349 3678 3411 τίς
3712 3351 3746 3420 ὴ

2158 3440 2416 3511 καλλίστη
2461 3441 2555 3510 γῆ.
2611 3441 2719 3492 Καὶ
2769 3443 2944 3511 μάτην
2999 3435 3148 3493 οῦτοι
3200 3440 3586 3494 ἐνθουσιῶνται
3641 3441 3751 3494 ὑπὸ

2156 3532 2425 3601 δαιμόνων
2460 3532 2840 3602 ἐλαυνόμενοι·
2896 3533 3026 3603 περὶ
3055 3527 3130 3586 ὧν
3170 3550 3335 3603 φησιν
3367 3536 3396 3586 6
3439 3534 3751 3601 ἁγιώτατος

2157 3621 2454 3686 ἀπόστολος
2489 3623 2731 3686 Παῦλος’
2766 3625 2871 3678 Ἐν
2896 3623 3181 3692 ὑστέροις
3213 3625 3442 3694 καιροῖς
3479 3626 3752 3691 ἀποστή-

2157 3715 2370 3766 σονταί
2400 3731 2558 3778 τινες
2593 3714 2702 3782 τῆς
2736 3715 3157 3782 διδασκαλίας,
3197 3718 3610 3785 προσέχοντες
3632 3719 3750 3786 μύ-

2158 3805 2282 3868 θοις
2335 3803 2433 3856 καὶ
2489 3803 2906 3871 διδασκαλίαις
2957 3806 3278 3875 δαιμόνων.
3336 3808 3450 3860 Καὶ
3496 3808 3663 3861 πάλιν
3720 3809 3751 3859 ό

2159 3894 2312 3961 ἆγιος
2355 3895 2610 3958 Ἰάκωϐος
2661 3897 2834 3965 λέγων
2885 3899 3012 3969 περὶ
3058 3899 3159 3968 τῆς
3204 3899 3462 3969 τοιαύτης
3501 3898 3752 3953 διδασκα-

2159 3987 2297 4049 λίας,
2335 3987 2417 4039 ὅτι
2443 3990 2564 4040 Οὐκ
2599 3989 2769 4042 ἔστιν
2801 3989 3032 4045 ἄνωθεν
3061 3991 3101 4057 ὴ
3141 3991 3295 4058 αὐτὴ
3327 3993 3516 4060 σοφία
3537 4009 3750 4060 κατερ-

2158 4081 2410 4150 χομένη,
2447 4082 2584 4135 ἀλλ’
2611 4084 2893 4152 ἐπίγειος,
2930 4083 3190 4152 ψυχικὴ,
3219 4082 3633 4153 δαιμονιώδης.
3682 4082 3752 4139 Ἦ

2157 4173 2225 4225 δὲ
2263 4175 2692 4243 ἄνωθεν-σοριά
2736 4177 2972 4243 πρῶτον
2992 4177 3110 4245 μὲν
3146 4177 3300 4247 ἁγνή
3323 4179 3514 4243 ἐστιν,
3542 4179 3752 4231 ἔπειτα

2158 4264 2462 4332 εἰρηνικὴ,
2515 4265 2825 4332 εὐπειθὴς,
2868 4267 3230 4336 ἀδιάκριτος,
3269 4268 3467 4337 μεστὴ
3513 4269 3749 4334 ἐλέους,

2160 4357 2256 4408 καὶ
2303 4355 2546 4424 καρπῶν
2581 4357 2850 4426 ἀγαθῶν,
2896 4360 2989 4414 καὶ
3036 4360 3103 4412 τά
3160 4362 3308 4428 ἑξῆς.
3339 4355 3448 4424 ’Ἦς
3501 4361 3622 4413 οὐδὲ
3670 4358 3752 4424 εἷς

471 4453 562 4505 sed
594 4461 822 4512 terrena,
859 4449 1131 4514 animalis,
1161 4448 1448 4501 diabolica.
1496 4448 1627 4512 Qum
1659 4457 1834 4499 autem
1866 4445 2052 4498 desur—

2161 4447 2371 4518 καρπὸς
2410 4451 2467 4501 ὲν
2509 4452 2620 4512 τοῖς
2667 4452 3086 4521 προειρημένοις
3117 4454 3454 4524 εὑρίσκεται.
3487 4455 3624 4525 Παρ’
3656 4454 3751 4506 αὐο

471 4555 589 4594 sum
610 4547 687 4592 est
717 4539 976 4606 sapientia
1002 4539 1231 4606 primum
1264 4538 1476 4606 quidem
1502 4536 1694 4602 pudica
1729 4544 1827 4596 est,
1865 4534 2052 4587 deinde

477 4630 715 4698 paciﬁca,
747 4629 1006 4692 modesta,
1027 4627 1333 4692 suadibilis,
1358 4629 1505 4681 bonis
1535 4626 2051 4693 consentiens,plena

490 4722 840 4780 nisericordia
902 4731 952 4775 et
1015 4719 1276 4790 fructibus
1323 4720 1474 4773 bonis
1506 4720 1559 4785 ³,
1603 4728 1732 4782 etc.,
1787 4720 1946 4787 cujus
1985 4735 2052 4773 ne

483 4811 735 4873 uiuimus
788 4812 1008 4881 quidem
1061 4811 1118 4864 in
1169 4809 1256 4865 his
1309 4825 1446 4878 quos
1505 4808 2055 4865 commemoravimus

475 4906 687 4959 fructus
741 4905 1007 4958 cernitur.
1056 4903 1269 4972 Quippe
1319 4901 1462 4971 apud
1517 4902 1640 4956 illos
1687 4903 2054 4958 inconstantia

472 5013 538 5052 ac
579 4997 790 5053 nefaria
834 4997 1020 5052 omnia
1071 4996 1349 5057 facinora,
1404 4996 1824 5064 dazmonumque
1871 4995 2052 5058 fetus,

2159 4543 2270 4602 τοῖς
2298 4541 2404 4610 γὰρ
2437 4541 2837 4606 ἀκαταστασία,
2870 4543 2966 4594 καὶ
3001 4545 3110 4596 πᾶν
3149 4545 3464 4615 παράνομον
3492 4547 3752 4616 πρᾶγμα,

2159 4631 2427 4700 δαιμόνων
2475 4648 2533 4682 τε
2566 4633 2851 4702 κυήματα,
2901 4636 2994 4688 καὶ
3041 4637 3359 4707 συρίγματα
3401 4637 3752 4708 δρακόντων,

2161 4723 2350 4777 ἄλλοτε
2395 4723 2570 4787 ἄλλως
2607 4726 2701 4778 καὶ
2747 4726 2874 4780 ἄλλο
2932 4728 3163 4780 ἑκάστου
3209 4729 3388 4783 αὐτῶν
3436 4729 3752 4794 λαλοῦντος.

2163 4815 2298 4884 Παρ’
2331 4809 2411 4877 οἷς
2442 4816 2542 4867 οὐκ
2575 4816 2744 4880 ἕλεος,
2769 4818 2870 4870 οὐκ
2895 4816 3072 4882 οἶκτος
3099 4821 3440 4892 εὑρίσκεται,
3472 4823 3611 4876 ἀλλὰ
3636 4823 3728 4877 δια

2165 4906 2374 4976 κρίσεις
2403 4907 2497 4959 καὶ
2523 4907 2800 4979 διαφοραὶ,
2843 4909 2938 4962 καὶ
2967 4910 3206 4980 οὐδαμοῦ
3235 4913 3470 4981 ἁγνεῖαι,
3508 4913 3750 4984 οὐδαμοῦ

2163 4998 2377 5068 εἰρήνη,
2419 4999 2655 5068 οὐδαμοῦ
2688 5001 2977 5055 ἐπιείκεια.

472 5098 526 5146 et
554 5098 867 5160 serpentum
904 5090 1048 5145 sibili
1092 5090 1459 5160 reperiuntur.
1493 5088 1664 5142 Aliter
1691 5089 1813 5143 aliis
1842 5091 2204 5160 temporibus,
2241 5100 2408 5162 atque
2435 5093 2585 5147 aliud
2636 5094 3018 5164 unusquisque
3072 5097 3356 5165 prredicat.
3420 5097 3583 5153 Nulla
3644 5099 3747 5154 illir

475 5178 878 5244 misericordia,
949 5180 1034 5234 vel
1076 5179 1400 5244 clementia,
1447 5179 1544 5234 sed
1589 5179 1964 5235 dissensiones
2018 5197 2082 5236 ac
2121 5182 2444 5251 discordias;
2488 5185 2638 5240 nulla
2693 5201 2925 5256 usquam
2973 5189 3340 5255 castimonia,
3387 5192 3541 5245 nulla
3612 5206 3748 5272 pax,

476 5272 702 5343 aequitas
735 5273 902 5326 animi
938 5274 1110 5327 nulla.

546 5363 860 5422 XXXV..Ac
878 5367 1008 5420 mibi
1030 5382 1162 5422 sane
1179 5368 1331 5432 libet,
1349 5369 1607 5438 quoniam
1623 5367 1691 5422 ad
1711 5368 1760 5422 id
1782 5370 2055 5424 sermonis

477 5462 530 5507 et
544 5458 847 5524 argumenti
873 5473 958 5512 me
976 5460 1279 5514 necessitas
1299 5461 1545 5530 impellit,
1563 5461 1778 5514 tametsi
1805 5461 1965 5514 finem
1985 5460 2060 5513 fa-

478 5554 604 5596 cere
622 5545 1038 5611 constitueram,
1058 5563 1229 5617 pauca
1245 5565 1310 5603 ex
1335 5549 1553 5604 illorum
1569 5549 1806 5604 decretis
1826 5550 1892 5604 ad
1910 5549 2052 5604 refu-

561 5699 576 5729 ‘
602 5698 735 5759 Luc.
767 5720 885 5766 vni.
923 5705 1009 5761 10.
1088 5711 1107 5741 '
1132 5708 1151 5761 l
1177 5707 1296 5763 Tim
1344 5726 1416 5768 tv.
1449 5711 1497 5765 l.
1579 5710 1597 5741 ³
1621 5708 1737 5766 Jac.
1766 5725 1849 5770 III.
1883 5708 2065 5765 lii-l7.

2230 5369 2353 5423 AE'.
2397 5368 2668 5438 Βούλομαι
2713 5368 2770 5422 δὲ
2814 5370 2975 5423 πάλιν
3029 5371 3479 5442 ἀναγκαζόμενος
3523 5375 3628 5428 ὑπὸ
3661 5376 3747 5429 τοῐ

2157 5459 2342 5527 λόγου,
2379 5461 2427 5510 εἰ
2459 5460 2552 5512 καὶ
2604 5459 2917 5513 παύσασθαι
2961 5461 3314 5532 ὑπεσχόμην,
3365 5462 3566 5532 ὀλίγων
3623 5483 3738 5538 παρ

2160 5550 2343 5614 αὐτοῖς
2385 5549 2692 5621 εἰρημένων
2731 5553 3113 5624 μνημονεύσας
3156 5555 3482 5628 ἀνατρέψαι.
3522 5557 3599 5610 υύ
3645 5559 3745 5628 γὰι
