4156 6358
358 342 462 441 an

1105 386 1473 442 ADVERSUS
1513 387 1859 442 IIIERESES
1898 388 2026 445 LIB.
2069 390 2091 442 Ῑ
2129 390 2294 446 ΤΟΜ.
2337 392 2399 445 ll.
2443 421 2512 430 —
2551 390 2830 445 IUERES.
2869 390 3057 443 XXXI.

3522 386 3628 440 5‘42

363 506 458 558 τοῦ
488 504 628 557 κατά
654 504 848 576 τέχνην
881 522 967 575 μοι
1007 505 1165 573 λὸγου
1200 509 1371 576 μέλει,
1418 506 1554 561 ἀλλά
1584 510 1684 577 τῆς
1724 506 1829 560 τῶν
1861 510 1946 559 ἐν-

2060 510 2277 563 tandum
2311 510 2558 580 seligere.
2584 510 2768 580 Neque
2798 511 2941 563 enim
2973 508 3237 562 orationis
3257 507 3505 570 artiﬁcio,
3530 506 3626 562 sed

363 597 739 667 τυγχανόντων
772 596 1057 663 ὠφελείας.
1109 597 1341 663 Λέγουσι
1372 597 1572 663 τοίνυν,
1622 597 1704 649 ὅτι
1736 598 1763 648 6
1791 596 1948 648 δωδέ-

366 706 529 751 κατος
553 686 694 740 Αίὼν
727 688 755 740 6
782 689 839 740 ἐν
867 688 1065 759 ὑστερή
1077 704 1205 756 ματι
1232 687 1521 757 γενόμενος
1554 687 1831 751 παντελῶς
1853 688 1947 739 τοῦ

366 778 602 850 ἀριθμοῦ
641 779 748 832 τῶν
789 778 995 832 δώδεκα
1026 777 1273 842 ἐξέπεσε,
1304 779 1397 831 καὶ
1431 778 1730 831 ἀπόλλυται
1772 780 1800 830 6
1830 778 1949 846 ἀριο

367 872 502 941 θμὸς
529 873 557 924 ό
589 869 907 932 δωδέκατος.
942 869 1111 922 Τοῦτο
1145 870 1201 921 δέ
1246 887 1376 938 φασι
1400 870 1726 938 γεγενῆσθαι
1754 868 1831 938 τῷ
1859 870 1949 921 τὸν

381 964 580 1017 Ἰούδαν
609 963 737 1016 ὄντα
765 963 1062 1016 δωδέκατον
1092 962 1527 1025 ἐκπεπτωκέναι,
1559 964 1653 1015 καὶ
1686 961 1828 1014 οὕτω
1859 961 1949 1014 τὸν

366 1057 666 1109 δωδέκατον
696 1054 927 1126 ἀριθμὸν
964 1053 1279 1123 ἠφανίσθαι.
1323 1053 1555 1123 Ὁμοίως
1584 1053 1641 1106 δὲ
1683 1054 1777 1106 καὶ
1821 1052 1949 1123 περὶ

368 1146 467 1216 τῆς
498 1145 924 1218 αἱμορῤοούσης,
966 1146 1060 1198 καὶ
1102 1146 1203 1216 τῆς
1239 1144 1337 1215 τὴν
1366 1144 1495 1214 μίαν
1544 1144 1795 1216 δραχμὴν
1842 1143 1948 1196 ἀπὸ

366 1237 475 1290 τῶν
509 1237 640 1291 δέκα
682 1236 940 1308 δραχμῶν
986 1236 1349 1307 ἁπολεσάσης.
1406 1235 1691 1289 Δείκνυται
1740 1235 1825 1298 δὲ,
1868 1235 1949 1287 ὅτι

367 1326 489 1381 οὔτε
518 1330 546 1380 6
577 1327 874 1390 δωδέκατος
900 1326 1043 1380 Αίὼν
1086 1325 1377 1397 πρόσωπον
1408 1326 1580 1379 Ἰούδα
1613 1326 1757 1396 ἔχειν
1793 1326 1950 1396 δυνή-

371 1437 544 1482 σεται,
581 1420 656 1482 ὼς
680 1418 757 1489 τῷ
792 1418 1081 1488 ἁγιωτάτῳ
1110 1418 1386 1488 Εἰρηναίῳ
1420 1419 1779 1489 προείρηται*
1810 1417 1947 1470 Ἰού-

368 1509 463 1571 δας
499 1509 596 1578 μὲν
628 1508 737 1579 γὰρ
770 1506 1046 1569 παντελῶς
1070 1506 1346 1560 ἀπόλωλεν
1369 1523 1382 1536 *
1417 1508 1445 1559 6
1471 1507 1772 1571 δωδέκατος
1798 1507 1943 1575 λεγό-

373 1617 532 1670 μενος
567 1598 713 1652 Atth
762 1598 903 1651 κατά
943 1599 1002 1651 16
1045 1597 1224 1650 αὐτῶν
1265 1598 1490 1668 πλάσμα
1524 1599 1624 1651 ούκ
1669 1598 1909 1669 ἐκενώθη
1933 1617 1946 1630 *

369 1690 500 1760 ἔστη
530 1689 639 1761 γάρ
668 1688 898 1742 ἐνώπιον
936 1688 1102 1742 αὐτοῦ
1140 1689 1168 1740 6
1194 1690 1578 1757 Μεταγωγεὺς,
1610 1690 1643 1761 ἢ
1670 1693 1698 1743 6
1734 1691 1950 1761 Ὁροθέ-

367 1799 488 1853 της,
518 1784 693 1853 φήσας
726 1782 860 1854 πρὸς
904 1782 1088 1844 αὐτὸν,
1128 1780 1318 1835 Ἰαώτ*
1357 1781 1621 1845 ὡσαύτως
1665 1783 1821 1851 φασὶ,
1859 1784 1951 1837 καὶ

2058 602 2327 656 lectorum
2361 603 2584 655 utilitati
2620 602 2748 655 mihi
2783 601 3127 655 serviendum
3158 600 3415 653 arbitror.
3462 600 3629 653 Aiunt

2053 695 2224 764 igitur
2254 693 2638 749 duodecimum
2674 694 2928 757 Eonem,
2953 710 3075 747 cum
3100 693 3412 756 defecisset,
3434 708 3463 745 a
3494 693 3629 746 duo-

2055 784 2282 839 denario
2337 786 2431 839 illo
2477 801 2709 839 numero
2758 786 2976 854 penitus
3022 785 3311 848 excidisse,
3350 795 3511 855 atque
3553 786 3628 838 ita

2055 873 2446 927 duodecimum
2498 874 2645 928 hunc
2684 891 2969 929 numerum
3004 890 3127 929 esse
3173 875 3470 930 sublatum.
3513 873 3628 927 Hoc

2052 972 2235 1018 autem
2270 973 2384 1017 tum
2413 966 2729 1036 contigisse,
2750 964 3073 1020 cum‘Judas
3101 966 3473 1035 apostolorum
3501 965 3631 1018 duo-

2054 1052 2306 1106 decimus
2329 1054 2590 1110 exclusus
2614 1062 2727 1119 est;
2760 1056 2949 1124 sicque
2984 1054 3336 1109 duodecimus
3366 1070 3629 1108 numerus

2052 1142 2144 1197 ille
2182 1144 2362 1214 periit.
2408 1144 2671 1199 Similiter
2702 1152 2755 1199 et
2785 1146 2839 1199 in
2874 1146 3099 1199 muliere
3129 1146 3240 1208 illa,
3270 1161 3388 1215 quae
3417 1145 3630 1215 sangui-

2051 1232 2139 1287 nis
2176 1232 2444 1300 proﬂuvio
2486 1234 2791 1299 laborabat,
2824 1244 2879 1289 et
2931 1235 2985 1288 in
3026 1234 3154 1297 alia,
3190 1252 3310 1305 quae
3336 1236 3523 1289 decem
3562 1252 3628 1291 ex

2051 1324 2351 1389 drachmis,
2371 1340 2534 1379 unam
2560 1327 2893 1395 perdiderat.
2917 1327 3081 1396 Atqui
3099 1328 3463 1381 demonstrari
3496 1327 3627 1381 illud

2052 1424 2253 1486 potest,
2289 1415 2519 1472 Adonem
2558 1419 2709 1471 illum
2746 1418 3128 1473 duodecimum
3156 1418 3309 1473 Juda:
3338 1435 3627 1489 personam

2056 1510 2282 1564 minime
2337 1526 2500 1581 posse
2559 1512 2867 1576 sustinere;
2921 1513 3123 1567 etenim
3167 1511 3337 1567 Judas
3384 1513 3631 1566 funditus

2053 1601 2252 1669 periit;
2288 1602 2648 1659 duodecimus
2707 1613 2888 1658 autem
2933 1609 3077 1659 Λςοη
3121 1605 3231 1669 ille,
3274 1605 3359 1659 vel
3400 1613 3458 1658 ut
3501 1606 3633 1674 ipsi-

2052 1699 2163 1746 met
2195 1692 2335 1748 ﬁctis
2367 1694 2503 1748 iisee
2544 1695 2744 1749 fabulis
2779 1696 3000 1761 docent,
3043 1711 3151 1749 non
3187 1697 3402 1766 penitus
3428 1698 3634 1750 exstin-

2052 1790 2176 1837 ctus
2206 1793 2311 1837 est.
2348 1782 2510 1839 Stetit
2543 1786 2710 1852 enim,
2737 1788 2912 1854 aiunt,
2950 1802 3017 1841 ex
3050 1786 3170 1856 ejus
3201 1786 3431 1841 adverso
3462 1785 3630 1840 Meta-

368 1872 541 1937 οὖτως
565 1872 871 1943 ἐστερεώθη
890 1890 903 1902 *
938 1874 1063 1926 οὔτε
1094 1875 1126 1943 ή
1149 1873 1357 1925 δώδεκα
1384 1872 1560 1925 ἐτεσιν
1584 1874 1952 1943 αἱμορροοῦσα

2060 1890 2281 1943 gogcus,
2320 1875 2426 1929 hoc
2458 1885 2542 1930 est
2578 1878 2879 1941 traductor,
2912 1878 3003 1946 qui
3040 1886 3093 1931 et
3144 1875 3465 1938 Ilorotheta,
3521 1876 3632 1930 sive

369 1963 447 2033 τῷ
485 1963 664 2017 αὐτῶν
706 1963 943 2034 δράματι
990 1963 1419 2033 ὁμοιωθήσεται·
1458 1963 1633 2034 ἐσώθη
1669 1964 1777 2035 γάρ
1812 1964 1949 2035 μετὰ

368 2054 576 2108 δώδεκα
618 2053 735 2123 ἔτη,
763 2056 820 2106 ἐν
850 2049 931 2116 οἷς
971 2054 1048 2124 τῷ
1084 2054 1273 2123 αἵματι
1302 2053 1403 2123 τῆς
1439 2054 1646 2124 ῥύσεως
1688 2056 1946 2126 ἐφέρετο*

368 2147 430 2199 οὐ
458 2146 566 2216 γάρ
609 2147 665 2197 ἐν
714 2150 827 2209 τοῖς
859 2146 1051 2199 ἕνδεκα
1103 2146 1278 2198 ἐτεσιν
1317 2146 1533 2217 ἀπαθὴς
1562 2147 1805 2212 διετέλει,
1854 2149 1949 2202 καὶ

370 2236 428 2286 ἐν
470 2234 548 2304 τῷ
593 2234 879 2305 δωδεκάτῳ
924 2235 982 2288 δὲ
1029 2234 1331 2287 σέσωσται*
1396 2232 1520 2286 οὔτε
1569 2238 1601 2304 ἡ
1661 2235 1757 2299 τὰς
1818 2236 1949 2290 δέκα

368 2326 618 2398 δραχμὰς
647 2328 958 2398 κεκτημένη
985 2327 1234 2381 ἀπώλεσε
1261 2327 1359 2398 τὴν
1392 2327 1519 2398 μίαν
1548 2330 1627 2391 είς
1657 2329 1827 2395 τέλος,
1864 2330 1950 2383 ἵνα

370 2421 398 2472 6
428 2418 571 2473 Αίὼν
609 2420 705 2490 τῆς
740 2418 871 2489 ὕλης
902 2417 1200 2481 ἀπολωλὼς
1229 2418 1531 2489 μυθεύηται
1572 2422 1703 2490 παρ’
1741 2422 1946 2484 αὐτοῖς.

370 2509 517 2585 Ἦψε
542 2515 651 2585 γὰρ
680 2516 771 2569 τὸν
796 2515 1008 2585 λύχνον,
1033 2513 1128 2566 καὶ
1162 2508 1295 2584 ηὗρε
1325 2513 1422 2585 τὴν
1455 2514 1727 2585 δραχμήν.

2059 1962 2327 2018 Deﬁnitor
2358 1964 2581 2027 dicitur,
2628 1976 2680 2019 et
2729 1966 2795 2019 ad
2842 1982 2967 2020 eum
3000 1965 3122 2020 Jaot
3156 1967 3479 2029 inclamans,
3532 1966 3632 2019 hac

2057 2054 2210 2108 illum
2241 2070 2372 2110 voce
2422 2057 2678 2111 ﬁrmavit.
2710 2056 2895 2128 Neque
2944 2074 3073 2112 vero
3110 2057 3491 2111 duodecimum
3520 2057 3633 2127 jam

2056 2161 2258 2200 annum
2294 2149 2560 2217 sanguine
2595 2147 2772 2202 ﬂuens
2804 2150 3000 2203 mulier
3031 2150 3096 2203 ad
3128 2150 3359 2203 istorum
3396 2148 3632 2201 fabulam

2055 2240 2344 2308 convenit;
2386 2257 2505 2311 qum
2539 2251 2782 2297 vertente
2831 2242 3048 2296 demum
3090 2258 3234 2296 anno
3281 2241 3631 2301 duodecimo,

2054 2341 2349 2400 postquam
2413 2340 2527 2387 toto
2580 2333 2674 2386 illo
2719 2339 2962 2401 tempore
3020 2332 3289 2401 proﬂuvio
3350 2329 3634 2400 sanguinis

2055 2424 2392 2488 laborasset,
2456 2433 2678 2494 repente
2733 2425 3044 2479 consanuit.
3100 2424 3258 2492 207
3318 2422 3435 2475 Non
3489 2421 3633 2474 enim

2055 2518 2314 2573 undecim
2355 2520 2515 2574 annis
2564 2534 2760 2587 expers
2811 2519 3011 2581 morbi,
3055 2518 3379 2571 duodecimo
3413 2515 3634 2568 demum

372 2610 661 2665 sanitatem
719 2609 977 2663 obtinuit.
1032 2610 1111 2662 Ac
1168 2624 1343 2677 neque
1403 2610 1599 2663 mulier
1650 2609 1782 2673 illa,
1834 2624 1955 2678 quae
1994 2610 2166 2668 denas
2235 2615 2535 2669 draclnnas
2570 2615 2822 2679 habebat,
2884 2629 3047 2667 unam
3081 2629 3144 2667 ex
3186 2613 3253 2667 iis
3295 2611 3478 2665 amisit
3515 2624 3635 2663 om—

373 2704 525 2767 nino,
558 2719 666 2774 quo
695 2703 1103 2760 commentitius
1136 2704 1225 2758 ille
1258 2719 1321 2757 ac
1368 2704 1607 2757 materiae
1652 2715 1950 2759 concretus
1992 2704 2132 2760 {Eon
2201 2717 2465 2764 constare
2504 2711 2703 2779 possit.
2743 2708 3006 2764 Accendit
3073 2709 3213 2762 enim
3252 2707 3554 2770 lucernam,
3583 2713 3638 2759 et

373 2796 689 2851 drachmam
722 2797 949 2867 reperit.

443 2890 584 2954 ΛΦ.
625 2889 719 2941 Ἐκ
755 2889 936 2940 τοίνυν
968 2887 1074 2940 τῶν
1114 2888 1208 2941 δύο
1253 2889 1426 2957 λόγων
1470 2888 1673 2941 τούτων
1714 2888 1745 2958 ἢ
1786 2888 1953 2960 τριῶν

372 2980 442 3033 τὰ
470 2980 649 3033 πάντα
690 2978 869 3032 αὐτῶν
912 2979 1074 3042 εὐθὺς
1107 2979 1428 3049 ἐλεγχθέντα
1465 2978 1951 3049 καταλειφθήσεται

373 3073 934 3143 δραματουργήματα,
978 3070 1074 3123 καὶ
1120 3071 1345 3142 ἀδρανῆ,
1384 3071 1479 3123 καὶ
1516 3070 1659 3123 ἕωλα
1696 3073 1806 3133 τοῖς
1851 3070 1952 3139 τῆς

2136 2885 2376 2940 XXXVI.
2413 2886 2777 2952 Quamobrem
2810 2880 3025 2940 duobus
3058 2886 3207 2939 hisce
3243 2885 3489 2941 tribusve
3517 2902 3637 2941 vcr-

2066 2980 2148 3033 bis
2188 2982 2407 3032 illorum
2437 2980 2691 3033 discussa
2725 2979 2939 3033 somnia
2972 2994 3134 3047 quam
3173 2979 3358 3047 putida
3391 2986 3443 3031 et
3476 2979 3638 3033 imbe-

2060 3073 2183 3126 cilla
2233 3073 2361 3135 sint,
2427 3070 2582 3124 facile
2639 3073 2878 3140 prudens
2925 3071 3181 3139 quilibet,
3218 3077 3270 3123 et
3322 3078 3523 3124 sanctae
3575 3086 3638 3124 ac

375 3164 687 3234 φρονήσεως
714 3164 848 3224 υἱοῖς
876 3162 970 3215 καὶ
1000 3162 1210 3225 τέκνοις
1242 3164 1352 3225 τοῖς
1375 3162 1475 3232 τῆς
1503 3161 1662 3230 ἁγίας
1696 3161 1787 3214 τοῦ
1816 3161 1948 3214 Θεοῦ

2060 3163 2347 3217 catholica:
2402 3161 2492 3216 Dei
2544 3162 2801 3217 Ecclesiw
2853 3163 2998 3217 ﬁlius
3048 3164 3463 3217 animadvertet.
3515 3162 3634 3215 Jam

376 3254 667 3325 καθολικῆς
691 3252 1037 3324 Ἐκκλησίας.
1069 3254 1187 3305 Ἵνα
1219 3253 1328 3324 γὰρ
1364 3253 1437 3323 μὴ
1469 3253 1607 3305 κατά
1638 3253 1744 3305 τῶν
1777 3252 1954 3306 αὐτῶν

378 3348 677 3419 φερόμενος
692 3348 769 3408 εἰς
798 3348 968 3416 μῆκος
990 3346 1214 3415 ἄπειρον
1241 3346 1416 3398 ἐλάσω
1437 3345 1533 3413 τὴν
1556 3344 1956 3414 πραγματείαν,

377 3440 480 3501 ’ἐως
512 3438 611 3508 τῆς
651 3436 881 3490 ἐνταῦθα
920 3437 1249 3506 ὑφηγήσεως
1292 3437 1657 3507 ποιησάμενος
1694 3436 1793 3504 τὴν
1827 3436 1959 3487 ὑπό-

382 3547 598 3601 μνησιν,
629 3531 723 3583 καὶ
747 3528 953 3592 ἐπιθεὶς
984 3529 1156 3599 πέρας
1186 3531 1250 3599 τῇ
1279 3528 1515 3600 τοσαύτῃ
1541 3527 1719 3580 αὐτῶν
1754 3527 1959 3598 μοχθη-

383 3622 510 3692 ρίᾳ,
545 3623 638 3674 ἐπὶ
677 3620 777 3685 τάς
829 3621 956 3692 ἑξῆς
997 3619 1311 3690 βαδιοῦμαι,
1358 3619 1489 3672 Θεὸν
1536 3619 1962 3688 ἐπικαλούμενος

384 3713 577 3783 ὁδηγόν
596 3730 656 3766 τε
684 3713 777 3766 καὶ
809 3713 1100 3784 ἐπίκουρον
1140 3711 1238 3781 τῆς
1269 3713 1301 3781 ή
1313 3710 1426 3779 μῶν
1466 3709 1772 3774 ἀσθενείας,
1803 3711 1882 3772 εἰς
1900 3710 1962 3762 τὸ

384 3805 630 3876 σωθῆναι
644 3807 751 3859 ἀπὸ
783 3804 983 3875 ταύτης
1000 3806 1092 3858 καὶ
1114 3804 1221 3855 τῶν
1243 3803 1654 3874 προειρημένων
1674 3802 1959 3875 αἱρέσεων,

383 3896 475 3950 καὶ
497 3896 606 3949 τῶν
638 3896 942 3967 μελλουσῶν
964 3894 1378 3949 ἁναδείκνυσθαι
1394 3897 1505 3956 τοῖς
1528 3893 1849 3962 φιλολόγοις,
1869 3895 1963 3947 καὶ

384 3989 728 4059 βουλομένοις
753 3989 819 4041 τά
845 3988 1049 4058 ἀκριϐῆ
1074 3987 1271 4040 εἰδέναι
1291 3987 1397 4039 τῶν
1430 3988 1487 4038 ἐν
1512 3984 1590 4055 τῷ
1607 3985 1793 4055 κόσμῳ
1813 4003 1965 4037 κενο⁹

383 4081 598 4151 φωνιῶν
634 4098 694 4134 τε
746 4082 838 4134 καὶ
891 4081 1207 4134 ἀσυστάτων
1255 4079 1560 4149 δογμάτων.
1597 4079 1692 4140 Εἰς
1738 4076 1963 4139 πολλοὺς

380 4175 489 4244 γὰρ
521 4168 673 4237 οὗτος
700 4175 797 4243 τὴν
831 4174 1023 4227 ἐαυτοῦ
1052 4172 1424 4242 όνειροπολίαν
1451 4172 1798 4240 ἐπισπείρας,
1827 4171 1965 4223 Γνω-

383 4267 565 4319 στικὺν
594 4267 785 4320 ἑαυτὸν
817 4266 1054 4329 καλέσας
1075 4305 1089 4329 ,
1124 4264 1351 4327 πολλοὺς
1370 4305 1383 4327 ,
1439 4265 1515 4326 ὡς
1548 4266 1720 4315 εἰπεῖν
1739 4305 1752 4328 ,
1800 4280 1962 4333 σκορ-

384 4354 540 4416 πίους
564 4353 639 4416 ὼς
685 4354 811 4423 μίαν
861 4353 1048 4407 ἆλυσιν
1083 4352 1392 4422 συνέδησεν,
1429 4354 1505 4415 ὼς
1630 4352 1835 4405 παλαιὰ
1873 4352 1964 4405 καὶ

383 4447 620 4516 ἐναργὴς
678 4446 961 4517 παραϐολὴ
1015 4447 1284 4517 ὑπάρχει,
1337 4446 1450 4509 ὅτι,
1503 4444 1692 4497 ἅλυσίν
1737 4461 1859 4495 τινα
1914 4446 1963 4496 οἱ

2061 3256 2205 3310 enim
2241 3256 2449 3309 veritus
2497 3271 2617 3325 ego,
2667 3272 2733 3309 ne
2787 3255 2830 3309 si
2873 3256 3122 3324 pluribus
3171 3256 3225 3307 in
3267 3270 3385 3309 eam
3432 3264 3636 3308 sectam

2061 3349 2309 3402 invectus
2349 3347 2526 3411 fuero,
2562 3348 2616 3401 in
2652 3347 2925 3401 inﬁnitum
2961 3347 3117 3401 abeat
3160 3348 3357 3411 oratio,
3392 3347 3459 3400 ad
3496 3348 3639 3400 hunc

2063 3456 2238 3509 usque
2276 3440 2454 3493 locum
2508 3455 2833 3509 progressus
2885 3440 3103 3492 modum
3156 3438 3425 3492 adhibebo
3476 3438 3640 3493 refel-

2061 3531 2234 3585 lenda:
2271 3532 2487 3584 illorum
2524 3531 2805 3599 nequitiae,
2840 3546 3034 3599 meque
3083 3530 3148 3583 ad
3189 3540 3415 3583 caeteras
3452 3530 3641 3583 redar-

2062 3622 2309 3691 guendas
2343 3620 2643 3675 conferam.
2684 3621 2791 3674 Sed
2845 3622 3079 3690 primum
3116 3621 3215 3674 viae
3248 3622 3378 3675 mihi
3422 3620 3636 3683 ducem,

2062 3725 2117 3767 et
2150 3713 2546 3767 imbecillitatis
2598 3711 2906 3781 adjutorem
2954 3728 3087 3766 mea:
3132 3711 3299 3766 Deum
3349 3713 3636 3771 invocabo.

2065 3807 2143 3859 uti
2183 3821 2267 3859 me
2294 3813 2348 3859 et
2380 3806 2446 3858 ab
2472 3805 2636 3874 hujus
2669 3815 2852 3869 seetm,
2884 3806 3338 3875 superiorumque
3371 3807 3637 3870 omnium,

2063 3902 2118 3949 et
2160 3894 2229 3948 ab
2286 3894 2699 3963 insequentium
2759 3896 3087 3962 contagione
3142 3894 3361 3956 liberet,
3398 3908 3534 3961 quas
3586 3894 3639 3944 iu

2064 3984 2405 4038 eruditorum
2443 3984 2728 4037 hominum
2764 3984 3016 4052 gratiam,
3066 3982 3156 4051 qui
3193 3982 3427 4034 absurda
3466 3980 3555 4032 illa
3588 3988 3641 4034 et

2065 4078 2249 4131 inania
2289 4076 2577 4147 dogmata,
2621 4092 2741 4144 qua:
2799 4076 2854 4128 in
2906 4075 3051 4127 hunc
3091 4074 3277 4127 orbem
3318 4084 3637 4141 eruperunt,

2066 4169 2383 4224 accuratius
2418 4169 2705 4238 explorare
2740 4168 2997 4230 student,
3040 4166 3299 4234 deinceps
3343 4180 3639 4234 perseque-

2065 4278 2208 4316 mur.
2262 4260 2541 4330 Siquidem
2584 4259 2907 4315 Valentinus
2947 4260 3051 4313 iste
3097 4259 3213 4313 suis
3255 4258 3308 4310 in
3352 4259 3640 4327 quamplu-

2067 4354 2235 4408 rimos
2260 4352 2473 4407 diﬂusis
2503 4352 3036 4420 communicatisquc
3077 4349 3327 4413 somniis,
3362 4365 3484 4402 cum
3520 4365 3640 4403 sese

2065 4448 2387 4503 Gnosticum
2418 4445 2678 4516 appellari
2713 4445 3012 4510 maluisset,
3049 4444 3269 4505 multos,
3302 4452 3360 4497 ut
3389 4443 3460 4495 ita
3490 4443 3642 4496 dixe-

385 4538 635 4609 σκορπίοι
670 4538 780 4609 (85)
814 4538 920 4590 ἀπὸ
968 4539 1085 4600 ἐνὸς
1122 4540 1201 4600 εἰς
1234 4537 1324 4589 τὸν
1367 4537 1552 4607 ἕτερον
1602 4536 1955 4605 δεσμούντες.

2068 4540 2207 4603 rim,
2272 4538 2518 4607 scorpios
2567 4536 2623 4590 in
2670 4549 2835 4589 unam
2886 4542 3133 4587 catenam
3183 4532 3541 4597 constrinxit;
3587 4531 3639 4584 id

382 4630 486 4693 ἓως
525 4630 660 4684 δέκα
711 4630 744 4699 ἢ
804 4631 898 4683 καὶ
944 4629 1159 4692 πλείους
1218 4628 1325 4682 ἀπὸ
1386 4627 1585 4697 στέγης
1630 4628 1663 4697 ἢ
1712 4626 1959 4697 δώματος

383 4722 609 4784 ἑαυτοὺς
650 4720 875 4791 χαλῶσι,
932 4720 1026 4773 καὶ
1055 4719 1228 4782 οὕτως
1275 4719 1414 4790 μετά
1456 4719 1608 4771 δόλου
1647 4718 1745 4788 τὴν
1782 4718 1960 4789 λύμην

384 4819 494 4879 τοῖς
525 4814 831 4886 ἀνθρώποις
862 4814 1206 4883 ἐργάζονται.
1226 4810 1413 4873 Οὕτως
1449 4811 1541 4863 καὶ
1575 4804 1749 4873 οὗτος,
1788 4810 1881 4863 καὶ⁹
1911 4811 1959 4863 οί
2004 4836 2007 4839 ν

316 4901 326 4911 ’
383 4906 546 4961 αὑτοῦ
590 4906 911 4976 καλούμενοι
958 4906 1254 4958 Γνωστικοὶ
1280 4905 1378 4975 τῆς
1410 4903 1615 4972 πλάνης
1656 4902 1959 4973 ἀρχηγέται

390 5000 659 5068 γεγόνασι,
683 5000 775 5051 καὶ
802 4997 932 5069 παρ’
954 4995 1113 5050 αὐτοῦ
1137 4995 1235 5057 τὰς
1255 4996 1553 5066 προφάσεις
1575 4994 1957 5063 ὑπειληφότες,

385 5094 567 5165 έτερος
602 5094 690 5161 ὑφ’
728 5093 915 5163 ἐτέρου
950 5089 1307 5161 μαθητευθεὶς
1336 5088 1473 5159 μετὰ
1508 5088 1597 5141 τὸν
1640 5087 1959 5141 διδάσκαλον

386 5185 707 5256 προσθήκην
737 5185 836 5255 τῆς
875 5183 1083 5252 πλάνης
1113 5181 1429 5252 εἰργάσατο,
1466 5182 1559 5233 καὶ
1588 5180 1779 5251 ἑτέραν
1808 5179 1959 5249 αἴρε-

387 5294 469 5329 σιν
502 5277 858 5347 εἰσηγήσατο,
888 5275 1153 5346 ἐχομένης
1181 5276 1198 5306 ³
1231 5273 1333 5342 τῆς
1364 5272 1653 5344 προτέρας.
1678 5271 1790 5323 Καὶ
1817 5270 1960 5323 οὕτω

389 5370 526 5427 κατά
565 5368 665 5439 τὴν
704 5366 955 5438 διαδοχὴν
998 5369 1079 5430 είς
1116 5366 1401 5436 διαφόρους
1444 5365 1686 5435 αἱρέσεις
1724 5364 1878 5416 αὐτοὶ
1909 5364 1959 5416 οἱ

391 5460 674 5531 ιιληθέντες
713 5460 1010 5513 Γνωστικοὶ
1058 5458 1462 5530 ἐμερίσθησαν*
1521 5456 1675 5529 παρά
1725 5456 1958 5509 υὺαλεν-

470 5616 487 5646 ⁸
516 5613 646 5676 For.
677 5614 961 5686 ἐχομένην.

2065 4629 2212 4700 quod
2238 4637 2420 4693 vetus,
2445 4643 2509 4681 ac
2542 4634 2739 4681 testata
2762 4625 3059 4679 similitudo
3089 4624 3347 4678 declarat.
3373 4622 3640 4677 Nimirum

2067 4724 2316 4791 scorpios
2350 4721 2416 4774 ad
2453 4721 2641 4776 decem
2678 4720 2929 4789 pluresve
2959 4725 3165 4772 catena:
3200 4716 3373 4770 instar
3405 4716 3541 4768 alios
3575 4715 3641 4766 ab

2069 4815 2527 4884 aliis.suspensos
2556 4828 2675 4867 sese
2706 4828 2770 4866 ex
2814 4819 2956 4865 tecto
2988 4825 3050 4862 ac
3098 4807 3300 4862 solario
3332 4806 3638 4866 demittere,

2069 4905 2257 4973 sicque
2284 4920 2351 4959 ex
2385 4904 2603 4959 insidiis
2640 4901 2887 4956 homines
2930 4899 3256 4969 opprimere.
3291 4896 3381 4950 Sic
3407 4895 3514 4960 ille,
3543 4910 3637 4963 po-

2066 4997 2309 5066 sterique
2335 4996 2455 5065 ejus
2470 5010 2661 5050 omnes
2685 4992 2929 5047 Gnostici
2952 4991 3072 5045 falsi
3100 4988 3366 5058 dogmatis
3388 4994 3641 5038 auctores

2064 5090 2358 5151 exstitere,
2407 5094 2461 5141 et
2514 5086 2705 5140 abillo
2750 5084 2956 5138 erroris
3005 5087 3324 5150 argumenta
3370 5076 3534 5138 nacti,
3577 5090 3641 5128 ac

2066 5178 2420 5236 successione
2450 5179 2690 5247 quadam
2725 5177 2958 5230 invicem
3001 5172 3201 5237 edoeti,
3229 5170 3295 5223 ad
3328 5183 3447 5223 eam
3477 5182 3639 5236 quam

2067 5289 2098 5326 a
2130 5273 2393 5341 magistro
2433 5277 2718 5341 acceperat
2752 5283 2905 5325 suam
2953 5266 3181 5336 quilibet
3208 5263 3519 5333 opinionem
3549 5260 3644 5313 ad-

2063 5364 2219 5432 jecit,
2268 5379 2573 5432 novamque
2613 5371 2821 5416 sectam
2869 5372 2993 5413 eum
3053 5357 3233 5427 priore
3282 5354 3639 5409 coluerentem

2072 5455 2299 5511 invexit.
2324 5454 2442 5521 Qua
2472 5469 2529 5508 re
2566 5453 2769 5508 factum
2801 5460 2907 5519 est,
2939 5460 2997 5507 ut
3026 5447 3271 5505 Gnostici
3293 5446 3442 5502 varii:
3470 5444 3644 5499 hane-

465 5794 577 5858 (83)
622 5797 741 5851 ’Ὁτι
797 5794 1023 5850 ἅλυσίν
1073 5811 1204 5851 τινα
1260 5796 1312 5849 οὶ
1370 5792 1665 5854 σκορπίοι.
1732 5788 1950 5845 ίΕιὶιιηιι

2065 5786 2116 5841 b.
2154 5802 2206 5842 νι
2243 5784 2410 5847 Ηίδῑ..
2440 5798 2531 5837 an.
2566 5780 2687 5836 125.
