4156 6358
505 301 608 376 54,5

1895 311 1952 368 S.
1997 311 2338 368 EPlPﬂANll

3667 313 3764 368 5N

505 429 637 469 seon
665 414 900 470 divortia
932 419 1194 489 paulatim
1229 419 1463 478 fecerint
1487 441 1500 487 ;
1524 424 1615 494 qui
1653 425 1872 493 quidem
1898 442 2090 483 omnes

2214 429 2341 482 πίνου
2373 446 2578 500 μεντοι,
2613 429 2690 493 ὼς
2722 429 2880 500 ἔφην,
2911 430 3005 483 καὶ
3034 428 3139 483 τῶν
3169 427 3275 498 πρὸ
3301 425 3466 481 αὐτοῦ
3499 425 3596 489 τὰς
3637 443 3762 496 προ-

583 505 898 572 Valentino,
961 519 1020 563 ut
1059 510 1322 573 diximus,
1360 516 1539 584 iisque
1596 517 1841 586 insuper,
1891 519 1984 587 qui
2025 535 2092 574 eo

507 599 824 666 superiores
874 602 1230 667 exstiterant,
1282 604 1498 659 initium
1552 618 1902 677 acceperunt.
1934 606 2092 663 Nunc

509 688 780 742 universa:
836 691 1044 758 pariter
1095 693 1346 749 veritatis
1392 694 1644 749 doctrina
1696 706 1984 766 prostratae
2027 715 2093 754 ac

509 777 838 846 proculcata:
871 781 1265 847 praitereundm
1307 791 1458 848 sunt,
1490 800 1600 855 quo
1632 787 1824 842 cadent
1858 786 1952 844 Dei
1991 805 2094 862 ope

509 881 574 921 ac
605 866 808 922 virtute
843 867 964 923 freti
995 871 1240 941 reliquas
1269 882 1682 942 perscrutemur

743 982 909 1053 208
947 983 1319 1039 ADVERSUS
1358 985 1860 1055 SECUNDIANOS,

509 1094 594 1148 Ad
621 1112 748 1165 quos
781 1113 892 1149 sese
926 1094 1947 1176 Epiphanes}!_Isidoru_s_applicarunt,
1980 1121 2096 1176 qua:

852 1178 928 1219 est
961 1167 1174 1222 hwresis
1206 1167 1323 1222 XII
1353 1172 1458 1224 sive
1499 1167 1747 1225 XXXII.

582 1253 620 1309 l.
643 1253 1001 1326 Posteaquam
1022 1256 1400 1316 Valentiniana
1419 1263 1609 1318 lneresi
1626 1263 1865 1319 defuncti
1884 1281 2096 1333 sumus,

511 1356 565 1402 et
603 1350 657 1402 in
689 1348 809 1418 ejus
841 1348 1078 1405 dumetis
1107 1367 1170 1405 ac
1212 1355 1471 1422 vepribus
1505 1371 1836 1427 magnopere
1883 1358 2100 1413 labora-

512 1445 716 1504 vimus,
749 1441 1010 1513 deinceps
1048 1443 1359 1498 incredibili
1395 1461 1521 1500 cum
1565 1453 1767 1503 sudore
1807 1465 1871 1505 ac
1908 1451 2097 1521 cujus-

511 1533 637 1585 dam
690 1535 838 1587 velut
886 1537 1238 1604 agricultura:
1281 1538 1530 1594 molestia
1567 1540 1633 1593 ad
1674 1543 1917 1611 reliquas
1950 1544 2100 1600 illius

513 1624 825 1682 evellendas
855 1628 1064 1695 spinas,
1099 1645 1163 1683 ac
1194 1637 1364 1686 tetras
1395 1641 1708 1701 serpentum
1739 1634 1940 1704 elligies
1969 1651 2100 1704 pro-

515 1715 780 1785 tligandas
825 1716 1130 1771 veniemus.
1179 1717 1284 1772 Sed
1327 1719 1598 1789 inprimis
1643 1719 1882 1789 Spiritus
1923 1723 2098 1775 sancti

514 1823 672 1876 opem
701 1822 730 1861 a
760 1807 984 1862 Christo
1017 1811 1440 1879 postulabimus,
1466 1823 1527 1864 ut
1557 1813 1720 1878 hujus
1753 1811 1904 1865 illum
1932 1813 2104 1868 inter-

515 1904 680 1950 ventu
722 1913 818 1967 per
856 1900 1138 1954 caelestem
1197 1899 1506 1955 doctrinam
1556 1903 1956 1973 religiososque
1990 1920 2104 1961 scr-

517 2005 706 2044 mones
753 1991 808 2044 in
836 1990 1120 2046 hominum
1162 1993 1379 2049 animos
1406 1994 1629 2059 elicere,
1666 1995 1733 2048 ab
1775 1996 1974 2066 iisque,
2007 1997 2103 2067 qui

517 2083 570 2135 id
597 2083 742 2137 ultro
768 2084 1062 2150 voluerint,
1105 2085 1427 2156 pestiferum
1457 2087 1610 2142 virus
1640 2089 1932 2145 extrahere
1978 2105 2105 2161 pos-

517 2175 713 2230 simus.
748 2172 956 2244 Sequar
983 2190 1115 2231 vero
1148 2177 1203 2230 in
1238 2177 1305 2233 iis
1333 2179 1673 2248 exponendis
1706 2190 1925 2235 aetatum
1953 2181 2105 2237 ordi-

521 2281 668 2329 nem,
697 2281 761 2321 ac
802 2268 962 2338 cujus
993 2270 1227 2340 quisque
1257 2285 1552 2328 successor
1589 2273 1865 2328 exstiterit
1900 2273 1956 2328 in
1996 2273 2106 2329 illis

519 2361 872 2415 recensendis
907 2363 1170 2430 aperiam,
1206 2361 1300 2432 qui
1349 2362 1417 2417 ab
1464 2363 1558 2417 illo
1605 2362 1839 2434 profecti
1886 2363 2106 2432 diversa

519 2450 767 2519 quietiam
800 2451 1064 2508 doctrina:
1096 2454 1307 2508 semina
1334 2463 1680 2524 sparserunt.

593 2543 798 2597 Horum
839 2545 1006 2614 igitur
1033 2560 1063 2599 e
1112 2561 1344 2600 numero
1387 2545 1675 2601 Secundus
1722 2546 1942 2617 quidam
1979 2546 2104 2612 fuit,

521 2637 613 2704 qui
645 2637 766 2705 plus
816 2636 1022 2704 aliquid
1057 2651 1222 2706 quam
1267 2638 1446 2691 caueri
1485 2652 1678 2706 sapere
1724 2637 1969 2701 studens,
2004 2638 2108 2693 etsi

522 2728 712 2782 eadem
739 2744 860 2802 quae
885 2727 1208 2784 Valentinus
1257 2730 1455 2784 asserit
1489 2731 1692 2795 omnia,
1725 2731 1988 2799 ampliore
2025 2738 2109 2784 ta-

525 2837 648 2875 men
682 2822 865 2876 sonitu
918 2821 1260 2876 furiosorum
1290 2837 1452 2877 aures
1482 2825 1739 2892 opplevit.
1785 2821 1885 2876 llic
1916 2823 2106 2877 eodem

524 2926 634 2978 quo
667 2909 991 2968 Valentinus
1026 2920 1271 2982 tempore
1305 2915 1558 2968 eumdem
1606 2915 1784 2983 ipsum
1832 2930 1974 2967 novo
2006 2913 2108 2966 ali-

524 3018 634 3072 quo
672 3003 893 3058 invento
934 3019 1197 3075 superare
1229 3006 1492 3076 gestiens,
1524 3005 1757 3076 primam
1795 3005 2106 3076 Ogdoadem

523 3111 592 3149 ex
623 3095 862 3151 Tetrade
895 3095 1088 3151 dextra
1129 3112 1193 3152 ac
1220 3098 1448 3154 sinistra
1480 3099 1709 3152 conflari
1739 3098 1947 3162 docuit,
1973 3114 2110 3169 qua-

530 3203 648 3241 rum
699 3188 925 3243 alteram
975 3188 1207 3258 Lumen,
1245 3189 1525 3245 Tenebras
1574 3190 1799 3244 alteram
1849 3189 2112 3260 appellari

526 3280 721 3334 voluit.
751 3279 870 3336 Jam
914 3297 1042 3337 vero
1083 3281 1354 3338 Virtutem
1388 3283 1535 3337 illam
1579 3299 1700 3353 qua:
1731 3281 2023 3347 defecisse,
2059 3291 2114 3336 et

529 3373 597 3425 ad
630 3371 872 3442 inopiam
905 3371 1078 3428 fuisse
1117 3373 1342 3428 redacta
1385 3374 1611 3437 dicitur,
1654 3380 1816 3442 negat
1856 3388 1922 3426 ex
1953 3371 2115 3425 trice-

531 3461 688 3514 nario
722 3461 815 3514 illo
845 3477 1074 3516 numero
1107 3461 1347 3516 Aﬁonum
1377 3461 1675 3527 exStitisse,
1707 3461 1804 3517 sed
1833 3461 2114 3516 inferioris

531 3550 826 3622 cujusdam
857 3552 1092 3615 ordinis,
1125 3569 1187 3607 ex
1226 3568 1418 3608 eorum
1451 3554 1707 3608 videlicet
1729 3569 1890 3624 grege
1923 3553 2112 3616 fuisse,

531 3645 624 3714 qui
656 3643 798 3698 infra
839 3644 1000 3698 aliam
1039 3643 1353 3716 Ogdoadem
1385 3645 1746 3699 collocantur.
1789 3643 1864 3700 De
1895 3643 2116 3699 Christo

533 3737 765 3807 aliisque
806 3737 1154 3808 dogmatibus
1184 3738 1375 3794 eadem
1401 3753 1526 3793 cum
1562 3744 1784 3791 auctore
1809 3737 2003 3792 veneni
2030 3736 2118 3790 sui

534 3848 597 3886 ac
626 3833 1006 3887 ministratore
1033 3831 1320 3886 Valentino
1351 3829 1562 3885 statuit.
1595 3830 1778 3895 Quare
1805 3846 1929 3884 eum
1970 3829 2117 3883 haud

535 3925 609 3979 ita
645 3925 819 3978 multa
851 3924 961 3978 sint
990 3924 1059 3978 ab
1103 3924 1210 3978 isto
1240 3922 1473 3978 diversis
1512 3937 1577 3976 ac
1610 3922 1910 3992 peregrinis
1945 3922 2118 3992 expli-

535 4025 656 4069 cata
708 4015 952 4080 vocibus,
985 4028 1156 4084 pauca
1204 4013 1318 4067 haec
1357 4029 1479 4082 quae
1523 4011 1669 4067 dicta
1701 4020 1830 4068 sunt
1873 4012 2121 4068 sufﬁcere

538 4105 744 4176 putavi,
777 4119 899 4175 quae
938 4119 1035 4174 per
1074 4103 1252 4172 seipsa
1296 4102 1432 4157 satis
1468 4101 1532 4155 ad
1572 4101 1929 4156 refellendum
1962 4117 2122 4171 argu—

537 4204 846 4252 mentorum
879 4194 1250 4265 suppeditant.
1299 4191 1406 4246 Sed
1441 4191 1507 4245 de
1542 4192 1635 4244 illo
1663 4200 1840 4247 tamen
1883 4191 2121 4246 breviter

535 4304 754 4358 quoque
805 4287 1198 4357 disputandum
1247 4293 1363 4350 est,
1414 4299 1483 4339 ne
1536 4285 1698 4349 ideo,
1746 4285 1893 4355 quod
1932 4295 2121 4341 contra

537 4380 715 4449 ipsum
745 4378 940 4434 afferre
973 4379 1109 4432 nihil
1147 4392 1456 4447 possemus,
1487 4377 1904 4447 praetermisisse
1931 4378 2122 4432 videa-

2197 521 2391 589 φάσεις
2436 521 2759 590 ιιιέληφότες,
2813 522 2961 592 ὅμως
3007 521 3064 574 αἱ
3123 519 3516 591 προειρημέναι
3561 517 3658 570 σὺν
3704 517 3771 586 τῇ

2194 613 2388 666 τούτου
2415 612 2510 666 τοῦ
2543 613 2893 666 Οὐαλεντίνου
2926 615 2991 684 τῇ
3017 611 3117 681 τῆς
3160 610 3420 681 ἀληθείας
3457 607 3776 678 διδασκαλίᾳ

2199 707 2670 774 καταπατηθεῖσαι
2702 707 2791 776 ὐφ’
2834 707 2990 777 ἡμῶν
3035 704 3436 776 παρείσθωσαν.
3481 703 3670 773 Ἡμεῖς
3717 700 3776 754 δὲ

2197 800 2296 863 τὰς
2327 799 2451 869 ἑξῆς
2476 800 2535 851 ὲν
2561 801 2626 852 τῆ
2657 798 2749 852 τοῦ
2779 797 2914 852 Θεοῦ
2943 797 3168 868 δυνάμει
3197 797 3668 868 διασκοπήσωμεν.

2587 993 2777 1046 ΚΑΤΑ
2829 989 3358 1045 ΣΕΚΟΥΝΔΙΑΝΩΝ
3372 1030 3388 1056 ,

2200 1100 2308 1170 Οἷς
2334 1103 2619 1174 συνήφθη
2638 1103 2970 1174 Ἐπιφάνης
2994 1104 3090 1158 καὶ
3113 1104 3436 1174 Ἰσίδωρος,
3457 1102 3774 1171 δωδεκάτη,

2577 1177 2617 1242 ἡ
2653 1177 2750 1230 καὶ
2778 1173 3104 1244 τριακοστὴ
3139 1173 3408 1242 δευτέρα.

2272 1267 2350 1322 A'.
2405 1267 2774 1339 Παρελθόντες
2799 1267 2856 1320 δὲ
2884 1267 2983 1337 τὴν
3020 1268 3114 1320 τοῦ
3153 1267 3506 1320 Οὐαλεντίνου
3548 1266 3779 1335 αἵρεσιν,

2200 1360 2296 1414 καὶ
2356 1360 2527 1414 πολλά
2591 1359 2961 1430 μοχθήσαντες
3018 1362 3074 1411 ὲν
3135 1361 3200 1430 τῇ
3251 1357 3549 1412 ἀκανθώδει
3615 1357 3780 1410 αὐτοῦ

2202 1453 2403 1523 σπορᾷ,
2431 1451 2520 1504 διὰ
2553 1449 2768 1514 πολλοῦ,
2805 1450 2880 1512 ὡς
2913 1451 3108 1512 εἰπεῖν,
3138 1449 3386 1520 καμάτου
3419 1449 3514 1502 καὶ
3545 1463 3781 1517 γεωργι-

2203 1545 2305 1614 κῆς
2349 1543 2722 1606 κακοπαθείας
2776 1543 2869 1595 ἐπὶ
2915 1542 2981 1594 τὰ
3033 1541 3262 1610 λείψανα
3310 1542 3409 1612 τῆς
3442 1539 3782 1599 ἀκανθώδους

2201 1635 2364 1688 αὐτοῦ
2402 1637 2609 1706 σπορᾶς
2662 1635 2756 1688 καὶ
2800 1634 3137 1706 ὲρπετὼδους
3176 1633 3340 1686 αὐτοῦ
3390 1631 3784 1706 θηριομορφίας

2206 1727 2580 1798 ἐλευσόμεθα,
2633 1727 2693 1779 τὸ
2738 1728 2890 1796 ἆγιον
2949 1727 3174 1798 Πνεῦμα
3218 1726 3576 1797 αἰτησάμενοι
3635 1726 3786 1795 παρά

2133 1804 2176 1860 Β
2205 1821 2470 1894 Χριστοῦ,
2504 1822 2584 1883 είς
2623 1820 2684 1874 τὸ
2724 1820 2790 1873 δι’
2820 1819 2985 1873 αὐτοῦ
3010 1819 3310 1873 ὲπισπάσαι
3343 1820 3464 1880 ταῖς
3491 1816 3688 1886 ψυχαῖς
3717 1818 3783 1887 τῇ

2206 1918 2263 1969 ὲν
2295 1913 2414 1984 Θεῴ
2445 1913 2767 1984 διδασκαλίᾳ
2813 1912 2910 1965 καὶ
2955 1911 3136 1982 σεμνῷ
3176 1910 3340 1981 λόγῳ,
3380 1911 3474 1963 καὶ
3506 1911 3630 1972 τοὺς
3675 1909 3786 1971 ἰοὺς

2206 2007 2519 2060 ἀνασπάσαι
2575 2005 2871 2075 δυνηθῆναι
2917 2004 3026 2058 ἀπὸ
3098 2003 3206 2058 τῶν
3261 2002 3404 2056 οὕτω
3452 2001 3787 2074 προειρημέ-

2205 2117 2313 2155 νων
2341 2100 2474 2170 (84).
2506 2098 2776 2169 Ἀρξομαι
2807 2097 2864 2150 δὲ
2898 2095 3026 2169 περὶ
3057 2096 3264 2149 τούτων
3299 2096 3480 2166 λέγειν
3509 2094 3648 2147 κατά
3675 2094 3788 2147 δια-

2206 2189 2402 2260 δοχὴν,
2449 2190 2533 2252 τίς
2563 2189 2706 2252 τίνος
2736 2187 2976 2258 διάδοχος
3023 2187 3315 2257 γεγένηται
3361 2185 3468 2238 τῶν
3512 2185 3571 2251 ἐξ
3621 2180 3787 2237 αὐτοῦ

2207 2281 2564 2352 ὁρμωμένων,
2614 2282 2710 2334 καὶ
2750 2280 2943 2351 ἑτέραν
2995 2279 3145 2350 παρὰ
3188 2278 3288 2350 τὴν
3317 2276 3524 2330 ἐκείνου
3578 2273 3792 2345 σπορὰν

2206 2371 2588 2425 διδασκόντων.

2283 2547 2572 2610 Σεκοῦνδος
2601 2547 2778 2601 τοίνυν
2807 2565 2891 2612 τις
2923 2547 2981 2614 ἐξ
3009 2546 3188 2602 αὐτῶν
3217 2545 3311 2605 ῶν,
3339 2547 3434 2599 καὶ
3471 2545 3791 2618 περισσότε-

2215 2639 2304 2710 ρόν
2337 2656 2389 2691 τι
2418 2638 2736 2708 βουλόμενος
2767 2640 3051 2710 φρονῆσαι,
3089 2640 3268 2692 πάντα
3305 2638 3402 2708 μὲν
3435 2636 3503 2690 τὰ
3535 2636 3674 2690 κατά
3699 2636 3795 2690 τὸν

2212 2729 2563 2782 Οὐαλεντῖνον
2619 2729 2932 2799 ἐξηγεῖται,
2996 2727 3381 2799 περισσότερον
3427 2726 3483 2779 δὲ
3533 2721 3666 2796 ἦχον
3712 2727 3793 2788 εἰς

2213 2820 2382 2884 ἀκοὰς
2427 2819 2535 2872 τῶν
2568 2820 3090 2891 ἐμϐεϐροντημένων
3141 2820 3428 2890 ἐξήχησεν.
3471 2811 3642 2880 Οὗτος
3685 2815 3794 2888 γὰρ

2214 2911 2354 2965 κατά
2387 2911 2738 2964 Οὐαλεντῖνον
2771 2909 2866 2972 ὢν,
2893 2910 2966 2973 ῶς
2995 2912 3274 2980 προεῖπον,
3307 2908 3446 2978 ὑπὲρ
3471 2906 3527 2958 δὲ
3555 2905 3794 2958 Οὐαλεν-

2213 3007 2357 3056 τῖνον
2399 3002 2632 3072 φρονῶν,
2667 3001 2813 3070 λέγει
2846 2996 2986 3054 εἶναι
3020 3001 3118 3072 τὴν
3153 2999 3377 3070 πρώτην
3408 2998 3666 3066 Ὁγδοάδα
3696 2997 3797 3049 Τε-

2216 3096 2386 3166 τράδα
2414 3094 2618 3161 δεξιὰν,
2652 3095 2748 3147 καὶ
2776 3093 3022 3165 Τετράδα
3072 3092 3367 3163 ἀριστεράν
3385 3107 3400 3122 ’
3441 3090 3584 3143 οὕτω
3613 3106 3794 3160 παρα·-

2213 3191 2388 3252 διδούς
2423 3189 2704 3242 καλεῖσθαι
2736 3187 2835 3256 τὴν
2888 3187 2988 3257 μὲν
3021 3187 3151 3256 μίαν
3194 3186 3313 3247 Φῶς
3335 3225 3349 3249 ,
3394 3184 3494 3254 τὴν
3539 3183 3596 3237 δὲ
3631 3183 3798 3252 ἀλλην

2214 3282 2413 3342 Σκότος
2438 3299 2450 3312 υ
2495 3280 2596 3352 τὴν
2637 3279 2693 3331 δὲ
2727 3277 3044 3330 ἀποστᾶσάν
3068 3295 3128 3330 τε
3174 3278 3268 3330 καὶ
3302 3277 3678 3347 ὐστερήσασαν
3708 3273 3799 3327 δύ-

2215 3392 2379 3446 ναμιν
2436 3371 2510 3444 μὴ
2559 3367 2699 3424 εἷναι
2733 3369 2842 3423 ἀπὸ
2887 3368 2995 3421 τῶν
3030 3370 3320 3440 τριάκοντα
3365 3367 3621 3432 Αἰώνων,
3664 3365 3800 3419 ἀλλά

2219 3469 2355 3540 μετά
2384 3469 2509 3528 τοὺς
2538 3463 2829 3536 τριάκοντα
2862 3463 3094 3526 Αίῶνας,
3119 3463 3194 3526 ὼς
3214 3459 3352 3514 εἶναι
3380 3463 3488 3514 ἀπὸ
3511 3460 3617 3514 τῶν
3659 3459 3801 3530 μετά

2215 3558 2313 3630 τὴν
2346 3557 2603 3627 Ὀγδοάδα
2628 3557 2728 3626 τὴν
2754 3555 2920 3625 ἀλλην
2954 3556 3248 3625 κατωτέρω
3275 3553 3601 3623 γενομένων.
3634 3553 3714 3605 Τά
3742 3551 3802 3603 δὲ

2218 3652 2395 3706 πάντα
2432 3669 2497 3703 πε
2508 3651 2558 3722 pi.
2582 3648 2818 3720 Χριστοῦ
2845 3649 2937 3702 καὶ
2971 3647 3080 3700 τῶν
3108 3647 3281 3700 ἀλλων
3307 3647 3594 3718 δογμάτων
3623 3644 3805 3698 ὡσαύ-

2217 3762 2325 3808 τως
2363 3743 2440 3814 τῴ
2478 3744 2592 3814 ἰδίῳ
2620 3740 2842 3812 χορηγῷ
2880 3740 2956 3810 τῷ
2998 3739 3077 3792 ἰοῦ
3126 3741 3218 3793 καὶ
3261 3740 3448 3810 δοτῆρι
3508 3739 3602 3791 τοῦ
3635 3739 3803 3808 δηλη-

2217 3837 2408 3908 τηρίου
2449 3834 2786 3904 Οὐαλεντίνῳ
2807 3832 3144 3903 δογματίζει.
3179 3832 3268 3901 Μὴ
3299 3830 3511 3885 πολλῶν
3544 3831 3601 3884 δὲ
3633 3831 3804 3884 ὄντων

2217 3929 2326 3980 τῶν
2377 3926 2482 3980 ὐπὸ
2530 3925 2717 3979 τούτου
2766 3925 3041 3994 διαφόρως
3077 3922 3591 3994 ξενολεκτουμένων,
3637 3923 3807 3994 ἀρκε-

2223 4020 2414 4091 σθῆναι
2445 4020 2542 4090 μὲν
2568 4019 2864 4091 ἡγησάμην
2889 4017 2998 4071 δεῖν
3022 4021 3134 4081 τοῖς
3158 4016 3598 4089 προειρημένοις,
3620 4015 3806 4085 έχουσι

2223 4111 2316 4162 καὶ
2340 4110 2432 4177 ἀφ’
2461 4109 2670 4162 ἑαυτῶν
2693 4111 2792 4180 τὴν
2821 4108 3154 4178 ἀνατροπὴν,
3185 4109 3335 4176 ὅμως
3361 4107 3404 4159 δ’
3435 4102 3528 4159 οὖν
3556 4107 3649 4158 καὶ
3679 4106 3808 4176 περὶ

2224 4200 2390 4254 αὐτοῦ
2435 4200 2591 4270 ὀλίγα
2637 4201 2798 4266 λέξω,
2833 4202 2918 4254 ἵνα
2975 4201 3048 4271 μὴ
3106 4201 3171 4253 δι’
3218 4199 3454 4269 ἀπορίαν
3501 4198 3809 4269 παρεληλυ-

2225 4289 2376 4344 θέναι
2410 4309 2461 4343 τι
2514 4292 2632 4344 κατ’
2669 4290 2832 4343 αὐτὸν
2879 4289 3034 4355 δόξω.
3084 4289 3148 4341 Εἰ
3183 4287 3293 4358 γὰρ
3336 4287 3605 4357 Τετράδες
3636 4285 3810 4349 δεξιαὶ

2227 4386 2322 4438 καὶ
2354 4383 2621 4454 εὐώνυμοι
2655 4384 2785 4453 παρ’
2813 4383 2997 4446 αὐτοῖς
3025 4382 3337 4441 τάσσονται,
3372 4377 3726 4451 εὐρεθήσεταί
3755 4394 3810 4432 τι.

539 4488 681 4525 inur.
721 4473 890 4542 Igitur
923 4472 968 4526 si
996 4469 1260 4525 Tetrades
1286 4486 1352 4524 ex
1387 4469 1602 4523 illorum
1637 4471 1893 4538 opinione
1919 4470 2111 4524 dextra

2229 4473 2393 4543 ζητού
2404 4490 2562 4544 μενον
2583 4472 2746 4542 μέσον
2766 4470 2862 4525 τοῦ
2879 4489 2936 4523 τε
2953 4470 3128 4534 δεξιοῦ
3145 4471 3237 4524 καὶ
3255 4469 3345 4523 τοῦ
3365 4467 3677 4541 ἀριστεροῦ·
3702 4469 3811 4520 πᾶν

541 4571 670 4618 sunt
701 4578 764 4618 ac
811 4563 1070 4627 sinistra,
1117 4561 1358 4616 medium
1392 4561 1536 4616 inter
1563 4577 1656 4615 eas
1687 4561 1944 4631 quiddam
1984 4563 2124 4616 assi-

539 4654 695 4725 gnari
751 4660 1001 4721 oportet,
1049 4659 1338 4722 propterea
1391 4651 1536 4721 quod
1579 4651 1846 4720 quidquid
1901 4651 2123 4707 dextros

539 4749 704 4801 habet
736 4760 798 4799 ac
835 4745 1094 4800 sinistros
1126 4743 1370 4807 ordines,
1412 4749 1468 4798 in
1505 4758 1694 4798 eorum
1730 4742 1912 4797 medio
1948 4743 2121 4798 collo-

548 4839 662 4892 cari
710 4851 933 4892 necesse
961 4845 1082 4903 est;
1132 4835 1296 4905 209
1325 4851 1499 4906 neque
1536 4835 1726 4890 dextra
1765 4835 1848 4890 vel
1895 4835 2117 4891 sinistra

542 4931 754 5001 uspiam
797 4944 922 4984 esse
972 4935 1235 4998 possunt,
1290 4928 1399 4982 nisi
1453 4943 1521 4983 ex
1565 4926 1853 4997 interjecto
1892 4943 2123 4997 corpore

544 5025 831 5094 utriusque
876 5022 1050 5093 partis
1099 5021 1396 5076 discrimen
1449 5029 1683 5092 petatur.
1731 5021 2119 5086 Quamobrem,

543 5118 902 5174 stolidissime
939 5115 1253 5170 mortalium
1311 5113 1603 5182 Secunde,
1648 5130 1854 5184 vosque
1909 5113 2122 5170 Secun-

543 5212 688 5264 diani
720 5226 933 5276 omnes,
968 5209 1207 5264 medium
1239 5208 1344 5262 erit
1379 5224 1546 5262 unum
1583 5209 1808 5278 aliquid,
1847 5209 1936 5263 cui
1989 5211 2124 5266 siui-

546 5314 657 5357 stra
691 5302 991 5371 dextraque
1025 5316 1146 5370 qua:
1177 5299 1440 5354 dicuntur
1471 5301 1718 5370 subjecta
1760 5301 1911 5357 sint:
1947 5319 2124 5373 neque

547 5398 617 5449 ab
656 5410 764 5449 uno
797 5395 890 5450 illo
929 5393 1168 5448 alienum
1203 5393 1257 5446 id
1299 5408 1422 5448 esse
1469 5393 1696 5462 poterit,
1730 5393 1875 5464 quod
1911 5395 1960 5448 ei
1995 5395 2126 5450 sub-

547 5486 734 5554 jicitur
764 5485 1018 5539 dextrum
1057 5491 1151 5538 aut
1179 5483 1468 5539 sinistrum
1498 5503 1511 5539 :
1555 5495 1722 5555 atque
1757 5485 1834 5539 ita
1865 5483 1935 5538 ad
1965 5499 2130 5538 unam

549 5576 838 5648 quamdam
867 5585 1120 5632 naturam
1168 5577 1428 5632 universa
1469 5578 1799 5647 referentur,
1840 5594 1948 5650 qua
1992 5579 2131 5633 nihil

2225 4566 2334 4635 γὰρ
2379 4563 2557 4618 ὁτιοῦν
2593 4561 2771 4628 δεξιὰς
2806 4561 2928 4632 ἔχον
2957 4563 3052 4614 καὶ
3085 4560 3400 4631 εὐωνύμους
3431 4559 3612 4624 τάξεις
3645 4558 3812 4628 μέσον

2225 4658 2424 4726 ἕστηκε
2453 4656 2564 4709 τῶν
2594 4654 2893 4725 εὐωνύμων
2938 4653 3102 4707 αὐτοῦ
3141 4655 3234 4706 xa‘t
3267 4652 3456 4719 δεξιῶν
3478 4666 3492 4681 ⁸
3523 4653 3615 4705 καὶ
3651 4652 3813 4705 οὐδα-

2229 4746 2332 4818 μοῦ
2364 4746 2653 4816 δυνήσεται
2677 4742 2979 4807 εἷναιδεξιά
3007 4743 3341 4814 ἢάριστερὰ,
3374 4745 3422 4794 εἰ
3454 4743 3528 4812 μή
3558 4759 3612 4794 τι
3649 4742 3717 4795 ἂν
3742 4744 3810 4795 ἐκ

2231 4835 2658 4907 μεσολαϐοὖντος
2685 4833 2936 4905 σώματος
2969 4834 3228 4904 ἑκατέρου
3247 4833 3498 4905 μέρουςή
3535 4833 3812 4904 διάκρισις

2227 4928 2471 4997 γένηται.
2512 4926 2654 4997 ’Λρα
2688 4920 2802 4992 οὖν,
2831 4924 3024 4994 ἀνόητε
3064 4923 3345 4988 Σεκοῦνδε,
3385 4924 3547 4976 καὶοὶ
3569 4924 3676 4977 ἀπὸ
3708 4921 3804 4975 σοῦ

2228 5023 2594 5094 ἠπατημένοι,
2624 5019 2686 5074 τὸ
2717 5020 3062 5090 μεσαίτατον,
3087 5019 3178 5086 ἀφ’
3203 5013 3378 5088 οὗπερ
3408 5019 3500 5070 καὶ
3546 5015 3813 5088 ἀριστερά

2230 5115 2325 5168 καὶ
2363 5114 2513 5179 δεξιά
2554 5112 2974 5174 ὑποπίπτουσιν,
3011 5109 3161 5163 ἔσται
3211 5109 3269 5162 ἓν
3299 5126 3376 5170 τι,
3407 5110 3501 5162 καὶ
3542 5109 3604 5161 οὐ
3656 5109 3816 5180 δυνή-

2233 5225 2386 5261 σεται
2437 5206 2714 5277 ἀλλότριον
2763 5201 2901 5257 εἶναι
2946 5202 3041 5256 τοῦ
3081 5202 3198 5266 ἑνός
3239 5218 3386 5263 τινος
3427 5201 3488 5253 τὸ
3537 5201 3596 5264 ἐξ
3646 5201 3812 5254 αὐτοῦ

2231 5299 2537 5352 ὐποπίπτον
2561 5296 2734 5362 δεξιόν
2767 5313 2828 5348 τε
2872 5295 2966 5348 καὶ
3013 5292 3294 5363 εὐώνυμον
3316 5308 3330 5322 ο
3363 5292 3457 5346 καὶ¹
3506 5291 3815 5362 ἐξάνάγκης

2236 5391 2602 5462 ἀναχθήσεται
2644 5388 2706 5442 τὸ
2736 5389 2844 5440 πᾶν
2877 5387 2958 5450 εἰς
2987 5386 3049 5439 τὸ
3096 5384 3154 5438 ἓν
3186 5383 3266 5447 ὃν,
3294 5377 3354 5437 οὐ
3387 5381 3661 5437 ἀνώτατον
3694 5384 3817 5436 οὐδὲ

2235 5485 2293 5538 ἓν
2326 5485 2495 5546 ἐστιν,
2529 5481 2651 5536 οὔτε
2694 5478 3064 5550 ὐποδεϐηκὺς,
3113 5476 3237 5531 οὐτε
3273 5476 3605 5541 κατώτατον,
3643 5476 3692 5526 εί
3742 5476 3818 5546 μὴ

2238 5593 2306 5632 τα
2339 5577 2430 5630 ὐπ’
2457 5575 2623 5630 αὐτοῦ
2671 5572 3000 5645 ἐκτισμένα·
3036 5571 3132 5627 καὶ
3169 5569 3338 5626 ἔσται’
3371 5569 3532 5622 τοῦτο
3582 5566 3818 5637 φανερὸν

625 5730 734 5801 (δι)
800 5731 928 5788 Am}
972 5731 1089 5788 τῶν
1131 5734 1280 5805 οὕτω
1329 5738 1780 5806 προειρημὲνωιιο.
1818 5737 1941 5793 Cor.
1986 5735 2402 5809 προῃρημένων.
