4156 6358
378 359 484 416 545

1101 355 1471 414 ADVERSUS
1507 347 1854 412 IIEBESES
1893 353 1958 410 Li

2068 354 2110 412 1.
2155 353 2320 410 ΤΟΜ.
2364 351 2516 408 ll.-—
2557 351 2829 409 IlIERES.
2864 352 3081 410 XXXII.

3536 355 3640 410 546

376 475 484 536 τοῖς
533 471 633 542 τὴν
683 470 946 541 ἀλήθειαν
993 472 1530 542 καταμανθάνουσιν,
1565 472 1648 524 ὅτι
1694 465 1775 535 εἷς
1823 470 1954 534 Θεός

2064 485 2238 539 neque
2287 467 2549 538 superius
2584 466 2692 531 sit,
2749 483 2928 538 neque
2993 467 3250 533 inferius,
3300 467 3640 537 infimumvm

375 566 542 627 ἐστιν,
573 566 600 616 ὁ
633 563 844 634 Πατὴρ,
879 564 972 617 xui
1003 564 1152 628 Υἱὸς,
1189 564 1286 618 xui
1325 565 1478 633 ἅγιον
1522 564 1767 634 Πνεῦμα.
1804 564 1868 616 Ei.
1898 562 1956 616 δὲ

375 652 456 720 εἷς
495 655 626 719 Θεὸς
672 657 840 716 ἐστιν,
881 656 941 720 ἑξ
981 648 1043 708 οὗ
1089 656 1159 709 τὰ
1200 656 1398 718 πάντα,
1428 653 1553 710 οὔτε
1589 673 1643 708 τι
1671 654 1958 728 ἀριστερόν

375 751 522 801 ἐστιν
552 749 610 799 ἐν
647 747 818 816 αὐτῷ,
857 746 980 800 οὔτε
1020 748 1308 818 ἐλάττωμα
1341 749 1551 820 ἕτερον,
1582 747 1706 800 οὕτε
1741 765 1794 799 τι
1827 749 1960 799 ὑπο-

375 839 610 910 ϐεϐηκὸς
636 881 649 904 ,
693 839 832 911 πλὴν
885 839 992 892 τῶν
1039 841 1131 893 ὑπ’
1173 840 1338 894 αὐτοῦ
1385 841 1742 911 ἐκτισμένων.
1777 838 1857 892 Τὰ
1903 838 1960 891 δέ

378 931 520 1002 μετὰ
565 931 807 1002 Πατέρα,
855 931 948 983 xui
995 931 1144 994 Υίὸν,
1179 931 1274 984 καὶ
1324 929 1478 999 ἅγιον
1511 931 1736 1000 Πνεῦμα
1781 928 1960 981 πάντα

377 1022 556 1085 καλῶς
591 1023 908 1093 ἐκτισμένα,
949 1023 1044 1075 xui
1085 1025 1165 1086 είς
1201 1023 1460 1077 σύστασιν
1484 1024 1574 1076 ὑπ’
1601 1020 1766 1074 αὐτοῦ
1792 1020 1961 1089 ἀφθό-

380 1131 488 1178 νως
515 1110 575 1168 εὖ
605 1113 1034 1186 προεληλυθότα.

446 1382 522 1438 B'.
565 1382 628 1434 Εί
661 1381 716 1433 δὲ
751 1381 844 1434 xui
877 1379 1035 1433 πάλιν
1069 1380 1184 1452 ἐρεῖ
1229 1381 1256 1432 ὁ
1300 1376 1542 1440 τοιοῦτος
1581 1379 1712 1448 ἡμῖν
1759 1375 1957 1447 προαλ-

378 1473 484 1528 θὼν
517 1475 701 1545 ἕτερος
741 1472 884 1541 ὄφις,
921 1473 1004 1524 ὅτι
1048 1473 1117 1524 τὰ
1151 1471 1248 1542 μὲν
1280 1470 1428 1534 δεξιὰ
1472 1470 1565 1522 xui
1607 1467 1863 1538 εὐώνυμα
1898 1471 1962 1522 ἐκ

375 1564 468 1620 τοῦ
504 1565 621 1628 ἑνὸς
649 1563 906 1634 ὑπάρχει,
938 1561 1098 1625 αὐτὸς
1127 1562 1184 1614 δὲ
1217 1559 1541 1630 μεσαίτατός
1564 1560 1700 1620 ἑστι,
1725 1557 1820 1610 xui
1843 1558 1964 1609 ἑαυ-

377 1661 456 1730 τῷ
490 1661 588 1731 μὲν
620 1659 955 1730 προσάγεται
984 1657 1053 1708 τὰ
1087 1654 1256 1718 δεξιὰ,
1287 1653 1381 1706 xui
1406 1653 1586 1723 χαίρει
1623 1651 1853 1713 τούτοις,
1877 1650 1963 1703 δε-

379 1750 470 1816 ξιὰ
498 1751 556 1804 δὲ
591 1750 745 1803 καλεῖ
785 1749 880 1802 καὶ
914 1747 1059 1816 φῶς*
1089 1745 1158 1799 τὰ
1191 1745 1249 1798 δὲ
1289 1743 1544 1814 εὐώνυμα
1589 1744 1666 1807 ὡς
1709 1742 1963 1812 ἀλλότρια

2059 569 2423 631 praeterquam
2459 573 2579 627 qua:
2610 558 2679 610 ab
2702 573 2769 610 eo
2809 557 3028 612 condita
3055 568 3212 625 sunt;
3253 559 3467 628 eritque
3498 561 3642 613 veri-

2060 653 2190 706 tatis
2248 651 2438 722 gnaris
2494 649 2637 704 haud
2697 650 3018 714 obscurum,
3053 665 3222 703 unum
3284 649 3452 704 Deum
3497 665 3642 713 esse,

2059 742 2302 806 Patrem,
2338 741 2538 796 Filium
2573 751 2627 796 et
2659 740 2930 812 Spiritum
2963 751 3238 796 sanctum.
3265 741 3386 795 Jam
3419 742 3467 796 si
3501 758 3642 797 unus

2061 833 2206 889 Deus
2227 842 2333 896 est,
2358 848 2388 887 a
2421 848 2531 904 quo
2557 844 2685 888 sunt
2710 834 2928 887 omnia:
2961 834 3093 886 nihil
3122 849 3300 903 neque
3334 835 3640 897 sinistrum,

2061 940 2240 994 neque
2273 924 2379 977 alia
2413 925 2625 978 ratione
2649 924 2908 978 deficiens
2939 925 3101 979 inerit
3135 925 3263 995 ipsi,
3289 941 3465 996 neque
3505 927 3640 981 infe-

2061 1017 2178 1072 rius
2229 1027 2426 1087 praeter
2470 1019 2560 1071 illa
2601 1033 2722 1085 quae
2763 1018 3092 1087 procreavit.
3139 1019 3349 1073 Caetera
3384 1029 3508 1088 post
3549 1018 3624 1072 Pa

2061 1119 2200 1164 trem
2240 1109 2475 1175 Filium,
2527 1109 2904 1180 Spiritumque
2956 1120 3209 1166 sanctum
3261 1113 3524 1182 pra'clare
3577 1113 3648 1165 ah

2061 1214 2127 1254 eo
2163 1200 2430 1267 producta
2470 1209 2620 1264 sunt,
2655 1216 2719 1254 ac
2765 1202 2904 1255 citra
2934 1202 3099 1256 ullam
3130 1203 3392 1256 invidiam
3429 1203 3645 1273 egregie

2062 1290 2384 1345 constituta.

2132 1379 2198 1433 ll.
2229 1379 2382 1445 Quod
2412 1380 2458 1435 si
2486 1379 2755 1448 ejusmodi
2779 1381 2998 1450 quidam
3031 1381 3191 1438 nobis
3215 1398 3244 1436 e
3265 1382 3489 1438 latebris
3513 1381 3648 1436 edu~

2062 1484 2184 1528 ctus
2217 1489 2442 1543 serpens
2472 1474 2712 1542 objiciat,
2746 1474 2814 1528 ab
2843 1490 2953 1529 uno
2982 1490 3104 1530 esse
3133 1475 3324 1530 dextra
3358 1475 3561 1544 pariter
3593 1485 3647 1528 et

2064 1563 2312 1630 sinistra,
2342 1566 2484 1633 quod
2525 1566 2702 1634 ipsum
2733 1566 2789 1623 in
2825 1582 3015 1621 eorum
3047 1568 3226 1623 medio
3261 1578 3531 1633 versetur,
3565 1569 3643 1622 si-

2062 1651 2228 1722 bique
2261 1668 2380 1722 qua:
2431 1653 2624 1707 dextra
2671 1663 2799 1710 sunt
2841 1656 3110 1720 asciscat,
3172 1657 3348 1726 iisque
3390 1658 3643 1728 gaudeat,

2063 1751 2118 1799 et
2155 1745 2342 1798 eadem
2385 1743 2702 1800 dextrorum
2750 1758 2814 1798 ac
2847 1745 3071 1800 luminis
3111 1747 3345 1816 appellet
3392 1747 3646 1807 nomine,

378 1841 566 1896 αὑτοῦ.
599 1842 692 1895 xui
725 1840 820 1892 ἐπὶ
845 1837 1108 1909 ἀριστερὰ
1133 1835 1360 1906 κείμενα
1392 1833 1694 1888 ἀπωθεῖται
1717 1849 1730 1861 ·
1757 1832 1962 1901 λεγέτω

2064 1843 2256 1890 contra
2290 1850 2420 1889 vero
2453 1834 2678 1890 sinistra
2707 1845 2964 1905 tanquam
2997 1852 3028 1891 a
3069 1851 3128 1892 se
3159 1838 3356 1901 aliena,
3396 1845 3450 1890 et
3479 1837 3532 1889 in
3560 1836 3648 1888 la:-

381 1950 472 2003 μοι
501 1931 662 1985 πόθεν
695 1929 960 2000 λαμϐάνει
988 1927 1191 1997 ταύτην
1217 1927 1316 1997 τὴν
1343 1925 1709 1996 γεωμετρίαν,
1741 1925 1829 1977 ἵνα
1857 1942 1958 1976 κα-

377 2023 486 2087 λῶς
533 2021 770 2094 ῥυθμίσῃ
815 2019 1189 2092 ἀμετάστατον
1217 2015 1395 2083 δεξιάν
1427 2034 1486 2069 τε
1517 2016 1610 2070 xui
1655 2015 1954 2086 εὐώνυμον.

379 2118 517 2190 Παρ⁹
533 2121 666 2188 ἡμῖν
688 2117 795 2186 γὰρ
816 2113 966 2180 δεξιὰ
986 2113 1209 2176 εἰκότως
1234 2112 1578 2182 ὀνομάζεται,
1606 2112 1722 2182 ἦτοι
1744 2111 1960 2181 ἀριστε-

382 2209 470 2276 ρὰ,
511 2209 620 2262 ἀπὸ
660 2207 769 2261 τῶν
798 2209 855 2261 ἐν
889 2205 965 2277 τῷ
995 2205 1208 2276 σώματι
1257 2203 1624 2276 πεπηγμένων
1674 2203 1870 2273 μελῶν,
1902 2203 1959 2255 ἐν

377 2296 456 2364 οἷς
485 2299 736 2353 οὐδέποτε
757 2296 1024 2368 ὲναλλαγὴ
1046 2297 1273 2366 γίνεται.
1305 2295 1385 2348 Τὰ
1408 2295 1463 2348 δὲ
1493 2294 1648 2358 ἐκτὸς
1680 2293 1838 2365 ἡμῶν
1871 2293 1960 2346 δύ-

378 2408 534 2444 ναται
560 2386 698 2444 εἶναι
727 2390 854 2443 ποτέ
893 2391 992 2460 μὲν
1037 2388 1204 2454 δεξιὰ,
1245 2387 1376 2441 ποτέ
1399 2387 1456 2440 δὲ
1483 2385 1760 2456 εὐώνυμα.
1792 2386 1960 2438 Παντὶ

381 2484 480 2555 μὲν
512 2483 618 2554 γὰρ
643 2482 720 2552 τῷ
745 2483 940 2554 ὁρῶντι
961 2484 1100 2536 κατὰ
1121 2481 1386 2553 ἀνατολὴν
1414 2481 1585 2544 νότος,
1617 2479 1713 2532 εἴτ’
1737 2475 1828 2532 οὖν
1866 2496 1961 2549 με·

379 2574 650 2648 σημϐρία,
681 2574 833 2639 δεξιὰ
860 2573 1226 2645 κληθήσεταιο
1262 2573 1322 2626 τὸ
1349 2572 1520 2642 κλίμα
1543 2571 1599 2624 δὲ
1631 2571 1692 2624 τὸ
1729 2569 1958 2640 βόρειον,

378 2668 498 2738 ἦτοι
528 2666 794 2738 ἀρκτῷον,
827 2665 1130 2737 ἀριστερόν.
1170 2665 1244 2718 Τὸ
1268 2664 1324 2717 δέ
1354 2663 1623 2718 ἀνάπαλιν
1649 2663 1739 2716 sui
1780 2664 1848 2714 τὰ
1871 2662 1962 2714 δυ-

379 2757 507 2811 τικὰ
543 2757 680 2828 μέρη
710 2758 1144 2830 ἀναστραφέντος
1167 2755 1458 2833 ᾲνθρώπου
1480 2754 1644 2818 τινὸς,
1671 2753 1961 2825 εὑρεθήσε-

379 2865 468 2902 ται
502 2847 858 2918 ἑτερωνύμως
883 2848 951 2901 τὰ
979 2847 1237 2917 κλίματα,
1268 2847 1405 2917 ὅπερ
1449 2846 1557 2918 πρὸ
1601 2845 1746 2917 ὧρας
1789 2843 1962 2907 δεξιὸν

381 2940 611 3010 ὑπῆρχε,
638 2941 809 2993 νότιόν
858 2957 917 2992 τε
969 2937 1358 3010 μεσημϐρινὸν,
1389 2939 1470 3001 εἰς
1517 2937 1780 3009 ἀριστερὰ
1809 2933 1962 2998 αὖθις

383 3031 850 3102 μεταϐαλλόμενον
872 3049 883 3060 ·
917 3031 1010 3084 καὶ
1053 3030 1114 3083 τὸ
1147 3031 1228 3093 είς
1261 3028 1525 3102 ἀριστερὰ
1561 3028 1656 3083 τοῦ
1699 3046 1842 3092 τινος
1871 3047 1962 3083 κε⁴

382 3122 637 3194 κλιμὲνον
686 3121 994 3194 ἀνθρώπου,
1025 3123 1121 3175 εἴτ’
1150 3118 1244 3176 οὖν
1294 3119 1564 3194 άρκτῷον,
1610 3120 1709 3173 εἴτ’
1743 3117 1836 3175 οὖν
1871 3121 1960 3190 βό-

2060 1944 2127 1982 va
2145 1934 2295 1997 parte
2315 1927 2580 1982 collocata
2611 1926 2874 1996 repudiet;
2896 1929 3064 1991 dicat,
3092 1944 3298 1998 quaeso,
3326 1929 3471 1983 unde
3497 1928 3645 1982 illam

2062 2019 2412 2090 geometriam
2439 2018 2706 2081 hauserit,
2735 2028 2793 2072 ut
2821 2019 3068 2073 dextram
3109 2021 3500 2090 sinistramque
3528 2022 3647 2076 sine

2061 2111 2170 2165 ulla
2206 2111 2507 2165 mutatione
2537 2117 2878 2165 constantem
2899 2111 3185 2168 commode
3207 2113 3478 2167 metiatur.
3511 2111 3647 2167 Nam

2061 2202 2204 2272 apud
2255 2218 2357 2258 nos
2408 2203 2600 2256 dextra
2656 2202 2951 2257 sinistrave
3015 2206 3375 2273 quorumdam
3435 2207 3647 2263 ratione

2061 2294 2455 2359 membrorum,
2489 2311 2610 2364 quae
2646 2295 2751 2348 lixa
2791 2303 2939 2359 sunt,
2983 2297 3176 2351 merito
3211 2306 3494 2363 vocantur,
3527 2315 3648 2370 qua:

2061 2385 2360 2454 permutari
2396 2385 2627 2440 invicem
2680 2396 2979 2455 nequeunt.
3024 2386 3155 2452 Qua:
3189 2405 3318 2444 vero
3353 2400 3505 2444 extra
3545 2407 3650 2446 nos

2047 2471 2213 2538 'sunt,
2247 2478 2383 2532 alias
2416 2476 2607 2532 dextra
2639 2477 2806 2541 fiunt,
2853 2479 2988 2533 alias
3029 2479 3273 2535 sinistra.
3308 2481 3518 2535 Etenim
3553 2486 3647 2552 qni

2063 2584 2121 2623 se
2143 2569 2210 2622 ad
2244 2569 2510 2623 orientem
2543 2570 2860 2629 obverterit.
2893 2571 2982 2625 hic
3003 2571 3068 2624 ad
3091 2570 3372 2626 dexteram
3401 2583 3648 2628 austrum

2061 2661 2174 2716 sive
2202 2663 2481 2716 meridiem
2519 2662 2759 2725 habebit,
2801 2664 3204 2732 septentriones
3239 2663 3304 2717 ad
3339 2666 3641 2720 sinistram.

2064 2751 2158 2806 Sin
2191 2755 2531 2809 occidentem
2573 2771 2766 2810 versus
2797 2772 2917 2810 sese
2967 2757 3315 2820 converterit,
3345 2759 3534 2812 mundi
3571 2761 3648 2813 illi

2063 2844 2318 2898 cardines
2379 2844 2614 2899 diversis
2673 2846 2988 2900 nominibus
3041 2847 3375 2911 afﬁcientur;
3421 2865 3652 2920 qumque

2062 2936 2224 3006 paulo
2245 2945 2371 2990 ante
2399 2935 2590 2990 dextra
2619 2936 2794 2989 fuerat
2819 2936 3094 3002 meridies,
3128 2938 3181 2991 in
3217 2940 3496 2994 sinistram
3524 2956 3648 2994 mu-

2063 3029 2268 3082 tabitur
2303 3047 2315 3081 :
2358 3042 2480 3096 qua
2532 3028 2599 3081 ad
2645 3028 2925 3084 sinistram
2973 3045 3193 3100 vergere
3227 3030 3512 3086 dicebatur
3544 3033 3648 3086 ho-

2067 3117 2231 3172 minis
2267 3117 2604 3186 aqnilonaris
2633 3118 2805 3188 regio,
2843 3119 2908 3171 ad
2948 3119 3227 3174 dexteram
3259 3136 3382 3176 esse
3414 3121 3647 3179 dicetur.

387 3231 528 3288 ρειον
575 3214 765 3286 κλίμα,
799 3216 880 3278 είς
911 3213 1090 3281 δεξιὰν
1123 3212 1290 3266 αὐτοῦ
1323 3211 1808 3283 μεταὸαλλόμενον.
1851 3212 1960 3266 Ποῦ

2068 3209 2297 3264 Ubinam
2339 3225 2469 3279 ergo
2507 3220 2780 3266 veterator
2808 3213 2909 3266 iste
2939 3228 3093 3267 suam
3139 3215 3285 3268 illam
3320 3215 3654 3272 modulando

354 3303 558 3374 ,τοίνυν
582 3307 609 3358 ό
629 3304 885 3359 ἀπατεὼν
913 3304 1140 3375 ἐφεῦρεν
1174 3302 1353 3375 ἑαυτῴ
1385 3303 1483 3375 τὴν
1507 3303 1649 3358 κατὰ
1673 3303 1806 3357 Θεὸν
1829 3321 1966 3372 γεω·

387 3399 651 3471 μετρίαν;
685 3399 794 3452 Καὶ
840 3397 886 3452 ὣ
928 3399 1027 3469 τῆς
1071 3397 1324 3467 τοιαύτης
1372 3397 1574 3468 πολλῆς
1623 3397 1962 3470 ληρολογίας,

383 3493 484 3562 τῆς
504 3491 573 3544 τὰ
601 3490 776 3544 πάντα
821 3490 1181 3562 συγχεούσηςί
1216 3491 1418 3546 Φάσκει
1455 3490 1511 3542 δὲ
1545 3489 1682 3560 μετὰ
1720 3489 1780 3542 τὸ
1812 3489 1968 3542 ὑστέ-

388 3599 542 3653 ρημα
565 3580 676 3650 (85)
707 3580 801 3634 τοῦ
833 3581 1124 3652 τριάκοντα
1145 3587 1160 3616 ⁸
1194 3583 1398 3648 Αἱῶνος
1424 3583 1771 3654 γεγενῆσθαι.
1795 3583 1966 3636 Πόθεν

385 3676 494 3750 ἄρα
520 3679 618 3749 τὴν
647 3677 739 3730 τοῦ
765 3679 1140 3749 ὑστερήματος
1168 3679 1326 3749 φύσιν
1347 3679 1700 3749 κατείληφας,
1723 3672 1767 3732 ὦ
1787 3673 1963 3741 οὗτος,

385 3769 419 3840 ἢ
452 3771 768 3822 ἀποστᾶσαν
789 3769 1036 3840 δύναμιν,
1056 3772 1182 3838 λέγε
1203 3788 1217 3836 ;
1240 3772 1302 3824 Ei
1327 3771 1425 3842 μὲν
1454 3771 1563 3842 γὰρ
1588 3764 1746 3840 εὗρες
1761 3770 1965 3839 ταύτην

386 3858 495 3912 ἀπὸ
530 3859 908 3928 βλαστήματος
940 3859 1048 3911 τῶν
1075 3859 1206 3921 ἄνω,
1233 3859 1292 3911 οὐ
1327 3859 1570 3928 κτιστὴν,
1605 3857 1738 3909 ἀλλὰ
1774 3873 1965 3926 γεννη-

385 3951 506 4021 τὴν,
541 3949 726 4019 ἐπειδὴ
754 3951 833 4002 σοί
866 3967 926 4002 τε
956 3950 1048 4002 xui
1069 3949 1146 4019 τῷ
1175 3967 1268 4001 σου
1303 3949 1566 4020 ἐπιστάτῃ
1591 3947 1689 4000 οὐκ
1713 3945 1966 4016 ἐκτισμέ-

384 4058 452 4095 να
477 4041 546 4095 τὰ
573 4043 765 4097 κτιστά
797 4043 1060 4114 ὁρίζεται,
1087 4041 1221 4094 ἀλλὰ
1249 4040 1510 4111 γεννητάο
1543 4041 1637 4094 καὶ
1683 4039 1789 4093 ἀπὸ
1833 4057 1964 4109 μετ-

384 4132 570 4196 ουσίας
604 4134 840 4204 ἑκάστης
884 4132 1096 4203 φύσεως
1142 4135 1269 4206 παρ’
1301 4133 1537 4202 ἑκάστης
1586 4131 1854 4202 λαϐούσης
1898 4132 1966 4185 τὰ

386 4216 541 4283 αὖθις
583 4222 897 4292 γεννώμενα
942 4221 1386 4294 ἀναφῦναι.’¹Αρα
1417 4237 1480 4289 γε
1515 4221 1656 4274 κατὰ
1683 4223 1771 4272 τὸν
1801 4220 1964 4273 αὑτοῦ

387 4311 544 4381 λόγον
574 4314 714 4366 κατὰ
745 4312 944 4366 σαυτοῦ
971 4312 1188 4386 ὁπλίζῃ.
1225 4314 1288 4366 Εἰ
1321 4313 1427 4384 γὰρ
1453 4312 1562 4365 ἀπὸ
1588 4310 1695 4364 τῶν
1726 4312 1836 4366 ἄνω
1870 4311 1965 4365 xui

385 4405 421 4472 ἡ
457 4404 657 4475 ὑστέρα
700 4403 946 4474 δύναμις,
993 4405 1088 4456 xui
1118 4405 1150 4474 ὴ
1185 4402 1491 4457 ἀποστασία
1519 4402 1829 4473 γεγένηται,
1863 4401 1964 4470 ἔφυ

387 4495 466 4559 δὲ,
497 4497 572 4558 ὡς
599 4497 794 4560 εἰπεῖν,
823 4496 917 4548 xui
961 4495 1258 4566 ἐϐλάστησε
1276 4511 1289 4523 ·
1321 4496 1537 4565 μετέχει
1578 4493 1685 4566 ἄρα
1713 4495 1823 4548 τῶν
1851 4495 1962 4549 ἄνω
1995 4536 2039 4592 D

386 4587 769 4658 χαρισμάτων
818 4587 1001 4658 ἐπειδὴ
1044 4589 1385 4640 ἐπικοινωνεῖ
1426 4587 1503 4658 τῷ
1552 4587 1885 4658 Πληρώματι
1929 4588 1962 4656 ή

388 4674 610 4745 ὑστέρα,
638 4675 730 4726 καὶ
757 4674 817 4728 τὸ
844 4674 1125 4747 Πλήρωμα
1151 4679 1215 4746 τῇ
1243 4674 1471 4746 ὑστέρα·
1504 4677 1596 4730 xui
1617 4677 1770 4730 οὐδὲν
1793 4694 1964 4748 προσ-

389 4765 739 4834 ενεχθήσεται
769 4765 923 4819 τοῦτο
957 4767 1094 4838 πρὸς
1124 4769 1316 4833 ἐκεῖνο,
1346 4766 1468 4820 οὕτε
1489 4771 1662 4822 ἐκεῖνο
1692 4768 1826 4840 πρὸς
1846 4766 1964 4820 τοῦο

388 4873 470 4920 το,
500 4857 772 4928 ἑκατέρων
805 4858 944 4910 κατὰ
991 4859 1060 4911 τὰ
1100 4859 1344 4930 τέρματα
1387 4859 1637 4930 ἀλλήλοις
1682 4861 1968 4912 ἐπικοινω-

387 4946 642 5001 νούντων.
672 4949 780 5001 Καὶ
831 4951 895 5001 ἐκ
947 4950 1147 5012 παντὸς
1178 4951 1336 5019 λόγου
1366 4951 1721 5023 διελεγχθήσῃ
1749 4951 1810 5017 ἐξ
1841 4954 1962 5005 ἐπι-

391 5041 598 5110 σπορᾶς
626 5039 876 5110 δαίμονος
900 5040 1035 5110 ἔχων
1056 5043 1154 5112 τὴν
1182 5043 1279 5114 τῆς
1309 5042 1515 5115 πλάνης
1545 5061 1637 5098 σου
1671 5043 1964 5117 κόσμησιν,

355 5184 358 5187 _
388 5127 609 5181 πάντων
641 5127 889 5182 ἐλεεινῶν
919 5130 1274 5184 ἑλεεινότατεί

461 5304 536 5357 1'".
573 5304 693 5360 "lvu
725 5304 781 5358 δέ
819 5305 892 5375 μὴ
927 5305 1347 5377 παραλείψωμαί
1371 5323 1424 5359 τι
1447 5305 1553 5360 τῶν
1579 5307 1729 5379 παρά
1753 5325 1860 5360 τισι
1880 5325 1964 5376 γι-

389 5396 632 5466 νομένων
655 5414 714 5449 τε
747 5397 840 5449 καὶ
868 5397 1196 5468 λεγομένων,
1230 5397 1330 5452 κᾶν
1361 5415 1420 5450 τε
1457 5401 1514 5452 ἑν
1546 5399 1750 5470 ἑκάστῃ
1781 5399 1964 5453 πολλοὶ

463 5549 482 5581 ¹
513 5549 636 5605 For.
666 5551 844 5617 τοῦτο,
881 5559 934 5606 et
970 5571 982 5606 :
1011 5552 1104 5606 τοῦ
1126 5554 1188 5607 ἐκ
1210 5553 1319 5606 τῶν
1350 5571 1532 5625 τριακ.

2067 3300 2179 3357 Deo
2229 3303 2582 3372 geometriam
2636 3303 2877 3373 reperit?
2910 3303 2954 3359 Ο
2989 3305 3364 3361 incredibilem
3422 3307 3652 3364 futilita-

2065 3401 2198 3456 tem,
2218 3403 2381 3464 atque
2402 3396 2654 3449 universa
2681 3397 2999 3451 miscentem
3022 3399 3034 3450 ι
3064 3397 3220 3464 Quod
3243 3415 3370 3454 vero
3392 3409 3517 3470 post
3545 3406 3651 3458 tri-

2067 3489 2215 3558 ginta
2240 3489 2363 3542 illos
2389 3487 2592 3543 Eonas
2612 3488 2882 3542 defectum
2905 3493 3180 3546 exstitisse
3199 3501 3406 3557 narrat,
3435 3493 3566 3548 libet
3583 3495 3651 3550 de

2067 3594 2134 3633 eo
2162 3580 2431 3635 sciscitari
2461 3596 2472 3631 :
2499 3581 2660 3650 210
2683 3580 2829 3636 Heus
2848 3591 2904 3634 tu
2926 3585 2938 3635 !
2960 3582 3123 3638 Potes
3141 3585 3321 3638 dicere
3343 3586 3652 3643 undeillius

2067 3667 2314 3723 defectus
2347 3677 2598 3723 naturam
2630 3685 2694 3724 ac
2731 3670 3123 3728 desciscentem
3158 3675 3412 3731 virtutem
3447 3693 3651 3748 cogno-

2065 3760 2248 3814 veris?
2274 3761 2330 3814 Si
2357 3764 2502 3816 enim
2538 3776 2566 3814 a
2599 3764 2973 3832 superioribus
2997 3766 3296 3834 pullulasse
3328 3769 3500 3835 dicas,
3538 3787 3649 3826 non

2067 3860 2327 3919 creatam,
2356 3853 2450 3908 sed
2478 3854 2714 3922 genitam
2752 3873 2766 3910 :
2799 3871 2944 3922 cum,
2977 3873 3042 3912 ex
3069 3866 3160 3912 tua
3187 3874 3251 3914 ac
3288 3863 3535 3931 magistri
3567 3862 3650 3918 tu’i

2068 3945 2338 3999 sententia
2366 3987 2380 4010 ,
2417 3961 2537 4015 quae
2582 3946 2801 4000 condita
2845 3956 2993 4012 sunt,
3035 3966 3144 4004 non
3177 3961 3359 4006 creata
3409 3953 3645 4021 fuerint,

2069 4037 2164 4093 sed
2205 4039 2386 4107 genita
2433 4057 2445 4092 :
2484 4052 2548 4092 ae
2599 4040 2806 4108 quaevis
2853 4049 3045 4094 natura
3090 4045 3322 4112 quadam
3372 4048 3439 4100 ab
3477 4049 3644 4104 altera

2067 4128 2564 4184 communicatione
2617 4131 2956 4186 transfusum
3009 4133 3061 4188 id
3110 4137 3252 4204 quod
3288 4137 3448 4192 habet
3487 4155 3644 4196 acce-

2065 4221 2232 4288 perit,
2275 4229 2437 4290 atqne
2493 4221 2548 4274 in
2597 4221 2771 4276 lucem
2810 4222 3105 4290 prodierit;
3147 4226 3259 4295 jam
3291 4229 3406 4298 ipse
3433 4231 3647 4286 confes-

2068 4311 2224 4366 sione
2263 4319 2358 4364 tua
2407 4310 2655 4367 induaris
2683 4320 2920 4381 oportet.
2964 4313 3173 4370 Etenim
3203 4319 3248 4371 si
3283 4334 3312 4372 a
3347 4323 3645 4390 superiori—

2065 4401 2170 4456 bus
2201 4401 2468 4471 posterior
2501 4401 2592 4454 illa
2621 4401 2794 4456 virtus
2816 4417 2880 4455 ac
2909 4402 3160 4459 defectus
3187 4407 3476 4472 exstiterit,
3502 4410 3648 4466 inde-

2067 4505 2192 4560 que,
2228 4499 2283 4544 ut
2317 4491 2389 4544 ita
2429 4490 2644 4560 loquar,
2677 4490 2980 4560 pullularit,
3035 4495 3138 4548 erit
3157 4497 3314 4564 plane
3344 4498 3650 4553 cmlestium

2070 4589 2520 4636 ornamentorum
2552 4581 2857 4652 particeps,
2890 4585 3330 4656 quandoquidem
3363 4605 3652 4648 commune

2071 4674 2278 4743 aliquid
2315 4689 2442 4728 cum
2489 4675 2794 4731 Pleromate
2821 4677 2981 4732 habet
3010 4677 3100 4732 illa
3128 4681 3418 4748 posterior,
3449 4693 3500 4736 et
3523 4699 3650 4737 cum

2074 4767 2378 4836 posteriore
2421 4765 2718 4834 Pleroma;
2755 4785 2929 4840 neque
2974 4772 3120 4826 aliud
3165 4772 3232 4827 ab
3262 4775 3436 4829 altero
3479 4775 3648 4830 dissi-

2073 4858 2245 4921 debit,
2277 4874 2399 4913 cum
2433 4868 2663 4930 utraque
2695 4864 3078 4918 communibus
3119 4866 3350 4920 invicem
3400 4866 3655 4920 terminis

2074 4948 2420 5017 copulentur.
2474 4949 2837 5015 Quamobrem
2903 4952 3182 5008 hominum
3237 4954 3648 5011 infelicissime!

2076 5052 2184 5090 non
2213 5038 2434 5092 aliunde
2469 5055 2631 5109 quam
2663 5055 2728 5094 ex
2759 5041 3022 5095 darmonis
3052 5044 3313 5098 instinctu
3363 5053 3532 5100 totam
3583 5047 3649 5100 il-

2074 5128 2181 5180 lam
2230 5143 2480 5183 errorum
2541 5132 2794 5188 hausisse
2841 5141 3173 5188 structuram
3206 5137 3354 5190 omni
3386 5152 3450 5191 ex
3496 5147 3655 5208 parte

2073 5232 2439 5274 COHVIIICCI‘IS.

2142 5309 2234 5366 lll.
2291 5311 2394 5366 Sed
2433 5329 2500 5368 ne
2534 5315 2663 5384 quid
2709 5331 2739 5370 a
2780 5317 2939 5372 nobis
2989 5319 3461 5389 praetermittatur,
3503 5323 3648 5389 quod

2075 5417 2105 5455 a
2145 5419 2418 5474 quoquam
2455 5405 2670 5462 dicatur
2701 5418 2795 5464 aut
2826 5409 2939 5478 ﬁat,
2964 5427 3088 5466 cum
3121 5413 3422 5478 prmsertim
3467 5415 3650 5483 piures

466 5705 575 5776 (85)
611 5708 831 5790 ίΙτάσίιεει
857 5706 924 5760 δὲ
941 5706 1090 5790 perri
1113 5707 1178 5760 τὸ
1203 5707 1526 5790 ὑστέρημα.
1589 5707 1732 5790 ξλρᾳ..
1753 5711 1994 5790 omnino,
2038 5714 2233 5784 φάσκει
2270 5720 2328 5771 δε
2400 5715 2461 5771 τὸ
2503 5717 2786 5788 ὑστέρημα
2839 5718 2978 5788 μετὰ
3027 5721 3153 5784 τοὺς
3197 5719 3379 5790 τριάκ.
3419 5718 3640 5780 αἰῶνας.

394 5773 718 5834 Ιιύιιουιιίω
749 5773 982 5834 Secundi
1015 5779 1186 5834 fuisse
1223 5773 1546 5835 sententiam
1574 5773 1762 5835 docuit
1806 5800 1862 5837 n.
1908 5787 1958 5837 t.
