4156 6358
504 368 602 423 547

1896 368 1953 423 S.
1997 367 2339 423 EPIPHANII

3654 363 3756 418 548

504 483 615 537 sint
646 483 697 536 in
731 482 917 538 eadem
951 491 1098 539 secta
1140 486 1442 555 principes,
1467 486 1559 556 qui
1587 487 1821 543 diversis
1853 490 2080 542 concin-

2191 484 2294 541 εἷεν
2318 490 2365 540 οἱ
2386 488 2622 559 ἔξαρχοι,
2649 488 2743 540 καὶ
2764 485 3054 557 αὐχοῦντες
3079 486 3241 557 ἔτερα
3262 484 3375 538 ἀνθ’
3398 483 3599 553 ἐτέρων
3620 482 3757 552 ὑπὲρ

506 574 698 628 nandis
740 572 938 629 fabulis
962 578 1247 645 magistros
1277 578 1439 631 etiam
1485 577 1635 647 ipsos
1678 594 1939 648 superare
1962 596 2083 635 sese

505 663 827 731 gloriantur,
865 667 992 721 volo
1022 667 1076 720 in
1118 668 1186 722 iis
1223 670 1743 735 commemorandis,
1784 672 1876 741 qui
1906 673 1960 725 in
1992 688 2083 726 ea-

504 755 627 808 dem
669 757 859 811 haaresi
905 768 1064 823 sunt,
1115 760 1207 815 sed
1262 762 1365 813 alia
1396 764 1643 830 quaadam
1677 764 1900 833 insuper
1933 780 2083 820 asse-

509 857 651 914 runt,
688 849 964 920 paulisper
996 851 1297 906 immorari.
1341 852 1681 925 Epiphanem
1727 869 1888 926 atque
1912 856 2084 913 lsido-

504 954 624 991 rum
651 940 892 1010 intelligo
930 960 942 995 :
984 942 1077 1011 qui
1102 930 1543 999 cohortationum
1582 962 1646 999 ac
1678 956 2077 1015 praeceptorum

507 1032 687 1099 specie
720 1032 768 1084 in
806 1032 1212 1101 profundiorem
1243 1051 1363 1091 sese
1398 1037 1737 1093 infelicitatis
1766 1039 2079 1108 voraginem

506 1123 794 1177 immersit.
822 1126 888 1177 Et
924 1140 1048 1178 cum
1076 1142 1107 1179 a
1135 1126 1469 1196 Carpocrate
1496 1138 1721 1197 parente
1756 1145 1856 1183 suo
1897 1144 2108 1184 revera-

507 1210 627 1265 falsi
663 1213 932 1283 dogmatis
965 1216 1180 1268 initium
1212 1218 1507 1286 acceperit,
1541 1220 1605 1271 ad
1633 1218 1870 1274 Secundi
1900 1228 2081 1274 tamen

504 1304 794 1371 Opiniones
852 1306 1109 1369 adlimsit,
1168 1316 1219 1361 et
1260 1310 1327 1361 ad
1379 1308 1758 1365 Secundianos
1810 1312 2084 1381 ascriptus

504 1403 605 1447 est.
641 1393 699 1447 ln
726 1396 917 1465 primis
946 1398 1090 1451 enim
1120 1413 1313 1469 magna
1347 1407 1429 1454 est
1452 1402 1822 1455 aberrantinm
1858 1404 2082 1456 istorum

504 1485 785 1537 hominum
817 1500 847 1537 a
884 1502 943 1541 se
974 1488 1202 1541 invicem
1235 1490 1531 1557 dissensio,
1564 1500 1619 1545 et
1646 1492 1979 1547 inanissima:
2014 1492 2087 1545 lo-

503 1576 800 1645 quacitatis
828 1576 1119 1645 incondita
1161 1581 1406 1648 qumdam
1451 1596 1514 1634 ac
1548 1583 1865 1651 perturbata
1908 1584 2087 1637 varie-

504 1678 609 1721 tas.
650 1667 808 1733 Nam,
834 1677 893 1722 ut
932 1670 1000 1723 ab
1040 1670 1316 1742 Epiphane
1344 1673 1564 1737 ordiar,
1606 1672 1953 1749 Carpocratis
1985 1675 2086 1727 iste

504 1761 683 1824 filius,
716 1777 779 1814 ex
819 1761 1143 1817 Alexandria
1191 1774 1369 1819 matre
1396 1805 1411 1828 ,
1467 1765 1572 1818 hoc
1603 1766 1748 1818 enim
1800 1766 1849 1820 ei
1885 1781 2083 1819 nomen

2185 582 2308 643 τοὺς
2329 579 2505 633 αὐτῶν
2524 580 2875 641 διδασκάλους
2903 580 3329 649 μυθοποιεῖσθαι,
3352 578 3432 629 ἔτι
3453 576 3722 644 ἐπιμένων
3740 577 3751 603 ³

2185 669 2564 741 ὑφηγούμενος
2595 670 2722 733 τοὺς
2754 671 2811 721 ὲν
2838 670 2973 739 αὐτῇ
3032 672 3095 739 τῇ
3149 668 3359 738 αἱρέσει
3388 667 3565 728 δντας,
3596 665 3756 733 ἕτερα

2183 762 2239 814 δὲ
2286 762 2436 833 παρὰ
2478 762 2680 814 τούτων
2710 762 2983 829 λέγοντας,
3015 760 3156 828 φημὶ
3186 759 3240 811 δὲ
3286 758 3412 828 περὶ
3435 756 3755 823 Ἐπιφάνους

2184 852 2276 906 τοῦ
2306 853 2578 922 Ἰσιδώρου
2609 856 2672 905 ὲκ
2706 853 3030 923 προφάσεως
3061 850 3457 922 παραινετικῶν
3500 848 3756 918 ῥημάτων

2185 944 2374 997 ἑαυτὸν
2404 945 2485 997 ἔτι
2504 947 2583 1007 είς
2606 951 2990 1014 περισσότερον
3016 942 3172 1011 βυθὸν
3216 939 3585 1009 ταλαιπωρίας
3626 955 3754 990 κατ-

2185 1038 2499 1104 αγαγόντος.
2536 1037 2758 1101 Τάλτ.Θὴ
2792 1036 2895 1101 μὲν
2936 1032 3053 1100 οὖν,
3073 1036 3179 1088 ἀπὸ
3207 1032 3636 1105 Καρποκράτους
3663 1029 3755 1081 τοῦ

2186 1130 2316 1182 ἰδίου
2362 1130 2568 1201 πατρὸς
2608 1130 2747 1183 κατὰ
2792 1136 2965 1199 σάρκα
3001 1129 3285 1198 εἰληφότος
3310 1126 3408 1188 τὰς
3438 1126 3755 1196 προφάσεις.

2188 1221 2534 1290 συνημμένου
2568 1221 2625 1273 δὲ
2650 1222 2715 1291 τῇ
2747 1223 2953 1286 αἱρέσει
2984 1219 3076 1271 τοῦ
3107 1218 3502 1289 προειρημένου
3532 1216 3756 1268 Σεκούν-

2184 1308 2294 1373 δου,
2332 1311 2426 1361 καὶ
2456 1310 2620 1363 αὐτοῦ
2651 1309 2755 1362 τών
2781 1310 3175 1362 Σεκουνδιανῶν
3204 1310 3556 1377 ὑπάρχοντος.
3586 1304 3758 1373 Πολλὴ

2185 1402 2293 1470 γὰρ
2324 1401 2555 1453 ἑκάστου
2580 1401 2685 1453 τῶν
2716 1401 3145 1471 πεπλανημένων
3170 1404 3302 1470 ’πρὸς
3326 1400 3416 1451 τὸν
3441 1398 3623 1466 ἓτερον
3643 1397 3757 1447 δια-

2188 1492 2349 1562 φορὰ,
2384 1493 2477 1545 καὶ
2512 1492 2885 1562 συρφετώδης,
2927 1494 3001 1555 ώς
3044 1495 3235 1551 εἰπεῖν,
3269 1488 3560 1558 πολυμιξία
3603 1503 3758 1539 κενο-

2188 1583 2412 1652 φωνίας.
2448 1578 2611 1645 Οὗτος,
2660 1585 2767 1653 γάρ
2794 1586 2821 1636 ὁ
2848 1584 3149 1653 Ἐπιφάνης
3182 1582 3314 1650 (86),
3348 1580 3423 1643 ώς
3457 1580 3612 1648 ἔφην,
3646 1578 3757 1641 υἱὸς

2187 1674 2263 1726 ὢν
2310 1674 2761 1745 Καρποκράτους,
2818 1675 3022 1745 μητρὸς
3068 1675 3125 1727 δὲ
3169 1671 3575 1742 Ἀλεξανδρείας
3620 1668 3759 1720 οὕτω

2189 1766 2546 1835 καλουμένης,
2587 1765 2815 1828 τούτοις,
2849 1766 2921 1826 ὼς
2957 1768 3234 1836 προεῖπον,
3270 1763 3617 1822 συνάπτεται,
3654 1758 3761 1812 ἀπὸ

506 1853 626 1915 fuit.
658 1856 724 1909 ad
778 1856 921 1922 illos,
955 1858 1031 1910 uti
1060 1857 1321 1920 diximus,
1366 1866 1706 1929 aggregatur,
1734 1858 1825 1927 qui
1877 1874 1941 1910 ex
1979 1842 2083 1910 Ce-

2191 1858 2563 1927 Κεφαλληνίας
2595 1857 2693 1926 μὲν
2721 1858 2783 1909 τὸ
2814 1857 2947 1925 πρὸς
2974 1856 3177 1923 πατρὸς
3199 1856 3352 1924 γένος
3378 1853 3469 1915 ὢν,
3498 1854 3759 1904 ἑπτακαι-

504 1946 773 2013 phallenia
817 1958 1045 2017 paterno
1096 1966 1293 2018 genere
1338 1950 1641 2015 oriundus,
1676 1965 1802 2002 cum
1850 1950 1916 2002 ad
1972 1964 2081 2002 xvu

502 2037 684 2091 aetatis
716 2054 918 2092 annum
961 2042 1323 2109 pervenisset,
1352 2042 1641 2095 immatura
1674 2050 1847 2097 morte
1886 2058 2087 2111 prtere-

507 2138 636 2197 plus
668 2138 772 2184 est.
800 2131 1068 2184 Nimirum
1099 2133 1404 2186 sceleratos
1430 2134 1675 2187 homines
1699 2133 1840 2189 Deus
1870 2135 1947 2188 sic
1964 2143 2088 2187 tan-

503 2235 664 2286 quam
699 2222 884 2290 spinas
914 2223 1141 2284 evulsit,
1169 2224 1515 2293 humanoque
1542 2224 1725 2293 generi
1762 2226 1956 2280 melius
1986 2226 2086 2279 ali-

504 2313 631 2380 quid
670 2313 925 2381 providit.
961 2312 1094 2367 Post
1128 2314 1275 2367 illius
1306 2314 1515 2367 obitum
1550 2314 1617 2368 iis
1655 2315 1749 2383 qui
1786 2315 1854 2368 ab
1888 2331 1953 2370 eo
1992 2316 2087 2371 de-

505 2405 644 2473 cepti
680 2404 895 2457 fuerant
925 2405 1081 2474 plaga
1123 2405 1212 2457 illa
1243 2405 1417 2459 letalis
1458 2405 1707 2459 atlhzesit.
1747 2404 1813 2457 Et
1851 2406 1906 2459 in
1946 2406 2087 2461 hanc

508 2512 677 2564 usque
692 2497 835 2548 diem
855 2497 908 2549 in
930 2498 1106 2551 insula
1128 2496 1291 2550 Samo
1308 2496 1506 2550 divinis
1524 2497 1822 2550 honoribus
1835 2496 2084 2552 afficitur.
2114 2488 2115 2491 “

507 2586 641 2640 Nam
682 2588 873 2641 incola:
913 2588 1171 2657 templum
1204 2588 1252 2641 ei
1286 2587 1687 2651 condiderunt,
1721 2589 1878 2656 211
1918 2596 1971 2643 et
2008 2590 2089 2642 in-

506 2690 668 2735 eunte
697 2696 883 2735 mense
920 2696 1074 2736 sacra
1104 2680 1349 2749 quaedam
1376 2694 1439 2732 ac
1462 2682 1817 2735 caeremonias
1839 2682 2043 2734 obeunt
2070 2698 2085 2733 :

508 2786 606 2825 nec
641 2786 750 2824 non
788 2780 931 2825 artes
960 2779 1012 2825 et
1046 2786 1293 2825 muscum
1332 2768 1397 2821 ad
1440 2770 1749 2823 detestandi
1800 2770 1948 2824 illius
1998 2786 2091 2822 no-

508 2865 672 2919 minis
716 2865 1033 2920 memoriam
1078 2870 1515 2926 conseerarunt;
1554 2862 1853 2931 Epiphanis
1891 2863 2091 2931 quippe

509 2956 751 3010 Museum
795 2955 1090 3024 appellant.
1123 2952 1488 3022 Cephallenii,
1520 2952 1765 3020 inquam,
1796 2967 1861 3004 eo
1901 2965 2093 3003 vecor-

507 3048 607 3100 dize
633 3045 909 3115 progressi
940 3054 1088 3107 sunt,
1128 3051 1187 3097 ut
1216 3052 1270 3097 et
1314 3043 1362 3097 ei
1394 3042 1664 3096 sacrificia
1698 3056 1761 3093 ac
1801 3041 2088 3095 libationes

507 3134 755 3197 offerant,
793 3141 847 3187 et
908 3133 963 3186 in
1034 3132 1159 3187 fano
1222 3132 1367 3186 illius
1423 3132 1641 3201 epulum
1706 3131 2004 3200 praebeant,
2038 3138 2091 3185 et

509 3224 738 3293 hymnos
767 3222 821 3275 in
862 3222 982 3291 ejus
1015 3222 1272 3277 honorem
1306 3222 1619 3276 concinant.
1643 3219 1844 3274 Habuit
1866 3236 1994 3275 vero
2025 3222 2091 3275 ad

509 3315 758 3369 infelices
791 3315 913 3370 illos
938 3314 1325 3382 decipiendos,
1377 3328 1441 3367 ac
1491 3328 1601 3367 non
1657 3311 1819 3366 modo
1864 3312 1930 3366 ad
1969 3326 2090 3366 eam

510 3417 740 3470 sectam,
781 3407 875 3461 sed
924 3414 978 3460 et
1012 3406 1078 3459 ad
1120 3406 1266 3459 aliud
1296 3420 1469 3475 genus
1501 3405 1728 3466 erroris,
1763 3405 1866 3458 hoc
1910 3416 1993 3459 est
2021 3406 2091 3460 si-

509 3500 874 3553 mulacrorum
931 3497 1374 3566 superstitionem
1428 3495 1794 3549 traducendos
1835 3510 2085 3563 magnam

510 3590 821 3644 illecebram
852 3589 1120 3657 exquisita
1152 3587 1401 3657 quaedam
1449 3587 1689 3643 hominis
1726 3587 1963 3641 eruditio
1985 3629 2000 3652 ,
2034 3595 2087 3642 et

510 3697 634 3735 cum
660 3680 712 3732 in
738 3680 885 3733 omni
915 3678 1272 3731 humanitatis
1301 3690 1519 3746 genere,
1554 3686 1670 3729 tum
1702 3677 1757 3730 in
1792 3676 2087 3732 Platonicis

511 3773 857 3844 dogmatibus
889 3772 1131 3840 apprime
1174 3778 1410 3823 versata.
1447 3766 1548 3833 Qui
1589 3769 1808 3837 quidem
1853 3769 2089 3839 Epipha-

2189 1950 2415 2020 δεκαέτη
2448 1949 2649 2019 βιώσας
2678 1950 2887 2020 χρόνον,
2922 1950 3112 2001 θᾶττον
3139 1949 3227 2001 τὸν
3264 1948 3376 2016 βίον
3405 1943 3758 2014 κατέστρεψε,

2186 2040 2280 2092 τοῦ
2315 2040 2520 2108 Κυρίου
2556 2038 2744 2107 ὥσπερ
2772 2038 3015 2100 ἀκάνθας
3058 2038 3183 2099 τοὺς
3228 2036 3464 2105 φαύλους
3490 2033 3761 2087 ἀπαλλάσ-

2189 2149 2389 2195 σοντος,
2415 2134 2659 2203 κρεῖττόν
2680 2150 2733 2185 τι
2763 2134 2891 2203 περ).
2918 2134 3013 2202 τῆς
3035 2133 3357 2203 οἰκουμένης
3386 2128 3758 2202 προνοοῦντος.

2187 2224 2339 2276 Μετὰ
2371 2224 2427 2277 δὲ
2456 2224 2552 2294 τὴν
2587 2224 2749 2277 αὑτοῦ
2774 2226 3031 2295 τελευτὴν
3065 2226 3114 2277 οἱ
3146 2226 3281 2293 πρὸς
3301 2223 3463 2277 αὑτοῦ
3491 2221 3763 2288 πεπλανη-

2192 2316 2343 2385 μένοι
2369 2318 2466 2387 τῆς
2490 2319 2585 2371 ἀπ’
2607 2318 2770 2370 αὐτοῦ
2802 2318 3014 2389 πληγῆς
3039 2318 3136 2370 οὐκ
3158 2318 3472 2386 ἀπέσχοντο.
3492 2314 3577 2366 Ἐν
3600 2314 3764 2381 Σάμῳ

2189 2407 2297 2476 γὰρ
2328 2406 2402 2470 ώς
2444 2408 2561 2471 θεὸς
2595 2408 2706 2475 (87)
2737 2407 2815 2459 ἔτι
2844 2408 2935 2458 καὶ
2964 2409 3042 2469 εἰς
3068 2406 3225 2476 δεῦρο
3257 2406 3505 2473 τιμᾶται.
3531 2402 3763 2471 Τέμενος

2187 2498 2295 2568 γάρ
2325 2497 2470 2562 αὐτῷ
2505 2498 2819 2568 ἱδρύσαντες
2850 2499 2899 2550 οἱ
2931 2497 3234 2567 ἐπιχώριοι,
3266 2496 3453 2557 θυσίας
3497 2497 3593 2546 καὶ
3618 2492 3747 2544 τελε-

2187 2589 2285 2649 τάς
2306 2588 2611 2640 ἐπιτελοῦσι
2636 2589 2774 2641 κατὰ
2796 2590 3104 2659 νεομηνίαν,
3134 2588 3348 2658 βωμοὺς
3367 2587 3422 2638 δὲ
3441 2584 3589 2654 αὑτῴ
3611 2585 3763 2654 έστη-

2194 2693 2313 2741 σαν,
2340 2679 2433 2730 καὶ
2462 2666 2721 2749 μουσεῖον
2754 2682 2834 2743 είς
2872 2680 3040 2749 ὄνομα
3072 2680 3235 2733 αὑτοῦ
3268 2679 3630 2749 περίπτυστον
3673 2676 3763 2729 ἁν-

2191 2771 2508 2838 εστήσαντο,
2541 2770 2601 2821 τὸ
2646 2770 2707 2839 δὴ
2742 2771 3069 2838 Ἐπιφανοῦς
3121 2773 3369 2840 μουσεῖον
3412 2767 3763 2837 καλούμενον.

2191 2858 2388 2915 Θύουσι
2418 2862 2530 2941 γὰρ
2562 2861 2708 2931 αὐτῴ
2742 2864 2788 2915 οἱ
2818 2863 3170 2931 Κεφαλλῆνες
3211 2865 3290 2925 είς
3322 2861 3587 2932 τοσαύτην
3636 2860 3765 2912 πλά-

2192 2969 2289 3021 νην
2336 2952 2676 3020 ἐληλακότες,
2708 2953 2800 3005 καὶ
2848 2953 3151 3019 σπένδουσι,
3189 2953 3283 3007 καὶ
3316 2956 3371 3005 ἐν
3394 2952 3470 3022 τῷ
3502 2952 3766 3022 ἱδρυμένῳ

2192 3046 2357 3098 αὐτοῦ
2404 3046 2621 3116 τεμένει
2669 3045 3028 3116 εὐωχοῦνται·
3067 3045 3269 3117 ὕμνους
3293 3045 3348 3098 δὲ
3382 3044 3529 3114 αὐτῷ
3562 3043 3763 3113 ᾄδουσι.

2195 3138 2273 3188 Δι’
2303 3136 2606 3206 ὑπερϐολὴν
2638 3138 2695 3189 δὲ
2738 3137 2837 3207 τῆς
2881 3138 3088 3189 ἐκείνου
3122 3136 3369 3197 παιδείας
3393 3133 3681 3202 ἐγκυκλίου
3708 3149 3767 3184 τε

2198 3228 2290 3280 καὶ
2318 3228 2666 3298 Πλατωνικῆς
2703 3230 2737 3298 ἡ
2769 3230 2917 3282 πᾶσα
2949 3229 3060 3291 τοῖς
3093 3227 3514 3299 προειρημένοις
3541 3224 3682 3277 κατὰ
3710 3240 3767 3275 τε

2196 3318 2296 3388 τὴν
2325 3318 2533 3389 αἵρεσιν
2564 3320 2657 3371 καί
2685 3319 2825 3371 κατὰ
2851 3319 2948 3389 τὴν
2987 3318 3177 3389 ἐτέραν
3221 3318 3450 3387 πλάνην,
3491 3314 3634 3382 λέγω
3674 3314 3768 3383 τὴν
3796 3366 3811 3381 ,

2196 3410 2276 3472 εἰς
2306 3409 2695 3479 είδωλομανίαν
2726 3412 2852 3473 τοὺς
2883 3410 3207 3480 ἐπιχωρίους
3234 3408 3528 3480 τρέψασαν,
3552 3407 3769 3473 γέγονεν

2194 3501 2289 3553 ἀπ’
2314 3501 2478 3554 αὐτοῦ
2520 3502 2723 3571 ἀπάτη.
2756 3503 3045 3554 Συνείπετο
3072 3502 3201 3570 γοῦν
3228 3498 3379 3564 οὗτος
3410 3503 3438 3555 ὁ
3470 3499 3769 3567 Ἐπιφάνης

2194 3592 2473 3663 Σεκούνδῳ
2504 3593 2598 3646 καὶ
2630 3596 2739 3656 τοῖς
2770 3594 2905 3663 ἀμφ’
2930 3593 3110 3646 αὐτόν.
3144 3594 3255 3663 Τὴν
3288 3593 3395 3663 γὰρ
3434 3590 3599 3644 αὐτοῦ
3634 3589 3772 3643 ἰοϐο-

2194 3681 2313 3734 λίαν
2352 3682 2693 3753 ἀπεμάξατο,
2726 3683 2868 3753 λέγω
2890 3684 2991 3754 τὴν
3035 3683 3135 3753 τῆς
3184 3682 3519 3755 ἑρπετώδονς
3567 3679 3773 3749 φθορᾶς

2196 3776 2625 3843 περιττολογίαν.

514 3886 607 3924 nes
635 3870 699 3923 ad
731 3867 1041 3922 Secundum
1072 3882 1129 3920 se
1156 3872 1318 3934 atque
1340 3865 1460 3931 ejus
1498 3862 1742 3917 fautores
1800 3865 2128 3933 applicavit;
2166 3866 2419 3941 illiusque
2471 3872 2524 3925 in
2575 3887 2634 3926 se
2675 3872 2849 3937 virus,
2894 3874 3002 3928 hoc
3044 3880 3130 3928 est
3176 3872 3439 3927 imbutam
3508 3874 3771 3924 venenata

511 3960 743 4032 quadam
778 3965 929 4028 peste
958 3955 1343 4025 loquacitatem
1374 3950 1665 4019 expressit.

578 4052 670 4107 IV.
720 4051 989 4108 lsidorum
1028 4064 1159 4103 vero
1207 4053 1435 4101 narrant
1470 4045 1798 4115 quibusdam
1830 4045 2099 4102 Cohorta-

511 4147 719 4201 tionum
749 4144 904 4199 libris
933 4142 1191 4212 nequitiae
1212 4156 1325 4195 sua:
1355 4138 1705 4192 fundamenta
1724 4138 1947 4207 jecisse.
1987 4140 2095 4195 Sed

514 4246 696 4292 utrum
737 4235 926 4290 eadem
970 4234 1017 4289 is
1058 4248 1121 4287 ex
1162 4239 1341 4294 secta,
1391 4239 1553 4299 atque
1596 4230 1790 4283 iisdem
1823 4231 2096 4299 Opinioni-

514 4329 615 4382 bus
644 4325 939 4390 exstiterit,
970 4340 1038 4377 an
1072 4339 1137 4378 ex
1172 4322 1628 4392 pltiloSOpliorum
1668 4320 1959 4390 disciplina
2002 4336 2097 4375 co-

2269 4049 2343 4100 A'.
2385 4047 2655 4117 Ἰσίδωρον
2677 4047 2733 4099 δέ
2760 4047 3060 4115 φάσκουσιν
3078 4046 3190 4117 (88)
3216 4049 3273 4100 ἐν
3298 4049 3654 4118 παραινέσεσι
3676 4052 3772 4121 τῆς

2198 4136 2364 4190 αὐτοῦ
2402 4136 2701 4207 μοχθηρίας
2732 4136 2900 4189 αἴτιον
2930 4138 3277 4206 γεγενῆσθαι.
3314 4139 3377 4192 Εἰ
3407 4139 3462 4191 δὲ
3494 4140 3586 4193 καὶ
3615 4140 3773 4203 αὐτὸς

2197 4230 2264 4283 τὰ
2292 4230 2380 4282 ῐσα
2409 4230 2655 4300 φρονῶνν
2679 4230 2772 4282 καὶ
2813 4228 2873 4293 ἐξ
2906 4229 3083 4282 αὐτῶν
3112 4228 3431 4300 ὁρμώμενος
3458 4231 3773 4301 ἐτύγχανεν²

2196 4323 2229 4392 ἢ
2268 4323 2331 4373 ἐκ
2364 4322 2669 4389 φιλοσόφων
2706 4320 2893 4391 μαθὼν
2926 4322 3312 4392 παραινετικός
3343 4339 3426 4385 τις
3477 4323 3571 4374 καὶ
3615 4323 3773 4387 αὐτὸς

513 4418 884 4471 hortationum
918 4412 1113 4466 artifex
1157 4426 1280 4466 esse
1310 4409 1601 4474 didicerit,
1648 4407 1785 4460 certi
1832 4409 1967 4462 nihil
1998 4424 2088 4463 ex-

2198 4412 2464 4481 ὑπῆρχεν,
2496 4411 2555 4462 οὑ
2604 4411 2745 4463 πάνυ
2778 4410 2964 4478 σαφῶς
2994 4410 3121 4479 περ)¹
3149 4409 3243 4462 τοῦ
3276 4410 3545 4481 Ἰσιδώρου
3575 4412 3774 4479 γνῶναι

514 4509 727 4577 plorare
756 4504 1063 4559 docuimus.
1111 4500 1401 4571 Uteunque
1435 4517 1492 4555 se
1536 4517 1624 4556 res
1651 4502 1870 4564 haheat,
1902 4501 1957 4553 in
1991 4515 2088 4555 eo-

514 4600 634 4652 dem
675 4611 865 4651 omnes
895 4593 1215 4649 eonsuendo
1247 4593 1499 4661 dogmate
1529 4601 1845 4647 versantur.

586 4688 642 4742 In
668 4688 857 4758 primis
897 4686 1205 4754 Epiphanes
1232 4683 1378 4751 ,illud
1405 4699 1528 4737 cum
1560 4683 1721 4737 Patre
1742 4723 1757 4746 ,
1790 4683 2090 4752 eodemque

516 4781 740 4835 haeresis
772 4778 1055 4833 conditore
1080 4778 1411 4845 Carpocrate
1445 4776 1709 4841 decrevit,
1746 4775 2090 4845 promiscuas

589 4942 602 4969 ¹
630 4935 754 4991 For.
790 4933 1052 5005 ἐπιμενῶ.
1089 4930 1244 4984 Addo
1280 4933 1372 4984 καὶ
1399 4931 1517 4985 τοῦ.

587 5100 697 5169 (86)
741 5096 928 5164 Οὗτος
956 5099 1067 5167 γὰρ
1102 5100 1133 5149 ό
1167 5095 1509 5169 Ἐπιφάνης.
1540 5094 1614 5149 Ex
1643 5093 1907 5169 Clement.
1934 5094 2089 5148 Alex.

520 5165 810 5225 ttl'Strom.
851 5165 973 5224 ὴιθο
1007 5165 1283 5235 descripta
1318 5174 1445 5235 sunt
1473 5181 1486 5229 ;
1522 5165 1738 5218 tametsi
1772 5165 1841 5217 ab
1866 5174 2092 5235 auctore

520 5242 638 5309 ipso
686 5243 898 5296 diversa
946 5234 1553 5309 quaadamitradiderit;
1586 5235 1886 5309 Clementis
1917 5234 2089 5309 verba

521 5299 834 5366 decessario
865 5299 1266 5363 hie'attexenda
1300 5312 1427 5359 sunt
1456 5323 1468 5357 :
1496 5304 1799 5372 Ἐπιφάνης
1832 5299 2005 5366 οὗτος,
2029 5299 2090 5357 οῦ

523 5322 834 5366 necessario
866 5322 952 5363 hic
977 5322 1266 5362 attexenaa
1300 5322 1427 5359 sunt
1456 5323 1468 5357 :
1515 5322 1803 5425 ιδπιφανγγὲ
1832 5322 2005 5366 ουτος,
2029 5322 2087 5357 ου

523 5383 612 5434 καὶ
636 5382 701 5434 τὰ
734 5381 1135 5451 συγγράμματα
1163 5375 1464 5451 κομίζεται,
1503 5376 1617 5451 υίὸς
1661 5372 1722 5445 ἧν
1770 5444 1781 5451 ι
1809 5374 2087 5451 αρποκρά-

528 5444 1015 5527 τουςηκαιμητρὸς
1040 5444 1416 5527 ’ᾼλεξανδρίας
1438 5444 1794 5527 comoedica:
1956 5444 2092 5527 πρὸς

524 5514 1177 5599 πριτρὸςλςᾹλεξανδρεὺςκ
1197 5514 1315 5599 ἀπο.
1335 5516 1390 5568 δὲ
1429 5516 1631 5599 μητρὸς
1668 5514 2054 5599 Κεφαλλημεύς
2074 5530 2091 5545 ·

524 5583 680 5660 ἑζησε
721 5591 778 5643 δέ
824 5590 891 5643 τά
934 5583 1112 5660 πάντα
1151 5587 1248 5660 έτη
1297 5583 1682 5660 ἑπτακαίδεκα,
1726 5584 1823 5660 και)ἶ
1863 5583 1983 5660 θεὸς
2034 5584 2089 5660 ἐν

526 5651 681 5730 Σάμῃ
712 5664 810 5730 τῆς
850 5651 1568 5730 Κεφαλληνίαςτετίμηται·
1600 5654 1726 5730 ἔνθα
1762 5652 1913 5730 αὑτῷ
1948 5651 2089 5730 ἱερὸν

526 5718 698 5797 ῥυτῶν
729 5718 910 5791 λίθων,
944 5718 1116 5797 βωμοὶ
1138 5768 1153 5789 ,
1187 5718 1389 5795 τεμένη
1413 5718 1447 5797 ,μ’
1473 5726 1718 5797 μουσεῖον
1745 5718 2089 5797 ᾠκοδὸμηταί

528 5793 585 5852 τε
614 5800 705 5851 καὶ
754 5793 1111 5855 καθιέρωται·
1156 5793 1265 5849 και
1294 5795 1565 5856 συνιόντες
1610 5795 1690 5854 εἰς
1733 5794 1793 5846 τὸ
1845 5793 1989 5856 ἱερὸν
2037 5793 2085 5844 οἱ

2195 4499 2561 4570 ἠδυνήθημεν.
2594 4499 2739 4569 Πλὴν
2784 4493 2926 4552 οὗτοι
2965 4498 3165 4560 πάντες
3202 4498 3489 4552 καττύουσι
3525 4499 3621 4569 τὴν
3654 4501 3773 4570 ἴσην

2198 4592 2598 4662 πραγματείαν.

2269 4682 2490 4754 Πρῶτον
2536 4684 2634 4752 μὲν
2663 4682 2744 4735 ὅτι
2773 4681 3079 4753 ἐνομοθέτει
3102 4681 3262 4744 αὐτὸς
3286 4684 3313 4735 ὀ
3344 4682 3646 4753 Ἑπιφάνης
3682 4685 3775 4737 σὺν

2197 4774 2275 4844 τῷ
2332 4775 2497 4829 αὐτοῦ
2550 4774 2718 4843 πατρί
2766 4791 2826 4826 τε
2872 4774 2965 4827 καὶ
2992 4775 3346 4846 πρωτοστὰτῃ
3384 4776 3482 4845 τῆς
3511 4776 3772 4847 αἱρέσεως

2200 5092 2549 5165 Κεφαλλῆνες
2589 5091 2731 5146 κατὰ
2770 5095 3099 5165 νουμηνίαν,
3147 5092 3422 5159 γενέθλιον
3460 5092 3775 5165 ,ἀποθέωσιν

2201 5162 2420 5216 θύουσιν
2445 5161 2765 5233 ”Επιφὰνει,
2818 5162 3101 5233 σπένδουσί
3151 5180 3230 5225 τε,
3278 5163 3643 5233 εὐωχοῦνται,
3688 5161 3774 5214 καὶ

2202 5233 2361 5316 ὕμνοι
2392 5233 2639 5316 λέγονται
2662 5251 2675 5263 ·
2707 5232 3008 5316 ἐπικιδεύθηι
3040 5233 3137 5316 μέν
3159 5233 3323 5316 ’παρὰ
3372 5235 3450 5302 τῷ
3485 5235 3777 5316 πατρὶ-τήν

2200 5301 2259 5355 τε
2303 5303 2591 5372 ἐγκύκλιον
2640 5304 2878 5365 παιδίαν,
2923 5301 3111 5355 καὶτὰ
3159 5301 3469 5365 Πλάτωνος,
3508 5301 3612 5357 εις.
3656 5301 3777 5355 Haec

2201 5374 2311 5428 ille.
2356 5374 2425 5427 At
2476 5373 2823 5443 Epiphanius
2866 5387 2894 5423 a
2938 5381 3092 5441 patre
3127 5374 3542 5441 Cephallenium
3585 5372 3776 5436 fuisse,

2196 5459 2303 5497 non
2336 5442 2765 5497 Alexandrinum
2796 5442 2974 5495 docet.

2231 5584 2241 5594 .
2269 5514 2381 5584 (87)
2431 5515 2535 5567 Ἐν
2560 5514 2735 5582 Σάμῳ
2766 5512 2877 5581 γὰρ
2903 5513 2984 5577 ώς
3012 5515 3165 5576 θεός.
3220 5513 3354 5577 Qum
3400 5522 3453 5567 et
3500 5512 3663 5568 Same
3686 5510 3775 5594 _di-

2196 5592 2341 5637 citur
2381 5603 2394 5636 :
3686 5592 3691 5595 '

2264 5653 2699 5722 Dulychiumque,
2733 5652 2988 5722 Sameque
3017 5659 3066 5704 et
3095 5649 3316 5705 Neritos
3350 5655 3523 5706 ardua
3558 5652 3726 5707 saxis.

2284 5720 2393 5793 (88)
2448 5720 2755 5790 Ἰσίδωρον
2787 5722 2867 5793 δὲ,
2898 5720 3269 5793 φάσκουσιν.
3310 5721 3621 5793 ῡθλιείἁοῐο
3670 5736 3773 5777 me-

2194 5793 2350 5849 minit
2379 5791 2525 5850 idem
2564 5793 2815 5849 Clemens
2845 5792 3110 5847 Alexand.
3144 5791 3239 5846 lib.
3276 5809 3330 5847 vt
3365 5791 3566 5847 Strom.
