4156 6358
423 302 530 359 549

1221 298 1592 357 ADVERSUS
1633 298 1974 356 "AERESES
2012 299 2138 354 LIB.
2180 300 2222 354 l.
2264 298 2428 354 TOM.
2471 299 2535 355 ll.
2577 299 2938 355 —ilAiRES.
2978 300 3190 356 XXXII.

3594 302 3702 358 550

420 413 820 487 Καρποκράτει
866 414 960 468 καὶ
1007 418 1118 479 τοῖς
1165 417 1303 488 ἀμφ’
1329 419 1493 472 αὐτὸν
1519 417 1705 481 κοινὰς
1735 412 1876 471 εἶναι
1916 417 2006 480 τὰς

2118 430 2240 469 esse
2284 415 2544 485 conjuges
2581 424 2874 484 oportere;
2915 417 3113 486 partim
3145 415 3290 486 quod
3333 415 3404 469 ita
3457 414 3610 470 Plato
3644 417 3700 470 in

420 502 530 557 τῶν
556 503 862 576 ἀνθρώπων
890 508 1179 574 γυναῖκας,
1218 507 1282 561 ἔκ
1311 527 1371 562 τε
1403 508 1498 561 τοῦ
1528 509 1817 572 Πλάτωνος
1849 512 2019 563 Πολι-

420 593 598 647 τειῶν
653 596 927 667 πρόφασιν
973 598 1196 663 λαϐὼν,
1243 602 1342 654 καὶ
1386 601 1486 671 τὴν
1538 602 1673 656 ίδίαν
1722 601 2017 672 ἐπιθυμίαν

424 685 681 740 ἐκτελῶν.
701 687 984 742 Ἐντεῦθεν
1011 691 1067 743 δὲ
1095 691 1194 761 τὴν
1225 692 1399 762 ἀρχὴν
1427 695 1680 754 ποιεῖται,
1714 693 1906 761 λέγων,
1941 693 2016 756 ὡς

425 777 483 826 ὲν
512 775 591 846 τῷ
626 776 944 850 Εὐαγγελίῳ
970 781 1271 851 ἐμφέρεται
1301 781 1396 835 τοῦ
1429 783 1680 854 Σωτῆρος
1717 783 2016 852 φάσκοντος

424 869 576 936 τρεῖς
599 868 697 936 μὲν
724 869 1013 940 εὐνούχους
1043 867 1202 936 εἶναι,
1223 871 1315 924 τόν
1336 890 1395 924 τε
1419 870 1479 936 ἐξ
1506 873 1806 944 ἀνθρώπων
1835 875 2017 927 εὐνου-

426 959 732 1028 χιζὸμενον,
771 963 864 1014 καὶ
895 963 986 1014 τὸν
1011 964 1075 1016 ἐκ
1097 965 1342 1034 γενετῆς,
1374 965 1468 1016 καὶ
1495 964 1587 1017 τὸν
1621 965 1765 1018 κατὰ
1791 964 1887 1036 τὴν
1920 965 2016 1034 βα-

428 1049 633 1102 σιλείαν
663 1050 771 1104 τῶν
801 1053 1045 1123 οὐρανῶν
1071 1054 1262 1107 ἑαυτὸν
1294 1056 1557 1119 ἑκουσίως
1604 1057 2012 1126 εὐνουχίσαντα.

427 1143 536 1194 Καί
568 1161 733 1213 φησιν
756 1162 769 1174 ο
807 1147 871 1196 Oi
903 1146 1083 1197 τοίνυν
1123 1145 1264 1199 κατὰ
1296 1147 1542 1217 ἀνάγκην
1571 1148 1630 1200 οὐ
1667 1149 1809 1201 κατὰ
1855 1148 2015 1216 λόγον

427 1234 669 1305 εὐνοῦχοι
698 1236 955 1303 γίνονται.
989 1239 1051 1289 Οἱ
1076 1237 1132 1289 δὲ
1161 1238 1324 1292 ἕνεκα
1349 1239 1450 1309 τῆς
1481 1239 1758 1309 βασιλείας
1788 1239 1897 1292 τῶν
1921 1241 2013 1293 οὐ·

429 1327 608 1397 ρανῶν
659 1329 886 1392 ἑαυτοὺς
933 1331 1342 1400 εὐνουχίσαντες
1371 1332 1459 1385 διὰ
1501 1332 1570 1384 τὰ
1616 1334 1680 1384 ἐκ
1711 1332 1804 1385 τοῦ
1833 1333 2012 1403 γάμου

429 1421 799 1492 συμϐαίνοντά
827 1439 961 1490 φασι
1003 1421 1095 1473 τὸν
1121 1421 1475 1492 ἐπιλογισμὸν
1501 1423 1516 1452 ¹
1548 1421 1655 1474 τῶν
1692 1422 2013 1487 ἐπιτηδείων

425 1511 680 1582 ἀσχολίαν
711 1512 962 1575 δεδιότες.
991 1512 1242 1566 Βέλτιον
1270 1511 1536 1581 γαμῆσαι
1572 1512 1611 1581 ἢ
1653 1513 2012 1579 πυροῦσθαι,

428 1604 504 1673 μὴ
532 1605 611 1666 εἰς
635 1602 746 1674 πῦρ
773 1603 1018 1675 ἐμϐάλῃς
1047 1604 1146 1674 τὴν
1179 1604 1360 1674 ψυχήν
1392 1622 1506 1666 σου,
1537 1606 1671 1675 φησὶ
1699 1603 1875 1673 λέγειν
1923 1606 2013 1658 τὸν

440 1696 782 1758 ’Λπόστολον,
815 1695 1030 1766 ἡμέρας
1059 1696 1150 1748 καὶ
1175 1695 1367 1758 νυκτὸς
1400 1696 1662 1765 ἀντέχων,
1695 1697 1788 1748 καὶ¹
1819 1697 2014 1764 φοϐού-

2120 507 2274 560 lihris
2310 506 2386 560 De
2426 507 2694 575 republica
2739 510 3062 571 statuisset,
3099 509 3296 578 partim
3335 517 3393 561 ut
3432 509 3700 576 privatam

2119 598 2402 652 libidinem
2437 599 2704 667 expleret.
2740 599 2844 653 Sed
2872 599 2998 655 inde
3028 601 3343 668 disputandi
3373 600 3589 653 initium
3623 601 3697 654 fa~

2118 690 2208 742 cit.
2250 688 2377 742 Tria
2406 690 2781 744 cunuchorum
2817 707 2941 746 esse
2992 707 3212 761 genera.
3259 693 3404 761 quod
3449 707 3477 744 a
3509 691 3702 746 Salva-

2119 787 2235 832 tore
2263 777 2467 832 dictum
2503 777 2793 848 Evangelia
2821 795 2976 834 saera
3020 789 3291 845 testantur
3317 782 3337 811 ¹
3366 797 3526 833 :nam
3562 784 3701 839 alios

2117 886 2240 926 esse
2273 871 2367 940 qui
2407 871 2474 925 ab
2501 871 2820 927 hominibus
2845 872 3050 927 exsecti
3084 881 3232 936 sunt,
3269 873 3405 927 alios
3437 874 3508 926 ita
3542 889 3571 927 a
3603 889 3702 927 na-

2119 973 2247 1017 tura
2279 962 2478 1029 factos,
2517 965 2653 1019 alios
2691 967 2784 1034 qui
2824 965 3068 1020 cmlestis
3106 965 3258 1035 regni
3300 967 3476 1035 gratia
3509 975 3704 1036 sponte

2119 1069 2240 1108 sese
2269 1061 2609 1108 castrarunt.
2637 1055 2742 1121 Qui
2768 1056 2958 1126 igitur,
2995 1057 3172 1122 aiunt,
3204 1056 3342 1111 tales
3374 1057 3704 1111 necessitate

2120 1154 2252 1201 sunt
2285 1145 2438 1210 facti,
2467 1163 2575 1203 non
2611 1149 2662 1202 id
2702 1157 2854 1204 certo
2886 1149 3121 1204 consilio
3168 1164 3231 1202 ac
3265 1150 3477 1206 ratione
3505 1165 3699 1205 susce-

2116 1247 2334 1308 perunt.
2359 1238 2461 1305 Qui
2497 1256 2555 1294 se
2584 1255 2716 1295 vero
2747 1248 2968 1311 propter
2997 1242 3222 1297 caaleste
3246 1257 3469 1312 regnum
3495 1253 3703 1298 castra-

2115 1335 2350 1391 verunt,
2391 1328 2444 1380 id
2488 1329 2554 1382 ad
2588 1329 2946 1384 declinandas
2986 1331 3228 1401 coniugii
3260 1333 3544 1388 molestias
3575 1347 3700 1403 ege-

2117 1423 2264 1479 runt,
2308 1417 2455 1486 quod
2488 1417 2620 1472 illud
2673 1421 3031 1488 procurandae
3077 1423 3152 1475 rei
3201 1421 3490 1477 familiaris
3518 1438 3699 1484 onus,

2118 1522 2182 1562 ac
2207 1509 2635 1565 sollicitudinem
2661 1513 2938 1569 timerent.
2972 1511 3165 1566 Melius
3196 1525 3272 1568 est
3297 1514 3506 1574 nubere.
3542 1531 3699 1584 quam

2116 1603 2202 1654 uri
2235 1603 2296 1654 8:
2333 1603 2562 1673 proinde
2601 1618 2731 1658 cave
2765 1605 3002 1659 animam
3037 1613 3186 1660 tuam
3215 1609 3270 1660 in
3302 1611 3475 1677 ignem
3499 1606 3700 1660 immit-

2118 1701 2204 1749 tas
2233 1695 2336 1763 (sic
2365 1696 2508 1750 enim
2538 1697 2608 1750 ab
2636 1697 2903 1766 Apostolo
2941 1708 3276 1770 praeceptum
3302 1715 3425 1754 esse
3458 1698 3695 1768 dicunt),

429 1803 588 1854 μενος
639 1785 712 1856 μὴ
766 1788 862 1854 τῆς
910 1785 1238 1856 ἐγκρατείας
1272 1786 1576 1856 άποπέσῃς.
1612 1787 1754 1857 Πρὸς
1795 1787 1906 1859 γὰρ
1952 1787 2006 1839 τι

2117 1785 2246 1841 dum
2281 1795 2475 1844 noctes
2504 1789 2732 1858 diesque
2773 1789 3014 1856 resistis,
3049 1805 3114 1846 ac
3146 1807 3214 1848 ne
3239 1807 3267 1845 a
3287 1792 3539 1847 castitate
3561 1792 3701 1847 exci-

426 1879 670 1948 ἁντέχειν
701 1877 961 1948 γινομένη
992 1877 1140 1947 ψυχὴ
1183 1877 1468 1948 μερίζεται
1507 1879 1608 1948 τῆς
1645 1878 1874 1941 ἐλπίδος.
1894 1879 2012 1932 Ἄν-

425 1970 573 2038 έχου
601 1970 828 2036 τοίνυν,
864 1970 946 2036 ὠς
969 1965 1085 2037 ἤδη
1117 1969 1422 2037 προεῖπον,
1453 1968 1564 2037 τῆς
1585 1971 2009 2038 παραινέσεως,

425 2063 504 2124 εἰς
543 2061 704 2132 μέσον
737 2059 919 2131 φέρων
947 2059 1038 2111 τὸν
1067 2058 1244 2127 λόγον,
1275 2059 1409 2128 φησὶ
1461 2058 1603 2111 κατὰ
1644 2057 1790 2122 λέξιν
1827 2060 1855 2110 ὁ
1883 2059 2012 2110 Ἰσί-

423 2157 596 2226 δωρος
624 2155 682 2206 ἐν
710 2157 822 2216 τοῖς
859 2151 1109 2217 Ἠθικοῖς
1141 2192 1155 2217 ,
1177 2152 1444 2220 μαχίμης
1479 2149 1781 2220 γυναικὸς,
1809 2149 2011 2218 ἵναμὴ

423 2242 834 2312 ἀποσπασθῇς
885 2242 997 2312 τῆς
1050 2241 1292 2310 χάριτος
1337 2241 1444 2295 τοῦ
1495 2239 1663 2295 Θεοῦ.
1711 2241 1855 2295 Τότε
1893 2241 2012 2307 πῦρ

423 2337 964 2406 ἁποσπερματίσας
992 2333 1434 2399 εὐσυνειδήτως
1461 2334 2012 2403 προσεύχου.⁶’οταν

422 2429 511 2492 δὲ,
559 2429 751 2500 φησὶν,
789 2429 827 2496 ή
857 2427 1207 2497 εὐχαριστία
1237 2441 1352 2479 σου
1380 2428 1466 2490 εἰς
1503 2425 1745 2493 αἴτησιν
1788 2426 2013 2480 ὑποπέ-

421 2535 541 2585 σοι,
570 2521 667 2574 καὶ
699 2518 854 2588 στῆς
876 2519 943 2572 τὸ
976 2518 1211 2581 λοιπὸν,
1238 2519 1310 2570 οὐ
1335 2516 1717 2584 κατορθώσας
1747 2518 1832 2588 μὴ
1858 2534 2012 2587 σφα-

420 2611 625 2680 λῆναι,
682 2611 978 2681 γάμησον.
1031 2606 1163 2662 Εἶτα
1197 2609 1359 2662 πάλιν
1393 2609 1584 2680 φησίν·
1647 2610 1823 2665 Ἀλλὰ
1873 2611 2012 2677 νέος

421 2723 514 2771 τις
537 2705 576 2773 ἢ
610 2705 799 2771 πένης
834 2703 1024 2767 ἐστὶν,
1053 2701 1090 2771 ἣ
1118 2702 1478 2771 καταφερὴς,
1504 2701 1818 2756 τουτέστιν
1836 2703 2012 2756 ἀσθε-

418 2797 556 2866 νὴς,
587 2798 686 2851 καὶ
730 2799 802 2851 οὐ
851 2797 1006 2851 θέλει
1045 2797 1228 2867 γῆμαι
1267 2797 1418 2849 κατὰ
1458 2795 1564 2848 τὸν
1600 2796 1806 2865 λόγιον,
1833 2792 2010 2862 οὗτος

421 2890 529 2944 τοῦ
546 2889 814 2956 ἀδελφοῦ
833 2888 918 2959 μὴ
949 2887 1279 2956 χωριζέσθω
1331 2885 1572 2958 Αίσχρὰς
1614 2885 1671 2938 δέ
1705 2904 1856 2948 τινας
1873 2887 2013 2938 ὑπο-

419 2983 566 3045 νοίας
619 2980 798 3052 ἑαυτῷ
858 2979 1361 3051 προσποριζόμενος
1384 2979 1783 3050 δραματουργεί
1837 2980 1865 3030 ὁ
1909 2980 2006 3033 τά·

417 3075 536 3137 λας.
582 3073 846 3143 Λεγέτω,
883 3073 1017 3142 φησι
1046 3070 1229 3125 τοίνυν
1253 3110 1268 3133 ,
1322 3069 1411 3124 ὅτι
1461 3071 1849 3135 Εὶσελήλυθα
1895 3071 2008 3139 ἐγὼ

418 3168 504 3231 εἰς
545 3165 610 3218 τὰ
638 3165 794 3233 ἅγια,
825 3162 1006 3218 οὐδὲν·
1034 3161 1287 3230 δύναμαι
1341 3161 1563 3216 παθεῖν.
1582 3163 1722 3216 Ἐὰν
1759 3161 1828 3213 δὲ
1861 3163 2009 3217 ὑπό-

415 3273 588 3310 νοιαν
627 3255 762 3323 ἔχῃ,
796 3253 1014 3308 εἰπάτω
1035 3267 1079 3307 ,’
1128 3252 1390 3321 Ἀδελφέ,
1420 3252 1624 3318 ἐπίθες
1665 3269 1768 3321 μοι
1815 3251 2002 3320 χεῖρα,

416 3349 517 3402 ἵνα
540 3348 624 3417 μὴ
659 3346 1001 3416 άμαρτήσω,
1031 3345 1127 3399 καὶ
1157 3346 1417 3414 λήψεται
1440 3345 1752 3411 βοήθειαν,
1788 3345 1888 3399 καὶ
1913 3346 2004 3397 αὶ-

416 3439 676 3509 σθηητὴν,
706 3439 804 3492 καὶ
831 3436 1077 3506 νοητήν.
1117 3434 1437 3504 Θελησάτω
1462 3435 1656 3504 μόνον
1679 3436 2005 3504 ἀπαρτίσαι

416 3529 482 3583 τὸ
517 3531 726 3594 καλὸν,
741 3529 839 3582 καὶ
863 3521 1408 3592 ἐπιτεύξεται.Εἷτα
1436 3526 1597 3579 πάλιν
1632 3525 1825 3596 φησξψ
1873 3525 2004 3578 Ἐν-

417 3623 538 3675 ίοτε
574 3622 654 3687 τῷ
677 3621 796 3690 μὲν
833 3622 1085 3690 στόματι
1117 3618 1392 3688 λέγομεν,
1425 3620 1497 3672 οὐ
1529 3617 1785 3686 θέλομεν
1821 3617 2005 3685 ἁμαρ-

416 3713 618 3781 τ-ῆσαι,
646 3715 683 3782 ἢ
721 3714 789 3767 δὲ
825 3714 1060 3768 διάνοια
1098 3713 1358 3782 ἔγκειται
1399 3713 1488 3776 εὶς
1522 3709 1590 3763 τὸ
1619 3709 2004 3779 ἁμαρτάνειν.

426 3806 482 3857 Ὀ
515 3804 782 3868 τοιοῦτος
805 3805 902 3858 διὰ
930 3806 1118 3872 φόϐον
1153 3804 1226 3856 οὐ
1253 3800 1414 3853 ποιεῖ
1435 3800 1466 3852 ὃ
1507 3799 1687 3862 θέλει,
1722 3800 1823 3853 ἵνα
1847 3797 1934 3867 μὴ
1963 3799 2002 3866 ἡ

415 3897 670 3962 κόλασις
714 3895 875 3962 αὐτῷ
911 3891 1261 3963 ἐλλογισθῇ·
1294 3891 1332 3957 ἡ
1364 3889 1433 3942 δὲ
1469 3889 1857 3956 ἁνθρωπότης
1876 3889 2000 3956 ἔχει

413 3989 710 4060 ἀναγκαῖά
741 4007 876 4043 τινα
917 3986 1018 4042 καὶ
1068 3984 1299 4055 φυσικὰ
1341 3982 1678 4052 μόναοέχει
1719 3980 1787 4032 τὸ
1836 3995 1999 4049 περι-

416 4081 744 4135 ϐάλλεσθαι
786 4080 852 4134 τὸ
885 4078 1213 4147 ἀναγκαῖον
1249 4075 1348 4130 καὶ
1383 4073 1676 4143 φυσικόν·
1731 4073 1998 4141 φυσικὸν

414 4172 483 4225 δὲ
511 4173 577 4226 τὸ
609 4172 728 4225 τῶν
751 4170 1136 4240 ἀφροδισίων.

2111 1879 2210 1935 das
2259 1882 2628 1950 pertimescis.
2665 1882 2948 1953 Siquidem
2977 1885 3194 1940 animus
3229 1895 3439 1951 noster,
3468 1885 3599 1940 dum
3638 1886 3692 1939 in

2111 1973 2468 2041 repugnando
2495 1975 2924 2046 obsistendoque
2957 1984 3106 2032 totus
3137 1983 3222 2032 est
3257 1993 3288 2030 a
3329 1992 3428 2047 spe
3451 1992 3550 2033 sua
3583 1977 3698 2032 dis-

2110 2054 2344 2130 sipatus,
2382 2062 2746 2118 ahstrahitur.
2773 2064 3049 2118 Patienter
3096 2065 3260 2134 igitur
3310 2065 3404 2117 tibi
3451 2072 3509 2117 ut
3536 2064 3696 2133 paulo

2113 2161 2233 2206 ante
2272 2153 2597 2207 cohortando
2625 2156 2786 2224 212
2815 2157 2995 2209 monui
3019 2155 3157 2227 (haec
3183 2155 3236 2208 in
3268 2154 3473 2209 Ethicis
3501 2154 3694 2210 lsidori

2111 2244 2275 2299 verba
2298 2247 2448 2315 sunt)
2471 2248 2794 2300 contumacis
2813 2249 2994 2301 uxoris
3017 2263 3187 2301 mores
3215 2247 3508 2300 sustinendi
3530 2257 3690 2312 sunt,

2111 2353 2174 2389 ne
2206 2336 2306 2390 Dei
2352 2339 2585 2406 gratiam
2631 2340 2849 2392 amittas
2895 2355 2912 2392 :
2946 2353 3163 2406 cumque
3209 2353 3314 2390 una
3352 2353 3470 2389 cum
3499 2339 3695 2390 semine

2113 2427 2347 2481 libidinis
2392 2430 2666 2496 ﬂammam
2722 2430 2968 2497 ejeceris,
3015 2440 3127 2481 tum
3178 2439 3226 2482 te
3277 2429 3476 2497 optima
3529 2429 3696 2496 fretus

2112 2520 2433 2572 conscientia
2467 2521 2534 2572 ad
2569 2521 2828 2574 orandum
2851 2529 3109 2574 converte.
3138 2518 3240 2572 Sed
3267 2535 3386 2570 cum
3431 2520 3488 2570 in
3517 2527 3698 2586 postu-

2113 2609 2361 2664 lationem
2393 2613 2684 2680 gratiarum
2719 2613 2858 2665 actio
2887 2621 2976 2664 tua
3015 2610 3232 2678 delapsa
3255 2611 3436 2677 fuerit,
3469 2627 3530 2663 ac
3556 2610 3700 2664 dein-

2109 2713 2226 2765 ceps
2255 2707 2396 2752 stare
2431 2702 2664 2764 caperis,
2689 2717 2848 2770 neque
2878 2701 2930 2754 id
2957 2710 3130 2754 tamen
3153 2701 3465 2767 obtinueris,
3491 2711 3546 2754 ut
3579 2701 3690 2754 labi

2109 2804 2326 2856 prorsus
2377 2807 2439 2843 ac
2491 2793 2720 2845 titubare
2759 2793 2970 2845 desinas
3027 2794 3095 2844 ad
3149 2793 3361 2860 nuptias
3399 2791 3691 2862 confugite.

2109 2881 2292 2952 Pergit
2317 2883 2512 2938 deinde
2539 2902 2552 2937 :
2579 2883 2681 2938 Sed
2707 2883 2914 2952 juvenis
2939 2894 3028 2937 aut
3055 2899 3253 2952 pauper
3275 2893 3350 2937 est
3387 2883 3582 2952 aliquis
3604 2893 3696 2936 aut

2108 2974 2422 3040 proclivior,
2456 2975 2553 3027 hoc
2602 2985 2679 3028 est
2713 2975 3025 3035 imbecillus,
3060 2992 3221 3045 neque
3278 2991 3342 3029 ex
3399 2975 3692 3043 apostolico

2116 3075 2376 3134 prcrcepto
2414 3068 2603 3120 ducere
2631 3069 2677 3120 ei
2711 3068 2835 3120 libet
2870 3083 3122 3132 uxorem,
3159 3068 3241 3120 hic
3274 3085 3305 3120 a
3340 3068 3508 3135 fratre
3539 3069 3695 3120 mini-

2037 3137 2078 3193 (ἶ
2113 3175 2194 3211 me
2237 3159 2497 3214 discedat.
2549 3159 2684 3214 Tum
2726 3160 3188 3215 exsecrandorum
3236 3159 3562 3230 flagitiorum
3603 3176 3694 3214 ex-

2112 3251 2379 3321 cogitatas
2404 3251 2646 3306 rationes
2682 3252 2939 3318 afl‘erens,
2982 3254 3149 3306 miras
3181 3252 3369 3306 infelix
3397 3252 3696 3322 tragmdias

2109 3342 2260 3398 facit.
2293 3343 2470 3407 Dicat,
2504 3346 2720 3414 inquit:
2764 3344 3039 3414 Ingressus
3073 3362 3190 3400 sum
3240 3347 3541 3410 in'sancta,
3572 3347 3689 3412 pati

2111 3435 2244 3488 nihil
2270 3451 2508 3503 possum.
2559 3436 2713 3502 Quod
2754 3438 2802 3490 si
2839 3437 3090 3505 cogitatio
3121 3453 3240 3491 eum
3275 3437 3455 3504 aliqua
3489 3437 3693 3501 subeat,

2107 3527 2250 3581 dicat
2286 3544 2305 3581 :
2331 3519 2563 3594 'Frater,
2596 3531 2802 3598 impone
2841 3529 2972 3581 mihi
2999 3545 3236 3592 manum,
3265 3545 3327 3580 ne
3376 3543 3612 3596 peccem;
3645 3537 3694 3583 et

2111 3621 2385 3687 confestim
2412 3629 2726 3689 praesentem
2776 3633 2896 3670 cum
2946 3617 3000 3670 in
3052 3633 3266 3684 corpore
3309 3620 3421 3686 ipso
3445 3659 3460 3683 ,
3493 3629 3604 3671 tum
3641 3620 3695 3672 in

2111 3720 2284 3764 mente
2315 3726 2464 3779 opem
2512 3711 2827 3778 experietur.
2872 3707 3006 3762 Velit
3037 3709 3190 3762 modo
3236 3711 3373 3779 quod
3418 3712 3692 3764 honestum

2106 3810 2186 3853 est
2228 3801 2510 3869 per/icere,
2540 3811 2590 3854 et
2638 3801 2742 3854 uoti
2787 3816 2996 3868 compos
3024 3802 3262 3854 exsistet.
3304 3801 3434 3855 Post
3471 3802 3584 3854 haec
3618 3801 3692 3854 ita

2107 3891 2352 3961 loquitur
2392 3910 2405 3945 :
2441 3890 2839 3962 Nonnunquam
2881 3909 2968 3945 ore
2991 3901 3136 3946 tenus
3167 3892 3391 3945 dicimus
3418 3933 3433 3956 ,
3479 3908 3695 3960 peccare

2106 3983 2372 4047 nolumus,
2402 3983 2491 4038 sed
2522 3985 2731 4037 animus
2763 3985 2817 4036 in
2842 3996 3055 4052 peccata
3084 3985 3388 4051 propendet.
3427 3984 3532 4048 Qui
3549 3983 3690 4051 ejus-

2104 4072 2251 4127 modi
2285 4084 2386 4134 est,
2418 4074 2558 4144 quod
2599 4075 2709 4128 vult
2752 4087 2963 4144 propter
3000 4085 3195 4128 metum
3230 4091 3332 4128 non
3357 4074 3510 4142 facit,
3543 4091 3606 4128 ne
3643 4076 3692 4128 ei

2101 4180 2258 4232 paena
2309 4165 2694 4218 constituatur.
2749 4166 2822 4218 At
2867 4165 3138 4218 hominum
3184 4165 3358 4234 generi
3393 4166 3692 4218 necessaria

413 4265 658 4332 quadam
688 4273 812 4317 sunt
842 4279 904 4316 ac
953 4259 1229 4315 naturalia
1266 4259 1551 4313 duntaxat.
1592 4255 1737 4310 Nam
1769 4254 1996 4310 restibus
2035 4260 2116 4313 uti
2168 4257 2414 4312 naturale
2443 4257 2604 4313 simul
2649 4275 2712 4313 ac
2761 4259 3117 4312 necessarium
3162 4268 3280 4323 est;
3321 4259 3584 4311 naturalis
3611 4273 3689 4313 est

415 4374 631 4413 venerea
670 4357 933 4424 voluptas.

484 4409 907 4518 E’."Avatyxci.lm;
925 4449 981 4502 δὲ
992 4447 1197 4510 ταύτας
1215 4446 1326 4517 (89)
1344 4444 1662 4516 παρεθέμην
1679 4442 1780 4506 τὰς
1793 4441 1998 4513 φωνὰς,

2176 4437 2242 4491 ν.
2287 4436 2413 4492 Haec
2462 4437 2680 4493 illorum
2738 4437 2794 4491 in
2853 4438 3095 4492 medium
3133 4438 3328 4494 afferre
3359 4442 3524 4496 verba
3563 4458 3686 4498 sum

411 4544 440 4595 ὁ
466 4543 604 4596 κατὰ
634 4541 839 4594 τούτων
871 4541 1086 4612 γράψας
1130 4541 1372 4608 ἔλεγχον,
1410 4537 1483 4607 μὴ
1519 4536 1780 4606 βιούντων
1825 4532 2001 4604 ὀρθῶς

415 4635 509 4686 καὶ
554 4630 992 4695 Βασιλειδιανῶν,
1043 4631 1138 4683 καὶ
1182 4625 1712 4699 Καρποκρατιανῶν,
1754 4623 1848 4676 καὶ
1894 4621 2001 4674 τῶν

416 4721 524 4774 ἀπὸ
554 4721 930 4781 Οὐαλεντίνου,
967 4720 1059 4773 καὶ
1087 4718 1196 4771 τῶν
1220 4717 1552 4785 Ἐπιφάνους
1581 4714 1936 4784 καλουμένου,
1957 4705 2001 4780 ᾧ

414 4813 479 4881 δὴ
514 4812 756 4882 συνήφθη
782 4809 1072 4872 Σεκοῦνδος
1103 4810 1132 4860 ὁ
1163 4807 1617 4879 προτεταγμένος.
1637 4804 1727 4868 Ἐξ
1752 4802 1996 4873 ἀλλήλων

413 4905 521 4975 γάρ
549 4905 776 4967 ἕκαστος
805 4904 923 4973 ἦτοι
964 4896 1119 4964 οὗτος
1152 4900 1344 4969 ἐκείνῳ
1382 4898 1662 4968 μεταδοὺς,
1706 4897 1738 4965 ἦ
1791 4898 1996 4957 ἐκεῖνος

410 4997 584 5066 τούτῳ
605 4995 673 5048 τὰ
701 4995 850 5048 δεινά
876 4993 1386 5063 ἀπεμπολήσαντες,
1424 4991 1517 5042 καὶ
1545 4990 1622 5051 είς
1652 5005 1706 5040 τι
1737 4987 1872 5058 πρὸς
1902 4986 1996 5040 ἀλ-

410 5087 604 5157 λήλους
648 5087 1050 5156 διαφερόμενοι.
1096 5085 1247 5152 ὅμως
1284 5085 1340 5134 ὲν
1379 5083 1476 5150 μιᾷ
1513 5080 1722 5151 αἱρέσει
1768 5079 1997 5139 ἑαυτοὺς

411 5179 701 5235 κατέθεντο
722 5196 735 5210 ·
762 5177 904 5230 ὥστε
936 5177 1030 5230 καὶ
1056 5175 1199 5246 ἔχειν
1227 5174 1473 5238 ἐξουσίαν
1501 5172 1884 5242 ὲδογμάτισαν,
1903 5169 1997 5222 καὶ

2106 4539 2353 4594 coactus,
2392 4539 2453 4584 ut
2499 4546 2594 4586 eos
2625 4531 3006 4600 redarguerem
3040 4531 3338 4586 sceleratos
3363 4531 3611 4588 homines
3634 4543 3687 4589 et

2104 4624 2324 4693 impios,
2350 4623 2741 4687 Basilidiauos,
2765 4624 3014 4692 inquam,
3044 4630 3096 4676 et
3117 4622 3594 4691 Carpocratianos,
3621 4639 3686 4678 ac

2103 4715 2377 4770 Valentini
2403 4715 2813 4785 Epiphanisque
2843 4713 3164 4783 discipulos,
3191 4714 3260 4767 ad
3289 4730 3450 4783 quem
3484 4712 3686 4769 Secun-

2101 4807 2204 4862 dus
2240 4807 2445 4876 priusa
2494 4807 2653 4860 nobis
2691 4811 3151 4860 commemoratus
3209 4804 3547 4873 adjungitur.
3591 4805 3684 4858 Et-

2102 4897 2246 4952 enim
2286 4897 2362 4949 illi
2394 4911 2424 4948 a
2463 4913 2522 4950 se
2560 4896 2792 4951 invicem
2835 4895 3116 4964 prOpagati
3157 4911 3170 4946 :
3209 4895 3324 4950 sive
3356 4893 3458 4950 iste
3498 4897 3676 4959 alteri,

2102 4989 2218 5044 sive
2257 4988 2396 5042 alter
2447 4988 2538 5042 isti
2569 4987 2716 5042 velut
2766 4988 2938 5041 malas
2975 5001 3184 5040 merces
3208 5027 3222 5049 ,
3256 4987 3328 5038 ita
3365 4986 3678 5055 pestiferam

2101 5078 2411 5132 doctrinam
2449 5078 2995 5132 communieaverint.
3038 5077 3116 5130 Ac.
3160 5078 3286 5131 licet
3321 5077 3500 5146 aliqua
3534 5077 3589 5129 in
3621 5093 3680 5130 re

2100 5167 2434 5233 dissideant,
2479 5169 2534 5222 in
2585 5167 2774 5223 eadem
2807 5175 2991 5222 tamen
3023 5167 3233 5222 haesere
3277 5174 3458 5232 secta;
3503 5175 3563 5220 ut
3593 5168 3676 5220 vel

483 5337 498 5366 ¹
535 5334 610 5387 Ex
665 5333 836 5387 Clem.
892 5333 1131 5386 Alex.m
1166 5329 1364 5386 Strom.
1428 5328 1499 5380 ita
1557 5325 1870 5396 legendum,
1921 5323 2006 5376 τὸν

2108 5323 2203 5376 ττιλ.
2245 5324 2434 5378 τοῦτον
2478 5324 2872 5395 λαμϐάνουσιν,
2939 5324 3040 5396 τὴν
3090 5325 3218 5396 περὶ
3267 5326 3357 5376 τὸν
3408 5325 3678 5396 πορισμὸν

407 5405 518 5460 τῶν
547 5406 692 5456 ὲπιτ.
771 5405 791 5433 ³
825 5402 1016 5456 Matth.
1046 5418 1160 5466 xu,
1193 5400 1284 5454 12.
1361 5397 1382 5429 ³
1411 5397 1430 5451 l
1462 5398 1590 5452 Cor.
1617 5411 1714 5460 vu,
1746 5395 1798 5448 9.

483 5563 590 5630 (89)
645 5562 998 5630 Ἀναγκαίως
1025 5559 1094 5612 δὲ
1133 5559 1371 5623 ταύτας.
1397 5555 1576 5630 ῨΑριιᾲ
1610 5555 1782 5630 Clem.
1830 5552 1985 5606 Alex.

409 5625 523 5686 haec
571 5625 695 5686 cum
752 5625 1189 5699 pi‘weedcntilms
1248 5625 1503 5699 copulata
1557 5626 1632 5699 ita
1689 5625 1985 5699 leguntur:

408 5703 641 5756 Φυσικὸν
679 5692 839 5754 δὲ’τὸ
879 5701 986 5753 τῶν
1035 5692 1384 5770 ἀφροδισίων,
1427 5697 1527 5750 οὐκ
1567 5696 1868 5770 αναγκαῖον

407 5773 545 5828 Tum
592 5772 814 5835 subiicit
844 5789 856 5823 :
891 5763 1128 5831 Ταύταξ
1158 5767 1476 5832 παρεθέμην
1523 5766 1623 5829 τὰς
1669 5763 1851 5831 φωνὰς
1909 5764 1988 5824 είς

2096 5551 2314 5620 ἔλεγχον
2338 5547 2446 5601 τῶν
2477 5547 2552 5618 μὴ
2588 5546 2846 5617 βιούντων
2874 5546 3049 5620 ρρθῷς
3082 5544 3521 5620 Βασιλειν-ια-νῶν,
3565 5551 3672 5599 etc.

2095 5617 2282 5690 Neque
2329 5629 2516 5690 tame_u
2544 5617 2769 5690 mutare
2799 5618 3098 5686 quidquam
3142 5618 3196 5671 in
3243 5617 3547 5690 Epiphanio
3578 5629 3675 5667 no—

2099 5682 2214 5768 stro
2243 5689 2408 5742 volui.
2464 5682 2842 5768 Fieriquippe
2873 5682 3075 5768 potest,
3117 5694 3176 5740 ut
3227 5682 3433 5742 ali—uuid
3464 5685 3532 5741 de
3571 5699 3674 5739 suo

2097 5763 2279 5816 sciens
2305 5775 2368 5815 ac
2397 5760 2588 5814 volens
2617 5759 2932 5813 inseruerit.
