4134 6388
554 352 652 408 551

1932 349 1990 405 S.
2033 349 2378 406 EPIPHANII

3741 356 3841 410 552

555 483 783 540 peccare
829 466 932 523 sibi
965 471 1198 536 propter
1241 464 1367 519 vita:
1404 464 1799 534 perfectionem
1844 465 2011 520 lict-re
2051 466 2139 520 di-

2259 469 2306 520 τὸ
2333 465 2668 538 ἁμαρτάνειν
2692 465 2782 518 διὰ
2810 464 2907 533 τὴν
2942 463 3272 533 τελειότητα,
3353 464 3568 517 πάντων
3600 481 3668 530 γε
3689 467 3704 494 ¹
3741 484 3842 518 σω-

555 569 744 616 cerent
777 577 879 616 :ex
910 576 1017 630 qua
1054 559 1130 623 fit,
1166 568 1246 622 ut,
1278 560 1632 629 quantumvis
1681 560 1845 612 modo
1893 559 2143 628 delique-

556 653 689 714 rint,
715 660 897 706 tamen
929 650 1076 720 quod
1111 651 1430 704 naturaliter
1459 650 1524 702 ad
1560 649 2005 718 consequendam
2042 664 2144 703 sa-

558 744 726 796 lutem
779 741 975 797 delecti
1029 741 1177 803 sint,
1226 740 1391 794 insita
1431 739 1666 809 quadam
1709 740 1861 808 ipsos
1889 747 2146 809 oporteat

558 835 894 889 necessitate
945 833 1176 888 servari.
1212 831 1399 901 Neque
1443 847 1574 884 vero
1621 831 1782 899 primi
1824 832 2143 900 dogmatum

558 925 844 980 architecti
895 925 1211 979 eorumdem
1258 925 1751 994 perpetrandorum
1798 923 1933 994 ipsis
1988 932 2144 994 pote-

557 1025 752 1073 statem
779 1015 1002 1068 faciunt.

632 1105 738 1160 Sed
770 1114 829 1159 ut
859 1105 924 1158 ad
950 1105 1075 1158 illos
1102 1112 1366 1170 revertar,
1390 1105 1517 1159 dum
1553 1120 1612 1160 se
1639 1106 1705 1160 ad
1730 1105 1784 1160 id
1803 1105 1950 1176 quod
1974 1104 2148 1160 subli-

562 1200 704 1253 mius
731 1207 894 1268 atque
925 1197 981 1251 in
1019 1197 1347 1266 Cognitione
1379 1198 1470 1251 illa
1503 1213 1601 1252 sua
1649 1199 2004 1268 praestantius
2041 1207 2145 1264 est,

560 1295 747 1348 acrius
777 1291 1212 1355 contenderunt,
1268 1289 1500 1358 primam
1547 1289 1804 1344 videlicet
1830 1288 2144 1354 Tetradem,

561 1386 636 1439 ita
689 1385 970 1453 disputant
1001 1401 1014 1436 :
1050 1382 1184 1435 Ante
1212 1382 1390 1434 omnia
1421 1381 1652 1445 primum
1685 1391 1795 1445 est,
1849 1382 2146 1451 inquiunt,

563 1472 894 1541 Principium
971 1471 1273 1541 quoddam,
1346 1472 1679 1539 primumque
1739 1473 2147 1542 intelligentiam

561 1580 764 1618 omnem
797 1578 1073 1631 superans,
1105 1561 1244 1630 quod
1287 1577 1379 1614 nec
1407 1561 1665 1630 explicari
1697 1562 1885 1626 verbis,
1922 1579 2014 1616 nec
2053 1577 2149 1631 ap-

562 1655 847 1723 pellatione
878 1654 1145 1708 declarari
1179 1662 1370 1721 potest,
1409 1669 1571 1724 quam
1615 1669 1708 1723 ego
1749 1653 2008 1707 unitatem
2049 1669 2149 1707 nu-

562 1760 724 1798 mero.
779 1743 910 1798 Cum
963 1743 1056 1796 hac
1099 1741 1280 1796 Virtus
1334 1742 1576 1812 qua‘dam
1611 1744 1852 1811 exstitit,
1896 1760 2057 1814 quam
2097 1751 2148 1796 et

2254 559 2569 629 θησομένων
2612 558 2857 628 φυσικῶν
2880 559 2922 618 ³,
2949 555 3050 609 κᾶν
3093 571 3153 607 τε
3183 555 3278 608 νῦν
3309 556 3598 626 ἁμάρτωσι
3631 555 3723 609 διὰ
3747 557 3842 628 τὴν

2252 653 2495 723 ἔμφυτον
2536 651 2788 720 ἐκλογήν.
2815 648 2969 702 Ἐπεὶ
3003 648 3136 719 μηδὲ
3169 646 3237 700 τὰ
3264 647 3404 700 αὐτὰ
3441 648 3626 712 αὐτοῖς
3674 649 3844 718 πράτ-

2252 759 2365 794 τειν
2406 740 2779 812 συγχωροῦσιν
2803 741 2851 793 οἱ
2879 738 3226 810 προπάτορες
3260 738 3369 792 τῶν
3395 739 3691 810 δογμάτων
3725 738 3840 791 τού-

2251 850 2361 887 των
2369 873 2383 886 .

2325 1101 2463 1154 Φασὶ
2493 1100 2552 1154 δὲ
2584 1100 2678 1154 καὶ
2703 1091 2849 1154 οὗτοι
2881 1099 3014 1171 (90),
3043 1099 3120 1164 ὡς
3147 1099 3241 1153 ἐπὶ
3279 1100 3341 1154 τὸ
3382 1100 3722 1172 ὑψηλότερον
3754 1104 3842 1156 καὶ

2254 1194 2701 1266 γνωστικώτερον
2726 1194 3166 1266 ὲπεκτεινόμενοι
3186 1193 3284 1265 τὴν
3315 1194 3539 1266 πρώτην
3570 1197 3840 1266 Τετρὰδα,

2253 1289 2454 1352 οὕτως’
2491 1289 2658 1342 Ἐστι
2701 1304 2789 1352 τις
2815 1287 2926 1356 πρὸ
2953 1286 3195 1340 πάντων
3227 1286 3525 1356 προαρχὴ,
3546 1301 3840 1356 προανεγ-

2254 1381 2491 1448 νόητος,
2540 1377 2800 1446 ἄρρητός
2848 1395 2913 1431 τε
2962 1377 3062 1430 καὶ
3105 1377 3544 1447 ἀνωνόμαστος,
3604 1377 3691 1445 ἣν
3734 1380 3841 1448 ἐγὼ

2250 1471 2555 1540 μονότητα
2585 1467 2829 1537 ἀριθμῶ.
2867 1470 3056 1537 Talin?
3091 1468 3168 1537 τῇ
3203 1471 3488 1538 μονότητι
3526 1469 3841 1538 συνυπάρ-

2256 1577 2346 1629 χει
2379 1559 2655 1629 δύναμις,
2689 1557 2770 1626 ἢν
2797 1559 2894 1613 καὶ
2924 1559 3119 1627 αὐτὴν
3148 1560 3410 1628 ὀνομάζω
3435 1561 3718 1629 ἑνότητα.
3742 1563 3842 1615 Aﬁ-

2254 1670 2326 1721 τη
2360 1654 2398 1722 ἡ
2426 1653 2660 1720 ἑνότης,
2698 1652 2736 1720 ἢ
2771 1669 2837 1706 τε
2859 1652 3125 1722 μονότης
3147 1651 3212 1705 τὸ
3239 1651 3309 1706 ἐν
3332 1647 3517 1708 οὖσαι
3539 1653 3842 1722 προήκαν-

2256 1761 2344 1809 το,
2395 1744 2480 1813 μὴ
2531 1743 2851 1813 προέμεναι
2894 1743 3095 1814 ἀρχὴν
3157 1744 3256 1798 ἐπὶ
3325 1744 3573 1799 πάντων
3622 1746 3842 1812 rami,»-

562 1836 993 1908 singularitatem
1035 1837 1197 1906 213
1215 1853 1360 1890 voco.
1393 1836 1578 1891 Amst
1626 1853 1786 1905 porro
1829 1853 1950 1890 eum
1981 1852 2150 1890 unum

2259 1834 2590 1905 ἁγέννητόν
2637 1851 2702 1888 τε
2748 1835 2846 1888 καὶ
2881 1835 3159 1903 ἀόρατον,
3194 1833 3274 1901 ’ἢν
3313 1835 3530 1904 Ἀρχὴν
3571 1839 3607 1890 ό
3668 1837 3845 1904 ,λόγος

563 1941 720 2000 atque
740 1931 879 1983 idem
898 1932 1024 1994 sint,
1051 1927 1381 1996 Principium
1405 1927 1672 1997 quoddam
1691 1927 1927 1980 omnium
1945 1943 2146 1991 rerum,

562 2024 700 2092 quod
730 2022 1077 2091 intelligentia
1105 2021 1223 2074 sola
1248 2021 1551 2089 percipitur,
1593 2037 1756 2091 neque
1784 2021 2014 2090 genitum
2047 2029 2148 2084 est,

563 2124 654 2168 aut
678 2113 1017 2183 aspectabile,
1042 2112 1178 2164 citra
1202 2109 1603 2180 productionem
1635 2109 1804 2163 ullam
1834 2108 2111 2163 ediderunt
2132 2125 2151 2163 :

563 2202 703 2274 quod
753 2202 1085 2268 Principium
1131 2200 1186 2252 in
1235 2201 1406 2252 sacris
1447 2197 1665 2252 Litteris
1701 2196 1890 2252 Unitas
1933 2200 2150 2252 dicitur.

563 2294 697 2349 Cum
725 2293 823 2346 hac
862 2293 1066 2345 unitate
1095 2291 1332 2360 ejusdem
1376 2291 1695 2344 substantia:
1725 2289 1837 2342 alia
1864 2291 2030 2343 virtus
2056 2305 2153 2342 ea:-

2255 1925 2502 1982 Μονὰδα
2531 1925 2721 1980 καλεῖ.
2753 1926 2944 1992 Ταύτῃ
2961 1924 3038 1992 τῇ
3060 1925 3280 1995 μονάδι
3313 1925 3702 1995 συνυπάρχει
3751 1926 3840 1978 δύ-

2256 2036 2436 2090 ναμις
2467 2021 2789 2088 ὀμοούσιος
2816 2019 2994 2086 αὐτῇ,
3023 2017 3105 2087 ἢν
3125 2019 3226 2073 καὶ
3259 2019 3455 2088 αὐτὴν
3485 2019 3756 2090 ὀνομάζω
3784 2021 3843 2072 τὸ

2257 2112 2347 2166 ἐν.
2375 2107 2562 2167 Αὗται
2585 2115 2643 2165 αἱ
2665 2111 2971 2180 δυνάμεις,
2997 2110 3036 2178 ἦ
3074 2127 3141 2164 τε
3173 2112 3439 2181 μονότης
3473 2112 3578 2166 καὶ
3612 2113 3842 2178 ἑνότης.

2255 2201 2450 2273 μονάς
2480 2218 2543 2254 τε
2569 2201 2666 2254 καὶ
2703 2201 2769 2254 τὸ
2792 2199 2862 2254 ἐν
2885 2199 3230 2270 προήκαντο
3270 2200 3376 2266 τὰς
3397 2201 3622 2268 λοιπὰς
3649 2203 3848 2270 apoco-

2257 2293 2374 2359 λὰς
2412 2291 2530 2345 τῶν
2561 2290 2822 2346 Αῑώνων.

563 2386 737 2449 stitit,
781 2401 939 2455 quam
972 2394 1020 2437 et
1057 2385 1230 2452 ipsam
1277 2399 1441 2436 unum
1489 2383 1718 2452 appello.
1758 2384 1891 2448 Quae
1937 2383 2147 2452 quidem
2187 2385 2427 2451 virtutes,
2483 2387 2684 2450 unitas,
2715 2385 2966 2455 inquam,
3009 2395 3061 2440 et
3115 2384 3502 2455 singularitas,
3537 2400 3750 2448 monas,
3801 2381 3845 2434 ei

563 2492 728 2530 unum
769 2490 786 2526 :
812 2475 1044 2543 reliquas
1076 2469 1315 2525 AEonum
1345 2473 1572 2541 origines
1599 2481 1983 2541 propagarunt.

637 2570 722 2626 Vl.
745 2571 940 2624 Verum
967 2583 1131 2639 quam
1161 2568 1274 2620 haec
1297 2568 1569 2622 averitate
1585 2569 1920 2624 abhorreant
1944 2569 2151 2638 omnia,

565 2664 765 2734 egregii
793 2662 1011 2732 quidam
1046 2662 1344 2730 scriptores
1368 2659 1532 2716 editis
1584 2662 1851 2718 adversus
1887 2677 1983 2718 eos
2003 2679 2155 2717 com-

565 2749 850 2806 mentariis
903 2751 1375 2810 demonstrarunt.
1411 2751 1686 2822 prmeipue
1732 2767 1864 2806 vero
1901 2753 2156 2808 Clemens

566 2839 987 2903 Alexandrinus,
1021 2854 1184 2908 quem
1235 2838 1626 2896 Atheniensem
1678 2842 1771 2896 alii
1825 2842 2058 2908 faciunt,
2091 2857 2157 2898 ac

566 2941 796 2987 sanctus
855 2933 1123 2986 lrenaeus:
1155 2932 1247 3001 qui
1296 2939 1585 3001 postquam
1628 2933 1752 2992 illos
1787 2934 1998 3000 derisit,
2049 2943 2160 2990 tra-

566 3024 740 3094 gicam
783 3023 928 3076 illam
964 3024 1419 3078 exclamationem
1449 3023 1674 3091 subiicit
1707 3043 1721 3080 :

637 3115 786 3172 lieul
823 3117 958 3171 heu!
997 3115 1174 3172 Proh!
1211 3118 1372 3188 proh!
1404 3119 1600 3174 merito
1632 3119 1903 3190 siquidem
1928 3119 2061 3175 illud
2089 3120 2159 3176 de

2334 2568 2425 2634 ς’.
2458 2562 2592 2620 Εἶτα
2635 2567 2685 2619 οἱ
2717 2565 2899 2630 καλῶς
2938 2566 3408 2639 συγγραψάμενοι,
3453 2569 3551 2622 καὶ
3596 2568 3845 2640 ἀλήθειαν

2260 2657 2463 2712 τούτων
2492 2659 2548 2711 ὲν
2576 2661 2689 2721 τοῖς
2720 2646 2869 2727 σφῶν
2913 2659 3094 2712 αὐτῶν
3131 2660 3562 2730 συγγράμμασιν
3597 2658 3841 2731 ἡλεγξαν,

2259 2750 2495 2821 Κλήμης
2522 2767 2603 2813 τε,
2643 2751 2702 2803 ὃν
2751 2749 2884 2818 φασι
2928 2768 3074 2814 τινες
3114 2751 3471 2823 Ἀλεξανδρέα
3497 2752 3638 2822 (91),
3680 2754 3844 2824 ἕτεροι

2255 2841 2311 2895 δὲ
2358 2841 2633 2912 Ἀθηναῖον
2655 2858 2669 2870 ·
2693 2841 2830 2896 ἀλλὰ
2865 2843 2957 2895 καὶ
2984 2845 3012 2896 ὁ
3043 2843 3187 2914 ἱερὸς
3215 2844 3502 2914 Εἰρηναῖος
3531 2845 3846 2914 καταγελῶν

2257 2933 2440 2989 αὐτῶν
2471 2933 2533 2986 τὺ
2568 2935 2833 3004 τραγικὸν
2869 2936 3066 3000 ἐκεῖνο,
3099 2934 3128 2988 ὃ
3158 2935 3252 2988 ἐπὶ
3286 2937 3399 3000 τοῖς
3430 2938 3842 3009 προειρημένοις

2258 3027 2339 3090 εἰς
2373 3025 2538 3096 μέσον
2573 3025 2753 3096 φέρων
2785 3021 2920 3098 ἧκεν
2944 3042 2958 3057 ο

2345 3120 2468 3182 Ἴου,
2505 3118 2586 3170 ἰού
2607 3136 2619 3148 ·
2653 3119 2748 3172 καὶ
2773 3119 2895 3188 φεῦ,
2942 3118 3043 3189 φεῦ
3069 3118 3182 3190 (92)
3203 3136 3217 3149 ο
3249 3120 3310 3174 τὸ
3340 3119 3605 3193 τραγικὸν
3626 3121 3755 3192 γὰρ,
3776 3119 3840 3180 ὡς

567 3226 729 3266 scena
769 3211 1152 3279 depromptum
1205 3211 1271 3264 ad
1302 3227 1422 3267 eam
1459 3213 1747 3268 transferri
1781 3213 2151 3268 calamitatem

2259 3212 2470 3284 ἀληθῶς
2501 3213 2748 3266 ἐπειπεῖν
2777 3211 2944 3276 ἔστιν,
2990 3213 3084 3264 ἐπὶ
3110 3215 3175 3284 τῇ
3205 3211 3428 3286 τοιαύτῃ
3464 3215 3724 3284 συμφορᾷ
3745 3211 3840 3264 τῶν

567 3309 766 3371 potest,
796 3317 957 3372 quam
995 3305 1328 3370 portentosis
1371 3303 1622 3366 vocibus,
1659 3317 1726 3358 ac
1758 3313 1868 3358 tam
1892 3304 2158 3359 effrenata

568 3395 795 3449 audaria
821 3409 1090 3464 nugarum
1112 3395 1186 3448 illi
1216 3396 1516 3465 scriptores
1551 3397 1846 3462 invehunt;
1879 3398 1972 3468 qui
2007 3412 2160 3452 men—

569 3487 741 3538 dat'll‘S
781 3490 894 3540 suis
927 3488 1050 3539 licta
1078 3489 1324 3556 quaedam
1370 3488 1590 3541 nomina
1619 3487 1964 3557 impudenter
1992 3488 2160 3541 alliu—

569 3583 717 3641 gunt.
759 3573 891 3624 Nam
953 3590 1077 3627 cum
1145 3577 1218 3629 ita
1268 3578 1502 3631 scribit:
1539 3578 1674 3631 Ante
1716 3578 1897 3632 omnia
1927 3580 2159 3648 primum

570 3663 833 3732 quoddmn
862 3677 937 3717 est
973 3666 1314 3733 principium,
1349 3683 1409 3718 ac
1440 3670 1696 3734 primum,
1745 3669 2158 3738 intelligentiam

571 3772 774 3810 omnem
824 3773 1101 3825 superans,
1145 3757 1282 3828 quod
1343 3776 1436 3830 ego
1483 3760 1760 3813 monadem
1820 3762 2157 3831 appello;ac

574 3863 799 3902 rursum
838 3869 850 3904 :
889 3850 1022 3902 Cum
1070 3851 1168 3904 hac
1204 3852 1428 3906 monnde
1456 3853 1620 3906 uirtus
1645 3853 1874 3919 exsistit,
1920 3869 2078 3923 quam
2107 3864 2157 3908 et

575 3943 749 4008 ipsam
781 3943 1212 4012 singularitatem
1258 3959 1422 4007 voco;
1451 3946 1741 4000 manifeste
1783 3945 2004 4012 fatetur,
2036 3961 2160 4001 esse

573 4032 692 4088 hzec
737 4050 859 4103 qua:
897 4035 1174 4104 proposita
1225 4043 1354 4089 sunt
1397 4036 1622 4090 oumiuo
1678 4035 1947 4101 conficta,
1993 4052 2164 4106 seque

574 4125 773 4180 fabulae
808 4126 933 4180 huic
982 4125 1308 4195 imposuisse
1363 4128 1604 4192 nomina,
1646 4144 1769 4198 quae
1815 4129 1885 4183 ab
1945 4129 2164 4185 nemine

575 4217 842 4275 hactenus
901 4229 1163 4290 usurpata
1236 4221 1476 4276 fuerant.
1522 4221 1883 4292 ;Proiudeque
1958 4222 2175 4277 nemim

573 4311 799 4366 dubium
831 4323 935 4376 εει,
968 4315 1100 4382 quin
1122 4313 1234 4367 haec
1269 4315 1359 4368 ille
1376 4316 1612 4383 primum
1641 4314 1921 4376 indiderit,
1959 4329 2024 4369 ac
2054 4313 2165 4370 nisi

577 4403 698 4474 ipse
752 4404 808 4458 in
865 4405 970 4458 vita
1027 4407 1326 4462 exstitisset
1353 4406 1666 4475 aliquando,
1711 4408 1918 4462 veritas
1976 4408 2164 4478 utique

646 4556 664 4586 ⁸
699 4554 871 4612 Clem.
908 4554 1208 4624 ἢπάντως.
1281 4555 1491 4616 ’Clcm.
1528 4559 1712 4626 φύσει.

2259 3305 2328 3358 τὰ
2344 3302 2605 3374 γελοιώδη
2620 3302 2794 3355 ταῦτα
2815 3304 3171 3374 γεγραφότων
3194 3304 3297 3373 τῆς
3319 3304 3581 3375 τοιαύτης
3601 3305 3840 3374 ὀνοματο-

2260 3395 2442 3458 ποιίας
2469 3394 2565 3446 καὶ
2602 3395 2672 3463 τῇ
2701 3392 2942 3464 τοσαύτῃ
2989 3393 3186 3466 τόλμῃ,
3215 3394 3290 3459 ὡς
3335 3395 3749 3466 ἀπερυθριάσας
3774 3394 3841 3464 τῷ

2258 3489 2535 3561 ψεύσματι
2569 3488 2756 3554 αὑτοῦ,
2785 3487 2958 3560 ὄνομα
2987 3489 3254 3543 τέθεικεν.
3297 3490 3384 3543 Ἑν
3415 3490 3524 3561 γὰρ
3546 3489 3628 3560 τῷ
3653 3490 3837 3558 λέγειν,

2265 3581 2440 3634 Ἔστι
2468 3599 2559 3648 τις
2593 3580 2865 3650 προαρχὴ
2900 3579 3015 3648 πρὸ
3057 3580 3301 3634 πάντων
3342 3583 3838 3649 προανεννὸητος,

2260 3669 2342 3740 ’ἢν
2375 3671 2492 3741 ἐγὼ
2524 3670 2759 3740 μονάδα
2805 3671 2992 3735 καλῶ,
3024 3673 3120 3725 καὶ
3167 3672 3358 3726 πάλιν·
3405 3675 3596 3742 Ταύτῃ
3629 3673 3703 3741 τῇ
3742 3689 3838 3742 μο-

2259 3764 2398 3819 νάδι
2428 3763 2810 3832 συνυπάρχει
2839 3765 3114 3834 δύναμις,
3145 3764 3224 3832 ἢν
3253 3764 3350 3819 καὶ
3376 3766 3572 3834 αὐτὴν
3601 3767 3839 3831 ἑνότητα

2263 3856 2555 3926 ὀνομάζω·
2590 3857 2924 3925 σαφέστατα,
2950 3857 3032 3910 ὅτι
3073 3873 3134 3908 τε
3177 3855 3403 3924 πλάσμα
3432 3855 3598 3910 αὐτοῦ
3634 3859 3746 3908 ἐστι
3781 3853 3837 3904 τὰ

2265 3948 2551 4018 εἰρημένα,
2577 3947 2922 4019 ὡμολόγηκε,
2951 3949 3046 4000 καὶ
3074 3947 3156 3999 ὅτι
3187 3947 3347 4010 αὐτὸς
3375 3947 3618 4016 ὀνόματα
3644 3947 3836 4000 τέθεικε

2262 4040 2341 4110 τῷ
2364 4040 2643 4108 πλάσματι
2666 4037 2778 4093 ὑπὸ
2798 4040 3024 4111 μηδενὸς
3059 4040 3326 4110 πρότερον
3350 4039 3511 4093 ἄλλου
3539 4039 3834 4110 τεθειμέισα.

2264 4133 2374 4185 Καὶ⁸
2410 4132 2580 4199 σαφές
2605 4132 2774 4195 ἐστιν,
2807 4133 2888 4184 ὅτι
2911 4131 3072 4194 αὐτὸς
3091 4129 3266 4184 ταῦτα
3293 4131 3626 4201 τετόλμηκεν
3657 4133 3831 4202 ὀνομα-

2263 4223 2550 4294 τοποιῆσαι
2570 4241 2582 4253 ·
2614 4223 2709 4276 καὶ
2738 4225 2786 4276 εἰ
2813 4222 2888 4294 μὴ
2927 4221 3111 4293 παρῆν
3135 4222 3215 4293 τῷ
3257 4222 3355 4294 βίῳ
3383 4223 3562 4287 αὐτὸς,
3605 4225 3706 4276 οὐκ
3728 4223 3836 4288 ἃνὴ

2263 4315 2492 4386 ἀλήθεια
2537 4308 2684 4384 εῖχεν
2731 4313 2922 4384 ὅνομα.
2974 4313 3141 4366 Οὐδὲν
3177 4309 3273 4366 οὖν
3321 4313 3517 4367 κωλύει
3561 4314 3656 4366 καὶ
3694 4311 3837 4368 ἄλλον

2265 4407 2388 4462 τινὰ
2421 4409 2514 4461 ἐπὶ
2540 4407 2638 4477 τῆς
2674 4405 2845 4476 αὐτῆς
2888 4403 3198 4468 ὑποθέσεως
3223 4403 3396 4467 οὕτως
3426 4403 3712 4476 ὁρίσασθαι
3737 4402 3837 4456 ὀνό-

649 4710 761 4782 (90)
801 4712 954 4784 Φασὶ
991 4712 1060 4764 δὲ
1092 4731 1189 4766 και
1216 4709 1403 4768 οὗτοι.
1441 4712 1672 4767 Tertull.
1706 4713 1800 4767 lib.
1833 4723 2018 4784 contra
2058 4713 2155 4768 Va-

2269 4722 2385 4769 tum
2433 4713 2598 4768 etiam
2638 4712 3027 4771 Atheniensem
3074 4729 3105 4769 a
3155 4713 3456 4784 majoribus
3505 4717 3831 4769 nominatum

578 4784 705 4838 ient.
739 4798 788 4836 c.
831 4783 1154 4850 57zAccipe
1214 4784 1324 4836 alia
1376 4786 1584 4851 ingenia
1631 4785 1834 4837 cicuria
1887 4783 2159 4848 Enniana,

577 4853 888 4922 insignioris
922 4856 1059 4920 apud
1091 4870 1176 4906 eos
1203 4855 1482 4923 magistri;
1513 4855 1600 4923 qui
1631 4870 1696 4907 ea:
1736 4855 2030 4924 pontificali
2065 4871 2166 4909 sua

579 4924 896 4978 auctoritate
922 4925 976 4976 in
1003 4925 1139 4976 hunc
1174 4925 1385 4976 modum
1415 4927 1637 4987 censuit,
1664 4932 1771 4978 etc.

650 4993 766 5064 (9i)
807 4993 1055 5063 Κλήμης
1089 5011 1182 5057 τε,
1231 4994 1304 5047 ὅν
1354 4995 1505 5064 φασί
1545 5011 1699 5060 τινες
1754 4992 2142 5061 Ἀλεξανδρέα

581 5063 684 5130 Qui
738 5064 1070 5118 Clementem
1124 5066 1298 5133 patria
1341 5063 1731 5118 Atheniensem
1777 5080 1900 5118 esse
1956 5064 2165 5118 diceret

582 5142 780 5207 praeter
847 5135 1230 5207 Epiphanium
1259 5150 1329 5207 ex
1377 5136 1653 5207 veteribus
1702 5135 1810 5207 vidi
1861 5134 2160 5188 neminem.

583 5204 906 5273 Quanquam
949 5221 1017 5259 ne
1057 5205 1103 5258 is
1143 5204 1362 5274 quidem
1412 5205 1674 5269 allii-mat;
1717 5204 1814 5260 sed
1855 5209 2164 5259 contrarias

584 5279 849 5330 duntaxat
893 5277 1181 5344 Opinioues
1230 5277 1406 5330 all'ert.
1453 5275 1650 5345 Mirum
1706 5276 1870 5345 igitur
1899 5282 2010 5337 est,
2053 5291 2162 5343 quo

585 5348 757 5400 fretus
809 5355 1033 5400 auctore
1091 5348 1174 5399 vir
1224 5347 1474 5400 eruditus
1541 5344 1872 5400 Clementem
1931 5345 2162 5400 Athenis

585 5416 878 5469 oriundum
908 5458 921 5480 ,
955 5416 1046 5470 sed
1100 5417 1244 5485 quod
1279 5416 1621 5471 Alexandria:
1657 5416 1846 5485 perdiu
1891 5415 2161 5478 docuerit,

585 5488 1010 5539 Alexandrinum
1060 5485 1228 5541 fuisse
1287 5496 1397 5539 tam
1444 5495 1825 5540 asscverauter
1858 5485 2160 5554 scripserit.

586 5557 687 5619 Qui
727 5558 795 5609 ob
830 5572 946 5608 eam
983 5571 1204 5610 causam
1254 5557 1403 5610 addit
1454 5572 1482 5608 a
1526 5557 1826 5624 majoribus
1860 5561 1941 5623 (ut
1970 5564 2163 5608 auctor

585 5635 669 5679 est
719 5625 1090 5696 Epiphanius)
1137 5637 1252 5679 tum
1305 5627 1767 5689 Alexandrinum,
1825 5637 1938 5679 tum
1995 5627 2160 5680 etiam

586 5696 970 5766 Atheniensem
1003 5711 1124 5750 esse
1168 5697 1530 5750 nominatum.
1582 5697 1744 5766 Atqui
1782 5711 2051 5764 nusquam
2084 5697 2158 5758 id,

589 5765 730 5826 quod
786 5767 874 5818 ille
919 5775 1102 5832 putat,
1157 5767 1490 5833 Epiphanius
1543 5765 2158 5830 tum’Alcxandrinum,

2267 4800 2391 4840 esse
2454 4785 2792 4840 Clementem
2870 4787 3098 4850 asserit,
3159 4786 3305 4854 quod
3367 4786 3592 4840 Athenis
3660 4795 3832 4845 ortus,

2264 4855 2610 4908 Alexandriae
2642 4855 2943 4909 docuisset.
2981 4855 3086 4909 Sed
3120 4856 3188 4910 de
3218 4857 3391 4926 patria
3413 4857 3680 4910 duntaxat
3701 4860 3834 4909 varie

2227 4979 2230 4982 .
2263 4927 2532 4980 ouosdam
2565 4926 2806 4978 sensisse
2843 4932 3049 4978 narrat.

2338 4995 2447 5066 (99.)
2497 4994 2806 5066 'Icigioﬂ,
2843 4995 2941 5048 καὶ
2974 4994 3122 5066 φεῦ,
3169 4994 3312 5066 φεῦ,
3362 4994 3442 5066 Ad
3489 4994 3608 5066 hanc
3661 4993 3830 5066 Irenafi

2261 5063 2437 5136 verba
2458 5065 2696 5136 respexit
2733 5063 3009 5136 Tertulla:
3056 5064 3121 5118 In
3152 5063 3342 5118 scholis
3381 5063 3829 5136 Carthaginiensi-

2265 5136 2359 5189 bus
2404 5135 2504 5203 fuit
2543 5134 3157 5205 quidam_rigidissimus
3188 5136 3363 5188 rhetor
3404 5133 3832 5205 Latinus-,leso

2261 5211 2456 5276 phorus
2494 5203 2724 5259 nomine.
2749 5203 2882 5258 Cum
2917 5207 3086 5258 virum
3113 5206 3300 5276 fortem
3324 5215 3595 5276 peroraret
3615 5223 3634 5260 :
3663 5204 3826 5276 Venia,

2265 5274 2455 5347 inquit,
2493 5276 2562 5328 ad
2592 5293 2705 5347 vos,
2745 5276 2930 5342 optimi
2962 5277 3116 5338 cives,
3151 5275 3214 5328 de
3254 5275 3440 5347 prn'lio
3481 5274 3829 5347 cunicictoria

2265 5344 2379 5419 mea
2403 5385 2418 5409 ,
2470 5363 2589 5399 cum
2635 5346 2889 5419 felicitate
2937 5354 3106 5419 vestra
3131 5385 3145 5408 ,
3189 5344 3477 5419 ampliatus
3499 5387 3512 5409 ,
3543 5345 3829 5419 gloriosus,

2264 5412 2960 5486 fortunatus,nnaa’inius,
3014 5412 3375 5486 triumphalis,
3420 5413 3488 5467 Et
3533 5412 3828 5486 Scholastiri

2264 5481 2447 5540 statim
2497 5488 2721 5555 familia:
2771 5484 3066 5553 Phospho‘ri
3115 5481 3216 5554 φεῦ
3263 5484 3608 5555 acclamant;
3631 5481 3827 5536 Audisti

2269 5554 2651 5623 Fortunatam,
2673 5567 2721 5610 et
2751 5555 3042 5619 Hedonem,
3063 5564 3111 5609 et
3142 5555 3442 5615 Acinetum,
3474 5567 3522 5608 et
3557 5554 3781 5608 Teletum
3810 5564 3826 5623 ς

2269 5631 2507 5680 acclama
2529 5619 2752 5697 familiae
2777 5626 3054 5680 Ptolemtei
3075 5626 3198 5697 φεῦ.
3221 5624 3547 5697 Quanquam
3580 5623 3678 5697 φεύ
3700 5619 3824 5691 apud

2270 5699 2408 5753 lrcu.
2449 5694 2872 5768 σχετλιαστικόν,
2901 5697 3045 5769 apud
3075 5695 3306 5753 Tertull.
3336 5694 3705 5767 οαυμαστικὸν
3733 5705 3822 5747 εει.
