4134 6388
288 398 395 456 ἔρδ’]

1004 394 1377 454 ADVERSUS
1416 392 1768 453 HERESES
1806 392 1937 449 LIB.
1978 391 2021 447 i.
2064 393 2231 449 ΤΟΜ.
2276 395 2342 451 ll.
2385 395 2752 454 —|I.1ERES.
2784 396 3020 453 XXXIII.

3474 396 3579 455 558

288 517 437 571 τοῦθ’
469 517 607 587 ὅπερ
634 515 728 569 καὶ
762 514 1018 587 ἠθέλησε,
1049 517 1210 570 τοῦτο
1237 515 1586 587 ἐννοούμενος
1615 514 1646 567 ὃ
1673 514 1768 567 καὶ
1800 512 1890 565 θέ-

1993 526 2055 564 ac
2086 520 2201 566 tum
2228 515 2477 585 cogitans
2506 530 2628 569 cum
2682 517 2801 569 vult
2842 516 3142 586 volensque
3182 528 3308 569 cum
3351 516 3579 583 cogitat.

297 611 377 660 λει
406 610 447 671 ⁸,
475 607 570 659 καὶ
596 607 717 665 τότε
765 606 935 660 θέλων
959 609 1049 660 ὅτε
1099 609 1384 670 ἐννοεῖται,
1411 607 1532 670 ὅλος
1566 606 1746 660 ἔννοια
1791 603 1889 668 ὣν,

295 698 415 763 ὅλος
450 697 833 769 θέλημα,οὸλος
867 699 1014 762 νοῦς,
1061 686 1184 762 ὅλος
1216 698 1518 768 ὀφθαλμὸς,
1553 697 1675 761 ὅλος
1728 695 1889 767 ἀκοὴ,

293 793 414 856 ὅλος
438 792 590 863 πηγὴ
634 791 855 845 πάντων
886 793 995 844 τῶν
1037 792 1279 860 ἀγαθῶν,
1317 792 1413 843 καὶ
1444 790 1659 853 οὐδενὸς
1703 791 1894 842 ἰσοπα-

295 884 423 947 θοῦς
452 888 472 917 ⁸
502 884 838 956 περιέχεται.
882 884 1016 948 Θεὸς
1051 885 1183 955 γὰρ,
1223 885 1319 936 καὶ
1348 885 1410 936 οὐ
1440 882 1761 955 φροντίζων,
1798 882 1893 935 καὶ

294 976 516 1049 ἀπορῶν
542 978 617 1040 ὡς
636 977 827 1041 Βυθὺς,
856 978 976 1048 ἦτοι
996 980 1022 1030 ό
1045 978 1200 1040 Ζεὺς,
1226 979 1355 1047 περὶ
1374 972 1435 1031 οὗ
1454 976 1683 1043 λέγοντα
1712 972 1894 1044 ’Όμη-

297 1086 391 1139 ρον
422 1070 756 1141 Πτολεμαῖος
781 1071 912 1140 περί⁵
940 1070 1113 1123 Βυθοῦ
1149 1069 1325 1137 λέγων
1351 1069 1679 1139 ἐμιμήσατο.
1719 1066 1812 1129 Εἰς
1835 1065 1891 1119 δὲ

298 1163 686 1234 περισσότερον
716 1162 938 1233 ἔλεγχον
962 1162 1057 1216 τοῦ
1085 1161 1399 1225 ἀπατεῶνος
1437 1160 1560 1214 καθ’
1596 1160 1721 1229 ἑξῆς
1754 1160 1890 1212 ὕπο-

295 1255 486 1319 τάξας,
520 1256 910 1326 παραθήσομαι
942 1254 1013 1307 τὰ
1041 1255 1133 1307 ὑπ’
1162 1252 1328 1307 αὑτοῦ
1369 1251 1528 1321 φύσει
1555 1252 1891 1322 Πτολεμαίου

296 1348 490 1419 Φλὼρᾳ
512 1350 619 1401 τινὶ
646 1349 867 1417 γυναικὶ
895 1348 1199 1419 γραφέντα,
1231 1345 1499 1416 ἐπαγωγά
1517 1363 1576 1398 τε
1610 1346 1705 1398 καὶ
1729 1344 1885 1416 δηλη-

296 1442 460 1514 τήρια
498 1442 739 1512 ῥήματα,
783 1440 871 1493 ἵνα
907 1442 980 1511 μή
1009 1457 1095 1503 τις
1128 1439 1400 1510 νομίσειεν
1446 1439 1594 1509 ἡμᾶς
1623 1436 1681 1503 ἐξ
1720 1436 1889 1506 ἀκοῆς

301 1536 458 1604 μόνον
485 1536 576 1588 τὸν
600 1534 898 1589 ἀπατεῶνα
933 1534 1201 1604 ἐλέγχειν,
1236 1534 1311 1603 μὴ
1348 1533 1613 1604 πρότερον
1639 1530 1890 1599 ἐντυχόν-

297 1646 394 1691 τας
419 1632 484 1700 τῇ
509 1628 639 1700 παρ’
663 1627 828 1681 αὐτοῦ
854 1625 1355 1698 παραπεποιημένῃ
1382 1623 1719 1694 διδασκαλίᾳ.
1744 1622 1889 1693 Πρὸς

296 1723 407 1792 γὰρ
438 1723 549 1783 τοῖς
576 1721 893 1793 εἰρημένοις
929 1720 1022 1773 καὶ
1060 1718 1153 1772 τὸν
1197 1718 1361 1789 νόμον
1386 1716 1480 1770 τοῦ
1514 1716 1650 1769 Θεοῦ
1677 1715 1768 1768 τὸν
1804 1715 1891 1769 διὰ

1991 603 2262 660 Nimirum
2303 616 2453 662 totus
2495 609 2612 679 ipse
2649 610 2910 679 cogitatio
2947 619 3054 675 est,
3110 617 3260 664 totus
3298 608 3576 670 voluntas,

1992 704 2143 752 tutus
2175 712 2354 761 mens.
2388 707 2537 754 totus
2566 700 2771 763 lumen,
2806 708 2955 755 totus
2993 701 3207 764 oculus,
3234 707 3383 755 totus
3420 698 3580 753 audi-

1992 798 2100 851 tus,
2131 798 2279 846 totus
2316 792 2583 845 bonorum
2631 794 2877 846 omnium
2925 793 3069 855 fons,
3122 806 3460 862 prorsusque
3509 790 3578 845 ab

1992 883 2143 937 omni
2187 884 2600 953 perturbatione
2640 894 2919 951 remotus;
2967 900 3075 939 non
3130 885 3426 949 sollicitus,
3463 898 3578 939 non

1994 975 2214 1038 anxius,
2260 976 2404 1030 velut
2434 975 2642 1046 Bylbus
2683 978 2794 1043 ille,
2835 977 2920 1031 vel
2963 975 3198 1047 Jupiter,
3218 976 3287 1031 de
3310 990 3421 1046 quo
3453 990 3577 1045 qua:

1993 1067 2063 1121 ab
2094 1065 2329 1121 Homero
2377 1069 2582 1139 scripta
2630 1079 2780 1133 sunt,
2830 1067 3155 1123 Ptolemaeus
3220 1067 3288 1122 ad
3342 1067 3574 1139 Bythum

1992 1159 2295 1213 transtulit.
2316 1160 2493 1229 Atque
2512 1169 2569 1213 ut
2600 1159 3041 1229 improbissimus
3071 1160 3159 1215 hic
3172 1160 3388 1231 planius
3405 1159 3581 1230 magis

1993 1251 2277 1321 magisque
2317 1252 2616 1317 refellatur,
2652 1253 2807 1323 juvat
2865 1252 2971 1307 hoc
3019 1253 3143 1307 loco
3189 1268 3253 1308 ea
3280 1252 3578 1322 subjicere,

1994 1358 2117 1413 qua:
2160 1342 2227 1398 ad
2276 1342 2491 1398 Floram
2553 1347 2841 1416 quamdam
2908 1345 3285 1401 mulierculam
3334 1343 3581 1414 scripsit,

1996 1435 2154 1504 plena
2189 1435 2280 1489 illa
2318 1436 2535 1505 quidem
2602 1438 2872 1492 illecebrae
2916 1437 2983 1491 ad
3018 1437 3479 1508 persuadendum,
3514 1449 3579 1489 ac

1997 1526 2280 1597 pestifera,
2314 1544 2383 1583 ne
2412 1530 2539 1598 quis
2562 1529 2791 1585 forsitan
2826 1539 2997 1601 putet,
3033 1546 3120 1585 me
3146 1546 3211 1585 ex
3242 1530 3428 1584 auditu
3463 1530 3583 1585 solo

1996 1628 2189 1673 contra
2228 1621 2553 1677 nebulonem
2602 1622 2748 1677 hunc
2788 1624 2987 1692 egisse,
3021 1624 3344 1692 nullumque
3383 1622 3578 1691 depra-

1994 1721 2132 1767 vatae
2160 1713 2281 1782 ejus
2312 1714 2578 1769 doctrina:
2612 1716 2902 1786 vestigium
2946 1727 3105 1771 antea
3161 1716 3485 1787 pervidisse.
3516 1712 3584 1767 Et

298 1814 578 1877 Μωῡσέως
633 1811 973 1885 βλασφημῶν
1007 1811 1110 1864 οὐκ
1151 1810 1503 1880 αἰσχύνεται·
1562 1808 1599 1861 ἀ
1628 1808 1723 1861 καὶ
1774 1807 1889 1861 ἔστι

1993 1804 2210 1874 quidem
2232 1814 2426 1876 praeter
2439 1821 2498 1861 ea
2519 1824 2639 1877 qua:
2654 1808 3213 1871 diximus,Mosaicam
3231 1808 3393 1862 etiam
3411 1808 3581 1877 legem

298 1923 495 1961 ταυτα’

663 2017 1037 2087 Πτολεμαίου
1064 2014 1215 2084 πρὸς
1242 2012 1511 2082 Φλώραν.

368 2110 443 2165 Γ’.
479 2109 584 2164 Τὸν
613 2109 702 2164 διά
734 2111 1015 2173 Μωῦσέως
1057 2108 1277 2161 τεθέντα
1316 2108 1500 2178 νόμον,
1540 2105 1742 2178 ἀδελφή
1789 2121 1891 2176 μου

301 2202 436 2276 καὶῆ
489 2202 705 2273 Φλώραν»
763 2204 847 2256 δτι
884 2202 961 2271 μὴ
986 2201 1171 2255 πολλὰ
1213 2199 1703 2273 πρθκατελάϐοντο’
1756 2201 1892 2272 μήτε

306 2294 385 2345 τὸν
425 2293 676 2364 θεμέλιον
704 2291 868 2347 αὐτὸν
907 2291 1232 2361 ἐγνωκότες,
1267 2293 1405 2363 μήτε
1434 2291 1535 2356 τὰς
1566 2291 1891 2363 προστάξεις

301 2384 497 2449 αὐτῶν,
529 2384 773 2457 ἀκριϐῶς
797 2384 1039 2456 ἡγοῦμαι
1067 2385 1161 2438 καὶ
1199 2385 1283 2437 σοὶ
1313 2383 1641 2437 εὐσύνοπτον
1670 2383 1889 2437 ἔσεσθαι

300 2480 578 2551 μαθούσης
602 2481 622 2512 ³
655 2484 756 2546 τὰς
793 2481 1172 2551 διαφωνούσας
1191 2480 1417 2553 γνώμας
1445 2484 1575 2554 περὶ
1601 2482 1789 2536 αὐτοῦ.
1827 2482 1892 2534 Ui

302 2573 399 2642 μὲν
433 2574 543 2645 γὰρ
572 2572 679 2626 ὑπὸ
725 2571 821 2626 τοῦ
865 2573 1002 2626 Θεοῦ
1038 2574 1131 2627 καὶ
1172 2574 1387 2645 Πατρὸς
1435 2572 1891 2644 νενομοθετῆσθαι

296 2664 504 2727 τούτοις
528 2664 807 2733 λέγουσιν·
840 2664 1016 2736 ἕτεροι
1049 2664 1105 2718 δὲ
1138 2664 1348 2728 τούτοις
1381 2664 1478 2736 τὴν
1505 2661 1752 2717 ἐναντίαν
1775 2661 1891 2717 ὁδὸν

296 2757 617 2828 τραπέντες,
661 2758 766 2810 ὑπὸ
795 2755 889 2809 τοῦ
928 2755 1307 2826 ἀντικειμένου
1353 2755 1674 2827 φθοροποιοῦ
1705 2755 1893 2809 διαὸόο

296 2850 387 2902 λου
420 2849 693 2903 τεθεῖσθαι
744 2848 933 2902 τοῦτον
983 2848 1368 2920 ἰσχυρίζονται,
1414 2848 1489 2912 ὡς
1520 2849 1615 2901 καὶ
1662 2847 1761 2919 τὴν
1795 2846 1891 2901 τοῦ

298 2944 505 3012 κόσμου
558 2942 967 3010 προσάπτουσιν
1019 2940 1171 3012 αὑτῷ
1217 2940 1615 3013 δημιουργίαν,
1666 2940 1891 3011 Πατέρα

297 3039 393 3089 καὶ
450 3034 689 3107 Ποιητὴν
732 3036 921 3089 τοῦτον
978 3035 1230 3103 λέγοντες
1281 3032 1438 3087 εἶναι.
1479 3034 1650 3087 Τοῦτο
1693 3034 1749 3087 δὲ
1795 3033 1890 3087 τοῦ

299 3123 501 3187 παντὸς
522 3122 840 3177 διέπταισαν
869 3115 1016 3176 οὗτοι
1045 3122 1315 3186 διαδόντες
1345 3121 1618 3194 ἀλλήλοις,
1648 3124 1741 3175 καὶ
1766 3122 1892 3176 ἑκά-

296 3232 445 3287 τεροι
491 3214 672 3268 αὐτῶν
718 3214 1111 3287 διαμαρτόντες
1150 3215 1303 3288 παρά
1346 3216 1527 3283 σφίσιν
1572 3217 1757 3281 αὐτοῖς
1791 3218 1892 3288 τῆς

299 3306 392 3360 τοῦ
428 3305 793 3377 προκειμένου
822 3305 1083 3377 ἀληθείας
1102 3319 1116 3333 ⁸
1143 3304 1267 3360 οὔτε
1298 3306 1409 3379 γάρ
1442 3308 1547 3361 ὑπὸ
1574 3308 1667 3362 τοῦ
1689 3309 1893 3362 τελείου

297 3397 436 3452 Θεοῦ
473 3399 570 3451 καὶ
599 3398 812 3469 [ἰατρὸς
846 3398 1097 3468 φαίνεται
1132 3399 1321 3452 τοῦτον
1359 3400 1665 3454 τεθεῖσθαιο
1696 3402 1896 3473 ἑπόμε-

298 3508 389 3555 νος
424 3491 446 3522 δ
471 3491 581 3563 γάρ
630 3493 809 3544 ἐστιν·
840 3490 1003 3563 ἀτελῆ
1036 3509 1096 3545 τε
1147 3491 1299 3557 ὅντα,
1342 3493 1437 3546 καὶ
1484 3492 1580 3547 τοῦ
1631 3494 1896 3566 σφετέρου

298 3585 661 3656 πληρωθῆναι
695 3584 806 3656 (96)
838 3584 1013 3655 ἐνδεῆ,
1056 3585 1248 3656 ἔχοντά
1280 3602 1343 3639 τε
1390 3587 1715 3657 προστάξεις
1748 3589 1895 3641 ἀνοι-

300 3679 455 3742 κείας
476 3681 543 3749 τῇ
573 3677 668 3730 τοῦ
694 3677 935 3731 τοιούτου
962 3678 1097 3731 Θεοῦ
1131 3678 1291 3748 φύσει
1320 3696 1380 3732 τε
1411 3680 1507 3733 καί⁵
1528 3679 1749 3752 γνώμῃ·
1783 3677 1896 3734 οὒτ’

300 3766 367 3824 αὖ
410 3771 573 3824 πάλιν
600 3772 667 3841 τῇ
716 3769 812 3823 τοῦ
863 3770 1244 3841 ἀντικειμένου
1292 3771 1479 3843 ἀδικίᾳ
1521 3772 1684 3843 νόμον
1724 3790 1896 3844 προσ-

301 3867 495 3918 ἀπτειν
528 3865 549 3895 ⁵
580 3864 785 3919 ἀδικεῖν
825 3863 1129 3936 αἱροῦντος,
1186 3865 1294 3918 τῶν
1324 3883 1382 3918 τε
1419 3866 1548 3937 ἑξῆς
1579 3867 1630 3918 τί
1664 3866 1739 3937 μὴ
1773 3882 1897 3919 συν·

301 3956 559 4028 ορώντων
591 3956 662 4009 τὰ
686 3956 792 4009 ὑπὸ
811 3956 907 4010 τοῦ
926 3958 1179 4029 Σωτῆρος
1211 3959 1497 4029 εἰρημένα.
1534 3959 1693 4012 Οἰκία
1715 3960 1823 4030 γὰρ
1860 3957 1894 4030 ἢ

302 4048 457 4110 πόλις
491 4045 815 4118 μερισθεῖσα
840 4047 923 4116 ἐφ’
952 4048 1172 4120 ἑαυτὴν,
1203 4049 1287 4101 ὅτι
1320 4050 1394 4120 μὴ
1425 4048 1649 4104 δύναται
1681 4051 1894 4123 στῆναι,

299 4142 328 4194 ὁ
359 4134 550 4211 Σωτὴρ
596 4138 759 4210 ἡμῶν
794 4140 1130 4211 ἀπεφήνατο.
1162 4140 1282 4193 Ἔτι
1317 4158 1381 4209 γε
1422 4140 1519 4212 τὴν
1553 4141 1647 4195 τοῦ
1687 4144 1895 4214 κόσμου

300 4229 661 4302 δημιουργίαν
685 4228 821 4283 ἰδίαν
871 4230 1019 4298 λέγει
1053 4224 1190 4283 εἶναι
1223 4232 1259 4285 ἆ
1282 4247 1341 4283 τε
1375 4230 1397 4260 ⁸
1424 4231 1601 4285 πάντα
1622 4231 1689 4285 δι’
1730 4233 1895 4286 αὐτοῦ

302 4325 607 4392 γεγονέναι,
658 4324 754 4377 καὶ
795 4324 966 4395 χωρὶς
1017 4323 1182 4378 αὑτοῦ
1225 4326 1445 4393 γέγονεν
1488 4325 1659 4389 οὐδὲν,
1701 4327 1729 4379 ὁ
1759 4324 1896 4379 ἀπό-

306 4418 491 4480 στολος
519 4419 1010 4488 προαποστερήσας
1031 4416 1143 4486 (97)
1167 4418 1266 4487 τὴν
1286 4417 1393 4469 τῶν
1415 4417 1899 4489 ψευδηγορούντων

1921 1878 1964 1934 Β
1994 1896 2298 1951 maledictis
2316 1898 2560 1953 incessit.
2584 1898 2677 1955 Est
2698 1908 2878 1955 autem
2906 1900 3176 1968 ejusmodi
3198 1900 3309 1955 haec
3326 1900 3580 1970 epistola.

2244 2030 2245 2033 η
2341 2011 2617 2068 Plolemwi
2663 2016 2732 2068 ad
2769 2014 2988 2069 Florum
3027 2017 3271 2085 epistola.

2063 2101 2148 2158 ill.
2178 2103 2375 2175 Legem
2417 2106 2565 2159 illam
2602 2122 2723 2176 quae
2759 2123 2787 2160 a
2816 2106 2965 2162 Mose
3023 2107 3223 2160 tradita
3260 2116 3366 2172 est,
3421 2103 3581 2163 Flora

1995 2210 2155 2252 soror
2179 2199 2587 2263 amantissima,
2606 2216 2785 2270 neque
2818 2209 3159 2272 perspectam
3188 2201 3371 2256 haberi
3390 2216 3582 2271 quam-

1992 2291 2284 2361 plurimas,
2322 2308 2500 2363 neque
2547 2295 2670 2363 ejus
2714 2296 2861 2349 velut
2918 2294 3273 2349 fundamenta
3310 2296 3393 2351 vel
3442 2310 3581 2366 pra:-

1994 2385 2197 2453 scripta
2233 2399 2587 2454 cognoscere,
2611 2386 2771 2441 facile
2800 2395 2853 2441 te
2877 2388 3281 2442 intcllecturam
3298 2388 3579 2453 existimo,

1992 2478 2037 2530 si
2070 2492 2232 2546 quam
2263 2477 2428 2532 variae
2460 2477 2528 2533 de
2552 2478 2641 2532 illa
2676 2479 2787 2535 sint
2814 2480 3102 2550 opiniones
3130 2480 3413 2535 didiceris.
3441 2478 3583 2535 Sunt

1993 2568 2139 2621 enim
2162 2568 2257 2639 qui
2289 2569 2435 2622 illam
2466 2584 2496 2622 a
2527 2568 2638 2624 Deo
2682 2579 2874 2641 putant
2905 2586 2969 2625 ac
2996 2571 3155 2628 Patre
3180 2572 3349 2628 fuisse
3375 2573 3585 2628 consti-

1993 2667 2192 2717 tutam.
2213 2661 2318 2715 Alii
2336 2662 2670 2715 contrariam
2707 2663 2848 2717 viam
2876 2664 3130 2735 ingressi,
3152 2665 3221 2720 ab
3243 2666 3363 2735 ejus
3384 2666 3583 2721 aemulo

1993 2753 2206 2808 nefario
2228 2755 2475 2810 daemone
2497 2755 2662 2809 latam
2697 2756 2992 2820 aﬂirmant,
3034 2773 3063 2811 a
3096 2774 3206 2829 quo
3229 2768 3282 2813 et
3315 2759 3580 2813 mundum

1994 2843 2321 2899 fabricatum
2374 2855 2653 2911 asserunt,
2714 2855 2769 2901 et
2816 2849 3066 2903 eumdem
3123 2850 3473 2907 Conditorem
3515 2867 3580 2908 ac

1993 2935 2212 2991 Patrem
2263 2953 2389 2994 esse
2444 2939 2726 2994 dictitant.
2771 2939 2973 2996 Verum
3021 2943 3121 3007 illi,
3169 2944 3262 3014 qui
3311 2946 3582 3014 ejusmodi

1994 3030 2249 3102 dogmata
2278 3032 2381 3087 sibi
2419 3033 2653 3088 invicem
2694 3036 3196 3100 communicarunt,
3230 3037 3582 3093 vehementer

1995 3128 2312 3183 hallucinati
2347 3139 2494 3195 sunt,
2540 3131 2682 3185 etab
2714 3146 2779 3185 eo
2818 3147 2979 3201 quem
3009 3132 3109 3187 sibi
3156 3141 3579 3204 pr0posuerant,

1922 3230 1962 3282 (ς
1997 3235 2168 3290 Scopo
2198 3222 2804 3279 veritatisaberrarunt.
2835 3225 2967 3279 Nam
2994 3241 3097 3281 nec
3129 3242 3159 3280 a
3194 3226 3440 3297 perfecto
3468 3225 3580 3281 Deo

2000 3329 2064 3367 ac
2092 3313 2255 3369 Patre
2300 3316 2543 3371 stabilita
2576 3318 2821 3384 videtur,
2864 3328 3056 3393 utpote
3107 3323 3292 3377 minus
3316 3322 3580 3393 perfecta,

1997 3415 2052 3462 et
2084 3407 2153 3462 ad
2179 3407 2265 3463 sui
2295 3409 2695 3467 absolutionem
2753 3417 2912 3483 plura
2970 3412 3292 3470 desiderans
3327 3429 3390 3469 ac
3427 3429 3586 3471 man-

1996 3500 2125 3554 data
2158 3502 2406 3571 quaedam
2443 3505 2758 3570 continens,
2789 3522 2910 3577 qua:
2940 3506 3033 3562 Dei
3055 3515 3251 3561 natura
3277 3523 3342 3563 ac
3364 3508 3587 3564 decreto

1998 3602 2128 3647 sunt
2168 3595 2367 3649 aliena.
2399 3593 2586 3667 Neque
2617 3614 2748 3654 vero
2772 3600 3072 3656 adversarii
3110 3600 3273 3673 217
3320 3601 3585 3672 improbi—

1995 3685 2093 3739 tati
2120 3687 2412 3742 tribuenda
2442 3689 2527 3744 lex
2565 3700 2669 3755 est,
2703 3694 2867 3762 cujus
2928 3694 3217 3764 proprium
3276 3694 3350 3749 sit
3395 3694 3586 3765 inique

1997 3776 2213 3843 facere;
2238 3782 2443 3851 quique
2471 3784 2543 3836 ita
2592 3792 2864 3850 statuunt,
2886 3799 3008 3855 quae
3042 3800 3072 3838 a
3120 3785 3404 3841 Salvatore
3435 3782 3586 3841 dicta

1997 3879 2131 3927 sunt
2183 3888 2533 3943 nequaquam
2571 3876 3033 3932 animadvertunt.
3074 3875 3151 3930 Ita
3180 3879 3325 3932 enim
3354 3877 3442 3932 ille
3459 3894 3587 3947 pro-

1998 3964 2304 4029 nuntiavit,
2339 3972 2489 4020 stare
2526 3966 2752 4021 domum
2783 3968 2870 4024 vel
2904 3968 3185 4023 civitatem
3234 3984 3345 4023 non
3399 3983 3583 4039 posse.

1999 4072 2122 4126 qua:
2164 4058 2219 4111 in
2252 4058 2491 4129 seipsam
2544 4058 2722 4116 divisa
2782 4060 2855 4116 sit
2883 4060 2926 4114 ".
2962 4058 3232 4116 Praeterea
3259 4062 3523 4117 mundum
3554 4077 3586 4117 a

1999 4164 2059 4204 se
2086 4149 2414 4205 fabricatum
2447 4153 2686 4218 asserit;
2738 4152 3035 4224 omniaque
3068 4168 3164 4224 per
3203 4153 3381 4223 ipsum
3421 4153 3584 4218 facta.

1997 4249 2051 4295 et
2079 4244 2197 4297 sine
2230 4242 2350 4313 ipso
2386 4243 2521 4297 nihil
2562 4259 2686 4300 esse
2706 4243 2959 4299 factum“.
2994 4243 3207 4311 Quibus
3238 4245 3421 4300 verbis
3454 4261 3587 4315 apo-

1998 4334 2176 4388 stolus
2200 4333 2752 4389 mendacissimorum
2786 4335 3066 4389 hominum
3100 4336 3327 4391 minime
3355 4337 3587 4392 solidam

1999 4425 2323 4494 sapientiam
2351 4424 2572 4490 refellit,
2638 4442 2741 4482 nec
2789 4427 3050 4515 pestifero
3106 4429 3272 4484 alicui
3327 4427 3457 4496 Deo,
3490 4431 3585 4486 sed

303 4509 678 4562 ἀνυπόστατον
721 4509 937 4579 σοφίαν,
975 4509 1069 4563 καὶ
1095 4509 1156 4561 οὐ
1200 4508 1525 4580 φθοροποιοῦ
1562 4509 1720 4573 Θεοῦ,
1759 4510 1892 4565 ἀλλά

1996 4506 2167 4585 justo,
2201 4524 2255 4572 et
2290 4518 2669 4588 improbitatis
2697 4520 2876 4575 omnis
2909 4506 3131 4576 inimico
3158 4520 3374 4577 illarum
3402 4537 3586 4578 rerum

302 4600 510 4654 δικαίου
538 4602 633 4654 καὶ
678 4602 1066 4673 μισοπονήρου.
1115 4602 1494 4674 Ἀπρονοήτων
1530 4602 1587 4656 δέ
1625 4605 1772 4657 ἐστιν
1801 4606 1892 4658 ἀν-

2001 4609 2380 4665 auctoritatem
2430 4611 2698 4667 concedit.
2726 4610 2831 4667 Sed
2866 4613 3276 4669 temerariorum
3304 4614 3590 4670 hominum

306 4688 539 4760 θρώπων
584 4694 684 4762 τῆς
729 4692 987 4764 προνοίας
1035 4691 1128 4745 τοῦ
1184 4694 1530 4765 Δημιουργοῦ
1588 4694 1663 4767 μὴ
1714 4697 1892 4750 αἰτίαν

1999 4700 2092 4755 illa
2140 4700 2348 4769 judicia
2402 4711 2565 4768 sunt,
2622 4718 2803 4775 neque
2868 4704 3184 4763 Conditoris
3233 4708 3592 4777 providentia;

304 4782 757 4855 λαμϐανομένων,
804 4787 900 4839 καὶ
936 4784 1011 4856 μὴ
1047 4786 1207 4857 μόνον
1246 4786 1305 4840 τὸ
1338 4787 1438 4857 τῆς
1484 4787 1663 4859 ψυχῆς
1718 4789 1892 4861 ὄμμα,

2002 4810 2200 4852 causas
2237 4796 2677 4869 intelligentium,
2707 4801 2910 4869 quique
2932 4814 3040 4855 non
3072 4802 3455 4869 animisolum,
3493 4804 3591 4859 sed

306 4874 444 4928 ἀλλὰ
478 4877 573 4928 καὶ
606 4876 668 4928 τὸ
698 4875 794 4928 τοῦ
831 4875 1084 4947 σώματος
1127 4879 1567 4949 πεπηρωμένων.
1605 4873 1764 4933 Οῦτοι
1797 4882 1892 4952 μὲν

2000 4887 2163 4943 etiam
2183 4890 2430 4959 corporis
2463 4892 2638 4947 oculis
2672 4892 2961 4946 videantur
2997 4909 3119 4949 esse
3152 4895 3317 4965 capti.
3344 4896 3588 4961 Quanto-

305 4964 400 5021 οὖν
434 4968 511 5031 ὡς
552 4968 961 5042 διημαρτήκασι
994 4971 1094 5040 τῆς
1134 4972 1413 5044 ἀληθείας,
1444 4973 1602 5045 δῆλόν
1635 4976 1717 5029 σοί
1750 4977 1892 5029 ἐστιν

2004 4993 2133 5047 pere
2166 4979 2333 5049 igitur
2389 4980 2464 5035 illi
2509 4996 2539 5035 a
2573 4983 2803 5038 veritate
2862 4982 3186 5050 dissideant,
3221 4964 3292 5040 ex
3355 4988 3423 5042 iis
3470 5004 3594 5059 qua:

308 5062 371 5113 ὲκ
396 5058 506 5112 τῶν
534 5061 859 5133 εἰρημένων.
901 5062 1208 5117 Πεπόνθασι
1241 5063 1297 5116 δὲ
1324 5063 1482 5118 τοῦτο
1529 5065 1670 5129 ἰδίως
1702 5069 1892 5121 ἑκάτε-

2007 5071 2153 5125 dicta
2179 5081 2309 5127 sunt
2341 5073 2556 5130 abunde
2600 5084 2753 5146 potes
2812 5090 3163 5146 cognoscere.
3201 5078 3305 5134 Sed
3329 5058 3595 5152 utrosque

312 5169 401 5223 ρος
426 5153 630 5217 αύτῶν,
662 5155 711 5206 οἰ
739 5154 837 5224 μὲν
861 5153 949 5209 διὰ
977 5154 1039 5207 τὸ
1067 5156 1282 5223 ἀγνοεῖν
1307 5156 1399 5209 τὸν
1427 5156 1525 5227 τῆς
1546 5158 1892 5232 δικαιοσύνης

2008 5166 2289 5235 proprium
2322 5168 2581 5239 quiddam
2618 5185 2681 5224 ac
2711 5172 2984 5240 peculiare
3023 5171 3090 5225 ad
3137 5172 3209 5224 ita
3246 5174 3590 5230 sentiendum

382 5309 398 5338 ί
428 5306 571 5363 lren.
598 5309 721 5361 τότε
752 5311 888 5363 ἐννο.
920 5310 1009 5363 ὅτε
1044 5308 1203 5362 θέλει.
1286 5314 1304 5341 ¹
1337 5310 1394 5364 F.
1431 5312 1561 5365 εἴσω
1590 5313 1818 5379 πάθους.

1031 5317 1217 5396 θέλει.Ι
1286 5317 1304 5341 ³
1337 5317 1394 5364 F.
1431 5317 1561 5396 εξσω
1590 5317 1818 5379 πάθους.
1922 5318 1943 5350 ⁸
1970 5317 2031 5374 F.
2074 5320 2344 5396 μαθούσῃ.

308 5378 378 5431 τά
407 5396 491 5433 τε.
567 5380 587 5410 ⁷
622 5379 809 5433 Matth.
842 5396 939 5445 xu,
970 5380 1059 5434 25.
1139 5384 1160 5414 ⁸
1191 5379 1349 5435 Joan.
1382 5399 1420 5447 I,
1449 5383 1501 5437 5.

2446 5325 2469 5358 ⁸
2501 5324 2562 5380 F.
2600 5326 2886 5397 ἑπόμενον.
3007 5328 3029 5359 ⁸
3064 5327 3227 5385 Deest
3265 5331 3395 5403 χρή.
3477 5332 3498 5363 ⁸
3524 5330 3589 5387 F.

382 5536 495 5605 (96)
535 5536 647 5619 1ςαί
686 5539 795 5593 τοῦ
836 5540 1132 5626 οςςςετέρου
1162 5542 1571 5626 πληρωθῆναι.
1610 5543 1892 5626 Utcunque

2002 5550 2227 5626 nomine
2270 5546 2535 5626 Joannem
2590 5553 2893 5626 intelligere
2944 5553 3183 5626 videtur,
3235 5562 3295 5609 ut
3329 5554 3409 5626 _ad
3442 5556 3592 5626 λέγει

313 5624 515 5691 sensus
544 5612 723 5691 “iuseum
766 5612 1098 5691 verbis_erui
1128 5616 1323 5691 possit,
1360 5616 1507 5691 quod
1541 5617 1760 5691 nonnisi
1787 5612 1904 5691 vio-
2004 5622 2170 5691 paulo
2196 5630 2319 5677 ante
2351 5624 2585 5691 positum
2622 5612 2910 5691 referatur,
2943 5625 3045 5679 hoc
3071 5612 3237 5680 sensu
3270 5646 3281 5681 :
3318 5612 3591 5681 Pratter'ea

313 5682 492 5767 lenter
532 5678 898 5767 ‘ﬂeri'potest.
948 5678 1296 5767 Longe-mihi
1334 5678 1759 5767 aptiusvidetur
1804 5690 1907 5767 καὶ
2005 5678 2267 5767 ἶῃιιηάιιηι
2316 5678 2382 5767 οὗ
2426 5696 2540 5767 ipso
2583 5678 2935 5767 fabricatum}
2986 5678 3587 5767 omhidéie'per'ipiaii

313 5750 804 5838 τῃοῌῦμύιρξ-,ὲτέρου-
828 5750 1201 5838 πληρωθῆναι.
1242 5750 1591 5813 Nec-dubito
1632 5758 1767 5828 quin
1804 5757 1892 5813 hoc

2011 5762 2178 5838 (acta,
2203 5773 2251 5816 et
2278 5765 2398 5838 sine
2418 5750 2532 5838 ipso
2555 5750 2693 5838 uihil
2722 5782 2835 5838 esse
2870 5750 3071 5834 [dctum
3108 5750 3345 5823 tes'tatu'ri
3364 5750 3589 5838 Αροειοέ

316 5818 1004 5905 Εριψίιοηίιιεροςίρερέίι.
1079 5818 1089 5826 ’
1464 5899 1473 5905 _
1649 5818 1695 5905 ’Δ
1898 5900 1913 5905 _
2011 5818 2127 5900 ius;
2154 5818 2216 5889 oc
2246 5818 2770 5890 mendacissimorum
2799 5818 3091 5905 hominum,

388 5889 500 5961 (97)
551 5891 605 5944 Ὁ
652 5889 1012 5961 dada—noxae
1057 5899 1617 5969 προαποστερήσας.
1668 5898 1915 5969 Δροεῑοιί
