4134 6388
534 378 641 440 559

1885 374 1944 431 S.
1986 370 2337 429 EPIPHANll
3714 371 3813 430 569

532 494 767 555 induxit.
792 493 943 551 Alios
965 490 1208 564 quidem,
1226 486 1375 561 quod
1406 494 1685 542 auctorem
1702 484 1932 557 iustitiae
1962 484 2124 542 Deum

2232 485 2387 551 Θεὸν,
2414 484 2465 539 οί
2494 484 2549 540 δὲ
2580 484 2671 543 διὰ
2717 486 2780 539 τὸ
2806 485 3023 557 ἀγνοεῖν
3060 486 3153 542 τὸν
3187 489 3298 543 τῶν
3324 490 3461 545 ὅλων
3493 488 3733 562 Πατέρα,
3758 490 3813 543 ὸν

530 589 875 660 ignorarent,
918 586 1057 641 alios
1083 583 1229 655 quod
1266 581 1649 636 universorum
1678 586 1958 650 parentem
2006 594 2133 648 pcr-

531 695 687 752 aaque
718 679 1017 742 nescirent,
1051 692 1213 747 quem
1241 675 1332 729 ille
1363 673 1514 729 solus
1537 671 1833 726 adveniens
1858 670 1952 741 qui
1979 670 2132 725 solus

534 781 696 827 norat
748 771 982 841 aperuit.
1012 768 1185 824 Nobis
1244 782 1372 822 vero
1433 764 1634 835 quibus
1662 764 1669 771 ’
1701 771 2000 833 utrumque
2037 760 2129 816 Dei

533 864 800 921 beneﬁcio
866 863 1143 934 cognitum
1174 868 1279 923 est,
1322 858 1596 928 reliquum
1630 854 1765 909 illud
1813 861 1916 917 est,
1978 859 2038 906 ut
2064 852 2131 906 de

533 955 653 1027 lege
674 955 807 1010 certi
839 953 1045 1024 aliquid
1078 950 1459 1022 exploratique
1480 943 2127 1013 (loceamus,cujusmodi

533 1048 788 1103 videlicet
815 1046 907 1100 illa
947 1046 1039 1110 sit,
1074 1052 1128 1100 et
1169 1059 1200 1098 a
1231 1057 1472 1114 quonam
1530 1040 1844 1111 legislatore
1880 1038 2122 1107 sancitaf:

533 1140 610 1194 ita
641 1148 822 1196 tamen
848 1147 910 1194 ut
937 1137 1203 1209 quidquid
1222 1151 1253 1191 a
1278 1134 1441 1190 nobis
1481 1134 1703 1187 allatum
1720 1130 1906 1195 fuerit,
1927 1131 1978 1185 id
2014 1146 2123 1185 non

2232 580 2393 649 μόνος
2432 577 2604 632 ἐλθὼν
2630 581 2659 632 6
2691 579 2851 648 μόνος
2886 579 3041 643 εἰδὼς
3075 581 3411 653 ἐφανέρωσε.
3439 581 3813 655 Περιλείπεται

2227 672 2284 725 δὲ
2312 673 2444 743 ἡμῖν
2482 670 2761 738 ἀξιωθεῖσί
2786 689 2845 725 τε
2878 672 2976 744 τῆς
3005 673 3026 703 ⁸
3067 674 3395 747 ἀμφοτέρων
3420 675 3628 729 τούτων
3656 675 3816 743 ἐκφῆ-

2228 763 2316 818 ναί
2354 781 2436 817 σοι
2470 768 2564 818 καὶ
2604 764 2912 836 ἀκριϐὦσαι
2950 765 3114 820 αὐτόν
3142 784 3201 820 τε
3231 767 3323 821 τὸν
3359 768 3544 839 νόμον,
3582 754 3817 829 ποταπός

2227 872 2313 919 τις
2341 857 2450 927 εἴη,
2498 856 2593 909 καὶ
2620 856 2713 910 τὸν
2744 857 2835 926 ὑφ’
2866 850 2928 910 οῦ
2956 857 3197 914 τέθειται
3230 859 3323 914 τὸν
3367 860 3691 931 νομοθέτην,
3731 861 3817 931 pq—

2232 947 2550 1019 θησομένων
2578 950 2713 1019 ἡμῖν
2742 948 2840 1012 τὰς
2882 949 3189 1014 ἀποδείξεις
3227 952 3292 1005 ἐκ
3319 952 3430 1006 τῶν
3452 952 3546 1005 τοῦ
3578 951 3818 1021 Σωτῆρος

2229 1039 2388 1110 ἡμῶν
2408 1038 2581 1109 λόγων
2613 1040 3010 1112 παριστῶντες,
3041 1042 3108 1096 δι’
3141 1037 3217 1097 ὧν
3258 1044 3417 1114 μόνον
3455 1044 3607 1097 ἔστιν
3630 1044 3817 1099 ἀπταί-

2234 1147 2373 1194 στως
2405 1131 2499 1184 ἐπὶ
2522 1131 2622 1201 τὴν
2657 1131 2965 1204 κατάληψιν
2987 1133 3096 1188 τῶν
3124 1134 3294 1189 ὄντων
3315 1135 3655 1205 ὁδηγεῖσθαι.

530 1231 754 1286 aliunde
782 1245 946 1301 quam
996 1245 1064 1284 ex
1104 1228 1242 1300 ipsis
1290 1224 1591 1280 Salvatoris
1620 1223 1806 1279 verbis
1845 1223 2130 1292 probetur.
2170 1218 2270 1278 His
2293 1221 2440 1277 enim
2470 1224 2605 1279 solis
2645 1224 2794 1279 velut
2854 1225 3071 1284 itineris
3119 1227 3358 1285 ducibus
3408 1228 3695 1293 adhibitis,
3759 1228 3817 1285 sil

530 1340 716 1381 rerum
746 1324 1115 1395 cognitionem
1151 1321 1270 1377 sine
1297 1335 1484 1374 errore
1500 1317 1874 1389 perducimur.

599 1417 688 1473 IV.
723 1416 780 1471 In
808 1418 999 1488 primis
1060 1416 1226 1487 igitur
1291 1415 1578 1471 sciendum
1632 1422 1738 1479 est,
1806 1414 2123 1469 universam

534 1510 687 1565 illam
719 1510 916 1582 legem,
947 1524 1069 1580 quae
1096 1508 1340 1580 quinque
1369 1509 1537 1564 Mosis
1573 1506 1947 1563 voluminibus
1987 1520 2121 1560 con-

531 1605 761 1670 tinetur,
799 1619 907 1659 non
968 1604 1037 1659 ab
1095 1619 1205 1659 uno
1254 1618 1376 1660 esse
1433 1603 1745 1675 legislatore
1796 1602 2122 1672 proiectam,

2302 1410 2375 1465 A'.
2417 1410 2642 1482 Πρῶτον
2675 1406 2771 1467 οῦν
2809 1410 3103 1484 μαθητέον,
3151 1412 3235 1466 ὅτι
3275 1413 3305 1467 6
3348 1412 3579 1485 σύμπας
3627 1417 3817 1481 ἐκεῖνος

2228 1501 2394 1572 νόμος
2437 1504 2466 1555 ὁ
2511 1502 2905 1573 περιεχόμενος
2952 1507 3021 1575 τῇ
3063 1503 3310 1567 Μωσέως
3354 1505 3719 1577 Πεντατεύχῳ
3765 1508 3820 1561 οὺ

2229 1594 2368 1664 πρὸς
2400 1594 2520 1658 ὲνός
2563 1613 2712 1661 τινος
2756 1596 3203 1669 νενομοθέτηται,
3240 1597 3388 1667 λέγω
3430 1599 3516 1671 δὴ,
3578 1600 3679 1669 οὐχ
3728 1602 3821 1654 ὑπὸ

529 1697 648 1753 solo
674 1696 929 1751 videlicet
962 1695 1109 1764 Deo;
1142 1695 1236 1751 sed
1280 1695 1518 1752 admista
1546 1693 1795 1765 quaedam
1836 1693 2123 1747 hominum

2231 1688 2395 1758 μόνου
2439 1687 2598 1754 Θεοῦ,
2631 1688 2746 1743 ἀλλ’
2791 1689 2898 1744 είσί
2945 1706 3092 1754 τινες
3142 1689 3324 1744 αὐτῶν
3360 1692 3695 1765 προστάξεις
3737 1694 3822 1747 καὶ

526 1801 652 1843 esse
706 1786 983 1851 mandata,
1049 1792 1133 1853 ut,
1202 1784 1662 1855 quemadmodum
1717 1783 1969 1839 Salvator
2008 1783 2124 1853 ipse

2228 1777 2319 1830 ὑπ’
2354 1777 2662 1849 ἀνθρώπων
2699 1778 2966 1847 τεθεῖσαι,
3015 1779 3112 1834 καὶ
3159 1780 3321 1852 τριχῆ
3367 1782 3555 1835 τοῦτον
3610 1784 3821 1853 διαιρεῖ-

527 1875 736 1941 docuit,
762 1877 1029 1931 trifariam
1065 1877 1149 1931 lex
1188 1876 1263 1932 sit
1291 1876 1475 1931 omnis
1503 1875 1823 1931 distributa.
1857 1873 2119 1941 Quaedam

2231 1871 2354 1923 σθαι
2382 1872 2432 1923 oi
2457 1871 2553 1925 τοῦ
2586 1872 2842 1943 Σωτῆρος
2870 1873 3021 1943 λόγοι
3063 1873 3410 1929 διδάσκουσιν
3434 1877 3608 1947 ἡμᾶς.
3647 1876 3741 1939 Εἰς
3767 1893 3821 1929 τε

527 1968 677 2023 enim
716 1968 783 2022 ad
817 1968 997 2039 ipsum
1020 1968 1188 2023 Deum
1222 1969 1454 2039 ejusque
1471 1968 1788 2024 sanctiones
1820 1968 2124 2038 pertinent;

528 2059 637 2114 alia
664 2058 802 2114 Mosi
855 2058 1150 2115 tribuenda
1206 2066 1355 2124 sunt,
1416 2074 1526 2129 non
1575 2059 1799 2129 quidem
1857 2066 2128 2129 quatenus

527 2150 737 2222 aliquid
768 2166 799 2205 a
838 2149 949 2207 Deo
980 2151 1129 2208 illius
1164 2152 1475 2207 interventu
1534 2151 1813 2206 decretum
1865 2160 1970 2217 est,
2031 2149 2126 2205 sed

527 2254 798 2315 quatenus
840 2260 937 2315 per
963 2260 1085 2300 sese
1124 2260 1189 2299 ac
1221 2252 1415 2314 suapte
1457 2253 1653 2315 sponte
1692 2245 1959 2298 nonnulla
1988 2259 2126 2298 con-

527 2335 742 2404 stituit;
776 2336 1011 2391 aliorum
1052 2336 1289 2406 denique
1357 2336 1606 2391 seniores
1668 2336 1761 2406 qui
1808 2336 1862 2389 in
1925 2336 2128 2405 populo

526 2434 684 2481 erant
740 2436 999 2483 auctores
1045 2427 1417 2495 exstiterunt,
1457 2442 1522 2480 ac
1577 2427 1739 2496 primi
1790 2426 1867 2480 illi
1914 2427 2128 2496 privata

532 2518 782 2588 quaedam
809 2528 1081 2591 praecepta
1114 2520 1355 2574 inserere
1401 2526 1531 2575 sunt
1571 2520 1713 2574 ausi.
1747 2517 1907 2583 Quod
1938 2534 2129 2588 quem-

527 2610 827 2666 admodum
856 2627 979 2667 sese
1032 2612 1258 2677 habeat,
1305 2627 1373 2666 ex
1431 2612 1567 2682 ipsis
1592 2609 1894 2666 Salvatoris
1945 2611 2128 2667 verbis

528 2702 827 2774 intelliges.
858 2701 960 2757 Hic
1000 2703 1144 2758 enim
1172 2704 1410 2773 quodam
1469 2702 1526 2756 in
1582 2703 1704 2758 loco
1736 2700 1805 2756 ad
1834 2717 1929 2757 eos
1960 2702 2127 2757 verba

526 2794 759 2857 faciens,
794 2795 891 2866 qui
926 2794 994 2851 de
1024 2795 1239 2866 repudii
1274 2795 1459 2851 libello
1492 2809 1679 2851 secum
1737 2793 2123 2864 disputabant,

526 2887 672 2958 quod
707 2887 1074 2959 permissione
1101 2886 1237 2958 legis
1277 2887 1498 2952 licebat,
1536 2886 1620 2943 sic
1671 2886 1796 2940 illos
1853 2885 2129 2942 allocutus

525 2987 613 3036 est
641 2998 655 3035 :
694 2979 907 3053 Moyses
933 2979 1003 3034 ad
1036 2980 1297 3034 duritiam
1325 2981 1505 3037 cordis
1528 2983 1689 3037 vestri
1715 2982 1953 3051 permisit
1982 2980 2127 3035 vobis

527 3071 793 3127 dimittere
842 3088 1035 3128 uxores
1070 3085 1294 3131 vestras.
1341 3073 1420 3128 Ab
1481 3075 1637 3129 initio
1670 3085 1847 3129 autem
1900 3076 2128 3146 nonfuit

530 3166 659 3220 sic‘.
692 3166 859 3236 218
879 3165 1024 3223 Deus
1046 3168 1218 3233 enim,
1260 3156 1475 3239 inquit,
1494 3168 1809 3239 conjugium
1840 3169 1942 3224 hoc
1959 3185 2130 3240 copu-

2229 1961 2339 2033 γὰρ
2372 1962 2537 2015 αὑτὸν
2572 1963 2664 2016 τὸν
2712 1963 2866 2027 Θεὸν,
2906 1965 3001 2018 καὶ
3052 1966 3153 2036 τὴν
3214 1964 3407 2020 τούτου
3470 1966 3819 2037 νομοθεσίαν·

2229 2054 2519 2126 διαιρεῖται
2564 2056 2622 2110 δὲ
2669 2057 2765 2110 καὶ
2805 2059 2886 2121 είς
2924 2057 3017 2112 τὸν
3043 2058 3270 2122 Μωσέα,
3300 2058 3362 2111 οὗ
3398 2058 3522 2112 καθ’
3550 2060 3690 2113 αὑτὸ
3718 2060 3741 2091 ⁸
3762 2059 3819 2112 δι’

2229 2146 2395 2200 αὑτοῦ
2431 2147 2717 2218 νομοθετεῖ
2760 2150 2789 2203 6
2833 2149 2988 2213 Θεὸς,
3024 2150 3161 2204 ἀλλὰ
3210 2150 3358 2204 καθά
3386 2150 3494 2204 ἀπὸ
3542 2152 3652 2222 τῆς
3698 2152 3823 2214 ἰδίας

2228 2240 2437 2304 ἐννοίας
2467 2240 2791 2313 ὁρμώμενος
2821 2243 2914 2296 καὶ
2946 2246 2974 2297 6
3018 2244 3225 2315 Μωσῆς
3274 2244 3649 2316 ἐνομοθέτησέ
3676 2261 3819 2298 τινα·

2229 2331 2321 2384 καὶ
2347 2333 2428 2395 είς
2460 2333 2587 2397 τοὺς
2623 2333 3032 2406 πρεσϐυτέρους
3078 2335 3173 2388 τοῦ
3206 2335 3338 2388 λαοῦ
3382 2337 3702 2408 διαιρεῖται,
3739 2339 3825 2391 καὶ

2230 2421 2437 2493 πρῶτοι
2490 2423 2834 2494 εὑρίσκονται
2885 2424 3108 2489 ἐντολάς
3151 2443 3305 2491 τινας
3362 2426 3620 2492 ἐνθέντες
3676 2428 3819 2492 ἰδίας.

2229 2514 2355 2577 Πῶς
2398 2512 2492 2567 οῦν
2533 2515 2694 2569 τοῦτο
2746 2516 2920 2580 οὕτως
2973 2517 3096 2589 ἔχον
3147 2519 3213 2572 ἐκ
3270 2519 3379 2573 τῶν
3426 2518 3523 2573 τοῦ
3577 2521 3825 2592 Σωτῆρος

2227 2606 2506 2661 δείκνυται
2551 2607 2746 2676 λόγων,
2798 2608 2993 2680 μάθοις
3043 2610 3088 2662 δ’
3133 2610 3200 2663 ἂν
3430 2612 3822 2684 Διαλεγόμενὸς

2229 2717 2332 2753 που
2366 2702 2395 2754 6
2427 2701 2619 2772 Σωτὴρ
2666 2701 2804 2773 πρὸς
2852 2702 2978 2766 τοὺς
3016 2703 3143 2773 περὶ
3193 2703 3287 2756 τοῦ
3341 2704 3686 2759 ἀποστασίου
3733 2723 3820 2760 συο

2229 2789 2525 2862 ζητοῦντας
2566 2792 2739 2863 αύτῷ.
2775 2793 2802 2846 ὃ
2836 2794 2900 2863 δὴ
2951 2795 3284 2849 ἀποστάσιον
3328 2795 3532 2863 ἐξεῖναι
3578 2800 3823 2869 ἐνενομο-

2229 2884 2443 2957 θέτητο,
2478 2886 2582 2957 ἔφη
2612 2888 2819 2953 αὐτοῖς,
2866 2889 2949 2941 ὅτι
2984 2888 3249 2957 Μωῠσῆς
3281 2889 3435 2959 πρὸς
3466 2890 3585 2959 τὴν
3632 2895 3821 2959 σκλη-

2220 2978 2552 3047 ροκαρδίαν
2578 2979 2690 3049 (98)
2723 2979 2892 3049 ὑμῶν
2939 2981 3234 3051 ἐπέτρεψε
3272 2981 3341 3035 τὸ
3369 2982 3674 3038 ἀπολύειν
3715 2984 3824 3051 τὴν

2228 3072 2486 3140 γυναῖκα
2518 3072 2728 3128 αὐτοῦ.
2776 3073 3221 3143 ’Λπ“ἀρχῆςγὰρ
3242 3077 3313 3129 οὐ
3344 3077 3603 3148 γέγονεν
3620 3076 3824 3143 οὕτως.

2229 3162 2362 3228 Θεὸς
2398 3165 2529 3237 γὰρ,
2574 3166 2729 3236 φησὶ,
2787 3166 3075 3232 συνέζευξε
3124 3168 3330 3239 ταύτην
3375 3168 3476 3240 τὴν
3527 3168 3822 3238 συζυγίαν

526 3256 661 3311 lavit
689 3274 704 3324 ;
728 3267 820 3312 et:
858 3256 1013 3324 Quod
1036 3258 1180 3313 Deus
1215 3259 1492 3330 conjunxit
1518 3260 1671 3314 homo
1710 3276 1815 3314 non
1848 3261 2111 3329 separet’.

2226 3258 2333 3323 καὶ,
2360 3259 2421 3309 Ὅ
2450 3257 2812 3324 συνέζευξεν
2830 3262 2862 3313 ὁ
2882 3261 3118 3328 Κύριος,
3151 3260 3463 3330 ἄνθρωπος
3485 3260 3573 3332 μὴ
3594 3260 3824 3331 χωριζέ-

529 3347 636 3404 Ubi
668 3348 831 3402 aliam
859 3364 984 3404 esse
1026 3348 1121 3405 Dei
1170 3350 1341 3422 legem
1373 3351 1638 3416 ostendit,
1685 3365 1808 3421 qua:
1842 3366 2066 3405 uxorem
2090 3366 2122 3405 a

526 3440 648 3494 viro
687 3439 904 3511 sejungi
956 3442 1264 3511 prohibeat,
1319 3443 1485 3498 aliam
1522 3442 1711 3506 Mosis,
1740 3442 1835 3513 qui
1863 3442 1934 3499 ob
1968 3443 2122 3498 duri-

526 3532 657 3588 tiem
692 3532 877 3588 cordis
898 3548 1003 3600 par
1034 3534 1166 3591 illud
1197 3535 1493 3592 dissociari
1532 3534 1831 3606 permittat.

597 3715 656 3771 ln
682 3731 792 3788 quo
816 3716 996 3775 Moses
1026 3717 1289 3789 quiddam
1348 3716 1463 3775 Deo
1510 3718 1853 3773 contrarium
1892 3718 2041 3784 tulit,
2072 3718 2125 3776 ei

525 3809 738 3865 scilicet
761 3810 1030 3877 cautioni,
1063 3828 1173 3882 qua
1202 3812 1435 3869 dissolvi
1469 3812 1821 3867 matrimonia
1849 3820 2116 3869 vetuerat.

532 3901 641 3958 Sed
669 3901 715 3957 si
753 3902 1084 3973 legislatoris
1117 3904 1299 3976 ipsius
1332 3914 1589 3968 mentem,
1619 3921 1726 3975 qua
1761 3904 1829 3959 ad
1866 3906 1999 3961 illud
2030 3905 2126 3961 de—

526 3993 863 4050 cernendum
892 3995 1153 4052 inductus
1186 4004 1290 4060 est,
1327 4006 1615 4052 accurrate
1661 3995 2118 4061 consideremus;

526 4086 873 4144 inveniemus
899 4090 1093 4159 procul
1116 4089 1287 4144 dubio
1309 4105 1420 4144 non
1448 4088 1501 4145 id
1533 4104 1658 4144 eum
1678 4096 1871 4159 sponte
1890 4104 2009 4153 sua,
2028 4088 2124 4143 sed

528 4181 855 4236 necessitate
895 4180 1123 4237 fecisse:
1150 4198 1261 4253 quo
1287 4197 1477 4237 corum
1504 4182 1707 4252 quibus
1739 4182 2125 4253 praescribebat

528 4270 897 4326 imbecillitati
932 4274 1266 4329 consuleret.
1303 4272 1409 4339 Qui
1435 4290 1557 4328 cum
1585 4274 1831 4329 divinum
1862 4274 1995 4329 illud
2028 4275 2123 4330 de-

527 4370 738 4417 cretum
774 4362 841 4417 de
872 4364 1177 4421 retinendis
1239 4366 1507 4421 uxoribus
1565 4367 1681 4422 suis
1739 4367 1976 4421 tolerare
2011 4381 2121 4421 non

2228 3367 2328 3413 τω,
2350 3350 2476 3421 ἔφη.
2494 3350 2760 3404 Ἐνταῦθα
2775 3352 2863 3404 ἓτε
2873 3369 2961 3423 ρον
2982 3353 3083 3423 μὲν
3104 3351 3199 3406 τοῦ
3220 3352 3355 3406 Θεοῦ
3376 3353 3621 3408 δείκνυσι
3642 3354 3821 3425 νόμον,

2227 3441 2320 3495 τὸν
2365 3442 2643 3495 κωλύοντα
2688 3442 3017 3513 χωρίζεσθαι
3063 3447 3299 3512 γυναῖκα
3342 3445 3451 3499 ἀπὸ
3495 3445 3588 3497 τοῦ
3633 3444 3822 3516 ἀνδρὸς

2168 3582 2181 3590 .
2223 3534 2611 3605 αὐτῆς,ἓτερον
2625 3534 2682 3587 δὲ
2711 3536 2802 3587 τὸν
2834 3533 2930 3588 τοῦ
2954 3536 3257 3602 Μωῦσέως,
3292 3536 3386 3590 τὸν
3412 3536 3501 3591 διὰ
3537 3538 3639 3610 τὴν
3665 3538 3823 3609 σκλη-

2223 3626 2519 3698 ροκαρδίαν
2547 3627 2913 3698 ἐπιτρέποντα
2953 3629 3283 3699 χωρίζεσθαι
3315 3629 3475 3683 τοῦτο
3513 3630 3575 3684 τὸ
3611 3630 3817 3700 ζεῦγος.

2298 3719 2410 3773 Καὶ
2443 3719 2507 3791 δὴ
2552 3723 2694 3773 κατὰ
2744 3721 2902 3775 τοῦτο
2945 3723 3160 3777 ἐναντία
3199 3722 3275 3794 τῷ
3307 3724 3426 3794 Θεῷ
3464 3724 3752 3794 νομοθετεῖ
3794 3724 3822 3776 ὁ

2226 3810 2454 3881 Μωσῆς.
2518 3811 2790 3864 Ἐναντίον
2842 3813 2952 3883 γάρ
3000 3812 3118 3865 ἐστι
3168 3813 3247 3884 τῷ
3296 3814 3372 3885 μὴ
3420 3813 3815 3883 διαζευγνύναι.

2239 3900 2365 3952 Ἐὰν
2395 3899 2579 3971 μέντοι
2605 3901 2697 3953 καὶ
2729 3900 2828 3980 τὴν
2856 3901 2950 3954 τοῦ
3003 3901 3281 3966 Μωῦσέως
3321 3901 3571 3974 γνώμην,
3602 3903 3730 3957 καθ’
3756 3906 3817 3975 ῆν

2224 3990 2384 4044 τοῦτο
2418 3992 2831 4064 ἐνομοθέτησεν,
2869 3992 3235 4067 ἐξετάσωμεν,
3274 3997 3636 4070 εὑρεθήσεται
3666 3998 3819 4052 τοῦτο

2225 4084 2287 4137 οὐ
2318 4083 2461 4137 κατά
2490 4085 2808 4158 προαίρεσιν
2838 4087 3073 4159 ποιήσας
3115 4089 3216 4159 τὴν
3253 4089 3469 4156 ἑαυτοῦ,
3498 4090 3638 4145 ἀλλά
3683 4093 3817 4146 κατὰ

2226 4177 2474 4250 ἀνάγκην
2514 4177 2603 4231 διὰ
2653 4179 2750 4250 τὴν
2799 4179 2906 4233 τῶν
2957 4181 3474 4255 νενομοθετημένων
3509 4185 3817 4240 ἀσθένειαν.

2236 4271 2391 4323 Ἐπεὶ
2416 4270 2525 4342 γὰρ
2562 4271 2662 4343 τὴν
2696 4272 2790 4324 τοῦ
2817 4271 2954 4325 Θεοῦ
2988 4271 3214 4344 γνώμην
3243 4274 3530 4344 φυλάττειν
3562 4279 3666 4331 οὐκ
3692 4279 3814 4351 ἡδύ-

2225 4380 2385 4417 ναντο
2414 4357 2579 4426 οῦτοι,
2616 4367 2673 4416 ἐν
2702 4363 2780 4434 τῷ
2810 4365 2885 4436 μὴ
2925 4365 3124 4431 ἐξεῖναι
3170 4368 3352 4432 αὐτοῖς
3396 4368 3685 4424 ἐκϐάλλειν
3722 4372 3815 4437 τὰς

529 4463 779 4523 possent,
802 4468 867 4507 ac
890 4455 1121 4510 moleste
1160 4456 1384 4527 quidam
1418 4472 1607 4512 earum
1644 4458 1924 4512 consortia
1955 4458 2121 4513 susti-

2226 4457 2483 4522 γυναῖκας
2532 4453 2731 4519 αὐτῶν,
2763 4455 2964 4519 αἵτινες
2999 4457 3020 4487 ⁸
3055 4456 3235 4509 αὐτῶν
3285 4458 3469 4530 ἀηδῶς
3514 4460 3812 4532 συνῴκουν,

528 4552 744 4610 nerent,
782 4546 1089 4615 periculum
1122 4557 1180 4601 ut
1219 4556 1385 4614 esset,
1408 4565 1479 4603 ne
1510 4565 1573 4604 ea
1603 4565 1661 4605 se
1686 4550 1978 4605 occasione
2004 4565 2124 4620 gra-

526 4638 772 4693 vioribus
802 4639 1105 4694 sceleribus
1135 4640 1553 4711 obstringerint,
1588 4642 1788 4711 quibus
1814 4651 2119 4699 extremam

528 4730 585 4783 in
609 4729 905 4798 perniciem
930 4738 1175 4795 ruerent,
1206 4739 1265 4785 ut
1290 4730 1394 4788 hoc
1424 4733 1832 4787 incommodum
1856 4734 2123 4791 devitaret

529 4819 776 4893 Moyses,
831 4823 979 4894 quod
1022 4822 1091 4877 ad
1158 4824 1378 4878 illorum
1439 4825 1719 4879 interitum
1799 4826 2121 4897 spectabat,

530 4915 831 4970 secundam
872 4914 1167 4985 quamdam
1187 4916 1400 4986 repudii
1443 4916 1616 4987 legem
1652 4917 1866 4987 privata
1932 4925 2124 4973 aucto-

529 5007 694 5061 ritate
728 5004 1047 5075 constituit;
1082 5007 1377 5078 minusque
1409 5023 1476 5063 ex
1501 5022 1565 5063 ea
1590 5008 1886 5064 occasione
1917 5010 2121 5063 malum

531 5112 658 5153 cum
697 5101 905 5171 majore
958 5102 1377 5171 compensavit,
1428 5108 1491 5155 ut
1541 5101 1587 5156 si
1645 5101 1829 5158 minus
1880 5101 2120 5173 priorem

532 5188 683 5245 illam
719 5207 941 5248 servare
960 5194 1193 5264 possint,
1224 5192 1367 5248 hanc
1388 5193 1581 5249 saltem
1615 5193 1908 5261 retineant,
1941 5210 2122 5264 neque

532 5300 593 5340 se
610 5284 881 5355 inﬂagit’ia
918 5287 1237 5357 sceleraque
1284 5286 1657 5350 committant,
1687 5300 1785 5355 per
1824 5301 1949 5358 qua:
1985 5287 2118 5342 ulti.

604 5495 622 5528 ³
657 5494 847 5552 Matth.
878 5513 991 5565 xxx,
1024 5498 1077 5554 8.
1155 5500 1176 5531 ²
1201 5498 1334 5555 ibid.
1364 5497 1420 5554 6.
1497 5497 1517 5529 ³
1551 5496 1712 5555 Deest
1735 5497 2013 5567 γνώσεως.

606 5670 719 5740 (98)
758 5671 881 5725 Ὅτι
933 5671 1194 5741 Μωῢσῆς
1238 5673 1389 5743 πρὸς
1428 5672 1545 5743 τὴν
1594 5671 2109 5741 σκληροκαρδίαν.

536 5740 787 5808 Quonam
833 5751 995 5814 pacto
1043 5740 1367 5814 Moyses'id
1413 5740 1617 5799 Judaais
1668 5740 2008 5814 permiserit,
2060 5753 2116 5799 ct

2227 4547 2321 4598 καὶ
2374 4545 2715 4601 ἐκινδύνευον
2767 4548 2833 4599 ἐκ
2888 4547 3076 4602 τούτου
3123 4550 3487 4622 ἐκτρέπεσθαι
3538 4553 3701 4609 πλέον
3742 4557 3817 4617 εἰς

2227 4639 2464 4703 ἀδικίαν,
2502 4641 2596 4693 καὶ
2627 4642 2689 4693 ἐκ
2711 4640 2916 4713 ταύτης
2948 4643 3028 4706 είς
3052 4642 3350 4711 ἀπώλειαν,
3384 4646 3446 4698 τὸ
3478 4647 3638 4715 ἀηδὲς
3659 4647 3821 4701 τοῦτο

2229 4731 2550 4803 βουλόμενος
2600 4732 2828 4802 ἐκκόψαι
2875 4734 3056 4787 αὐτῶν
3104 4737 3133 4788 6
3188 4736 3453 4808 Μωῦσῆς,
3496 4738 3563 4791 δι’
3611 4733 3675 4794 οῦ
3728 4741 3816 4794 καὶ

2225 4823 2559 4877 ἀπόλλυσθαι
2609 4824 2984 4894 ἐκινδύνευον,
3030 4827 3281 4901 δεύτερόν
3339 4847 3462 4884 τινα
3523 4830 3600 4896 ὡς
3678 4834 3815 4886 κατὰ

2225 4915 2547 4985 περίστασιν
2578 4910 2741 4987 ἦττον
2775 4918 2944 4971 κακὸν
2967 4919 3088 4972 ἀντὶ
3117 4919 3360 4991 μείζονος
3387 4921 3814 4976 ἀντικαταλλασ-

2227 5008 2470 5079 σόμενος,
2502 5010 2593 5062 τὸν
2625 5009 2719 5063 τοῦ
2762 5012 3093 5066 ἀποστασίου
3134 5014 3301 5085 νόμον
3339 5016 3435 5085 ἀφ’
3477 5016 3673 5071 ἑαυτοῦ
3705 5020 3817 5072 ἐνο-

2228 5102 2525 5173 μοθέτησεν
2560 5103 2776 5167 αὐτοῖς·
2808 5104 2919 5168 ἴνα,
2960 5105 3054 5158 ἐὰν
3079 5106 3288 5161 ἐκεῖνον
3316 5108 3389 5179 μὴ
3421 5108 3688 5162 δύνωνται
3712 5126 3812 5177 φυ-

2223 5193 2456 5259 λάττειν,
2483 5194 2587 5248 κᾶν
2615 5194 2805 5249 τοῦτόν
2836 5212 2899 5265 γε
2931 5196 3229 5267 φυλάξωσι,
3261 5198 3356 5252 καὶ⁵
3389 5198 3465 5270 μὴ
3489 5202 3569 5263 εἰς
3599 5198 3812 5261 ἀδικίας

2223 5286 2319 5341 καὶ
2390 5288 2591 5353 κακίας
2668 5288 3009 5361 ἐκτραπῶσι,
3074 5290 3142 5343 δι’
3212 5285 3288 5347 ὧν
3332 5290 3583 5347 ἀπώλεια
3629 5293 3810 5354 αὐτοῖς

2088 5498 2111 5529 ⁸
2141 5496 2202 5552 F.
2235 5499 2295 5552 ού
2327 5497 2472 5553 καθά
2507 5498 2689 5561 αὐτός.
2766 5500 2787 5532 ⁵
2820 5497 2881 5554 F.
2909 5498 2998 5564 αἷς
3028 5517 3195 5555 τινες.

2222 5673 2378 5748 ribus
2418 5673 2675 5729 catholici
2706 5675 3035 5746 interpretes
3063 5674 3132 5730 ad
3169 5674 3368 5731 Mattn.
3400 5692 3495 5732 χιχ
3524 5678 3806 5748 disputare

2221 5744 2400 5799 solent
2435 5761 2449 5797 :
2480 5762 2716 5819 quorum
2764 5744 3193 5804 commentarios
3236 5749 3527 5807 consulere
3573 5744 3807 5823 quisque

538 5818 808 5880 quatenus
854 5812 1184 5871 ChriStianis
1207 5815 1506 5871 divortium
1540 5812 1718 5872 facere
1762 5815 1949 5882 liceat,
1987 5815 2115 5887 plu-
2219 5825 2419 5887 pctest.
