4156 6358
443 356 555 430 565

1179 372 1552 433 ADVEnsus
1590 378 1936 439 HERESES
1975 381 2106 438 LIB.
2146 382 2190 439 ι.
2234 380 2399 438 TOM.
2445 367 2587 437 n.—'-
2630 381 2909 438 uanas.
2944 383 3186 441 xxxnt.

3621 386 3731 447 565

444 494 674 561 γίνεται,
708 490 845 561 μήτε
885 490 973 543 διὰ
996 490 1056 543 τὸ
1084 489 1226 557 ἔθος,
1263 496 1399 567 μήτε
1428 497 1516 551 διὰ
1560 500 1659 571 τὴν
1691 503 1925 575 ἡμέραν,
1956 503 2031 567 ὡς

2147 516 2245 557 non
2279 510 2555 558 certarum
2595 503 2809 557 dierum
2847 502 3133 572 religione,
3166 502 3250 559 vel
3289 502 3514 560 definito
3542 506 3729 576 aliquo

445 584 762 654 ὡρισμένης
807 582 967 635 τοῦτο
993 583 1208 655 ἡμέρας
1250 585 1364 657 (5)·
1413 588 1529 661 ἅμα
1575 591 1631 644 δὲ
1665 596 1757 647 καὶ
1803 598 1883 659 είς
1908 595 2040 649 ἀνά-

449 691 648 744 μνησιν
690 674 787 743 τῆς
818 673 1079 745 ἀληθινῆς
1117 678 1394 747 νηστείας,
1429 681 1515 734 ἵνα
1543 683 1592 735 οί
1638 684 1863 754 μηδέπω
1892 687 2038 739 ὲκεί-

446 784 545 836 νην
575 766 867 836 δυνάμενοι
897 766 1178 835 νηστεύειν
1211 770 1317 822 ἀπὸ
1354 772 1451 842 τῆς
1492 778 1636 828 κατὰ
1677 776 1739 829 τὸ
1780 779 2039 848 φαινόμε-

445 875 538 911 νον
592 859 847 928 νηστείας
891 857 1055 929 ἔχωσι
1102 861 1201 931 τὴν
1231 862 1536 935 ἀνάμνησιν
1572 867 1764 938 αὐτῆς.
1820 870 1930 924 Καὶ
1978 869 2039 922 τὸ

446 950 641 1022 Πάσχα
685 952 742 1005 δὲ
770 952 991 1022 ὁμοίως,
1032 953 1128 1007 καὶ
1159 954 1227 1006 τά
1257 955 1463 1026 ἄζυμα,
1510 959 1593 1011 ὅτι
1627 960 1831 1024 είκόνες
1872 957 2035 1032 ἦσαν,

440 1042 597 1114 δηλοῖ
620 1044 714 1096 καὶ
748 1043 959 1108 Παῦλος
987 1046 1015 1098 6
1044 1045 1340 1109 ἀπόστολος
1362 1062 1375 1075 °
1415 1047 1485 1101 T6
1509 1048 1578 1102 δὲ
1602 1050 1815 1121 Πάσχα
1847 1051 2035 1121 ἡμῶν,

442 1134 686 1203 λέγεται,
708 1136 887 1203 ἐτύθη
917 1136 1197 1203 Χριστός·
1222 1138 1336 1202 καὶ,
1368 1138 1494 1193 Ἵνα
1526 1137 1651 1211 ἦτε,
1685 1144 1870 1213 φησὶν,
1907 1142 2039 1204 ἄζυ-

436 1244 565 1296 μοι,
598 1226 686 1297 μὴ
731 1227 1090 1297 μετέχοντες
1117 1227 1303 1298 ζύμης
1338 1230 1538 1303 (ζύμην
1568 1251 1625 1286 τε
1654 1233 1748 1289 νῦν
1796 1235 1892 1307 τὴν
1943 1253 2040 1289 κα-

445 1318 574 1371 κίαν
597 1318 790 1388 λέγει),
818 1319 956 1373 ἀλλ’
982 1315 1089 1387 ἦτε
1117 1319 1260 1373 νέον
1280 1322 1543 1392 φύραμα.

518 1416 609 1482 ς’.
625 1408 796 1477 Οὗτος
809 1412 940 1483 γοῦν
960 1415 1052 1467 καὶ
1069 1415 1231 1479 αὐτὸς
1259 1418 1286 1469 6
1301 1416 1395 1469 τοῦ
1414 1416 1550 1470 Θεοῦ
1577 1414 1714 1473 εἶναι
1732 1420 1895 1490 νόμος
1910 1423 2039 1493 ὁμο-

440 1504 778 1575 λογούμενος
821 1506 902 1568 εἰς
939 1504 1064 1577 τρία
1109 1505 1420 1577 διαιρεῖται,
1473 1506 1553 1571 εἴς
1592 1526 1651 1561 τε
1692 1510 1755 1563 τὸ
1794 1510 2037 1582 πληρού-

447 1613 607 1667 μενον
661 1596 769 1648 ἀπὸ
811 1596 906 1651 τοῦ
960 1598 1247 1668 Σωτῆρος·
1291 1598 1351 1651 τὸ
1393 1598 1523 1671 γὰρ,
1561 1603 1644 1656 Οὐ
1696 1604 2036 1671 φονεύσεις,

437 1688 523 1740 Οὐ
565 1688 938 1757 μοιχεύσεις,
987 1689 1109 1741 Οὐκ
1158 1688 1579 1757 ἐπιορκήσεις,
1642 1693 1699 1745 έν
1750 1692 1851 1764 τῷ,
1884 1693 2037 1763 Μηδ’

442 1778 820 1850 ὀργισθῆναι,
868 1778 1024 1849 μηδὲ
1067 1780 1464 1851 ἐπιθυμήσεις
1499 1786 1516 1816 ¹
1550 1824 1567 1847 ,
1620 1786 2033 1859 περιείληπται·

442 1873 734 1944 διαιρεῖται
776 1873 835 1927 δὲ
872 1875 968 1928 καὶ
1005 1876 1085 1938 είς
1123 1874 1183 1928 τὸ
1233 1876 1625 1947 ἀναιρούμενον
1672 1858 1914 1943 τελείως.
1967 1883 2040 1936 Τὸ
2074 1858 2113 1911 Β

442 1972 573 2039 γὰρ,
610 1968 955 2038 Ὀφθαλμὸν
979 1967 1112 2022 ἀντὶ
1148 1969 1485 2041 ὀφθαλμοῦ,
1520 1974 1617 2027 καὶ
1656 1973 1876 2029 ὀδόντα
1907 1976 2041 2030 ἀντὶ

444 2062 731 2129 ὀδόντος,
793 2062 1288 2133 συμπεπλεγμένον
1345 2067 1413 2135 τῇ
1477 2065 1695 2137 ἀδικίᾳ,
1757 2067 1851 2120 καὶ
1912 2069 2041 2122 αὐτὸ

445 2154 606 2225 ἔργον
632 2154 736 2225 τῆς
779 2154 995 2219 ἀδικίας
1050 2155 1193 2225 ἔχον,
1244 2154 1486 2228 ἀνῃρέθη
1518 2157 1624 2210 ὑπὸ
1665 2157 1760 2211 τοῦ
1788 2159 2042 2231 Σωτῆρος

442 2248 533 2300 διὰ
588 2246 698 2300 τῶν
752 2248 1032 2302 ἐναντίων.
1093 2248 1174 2301 Τά
1223 2248 1280 2301 δὲ
1340 2249 1559 2303 ἐναντία
1604 2250 1847 2321 ἀλλήλων
1904 2253 2042 2307 εἰσὶν

444 2338 787 2410 ἀναιρετικά.
843 2338 991 2408 Ἐγὼ
1030 2341 1144 2410 γὰρ
1187 2340 1345 2409 λέγω
1375 2340 1519 2409 ὑμῖν
1550 2340 1638 2410 μὴ
1685 2342 2041 2411 ἀντιστῆναι

443 2428 479 2481 ὅ
502 2433 601 2494 ιως
627 2428 707 2494 τῷ
746 2428 1010 2497 πονηρῷ,
1045 2430 1209 2484 ἀλλὰ
1227 2428 1337 2489 ἐάν
1365 2431 1459 2496 τίς
1487 2445 1561 2485 σε
1585 2432 1837 2502 ραπίσῃ,
1869 2433 2042 2502 στρέ-

445 2524 570 2589 ψον
597 2520 760 2585 αὐτῷ
788 2522 888 2575 καὶ
920 2521 1038 2590 τὴν
1065 2522 1268 2592 ἄλλην
1295 2524 1570 2594 σιαγόνα.
1632 2524 2040 2596 Ἀλληγορεῑται

440 2614 503 2667 δὲ
553 2614 648 2667 καὶ⁵
679 2615 759 2677 είς
798 2613 859 2667 τὸ
919 2614 1237 2684 μετατεθὲν,
1288 2616 1382 2669 καὶ
1442 2616 1736 2686 ὲναλλαγὲν
1788 2618 1895 2671 ἀπὸ
1941 2618 2038 2672 τοῦ

447 2704 769 2777 σωματικοῦ
798 2707 892 2761 ἐπὶ
924 2706 988 2759 τὸ
1016 2708 1389 2778 πνευματικὸν
1415 2708 1477 2761 τὸ
1502 2709 1830 2780 συμϐολικὸν
1860 2710 2038 2778 τοῦτο,

446 2799 569 2851 κατ’
611 2798 796 2853 είκὸνα
844 2798 954 2852 τῶν
994 2799 1359 2871 διαφερόντων
1409 2801 1924 2873 νενομοθετημένον.
1974 2808 2040 2860 Αἱ

450 2889 560 2959 γὰρ
596 2889 802 2953 εἰκόνες
828 2890 923 2943 καὶ
946 2890 1017 2943 τά
1048 2890 1314 2961 σύμϐολα,
1335 2894 1720 2962 παραστατικά
1761 2893 1890 2947 ὄντα
1924 2896 2042 2949 ἑτέ-

452 2994 562 3047 ρων
582 2978 924 3050 πραγμάτων
952 2978 1173 3043 ,καλῶς
1223 2980 1466 3048 ἐγίνοντο
1522 2981 1683 3053 μέχρι
1731 2983 1805 3053 μὴ
1859 2986 2040 3057 παρῆν

447 3068 696 3140 ἀλήθεια.
727 3068 1019 3141 Παρούσης
1040 3070 1097 3123 δὲ
1123 3072 1223 3142 τῆς
1246 3071 1525 3143 ἀληθείας,
1560 3071 1627 3125 τὰ
1656 3073 1757 3143 τῆς
1783 3074 2043 3145 ἀληθείας

2141 601 2417 663 tempore:
2467 593 2768 663 praesertim
2832 606 2959 646 cum
3010 591 3124 645 veri
3170 591 3368 663 jejunii
3398 595 3723 649 memoriam

2140 683 2383 749 refricet,
2411 692 2473 740 ut
2500 686 2595 755 qui
2621 684 2863 738 nondum
2899 682 3032 736 illud
3092 685 3334 739 assecuti
3396 684 3623 751 fuerint,
3657 688 3724 742 ab

2139 777 2415 832 exteriore
2449 775 2891 839 commonefacti,
2929 775 3157 830 alterius
3210 775 3599 834 recordentur.
3636 776 3724 830 Si-

2140 869 2343 924 militer
2362 876 2415 924 et
2441 868 2669 932 Pascha,
2694 882 2993 939 azymaque
3028 867 3230 938 figuras
3263 869 3539 925 exstitisse
3557 885 3724 940 quas-

2140 959 2265 1014 dam
2322 958 2529 1014 Paulus
2558 960 2675 1029 ipse
2699 958 2974 1013 declarat:
3009 957 3458 1030 Pascha,inquit,
3484 970 3725 1015 nostrum

2139 1051 2449 1106 immolatus
2470 1058 2548 1105 est
2573 1049 2892 1117 Christus’;
2922 1050 3011 1119 etf:
3042 1049 3110 1105 Ut
3138 1051 3282 1115 sitis,
3310 1052 3405 1117 ait,
3430 1054 3607 1123 azymi
3622 1071 3727 1109 non

2139 1144 2388 1199 habentes
2453 1144 2769 1213 fermentum
2850 1143 3204 1215 (fermentum
3250 1160 3382 1201 vero
3457 1146 3723 1201 malitiam

2140 1235 2420 1307 appellat),
2458 1234 2546 1289 sed
2574 1235 2693 1289 sitis
2721 1251 2853 1289 noua
2886 1236 3187 1304 conspersio
3222 1236 3262 1290 ³.

2211 1410 2302 1469 Vl.
2334 1410 2428 1468 Sic
2460 1412 2625 1483 igitur
2660 1413 2743 1468 lex
2778 1414 2918 1483 ipsa,
2954 1428 3120 1483 quam
3154 1427 3183 1465 a
3216 1412 3327 1469 Deo
3360 1428 3616 1468 manasse
3648 1412 3728 1466 fa-

2142 1514 2327 1561 tentur
2366 1521 2578 1571 omnes,
2606 1505 2879 1560 trifariam
2909 1504 3202 1560 dividitur:
3235 1505 3290 1559 in
3353 1521 3472 1561 eam
3519 1518 3726 1575 partem

2139 1614 2305 1670 quam
2331 1596 2582 1653 Salvator
2600 1598 2861 1669 implevit.
2882 1596 3007 1652 Haec
3033 1599 3178 1652 enim
3205 1599 3412 1665 omnia,
3438 1597 3561 1653 Non
3586 1602 3727 1654 occi-

2141 1689 2254 1755 des,
2286 1707 2392 1745 nou
2424 1689 2786 1755 maechaberis,
2829 1706 2932 1742 non
2959 1689 3219 1759 pejerabis
3242 1690 3264 1722 δ
3289 1729 3305 1755 ,
3355 1691 3409 1745 in
3439 1692 3571 1746 iisee
3595 1708 3729 1747 con-

2142 1784 2404 1849 tinentur,
2433 1782 2556 1838 Non
2593 1785 2863 1848 irasceris,
2905 1800 3008 1837 non
3066 1786 3454 1853 concupisces”.
3515 1784 3575 1839 ln
3607 1802 3727 1840 eam

2144 1892 2264 1946 quae
2291 1876 2513 1947 penitus
2537 1878 2754 1931 sublata
2774 1886 2878 1932 est.
2918 1875 3013 1932 His
3042 1877 3189 1931 enim
3232 1878 3550 1948 praeceptis,
3583 1877 3728 1933 Ocu-

2142 1968 2252 2022 lum
2280 1983 2375 2037 pro
2403 1969 2577 2032 oculo,
2622 1968 2829 2022 dentem
2877 1985 2972 2038 pro
3013 1968 3166 2022 dente
3193 1970 3235 2034 ⁸,
3272 1985 3396 2039 qua:
3422 1985 3546 2024 cum
3581 1970 3728 2041 inju-

2143 2060 2290 2116 stitia
2328 2060 2589 2131 permisla
2612 2068 2761 2124 sunt,
2789 2060 3021 2131 ejusque
3038 2076 3229 2115 secum
3253 2061 3457 2131 aliquid
3479 2062 3726 2129 trahunt,

2143 2150 2441 2205 contrariis
2500 2149 2712 2219 legibus
2741 2150 3074 2220 derogatur:
3102 2151 3382 2204 contraria
3411 2166 3576 2220 porro
3608 2167 3729 2207 sese

2144 2242 2374 2297 invicem
2402 2245 2679 2312 perimunt
2708 2262 2722 2295 :
2746 2242 2903 2311 221
2929 2240 3039 2312 Ego
3070 2243 3209 2297 enim
3240 2243 3357 2296 dico
3385 2241 3527 2297 vobis
3562 2244 3731 2297 omni-

2143 2350 2209 2388 no
2255 2350 2360 2387 non
2422 2335 2665 2388 resistere
2700 2335 2859 2388 malo.
2896 2335 2999 2388 Sed
3026 2336 3075 2388 si
3105 2336 3222 2406 quis
3248 2344 3297 2389 te
3322 2336 3639 2404 percusserit
3674 2336 3730 2389 in

2146 2427 2448 2491 maxillam,
2474 2427 2650 2496 prwbe
2697 2427 2781 2481 illi
2815 2436 2865 2481 et
2894 2427 3182 2483 alteram".
3215 2428 3371 2494 Quod
3405 2429 3625 2500 quidem
3658 2428 3729 2482 ad

2142 2519 2525 2574 excellentium
2568 2534 2752 2575 rerum
2774 2519 3205 2575 adumbrandam
3250 2524 3488 2591 speciem
3519 2521 3729 2575 consti-

2146 2620 2341 2677 tutum,
2374 2619 2431 2668 et
2478 2627 2509 2666 a
2535 2612 2820 2684 corporeis
2852 2612 2918 2666 ad
2975 2613 3246 2685 spiritalia
3290 2615 3620 2669 translatum
3665 2629 3730 2669 ac

2147 2714 2415 2761 mutatum
2446 2721 2542 2776 per
2565 2706 2886 2777 allegoriam
2917 2706 3232 2775 exponitur.
3261 2705 3475 2761 Etenim
3528 2704 3731 2777 elligies

2149 2812 2213 2851 ac
2243 2798 2397 2867 signa
2422 2796 2544 2851 aliis
2569 2798 2737 2852 rebus
2768 2796 3118 2852 declarandis
3176 2795 3422 2851 adhibita
3459 2797 3731 2866 tantisper

2148 2890 2612 2961 opportunitatem
2668 2890 2999 2954 habuerunt,
3035 2888 3218 2960 quoad
3258 2890 3500 2944 nondum
3530 2891 3731 2945 veritas

2145 2984 2445 3040 affulserat.
2504 2983 2622 3051 Qua
2665 2986 3014 3050 succedente,
3048 2998 3156 3038 non
3182 2997 3305 3053 quae
3344 2982 3589 3052 imagini,
3635 2982 3731 3037 sed

2145 3093 2267 3148 quae
2326 3077 2545 3132 veritati
2617 3082 2930 3147 congruunt
2989 3075 3171 3129 facere
3228 3075 3503 3129 convenit.
3561 3073 3730 3145 quue

445 3161 528 3215 δεῖ
555 3166 747 3227 ποιεῖν,
792 3161 851 3217 οὗ
897 3164 965 3217 τὰ
991 3164 1089 3235 τῆς
1121 3165 1351 3229 εἰκόνος.
1401 3164 1589 3220 Ταῦτα
1629 3166 1685 3220 δὲ
1715 3167 1810 3221 καλ¹
1841 3169 1892 3221 οί
1940 3186 2043 3240 μα-

2154 3173 2333 3241 ipsum
2364 3186 2489 3226 cum
2528 3170 2724 3241 reliqui
2759 3184 2949 3225 omnes
2976 3168 3257 3239 discipuli,
3291 3174 3406 3222 tum
3447 3169 3730 3238 apostolus

446 3252 611 3325 θηταὶ
667 3256 854 3321 αὑτοῦ,
926 3258 1022 3311 καὶ
1067 3258 1095 3309 6
1138 3258 1433 3322 ἀπόστολος
1473 3258 1645 3325 ἔδειξε
1694 3261 1939 3326 Παῦλος·
1984 3264 2044 3317 τὸ

2154 3262 2354 3317 Paulus
2380 3260 2641 3317 ostendit.
2668 3260 2772 3327 Qui
2806 3260 3097 3331 ﬁguratum
3136 3258 3271 3316 illud
3296 3274 3470 3329 genus
3510 3270 3733 3330 propter

452 3347 551 3415 μὲν
579 3346 689 3401 τῶν
738 3348 986 3413 εἰκόνων,
1018 3348 1093 3413 ὡς
1144 3350 1242 3421 ἤδη
1303 3349 1552 3422 εἴπομεν,
1587 3352 1676 3405 διὰ
1705 3350 1800 3406 τοῦ
1851 3354 2046 3425 Πάσχα

448 3440 547 3491 καὶ
611 3438 719 3492 τῶν
762 3439 989 3511 ἀζύμων
1027 3439 1206 3506 δείξας
1239 3442 1306 3494 δι’
1339 3444 1524 3514 ἡμᾶς·
1564 3444 1626 3497 τὸ
1670 3444 1727 3497 δὲ
1770 3444 1864 3497 τοῦ
1913 3462 2050 3516 συμ-

449 3529 833 3600 πεπλεγμένου
867 3531 1034 3602 νόμου
1066 3535 1132 3604 τῇ
1170 3533 1373 3606 ἀδικίᾳ,
1407 3534 1579 3589 εἰπὼν
1606 3536 1699 3590 τὸν
1744 3537 1907 3609 νόμον
1938 3536 2049 3591 τῶν

451 3621 681 3675 ἐντολῶν
716 3625 774 3676 ἐν
815 3622 1048 3694 δόγμασι
1077 3624 1495 3696 κατηργῆσθαι·
1528 3627 1591 3680 τὸ
1625 3627 1683 3680 δὲ
1731 3626 1826 3680 τοῦ
1871 3629 2049 3698 ἀσυμ-

436 3714 655 3767 πλόκου
694 3714 772 3786 τῷ
825 3715 1053 3787 χείρονι,
1120 3717 1181 3769 '0
1210 3716 1329 3787 μὲν
1370 3720 1575 3788 νόμος,
1622 3717 1813 3784 είπὼν,
1856 3718 2046 3797 ἅγιος,

452 3806 551 3859 καὶ
578 3807 617 3875 ἠ
641 3807 864 3876 ἐντολὴ
892 3808 1054 3879 ἁγία,
1089 3810 1188 3863 καὶ
1224 3809 1429 3864 δικαία
1470 3811 1569 3865 καὶ
1602 3811 1819 3882 ἀγαθή.

524 3900 597 3953 Z'.
633 3899 722 3963 Ὠς
758 3900 857 3970 μὲν
887 3895 978 3954 οὖν
1013 3901 1293 3973 συντόμως
1337 3900 1484 3954 ἔστιν
1518 3904 1711 3968 εἰπεῖν,
1755 3902 2047 3974 αὐτάρκως

451 3985 608 4060 οἶμαί
640 4008 721 4044 σοι
749 3991 1039 4062 δεδεῖχθαι,
1076 3994 1170 4047 καὶ
1198 3992 1296 4064 τὴν
1325 3992 1383 4059 ἐξ
1411 3993 1716 4065 ἀνθρώπων
1747 3994 2046 4066 παρεισδύ-

454 4098 628 4135 σασαν
671 4083 1013 4154 νομοθεσίαν,
1049 4086 1144 4138 καὶ
1201 4086 1365 4140 αὐτὸν
1411 4086 1503 4140 τὸν
1551 4086 1647 4138 τοῦ
1698 4084 1834 4139 Θεοῦ
1886 4086 2049 4157 νόμον

454 4179 617 4248 τριχῆ
662 4176 1072 4249 διαιρούμενον·
1116 4177 1490 4250 περιλείπεται
1540 4179 1597 4231 δὲ
1649 4180 1782 4250 ἡμῖν
1818 4179 1873 4232 τί
1918 4180 2049 4232 ποτέ

455 4270 603 4322 ἐστιν
636 4262 792 4334 οὗτος
830 4273 859 4325 6
895 4270 1029 4334 Θεὸς
1071 4270 1099 4322 6
1142 4270 1236 4325 τὸν
1283 4272 1445 4343 νόμον
1485 4270 1728 4343 θέμενος.
1772 4272 1933 4325 Ἀλλά
1956 4272 2049 4325 καὶ

456 4362 613 4415 τοῦτο
647 4362 889 4435 ἡγοῦμαί
920 4382 1001 4418 σοι
1032 4363 1297 4435 δεδεῖχθαι
1330 4364 1423 4418 ἐπὶ
1459 4364 1566 4419 τῶν
1607 4364 2045 4436 προειρημένων,

458 4457 507 4507 εί
548 4456 823 4527 ἐπιμελῶς
858 4457 1124 4529 ἀκήκοας.
1171 4458 1234 4510 Ei
1278 4455 1388 4528 γὰρ
1439 4457 1578 4528 μήτε
1620 4457 1713 4510 ὑπ’
1745 4454 1911 4512 αὑτοῦ
1962 4474 2049 4510 τε-

2150 3370 2274 3417 nos,
2308 3362 2366 3408 ut
2398 3353 2659 3418 diximus,
2697 3354 2753 3407 in
2782 3351 3051 3407 Pascbate
3122 3350 3444 3421 azymisque
3500 3348 3732 3405 demon-

2150 3454 2309 3502 strat.
2332 3446 2407 3502 De
2436 3446 2610 3502 altero
2644 3460 2775 3500 vero
2803 3442 2949 3514 quod
2972 3442 3310 3514 implicatum
3337 3442 3609 3513 injustitia
3626 3451 3731 3506 est,

2151 3538 2557 3609 loquitur,cum
2592 3538 2763 3607 legem
2787 3534 3170 3589 mandatorum
3195 3533 3275 3586 ait
3298 3533 3352 3588 in
3383 3532 3734 3604 dogmatibus

2150 3631 2464 3702 abrogatam
2488 3630 2530 3685 ⁸.
2563 3629 2640 3683 De
2661 3629 2823 3684 tertio
2865 3626 3124 3696 denique,
3156 3624 3304 3696 quod
3332 3625 3624 3681 deterioris
3650 3633 3737 3681 est

2150 3738 2383 3794 expers:
2417 3721 2545 3786 Lex,
2580 3720 2781 3791 inquit,
2824 3728 3011 3772 sancta
3036 3727 3134 3781 est,
3159 3725 3211 3771 et
3251 3714 3570 3770 mandatum
3601 3733 3732 3773 san-

2150 3824 2315 3879 ctum,
2346 3824 2396 3867 et
2431 3813 2631 3880 iustum
2657 3820 2706 3865 et
2736 3809 2931 3864 bonum
2950 3810 2992 3863 '.

2225 3904 2337 3961 VII.
2375 3903 2741 3971 Quamobrem
2777 3902 2911 3957 satis
2965 3915 3239 3970 superque
3294 3900 3418 3969 tibi,
3464 3908 3735 3972 quantum

2149 4000 2388 4057 breviter
2419 3995 2807 4066 comprehendi
2851 4001 3051 4067 potest,
3092 3992 3400 4051 declaratus
3455 4010 3549 4051 eas
3588 3996 3736 4066 leges

2151 4094 2408 4157 arbitror,
2443 4105 2564 4161 qua:
2592 4104 2659 4144 ex
2688 4087 3012 4142 auctoritate
3043 4086 3324 4141 hominum
3358 4086 3735 4158 irrepserunt;

2154 4186 2437 4256 ipsamque
2468 4181 2559 4235 Dei
2590 4180 2760 4250 legem
2787 4177 3055 4232 trifariam
3095 4193 3216 4234 esse
3238 4176 3491 4233 divisam.
3533 4178 3736 4251 Super-

2150 4284 2327 4332 estut
2368 4273 2492 4344 quis
2550 4272 2640 4326 ille
2700 4270 2773 4325 sit
2805 4268 2949 4324 Deus
3002 4269 3137 4339 legis
3193 4276 3387 4324 auctor
3440 4272 3735 4328 dicendum

2151 4369 2419 4424 videatur.
2455 4363 2619 4437 Atqui
2676 4361 2822 4418 istud
2855 4361 3018 4416 etiam
3059 4378 3126 4416 ex
3153 4362 3243 4427 iis,
3282 4378 3404 4433 quae
3465 4364 3734 4421 hactenus

2152 4461 2428 4530 disputata
2450 4464 2600 4522 sunt,
2631 4454 2677 4511 si
2705 4460 2910 4510 attente
2944 4452 3205 4522 audieris,
3230 4463 3363 4525 puto
3395 4456 3494 4511 tibi
3511 4456 3736 4513 demon-

457 4546 602 4599 λείου
635 4547 771 4600 Θεοῦ
803 4547 1038 4602 τέθειται
1081 4540 1257 4613 οὗτος,
1286 4548 1363 4613 ὡς
1393 4548 1734 4621 ἐδιδάξαμεν,
1768 4550 1905 4621 μήτε
1940 4550 2044 4622 μὴν

2154 4558 2406 4607 stratum.
2458 4547 2594 4602 Nam
2625 4546 2671 4603 si
2704 4560 2881 4617 neque
2909 4560 2940 4599 a
2968 4546 3213 4615 perfecto
3267 4548 3361 4602 illo
3415 4548 3527 4605 Deo
3556 4552 3737 4619 posita

458 4637 565 4690 ὐπὸ
594 4636 689 4691 τοῦ
728 4637 994 4705 διαϐόλου,
1027 4639 1055 4692 ὃ
1086 4640 1223 4712 μηδὲ
1268 4640 1488 4711 θεμιτόν
1521 4642 1667 4693 ἐστιν
1696 4643 1868 4694 εἰπεῖν
1888 4656 1902 4671 ·
1930 4641 2050 4695 ’ἐτε-

460 4730 553 4803 ρός
582 4731 666 4795 τίς
700 4734 815 4785 ἐστι
849 4732 998 4803 παρά
1026 4732 1248 4796 τούτους
1288 4728 1444 4797 οὗτος
1493 4735 1521 4787 6
1564 4733 1789 4804 θέμενος
1828 4734 1920 4788 τὸν
1963 4734 2052 4789 νό-

463 4840 583 4894 μον.
633 4814 801 4888 Οὗτος
850 4824 907 4877 δὲ
952 4825 1284 4897 δημιουργὸς
1328 4827 1423 4878 καὶ
1475 4825 1705 4896 ποιητὴς
1754 4825 1908 4879 τοῦδε
1955 4826 2049 4880 τοῦ

462 4917 662 4981 παντός
704 4917 820 4971 ἐστι
862 4917 1092 4989 κόσμου,
1127 4918 1223 4971 καὶ
1265 4916 1373 4971 τῶν
1421 4918 1479 4970 ἐν
1530 4917 1701 4989 αὐτῷ,
1749 4917 1937 4989 ἕτερος
1973 4916 2049 4972 ὣν

463 5006 615 5078 παρὰ
659 5006 759 5071 τὰς
796 5007 1002 5061 τούτων
1041 5007 1249 5073 οὐσίας,
1301 5008 1467 5079 μέσος
1510 5008 1715 5062 τούτων
1768 5006 2048 5073 καθεστὼς

462 5098 705 5164 ἐνδίκως,
735 5100 830 5153 καί⁹
857 5101 919 5153 τὸ
942 5103 1043 5172 τῆς
1073 5101 1368 5173 μεσότητος
1397 5102 1569 5174 ὄνομα
1598 5102 1929 5173 ἀποφέροιτο
1957 5102 2043 5157 ἄν.

461 5192 573 5245 Καὶ
602 5194 651 5245 εί
683 5193 712 5244 6
747 5192 948 5256 τέλειος
975 5193 1107 5257 Θεὸς
1134 5193 1338 5263 ἀγαθός
1384 5194 1500 5247 ἐστι
1549 5193 1690 5247 κατὰ
1721 5194 1821 5265 τὴν
1851 5192 2046 5247 ἑαυτοῦ

464 5283 645 5354 φύσιν,
670 5284 860 5358 ὥσπερ
888 5286 983 5341 καὶ
1019 5286 1167 5341 ἐστιν
1198 5287 1317 5359 (ἕνα
1350 5286 1458 5357 γὰρ
1497 5287 1656 5359 μόνον
1684 5283 1822 5341 εῖναι
1852 5286 2050 5358 ἀγαθὸν

2152 4641 2239 4697 lex
2261 4647 2365 4708 est,
2408 4639 2488 4693 uti
2514 4636 2845 4702 docuimus;
2884 4652 3060 4707 neque
3088 4651 3218 4692 vero
3257 4653 3286 4691 a
3319 4639 3557 4707 diabolo,
3592 4640 3739 4711 quod

2151 4733 2299 4789 dictu
2326 4731 2490 4786 etiam
2538 4728 2694 4786 nefas
2734 4736 2858 4797 est;
2896 4730 3037 4786 alius
3082 4731 3156 4785 sit
3208 4740 3444 4802 Oportet,
3486 4734 3580 4804 qui
3615 4749 3739 4789 eam

2152 4825 2323 4895 legem
2362 4821 2673 4877 stabilierit.
2725 4819 2825 4875 Hic
2870 4828 2956 4876 est
2992 4821 3157 4892 igitur
3210 4824 3378 4878 totius
3409 4824 3501 4879 ille
3546 4824 3738 4879 mundi

2153 4932 2455 4986 eorumque
2485 4930 2604 4985 quae
2645 4914 2701 4968 in
2751 4929 2817 4969 eo
2860 4916 3211 4971 continentur
3238 4916 3431 4971 artifex
3460 4925 3514 4972 et
3543 4919 3739 4974 condi-

2156 5016 2264 5074 tor,
2306 5008 2374 5063 ab
2399 5007 2619 5062 illorum
2647 5014 2847 5061 natura
2878 5006 3152 5072 diversus,
3176 5016 3229 5061 et
3252 5007 3306 5062 in
3335 5024 3523 5063 eorum
3556 5009 3738 5065 medio

2156 5114 2257 5155 suo
2280 5098 2404 5169 jure
2436 5096 2819 5152 collocandus:
2856 5112 2961 5166 qua
2982 5112 3047 5151 ex
3073 5095 3451 5152 mediocritate
3481 5096 3590 5166 peti
3615 5095 3738 5166 ejus

2157 5190 2449 5262 appellatio
2483 5196 2679 5261 potest.
2714 5188 2869 5254 Quod
2916 5189 2965 5244 si
3020 5188 3298 5258 perfectus
3342 5187 3432 5242 ille
3461 5187 3605 5242 Deus
3638 5203 3738 5244 na-

2160 5291 2285 5338 tura
2320 5297 2421 5337 sua
2452 5282 2632 5337 bonus
2665 5289 2768 5349 est,
2796 5289 2853 5335 ut
2894 5289 2977 5336 est
3036 5294 3223 5335 revera
3256 5280 3448 5345 (unum
3475 5281 3621 5335 enim
3638 5281 3738 5337 bo-

539 5441 555 5473 ¹
578 5440 706 5513 C_or.
752 5443 1111 5513 ἐπιθυμῆσαι.
1186 5443 1208 5474 ¹
1230 5439 1409 5513 l_Cor.
1436 5458 1491 5510 v,
1526 5442 1589 5513 7.
1656 5442 1677 5473 ³
1713 5441 1845 5497 ibid.
1920 5441 1943 5474 ⁵
1968 5442 2043 5495 Ex

2172 5456 2264 5505 xx,
2295 5439 2393 5513 15,
2422 5439 2510 5501 Η,
2542 5437 2682 5513 16η-
2704 5438 2724 5469 ⁸
2754 5436 2943 5491 Matth.
2982 5453 3035 5505 v,
3068 5436 3159 5505 22,
3194 5437 3287 5493 28.
3366 5438 3387 5470 ⁸
3411 5438 3584 5494 Exod.
3618 5455 3737 5507 nt,

462 5510 570 5579 26;
613 5511 788 5567 Levit.
824 5508 1090 5577 mmo.
1165 5514 1186 5546 τ
1224 5511 1414 5568 Matth.
1446 5508 1499 5582 v',
1533 5512 1625 5568 59.
1699 5514 1721 5544 ⁸
1745 5513 1945 5583 Ephes.
1990 5528 2047 5577 ιι,
2082 5512 2167 5566 15.
2242 5514 2263 5545 θ
2292 5509 2453 5564 Rom.
2498 5525 2590 5574 vn,
2622 5508 2708 5562 l2.

538 5672 614 5741 (5)
644 5670 742 5736 Ὠς
774 5670 1109 5742 ὡρισμένης
1132 5671 1313 5742 τοῦτο
1334 5672 1578 5742 ἡμέρας.
1608 5670 1737 5742 Leg.
1769 5671 1849 5742 είς
1868 5668 2047 5724 τοῦτο.

462 5738 745 5813 Caeterum
786 5738 1006 5813 videant
1048 5741 1219 5813 hujus,
1256 5738 1519 5813 temporis
1545 5741 1826 5803 haeretici,
1855 5756 2049 5813 quem-

465 5826 597 5870 nam
648 5811 753 5869 sibi
792 5812 1254 5884 pervicacissimi,
1290 5827 1353 5870 ac
1371 5810 1669 5873 vanissimi
1698 5810 1919 5869 erroris-
1935 5825 2052 5866 ma-

2158 5668 2391 5738 gistrum
2423 5681 2489 5738 ac,
2514 5674 2804 5736 patronum
2831 5665 3124 5723 asciverint
3153 5685 3165 5720 :
3204 5664 3333 5738 dum
3372 5664 3597 5738 jejunia
3629 5672 3730 5738 sta-

2159 5736 2230 5793 tis
2263 5737 2606 5807 temporibus
2636 5738 2864 5807 indicta,
2896 5753 2960 5795 ac
2983 5745 3261 5794 certorum
3285 5737 3494 5793 dierum
3523 5736 3742 5808 religio-

2159 5824 2284 5866 nem
2318 5808 2601 5864 damnant.
