4156 6358
427 352 535 408 567

1804 350 1865 406 S.
1909 349 2254 407 EPIPHANII

3610 344 3722 404 568

426 488 559 527 num
593 486 719 527 esse
763 470 932 527 Deum
963 486 1028 525 ac
1060 479 1341 543 parentem
1365 485 1522 527 suum
1580 470 1832 528 Salvator
1866 490 2013 529 asse-

2121 475 2255 527 Θεδν
2280 474 2374 528 τὸν
2406 471 2602 527 ἑαυτοῦ
2635 471 2856 545 Πατέρα
2896 470 2926 525 6
2959 470 3149 542 Σωτὴρ
3178 468 3337 540 ἡμῶν
3372 467 3722 539 ἀπεφήνατο,

424 565 597 631 ruit‘,
640 581 800 637 quem
825 574 882 621 et
914 565 1233 621 hominibus
1284 564 1587 637 patefecit);
1611 572 1696 622 est
1733 574 1914 622 autem
1959 576 2013 623 et

423 660 705 714 contraria
753 666 950 713 natura
982 658 1266 730 praeditus,
1300 660 1479 713 malus
1502 656 1757 714 videlicet
1788 675 1853 715 ac
1879 675 2012 731 pra-

422 766 549 816 vus,
576 750 669 822 qui
695 750 965 821 injustitia
995 752 1144 807 velut
1173 752 1393 822 pr0pria
1437 762 1565 807 nota
1596 752 2013 808 circumscribi-

424 856 549 915 tur;
582 848 850 919 qui‘iuter
886 849 1077 903 ambos
1108 848 1233 905 illos
1260 847 1584 917 interjectus
1608 856 1716 913 est,
1740 854 1800 901 ut
1831 863 2013 917 neque

423 939 635 1007 bonus,
694 955 873 1010 neque
926 940 1104 995 malus
1162 940 1234 995 sit
1293 946 1389 994 aut
1433 938 1695 1009 injustus,
1750 939 2014 1009 peculiari

424 1034 661 1103 quadam
698 1033 914 1089 ratione
958 1033 1145 1103 justus
1177 1033 1436 1103 appellari
1499 1042 1699 1104 potest,
1735 1039 2014 1103 quatenus

422 1125 657 1196 justitiaz
687 1141 850 1195 quam
885 1126 1049 1180 habet
1102 1124 1479 1181 moderatione
1524 1124 1791 1195 fungitur.
1836 1123 2016 1194 Atque

426 1227 482 1272 et
510 1217 752 1287 perfecto
784 1217 893 1274 Deo
934 1218 1134 1283 minor,
1185 1226 1240 1273 et
1273 1218 1501 1286 justitiae
1538 1218 1686 1272 illius
1735 1218 1913 1288 impar
1943 1217 2016 1273 sit

427 1309 568 1363 idem
606 1310 694 1365 ille
710 1309 853 1366 Deus
874 1317 1111 1379 oportet,
1132 1317 1318 1380 utpote
1338 1325 1446 1364 non
1469 1310 1771 1379 ingenitus,
1793 1309 1889 1365 sed
1920 1325 2015 1379 ge-

426 1404 708 1455 neratione
728 1400 1047 1471 productus.
1078 1399 1229 1456 Unus
1251 1408 1338 1455 est
1366 1401 1512 1455 enim
1537 1401 1809 1472 ingenitus
1830 1400 2014 1463 Pater,

425 1489 588 1559 222
624 1505 655 1543 a
683 1507 793 1560 quo
832 1491 1053 1561 proprie
1099 1498 1229 1545 sunt
1292 1490 1549 1547 universa
1576 1531 1592 1556 ,
1654 1505 1779 1545 cum
1838 1492 1907 1545 ab
1949 1505 2017 1545 eo

426 1593 552 1649 apta
595 1581 707 1636 sint
742 1589 798 1637 et
827 1596 1133 1652 suspensa:
1168 1582 1273 1635 erit
1325 1589 1509 1635 tamen
1572 1579 1890 1636 adversario
1923 1581 2017 1637 illo

425 1672 598 1727 altero
632 1672 809 1742 major
852 1688 917 1727 ac
967 1673 1343 1744 praastantior,
1371 1672 1592 1729 tametsi
1630 1672 1911 1727 diversam
1944 1673 2017 1729 sit

426 1762 496 1816 ab
521 1770 756 1833 utroque
786 1771 1039 1818 naturam
1084 1763 1563 1832 substantiamque
1591 1764 1844 1818 sortitus.
1877 1761 2013 1816 Nam

2115 568 2176 621 ὃν
2203 567 2367 631 αὐτὸς
2409 565 2805 638 ὲφανέρωσεν)·
2848 564 2964 617 ἐστι
3001 562 3058 616 δὲ
3098 561 3195 616 καὶ
3229 561 3260 613 6
3289 561 3390 632 τῆς
3422 559 3520 613 τοῦ
3558 562 3712 613 ἀντι-

2115 658 2369 729 κειμένου
2414 656 2630 727 φύσεως
2676 655 2844 718 κακός
2884 671 2944 707 τε
2992 653 3088 707 καὶ
3137 651 3392 724 πονηρὸς,
3440 652 3501 703 ὲν
3529 650 3717 721 ἀδικίᾳ

2115 748 2676 823 χαρακτηριζόμενος.
2706 747 2925 801 Τούτων
2962 746 3018 799 δὲ
3063 740 3156 799 οὖν
3195 744 3359 816 μέσον
3406 741 3711 806 καθεστὼς,

2115 842 2209 894 xai.
2238 842 2375 913 μήτε
2414 840 2618 908 ἀγαθὸς
2643 839 2739 903 ῶν,
2775 839 2910 909 μήτε
2947 835 3053 907 μὴν
3096 836 3287 899 κακὸς,
3332 834 3472 904 μήτε
3504 833 3714 897 ἄδικος,

2119 933 2263 998 ἰδίως
2292 951 2352 986 τε
2385 932 2603 1005 λεχθείη
2631 933 2697 987 ἂν
2724 932 2954 995 δίκαιος,
2992 930 3093 1001 τῆς
3134 930 3256 982 κατ’
3299 929 3463 981 αὐτὸν
3507 927 3715 980 δικαιο-

2118 1026 2285 1099 σύνης
2310 1024 2385 1079 ῶν
2430 1026 2756 1098 βραϐευτής.
2793 1025 2903 1078 Καὶ
2953 1023 3106 1076 ἔσται
3149 1022 3248 1094 μὲν
3286 1020 3715 1090 καταδεέστερος

2113 1120 2210 1174 τοῦ
2238 1120 2445 1174 τελείου
2477 1119 2636 1182 Θεοῦ,
2679 1118 2772 1171 καὶ
2797 1118 2896 1187 τῆς
2930 1116 3151 1169 ἐκείνου
3178 1114 3528 1185 δικαιοσύνης
3554 1112 3715 1166 ἐλάτ-

2115 1230 2223 1265 των
2247 1206 2403 1276 οῦτος
2444 1213 2473 1265 6
2515 1210 2672 1275 Θεὸς,
2708 1210 2803 1263 bas
2838 1210 2903 1281 δή
2944 1208 3038 1263 καὶ
3068 1207 3326 1279 γεννητὸς
3363 1205 3459 1271 ῶν,
3491 1206 3585 1258 καὶ
3618 1202 3715 1257 οὖν

2116 1304 2410 1374 άγέννητος
2446 1297 2551 1372 (εἷς
2591 1304 2700 1374 γάρ
2734 1302 2882 1355 ἐστιν
2929 1300 3224 1371 ἀγέννητος
3253 1300 3282 1352 6
3311 1297 3522 1369 Πατὴρ,
3559 1295 3619 1360 ἐξ
3647 1288 3712 1348 οὗ

2115 1397 2187 1452 τά
2213 1396 2391 1450 πάντα
2413 1396 2577 1461 ἰδίως,
2611 1395 2721 1449 τῶν
2750 1392 2968 1447 πάντων
2996 1391 3325 1463 ἠρτημένων
3363 1390 3459 1444 ἀπ’
3487 1386 3705 1454 αύτοῦ)’

2121 1490 2328 1562 μείζων
2373 1488 2429 1541 δὲ
2474 1489 2568 1541 καὶ
2613 1485 2949 1559 κυριώτερος
3013 1484 3108 1538 τοῦ
3152 1480 3568 1552 ἀντικειμένου,
3614 1479 3713 1532 καὶ

2116 1582 2311 1653 ἐτέρας
2355 1581 2544 1644 οὐσίας
2591 1598 2651 1634 τε
2707 1580 2803 1633 xai.
2853 1579 3070 1649 φύσεως
3110 1573 3371 1646 πεφυκὼς
3417 1572 3571 1643 παρά
3609 1571 3717 1643 τήν

2115 1675 2393 1746 ἑκατέρων
2417 1674 2624 1728 τούτων
2662 1674 2870 1727 οὐσίαν.
2898 1671 3004 1725 Τοῦ
3041 1671 3139 1742 μὲν
3181 1669 3292 1741 γὰρ
3327 1663 3717 1735 ἀντικειμένου

2116 1768 2264 1822 ἐστὶν
2296 1771 2329 1839 ή
2360 1768 2539 1832 ούσία,
2570 1756 2748 1837 φθορά
2769 1784 2832 1820 τε
2857 1768 2949 1820 καὶ
2968 1764 3178 1823 σκότος’
3206 1760 3389 1824 ύλικὸς
3415 1758 3525 1830 γάρ
3553 1750 3715 1819 οὗτος

425 1856 732 1911 adversarii
789 1867 986 1911 natura
1023 1858 1308 1927 corruptio
1358 1865 1445 1912 est
1482 1871 1546 1910 ac
1595 1856 1856 1920 tenebrae,
1890 1871 2013 1910 cum

2120 1863 2213 1915 καὶ
2243 1860 2598 1932 πολυσχεδήςο
2638 1858 2734 1913 τοῦ
2765 1858 2821 1911 δὲ
2852 1858 3067 1929 Πατρὸς
3094 1855 3204 1909 τῶν
3242 1854 3380 1908 ὅλων
3421 1849 3515 1904 τοῦ
3543 1850 3710 1916 ἀγεν-

424 1950 656 2003 inateria
706 1949 909 2021 quippe
936 1957 1228 2006 concretus
1262 1957 1348 2005 est
1377 1964 1442 2004 ac
1480 1950 1785 2019 multiplex.
1816 1949 1881 2002 At
1906 1948 2010 2004 Pa-

425 2037 594 2092 rentis
651 2038 896 2092 omnium
949 2039 1177 2109 ingeniti
1230 2047 1427 2093 natura
1486 2039 1869 2109 corruptionis
1924 2046 2011 2094 est

423 2146 642 2201 expers,
680 2131 882 2202 luxque
910 2130 1029 2202 ipsa
1090 2148 1187 2203 per
1234 2141 1408 2188 semet
1434 2134 1729 2200 exsistens,
1778 2133 2010 2203 simplex

423 2232 478 2275 et
506 2223 836 2278 uniusmodi.
873 2223 1077 2278 llorum
1112 2233 1311 2279 natura
1346 2224 1619 2295 duplicem
1653 2241 1789 2281 sane
1820 2224 2009 2280 Virtu-

423 2321 531 2365 tem
556 2316 797 2384 peperit;
823 2314 919 2370 sed
965 2314 1232 2371 Conditor
1270 2323 1453 2370 tamen
1489 2317 1604 2387 ipse
1662 2316 1840 2386 imago
1871 2330 2012 2386 prae-

424 2405 707 2461 stantioris
731 2415 834 2462 est.
867 2405 1056 2478 Neque
1093 2423 1223 2464 vero
1250 2423 1313 2463 ea
1338 2414 1389 2463 te
1414 2424 1502 2464 res
1529 2411 1833 2479 perturbet,
1867 2409 2009 2464 scire

356 2558 364 2566 _
422 2499 756 2568 cupientem,
797 2500 1076 2569 quomodo
1106 2516 1231 2555 cum
1277 2518 1449 2555 unum
1482 2502 1574 2568 sit,
1603 2510 1803 2558 etesse
1832 2500 1996 2557 fatea-

422 2606 549 2643 mur
602 2606 667 2645 ac
729 2592 1057 2656 credamus,
1109 2607 1293 2647 rerum
1346 2596 1592 2647 omnium
1670 2592 2007 2664 Principium

421 2683 796 2752 generationis
820 2699 975 2753 aeque
1008 2698 1071 2738 ac
1101 2685 1475 2754 corruptionis
1504 2700 1724 2755 expers,
1756 2684 2011 2755 idemque

424 2776 654 2839 bonum,
687 2774 862 2829 amba:
891 2780 974 2830 ha:
1001 2783 1213 2831 naturae
1240 2784 1494 2831 constare
1546 2777 1849 2848 potuerint,
1886 2793 2011 2831 cor-

424 2865 692 2935 ruptionis
712 2867 993 2931 nimirum,
1017 2874 1072 2923 et
1106 2867 1295 2923 media:
1325 2864 2008 2935 cujusdam‘conditionis,

425 2972 551 3025 quae
579 2971 610 3009 a
644 2971 701 3012 se
728 2956 965 3011 invicem
1024 2967 1219 3011 natura
1252 2957 1589 3027 discrepent,
1624 2973 1750 3013 cum
1771 2958 1825 3011 id
1866 2959 2011 3013 bono

424 3046 647 3103 insitum
699 3051 792 3114 sit,
853 3060 911 3104 ut
966 3050 1069 3105 sibi
1104 3067 1268 3121 quam
1305 3053 1605 3115 simiUima,
1655 3053 2013 3124 ejusdemque

425 3158 614 3198 secum
648 3153 859 3200 naturae
905 3145 1092 3216 gignat
1124 3161 1189 3200 ac
1221 3146 1488 3217 proferat.
1521 3146 1601 3201 Tu
1632 3148 1801 3215 enim,
1828 3150 2011 3219 cpitu-

2112 1957 2273 2027 νήτου
2306 1957 2338 2025 ή
2378 1953 2534 2006 οὐσία
2575 1954 2726 2006 ἐστὶν
2768 1949 3049 2022 ἀφθαρσία
3094 1965 3155 2001 τε
3201 1946 3297 2000 καὶ
3332 1942 3449 2013 φῶς
3492 1938 3709 2004 αύτόον,

2110 2048 2316 2104 ἁπλοῦν
2349 2066 2407 2101 τε
2447 2048 2540 2101 καὶ
2582 2046 2876 2118 μονοειδές.
2919 2044 2983 2096 Ἦ
3006 2042 3062 2095 δὲ
3086 2039 3294 2094 τούτων
3331 2034 3490 2091 ούσία
3524 2031 3716 2103 διττὴν

2115 2144 2214 2215 μέν
2242 2160 2361 2197 τινα
2387 2142 2618 2212 δύναμιν
2660 2142 2975 2211 προήγαγεν
2994 2154 3008 2169 ·
3047 2135 3213 2199 αὐτὸς
3244 2135 3303 2187 δὲ
3331 2132 3426 2187 τοῦ
3460 2130 3707 2201 κρείττο-

2111 2236 2201 2300 νός
2232 2237 2378 2288 ἐστιν
2425 2234 2607 2288 είκών.
2651 2232 2798 2304 Μηδὲ
2842 2249 2902 2285 σε
2943 2230 3014 2284 τά
3058 2229 3153 2282 νῦν
3189 2226 3349 2280 τοῦτο
3381 2222 3711 2295 θορυσείτω,

2112 2327 2370 2381 θέλουσαν
2404 2325 2615 2396 μαθεῖν,
2646 2324 2764 2387 πῶς
2797 2322 2904 2376 ἀπὸ
2936 2322 3066 2392 μιᾶς
3097 2318 3274 2391 ἀρχῆς
3301 2315 3412 2369 τῶν
3446 2313 3582 2367 ὅλων
3610 2310 3705 2364 οῦ·-

2113 2438 2216 2489 σης
2271 2420 2364 2473 καὶ
2408 2417 2849 2489 ὁμολογουμένης
2890 2416 3055 2487 ἡμῖν,
3102 2415 3194 2466 καὶ
3236 2404 3705 2477 πεπιστευμένης,

2109 2514 2205 2567 τοῦ
2237 2515 2258 2544 ⁸
2286 2514 2582 2582 ἀγεννήτου
2607 2551 2621 2573 ,
2664 2511 2759 2563 καὶ
2804 2508 3106 2579 ἀφθάρτου,
3153 2504 3249 2558 καὶ
3294 2499 3529 2570 ἀγαθῆς,
3578 2514 3704 2549 συν-

2111 2604 2346 2677 έστησαν
2390 2603 2485 2657 καὶ
2528 2594 2687 2655 αὗται
2721 2600 2777 2653 αἱ
2818 2598 3029 2668 φύσεις,
3071 2596 3106 2665 ἦ
3140 2612 3199 2649 τε
3234 2594 3335 2663 τῆς
3361 2590 3569 2660 φθορᾶς
3606 2585 3707 2639 καὶ

2109 2698 2209 2767 τῆς
2250 2697 2545 2768 μεσότητος
2582 2692 2934 2764 ἀνομοούσιαι
2980 2686 3137 2743 αὗται
3177 2683 3557 2746 καθεστῶσαι,
3609 2678 3713 2733 τοῦ

2111 2786 2319 2853 ἀγαθοῦ
2349 2785 2508 2854 φύσιν
2542 2782 2757 2853 ἔχοντος
2782 2781 2851 2834 τὰ
2894 2782 3059 2851 ὅμοια
3090 2776 3283 2832 ἑαυτοῦ
3323 2774 3419 2828 καὶ
3443 2769 3708 2843 ὁμοούσια

2111 2878 2307 2948 γεννᾷν
2339 2894 2398 2929 τε
2432 2876 2527 2929 καὶ
2560 2874 2878 2947 προφέρειν.
2912 2872 3152 2942 Μαθήσῃ
3192 2870 3323 2941 γὰρ,
3359 2864 3494 2919 Θεοῦ
3536 2863 3708 2917 διδόν-

2112 2987 2223 3033 τος,
2266 2969 2393 3039 ἑξῆς
2437 2970 2531 3021 καὶ
2574 2969 2673 3038 τὴν
2716 2964 2906 3019 τούτου
2950 2966 3125 3035 ἀρχήν
3180 2979 3242 3016 τε
3287 2961 3381 3013 καὶ
3427 2957 3707 3027 γέννησιν.

2113 3060 2408 3130 ἀξιουμένη
2433 3059 2532 3130 τῆς
2566 3056 2926 3127 ἀποπολικῆς
2973 3054 3345 3126 παραδόσεως.
3379 3052 3445 3122 ἢν
3488 3052 3556 3102 ὲκ
3590 3049 3717 3102 δια-ι

2114 3152 2278 3223 δοχῆς
2309 3152 2403 3205 καὶ
2425 3152 2586 3221 ἡμεῖς
2616 3149 3058 3220 παρειλήφαμεν,
3097 3145 3237 3217 μετὰ
3283 3144 3377 3197 καὶ
3417 3140 3511 3194 τοῦ
3549 3156 3713 3193 κανοο

427 3235 573 3290 lante
600 3235 730 3304 Deo,
763 3236 928 3307 hujus
959 3239 1293 3308 principium
1307 3255 1372 3295 ac
1390 3239 1797 3311 generationem
1829 3243 2012 3295 animo

2119 3245 2265 3297 νίσαι
2304 3245 2513 3306 πάντας
2539 3243 2668 3305 τοὺς
2706 3240 2897 3309 λόγους
2931 3242 2999 3311 τῇ
3040 3238 3136 3291 τοῦ
3171 3237 3423 3306 Σωτῆρος
3454 3232 3715 3286 διδασκα-

427 3328 718 3397 percipies,
778 3328 868 3384 ubi
931 3330 1189 3383 traditam
1262 3334 1558 3400 quamdam
1626 3332 1697 3386 ab
1743 3332 2011 3401 apostolis

2119 3336 2227 3407 λίᾳ.
2256 3335 2445 3389 Ταῦτά
2476 3352 2580 3393 σοι,
2607 3328 2652 3386 ὦ
2684 3333 2888 3403 ἀδελφή
2925 3349 3025 3402 μου
3070 3330 3284 3400 Φλώρα,
3309 3327 3376 3380 δι’
3413 3326 3611 3394 ὀλίγων
3638 3324 3717 3374 ei-

427 3419 732 3474 doctrinam
767 3420 1033 3487 audieris,
1063 3438 1227 3492 quam
1258 3439 1361 3478 nos
1386 3425 1742 3479 successione
1769 3425 2007 3495 quadam

2120 3428 2336 3501 ρημένα
2361 3428 2460 3479 ούκ
2483 3427 2725 3497 ὴτόνησα
2750 3425 2848 3497 (4),
2875 3425 2971 3477 καὶ
3016 3422 3078 3476 τὸ
3107 3422 3206 3491 τῆς
3254 3418 3549 3489 συντομίας
3581 3431 3717 3486 προ-

433 3511 503 3566 ad
532 3528 635 3567 nos
656 3529 831 3583 usque
861 3526 1216 3585 propagatam
1254 3517 1601 3587 accepimus:
1634 3532 1761 3573 cum
1796 3534 1859 3574 eo
1885 3519 2010 3588 qui—

2118 3520 2365 3593 έγραψα·
2402 3521 2517 3591 ἆμα
2567 3520 2666 3590 μὲν
2696 3519 2758 3571 τὸ
2801 3517 3163 3590 προκείμενον
3209 3511 3575 3583 ἀποχρώντως
3631 3506 3719 3572 ἐξ·

429 3603 553 3657 dem
591 3603 932 3674 utquidquid
962 3604 1219 3660 afferetur
1273 3607 1329 3661 in
1351 3608 1612 3669 medium,
1637 3608 1690 3662 id
1726 3608 1795 3663 ad
1825 3608 2013 3664 Salva-

2125 3613 2323 3683 έφηνα,
2360 3612 2396 3665 ἃ
2434 3611 2527 3664 καὶ
2568 3612 2648 3673 είς
2685 3610 2753 3663 τά
2802 3610 2930 3678 ἑξῆς
2982 3610 3051 3661 τὰ
3084 3606 3321 3677 μέγιστά
3376 3621 3460 3657 σοι
3509 3600 3717 3671 συμϐα-

428 3695 567 3751 toris
593 3694 899 3751 doctrinam
922 3698 1072 3753 velut
1096 3698 1341 3769 regulam
1385 3700 1657 3771 exigatur.
1697 3699 1823 3755 Hatc
1868 3702 2013 3772 apud

2124 3706 2318 3771 λεῖται,
2363 3706 2458 3759 ἐάν
2493 3722 2580 3773 γε,
2624 3705 2701 3767 ώς
2760 3704 2900 3774 καλὴ
2944 3704 3014 3772 γῆ
3067 3701 3164 3755 καὶ
3216 3698 3418 3768 ἀγαθὴ,
3477 3695 3727 3765 γονίμων

434 3795 508 3853 te,
540 3784 699 3841 Flora
731 3802 891 3843 soror
935 3787 1286 3853 charissima,
1319 3790 1512 3860 paucis
1555 3792 2013 3861 comprehendere

2126 3800 2459 3870 σπερμάτων
2514 3797 2772 3869 τυχοῦσα,
2806 3797 2901 3849 τὸν
2957 3795 3027 3849 δι’
3081 3792 3264 3848 αὐτῶν
3314 3790 3530 3862 καρπὸν
3585 3788 3721 3840 ἁνα-

431 3894 497 3934 ac
542 3878 827 3951 disputare
874 3881 1049 3951 potui,
1108 3883 1534 3954 summatimque
1557 3885 1875 3956 praescripsi
1904 3888 2018 3942 :ita
2124 3891 2324 3964 δείξῃς.

434 3981 615 4027 tamen
659 3981 718 4027 ut
765 3973 912 4044 quod
954 3984 1073 4030 erat
1116 3976 1500 4047 propositum,
1554 3986 1820 4049 quantum
1871 3982 2007 4037 satis
2046 3993 2213 4049 esset,
2249 3983 2592 4055 explicarim.
2658 3982 2833 4049 Quam
2884 3997 2999 4037 rem
3045 3980 3309 4048 deinceps
3370 3988 3574 4045 magno
3622 3971 3724 4026 tibi

432 4064 555 4119 usui
591 4063 708 4120 fore
734 4064 988 4121 conﬁdo:
1020 4064 1067 4121 si
1098 4065 1279 4135 modo,
1345 4068 1574 4139 perinde
1632 4084 1697 4124 ac
1759 4071 1940 4128 bonus
1984 4087 2113 4145 ager
2151 4084 2204 4131 et
2244 4075 2548 4139 fecundus,
2599 4084 2827 4143 excepta
2883 4072 3095 4128 semina
3143 4070 3423 4125 fructuum
3473 4068 3726 4122 ubertale

433 4172 781 4229 compenses.

637 4275 909 4332 Hactenus
935 4276 1212 4333 Ptolemazi
1242 4279 1310 4332 ad
1336 4277 1562 4334 Florum
1595 4282 1841 4351 epistola.

507 4404 643 4461 VIII.
679 4407 817 4475 Quis
846 4409 1115 4478 ejusmodi
1144 4410 1462 4474 verborum,
1496 4425 1561 4465 ac
1593 4411 2021 4484 circumforanei

2204 4280 2632 4350 Πεπλήρωνται
2664 4278 2736 4333 τὰ
2768 4277 3145 4347 Πτολεμαίου
3177 4276 3333 4345 πρὸς
3368 4274 3642 4344 Φλώραν.

2191 4416 2274 4470 Η’.
2309 4414 2404 4479 Τίς
2429 4415 2486 4467 δὲ
2526 4413 2731 4467 τούτων
2752 4410 2861 4467 τῶν
2900 4412 3184 4485 ῥημάτων,
3211 4411 3308 4465 καὶ
3337 4411 3440 4481 τῆς
3469 4408 3566 4463 τοῦ
3596 4408 3729 4479 γόη·

437 4498 626 4570 hujus,
663 4500 1114 4572 asseclarumque
1158 4502 1300 4571 ejus,
1351 4502 1705 4559 Ptolemaeum
1744 4519 1809 4559 ac
1837 4507 2013 4561 socios

2126 4525 2217 4571 τος
2247 4506 2459 4566 τούτου,
2493 4507 2588 4560 καὶ
2613 4506 2711 4577 τῆς
2743 4507 2851 4559 τῶν
2887 4507 2985 4560 σὺν
3027 4503 3179 4576 αὐτῷ
3217 4503 3468 4568 ἀνέξεται
3528 4520 3728 4573 φρενο-

438 4593 707 4664 intelligo,
745 4593 1025 4648 vesaniam
1078 4597 1253 4665 possit
1282 4598 1581 4665 sustinere,
1611 4599 1705 4670 qui
1734 4599 2018 4671 ineptissi-

439 4699 559 4740 mas
594 4682 807 4739 fabulas
832 4685 906 4739 ita
934 4684 1280 4741 confundunt
1306 4701 1371 4742 ac
1399 4690 1713 4743 consuunt?
1731 4688 1851 4744 Non
1872 4692 2019 4745 enim

439 4776 735 4847 quisquam
767 4792 832 4832 ex
862 4777 1108 4848 antiquis
1134 4779 1242 4835 illis
1294 4779 1691 4851 tragoediarum
1731 4781 2020 4851 scriptori-

439 4870 567 4935 bus,
599 4877 693 4925 aut
717 4885 784 4926 ex
809 4871 1210 4941 posterioribus
1247 4872 1453 4937 mimis,
1507 4872 1688 4943 qualis
1738 4871 2015 4942 Philistio,

439 4972 497 5018 et
544 4962 815 5033 Diogenes
875 4960 1001 5029 fuit,
1057 4961 1150 5032 qui
1197 4962 1535 5019 incredibilia
1579 4965 1831 5035 scripsit:
1864 4980 2021 5023 aute

440 5055 672 5126 reliquis
755 5056 1013 5111 omnibus
1076 5055 1386 5113 fabularum
1448 5069 1542 5114 aut
1600 5061 2018 5132 rhapsodiarum

442 5148 785 5213 auctoribus,
840 5155 955 5203 tam
1020 5148 1281 5204 immania
1331 5151 1679 5207 comminisci
1734 5152 2020 5208 mendacia

443 5247 760 5312 potuerunt,
794 5241 956 5313 223
977 5241 1163 5312 qualia
1192 5242 1495 5298 nebulones
1524 5244 1613 5299 isti
1645 5246 1929 5315 propriam
1962 5245 2019 5299 in

442 5334 739 5405 perniciem
769 5335 1130 5411 exsecrabilia
1178 5335 1561 5407 horrendaque
1622 5337 2009 5392 fabricarunt:

441 5425 641 5495 quibus
658 5432 990 5483 sectatorum
1005 5428 1217 5484 animos
1236 5429 1583 5487 stultissim'ts
1595 5430 2016 5503 quaestionibus,

480 5580 487 5587 ’
518 5601 532 5631 ⁸
572 5600 762 5655 Matth.
795 5619 909 5665 nx,
953 5604 1038 5660 l7.
1109 5605 1130 5635 ’
1152 5603 1285 5661 Cor.
1307 5606 1426 5676 τῆς.

2128 4600 2404 4667 ϐλαϐείας.
2434 4599 2771 4670 Πτολεμαίου
2801 4616 2881 4662 τε,
2911 4600 3076 4671 φημὶ,
3110 4598 3204 4650 καὶ
3235 4597 3346 4651 τῶν
3385 4599 3523 4667 ἀμφ’
3561 4596 3729 4649 αὐτὸν

2123 4694 2202 4755 είς
2230 4693 2481 4745 τοσοῦτον
2525 4689 2819 4745 κυκώντων
2855 4690 2950 4743 καὶ
2994 4689 3342 4742 καττυόντων
3386 4688 3727 4757 πλάσματα;

2126 4782 2262 4837 υύτε
2294 4782 2403 4854 γὰρ
2446 4782 2552 4835 τῶν
2602 4780 2846 4835 παλαιῶν
2880 4779 3305 4852 τραγῳδοποιῶν
3348 4796 3455 4844 τις,
3494 4778 3621 4832 οὔτε
3673 4778 3727 4830 οἱ

2125 4876 2357 4947 καθεξῆς
2411 4874 2641 4947 μιμηλοὶ
2688 4874 2778 4928 τὸν
2826 4874 3048 4946 τρόπον,
3088 4875 3138 4927 oi
3190 4874 3320 4945 περὶ
3369 4873 3723 4934 Φιλιστίωνα,

2125 4968 2222 5024 καὶ
2262 4967 2509 5039 Διογένη,
2553 4967 2645 5020 τὸν
2692 4966 2759 5019 τά
2799 4966 3008 5021 ἄπιστα
3051 4966 3366 5037 γράψαντα,
3404 4966 3438 5037 ἢ
3480 4967 3530 5019 οἱ
3572 4964 3734 5019 ἄλλοι

2128 5064 2350 5125 πάντες,
2398 5062 2447 5114 οἱ
2488 5061 2616 5124 τοὺς
2658 5060 2862 5131 μύθους
2908 5059 3364 5130 ἀναγεγραφότες
3430 5059 3524 5112 καὶ
3584 5058 3726 5130 ῥαψ-

2124 5150 2721 5225 ῳδήσαντες,τοσοῦτον
2767 5149 2963 5220 ψεῦδος
2998 5150 3349 5225 ἠδυνήθησαν
3380 5149 3724 5213 ὲκτυπῶσαι,

2124 5224 2200 5308 ῶς
2226 5235 2372 5297 οῦτοι
2399 5242 2687 5315 τολμηρῶς
2716 5243 3028 5315 φερόμενοι,
3038 5224 3179 5313 μετὰ
3212 5243 3314 5314 τῆς
3340 5244 3549 5297 ἑαυτῶν
3576 5243 3726 5313 ζωῆς

2123 5337 2273 5391 δεινά
2301 5338 2513 5400 ἑαυτοῖς
2546 5338 2980 5401 κατεσκεύασαν,
3016 5338 3112 5391 καὶ
3134 5338 3228 5392 τὸν
3251 5335 3375 5394 νοῦν
3402 5338 3512 5390 τῶν
3537 5335 3727 5389 πειθο-

2127 5429 2304 5501 μένων
2344 5430 2528 5495 αύτοῖς
2565 5430 2872 5503 ἀνθρώπων
2907 5431 2987 5496 είς
3027 5430 3223 5503 μωρὰς
3260 5430 3523 5503 ζητήσεις
3564 5444 3726 5501 περι-

518 5752 595 5820 (δ)
634 5754 711 5805 Δι’
740 5757 958 5827 ὀλίγων
992 5760 1273 5828 είρτυιένα
1298 5763 1408 5815 οὐκ
1448 5761 1735 5832 ὴτεῗνησα.
1775 5761 1937 5819 Forte
1976 5762 2269 5833 ὶφθὸνησα.
