4156 6358
346 388 456 446 569

1098 376 1470 435 ADVERSUS
1510 371 1854 432 IIAERESES
1891 370 2019 427 LIB.
2060 369 2105 428 Ι.
2143 371 2308 428 ΤΟΜ.
2349 370 2416 429 ll.
2451 402 2521 417 —-
2559 367 2837 426 HERES.
2871 367 3117 426 XXXIII.

3510 366 3616 423 570

349 502 563 563 έὸαλον,
604 500 699 555 καὶ⁵
741 496 1093 568 γενεαλογίας
1136 496 1509 566 ἀπεράντους,
1550 495 1707 550 αὑτοὶ
1742 494 1813 548 τά
1871 495 1929 546 ἐν

2052 511 2099 548 Ic
2113 491 2447 564 genealogiis
2486 487 3028 545 interminabilibus‘
3083 484 3457 556 implicarunt,
3487 499 3614 537 cum

348 594 506 664 χερσὶ
537 590 613 663 μὴ
641 591 1014 661 ἐπιστάμενοι,
1050 588 1144 641 καὶ
1171 587 1241 641 τὰ
1266 588 1564 660 ἐπουράνια
1598 582 1931 654 ἐπαγγελλόο

354 700 505 755 μενοι
554 682 772 753 μέτροις
802 681 943 734 τισὶν
971 680 1263 751 όροθετεῖν,
1298 678 1391 732 καί
1428 695 1588 732 τινων
1620 673 1932 749 μαιωτικῶν

356 772 601 845 μητρῶν,
631 772 708 835 ὡς
732 770 1068 844 ἐπουρανίων
1096 769 1339 841 μητρῶν,
1374 768 1450 833 ὡς
1493 766 1852 839 ὑπαρχουσῶν
1888 765 1931 829 ί,

353 864 665 934 ἐπιστήμας
692 863 1093 934 ἀναδεχόμενοι.
1145 861 1407 924 Ἀκούσας
1439 860 1493 913 δέ
1523 878 1604 923 τις
1632 857 1781 930 παρὰ
1805 856 1932 910 τού-

353 972 483 1023 των,
514 955 563 1007 εἰ
596 956 693 1025 μὲν
722 953 830 1007 τῶν
857 951 1271 1024 ἀφρονεστάτων
1299 951 1406 1023 εἴη,
1450 950 1528 1022 τῷ
1563 949 1747 1020 ψεύδει
1783 947 1935 1018 νομίο

356 1046 447 1109 ζον
491 1063 546 1098 τι
576 1046 597 1076 ¹
639 1044 769 1116 παρ’
806 1043 989 1106 αὑτοῖς
1033 1043 1321 1114 μετάρσιον
1362 1041 1693 1110 ἐγνωκέναι,
1739 1038 1936 1110 ῥᾳδίως

357 1138 757 1209 ὑπαχθήσεταιο
793 1135 915 1189 ’Ότι
952 1132 1079 1189 πᾶν
1126 1133 1336 1203 ὄρνεον
1382 1131 1531 1187 κατὰ
1571 1131 1744 1202 γένος
1786 1146 1938 1185 amr.

355 1230 579 1300 ἄγεται,
612 1229 711 1283 καί
750 1228 832 1294 τῷ
863 1227 1043 1296 ὁμοίῳ
1076 1223 1524 1293 κολληθήσεται
1565 1223 1741 1292 ἀνὴρ,
1773 1223 1938 1295 φησὶν

358 1325 395 1394 ἡ
428 1322 640 1393 Γραφή.
672 1322 734 1374 Εἰ
771 1319 829 1372 δέ
870 1336 952 1382 τις
1005 1317 1157 1389 τύχοι
1196 1319 1380 1381 αὑτοῖς
1412 1317 1522 1372 τῶν
1558 1316 1814 1381 συνετῶν,
1844 1317 1939 1370 καὶ

358 1416 450 1468 τὸν
471 1413 691 1481 εὔλογον
727 1411 988 1483 λογισμὸν
1031 1409 1406 1481 κεκτημένων,
1448 1409 1806 1479 καταγελάσει
1842 1407 1940 1478 μὲν

357 1505 460 1576 τῆς
486 1504 753 1575 τοσαύτης
780 1503 1073 1575 ληρῳδίας,
1103 1504 1195 1558 ἀπ’
1222 1503 1395 1572 αὐτῆς
1421 1502 1478 1556 δὲ
1504 1503 1601 1573 τῆς
1633 1501 1941 1564 ὑποθέσεως

359 1596 468 1650 τῶν
498 1598 627 1667 παρ’
657 1595 837 1657 αὑτοῖς
873 1593 1180 1664 λεγομένων
1224 1591 1322 1663 τὴν
1365 1592 1676 1665 ἀνατροπὴν
1715 1592 1938 1646 εἵσεται.

374 1686 716 1757 Ἐλέγχονται
742 1686 849 1757 γὰρ
880 1678 1025 1738 οὗτοι
1056 1683 1365 1738 παντάπασι
1394 1683 1516 1738 καθ’
1544 1682 1752 1738 ἐαυτῶν
1785 1681 1942 1737 ὁπλι-

362 1778 577 1849 ζὸμενοι
606 1776 676 1830 τά
712 1776 882 1847 ψεύδη
912 1775 1013 1847 τῆς
1047 1774 1226 1829 αὑτῶν
1254 1775 1667 1846 ματαιοπονίας.

436 2053 606 2108 Πόθεν
629 2052 738 2124 γάρ
768 2052 918 2120 ὑμῖν,
952 2045 997 2106 ὦ
1025 2046 1170 2106 οὑτοι
1195 2050 1517 2122 Πτολεμαῖοί
1545 2067 1604 2104 τε
1634 2048 1729 2104 καὶ
1755 2048 1949 2103 Πτολε·-

368 2150 546 2218 μαίαι,
593 2145 687 2199 τοῦ
731 2144 901 2199 Βυθοῦ
942 2144 1012 2199 τά
1058 2144 1252 2217 μέτρα,
1298 2145 1391 2198 καὶ
1438 2145 1494 2196 αἱ
1535 2143 1797 2216 μαιώσεις
1842 2145 1948 2200 τῶν

364 2239 624 2303 τοκετῶν,
664 2240 758 2292 καὶ
789 2239 1121 2310 γεννητικῶν
1161 2238 1469 2292 ὑποθέσεων
1507 2239 1540 2309 ἡ
1579 2239 1815 2308 γνῶσις;
1858 2239 1948 2304 Ὧς

368 2331 478 2403 γάρ
510 2331 794 2403 παρόντες,
825 2331 920 2384 καὶ
956 2331 1062 2386 τῶν
1100 2330 1434 2402 ἐπουρανίων
1465 2331 1565 2395 τάς
1606 2331 1795 2400 φύσεις
1827 2331 1951 2387 θεα-

372 2424 617 2494 σάμενοι,
655 2424 747 2476 καὶ
781 2423 856 2489 ὡς
883 2424 1037 2476 αὑτοὶ
1075 2424 1331 2495 προόντες
1366 2423 1461 2477 τοῦ
1504 2424 1634 2496 παρ’
1661 2424 1815 2495 ὑμῶν
1850 2425 1954 2477 Βυ-

379 2513 472 2568 θοῦ
507 2514 862 2586 καλουμένου,
894 2514 1297 2584 ἐπαγγέλλεσθε
1314 2516 1411 2587 τὴν
1440 2514 1646 2587 εἴδησιν
1669 2516 1801 2586 ἡμῖν
1830 2516 1953 2569 ὑπο-

370 2608 662 2670 δεικνυναι,
690 2607 903 2671 οὑδενὸς
937 2606 1155 2661 πώποτε
1186 2606 1296 2660 τῶν
1342 2607 1637 2678 προφητῶν
1678 2606 1837 2660 τοῦτο
1877 2609 1956 2659 εί-

374 2699 624 2770 ρηκότος,
653 2700 755 2751 οὑκ
779 2698 943 2752 αὑτοῦ
973 2700 1270 2764 Μωῦσὲως,
1306 2699 1367 2753 οὑ
1392 2699 1502 2753 τῶν
1533 2699 1638 2771 πρὸ
1670 2699 1856 2762 αὑτοῦ,
1893 2700 1953 2752 οὑ

371 2791 479 2843 τῶν
505 2790 621 2861 μετ’
644 2791 837 2855 αὑτὸν,
869 2792 928 2845 οὑ
959 2791 1068 2845 τῶν
1111 2791 1531 2861 εὑαγγελιστῶν,
1572 2792 1633 2845 οὑ
1678 2791 1783 2846 τῶν
1823 2792 1957 2846 άπο-

376 2881 606 2936 στόλωνο
660 2884 710 2935 εί
756 2882 831 2954 μὴ
877 2882 985 2954 ἄρα
1025 2882 1093 2936 τά
1131 2882 1402 2953 ἐθνόμυθα
1453 2886 1734 2955 ποιήματα
1779 2883 1959 2948 εἴποις

373 2972 482 3025 τῶν
533 2972 662 3044 περὶ
714 2973 917 3044 Ὀρφέα
968 2991 1027 3026 τε
1084 2974 1180 3027 καὶ⁸
1220 2974 1460 3029 Ἠσίοδον
1485 3015 1500 3039 ,
1556 2974 1651 3028 καὶ⁸
1702 2975 1958 3045 Στησίχο-

377 3079 471 3135 ρον
515 3062 627 3136 (5),
680 3066 810 3135 παρ’
842 3062 922 3128 οἷς
962 3067 1017 3119 αἱ
1072 3066 1182 3119 τῶν
1236 3067 1539 3140 ἀνθρώπων
1593 3069 1777 3139 γενεαὶ
1834 3087 1962 3139 μετ-

2032 601 2101 642 ne
2134 601 2197 640 ca
2218 584 2436 655 quidem
2466 584 2692 648 scirent,
2724 597 2846 652 quae
2868 582 2925 635 in
2955 580 3206 635 manibus
3253 583 3382 634 sunt
3413 577 3616 648 posita,

2032 687 2087 734 et
2117 678 2287 735 certis
2308 675 2528 732 interim
2566 674 2843 730 mensuris
2872 672 3116 728 coelestia
3144 686 3203 726 se
3242 669 3471 725 definire
3490 684 3620 740 pro-

2034 770 2338 836 fiterentur,
2375 776 2540 838 atque
2587 765 3065 821 obstetricantium
3109 762 3473 834 quorumdam
3493 769 3615 815 ute-

2034 878 2221 919 rorum
2274 861 2426 916 velut
2468 859 2776 915 caelestium
2825 856 3138 918 matricum,
3179 856 3259 911 rei
3288 854 3447 926 plane
3466 866 3616 907 com-

2034 956 2317 1019 mentitiae,
2351 953 2435 1010 sic
2488 962 2752 1021 tanquam
2822 964 2966 1004 vera:
2996 946 3292 1017 solidaeque
3336 943 3618 1001 scientiam

2033 1064 2145 1122 prae
2173 1046 2480 1105 seferrent.
2532 1042 2858 1116 Cujusmodi
2910 1043 3006 1113 qui
3054 1041 3124 1096 ab
3163 1040 3273 1095 illis
3325 1036 3533 1100 audiat,
3568 1035 3618 1089 si

2036 1143 2201 1214 paulo
2226 1138 2578 1211 insipientior
2630 1138 2723 1205 sit,
2762 1137 3000 1194 sublime
3048 1132 3308 1204 quiddam
3356 1146 3416 1186 se
3474 1126 3618 1199 apud

2036 1235 2161 1291 illos
2197 1234 2458 1290 didicisse
2485 1238 2664 1296 ratus,
2725 1229 2885 1285 facile
2941 1223 3354 1282 mendaciorum
3404 1218 3617 1275 lenoci-

2038 1328 2152 1385 niis
2182 1326 2477 1381 inducetur
2500 1342 2513 1379 :
2545 1323 2812 1389 Quoniam
2837 1320 2947 1375 avis
2973 1314 3444 1387 omnisisecundum
3460 1327 3619 1382 genus

2038 1435 2194 1475 suum
2227 1422 2598 1486 congregatur,
2627 1423 2676 1467 et
2708 1412 2875 1465 omnis
2928 1412 3082 1463 homo
3115 1405 3281 1461 simili
3314 1404 3399 1458 sui
3447 1402 3621 1456 socia-

2041 1510 2203 1572 bitur,
2235 1509 2311 1562 ait
2339 1506 2623 1576 Scriptura
2645 1504 2690 1560 '.
2719 1502 2816 1557 Sin
2848 1501 3014 1573 paulo
3070 1495 3463 1567 intelligentior
3514 1491 3619 1545 ali-

2040 1597 2187 1668 quis,
2227 1611 2293 1651 ac
2337 1602 2490 1649 recto
2533 1592 2744 1663 judicio
2799 1590 3061 1661 prasditus
3118 1591 3395 1647 occurrat,
3447 1595 3623 1652 nugas

2042 1690 2166 1745 illas
2194 1685 2523 1742 deridendas
2565 1683 2798 1755 putabit,
2851 1689 3017 1752 atque
3046 1696 3113 1735 ex
3154 1679 3264 1734 illis
3316 1676 3448 1747 ipsis
3500 1689 3624 1744 quae

2043 1782 2327 1852 disputant
2341 1776 2799 1849 qucmadmodum
2835 1773 3058 1829 refutari
3091 1771 3305 1841 possint
3337 1766 3621 1839 perspicit.

1972 1860 2015 1918 Β
2046 1871 2103 1928 Si
2131 1870 2352 1942 quidem
2371 1870 2488 1924 suis
2523 1868 2626 1937 ipsi
2650 1865 2971 1921 vanissimis
3009 1861 3310 1919 mendaciis
3330 1868 3526 1915 contra
3561 1872 3622 1912 se

2046 1958 2245 2015 armati
2271 1972 2397 2013 esse
2422 1956 2641 2028 penitus
2668 1961 2994 2024 arguuntur.

2118 2070 2254 2126 Volo
2275 2069 2421 2125 enim
2450 2068 2585 2122 mihi
2621 2065 3024 2135 respondeatis,
3055 2078 3088 2118 ο
3117 2060 3392 2118 Ptolemaei
3433 2074 3627 2115 omnes

2047 2179 2113 2220 ac
2158 2162 2498 2219 Ptolemaee!
2556 2159 2702 2215 unde
2730 2159 2836 2214 illae
2871 2158 3028 2214 vobis
3059 2156 3217 2229 Bythi
3250 2169 3540 2221 mensurae,
3564 2166 3629 2207 ac

2050 2262 2310 2328 partuum
2366 2253 2872 2315 obstetricationes,
2905 2258 2961 2306 et
3003 2250 3282 2303 variarum
3317 2244 3631 2317 generatio-

2051 2364 2183 2404 num
2212 2346 2471 2418 cognitio.
2507 2343 2600 2399 Sic
2627 2344 2773 2399 enim
2835 2353 3095 2411 tanquam
3124 2344 3424 2409 prasentes
3450 2336 3630 2390 inter-

2053 2440 2291 2501 fueritis,
2326 2452 2391 2493 ac
2418 2436 2725 2491 cmlestium
2794 2441 3046 2488 naturam
3076 2427 3430 2498 contemplati
3480 2426 3628 2490 sitis,

2054 2529 2167 2584 imo
2198 2527 2430 2598 Bythum
2472 2525 2626 2578 illum
2666 2531 2908 2578 vestrum
2953 2517 3385 2579 antecesseritis,
3433 2530 3624 2570 earum

2057 2619 2216 2675 nobis
2248 2631 2432 2672 rerum
2490 2614 2777 2670 scientiam
2822 2610 3135 2667 ostenditis.
3167 2608 3335 2680 Atqui
3371 2607 3555 2661 nullus
3578 2605 3634 2661 id

2058 2725 2299 2781 unquam
2334 2707 2769 2779 eprophetarum
2805 2719 3034 2760 numero
3062 2702 3243 2781 dixit;
3273 2716 3381 2755 non
3420 2698 3635 2771 Moyses

2058 2779 2214 2874 Ipse;
2242 2817 2351 2856 non
2408 2800 2594 2871 Moyse
2644 2798 2796 2869 prior
2838 2797 3041 2867 aliquis
3072 2796 3157 2850 vel
3194 2779 3489 2865 posterior,
3528 2806 3639 2846 non

2027 2938 2030 2940 η
2060 2892 2550 2962 evangelistarum,
2570 2904 2679 2944 non
2698 2888 3070 2958 apostolorum
3086 2885 3324 2954 denique
3340 2881 3636 2953 quispiam.

2058 2985 2175 3042 Nisi
2202 2985 2342 3039 forte
2380 2982 2449 3037 ad
2489 2982 2769 3052 gentilium
2801 2988 3049 3049 poemata
3108 2974 3417 3045 confugias,
3455 2972 3641 3043 qualia

2062 3090 2194 3134 sunt
2224 3075 2451 3147 Orphei,
2489 3074 2731 3137 llesiodi,
2761 3069 3083 3132 Stesichori,
3112 3069 3255 3139 apud
3291 3082 3431 3138 quos
3456 3064 3640 3119 homi-

377 3154 711 3226 εποιήθησαν
742 3157 822 3220 είς
858 3155 994 3209 θεῶν
1025 3157 1359 3228 ἐπωνυμίας,
1404 3158 1498 3211 καὶ
1530 3158 1598 3212 τά
1650 3159 1709 3212 ἐν
1750 3157 1955 3231 ἀνθρὼ-

2062 3188 2193 3229 num
2228 3171 2607 3242 generationes
2653 3167 2721 3222 ad
2762 3166 2992 3221 deorum
3041 3161 3431 3233 appellationes
3454 3167 3640 3211 trans-

376 3262 499 3310 ποις
540 3246 899 3317 τετελεσμένα
941 3247 1235 3319 ποιητικῶς
1276 3248 1790 3321 ἐδραματουργήθη.
1838 3252 1947 3305 Κά-

377 3340 544 3391 κεῖνοι
578 3340 687 3409 γάρ
715 3337 885 3403 οὑτω-ς
923 3339 1200 3410 ἐνόμισαν,
1238 3341 1621 3407 ἐκθειάσαντες
1654 3342 1781 3407 τοὺς
1832 3344 1960 3415 περὶ

378 3429 499 3494 Δία,
532 3430 629 3484 καὶ
669 3430 848 3494 Ῥέαν,
889 3433 983 3485 καὶ
1006 3433 1203 3504 ’Ήραν,
1233 3434 1327 3487 καὶ
1367 3434 1619 3507 Ἀθηνᾶν,
1646 3436 1742 3489 καὶ
1771 3436 1963 3491 Ἀπόλ-

377 3519 543 3586 λωνα,
578 3520 673 3573 καὶ
711 3522 1049 3594 Ἀφροδίτην,
1078 3525 1173 3578 καὶ
1199 3524 1297 3589 τάς
1320 3526 1523 3580 τούτων
1553 3526 1964 3597 κακίας³γονὰς

379 3616 730 3685 τιμήσαντες,
761 3616 840 3678 είς
879 3616 1179 3684 φαντασίαν
1224 3617 1512 3683 πολυθεῖας
1550 3621 1645 3674 καὶ
1681 3620 1966 3675 εἰδωλολα-

379 3706 564 3775 τρείας
598 3704 688 3757 τὸν
712 3704 916 3772 κόσμον
954 3706 1226 3762 ἐνέϐαλον.
1268 3709 1426 3762 Ἀλλά
1454 3710 1635 3764 οὑκέτι
1667 3728 1759 3782 μοι
1792 3711 1963 3783 πολλή

380 3812 465 3858 τις
492 3795 651 3866 χρεία
690 3798 978 3869 γενήσεται
1006 3799 1085 3863 είς
1112 3800 1218 3871 τήν
1251 3817 1365 3866 σου,
1399 3796 1445 3855 ὦ
1484 3801 1809 3871 Πτολεμαῖε,
1838 3804 1968 3857 άνα-

382 3889 591 3960 τροπήν
635 3905 697 3942 τε
746 3890 841 3943 καὶ
882 3890 1122 3962 ἔλεγχον,
1157 3893 1251 3946 καὶ¹
1295 3894 1405 3947 τῶν
1438 3893 1581 3949 κατὰ
1612 3896 1691 3960 σὲ,
1721 3897 1823 3967 ἤδη
1859 3896 1967 3951 τῶν

389 3978 498 4031 σῶν
530 3980 892 4051 προπατόρων
920 3983 1011 4036 τὸν
1047 3982 1266 4053 ἐλέγχον
1296 3984 1495 4048 ἱκανῶς
1526 3986 1845 4058 εἰληφότων.
1872 3988 1971 4041 Διὰ

383 4068 493 4123 τῶν
528 4073 945 4143 προειρημένων
980 4073 1079 4143 τὴν
1108 4074 1249 4128 κατὰ
1274 4074 1367 4151 σοῦ
1402 4077 1664 4149 αἰσχύνην
1696 4063 1969 4151 συστησά-

391 4179 572 4231 μενος,
602 4162 829 4235 διέξειμι
857 4163 955 4236 τὴν
985 4165 1094 4217 τῶν
1125 4165 1327 4237 ἐτέρων
1354 4168 1583 4240 πλάνην,
1618 4169 1749 4223 Θεὸν
1779 4171 1973 4225 ἐπικα-

387 4255 649 4325 λούμενος
697 4256 984 4327 ἐπίκουρον
1031 4256 1135 4327 τῆς
1189 4258 1348 4329 ἡμῶν
1396 4261 1784 4334 μετριότητος,
1824 4265 1973 4329 ὅπως

391 4347 492 4418 τὴν
536 4348 667 4419 παρ’
713 4348 928 4420 ἑκάστῳ
966 4348 1106 4403 ἔθνει
1144 4350 1330 4414 κακῶς
1370 4353 1792 4427 ἐπινενοημένην
1839 4357 1971 4410 ὑπό-

394 4435 544 4491 θεσιν
577 4438 815 4510 φωράσω
854 4457 913 4493 τε
952 4441 1046 4493 καὶ
1096 4438 1470 4510 θριαμϐεύσω,
1505 4443 1597 4496 ἐπὶ
1633 4447 1698 4516 τῇ
1737 4447 1975 4515 ἐπαγγε-

392 4526 483 4598 λία
518 4526 621 4594 τῆς
653 4528 888 4599 σπουδῆς
918 4529 1069 4600 παρὰ
1094 4528 1229 4583 Θεοῦ
1263 4530 1583 4602 αἰτούμενος
1602 4533 1701 4605 τὴν
1728 4534 1909 4607 χάριν.

2062 3264 2184 3319 latae
2244 3269 2393 3327 sunt,
2430 3274 2755 3330 eaquequa:
2781 3258 2925 3311 inter
2949 3254 3207 3309 mortales
3232 3258 3383 3323 gesta
3414 3248 3638 3304 fuerant

2060 3356 2278 3428 poetico
2317 3369 2471 3408 more
2496 3351 2859 3407 conformata.
2885 3347 3010 3403 Fuit
3056 3347 3200 3403 enim
3255 3341 3640 3415 hujuscemodi

2062 3451 2282 3506 illorum
2340 3446 2548 3517 opinio,
2577 3452 2703 3500 cum
2755 3440 2967 3508 Jovem,
3006 3454 3071 3494 ac
3122 3437 3352 3502 Rheam,
3384 3444 3440 3491 et
3468 3432 3646 3490 Juno-

2062 3556 2232 3604 nem,
2286 3536 2588 3603 Palladem,
2651 3534 2958 3604 Apollinem
3018 3529 3395 3598 Veneremque
3445 3524 3648 3581 divinis

2065 3630 2366 3688 honoribus
2395 3634 2808 3688 consecrantes,
2832 3637 3133 3691 eorumque
3159 3619 3453 3691 pessimam
3481 3615 3649 3671 sobo-

2066 3725 2171 3780 lem
2210 3721 2479 3787 venerati,
2522 3727 2697 3774 totum
2754 3716 2942 3773 orbem
2975 3715 3252 3769 variorum
3320 3709 3549 3765 deorum
3584 3720 3649 3763 ac

2068 3811 2490 3867 simulacrorum
2522 3807 2770 3863 inanium
2812 3804 3099 3863 erroribus
3137 3803 3473 3858 imbuerunt;
3516 3796 3658 3851 Mihi

2067 3919 2197 3958 vero
2226 3903 2297 3957 ad
2323 3909 2493 3967 tuam,
2525 3915 2559 3955 ο
2584 3898 2875 3955 Ριοιειηωο
2896 3939 2910 3964 ,
2937 3904 3269 3963 tuorumque
3308 3889 3638 3946 confutatio-

2069 4009 2192 4050 nem
2220 3992 2355 4048 nihil
2384 3992 2591 4046 idcirco
2611 4003 2941 4060 magnopere
2958 3984 3349 4055 requirendum
3380 3986 3485 4042 est,
3504 3978 3652 4048 quod

2070 4086 2310 4155 majores
2342 4090 2465 4137 tuos
2493 4080 2711 4136 abunde
2762 4079 2877 4149 jam
2923 4076 3248 4132 refellimus.
3296 4071 3478 4138 Quare
3523 4085 3650 4124 cum

2071 4191 2137 4231 ex
2168 4175 2236 4229 iis
2269 4190 2389 4244 qua:
2416 4170 2564 4227 dicta
2602 4176 2752 4232 sunt,
2787 4182 2950 4240 quam
3005 4164 3262 4237 pudenda
3304 4163 3415 4218 sint
3438 4170 3532 4216 tua
3562 4161 3658 4215 illa

2072 4268 2325 4336 dogmata
2354 4263 2690 4320 declaratum
2726 4260 2915 4323 fuerit,
2941 4258 3231 4335 implorata
3281 4254 3445 4327 224
3493 4254 3652 4324 prius

2073 4374 2176 4429 ope
2200 4355 2471 4422 Numinis,
2504 4357 2583 4409 uti
2608 4369 2742 4408 mea:
2771 4351 3028 4408 tenuitati
3061 4357 3369 4407 succurrat.
3397 4346 3465 4400 ad
3504 4346 3647 4399 alio-

2072 4463 2197 4503 rum
2225 4444 2599 4502 discutiendos
2647 4457 2864 4497 errores
2906 4455 2993 4495 me
3026 4438 3334 4503 conferam,
3356 4444 3416 4491 ut
3448 4449 3569 4509 qua:
3598 4436 3659 4491 in

2011 4534 2062 4594 ι)
2088 4550 2418 4609 unaquaque
2448 4543 2607 4607 gente
2626 4532 2899 4605 pestifera:
2927 4531 3215 4605 opiniones
3238 4530 3473 4594 buleutae
3494 4539 3650 4595 sunt,

394 4635 503 4675 eas
536 4620 823 4692 detegam;
891 4636 957 4678 ac
993 4623 1060 4678 de
1119 4625 1371 4682 omnibus
1405 4627 1809 4697 quodammodo
1852 4633 2203 4706 triumpbem.
2236 4632 2394 4700 Quod
2449 4630 2767 4689 institutum
2820 4648 2853 4689 a
2900 4648 2987 4688 me
3034 4632 3491 4703 propositumque
3535 4636 3659 4685 stu-

395 4713 549 4769 dium
582 4726 637 4770 ut
667 4732 971 4788 exsequar,
1026 4718 1308 4777 caelestem
1363 4722 1499 4776 mihi
1559 4722 1801 4781 favorem
1846 4731 2190 4800 gratiamque
2218 4726 2536 4800 posmlabo.

468 4832 546 4889 6'.
587 4835 706 4889 Ἵνα
734 4836 788 4889 δὲ
818 4837 893 4908 μὴ
941 4837 1279 4893 ἀϐασάνιστα
1389 4842 1458 4896 τά
1499 4844 1626 4914 τρία
1671 4862 1764 4898 σου
1809 4846 1981 4913 λεξεί-

398 4926 509 4990 δια,
546 4924 583 4980 ἃ
633 4925 699 4997 δὴ
752 4926 887 4998 πρὸς
954 4926 1179 5000 Φλώραν
1242 4928 1302 4982 τὸ
1356 4931 1579 5000 γύναιον
1648 4935 1986 4993 ἐπιστέλλων»

401 5016 720 5088 ἐκομπάσω,
762 5012 809 5073 ὦ
851 5019 1154 5091 Πτολεμαῖε
1197 5022 1304 5092 (ἀεὶ
1327 5022 1437 5094 γάρ
1474 5025 1532 5077 αί
1563 5024 1811 5094 ὀφιώδεις
1832 5029 1979 5082 διδα-

404 5108 626 5163 σκαλίαι
676 5112 1003 5182 γυναικάρια
1057 5114 1442 5185 σεσωρευμένα
1492 5115 1785 5187 ἁμαρτίαις
1837 5121 1974 5175 ἀπα-

404 5202 558 5267 τῶσι,
586 5204 728 5257 κατὰ
758 5204 848 5258 τὸν
872 5203 966 5258 τοῦ
999 5205 1322 5259 Ἀποστόλου
1354 5206 1561 5280 λόγον),
1593 5210 1688 5264 κα¹ι
1716 5212 1888 5276 αὑτάς
1914 5214 1980 5287 δὴ

402 5294 502 5359 τὰς
537 5294 710 5361 λέξεις
749 5296 954 5361 κυρίως
996 5297 1228 5353 ἐνταῦθα
1271 5300 1692 5374 παραθήσομαι,
1741 5306 1835 5358 καὶ
1881 5305 1986 5378 τὴν

478 5498 495 5527 ¹
523 5496 583 5553 F.
636 5502 739 5556 οὑκ
765 5502 961 5559 οὑσῶν.

636 5502 739 5556 οὑκ
765 5502 961 5559 οὑσῶν.
1071 5505 1092 5535 ²
1127 5501 1189 5559 ιθ.
1223 5502 1459 5575 νομίζων
1474 5521 1547 5557 τι.

409 5582 496 5633 ιιι,
523 5570 578 5622 6.

1647 5504 1675 5536 ³
1701 5504 1830 5577 Reg.
1859 5505 2058 5571 κακίας
2092 5503 2280 5578 μονάς.

2153 4850 2245 4905 IX.
2285 4848 2486 4906 Verum
2519 4854 2578 4902 ut
2608 4860 2781 4917 pauca
2807 4845 2899 4900 illa
2934 4844 3100 4899 verba
3128 4842 3351 4898 interim
3378 4838 3662 4911 expenda-

2085 4959 2231 5006 mus,
2259 4958 2381 5013 qua:
2404 4941 2471 4995 ad
2490 4939 2706 4995 Floram
2738 4938 2943 5009 ingenti
2975 4952 3097 4991 cum
3127 4935 3268 4991 fastu
3316 4933 3662 5003 arrogantia-

2085 5048 2192 5105 que
2257 5031 2529 5103 scripsisti
2609 5029 2811 5101 (solent
2895 5029 3039 5083 enim
3114 5032 3328 5080 onusta:
3420 5023 3664 5094 peccatis

2086 5124 2424 5179 mulierculae
2451 5163 2468 5190 ,
2506 5129 2565 5176 ut
2614 5122 2692 5176 ait
2723 5120 3019 5190 Apostolus
3049 5120 3092 5183 ⁸,
3125 5116 3361 5188 vipereis
3392 5113 3664 5183 ejusmodi

2085 5214 2433 5286 dogmatibus
2464 5213 2828 5283 deeipi);tuas
2854 5213 3021 5282 ipsas,
3039 5210 3348 5271 Ptolemaee,
3370 5221 3528 5262 voces
3563 5205 3666 5259 hoc

2086 5305 2207 5361 loco
2235 5320 2566 5377 preponam,
2583 5318 2789 5375 easque
2827 5302 3157 5365 necessitate
3186 5308 3436 5365 coactus,
3467 5312 3538 5352 ne
3559 5311 3669 5367 qua

2388 5504 2415 5537 ⁸
2441 5505 2459 5560 l
2487 5504 2627 5562 Tim.
2658 5521 2697 5565 ι.
2730 5503 2787 5559 4.
2845 5503 2873 5536 ⁸
2897 5502 3074 5559 Eccle.
3102 5514 3224 5569 xm,
3248 5498 3338 5556 20.
3413 5499 3435 5529 '
3468 5495 3668 5553 ll’l‘im.

477 5736 571 5818 (5).
596 5738 707 5791 Καὶ
750 5737 1137 5807 Στησίχορον.
1196 5734 1548 5794 Stesichorus
1608 5736 1894 5798 fabulosas
1948 5740 2174 5800 deorum
2225 5742 2513 5817 prosapi-as
2555 5728 2961 5815 deScripserat,
3008 5750 3070 5800 ut
3102 5741 3235 5800 alibi
3296 5738 3505 5800 indicat
3543 5733 3661 5807 Epi-

410 5806 667 5877 pbanius.
