4156 6358
524 396 644 453 ⁸571

1926 379 1996 452 s.
2037 393 2390 453 EPIPllANll

3722 384 3829 444 572

548 515 786 573 infelicis
813 515 929 573 lolii
966 516 1123 575 radix
1152 518 1417 591 supersit,
1462 534 1711 593 congruo
1739 520 1935 577 ordine
1963 511 2137 577 refel-J

2241 520 2415 573 αὐτῶν
2445 515 2757 590 ἀνατροπὴν
2788 514 3090 585 ἀναγκαίαν
3126 506 3311 578 οὖσαν,
3354 512 3432 574 εἰς
3460 510 3521 563 τὸ
3561 506 3635 581 μή
3659 524 3829 560 κατα-

549 611 677 665 lam.

619 796 816 869 Legem
856 800 1061 855 asseris
1090 798 1362 855 trifariam
1391 814 1515 855 esse
1538 798 1795 863 divisam,
1826 805 1887 853 ut
1934 798 2134 869 partim

548 904 579 942 a
611 888 743 953 Deo,
767 892 964 960 partim
989 908 1019 945 a
1048 892 1251 963 Moyse,
1282 893 1483 963 partim
1515 908 1543 946 a
1580 892 1895 948 senioribus
1937 903 2135 943 mana-

552 979 642 1034 rit.
670 979 743 1035 De
782 982 1095 1038 senioribus
1145 999 1310 1053 porro
1341 999 1442 1038 cur
1473 986 1546 1037 ita
1582 983 1814 1046 sentias,
1866 981 2023 1047 nihil,
2074 989 2135 1035 ut

550 1079 796 1140 apparet,
843 1072 1039 1129 aﬂerre
1092 1085 1248 1144 potes
1308 1075 1364 1129 in
1419 1073 1723 1145 Scripturis
1787 1089 2131 1143 expressum.

547 1157 831 1230 Nusquam
874 1163 1021 1218 enim
1065 1163 1121 1217 ln
1182 1164 1300 1235 lege
1351 1163 1554 1217 tradita
1608 1163 1700 1216 illa
1748 1177 1779 1215 a
1825 1162 2134 1217 senioribus

549 1252 771 1307 decreta
838 1264 1233 1310 memorantur.
1310 1253 1416 1309 Sed
1493 1269 1777 1310 sacrorum
1845 1251 2134 1308 Librorum

550 1356 803 1410 perseque
861 1358 925 1398 ac
978 1343 1227 1398 veritatis
1289 1343 1513 1413 ignarus
1563 1342 1890 1397 calumniari
1952 1341 2135 1397 sciens

548 1435 817 1500 instituis,
867 1443 1247 1502 accurateque
1295 1434 1637 1505 singulorum
1686 1435 1893 1489 notitiae
1935 1449 2136 1490 conse-

550 1526 831 1593 quentiam
886 1543 994 1581 non
1054 1527 1233 1581 vides.
1285 1528 1419 1581 Nam
1476 1528 1755 1583 seniorum
1812 1526 2137 1581 traditiones

546 1617 905 1689 δευτερὼσεις
961 1635 991 1672 a
1041 1618 1244 1675 ludatis
1274 1626 1563 1674 vocantur.
1632 1620 1881 1685 Quatuor
1954 1625 2137 1671 autem

553 1711 771 1765 illarum
798 1721 927 1767 sunt
956 1729 1175 1783 genera.
1210 1712 1457 1768 Primum
1501 1722 1607 1776 est,
1654 1711 1803 1783 quod
1836 1711 1939 1767 sub
1971 1710 2137 1766 Mosis

553 1805 775 1859 nomine
832 1805 1230 1860 cireumferuut
1268 1823 1283 1873 ;
1315 1806 1616 1860 secundum
1649 1812 1755 1869 est,
1788 1804 1935 1874 quod
1958 1801 2136 1856 Rabbi

552 1897 739 1951 Akibae
796 1897 1067 1961 tribuunt,
1105 1897 1330 1951 tertium
1364 1896 1553 1961 Addaa,
1599 1894 1717 1951 sive
1750 1892 1925 1956 ludar,
1966 1906 2135 1961 quar-
2170 1877 2211 1931 Β

551 1997 667 2043 tum
726 1988 794 2042 ad
847 1987 1153 2042 Asamonzei
1200 1988 1340 2044 ﬁlios
1401 1987 1658 2043 refertur.
1731 1985 1881 2042 Cedo
1944 1985 2134 2056 igitur,

551 2084 716 2137 homo
771 2082 1276 2138 contentiosissime
1331 2097 1395 2136 ac
1449 2080 1766 2146 levissime,
1805 2095 2046 2150 quonam
2080 2080 2137 2133 in

552 2175 906 2230 Pentateucbi
946 2175 1254 2243 divinaeque
1294 2174 1429 2245 legis
1461 2173 1740 2227 volumine
1790 2173 1938 2228 illam
1982 2181 2138 2244 potes

550 2269 929 2323 demonstrare
974 2267 1324 2329 sententiam,
1376 2281 1541 2336 quam
1583 2265 1636 2319 in
1665 2263 1960 2335 Evangelio
1984 2266 2141 2320 Chri-

551 2371 673 2417 stus
713 2362 932 2415 attulit:
969 2362 1072 2427 Qui
1093 2360 1288 2413 dixerit
1321 2359 1465 2425 patri
1495 2374 1592 2411 suo
1624 2355 1859 2420 Corban,
1900 2357 2038 2427 quod
2060 2368 2138 2411 est

549 2456 770 2517 donum,
804 2454 936 2508 nihil
985 2455 1087 2523 ipsi
1126 2452 1420 2520 proderit‘,
1461 2450 1609 2520 quod
1664 2449 1797 2503 milii
1857 2464 2138 2519 nunquam

550 2546 830 2602 ostendes.
866 2545 1233 2613 Quamobrem
1300 2544 1460 2613 friget
1521 2542 1612 2596 illa
1668 2548 1760 2595 tua
1804 2541 2134 2610 disputatio,

550 2656 676 2694 cum
710 2640 762 2693 id
789 2639 939 2692 nullo
968 2632 1325 2691 Pentateuclti
1348 2636 1468 2689 loco
1520 2633 1788 2702 scriptum
1818 2639 2036 2697 exstet;
2074 2646 2139 2686 ac

552 2733 764 2787 misera:
820 2730 898 2784 illi
955 2727 1296 2783 muliercula:
1354 2724 1725 2795 nequidquam
1800 2723 2136 2794 imposuisti.

548 2825 821 2879 Czeterum
853 2837 975 2893 qua:
1014 2837 1044 2874 a
1074 2820 1221 2875 Mose
1267 2820 1482 2875 sancita
1516 2825 1665 2875 sunt.
1700 2832 1729 2870 a
1757 2815 1866 2871 Deo
1912 2816 2137 2869 minime

552 2927 680 2974 sum
713 2918 909 2978 aliena,
942 2930 973 2969 a
1008 2930 1142 2984 quo,
1192 2914 1379 2983 Moyse
1439 2920 1726 2978 sequestre
1785 2919 1949 2979 atque
1977 2910 2139 2963 inter-

550 3020 726 3080 prete,
750 3008 948 3063 tradita
987 3016 1146 3064 sunt:
1178 3006 1322 3076 quod
1352 3014 1404 3060 et
1450 3004 1629 3073 ipsum
1659 3001 1963 3057 Salvatoris
1987 3002 2139 3071 judi-

551 3104 698 3158 cium
730 3101 1013 3157 evidenter
1070 3100 1362 3171 approbat,
1406 3096 1654 3167 adeoque
1712 3097 1912 3166 quibus
1964 3096 2137 3153 uteris

553 3196 906 3257 testimoniis,
952 3211 1015 3249 ea
1074 3201 1267 3247 contra
1323 3191 1673 3260 temetipsum
1710 3190 2011 3261 protulisti.
2043 3188 2136 3243 Sic

2234 611 2520 680 λειφθῆναι
2552 611 2707 682 ῥίζαν
2751 609 2849 678 τῆς
2892 607 3239 672 ζιζανιώδους
3283 622 3375 658 σου
3422 603 3651 672 σπορᾶς,
3696 598 3825 666 ἑξῆς

2234 702 2545 766 ἀκολούθως
2577 702 2897 773 ποιήσομαι.

2305 798 2541 860 Φάσκεις
2574 796 2701 868 γὰρ,
2731 791 2775 849 ῶ
2812 790 2985 859 οὗτος,
3010 794 3101 847 τὸν
3128 793 3289 864 νόμον
3326 791 3486 864 τριχῆ
3512 787 3823 861 διῃρῆσθαι,

2237 889 2330 942 καὶ
2367 889 2428 941 τὸ
2463 889 2561 960 μὲν
2596 890 2738 959 ἔχειν
2758 906 2811 942 τι
2850 892 2913 941 ὲκ
2940 885 3034 941 τοῦ
3062 885 3220 950 Θεοῦ,
3254 884 3314 937 τὸ
3344 884 3401 937 δὲ
3428 886 3491 935 ὲκ
3520 880 3820 943 Μωῦσέως,

2236 982 2295 1035 τὺ
2339 986 2395 1039 δὲ
2444 985 2510 1037 ὲκ
2549 984 2656 1037 τῶν
2713 980 3121 1054 πρεσϐυτέρων.
3166 978 3277 1033 Καὶ
3320 978 3401 1031 ὃτι
3446 978 3545 1047 μὲν
3596 977 3660 1029 ἐκ
3714 976 3823 1028 τῶν

2238 1079 2624 1154 πρεσϐυτέρων
2666 1077 2790 1141 οἴει,
2824 1071 3208 1145 γεγραμμένον
3246 1070 3345 1123 οὐκ
3381 1069 3525 1140 ἔχεις
3560 1068 3653 1122 τοῦ
3697 1070 3827 1122 ἀπο-

2236 1172 2426 1237 δεῖξαι,
2462 1169 2621 1224 τοῦτό
2662 1170 2779 1220 ὲστι
2808 1165 2985 1236 δῆλον.
3024 1160 3276 1234 Οὐδαμοῦ
3315 1163 3423 1233 γὰρ
3465 1164 3525 1213 ἐν
3552 1161 3700 1231 νόμῳ
3730 1163 3826 1212 ὲκ-

2238 1267 2493 1338 φέρονται
2544 1265 2599 1317 αἱ
2658 1262 2765 1316 τῶν
2832 1257 3218 1333 πρεσϐυτέρων
3277 1253 3620 1327 παραδόσεις.
3662 1252 3827 1304 Ἀλλὰ

2238 1358 2449 1429 ἀγνοῶν
2497 1357 2592 1411 καὶ
2634 1356 2731 1419 τὰς
2786 1354 3036 1426 βίϐλους,
3099 1352 3190 1406 καὶ
3230 1350 3328 1420 τήν
3376 1347 3631 1419 ἁληθείαν
3686 1363 3825 1413 φαν-

2238 1454 2377 1525 τάξῃ
2404 1451 2774 1520 συκοφαντῶν,
2813 1449 2908 1501 καὶ
2951 1447 3049 1509 τὰς
3096 1443 3414 1505 ἀκολουθίας
3447 1439 3655 1509 ἀγνοῶν
3694 1440 3826 1491 ἑκά-

2242 1562 2373 1617 στης
2432 1542 2693 1615 ἀκριϐοῦς
2741 1540 3018 1611 είδήσεως.
3074 1537 3139 1591 Δί
3185 1536 3292 1605 γὰρ
3348 1534 3671 1604 παραδόσεις
3716 1532 3826 1583 τῶν

2241 1636 2646 1711 πρεσϐυτέρων,
2688 1631 3042 1703 δευτερὼσεις
3082 1629 3230 1700 παρὰ
3264 1630 3375 1690 τοῖς
3431 1624 3701 1687 Ἰουδαίοις
3736 1623 3826 1675 λέ-

2239 1746 2447 1797 γονται.
2486 1728 2607 1780 Εἰσὶ
2650 1724 2707 1779 δὲ
2748 1717 2907 1779 αῦται
2941 1722 3204 1792 τέσσαρες
3236 1720 3346 1789 (6)·
3385 1720 3486 1791 μία
3529 1718 3644 1787 μὲν,
3677 1718 3710 1787 ή
3744 1718 3827 1779 εἰς

2239 1821 2408 1891 ὖνομα
2425 1808 2703 1881 Μωῦσέως
2736 1815 3011 1889 φερομένη
3030 1830 3043 1842 ·
3074 1812 3303 1884 δευτέρα
3333 1812 3410 1877 δὲ,
3444 1813 3477 1881 ἡ
3506 1809 3600 1863 τοῦ
3632 1808 3829 1862 καλου·

2244 1913 2405 1983 μένου
2446 1909 2807 1965 Ῥαϐϐιακιϐἀ
2830 1925 2843 1938 ⁸
2894 1908 3073 1979 τρίτη,
3114 1906 3302 1967 Ἀδδά,
3337 1905 3456 1974 ἦτοι
3485 1901 3688 1955 Ἰούδα’
3735 1918 3828 1952 τε-

2242 2006 2441 2076 τάρτη,
2485 2004 2593 2057 τῶν
2620 2002 2751 2055 υίῶν
2796 2000 3193 2071 Ἀσαμωναίου.
3230 1996 3382 2050 Ἐπεὶ
3407 1996 3510 2048 ποῦ
3550 1994 3711 2065 ἔχεις,
3735 2011 3828 2061 φι-

2238 2097 2445 2151 λόνεικε
2476 2098 2569 2151 καὶ
2597 2095 2939 2150 ἀκατάστατε
2984 2092 3083 2163 τὴν
3122 2089 3371 2160 γνώμην,
3414 2090 3583 2155 δεῖξαι
3619 2090 3675 2141 ὲν
3706 2090 3828 2149 ταῖς

2241 2192 2401 2244 πέντε
2434 2189 2637 2259 βίϐλοις
2659 2190 2757 2259 τῆς
2778 2186 3152 2255 Πεντατεῦχου
3183 2186 3277 2236 καὶ
3311 2180 3447 2234 Θεοῦ
3480 2179 3826 2250 νομοθεσίας,

2239 2283 2321 2335 ὅτι
2350 2279 2556 2352 ὲρῤήθη
2600 2280 2629 2330 ὁ
2668 2278 2846 2347 λόγος,
2887 2278 2914 2329 ὁ
2955 2274 3104 2343 παρά
3141 2272 3216 2341 τῷ
3254 2272 3465 2340 Σωτῆρι
3505 2267 3825 2339 εἰρημένος·

2241 2373 2263 2405 ⁸
2290 2372 2443 2441 Ἐρεῖ
2465 2369 2544 2437 τῷ
2570 2370 2744 2438 πατρὶ
2776 2366 2965 2422 αὑτοῦ
2994 2367 3243 2432 Κορὸὰν,
3265 2363 3297 2415 ὅ
3319 2363 3455 2414 ἐστι.
3485 2358 3696 2426 δῶρον,
3716 2360 3829 2409 οὐκ

2240 2464 2697 2533 ὠφεληθήσεται
2726 2480 2779 2515 τι
2815 2461 2883 2525 ἐξ
2910 2459 3135 2520 αὐτοῦ;
3170 2456 3310 2509 Ἀλλ’
3338 2458 3437 2508 οὐκ
3466 2456 3605 2523 ἔχεις
3635 2452 3831 2517 δεῖξαι.

2244 2559 2389 2629 Ἀρα
2411 2556 2540 2626 γοῦν
2573 2554 2795 2622 ἐξέπεσε
2822 2571 2913 2605 σου
2941 2552 3160 2619 ὁλόγος,
3183 2550 3278 2601 τοῦ
3311 2551 3554 2620 ῥήματος
3588 2544 3833 2615 οὐδαμοῦ

2238 2652 2304 2721 τῇ
2332 2646 2687 2717 Πεντατεύχῳ
2713 2643 3113 2715 ὲμφερομένου,
3140 2642 3232 2694 καὶ
3262 2640 3439 2710 μάτην
3474 2639 3573 2709 τήν
3602 2637 3706 2690 ὑπὸ
3734 2636 3833 2689 σοῦ

2241 2741 2601 2813 ἠπατημένην
2638 2738 2861 2809 Φλώραν
2906 2735 3238 2804 ὲφάντασας.
3287 2732 3369 2784 Τὰ
3414 2731 3469 2784 δὲ
3516 2731 3620 2783 ὑπὸ
3661 2730 3835 2782 Μωῦ-

2243 2836 2380 2898 σέως
2414 2834 2515 2886 οὐκ
2560 2832 2718 2894 ὲκτὸς
2767 2830 2861 2883 τοῦ
2906 2828 3041 2881 Θεοῦ
3098 2828 3191 2880 καὶ
3250 2826 3391 2878 αὑτά
3445 2822 3835 2893 ἐνομοθετήθη,

2240 2928 2376 2980 ἀλλὰ
2406 2928 2471 2979 ὲκ
2499 2924 2592 2979 τοῦ
2624 2922 2761 2976 Θεοῦ
2793 2922 2882 2975 διὰ
2907 2920 3208 2982 Μωῦσέως,
3238 2918 3266 2971 ὃ
3301 2918 3393 2971 καὶ
3438 2916 3497 2981 ἐξ
3535 2916 3702 2985 αὐτῆς
3730 2914 3836 2981 τῆς

2239 3018 2335 3071 τοῦ
2357 3019 2606 3089 Σωτῆρος
2620 3015 2949 3086 ἐπικρίσεως
2974 3014 3267 3067 δείκνυται.
3290 3012 3469 3074 non;
3485 3010 3593 3080 γὰρ
3608 3009 3670 3071 ἂς
3690 3025 3839 3078 παρ’

2242 3111 2447 3182 ήγαγες
2491 3106 2821 3179 μαρτυρίας,
2853 3106 2993 3159 κατᾶ
3039 3103 3235 3158 σαυτοῦ
3274 3103 3693 3171 ὲπισυνήγαγες.
3724 3098 3837 3151 Φά-

2245 3220 2363 3256 σκει
2404 3201 2513 3273 γὰρ
2551 3203 2578 3254 ὁ
2616 3199 2819 3270 Κύριος
2868 3202 2925 3251 ἐν
2963 3197 3040 3267 τῷ
3078 3195 3411 3265 Εὐαγγελίῳ.
3448 3195 3531 3247 ὅτι
3577 3188 3841 3259 Μωῦσῆς

550 3292 695 3347 enim
727 3291 779 3343 in
808 3287 1103 3357 Evangelio
1157 3284 1421 3339 Dominus
1468 3284 1744 3353 loquitur:
1779 3285 1989 3353 Moyses
2029 3282 2139 3338 lucc

2243 3294 2469 3365 ἔγραψε
2502 3294 2652 3346 κατὰ
2684 3290 2799 3360 τὴν
2823 3289 3317 3359 σκληροκαρδίαν
3342 3286 3527 3356 ὑμῶν.

552 3381 762 3445 scripsit
792 3378 859 3431 ad
890 3378 1139 3430 duritiem
1170 3374 1343 3430 cordis
1368 3376 1527 3429 vestri
1556 3376 1598 3429 ‘.

621 3470 741 3525 Jam
774 3470 921 3539 quod
951 3468 1163 3538 Moyses
1190 3468 1436 3537 scripsit,
1469 3466 1734 3521 noncitra
1766 3464 1857 3521 Dei
1886 3466 2138 3520 volunta-

555 3571 663 3617 tem
688 3562 946 3631 scripsit;
985 3560 1078 3615 sed
1112 3566 1306 3614 sancto
1366 3558 1574 3627 Spiritu
1630 3558 1940 3628 impellente
1975 3557 2137 3628 225

552 3653 860 3707 constituit.
895 3650 1015 3705 Mox
1033 3650 1178 3705 enim
1214 3649 1465 3704 Salvator
1496 3650 1549 3703 in
1571 3647 1762 3704 eodem
1797 3648 2131 3717 Evangelio,

556 3743 710 3811 Quod
742 3742 905 3809 Deus,
936 3743 1134 3813 inquit,
1192 3743 1489 3811 conjunxit,
1552 3730 1717 3796 homo
1762 3760 1867 3797 non
1911 3752 2135 3812 separet.

554 3837 1022 3905 Quemadmodum
1072 3851 1202 3890 vero
1255 3834 1629 3904 coniunxerit,
1684 3836 1852 3891 verba
1900 3836 2046 3906 ipsa,
2077 3845 2138 3890 ut

555 3931 1010 4002 intelligeremus,
1048 3928 1251 3997 adjecit
1278 3947 1290 3981 :
1327 3928 1554 3997 Propter
1579 3928 1679 3982 hoc
1700 3928 1954 3999 relinquet
1984 3929 2137 3983 homo

559 4034 767 4095 patrem
792 4041 971 4087 suum,
1000 4032 1051 4077 et
1084 4020 1374 4077 adhwrebit
1408 4023 1567 4077 uxori
1601 4039 1734 4087 sum,
1770 4032 1818 4077 et
1848 4032 2002 4077 erunt
2032 4024 2137 4078 duo

554 4121 609 4172 in
633 4136 845 4173 carnem
872 4135 1052 4172 unam.
1074 4116 1217 4171 Tum
1250 4116 1449 4171 infert:
1482 4116 1635 4183 Quod
1674 4133 1796 4186 ergo
1850 4117 1989 4171 Deus
2013 4134 2140 4170 con-

549 4214 754 4283 junxit,
810 4213 964 4267 homo
1021 4229 1124 4265 non
1164 4193 1393 4280 separet:
1442 4209 1608 4280 Atqui
1666 4225 1945 4280 nunquam
2005 4210 2139 4264 illud

560 4306 841 4369 Dominus,
870 4320 993 4359 cum
1024 4304 1291 4357 Adamum
1345 4302 1624 4373 Evamque
1657 4301 1941 4367 formaret,
1973 4317 2139 4356 usur-

555 4411 715 4464 passe
745 4394 969 4464 legitur;
1000 4393 1094 4447 sed
1127 4394 1230 4446 hoc
1272 4393 1484 4447 solum:
1524 4391 1816 4447 Faciamus
1853 4394 1900 4446 ei
1924 4392 2141 4462 adjuto-

554 4488 693 4539 rium
732 4486 902 4539 simile
925 4485 1083 4538 sibi':
1121 4484 1267 4539 istud
1298 4498 1427 4538 vero
1454 4484 1524 4538 ab
1556 4484 1765 4537 Adamo
1800 4484 2003 4538 dictum
2031 4491 2137 4547 est,

2316 3477 2381 3530 Ὀ
2404 3476 2458 3528 δὲ
2498 3473 2705 3545 ἔγραψε
2738 3472 2998 3543 Μωῦσῆς,
3029 3472 3129 3524 οὐκ
3162 3469 3319 3532 ἐκτὸς
3360 3467 3665 3538 βουλήσεως
3695 3463 3836 3517 Θεοῦ

2240 3568 2512 3639 ἔγραψεν·
2560 3566 2696 3621 ἀλλά
2748 3568 2812 3619 ὲκ
2867 3564 3185 3634 Πνεῦματος
3238 3562 3394 3629 ἁγίου
3449 3560 3834 3629 ἐνομοθέτησε.

2240 3663 2402 3729 Λέγει
2439 3660 2548 3731 γὰρ
2595 3662 2623 3713 ὁ
2672 3658 2875 3728 Κύριος
2925 3658 2983 3709 ὲν
3022 3656 3100 3727 τῷ
3139 3652 3489 3723 Εὑαγγελίῳ·
3526 3654 3594 3703 Ὃ
3625 3654 3657 3703 ὀ
3693 3649 3842 3716 Θεὸς

2240 3750 2630 3815 συνέζευξεν,
2685 3748 2996 3817 ἅνθρωπος
3047 3746 3134 3817 μὴ
3186 3742 3489 3816 χωριζέτω.
3551 3743 3663 3796 Καὶ
3718 3742 3843 3805 πῶς

2242 3842 2551 3908 συνέζευξε,
2596 3839 2839 3911 διεξῆλθε
2871 3840 2933 3892 τὸ
2974 3839 3143 3910 ῥῆμα,
3178 3838 3265 3891 ἵνα
3304 3836 3588 3907 μάθωμεν,
3629 3835 3838 3903 λέγων’

2253 3935 2413 3989 Ἀντί
2448 3934 2664 3987 τούτου
2710 3932 3064 4001 καταλείψει
3109 3930 3423 3998 ἅνθρωπος
3466 3929 3577 3982 τὸν
3612 3926 3844 3994 πατέρα

2241 4026 2454 4090 αὑτοῦ,
2493 4026 2590 4079 καὶ
2626 4024 3071 4092 κολληθήσεται
3110 4022 3185 4091 τῇ
3218 4022 3460 4092 γυναικὶ
3494 4020 3704 4085 αὑτοῦ,
3739 4022 3841 4075 καὶ

2241 4118 2485 4173 ἔσονται
2527 4120 2581 4172 οἱ
2623 4117 2733 4170 δύο
2784 4119 2871 4183 εὶς
2912 4114 3113 4184 σάρκα
3152 4116 3320 4184 μίαν.
3369 4112 3501 4169 Εἶτα
3545 4115 3841 4186 ἐπιφέρει,

2242 4210 2417 4277 λέγων
2436 4225 2449 4239 ·
2481 4211 2552 4261 Ὀ
2579 4203 2693 4263 οὖν
2714 4210 2747 4261 ὁ
2770 4206 2915 4273 Θεὸς
2961 4205 3344 4271 συνέζευξεν,
3404 4206 3715 4273 ἅνθρωπος
3751 4204 3841 4273 μὴ

2242 4300 2525 4370 χωριζέτω
2545 4318 2556 4329 ·
2574 4299 2749 4353 καίτοι
2776 4316 2839 4367 γε
2856 4298 3091 4369 οὐδαμοῦ
3116 4298 3210 4352 τοῦ
3251 4299 3459 4370 Κυρίου
3497 4297 3658 4350 τοῦτο
3689 4299 3844 4367 είρη⁶

2242 4394 2419 4456 κότος,
2468 4393 2704 4463 ὁπηνίκα
2746 4391 2837 4445 τὸν
2882 4391 3052 4461 Ἀδὰμ
3097 4391 3189 4444 καὶ
3231 4390 3333 4461 τὴν
3386 4389 3527 4443 Εὔαν
3582 4388 3841 4450 ἔπλασεν,

2243 4486 2276 4557 ἢ
2322 4486 2517 4556 μόνον·
2569 4482 2926 4553 Ποιήσωμεν
2970 4482 3131 4549 αὐτῷ
3179 4484 3308 4536 κατ’
3354 4481 3543 4536 αὐτὸν
3585 4480 3840 4547 βοηθόν.

556 4579 648 4647 qui
678 4593 708 4631 a
752 4590 948 4631 somno
1023 4574 1461 4645 expergefactus,
1502 4572 1616 4627 Hoc
1670 4591 1807 4628 nunc
1832 4592 1910 4638 os,
1944 4576 2041 4640 ait,
2076 4589 2139 4629 ea:

2262 4577 2421 4630 Ἀλλά
2448 4576 2606 4630 τοῦτο
2651 4578 2756 4630 ὑπὸ
2788 4577 2882 4630 τοῦ
2925 4576 3096 4646 Ἀδὰμ
3133 4576 3377 4647 εἴρηται·
3414 4576 3496 4627 ὃτι
3537 4574 3735 4643 ἀνέστη
3778 4572 3846 4625 ἐκ

555 4666 760 4719 ossibus
786 4665 933 4728 meis,
956 4672 1006 4717 et
1036 4680 1161 4717 curo
1216 4664 1280 4717 de
1330 4680 1488 4718 carne
1531 4681 1683 4717 mea:
1715 4666 1827 4719 lucc
1859 4664 2137 4719 vocabitur

555 4760 758 4827 virago,
784 4758 910 4826 quia
965 4771 1029 4809 ex
1074 4757 1189 4809 viro
1240 4766 1452 4824 sumpta
1504 4767 1604 4809 est.
1636 4756 1820 4827 Pergit
1885 4757 2133 4813 deinde:

559 4849 783 4916 Propter
816 4846 912 4901 hoc
942 4846 1197 4916 relinquet
1230 4847 1384 4900 homo
1442 4856 1649 4915 patrem
1698 4858 1748 4901 et
1796 4859 2042 4913 matrem,
2090 4858 2140 4903 et

557 4938 845 4994 adltwrebit
878 4939 1036 4993 uxori
1073 4955 1210 5003 sum,
1251 4948 1298 4992 et
1328 4948 1484 4992 erunt
1516 4937 1622 4993 duo
1650 4940 1702 4991 in
1727 4957 1939 4994 carnem
1956 4958 2139 4997 unam.

556 5032 695 5088 Cum
723 5031 889 5101 igitur
941 5046 1053 5085 non
1088 5032 1193 5085 hoc
1224 5029 1388 5097 Deus,
1428 5032 1522 5086 sed
1562 5031 1804 5087 Adamns
1839 5033 2057 5099 dixerit,
2090 5042 2145 5089 et

556 5142 622 5181 ea
654 5125 769 5195 ipsa
786 5132 968 5179 tamen
1000 5122 1095 5179 Dei
1125 5138 1249 5178 esse
1279 5124 1443 5178 verba
1474 5122 1741 5179 Dominus
1772 5124 1825 5177 in
1848 5122 2143 5195 Evangelio

560 5226 811 5282 testetur,
865 5215 1000 5272 satis
1049 5230 1138 5271 res
1188 5215 1307 5286 ipsa
1358 5214 1624 5282 declarat,
1655 5224 1769 5270 tum
1808 5216 1923 5272 haec
1948 5218 2141 5277 Adami

637 5375 650 5404 '
683 5372 851 5428 Marc.
882 5388 977 5435 vn,
1010 5372 1098 5429 ll.
1172 5374 1192 5404 ²
1233 5371 1400 5427 Matth
1463 5388 1577 5437 xix,
1604 5373 1637 5428 8
1665 5390 1786 5445 sqq.

2246 4669 2340 4725 τοῦ
2373 4669 2563 4735 ὕπνου,
2592 4670 2686 4724 καὶ
2744 4665 2895 4723 εἷπε·
2952 4669 3130 4724 Τοῦτο
3174 4668 3291 4721 νῦν
3335 4666 3563 4721 ὀστοῦν
3606 4665 3675 4717 ἐκ
3724 4664 3844 4717 τῶν

2248 4762 2448 4815 ὀστῶν
2474 4780 2615 4831 μου,
2645 4762 2740 4816 καὶ
2781 4761 2939 4831 σὰρξ
2981 4762 3051 4815 ἐκ
3076 4760 3185 4829 τῆς
3224 4760 3452 4829 σαρκός
3492 4775 3643 4827 μου·
3686 4756 3842 4823 αὕτη

2248 4855 2617 4921 κληθήσεται
2645 4853 2823 4925 γυνὴ,
2856 4853 2945 4907 ὅτι
2983 4854 3052 4906 ἐκ
3085 4853 3209 4923 [τοῦ
3229 4850 3452 4918 ἀνδρὸς
3477 4848 3671 4917 αὐτῆς
3700 4848 3843 4918 ὲλή·

2249 4950 2367 5017 φθη
2409 4946 2583 5014 αὕτη.
2614 4943 2748 4999 Εἷτά
2794 4962 2990 5015 φησιν’
3033 4943 3194 4998 Ἀντὶ
3232 4943 3449 4995 τούτου
3490 4939 3847 5005 καταλείψει

2244 5038 2556 5108 ἄνθρωπος
2592 5039 2699 5093 τὸν
2723 5037 2951 5106 πατέρα
2980 5036 3169 5091 αὐτοῦ
3200 5033 3300 5088 καὶ
3328 5033 3444 5103 τὴν
3467 5033 3698 5103 μητέρα
3730 5035 3847 5087 αὐ-

2240 5128 2374 5191 τοῦ,
2425 5129 2525 5182 καὶ
2572 5126 3021 5197 κολληθήσεται
3069 5125 3144 5195 τῇ
3190 5124 3428 5196 γυναικὶ
3481 5122 3691 5189 αὐτοῦ,
3738 5122 3845 5175 καὶ

2244 5222 2490 5275 ἔσονται
2517 5222 2572 5274 οἱ
2593 5220 2701 5274 δύο
2726 5222 2813 5286 εἰς
2841 5218 3043 5288 σάρκα
3062 5218 3232 5289 μίαν.
3282 5218 3356 5271 Οὐ
3379 5214 3473 5270 τοῦ
3503 5214 3637 5270 Θεοῦ
3662 5213 3846 5267 τοίνυν

1864 5375 1884 5406 ³
1909 5372 2047 5430 Gen.
2088 5392 2148 5441 ιι,
2179 5377 2212 5432 8
2258 5393 2380 5448 sqq.
2456 5378 2479 5409 ⁸
2512 5377 2673 5433 Deest
2703 5378 2783 5441 ὃς.

631 5489 721 5561 (6)
750 5488 887 5543 Εἰσὶ
912 5488 980 5542 δὲ
1010 5483 1185 5561 αὗται
1220 5488 1534 5555 τέσσαρες.
1568 5490 1815 5555 Quatuor
1846 5492 1990 5560 apud
2041 5489 2139 5545 lle-

2248 5509 2373 5549 nem
2406 5492 2705 5561 accepisse,
2737 5507 2966 5561 eamque
2996 5489 3138 5546 LXX
3172 5489 3544 5561 Senioribus,
3564 5487 3665 5561 hos
3697 5485 3845 5557 {pro-

561 5560 738 5613 braios
785 5558 1206 5633 Aeursptboewv,
1244 5561 1359 5633 sive
1400 5561 1755 5633 traditionum
1788 5558 2005 5633 gen—cra
2027 5576 2150 5633 per:

2252 5565 2433 5645 pltetis
2458 5606 2471 5627 ,
2506 5559 2605 5620 bos
2633 5559 2931 5645 Synagogae
2972 5561 3287 5645 tradidisse.
3334 5559 3488 5645 lianc
3534 5560 3679 5628 legio
3706 5573 3845 5645 ‘eor:

563 5628 1007 5705 eeliset:_1_cst
1044 5629 1190 5705 quod
1243 5629 1413 5705 Moysi
1464 5628 1825 5705 inscribitur}
1879 5632 1914 5685 2
1974 5628 2151 5686 Rabbi
2252 5628 2521 5705 ruptelam
2579 5628 2808 5704 potius,—
2830 5628 3536 5703 quaminterpretaticnem
3565 5628 3844 5699 appellant

567 5699 777 5764 Akiba;
808 5701 841 5753 3
877 5699 943 5752 Β.
979 5692 1156 5761 Adda,
1219 5692 1349 5755 sive'
1377 5700 1517 5754 Juda
1542 5718 1556 5765 ;
1583 5702 1617 5756 4
1648 5692 2147 5757 Assamonzeorum.

2255 5733 2330 5786 ΠΒ
2369 5711 2530 5791 Sne:
2568 5736 2732 5788 7mm,
2775 5726 2935 5795 legem
2963 5740 3080 5794 quae
3118 5740 3208 5777 ore
3238 5722 3439 5795 tradita
3470 5722 3563 5787 sit,
3592 5719 3846 5788 tantique

570 5768 1045 5869 Ξίᾚὲῗηξηὶἶιξξξῖῗξ
1088 5769 1311 5869 δξῖξζὲἳπξ
1336 5772 1566 5869 ξιξξηῖέἓίε
1583 5772 2151 5869 ,9j?}’l,'§;j]1'j§}‘j,§"
2254 5768 2524 5863 illum:
2560 5768 2618 5853 ίιὶ
2640 5768 2755 5869 ipsi
2775 5768 3083 5851 ’ὺνέιῖἕτῐῖι
3119 5768 3842 5865 Era-iiszaiaai'tegam:

571 5847 756 5896 monte
795 5842 1081 5908 constitit,
1113 5850 1311 5911 prmtcr
1339 5843 1510 5913 legem
1536 5882 1550 5909 ,
1583 5844 1717 5916 legis
1747 5844 2151 5915 interpretatio—
