  <div class='ocr_page' id='page_1' title='image "/cluster/home/n/w/nwhite01/storage/ocr_20150623/41/nnc1.0046978747/330.png"; bbox 0 0 4156 6358; ppageno 0'>
   <div class='ocr_carea' id='block_1_1' title="bbox 392 359 495 415">
    <p class='ocr_par' dir='ltr' id='par_1_1' title="bbox 392 359 495 415">
     <span class='ocr_line' id='line_1_1' title="bbox 392 359 495 415; baseline 0.01 -1"><span class='ocrx_word' id='word_1_1' title='bbox 392 359 495 415; x_wconf 72' lang='grc'><strong>575</strong></span> 
     </span>
    </p>
   </div>
   <div class='ocr_carea' id='block_1_2' title="bbox 1112 368 3141 448">
    <p class='ocr_par' dir='ltr' id='par_1_2' title="bbox 1112 368 3141 448">
     <span class='ocr_line' id='line_1_2' title="bbox 1112 368 3141 448; baseline 0.012 -25"><span class='ocrx_word' id='word_1_2' title='bbox 1112 368 1482 428; x_wconf 75' lang='lat' dir='ltr'><strong>ADVERSUS</strong></span> <span class='ocrx_word' id='word_1_3' title='bbox 1522 372 1867 435; x_wconf 67' lang='lat' dir='ltr'><strong>HEBESES</strong></span> <span class='ocrx_word' id='word_1_4' title='bbox 1904 380 2031 435; x_wconf 83' lang='lat' dir='ltr'><strong>LIB.</strong></span> <span class='ocrx_word' id='word_1_5' title='bbox 2076 382 2116 440; x_wconf 88' lang='grc'>1.</span> <span class='ocrx_word' id='word_1_6' title='bbox 2161 381 2328 439; x_wconf 76' lang='grc' dir='ltr'>ΤΟΜ.</span> <span class='ocrx_word' id='word_1_7' title='bbox 2370 384 2436 440; x_wconf 92' lang='lat' dir='ltr'><strong>ll.</strong></span> <span class='ocrx_word' id='word_1_8' title='bbox 2479 417 2546 427; x_wconf 94' lang='lat'><em>—</em></span> <span class='ocrx_word' id='word_1_9' title='bbox 2587 386 2863 445; x_wconf 69' lang='lat' dir='ltr'><strong>HAERES.</strong></span> <span class='ocrx_word' id='word_1_10' title='bbox 2902 390 3141 448; x_wconf 77' lang='lat' dir='ltr'><strong>XXXIII.</strong></span> 
     </span>
    </p>
   </div>
   <div class='ocr_carea' id='block_1_3' title="bbox 3586 394 3693 453">
    <p class='ocr_par' dir='ltr' id='par_1_3' title="bbox 3586 394 3693 453">
     <span class='ocr_line' id='line_1_3' title="bbox 3586 394 3693 453; baseline 0.019 -3"><span class='ocrx_word' id='word_1_11' title='bbox 3586 394 3693 453; x_wconf 78' lang='grc'><strong>574</strong></span> 
     </span>
    </p>
   </div>
   <div class='ocr_carea' id='block_1_4' title="bbox 393 477 1981 580">
    <p class='ocr_par' dir='ltr' id='par_1_4' title="bbox 393 477 1981 564">
     <span class='ocr_line' id='line_1_4' title="bbox 393 477 1981 564; baseline 0.011 -34"><span class='ocrx_word' id='word_1_12' title='bbox 393 477 551 530; x_wconf 87' lang='grc' dir='ltr'>τοῦτο</span> <span class='ocrx_word' id='word_1_13' title='bbox 582 478 851 542; x_wconf 83' lang='grc' dir='ltr'>εἰπόντος,</span> <span class='ocrx_word' id='word_1_14' title='bbox 889 480 982 533; x_wconf 75' lang='grc' dir='ltr'><strong>τοῦ</strong></span> <span class='ocrx_word' id='word_1_15' title='bbox 1017 482 1073 535; x_wconf 80' lang='grc' dir='ltr'><strong>δὲ</strong></span> <span class='ocrx_word' id='word_1_16' title='bbox 1119 484 1290 556; x_wconf 72' lang='grc' dir='ltr'>Ἀδὰμ</span> <span class='ocrx_word' id='word_1_17' title='bbox 1330 488 1634 558; x_wconf 79' lang='grc' dir='ltr'><strong>εἰρηκότος,</strong></span> <span class='ocrx_word' id='word_1_18' title='bbox 1656 492 1752 545; x_wconf 89' lang='grc' dir='ltr'><strong>τοῦ</strong></span> <span class='ocrx_word' id='word_1_19' title='bbox 1784 494 1981 564; x_wconf 74' lang='grc' dir='ltr'>Κυρίοι</span> 
     </span>
    </p>
   </div>
   <div class='ocr_carea' id='block_1_5' title="bbox 2088 477 3693 580">
    <p class='ocr_par' dir='ltr' id='par_1_5' title="bbox 2095 499 3693 580">
     <span class='ocr_line' id='line_1_5' title="bbox 2095 499 3693 580; baseline 0.011 -30"><span class='ocrx_word' id='word_1_20' title='bbox 2095 499 2319 567; x_wconf 81' lang='lat' dir='ltr'><strong>quidem</strong></span> <span class='ocrx_word' id='word_1_21' title='bbox 2350 516 2467 566; x_wconf 88' lang='lat' dir='ltr'><strong>ore,</strong></span> <span class='ocrx_word' id='word_1_22' title='bbox 2490 502 2587 557; x_wconf 92' lang='lat' dir='ltr'><strong>sed</strong></span> <span class='ocrx_word' id='word_1_23' title='bbox 2604 502 2700 559; x_wconf 87' lang='lat' dir='ltr'><strong>Dei</strong></span> <span class='ocrx_word' id='word_1_24' title='bbox 2726 518 2850 561; x_wconf 82' lang='lat' dir='ltr'><strong>esse</strong></span> <span class='ocrx_word' id='word_1_25' title='bbox 2874 507 3152 564; x_wconf 82' lang='lat' dir='ltr'><strong>voluntate</strong></span> <span class='ocrx_word' id='word_1_26' title='bbox 3168 510 3404 580; x_wconf 88' lang='lat' dir='ltr'><strong>prolata.</strong></span> <span class='ocrx_word' id='word_1_27' title='bbox 3425 510 3693 568; x_wconf 80' lang='lat' dir='ltr'><strong>Similiter</strong></span> 
     </span>
    </p>
   </div>
   <div class='ocr_carea' id='block_1_6' title="bbox 391 569 1993 652">
    <p class='ocr_par' dir='ltr' id='par_1_6' title="bbox 391 569 1993 652">
     <span class='ocr_line' id='line_1_6' title="bbox 391 569 1993 652; baseline 0.011 -30"><span class='ocrx_word' id='word_1_28' title='bbox 391 570 450 622; x_wconf 80' lang='grc' dir='ltr'>δὲ</span> <span class='ocrx_word' id='word_1_29' title='bbox 499 569 1003 644; x_wconf 77' lang='grc' dir='ltr'><strong>ἐπιμαρτυροῦντος</strong></span> <span class='ocrx_word' id='word_1_30' title='bbox 1062 576 1120 628; x_wconf 82' lang='grc' dir='ltr'>ὲν</span> <span class='ocrx_word' id='word_1_31' title='bbox 1165 576 1244 647; x_wconf 81' lang='grc' dir='ltr'>τῷ</span> <span class='ocrx_word' id='word_1_32' title='bbox 1297 578 1615 652; x_wconf 78' lang='grc' dir='ltr'>Εὑαγγελίῳ</span> <span class='ocrx_word' id='word_1_33' title='bbox 1661 584 1797 637; x_wconf 83' lang='grc' dir='ltr'>Θεοῦ</span> <span class='ocrx_word' id='word_1_34' title='bbox 1851 581 1993 640; x_wconf 78' lang='grc' dir='ltr'>εἶναι</span> 
     </span>
    </p>
   </div>
   <div class='ocr_carea' id='block_1_7' title="bbox 392 661 1993 747">
    <p class='ocr_par' dir='ltr' id='par_1_7' title="bbox 392 661 1993 747">
     <span class='ocr_line' id='line_1_7' title="bbox 392 661 1993 747; baseline 0.018 -44"><span class='ocrx_word' id='word_1_35' title='bbox 392 661 452 713; x_wconf 73' lang='grc' dir='ltr'><strong>τὸ</strong></span> <span class='ocrx_word' id='word_1_36' title='bbox 496 662 669 732; x_wconf 77' lang='grc' dir='ltr'>ῥῆμα,</span> <span class='ocrx_word' id='word_1_37' title='bbox 719 664 782 716; x_wconf 84' lang='grc' dir='ltr'><strong>τὸ</strong></span> <span class='ocrx_word' id='word_1_38' title='bbox 821 664 912 719; x_wconf 68' lang='lat' dir='ltr'><strong>sta:</strong></span> <span class='ocrx_word' id='word_1_39' title='bbox 953 667 1048 720; x_wconf 92' lang='grc' dir='ltr'><strong>τοῦ</strong></span> <span class='ocrx_word' id='word_1_40' title='bbox 1095 666 1269 739; x_wconf 77' lang='grc' dir='ltr'>Ἀδὰμ</span> <span class='ocrx_word' id='word_1_41' title='bbox 1317 671 1629 741; x_wconf 73' lang='grc' dir='ltr'><strong>εἰρημένον,</strong></span> <span class='ocrx_word' id='word_1_42' title='bbox 1674 674 1773 727; x_wconf 76' lang='grc' dir='ltr'>ἀπ’</span> <span class='ocrx_word' id='word_1_43' title='bbox 1821 677 1993 747; x_wconf 73' lang='grc' dir='ltr'>αὐτῆς</span> 
     </span>
    </p>
   </div>
   <div class='ocr_carea' id='block_1_8' title="bbox 390 754 1991 839">
    <p class='ocr_par' dir='ltr' id='par_1_8' title="bbox 390 754 1991 839">
     <span class='ocr_line' id='line_1_8' title="bbox 390 754 1991 839; baseline 0.01 -33"><span class='ocrx_word' id='word_1_44' title='bbox 390 754 490 823; x_wconf 83' lang='grc' dir='ltr'>τῆς</span> <span class='ocrx_word' id='word_1_45' title='bbox 529 754 842 821; x_wconf 79' lang='grc' dir='ltr'>ὑποθέσεως</span> <span class='ocrx_word' id='word_1_46' title='bbox 884 757 1107 825; x_wconf 74' lang='grc' dir='ltr'>ἔδειξεν,</span> <span class='ocrx_word' id='word_1_47' title='bbox 1148 760 1232 814; x_wconf 81' lang='grc' dir='ltr'><strong>ὅτι</strong></span> <span class='ocrx_word' id='word_1_48' title='bbox 1266 762 1384 815; x_wconf 79' lang='grc' dir='ltr'>ἐκεῖ</span> <span class='ocrx_word' id='word_1_49' title='bbox 1435 764 1532 833; x_wconf 85' lang='grc' dir='ltr'><strong>μὲν</strong></span> <span class='ocrx_word' id='word_1_50' title='bbox 1574 766 1747 837; x_wconf 69' lang='grc' dir='ltr'>Ἀδὰμ</span> <span class='ocrx_word' id='word_1_51' title='bbox 1780 769 1991 839; x_wconf 73' lang='grc' dir='ltr'>εἴρηκε,</span> 
     </span>
    </p>
   </div>
   <div class='ocr_carea' id='block_1_9' title="bbox 390 843 1992 927">
    <p class='ocr_par' dir='ltr' id='par_1_9' title="bbox 390 843 1992 927">
     <span class='ocr_line' id='line_1_9' title="bbox 390 843 1992 927; baseline 0.009 -31"><span class='ocrx_word' id='word_1_52' title='bbox 390 843 528 897; x_wconf 84' lang='grc' dir='ltr'>Θεοῦ</span> <span class='ocrx_word' id='word_1_53' title='bbox 557 845 614 898; x_wconf 85' lang='grc' dir='ltr'>δὲ</span> <span class='ocrx_word' id='word_1_54' title='bbox 644 845 896 919; x_wconf 85' lang='grc' dir='ltr'>βούλησις</span> <span class='ocrx_word' id='word_1_55' title='bbox 927 850 1245 921; x_wconf 76' lang='grc' dir='ltr'>ἐφθέγγετο.</span> <span class='ocrx_word' id='word_1_56' title='bbox 1274 854 1385 905; x_wconf 73' lang='grc' dir='ltr'><strong>Καὶ</strong></span> <span class='ocrx_word' id='word_1_57' title='bbox 1411 847 1512 907; x_wconf 82' lang='grc' dir='ltr'>ὧδε</span> <span class='ocrx_word' id='word_1_58' title='bbox 1543 858 1571 909; x_wconf 99' lang='lat'><strong>6</strong></span> <span class='ocrx_word' id='word_1_59' title='bbox 1602 857 1843 927; x_wconf 84' lang='grc' dir='ltr'><strong>Μωῦσῆς</strong></span> <span class='ocrx_word' id='word_1_60' title='bbox 1878 860 1992 911; x_wconf 85' lang='grc' dir='ltr'>ὲνο-</span> 
     </span>
    </p>
   </div>
   <div class='ocr_carea' id='block_1_10' title="bbox 393 935 1994 1019">
    <p class='ocr_par' dir='ltr' id='par_1_10' title="bbox 393 935 1994 1019">
     <span class='ocr_line' id='line_1_10' title="bbox 393 935 1994 1019; baseline 0.009 -31"><span class='ocrx_word' id='word_1_61' title='bbox 393 935 684 1008; x_wconf 84' lang='grc' dir='ltr'>μοθέτησε,</span> <span class='ocrx_word' id='word_1_62' title='bbox 725 940 859 994; x_wconf 86' lang='grc' dir='ltr'>Θεοῦ</span> <span class='ocrx_word' id='word_1_63' title='bbox 923 942 1075 1013; x_wconf 82' lang='grc' dir='ltr'>αὐτῷ</span> <span class='ocrx_word' id='word_1_64' title='bbox 1123 946 1587 1013; x_wconf 76' lang='grc' dir='ltr'><strong>καταγγείλαντος</strong></span> <span class='ocrx_word' id='word_1_65' title='bbox 1634 950 1735 1019; x_wconf 80' lang='grc' dir='ltr'>τήν</span> <span class='ocrx_word' id='word_1_66' title='bbox 1769 948 1994 1019; x_wconf 87' lang='grc' dir='ltr'>νομοθε-</span> 
     </span>
    </p>
   </div>
   <div class='ocr_carea' id='block_1_11' title="bbox 392 1026 1989 1109">
    <p class='ocr_par' dir='ltr' id='par_1_11' title="bbox 392 1026 1989 1109">
     <span class='ocr_line' id='line_1_11' title="bbox 392 1026 1989 1109; baseline 0.01 -31"><span class='ocrx_word' id='word_1_67' title='bbox 392 1027 536 1082; x_wconf 90' lang='grc' dir='ltr'>σίαν.</span> <span class='ocrx_word' id='word_1_68' title='bbox 565 1030 676 1083; x_wconf 79' lang='grc' dir='ltr'>Καὶ</span> <span class='ocrx_word' id='word_1_69' title='bbox 700 1026 861 1087; x_wconf 74' lang='grc' dir='ltr'>αὗται</span> <span class='ocrx_word' id='word_1_70' title='bbox 890 1034 991 1104; x_wconf 84' lang='grc' dir='ltr'><strong>μὲν</strong></span> <span class='ocrx_word' id='word_1_71' title='bbox 1016 1034 1119 1105; x_wconf 75' lang='grc' dir='ltr'>ἠδη</span> <span class='ocrx_word' id='word_1_72' title='bbox 1168 1036 1227 1089; x_wconf 84' lang='lat' dir='ltr'><strong>al.</strong></span> <span class='ocrx_word' id='word_1_73' title='bbox 1268 1036 1362 1089; x_wconf 82' lang='grc' dir='ltr'><strong>δύο</strong></span> <span class='ocrx_word' id='word_1_74' title='bbox 1394 1054 1487 1092; x_wconf 92' lang='grc' dir='ltr'><strong>σου</strong></span> <span class='ocrx_word' id='word_1_75' title='bbox 1516 1037 1688 1103; x_wconf 78' lang='grc' dir='ltr'>λέξεις</span> <span class='ocrx_word' id='word_1_76' title='bbox 1718 1038 1989 1109; x_wconf 73' lang='grc' dir='ltr'>διέπεσον,</span> 
     </span>
    </p>
   </div>
   <div class='ocr_carea' id='block_1_12' title="bbox 390 1122 1991 1203">
    <p class='ocr_par' dir='ltr' id='par_1_12' title="bbox 390 1122 1991 1203">
     <span class='ocr_line' id='line_1_12' title="bbox 390 1122 1991 1203; baseline 0.007 -30"><span class='ocrx_word' id='word_1_77' title='bbox 390 1122 484 1174; x_wconf 74' lang='grc' dir='ltr'><strong>καὶ</strong></span> <span class='ocrx_word' id='word_1_78' title='bbox 509 1122 569 1175; x_wconf 77' lang='grc' dir='ltr'><strong>οὐ</strong></span> <span class='ocrx_word' id='word_1_79' title='bbox 598 1124 900 1197; x_wconf 78' lang='grc' dir='ltr'>πόρρωθεν,</span> <span class='ocrx_word' id='word_1_80' title='bbox 941 1126 1079 1179; x_wconf 90' lang='grc' dir='ltr'><strong>ἀλλά</strong></span> <span class='ocrx_word' id='word_1_81' title='bbox 1118 1128 1214 1180; x_wconf 86' lang='grc' dir='ltr'>ἀπ’</span> <span class='ocrx_word' id='word_1_82' title='bbox 1244 1128 1417 1199; x_wconf 83' lang='grc' dir='ltr'>αὐτῆς</span> <span class='ocrx_word' id='word_1_83' title='bbox 1445 1128 1547 1199; x_wconf 84' lang='grc' dir='ltr'>τῆς</span> <span class='ocrx_word' id='word_1_84' title='bbox 1580 1132 1850 1203; x_wconf 84' lang='grc' dir='ltr'>χρήσεως.</span> <span class='ocrx_word' id='word_1_85' title='bbox 1880 1133 1991 1186; x_wconf 84' lang='grc' dir='ltr'>Καὶ</span> 
     </span>
    </p>
   </div>
   <div class='ocr_carea' id='block_1_13' title="bbox 386 1212 1991 1293">
    <p class='ocr_par' dir='ltr' id='par_1_13' title="bbox 386 1212 1991 1293">
     <span class='ocr_line' id='line_1_13' title="bbox 386 1212 1991 1293; baseline 0.009 -28"><span class='ocrx_word' id='word_1_86' title='bbox 386 1212 473 1265; x_wconf 85' lang='grc' dir='ltr'><strong>δτι</strong></span> <span class='ocrx_word' id='word_1_87' title='bbox 528 1214 627 1284; x_wconf 80' lang='grc' dir='ltr'>μὲν</span> <span class='ocrx_word' id='word_1_88' title='bbox 659 1216 954 1287; x_wconf 78' lang='grc' dir='ltr'>νομοθεσία</span> <span class='ocrx_word' id='word_1_89' title='bbox 1004 1218 1140 1273; x_wconf 81' lang='grc' dir='ltr'>Θεοῦ</span> <span class='ocrx_word' id='word_1_90' title='bbox 1180 1221 1319 1285; x_wconf 79' lang='grc' dir='ltr'>ἐστι,</span> <span class='ocrx_word' id='word_1_91' title='bbox 1364 1220 1524 1274; x_wconf 87' lang='grc' dir='ltr'>τοῦτο</span> <span class='ocrx_word' id='word_1_92' title='bbox 1562 1222 1743 1293; x_wconf 80' lang='grc' dir='ltr'>δῆλον.</span> <span class='ocrx_word' id='word_1_93' title='bbox 1778 1226 1991 1280; x_wconf 88' lang='grc' dir='ltr'>Παντα-</span> 
     </span>
    </p>
   </div>
   <div class='ocr_carea' id='block_1_14' title="bbox 389 1305 1991 1387">
    <p class='ocr_par' dir='ltr' id='par_1_14' title="bbox 389 1305 1991 1387">
     <span class='ocr_line' id='line_1_14' title="bbox 389 1305 1991 1387; baseline 0.009 -29"><span class='ocrx_word' id='word_1_94' title='bbox 389 1305 488 1375; x_wconf 84' lang='grc' dir='ltr'><strong>χοῦ</strong></span> <span class='ocrx_word' id='word_1_95' title='bbox 516 1306 573 1361; x_wconf 84' lang='grc' dir='ltr'>δὲ</span> <span class='ocrx_word' id='word_1_96' title='bbox 602 1307 734 1372; x_wconf 87' lang='grc' dir='ltr'>Θεὸς</span> <span class='ocrx_word' id='word_1_97' title='bbox 763 1310 1141 1380; x_wconf 86' lang='grc' dir='ltr'>νομοθετεῖτά</span> <span class='ocrx_word' id='word_1_98' title='bbox 1178 1314 1277 1384; x_wconf 81' lang='grc' dir='ltr'><strong>μὲν</strong></span> <span class='ocrx_word' id='word_1_99' title='bbox 1314 1316 1395 1378; x_wconf 85' lang='grc' dir='ltr'><strong>είς</strong></span> <span class='ocrx_word' id='word_1_100' title='bbox 1433 1315 1680 1387; x_wconf 88' lang='grc' dir='ltr'>χρόνους,</span> <span class='ocrx_word' id='word_1_101' title='bbox 1712 1317 1779 1371; x_wconf 82' lang='grc' dir='ltr'>τὰ</span> <span class='ocrx_word' id='word_1_102' title='bbox 1814 1317 1872 1371; x_wconf 87' lang='grc' dir='ltr'>δὲ</span> <span class='ocrx_word' id='word_1_103' title='bbox 1910 1320 1991 1382; x_wconf 88' lang='grc' dir='ltr'><strong>είς</strong></span> 
     </span>
    </p>
   </div>
   <div class='ocr_carea' id='block_1_15' title="bbox 387 1398 1981 1483">
    <p class='ocr_par' dir='ltr' id='par_1_15' title="bbox 387 1398 1981 1483">
     <span class='ocr_line' id='line_1_15' title="bbox 387 1398 1981 1483; baseline 0.01 -32"><span class='ocrx_word' id='word_1_104' title='bbox 387 1398 613 1483; x_wconf 81' lang='grc' dir='ltr'>τύπους,</span> <span class='ocrx_word' id='word_1_105' title='bbox 659 1404 729 1456; x_wconf 90' lang='grc' dir='ltr'><strong>τά</strong></span> <span class='ocrx_word' id='word_1_106' title='bbox 768 1404 826 1457; x_wconf 85' lang='grc' dir='ltr'><strong>δὲ</strong></span> <span class='ocrx_word' id='word_1_107' title='bbox 871 1408 952 1470; x_wconf 88' lang='grc' dir='ltr'><strong>είς</strong></span> <span class='ocrx_word' id='word_1_108' title='bbox 994 1408 1342 1480; x_wconf 76' lang='grc' dir='ltr'>ἀποκάλυψιν</span> <span class='ocrx_word' id='word_1_109' title='bbox 1379 1410 1487 1465; x_wconf 84' lang='grc' dir='ltr'>τῶν</span> <span class='ocrx_word' id='word_1_110' title='bbox 1531 1412 1835 1483; x_wconf 85' lang='grc' dir='ltr'>μελλόντων</span> <span class='ocrx_word' id='word_1_111' title='bbox 1869 1414 1981 1467; x_wconf 69' lang='grc' dir='ltr'>ἔσει</span> 
     </span>
    </p>
   </div>
   <div class='ocr_carea' id='block_1_16' title="bbox 388 1493 1989 1578">
    <p class='ocr_par' dir='ltr' id='par_1_16' title="bbox 388 1493 1989 1578">
     <span class='ocr_line' id='line_1_16' title="bbox 388 1493 1989 1578; baseline 0.007 -31"><span class='ocrx_word' id='word_1_112' title='bbox 388 1495 513 1549; x_wconf 89' lang='grc' dir='ltr'>σθαι</span> <span class='ocrx_word' id='word_1_113' title='bbox 545 1497 789 1565; x_wconf 83' lang='grc' dir='ltr'>ἀγαθῶν,</span> <span class='ocrx_word' id='word_1_114' title='bbox 825 1493 901 1553; x_wconf 85' lang='grc' dir='ltr'>ὧν</span> <span class='ocrx_word' id='word_1_115' title='bbox 930 1500 1102 1556; x_wconf 80' lang='grc' dir='ltr'>ἐλθὼν</span> <span class='ocrx_word' id='word_1_116' title='bbox 1127 1503 1155 1554; x_wconf 93' lang='lat'><strong>6</strong></span> <span class='ocrx_word' id='word_1_117' title='bbox 1180 1503 1387 1576; x_wconf 85' lang='grc' dir='ltr'>Κύριος</span> <span class='ocrx_word' id='word_1_118' title='bbox 1421 1504 1579 1575; x_wconf 76' lang='grc' dir='ltr'>ἡμῶν</span> <span class='ocrx_word' id='word_1_119' title='bbox 1622 1506 1827 1577; x_wconf 83' lang='grc' dir='ltr'>Ἰησοῦς</span> <span class='ocrx_word' id='word_1_120' title='bbox 1858 1508 1899 1559; x_wconf 89' lang='grc' dir='ltr'>Χ</span> <span class='ocrx_word' id='word_1_121' title='bbox 1908 1525 1989 1578; x_wconf 79' lang='grc' dir='ltr'>ρι-</span> 
     </span>
    </p>
   </div>
   <div class='ocr_carea' id='block_1_17' title="bbox 386 1591 1700 1670">
    <p class='ocr_par' dir='ltr' id='par_1_17' title="bbox 386 1591 1700 1670">
     <span class='ocr_line' id='line_1_17' title="bbox 386 1591 1700 1670; baseline 0.006 -26"><span class='ocrx_word' id='word_1_122' title='bbox 386 1591 512 1655; x_wconf 87' lang='grc' dir='ltr'>στὸς</span> <span class='ocrx_word' id='word_1_123' title='bbox 544 1591 711 1657; x_wconf 72' lang='grc' dir='ltr'>ἔδειξε</span> <span class='ocrx_word' id='word_1_124' title='bbox 733 1594 834 1664; x_wconf 84' lang='grc' dir='ltr'><strong>τὴν</strong></span> <span class='ocrx_word' id='word_1_125' title='bbox 862 1593 1143 1665; x_wconf 81' lang='grc' dir='ltr'>πλήρωσιν</span> <span class='ocrx_word' id='word_1_126' title='bbox 1167 1596 1227 1649; x_wconf 84' lang='grc' dir='ltr'>ὲν</span> <span class='ocrx_word' id='word_1_127' title='bbox 1254 1596 1333 1668; x_wconf 78' lang='grc' dir='ltr'><strong>τῷ</strong></span> <span class='ocrx_word' id='word_1_128' title='bbox 1363 1598 1700 1670; x_wconf 81' lang='grc' dir='ltr'>Εὑαγγελίῳ.</span> 
     </span>
    </p>
   </div>
   <div class='ocr_carea' id='block_1_18' title="bbox 458 1685 1989 1768">
    <p class='ocr_par' dir='ltr' id='par_1_18' title="bbox 458 1685 1989 1768">
     <span class='ocr_line' id='line_1_18' title="bbox 458 1685 1989 1768; baseline 0.008 -30"><span class='ocrx_word' id='word_1_129' title='bbox 458 1686 514 1738; x_wconf 87' lang='lat' dir='ltr'><strong>l&#39;.</strong></span> <span class='ocrx_word' id='word_1_130' title='bbox 558 1685 638 1739; x_wconf 76' lang='grc' dir='ltr'><strong>Τὰ</strong></span> <span class='ocrx_word' id='word_1_131' title='bbox 686 1686 744 1739; x_wconf 81' lang='grc' dir='ltr'>δὲ</span> <span class='ocrx_word' id='word_1_132' title='bbox 781 1688 881 1759; x_wconf 82' lang='grc' dir='ltr'><strong>τῆς</strong></span> <span class='ocrx_word' id='word_1_133' title='bbox 940 1691 1093 1763; x_wconf 87' lang='grc' dir='ltr'><strong>παρά</strong></span> <span class='ocrx_word' id='word_1_134' title='bbox 1135 1692 1218 1745; x_wconf 72' lang='grc' dir='ltr'>σοὶ</span> <span class='ocrx_word' id='word_1_135' title='bbox 1258 1691 1454 1763; x_wconf 79' lang='grc' dir='ltr'>ἑτέρας</span> <span class='ocrx_word' id='word_1_136' title='bbox 1500 1694 1638 1746; x_wconf 83' lang='grc' dir='ltr'>θεῶν</span> <span class='ocrx_word' id='word_1_137' title='bbox 1666 1695 1989 1768; x_wconf 80' lang='grc' dir='ltr'>διαιρέσεως</span> 
     </span>
    </p>
   </div>
   <div class='ocr_carea' id='block_1_19' title="bbox 381 1778 1984 1855">
    <p class='ocr_par' dir='ltr' id='par_1_19' title="bbox 381 1778 1984 1855">
     <span class='ocr_line' id='line_1_19' title="bbox 381 1778 1984 1855; baseline 0.009 -26"><span class='ocrx_word' id='word_1_138' title='bbox 381 1778 548 1850; x_wconf 86' lang='grc' dir='ltr'>τριχῆ</span> <span class='ocrx_word' id='word_1_139' title='bbox 620 1779 783 1833; x_wconf 77' lang='grc' dir='ltr'>πάλιν</span> <span class='ocrx_word' id='word_1_140' title='bbox 847 1782 1215 1855; x_wconf 75' lang='grc' dir='ltr'>διαιρεθείσης</span> <span class='ocrx_word' id='word_1_141' title='bbox 1274 1785 1650 1853; x_wconf 79' lang='grc' dir='ltr'>ὲπαναλαϐὼν,</span> <span class='ocrx_word' id='word_1_142' title='bbox 1702 1791 1797 1842; x_wconf 76' lang='grc' dir='ltr'><strong>καὶ</strong></span> <span class='ocrx_word' id='word_1_143' title='bbox 1844 1790 1984 1844; x_wconf 83' lang='grc' dir='ltr'><strong>αὑτά</strong></span> 
     </span>
    </p>
   </div>
   <div class='ocr_carea' id='block_1_20' title="bbox 2099 591 3691 672">
    <p class='ocr_par' dir='ltr' id='par_1_20' title="bbox 2099 591 3691 672">
     <span class='ocr_line' id='line_1_20' title="bbox 2099 591 3691 672; baseline 0.008 -26"><span class='ocrx_word' id='word_1_144' title='bbox 2099 600 2153 646; x_wconf 88' lang='lat' dir='ltr'><strong>et</strong></span> <span class='ocrx_word' id='word_1_145' title='bbox 2172 591 2387 664; x_wconf 82' lang='lat' dir='ltr'><strong>Moyses</strong></span> <span class='ocrx_word' id='word_1_146' title='bbox 2414 594 2586 665; x_wconf 84' lang='lat' dir='ltr'><strong>legem</strong></span> <span class='ocrx_word' id='word_1_147' title='bbox 2618 597 2813 661; x_wconf 85' lang='lat' dir='ltr'><strong>edidit,</strong></span> <span class='ocrx_word' id='word_1_148' title='bbox 2843 616 3032 670; x_wconf 91' lang='lat' dir='ltr'><strong>quam,</strong></span> <span class='ocrx_word' id='word_1_149' title='bbox 3052 600 3301 659; x_wconf 85' lang='lat' dir='ltr'><strong>dictante</strong></span> <span class='ocrx_word' id='word_1_150' title='bbox 3327 603 3578 672; x_wconf 88' lang='lat' dir='ltr'><strong>Domino,</strong></span> <span class='ocrx_word' id='word_1_151' title='bbox 3611 606 3691 661; x_wconf 90' lang='lat' dir='ltr'><strong>di-</strong></span> 
     </span>
    </p>
   </div>
   <div class='ocr_carea' id='block_1_21' title="bbox 2096 683 3684 769">
    <p class='ocr_par' dir='ltr' id='par_1_21' title="bbox 2096 683 3684 769">
     <span class='ocr_line' id='line_1_21' title="bbox 2096 683 3684 769; baseline 0.01 -33"><span class='ocrx_word' id='word_1_152' title='bbox 2096 683 2327 740; x_wconf 89' lang='lat' dir='ltr'><strong>dicerat.</strong></span> <span class='ocrx_word' id='word_1_153' title='bbox 2362 685 2546 752; x_wconf 83' lang='lat' dir='ltr'><strong>Quare</strong></span> <span class='ocrx_word' id='word_1_154' title='bbox 2575 689 2686 744; x_wconf 93' lang='lat' dir='ltr'><strong>duo</strong></span> <span class='ocrx_word' id='word_1_155' title='bbox 2744 692 2835 745; x_wconf 89' lang='lat' dir='ltr'><strong>illa</strong></span> <span class='ocrx_word' id='word_1_156' title='bbox 2890 700 3072 748; x_wconf 84' lang='lat' dir='ltr'><strong>tamen</strong></span> <span class='ocrx_word' id='word_1_157' title='bbox 3107 697 3271 752; x_wconf 78' lang='lat' dir='ltr'><strong>verba</strong></span> <span class='ocrx_word' id='word_1_158' title='bbox 3324 714 3431 752; x_wconf 91' lang='lat' dir='ltr'><strong>non</strong></span> <span class='ocrx_word' id='word_1_159' title='bbox 3490 700 3684 769; x_wconf 84' lang='lat' dir='ltr'><strong>procul</strong></span> 
     </span>
    </p>
   </div>
   <div class='ocr_carea' id='block_1_22' title="bbox 2097 775 3683 859">
    <p class='ocr_par' dir='ltr' id='par_1_22' title="bbox 2097 775 3683 859">
     <span class='ocr_line' id='line_1_22' title="bbox 2097 775 3683 859; baseline 0.012 -34"><span class='ocrx_word' id='word_1_160' title='bbox 2097 775 2383 832; x_wconf 88' lang='lat' dir='ltr'><strong>arcessitis</strong></span> <span class='ocrx_word' id='word_1_161' title='bbox 2441 778 2772 845; x_wconf 86' lang='lat' dir='ltr'><strong>rationibus,</strong></span> <span class='ocrx_word' id='word_1_162' title='bbox 2828 781 2924 837; x_wconf 89' lang='lat' dir='ltr'><strong>sed</strong></span> <span class='ocrx_word' id='word_1_163' title='bbox 2968 799 3069 837; x_wconf 90' lang='lat' dir='ltr'><strong>usu</strong></span> <span class='ocrx_word' id='word_1_164' title='bbox 3103 788 3498 856; x_wconf 86' lang='lat' dir='ltr'><strong>propemodum</strong></span> <span class='ocrx_word' id='word_1_165' title='bbox 3540 790 3683 859; x_wconf 89' lang='lat' dir='ltr'><strong>ipso.</strong></span> 
     </span>
    </p>
   </div>
   <div class='ocr_carea' id='block_1_23' title="bbox 2096 868 3690 951">
    <p class='ocr_par' dir='ltr' id='par_1_23' title="bbox 2096 868 3690 951">
     <span class='ocr_line' id='line_1_23' title="bbox 2096 868 3690 951; baseline 0.011 -33"><span class='ocrx_word' id='word_1_166' title='bbox 2096 879 2161 920; x_wconf 91' lang='lat' dir='ltr'><strong>ac</strong></span> <span class='ocrx_word' id='word_1_167' title='bbox 2187 868 2492 936; x_wconf 85' lang='lat' dir='ltr'><strong>prolatione</strong></span> <span class='ocrx_word' id='word_1_168' title='bbox 2531 872 2913 930; x_wconf 89' lang='lat' dir='ltr'><strong>conciderunt.</strong></span> <span class='ocrx_word' id='word_1_169' title='bbox 2952 876 3162 931; x_wconf 85' lang='lat' dir='ltr'><strong>Etenim</strong></span> <span class='ocrx_word' id='word_1_170' title='bbox 3193 878 3341 932; x_wconf 86' lang='lat' dir='ltr'><strong>illam</strong></span> <span class='ocrx_word' id='word_1_171' title='bbox 3369 895 3399 934; x_wconf 85' lang='lat' dir='ltr'><strong>a</strong></span> <span class='ocrx_word' id='word_1_172' title='bbox 3420 879 3530 935; x_wconf 90' lang='lat' dir='ltr'><strong>Deo</strong></span> <span class='ocrx_word' id='word_1_173' title='bbox 3556 897 3690 951; x_wconf 87' lang='lat' dir='ltr'><strong>pro-</strong></span> 
     </span>
    </p>
   </div>
   <div class='ocr_carea' id='block_1_24' title="bbox 2099 957 3682 1035">
    <p class='ocr_par' dir='ltr' id='par_1_24' title="bbox 2099 957 3682 1035">
     <span class='ocr_line' id='line_1_24' title="bbox 2099 957 3682 1035; baseline 0.011 -24"><span class='ocrx_word' id='word_1_174' title='bbox 2099 957 2297 1014; x_wconf 76' lang='lat' dir='ltr'><strong>lectam</strong></span> <span class='ocrx_word' id='word_1_175' title='bbox 2357 978 2482 1019; x_wconf 84' lang='lat' dir='ltr'><strong>esse</strong></span> <span class='ocrx_word' id='word_1_176' title='bbox 2554 964 2727 1035; x_wconf 82' lang='lat' dir='ltr'><strong>legem</strong></span> <span class='ocrx_word' id='word_1_177' title='bbox 2797 968 3003 1023; x_wconf 89' lang='lat' dir='ltr'><strong>nemini</strong></span> <span class='ocrx_word' id='word_1_178' title='bbox 3064 971 3360 1026; x_wconf 85' lang='lat' dir='ltr'><strong>obscurum</strong></span> <span class='ocrx_word' id='word_1_179' title='bbox 3420 974 3682 1029; x_wconf 90' lang='lat' dir='ltr'><strong>arbitror.</strong></span> 
     </span>
    </p>
   </div>
   <div class='ocr_carea' id='block_1_25' title="bbox 2097 1048 3684 1138">
    <p class='ocr_par' dir='ltr' id='par_1_25' title="bbox 2097 1048 3684 1138">
     <span class='ocr_line' id='line_1_25' title="bbox 2097 1048 3684 1138; baseline 0.012 -33"><span class='ocrx_word' id='word_1_180' title='bbox 2097 1052 2246 1108; x_wconf 91' lang='lat' dir='ltr'><strong>ldem</strong></span> <span class='ocrx_word' id='word_1_181' title='bbox 2282 1054 2372 1110; x_wconf 91' lang='lat' dir='ltr'><strong>ille</strong></span> <span class='ocrx_word' id='word_1_182' title='bbox 2403 1073 2534 1112; x_wconf 91' lang='lat' dir='ltr'><strong>vero</strong></span> <span class='ocrx_word' id='word_1_183' title='bbox 2574 1058 2777 1129; x_wconf 87' lang='lat' dir='ltr'><strong>ubique</strong></span> <span class='ocrx_word' id='word_1_184' title='bbox 2806 1048 3105 1117; x_wconf 79' lang='lat' dir='ltr'><strong>decernere</strong></span> <span class='ocrx_word' id='word_1_185' title='bbox 3135 1064 3294 1129; x_wconf 81' lang='lat' dir='ltr'><strong>solet,</strong></span> <span class='ocrx_word' id='word_1_186' title='bbox 3329 1067 3527 1136; x_wconf 84' lang='lat' dir='ltr'><strong>partim</strong></span> <span class='ocrx_word' id='word_1_187' title='bbox 3561 1084 3684 1138; x_wconf 68' lang='lat' dir='ltr'><strong>qua:</strong></span> 
     </span>
    </p>
   </div>
   <div class='ocr_carea' id='block_1_26' title="bbox 2096 1148 3686 1226">
    <p class='ocr_par' dir='ltr' id='par_1_26' title="bbox 2096 1148 3686 1226">
     <span class='ocr_line' id='line_1_26' title="bbox 2096 1148 3686 1226; baseline 0.013 -29"><span class='ocrx_word' id='word_1_188' title='bbox 2096 1148 2440 1216; x_wconf 85' lang='lat' dir='ltr'><strong>temporibus</strong></span> <span class='ocrx_word' id='word_1_189' title='bbox 2495 1159 2830 1220; x_wconf 84' lang='lat' dir='ltr'><strong>congruunt,</strong></span> <span class='ocrx_word' id='word_1_190' title='bbox 2885 1156 3084 1223; x_wconf 84' lang='lat' dir='ltr'><strong>partim</strong></span> <span class='ocrx_word' id='word_1_191' title='bbox 3135 1172 3259 1226; x_wconf 69' lang='lat' dir='ltr'><strong>qua:</strong></span> <span class='ocrx_word' id='word_1_192' title='bbox 3310 1159 3478 1216; x_wconf 91' lang='lat' dir='ltr'><strong>ccrtis</strong></span> <span class='ocrx_word' id='word_1_193' title='bbox 3521 1162 3686 1218; x_wconf 82' lang='lat' dir='ltr'><strong>rebus</strong></span> 
     </span>
    </p>
   </div>
   <div class='ocr_carea' id='block_1_27' title="bbox 2095 1237 3683 1318">
    <p class='ocr_par' dir='ltr' id='par_1_27' title="bbox 2095 1237 3683 1318">
     <span class='ocr_line' id='line_1_27' title="bbox 2095 1237 3683 1318; baseline 0.013 -28"><span class='ocrx_word' id='word_1_194' title='bbox 2095 1237 2494 1296; x_wconf 85' lang='lat' dir='ltr'><strong>adumbrandis</strong></span> <span class='ocrx_word' id='word_1_195' title='bbox 2536 1244 2805 1308; x_wconf 87' lang='lat' dir='ltr'><strong>serviunt,</strong></span> <span class='ocrx_word' id='word_1_196' title='bbox 2846 1246 3043 1315; x_wconf 84' lang='lat' dir='ltr'><strong>partiu.</strong></span> <span class='ocrx_word' id='word_1_197' title='bbox 3081 1250 3283 1318; x_wconf 79' lang='lat' dir='ltr'><strong>quibus</strong></span> <span class='ocrx_word' id='word_1_198' title='bbox 3320 1249 3506 1307; x_wconf 83' lang='lat' dir='ltr'><strong>futura</strong></span> <span class='ocrx_word' id='word_1_199' title='bbox 3539 1255 3683 1311; x_wconf 89' lang='lat' dir='ltr'><strong>bona</strong></span> 
     </span>
    </p>
   </div>
   <div class='ocr_carea' id='block_1_28' title="bbox 2096 1331 3683 1411">
    <p class='ocr_par' dir='ltr' id='par_1_28' title="bbox 2096 1331 3683 1411">
     <span class='ocr_line' id='line_1_28' title="bbox 2096 1331 3683 1411; baseline 0.013 -26"><span class='ocrx_word' id='word_1_200' title='bbox 2096 1331 2485 1398; x_wconf 86' lang='lat' dir='ltr'><strong>declarantur;</strong></span> <span class='ocrx_word' id='word_1_201' title='bbox 2520 1353 2641 1405; x_wconf 68' lang='lat' dir='ltr'><strong>qua:</strong></span> <span class='ocrx_word' id='word_1_202' title='bbox 2697 1338 2749 1392; x_wconf 91' lang='lat' dir='ltr'><strong>in</strong></span> <span class='ocrx_word' id='word_1_203' title='bbox 2805 1338 3102 1411; x_wconf 80' lang='lat' dir='ltr'><strong>Evangelio</strong></span> <span class='ocrx_word' id='word_1_204' title='bbox 3159 1343 3381 1399; x_wconf 90' lang='lat' dir='ltr'><strong>demum</strong></span> <span class='ocrx_word' id='word_1_205' title='bbox 3444 1348 3683 1405; x_wconf 82' lang='lat' dir='ltr'><strong>adventu</strong></span> 
     </span>
    </p>
   </div>
   <div class='ocr_carea' id='block_1_29' title="bbox 2095 1424 3462 1507">
    <p class='ocr_par' dir='ltr' id='par_1_29' title="bbox 2095 1424 3462 1507">
     <span class='ocr_line' id='line_1_29' title="bbox 2095 1424 3462 1507; baseline 0.011 -30"><span class='ocrx_word' id='word_1_206' title='bbox 2095 1438 2196 1478; x_wconf 92' lang='lat' dir='ltr'><strong>suo</strong></span> <span class='ocrx_word' id='word_1_207' title='bbox 2225 1424 2482 1481; x_wconf 86' lang='lat' dir='ltr'><strong>Christus</strong></span> <span class='ocrx_word' id='word_1_208' title='bbox 2507 1426 2950 1485; x_wconf 82' lang='lat' dir='ltr'><strong>JcsusDomiuus</strong></span> <span class='ocrx_word' id='word_1_209' title='bbox 2977 1440 3166 1489; x_wconf 89' lang='lat' dir='ltr'><strong>uoster</strong></span> <span class='ocrx_word' id='word_1_210' title='bbox 3194 1434 3462 1507; x_wconf 86' lang='lat' dir='ltr'><strong>implevit.</strong></span> 
     </span>
    </p>
   </div>
   <div class='ocr_carea' id='block_1_30' title="bbox 2160 1689 3687 1763">
    <p class='ocr_par' dir='ltr' id='par_1_30' title="bbox 2160 1689 3687 1763">
     <span class='ocr_line' id='line_1_30' title="bbox 2160 1689 3687 1763; baseline 0.011 -20"><span class='ocrx_word' id='word_1_211' title='bbox 2160 1689 2228 1748; x_wconf 86' lang='lat' dir='ltr'><strong>X.</strong></span> <span class='ocrx_word' id='word_1_212' title='bbox 2269 1690 2441 1747; x_wconf 84' lang='lat' dir='ltr'><strong>Venio</strong></span> <span class='ocrx_word' id='word_1_213' title='bbox 2472 1693 2585 1763; x_wconf 86' lang='lat' dir='ltr'><strong>jam</strong></span> <span class='ocrx_word' id='word_1_214' title='bbox 2633 1695 2698 1750; x_wconf 85' lang='lat' dir='ltr'><strong>ad</strong></span> <span class='ocrx_word' id='word_1_215' title='bbox 2736 1696 2963 1752; x_wconf 84' lang='lat' dir='ltr'><strong>alteram</strong></span> <span class='ocrx_word' id='word_1_216' title='bbox 3006 1698 3155 1754; x_wconf 89' lang='lat' dir='ltr'><strong>illam</strong></span> <span class='ocrx_word' id='word_1_217' title='bbox 3208 1700 3516 1757; x_wconf 77' lang='lat' dir='ltr'><strong>institutam</strong></span> <span class='ocrx_word' id='word_1_218' title='bbox 3560 1720 3590 1758; x_wconf 88' lang='lat' dir='ltr'><strong>a</strong></span> <span class='ocrx_word' id='word_1_219' title='bbox 3634 1713 3687 1760; x_wconf 89' lang='lat' dir='ltr'><strong>te</strong></span> 
     </span>
    </p>
   </div>
   <div class='ocr_carea' id='block_1_31' title="bbox 2088 1781 3687 1862">
    <p class='ocr_par' dir='ltr' id='par_1_31' title="bbox 2088 1781 3687 1862">
     <span class='ocr_line' id='line_1_31' title="bbox 2088 1781 3687 1862; baseline 0.01 -26"><span class='ocrx_word' id='word_1_220' title='bbox 2088 1781 2311 1838; x_wconf 90' lang='lat' dir='ltr'><strong>deorum</strong></span> <span class='ocrx_word' id='word_1_221' title='bbox 2339 1785 2607 1856; x_wconf 89' lang='lat' dir='ltr'><strong>triplicem</strong></span> <span class='ocrx_word' id='word_1_222' title='bbox 2636 1787 3021 1856; x_wconf 82' lang='lat' dir='ltr'><strong>dillereutiam,</strong></span> <span class='ocrx_word' id='word_1_223' title='bbox 3055 1808 3218 1862; x_wconf 89' lang='lat' dir='ltr'><strong>quam</strong></span> <span class='ocrx_word' id='word_1_224' title='bbox 3246 1794 3436 1850; x_wconf 90' lang='lat' dir='ltr'><strong>eadem</strong></span> <span class='ocrx_word' id='word_1_225' title='bbox 3473 1797 3687 1852; x_wconf 87' lang='lat' dir='ltr'><strong>ratione</strong></span> 
     </span>
    </p>
   </div>
   <div class='ocr_carea' id='block_1_32' title="bbox 381 1870 1981 1962">
    <p class='ocr_par' dir='ltr' id='par_1_32' title="bbox 381 1870 1976 1949">
     <span class='ocr_line' id='line_1_32' title="bbox 381 1870 1976 1949; baseline 0.009 -26"><span class='ocrx_word' id='word_1_226' title='bbox 381 1870 542 1935; x_wconf 81' lang='grc' dir='ltr'>δείξω</span> <span class='ocrx_word' id='word_1_227' title='bbox 576 1873 729 1942; x_wconf 88' lang='grc' dir='ltr'>παρὰ</span> <span class='ocrx_word' id='word_1_228' title='bbox 768 1874 851 1927; x_wconf 83' lang='grc' dir='ltr'><strong>σοὶ</strong></span> <span class='ocrx_word' id='word_1_229' title='bbox 903 1879 1452 1949; x_wconf 80' lang='grc' dir='ltr'>σεσυκοφαντημένα,</span> <span class='ocrx_word' id='word_1_230' title='bbox 1493 1882 1586 1934; x_wconf 75' lang='grc' dir='ltr'><strong>καὶ</strong></span> <span class='ocrx_word' id='word_1_231' title='bbox 1619 1882 1719 1935; x_wconf 75' lang='grc' dir='ltr'><strong>οὐκ</strong></span> <span class='ocrx_word' id='word_1_232' title='bbox 1760 1882 1887 1938; x_wconf 80' lang='grc' dir='ltr'>ἄλλο</span> <span class='ocrx_word' id='word_1_233' title='bbox 1923 1901 1976 1938; x_wconf 87' lang='grc' dir='ltr'><strong>τι</strong></span> 
     </span>
    </p>
   </div>
   <div class='ocr_carea' id='block_1_33' title="bbox 2088 1870 3683 1962">
    <p class='ocr_par' dir='ltr' id='par_1_33' title="bbox 2088 1878 3683 1962">
     <span class='ocr_line' id='line_1_33' title="bbox 2088 1878 3683 1962; baseline 0.009 -32"><span class='ocrx_word' id='word_1_234' title='bbox 2088 1878 2422 1935; x_wconf 83' lang='lat' dir='ltr'><strong>calumniose</strong></span> <span class='ocrx_word' id='word_1_235' title='bbox 2486 1882 2776 1936; x_wconf 86' lang='lat' dir='ltr'><strong>conllctam</strong></span> <span class='ocrx_word' id='word_1_236' title='bbox 2828 1899 2985 1949; x_wconf 89' lang='lat' dir='ltr'><strong>esse,</strong></span> <span class='ocrx_word' id='word_1_237' title='bbox 3046 1897 3207 1957; x_wconf 88' lang='lat' dir='ltr'><strong>teque</strong></span> <span class='ocrx_word' id='word_1_238' title='bbox 3251 1887 3305 1942; x_wconf 94' lang='lat' dir='ltr'><strong>id</strong></span> <span class='ocrx_word' id='word_1_239' title='bbox 3349 1889 3498 1959; x_wconf 92' lang='lat' dir='ltr'><strong>quod</strong></span> <span class='ocrx_word' id='word_1_240' title='bbox 3533 1891 3683 1962; x_wconf 88' lang='lat' dir='ltr'><strong>plani</strong></span> 
     </span>
    </p>
   </div>
   <div class='ocr_carea' id='block_1_34' title="bbox 381 1964 1977 2046">
    <p class='ocr_par' dir='ltr' id='par_1_34' title="bbox 381 1964 1977 2046">
     <span class='ocr_line' id='line_1_34' title="bbox 381 1964 1977 2046; baseline 0.008 -29"><span class='ocrx_word' id='word_1_241' title='bbox 381 1964 442 2017; x_wconf 79' lang='grc' dir='ltr'>ὃν</span> <span class='ocrx_word' id='word_1_242' title='bbox 468 1964 602 2018; x_wconf 88' lang='grc' dir='ltr'>ἀλλὰ</span> <span class='ocrx_word' id='word_1_243' title='bbox 631 1965 828 2038; x_wconf 85' lang='grc' dir='ltr'>γόητος</span> <span class='ocrx_word' id='word_1_244' title='bbox 860 1966 922 2020; x_wconf 86' lang='grc' dir='ltr'><strong>τὸ</strong></span> <span class='ocrx_word' id='word_1_245' title='bbox 947 1967 1128 2039; x_wconf 76' lang='grc' dir='ltr'>ἔργον.</span> <span class='ocrx_word' id='word_1_246' title='bbox 1158 1971 1315 2034; x_wconf 85' lang='grc' dir='ltr'><strong>Ποῖος</strong></span> <span class='ocrx_word' id='word_1_247' title='bbox 1335 1970 1442 2041; x_wconf 79' lang='grc' dir='ltr'>γὰρ</span> <span class='ocrx_word' id='word_1_248' title='bbox 1473 1974 1605 2043; x_wconf 84' lang='grc' dir='ltr'>ἡμῖν</span> <span class='ocrx_word' id='word_1_249' title='bbox 1636 1973 1816 2046; x_wconf 81' lang='grc' dir='ltr'>τρίτος</span> <span class='ocrx_word' id='word_1_250' title='bbox 1846 1975 1977 2039; x_wconf 79' lang='grc' dir='ltr'>Θεὸς</span> 
     </span>
    </p>
   </div>
   <div class='ocr_carea' id='block_1_35' title="bbox 384 2055 1974 2135">
    <p class='ocr_par' dir='ltr' id='par_1_35' title="bbox 384 2055 1974 2135">
     <span class='ocr_line' id='line_1_35' title="bbox 384 2055 1974 2135; baseline 0.007 -26"><span class='ocrx_word' id='word_1_251' title='bbox 384 2055 670 2127; x_wconf 81' lang='grc' dir='ltr'>πάρεστιν,</span> <span class='ocrx_word' id='word_1_252' title='bbox 706 2059 772 2111; x_wconf 83' lang='grc' dir='ltr'>ὲκ</span> <span class='ocrx_word' id='word_1_253' title='bbox 830 2057 923 2111; x_wconf 84' lang='grc' dir='ltr'><strong>δύο</strong></span> <span class='ocrx_word' id='word_1_254' title='bbox 953 2060 1242 2127; x_wconf 78' lang='grc' dir='ltr'>συσταθεὶς</span> <span class='ocrx_word' id='word_1_255' title='bbox 1281 2064 1657 2135; x_wconf 84' lang='grc' dir='ltr'>όμοιομάτων,</span> <span class='ocrx_word' id='word_1_256' title='bbox 1718 2066 1810 2120; x_wconf 78' lang='grc' dir='ltr'>καὶ</span> <span class='ocrx_word' id='word_1_257' title='bbox 1862 2066 1974 2120; x_wconf 76' lang='grc' dir='ltr'>οὗθ’</span> 
     </span>
    </p>
   </div>
   <div class='ocr_carea' id='block_1_36' title="bbox 383 2145 1974 2225">
    <p class='ocr_par' dir='ltr' id='par_1_36' title="bbox 383 2145 1974 2225">
     <span class='ocr_line' id='line_1_36' title="bbox 383 2145 1974 2225; baseline 0.007 -25"><span class='ocrx_word' id='word_1_258' title='bbox 383 2147 569 2219; x_wconf 73' lang='grc' dir='ltr'>ἕτερος</span> <span class='ocrx_word' id='word_1_259' title='bbox 600 2145 675 2203; x_wconf 84' lang='grc' dir='ltr'>ὣν</span> <span class='ocrx_word' id='word_1_260' title='bbox 697 2148 805 2201; x_wconf 84' lang='grc' dir='ltr'><strong>τῶν</strong></span> <span class='ocrx_word' id='word_1_261' title='bbox 833 2148 948 2216; x_wconf 86' lang='grc' dir='ltr'>δύο,</span> <span class='ocrx_word' id='word_1_262' title='bbox 965 2148 1089 2206; x_wconf 73' lang='grc' dir='ltr'>οὔτε</span> <span class='ocrx_word' id='word_1_263' title='bbox 1114 2151 1213 2223; x_wconf 81' lang='grc' dir='ltr'>τὴν</span> <span class='ocrx_word' id='word_1_264' title='bbox 1230 2152 1429 2207; x_wconf 87' lang='grc' dir='ltr'>κακίαν</span> <span class='ocrx_word' id='word_1_265' title='bbox 1454 2153 1594 2225; x_wconf 74' lang='grc' dir='ltr'>ἔχων</span> <span class='ocrx_word' id='word_1_266' title='bbox 1620 2155 1713 2210; x_wconf 76' lang='grc' dir='ltr'><strong>καὶ</strong></span> <span class='ocrx_word' id='word_1_267' title='bbox 1740 2155 1974 2223; x_wconf 83' lang='grc' dir='ltr'>ἀδικίαν,</span> 
     </span>
    </p>
   </div>
   <div class='ocr_carea' id='block_1_37' title="bbox 380 2237 1974 2320">
    <p class='ocr_par' dir='ltr' id='par_1_37' title="bbox 380 2237 1974 2320">
     <span class='ocr_line' id='line_1_37' title="bbox 380 2237 1974 2320; baseline 0.008 -30"><span class='ocrx_word' id='word_1_268' title='bbox 380 2237 457 2302; x_wconf 87' lang='grc' dir='ltr'>ὠς</span> <span class='ocrx_word' id='word_1_269' title='bbox 488 2238 645 2309; x_wconf 77' lang='grc' dir='ltr'>ἔφης,</span> <span class='ocrx_word' id='word_1_270' title='bbox 675 2238 801 2294; x_wconf 76' lang='grc' dir='ltr'>οὔτε</span> <span class='ocrx_word' id='word_1_271' title='bbox 859 2242 959 2314; x_wconf 82' lang='grc' dir='ltr'>τὴν</span> <span class='ocrx_word' id='word_1_272' title='bbox 992 2242 1311 2317; x_wconf 86' lang='grc' dir='ltr'>ἀγαθότητα</span> <span class='ocrx_word' id='word_1_273' title='bbox 1338 2247 1431 2300; x_wconf 56' lang='grc' dir='ltr'><strong>καί¹</strong></span> <span class='ocrx_word' id='word_1_274' title='bbox 1472 2248 1736 2320; x_wconf 81' lang='grc' dir='ltr'>φωτεινὴν</span> <span class='ocrx_word' id='word_1_275' title='bbox 1765 2249 1974 2315; x_wconf 84' lang='grc' dir='ltr'>οὐσίαν,</span> 
     </span>
    </p>
   </div>
   <div class='ocr_carea' id='block_1_38' title="bbox 385 2333 1977 2415">
    <p class='ocr_par' dir='ltr' id='par_1_38' title="bbox 385 2333 1977 2415">
     <span class='ocr_line' id='line_1_38' title="bbox 385 2333 1977 2415; baseline 0.009 -31"><span class='ocrx_word' id='word_1_276' title='bbox 385 2333 711 2402; x_wconf 77' lang='grc' dir='ltr'>μεσαίτατος</span> <span class='ocrx_word' id='word_1_277' title='bbox 737 2335 793 2388; x_wconf 86' lang='grc' dir='ltr'>δὲ</span> <span class='ocrx_word' id='word_1_278' title='bbox 822 2333 897 2389; x_wconf 81' lang='grc' dir='ltr'><strong>ὢν</strong></span> <span class='ocrx_word' id='word_1_279' title='bbox 926 2337 1169 2403; x_wconf 88' lang='grc' dir='ltr'>δίκαιος;</span> <span class='ocrx_word' id='word_1_280' title='bbox 1196 2340 1307 2392; x_wconf 77' lang='grc' dir='ltr'>Καὶ</span> <span class='ocrx_word' id='word_1_281' title='bbox 1324 2340 1432 2411; x_wconf 92' lang='grc' dir='ltr'><strong>γάρ</strong></span> <span class='ocrx_word' id='word_1_282' title='bbox 1460 2341 1676 2411; x_wconf 78' lang='grc' dir='ltr'>ἀληθῶς</span> <span class='ocrx_word' id='word_1_283' title='bbox 1699 2342 1977 2415; x_wconf 79' lang='grc' dir='ltr'>ἀλλότριος</span> 
     </span>
    </p>
   </div>
   <div class='ocr_carea' id='block_1_39' title="bbox 380 2423 1976 2501">
    <p class='ocr_par' dir='ltr' id='par_1_39' title="bbox 380 2423 1976 2501">
     <span class='ocr_line' id='line_1_39' title="bbox 380 2423 1976 2501; baseline 0.007 -24"><span class='ocrx_word' id='word_1_284' title='bbox 380 2423 457 2477; x_wconf 84' lang='grc' dir='ltr'>ὣν</span> <span class='ocrx_word' id='word_1_285' title='bbox 491 2427 672 2497; x_wconf 87' lang='grc' dir='ltr'>πάσης</span> <span class='ocrx_word' id='word_1_286' title='bbox 696 2426 1066 2499; x_wconf 82' lang='grc' dir='ltr'>δικαιοσύνης,</span> <span class='ocrx_word' id='word_1_287' title='bbox 1098 2430 1325 2496; x_wconf 74' lang='grc' dir='ltr'>εἰκότως</span> <span class='ocrx_word' id='word_1_288' title='bbox 1369 2433 1584 2501; x_wconf 78' lang='grc' dir='ltr'>ἀγνοεῖς</span> <span class='ocrx_word' id='word_1_289' title='bbox 1611 2434 1664 2486; x_wconf 89' lang='grc' dir='ltr'><strong>τί</strong></span> <span class='ocrx_word' id='word_1_290' title='bbox 1695 2435 1827 2488; x_wconf 81' lang='grc' dir='ltr'>ποτέ</span> <span class='ocrx_word' id='word_1_291' title='bbox 1860 2437 1976 2488; x_wconf 79' lang='grc' dir='ltr'>ἐστι</span> 
     </span>
    </p>
   </div>
   <div class='ocr_carea' id='block_1_40' title="bbox 379 2518 1975 2600">
    <p class='ocr_par' dir='ltr' id='par_1_40' title="bbox 379 2518 1975 2600">
     <span class='ocr_line' id='line_1_40' title="bbox 379 2518 1975 2600; baseline 0.008 -29"><span class='ocrx_word' id='word_1_292' title='bbox 379 2518 716 2592; x_wconf 83' lang='grc' dir='ltr'>δικαιοσύνη,</span> <span class='ocrx_word' id='word_1_293' title='bbox 741 2520 935 2593; x_wconf 81' lang='grc' dir='ltr'>ἑτέραν</span> <span class='ocrx_word' id='word_1_294' title='bbox 961 2524 1132 2596; x_wconf 80' lang='grc' dir='ltr'>αὐτὴν</span> <span class='ocrx_word' id='word_1_295' title='bbox 1166 2526 1319 2597; x_wconf 86' lang='grc' dir='ltr'><strong>παρά</strong></span> <span class='ocrx_word' id='word_1_296' title='bbox 1350 2526 1447 2598; x_wconf 83' lang='grc' dir='ltr'>τὴν</span> <span class='ocrx_word' id='word_1_297' title='bbox 1474 2527 1787 2599; x_wconf 87' lang='grc' dir='ltr'>ἀγαθότητα</span> <span class='ocrx_word' id='word_1_298' title='bbox 1819 2529 1975 2600; x_wconf 79' lang='grc' dir='ltr'>νομί-</span> 
     </span>
    </p>
   </div>
   <div class='ocr_carea' id='block_1_41' title="bbox 382 2610 1976 2692">
    <p class='ocr_par' dir='ltr' id='par_1_41' title="bbox 382 2610 1976 2692">
     <span class='ocr_line' id='line_1_41' title="bbox 382 2610 1976 2692; baseline 0.006 -29"><span class='ocrx_word' id='word_1_299' title='bbox 382 2610 511 2675; x_wconf 77' lang='grc' dir='ltr'>ζων.</span> <span class='ocrx_word' id='word_1_300' title='bbox 556 2612 697 2667; x_wconf 85' lang='grc' dir='ltr'>Πολὺ</span> <span class='ocrx_word' id='word_1_301' title='bbox 749 2614 806 2667; x_wconf 84' lang='grc' dir='ltr'>δὲ</span> <span class='ocrx_word' id='word_1_302' title='bbox 835 2615 1160 2688; x_wconf 82' lang='grc' dir='ltr'>ὲλεγχθήσῃ,</span> <span class='ocrx_word' id='word_1_303' title='bbox 1192 2611 1238 2671; x_wconf 79' lang='grc' dir='ltr'><strong>ὦ</strong></span> <span class='ocrx_word' id='word_1_304' title='bbox 1278 2620 1569 2691; x_wconf 78' lang='grc' dir='ltr'>ῥᾳδιουργὲ</span> <span class='ocrx_word' id='word_1_305' title='bbox 1601 2622 1695 2675; x_wconf 78' lang='grc' dir='ltr'>καὶ</span> <span class='ocrx_word' id='word_1_306' title='bbox 1732 2621 1976 2692; x_wconf 84' lang='grc' dir='ltr'>ἀλλότριε</span> 
     </span>
    </p>
   </div>
   <div class='ocr_carea' id='block_1_42' title="bbox 379 2702 1975 2783">
    <p class='ocr_par' dir='ltr' id='par_1_42' title="bbox 379 2702 1975 2783">
     <span class='ocr_line' id='line_1_42' title="bbox 379 2702 1975 2783; baseline 0.009 -29"><span class='ocrx_word' id='word_1_307' title='bbox 379 2702 481 2773; x_wconf 73' lang='grc' dir='ltr'>τῆς</span> <span class='ocrx_word' id='word_1_308' title='bbox 508 2704 786 2776; x_wconf 86' lang='grc' dir='ltr'>ἀληθείας.</span> <span class='ocrx_word' id='word_1_309' title='bbox 814 2708 1126 2780; x_wconf 83' lang='grc' dir='ltr'>Οὑδαμόθεν</span> <span class='ocrx_word' id='word_1_310' title='bbox 1154 2710 1263 2783; x_wconf 91' lang='grc' dir='ltr'><strong>γάρ</strong></span> <span class='ocrx_word' id='word_1_311' title='bbox 1290 2712 1498 2781; x_wconf 87' lang='grc' dir='ltr'>γίνεται</span> <span class='ocrx_word' id='word_1_312' title='bbox 1516 2714 1576 2767; x_wconf 77' lang='grc' dir='ltr'>τὸ</span> <span class='ocrx_word' id='word_1_313' title='bbox 1603 2714 1832 2779; x_wconf 85' lang='grc' dir='ltr'>δίκαιον,</span> <span class='ocrx_word' id='word_1_314' title='bbox 1862 2714 1975 2769; x_wconf 83' lang='grc' dir='ltr'>ἀλλ’</span> 
     </span>
    </p>
   </div>
   <div class='ocr_carea' id='block_1_43' title="bbox 381 2798 1974 2880">
    <p class='ocr_par' dir='ltr' id='par_1_43' title="bbox 381 2798 1974 2880">
     <span class='ocr_line' id='line_1_43' title="bbox 381 2798 1974 2880; baseline 0.008 -29"><span class='ocrx_word' id='word_1_315' title='bbox 381 2798 442 2861; x_wconf 85' lang='grc' dir='ltr'>ὲξ</span> <span class='ocrx_word' id='word_1_316' title='bbox 462 2800 800 2872; x_wconf 86' lang='grc' dir='ltr'>ἀγαθότητος</span> <span class='ocrx_word' id='word_1_317' title='bbox 816 2819 829 2834; x_wconf 87' lang='grc'><strong>·</strong></span> <span class='ocrx_word' id='word_1_318' title='bbox 868 2804 963 2858; x_wconf 73' lang='grc' dir='ltr'>καὶ</span> <span class='ocrx_word' id='word_1_319' title='bbox 981 2806 1100 2859; x_wconf 81' lang='grc' dir='ltr'>οὐδὲ</span> <span class='ocrx_word' id='word_1_320' title='bbox 1131 2808 1305 2870; x_wconf 82' lang='grc' dir='ltr'>ἄλλως</span> <span class='ocrx_word' id='word_1_321' title='bbox 1327 2826 1411 2873; x_wconf 87' lang='grc' dir='ltr'><strong>τις</strong></span> <span class='ocrx_word' id='word_1_322' title='bbox 1433 2810 1717 2880; x_wconf 80' lang='grc' dir='ltr'>γενήσεται</span> <span class='ocrx_word' id='word_1_323' title='bbox 1751 2810 1974 2879; x_wconf 78' lang='grc' dir='ltr'>ἀγαθὸς,</span> 
     </span>
    </p>
   </div>
   <div class='ocr_carea' id='block_1_44' title="bbox 379 2886 1979 2971">
    <p class='ocr_par' dir='ltr' id='par_1_44' title="bbox 379 2886 1979 2971">
     <span class='ocr_line' id='line_1_44' title="bbox 379 2886 1979 2971; baseline 0.008 -30"><span class='ocrx_word' id='word_1_324' title='bbox 379 2889 432 2941; x_wconf 81' lang='grc' dir='ltr'><strong>εί</strong></span> <span class='ocrx_word' id='word_1_325' title='bbox 630 2892 859 2958; x_wconf 85' lang='grc' dir='ltr'>δίκαιος.</span> <span class='ocrx_word' id='word_1_326' title='bbox 898 2895 1065 2950; x_wconf 89' lang='grc' dir='ltr'>Ὀθεν</span> <span class='ocrx_word' id='word_1_327' title='bbox 1107 2898 1202 2951; x_wconf 79' lang='grc' dir='ltr'><strong>καὶ</strong></span> <span class='ocrx_word' id='word_1_328' title='bbox 1235 2898 1454 2971; x_wconf 85' lang='grc' dir='ltr'>Κύριος,</span> <span class='ocrx_word' id='word_1_329' title='bbox 1494 2900 1731 2953; x_wconf 80' lang='grc' dir='ltr'>ἐπαινῶν</span> <span class='ocrx_word' id='word_1_330' title='bbox 1768 2900 1865 2971; x_wconf 81' lang='grc' dir='ltr'>τὴν</span> <span class='ocrx_word' id='word_1_331' title='bbox 1901 2919 1979 2954; x_wconf 91' lang='grc' dir='ltr'>νο-</span> 
     </span>
    </p>
   </div>
   <div class='ocr_carea' id='block_1_45' title="bbox 385 2981 1979 3064">
    <p class='ocr_par' dir='ltr' id='par_1_45' title="bbox 385 2981 1979 3064">
     <span class='ocr_line' id='line_1_45' title="bbox 385 2981 1979 3064; baseline 0.01 -31"><span class='ocrx_word' id='word_1_332' title='bbox 385 2981 645 3051; x_wconf 84' lang='grc' dir='ltr'>μοθεσίαν</span> <span class='ocrx_word' id='word_1_333' title='bbox 666 2985 762 3037; x_wconf 78' lang='grc' dir='ltr'><strong>καὶ</strong></span> <span class='ocrx_word' id='word_1_334' title='bbox 788 2986 917 3049; x_wconf 82' lang='grc' dir='ltr'>τοὺς</span> <span class='ocrx_word' id='word_1_335' title='bbox 955 2989 1124 3060; x_wconf 82' lang='grc' dir='ltr'>αὐτῆς</span> <span class='ocrx_word' id='word_1_336' title='bbox 1159 2990 1425 3057; x_wconf 88' lang='grc' dir='ltr'>δικαίους,</span> <span class='ocrx_word' id='word_1_337' title='bbox 1468 2992 1621 3060; x_wconf 73' lang='grc' dir='ltr'>ἔλεγε</span> <span class='ocrx_word' id='word_1_338' title='bbox 1644 3011 1656 3024; x_wconf 91' lang='grc'><strong>·</strong></span> <span class='ocrx_word' id='word_1_339' title='bbox 1687 2995 1979 3064; x_wconf 77' lang='grc' dir='ltr'>Κοσμεῖτε</span> 
     </span>
    </p>
   </div>
   <div class='ocr_carea' id='block_1_46' title="bbox 380 3074 1979 3157">
    <p class='ocr_par' dir='ltr' id='par_1_46' title="bbox 380 3074 1979 3157">
     <span class='ocr_line' id='line_1_46' title="bbox 380 3074 1979 3157; baseline 0.01 -30"><span class='ocrx_word' id='word_1_340' title='bbox 380 3074 525 3141; x_wconf 88' lang='grc' dir='ltr'>τοὺς</span> <span class='ocrx_word' id='word_1_341' title='bbox 560 3075 790 3145; x_wconf 67' lang='grc' dir='ltr'>τάφους</span> <span class='ocrx_word' id='word_1_342' title='bbox 828 3077 948 3133; x_wconf 87' lang='grc' dir='ltr'>τῶν</span> <span class='ocrx_word' id='word_1_343' title='bbox 985 3083 1328 3152; x_wconf 70' lang='grc' dir='ltr'>προφητῶν,</span> <span class='ocrx_word' id='word_1_344' title='bbox 1374 3086 1471 3139; x_wconf 79' lang='grc' dir='ltr'>καί</span> <span class='ocrx_word' id='word_1_345' title='bbox 1519 3086 1880 3157; x_wconf 79' lang='grc' dir='ltr'>οἰκοδομεῖτε</span> <span class='ocrx_word' id='word_1_346' title='bbox 1906 3088 1979 3143; x_wconf 81' lang='grc' dir='ltr'>τὰ</span> 
     </span>
    </p>
   </div>
   <div class='ocr_carea' id='block_1_47' title="bbox 374 3168 1978 3249">
    <p class='ocr_par' dir='ltr' id='par_1_47' title="bbox 374 3168 1978 3249">
     <span class='ocr_line' id='line_1_47' title="bbox 374 3168 1978 3249; baseline 0.009 -29"><span class='ocrx_word' id='word_1_347' title='bbox 374 3168 638 3238; x_wconf 78' lang='grc' dir='ltr'>μνημεῖα</span> <span class='ocrx_word' id='word_1_348' title='bbox 674 3169 794 3225; x_wconf 85' lang='grc' dir='ltr'>τῶν</span> <span class='ocrx_word' id='word_1_349' title='bbox 830 3171 1095 3241; x_wconf 82' lang='grc' dir='ltr'>δικαίων,</span> <span class='ocrx_word' id='word_1_350' title='bbox 1133 3176 1233 3230; x_wconf 76' lang='grc' dir='ltr'><strong>καὶ</strong></span> <span class='ocrx_word' id='word_1_351' title='bbox 1269 3180 1324 3232; x_wconf 83' lang='grc' dir='ltr'>οἱ</span> <span class='ocrx_word' id='word_1_352' title='bbox 1360 3178 1607 3247; x_wconf 80' lang='grc' dir='ltr'>πατέρες</span> <span class='ocrx_word' id='word_1_353' title='bbox 1677 3180 1836 3249; x_wconf 86' lang='grc' dir='ltr'>ὑμῶν</span> <span class='ocrx_word' id='word_1_354' title='bbox 1865 3182 1978 3236; x_wconf 80' lang='grc' dir='ltr'><strong>ἀπ-</strong></span> 
     </span>
    </p>
   </div>
   <div class='ocr_carea' id='block_1_48' title="bbox 2087 1968 3684 2049">
    <p class='ocr_par' dir='ltr' id='par_1_48' title="bbox 2087 1968 3684 2049">
     <span class='ocr_line' id='line_1_48' title="bbox 2087 1968 3684 2049; baseline 0.009 -27"><span class='ocrx_word' id='word_1_355' title='bbox 2087 1968 2326 2026; x_wconf 92' lang='lat' dir='ltr'><strong>hominis</strong></span> <span class='ocrx_word' id='word_1_356' title='bbox 2375 1985 2440 2025; x_wconf 92' lang='lat' dir='ltr'><strong>ac</strong></span> <span class='ocrx_word' id='word_1_357' title='bbox 2489 1971 2780 2029; x_wconf 89' lang='lat' dir='ltr'><strong>nebulonis</strong></span> <span class='ocrx_word' id='word_1_358' title='bbox 2837 1984 2922 2029; x_wconf 85' lang='lat' dir='ltr'><strong>est</strong></span> <span class='ocrx_word' id='word_1_359' title='bbox 2957 1976 3136 2046; x_wconf 82' lang='lat' dir='ltr'><strong>egisse</strong></span> <span class='ocrx_word' id='word_1_360' title='bbox 3193 1979 3483 2049; x_wconf 88' lang='lat' dir='ltr'><strong>perspicue</strong></span> <span class='ocrx_word' id='word_1_361' title='bbox 3531 1996 3684 2036; x_wconf 86' lang='lat' dir='ltr'><strong>com-</strong></span> 
     </span>
    </p>
   </div>
   <div class='ocr_carea' id='block_1_49' title="bbox 2086 2062 3689 2133">
    <p class='ocr_par' dir='ltr' id='par_1_49' title="bbox 2086 2062 3689 2133">
     <span class='ocr_line' id='line_1_49' title="bbox 2086 2062 3689 2133; baseline 0.009 -18"><span class='ocrx_word' id='word_1_362' title='bbox 2086 2062 2349 2132; x_wconf 89' lang='lat' dir='ltr'><strong>probabo.</strong></span> <span class='ocrx_word' id='word_1_363' title='bbox 2402 2062 2604 2133; x_wconf 89' lang='lat' dir='ltr'><strong>Ecquis</strong></span> <span class='ocrx_word' id='word_1_364' title='bbox 2651 2066 2795 2120; x_wconf 91' lang='lat' dir='ltr'><strong>enim</strong></span> <span class='ocrx_word' id='word_1_365' title='bbox 2842 2067 3036 2123; x_wconf 91' lang='lat' dir='ltr'><strong>tertius</strong></span> <span class='ocrx_word' id='word_1_366' title='bbox 3084 2070 3176 2124; x_wconf 92' lang='lat' dir='ltr'><strong>ille</strong></span> <span class='ocrx_word' id='word_1_367' title='bbox 3225 2072 3386 2127; x_wconf 90' lang='lat' dir='ltr'><strong>nobis</strong></span> <span class='ocrx_word' id='word_1_368' title='bbox 3420 2072 3557 2129; x_wconf 89' lang='lat' dir='ltr'><strong>deus</strong></span> <span class='ocrx_word' id='word_1_369' title='bbox 3602 2088 3689 2129; x_wconf 91' lang='lat' dir='ltr'><strong>est</strong></span> 
     </span>
    </p>
   </div>
   <div class='ocr_carea' id='block_1_50' title="bbox 2084 2154 3689 2233">
    <p class='ocr_par' dir='ltr' id='par_1_50' title="bbox 2084 2154 3689 2233">
     <span class='ocr_line' id='line_1_50' title="bbox 2084 2154 3689 2233; baseline 0.007 -23"><span class='ocrx_word' id='word_1_370' title='bbox 2084 2154 2288 2225; x_wconf 87' lang='lat' dir='ltr'><strong>duplici</strong></span> <span class='ocrx_word' id='word_1_371' title='bbox 2310 2170 2377 2211; x_wconf 82' lang='lat' dir='ltr'><strong>ex</strong></span> <span class='ocrx_word' id='word_1_372' title='bbox 2409 2156 2770 2213; x_wconf 86' lang='lat' dir='ltr'><strong>similitudine</strong></span> <span class='ocrx_word' id='word_1_373' title='bbox 2801 2159 3092 2225; x_wconf 84' lang='lat' dir='ltr'><strong>conﬂatus,</strong></span> <span class='ocrx_word' id='word_1_374' title='bbox 3134 2164 3226 2233; x_wconf 90' lang='lat' dir='ltr'><strong>qui</strong></span> <span class='ocrx_word' id='word_1_375' title='bbox 3256 2178 3357 2218; x_wconf 89' lang='lat' dir='ltr'><strong>nec</strong></span> <span class='ocrx_word' id='word_1_376' title='bbox 3391 2166 3528 2219; x_wconf 90' lang='lat' dir='ltr'><strong>alter</strong></span> <span class='ocrx_word' id='word_1_377' title='bbox 3558 2165 3630 2220; x_wconf 91' lang='lat' dir='ltr'><strong>sit</strong></span> <span class='ocrx_word' id='word_1_378' title='bbox 3657 2183 3689 2222; x_wconf 91' lang='lat' dir='ltr'><strong>e</strong></span> 
     </span>
    </p>
   </div>
   <div class='ocr_carea' id='block_1_51' title="bbox 2084 2246 3686 2327">
    <p class='ocr_par' dir='ltr' id='par_1_51' title="bbox 2084 2246 3686 2327">
     <span class='ocr_line' id='line_1_51' title="bbox 2084 2246 3686 2327; baseline 0.007 -25"><span class='ocrx_word' id='word_1_379' title='bbox 2084 2246 2320 2313; x_wconf 89' lang='lat' dir='ltr'><strong>duobus,</strong></span> <span class='ocrx_word' id='word_1_380' title='bbox 2349 2265 2450 2305; x_wconf 87' lang='lat' dir='ltr'><strong>nec</strong></span> <span class='ocrx_word' id='word_1_381' title='bbox 2472 2248 2780 2307; x_wconf 80' lang='lat' dir='ltr'><strong>infuscatus</strong></span> <span class='ocrx_word' id='word_1_382' title='bbox 2810 2254 3038 2318; x_wconf 86' lang='lat' dir='ltr'><strong>malitia,</strong></span> <span class='ocrx_word' id='word_1_383' title='bbox 3064 2256 3147 2310; x_wconf 87' lang='lat' dir='ltr'><strong>vel</strong></span> <span class='ocrx_word' id='word_1_384' title='bbox 3172 2255 3461 2324; x_wconf 70' lang='lat' dir='ltr'><strong>iniustitia,</strong></span> <span class='ocrx_word' id='word_1_385' title='bbox 3494 2266 3553 2312; x_wconf 93' lang='lat' dir='ltr'><strong>ut</strong></span> <span class='ocrx_word' id='word_1_386' title='bbox 3582 2259 3686 2327; x_wconf 89' lang='lat' dir='ltr'><strong>ais,</strong></span> 
     </span>
    </p>
   </div>
   <div class='ocr_carea' id='block_1_52' title="bbox 2087 2341 3685 2423">
    <p class='ocr_par' dir='ltr' id='par_1_52' title="bbox 2087 2341 3685 2423">
     <span class='ocr_line' id='line_1_52' title="bbox 2087 2341 3685 2423; baseline 0.01 -29"><span class='ocrx_word' id='word_1_387' title='bbox 2087 2341 2223 2405; x_wconf 87' lang='lat' dir='ltr'><strong>ulla,</strong></span> <span class='ocrx_word' id='word_1_388' title='bbox 2255 2358 2436 2413; x_wconf 83' lang='lat' dir='ltr'><strong>neque</strong></span> <span class='ocrx_word' id='word_1_389' title='bbox 2478 2341 2761 2409; x_wconf 86' lang='lat' dir='ltr'><strong>bonitate,</strong></span> <span class='ocrx_word' id='word_1_390' title='bbox 2806 2345 3097 2417; x_wconf 91' lang='lat' dir='ltr'><strong>lucidaque</strong></span> <span class='ocrx_word' id='word_1_391' title='bbox 3147 2358 3346 2405; x_wconf 86' lang='lat' dir='ltr'><strong>natura</strong></span> <span class='ocrx_word' id='word_1_392' title='bbox 3388 2353 3685 2423; x_wconf 58' lang='lat' dir='ltr'><strong>praeditus,</strong></span> 
     </span>
    </p>
   </div>
   <div class='ocr_carea' id='block_1_53' title="bbox 2086 2430 3688 2509">
    <p class='ocr_par' dir='ltr' id='par_1_53' title="bbox 2086 2430 3688 2509">
     <span class='ocr_line' id='line_1_53' title="bbox 2086 2430 3688 2509; baseline 0.008 -22"><span class='ocrx_word' id='word_1_393' title='bbox 2086 2430 2183 2487; x_wconf 89' lang='lat' dir='ltr'><strong>sed</strong></span> <span class='ocrx_word' id='word_1_394' title='bbox 2229 2433 2395 2488; x_wconf 91' lang='lat' dir='ltr'><strong>medii</strong></span> <span class='ocrx_word' id='word_1_395' title='bbox 2425 2433 2715 2503; x_wconf 86' lang='lat' dir='ltr'><strong>cujusdam</strong></span> <span class='ocrx_word' id='word_1_396' title='bbox 2765 2436 2838 2492; x_wconf 87' lang='lat' dir='ltr'><strong>sit</strong></span> <span class='ocrx_word' id='word_1_397' title='bbox 2870 2439 3085 2496; x_wconf 83' lang='lat' dir='ltr'><strong>ordinis</strong></span> <span class='ocrx_word' id='word_1_398' title='bbox 3121 2440 3346 2509; x_wconf 83' lang='lat' dir='ltr'><strong>justus?</strong></span> <span class='ocrx_word' id='word_1_399' title='bbox 3372 2443 3453 2499; x_wconf 86' lang='lat' dir='ltr'><strong>Ac</strong></span> <span class='ocrx_word' id='word_1_400' title='bbox 3487 2448 3688 2501; x_wconf 83' lang='lat' dir='ltr'><strong>merito</strong></span> 
     </span>
    </p>
   </div>
   <div class='ocr_carea' id='block_1_54' title="bbox 2087 2525 3687 2607">
    <p class='ocr_par' dir='ltr' id='par_1_54' title="bbox 2087 2525 3687 2607">
     <span class='ocr_line' id='line_1_54' title="bbox 2087 2525 3687 2607; baseline 0.008 -28"><span class='ocrx_word' id='word_1_401' title='bbox 2087 2533 2145 2579; x_wconf 91' lang='lat' dir='ltr'><strong>tu</strong></span> <span class='ocrx_word' id='word_1_402' title='bbox 2192 2525 2414 2595; x_wconf 88' lang='lat' dir='ltr'><strong>quidem</strong></span> <span class='ocrx_word' id='word_1_403' title='bbox 2468 2530 2538 2582; x_wconf 90' lang='lat' dir='ltr'><strong>ab</strong></span> <span class='ocrx_word' id='word_1_404' title='bbox 2569 2529 2721 2583; x_wconf 91' lang='lat' dir='ltr'><strong>omni</strong></span> <span class='ocrx_word' id='word_1_405' title='bbox 2770 2538 3018 2587; x_wconf 91' lang='lat' dir='ltr'><strong>remotus</strong></span> <span class='ocrx_word' id='word_1_406' title='bbox 3065 2533 3281 2603; x_wconf 88' lang='lat' dir='ltr'><strong>justitia</strong></span> <span class='ocrx_word' id='word_1_407' title='bbox 3324 2536 3458 2607; x_wconf 92' lang='lat' dir='ltr'><strong>quid</strong></span> <span class='ocrx_word' id='word_1_408' title='bbox 3507 2553 3571 2592; x_wconf 90' lang='lat' dir='ltr'><strong>ea</strong></span> <span class='ocrx_word' id='word_1_409' title='bbox 3614 2538 3687 2595; x_wconf 87' lang='lat' dir='ltr'><strong>sit</strong></span> 
     </span>
    </p>
   </div>
   <div class='ocr_carea' id='block_1_55' title="bbox 2088 2614 3687 2697">
    <p class='ocr_par' dir='ltr' id='par_1_55' title="bbox 2088 2614 3687 2697">
     <span class='ocr_line' id='line_1_55' title="bbox 2088 2614 3687 2697; baseline 0.01 -30"><span class='ocrx_word' id='word_1_410' title='bbox 2088 2614 2342 2689; x_wconf 78' lang='lat' dir='ltr'><strong>ignoras,</strong></span> <span class='ocrx_word' id='word_1_411' title='bbox 2392 2633 2518 2674; x_wconf 91' lang='lat' dir='ltr'><strong>cum</strong></span> <span class='ocrx_word' id='word_1_412' title='bbox 2561 2620 2705 2675; x_wconf 89' lang='lat' dir='ltr'><strong>hanc</strong></span> <span class='ocrx_word' id='word_1_413' title='bbox 2739 2624 2915 2691; x_wconf 90' lang='lat' dir='ltr'><strong>ipsam</strong></span> <span class='ocrx_word' id='word_1_414' title='bbox 2962 2640 2993 2679; x_wconf 92' lang='lat' dir='ltr'><strong>a</strong></span> <span class='ocrx_word' id='word_1_415' title='bbox 3028 2625 3275 2681; x_wconf 85' lang='lat' dir='ltr'><strong>bonitate</strong></span> <span class='ocrx_word' id='word_1_416' title='bbox 3320 2629 3588 2697; x_wconf 89' lang='lat' dir='ltr'><strong>sejungis.</strong></span> <span class='ocrx_word' id='word_1_417' title='bbox 3626 2630 3687 2683; x_wconf 87' lang='lat' dir='ltr'><strong>In</strong></span> 
     </span>
    </p>
   </div>
   <div class='ocr_carea' id='block_1_56' title="bbox 2086 2707 3686 2780">
    <p class='ocr_par' dir='ltr' id='par_1_56' title="bbox 2086 2707 3686 2780">
     <span class='ocr_line' id='line_1_56' title="bbox 2086 2707 3686 2780; baseline 0.008 -20"><span class='ocrx_word' id='word_1_418' title='bbox 2086 2723 2216 2777; x_wconf 89' lang='lat' dir='ltr'><strong>quo,</strong></span> <span class='ocrx_word' id='word_1_419' title='bbox 2244 2707 2525 2763; x_wconf 88' lang='lat' dir='ltr'><strong>hominum</strong></span> <span class='ocrx_word' id='word_1_420' title='bbox 2573 2711 2928 2780; x_wconf 88' lang='lat' dir='ltr'><strong>nequissime,</strong></span> <span class='ocrx_word' id='word_1_421' title='bbox 2967 2728 3031 2767; x_wconf 90' lang='lat' dir='ltr'><strong>ac</strong></span> <span class='ocrx_word' id='word_1_422' title='bbox 3062 2715 3311 2771; x_wconf 90' lang='lat' dir='ltr'><strong>veritatis</strong></span> <span class='ocrx_word' id='word_1_423' title='bbox 3356 2718 3686 2772; x_wconf 87' lang='lat' dir='ltr'><strong>inimicissi-</strong></span> 
     </span>
    </p>
   </div>
   <div class='ocr_carea' id='block_1_57' title="bbox 2088 2799 3688 2873">
    <p class='ocr_par' dir='ltr' id='par_1_57' title="bbox 2088 2799 3688 2873">
     <span class='ocr_line' id='line_1_57' title="bbox 2088 2799 3688 2873; baseline 0.006 -20"><span class='ocrx_word' id='word_1_424' title='bbox 2088 2800 2207 2855; x_wconf 85' lang='lat' dir='ltr'><strong>me!</strong></span> <span class='ocrx_word' id='word_1_425' title='bbox 2253 2799 2529 2855; x_wconf 85' lang='lat' dir='ltr'><strong>manifesti</strong></span> <span class='ocrx_word' id='word_1_426' title='bbox 2580 2802 2789 2857; x_wconf 89' lang='lat' dir='ltr'><strong>erroris</strong></span> <span class='ocrx_word' id='word_1_427' title='bbox 2837 2806 3106 2873; x_wconf 85' lang='lat' dir='ltr'><strong>argueris.</strong></span> <span class='ocrx_word' id='word_1_428' title='bbox 3136 2805 3255 2860; x_wconf 84' lang='lat' dir='ltr'><strong>Non</strong></span> <span class='ocrx_word' id='word_1_429' title='bbox 3284 2806 3431 2861; x_wconf 91' lang='lat' dir='ltr'><strong>enim</strong></span> <span class='ocrx_word' id='word_1_430' title='bbox 3464 2808 3688 2864; x_wconf 91' lang='lat' dir='ltr'><strong>aliunde</strong></span> 
     </span>
    </p>
   </div>
   <div class='ocr_carea' id='block_1_58' title="bbox 2086 2893 3683 2967">
    <p class='ocr_par' dir='ltr' id='par_1_58' title="bbox 2086 2893 3683 2967">
     <span class='ocr_line' id='line_1_58' title="bbox 2086 2893 3683 2967; baseline 0.005 -22"><span class='ocrx_word' id='word_1_431' title='bbox 2086 2906 2251 2962; x_wconf 92' lang='lat' dir='ltr'><strong>quam</strong></span> <span class='ocrx_word' id='word_1_432' title='bbox 2291 2908 2359 2947; x_wconf 80' lang='lat' dir='ltr'><strong>ex</strong></span> <span class='ocrx_word' id='word_1_433' title='bbox 2388 2893 2635 2948; x_wconf 90' lang='lat' dir='ltr'><strong>bonitate</strong></span> <span class='ocrx_word' id='word_1_434' title='bbox 2677 2894 2825 2964; x_wconf 91' lang='lat' dir='ltr'><strong>quod</strong></span> <span class='ocrx_word' id='word_1_435' title='bbox 2851 2895 3063 2963; x_wconf 89' lang='lat' dir='ltr'><strong>justum</strong></span> <span class='ocrx_word' id='word_1_436' title='bbox 3097 2898 3439 2967; x_wconf 86' lang='lat' dir='ltr'><strong>appellamus</strong></span> <span class='ocrx_word' id='word_1_437' title='bbox 3474 2899 3683 2967; x_wconf 87' lang='lat' dir='ltr'><strong>oritur;</strong></span> 
     </span>
    </p>
   </div>
   <div class='ocr_carea' id='block_1_59' title="bbox 2088 2987 3688 3062">
    <p class='ocr_par' dir='ltr' id='par_1_59' title="bbox 2088 2987 3688 3062">
     <span class='ocr_line' id='line_1_59' title="bbox 2088 2987 3688 3062; baseline 0.004 -23"><span class='ocrx_word' id='word_1_438' title='bbox 2088 3001 2263 3055; x_wconf 90' lang='lat' dir='ltr'><strong>neque</strong></span> <span class='ocrx_word' id='word_1_439' title='bbox 2301 2987 2593 3057; x_wconf 85' lang='lat' dir='ltr'><strong>quisquam</strong></span> <span class='ocrx_word' id='word_1_440' title='bbox 2619 3025 2634 3050; x_wconf 91' lang='lat'><strong>,</strong></span> <span class='ocrx_word' id='word_1_441' title='bbox 2676 2988 2783 3043; x_wconf 89' lang='lat' dir='ltr'><strong>nisi</strong></span> <span class='ocrx_word' id='word_1_442' title='bbox 2819 2988 2959 3043; x_wconf 89' lang='lat' dir='ltr'><strong>idem</strong></span> <span class='ocrx_word' id='word_1_443' title='bbox 3013 2991 3192 3044; x_wconf 89' lang='lat' dir='ltr'><strong>bonus</strong></span> <span class='ocrx_word' id='word_1_444' title='bbox 3218 2990 3325 3056; x_wconf 86' lang='lat' dir='ltr'><strong>sit,</strong></span> <span class='ocrx_word' id='word_1_445' title='bbox 3373 2990 3539 3062; x_wconf 72' lang='lat'><strong>226</strong></span> <span class='ocrx_word' id='word_1_446' title='bbox 3563 3005 3688 3046; x_wconf 87' lang='lat' dir='ltr'><strong>esse</strong></span> 
     </span>
    </p>
   </div>
   <div class='ocr_carea' id='block_1_60' title="bbox 2082 3077 3688 3153">
    <p class='ocr_par' dir='ltr' id='par_1_60' title="bbox 2082 3077 3688 3153">
     <span class='ocr_line' id='line_1_60' title="bbox 2082 3077 3688 3153; baseline 0.004 -21"><span class='ocrx_word' id='word_1_447' title='bbox 2082 3077 2267 3149; x_wconf 88' lang='lat' dir='ltr'><strong>justus</strong></span> <span class='ocrx_word' id='word_1_448' title='bbox 2306 3080 2524 3149; x_wconf 86' lang='lat' dir='ltr'><strong>poterit.</strong></span> <span class='ocrx_word' id='word_1_449' title='bbox 2576 3080 2814 3151; x_wconf 87' lang='lat' dir='ltr'><strong>Ideoque</strong></span> <span class='ocrx_word' id='word_1_450' title='bbox 2855 3079 3122 3138; x_wconf 85' lang='lat' dir='ltr'><strong>Dominus</strong></span> <span class='ocrx_word' id='word_1_451' title='bbox 3153 3082 3321 3140; x_wconf 88' lang='lat' dir='ltr'><strong>Mosis</strong></span> <span class='ocrx_word' id='word_1_452' title='bbox 3370 3083 3547 3153; x_wconf 81' lang='lat' dir='ltr'><strong>legem</strong></span> <span class='ocrx_word' id='word_1_453' title='bbox 3582 3098 3688 3138; x_wconf 90' lang='lat' dir='ltr'><strong>suo</strong></span> 
     </span>
    </p>
   </div>
   <div class='ocr_carea' id='block_1_61' title="bbox 2089 3172 3685 3241">
    <p class='ocr_par' dir='ltr' id='par_1_61' title="bbox 2089 3172 3685 3241">
     <span class='ocr_line' id='line_1_61' title="bbox 2089 3172 3685 3241; baseline 0.001 -17"><span class='ocrx_word' id='word_1_454' title='bbox 2089 3172 2364 3241; x_wconf 72' lang='lat' dir='ltr'><strong>przeconio</strong></span> <span class='ocrx_word' id='word_1_455' title='bbox 2414 3172 2808 3227; x_wconf 85' lang='lat' dir='ltr'><strong>commendans</strong></span> <span class='ocrx_word' id='word_1_456' title='bbox 2870 3172 3052 3227; x_wconf 87' lang='lat' dir='ltr'><strong>aiebat</strong></span> <span class='ocrx_word' id='word_1_457' title='bbox 3101 3172 3388 3241; x_wconf 82' lang='lat' dir='ltr'><strong>:lOrnatis</strong></span> <span class='ocrx_word' id='word_1_458' title='bbox 3444 3173 3685 3240; x_wconf 84' lang='lat' dir='ltr'><strong>sepulcra</strong></span> 
     </span>
    </p>
   </div>
   <div class='ocr_carea' id='block_1_62' title="bbox 379 3251 1981 3344">
    <p class='ocr_par' dir='ltr' id='par_1_62' title="bbox 379 3262 1976 3344">
     <span class='ocr_line' id='line_1_62' title="bbox 379 3262 1976 3344; baseline 0.007 -30"><span class='ocrx_word' id='word_1_459' title='bbox 379 3262 659 3317; x_wconf 76' lang='grc' dir='ltr'>ἐκτειναν</span> <span class='ocrx_word' id='word_1_460' title='bbox 689 3265 936 3333; x_wconf 86' lang='grc' dir='ltr'>αὐτούς.</span> <span class='ocrx_word' id='word_1_461' title='bbox 977 3268 1151 3322; x_wconf 90' lang='grc' dir='ltr'>Πόθεν</span> <span class='ocrx_word' id='word_1_462' title='bbox 1179 3269 1237 3322; x_wconf 86' lang='grc' dir='ltr'>δὲ</span> <span class='ocrx_word' id='word_1_463' title='bbox 1270 3271 1528 3340; x_wconf 75' lang='grc' dir='ltr'>γεγόνασι</span> <span class='ocrx_word' id='word_1_464' title='bbox 1571 3273 1849 3344; x_wconf 81' lang='grc' dir='ltr'>προφῆται</span> <span class='ocrx_word' id='word_1_465' title='bbox 1883 3274 1976 3327; x_wconf 75' lang='grc' dir='ltr'><strong>καὶ</strong></span> 
     </span>
    </p>
   </div>
   <div class='ocr_carea' id='block_1_63' title="bbox 2088 3251 3685 3344">
    <p class='ocr_par' dir='ltr' id='par_1_63' title="bbox 2088 3262 3685 3334">
     <span class='ocr_line' id='line_1_63' title="bbox 2088 3262 3685 3334; baseline -0.001 -18"><span class='ocrx_word' id='word_1_466' title='bbox 2088 3264 2450 3332; x_wconf 70' lang='lat' dir='ltr'><strong>prophetarum</strong></span> <span class='ocrx_word' id='word_1_467' title='bbox 2492 3273 2543 3317; x_wconf 90' lang='lat' dir='ltr'><strong>et</strong></span> <span class='ocrx_word' id='word_1_468' title='bbox 2589 3262 2872 3333; x_wconf 75' lang='lat' dir='ltr'><strong>redi/icatis</strong></span> <span class='ocrx_word' id='word_1_469' title='bbox 2916 3265 3242 3318; x_wconf 86' lang='lat' dir='ltr'><strong>monimenta</strong></span> <span class='ocrx_word' id='word_1_470' title='bbox 3288 3264 3601 3334; x_wconf 85' lang='lat' dir='ltr'><strong>justorum,</strong></span> <span class='ocrx_word' id='word_1_471' title='bbox 3633 3271 3685 3317; x_wconf 89' lang='lat' dir='ltr'><strong>et</strong></span> 
     </span>
    </p>
   </div>
   <div class='ocr_carea' id='block_1_64' title="bbox 379 3352 1981 3435">
    <p class='ocr_par' dir='ltr' id='par_1_64' title="bbox 379 3352 1978 3435">
     <span class='ocr_line' id='line_1_64' title="bbox 379 3352 1978 3435; baseline 0.008 -29"><span class='ocrx_word' id='word_1_472' title='bbox 379 3352 579 3408; x_wconf 88' lang='grc' dir='ltr'>δίκαιοι</span> <span class='ocrx_word' id='word_1_473' title='bbox 602 3356 717 3409; x_wconf 82' lang='grc' dir='ltr'>ἀλλ’</span> <span class='ocrx_word' id='word_1_474' title='bbox 756 3357 789 3427; x_wconf 83' lang='grc' dir='ltr'>ἢ</span> <span class='ocrx_word' id='word_1_475' title='bbox 820 3357 928 3411; x_wconf 84' lang='grc' dir='ltr'><strong>ἀπὸ</strong></span> <span class='ocrx_word' id='word_1_476' title='bbox 964 3359 1066 3429; x_wconf 77' lang='grc' dir='ltr'>τῆς</span> <span class='ocrx_word' id='word_1_477' title='bbox 1094 3361 1190 3414; x_wconf 89' lang='grc' dir='ltr'><strong>τοῦ</strong></span> <span class='ocrx_word' id='word_1_478' title='bbox 1220 3362 1434 3434; x_wconf 74' lang='grc' dir='ltr'>Πατρός</span> <span class='ocrx_word' id='word_1_479' title='bbox 1470 3364 1836 3435; x_wconf 89' lang='grc' dir='ltr'>ἀγαθότητος;</span> <span class='ocrx_word' id='word_1_480' title='bbox 1868 3364 1978 3418; x_wconf 74' lang='grc' dir='ltr'>Καὶ</span> 
     </span>
    </p>
   </div>
   <div class='ocr_carea' id='block_1_65' title="bbox 2088 3352 3683 3435">
    <p class='ocr_par' dir='ltr' id='par_1_65' title="bbox 2088 3355 3683 3428">
     <span class='ocr_line' id='line_1_65' title="bbox 2088 3355 3683 3428; baseline 0.002 -21"><span class='ocrx_word' id='word_1_481' title='bbox 2088 3366 2253 3410; x_wconf 73' lang='lat' dir='ltr'><strong>patres</strong></span> <span class='ocrx_word' id='word_1_482' title='bbox 2282 3358 2437 3411; x_wconf 78' lang='lat' dir='ltr'><strong>vestri</strong></span> <span class='ocrx_word' id='word_1_483' title='bbox 2470 3355 2770 3410; x_wconf 80' lang='lat' dir='ltr'><strong>occiderunt</strong></span> <span class='ocrx_word' id='word_1_484' title='bbox 2792 3355 2914 3410; x_wconf 88' lang='lat' dir='ltr'><strong>illos</strong></span> <span class='ocrx_word' id='word_1_485' title='bbox 2941 3357 2980 3410; x_wconf 76' lang='grc' dir='ltr'><strong>ί.</strong></span> <span class='ocrx_word' id='word_1_486' title='bbox 3009 3355 3164 3411; x_wconf 89' lang='lat' dir='ltr'><strong>Unde</strong></span> <span class='ocrx_word' id='word_1_487' title='bbox 3197 3357 3364 3428; x_wconf 90' lang='lat' dir='ltr'><strong>igitur</strong></span> <span class='ocrx_word' id='word_1_488' title='bbox 3385 3356 3683 3426; x_wconf 64' lang='lat' dir='ltr'><strong>prophetae,</strong></span> 
     </span>
    </p>
   </div>
   <div class='ocr_carea' id='block_1_66' title="bbox 382 3444 1978 3526">
    <p class='ocr_par' dir='ltr' id='par_1_66' title="bbox 382 3444 1978 3526">
     <span class='ocr_line' id='line_1_66' title="bbox 382 3444 1978 3526; baseline 0.006 -28"><span class='ocrx_word' id='word_1_489' title='bbox 382 3444 470 3498; x_wconf 82' lang='grc' dir='ltr'><strong>ῐνα</strong></span> <span class='ocrx_word' id='word_1_490' title='bbox 508 3445 680 3521; x_wconf 81' lang='grc' dir='ltr'>δείξῃ,</span> <span class='ocrx_word' id='word_1_491' title='bbox 709 3449 791 3501; x_wconf 83' lang='grc' dir='ltr'>ὅτι</span> <span class='ocrx_word' id='word_1_492' title='bbox 824 3450 882 3502; x_wconf 84' lang='grc' dir='ltr'>ὲν</span> <span class='ocrx_word' id='word_1_493' title='bbox 902 3450 981 3521; x_wconf 83' lang='grc' dir='ltr'><strong>τῷ</strong></span> <span class='ocrx_word' id='word_1_494' title='bbox 1014 3452 1172 3522; x_wconf 87' lang='grc' dir='ltr'>μέρει</span> <span class='ocrx_word' id='word_1_495' title='bbox 1210 3453 1310 3525; x_wconf 80' lang='grc' dir='ltr'>τῆς</span> <span class='ocrx_word' id='word_1_496' title='bbox 1343 3454 1678 3526; x_wconf 87' lang='grc' dir='ltr'>ἀγαθότητος</span> <span class='ocrx_word' id='word_1_497' title='bbox 1713 3457 1742 3508; x_wconf 92' lang='lat'><strong>6</strong></span> <span class='ocrx_word' id='word_1_498' title='bbox 1774 3455 1978 3519; x_wconf 88' lang='grc' dir='ltr'>δίκαιος</span> 
     </span>
    </p>
   </div>
   <div class='ocr_carea' id='block_1_67' title="bbox 381 3534 1981 3616">
    <p class='ocr_par' dir='ltr' id='par_1_67' title="bbox 381 3534 1981 3616">
     <span class='ocr_line' id='line_1_67' title="bbox 381 3534 1981 3616; baseline 0.01 -27"><span class='ocrx_word' id='word_1_499' title='bbox 381 3534 632 3608; x_wconf 74' lang='grc' dir='ltr'>ἕστηκεν,</span> <span class='ocrx_word' id='word_1_500' title='bbox 657 3538 873 3609; x_wconf 77' lang='grc' dir='ltr'>ἔλεγεν·</span> <span class='ocrx_word' id='word_1_501' title='bbox 918 3541 1141 3611; x_wconf 81' lang='grc' dir='ltr'>Ὅμοιοι</span> <span class='ocrx_word' id='word_1_502' title='bbox 1177 3543 1426 3613; x_wconf 80' lang='grc' dir='ltr'>γένεσθε</span> <span class='ocrx_word' id='word_1_503' title='bbox 1466 3544 1547 3611; x_wconf 84' lang='grc' dir='ltr'>τῷ</span> <span class='ocrx_word' id='word_1_504' title='bbox 1588 3545 1773 3614; x_wconf 82' lang='grc' dir='ltr'>Πατρὶ</span> <span class='ocrx_word' id='word_1_505' title='bbox 1812 3546 1981 3616; x_wconf 79' lang='grc' dir='ltr'>ὑμῶν</span> 
     </span>
    </p>
   </div>
   <div class='ocr_carea' id='block_1_68' title="bbox 381 3630 1979 3711">
    <p class='ocr_par' dir='ltr' id='par_1_68' title="bbox 381 3630 1979 3711">
     <span class='ocr_line' id='line_1_68' title="bbox 381 3630 1979 3711; baseline 0.008 -25"><span class='ocrx_word' id='word_1_506' title='bbox 381 3630 464 3698; x_wconf 81' lang='grc' dir='ltr'>τῷ</span> <span class='ocrx_word' id='word_1_507' title='bbox 483 3634 555 3687; x_wconf 82' lang='grc' dir='ltr'>ἐν</span> <span class='ocrx_word' id='word_1_508' title='bbox 580 3634 707 3701; x_wconf 84' lang='grc' dir='ltr'>τοῖς</span> <span class='ocrx_word' id='word_1_509' title='bbox 736 3638 1035 3704; x_wconf 86' lang='grc' dir='ltr'>οὐρανοῖς,</span> <span class='ocrx_word' id='word_1_510' title='bbox 1069 3639 1159 3693; x_wconf 88' lang='grc' dir='ltr'>ὅτι</span> <span class='ocrx_word' id='word_1_511' title='bbox 1176 3641 1496 3696; x_wconf 75' lang='grc' dir='ltr'>ἀνατέλλει</span> <span class='ocrx_word' id='word_1_512' title='bbox 1524 3642 1631 3696; x_wconf 84' lang='grc' dir='ltr'>τὸν</span> <span class='ocrx_word' id='word_1_513' title='bbox 1664 3643 1843 3711; x_wconf 84' lang='grc' dir='ltr'>ἣλιον</span> <span class='ocrx_word' id='word_1_514' title='bbox 1870 3648 1979 3699; x_wconf 86' lang='grc' dir='ltr'><strong>αὐ-</strong></span> 
     </span>
    </p>
   </div>
   <div class='ocr_carea' id='block_1_69' title="bbox 383 3726 1979 3804">
    <p class='ocr_par' dir='ltr' id='par_1_69' title="bbox 383 3726 1979 3804">
     <span class='ocr_line' id='line_1_69' title="bbox 383 3726 1979 3804; baseline 0.006 -24"><span class='ocrx_word' id='word_1_515' title='bbox 383 3726 492 3780; x_wconf 87' lang='grc' dir='ltr'><strong>τοῦ</strong></span> <span class='ocrx_word' id='word_1_516' title='bbox 540 3726 640 3779; x_wconf 79' lang='grc' dir='ltr'><strong>ἐπὶ</strong></span> <span class='ocrx_word' id='word_1_517' title='bbox 681 3727 944 3797; x_wconf 78' lang='grc' dir='ltr'>ἀγαθοὺς</span> <span class='ocrx_word' id='word_1_518' title='bbox 990 3731 1089 3785; x_wconf 79' lang='grc' dir='ltr'>καὶ</span> <span class='ocrx_word' id='word_1_519' title='bbox 1134 3733 1461 3801; x_wconf 82' lang='grc' dir='ltr'>πονηροὺς,</span> <span class='ocrx_word' id='word_1_520' title='bbox 1510 3734 1608 3789; x_wconf 81' lang='grc' dir='ltr'>καὶ</span> <span class='ocrx_word' id='word_1_521' title='bbox 1628 3735 1839 3804; x_wconf 79' lang='grc' dir='ltr'>βρέχει</span> <span class='ocrx_word' id='word_1_522' title='bbox 1879 3737 1979 3790; x_wconf 75' lang='grc' dir='ltr'><strong>ἐπὶ</strong></span> 
     </span>
    </p>
   </div>
   <div class='ocr_carea' id='block_1_70' title="bbox 383 3817 1978 3897">
    <p class='ocr_par' dir='ltr' id='par_1_70' title="bbox 383 3817 1978 3897">
     <span class='ocr_line' id='line_1_70' title="bbox 383 3817 1978 3897; baseline 0.007 -27"><span class='ocrx_word' id='word_1_523' title='bbox 383 3817 657 3885; x_wconf 78' lang='grc' dir='ltr'>δικαίους</span> <span class='ocrx_word' id='word_1_524' title='bbox 695 3819 796 3873; x_wconf 75' lang='grc' dir='ltr'>καὶ</span> <span class='ocrx_word' id='word_1_525' title='bbox 830 3820 1113 3888; x_wconf 78' lang='grc' dir='ltr'>ἀδίκουςο</span> <span class='ocrx_word' id='word_1_526' title='bbox 1149 3823 1237 3876; x_wconf 84' lang='grc' dir='ltr'><strong>ἴνα</strong></span> <span class='ocrx_word' id='word_1_527' title='bbox 1262 3823 1413 3897; x_wconf 82' lang='grc' dir='ltr'>δείξῃ</span> <span class='ocrx_word' id='word_1_528' title='bbox 1442 3824 1503 3877; x_wconf 87' lang='grc' dir='ltr'><strong>τὸ</strong></span> <span class='ocrx_word' id='word_1_529' title='bbox 1528 3825 1733 3880; x_wconf 83' lang='grc' dir='ltr'>δίκαιον</span> <span class='ocrx_word' id='word_1_530' title='bbox 1758 3826 1978 3895; x_wconf 85' lang='grc' dir='ltr'>ἀγαθὸν,</span> 
     </span>
    </p>
   </div>
   <div class='ocr_carea' id='block_1_71' title="bbox 386 3911 1983 3990">
    <p class='ocr_par' dir='ltr' id='par_1_71' title="bbox 386 3911 1983 3990">
     <span class='ocr_line' id='line_1_71' title="bbox 386 3911 1983 3990; baseline 0.007 -27"><span class='ocrx_word' id='word_1_531' title='bbox 386 3911 481 3964; x_wconf 75' lang='grc' dir='ltr'>καὶ</span> <span class='ocrx_word' id='word_1_532' title='bbox 529 3911 588 3964; x_wconf 88' lang='grc' dir='ltr'><strong>τὸ</strong></span> <span class='ocrx_word' id='word_1_533' title='bbox 644 3911 849 3982; x_wconf 77' lang='grc' dir='ltr'>ἀγαθὸν</span> <span class='ocrx_word' id='word_1_534' title='bbox 879 3912 1110 3981; x_wconf 84' lang='grc' dir='ltr'>δίκαιον,</span> <span class='ocrx_word' id='word_1_535' title='bbox 1142 3917 1239 3971; x_wconf 77' lang='grc' dir='ltr'><strong>καὶ</strong></span> <span class='ocrx_word' id='word_1_536' title='bbox 1270 3916 1332 3970; x_wconf 84' lang='grc' dir='ltr'>τὸ</span> <span class='ocrx_word' id='word_1_537' title='bbox 1362 3919 1599 3990; x_wconf 86' lang='grc' dir='ltr'>πονηρὸν</span> <span class='ocrx_word' id='word_1_538' title='bbox 1645 3919 1851 3989; x_wconf 79' lang='grc' dir='ltr'>ἄδικον,</span> <span class='ocrx_word' id='word_1_539' title='bbox 1890 3921 1983 3974; x_wconf 79' lang='grc' dir='ltr'><strong>καὶ</strong></span> 
     </span>
    </p>
   </div>
   <div class='ocr_carea' id='block_1_72' title="bbox 384 4003 949 4079">
    <p class='ocr_par' dir='ltr' id='par_1_72' title="bbox 384 4003 949 4079">
     <span class='ocr_line' id='line_1_72' title="bbox 384 4003 949 4079; baseline 0.007 -22"><span class='ocrx_word' id='word_1_540' title='bbox 384 4003 445 4057; x_wconf 90' lang='grc' dir='ltr'><strong>τὸ</strong></span> <span class='ocrx_word' id='word_1_541' title='bbox 476 4004 658 4058; x_wconf 79' lang='grc' dir='ltr'>ἄδικον</span> <span class='ocrx_word' id='word_1_542' title='bbox 690 4006 949 4079; x_wconf 86' lang='grc' dir='ltr'>πονηρόν.</span> 
     </span>
    </p>
   </div>
   <div class='ocr_carea' id='block_1_73' title="bbox 456 4096 1984 4175">
    <p class='ocr_par' dir='ltr' id='par_1_73' title="bbox 456 4096 1984 4175">
     <span class='ocr_line' id='line_1_73' title="bbox 456 4096 1984 4175; baseline 0.007 -26"><span class='ocrx_word' id='word_1_543' title='bbox 456 4096 568 4166; x_wconf 79' lang='grc' dir='ltr'><strong>Τὴν</strong></span> <span class='ocrx_word' id='word_1_544' title='bbox 619 4097 677 4150; x_wconf 81' lang='grc' dir='ltr'>δὲ</span> <span class='ocrx_word' id='word_1_545' title='bbox 733 4098 1035 4171; x_wconf 76' lang='grc' dir='ltr'>ἐπιπλοκὴν</span> <span class='ocrx_word' id='word_1_546' title='bbox 1056 4100 1123 4171; x_wconf 75' lang='grc' dir='ltr'>ἣν</span> <span class='ocrx_word' id='word_1_547' title='bbox 1159 4100 1299 4172; x_wconf 82' lang='grc' dir='ltr'>έφης</span> <span class='ocrx_word' id='word_1_548' title='bbox 1327 4101 1423 4155; x_wconf 90' lang='grc' dir='ltr'><strong>τοῦ</strong></span> <span class='ocrx_word' id='word_1_549' title='bbox 1450 4102 1637 4175; x_wconf 91' lang='grc' dir='ltr'>νόμου,</span> <span class='ocrx_word' id='word_1_550' title='bbox 1667 4105 1726 4158; x_wconf 84' lang='grc' dir='ltr'><strong>οὐ</strong></span> <span class='ocrx_word' id='word_1_551' title='bbox 1757 4104 1984 4159; x_wconf 87' lang='grc' dir='ltr'>δύνασαι</span> 
     </span>
    </p>
   </div>
   <div class='ocr_carea' id='block_1_74' title="bbox 384 4189 1985 4268">
    <p class='ocr_par' dir='ltr' id='par_1_74' title="bbox 384 4189 1985 4268">
     <span class='ocr_line' id='line_1_74' title="bbox 384 4189 1985 4268; baseline 0.005 -25"><span class='ocrx_word' id='word_1_552' title='bbox 384 4189 686 4255; x_wconf 83' lang='grc' dir='ltr'>ἀποδεῖξαι.</span> <span class='ocrx_word' id='word_1_553' title='bbox 749 4191 953 4255; x_wconf 85' lang='grc' dir='ltr'>Ἐἀλως</span> <span class='ocrx_word' id='word_1_554' title='bbox 991 4193 1103 4265; x_wconf 80' lang='grc' dir='ltr'>γὰρ</span> <span class='ocrx_word' id='word_1_555' title='bbox 1132 4196 1484 4264; x_wconf 84' lang='grc' dir='ltr'>συκοφαντῶν</span> <span class='ocrx_word' id='word_1_556' title='bbox 1512 4197 1603 4250; x_wconf 86' lang='grc' dir='ltr'><strong>τὸν</strong></span> <span class='ocrx_word' id='word_1_557' title='bbox 1638 4197 1826 4268; x_wconf 86' lang='grc' dir='ltr'>νόμον,</span> <span class='ocrx_word' id='word_1_558' title='bbox 1862 4200 1985 4251; x_wconf 77' lang='grc' dir='ltr'>ἐπι-</span> 
     </span>
    </p>
   </div>
   <div class='ocr_carea' id='block_1_75' title="bbox 384 4281 1986 4358">
    <p class='ocr_par' dir='ltr' id='par_1_75' title="bbox 384 4281 1986 4358">
     <span class='ocr_line' id='line_1_75' title="bbox 384 4281 1986 4358; baseline 0.007 -26"><span class='ocrx_word' id='word_1_559' title='bbox 384 4281 593 4351; x_wconf 85' lang='grc' dir='ltr'>πλοκήν</span> <span class='ocrx_word' id='word_1_560' title='bbox 624 4299 748 4335; x_wconf 90' lang='grc' dir='ltr'>τινα</span> <span class='ocrx_word' id='word_1_561' title='bbox 797 4282 948 4353; x_wconf 82' lang='grc' dir='ltr'>αύτῷ</span> <span class='ocrx_word' id='word_1_562' title='bbox 990 4284 1340 4355; x_wconf 84' lang='grc' dir='ltr'>προσάπτων,</span> <span class='ocrx_word' id='word_1_563' title='bbox 1376 4285 1466 4339; x_wconf 78' lang='grc' dir='ltr'><strong>δίά</strong></span> <span class='ocrx_word' id='word_1_564' title='bbox 1494 4287 1556 4339; x_wconf 85' lang='grc' dir='ltr'>τὸ</span> <span class='ocrx_word' id='word_1_565' title='bbox 1589 4289 1864 4358; x_wconf 80' lang='grc' dir='ltr'>εἰρηκέναι</span> <span class='ocrx_word' id='word_1_566' title='bbox 1893 4289 1986 4343; x_wconf 87' lang='grc' dir='ltr'><strong>τὸν</strong></span> 
     </span>
    </p>
   </div>
   <div class='ocr_carea' id='block_1_76' title="bbox 384 4370 1987 4446">
    <p class='ocr_par' dir='ltr' id='par_1_76' title="bbox 384 4370 1987 4446">
     <span class='ocr_line' id='line_1_76' title="bbox 384 4370 1987 4446; baseline 0.004 -22"><span class='ocrx_word' id='word_1_567' title='bbox 384 4370 583 4441; x_wconf 80' lang='grc' dir='ltr'><strong>νόμον⁸</strong></span> <span class='ocrx_word' id='word_1_568' title='bbox 636 4371 973 4443; x_wconf 73' lang='grc' dir='ltr'>Ὀφθαλμὸν</span> <span class='ocrx_word' id='word_1_569' title='bbox 1026 4374 1161 4429; x_wconf 78' lang='grc' dir='ltr'>ἀντὶ</span> <span class='ocrx_word' id='word_1_570' title='bbox 1214 4376 1563 4446; x_wconf 72' lang='grc' dir='ltr'>ὀφθαλμοῦ,</span> <span class='ocrx_word' id='word_1_571' title='bbox 1623 4378 1716 4435; x_wconf 71' lang='grc' dir='ltr'><strong>καὶ</strong></span> <span class='ocrx_word' id='word_1_572' title='bbox 1770 4378 1987 4433; x_wconf 79' lang='grc' dir='ltr'>ὀδόντα</span> 
     </span>
    </p>
   </div>
   <div class='ocr_carea' id='block_1_77' title="bbox 382 4462 1986 4540">
    <p class='ocr_par' dir='ltr' id='par_1_77' title="bbox 382 4462 1986 4540">
     <span class='ocr_line' id='line_1_77' title="bbox 382 4462 1986 4540; baseline 0.003 -22"><span class='ocrx_word' id='word_1_573' title='bbox 382 4463 518 4518; x_wconf 76' lang='grc' dir='ltr'>ἀντὶ</span> <span class='ocrx_word' id='word_1_574' title='bbox 544 4462 792 4532; x_wconf 81' lang='grc' dir='ltr'>ὀδόντος</span> <span class='ocrx_word' id='word_1_575' title='bbox 812 4482 828 4495; x_wconf 88' lang='grc'><strong>·</strong></span> <span class='ocrx_word' id='word_1_576' title='bbox 885 4467 983 4520; x_wconf 75' lang='grc' dir='ltr'>καὶ</span> <span class='ocrx_word' id='word_1_577' title='bbox 1046 4468 1236 4539; x_wconf 79' lang='grc' dir='ltr'>ἐπειδὴ</span> <span class='ocrx_word' id='word_1_578' title='bbox 1276 4468 1492 4536; x_wconf 84' lang='grc' dir='ltr'>φονεύει</span> <span class='ocrx_word' id='word_1_579' title='bbox 1521 4472 1549 4523; x_wconf 94' lang='lat'><strong>6</strong></span> <span class='ocrx_word' id='word_1_580' title='bbox 1580 4470 1743 4540; x_wconf 88' lang='grc' dir='ltr'>νόμος</span> <span class='ocrx_word' id='word_1_581' title='bbox 1772 4471 1862 4524; x_wconf 80' lang='grc' dir='ltr'><strong>τὸν</strong></span> <span class='ocrx_word' id='word_1_582' title='bbox 1888 4488 1986 4539; x_wconf 86' lang='grc' dir='ltr'>φο-</span> 
     </span>
    </p>
   </div>
   <div class='ocr_carea' id='block_1_78' title="bbox 2074 3448 3688 3519">
    <p class='ocr_par' dir='ltr' id='par_1_78' title="bbox 2074 3448 3688 3519">
     <span class='ocr_line' id='line_1_78' title="bbox 2074 3448 3688 3519; baseline -0.001 -16"><span class='ocrx_word' id='word_1_583' title='bbox 2074 3448 2323 3519; x_wconf 86' lang='lat' dir='ltr'><strong>justiquc</strong></span> <span class='ocrx_word' id='word_1_584' title='bbox 2355 3449 2460 3503; x_wconf 90' lang='lat' dir='ltr'><strong>nisi</strong></span> <span class='ocrx_word' id='word_1_585' title='bbox 2489 3464 2517 3502; x_wconf 85' lang='lat' dir='ltr'><strong>a</strong></span> <span class='ocrx_word' id='word_1_586' title='bbox 2551 3448 2790 3503; x_wconf 84' lang='lat' dir='ltr'><strong>Parente</strong></span> <span class='ocrx_word' id='word_1_587' title='bbox 2825 3448 3089 3503; x_wconf 90' lang='lat' dir='ltr'><strong>bonitatis</strong></span> <span class='ocrx_word' id='word_1_588' title='bbox 3116 3450 3486 3504; x_wconf 76' lang='lat' dir='ltr'><strong>exstiterunt?</strong></span> <span class='ocrx_word' id='word_1_589' title='bbox 3510 3449 3688 3519; x_wconf 87' lang='lat' dir='ltr'><strong>Atque</strong></span> 
     </span>
    </p>
   </div>
   <div class='ocr_carea' id='block_1_79' title="bbox 2082 3540 3679 3612">
    <p class='ocr_par' dir='ltr' id='par_1_79' title="bbox 2082 3540 3679 3612">
     <span class='ocr_line' id='line_1_79' title="bbox 2082 3540 3679 3612; baseline 0 -16"><span class='ocrx_word' id='word_1_590' title='bbox 2082 3548 2143 3596; x_wconf 93' lang='lat' dir='ltr'><strong>ut</strong></span> <span class='ocrx_word' id='word_1_591' title='bbox 2173 3541 2511 3611; x_wconf 87' lang='lat' dir='ltr'><strong>intelligeres</strong></span> <span class='ocrx_word' id='word_1_592' title='bbox 2557 3540 2772 3611; x_wconf 88' lang='lat' dir='ltr'><strong>justum</strong></span> <span class='ocrx_word' id='word_1_593' title='bbox 2820 3541 2875 3596; x_wconf 93' lang='lat' dir='ltr'><strong>in</strong></span> <span class='ocrx_word' id='word_1_594' title='bbox 2929 3541 3195 3596; x_wconf 87' lang='lat' dir='ltr'><strong>bonitatis</strong></span> <span class='ocrx_word' id='word_1_595' title='bbox 3224 3552 3380 3612; x_wconf 91' lang='lat' dir='ltr'><strong>parte</strong></span> <span class='ocrx_word' id='word_1_596' title='bbox 3418 3542 3630 3597; x_wconf 82' lang='lat' dir='ltr'><strong>versari</strong></span> <span class='ocrx_word' id='word_1_597' title='bbox 3666 3562 3679 3596; x_wconf 95' lang='lat'>:</span> 
     </span>
    </p>
   </div>
   <div class='ocr_carea' id='block_1_80' title="bbox 2082 3631 3686 3706">
    <p class='ocr_par' dir='ltr' id='par_1_80' title="bbox 2082 3631 3686 3706">
     <span class='ocr_line' id='line_1_80' title="bbox 2082 3631 3686 3706; baseline 0.001 -19"><span class='ocrx_word' id='word_1_598' title='bbox 2082 3631 2319 3696; x_wconf 75' lang='lat' dir='ltr'><strong>Similes,</strong></span> <span class='ocrx_word' id='word_1_599' title='bbox 2346 3633 2443 3693; x_wconf 83' lang='lat' dir='ltr'><strong>ait,</strong></span> <span class='ocrx_word' id='word_1_600' title='bbox 2474 3641 2639 3687; x_wconf 84' lang='lat' dir='ltr'><strong>estote</strong></span> <span class='ocrx_word' id='word_1_601' title='bbox 2677 3632 2835 3687; x_wconf 82' lang='lat' dir='ltr'><strong>Patri</strong></span> <span class='ocrx_word' id='word_1_602' title='bbox 2876 3645 3049 3688; x_wconf 83' lang='lat' dir='ltr'><strong>vestro</strong></span> <span class='ocrx_word' id='word_1_603' title='bbox 3081 3635 3173 3704; x_wconf 92' lang='lat' dir='ltr'><strong>qui</strong></span> <span class='ocrx_word' id='word_1_604' title='bbox 3202 3634 3257 3688; x_wconf 78' lang='lat' dir='ltr'><strong>in</strong></span> <span class='ocrx_word' id='word_1_605' title='bbox 3287 3634 3430 3689; x_wconf 77' lang='lat' dir='ltr'><strong>ccelis</strong></span> <span class='ocrx_word' id='word_1_606' title='bbox 3453 3645 3561 3698; x_wconf 87' lang='lat' dir='ltr'><strong>est,</strong></span> <span class='ocrx_word' id='word_1_607' title='bbox 3594 3636 3686 3706; x_wconf 61' lang='lat' dir='ltr'><strong>qui</strong></span> 
     </span>
    </p>
   </div>
   <div class='ocr_carea' id='block_1_81' title="bbox 2082 3725 3689 3796">
    <p class='ocr_par' dir='ltr' id='par_1_81' title="bbox 2082 3725 3689 3796">
     <span class='ocr_line' id='line_1_81' title="bbox 2082 3725 3689 3796; baseline 0 -16"><span class='ocrx_word' id='word_1_608' title='bbox 2082 3726 2215 3780; x_wconf 89' lang='lat' dir='ltr'><strong>oriri</strong></span> <span class='ocrx_word' id='word_1_609' title='bbox 2241 3725 2375 3794; x_wconf 81' lang='lat' dir='ltr'><strong>facit</strong></span> <span class='ocrx_word' id='word_1_610' title='bbox 2400 3725 2565 3780; x_wconf 83' lang='lat' dir='ltr'><strong>solem</strong></span> <span class='ocrx_word' id='word_1_611' title='bbox 2589 3742 2743 3779; x_wconf 87' lang='lat' dir='ltr'><strong>suum</strong></span> <span class='ocrx_word' id='word_1_612' title='bbox 2779 3742 2936 3795; x_wconf 87' lang='lat' dir='ltr'><strong>super</strong></span> <span class='ocrx_word' id='word_1_613' title='bbox 2961 3727 3123 3781; x_wconf 85' lang='lat' dir='ltr'><strong>bonos</strong></span> <span class='ocrx_word' id='word_1_614' title='bbox 3155 3737 3205 3781; x_wconf 88' lang='lat' dir='ltr'><strong>et</strong></span> <span class='ocrx_word' id='word_1_615' title='bbox 3238 3727 3408 3781; x_wconf 87' lang='lat' dir='ltr'><strong>malos</strong></span> <span class='ocrx_word' id='word_1_616' title='bbox 3430 3768 3446 3791; x_wconf 96' lang='lat'><strong>,</strong></span> <span class='ocrx_word' id='word_1_617' title='bbox 3473 3736 3525 3782; x_wconf 83' lang='lat' dir='ltr'><strong>et</strong></span> <span class='ocrx_word' id='word_1_618' title='bbox 3553 3726 3689 3796; x_wconf 82' lang='lat' dir='ltr'><strong>pluit</strong></span> 
     </span>
    </p>
   </div>
   <div class='ocr_carea' id='block_1_82' title="bbox 2082 3818 3689 3889">
    <p class='ocr_par' dir='ltr' id='par_1_82' title="bbox 2082 3818 3689 3889">
     <span class='ocr_line' id='line_1_82' title="bbox 2082 3818 3689 3889; baseline 0.001 -16"><span class='ocrx_word' id='word_1_619' title='bbox 2082 3836 2241 3888; x_wconf 84' lang='lat' dir='ltr'><strong>super</strong></span> <span class='ocrx_word' id='word_1_620' title='bbox 2283 3819 2462 3888; x_wconf 86' lang='lat' dir='ltr'><strong>justas</strong></span> <span class='ocrx_word' id='word_1_621' title='bbox 2488 3827 2538 3873; x_wconf 88' lang='lat' dir='ltr'><strong>et</strong></span> <span class='ocrx_word' id='word_1_622' title='bbox 2580 3818 2810 3887; x_wconf 81' lang='lat' dir='ltr'><strong>injustas</strong></span> <span class='ocrx_word' id='word_1_623' title='bbox 2839 3820 2860 3850; x_wconf 83' lang='lat'><strong>’</strong></span> <span class='ocrx_word' id='word_1_624' title='bbox 2886 3838 2900 3873; x_wconf 91' lang='lat'><strong>:</strong></span> <span class='ocrx_word' id='word_1_625' title='bbox 2931 3828 2989 3873; x_wconf 92' lang='lat' dir='ltr'><strong>ut</strong></span> <span class='ocrx_word' id='word_1_626' title='bbox 3039 3828 3094 3875; x_wconf 91' lang='lat' dir='ltr'><strong>et</strong></span> <span class='ocrx_word' id='word_1_627' title='bbox 3131 3820 3383 3889; x_wconf 91' lang='lat' dir='ltr'><strong>justum,</strong></span> <span class='ocrx_word' id='word_1_628' title='bbox 3432 3834 3558 3874; x_wconf 88' lang='lat' dir='ltr'><strong>esse</strong></span> <span class='ocrx_word' id='word_1_629' title='bbox 3588 3820 3689 3874; x_wconf 85' lang='lat' dir='ltr'><strong>bo-</strong></span> 
     </span>
    </p>
   </div>
   <div class='ocr_carea' id='block_1_83' title="bbox 2083 3908 3689 3980">
    <p class='ocr_par' dir='ltr' id='par_1_83' title="bbox 2083 3908 3689 3980">
     <span class='ocr_line' id='line_1_83' title="bbox 2083 3908 3689 3980; baseline 0 -16"><span class='ocrx_word' id='word_1_630' title='bbox 2083 3926 2247 3975; x_wconf 92' lang='lat' dir='ltr'><strong>num,</strong></span> <span class='ocrx_word' id='word_1_631' title='bbox 2287 3919 2342 3964; x_wconf 90' lang='lat' dir='ltr'><strong>et</strong></span> <span class='ocrx_word' id='word_1_632' title='bbox 2362 3910 2567 3965; x_wconf 90' lang='lat' dir='ltr'><strong>bonum</strong></span> <span class='ocrx_word' id='word_1_633' title='bbox 2596 3910 2847 3980; x_wconf 91' lang='lat' dir='ltr'><strong>justum,</strong></span> <span class='ocrx_word' id='word_1_634' title='bbox 2873 3920 2928 3965; x_wconf 89' lang='lat' dir='ltr'><strong>et</strong></span> <span class='ocrx_word' id='word_1_635' title='bbox 2961 3911 3272 3979; x_wconf 87' lang='lat' dir='ltr'><strong>improbum</strong></span> <span class='ocrx_word' id='word_1_636' title='bbox 3307 3908 3599 3978; x_wconf 88' lang='lat' dir='ltr'><strong>injustum,</strong></span> <span class='ocrx_word' id='word_1_637' title='bbox 3633 3920 3689 3964; x_wconf 88' lang='lat' dir='ltr'><strong>et</strong></span> 
     </span>
    </p>
   </div>
   <div class='ocr_carea' id='block_1_84' title="bbox 2084 4002 3228 4073">
    <p class='ocr_par' dir='ltr' id='par_1_84' title="bbox 2084 4002 3228 4073">
     <span class='ocr_line' id='line_1_84' title="bbox 2084 4002 3228 4073; baseline -0.002 -16"><span class='ocrx_word' id='word_1_638' title='bbox 2084 4002 2353 4072; x_wconf 82' lang='lat' dir='ltr'><strong>iujustum</strong></span> <span class='ocrx_word' id='word_1_639' title='bbox 2385 4003 2693 4073; x_wconf 90' lang='lat' dir='ltr'><strong>improbum</strong></span> <span class='ocrx_word' id='word_1_640' title='bbox 2721 4018 2844 4057; x_wconf 87' lang='lat' dir='ltr'><strong>esse</strong></span> <span class='ocrx_word' id='word_1_641' title='bbox 2870 4009 3228 4057; x_wconf 84' lang='lat' dir='ltr'><strong>monstraret.</strong></span> 
     </span>
    </p>
   </div>
   <div class='ocr_carea' id='block_1_85' title="bbox 2154 4090 3689 4163">
    <p class='ocr_par' dir='ltr' id='par_1_85' title="bbox 2154 4090 3689 4163">
     <span class='ocr_line' id='line_1_85' title="bbox 2154 4090 3689 4163; baseline 0.002 -19"><span class='ocrx_word' id='word_1_642' title='bbox 2154 4090 2295 4145; x_wconf 84' lang='lat' dir='ltr'><strong>Nam</strong></span> <span class='ocrx_word' id='word_1_643' title='bbox 2337 4093 2484 4162; x_wconf 90' lang='lat' dir='ltr'><strong>quod</strong></span> <span class='ocrx_word' id='word_1_644' title='bbox 2527 4092 2865 4163; x_wconf 89' lang='lat' dir='ltr'><strong>implicatam</strong></span> <span class='ocrx_word' id='word_1_645' title='bbox 2905 4100 2959 4145; x_wconf 90' lang='lat' dir='ltr'><strong>et</strong></span> <span class='ocrx_word' id='word_1_646' title='bbox 2985 4092 3301 4160; x_wconf 80' lang='lat' dir='ltr'><strong>perplexam</strong></span> <span class='ocrx_word' id='word_1_647' title='bbox 3347 4090 3520 4161; x_wconf 81' lang='lat' dir='ltr'><strong>legem</strong></span> <span class='ocrx_word' id='word_1_648' title='bbox 3564 4106 3689 4147; x_wconf 80' lang='lat' dir='ltr'><strong>esse</strong></span> 
     </span>
    </p>
   </div>
   <div class='ocr_carea' id='block_1_86' title="bbox 2086 4184 3689 4254">
    <p class='ocr_par' dir='ltr' id='par_1_86' title="bbox 2086 4184 3689 4254">
     <span class='ocr_line' id='line_1_86' title="bbox 2086 4184 3689 4254; baseline -0.001 -15"><span class='ocrx_word' id='word_1_649' title='bbox 2086 4184 2407 4247; x_wconf 89' lang='lat' dir='ltr'><strong>contendis,</strong></span> <span class='ocrx_word' id='word_1_650' title='bbox 2440 4184 2496 4239; x_wconf 89' lang='lat' dir='ltr'><strong>id</strong></span> <span class='ocrx_word' id='word_1_651' title='bbox 2535 4184 2762 4239; x_wconf 89' lang='lat' dir='ltr'><strong>omnino</strong></span> <span class='ocrx_word' id='word_1_652' title='bbox 2812 4184 3196 4238; x_wconf 86' lang='lat' dir='ltr'><strong>demonstrare</strong></span> <span class='ocrx_word' id='word_1_653' title='bbox 3234 4198 3345 4237; x_wconf 91' lang='lat' dir='ltr'><strong>non</strong></span> <span class='ocrx_word' id='word_1_654' title='bbox 3392 4192 3546 4254; x_wconf 80' lang='lat' dir='ltr'><strong>potes</strong></span> <span class='ocrx_word' id='word_1_655' title='bbox 3580 4202 3594 4237; x_wconf 82' lang='lat'><strong>:</strong></span> <span class='ocrx_word' id='word_1_656' title='bbox 3624 4199 3689 4238; x_wconf 88' lang='lat' dir='ltr'><strong>ac</strong></span> 
     </span>
    </p>
   </div>
   <div class='ocr_carea' id='block_1_87' title="bbox 2088 4276 3687 4345">
    <p class='ocr_par' dir='ltr' id='par_1_87' title="bbox 2088 4276 3687 4345">
     <span class='ocr_line' id='line_1_87' title="bbox 2088 4276 3687 4345; baseline -0.001 -15"><span class='ocrx_word' id='word_1_657' title='bbox 2088 4290 2185 4345; x_wconf 89' lang='lat' dir='ltr'><strong>per</strong></span> <span class='ocrx_word' id='word_1_658' title='bbox 2241 4290 2510 4331; x_wconf 89' lang='lat' dir='ltr'><strong>summam</strong></span> <span class='ocrx_word' id='word_1_659' title='bbox 2554 4284 2614 4329; x_wconf 93' lang='lat' dir='ltr'><strong>ut</strong></span> <span class='ocrx_word' id='word_1_660' title='bbox 2674 4284 2959 4345; x_wconf 78' lang='lat' dir='ltr'><strong>appareret</strong></span> <span class='ocrx_word' id='word_1_661' title='bbox 3002 4276 3337 4330; x_wconf 86' lang='lat' dir='ltr'><strong>calumniam</strong></span> <span class='ocrx_word' id='word_1_662' title='bbox 3423 4276 3565 4330; x_wconf 89' lang='lat' dir='ltr'><strong>hanc</strong></span> <span class='ocrx_word' id='word_1_663' title='bbox 3635 4276 3687 4332; x_wconf 90' lang='lat' dir='ltr'><strong>ei</strong></span> 
     </span>
    </p>
   </div>
   <div class='ocr_carea' id='block_1_88' title="bbox 2088 4367 3683 4441">
    <p class='ocr_par' dir='ltr' id='par_1_88' title="bbox 2088 4367 3683 4441">
     <span class='ocr_line' id='line_1_88' title="bbox 2088 4367 3683 4441; baseline 0.003 -21"><span class='ocrx_word' id='word_1_664' title='bbox 2088 4367 2265 4423; x_wconf 90' lang='lat' dir='ltr'><strong>labem</strong></span> <span class='ocrx_word' id='word_1_665' title='bbox 2324 4369 2573 4439; x_wconf 85' lang='lat' dir='ltr'><strong>aspergis</strong></span> <span class='ocrx_word' id='word_1_666' title='bbox 2625 4384 2692 4423; x_wconf 83' lang='lat' dir='ltr'><strong>ex</strong></span> <span class='ocrx_word' id='word_1_667' title='bbox 2756 4384 2822 4425; x_wconf 91' lang='lat' dir='ltr'><strong>eo</strong></span> <span class='ocrx_word' id='word_1_668' title='bbox 2864 4371 3010 4439; x_wconf 88' lang='lat' dir='ltr'><strong>quod</strong></span> <span class='ocrx_word' id='word_1_669' title='bbox 3080 4371 3154 4423; x_wconf 88' lang='lat' dir='ltr'><strong>ita</strong></span> <span class='ocrx_word' id='word_1_670' title='bbox 3208 4371 3295 4425; x_wconf 77' lang='lat' dir='ltr'><strong>lex</strong></span> <span class='ocrx_word' id='word_1_671' title='bbox 3353 4371 3683 4441; x_wconf 63' lang='lat' dir='ltr'><strong>praecipiat:</strong></span> 
     </span>
    </p>
   </div>
   <div class='ocr_carea' id='block_1_89' title="bbox 2090 4459 3689 4531">
    <p class='ocr_par' dir='ltr' id='par_1_89' title="bbox 2090 4459 3689 4531">
     <span class='ocr_line' id='line_1_89' title="bbox 2090 4459 3689 4531; baseline 0.003 -16"><span class='ocrx_word' id='word_1_672' title='bbox 2090 4459 2319 4515; x_wconf 85' lang='lat' dir='ltr'><strong>Oculum</strong></span> <span class='ocrx_word' id='word_1_673' title='bbox 2348 4476 2444 4529; x_wconf 83' lang='lat' dir='ltr'><strong>pro</strong></span> <span class='ocrx_word' id='word_1_674' title='bbox 2467 4460 2643 4524; x_wconf 80' lang='lat' dir='ltr'><strong>oculo,</strong></span> <span class='ocrx_word' id='word_1_675' title='bbox 2670 4461 2877 4515; x_wconf 86' lang='lat' dir='ltr'><strong>dentem</strong></span> <span class='ocrx_word' id='word_1_676' title='bbox 2907 4478 3004 4530; x_wconf 86' lang='lat' dir='ltr'><strong>pro</strong></span> <span class='ocrx_word' id='word_1_677' title='bbox 3039 4464 3193 4517; x_wconf 86' lang='lat' dir='ltr'><strong>dente</strong></span> <span class='ocrx_word' id='word_1_678' title='bbox 3225 4463 3283 4531; x_wconf 83' lang='grc'><strong>³;</strong></span> <span class='ocrx_word' id='word_1_679' title='bbox 3319 4463 3486 4518; x_wconf 89' lang='lat' dir='ltr'><strong>simul</strong></span> <span class='ocrx_word' id='word_1_680' title='bbox 3519 4465 3689 4519; x_wconf 77' lang='lat' dir='ltr'><strong>etiam</strong></span> 
     </span>
    </p>
   </div>
   <div class='ocr_carea' id='block_1_90' title="bbox 382 4556 1981 4651">
    <p class='ocr_par' dir='ltr' id='par_1_90' title="bbox 382 4556 1981 4636">
     <span class='ocr_line' id='line_1_90' title="bbox 382 4556 1981 4636; baseline 0.007 -30"><span class='ocrx_word' id='word_1_681' title='bbox 382 4556 597 4626; x_wconf 86' lang='grc' dir='ltr'>νευτήν.</span> <span class='ocrx_word' id='word_1_682' title='bbox 642 4556 804 4611; x_wconf 79' lang='grc' dir='ltr'>Ἀλλά</span> <span class='ocrx_word' id='word_1_683' title='bbox 831 4556 890 4625; x_wconf 81' lang='grc' dir='ltr'><strong>ἐξ</strong></span> <span class='ocrx_word' id='word_1_684' title='bbox 918 4558 1091 4629; x_wconf 84' lang='grc' dir='ltr'>αὐτῆς</span> <span class='ocrx_word' id='word_1_685' title='bbox 1120 4560 1219 4631; x_wconf 82' lang='grc' dir='ltr'>τῆς</span> <span class='ocrx_word' id='word_1_686' title='bbox 1250 4560 1346 4614; x_wconf 89' lang='grc' dir='ltr'><strong>τοῦ</strong></span> <span class='ocrx_word' id='word_1_687' title='bbox 1372 4562 1579 4633; x_wconf 83' lang='grc' dir='ltr'>Κυρίου</span> <span class='ocrx_word' id='word_1_688' title='bbox 1610 4563 1767 4634; x_wconf 82' lang='grc' dir='ltr'>ἡμῶν</span> <span class='ocrx_word' id='word_1_689' title='bbox 1808 4564 1981 4636; x_wconf 86' lang='grc' dir='ltr'>Ἰησοῦ</span> 
     </span>
    </p>
   </div>
   <div class='ocr_carea' id='block_1_91' title="bbox 2088 4556 3689 4651">
    <p class='ocr_par' dir='ltr' id='par_1_91' title="bbox 2088 4556 3689 4628">
     <span class='ocr_line' id='line_1_91' title="bbox 2088 4556 3689 4628; baseline 0.001 -18"><span class='ocrx_word' id='word_1_690' title='bbox 2088 4557 2235 4627; x_wconf 90' lang='lat' dir='ltr'><strong>quod</strong></span> <span class='ocrx_word' id='word_1_691' title='bbox 2272 4557 2599 4626; x_wconf 83' lang='lat' dir='ltr'><strong>parricidam</strong></span> <span class='ocrx_word' id='word_1_692' title='bbox 2619 4558 2777 4627; x_wconf 85' lang='lat' dir='ltr'><strong>jubet</strong></span> <span class='ocrx_word' id='word_1_693' title='bbox 2808 4556 3063 4612; x_wconf 81' lang='lat' dir='ltr'><strong>interﬁci.</strong></span> <span class='ocrx_word' id='word_1_694' title='bbox 3114 4556 3319 4612; x_wconf 82' lang='lat' dir='ltr'><strong>Verum</strong></span> <span class='ocrx_word' id='word_1_695' title='bbox 3358 4574 3481 4628; x_wconf 66' lang='lat' dir='ltr'><strong>quae</strong></span> <span class='ocrx_word' id='word_1_696' title='bbox 3514 4572 3543 4609; x_wconf 92' lang='lat' dir='ltr'><strong>a</strong></span> <span class='ocrx_word' id='word_1_697' title='bbox 3582 4556 3689 4611; x_wconf 84' lang='lat' dir='ltr'><strong>Do-</strong></span> 
     </span>
    </p>
   </div>
   <div class='ocr_carea' id='block_1_92' title="bbox 383 4648 1975 4727">
    <p class='ocr_par' dir='ltr' id='par_1_92' title="bbox 383 4648 1975 4727">
     <span class='ocr_line' id='line_1_92' title="bbox 383 4648 1975 4727; baseline 0.004 -24"><span class='ocrx_word' id='word_1_698' title='bbox 383 4648 623 4719; x_wconf 86' lang='grc' dir='ltr'>Χριστοῦ</span> <span class='ocrx_word' id='word_1_699' title='bbox 650 4650 1033 4721; x_wconf 83' lang='grc' dir='ltr'>πραγματείας</span> <span class='ocrx_word' id='word_1_700' title='bbox 1063 4651 1431 4723; x_wconf 85' lang='grc' dir='ltr'>δειχθήσεται,</span> <span class='ocrx_word' id='word_1_701' title='bbox 1458 4654 1540 4707; x_wconf 83' lang='grc' dir='ltr'><strong>ὅτι</strong></span> <span class='ocrx_word' id='word_1_702' title='bbox 1571 4655 1671 4707; x_wconf 80' lang='grc' dir='ltr'><strong>οὐκ</strong></span> <span class='ocrx_word' id='word_1_703' title='bbox 1706 4655 1975 4727; x_wconf 83' lang='grc' dir='ltr'>ὲπιπλοκή</span> 
     </span>
    </p>
   </div>
   <div class='ocr_carea' id='block_1_93' title="bbox 380 4736 1977 4821">
    <p class='ocr_par' dir='ltr' id='par_1_93' title="bbox 380 4736 1977 4821">
     <span class='ocr_line' id='line_1_93' title="bbox 380 4736 1977 4821; baseline 0.006 -28"><span class='ocrx_word' id='word_1_704' title='bbox 380 4758 467 4805; x_wconf 81' lang='grc' dir='ltr'><strong>τις</strong></span> <span class='ocrx_word' id='word_1_705' title='bbox 494 4736 583 4813; x_wconf 79' lang='grc' dir='ltr'>ἦν,</span> <span class='ocrx_word' id='word_1_706' title='bbox 613 4741 729 4796; x_wconf 88' lang='grc' dir='ltr'>ἀλλ’</span> <span class='ocrx_word' id='word_1_707' title='bbox 761 4745 795 4814; x_wconf 80' lang='grc' dir='ltr'>ἡ</span> <span class='ocrx_word' id='word_1_708' title='bbox 833 4742 972 4815; x_wconf 84' lang='grc' dir='ltr'>αὑτὴ</span> <span class='ocrx_word' id='word_1_709' title='bbox 995 4740 1065 4815; x_wconf 84' lang='grc' dir='ltr'>ἦν</span> <span class='ocrx_word' id='word_1_710' title='bbox 1102 4744 1416 4817; x_wconf 88' lang='grc' dir='ltr'>νομοθεσία,</span> <span class='ocrx_word' id='word_1_711' title='bbox 1451 4747 1547 4801; x_wconf 73' lang='grc' dir='ltr'>καὶ</span> <span class='ocrx_word' id='word_1_712' title='bbox 1582 4747 1645 4801; x_wconf 85' lang='grc' dir='ltr'><strong>τὸ</strong></span> <span class='ocrx_word' id='word_1_713' title='bbox 1669 4748 1801 4801; x_wconf 81' lang='grc' dir='ltr'>αὐτὸ</span> <span class='ocrx_word' id='word_1_714' title='bbox 1826 4750 1977 4821; x_wconf 80' lang='grc' dir='ltr'>ἐνερ-</span> 
     </span>
    </p>
   </div>
   <div class='ocr_carea' id='block_1_94' title="bbox 383 4833 1979 4911">
    <p class='ocr_par' dir='ltr' id='par_1_94' title="bbox 383 4833 1979 4911">
     <span class='ocr_line' id='line_1_94' title="bbox 383 4833 1979 4911; baseline 0.005 -27"><span class='ocrx_word' id='word_1_715' title='bbox 383 4834 473 4901; x_wconf 81' lang='grc' dir='ltr'>γεῖ</span> <span class='ocrx_word' id='word_1_716' title='bbox 496 4836 563 4904; x_wconf 81' lang='grc' dir='ltr'>τῇ</span> <span class='ocrx_word' id='word_1_717' title='bbox 605 4833 710 4886; x_wconf 84' lang='grc' dir='ltr'>ὑπὸ</span> <span class='ocrx_word' id='word_1_718' title='bbox 745 4833 839 4887; x_wconf 89' lang='grc' dir='ltr'><strong>τοῦ</strong></span> <span class='ocrx_word' id='word_1_719' title='bbox 865 4834 1117 4906; x_wconf 83' lang='grc' dir='ltr'>Σωτῆρος</span> <span class='ocrx_word' id='word_1_720' title='bbox 1146 4836 1413 4911; x_wconf 77' lang='grc' dir='ltr'>εἰρημένῃ</span> <span class='ocrx_word' id='word_1_721' title='bbox 1452 4838 1662 4910; x_wconf 80' lang='grc' dir='ltr'>ἐντολῇ,</span> <span class='ocrx_word' id='word_1_722' title='bbox 1712 4839 1795 4903; x_wconf 84' lang='grc' dir='ltr'><strong>τὸ,</strong></span> <span class='ocrx_word' id='word_1_723' title='bbox 1842 4838 1979 4892; x_wconf 84' lang='grc' dir='ltr'><strong>Ἐάν</strong></span> 
     </span>
    </p>
   </div>
   <div class='ocr_carea' id='block_1_95' title="bbox 385 4923 1977 4998">
    <p class='ocr_par' dir='ltr' id='par_1_95' title="bbox 385 4923 1977 4998">
     <span class='ocr_line' id='line_1_95' title="bbox 385 4923 1977 4998; baseline 0.003 -21"><span class='ocrx_word' id='word_1_724' title='bbox 385 4925 477 4991; x_wconf 79' lang='grc' dir='ltr'><strong>τίς</strong></span> <span class='ocrx_word' id='word_1_725' title='bbox 502 4939 578 4979; x_wconf 85' lang='grc' dir='ltr'><strong>σε</strong></span> <span class='ocrx_word' id='word_1_726' title='bbox 604 4923 882 4996; x_wconf 77' lang='grc' dir='ltr'>τυπτήσῃ</span> <span class='ocrx_word' id='word_1_727' title='bbox 915 4928 1004 4992; x_wconf 81' lang='grc' dir='ltr'><strong>είς</strong></span> <span class='ocrx_word' id='word_1_728' title='bbox 1033 4927 1148 4996; x_wconf 83' lang='grc' dir='ltr'>τὴν</span> <span class='ocrx_word' id='word_1_729' title='bbox 1169 4928 1378 4992; x_wconf 80' lang='grc' dir='ltr'>δεξιὰν</span> <span class='ocrx_word' id='word_1_730' title='bbox 1406 4930 1680 4998; x_wconf 74' lang='grc' dir='ltr'>σιαγόνα,</span> <span class='ocrx_word' id='word_1_731' title='bbox 1706 4928 1977 4998; x_wconf 73' lang='grc' dir='ltr'>στρέψον</span> 
     </span>
    </p>
   </div>
   <div class='ocr_carea' id='block_1_96' title="bbox 384 5014 1980 5090">
    <p class='ocr_par' dir='ltr' id='par_1_96' title="bbox 384 5014 1980 5090">
     <span class='ocr_line' id='line_1_96' title="bbox 384 5014 1980 5090; baseline 0.001 -20"><span class='ocrx_word' id='word_1_732' title='bbox 384 5014 548 5083; x_wconf 84' lang='grc' dir='ltr'>αὐτῷ</span> <span class='ocrx_word' id='word_1_733' title='bbox 612 5018 712 5071; x_wconf 77' lang='grc' dir='ltr'>καὶ</span> <span class='ocrx_word' id='word_1_734' title='bbox 757 5016 876 5084; x_wconf 79' lang='grc' dir='ltr'>τὴν</span> <span class='ocrx_word' id='word_1_735' title='bbox 934 5018 1157 5086; x_wconf 73' lang='grc' dir='ltr'>ἄλλην.</span> <span class='ocrx_word' id='word_1_736' title='bbox 1202 5020 1311 5075; x_wconf 78' lang='grc' dir='ltr'><strong>Καὶ</strong></span> <span class='ocrx_word' id='word_1_737' title='bbox 1342 5022 1371 5073; x_wconf 90' lang='lat'><strong>6</strong></span> <span class='ocrx_word' id='word_1_738' title='bbox 1398 5019 1564 5090; x_wconf 81' lang='grc' dir='ltr'>νόμος</span> <span class='ocrx_word' id='word_1_739' title='bbox 1595 5020 1765 5074; x_wconf 89' lang='grc' dir='ltr'>πάλαι</span> <span class='ocrx_word' id='word_1_740' title='bbox 1822 5020 1980 5073; x_wconf 91' lang='grc' dir='ltr'>τοῦτο</span> 
     </span>
    </p>
   </div>
   <div class='ocr_carea' id='block_1_97' title="bbox 385 5109 1978 5183">
    <p class='ocr_par' dir='ltr' id='par_1_97' title="bbox 385 5109 1978 5183">
     <span class='ocr_line' id='line_1_97' title="bbox 385 5109 1978 5183; baseline 0.003 -21"><span class='ocrx_word' id='word_1_741' title='bbox 385 5109 775 5175; x_wconf 77' lang='grc' dir='ltr'>κατεσκεύαζε,</span> <span class='ocrx_word' id='word_1_742' title='bbox 836 5110 1044 5179; x_wconf 86' lang='grc' dir='ltr'>λέγων·</span> <span class='ocrx_word' id='word_1_743' title='bbox 1087 5112 1422 5182; x_wconf 65' lang='grc' dir='ltr'>Ὀφθαλμὸν</span> <span class='ocrx_word' id='word_1_744' title='bbox 1463 5113 1597 5168; x_wconf 77' lang='grc' dir='ltr'>ἀντὶ</span> <span class='ocrx_word' id='word_1_745' title='bbox 1645 5112 1978 5183; x_wconf 68' lang='grc' dir='ltr'>ὀφθαλμοῦ,</span> 
     </span>
    </p>
   </div>
   <div class='ocr_carea' id='block_1_98' title="bbox 384 5186 1978 5277">
    <p class='ocr_par' dir='ltr' id='par_1_98' title="bbox 384 5186 1978 5277">
     <span class='ocr_line' id='line_1_98' title="bbox 384 5186 1978 5277; baseline 0.004 -24"><span class='ocrx_word' id='word_1_746' title='bbox 384 5201 634 5253; x_wconf 84' lang='grc' dir='ltr'>τουτέστι</span> <span class='ocrx_word' id='word_1_747' title='bbox 655 5201 886 5272; x_wconf 75' lang='grc' dir='ltr'>στρέψον</span> <span class='ocrx_word' id='word_1_748' title='bbox 941 5203 1093 5274; x_wconf 83' lang='grc' dir='ltr'>αὐτῷ</span> <span class='ocrx_word' id='word_1_749' title='bbox 1120 5186 1243 5275; x_wconf 37' lang='grc' dir='ltr'>’τὴν</span> <span class='ocrx_word' id='word_1_750' title='bbox 1300 5204 1543 5274; x_wconf 86' lang='grc' dir='ltr'>σιαγόνα.</span> <span class='ocrx_word' id='word_1_751' title='bbox 1579 5206 1696 5259; x_wconf 85' lang='grc' dir='ltr'>’Ίνα</span> <span class='ocrx_word' id='word_1_752' title='bbox 1724 5205 1834 5277; x_wconf 82' lang='grc' dir='ltr'>γὰρ</span> <span class='ocrx_word' id='word_1_753' title='bbox 1861 5206 1978 5259; x_wconf 84' lang='grc' dir='ltr'>δια-</span> 
     </span>
    </p>
   </div>
   <div class='ocr_carea' id='block_1_99' title="bbox 389 5290 1981 5368">
    <p class='ocr_par' dir='ltr' id='par_1_99' title="bbox 389 5290 1981 5368">
     <span class='ocr_line' id='line_1_99' title="bbox 389 5290 1981 5368; baseline 0.004 -23"><span class='ocrx_word' id='word_1_754' title='bbox 389 5290 553 5361; x_wconf 82' lang='grc' dir='ltr'>φύγοι</span> <span class='ocrx_word' id='word_1_755' title='bbox 598 5292 636 5347; x_wconf 79' lang='grc' dir='ltr'><strong>ἀ</strong></span> <span class='ocrx_word' id='word_1_756' title='bbox 692 5293 857 5353; x_wconf 85' lang='grc' dir='ltr'>πάθοι</span> <span class='ocrx_word' id='word_1_757' title='bbox 897 5294 986 5360; x_wconf 85' lang='grc' dir='ltr'><strong>ἂν,</strong></span> <span class='ocrx_word' id='word_1_758' title='bbox 1018 5296 1067 5349; x_wconf 83' lang='grc' dir='ltr'><strong>εί</strong></span> <span class='ocrx_word' id='word_1_759' title='bbox 1098 5295 1312 5367; x_wconf 80' lang='grc' dir='ltr'>πλήξει,</span> <span class='ocrx_word' id='word_1_760' title='bbox 1356 5300 1583 5368; x_wconf 85' lang='grc' dir='ltr'>παρεῖχε</span> <span class='ocrx_word' id='word_1_761' title='bbox 1619 5298 1717 5368; x_wconf 81' lang='grc' dir='ltr'><strong>τὴν</strong></span> <span class='ocrx_word' id='word_1_762' title='bbox 1759 5299 1981 5367; x_wconf 85' lang='grc' dir='ltr'>σιαγόνα</span> 
     </span>
    </p>
   </div>
   <div class='ocr_carea' id='block_1_100' title="bbox 388 5383 1986 5461">
    <p class='ocr_par' dir='ltr' id='par_1_100' title="bbox 388 5383 1986 5461">
     <span class='ocr_line' id='line_1_100' title="bbox 388 5383 1986 5461; baseline 0.004 -24"><span class='ocrx_word' id='word_1_763' title='bbox 388 5383 466 5455; x_wconf 84' lang='grc' dir='ltr'><strong>τῷ</strong></span> <span class='ocrx_word' id='word_1_764' title='bbox 491 5384 766 5449; x_wconf 84' lang='grc' dir='ltr'>τύπτοντι,</span> <span class='ocrx_word' id='word_1_765' title='bbox 802 5385 1095 5453; x_wconf 81' lang='grc' dir='ltr'>είδὼς,δτι,</span> <span class='ocrx_word' id='word_1_766' title='bbox 1126 5390 1175 5443; x_wconf 86' lang='grc' dir='ltr'><strong>εί</strong></span> <span class='ocrx_word' id='word_1_767' title='bbox 1202 5388 1392 5460; x_wconf 83' lang='grc' dir='ltr'>ἀφέλοι</span> <span class='ocrx_word' id='word_1_768' title='bbox 1417 5389 1717 5461; x_wconf 84' lang='grc' dir='ltr'>ὀφθαλμόν,</span> <span class='ocrx_word' id='word_1_769' title='bbox 1751 5390 1820 5444; x_wconf 75' lang='grc' dir='ltr'>τὰ</span> <span class='ocrx_word' id='word_1_770' title='bbox 1846 5390 1986 5444; x_wconf 85' lang='grc' dir='ltr'><strong>αὑτά</strong></span> 
     </span>
    </p>
   </div>
   <div class='ocr_carea' id='block_1_101' title="bbox 392 5466 1678 5551">
    <p class='ocr_par' dir='ltr' id='par_1_101' title="bbox 392 5466 1678 5551">
     <span class='ocr_line' id='line_1_101' title="bbox 392 5466 1678 5551; baseline 0.006 -22"><span class='ocrx_word' id='word_1_771' title='bbox 392 5476 641 5531; x_wconf 82' lang='grc' dir='ltr'>πείσεται</span> <span class='ocrx_word' id='word_1_772' title='bbox 672 5476 764 5531; x_wconf 88' lang='grc' dir='ltr'><strong>διά</strong></span> <span class='ocrx_word' id='word_1_773' title='bbox 789 5478 883 5532; x_wconf 88' lang='grc' dir='ltr'><strong>τόν</strong></span> <span class='ocrx_word' id='word_1_774' title='bbox 910 5478 1095 5551; x_wconf 84' lang='grc' dir='ltr'>νόμον.</span> <span class='ocrx_word' id='word_1_775' title='bbox 1674 5466 1678 5470; x_wconf 44' lang='grc'><em>’</em></span> 
     </span>
    </p>
   </div>
   <div class='ocr_carea' id='block_1_102' title="bbox 458 5655 1982 5735">
    <p class='ocr_par' dir='ltr' id='par_1_102' title="bbox 458 5655 1982 5735">
     <span class='ocr_line' id='line_1_102' title="bbox 458 5655 1982 5735; baseline 0.007 -24"><span class='ocrx_word' id='word_1_776' title='bbox 458 5655 564 5712; x_wconf 77' lang='lat' dir='ltr'><strong>IA&#39;.</strong></span> <span class='ocrx_word' id='word_1_777' title='bbox 610 5658 699 5722; x_wconf 83' lang='grc' dir='ltr'>Ὧς</span> <span class='ocrx_word' id='word_1_778' title='bbox 722 5659 831 5732; x_wconf 81' lang='grc' dir='ltr'>γὰρ</span> <span class='ocrx_word' id='word_1_779' title='bbox 859 5661 888 5715; x_wconf 90' lang='lat'><strong>6</strong></span> <span class='ocrx_word' id='word_1_780' title='bbox 910 5662 1100 5735; x_wconf 77' lang='grc' dir='ltr'>Πατὴρ</span> <span class='ocrx_word' id='word_1_781' title='bbox 1122 5662 1371 5734; x_wconf 80' lang='grc' dir='ltr'>βούλεται</span> <span class='ocrx_word' id='word_1_782' title='bbox 1399 5666 1676 5720; x_wconf 84' lang='grc' dir='ltr'>παιδεύειν</span> <span class='ocrx_word' id='word_1_783' title='bbox 1702 5684 1768 5720; x_wconf 89' lang='grc' dir='ltr'><strong>τα</strong></span> <span class='ocrx_word' id='word_1_784' title='bbox 1794 5666 1982 5730; x_wconf 85' lang='grc' dir='ltr'>τέκνα,</span> 
     </span>
    </p>
   </div>
   <div class='ocr_carea' id='block_1_103' title="bbox 2086 4644 3684 4723">
    <p class='ocr_par' dir='ltr' id='par_1_103' title="bbox 2086 4644 3684 4723">
     <span class='ocr_line' id='line_1_103' title="bbox 2086 4644 3684 4723; baseline 0 -21"><span class='ocrx_word' id='word_1_785' title='bbox 2086 4644 2239 4704; x_wconf 79' lang='lat' dir='ltr'><strong>miiio</strong></span> <span class='ocrx_word' id='word_1_786' title='bbox 2264 4648 2396 4705; x_wconf 85' lang='lat' dir='ltr'><strong>Jesu</strong></span> <span class='ocrx_word' id='word_1_787' title='bbox 2424 4651 2552 4705; x_wconf 91' lang='lat' dir='ltr'><strong>dum</strong></span> <span class='ocrx_word' id='word_1_788' title='bbox 2583 4652 2789 4706; x_wconf 88' lang='lat' dir='ltr'><strong>viveret</strong></span> <span class='ocrx_word' id='word_1_789' title='bbox 2810 4662 2985 4723; x_wconf 79' lang='lat' dir='ltr'><strong>gesta,</strong></span> <span class='ocrx_word' id='word_1_790' title='bbox 3013 4652 3509 4722; x_wconf 85' lang='lat' dir='ltr'><strong>administrataquc</strong></span> <span class='ocrx_word' id='word_1_791' title='bbox 3531 4660 3684 4714; x_wconf 81' lang='lat' dir='ltr'><strong>sunt,</strong></span> 
     </span>
    </p>
   </div>
   <div class='ocr_carea' id='block_1_104' title="bbox 2085 4740 3689 4813">
    <p class='ocr_par' dir='ltr' id='par_1_104' title="bbox 2085 4740 3689 4813">
     <span class='ocr_line' id='line_1_104' title="bbox 2085 4740 3689 4813; baseline -0.001 -16"><span class='ocrx_word' id='word_1_792' title='bbox 2085 4740 2535 4797; x_wconf 81' lang='lat' dir='ltr'><strong>manifestissime</strong></span> <span class='ocrx_word' id='word_1_793' title='bbox 2567 4742 2967 4806; x_wconf 80' lang='lat' dir='ltr'><strong>demonstrant,</strong></span> <span class='ocrx_word' id='word_1_794' title='bbox 2999 4742 3137 4795; x_wconf 89' lang='lat' dir='ltr'><strong>nihil</strong></span> <span class='ocrx_word' id='word_1_795' title='bbox 3171 4743 3225 4796; x_wconf 92' lang='lat' dir='ltr'><strong>in</strong></span> <span class='ocrx_word' id='word_1_796' title='bbox 3258 4744 3375 4813; x_wconf 87' lang='lat' dir='ltr'><strong>lege</strong></span> <span class='ocrx_word' id='word_1_797' title='bbox 3404 4757 3529 4798; x_wconf 85' lang='lat' dir='ltr'><strong>esse</strong></span> <span class='ocrx_word' id='word_1_798' title='bbox 3560 4757 3689 4811; x_wconf 89' lang='lat' dir='ltr'><strong>per-</strong></span> 
     </span>
    </p>
   </div>
   <div class='ocr_carea' id='block_1_105' title="bbox 2084 4833 3688 4905">
    <p class='ocr_par' dir='ltr' id='par_1_105' title="bbox 2084 4833 3688 4905">
     <span class='ocr_line' id='line_1_105' title="bbox 2084 4833 3688 4905; baseline 0.001 -17"><span class='ocrx_word' id='word_1_799' title='bbox 2084 4834 2303 4905; x_wconf 87' lang='lat' dir='ltr'><strong>plexum</strong></span> <span class='ocrx_word' id='word_1_800' title='bbox 2335 4841 2431 4887; x_wconf 87' lang='lat' dir='ltr'><strong>aut</strong></span> <span class='ocrx_word' id='word_1_801' title='bbox 2458 4833 2786 4903; x_wconf 91' lang='lat' dir='ltr'><strong>implicitum</strong></span> <span class='ocrx_word' id='word_1_802' title='bbox 2837 4834 2892 4887; x_wconf 91' lang='lat' dir='ltr'><strong>in</strong></span> <span class='ocrx_word' id='word_1_803' title='bbox 2942 4849 3096 4898; x_wconf 85' lang='lat' dir='ltr'><strong>sese,</strong></span> <span class='ocrx_word' id='word_1_804' title='bbox 3130 4834 3383 4903; x_wconf 87' lang='lat' dir='ltr'><strong>idemque</strong></span> <span class='ocrx_word' id='word_1_805' title='bbox 3425 4844 3688 4904; x_wconf 59' lang='lat' dir='ltr'><strong>pratstare</strong></span> 
     </span>
    </p>
   </div>
   <div class='ocr_carea' id='block_1_106' title="bbox 2085 4926 3686 4998">
    <p class='ocr_par' dir='ltr' id='par_1_106' title="bbox 2085 4926 3686 4998">
     <span class='ocr_line' id='line_1_106' title="bbox 2085 4926 3686 4998; baseline 0.001 -17"><span class='ocrx_word' id='word_1_806' title='bbox 2085 4944 2313 4998; x_wconf 88' lang='lat' dir='ltr'><strong>prorsus</strong></span> <span class='ocrx_word' id='word_1_807' title='bbox 2362 4928 2508 4998; x_wconf 89' lang='lat' dir='ltr'><strong>quod</strong></span> <span class='ocrx_word' id='word_1_808' title='bbox 2556 4928 2649 4982; x_wconf 87' lang='lat' dir='ltr'><strong>illa</strong></span> <span class='ocrx_word' id='word_1_809' title='bbox 2690 4928 2991 4984; x_wconf 85' lang='lat' dir='ltr'><strong>Salvatoris</strong></span> <span class='ocrx_word' id='word_1_810' title='bbox 3048 4929 3136 4983; x_wconf 81' lang='lat' dir='ltr'><strong>lex</strong></span> <span class='ocrx_word' id='word_1_811' title='bbox 3191 4927 3407 4983; x_wconf 76' lang='lat' dir='ltr'><strong>elﬁcit&#39;:</strong></span> <span class='ocrx_word' id='word_1_812' title='bbox 3461 4926 3521 4981; x_wconf 89' lang='lat' dir='ltr'><strong>Si</strong></span> <span class='ocrx_word' id='word_1_813' title='bbox 3567 4928 3686 4998; x_wconf 79' lang='lat' dir='ltr'><strong>quis</strong></span> 
     </span>
    </p>
   </div>
   <div class='ocr_carea' id='block_1_107' title="bbox 2083 5019 3687 5090">
    <p class='ocr_par' dir='ltr' id='par_1_107' title="bbox 2083 5019 3687 5090">
     <span class='ocr_line' id='line_1_107' title="bbox 2083 5019 3687 5090; baseline -0.001 -15"><span class='ocrx_word' id='word_1_814' title='bbox 2083 5022 2401 5090; x_wconf 83' lang='lat' dir='ltr'><strong>percusserit</strong></span> <span class='ocrx_word' id='word_1_815' title='bbox 2434 5030 2481 5075; x_wconf 89' lang='lat' dir='ltr'><strong>te</strong></span> <span class='ocrx_word' id='word_1_816' title='bbox 2514 5022 2569 5074; x_wconf 85' lang='lat' dir='ltr'><strong>in</strong></span> <span class='ocrx_word' id='word_1_817' title='bbox 2598 5019 2844 5075; x_wconf 68' lang='lat' dir='ltr'><strong>dextram</strong></span> <span class='ocrx_word' id='word_1_818' title='bbox 2877 5020 3370 5088; x_wconf 73' lang='lat' dir='ltr'><strong>maxillam,pra:be</strong></span> <span class='ocrx_word' id='word_1_819' title='bbox 3386 5019 3469 5073; x_wconf 87' lang='lat' dir='ltr'><strong>illi</strong></span> <span class='ocrx_word' id='word_1_820' title='bbox 3485 5030 3533 5073; x_wconf 90' lang='lat' dir='ltr'><strong>et</strong></span> <span class='ocrx_word' id='word_1_821' title='bbox 3552 5020 3687 5074; x_wconf 88' lang='lat' dir='ltr'><strong>alte-</strong></span> 
     </span>
    </p>
   </div>
   <div class='ocr_carea' id='block_1_108' title="bbox 2087 5113 3686 5184">
    <p class='ocr_par' dir='ltr' id='par_1_108' title="bbox 2087 5113 3686 5184">
     <span class='ocr_line' id='line_1_108' title="bbox 2087 5113 3686 5184; baseline 0.001 -18"><span class='ocrx_word' id='word_1_822' title='bbox 2087 5131 2201 5169; x_wconf 89' lang='lat' dir='ltr'><strong>ram</strong></span> <span class='ocrx_word' id='word_1_823' title='bbox 2238 5114 2276 5167; x_wconf 69' lang='grc'>³.</span> <span class='ocrx_word' id='word_1_824' title='bbox 2308 5114 2465 5180; x_wconf 85' lang='lat' dir='ltr'><strong>Quod</strong></span> <span class='ocrx_word' id='word_1_825' title='bbox 2492 5115 2670 5184; x_wconf 91' lang='lat' dir='ltr'><strong>ipsum</strong></span> <span class='ocrx_word' id='word_1_826' title='bbox 2711 5114 2792 5168; x_wconf 80' lang='lat' dir='ltr'><strong>lex</strong></span> <span class='ocrx_word' id='word_1_827' title='bbox 2826 5114 2955 5169; x_wconf 91' lang='lat' dir='ltr'><strong>olim</strong></span> <span class='ocrx_word' id='word_1_828' title='bbox 2984 5114 3233 5167; x_wconf 83' lang='lat' dir='ltr'><strong>obtinere</strong></span> <span class='ocrx_word' id='word_1_829' title='bbox 3258 5113 3531 5179; x_wconf 88' lang='lat' dir='ltr'><strong>studebat,</strong></span> <span class='ocrx_word' id='word_1_830' title='bbox 3557 5128 3686 5167; x_wconf 88' lang='lat' dir='ltr'><strong>cum</strong></span> 
     </span>
    </p>
   </div>
   <div class='ocr_carea' id='block_1_109' title="bbox 2088 5203 3685 5276">
    <p class='ocr_par' dir='ltr' id='par_1_109' title="bbox 2088 5203 3685 5276">
     <span class='ocr_line' id='line_1_109' title="bbox 2088 5203 3685 5276; baseline -0.001 -17"><span class='ocrx_word' id='word_1_831' title='bbox 2088 5205 2163 5260; x_wconf 90' lang='lat' dir='ltr'><strong>ita</strong></span> <span class='ocrx_word' id='word_1_832' title='bbox 2207 5206 2527 5276; x_wconf 68' lang='lat' dir='ltr'><strong>praaciperet</strong></span> <span class='ocrx_word' id='word_1_833' title='bbox 2570 5224 2584 5259; x_wconf 90' lang='lat'><strong>:</strong></span> <span class='ocrx_word' id='word_1_834' title='bbox 2636 5203 2863 5261; x_wconf 87' lang='lat' dir='ltr'><strong>Oculum</strong></span> <span class='ocrx_word' id='word_1_835' title='bbox 2902 5221 2997 5274; x_wconf 84' lang='lat' dir='ltr'><strong>pro</strong></span> <span class='ocrx_word' id='word_1_836' title='bbox 3034 5205 3206 5267; x_wconf 85' lang='lat' dir='ltr'><strong>oculo,</strong></span> <span class='ocrx_word' id='word_1_837' title='bbox 3244 5213 3375 5269; x_wconf 89' lang='lat' dir='ltr'><strong>etc.,</strong></span> <span class='ocrx_word' id='word_1_838' title='bbox 3422 5205 3525 5259; x_wconf 93' lang='lat' dir='ltr'><strong>hoc</strong></span> <span class='ocrx_word' id='word_1_839' title='bbox 3568 5213 3685 5268; x_wconf 87' lang='lat' dir='ltr'><strong>est,</strong></span> 
     </span>
    </p>
   </div>
   <div class='ocr_carea' id='block_1_110' title="bbox 2090 5296 3685 5371">
    <p class='ocr_par' dir='ltr' id='par_1_110' title="bbox 2090 5296 3685 5371">
     <span class='ocr_line' id='line_1_110' title="bbox 2090 5296 3685 5371; baseline -0.001 -18"><span class='ocrx_word' id='word_1_840' title='bbox 2090 5300 2269 5371; x_wconf 67' lang='lat' dir='ltr'><strong>pmbe</strong></span> <span class='ocrx_word' id='word_1_841' title='bbox 2305 5298 2381 5352; x_wconf 92' lang='lat' dir='ltr'><strong>illi</strong></span> <span class='ocrx_word' id='word_1_842' title='bbox 2421 5298 2720 5351; x_wconf 80' lang='lat' dir='ltr'><strong>maxillam.</strong></span> <span class='ocrx_word' id='word_1_843' title='bbox 2749 5296 2883 5351; x_wconf 88' lang='lat' dir='ltr'><strong>Nam</strong></span> <span class='ocrx_word' id='word_1_844' title='bbox 2915 5306 2974 5351; x_wconf 91' lang='lat' dir='ltr'><strong>ut</strong></span> <span class='ocrx_word' id='word_1_845' title='bbox 3018 5313 3113 5353; x_wconf 87' lang='lat' dir='ltr'><strong>eas</strong></span> <span class='ocrx_word' id='word_1_846' title='bbox 3149 5312 3342 5367; x_wconf 70' lang='lat' dir='ltr'><strong>pmuas</strong></span> <span class='ocrx_word' id='word_1_847' title='bbox 3392 5297 3685 5368; x_wconf 83' lang='lat' dir='ltr'><strong>ell&#39;ugeret,</strong></span> 
     </span>
    </p>
   </div>
   <div class='ocr_carea' id='block_1_111' title="bbox 2094 5388 3685 5459">
    <p class='ocr_par' dir='ltr' id='par_1_111' title="bbox 2094 5388 3685 5459">
     <span class='ocr_line' id='line_1_111' title="bbox 2094 5388 3685 5459; baseline -0.003 -13"><span class='ocrx_word' id='word_1_848' title='bbox 2094 5391 2165 5446; x_wconf 90' lang='lat' dir='ltr'><strong>ob</strong></span> <span class='ocrx_word' id='word_1_849' title='bbox 2206 5405 2345 5459; x_wconf 87' lang='lat' dir='ltr'><strong>quas</strong></span> <span class='ocrx_word' id='word_1_850' title='bbox 2390 5391 2437 5444; x_wconf 84' lang='lat' dir='ltr'><strong>si</strong></span> <span class='ocrx_word' id='word_1_851' title='bbox 2481 5396 2791 5459; x_wconf 84' lang='lat' dir='ltr'><strong>percuteret</strong></span> <span class='ocrx_word' id='word_1_852' title='bbox 2824 5389 2975 5444; x_wconf 90' lang='lat' dir='ltr'><strong>luere</strong></span> <span class='ocrx_word' id='word_1_853' title='bbox 3014 5397 3324 5459; x_wconf 86' lang='lat' dir='ltr'><strong>oporteret,</strong></span> <span class='ocrx_word' id='word_1_854' title='bbox 3372 5388 3685 5445; x_wconf 87' lang='lat' dir='ltr'><strong>verberanti</strong></span> 
     </span>
    </p>
   </div>
   <div class='ocr_carea' id='block_1_112' title="bbox 2095 5479 3687 5551">
    <p class='ocr_par' dir='ltr' id='par_1_112' title="bbox 2095 5479 3687 5551">
     <span class='ocr_line' id='line_1_112' title="bbox 2095 5479 3687 5551; baseline 0 -15"><span class='ocrx_word' id='word_1_855' title='bbox 2095 5482 2371 5536; x_wconf 82' lang='lat' dir='ltr'><strong>maxillam</strong></span> <span class='ocrx_word' id='word_1_856' title='bbox 2402 5479 2636 5551; x_wconf 63' lang='lat' dir='ltr'><strong>praebuit</strong></span> <span class='ocrx_word' id='word_1_857' title='bbox 2666 5498 2679 5533; x_wconf 88' lang='lat'><strong>:</strong></span> <span class='ocrx_word' id='word_1_858' title='bbox 2712 5480 2857 5535; x_wconf 88' lang='lat' dir='ltr'><strong>haud</strong></span> <span class='ocrx_word' id='word_1_859' title='bbox 2893 5480 3118 5551; x_wconf 89' lang='lat' dir='ltr'><strong>ignarus</strong></span> <span class='ocrx_word' id='word_1_860' title='bbox 3157 5480 3201 5535; x_wconf 92' lang='lat' dir='ltr'><strong>si</strong></span> <span class='ocrx_word' id='word_1_861' title='bbox 3253 5481 3472 5545; x_wconf 89' lang='lat' dir='ltr'><strong>oculum</strong></span> <span class='ocrx_word' id='word_1_862' title='bbox 3504 5480 3687 5536; x_wconf 92' lang='lat' dir='ltr'><strong>eruis-</strong></span> 
     </span>
    </p>
   </div>
   <div class='ocr_carea' id='block_1_113' title="bbox 2096 5572 3344 5645">
    <p class='ocr_par' dir='ltr' id='par_1_113' title="bbox 2096 5572 3344 5645">
     <span class='ocr_line' id='line_1_113' title="bbox 2096 5572 3344 5645; baseline -0.002 -14"><span class='ocrx_word' id='word_1_863' title='bbox 2096 5584 2200 5635; x_wconf 85' lang='lat' dir='ltr'><strong>set,</strong></span> <span class='ocrx_word' id='word_1_864' title='bbox 2233 5572 2375 5628; x_wconf 91' lang='lat' dir='ltr'><strong>idem</strong></span> <span class='ocrx_word' id='word_1_865' title='bbox 2410 5575 2513 5629; x_wconf 90' lang='lat' dir='ltr'><strong>sibi</strong></span> <span class='ocrx_word' id='word_1_866' title='bbox 2535 5590 2603 5629; x_wconf 79' lang='lat' dir='ltr'><strong>ex</strong></span> <span class='ocrx_word' id='word_1_867' title='bbox 2637 5573 2754 5645; x_wconf 87' lang='lat' dir='ltr'><strong>lege</strong></span> <span class='ocrx_word' id='word_1_868' title='bbox 2782 5588 2903 5629; x_wconf 87' lang='lat' dir='ltr'><strong>esse</strong></span> <span class='ocrx_word' id='word_1_869' title='bbox 2934 5572 3344 5630; x_wconf 87' lang='lat' dir='ltr'><strong>sustinendum.</strong></span> 
     </span>
    </p>
   </div>
   <div class='ocr_carea' id='block_1_114' title="bbox 2165 5661 3686 5739">
    <p class='ocr_par' dir='ltr' id='par_1_114' title="bbox 2165 5661 3686 5739">
     <span class='ocr_line' id='line_1_114' title="bbox 2165 5661 3686 5739; baseline 0 -18"><span class='ocrx_word' id='word_1_870' title='bbox 2165 5666 2255 5722; x_wconf 81' lang='lat' dir='ltr'><strong>XI.</strong></span> <span class='ocrx_word' id='word_1_871' title='bbox 2289 5669 2467 5739; x_wconf 84' lang='lat' dir='ltr'><strong>Atque</strong></span> <span class='ocrx_word' id='word_1_872' title='bbox 2522 5677 2579 5724; x_wconf 91' lang='lat' dir='ltr'><strong>ut</strong></span> <span class='ocrx_word' id='word_1_873' title='bbox 2628 5668 2789 5723; x_wconf 86' lang='lat' dir='ltr'><strong>Pater</strong></span> <span class='ocrx_word' id='word_1_874' title='bbox 2840 5667 3043 5722; x_wconf 90' lang='lat' dir='ltr'><strong>liberos</strong></span> <span class='ocrx_word' id='word_1_875' title='bbox 3081 5666 3163 5723; x_wconf 83' lang='lat' dir='ltr'><strong>sic</strong></span> <span class='ocrx_word' id='word_1_876' title='bbox 3205 5666 3479 5734; x_wconf 87' lang='lat' dir='ltr'><strong>instituit,</strong></span> <span class='ocrx_word' id='word_1_877' title='bbox 3518 5672 3577 5721; x_wconf 92' lang='lat' dir='ltr'><strong>ut</strong></span> <span class='ocrx_word' id='word_1_878' title='bbox 3615 5661 3686 5721; x_wconf 80' lang='lat' dir='ltr'><strong>ad</strong></span> 
     </span>
    </p>
   </div>
   <div class='ocr_carea' id='block_1_115' title="bbox 469 5815 3191 5895">
    <p class='ocr_par' dir='ltr' id='par_1_115' title="bbox 469 5815 3191 5895">
     <span class='ocr_line' id='line_1_115' title="bbox 469 5815 3191 5895; baseline 0.002 -22"><span class='ocrx_word' id='word_1_879' title='bbox 469 5816 486 5849; x_wconf 74' lang='grc' dir='ltr'><strong>ί</strong></span> <span class='ocrx_word' id='word_1_880' title='bbox 516 5815 704 5877; x_wconf 75' lang='lat' dir='ltr'><strong>Matth.</strong></span> <span class='ocrx_word' id='word_1_881' title='bbox 739 5836 894 5888; x_wconf 77' lang='lat' dir='ltr'><strong>mu,</strong></span> <span class='ocrx_word' id='word_1_882' title='bbox 934 5822 1023 5879; x_wconf 76' lang='grc'><strong>29.</strong></span> <span class='ocrx_word' id='word_1_883' title='bbox 1100 5825 1119 5855; x_wconf 87' lang='grc'>²</span> <span class='ocrx_word' id='word_1_884' title='bbox 1148 5822 1336 5881; x_wconf 75' lang='lat' dir='ltr'><strong>Matth.</strong></span> <span class='ocrx_word' id='word_1_885' title='bbox 1372 5840 1423 5889; x_wconf 91' lang='lat' dir='ltr'><strong>v,</strong></span> <span class='ocrx_word' id='word_1_886' title='bbox 1453 5824 1541 5882; x_wconf 75' lang='grc'><strong>45.</strong></span> <span class='ocrx_word' id='word_1_887' title='bbox 1620 5825 1638 5855; x_wconf 84' lang='grc'>³</span> <span class='ocrx_word' id='word_1_888' title='bbox 1670 5823 1843 5879; x_wconf 72' lang='lat' dir='ltr'><strong>Exod.</strong></span> <span class='ocrx_word' id='word_1_889' title='bbox 1882 5841 1991 5891; x_wconf 75' lang='lat' dir='ltr'><strong>xxi,</strong></span> <span class='ocrx_word' id='word_1_890' title='bbox 2034 5825 2131 5893; x_wconf 60' lang='lat'><strong>‘24;</strong></span> <span class='ocrx_word' id='word_1_891' title='bbox 2172 5823 2346 5881; x_wconf 82' lang='lat' dir='ltr'><strong>Levit.</strong></span> <span class='ocrx_word' id='word_1_892' title='bbox 2390 5840 2540 5895; x_wconf 75' lang='lat' dir='ltr'><strong>xxiv,</strong></span> <span class='ocrx_word' id='word_1_893' title='bbox 2574 5824 2663 5880; x_wconf 73' lang='lat'><strong>‘20.</strong></span> <span class='ocrx_word' id='word_1_894' title='bbox 2744 5826 2762 5856; x_wconf 65' lang='grc'>⁸</span> <span class='ocrx_word' id='word_1_895' title='bbox 2792 5823 2979 5880; x_wconf 76' lang='lat' dir='ltr'><strong>Matth.</strong></span> <span class='ocrx_word' id='word_1_896' title='bbox 3017 5840 3068 5891; x_wconf 88' lang='lat' dir='ltr'><strong>v,</strong></span> <span class='ocrx_word' id='word_1_897' title='bbox 3100 5823 3191 5880; x_wconf 77' lang='lat'><strong>&#39;59.</strong></span> 
     </span>
    </p>
   </div>
  </div>
