4156 6358
359 340 463 397 577

1399 330 1774 389 Αθιέιιδυε
1812 324 2163 386 BERESES
2204 321 2333 382 UB.
2379 324 2424 381 1.
2469 320 2637 380 τΟΜ.
2680 323 2774 379 lll.

3558 326 3671 389 εἰιι

360 458 556 531 ἔφερες
583 457 739 530 ἡμῖν,
775 456 977 511 αᾶλλον
996 454 1054 509 δὲ
1080 453 1266 526 σαυτῷ
1292 453 1388 509 καὶ
1418 456 1533 519 τοῖς
1561 455 1668 507 ὑπὸ
1702 452 1795 506 σοῦ
1817 453 1963 523 ἡπα-

2084 451 2231 512 bato,
2263 446 2544 501 czctcrisve
2586 444 2852 514 disputat.
2888 441 3071 516 Atque
3122 445 3334 501 utinam
3373 453 3669 505 veritatem

360 550 622 622 τημένοις
651 552 665 604 l

434 814 538 868 IB’.
568 814 797 885 Νομίζω
828 813 885 868 δὲ
908 815 1002 868 καὶ
1033 816 1092 868 ἐν
1114 812 1193 885 τῷ
1224 812 1455 885 παρόντι
1488 810 1689 875 ἱκανῶς
1706 810 1847 884 πρὸς
1865 810 1965 877 τάς

366 926 461 963 σου
495 907 693 974 λέξεις,
738 901 783 961 ὦ
830 906 1069 978 ἀγύρτα,
1126 906 1401 977 εἰρῆσθαι.
1450 898 1552 958 Ὧν
1596 906 1831 975 ποιήσας
1873 904 1967 958 τὸν

366 998 611 1068 ἔλεγχον,
645 998 745 1050 ἐπὶ
779 996 878 1061 τὰς
911 996 1040 1067 ὲξῆς
1066 996 1307 1069 αἱρέσεις
1345 993 1655 1065 βαδιοῦμαι,
1681 994 1773 1047 τὸν
1806 992 1969 1047 αὑτὲν

366 1090 501 1144 Θεὸν
550 1089 798 1160 συνήθως
845 1088 1278 1159 ἐπικαλούμενος
1316 1088 1679 1158 ἐπικουρῆσαι
1702 1088 1771 1158 τῇ
1808 1083 1969 1156 ἡμῶν

370 1182 706 1255 μετριότητι,
738 1183 818 1246 είς
854 1182 914 1236 τὸ
953 1183 1209 1253 φωρᾶσαι
1232 1181 1473 1252 ἑκάστης
1500 1179 1768 1252 αἱρέσεως
1802 1194 1973 1249 παρα-

369 1273 749 1345 πεποιημένης
771 1274 864 1328 τὸν
905 1272 1151 1343 ἔλεγχον.
1197 1274 1323 1326 Ὀτι
1367 1272 1465 1343 μὲν
1496 1270 1604 1343 γὰρ
1638 1269 1972 1343 συρίγμασιν

370 1366 591 1431 ἑαυτοῦ,
616 1365 691 1430 ὡς
723 1365 832 1420 άπὸ
855 1365 1137 1438 θαλάσσης
1161 1364 1402 1419 ἀνελθὼν
1418 1364 1494 1437 (8)
1524 1363 1851 1435 καρχαρίας,
1877 1363 1973 1417 καὶ

371 1458 590 1530 ἔχιδναν
611 1457 1093 1529 προσκαλούμενος
1143 1457 1240 1529 τὴν
1263 1455 1490 1529 Φλώραν
1532 1456 1622 1510 διὰ
1647 1455 1757 1509 τῶν
1785 1471 1973 1526 γραμα

375 1554 581 1625 μάτων,
609 1552 781 1623 αὑτήν
811 1568 872 1604 τε
902 1551 998 1605 καὶ
1029 1550 1224 1616 ἄλλους
1274 1551 1373 1605 σὺν
1408 1552 1547 1623 αὐτῇ
1588 1550 1864 1620 ὴπάτησε,
1887 1548 1975 1602 δέ·

371 1648 584 1702 δεικται
631 1647 690 1698 ὲν
736 1646 851 1709 τοῖς
900 1645 1250 1716 εἰρημένοις⁸
1279 1645 1338 1698 ὲν
1374 1643 1433 1699 δὲ
1482 1648 1545 1716 τῇ
1587 1644 1689 1714 τῆς
1714 1641 1976 1714 ἀληθείας

377 1740 616 1813 σαγήνῃ,
660 1732 729 1811 ἦς
764 1739 826 1792 τὸ
868 1738 1098 1810 αἴνιγμα
1126 1740 1155 1793 ὁ
1200 1736 1405 1810 Κύριος
1439 1738 1499 1791 ὲν
1544 1735 1625 1808 τῷ
1656 1733 1975 1805 Εὑαγγελίῳ

2067 540 2125 596 in
2148 540 2410 595 omnibus
2453 537 2757 603 retineres,
2790 552 2970 605 neque
3012 537 3234 593 tertium
3268 540 3459 596 nescio
3498 556 3666 610 quem

2066 633 2230 689 deum
2258 647 2323 687 ac
2361 630 2601 687 medium
2622 672 2639 697 ,
2665 629 2758 699 qui
2792 630 2979 685 nullus
3006 638 3093 686 est
3122 631 3304 697 nobis,
3328 632 3413 687 vel
3444 632 3544 688 tibi
3564 647 3667 703 po-

2066 726 2177 781 tius
2212 739 2276 779 ac
2307 724 2419 778 tuis
2455 722 2808 778 obtrudcres!

2140 816 2307 887 228
2337 814 2451 871 ΧΠ.
2486 815 2595 870 Sed
2630 813 3066 885 impurissimam
3100 813 3249 868 illam
3292 824 3439 869 tuam
3474 828 3666 869 vocem

2069 913 2205 966 satis
2239 911 2294 963 in
2336 908 2683 979 praesentiam
2738 922 3115 978 compressam
3151 907 3415 971 arbitror,
3456 907 3672 976 impru-

2070 1003 2393 1059 dentissime
2427 1002 2666 1057 nebulo!
2719 1000 2895 1071 Cujus
2943 1001 3201 1056 convicta
3240 1000 3487 1056 falsitate
3517 1007 3674 1055 ante-

2070 1112 2234 1167 quam
2262 1095 2507 1167 reliquas
2539 1095 2610 1150 ad
2663 1094 2904 1150 hzereses
2954 1094 3397 1165 prOgrediamur,
3428 1092 3672 1147 divinam

2072 1207 2173 1263 pro
2201 1206 2269 1246 eo
2298 1205 2365 1245 ac
2386 1189 2655 1253 solemus,
2692 1203 2851 1259 opem
2884 1186 3329 1258 implorabimus,
3362 1192 3425 1240 ut
3455 1183 3525 1239 ad
3552 1184 3677 1239 illas

2068 1282 2401 1355 jugulandas
2433 1280 2690 1336 tenuitati
2726 1287 2933 1335 nostra:
2974 1279 3118 1335 vires
3154 1278 3492 1349 suppeditet.
3527 1274 3679 1331 Satis

2073 1377 2219 1432 enim
2265 1390 2332 1430 ex
2363 1374 2433 1429 iis
2464 1389 2588 1444 quae
2624 1372 2869 1428 diximus
2904 1372 3245 1427 intellectum
3275 1371 3476 1440 opinor
3502 1412 3519 1438 ,
3546 1368 3680 1424 Pto-

2073 1468 2360 1532 lemaeum,
2395 1465 2596 1521 marini
2629 1465 2788 1520 canis
2844 1465 3041 1529 instar,
3095 1463 3192 1535 qui
3241 1478 3273 1519 e
3316 1462 3513 1534 pelago
3544 1478 3677 1533 pro-

2076 1561 2269 1617 siliens
2308 1560 2555 1630 viperam
2604 1558 2784 1613 sibilis
2830 1557 2951 1613 suis
3000 1570 3228 1619 evocat,
3254 1555 3335 1610 sic
3365 1554 3522 1610 illum
3552 1552 3681 1607 Flo-

2075 1670 2192 1710 ram
2225 1654 2425 1709 litteris
2457 1651 2733 1707 excivisse
2755 1691 2771 1719 ,
2806 1665 2871 1704 ac
2906 1658 3018 1704 tam
3057 1664 3179 1704 eam
3199 1690 3215 1714 ,
3250 1662 3417 1717 quam
3448 1653 3682 1701 caeteros

2078 1744 2135 1799 in
2162 1743 2413 1799 fraudem
2445 1742 2754 1813 impulisse.
2791 1739 2903 1796 Nos
2926 1746 3110 1795 autem
3138 1748 3496 1809 posteaquam
3532 1735 3682 1791 veri-

377 1831 659 1903 βασιλείαν
712 1831 961 1903 οὐρανῶν
1020 1831 1376 1901 ἀπεφήνατο,
1426 1828 1828 1901 ἑνειλήσαντες,
1878 1832 1975 1886 καὶ

2084 1838 2208 1892 tatis
2256 1837 2403 1891 hunc
2432 1851 2671 1907 sagena,
2720 1834 2882 1906 cujus
2943 1832 3307 1889 similitudine
3342 1831 3573 1887 cmleste
3622 1830 3681 1884 in

373 1923 483 1979 τῶν
511 1922 766 1995 πονηρῶν
799 1922 1000 1993 ἰχθύων
1047 1922 1142 1975 ἕνα
1169 1921 1300 1977 ὄντα
1329 1921 1495 1975 αὐτὸν
1527 1921 1869 1990 ἐλέγξαντες,
1897 1921 1977 1993 τῷ

375 2016 446 2070 τὰ
484 2014 736 2087 μοχθηρὰ
787 2016 1012 2086 ῥήματα
1042 2014 1207 2068 αὐτοῦ
1240 2014 1471 2086 φωρατὰ
1510 2014 1755 2086 ποιῆσαι,
1782 2017 1849 2085 τῇ
1879 2015 1979 2086 τῆς

376 2107 614 2180 ἀληθοῦς
643 2108 882 2171 πίστεως
934 2107 1258 2177 διδασκαλίᾳ
1306 2108 1609 2179 ῂτήσαμεν.
1654 2106 1744 2160 Ἐν
1766 2108 1834 2177 τῇ
1882 2106 1977 2160 τοῦ

379 2200 517 2255 Θεοῦ
578 2200 759 2254 τοίνυν
786 2198 1035 2270 δυνάμει
1092 2197 1488 2270 συντρίψαντες
1550 2197 1760 2263 τοῦτον,
1822 2198 1978 2254 αὐτοὶ

389 2293 492 2364 μὲν
514 2292 633 2363 Θεῷ
662 2292 1171 2365 εὐχαριστήσωμεν,
1226 2290 1320 2343 ἐπὶ
1360 2290 1417 2343 δὲ
1446 2290 1548 2353 τὰς
1590 2289 1718 2360 ἑξῆς
1751 2290 1973 2361 ὁμοίως,

380 2384 458 2450 ὼς
480 2388 764 2456 προεῖπον,
816 2382 1186 2456 προέρχεσθαι
1210 2381 1621 2454 ἐπιϐαλώμεθα.

2078 1931 2374 2002 Evangelio
2419 1946 2649 2001 regnum
2702 1928 2972 1985 Dominus
3024 1927 3334 1999 expressit,
3402 1926 3679 1981 irretitum

2080 2020 2400 2082 tenuimus.
2445 2029 2613 2091 atque
2658 2034 2690 2076 e
2719 2021 2991 2075 malorum
3024 2018 3261 2091 piscium
3294 2032 3419 2073 esse
3446 2029 3683 2071 numero

2080 2111 2617 2178 demonstravimus,
2668 2111 2802 2166 dum
2840 2111 3072 2166 sincerae
3123 2108 3249 2163 fidei
3297 2108 3550 2163 doctrina
3576 2104 3683 2159 im-

2082 2217 2254 2274 puras
2286 2202 2437 2259 illius
2478 2217 2646 2259 voces
2696 2201 2979 2268 elisimus;
3022 2200 3233 2255 obtrito
3264 2198 3360 2254 Dei
3411 2213 3516 2269 ope
3550 2211 3683 2268 pro-

2084 2293 2378 2365 ﬂigatoque
2418 2303 2665 2350 monstro
2685 2335 2700 2359 ,
2734 2294 2972 2366 primum
3002 2292 3079 2347 illi
3110 2297 3349 2362 quantas
3385 2302 3684 2361 possumus

2083 2388 2288 2458 gratias
2338 2388 2644 2453 habemus;
2696 2387 2895 2443 deinde
2951 2386 3019 2441 ad
3066 2392 3295 2440 αξιοι-εδ
3335 2383 3527 2439 eodem
3554 2420 3573 2449 ,
3620 2385 3685 2437 ιιι

2082 2480 2354 2544 diximus,
2394 2480 2531 2550 pede
2558 2479 2787 2551 gradum
2822 2477 3109 2534 faciemus.

1157 2909 1325 2982 229
1358 2908 1961 2965 ΤΑΔΕΕΝΕΣΤΙ
2014 2910 2132 2963 ΕΝ
2184 2910 2280 2979 Τῼ
2350 2907 2611 2979 ΤΡΙΤῼ
2679 2909 2904 2981 ΤΟΜῼ

1659 3027 1799 3082 ΤΟΥ
1827 3026 2106 3081 ΠΡΩΤΟΥ
2137 3026 2438 3092 ΒΙΒΛΙΟΥ,

1520 3144 1626 3199 Ἐν
1667 3136 1717 3211 ᾧ
1745 3155 1913 3197 εισιν
1944 3141 2212 3210 αἱρέσεις
2248 3140 2575 3211 δεκατρεῖς.

724 3366 1140 3429 ῑΝῡΙευιυε
1190 3366 1620 3432 ΗιεῐιΕεΕοΝ
1669 3366 1840 3442 QU/E
1897 3371 1979 3433 IN
2028 3370 2114 3432 111
2164 3326 2373 3429 T'ouo
2430 3366 2643 3427 LIBRI
2688 3366 2721 3427 1
2774 3363 3335 3440 CONTINENTUR,

1706 3517 1952 3565 SUNTQUE
1997 3516 2216 3557 NUIERO
2251 3515 2377 3558 ιιιι.

464 3759 829 3830 Μαρκὼσιοι.
852 3760 1085 3834 Μάρκος
1137 3780 1221 3829 τις
1267 3732 1561 3838 ίεγὲνηται
1629 3768 1983 3841 Κολορόάσου

2157 3768 2440 3826 Marcosii.
2464 3765 2684 3822 Marcus
2700 3764 2921 3838 quidam
2947 3761 3453 3821 exstititColorbasi
3471 3763 3695 3823 condis-

394 3854 791 3928 συμφοιτητὴς,
825 3854 918 3909 δύο
933 3855 1111 3928 ἀρχὰς
1134 3859 1232 3912 καὶ
1246 3858 1409 3923 αὐτὸς
1434 3860 1806 3931 παρεισάγων.
1838 3864 1989 3919 Ἀθε-

392 3953 478 4004 τεῖ
517 3950 575 4004 δὲ
637 3952 851 4024 νεκρῶν
885 3952 1202 4009 ἀνάστασιν.
1256 3956 1564 4021 Φαντασίας
1615 3958 1672 4011 δέ
1716 3976 1873 4024 τινας
1918 3961 1987 4015 δι’

395 4043 741 4113 ἐκπωμάτων
787 4042 846 4108 ἐξ
868 4044 1126 4118 ὲπαοιδῆς
1148 4047 1229 4110 είς
1253 4048 1481 4103 κυάνεον
1510 4050 1707 4120 χρῶμα
1728 4052 1824 4105 καὶ
1857 4069 1991 4125 πορ-

397 4133 598 4207 φύρεον
660 4135 980 4206 μεταϐαλὼν
1003 4176 1019 4201 ,
1064 4137 1450 4208 ὲμυσταγώγει
1480 4140 1578 4204 τὰς
1622 4143 1991 4215 ἁπατωμένας

394 4228 683 4295 γυναῖκας.
724 4228 836 4280 Καὶ
878 4227 1042 4291 αὐτὸς
1117 4227 1175 4280 δὲ
1213 4227 1321 4282 τῶν
1352 4230 1811 4305 εἰκοσιτεσσάρων
1846 4252 1992 4289 στοι-

397 4320 561 4392 χείων
581 4319 832 4391 βούλεται
848 4319 916 4373 τὰ
928 4318 1108 4373 πάντα
1125 4320 1377 4392 ἡγεῖσθαι
1407 4321 1609 4391 ὁμοίως
1631 4323 1989 4397 Οὐαλεντίνῳ.

470 4501 887 4570 Κολορϐάσιοι.
910 4501 1019 4553 Καὶ
1035 4492 1191 4563 οὗτος
1217 4502 1245 4554 ὁ
1267 4500 1615 4572 Κολόρϐασος
1640 4501 1902 4570 ὡσαύτως
1926 4506 1995 4563 τὰ

399 4593 542 4648 αὐτὰ
572 4592 953 4664 διηγούμενος,
982 4593 1124 4646 κατά
1150 4610 1202 4645 τι
1225 4593 1283 4648 δὲ
1304 4592 1695 4667 διαφερόμενος
1725 4596 1863 4666 πρὸς
1897 4598 1996 4662 τὰς

401 4686 568 4748 ἄλλας
594 4684 867 4754 αἱρέσεις,
906 4684 1051 4755 φημὶ
1089 4684 1146 4739 δὲ
1173 4685 1309 4758 πρὸς
1342 4686 1444 4751 τὰς
1479 4686 1609 4758 περὶ
1640 4687 1868 4758 Μάρκον
1901 4690 1996 4744 καὶ

402 4777 780 4846 Οὐαλεντίνον,
814 4778 915 4843 τὰς
940 4779 1213 4853 προϐολάς
1276 4781 1373 4834 καὶ
1415 4783 1704 4852 Ὀγδοάδας
1733 4784 1955 4856 ἐτέρους
1977 4785 1993 4815 ⁸

401 4868 633 4935 ἐδίδαξε.

487 4962 961 5031 Ἠρακλεωνῖται.
992 4964 1104 5019 Καὶ
1133 4963 1290 5018 αὐτοὶ
1325 4967 1391 5037 τῇ
1423 4964 1531 5019 τῶν
1574 4968 1875 5037 Ὀγδοάδων
1902 4969 1999 5040 φέ-

408 5068 593 5123 ρονται
618 5051 951 5124 μυθολογίᾳο
980 5053 1181 5125 ἑτέρως
1217 5052 1273 5107 δὲ
1310 5052 1464 5125 παρὰ
1495 5053 1587 5110 τὸν
1620 5054 1869 5127 Μάρκον,
1904 5055 1999 5109 καὶ

407 5144 744 5215 Πτολεμαῖον
768 5184 785 5209 ,
841 5145 939 5199 καὶ
988 5144 1339 5199 Οὐαλεντῖνον
1376 5183 1393 5209 ,
1454 5145 1548 5199 καὶ
1602 5146 1730 5211 τοὺς
1782 5146 1996 5211 ἄλλους.

422 5235 581 5289 Ἀλλὰ
610 5238 708 5291 καὶ
752 5236 892 5308 πρὸς
922 5238 991 5309 τῇ
1029 5235 1253 5309 τελευτῇ
1278 5236 1406 5301 τοὺς
1437 5237 1568 5310 παρ’
1600 5238 1782 5304 αὐτοῖς
1809 5239 1998 5294 τελευ-

483 5459 501 5490 ¹
533 5456 668 5532 Leg.
701 5458 932 5533 ἑτέρως.

481 5620 557 5692 (8)
587 5621 684 5687 Ὠς
711 5633 842 5692 adpo
862 5618 1185 5692 θαλάσσης
1227 5618 1515 5692 ἀνείῑθών.
1550 5619 1876 5691 Καρχαρίας
1904 5618 2012 5677 He-

410 5690 567 5775 syCli.
627 5700 714 5748 est
764 5690 1698 5775 Balarctognxdwv._Cauem_.vero
1734 5690 2007 5745 marinum

411 5761 632 5832 viperas
676 5776 909 5816 evocare
940 5761 1167 5832 rsibilis,
1204 5767 1312 5815 aut
1357 5776 1483 5814 cum
1532 5761 1600 5815 iis
1642 5777 2008 5817 consuescere

322 5888 330 5894 .
413 5831 697 5905 nunquam
746 5834 873 5904 legi.
928 5831 1073 5889 Sane
1122 5846 1395 5887 muraenas
1457 5846 1487 5886 a
1540 5834 1891 5903 serpentibus
1937 5832 2005 5888 ad

2088 3862 2389 3936 cipulus.ls
2418 3863 2529 3917 duo
2556 3860 2811 3917 similiter
2840 3858 3104 3930 principia
3125 3858 3430 3913 constituit.
3446 3857 3693 3915 Moztuo-

2090 3974 2211 4012 rum
2228 3954 2690 4013 resurrectionem
2706 3950 3231 4022 negabatgutebatur
3248 3950 3535 4021 praestigiis
3545 3951 3590 4020 ej
3600 3967 3696 4005 us-

2090 4049 2261 4116 modi,
2294 4056 2355 4105 ut
2388 4049 2556 4103 certis
2590 4046 2929 4103 carminibus
2965 4046 3287 4115 poculorum
3327 4047 3594 4116 liquorem
3634 4049 3692 4101 in

2093 4142 2385 4198 caeruleum
2412 4152 2855 4211 purpureumque
2925 4137 3163 4192 colorem
3195 4145 3463 4193 verteret:
3494 4139 3694 4209 quibus

2094 4234 2271 4290 sacris
2315 4231 2564 4288 infelices
2612 4229 2970 4285 mulierculas
3011 4229 3231 4285 initiare
3280 4230 3509 4285 solebat.
3546 4228 3691 4286 Idem

2094 4326 2160 4381 ad
2211 4340 2340 4380 xxxv
2401 4324 2671 4380 elementa
2710 4322 2933 4392 perinde
2969 4336 3035 4377 ac
3076 4320 3398 4378 Valentinus
3435 4322 3692 4379 universa

2094 4432 2356 4474 revocare
2381 4416 2597 4471 nititur.

2167 4509 2485 4565 Colorbasii.
2509 4505 3077 4564 Colorbasnseasdem
3114 4504 3228 4561 fere
3246 4505 3533 4576 opiniones
3568 4519 3691 4560 am-

2097 4600 2510 4674 plexusest.Sed
2530 4600 2988 4656 nonnullatamen
3013 4608 3163 4660 sunt,
3191 4600 3244 4653 in
3264 4599 3463 4670 quibus
3484 4599 3550 4653 ab
3566 4598 3695 4655 aliis

2096 4697 2402 4753 baeresibus
2424 4695 2726 4765 discrepat,
2754 4693 2921 4748 Marci
2940 4708 3003 4748 ac
3027 4690 3301 4748 Valentini
3323 4692 3692 4764 potissimum.

2100 4787 2389 4858 Siquidem
2431 4787 2861 4860 propagationes
2895 4785 3135 4842 Eonum
3168 4792 3223 4841 et
3259 4783 3549 4855 Ogdoadas
3584 4784 3697 4838 alio

2100 4880 2263 4936 modo
2294 4880 2538 4939 tradidit.

2174 4972 2588 5030 Heracleonitaz.
2620 4973 2799 5028 Etiam
2835 4974 2925 5029 isti
2966 4972 3374 5030 commentitias
3406 4969 3697 5042 Ogdoadas

2031 5088 2073 5144 ι)
2102 5067 2468 5122 retinuerunt.
2506 5066 2563 5123 In
2598 5067 2800 5137 quibus
2831 5068 3172 5137 explicandis
3200 5083 3230 5121 a
3263 5066 3451 5129 Marci,
3482 5074 3536 5121 et
3564 5063 3695 5120 Ριοα

2106 5158 2305 5222 lemaei,
2338 5173 2402 5214 ac
2438 5157 2713 5216 Valentini
2740 5165 3179 5228 caeterorumque
3206 5158 3462 5228 opinione
3485 5156 3697 5212 disces-

2108 5256 2321 5305 serunt.
2356 5246 2501 5305 Suos
2524 5262 2695 5320 porro
2722 5247 2826 5305 sub
2854 5248 3035 5317 ipsum
3075 5247 3194 5303 vitae
3229 5247 3434 5303 exitum
3472 5247 3699 5317 perinde

2120 5620 2325 5673 coitum
2358 5617 2578 5674 evocari
2621 5617 2800 5674 sibilis
2844 5618 3038 5672 scribit
3071 5613 3213 5670 Plin.
3250 5631 3422 5677 xxxii,
3462 5629 3584 5682 cap.
3614 5614 3649 5667 2
3684 5626 3700 5664 :

2121 5690 2199 5745 Ob
2254 5692 2305 5743 id
2346 5689 2503 5744 sibilo
2540 5707 2573 5743 a
2614 5689 3007 5760 piscatoribus,
3059 5698 3313 5760 tauquam
3354 5686 3704 5755 serpentibus,

2114 5763 2340 5823 evocari,
2376 5771 2424 5814 et
2452 5761 2588 5826 capi.
2615 5758 2949 5832 ’Κάρχαρίαν
2976 5758 3124 5814 aliud
3154 5773 3278 5816 esse
3314 5774 3478 5830 quam
3508 5770 3707 5811 canent

2115 5832 2219 5887 hoc
2259 5833 2479 5904 quidem
2516 5833 2636 5886 loco
2670 5846 2897 5888 necesse
2922 5841 3026 5888 cst.
