4134 6388
300 363 407 421 585

986 352 1358 420 ADVERSUS
1402 363 1745 420 [UERESES
1785 363 1884 417 LIB

1991 406 1996 418 .
2042 363 2205 420 TOM.
2250 362 2339 419 Ill.
2380 394 2448 406 -ο-
2486 366 2765 422 ΠᾸΞΠΕΒ.
2801 366 3043 423 XXXIV.

3450 366 3552 425 586

301 478 657 551 παραπλήσια
714 476 881 532 ποιῶν
927 479 1240 551 ἐξηπάτησε
1286 483 1550 547 πολλοὺς,
1600 484 1692 536 καὶ
1765 484 1873 536 ἁπ-

1991 482 2293 552 ςιιιεῐηάωη,
2333 480 2495 551 cujus
2533 497 2701 553 opera
2754 491 2807 538 et
2864 482 3155 538 vaticinari
3194 480 3465 548 videatur,
3499 489 3556 537 et

297 573 531 644 ηγήοχεν
575 571 749 624 ὀπίσω
765 570 954 627 αὐτοῦ.
985 573 1147 636 Εἰκὸς
1194 573 1252 626 δὲ
1294 574 1456 627 αὑτὸν
1498 574 1727 644 δαίμονά
1756 592 1901 627 τινα

298 664 567 734 πάρεδρον
602 664 766 734 ἔχειν,
800 665 869 717 δι’
896 656 956 717 οὗ
997 666 1161 728 αὐτός
1199 683 1258 718 τε
1296 667 1658 737 προφητεύειν
1708 666 1873 733 δοκεῖ,

296 758 393 811 καλ⁸
424 757 555 819 ὅσας
584 756 740 821 ἀξίας
768 759 985 826 ήγεῖται
1012 758 1271 828 μετόχους
1300 758 1398 828 τῆς
1432 759 1651 830 χάριτος
1688 758 1872 822 αὑτοῦ,

298 851 667 923 προφητεύειν
730 854 892 904 ποιεῖ.
950 852 1201 905 Μάλιστα
1261 852 1370 924 γὰρ
1434 854 1562 923 περὶ
1611 855 1875 921 γυναῖκας

298 944 629 1016 ἀσχολεῖται,
663 943 759 996 καὶ
797 943 1001 997 τούτων
1031 946 1129 1008 τὰς
1175 944 1547 1017 εὐπαρύφους,
1593 946 1685 999 καὶ
1723 962 1877 1015 περι-

301 1033 648 1105 πορφύρους,
726 1035 819 1087 καὶ
876 1034 1308 1098 πλουσιωτάτας,
1359 1035 1426 1098 ἃς
1464 1036 1725 1098 πολλάκις
1774 1038 1877 1089 ὑπο

298 1126 525 1194 άγεσθαι
550 1124 886 1196 πειρώμενος
922 1126 1232 1179 κολακεύων
1254 1126 1415 1197 φησὶν
1438 1128 1625 1189 αὐταῖς
1644 1144 1657 1155 ·
1687 1131 1876 1181 Μετα-

297 1217 513 1270 δοῦναί
557 1231 657 1270 σοι
714 1216 867 1271 θέλω
908 1216 1018 1285 τῆς
1073 1215 1220 1285 ἐμῆς
1266 1216 1528 1286 χάριτος,
1580 1216 1786 1284 ἐπειδὴ
1845 1220 1877 1271 ὁ

297 1307 502 1375 Πατὴρ
546 1306 666 1360 τῶν
714 1306 873 1361 ὅλων
918 1307 1025 1361 τὸν
1065 1307 1326 1377 ἄγγελόν
1373 1322 1490 1361 σου
1548 1308 1878 1373 διαπαντὸς

291 1396 511 1460 ,ϐλέπει
546 1398 661 1466 πρὸ
695 1398 1022 1466 προσώπου
1064 1399 1274 1453 αὐτοῦ.
1319 1400 1379 1451 '0
1425 1399 1493 1452 δὲ
1542 1401 1724 1465 τόπος
1771 1399 1878 1453 τοῦ

290 1487 585 1557 μεγέθους
612 1489 683 1541 ὲν
717 1489 863 1558 ἡμῖν
888 1492 903 1519 ¹
934 1491 1067 1543 ἐστι
1106 1490 1179 1543 δι’
1217 1488 1376 1559 ἡμᾶς
1403 1490 1874 1559 ἐγκαταστῆσαι.

296 1578 575 1648 Λάμϐανε
633 1580 868 1648 πρῶτον
918 1581 1021 1635 ἀπ’
1072 1581 1220 1651 ἐμοῦ
1277 1582 1377 1634 καὶ
1439 1581 1513 1635 δι’
1564 1583 1709 1652 ἐμοῦ
1765 1582 1880 1648 τὴν

295 1671 493 1741 χάριν.
527 1674 907 1740 Εὐτρέπισον
950 1674 1241 1743 σεαυτὴν,
1274 1675 1355 1741 ὡς
1396 1678 1599 1745 νύμφη
1638 1674 1879 1744 ἐκδεχο-

292 1765 445 1836 μένη
491 1767 599 1819 τὸν
632 1768 894 1835 νυμφίον
938 1767 1180 1834 ἑαυτῆς,
1222 1769 1323 1820 ἵνα
1360 1768 1475 1835 ἔσῃ
1526 1768 1558 1821 ὃ
1601 1766 1735 1836 ἐγὼ,
1779 1767 1876 1819 καὶ

1979 591 2118 645 quas
2144 591 2270 631 esse
2301 576 2494 646 dignas
2529 576 2830 640 censuerit,
2856 575 3103 631 eamdem
3131 575 3243 630 illis
3271 573 3553 629 divinandi

1978 668 2089 721 vim
2157 668 2386 722 tribuat.
2443 665 2581 721 Nam
2638 681 2767 721 cum
2827 667 3154 721 mulieribus
3203 666 3552 736 potissimum

1979 768 2248 825 versatur,
2297 758 2614 827 eisdemque
2657 757 2893 826 eleganti
2938 763 3161 817 ornatu,
3214 770 3279 809 ac
3314 760 3553 824 purpura

1980 850 2345 921 prietextatis,
2379 858 2433 905 et
2473 849 2859 919 locupletibus,
2895 860 3035 918 quas
3068 854 3130 899 ut
3155 846 3225 900 ad
3254 861 3375 901 sese
3404 845 3558 915 pelli-

1978 942 2109 1002 ciat,
2138 934 2219 992 sic
2248 952 2343 992 eas
2372 938 2663 993 blandiens
2692 937 2986 1007 alloquitur
3021 955 3035 991 :
3061 935 3209 990 Libet
3237 937 3428 1006 gratia:
3461 934 3555 988 tibi

1979 1049 2109 1087 mea:
2142 1033 2346 1103 aliquid
2376 1050 2669 1104 aspergere,
2700 1035 2952 1105 quoniam
2972 1050 3149 1087 rerum
3174 1034 3408 1087 omnium
3442 1031 3555 1085 Pa-

1980 1143 2100 1180 rens
2137 1128 2380 1197 angelum
2412 1136 2559 1181 tuum
2597 1126 2817 1181 assiduo
2852 1143 3032 1180 coram
3063 1142 3173 1180 sese
3195 1126 3353 1179 videt.
3381 1123 3555 1178 Locus

1979 1235 2139 1287 porro
2170 1219 2553 1289 magnitudinis
2607 1228 2711 1273 tuae
2751 1220 2804 1272 in
2849 1218 2998 1271 nobis
3022 1227 3121 1272 est.
3158 1216 3224 1270 In
3252 1232 3415 1269 unum
3431 1230 3558 1268 coa-

1982 1314 2174 1366 lescere
2212 1329 2307 1366 nos
2336 1321 2539 1381 oportet
2572 1328 2591 1366 :
2630 1314 2862 1381 primum
2889 1312 3056 1382 igitur
3092 1328 3127 1364 α
3160 1327 3239 1364 me
3271 1326 3335 1363 ac
3364 1324 3455 1377 per
3477 1323 3558 1363 me

1980 1407 2210 1475 gratiam
2273 1406 2468 1474 accipe.
2552 1404 2808 1472 Pra'para
2888 1412 2953 1468 te,
3026 1413 3278 1470 tanquam
3361 1415 3559 1469 sponsa

1980 1516 2232 1567 sponsum
2264 1515 2418 1553 suum
2457 1510 2784 1566 exspectans,
2816 1505 2948 1549 utet
2981 1506 3037 1549 tu
3058 1496 3288 1563 idipsum
3312 1496 3388 1548 sis
3418 1492 3556 1563 quod

1980 1607 2071 1661 ego
2101 1607 2240 1654 sum,
2284 1599 2335 1644 et
2371 1607 2464 1659 ego
2487 1590 2591 1643 sim
2620 1588 2759 1659 quod
2797 1597 2851 1641 tu
2884 1604 2957 1642 es.
2994 1588 3121 1657 Age,
3180 1588 3313 1640 lucis
3354 1586 3559 1640 semina

1982 1683 2037 1735 in
2072 1683 2308 1735 thalamo
2348 1691 2438 1735 tuo
2467 1681 2693 1735 colloca.
2727 1681 2916 1748 Accipe
2955 1697 2988 1733 a
3019 1696 3099 1732 me
3120 1693 3562 1747 sponsum,eum-

1980 1788 2077 1841 que
2106 1788 2254 1841 cape.
2273 1781 2322 1827 et
2355 1772 2420 1826 ab
2459 1788 2518 1825 eo
2553 1787 2758 1841 capere.
2795 1770 2928 1825 Ecce
2955 1770 3222 1824 descendit
3251 1771 3307 1823 in
3351 1778 3400 1823 te
3433 1784 3559 1839 gra-t

292 1853 411 1924 ἐγὼ
445 1853 477 1907 ὃ
525 1855 628 1908 σύ.
666 1854 1046 1923 Καθίὸρυσον
1095 1856 1165 1909 ἐν
1206 1856 1288 1923 τῷ
1318 1855 1598 1925 νυμφῶνί
1651 1873 1768 1909 σου
1816 1856 1884 1909 τὸ

1991 1865 2095 1929 tia;
2128 1865 2275 1933 aperi
2296 1880 2355 1917 os
2388 1873 2557 1925 tuum,
2587 1871 2637 1916 et
2668 1862 2981 1916 vaticinare.
3030 1861 3112 1915 Ad
3170 1861 3286 1915 haec
3337 1876 3561 1931 respon-

293 1945 535 2015 σπέρμα
562 1946 671 2001 τοῦ
700 1948 914 2016 φωτός.
937 1948 1093 2003 Λάϐε
1115 1949 1249 2018 παρ’
1282 1949 1429 2018 ἐμοῦ
1460 1948 1567 2002 τὸν
1591 1949 1873 2017 νυμφίον,

296 2039 395 2092 καὶ
424 2037 705 2106 χώρησον
732 2040 940 2103 αὑτὸν,
967 2041 1064 2094 καὶ
1091 2042 1389 2111 χωρήθητι
1426 2041 1497 2093 ἐν
1521 2040 1701 2105 αὐτῷ.
1726 2040 1873 2094 Ἰδοὺ

292 2127 334 2195 ἢ
362 2128 535 2198 χάρις
558 2129 859 2197 κατῆλθεν
879 2132 979 2185 ἐπὶ
1020 2132 1095 2186 σέ
1113 2150 1126 2164 ο
1154 2133 1401 2198 ἄνοιξον
1425 2133 1491 2186 τὸ
1519 2135 1713 2202 στόμα
1734 2148 1872 2199 σου,

295 2220 394 2273 καὶ
424 2221 872 2289 προφήτεηυσον.
898 2224 1013 2294 Τῆς
1038 2226 1094 2278 δὲ
1117 2226 1375 2293 γυναικὸς
1411 2225 1869 2297 άποκρινομένης,

299 2314 384 2369 Οὐ
412 2317 835 2386 προεφήτευσα
879 2318 1135 2380 πώποτε,
1175 2316 1275 2369 καὶ
1326 2319 1435 2370 οὐκ
1476 2314 1610 2372 οἴδα
1645 2332 1873 2386 προφη-

1982 1957 2147 2012 dcnte
2185 1955 2388 2011 femina
2417 1973 2430 2009 :
2464 1953 2752 2027 Nunquam
2786 1954 3079 2008 vaticinata
3111 1970 3251 2017 sum,
3279 1970 3441 2025 neque
3466 1970 3561 2008 va-

1984 2045 2200 2098 ticinari
2229 2044 2338 2097 scio
2380 2058 2399 2095 :
2445 2044 2536 2098 ille
2588 2052 2769 2099 certas
2827 2044 3203 2099 invocationes
3250 2043 3559 2113 proferens,

1981 2152 2205 2192 rursum
2268 2144 2331 2190 ut
2382 2136 2594 2191 stolida:
2628 2137 2706 2190 illi
2765 2144 3047 2206 stuporem
3094 2136 3340 2209 injiciat:
3378 2134 3558 2205 Aperi.

1981 2226 2186 2297 inquit,
2224 2243 2282 2279 os
2315 2234 2485 2292 tuum,
2509 2236 2559 2281 et
2581 2227 2837 2297 quidquid
2875 2226 3107 2281 volueris
3141 2227 3373 2297 loquere,
3408 2235 3565 2281 etv:-

1981 2318 2308 2372 ticinaberis.

294 2412 512 2475 τεύειν,
565 2410 882 2481 ἐπικλήσεις
949 2409 1102 2473 τινὰς
1154 2408 1511 2478 ποιούμενος,
1559 2410 1624 2462 ἐκ
1683 2411 1935 2482 δευτέρου
2002 2413 2082 2474 είς
2154 2407 2493 2479 κατάπληξιν
2542 2408 2643 2479 τῆς
2708 2408 3115 2480 ἀπατωμένης,
3181 2410 3345 2479 φησὶν
3399 2411 3560 2483 aut?

298 2507 571 2571 Ἄνοιξον
608 2507 675 2561 τὸ
712 2508 907 2575 στόμα
932 2520 1070 2567 σου,
1105 2503 1383 2573 λάλησον
1415 2505 1449 2557 ὅ
1495 2523 1549 2558 τι
1592 2506 1836 2573 δήποτε,
1866 2507 1965 2561 καὶ
2003 2505 2414 2576 προφητεύεις.

377 2602 442 2654 Ἠ
476 2600 553 2664 δὲ,
586 2599 947 2671 χαυνωθεῖσα,
972 2600 1067 2652 καὶ
1099 2598 1450 2667 κεπφωθεῖσα
1472 2600 1577 2653 ὑπὸ
1607 2600 1715 2653 τῶν
1748 2618 1882 2672 προσ·

297 2709 419 2763 ειρη
431 2691 625 2761 μένων,
656 2690 1111 2761 διαθερμανθεῑσα
1137 2689 1233 2761 τὴν
1256 2689 1434 2760 ψυχὴν
1458 2691 1563 2744 ὑπὸ
1585 2692 1683 2763 τῆς
1714 2709 1883 2763 προσ-

296 2784 483 2848 δοκίας
510 2783 605 2837 τοῦ
642 2784 854 2853 μέλλειν
886 2783 1055 2853 αὐτὴν
1094 2782 1483 2853 προφητεύειν,
1518 2783 1618 2854 τῆς
1655 2785 1881 2853 καρδίας

298 2874 461 2927 πλέον
496 2873 590 2926 τοῦ
621 2874 833 2937 δέοντος
883 2873 1226 2943 παλλούσης,
1259 2873 1540 2944 ἀποτολμᾷ
1581 2873 1758 2928 λαλεῖν
1786 2874 1883 2945 λη-

300 2966 470 3039 ρώδη,
499 2968 593 3021 καὶ
628 2966 698 3019 τὰ
738 2966 971 3037 τυχόντα
999 2966 1182 3019 πάντα
1212 2965 1387 3029 κενῶς
1429 2968 1524 3019 καὶ
1567 2967 1878 3037 τολμηρῶς,

300 3060 400 3113 ἅτε
426 3058 552 3113 ύπὸ
602 3059 762 3113 κενοῦ
802 3059 1221 3131 τεθερμασμένη
1254 3058 1567 3129 πνεύματος
1587 3076 1600 3089 ·
1642 3060 1821 3123 καθὼς
1853 3064 1881 3113 ὁ

300 3152 572 3223 κρείσσων
609 3151 765 3222 ἡμῶν
815 3150 917 3221 ἔφη
962 3152 1089 3221 περὶ
1138 3150 1245 3203 τῶν
1278 3150 1566 3204 τοιούτων·
1603 3153 1723 3203 Ὅτι
1763 3152 1879 3205 τολ-

2061 2600 2157 2655 Illa
2193 2600 2505 2656 istiusmodi
2540 2600 2725 2654 inﬂata
2775 2599 2983 2664 verbis,
3012 2599 3289 2670 elataque,
3338 2613 3403 2653 ac
3436 2614 3565 2670 pro-

1990 2694 2190 2765 phetici
2248 2692 2400 2747 illius
2459 2692 2673 2747 amatus
2739 2692 3151 2761 exspectatione
3204 2688 3563 2756 inﬂammata,

1989 2786 2287 2857 palpitantc
2320 2785 2445 2855 plus
2488 2785 2653 2839 solito
2687 2791 2928 2854 pectore,
2967 2797 3143 2853 nugas
3188 2783 3455 2853 quasdam
3486 2783 3568 2837 ef-

1988 2878 2175 2941 futire,
2208 2892 2271 2930 ac
2307 2875 2575 2945 quidquid
2625 2876 2681 2929 in
2740 2876 2966 2930 buccam
3020 2876 3231 2929 venerit
3284 2873 3568 2929 effundere

1989 2984 2099 3022 non
2126 2967 2359 3026 dubitat,
2402 2983 2511 3021 non
2543 2967 2725 3020 minus
2760 2982 2901 3020 vane
2928 2982 3092 3036 quam
3131 2975 3353 3030 temere,
3378 2973 3570 3035 utpote

1991 3060 2142 3114 inani
2207 3060 2404 3129 spiritu
2450 3059 2739 3113 calefacta.
2799 3057 2956 3125 Nam,
3017 3066 3077 3111 ut
3131 3058 3353 3128 quidam
3410 3057 3569 3112 nobis

1991 3154 2162 3207 multo
2216 3152 2569 3221 praestantior
2626 3152 2694 3205 de
2742 3150 3060 3206 hominibus
3093 3150 3365 3219 ejusmodi
3405 3150 3567 3217 dixit,

304 3244 480 3314 μηρὸν
513 3245 608 3297 καὶ
640 3244 856 3302 ἀναιδὲς
898 3245 1042 3315 ψυχὴ
1096 3245 1239 3316 κενῷ
1274 3246 1394 3317 ἀέρι
1440 3246 1840 3318 θερμαινομένη
1863 3263 1878 3277 ·

1991 3242 2167 3296 audax
2210 3250 2263 3296 et
2314 3242 2605 3312 impudens
2651 3249 2735 3296 est
2787 3243 3005 3295 animus
3037 3242 3184 3294 inani
3214 3255 3339 3295 aere
3362 3240 3568 3295 calefa—

301 3337 399 3389 καὶ
430 3337 538 3389 ἀπὸ
575 3337 765 3390 τούτου
792 3337 977 3390 λοιπὸν
1017 3339 1327 3410 προφήτιδα
1372 3340 1568 3411 ἑαυτὴν
1601 3340 1881 3410 μεταλαμ-

303 3424 458 3478 ϐάνει
486 3427 527 3490 ’,
579 3427 671 3479 καὶ
718 3429 1032 3498 εὐχαριστεῖ
1079 3429 1291 3500 Μάρκῳ
1323 3431 1400 3500 τῷ
1445 3431 1733 3483 ἐπιδιδόντι
1784 3430 1881 3499 τῆς

305 3520 442 3583 ἰδίας
466 3522 690 3593 χάριτος
722 3523 881 3593 αὐτῇ.
912 3523 1021 3575 Καὶ
1061 3523 1384 3592 ἀμείϐεσθαι
1426 3523 1587 3575 αὑτὸν
1628 3524 1881 3592 πειρᾶται

303 3614 363 3667 ού
397 3614 559 3685 μόνον
596 3614 737 3667 κατὰ
774 3615 873 3685 τὴν
902 3614 1012 3668 τῶν
1049 3615 1407 3685 ὑπαρχόντων
1436 3615 1601 3679 δόσιν,
1636 3614 1757 3666 ὅθεν
1790 3615 1884 3666 καὶ

304 3706 605 3778 χρημάτων
638 3705 842 3776 πλῆθος
872 3706 1006 3759 πολὺ
1048 3708 1420 3778 συνενήνοχεν,
1453 3705 1702 3758 ἀλλὰκαὶ
1742 3705 1883 3757 κατὰ

304 3801 405 3870 τήν
448 3799 544 3852 τοῦ
589 3799 838 3870 σώματος
882 3798 1184 3858 κοινωνίαν,
1226 3797 1369 3851 κατὰ
1410 3797 1589 3850 πάντα
1634 3794 1885 3849 ὲνοῦσθαι

304 3890 457 3962 αὓτῷ
494 3890 943 3961 προθυμουμένη.
980 3890 1066 3942 ἵνα
1118 3890 1215 3941 σὺν
1256 3889 1405 3957 αύτῷ
1436 3889 1667 3959 κατέλθῃ
1717 3890 1795 3951 εἰς
1829 3888 1888 3941 τὸ

305 3984 387 4038 ἓν.
422 3984 559 4055 Ἤδη
619 3984 675 4036 δὲ
724 3984 835 4036 τῶν
887 3983 1168 4053 προτέρων
1199 3982 1218 4012 ³
1270 3982 1413 4046 τινὲς
1462 3981 1736 4049 γυναικῶν
1782 3980 1888 4033 τῶν

306 4076 550 4147 ἐχουσῶν
583 4076 676 4128 τὸν
702 4075 864 4145 φόϐον
885 4074 979 4127 τοῦ
1003 4072 1159 4138 Θεοῦ,
1192 4073 1286 4126 καὶ
1324 4074 1397 4144 μὴ
1422 4072 1885 4144 ἐξαπατηθεισῶν,

306 4168 375 4233 ἃς
429 4169 629 4238 ὁμοίως
682 4172 801 4232 ταῖς
862 4168 1079 4231 λοιπαῖς
1126 4167 1452 4238 ἐπετήδευσε
1507 4163 1886 4236 παραπείθειν,

307 4260 548 4315 κελεύων
590 4261 782 4324 αὐταῖς
834 4258 1237 4330 προφητεύειν,
1284 4258 1378 4311 καὶ
1435 4256 1891 4327 καταφυσήσασαι

308 4355 407 4407 καὶ
443 4352 952 4423 καταθεματίσασαι
980 4352 1163 4415 αὐτὸν,
1191 4349 1568 4421 ἐχωρίσθησαν
1590 4347 1681 4400 τοῦ
1712 4346 1890 4399 τοιού-

308 4463 404 4499 του
446 4445 670 4499 θιάσου·
708 4444 952 4515 ἀκριΰῶς
983 4443 1175 4496 εἰδυῖαι
1200 4482 1218 4506 ,
1263 4443 1344 4495 ὅτι
1389 4439 1757 4512 προφητεύειν
1794 4439 1893 4508 ούχ

311 4538 418 4590 ὑπὸ
458 4537 686 4608 Μάρκου
728 4537 820 4591 τοῦ
871 4538 1046 4607 μάγου
1090 4536 1362 4603 ἐγγίνεται
1410 4536 1519 4595 τοῖς
1563 4531 1889 4603 ἀνθρώποις,

312 4628 427 4682 ἀλλ’
454 4624 534 4692 οἷς
555 4629 620 4682 ἂν
644 4631 671 4682 ό
700 4628 833 4692 Θεὸς
862 4628 1065 4681 ἄνωθεν
1095 4627 1257 4679 ὲπιπέ
1268 4626 1383 4696 μψῃ
1405 4624 1504 4693 τὴν
1524 4624 1682 4694 χάριν
1707 4622 1894 4685 αὐτοῦ,

313 4718 458 4775 οὗτοι
504 4720 782 4773 θεόσδοτον
831 4719 1011 4789 έχουσι
1062 4718 1159 4789 τὴν
1206 4716 1575 4789 προφητείαν,
1630 4714 1722 4766 καὶ
1776 4712 1897 4766 τότε

314 4812 570 4867 λαλοῦσιν
592 4812 720 4865 ἔνθα
750 4812 843 4865 καὶ
875 4811 1039 4864 ὁπότε
1072 4810 1204 4871 Θεὸς
1234 4808 1503 4877 βούλεται,
1536 4804 1653 4859 ἀλλ’
1687 4806 1785 4875 οὐχ
1807 4804 1897 4856 ὅτε

314 4907 544 4978 Μάρκος
588 4903 819 4957 κελεύει.
858 4903 931 4955 Τὸ
966 4901 1074 4970 γὰρ
1125 4899 1348 4952 κελεῦον
1388 4897 1483 4950 τοῦ
1538 4894 1896 4965 κελευομένου

318 4996 506 5069 μεῖζόν
534 5014 595 5049 τε
632 4997 724 5050 καὶ
752 4993 1107 5067 κυριώτερον.
1146 4994 1303 5046 Ἐπεὶ
1334 4991 1394 5044 τὸ
1425 4990 1523 5061 μὲν
1548 4990 1895 5059 προηγεῖται,

314 5090 377 5143 τδ
419 5090 475 5142 δὲ
516 5089 902 5141 ὑποτέτακται.
942 5088 1005 5139 Et
1054 5082 1145 5138 οὖν
1189 5086 1415 5152 Μάρκος
1467 5082 1564 5153 μὲν
1598 5077 1830 5143 κελεύει,
1864 5077 1899 5149 ἢ

317 5182 477 5245 ἄλλος
502 5198 608 5245 τις,
641 5180 717 5241 ὡς
746 5178 1001 5232 εἰώθασιν
1032 5179 1124 5230 ἐπὶ
1161 5179 1271 5239 τοῖς
1298 5175 1534 5237 δείπνοις
1573 5171 1669 5225 τοῦ
1698 5171 1899 5241 κλήρου

316 5271 463 5331 οὗτοι
488 5274 720 5328 πάντοτε
748 5272 985 5336 παίζειν,
1011 5272 1105 5325 καὶ
1140 5270 1388 5340 ἀλλήλοις
1420 5264 1803 5337 ἐγκελεύεσθαι
1836 5263 1900 5315 τὸ

318 5366 707 5439 προφητεύειν,
746 5364 841 5417 καὶ
871 5364 1007 5433 πρὸς
1042 5361 1142 5425 τὰς
1178 5360 1312 5424 ἰδίας
1357 5357 1653 5428 ἐπιθυμίας
1686 5356 1900 5416 ἑαυτοῖς

321 5459 718 5532 μαντεύεσθαι*
769 5458 918 5509 ἔσται
959 5458 987 5508 ὁ
1039 5454 1275 5507 κελεύων
1323 5452 1523 5523 μείζων
1563 5467 1621 5502 τε
1667 5446 1760 5501 καὶ
1801 5462 1901 5497 κυ-

320 5552 585 5629 ριώτερος
613 5550 709 5605 τοῦ
738 5548 1081 5621 προφητικοῦ
1117 5546 1429 5616 πνεύματος
1448 5584 1462 5606 ,
1499 5541 1787 5613 ἄνθρωπος
1804 5537 1899 5604 ὢν,

1990 3342 2147 3388 ctus.
2171 3334 2244 3387 Ex
2301 3334 2397 3387 illo
2448 3334 2706 3403 deinceps
2758 3342 3000 3402 tempore
3042 3340 3216 3387 vatem
3263 3348 3323 3387 se
3373 3333 3571 3386 mulier

1989 3427 2288 3489 existimat,
2320 3437 2374 3481 et
2418 3424 2622 3487 Marco,
2659 3426 2753 3495 qui
2796 3426 2863 3479 de
2895 3440 2992 3479 sua
3044 3425 3098 3477 in
3147 3424 3321 3492 ipsam
3370 3424 3573 3477 virtute

1990 3518 2313 3584 transfudit,
2364 3519 2569 3589 gratias
2610 3519 2741 3588 agit,
2790 3517 2975 3587 itaque
3016 3516 3223 3570 referre
3273 3517 3477 3584 studet,
3513 3527 3572 3571 ut

1990 3628 2101 3667 non
2133 3612 2382 3665 fortunas
2415 3610 2577 3665 modo
2612 3624 2743 3665 suas
2788 3610 2838 3663 ei
2900 3609 3199 3679 largiatur;
3235 3607 3380 3661 unde
3407 3623 3574 3677 pecu-

1993 3704 2211 3755 niarum
2254 3702 2529 3770 ingentem
2578 3700 2669 3754 ille
2714 3700 2823 3752 vim
2873 3698 3127 3768 collegit;
3159 3712 3351 3752 verum
3407 3698 3573 3753 etiam

1992 3793 2248 3864 corporis
2278 3793 2363 3847 sui
2398 3799 2721 3860 potestatem
2757 3790 2943 3855 faciat,
2989 3806 3113 3843 cum
3151 3806 3325 3861 eoque
3354 3792 3572 3861 penitus

1995 3886 2242 3955 copulari
2272 3884 2476 3955 cupiat,
2510 3891 2569 3937 ut
2600 3885 2655 3937 in
2687 3899 2855 3937 unum
2909 3898 3033 3937 cum
3095 3883 3215 3952 ipso
3264 3885 3574 3939 coalescere

1998 3979 2191 4047 possit.
2224 3976 2329 4032 Sed
2357 3976 2560 4031 accidit
2588 3976 2884 4037 interdum,
2911 3975 3190 4029 nonnullze
3222 3982 3281 4027 ut
3303 3974 3574 4029 fideliores

1997 4065 2157 4136 235
2195 4065 2411 4120 femina:
2433 4080 2497 4118 ac
2522 4065 2719 4119 timore
2745 4062 2839 4118 Dei
2870 4064 3128 4133 praedita},
3158 4079 3258 4118 nec
3282 4065 3350 4117 ab
3368 4064 3460 4118 illo
3480 4065 3577 4120 ne-

1999 4165 2188 4225 ευριπ,
2220 4155 2437 4210 tametsi
2471 4154 2699 4225 perinde
2742 4169 2837 4208 eas
2874 4162 2933 4207 ut
2962 4155 3205 4223 reliquas
3237 4154 3293 4207 in
3324 4153 3575 4209 fraudem

2000 4255 2239 4302 tentaret
2271 4247 2575 4316 impellere,
2600 4260 2663 4299 ac
2689 4246 2977 4301 vaticinari
3003 4246 3284 4315 jussisset,
3314 4244 3461 4298 hunc
3493 4244 3578 4315 ip-

2001 4354 2123 4393 sum
2151 4337 2512 4392 nihilominus
2544 4347 2891 4407 respuerent,
2924 4335 3439 4401 ac-detestareutur,
3490 4350 3578 4391 se-

2001 4448 2107 4502 que
2138 4432 2206 4486 ab
2238 4431 2333 4485 illo
2367 4437 2513 4485 cuitu
2546 4438 2898 4503 segregarem
2946 4447 2959 4484 :
3009 4429 3153 4483 haud
3206 4429 3411 4499 ignarae
3442 4429 3577 4499 quin

2005 4522 2362 4593 prophetandi
2398 4523 2483 4577 vis
2542 4539 2651 4576 non
2685 4537 2713 4575 a
2748 4522 2932 4577 Marco
2964 4522 3238 4577 derivaret
3286 4522 3344 4575 in
3400 4520 3580 4577 homi-

2006 4632 2123 4678 nes,
2160 4615 2255 4670 sed
2292 4616 2359 4670 iis
2399 4615 2601 4685 potius,
2649 4615 2852 4685 quibus
2881 4614 3146 4669 divinitus
3192 4629 3393 4669 munus
3444 4612 3577 4667 illud

2005 4715 2153 4761 esset
2182 4706 2444 4771 oblatum,
2478 4707 2743 4777 singulari
2773 4706 3011 4778 quodam
3047 4704 3315 4761 beneficio
3359 4704 3581 4760 contin-

2005 4806 2189 4869 geret;
2214 4796 2306 4868 qui
2338 4812 2447 4851 non
2478 4797 2642 4853 simul
2668 4806 2832 4869 atque
2860 4796 3080 4852 Marcus
3110 4797 3453 4865 imperasset,
3485 4795 3582 4851 sed

2005 4889 2321 4958 ubicunque
2344 4902 2407 4945 ac
2434 4886 2874 4958 quandocunque
2904 4886 3045 4942 Deus
3075 4886 3258 4948 vellet,
3285 4885 3581 4954 loqueren-

2002 4988 2114 5034 tur.
2139 4980 2275 5034 Nam
2310 4980 2455 5051 quod
2490 4979 2647 5035 alteri
2672 4979 2827 5049 jubet
2866 4976 3092 5048 aliquid,
3130 4976 3185 5031 id
3218 4993 3283 5032 eo
3308 4976 3581 5044 cuijuhe-

2007 5079 2097 5125 tur
2120 5070 2297 5140 majus
2325 5077 2410 5125 est
2436 5084 2499 5124 ac
2530 5070 2880 5139 praestantius
2900 5067 3198 5139 {quoniam
3221 5066 3352 5121 illud
3380 5067 3579 5135 prima-

2008 5163 2176 5229 rium,
2204 5162 2309 5218 hoc
2341 5161 2574 5217 inferius
2607 5170 2693 5216 est
2717 5167 2773 5213 et
2803 5160 3135 5229 subjectum.
3164 5156 3340 5228 Igitur
3366 5157 3412 5211 si
3435 5154 3580 5209 Mar—

2010 5272 2108 5312 cus
2138 5256 2389 5328 imperat,
2418 5256 2629 5310 aliusve
2661 5255 2807 5324 quis,
2845 5253 2923 5307 uti
2955 5266 3076 5307 mos
3099 5258 3185 5306 est
3217 5251 3275 5305 in
3317 5247 3584 5303 conviviis

2008 5349 2206 5405 sortito
2252 5362 2317 5402 ac
2356 5363 2456 5418 per
2487 5348 2679 5402 ludum
2710 5346 2913 5409 facere,
2941 5358 3110 5414 seque
3138 5342 3371 5398 invicem
3404 5340 3472 5395 ad
3501 5339 3585 5394 di-

2008 5440 2333 5507 vinandum,
2387 5454 2452 5494 ac
2479 5439 2586 5494 sibi
2614 5440 2720 5510 ipsi
2748 5435 3185 5500 vaticinandum,
3221 5440 3281 5488 ut
3313 5445 3587 5502 quemque

2010 5532 2182 5588 libido
2208 5531 2333 5600 fert,
2360 5530 2657 5602 impellere,
2690 5530 2794 5587 erit
2841 5530 2891 5586 is
2941 5529 3037 5602 qui
3080 5527 3239 5601 jubet
3267 5526 3433 5581 homo
3462 5535 3588 5596 pro-

292 5806 309 5839 ⁴
398 5800 416 5835 ⁸
444 5802 586 5856 lren.
622 5816 715 5853 σου
742 5798 802 5850 ὲν
838 5798 937 5867 ήμ.
975 5803 1030 5851 et
1082 5812 1203 5849 mox
1244 5795 1324 5847 δεῖ
1365 5794 1511 5866 ἡμᾶς
1551 5792 1607 5845 ἓν
1638 5806 1831 5843 κατασ.

1991 5784 2090 5841 "or.
2128 5783 2520 5857 ὑπολαμϐάνει.
2598 5786 2618 5817 ³
2648 5783 2788 5841 lren.
2821 5782 3177 5853 πιστοτέρων.

694 5892 967 5954 Parnm.
999 5893 1117 5953 Gn.
1168 5890 1329 5951 XLI.

3159 5871 3235 5933 19
