  <div class='ocr_page' id='page_1' title='image "/cluster/home/n/w/nwhite01/storage/ocr_20150623/41/nnc1.0046978747/335.png"; bbox 0 0 4134 6388; ppageno 0'>
   <div class='ocr_carea' id='block_1_1' title="bbox 496 392 608 450">
    <p class='ocr_par' dir='ltr' id='par_1_1' title="bbox 496 392 608 450">
     <span class='ocr_line' id='line_1_1' title="bbox 496 392 608 450; baseline 0.018 -2"><span class='ocrx_word' id='word_1_1' title='bbox 496 392 608 450; x_wconf 70' lang='lat'><strong>£33</strong></span> 
     </span>
    </p>
   </div>
   <div class='ocr_carea' id='block_1_2' title="bbox 1919 385 2371 447">
    <p class='ocr_par' dir='ltr' id='par_1_2' title="bbox 1919 385 2371 447">
     <span class='ocr_line' id='line_1_2' title="bbox 1919 385 2371 447; baseline -0.015 0"><span class='ocrx_word' id='word_1_2' title='bbox 1919 390 1979 447; x_wconf 87' lang='lat' dir='ltr'><strong>S.</strong></span> <span class='ocrx_word' id='word_1_3' title='bbox 2019 385 2371 445; x_wconf 71' lang='lat' dir='ltr'><strong>EPIPHANI!</strong></span> 
     </span>
    </p>
   </div>
   <div class='ocr_carea' id='block_1_3' title="bbox 3691 372 3813 441">
    <p class='ocr_par' dir='ltr' id='par_1_3' title="bbox 3691 372 3813 441">
     <span class='ocr_line' id='line_1_3' title="bbox 3691 372 3813 441; baseline 0 -11"><span class='ocrx_word' id='word_1_4' title='bbox 3691 372 3813 441; x_wconf 58' lang='lat'><strong>533</strong></span> 
     </span>
    </p>
   </div>
   <div class='ocr_carea' id='block_1_4' title="bbox 493 496 2086 580">
    <p class='ocr_par' dir='ltr' id='par_1_4' title="bbox 493 505 2086 580">
     <span class='ocr_line' id='line_1_4' title="bbox 493 505 2086 580; baseline -0.003 -17"><span class='ocrx_word' id='word_1_5' title='bbox 493 506 820 580; x_wconf 82' lang='lat' dir='ltr'><strong>Cujusmodi</strong></span> <span class='ocrx_word' id='word_1_6' title='bbox 849 508 1076 579; x_wconf 69' lang='lat' dir='ltr'><strong>magicae</strong></span> <span class='ocrx_word' id='word_1_7' title='bbox 1106 507 1241 564; x_wconf 83' lang='lat' dir='ltr'><strong>artis</strong></span> <span class='ocrx_word' id='word_1_8' title='bbox 1272 505 1528 564; x_wconf 76' lang='lat' dir='ltr'><strong>fallacias</strong></span> <span class='ocrx_word' id='word_1_9' title='bbox 1561 508 1656 580; x_wconf 88' lang='lat' dir='ltr'><strong>qui</strong></span> <span class='ocrx_word' id='word_1_10' title='bbox 1690 508 1899 571; x_wconf 87' lang='lat' dir='ltr'><strong>vident,</strong></span> <span class='ocrx_word' id='word_1_11' title='bbox 1941 515 2003 561; x_wconf 90' lang='lat' dir='ltr'><strong>ut</strong></span> <span class='ocrx_word' id='word_1_12' title='bbox 2033 507 2086 560; x_wconf 89' lang='lat' dir='ltr'><strong>al</strong></span> 
     </span>
    </p>
   </div>
   <div class='ocr_carea' id='block_1_5' title="bbox 2189 496 3811 580">
    <p class='ocr_par' dir='ltr' id='par_1_5' title="bbox 2205 496 3811 576">
     <span class='ocr_line' id='line_1_5' title="bbox 2205 496 3811 576; baseline 0 -19"><span class='ocrx_word' id='word_1_13' title='bbox 2205 504 2357 568; x_wconf 85' lang='grc' dir='ltr'><strong>τινὰς</strong></span> <span class='ocrx_word' id='word_1_14' title='bbox 2411 504 2470 558; x_wconf 91' lang='grc' dir='ltr'><strong>ἐν</strong></span> <span class='ocrx_word' id='word_1_15' title='bbox 2523 503 2713 575; x_wconf 75' lang='grc' dir='ltr'><strong>χερσὶν</strong></span> <span class='ocrx_word' id='word_1_16' title='bbox 2762 501 2930 558; x_wconf 79' lang='grc' dir='ltr'><strong>αὐτοῦ</strong></span> <span class='ocrx_word' id='word_1_17' title='bbox 2985 500 3353 556; x_wconf 76' lang='grc' dir='ltr'><strong>ἐπιτελεῖσθαι</strong></span> <span class='ocrx_word' id='word_1_18' title='bbox 3392 502 3626 556; x_wconf 73' lang='grc' dir='ltr'><strong>καὶτῶν</strong></span> <span class='ocrx_word' id='word_1_19' title='bbox 3668 496 3811 576; x_wconf 82' lang='grc' dir='ltr'><strong>παρ’</strong></span> 
     </span>
    </p>
   </div>
   <div class='ocr_carea' id='block_1_6' title="bbox 495 593 2095 670">
    <p class='ocr_par' dir='ltr' id='par_1_6' title="bbox 495 593 2095 670">
     <span class='ocr_line' id='line_1_6' title="bbox 495 593 2095 670; baseline 0.003 -20"><span class='ocrx_word' id='word_1_20' title='bbox 495 593 593 654; x_wconf 88' lang='lat' dir='ltr'><strong>illo</strong></span> <span class='ocrx_word' id='word_1_21' title='bbox 618 600 898 670; x_wconf 85' lang='lat' dir='ltr'><strong>quondam</strong></span> <span class='ocrx_word' id='word_1_22' title='bbox 919 599 1051 655; x_wconf 91' lang='lat' dir='ltr'><strong>dum</strong></span> <span class='ocrx_word' id='word_1_23' title='bbox 1081 600 1308 663; x_wconf 75' lang='lat' dir='ltr'><strong>viveret,</strong></span> <span class='ocrx_word' id='word_1_24' title='bbox 1343 601 1426 655; x_wconf 89' lang='lat' dir='ltr'><strong>sic</strong></span> <span class='ocrx_word' id='word_1_25' title='bbox 1457 601 1527 655; x_wconf 90' lang='lat' dir='ltr'><strong>ab</strong></span> <span class='ocrx_word' id='word_1_26' title='bbox 1552 601 1701 655; x_wconf 91' lang='lat' dir='ltr'><strong>illius</strong></span> <span class='ocrx_word' id='word_1_27' title='bbox 1726 599 1889 655; x_wconf 89' lang='lat' dir='ltr'><strong>modo</strong></span> <span class='ocrx_word' id='word_1_28' title='bbox 1915 610 2095 655; x_wconf 85' lang='lat' dir='ltr'><strong>secta-</strong></span> 
     </span>
    </p>
   </div>
   <div class='ocr_carea' id='block_1_7' title="bbox 496 688 2098 745">
    <p class='ocr_par' dir='ltr' id='par_1_7' title="bbox 496 688 2098 745">
     <span class='ocr_line' id='line_1_7' title="bbox 496 688 2098 745; baseline -0.001 -1"><span class='ocrx_word' id='word_1_29' title='bbox 496 691 709 745; x_wconf 90' lang='lat' dir='ltr'><strong>toribus</strong></span> <span class='ocrx_word' id='word_1_30' title='bbox 735 688 1005 743; x_wconf 90' lang='lat' dir='ltr'><strong>miracula</strong></span> <span class='ocrx_word' id='word_1_31' title='bbox 1035 688 1152 743; x_wconf 82' lang='lat' dir='ltr'><strong>fieri</strong></span> <span class='ocrx_word' id='word_1_32' title='bbox 1175 689 1539 745; x_wconf 74' lang='lat' dir='ltr'><strong>arbitrantur.</strong></span> <span class='ocrx_word' id='word_1_33' title='bbox 1568 688 1704 745; x_wconf 87' lang='lat' dir='ltr'><strong>Cum</strong></span> <span class='ocrx_word' id='word_1_34' title='bbox 1735 689 1882 745; x_wconf 91' lang='lat' dir='ltr'><strong>enim</strong></span> <span class='ocrx_word' id='word_1_35' title='bbox 1914 695 2098 743; x_wconf 86' lang='lat' dir='ltr'><strong>mente</strong></span> 
     </span>
    </p>
   </div>
   <div class='ocr_carea' id='block_1_8' title="bbox 494 778 2097 851">
    <p class='ocr_par' dir='ltr' id='par_1_8' title="bbox 494 778 2097 851">
     <span class='ocr_line' id='line_1_8' title="bbox 494 778 2097 851; baseline -0.003 -16"><span class='ocrx_word' id='word_1_36' title='bbox 494 781 661 835; x_wconf 86' lang='lat' dir='ltr'><strong>etiam</strong></span> <span class='ocrx_word' id='word_1_37' title='bbox 692 781 796 851; x_wconf 83' lang='lat' dir='ltr'><strong>ipsi</strong></span> <span class='ocrx_word' id='word_1_38' title='bbox 828 780 975 851; x_wconf 87' lang='lat' dir='ltr'><strong>capti</strong></span> <span class='ocrx_word' id='word_1_39' title='bbox 1001 779 1135 845; x_wconf 89' lang='lat' dir='ltr'><strong>sint,</strong></span> <span class='ocrx_word' id='word_1_40' title='bbox 1165 786 1225 833; x_wconf 89' lang='lat' dir='ltr'><strong>ut</strong></span> <span class='ocrx_word' id='word_1_41' title='bbox 1252 779 1358 834; x_wconf 87' lang='lat' dir='ltr'><strong>ista</strong></span> <span class='ocrx_word' id='word_1_42' title='bbox 1384 778 1703 835; x_wconf 81' lang='lat' dir='ltr'><strong>discernere</strong></span> <span class='ocrx_word' id='word_1_43' title='bbox 1735 778 1962 833; x_wconf 88' lang='lat' dir='ltr'><strong>omnino</strong></span> <span class='ocrx_word' id='word_1_44' title='bbox 1995 791 2097 831; x_wconf 87' lang='lat' dir='ltr'><strong>ne-</strong></span> 
     </span>
    </p>
   </div>
   <div class='ocr_carea' id='block_1_9' title="bbox 496 865 2096 940">
    <p class='ocr_par' dir='ltr' id='par_1_9' title="bbox 496 865 2096 940">
     <span class='ocr_line' id='line_1_9' title="bbox 496 865 2096 940; baseline -0.003 -17"><span class='ocrx_word' id='word_1_45' title='bbox 496 878 725 940; x_wconf 89' lang='lat' dir='ltr'><strong>queant,</strong></span> <span class='ocrx_word' id='word_1_46' title='bbox 753 869 983 940; x_wconf 76' lang='lat' dir='ltr'><strong>magicis</strong></span> <span class='ocrx_word' id='word_1_47' title='bbox 1017 867 1367 923; x_wconf 89' lang='lat' dir='ltr'><strong>cantionibus</strong></span> <span class='ocrx_word' id='word_1_48' title='bbox 1400 867 1637 931; x_wconf 88' lang='lat' dir='ltr'><strong>ludicra,</strong></span> <span class='ocrx_word' id='word_1_49' title='bbox 1680 874 1740 921; x_wconf 91' lang='lat' dir='ltr'><strong>ut</strong></span> <span class='ocrx_word' id='word_1_50' title='bbox 1781 882 1892 922; x_wconf 89' lang='lat' dir='ltr'><strong>uno</strong></span> <span class='ocrx_word' id='word_1_51' title='bbox 1928 865 2096 920; x_wconf 88' lang='lat' dir='ltr'><strong>verbo</strong></span> 
     </span>
    </p>
   </div>
   <div class='ocr_carea' id='block_1_10' title="bbox 496 958 2099 1030">
    <p class='ocr_par' dir='ltr' id='par_1_10' title="bbox 496 958 2099 1030">
     <span class='ocr_line' id='line_1_10' title="bbox 496 958 2099 1030; baseline -0.004 -13"><span class='ocrx_word' id='word_1_52' title='bbox 496 962 700 1022; x_wconf 86' lang='lat' dir='ltr'><strong>dicam,</strong></span> <span class='ocrx_word' id='word_1_53' title='bbox 725 961 996 1030; x_wconf 87' lang='lat' dir='ltr'><strong>ejusmodi</strong></span> <span class='ocrx_word' id='word_1_54' title='bbox 1021 960 1308 1016; x_wconf 85' lang='lat' dir='ltr'><strong>tribuenda</strong></span> <span class='ocrx_word' id='word_1_55' title='bbox 1340 975 1449 1015; x_wconf 94' lang='lat' dir='ltr'><strong>non</strong></span> <span class='ocrx_word' id='word_1_56' title='bbox 1475 961 1681 1016; x_wconf 91' lang='lat' dir='ltr'><strong>vident.</strong></span> <span class='ocrx_word' id='word_1_57' title='bbox 1710 958 1870 1014; x_wconf 89' lang='lat' dir='ltr'><strong>Falsa</strong></span> <span class='ocrx_word' id='word_1_58' title='bbox 1896 958 2099 1029; x_wconf 87' lang='lat' dir='ltr'><strong>quippe</strong></span> 
     </span>
    </p>
   </div>
   <div class='ocr_carea' id='block_1_11' title="bbox 496 1050 2093 1125">
    <p class='ocr_par' dir='ltr' id='par_1_11' title="bbox 496 1050 2093 1125">
     <span class='ocr_line' id='line_1_11' title="bbox 496 1050 2093 1125; baseline -0.003 -16"><span class='ocrx_word' id='word_1_59' title='bbox 496 1054 757 1125; x_wconf 89' lang='lat' dir='ltr'><strong>opinione</strong></span> <span class='ocrx_word' id='word_1_60' title='bbox 793 1053 1008 1124; x_wconf 91' lang='lat' dir='ltr'><strong>decepti</strong></span> <span class='ocrx_word' id='word_1_61' title='bbox 1040 1054 1265 1108; x_wconf 84' lang='lat' dir='ltr'><strong>hebetes</strong></span> <span class='ocrx_word' id='word_1_62' title='bbox 1302 1062 1467 1123; x_wconf 89' lang='lat' dir='ltr'><strong>atque</strong></span> <span class='ocrx_word' id='word_1_63' title='bbox 1505 1051 1723 1107; x_wconf 83' lang='lat' dir='ltr'><strong>attoniti</strong></span> <span class='ocrx_word' id='word_1_64' title='bbox 1764 1050 2093 1107; x_wconf 90' lang='lat' dir='ltr'><strong>redduntur.</strong></span> 
     </span>
    </p>
   </div>
   <div class='ocr_carea' id='block_1_12' title="bbox 496 1144 2096 1216">
    <p class='ocr_par' dir='ltr' id='par_1_12' title="bbox 496 1144 2096 1216">
     <span class='ocr_line' id='line_1_12' title="bbox 496 1144 2096 1216; baseline -0.003 -15"><span class='ocrx_word' id='word_1_65' title='bbox 496 1146 706 1203; x_wconf 86' lang='lat' dir='ltr'><strong>Ferunt</strong></span> <span class='ocrx_word' id='word_1_66' title='bbox 746 1145 891 1201; x_wconf 89' lang='lat' dir='ltr'><strong>enim</strong></span> <span class='ocrx_word' id='word_1_67' title='bbox 937 1146 1039 1199; x_wconf 87' lang='lat' dir='ltr'><strong>tria</strong></span> <span class='ocrx_word' id='word_1_68' title='bbox 1079 1146 1223 1216; x_wconf 90' lang='lat' dir='ltr'><strong>apud</strong></span> <span class='ocrx_word' id='word_1_69' title='bbox 1268 1145 1394 1200; x_wconf 88' lang='lat' dir='ltr'><strong>illos</strong></span> <span class='ocrx_word' id='word_1_70' title='bbox 1431 1144 1825 1200; x_wconf 90' lang='lat' dir='ltr'><strong>candidissimo</strong></span> <span class='ocrx_word' id='word_1_71' title='bbox 1858 1160 1927 1198; x_wconf 81' lang='lat' dir='ltr'><strong>ex</strong></span> <span class='ocrx_word' id='word_1_72' title='bbox 1957 1144 2096 1198; x_wconf 90' lang='lat' dir='ltr'><strong>vitro</strong></span> 
     </span>
    </p>
   </div>
   <div class='ocr_carea' id='block_1_13' title="bbox 497 1235 2094 1309">
    <p class='ocr_par' dir='ltr' id='par_1_13' title="bbox 497 1235 2094 1309">
     <span class='ocr_line' id='line_1_13' title="bbox 497 1235 2094 1309; baseline -0.001 -18"><span class='ocrx_word' id='word_1_73' title='bbox 497 1253 624 1293; x_wconf 89' lang='lat' dir='ltr'><strong>vasa</strong></span> <span class='ocrx_word' id='word_1_74' title='bbox 651 1238 981 1309; x_wconf 88' lang='lat' dir='ltr'><strong>comparari,</strong></span> <span class='ocrx_word' id='word_1_75' title='bbox 1012 1239 1069 1291; x_wconf 89' lang='lat' dir='ltr'><strong>in</strong></span> <span class='ocrx_word' id='word_1_76' title='bbox 1097 1252 1219 1307; x_wconf 66' lang='lat' dir='ltr'><strong>quae</strong></span> <span class='ocrx_word' id='word_1_77' title='bbox 1244 1238 1426 1292; x_wconf 88' lang='lat' dir='ltr'><strong>album</strong></span> <span class='ocrx_word' id='word_1_78' title='bbox 1455 1238 1640 1292; x_wconf 88' lang='lat' dir='ltr'><strong>vinum</strong></span> <span class='ocrx_word' id='word_1_79' title='bbox 1667 1235 1934 1302; x_wconf 85' lang='lat' dir='ltr'><strong>infusum,</strong></span> <span class='ocrx_word' id='word_1_80' title='bbox 1964 1236 2094 1291; x_wconf 90' lang='lat' dir='ltr'><strong>dum</strong></span> 
     </span>
    </p>
   </div>
   <div class='ocr_carea' id='block_1_14' title="bbox 497 1328 2092 1400">
    <p class='ocr_par' dir='ltr' id='par_1_14' title="bbox 497 1328 2092 1400">
     <span class='ocr_line' id='line_1_14' title="bbox 497 1328 2092 1400; baseline 0 -16"><span class='ocrx_word' id='word_1_81' title='bbox 497 1330 648 1385; x_wconf 81' lang='lat' dir='ltr'><strong>illam</strong></span> <span class='ocrx_word' id='word_1_82' title='bbox 666 1346 844 1400; x_wconf 86' lang='lat' dir='ltr'><strong>.quam</strong></span> <span class='ocrx_word' id='word_1_83' title='bbox 877 1336 1071 1399; x_wconf 87' lang='lat' dir='ltr'><strong>putant</strong></span> <span class='ocrx_word' id='word_1_84' title='bbox 1103 1328 1534 1397; x_wconf 85' lang='lat' dir='ltr'><strong>Eucharistiam,</strong></span> <span class='ocrx_word' id='word_1_85' title='bbox 1570 1345 1761 1386; x_wconf 85' lang='lat' dir='ltr'><strong>revera</strong></span> <span class='ocrx_word' id='word_1_86' title='bbox 1796 1337 1976 1385; x_wconf 86' lang='lat' dir='ltr'><strong>autem</strong></span> <span class='ocrx_word' id='word_1_87' title='bbox 2006 1332 2092 1384; x_wconf 89' lang='lat' dir='ltr'><strong>in-</strong></span> 
     </span>
    </p>
   </div>
   <div class='ocr_carea' id='block_1_15' title="bbox 494 1419 2096 1490">
    <p class='ocr_par' dir='ltr' id='par_1_15' title="bbox 494 1419 2096 1490">
     <span class='ocr_line' id='line_1_15' title="bbox 494 1419 2096 1490; baseline -0.001 -15"><span class='ocrx_word' id='word_1_88' title='bbox 494 1427 876 1483; x_wconf 75' lang='lat' dir='ltr'><strong>cantamenta,</strong></span> <span class='ocrx_word' id='word_1_89' title='bbox 945 1426 1246 1490; x_wconf 88' lang='lat' dir='ltr'><strong>peragunt,</strong></span> <span class='ocrx_word' id='word_1_90' title='bbox 1298 1419 1482 1474; x_wconf 85' lang='lat' dir='ltr'><strong>subito</strong></span> <span class='ocrx_word' id='word_1_91' title='bbox 1535 1428 1909 1475; x_wconf 86' lang='lat' dir='ltr'><strong>commutatur</strong></span> <span class='ocrx_word' id='word_1_92' title='bbox 1961 1435 1974 1473; x_wconf 91' lang='lat'><strong>:</strong></span> <span class='ocrx_word' id='word_1_93' title='bbox 2034 1425 2096 1474; x_wconf 88' lang='lat' dir='ltr'><strong>ut</strong></span> 
     </span>
    </p>
   </div>
   <div class='ocr_carea' id='block_1_16' title="bbox 487 1507 2097 1579">
    <p class='ocr_par' dir='ltr' id='par_1_16' title="bbox 487 1507 2097 1579">
     <span class='ocr_line' id='line_1_16' title="bbox 487 1507 2097 1579; baseline 0.002 -15"><span class='ocrx_word' id='word_1_94' title='bbox 487 1507 646 1565; x_wconf 71' lang='lat' dir='ltr'><strong>ai&#39;md</strong></span> <span class='ocrx_word' id='word_1_95' title='bbox 676 1510 987 1579; x_wconf 82' lang='lat' dir='ltr'><strong>sanguinei,</strong></span> <span class='ocrx_word' id='word_1_96' title='bbox 1022 1510 1285 1579; x_wconf 87' lang='lat' dir='ltr'><strong>purpurei</strong></span> <span class='ocrx_word' id='word_1_97' title='bbox 1316 1510 1487 1575; x_wconf 86' lang='lat' dir='ltr'><strong>aliud,</strong></span> <span class='ocrx_word' id='word_1_98' title='bbox 1520 1510 1672 1565; x_wconf 88' lang='lat' dir='ltr'><strong>aliud</strong></span> <span class='ocrx_word' id='word_1_99' title='bbox 1696 1512 1913 1567; x_wconf 64' lang='lat' dir='ltr'><strong>caerulei</strong></span> <span class='ocrx_word' id='word_1_100' title='bbox 1942 1511 2097 1567; x_wconf 83' lang='lat' dir='ltr'><strong>colo-</strong></span> 
     </span>
    </p>
   </div>
   <div class='ocr_carea' id='block_1_17' title="bbox 494 1603 2011 1671">
    <p class='ocr_par' dir='ltr' id='par_1_17' title="bbox 494 1603 2011 1671">
     <span class='ocr_line' id='line_1_17' title="bbox 494 1603 2011 1671; baseline 0.001 -16"><span class='ocrx_word' id='word_1_101' title='bbox 494 1603 573 1659; x_wconf 89' lang='lat' dir='ltr'><strong>ris</strong></span> <span class='ocrx_word' id='word_1_102' title='bbox 596 1607 881 1671; x_wconf 85' lang='lat' dir='ltr'><strong>appareat.</strong></span> <span class='ocrx_word' id='word_1_103' title='bbox 1997 1640 2011 1655; x_wconf 67' lang='grc'><strong>,,</strong></span> 
     </span>
    </p>
   </div>
   <div class='ocr_carea' id='block_1_18' title="bbox 566 1689 2092 1762">
    <p class='ocr_par' dir='ltr' id='par_1_18' title="bbox 566 1689 2092 1762">
     <span class='ocr_line' id='line_1_18' title="bbox 566 1689 2092 1762; baseline 0.005 -19"><span class='ocrx_word' id='word_1_104' title='bbox 566 1689 680 1761; x_wconf 81' lang='lat' dir='ltr'><strong>Ego</strong></span> <span class='ocrx_word' id='word_1_105' title='bbox 713 1705 865 1754; x_wconf 90' lang='lat' dir='ltr'><strong>vero,</strong></span> <span class='ocrx_word' id='word_1_106' title='bbox 893 1706 963 1745; x_wconf 93' lang='lat' dir='ltr'><strong>ne</strong></span> <span class='ocrx_word' id='word_1_107' title='bbox 984 1696 1171 1745; x_wconf 88' lang='lat' dir='ltr'><strong>actum</strong></span> <span class='ocrx_word' id='word_1_108' title='bbox 1194 1704 1359 1762; x_wconf 81' lang='lat' dir='ltr'><strong>agere</strong></span> <span class='ocrx_word' id='word_1_109' title='bbox 1417 1692 1607 1748; x_wconf 88' lang='lat' dir='ltr'><strong>videar</strong></span> <span class='ocrx_word' id='word_1_110' title='bbox 1635 1692 1777 1748; x_wconf 86' lang='lat' dir='ltr'><strong>satis</strong></span> <span class='ocrx_word' id='word_1_111' title='bbox 1806 1708 1932 1749; x_wconf 89' lang='lat' dir='ltr'><strong>esse</strong></span> <span class='ocrx_word' id='word_1_112' title='bbox 1959 1693 2092 1751; x_wconf 88' lang='lat' dir='ltr'><strong>mihi</strong></span> 
     </span>
    </p>
   </div>
   <div class='ocr_carea' id='block_1_19' title="bbox 496 1783 2090 1855">
    <p class='ocr_par' dir='ltr' id='par_1_19' title="bbox 496 1783 2090 1855">
     <span class='ocr_line' id='line_1_19' title="bbox 496 1783 2090 1855; baseline 0.001 -16"><span class='ocrx_word' id='word_1_113' title='bbox 496 1783 774 1854; x_wconf 87' lang='lat' dir='ltr'><strong>persuasi,</strong></span> <span class='ocrx_word' id='word_1_114' title='bbox 809 1783 855 1839; x_wconf 90' lang='lat' dir='ltr'><strong>si</strong></span> <span class='ocrx_word' id='word_1_115' title='bbox 888 1783 960 1838; x_wconf 90' lang='lat' dir='ltr'><strong>iis</strong></span> <span class='ocrx_word' id='word_1_116' title='bbox 995 1791 1179 1838; x_wconf 89' lang='lat' dir='ltr'><strong>uterer</strong></span> <span class='ocrx_word' id='word_1_117' title='bbox 1227 1800 1351 1855; x_wconf 81' lang='lat' dir='ltr'><strong>quae</strong></span> <span class='ocrx_word' id='word_1_118' title='bbox 1383 1795 1577 1841; x_wconf 89' lang='lat' dir='ltr'><strong>contra</strong></span> <span class='ocrx_word' id='word_1_119' title='bbox 1612 1784 1863 1840; x_wconf 85' lang='lat' dir='ltr'><strong>Marcum</strong></span> <span class='ocrx_word' id='word_1_120' title='bbox 1918 1786 2090 1850; x_wconf 88' lang='lat' dir='ltr'><strong>hunc,</strong></span> 
     </span>
    </p>
   </div>
   <div class='ocr_carea' id='block_1_20' title="bbox 2198 595 3809 668">
    <p class='ocr_par' dir='ltr' id='par_1_20' title="bbox 2198 595 3809 668">
     <span class='ocr_line' id='line_1_20' title="bbox 2198 595 3809 668; baseline -0.001 -17"><span class='ocrx_word' id='word_1_121' title='bbox 2198 597 2386 661; x_wconf 74' lang='grc' dir='ltr'><strong>αὐτοῖς</strong></span> <span class='ocrx_word' id='word_1_122' title='bbox 2427 595 2599 651; x_wconf 83' lang='grc' dir='ltr'><strong>ταῦτα</strong></span> <span class='ocrx_word' id='word_1_123' title='bbox 2638 596 2961 650; x_wconf 86' lang='grc' dir='ltr'><strong>ποιούντων.</strong></span> <span class='ocrx_word' id='word_1_124' title='bbox 3012 596 3117 650; x_wconf 85' lang='grc' dir='ltr'><strong>Τὸν</strong></span> <span class='ocrx_word' id='word_1_125' title='bbox 3169 596 3280 668; x_wconf 83' lang='grc' dir='ltr'><strong>γὰρ</strong></span> <span class='ocrx_word' id='word_1_126' title='bbox 3325 595 3449 649; x_wconf 85' lang='grc' dir='ltr'><strong>νοῦν</strong></span> <span class='ocrx_word' id='word_1_127' title='bbox 3497 597 3596 649; x_wconf 59' lang='grc' dir='ltr'><strong>καὶ⁸</strong></span> <span class='ocrx_word' id='word_1_128' title='bbox 3643 598 3809 650; x_wconf 72' lang='grc' dir='ltr'><strong>αὐτοὶ</strong></span> 
     </span>
    </p>
   </div>
   <div class='ocr_carea' id='block_1_21' title="bbox 2197 685 3805 758">
    <p class='ocr_par' dir='ltr' id='par_1_21' title="bbox 2197 685 3805 758">
     <span class='ocr_line' id='line_1_21' title="bbox 2197 685 3805 758; baseline -0.001 -18"><span class='ocrx_word' id='word_1_129' title='bbox 2197 688 2565 750; x_wconf 81' lang='grc' dir='ltr'><strong>ἀπολέσαντες</strong></span> <span class='ocrx_word' id='word_1_130' title='bbox 2585 728 2601 755; x_wconf 85' lang='grc'><strong>,</strong></span> <span class='ocrx_word' id='word_1_131' title='bbox 2632 688 2731 757; x_wconf 73' lang='grc' dir='ltr'><strong>οὐχ</strong></span> <span class='ocrx_word' id='word_1_132' title='bbox 2763 687 2932 758; x_wconf 78' lang='grc' dir='ltr'><strong>ὁρῶσι</strong></span> <span class='ocrx_word' id='word_1_133' title='bbox 2965 686 3040 757; x_wconf 83' lang='grc' dir='ltr'><strong>μὴ</strong></span> <span class='ocrx_word' id='word_1_134' title='bbox 3072 685 3437 754; x_wconf 81' lang='grc' dir='ltr'><strong>γινώσκοντες</strong></span> <span class='ocrx_word' id='word_1_135' title='bbox 3475 686 3805 757; x_wconf 77' lang='grc' dir='ltr'><strong>δοκιμάσαι,</strong></span> 
     </span>
    </p>
   </div>
   <div class='ocr_carea' id='block_1_22' title="bbox 2197 779 3808 853">
    <p class='ocr_par' dir='ltr' id='par_1_22' title="bbox 2197 779 3808 853">
     <span class='ocr_line' id='line_1_22' title="bbox 2197 779 3808 853; baseline -0.002 -19"><span class='ocrx_word' id='word_1_136' title='bbox 2197 779 2280 834; x_wconf 83' lang='grc' dir='ltr'><strong>ὅτι</strong></span> <span class='ocrx_word' id='word_1_137' title='bbox 2331 782 2439 835; x_wconf 83' lang='grc' dir='ltr'><strong>ἀπὸ</strong></span> <span class='ocrx_word' id='word_1_138' title='bbox 2494 781 2725 853; x_wconf 76' lang='grc' dir='ltr'><strong>μαγείας</strong></span> <span class='ocrx_word' id='word_1_139' title='bbox 2765 782 2799 851; x_wconf 82' lang='grc' dir='ltr'>ἡ</span> <span class='ocrx_word' id='word_1_140' title='bbox 2837 779 3095 843; x_wconf 82' lang='grc' dir='ltr'><strong>σύστασις</strong></span> <span class='ocrx_word' id='word_1_141' title='bbox 3128 779 3223 833; x_wconf 82' lang='grc' dir='ltr'><strong>τοῦ</strong></span> <span class='ocrx_word' id='word_1_142' title='bbox 3275 780 3403 852; x_wconf 81' lang='grc' dir='ltr'><strong>παρ’</strong></span> <span class='ocrx_word' id='word_1_143' title='bbox 3456 780 3620 832; x_wconf 80' lang='grc' dir='ltr'><strong>αὑτοῦ</strong></span> <span class='ocrx_word' id='word_1_144' title='bbox 3673 797 3808 833; x_wconf 81' lang='grc' dir='ltr'><strong>παι-</strong></span> 
     </span>
    </p>
   </div>
   <div class='ocr_carea' id='block_1_23' title="bbox 2198 871 3804 944">
    <p class='ocr_par' dir='ltr' id='par_1_23' title="bbox 2198 871 3804 944">
     <span class='ocr_line' id='line_1_23' title="bbox 2198 871 3804 944; baseline -0.001 -18"><span class='ocrx_word' id='word_1_145' title='bbox 2198 873 2350 941; x_wconf 82' lang='grc' dir='ltr'><strong>γνίου</strong></span> <span class='ocrx_word' id='word_1_146' title='bbox 2371 912 2386 936; x_wconf 93' lang='grc'><strong>,</strong></span> <span class='ocrx_word' id='word_1_147' title='bbox 2436 874 2512 937; x_wconf 85' lang='grc' dir='ltr'><strong>ὡς</strong></span> <span class='ocrx_word' id='word_1_148' title='bbox 2543 873 2674 936; x_wconf 77' lang='grc' dir='ltr'><strong>ἔπος</strong></span> <span class='ocrx_word' id='word_1_149' title='bbox 2716 874 2926 937; x_wconf 76' lang='grc' dir='ltr'><strong>εἰπεῖν,</strong></span> <span class='ocrx_word' id='word_1_150' title='bbox 2973 871 3322 926; x_wconf 77' lang='grc' dir='ltr'><strong>ἐπιτελεῖται.</strong></span> <span class='ocrx_word' id='word_1_151' title='bbox 3357 872 3519 924; x_wconf 72' lang='grc' dir='ltr'><strong>Αὐτοὶ</strong></span> <span class='ocrx_word' id='word_1_152' title='bbox 3548 873 3659 944; x_wconf 73' lang='grc' dir='ltr'><strong>γάρ</strong></span> <span class='ocrx_word' id='word_1_153' title='bbox 3696 876 3804 942; x_wconf 79' lang='grc' dir='ltr'><strong>έμ-</strong></span> 
     </span>
    </p>
   </div>
   <div class='ocr_carea' id='block_1_24' title="bbox 2198 964 3802 1039">
    <p class='ocr_par' dir='ltr' id='par_1_24' title="bbox 2198 964 3802 1039">
     <span class='ocr_line' id='line_1_24' title="bbox 2198 964 3802 1039; baseline 0.001 -21"><span class='ocrx_word' id='word_1_154' title='bbox 2198 964 2483 1038; x_wconf 84' lang='grc' dir='ltr'><strong>6ρὸντητοι</strong></span> <span class='ocrx_word' id='word_1_155' title='bbox 2534 965 2851 1020; x_wconf 86' lang='grc' dir='ltr'><strong>παντάπασι</strong></span> <span class='ocrx_word' id='word_1_156' title='bbox 2893 964 3182 1033; x_wconf 82' lang='grc' dir='ltr'><strong>γεγόνασιν</strong></span> <span class='ocrx_word' id='word_1_157' title='bbox 3211 1003 3226 1028; x_wconf 96' lang='grc'><strong>,</strong></span> <span class='ocrx_word' id='word_1_158' title='bbox 3279 964 3616 1035; x_wconf 78' lang='grc' dir='ltr'><strong>ὑπαχθέντες</strong></span> <span class='ocrx_word' id='word_1_159' title='bbox 3646 971 3802 1039; x_wconf 70' lang='grc' dir='ltr'><strong>κακῇ</strong></span> 
     </span>
    </p>
   </div>
   <div class='ocr_carea' id='block_1_25' title="bbox 2195 1054 3805 1127">
    <p class='ocr_par' dir='ltr' id='par_1_25' title="bbox 2195 1054 3805 1127">
     <span class='ocr_line' id='line_1_25' title="bbox 2195 1054 3805 1127; baseline 0.001 -17"><span class='ocrx_word' id='word_1_160' title='bbox 2195 1073 2303 1110; x_wconf 89' lang='grc' dir='ltr'><strong>τινι</strong></span> <span class='ocrx_word' id='word_1_161' title='bbox 2351 1055 2599 1127; x_wconf 75' lang='grc' dir='ltr'><strong>ὑπονοίᾳ.</strong></span> <span class='ocrx_word' id='word_1_162' title='bbox 2629 1056 2767 1110; x_wconf 78' lang='grc' dir='ltr'><strong>Φασὶ</strong></span> <span class='ocrx_word' id='word_1_163' title='bbox 2795 1054 2905 1125; x_wconf 85' lang='grc' dir='ltr'><strong>γὰρ</strong></span> <span class='ocrx_word' id='word_1_164' title='bbox 2934 1054 3064 1125; x_wconf 87' lang='grc' dir='ltr'><strong>τρία</strong></span> <span class='ocrx_word' id='word_1_165' title='bbox 3110 1055 3352 1126; x_wconf 81' lang='grc' dir='ltr'><strong>ποτήρια</strong></span> <span class='ocrx_word' id='word_1_166' title='bbox 3384 1055 3585 1125; x_wconf 86' lang='grc' dir='ltr'><strong>λευκῆς</strong></span> <span class='ocrx_word' id='word_1_167' title='bbox 3627 1057 3805 1112; x_wconf 81' lang='grc' dir='ltr'><strong>ὑάλου</strong></span> 
     </span>
    </p>
   </div>
   <div class='ocr_carea' id='block_1_26' title="bbox 2197 1146 3800 1219">
    <p class='ocr_par' dir='ltr' id='par_1_26' title="bbox 2197 1146 3800 1219">
     <span class='ocr_line' id='line_1_26' title="bbox 2197 1146 3800 1219; baseline -0.001 -19"><span class='ocrx_word' id='word_1_168' title='bbox 2197 1148 2331 1219; x_wconf 77' lang='grc' dir='ltr'><strong>παρ’</strong></span> <span class='ocrx_word' id='word_1_169' title='bbox 2362 1147 2547 1210; x_wconf 78' lang='grc' dir='ltr'><strong>αὐτοῖς</strong></span> <span class='ocrx_word' id='word_1_170' title='bbox 2582 1146 2967 1218; x_wconf 75' lang='grc' dir='ltr'><strong>ἑτοιμάζεσθαι</strong></span> <span class='ocrx_word' id='word_1_171' title='bbox 2988 1188 3002 1213; x_wconf 92' lang='grc'><strong>,</strong></span> <span class='ocrx_word' id='word_1_172' title='bbox 3037 1146 3354 1218; x_wconf 79' lang='grc' dir='ltr'><strong>κεκραμένα</strong></span> <span class='ocrx_word' id='word_1_173' title='bbox 3394 1146 3576 1218; x_wconf 82' lang='grc' dir='ltr'>λευκῷ</span> <span class='ocrx_word' id='word_1_174' title='bbox 3622 1148 3758 1219; x_wconf 77' lang='grc' dir='ltr'>οἴνῳ</span> <span class='ocrx_word' id='word_1_175' title='bbox 3782 1166 3800 1178; x_wconf 76' lang='grc' dir='ltr'><strong>ο</strong></span> 
     </span>
    </p>
   </div>
   <div class='ocr_carea' id='block_1_27' title="bbox 2197 1240 3801 1313">
    <p class='ocr_par' dir='ltr' id='par_1_27' title="bbox 2197 1240 3801 1313">
     <span class='ocr_line' id='line_1_27' title="bbox 2197 1240 3801 1313; baseline 0 -18"><span class='ocrx_word' id='word_1_176' title='bbox 2197 1242 2291 1295; x_wconf 73' lang='grc' dir='ltr'><strong>καὶ</strong></span> <span class='ocrx_word' id='word_1_177' title='bbox 2320 1244 2377 1296; x_wconf 87' lang='grc' dir='ltr'><strong>ἐν</strong></span> <span class='ocrx_word' id='word_1_178' title='bbox 2403 1245 2470 1313; x_wconf 85' lang='grc' dir='ltr'><strong>τῇ</strong></span> <span class='ocrx_word' id='word_1_179' title='bbox 2500 1242 2897 1313; x_wconf 71' lang='grc' dir='ltr'><strong>ἐπιτελουμένη</strong></span> <span class='ocrx_word' id='word_1_180' title='bbox 2932 1240 3062 1312; x_wconf 86' lang='grc' dir='ltr'><strong>παρ’</strong></span> <span class='ocrx_word' id='word_1_181' title='bbox 3093 1240 3257 1294; x_wconf 81' lang='grc' dir='ltr'><strong>αὐτοῦ</strong></span> <span class='ocrx_word' id='word_1_182' title='bbox 3287 1241 3492 1311; x_wconf 76' lang='grc' dir='ltr'><strong>ἐπωδῇ,</strong></span> <span class='ocrx_word' id='word_1_183' title='bbox 3523 1244 3593 1312; x_wconf 80' lang='grc' dir='ltr'><strong>τῇ</strong></span> <span class='ocrx_word' id='word_1_184' title='bbox 3634 1259 3801 1311; x_wconf 83' lang='grc' dir='ltr'><strong>νομι-</strong></span> 
     </span>
    </p>
   </div>
   <div class='ocr_carea' id='block_1_28' title="bbox 2197 1331 3805 1407">
    <p class='ocr_par' dir='ltr' id='par_1_28' title="bbox 2197 1331 3805 1407">
     <span class='ocr_line' id='line_1_28' title="bbox 2197 1331 3805 1407; baseline 0 -22"><span class='ocrx_word' id='word_1_185' title='bbox 2197 1331 2400 1407; x_wconf 78' lang='grc' dir='ltr'><strong>ζομένῃ</strong></span> <span class='ocrx_word' id='word_1_186' title='bbox 2413 1333 2770 1405; x_wconf 74' lang='grc' dir='ltr'><strong>Εὑχαριστίᾳ,</strong></span> <span class='ocrx_word' id='word_1_187' title='bbox 2799 1331 3232 1403; x_wconf 78' lang='grc' dir='ltr'><strong>μεταϐάλλεσθαι</strong></span> <span class='ocrx_word' id='word_1_188' title='bbox 3261 1332 3422 1396; x_wconf 78' lang='grc' dir='ltr'><strong>εὐθὺς</strong></span> <span class='ocrx_word' id='word_1_189' title='bbox 3449 1332 3510 1385; x_wconf 85' lang='grc' dir='ltr'><strong>τὸ</strong></span> <span class='ocrx_word' id='word_1_190' title='bbox 3536 1334 3639 1403; x_wconf 84' lang='grc' dir='ltr'><strong>μὲν</strong></span> <span class='ocrx_word' id='word_1_191' title='bbox 3667 1336 3805 1405; x_wconf 82' lang='grc' dir='ltr'><strong>ἐρυ-</strong></span> 
     </span>
    </p>
   </div>
   <div class='ocr_carea' id='block_1_29' title="bbox 2194 1418 3585 1495">
    <p class='ocr_par' dir='ltr' id='par_1_29' title="bbox 2194 1418 3585 1495">
     <span class='ocr_line' id='line_1_29' title="bbox 2194 1418 3585 1495; baseline 0.001 -19"><span class='ocrx_word' id='word_1_192' title='bbox 2194 1422 2326 1494; x_wconf 84' lang='grc' dir='ltr'><strong>θρὸν</strong></span> <span class='ocrx_word' id='word_1_193' title='bbox 2350 1424 2427 1487; x_wconf 86' lang='grc' dir='ltr'><strong>ὡς</strong></span> <span class='ocrx_word' id='word_1_194' title='bbox 2456 1418 2621 1495; x_wconf 75' lang='grc' dir='ltr'><strong>αἷμα,</strong></span> <span class='ocrx_word' id='word_1_195' title='bbox 2647 1424 2708 1478; x_wconf 83' lang='grc' dir='ltr'><strong>τὸ</strong></span> <span class='ocrx_word' id='word_1_196' title='bbox 2726 1423 2784 1477; x_wconf 86' lang='grc' dir='ltr'>δὲ</span> <span class='ocrx_word' id='word_1_197' title='bbox 2812 1423 3145 1495; x_wconf 83' lang='grc' dir='ltr'><strong>πορφύρεον,</strong></span> <span class='ocrx_word' id='word_1_198' title='bbox 3172 1422 3233 1476; x_wconf 85' lang='grc' dir='ltr'><strong>τδ</strong></span> <span class='ocrx_word' id='word_1_199' title='bbox 3253 1423 3309 1476; x_wconf 84' lang='grc' dir='ltr'>δὲ</span> <span class='ocrx_word' id='word_1_200' title='bbox 3338 1424 3585 1478; x_wconf 84' lang='grc' dir='ltr'><strong>κυάνεον.</strong></span> 
     </span>
    </p>
   </div>
   <div class='ocr_carea' id='block_1_30' title="bbox 2281 1663 3803 1737">
    <p class='ocr_par' dir='ltr' id='par_1_30' title="bbox 2281 1663 3803 1737">
     <span class='ocr_line' id='line_1_30' title="bbox 2281 1663 3803 1737; baseline 0.003 -20"><span class='ocrx_word' id='word_1_201' title='bbox 2281 1663 2421 1732; x_wconf 79' lang='grc' dir='ltr'><strong>Ἐγὼ</strong></span> <span class='ocrx_word' id='word_1_202' title='bbox 2444 1664 2645 1728; x_wconf 87' lang='grc' dir='ltr'>τοίνυν,</span> <span class='ocrx_word' id='word_1_203' title='bbox 2678 1663 2765 1717; x_wconf 83' lang='grc' dir='ltr'><strong>ἴνα</strong></span> <span class='ocrx_word' id='word_1_204' title='bbox 2794 1663 2868 1736; x_wconf 81' lang='grc' dir='ltr'><strong>μὴ</strong></span> <span class='ocrx_word' id='word_1_205' title='bbox 2910 1666 2991 1728; x_wconf 77' lang='grc' dir='ltr'><strong>εἰς</strong></span> <span class='ocrx_word' id='word_1_206' title='bbox 3021 1664 3272 1737; x_wconf 78' lang='grc' dir='ltr'><strong>δεύτερον</strong></span> <span class='ocrx_word' id='word_1_207' title='bbox 3310 1666 3557 1736; x_wconf 82' lang='grc' dir='ltr'><strong>κάματον</strong></span> <span class='ocrx_word' id='word_1_208' title='bbox 3590 1666 3803 1722; x_wconf 73' lang='grc' dir='ltr'><strong>ἐαυτὸν</strong></span> 
     </span>
    </p>
   </div>
   <div class='ocr_carea' id='block_1_31' title="bbox 2194 1754 3802 1829">
    <p class='ocr_par' dir='ltr' id='par_1_31' title="bbox 2194 1754 3802 1829">
     <span class='ocr_line' id='line_1_31' title="bbox 2194 1754 3802 1829; baseline 0.004 -24"><span class='ocrx_word' id='word_1_209' title='bbox 2194 1754 2386 1821; x_wconf 86' lang='grc' dir='ltr'><strong>ἐπιδῶ,</strong></span> <span class='ocrx_word' id='word_1_210' title='bbox 2423 1754 2760 1827; x_wconf 84' lang='grc' dir='ltr'><strong>ἀρκεσθῆναι</strong></span> <span class='ocrx_word' id='word_1_211' title='bbox 2791 1755 2902 1807; x_wconf 89' lang='grc' dir='ltr'><strong>δεῖν</strong></span> <span class='ocrx_word' id='word_1_212' title='bbox 2931 1756 3229 1829; x_wconf 81' lang='grc' dir='ltr'><strong>ἡγησάμην</strong></span> <span class='ocrx_word' id='word_1_213' title='bbox 3258 1760 3372 1820; x_wconf 86' lang='grc' dir='ltr'><strong>τοῖς</strong></span> <span class='ocrx_word' id='word_1_214' title='bbox 3403 1756 3511 1809; x_wconf 84' lang='grc' dir='ltr'><strong>άπὸ</strong></span> <span class='ocrx_word' id='word_1_215' title='bbox 3547 1758 3647 1810; x_wconf 74' lang='grc' dir='ltr'><strong>τοῦ</strong></span> <span class='ocrx_word' id='word_1_216' title='bbox 3686 1776 3802 1829; x_wconf 85' lang='grc' dir='ltr'><strong>μα-</strong></span> 
     </span>
    </p>
   </div>
   <div class='ocr_carea' id='block_1_32' title="bbox 492 1844 2086 1945">
    <p class='ocr_par' dir='ltr' id='par_1_32' title="bbox 492 1844 2086 1945">
     <span class='ocr_line' id='line_1_32' title="bbox 492 1844 2086 1945; baseline 0.001 -16"><span class='ocrx_word' id='word_1_217' title='bbox 492 1844 728 1945; x_wconf 73' lang='lat' dir='ltr'><strong>ejusque</strong></span> <span class='ocrx_word' id='word_1_218' title='bbox 761 1844 1090 1945; x_wconf 64' lang='lat' dir='ltr'><strong>disciplinae</strong></span> <span class='ocrx_word' id='word_1_219' title='bbox 1128 1844 1413 1930; x_wconf 83' lang='lat' dir='ltr'><strong>studiosos</strong></span> <span class='ocrx_word' id='word_1_220' title='bbox 1452 1890 1483 1929; x_wconf 89' lang='lat' dir='ltr'><strong>a</strong></span> <span class='ocrx_word' id='word_1_221' title='bbox 1537 1877 1917 1941; x_wconf 87' lang='lat' dir='ltr'><strong>sanctissimo,</strong></span> <span class='ocrx_word' id='word_1_222' title='bbox 1956 1844 2086 1932; x_wconf 43' lang='lat' dir='ltr'><strong>bea;</strong></span> 
     </span>
    </p>
   </div>
   <div class='ocr_carea' id='block_1_33' title="bbox 2189 1844 3803 1945">
    <p class='ocr_par' dir='ltr' id='par_1_33' title="bbox 2195 1844 3803 1917">
     <span class='ocr_line' id='line_1_33' title="bbox 2195 1844 3803 1917; baseline 0.004 -20"><span class='ocrx_word' id='word_1_223' title='bbox 2195 1844 2535 1914; x_wconf 83' lang='grc' dir='ltr'><strong>καριωτάτου</strong></span> <span class='ocrx_word' id='word_1_224' title='bbox 2560 1845 2655 1898; x_wconf 73' lang='grc' dir='ltr'><strong>καὶ</strong></span> <span class='ocrx_word' id='word_1_225' title='bbox 2690 1845 2999 1914; x_wconf 85' lang='grc' dir='ltr'><strong>άγιωτάτου</strong></span> <span class='ocrx_word' id='word_1_226' title='bbox 3033 1847 3326 1917; x_wconf 77' lang='grc' dir='ltr'><strong>Εἰρηναίου</strong></span> <span class='ocrx_word' id='word_1_227' title='bbox 3358 1849 3480 1901; x_wconf 77' lang='grc' dir='ltr'><strong>κατ’</strong></span> <span class='ocrx_word' id='word_1_228' title='bbox 3501 1848 3669 1901; x_wconf 82' lang='grc' dir='ltr'><strong>αὑτοῦ</strong></span> <span class='ocrx_word' id='word_1_229' title='bbox 3702 1850 3803 1904; x_wconf 77' lang='grc' dir='ltr'><strong>τοῦ</strong></span> 
     </span>
    </p>
   </div>
   <div class='ocr_carea' id='block_1_34' title="bbox 497 1964 2088 2037">
    <p class='ocr_par' dir='ltr' id='par_1_34' title="bbox 497 1964 2088 2037">
     <span class='ocr_line' id='line_1_34' title="bbox 497 1964 2088 2037; baseline 0.001 -17"><span class='ocrx_word' id='word_1_230' title='bbox 497 1968 828 2036; x_wconf 87' lang='lat' dir='ltr'><strong>tissimoque</strong></span> <span class='ocrx_word' id='word_1_231' title='bbox 865 1965 1071 2020; x_wconf 70' lang='lat' dir='ltr'><strong>Irenaeo</strong></span> <span class='ocrx_word' id='word_1_232' title='bbox 1122 1964 1408 2035; x_wconf 86' lang='lat' dir='ltr'><strong>disputata</strong></span> <span class='ocrx_word' id='word_1_233' title='bbox 1468 1968 1725 2036; x_wconf 86' lang='lat' dir='ltr'><strong>leguntur</strong></span> <span class='ocrx_word' id='word_1_234' title='bbox 1760 1985 1774 2022; x_wconf 90' lang='lat'><strong>:</strong></span> <span class='ocrx_word' id='word_1_235' title='bbox 1808 1983 1929 2036; x_wconf 81' lang='lat' dir='ltr'><strong>quae</strong></span> <span class='ocrx_word' id='word_1_236' title='bbox 1962 1968 2088 2037; x_wconf 87' lang='lat' dir='ltr'><strong>qui-</strong></span> 
     </span>
    </p>
   </div>
   <div class='ocr_carea' id='block_1_35' title="bbox 493 2057 2089 2115">
    <p class='ocr_par' dir='ltr' id='par_1_35' title="bbox 493 2057 2089 2115">
     <span class='ocr_line' id='line_1_35' title="bbox 493 2057 2089 2115; baseline -0.001 0"><span class='ocrx_word' id='word_1_237' title='bbox 493 2059 621 2115; x_wconf 88' lang='lat' dir='ltr'><strong>dem</strong></span> <span class='ocrx_word' id='word_1_238' title='bbox 652 2059 720 2113; x_wconf 91' lang='lat' dir='ltr'><strong>ad</strong></span> <span class='ocrx_word' id='word_1_239' title='bbox 743 2059 971 2112; x_wconf 87' lang='lat' dir='ltr'><strong>verbum</strong></span> <span class='ocrx_word' id='word_1_240' title='bbox 1006 2057 1098 2111; x_wconf 91' lang='lat' dir='ltr'><strong>hic</strong></span> <span class='ocrx_word' id='word_1_241' title='bbox 1132 2057 1459 2113; x_wconf 89' lang='lat' dir='ltr'><strong>ascribenda</strong></span> <span class='ocrx_word' id='word_1_242' title='bbox 1484 2060 1699 2113; x_wconf 84' lang='lat' dir='ltr'><strong>censui.</strong></span> <span class='ocrx_word' id='word_1_243' title='bbox 1738 2058 1880 2113; x_wconf 89' lang='lat' dir='ltr'><strong>Sunt</strong></span> <span class='ocrx_word' id='word_1_244' title='bbox 1907 2068 2089 2115; x_wconf 90' lang='lat' dir='ltr'><strong>autem</strong></span> 
     </span>
    </p>
   </div>
   <div class='ocr_carea' id='block_1_36' title="bbox 496 2149 2091 2223">
    <p class='ocr_par' dir='ltr' id='par_1_36' title="bbox 496 2149 2091 2223">
     <span class='ocr_line' id='line_1_36' title="bbox 496 2149 2091 2223; baseline 0 -16"><span class='ocrx_word' id='word_1_245' title='bbox 496 2151 797 2222; x_wconf 85' lang='lat' dir='ltr'><strong>ejusmodi,</strong></span> <span class='ocrx_word' id='word_1_246' title='bbox 828 2165 952 2221; x_wconf 69' lang='lat' dir='ltr'><strong>quae</strong></span> <span class='ocrx_word' id='word_1_247' title='bbox 982 2149 1039 2204; x_wconf 90' lang='lat' dir='ltr'><strong>iu</strong></span> <span class='ocrx_word' id='word_1_248' title='bbox 1070 2149 1291 2205; x_wconf 88' lang='lat' dir='ltr'><strong>illorum</strong></span> <span class='ocrx_word' id='word_1_249' title='bbox 1337 2150 1698 2206; x_wconf 85' lang='lat' dir='ltr'><strong>recensendis</strong></span> <span class='ocrx_word' id='word_1_250' title='bbox 1741 2150 2091 2223; x_wconf 73' lang='lat' dir='ltr'><strong>dogmatibus</strong></span> 
     </span>
    </p>
   </div>
   <div class='ocr_carea' id='block_1_37' title="bbox 493 2242 794 2316">
    <p class='ocr_par' dir='ltr' id='par_1_37' title="bbox 493 2242 794 2316">
     <span class='ocr_line' id='line_1_37' title="bbox 493 2242 794 2316; baseline -0.01 -17"><span class='ocrx_word' id='word_1_251' title='bbox 493 2242 794 2316; x_wconf 81' lang='lat' dir='ltr'><strong>pertexuit.</strong></span> 
     </span>
    </p>
   </div>
   <div class='ocr_carea' id='block_1_38' title="bbox 1004 2420 1545 2479">
    <p class='ocr_par' dir='ltr' id='par_1_38' title="bbox 1004 2420 1545 2479">
     <span class='ocr_line' id='line_1_38' title="bbox 1004 2420 1545 2479; baseline 0.006 -3"><span class='ocrx_word' id='word_1_252' title='bbox 1004 2420 1090 2477; x_wconf 72' lang='lat' dir='ltr'><strong>Ea;</strong></span> <span class='ocrx_word' id='word_1_253' title='bbox 1118 2434 1301 2476; x_wconf 71' lang='lat' dir='ltr'><strong>sancto</strong></span> <span class='ocrx_word' id='word_1_254' title='bbox 1328 2424 1351 2475; x_wconf 93' lang='grc'><strong><em>1</em></strong></span> <span class='ocrx_word' id='word_1_255' title='bbox 1361 2438 1545 2479; x_wconf 76' lang='lat' dir='ltr'><strong>muro.</strong></span> 
     </span>
    </p>
   </div>
   <div class='ocr_carea' id='block_1_39' title="bbox 566 2533 2088 2605">
    <p class='ocr_par' dir='ltr' id='par_1_39' title="bbox 566 2533 2088 2605">
     <span class='ocr_line' id='line_1_39' title="bbox 566 2533 2088 2605; baseline -0.001 -14"><span class='ocrx_word' id='word_1_256' title='bbox 566 2534 630 2591; x_wconf 82' lang='grc' dir='ltr'><strong>Ιι.</strong></span> <span class='ocrx_word' id='word_1_257' title='bbox 661 2533 867 2590; x_wconf 91' lang='lat' dir='ltr'><strong>Pocula</strong></span> <span class='ocrx_word' id='word_1_258' title='bbox 921 2533 1055 2589; x_wconf 80' lang='lat' dir='ltr'><strong>vino</strong></span> <span class='ocrx_word' id='word_1_259' title='bbox 1103 2542 1426 2605; x_wconf 88' lang='lat' dir='ltr'><strong>temperata,</strong></span> <span class='ocrx_word' id='word_1_260' title='bbox 1457 2534 1761 2605; x_wconf 77' lang='lat' dir='ltr'><strong>gratiarum</strong></span> <span class='ocrx_word' id='word_1_261' title='bbox 1816 2535 2088 2591; x_wconf 87' lang='lat' dir='ltr'><strong>actionem</strong></span> 
     </span>
    </p>
   </div>
   <div class='ocr_carea' id='block_1_40' title="bbox 495 2628 2087 2698">
    <p class='ocr_par' dir='ltr' id='par_1_40' title="bbox 495 2628 2087 2698">
     <span class='ocr_line' id='line_1_40' title="bbox 495 2628 2087 2698; baseline 0 -14"><span class='ocrx_word' id='word_1_262' title='bbox 495 2628 795 2695; x_wconf 87' lang='lat' dir='ltr'><strong>simulans,</strong></span> <span class='ocrx_word' id='word_1_263' title='bbox 830 2635 886 2683; x_wconf 89' lang='lat' dir='ltr'><strong>et</strong></span> <span class='ocrx_word' id='word_1_264' title='bbox 929 2628 1234 2683; x_wconf 89' lang='lat' dir='ltr'><strong>solemnem</strong></span> <span class='ocrx_word' id='word_1_265' title='bbox 1266 2628 1606 2698; x_wconf 84' lang='lat' dir='ltr'><strong>precationis</strong></span> <span class='ocrx_word' id='word_1_266' title='bbox 1640 2628 1931 2684; x_wconf 79' lang='lat' dir='ltr'><strong>formulam</strong></span> <span class='ocrx_word' id='word_1_267' title='bbox 1969 2631 2087 2684; x_wconf 90' lang='lat' dir='ltr'><strong>lon-</strong></span> 
     </span>
    </p>
   </div>
   <div class='ocr_carea' id='block_1_41' title="bbox 497 2720 2087 2793">
    <p class='ocr_par' dir='ltr' id='par_1_41' title="bbox 497 2720 2087 2793">
     <span class='ocr_line' id='line_1_41' title="bbox 497 2720 2087 2793; baseline 0 -18"><span class='ocrx_word' id='word_1_268' title='bbox 497 2720 709 2792; x_wconf 88' lang='lat' dir='ltr'><strong>giorem</strong></span> <span class='ocrx_word' id='word_1_269' title='bbox 777 2720 1071 2785; x_wconf 88' lang='lat' dir='ltr'><strong>adhibens,</strong></span> <span class='ocrx_word' id='word_1_270' title='bbox 1128 2736 1407 2792; x_wconf 90' lang='lat' dir='ltr'><strong>purpurea</strong></span> <span class='ocrx_word' id='word_1_271' title='bbox 1462 2722 1741 2792; x_wconf 88' lang='lat' dir='ltr'><strong>rubraque</strong></span> <span class='ocrx_word' id='word_1_272' title='bbox 1791 2734 1851 2778; x_wconf 92' lang='lat' dir='ltr'><strong>ut</strong></span> <span class='ocrx_word' id='word_1_273' title='bbox 1917 2738 2087 2793; x_wconf 79' lang='lat' dir='ltr'><strong>appa-</strong></span> 
     </span>
    </p>
   </div>
   <div class='ocr_carea' id='block_1_42' title="bbox 495 2810 2087 2885">
    <p class='ocr_par' dir='ltr' id='par_1_42' title="bbox 495 2810 2087 2885">
     <span class='ocr_line' id='line_1_42' title="bbox 495 2810 2087 2885; baseline 0.003 -21"><span class='ocrx_word' id='word_1_274' title='bbox 495 2819 654 2867; x_wconf 91' lang='lat' dir='ltr'><strong>reant</strong></span> <span class='ocrx_word' id='word_1_275' title='bbox 679 2811 879 2880; x_wconf 79' lang='lat' dir='ltr'><strong>efﬁcit;</strong></span> <span class='ocrx_word' id='word_1_276' title='bbox 913 2810 1051 2866; x_wconf 88' lang='lat' dir='ltr'><strong>adeo</strong></span> <span class='ocrx_word' id='word_1_277' title='bbox 1081 2820 1139 2865; x_wconf 89' lang='lat' dir='ltr'><strong>ut</strong></span> <span class='ocrx_word' id='word_1_278' title='bbox 1168 2827 1465 2885; x_wconf 87' lang='lat' dir='ltr'><strong>supernam</strong></span> <span class='ocrx_word' id='word_1_279' title='bbox 1496 2813 1668 2881; x_wconf 88' lang='lat' dir='ltr'><strong>illam,</strong></span> <span class='ocrx_word' id='word_1_280' title='bbox 1693 2814 2087 2884; x_wconf 74' lang='lat' dir='ltr'><strong>cmlestemque</strong></span> 
     </span>
    </p>
   </div>
   <div class='ocr_carea' id='block_1_43' title="bbox 495 2904 2082 2975">
    <p class='ocr_par' dir='ltr' id='par_1_43' title="bbox 495 2904 2082 2975">
     <span class='ocr_line' id='line_1_43' title="bbox 495 2904 2082 2975; baseline 0.003 -18"><span class='ocrx_word' id='word_1_281' title='bbox 495 2904 733 2973; x_wconf 85' lang='lat' dir='ltr'><strong>gratiam</strong></span> <span class='ocrx_word' id='word_1_282' title='bbox 773 2905 839 2959; x_wconf 88' lang='lat' dir='ltr'><strong>ad</strong></span> <span class='ocrx_word' id='word_1_283' title='bbox 872 2904 994 2975; x_wconf 90' lang='lat' dir='ltr'><strong>ejus</strong></span> <span class='ocrx_word' id='word_1_284' title='bbox 1032 2904 1439 2960; x_wconf 89' lang='lat' dir='ltr'><strong>invocationem</strong></span> <span class='ocrx_word' id='word_1_285' title='bbox 1477 2921 1639 2960; x_wconf 88' lang='lat' dir='ltr'><strong>suum</strong></span> <span class='ocrx_word' id='word_1_286' title='bbox 1698 2905 1754 2960; x_wconf 91' lang='lat' dir='ltr'><strong>in</strong></span> <span class='ocrx_word' id='word_1_287' title='bbox 1807 2906 1898 2961; x_wconf 90' lang='lat' dir='ltr'><strong>illa</strong></span> <span class='ocrx_word' id='word_1_288' title='bbox 1954 2922 2082 2963; x_wconf 85' lang='lat' dir='ltr'><strong>vasa</strong></span> 
     </span>
    </p>
   </div>
   <div class='ocr_carea' id='block_1_44' title="bbox 494 2996 2084 3069">
    <p class='ocr_par' dir='ltr' id='par_1_44' title="bbox 494 2996 2084 3069">
     <span class='ocr_line' id='line_1_44' title="bbox 494 2996 2084 3069; baseline 0.003 -19"><span class='ocrx_word' id='word_1_289' title='bbox 494 2996 824 3067; x_wconf 88' lang='lat' dir='ltr'><strong>sanguinem</strong></span> <span class='ocrx_word' id='word_1_290' title='bbox 858 2997 1131 3052; x_wconf 87' lang='lat' dir='ltr'><strong>instillare</strong></span> <span class='ocrx_word' id='word_1_291' title='bbox 1159 3007 1355 3069; x_wconf 88' lang='lat' dir='ltr'><strong>putes;</strong></span> <span class='ocrx_word' id='word_1_292' title='bbox 1387 3006 1554 3069; x_wconf 88' lang='lat' dir='ltr'><strong>atque</strong></span> <span class='ocrx_word' id='word_1_293' title='bbox 1584 2999 1884 3055; x_wconf 86' lang='lat' dir='ltr'><strong>astantium</strong></span> <span class='ocrx_word' id='word_1_294' title='bbox 1920 3014 2084 3055; x_wconf 91' lang='lat' dir='ltr'><strong>nemo</strong></span> 
     </span>
    </p>
   </div>
   <div class='ocr_carea' id='block_1_45' title="bbox 494 3088 2084 3161">
    <p class='ocr_par' dir='ltr' id='par_1_45' title="bbox 494 3088 2084 3161">
     <span class='ocr_line' id='line_1_45' title="bbox 494 3088 2084 3161; baseline 0.003 -19"><span class='ocrx_word' id='word_1_295' title='bbox 494 3088 590 3155; x_wconf 90' lang='lat' dir='ltr'><strong>sit,</strong></span> <span class='ocrx_word' id='word_1_296' title='bbox 630 3089 727 3160; x_wconf 91' lang='lat' dir='ltr'><strong>qui</strong></span> <span class='ocrx_word' id='word_1_297' title='bbox 788 3104 900 3144; x_wconf 87' lang='lat' dir='ltr'><strong>non</strong></span> <span class='ocrx_word' id='word_1_298' title='bbox 954 3089 1227 3159; x_wconf 88' lang='lat' dir='ltr'><strong>liquorem</strong></span> <span class='ocrx_word' id='word_1_299' title='bbox 1281 3090 1428 3145; x_wconf 91' lang='lat' dir='ltr'><strong>hunc</strong></span> <span class='ocrx_word' id='word_1_300' title='bbox 1477 3100 1700 3161; x_wconf 88' lang='lat' dir='ltr'><strong>gustare</strong></span> <span class='ocrx_word' id='word_1_301' title='bbox 1731 3091 2084 3147; x_wconf 88' lang='lat' dir='ltr'><strong>vehementer</strong></span> 
     </span>
    </p>
   </div>
   <div class='ocr_carea' id='block_1_46' title="bbox 493 3183 2157 3269">
    <p class='ocr_par' dir='ltr' id='par_1_46' title="bbox 493 3183 2157 3269">
     <span class='ocr_line' id='line_1_46' title="bbox 493 3183 2157 3269; baseline -0.001 -26"><span class='ocrx_word' id='word_1_302' title='bbox 493 3194 738 3258; x_wconf 86' lang='lat' dir='ltr'><strong>appetat,</strong></span> <span class='ocrx_word' id='word_1_303' title='bbox 769 3201 880 3255; x_wconf 93' lang='lat' dir='ltr'><strong>quo</strong></span> <span class='ocrx_word' id='word_1_304' title='bbox 914 3183 1035 3254; x_wconf 87' lang='lat' dir='ltr'><strong>ejus</strong></span> <span class='ocrx_word' id='word_1_305' title='bbox 1064 3183 1311 3238; x_wconf 90' lang='lat' dir='ltr'><strong>animum</strong></span> <span class='ocrx_word' id='word_1_306' title='bbox 1342 3185 1525 3239; x_wconf 86' lang='lat' dir='ltr'><strong>divina</strong></span> <span class='ocrx_word' id='word_1_307' title='bbox 1556 3186 1669 3249; x_wconf 86' lang='lat' dir='ltr'><strong>illa,</strong></span> <span class='ocrx_word' id='word_1_308' title='bbox 1698 3200 1862 3256; x_wconf 90' lang='lat' dir='ltr'><strong>quam</strong></span> <span class='ocrx_word' id='word_1_309' title='bbox 1891 3201 2085 3257; x_wconf 89' lang='lat' dir='ltr'><strong>magus</strong></span> <span class='ocrx_word' id='word_1_310' title='bbox 2114 3213 2157 3269; x_wconf 67' lang='grc' dir='ltr'><strong>ρ</strong></span> 
     </span>
    </p>
   </div>
   <div class='ocr_carea' id='block_1_47' title="bbox 498 3276 2087 3349">
    <p class='ocr_par' dir='ltr' id='par_1_47' title="bbox 498 3276 2087 3349">
     <span class='ocr_line' id='line_1_47' title="bbox 498 3276 2087 3349; baseline -0.001 -15"><span class='ocrx_word' id='word_1_311' title='bbox 498 3279 775 3349; x_wconf 90' lang='lat' dir='ltr'><strong>implorat,</strong></span> <span class='ocrx_word' id='word_1_312' title='bbox 807 3277 985 3349; x_wconf 86' lang='lat' dir='ltr'><strong>gratia</strong></span> <span class='ocrx_word' id='word_1_313' title='bbox 1017 3276 1296 3331; x_wconf 87' lang='lat' dir='ltr'><strong>uberrime</strong></span> <span class='ocrx_word' id='word_1_314' title='bbox 1325 3276 1638 3347; x_wconf 78' lang='lat' dir='ltr'><strong>perfundat.</strong></span> <span class='ocrx_word' id='word_1_315' title='bbox 1668 3277 1934 3334; x_wconf 68' lang='lat' dir='ltr'><strong>l’razterea</strong></span> <span class='ocrx_word' id='word_1_316' title='bbox 1967 3296 2087 3333; x_wconf 84' lang='lat' dir='ltr'><strong>mu-</strong></span> 
     </span>
    </p>
   </div>
   <div class='ocr_carea' id='block_1_48' title="bbox 500 3368 2089 3439">
    <p class='ocr_par' dir='ltr' id='par_1_48' title="bbox 500 3368 2089 3439">
     <span class='ocr_line' id='line_1_48' title="bbox 500 3368 2089 3439; baseline -0.002 -12"><span class='ocrx_word' id='word_1_317' title='bbox 500 3371 733 3427; x_wconf 89' lang='lat' dir='ltr'><strong>lierihus</strong></span> <span class='ocrx_word' id='word_1_318' title='bbox 788 3377 1094 3439; x_wconf 88' lang='lat' dir='ltr'><strong>temperata</strong></span> <span class='ocrx_word' id='word_1_319' title='bbox 1144 3368 1237 3422; x_wconf 89' lang='lat' dir='ltr'><strong>illa</strong></span> <span class='ocrx_word' id='word_1_320' title='bbox 1274 3383 1406 3424; x_wconf 86' lang='lat' dir='ltr'><strong>vasa</strong></span> <span class='ocrx_word' id='word_1_321' title='bbox 1448 3369 1757 3439; x_wconf 82' lang='lat' dir='ltr'><strong>porrigens,</strong></span> <span class='ocrx_word' id='word_1_322' title='bbox 1806 3371 1995 3423; x_wconf 82' lang='lat' dir='ltr'><strong>coram</strong></span> <span class='ocrx_word' id='word_1_323' title='bbox 2030 3385 2089 3425; x_wconf 90' lang='lat' dir='ltr'><strong>se</strong></span> 
     </span>
    </p>
   </div>
   <div class='ocr_carea' id='block_1_49' title="bbox 496 3457 2089 3530">
    <p class='ocr_par' dir='ltr' id='par_1_49' title="bbox 496 3457 2089 3530">
     <span class='ocr_line' id='line_1_49' title="bbox 496 3457 2089 3530; baseline -0.003 -11"><span class='ocrx_word' id='word_1_324' title='bbox 496 3461 825 3519; x_wconf 86' lang='lat' dir='ltr'><strong>benedicere</strong></span> <span class='ocrx_word' id='word_1_325' title='bbox 853 3460 1027 3530; x_wconf 89' lang='lat' dir='ltr'><strong>jubet.</strong></span> <span class='ocrx_word' id='word_1_326' title='bbox 1056 3457 1199 3513; x_wconf 90' lang='lat' dir='ltr'><strong>Tum</strong></span> <span class='ocrx_word' id='word_1_327' title='bbox 1230 3459 1381 3513; x_wconf 90' lang='lat' dir='ltr'><strong>aliud</strong></span> <span class='ocrx_word' id='word_1_328' title='bbox 1408 3460 1666 3528; x_wconf 88' lang='lat' dir='ltr'><strong>poculum</strong></span> <span class='ocrx_word' id='word_1_329' title='bbox 1698 3475 1764 3514; x_wconf 90' lang='lat' dir='ltr'><strong>eo</strong></span> <span class='ocrx_word' id='word_1_330' title='bbox 1799 3460 1890 3513; x_wconf 91' lang='lat' dir='ltr'><strong>cui</strong></span> <span class='ocrx_word' id='word_1_331' title='bbox 1921 3461 2089 3514; x_wconf 89' lang='lat' dir='ltr'><strong>bene-</strong></span> 
     </span>
    </p>
   </div>
   <div class='ocr_carea' id='block_1_50' title="bbox 493 3551 2090 3622">
    <p class='ocr_par' dir='ltr' id='par_1_50' title="bbox 493 3551 2090 3622">
     <span class='ocr_line' id='line_1_50' title="bbox 493 3551 2090 3622; baseline -0.002 -13"><span class='ocrx_word' id='word_1_332' title='bbox 493 3554 793 3609; x_wconf 87' lang='lat' dir='ltr'><strong>dictionem</strong></span> <span class='ocrx_word' id='word_1_333' title='bbox 847 3553 1045 3607; x_wconf 88' lang='lat' dir='ltr'><strong>mulier</strong></span> <span class='ocrx_word' id='word_1_334' title='bbox 1096 3552 1364 3621; x_wconf 84' lang='lat' dir='ltr'><strong>impertiit</strong></span> <span class='ocrx_word' id='word_1_335' title='bbox 1392 3553 1553 3621; x_wconf 81' lang='lat' dir='ltr'><strong>longe</strong></span> <span class='ocrx_word' id='word_1_336' title='bbox 1599 3554 1861 3622; x_wconf 86' lang='lat' dir='ltr'><strong>capacius</strong></span> <span class='ocrx_word' id='word_1_337' title='bbox 1907 3551 2090 3621; x_wconf 86' lang='lat' dir='ltr'><strong>profe-</strong></span> 
     </span>
    </p>
   </div>
   <div class='ocr_carea' id='block_1_51' title="bbox 495 3642 2089 3713">
    <p class='ocr_par' dir='ltr' id='par_1_51' title="bbox 495 3642 2089 3713">
     <span class='ocr_line' id='line_1_51' title="bbox 495 3642 2089 3713; baseline -0.002 -13"><span class='ocrx_word' id='word_1_338' title='bbox 495 3661 651 3711; x_wconf 88' lang='lat' dir='ltr'><strong>rens,</strong></span> <span class='ocrx_word' id='word_1_339' title='bbox 681 3652 736 3700; x_wconf 87' lang='lat' dir='ltr'><strong>et</strong></span> <span class='ocrx_word' id='word_1_340' title='bbox 776 3645 831 3698; x_wconf 88' lang='lat' dir='ltr'><strong>in</strong></span> <span class='ocrx_word' id='word_1_341' title='bbox 858 3644 912 3698; x_wconf 90' lang='lat' dir='ltr'><strong>id</strong></span> <span class='ocrx_word' id='word_1_342' title='bbox 936 3659 967 3699; x_wconf 93' lang='lat' dir='ltr'><strong>e</strong></span> <span class='ocrx_word' id='word_1_343' title='bbox 997 3642 1213 3698; x_wconf 89' lang='lat' dir='ltr'><strong>minore</strong></span> <span class='ocrx_word' id='word_1_344' title='bbox 1255 3644 1347 3696; x_wconf 87' lang='lat' dir='ltr'><strong>illo</strong></span> <span class='ocrx_word' id='word_1_345' title='bbox 1382 3642 1804 3707; x_wconf 80' lang='lat' dir='ltr'><strong>transfundens,</strong></span> <span class='ocrx_word' id='word_1_346' title='bbox 1840 3644 1914 3697; x_wconf 92' lang='lat' dir='ltr'><strong>ita</strong></span> <span class='ocrx_word' id='word_1_347' title='bbox 1949 3659 2089 3713; x_wconf 66' lang='lat' dir='ltr'><strong>pra:-</strong></span> 
     </span>
    </p>
   </div>
   <div class='ocr_carea' id='block_1_52' title="bbox 496 3734 2086 3807">
    <p class='ocr_par' dir='ltr' id='par_1_52' title="bbox 496 3734 2086 3807">
     <span class='ocr_line' id='line_1_52' title="bbox 496 3734 2086 3807; baseline -0.001 -15"><span class='ocrx_word' id='word_1_348' title='bbox 496 3737 678 3792; x_wconf 84' lang='lat' dir='ltr'><strong>fatur:</strong></span> <span class='ocrx_word' id='word_1_349' title='bbox 704 3734 894 3790; x_wconf 79' lang='lat' dir='ltr'><strong>Gratia</strong></span> <span class='ocrx_word' id='word_1_350' title='bbox 929 3736 1042 3802; x_wconf 87' lang='lat' dir='ltr'><strong>Dei,</strong></span> <span class='ocrx_word' id='word_1_351' title='bbox 1075 3752 1193 3807; x_wconf 77' lang='lat' dir='ltr'><strong>qua:</strong></span> <span class='ocrx_word' id='word_1_352' title='bbox 1227 3746 1349 3791; x_wconf 77' lang='lat' dir='ltr'><strong>ante</strong></span> <span class='ocrx_word' id='word_1_353' title='bbox 1378 3739 1559 3791; x_wconf 84' lang='lat' dir='ltr'><strong>omnia</strong></span> <span class='ocrx_word' id='word_1_354' title='bbox 1588 3746 1687 3801; x_wconf 78' lang='lat' dir='ltr'><strong>est,</strong></span> <span class='ocrx_word' id='word_1_355' title='bbox 1718 3754 1882 3807; x_wconf 88' lang='lat' dir='ltr'><strong>neque</strong></span> <span class='ocrx_word' id='word_1_356' title='bbox 1907 3740 2086 3791; x_wconf 85' lang='lat' dir='ltr'><strong>animo</strong></span> 
     </span>
    </p>
   </div>
   <div class='ocr_carea' id='block_1_53' title="bbox 491 3828 2089 3899">
    <p class='ocr_par' dir='ltr' id='par_1_53' title="bbox 491 3828 2089 3899">
     <span class='ocr_line' id='line_1_53' title="bbox 491 3828 2089 3899; baseline -0.003 -14"><span class='ocrx_word' id='word_1_357' title='bbox 491 3830 723 3899; x_wconf 83' lang='lat' dir='ltr'><strong>concipi,</strong></span> <span class='ocrx_word' id='word_1_358' title='bbox 753 3838 847 3883; x_wconf 74' lang='lat' dir='ltr'><strong>aut</strong></span> <span class='ocrx_word' id='word_1_359' title='bbox 874 3830 1137 3897; x_wconf 77' lang='lat' dir='ltr'><strong>explicari</strong></span> <span class='ocrx_word' id='word_1_360' title='bbox 1164 3838 1360 3897; x_wconf 77' lang='lat' dir='ltr'><strong>potest,</strong></span> <span class='ocrx_word' id='word_1_361' title='bbox 1394 3830 1704 3884; x_wconf 82' lang='lat' dir='ltr'><strong>interiorem</strong></span> <span class='ocrx_word' id='word_1_362' title='bbox 1740 3839 1887 3882; x_wconf 89' lang='lat' dir='ltr'><strong>tuum</strong></span> <span class='ocrx_word' id='word_1_363' title='bbox 1917 3828 2089 3883; x_wconf 83' lang='lat' dir='ltr'><strong>homi-</strong></span> 
     </span>
    </p>
   </div>
   <div class='ocr_carea' id='block_1_54' title="bbox 494 3924 2083 3994">
    <p class='ocr_par' dir='ltr' id='par_1_54' title="bbox 494 3924 2083 3994">
     <span class='ocr_line' id='line_1_54' title="bbox 494 3924 2083 3994; baseline -0.003 -15"><span class='ocrx_word' id='word_1_364' title='bbox 494 3941 613 3979; x_wconf 80' lang='lat' dir='ltr'><strong>nem</strong></span> <span class='ocrx_word' id='word_1_365' title='bbox 658 3924 941 3992; x_wconf 69' lang='lat' dir='ltr'><strong>compleat,</strong></span> <span class='ocrx_word' id='word_1_366' title='bbox 977 3939 1041 3976; x_wconf 86' lang='lat' dir='ltr'><strong>ac</strong></span> <span class='ocrx_word' id='word_1_367' title='bbox 1080 3940 1235 3977; x_wconf 81' lang='lat' dir='ltr'><strong>suam</strong></span> <span class='ocrx_word' id='word_1_368' title='bbox 1286 3924 1341 3977; x_wconf 82' lang='lat' dir='ltr'><strong>in</strong></span> <span class='ocrx_word' id='word_1_369' title='bbox 1391 3932 1439 3977; x_wconf 82' lang='lat' dir='ltr'><strong>te</strong></span> <span class='ocrx_word' id='word_1_370' title='bbox 1480 3924 1837 3994; x_wconf 82' lang='lat' dir='ltr'><strong>cognitionem</strong></span> <span class='ocrx_word' id='word_1_371' title='bbox 1872 3931 2083 3991; x_wconf 86' lang='lat' dir='ltr'><strong>augeat,</strong></span> 
     </span>
    </p>
   </div>
   <div class='ocr_carea' id='block_1_55' title="bbox 490 4012 2087 4091">
    <p class='ocr_par' dir='ltr' id='par_1_55' title="bbox 490 4012 2087 4091">
     <span class='ocr_line' id='line_1_55' title="bbox 490 4012 2087 4091; baseline 0.003 -24"><span class='ocrx_word' id='word_1_372' title='bbox 490 4029 719 4085; x_wconf 79' lang='lat' dir='ltr'><strong>granum</strong></span> <span class='ocrx_word' id='word_1_373' title='bbox 736 4013 953 4083; x_wconf 73' lang='lat' dir='ltr'><strong>synapis</strong></span> <span class='ocrx_word' id='word_1_374' title='bbox 972 4012 1027 4066; x_wconf 84' lang='lat' dir='ltr'><strong>in</strong></span> <span class='ocrx_word' id='word_1_375' title='bbox 1049 4012 1242 4067; x_wconf 80' lang='lat' dir='ltr'><strong>bonam</strong></span> <span class='ocrx_word' id='word_1_376' title='bbox 1263 4022 1463 4068; x_wconf 86' lang='lat' dir='ltr'><strong>terram</strong></span> <span class='ocrx_word' id='word_1_377' title='bbox 1489 4013 1790 4069; x_wconf 82' lang='lat' dir='ltr'><strong>demittens.</strong></span> <span class='ocrx_word' id='word_1_378' title='bbox 1814 4014 1907 4072; x_wconf 91' lang='lat' dir='ltr'><strong>His</strong></span> <span class='ocrx_word' id='word_1_379' title='bbox 1924 4018 2087 4091; x_wconf 64' lang='lat'><strong>234</strong></span> 
     </span>
    </p>
   </div>
   <div class='ocr_carea' id='block_1_56' title="bbox 493 4102 2086 4169">
    <p class='ocr_par' dir='ltr' id='par_1_56' title="bbox 493 4102 2086 4169">
     <span class='ocr_line' id='line_1_56' title="bbox 493 4102 2086 4169; baseline 0.003 -10"><span class='ocrx_word' id='word_1_380' title='bbox 493 4104 688 4168; x_wconf 88' lang='lat' dir='ltr'><strong>dictis,</strong></span> <span class='ocrx_word' id='word_1_381' title='bbox 722 4105 911 4160; x_wconf 77' lang='lat' dir='ltr'><strong>statim</strong></span> <span class='ocrx_word' id='word_1_382' title='bbox 943 4102 1221 4159; x_wconf 88' lang='lat' dir='ltr'><strong>infelicem</strong></span> <span class='ocrx_word' id='word_1_383' title='bbox 1258 4105 1408 4159; x_wconf 89' lang='lat' dir='ltr'><strong>illam</strong></span> <span class='ocrx_word' id='word_1_384' title='bbox 1441 4105 1498 4159; x_wconf 90' lang='lat' dir='ltr'><strong>in</strong></span> <span class='ocrx_word' id='word_1_385' title='bbox 1530 4104 1775 4161; x_wconf 82' lang='lat' dir='ltr'><strong>furorem</strong></span> <span class='ocrx_word' id='word_1_386' title='bbox 1815 4111 1999 4169; x_wconf 86' lang='lat' dir='ltr'><strong>vertit.</strong></span> <span class='ocrx_word' id='word_1_387' title='bbox 2032 4119 2086 4165; x_wconf 88' lang='lat' dir='ltr'><strong>et</strong></span> 
     </span>
    </p>
   </div>
   <div class='ocr_carea' id='block_1_57' title="bbox 495 4196 2085 4269">
    <p class='ocr_par' dir='ltr' id='par_1_57' title="bbox 495 4196 2085 4269">
     <span class='ocr_line' id='line_1_57' title="bbox 495 4196 2085 4269; baseline 0.003 -18"><span class='ocrx_word' id='word_1_388' title='bbox 495 4197 900 4267; x_wconf 77' lang='lat' dir='ltr'><strong>praestigiarum</strong></span> <span class='ocrx_word' id='word_1_389' title='bbox 928 4211 989 4250; x_wconf 90' lang='lat' dir='ltr'><strong>se</strong></span> <span class='ocrx_word' id='word_1_390' title='bbox 1012 4196 1277 4251; x_wconf 86' lang='lat' dir='ltr'><strong>artificem</strong></span> <span class='ocrx_word' id='word_1_391' title='bbox 1296 4198 1646 4268; x_wconf 89' lang='lat' dir='ltr'><strong>comprobat.</strong></span> <span class='ocrx_word' id='word_1_392' title='bbox 1675 4196 1921 4269; x_wconf 85' lang='lat' dir='ltr'><strong>Repente</strong></span> <span class='ocrx_word' id='word_1_393' title='bbox 1938 4202 2085 4255; x_wconf 89' lang='lat' dir='ltr'><strong>enim</strong></span> 
     </span>
    </p>
   </div>
   <div class='ocr_carea' id='block_1_58' title="bbox 497 4286 2084 4358">
    <p class='ocr_par' dir='ltr' id='par_1_58' title="bbox 497 4286 2084 4358">
     <span class='ocr_line' id='line_1_58' title="bbox 497 4286 2084 4358; baseline 0.001 -16"><span class='ocrx_word' id='word_1_394' title='bbox 497 4287 683 4357; x_wconf 86' lang='lat' dir='ltr'><strong>majus</strong></span> <span class='ocrx_word' id='word_1_395' title='bbox 711 4286 848 4341; x_wconf 90' lang='lat' dir='ltr'><strong>illud</strong></span> <span class='ocrx_word' id='word_1_396' title='bbox 885 4286 1167 4358; x_wconf 90' lang='lat' dir='ltr'><strong>poculum,</strong></span> <span class='ocrx_word' id='word_1_397' title='bbox 1198 4286 1254 4340; x_wconf 92' lang='lat' dir='ltr'><strong>in</strong></span> <span class='ocrx_word' id='word_1_398' title='bbox 1290 4286 1437 4357; x_wconf 90' lang='lat' dir='ltr'><strong>quod</strong></span> <span class='ocrx_word' id='word_1_399' title='bbox 1472 4287 1657 4342; x_wconf 91' lang='lat' dir='ltr'><strong>minus</strong></span> <span class='ocrx_word' id='word_1_400' title='bbox 1685 4286 1937 4343; x_wconf 89' lang='lat' dir='ltr'><strong>defusum</strong></span> <span class='ocrx_word' id='word_1_401' title='bbox 1977 4298 2084 4357; x_wconf 88' lang='lat' dir='ltr'><strong>est,</strong></span> 
     </span>
    </p>
   </div>
   <div class='ocr_carea' id='block_1_59' title="bbox 495 4379 2085 4451">
    <p class='ocr_par' dir='ltr' id='par_1_59' title="bbox 495 4379 2085 4451">
     <span class='ocr_line' id='line_1_59' title="bbox 495 4379 2085 4451; baseline 0.001 -16"><span class='ocrx_word' id='word_1_402' title='bbox 495 4380 578 4435; x_wconf 87' lang='lat' dir='ltr'><strong>sic</strong></span> <span class='ocrx_word' id='word_1_403' title='bbox 608 4381 869 4451; x_wconf 89' lang='lat' dir='ltr'><strong>repletur,</strong></span> <span class='ocrx_word' id='word_1_404' title='bbox 898 4387 959 4433; x_wconf 87' lang='lat' dir='ltr'><strong>ut</strong></span> <span class='ocrx_word' id='word_1_405' title='bbox 988 4395 1110 4437; x_wconf 81' lang='lat' dir='ltr'><strong>sese</strong></span> <span class='ocrx_word' id='word_1_406' title='bbox 1137 4379 1321 4449; x_wconf 89' lang='lat' dir='ltr'><strong>liquor</strong></span> <span class='ocrx_word' id='word_1_407' title='bbox 1359 4380 1744 4450; x_wconf 89' lang='lat' dir='ltr'><strong>superfundat.</strong></span> <span class='ocrx_word' id='word_1_408' title='bbox 1782 4380 1910 4437; x_wconf 67' lang='lat' dir='ltr'><strong>Haac</strong></span> <span class='ocrx_word' id='word_1_409' title='bbox 1933 4392 1986 4437; x_wconf 90' lang='lat' dir='ltr'><strong>et</strong></span> <span class='ocrx_word' id='word_1_410' title='bbox 2018 4383 2085 4437; x_wconf 91' lang='lat' dir='ltr'><strong>iis</strong></span> 
     </span>
    </p>
   </div>
   <div class='ocr_carea' id='block_1_60' title="bbox 494 4471 2085 4543">
    <p class='ocr_par' dir='ltr' id='par_1_60' title="bbox 494 4471 2085 4543">
     <span class='ocr_line' id='line_1_60' title="bbox 494 4471 2085 4543; baseline 0.001 -16"><span class='ocrx_word' id='word_1_411' title='bbox 494 4471 698 4528; x_wconf 85' lang='lat' dir='ltr'><strong>similia</strong></span> <span class='ocrx_word' id='word_1_412' title='bbox 720 4472 978 4542; x_wconf 89' lang='lat' dir='ltr'><strong>pleraque</strong></span> <span class='ocrx_word' id='word_1_413' title='bbox 1013 4472 1222 4528; x_wconf 90' lang='lat' dir='ltr'><strong>faciens</strong></span> <span class='ocrx_word' id='word_1_414' title='bbox 1251 4473 1634 4543; x_wconf 88' lang='lat' dir='ltr'><strong>compluribus</strong></span> <span class='ocrx_word' id='word_1_415' title='bbox 1671 4473 1870 4539; x_wconf 86' lang='lat' dir='ltr'><strong>illusit,</strong></span> <span class='ocrx_word' id='word_1_416' title='bbox 1909 4488 1973 4529; x_wconf 87' lang='lat' dir='ltr'><strong>ac</strong></span> <span class='ocrx_word' id='word_1_417' title='bbox 1997 4490 2085 4528; x_wconf 85' lang='lat' dir='ltr'><strong>se-</strong></span> 
     </span>
    </p>
   </div>
   <div class='ocr_carea' id='block_1_61' title="bbox 2192 1936 3803 2009">
    <p class='ocr_par' dir='ltr' id='par_1_61' title="bbox 2192 1936 3803 2009">
     <span class='ocr_line' id='line_1_61' title="bbox 2192 1936 3803 2009; baseline 0.002 -21"><span class='ocrx_word' id='word_1_418' title='bbox 2192 1936 2428 2007; x_wconf 89' lang='grc' dir='ltr'><strong>Μάρκου</strong></span> <span class='ocrx_word' id='word_1_419' title='bbox 2468 1936 2564 1989; x_wconf 81' lang='grc' dir='ltr'><strong>καὶ</strong></span> <span class='ocrx_word' id='word_1_420' title='bbox 2602 1936 2713 1990; x_wconf 83' lang='grc' dir='ltr'>τῶν</span> <span class='ocrx_word' id='word_1_421' title='bbox 2742 1936 2802 2001; x_wconf 83' lang='grc' dir='ltr'><strong>ἐξ</strong></span> <span class='ocrx_word' id='word_1_422' title='bbox 2845 1936 3013 1990; x_wconf 82' lang='grc' dir='ltr'><strong>αὐτοῦ</strong></span> <span class='ocrx_word' id='word_1_423' title='bbox 3052 1938 3393 2008; x_wconf 83' lang='grc' dir='ltr'><strong>ὁρμωμένων</strong></span> <span class='ocrx_word' id='word_1_424' title='bbox 3426 1954 3803 2009; x_wconf 79' lang='grc' dir='ltr'><strong>πραγματευ-</strong></span> 
     </span>
    </p>
   </div>
   <div class='ocr_carea' id='block_1_62' title="bbox 2192 2025 3806 2097">
    <p class='ocr_par' dir='ltr' id='par_1_62' title="bbox 2192 2025 3806 2097">
     <span class='ocr_line' id='line_1_62' title="bbox 2192 2025 3806 2097; baseline 0 -18"><span class='ocrx_word' id='word_1_425' title='bbox 2192 2026 2399 2079; x_wconf 73' lang='grc' dir='ltr'><strong>θεῖσινο</strong></span> <span class='ocrx_word' id='word_1_426' title='bbox 2447 2025 2604 2079; x_wconf 73' lang='grc' dir='ltr'><strong>ἅτινα</strong></span> <span class='ocrx_word' id='word_1_427' title='bbox 2647 2025 2886 2080; x_wconf 83' lang='grc' dir='ltr'><strong>ἐνταῦθα</strong></span> <span class='ocrx_word' id='word_1_428' title='bbox 2920 2026 3057 2097; x_wconf 81' lang='grc' dir='ltr'><strong>πρὸς</strong></span> <span class='ocrx_word' id='word_1_429' title='bbox 3102 2026 3232 2089; x_wconf 83' lang='grc' dir='ltr'><strong>έπος</strong></span> <span class='ocrx_word' id='word_1_430' title='bbox 3282 2026 3537 2079; x_wconf 77' lang='grc' dir='ltr'><strong>ἐκθέσθαι</strong></span> <span class='ocrx_word' id='word_1_431' title='bbox 3592 2028 3806 2081; x_wconf 75' lang='grc' dir='ltr'><strong>ἐσπού-</strong></span> 
     </span>
    </p>
   </div>
   <div class='ocr_carea' id='block_1_63' title="bbox 2188 2116 3804 2189">
    <p class='ocr_par' dir='ltr' id='par_1_63' title="bbox 2188 2116 3804 2189">
     <span class='ocr_line' id='line_1_63' title="bbox 2188 2116 3804 2189; baseline -0.001 -17"><span class='ocrx_word' id='word_1_432' title='bbox 2188 2119 2361 2172; x_wconf 83' lang='grc' dir='ltr'><strong>δασα·</strong></span> <span class='ocrx_word' id='word_1_433' title='bbox 2395 2118 2492 2171; x_wconf 74' lang='grc' dir='ltr'><strong>καὶ</strong></span> <span class='ocrx_word' id='word_1_434' title='bbox 2518 2117 2633 2170; x_wconf 77' lang='grc' dir='ltr'><strong>ἔστι</strong></span> <span class='ocrx_word' id='word_1_435' title='bbox 2675 2119 2826 2172; x_wconf 87' lang='grc' dir='ltr'><strong>τάδε.</strong></span> <span class='ocrx_word' id='word_1_436' title='bbox 2873 2117 3077 2171; x_wconf 85' lang='grc' dir='ltr'><strong>Φάσκει</strong></span> <span class='ocrx_word' id='word_1_437' title='bbox 3101 2116 3212 2189; x_wconf 84' lang='grc' dir='ltr'><strong>γὰρ</strong></span> <span class='ocrx_word' id='word_1_438' title='bbox 3240 2119 3462 2181; x_wconf 73' lang='grc' dir='ltr'><strong>αὑτοῖςί</strong></span> <span class='ocrx_word' id='word_1_439' title='bbox 3496 2119 3804 2189; x_wconf 71' lang='grc' dir='ltr'>Εἰρηναῖος</span> 
     </span>
    </p>
   </div>
   <div class='ocr_carea' id='block_1_64' title="bbox 2190 2209 3801 2282">
    <p class='ocr_par' dir='ltr' id='par_1_64' title="bbox 2190 2209 3801 2282">
     <span class='ocr_line' id='line_1_64' title="bbox 2190 2209 3801 2282; baseline 0.001 -19"><span class='ocrx_word' id='word_1_440' title='bbox 2190 2211 2219 2263; x_wconf 84' lang='grc' dir='ltr'>ὁ</span> <span class='ocrx_word' id='word_1_441' title='bbox 2266 2209 2420 2277; x_wconf 74' lang='grc' dir='ltr'><strong>ἅγιος</strong></span> <span class='ocrx_word' id='word_1_442' title='bbox 2472 2212 2530 2263; x_wconf 89' lang='grc' dir='ltr'><strong>ἐν</strong></span> <span class='ocrx_word' id='word_1_443' title='bbox 2558 2210 2639 2282; x_wconf 82' lang='grc' dir='ltr'><strong>τῷ</strong></span> <span class='ocrx_word' id='word_1_444' title='bbox 2673 2210 2995 2280; x_wconf 73' lang='grc' dir='ltr'><strong>ὑποφαίνειν</strong></span> <span class='ocrx_word' id='word_1_445' title='bbox 3034 2210 3104 2264; x_wconf 82' lang='grc' dir='ltr'><strong>τὰ</strong></span> <span class='ocrx_word' id='word_1_446' title='bbox 3144 2210 3238 2263; x_wconf 76' lang='grc' dir='ltr'><strong>ὑπ’</strong></span> <span class='ocrx_word' id='word_1_447' title='bbox 3271 2210 3450 2265; x_wconf 83' lang='grc' dir='ltr'>αὐτῶν</span> <span class='ocrx_word' id='word_1_448' title='bbox 3491 2210 3801 2282; x_wconf 79' lang='grc' dir='ltr'><strong>λεγόμενα,</strong></span> 
     </span>
    </p>
   </div>
   <div class='ocr_carea' id='block_1_65' title="bbox 2191 2300 2594 2371">
    <p class='ocr_par' dir='ltr' id='par_1_65' title="bbox 2191 2300 2594 2371">
     <span class='ocr_line' id='line_1_65' title="bbox 2191 2300 2594 2371; baseline 0.005 -18"><span class='ocrx_word' id='word_1_449' title='bbox 2191 2300 2367 2371; x_wconf 78' lang='grc' dir='ltr'><strong>λέγων</strong></span> <span class='ocrx_word' id='word_1_450' title='bbox 2398 2301 2594 2366; x_wconf 80' lang='grc' dir='ltr'><strong>οὕτως’</strong></span> 
     </span>
    </p>
   </div>
   <div class='ocr_carea' id='block_1_66' title="bbox 2583 2414 3413 2486">
    <p class='ocr_par' dir='ltr' id='par_1_66' title="bbox 2583 2414 3413 2486">
     <span class='ocr_line' id='line_1_66' title="bbox 2583 2414 3413 2486; baseline 0.001 -16"><span class='ocrx_word' id='word_1_451' title='bbox 2583 2416 2689 2470; x_wconf 84' lang='grc' dir='ltr'><strong>Ἐκ</strong></span> <span class='ocrx_word' id='word_1_452' title='bbox 2709 2414 2816 2470; x_wconf 87' lang='grc' dir='ltr'><strong>τοῦ</strong></span> <span class='ocrx_word' id='word_1_453' title='bbox 2854 2416 3026 2486; x_wconf 79' lang='grc' dir='ltr'><strong>ἁγίου</strong></span> <span class='ocrx_word' id='word_1_454' title='bbox 3065 2414 3413 2485; x_wconf 74' lang='grc' dir='ltr'><strong>Εἰρηναίου.</strong></span> 
     </span>
    </p>
   </div>
   <div class='ocr_carea' id='block_1_67' title="bbox 2262 2528 3803 2603">
    <p class='ocr_par' dir='ltr' id='par_1_67' title="bbox 2262 2528 3803 2603">
     <span class='ocr_line' id='line_1_67' title="bbox 2262 2528 3803 2603; baseline 0.001 -20"><span class='ocrx_word' id='word_1_455' title='bbox 2262 2529 2338 2583; x_wconf 89' lang='grc' dir='ltr'><strong>Β’.</strong></span> <span class='ocrx_word' id='word_1_456' title='bbox 2377 2530 2625 2601; x_wconf 79' lang='grc' dir='ltr'><strong>Ποτήρια</strong></span> <span class='ocrx_word' id='word_1_457' title='bbox 2653 2528 2783 2601; x_wconf 80' lang='grc' dir='ltr'><strong>οἴνῳ</strong></span> <span class='ocrx_word' id='word_1_458' title='bbox 2825 2531 3146 2602; x_wconf 82' lang='grc' dir='ltr'><strong>κεκραμένα</strong></span> <span class='ocrx_word' id='word_1_459' title='bbox 3177 2532 3288 2601; x_wconf 88' lang='lat' dir='ltr'><strong>(l0)</strong></span> <span class='ocrx_word' id='word_1_460' title='bbox 3321 2532 3803 2603; x_wconf 76' lang='grc' dir='ltr'><strong>προσποιούμενος</strong></span> 
     </span>
    </p>
   </div>
   <div class='ocr_carea' id='block_1_68' title="bbox 2191 2623 3802 2695">
    <p class='ocr_par' dir='ltr' id='par_1_68' title="bbox 2191 2623 3802 2695">
     <span class='ocr_line' id='line_1_68' title="bbox 2191 2623 3802 2695; baseline 0.002 -19"><span class='ocrx_word' id='word_1_461' title='bbox 2191 2623 2570 2695; x_wconf 84' lang='grc' dir='ltr'><strong>εὐχαριστεῖν,</strong></span> <span class='ocrx_word' id='word_1_462' title='bbox 2630 2624 2726 2677; x_wconf 76' lang='grc' dir='ltr'><strong>καὶ</strong></span> <span class='ocrx_word' id='word_1_463' title='bbox 2783 2624 2877 2677; x_wconf 82' lang='grc' dir='ltr'><strong>ἐπὶ</strong></span> <span class='ocrx_word' id='word_1_464' title='bbox 2930 2624 3093 2677; x_wconf 82' lang='grc' dir='ltr'><strong>πλέον</strong></span> <span class='ocrx_word' id='word_1_465' title='bbox 3158 2626 3416 2679; x_wconf 72' lang='grc' dir='ltr'><strong>ἐκτείνων</strong></span> <span class='ocrx_word' id='word_1_466' title='bbox 3474 2626 3566 2678; x_wconf 78' lang='grc' dir='ltr'><strong>τὸν</strong></span> <span class='ocrx_word' id='word_1_467' title='bbox 3631 2626 3802 2695; x_wconf 80' lang='grc' dir='ltr'><strong>λόγον</strong></span> 
     </span>
    </p>
   </div>
   <div class='ocr_carea' id='block_1_69' title="bbox 2189 2712 3800 2786">
    <p class='ocr_par' dir='ltr' id='par_1_69' title="bbox 2189 2712 3800 2786">
     <span class='ocr_line' id='line_1_69' title="bbox 2189 2712 3800 2786; baseline 0.002 -21"><span class='ocrx_word' id='word_1_468' title='bbox 2189 2713 2291 2783; x_wconf 83' lang='grc' dir='ltr'><strong>τῆς</strong></span> <span class='ocrx_word' id='word_1_469' title='bbox 2319 2714 2684 2785; x_wconf 78' lang='grc' dir='ltr'><strong>ἐπικλήσεως,</strong></span> <span class='ocrx_word' id='word_1_470' title='bbox 2722 2712 3011 2785; x_wconf 84' lang='grc' dir='ltr'><strong>πορφύρεα</strong></span> <span class='ocrx_word' id='word_1_471' title='bbox 3026 2715 3119 2767; x_wconf 79' lang='grc' dir='ltr'><strong>καὶ</strong></span> <span class='ocrx_word' id='word_1_472' title='bbox 3155 2714 3362 2786; x_wconf 79' lang='grc' dir='ltr'><strong>ἐρυθρά</strong></span> <span class='ocrx_word' id='word_1_473' title='bbox 3395 2715 3800 2783; x_wconf 74' lang='grc' dir='ltr'><strong>ἀναφαίνεσθαι</strong></span> 
     </span>
    </p>
   </div>
   <div class='ocr_carea' id='block_1_70' title="bbox 2191 2807 3799 2880">
    <p class='ocr_par' dir='ltr' id='par_1_70' title="bbox 2191 2807 3799 2880">
     <span class='ocr_line' id='line_1_70' title="bbox 2191 2807 3799 2880; baseline -0.001 -20"><span class='ocrx_word' id='word_1_474' title='bbox 2191 2810 2369 2861; x_wconf 83' lang='grc' dir='ltr'><strong>ποιεῖ’</strong></span> <span class='ocrx_word' id='word_1_475' title='bbox 2418 2808 2495 2871; x_wconf 89' lang='grc' dir='ltr'><strong>ὼς</strong></span> <span class='ocrx_word' id='word_1_476' title='bbox 2527 2808 2705 2861; x_wconf 86' lang='grc' dir='ltr'>δοκεῖν</span> <span class='ocrx_word' id='word_1_477' title='bbox 2740 2808 2841 2880; x_wconf 83' lang='grc' dir='ltr'><strong>τὴν</strong></span> <span class='ocrx_word' id='word_1_478' title='bbox 2891 2808 3000 2861; x_wconf 80' lang='grc' dir='ltr'><strong>ἀπὸ</strong></span> <span class='ocrx_word' id='word_1_479' title='bbox 3027 2808 3137 2861; x_wconf 86' lang='grc' dir='ltr'><strong>τῶν</strong></span> <span class='ocrx_word' id='word_1_480' title='bbox 3184 2809 3327 2878; x_wconf 82' lang='grc' dir='ltr'><strong>ὑπὲρ</strong></span> <span class='ocrx_word' id='word_1_481' title='bbox 3372 2808 3440 2861; x_wconf 80' lang='grc' dir='ltr'><strong>τά</strong></span> <span class='ocrx_word' id='word_1_482' title='bbox 3485 2807 3584 2860; x_wconf 85' lang='grc' dir='ltr'><strong>ὅλα</strong></span> <span class='ocrx_word' id='word_1_483' title='bbox 3624 2809 3799 2879; x_wconf 79' lang='grc' dir='ltr'><strong>χάριν</strong></span> 
     </span>
    </p>
   </div>
   <div class='ocr_carea' id='block_1_71' title="bbox 2191 2895 3799 2973">
    <p class='ocr_par' dir='ltr' id='par_1_71' title="bbox 2191 2895 3799 2973">
     <span class='ocr_line' id='line_1_71' title="bbox 2191 2895 3799 2973; baseline 0.004 -22"><span class='ocrx_word' id='word_1_484' title='bbox 2191 2895 2331 2970; x_wconf 79' lang='grc' dir='ltr'><strong>αἷμα</strong></span> <span class='ocrx_word' id='word_1_485' title='bbox 2374 2899 2435 2953; x_wconf 81' lang='grc' dir='ltr'><strong>τὸ</strong></span> <span class='ocrx_word' id='word_1_486' title='bbox 2463 2900 2665 2971; x_wconf 80' lang='grc' dir='ltr'><strong>ἑαυτῆς</strong></span> <span class='ocrx_word' id='word_1_487' title='bbox 2712 2900 2932 2964; x_wconf 79' lang='grc' dir='ltr'><strong>στάζειν</strong></span> <span class='ocrx_word' id='word_1_488' title='bbox 2973 2901 3032 2954; x_wconf 84' lang='grc' dir='ltr'><strong>ἐν</strong></span> <span class='ocrx_word' id='word_1_489' title='bbox 3079 2900 3156 2971; x_wconf 84' lang='grc' dir='ltr'><strong>τῷ</strong></span> <span class='ocrx_word' id='word_1_490' title='bbox 3187 2903 3380 2972; x_wconf 84' lang='grc' dir='ltr'><strong>ἐκείνῳ</strong></span> <span class='ocrx_word' id='word_1_491' title='bbox 3412 2903 3660 2973; x_wconf 83' lang='grc' dir='ltr'><strong>ποτηρίῳ</strong></span> <span class='ocrx_word' id='word_1_492' title='bbox 3700 2904 3799 2957; x_wconf 66' lang='grc' dir='ltr'><strong>διὰ</strong></span> 
     </span>
    </p>
   </div>
   <div class='ocr_carea' id='block_1_72' title="bbox 2190 2992 3796 3065">
    <p class='ocr_par' dir='ltr' id='par_1_72' title="bbox 2190 2992 3796 3065">
     <span class='ocr_line' id='line_1_72' title="bbox 2190 2992 3796 3065; baseline 0.002 -21"><span class='ocrx_word' id='word_1_493' title='bbox 2190 2993 2291 3063; x_wconf 85' lang='grc' dir='ltr'><strong>τῆς</strong></span> <span class='ocrx_word' id='word_1_494' title='bbox 2342 2992 2685 3062; x_wconf 82' lang='grc' dir='ltr'><strong>ἐπικλήσεως</strong></span> <span class='ocrx_word' id='word_1_495' title='bbox 2740 2992 2938 3056; x_wconf 82' lang='grc' dir='ltr'><strong>αὐτοῦ,</strong></span> <span class='ocrx_word' id='word_1_496' title='bbox 2989 2994 3086 3048; x_wconf 74' lang='grc' dir='ltr'><strong>καὶ</strong></span> <span class='ocrx_word' id='word_1_497' title='bbox 3134 2994 3593 3065; x_wconf 82' lang='grc' dir='ltr'><strong>ὑπεριμείρεσθαι</strong></span> <span class='ocrx_word' id='word_1_498' title='bbox 3657 2997 3796 3059; x_wconf 77' lang='grc' dir='ltr'><strong>τοὺς</strong></span> 
     </span>
    </p>
   </div>
   <div class='ocr_carea' id='block_1_73' title="bbox 2193 3088 3795 3161">
    <p class='ocr_par' dir='ltr' id='par_1_73' title="bbox 2193 3088 3795 3161">
     <span class='ocr_line' id='line_1_73' title="bbox 2193 3088 3795 3161; baseline 0.004 -22"><span class='ocrx_word' id='word_1_499' title='bbox 2193 3088 2467 3159; x_wconf 88' lang='grc' dir='ltr'><strong>παρόντας</strong></span> <span class='ocrx_word' id='word_1_500' title='bbox 2491 3088 2549 3153; x_wconf 81' lang='grc' dir='ltr'><strong>ἐξ</strong></span> <span class='ocrx_word' id='word_1_501' title='bbox 2577 3088 2786 3141; x_wconf 65' lang='grc' dir='ltr'><strong>ἐκείνου</strong></span> <span class='ocrx_word' id='word_1_502' title='bbox 2820 3089 3119 3158; x_wconf 83' lang='grc' dir='ltr'><strong>γεύσασθαι</strong></span> <span class='ocrx_word' id='word_1_503' title='bbox 3146 3090 3239 3142; x_wconf 82' lang='grc' dir='ltr'><strong>τοῦ</strong></span> <span class='ocrx_word' id='word_1_504' title='bbox 3274 3092 3538 3161; x_wconf 83' lang='grc' dir='ltr'><strong>πόματος,</strong></span> <span class='ocrx_word' id='word_1_505' title='bbox 3569 3091 3659 3144; x_wconf 81' lang='grc' dir='ltr'><strong>ἵνα</strong></span> <span class='ocrx_word' id='word_1_506' title='bbox 3690 3093 3795 3145; x_wconf 81' lang='grc' dir='ltr'><strong>καὶ</strong></span> 
     </span>
    </p>
   </div>
   <div class='ocr_carea' id='block_1_74' title="bbox 2191 3181 3792 3255">
    <p class='ocr_par' dir='ltr' id='par_1_74' title="bbox 2191 3181 3792 3255">
     <span class='ocr_line' id='line_1_74' title="bbox 2191 3181 3792 3255; baseline 0.003 -22"><span class='ocrx_word' id='word_1_507' title='bbox 2191 3181 2274 3244; x_wconf 85' lang='grc' dir='ltr'><strong>εἰς</strong></span> <span class='ocrx_word' id='word_1_508' title='bbox 2307 3182 2505 3244; x_wconf 77' lang='grc' dir='ltr'><strong>αὐτοὺς</strong></span> <span class='ocrx_word' id='word_1_509' title='bbox 2536 3182 2866 3255; x_wconf 79' lang='grc' dir='ltr'><strong>ἐπομϐρήσῃ</strong></span> <span class='ocrx_word' id='word_1_510' title='bbox 2896 3184 2928 3253; x_wconf 81' lang='grc' dir='ltr'><strong>ἡ</strong></span> <span class='ocrx_word' id='word_1_511' title='bbox 2954 3183 3043 3235; x_wconf 82' lang='grc' dir='ltr'><strong>διὰ</strong></span> <span class='ocrx_word' id='word_1_512' title='bbox 3072 3183 3167 3237; x_wconf 81' lang='grc' dir='ltr'><strong>τοῦ</strong></span> <span class='ocrx_word' id='word_1_513' title='bbox 3209 3184 3387 3255; x_wconf 80' lang='grc' dir='ltr'><strong>μάγου</strong></span> <span class='ocrx_word' id='word_1_514' title='bbox 3407 3184 3601 3238; x_wconf 79' lang='grc' dir='ltr'><strong>τούτου</strong></span> <span class='ocrx_word' id='word_1_515' title='bbox 3629 3186 3792 3254; x_wconf 71' lang='grc' dir='ltr'><strong>κληῖ-</strong></span> 
     </span>
    </p>
   </div>
   <div class='ocr_carea' id='block_1_75' title="bbox 2192 3271 3796 3348">
    <p class='ocr_par' dir='ltr' id='par_1_75' title="bbox 2192 3271 3796 3348">
     <span class='ocr_line' id='line_1_75' title="bbox 2192 3271 3796 3348; baseline 0.004 -24"><span class='ocrx_word' id='word_1_516' title='bbox 2192 3271 2392 3343; x_wconf 77' lang='grc' dir='ltr'><strong>ξομένη</strong></span> <span class='ocrx_word' id='word_1_517' title='bbox 2434 3274 2613 3344; x_wconf 88' lang='grc' dir='ltr'><strong>χάρις.</strong></span> <span class='ocrx_word' id='word_1_518' title='bbox 2650 3274 2821 3328; x_wconf 85' lang='grc' dir='ltr'><strong>Πάλιν</strong></span> <span class='ocrx_word' id='word_1_519' title='bbox 2849 3274 2905 3326; x_wconf 83' lang='grc' dir='ltr'><strong>δὲ</strong></span> <span class='ocrx_word' id='word_1_520' title='bbox 2937 3275 3188 3343; x_wconf 75' lang='grc' dir='ltr'><strong>γυναιξὶν</strong></span> <span class='ocrx_word' id='word_1_521' title='bbox 3227 3276 3446 3340; x_wconf 77' lang='grc' dir='ltr'><strong>ἐπιδοὺς</strong></span> <span class='ocrx_word' id='word_1_522' title='bbox 3475 3277 3796 3348; x_wconf 80' lang='grc' dir='ltr'><strong>ἐκπώματα</strong></span> 
     </span>
    </p>
   </div>
   <div class='ocr_carea' id='block_1_76' title="bbox 2190 3364 3797 3441">
    <p class='ocr_par' dir='ltr' id='par_1_76' title="bbox 2190 3364 3797 3441">
     <span class='ocr_line' id='line_1_76' title="bbox 2190 3364 3797 3441; baseline 0.005 -26"><span class='ocrx_word' id='word_1_523' title='bbox 2190 3364 2533 3435; x_wconf 77' lang='grc' dir='ltr'><strong>κεκραμένα,</strong></span> <span class='ocrx_word' id='word_1_524' title='bbox 2559 3365 2731 3429; x_wconf 78' lang='grc' dir='ltr'><strong>αὑτάς</strong></span> <span class='ocrx_word' id='word_1_525' title='bbox 2754 3367 3097 3437; x_wconf 79' lang='grc' dir='ltr'><strong>εὐχαριστεῖν</strong></span> <span class='ocrx_word' id='word_1_526' title='bbox 3122 3367 3468 3437; x_wconf 82' lang='grc' dir='ltr'><strong>ἐγκελεύεται</strong></span> <span class='ocrx_word' id='word_1_527' title='bbox 3496 3372 3797 3441; x_wconf 73' lang='grc' dir='ltr'><strong>παρεστῶ-</strong></span> 
     </span>
    </p>
   </div>
   <div class='ocr_carea' id='block_1_77' title="bbox 2188 3455 3792 3535">
    <p class='ocr_par' dir='ltr' id='par_1_77' title="bbox 2188 3455 3792 3535">
     <span class='ocr_line' id='line_1_77' title="bbox 2188 3455 3792 3535; baseline 0.004 -27"><span class='ocrx_word' id='word_1_528' title='bbox 2188 3474 2282 3520; x_wconf 85' lang='grc' dir='ltr'><strong>τος</strong></span> <span class='ocrx_word' id='word_1_529' title='bbox 2313 3455 2498 3509; x_wconf 75' lang='grc' dir='ltr'><strong>αὑτοῦ.</strong></span> <span class='ocrx_word' id='word_1_530' title='bbox 2536 3458 2646 3509; x_wconf 76' lang='grc' dir='ltr'><strong>Καὶ</strong></span> <span class='ocrx_word' id='word_1_531' title='bbox 2682 3458 2875 3511; x_wconf 85' lang='grc' dir='ltr'><strong>τούτου</strong></span> <span class='ocrx_word' id='word_1_532' title='bbox 2902 3459 3221 3529; x_wconf 86' lang='grc' dir='ltr'><strong>γενομένου.</strong></span> <span class='ocrx_word' id='word_1_533' title='bbox 3253 3460 3416 3523; x_wconf 82' lang='grc' dir='ltr'><strong>αὐτὸς</strong></span> <span class='ocrx_word' id='word_1_534' title='bbox 3451 3460 3577 3514; x_wconf 82' lang='grc' dir='ltr'><strong>ἄλλο</strong></span> <span class='ocrx_word' id='word_1_535' title='bbox 3612 3470 3792 3535; x_wconf 75' lang='grc' dir='ltr'><strong>ποτή-</strong></span> 
     </span>
    </p>
   </div>
   <div class='ocr_carea' id='block_1_78' title="bbox 2191 3544 3796 3624">
    <p class='ocr_par' dir='ltr' id='par_1_78' title="bbox 2191 3544 3796 3624">
     <span class='ocr_line' id='line_1_78' title="bbox 2191 3544 3796 3624; baseline 0.004 -24"><span class='ocrx_word' id='word_1_536' title='bbox 2191 3566 2307 3620; x_wconf 84' lang='grc' dir='ltr'><strong>ριον</strong></span> <span class='ocrx_word' id='word_1_537' title='bbox 2333 3548 2511 3619; x_wconf 84' lang='grc' dir='ltr'><strong>πολλῷ</strong></span> <span class='ocrx_word' id='word_1_538' title='bbox 2552 3549 2740 3620; x_wconf 78' lang='grc' dir='ltr'><strong>μεῖζον</strong></span> <span class='ocrx_word' id='word_1_539' title='bbox 2768 3550 3000 3616; x_wconf 83' lang='grc' dir='ltr'><strong>ἐκείνου,</strong></span> <span class='ocrx_word' id='word_1_540' title='bbox 3022 3544 3085 3603; x_wconf 77' lang='grc' dir='ltr'><strong>οὗ</strong></span> <span class='ocrx_word' id='word_1_541' title='bbox 3126 3553 3158 3623; x_wconf 79' lang='grc' dir='ltr'><strong>ή</strong></span> <span class='ocrx_word' id='word_1_542' title='bbox 3194 3552 3581 3623; x_wconf 81' lang='grc' dir='ltr'><strong>ἐξηπατημένη</strong></span> <span class='ocrx_word' id='word_1_543' title='bbox 3612 3554 3796 3624; x_wconf 75' lang='grc' dir='ltr'><strong>ηὐχα-</strong></span> 
     </span>
    </p>
   </div>
   <div class='ocr_carea' id='block_1_79' title="bbox 2193 3638 3793 3713">
    <p class='ocr_par' dir='ltr' id='par_1_79' title="bbox 2193 3638 3793 3713">
     <span class='ocr_line' id='line_1_79' title="bbox 2193 3638 3793 3713; baseline 0.003 -22"><span class='ocrx_word' id='word_1_544' title='bbox 2193 3641 2452 3712; x_wconf 79' lang='grc' dir='ltr'><strong>ρίστησε,</strong></span> <span class='ocrx_word' id='word_1_545' title='bbox 2501 3638 2889 3710; x_wconf 84' lang='grc' dir='ltr'><strong>προσενεγκὼν</strong></span> <span class='ocrx_word' id='word_1_546' title='bbox 2913 3680 2927 3703; x_wconf 92' lang='grc'><strong>,</strong></span> <span class='ocrx_word' id='word_1_547' title='bbox 2975 3641 3069 3693; x_wconf 73' lang='grc' dir='ltr'><strong>καὶ</strong></span> <span class='ocrx_word' id='word_1_548' title='bbox 3117 3642 3505 3713; x_wconf 59' lang='grc' dir='ltr'><strong>μεταηνὼσας</strong></span> <span class='ocrx_word' id='word_1_549' title='bbox 3543 3644 3654 3695; x_wconf 71' lang='grc' dir='ltr'><strong>ἀπὸ</strong></span> <span class='ocrx_word' id='word_1_550' title='bbox 3687 3643 3793 3695; x_wconf 77' lang='grc' dir='ltr'><strong>τοῦ</strong></span> 
     </span>
    </p>
   </div>
   <div class='ocr_carea' id='block_1_80' title="bbox 2193 3732 3794 3805">
    <p class='ocr_par' dir='ltr' id='par_1_80' title="bbox 2193 3732 3794 3805">
     <span class='ocr_line' id='line_1_80' title="bbox 2193 3732 3794 3805; baseline 0.001 -20"><span class='ocrx_word' id='word_1_551' title='bbox 2193 3733 2519 3805; x_wconf 82' lang='grc' dir='ltr'><strong>μικροτέρου</strong></span> <span class='ocrx_word' id='word_1_552' title='bbox 2556 3732 2650 3785; x_wconf 81' lang='grc' dir='ltr'><strong>τοῦ</strong></span> <span class='ocrx_word' id='word_1_553' title='bbox 2696 3733 2801 3786; x_wconf 81' lang='grc' dir='ltr'><strong>ὑπὸ</strong></span> <span class='ocrx_word' id='word_1_554' title='bbox 2847 3734 2947 3804; x_wconf 77' lang='grc' dir='ltr'><strong>τῆς</strong></span> <span class='ocrx_word' id='word_1_555' title='bbox 2991 3735 3251 3802; x_wconf 82' lang='grc' dir='ltr'><strong>γυναικὸς</strong></span> <span class='ocrx_word' id='word_1_556' title='bbox 3302 3735 3794 3805; x_wconf 77' lang='grc' dir='ltr'><strong>ηὐχαριστημένου</strong></span> 
     </span>
    </p>
   </div>
   <div class='ocr_carea' id='block_1_81' title="bbox 2189 3826 3795 3898">
    <p class='ocr_par' dir='ltr' id='par_1_81' title="bbox 2189 3826 3795 3898">
     <span class='ocr_line' id='line_1_81' title="bbox 2189 3826 3795 3898; baseline 0.002 -21"><span class='ocrx_word' id='word_1_557' title='bbox 2189 3826 2268 3887; x_wconf 77' lang='grc' dir='ltr'><strong>εἰς</strong></span> <span class='ocrx_word' id='word_1_558' title='bbox 2301 3826 2363 3878; x_wconf 85' lang='grc' dir='ltr'><strong>τὸ</strong></span> <span class='ocrx_word' id='word_1_559' title='bbox 2399 3826 2489 3879; x_wconf 84' lang='grc' dir='ltr'><strong>ὑπ’</strong></span> <span class='ocrx_word' id='word_1_560' title='bbox 2518 3826 2683 3879; x_wconf 82' lang='grc' dir='ltr'><strong>αὑτοῦ</strong></span> <span class='ocrx_word' id='word_1_561' title='bbox 2714 3829 3127 3898; x_wconf 84' lang='grc' dir='ltr'><strong>κεκοσμημένον</strong></span> <span class='ocrx_word' id='word_1_562' title='bbox 3145 3828 3186 3887; x_wconf 83' lang='grc'><strong>²,</strong></span> <span class='ocrx_word' id='word_1_563' title='bbox 3223 3826 3491 3895; x_wconf 80' lang='grc' dir='ltr'><strong>ἐπιλέγων</strong></span> <span class='ocrx_word' id='word_1_564' title='bbox 3540 3828 3663 3897; x_wconf 77' lang='grc' dir='ltr'><strong>ἅμα</strong></span> <span class='ocrx_word' id='word_1_565' title='bbox 3695 3828 3795 3880; x_wconf 78' lang='grc' dir='ltr'><strong>οὖ-</strong></span> 
     </span>
    </p>
   </div>
   <div class='ocr_carea' id='block_1_82' title="bbox 2188 3918 3793 3989">
    <p class='ocr_par' dir='ltr' id='par_1_82' title="bbox 2188 3918 3793 3989">
     <span class='ocr_line' id='line_1_82' title="bbox 2188 3918 3793 3989; baseline -0.001 -17"><span class='ocrx_word' id='word_1_566' title='bbox 2188 3936 2327 3983; x_wconf 86' lang='grc' dir='ltr'><strong>τως·</strong></span> <span class='ocrx_word' id='word_1_567' title='bbox 2370 3920 2440 3973; x_wconf 84' lang='grc' dir='ltr'><strong>ἸΙ</strong></span> <span class='ocrx_word' id='word_1_568' title='bbox 2462 3920 2577 3988; x_wconf 79' lang='grc' dir='ltr'><strong>πρὸ</strong></span> <span class='ocrx_word' id='word_1_569' title='bbox 2605 3919 2724 3972; x_wconf 77' lang='grc' dir='ltr'><strong>τῶν</strong></span> <span class='ocrx_word' id='word_1_570' title='bbox 2750 3919 2931 3987; x_wconf 82' lang='grc' dir='ltr'><strong>ὅλων,</strong></span> <span class='ocrx_word' id='word_1_571' title='bbox 2972 3922 3010 3989; x_wconf 77' lang='grc' dir='ltr'><strong><em>ἡ</em></strong></span> <span class='ocrx_word' id='word_1_572' title='bbox 3051 3922 3417 3987; x_wconf 74' lang='grc' dir='ltr'><strong>ἀνεννόητος</strong></span> <span class='ocrx_word' id='word_1_573' title='bbox 3456 3918 3556 3973; x_wconf 75' lang='grc' dir='ltr'><strong>καὶ</strong></span> <span class='ocrx_word' id='word_1_574' title='bbox 3597 3920 3793 3988; x_wconf 46' lang='lat' dir='ltr'><strong>ﬂgitiu-</strong></span> 
     </span>
    </p>
   </div>
   <div class='ocr_carea' id='block_1_83' title="bbox 2187 4012 3794 4082">
    <p class='ocr_par' dir='ltr' id='par_1_83' title="bbox 2187 4012 3794 4082">
     <span class='ocr_line' id='line_1_83' title="bbox 2187 4012 3794 4082; baseline 0.001 -17"><span class='ocrx_word' id='word_1_575' title='bbox 2187 4029 2290 4077; x_wconf 80' lang='grc' dir='ltr'>τος</span> <span class='ocrx_word' id='word_1_576' title='bbox 2316 4012 2488 4081; x_wconf 83' lang='grc' dir='ltr'><strong>χάρις</strong></span> <span class='ocrx_word' id='word_1_577' title='bbox 2516 4013 2831 4082; x_wconf 77' lang='grc' dir='ltr'><strong>πληρώσαι</strong></span> <span class='ocrx_word' id='word_1_578' title='bbox 2869 4030 2988 4068; x_wconf 87' lang='grc' dir='ltr'><strong>σου</strong></span> <span class='ocrx_word' id='word_1_579' title='bbox 3024 4013 3133 4067; x_wconf 80' lang='grc' dir='ltr'><strong>τὸν</strong></span> <span class='ocrx_word' id='word_1_580' title='bbox 3162 4015 3284 4067; x_wconf 82' lang='grc' dir='ltr'><strong>ἔσω</strong></span> <span class='ocrx_word' id='word_1_581' title='bbox 3312 4013 3651 4081; x_wconf 68' lang='grc' dir='ltr'><strong>ἄνθρωπον,</strong></span> <span class='ocrx_word' id='word_1_582' title='bbox 3684 4016 3794 4067; x_wconf 77' lang='grc' dir='ltr'><strong>καὶ</strong></span> 
     </span>
    </p>
   </div>
   <div class='ocr_carea' id='block_1_84' title="bbox 2193 4106 3784 4177">
    <p class='ocr_par' dir='ltr' id='par_1_84' title="bbox 2193 4106 3784 4177">
     <span class='ocr_line' id='line_1_84' title="bbox 2193 4106 3784 4177; baseline 0.001 -19"><span class='ocrx_word' id='word_1_583' title='bbox 2193 4109 2499 4173; x_wconf 68' lang='grc' dir='ltr'><strong>πληθύναι</strong></span> <span class='ocrx_word' id='word_1_584' title='bbox 2552 4107 2623 4160; x_wconf 76' lang='grc' dir='ltr'><strong>ἐν</strong></span> <span class='ocrx_word' id='word_1_585' title='bbox 2676 4108 2775 4160; x_wconf 77' lang='grc' dir='ltr'><strong>σοὶ</strong></span> <span class='ocrx_word' id='word_1_586' title='bbox 2827 4107 2942 4175; x_wconf 71' lang='grc' dir='ltr'><strong>τὴν</strong></span> <span class='ocrx_word' id='word_1_587' title='bbox 2986 4107 3215 4177; x_wconf 79' lang='grc' dir='ltr'><strong>γνῶσιν</strong></span> <span class='ocrx_word' id='word_1_588' title='bbox 3262 4106 3476 4175; x_wconf 77' lang='grc' dir='ltr'><strong>αὐτῆς.</strong></span> <span class='ocrx_word' id='word_1_589' title='bbox 3525 4107 3784 4175; x_wconf 60' lang='grc' dir='ltr'><strong>ἐγκατα-</strong></span> 
     </span>
    </p>
   </div>
   <div class='ocr_carea' id='block_1_85' title="bbox 2187 4198 3793 4266">
    <p class='ocr_par' dir='ltr' id='par_1_85' title="bbox 2187 4198 3793 4266">
     <span class='ocr_line' id='line_1_85' title="bbox 2187 4198 3793 4266; baseline -0.001 -13"><span class='ocrx_word' id='word_1_590' title='bbox 2187 4199 2530 4266; x_wconf 75' lang='grc' dir='ltr'><strong>σπείρουσα</strong></span> <span class='ocrx_word' id='word_1_591' title='bbox 2581 4198 2687 4253; x_wconf 77' lang='grc' dir='ltr'><strong>τὸν</strong></span> <span class='ocrx_word' id='word_1_592' title='bbox 2740 4201 2965 4253; x_wconf 80' lang='grc' dir='ltr'><strong>κόκκον</strong></span> <span class='ocrx_word' id='word_1_593' title='bbox 3010 4200 3117 4254; x_wconf 82' lang='grc' dir='ltr'><strong>τοῦ</strong></span> <span class='ocrx_word' id='word_1_594' title='bbox 3170 4198 3471 4264; x_wconf 77' lang='grc' dir='ltr'><strong>σινάπεως</strong></span> <span class='ocrx_word' id='word_1_595' title='bbox 3526 4201 3616 4262; x_wconf 87' lang='grc' dir='ltr'><strong>εὶς</strong></span> <span class='ocrx_word' id='word_1_596' title='bbox 3666 4199 3793 4266; x_wconf 76' lang='grc' dir='ltr'><strong>τὴν</strong></span> 
     </span>
    </p>
   </div>
   <div class='ocr_carea' id='block_1_86' title="bbox 2187 4290 3790 4363">
    <p class='ocr_par' dir='ltr' id='par_1_86' title="bbox 2187 4290 3790 4363">
     <span class='ocr_line' id='line_1_86' title="bbox 2187 4290 3790 4363; baseline -0.001 -18"><span class='ocrx_word' id='word_1_597' title='bbox 2187 4291 2421 4361; x_wconf 77' lang='grc' dir='ltr'><strong>ἀγαθὴν</strong></span> <span class='ocrx_word' id='word_1_598' title='bbox 2452 4290 2588 4363; x_wconf 76' lang='grc' dir='ltr'><strong>γῆν.</strong></span> <span class='ocrx_word' id='word_1_599' title='bbox 2616 4294 2725 4345; x_wconf 71' lang='grc' dir='ltr'><strong>Καὶ</strong></span> <span class='ocrx_word' id='word_1_600' title='bbox 2754 4292 2981 4346; x_wconf 81' lang='grc' dir='ltr'><strong>τοιαῦτά</strong></span> <span class='ocrx_word' id='word_1_601' title='bbox 3004 4311 3124 4345; x_wconf 84' lang='grc' dir='ltr'><strong>τινα</strong></span> <span class='ocrx_word' id='word_1_602' title='bbox 3156 4290 3346 4356; x_wconf 82' lang='grc' dir='ltr'><strong>εἰπὼν,</strong></span> <span class='ocrx_word' id='word_1_603' title='bbox 3372 4293 3467 4345; x_wconf 72' lang='grc' dir='ltr'><strong>καὶ</strong></span> <span class='ocrx_word' id='word_1_604' title='bbox 3498 4292 3790 4363; x_wconf 80' lang='grc' dir='ltr'><strong>ἐξοιστρή-</strong></span> 
     </span>
    </p>
   </div>
   <div class='ocr_carea' id='block_1_87' title="bbox 2191 4386 3785 4457">
    <p class='ocr_par' dir='ltr' id='par_1_87' title="bbox 2191 4386 3785 4457">
     <span class='ocr_line' id='line_1_87' title="bbox 2191 4386 3785 4457; baseline 0 -20"><span class='ocrx_word' id='word_1_605' title='bbox 2191 4402 2288 4450; x_wconf 90' lang='grc' dir='ltr'><strong>σας</strong></span> <span class='ocrx_word' id='word_1_606' title='bbox 2337 4386 2436 4457; x_wconf 78' lang='grc' dir='ltr'><strong>τὴν</strong></span> <span class='ocrx_word' id='word_1_607' title='bbox 2478 4387 2865 4457; x_wconf 70' lang='grc' dir='ltr'><strong>ταλαίπωρον,</strong></span> <span class='ocrx_word' id='word_1_608' title='bbox 2917 4386 3320 4455; x_wconf 79' lang='grc' dir='ltr'><strong>θαυματοποιὸς</strong></span> <span class='ocrx_word' id='word_1_609' title='bbox 3366 4386 3643 4456; x_wconf 78' lang='grc' dir='ltr'><strong>ἀνεφάνη,</strong></span> <span class='ocrx_word' id='word_1_610' title='bbox 3683 4387 3785 4438; x_wconf 76' lang='grc' dir='ltr'><strong>τοῦ</strong></span> 
     </span>
    </p>
   </div>
   <div class='ocr_carea' id='block_1_88' title="bbox 2192 4476 3783 4550">
    <p class='ocr_par' dir='ltr' id='par_1_88' title="bbox 2192 4476 3783 4550">
     <span class='ocr_line' id='line_1_88' title="bbox 2192 4476 3783 4550; baseline 0.001 -22"><span class='ocrx_word' id='word_1_611' title='bbox 2192 4476 2431 4546; x_wconf 82' lang='grc' dir='ltr'><strong>μεγάλου</strong></span> <span class='ocrx_word' id='word_1_612' title='bbox 2456 4478 2834 4549; x_wconf 79' lang='grc' dir='ltr'><strong>πληρωθέντος</strong></span> <span class='ocrx_word' id='word_1_613' title='bbox 2859 4479 2924 4531; x_wconf 86' lang='grc' dir='ltr'><strong>ὲκ</strong></span> <span class='ocrx_word' id='word_1_614' title='bbox 2958 4479 3051 4531; x_wconf 75' lang='grc' dir='ltr'><strong>τοῦ</strong></span> <span class='ocrx_word' id='word_1_615' title='bbox 3085 4478 3282 4550; x_wconf 75' lang='grc' dir='ltr'><strong>μικροῦ</strong></span> <span class='ocrx_word' id='word_1_616' title='bbox 3317 4477 3600 4547; x_wconf 81' lang='grc' dir='ltr'><strong>ποτηρίου,</strong></span> <span class='ocrx_word' id='word_1_617' title='bbox 3631 4477 3783 4530; x_wconf 77' lang='grc' dir='ltr'><strong>ὥστε</strong></span> 
     </span>
    </p>
   </div>
   <div class='ocr_carea' id='block_1_89' title="bbox 493 4561 2086 4640">
    <p class='ocr_par' dir='ltr' id='par_1_89' title="bbox 493 4563 2078 4621">
     <span class='ocr_line' id='line_1_89' title="bbox 493 4563 2078 4621; baseline 0.002 -4"><span class='ocrx_word' id='word_1_618' title='bbox 493 4577 622 4617; x_wconf 92' lang='lat' dir='ltr'><strong>cum</strong></span> <span class='ocrx_word' id='word_1_619' title='bbox 664 4563 910 4617; x_wconf 83' lang='lat' dir='ltr'><strong>abduxit.</strong></span> <span class='ocrx_word' id='word_1_620' title='bbox 958 4563 1236 4619; x_wconf 85' lang='lat' dir='ltr'><strong>Credibile</strong></span> <span class='ocrx_word' id='word_1_621' title='bbox 1289 4574 1375 4619; x_wconf 91' lang='lat' dir='ltr'><strong>est</strong></span> <span class='ocrx_word' id='word_1_622' title='bbox 1434 4563 1630 4621; x_wconf 88' lang='lat' dir='ltr'><strong>adesse</strong></span> <span class='ocrx_word' id='word_1_623' title='bbox 1663 4563 1743 4618; x_wconf 91' lang='lat' dir='ltr'><strong>illi</strong></span> <span class='ocrx_word' id='word_1_624' title='bbox 1775 4564 2078 4620; x_wconf 77' lang='lat' dir='ltr'><strong>daemonem</strong></span> 
     </span>
    </p>
   </div>
   <div class='ocr_carea' id='block_1_90' title="bbox 2189 4561 3784 4640">
    <p class='ocr_par' dir='ltr' id='par_1_90' title="bbox 2189 4568 3784 4640">
     <span class='ocr_line' id='line_1_90' title="bbox 2189 4568 3784 4640; baseline 0 -19"><span class='ocrx_word' id='word_1_625' title='bbox 2189 4568 2280 4621; x_wconf 79' lang='grc' dir='ltr'><strong>καὶ</strong></span> <span class='ocrx_word' id='word_1_626' title='bbox 2308 4568 2733 4640; x_wconf 82' lang='grc' dir='ltr'><strong>ὑπερεκχεῖσθαι</strong></span> <span class='ocrx_word' id='word_1_627' title='bbox 2762 4570 2823 4635; x_wconf 77' lang='grc' dir='ltr'><strong>ἐξ</strong></span> <span class='ocrx_word' id='word_1_628' title='bbox 2858 4570 3049 4625; x_wconf 79' lang='grc' dir='ltr'><strong>αὑτοῦ.</strong></span> <span class='ocrx_word' id='word_1_629' title='bbox 3076 4571 3187 4623; x_wconf 77' lang='grc' dir='ltr'><strong>Καὶ</strong></span> <span class='ocrx_word' id='word_1_630' title='bbox 3225 4570 3361 4624; x_wconf 77' lang='grc' dir='ltr'><strong>ἄλλα</strong></span> <span class='ocrx_word' id='word_1_631' title='bbox 3404 4568 3527 4623; x_wconf 79' lang='grc' dir='ltr'><strong>τινὰ</strong></span> <span class='ocrx_word' id='word_1_632' title='bbox 3557 4568 3784 4633; x_wconf 76' lang='grc' dir='ltr'><strong>τούτοις</strong></span> 
     </span>
    </p>
   </div>
   <div class='ocr_carea' id='block_1_91' title="bbox 568 4717 1443 4789">
    <p class='ocr_par' dir='ltr' id='par_1_91' title="bbox 568 4717 1443 4789">
     <span class='ocr_line' id='line_1_91' title="bbox 568 4717 1443 4789; baseline 0 -15"><span class='ocrx_word' id='word_1_633' title='bbox 568 4721 585 4751; x_wconf 81' lang='grc'>⁸</span> <span class='ocrx_word' id='word_1_634' title='bbox 618 4717 681 4774; x_wconf 82' lang='lat' dir='ltr'><strong>F.</strong></span> <span class='ocrx_word' id='word_1_635' title='bbox 714 4719 893 4782; x_wconf 72' lang='grc' dir='ltr'><strong>αὑτός.</strong></span> <span class='ocrx_word' id='word_1_636' title='bbox 971 4720 992 4750; x_wconf 76' lang='grc'><strong><em>⁸</em></strong></span> <span class='ocrx_word' id='word_1_637' title='bbox 1024 4719 1443 4789; x_wconf 85' lang='grc' dir='ltr'><strong>κεκομισμένον.</strong></span> 
     </span>
    </p>
   </div>
   <div class='ocr_carea' id='block_1_92' title="bbox 565 4874 2067 4949">
    <p class='ocr_par' dir='ltr' id='par_1_92' title="bbox 565 4874 2067 4949">
     <span class='ocr_line' id='line_1_92' title="bbox 565 4874 2067 4949; baseline -0.003 -15"><span class='ocrx_word' id='word_1_638' title='bbox 565 4880 679 4949; x_wconf 75' lang='grc' dir='ltr'><strong>(1οὶ</strong></span> <span class='ocrx_word' id='word_1_639' title='bbox 719 4875 979 4948; x_wconf 77' lang='grc' dir='ltr'><strong>Ποτήρια</strong></span> <span class='ocrx_word' id='word_1_640' title='bbox 1022 4874 1542 4949; x_wconf 21' lang='grc' dir='ltr'><strong>οἷνφᾼκεκραμένα.</strong></span> <span class='ocrx_word' id='word_1_641' title='bbox 1580 4874 1836 4949; x_wconf 79' lang='lat' dir='ltr'><strong>Veterem</strong></span> <span class='ocrx_word' id='word_1_642' title='bbox 1879 4876 2067 4932; x_wconf 61' lang='lat' dir='ltr'><strong>lrenaai</strong></span> 
     </span>
    </p>
   </div>
   <div class='ocr_carea' id='block_1_93' title="bbox 494 4947 2071 5020">
    <p class='ocr_par' dir='ltr' id='par_1_93' title="bbox 494 4947 2071 5020">
     <span class='ocr_line' id='line_1_93' title="bbox 494 4947 2071 5020; baseline -0.002 -15"><span class='ocrx_word' id='word_1_643' title='bbox 494 4947 856 5020; x_wconf 73' lang='lat' dir='ltr'><strong>interpretem</strong></span> <span class='ocrx_word' id='word_1_644' title='bbox 880 4958 1104 5003; x_wconf 85' lang='lat' dir='ltr'><strong>secutus</strong></span> <span class='ocrx_word' id='word_1_645' title='bbox 1136 4947 1478 5020; x_wconf 60' lang='grc' dir='ltr'><strong>ευχᾳριστεῖν</strong></span> <span class='ocrx_word' id='word_1_646' title='bbox 1509 4947 1928 5020; x_wconf 35' lang='grc' dir='ltr'><strong>θναιὶαεῌαθετε,</strong></span> <span class='ocrx_word' id='word_1_647' title='bbox 1962 4965 2071 5020; x_wconf 87' lang='lat' dir='ltr'><strong>non</strong></span> 
     </span>
    </p>
   </div>
   <div class='ocr_carea' id='block_1_94' title="bbox 494 5016 2073 5087">
    <p class='ocr_par' dir='ltr' id='par_1_94' title="bbox 494 5016 2073 5087">
     <span class='ocr_line' id='line_1_94' title="bbox 494 5016 2073 5087; baseline -0.002 -12"><span class='ocrx_word' id='word_1_648' title='bbox 494 5016 805 5075; x_wconf 72' lang='lat' dir='ltr'><strong>consecrare</strong></span> <span class='ocrx_word' id='word_1_649' title='bbox 837 5018 1029 5073; x_wconf 87' lang='lat' dir='ltr'><strong>Latine</strong></span> <span class='ocrx_word' id='word_1_650' title='bbox 1068 5016 1300 5073; x_wconf 79' lang='lat' dir='ltr'><strong>reddidi.</strong></span> <span class='ocrx_word' id='word_1_651' title='bbox 1337 5016 1661 5085; x_wconf 86' lang='lat' dir='ltr'><strong>Quanquam</strong></span> <span class='ocrx_word' id='word_1_652' title='bbox 1696 5018 1783 5071; x_wconf 88' lang='lat' dir='ltr'><strong>ille</strong></span> <span class='ocrx_word' id='word_1_653' title='bbox 1813 5020 1947 5087; x_wconf 91' lang='lat' dir='ltr'><strong>ipsis</strong></span> <span class='ocrx_word' id='word_1_654' title='bbox 1986 5019 2073 5072; x_wconf 90' lang='lat' dir='ltr'><strong>in-</strong></span> 
     </span>
    </p>
   </div>
   <div class='ocr_carea' id='block_1_95' title="bbox 497 5087 2075 5163">
    <p class='ocr_par' dir='ltr' id='par_1_95' title="bbox 497 5087 2075 5163">
     <span class='ocr_line' id='line_1_95' title="bbox 497 5087 2075 5163; baseline -0.003 -16"><span class='ocrx_word' id='word_1_655' title='bbox 497 5101 709 5163; x_wconf 87' lang='lat' dir='ltr'><strong>terpres</strong></span> <span class='ocrx_word' id='word_1_656' title='bbox 758 5102 949 5159; x_wconf 89' lang='lat' dir='ltr'><strong>parum</strong></span> <span class='ocrx_word' id='word_1_657' title='bbox 1008 5088 1295 5163; x_wconf 83' lang='lat' dir='ltr'><strong>commode</strong></span> <span class='ocrx_word' id='word_1_658' title='bbox 1335 5103 1348 5139; x_wconf 89' lang='lat'>:</span> <span class='ocrx_word' id='word_1_659' title='bbox 1389 5088 1503 5163; x_wconf 86' lang='lat' dir='ltr'><strong>Pr_o_</strong></span> <span class='ocrx_word' id='word_1_660' title='bbox 1546 5087 1708 5140; x_wconf 84' lang='lat' dir='ltr'><strong>calice</strong></span> <span class='ocrx_word' id='word_1_661' title='bbox 1760 5091 1898 5142; x_wconf 86' lang='lat' dir='ltr'><strong>enim</strong></span> <span class='ocrx_word' id='word_1_662' title='bbox 1954 5089 2075 5143; x_wconf 83' lang='lat' dir='ltr'><strong>vino</strong></span> 
     </span>
    </p>
   </div>
   <div class='ocr_carea' id='block_1_96' title="bbox 497 5156 2075 5231">
    <p class='ocr_par' dir='ltr' id='par_1_96' title="bbox 497 5156 2075 5231">
     <span class='ocr_line' id='line_1_96' title="bbox 497 5156 2075 5231; baseline -0.002 -15"><span class='ocrx_word' id='word_1_663' title='bbox 497 5156 654 5217; x_wconf 67' lang='lat' dir='ltr'><strong>misto</strong></span> <span class='ocrx_word' id='word_1_664' title='bbox 689 5156 888 5231; x_wconf 44' lang='lat' dir='ltr'><strong>fin—gens</strong></span> <span class='ocrx_word' id='word_1_665' title='bbox 918 5176 971 5214; x_wconf 76' lang='lat' dir='ltr'><strong>se</strong></span> <span class='ocrx_word' id='word_1_666' title='bbox 1007 5159 1211 5230; x_wconf 76' lang='lat' dir='ltr'><strong>gratias</strong></span> <span class='ocrx_word' id='word_1_667' title='bbox 1245 5175 1432 5231; x_wconf 45' lang='lat' dir='ltr'><strong>agere.</strong></span> <span class='ocrx_word' id='word_1_668' title='bbox 1460 5156 1660 5231; x_wconf 82' lang='lat' dir='ltr'><strong>Nostro</strong></span> <span class='ocrx_word' id='word_1_669' title='bbox 1689 5166 1871 5212; x_wconf 85' lang='lat' dir='ltr'><strong>autem</strong></span> <span class='ocrx_word' id='word_1_670' title='bbox 1893 5174 2075 5231; x_wconf 76' lang='lat' dir='ltr'><strong>sensu</strong></span> 
     </span>
    </p>
   </div>
   <div class='ocr_carea' id='block_1_97' title="bbox 498 5228 2078 5304">
    <p class='ocr_par' dir='ltr' id='par_1_97' title="bbox 498 5228 2078 5304">
     <span class='ocr_line' id='line_1_97' title="bbox 498 5228 2078 5304; baseline -0.002 -16"><span class='ocrx_word' id='word_1_671' title='bbox 498 5242 623 5304; x_wconf 85' lang='lat' dir='ltr'><strong>post</strong></span> <span class='ocrx_word' id='word_1_672' title='bbox 663 5228 985 5304; x_wconf 73' lang='grc' dir='ltr'><strong>κεκραμένα</strong></span> <span class='ocrx_word' id='word_1_673' title='bbox 1011 5228 1355 5304; x_wconf 29' lang='lat' dir='ltr'><strong>‘apponeu&#39;da</strong></span> <span class='ocrx_word' id='word_1_674' title='bbox 1404 5228 1688 5304; x_wconf 72' lang='lat' dir='ltr'><strong>distinctio</strong></span> <span class='ocrx_word' id='word_1_675' title='bbox 1734 5239 1838 5282; x_wconf 90' lang='lat' dir='ltr'><strong>est.</strong></span> <span class='ocrx_word' id='word_1_676' title='bbox 1874 5230 2078 5304; x_wconf 13' lang='lat' dir='ltr'><strong>&quot;Neque</strong></span> 
     </span>
    </p>
   </div>
   <div class='ocr_carea' id='block_1_98' title="bbox 496 5299 2075 5372">
    <p class='ocr_par' dir='ltr' id='par_1_98' title="bbox 496 5299 2075 5372">
     <span class='ocr_line' id='line_1_98' title="bbox 496 5299 2075 5372; baseline -0.004 -13"><span class='ocrx_word' id='word_1_677' title='bbox 496 5299 628 5359; x_wconf 68' lang='lat' dir='ltr'><strong>vero</strong></span> <span class='ocrx_word' id='word_1_678' title='bbox 656 5299 799 5357; x_wconf 55' lang='lat' dir='ltr'><strong>Billi&#39;i</strong></span> <span class='ocrx_word' id='word_1_679' title='bbox 832 5299 970 5355; x_wconf 79' lang='lat' dir='ltr'><strong>ratio</strong></span> <span class='ocrx_word' id='word_1_680' title='bbox 1006 5299 1189 5356; x_wconf 84' lang='lat' dir='ltr'><strong>minus</strong></span> <span class='ocrx_word' id='word_1_681' title='bbox 1223 5302 1434 5372; x_wconf 87' lang='lat' dir='ltr'><strong>placet;</strong></span> <span class='ocrx_word' id='word_1_682' title='bbox 1469 5299 1920 5372; x_wconf 65' lang='lat' dir='ltr'><strong>quiat’axaptarsiv</strong></span> <span class='ocrx_word' id='word_1_683' title='bbox 1942 5316 2075 5353; x_wconf 90' lang='lat' dir='ltr'><strong>con-</strong></span> 
     </span>
    </p>
   </div>
   <div class='ocr_carea' id='block_1_99' title="bbox 496 5370 2072 5442">
    <p class='ocr_par' dir='ltr' id='par_1_99' title="bbox 496 5370 2072 5442">
     <span class='ocr_line' id='line_1_99' title="bbox 496 5370 2072 5442; baseline -0.005 -12"><span class='ocrx_word' id='word_1_684' title='bbox 496 5374 749 5430; x_wconf 84' lang='lat' dir='ltr'><strong>secrandi</strong></span> <span class='ocrx_word' id='word_1_685' title='bbox 811 5370 1274 5442; x_wconf 82' lang='lat' dir='ltr'><strong>significationem</strong></span> <span class='ocrx_word' id='word_1_686' title='bbox 1316 5371 1519 5424; x_wconf 84' lang='lat' dir='ltr'><strong>habere</strong></span> <span class='ocrx_word' id='word_1_687' title='bbox 1563 5370 1672 5442; x_wconf 84' lang='lat' dir='ltr'><strong>hoc</strong></span> <span class='ocrx_word' id='word_1_688' title='bbox 1717 5372 1838 5442; x_wconf 84' lang='lat' dir='ltr'><strong>loco</strong></span> <span class='ocrx_word' id='word_1_689' title='bbox 1890 5379 2072 5439; x_wconf 77' lang='lat' dir='ltr'><strong>putat;</strong></span> 
     </span>
    </p>
   </div>
   <div class='ocr_carea' id='block_1_100' title="bbox 498 5440 2074 5514">
    <p class='ocr_par' dir='ltr' id='par_1_100' title="bbox 498 5440 2074 5514">
     <span class='ocr_line' id='line_1_100' title="bbox 498 5440 2074 5514; baseline -0.003 -16"><span class='ocrx_word' id='word_1_690' title='bbox 498 5461 625 5500; x_wconf 88' lang='lat' dir='ltr'><strong>nam</strong></span> <span class='ocrx_word' id='word_1_691' title='bbox 655 5455 709 5499; x_wconf 90' lang='lat' dir='ltr'><strong>et</strong></span> <span class='ocrx_word' id='word_1_692' title='bbox 733 5458 797 5498; x_wconf 86' lang='lat' dir='ltr'><strong>ea</strong></span> <span class='ocrx_word' id='word_1_693' title='bbox 834 5440 1055 5497; x_wconf 78' lang='lat' dir='ltr'><strong>notione</strong></span> <span class='ocrx_word' id='word_1_694' title='bbox 1074 5443 1218 5514; x_wconf 83' lang='lat' dir='ltr'><strong>apud</strong></span> <span class='ocrx_word' id='word_1_695' title='bbox 1250 5441 1528 5514; x_wconf 80' lang='lat' dir='ltr'><strong>Justinutn</strong></span> <span class='ocrx_word' id='word_1_696' title='bbox 1561 5440 1618 5514; x_wconf 84' lang='lat' dir='ltr'><strong>in</strong></span> <span class='ocrx_word' id='word_1_697' title='bbox 1631 5440 1799 5514; x_wconf 64' lang='lat' dir='ltr'><strong>Apol.</strong></span> <span class='ocrx_word' id='word_1_698' title='bbox 1831 5443 2074 5514; x_wconf 85' lang='lat' dir='ltr'><strong>sumitur</strong></span> 
     </span>
    </p>
   </div>
   <div class='ocr_carea' id='block_1_101' title="bbox 498 5511 2073 5586">
    <p class='ocr_par' dir='ltr' id='par_1_101' title="bbox 498 5511 2073 5586">
     <span class='ocr_line' id='line_1_101' title="bbox 498 5511 2073 5586; baseline -0.004 -17"><span class='ocrx_word' id='word_1_699' title='bbox 498 5516 701 5586; x_wconf 81' lang='lat' dir='ltr'><strong>insigni</strong></span> <span class='ocrx_word' id='word_1_700' title='bbox 746 5516 838 5567; x_wconf 86' lang='lat' dir='ltr'><strong>illo</strong></span> <span class='ocrx_word' id='word_1_701' title='bbox 865 5515 919 5568; x_wconf 94' lang='lat' dir='ltr'><strong>in</strong></span> <span class='ocrx_word' id='word_1_702' title='bbox 953 5517 1092 5577; x_wconf 89' lang='lat' dir='ltr'><strong>loco,</strong></span> <span class='ocrx_word' id='word_1_703' title='bbox 1111 5511 1487 5586; x_wconf 50' lang='lat' dir='ltr'><strong>&#39;qui__h:eresis</strong></span> <span class='ocrx_word' id='word_1_704' title='bbox 1517 5511 1793 5586; x_wconf 50' lang='lat' dir='ltr'><strong>hodiernae</strong></span> <span class='ocrx_word' id='word_1_705' title='bbox 1822 5513 2073 5586; x_wconf 77' lang='lat' dir='ltr'><strong>jugulum</strong></span> 
     </span>
    </p>
   </div>
   <div class='ocr_carea' id='block_1_102' title="bbox 497 5581 2076 5655">
    <p class='ocr_par' dir='ltr' id='par_1_102' title="bbox 497 5581 2076 5655">
     <span class='ocr_line' id='line_1_102' title="bbox 497 5581 2076 5655; baseline -0.004 -15"><span class='ocrx_word' id='word_1_706' title='bbox 497 5581 635 5654; x_wconf 68' lang='lat' dir='ltr'><strong>petii</strong></span> <span class='ocrx_word' id='word_1_707' title='bbox 655 5604 667 5638; x_wconf 92' lang='lat'>:</span> <span class='ocrx_word' id='word_1_708' title='bbox 690 5581 1195 5655; x_wconf 72' lang='grc' dir='ltr'><strong>Εὑχαριστήσᾳντος</strong></span> <span class='ocrx_word' id='word_1_709' title='bbox 1224 5584 1289 5655; x_wconf 74' lang='grc' dir='ltr'><strong>δέ</strong></span> <span class='ocrx_word' id='word_1_710' title='bbox 1311 5585 1408 5655; x_wconf 5' lang='grc' dir='ltr'><strong>τοῦ,</strong></span> <span class='ocrx_word' id='word_1_711' title='bbox 1429 5581 1770 5655; x_wconf 80' lang='grc' dir='ltr'><strong>προεστῷτος</strong></span> <span class='ocrx_word' id='word_1_712' title='bbox 1791 5581 2076 5655; x_wconf 28' lang='grc' dir='ltr'><strong>καὶίέπευς</strong></span> 
     </span>
    </p>
   </div>
   <div class='ocr_carea' id='block_1_103' title="bbox 500 5651 2075 5725">
    <p class='ocr_par' dir='ltr' id='par_1_103' title="bbox 500 5651 2075 5725">
     <span class='ocr_line' id='line_1_103' title="bbox 500 5651 2075 5725; baseline -0.003 -17"><span class='ocrx_word' id='word_1_713' title='bbox 500 5651 855 5725; x_wconf 73' lang='grc' dir='ltr'><strong>ξρημήσαντός</strong></span> <span class='ocrx_word' id='word_1_714' title='bbox 905 5654 1107 5718; x_wconf 82' lang='grc' dir='ltr'><strong>παντὸς</strong></span> <span class='ocrx_word' id='word_1_715' title='bbox 1145 5655 1240 5708; x_wconf 83' lang='grc' dir='ltr'><strong>τοῦ</strong></span> <span class='ocrx_word' id='word_1_716' title='bbox 1281 5654 1411 5707; x_wconf 81' lang='grc' dir='ltr'><strong>λαοῦ</strong></span> <span class='ocrx_word' id='word_1_717' title='bbox 1437 5696 1452 5720; x_wconf 88' lang='grc'><strong>,</strong></span> <span class='ocrx_word' id='word_1_718' title='bbox 1477 5651 1542 5725; x_wconf 14' lang='grc' dir='ltr'><strong>ἠοῖ</strong></span> <span class='ocrx_word' id='word_1_719' title='bbox 1578 5652 1901 5725; x_wconf 71' lang='grc' dir='ltr'><strong>καλούμενοι</strong></span> <span class='ocrx_word' id='word_1_720' title='bbox 1943 5651 2075 5724; x_wconf 85' lang='grc' dir='ltr'><strong>παρ’</strong></span> 
     </span>
    </p>
   </div>
   <div class='ocr_carea' id='block_1_104' title="bbox 499 5724 2075 5795">
    <p class='ocr_par' dir='ltr' id='par_1_104' title="bbox 499 5724 2075 5795">
     <span class='ocr_line' id='line_1_104' title="bbox 499 5724 2075 5795; baseline -0.001 -18"><span class='ocrx_word' id='word_1_721' title='bbox 499 5724 631 5795; x_wconf 77' lang='grc' dir='ltr'><strong>ἡμῖν</strong></span> <span class='ocrx_word' id='word_1_722' title='bbox 654 5726 892 5778; x_wconf 81' lang='grc' dir='ltr'><strong>διάκονοι</strong></span> <span class='ocrx_word' id='word_1_723' title='bbox 924 5726 1156 5795; x_wconf 78' lang='grc' dir='ltr'><strong>διδόασιν</strong></span> <span class='ocrx_word' id='word_1_724' title='bbox 1201 5726 1413 5795; x_wconf 81' lang='grc' dir='ltr'><strong>ἑκάστῳ</strong></span> <span class='ocrx_word' id='word_1_725' title='bbox 1450 5724 1560 5795; x_wconf 77' lang='grc' dir='ltr'><strong>τῶν</strong></span> <span class='ocrx_word' id='word_1_726' title='bbox 1596 5724 1877 5795; x_wconf 85' lang='grc' dir='ltr'><strong>παρόντων</strong></span> <span class='ocrx_word' id='word_1_727' title='bbox 1908 5740 2075 5795; x_wconf 82' lang='grc' dir='ltr'><strong>μετα-</strong></span> 
     </span>
    </p>
   </div>
   <div class='ocr_carea' id='block_1_105' title="bbox 499 5792 2073 5864">
    <p class='ocr_par' dir='ltr' id='par_1_105' title="bbox 499 5792 2073 5864">
     <span class='ocr_line' id='line_1_105' title="bbox 499 5792 2073 5864; baseline -0.001 -18"><span class='ocrx_word' id='word_1_728' title='bbox 499 5792 684 5849; x_wconf 80' lang='grc' dir='ltr'><strong>λαϐεῖν</strong></span> <span class='ocrx_word' id='word_1_729' title='bbox 725 5796 833 5848; x_wconf 78' lang='grc' dir='ltr'><strong>ἀπὸ</strong></span> <span class='ocrx_word' id='word_1_730' title='bbox 872 5794 966 5847; x_wconf 79' lang='grc' dir='ltr'><strong>τοῦ</strong></span> <span class='ocrx_word' id='word_1_731' title='bbox 1010 5794 1493 5864; x_wconf 72' lang='grc' dir='ltr'><strong>εὐχαριστηθέντος</strong></span> <span class='ocrx_word' id='word_1_732' title='bbox 1533 5792 1730 5863; x_wconf 80' lang='grc' dir='ltr'><strong>ἄρτου.</strong></span> <span class='ocrx_word' id='word_1_733' title='bbox 1768 5794 1862 5847; x_wconf 73' lang='grc' dir='ltr'><strong>καὶ</strong></span> <span class='ocrx_word' id='word_1_734' title='bbox 1904 5792 2073 5855; x_wconf 78' lang='grc' dir='ltr'><strong>οἴνου,</strong></span> 
     </span>
    </p>
   </div>
   <div class='ocr_carea' id='block_1_106' title="bbox 502 5864 2071 5935">
    <p class='ocr_par' dir='ltr' id='par_1_106' title="bbox 502 5864 2071 5935">
     <span class='ocr_line' id='line_1_106' title="bbox 502 5864 2071 5935; baseline -0.003 -15"><span class='ocrx_word' id='word_1_735' title='bbox 502 5868 595 5920; x_wconf 78' lang='grc' dir='ltr'><strong>καὶ</strong></span> <span class='ocrx_word' id='word_1_736' title='bbox 638 5865 851 5932; x_wconf 79' lang='grc' dir='ltr'><strong>ὓδατος,</strong></span> <span class='ocrx_word' id='word_1_737' title='bbox 903 5865 996 5919; x_wconf 71' lang='grc' dir='ltr'><strong>καὶ</strong></span> <span class='ocrx_word' id='word_1_738' title='bbox 1028 5870 1138 5929; x_wconf 85' lang='grc' dir='ltr'><strong>τοῖς</strong></span> <span class='ocrx_word' id='word_1_739' title='bbox 1182 5864 1444 5933; x_wconf 79' lang='grc' dir='ltr'><strong>παροῦσιν</strong></span> <span class='ocrx_word' id='word_1_740' title='bbox 1483 5865 1857 5935; x_wconf 76' lang='grc' dir='ltr'><strong>ἀποφέρουσι·</strong></span> <span class='ocrx_word' id='word_1_741' title='bbox 1905 5864 1999 5917; x_wconf 76' lang='grc' dir='ltr'><strong>καὶ</strong></span> <span class='ocrx_word' id='word_1_742' title='bbox 2038 5866 2071 5935; x_wconf 80' lang='grc' dir='ltr'><strong>ἡ</strong></span> 
     </span>
    </p>
   </div>
   <div class='ocr_carea' id='block_1_107' title="bbox 2174 4876 3779 4949">
    <p class='ocr_par' dir='ltr' id='par_1_107' title="bbox 2174 4876 3779 4949">
     <span class='ocr_line' id='line_1_107' title="bbox 2174 4876 3779 4949; baseline 0.001 -18"><span class='ocrx_word' id='word_1_743' title='bbox 2174 4878 2348 4948; x_wconf 73' lang='grc' dir='ltr'>τροφὴ</span> <span class='ocrx_word' id='word_1_744' title='bbox 2404 4876 2544 4947; x_wconf 77' lang='grc' dir='ltr'><strong>αὐτὴ</strong></span> <span class='ocrx_word' id='word_1_745' title='bbox 2594 4876 2843 4931; x_wconf 81' lang='grc' dir='ltr'><strong>καλεῖται</strong></span> <span class='ocrx_word' id='word_1_746' title='bbox 2878 4877 3034 4949; x_wconf 78' lang='grc' dir='ltr'><strong>παρ’</strong></span> <span class='ocrx_word' id='word_1_747' title='bbox 3083 4880 3215 4949; x_wconf 77' lang='grc' dir='ltr'><strong>ἡμῖν</strong></span> <span class='ocrx_word' id='word_1_748' title='bbox 3279 4878 3637 4949; x_wconf 77' lang='grc' dir='ltr'><strong>Εὐχαριστία.</strong></span> <span class='ocrx_word' id='word_1_749' title='bbox 3710 4879 3779 4933; x_wconf 79' lang='lat' dir='ltr'><strong>Ft</strong></span> 
     </span>
    </p>
   </div>
   <div class='ocr_carea' id='block_1_108' title="bbox 2178 4948 3782 5021">
    <p class='ocr_par' dir='ltr' id='par_1_108' title="bbox 2178 4948 3782 5021">
     <span class='ocr_line' id='line_1_108' title="bbox 2178 4948 3782 5021; baseline 0.002 -21"><span class='ocrx_word' id='word_1_750' title='bbox 2178 4952 2340 5019; x_wconf 78' lang='lat' dir='ltr'><strong>paulo</strong></span> <span class='ocrx_word' id='word_1_751' title='bbox 2376 4959 2498 5021; x_wconf 79' lang='lat' dir='ltr'><strong>post</strong></span> <span class='ocrx_word' id='word_1_752' title='bbox 2532 4968 2545 5002; x_wconf 91' lang='lat'><strong>:</strong></span> <span class='ocrx_word' id='word_1_753' title='bbox 2583 4950 2657 5021; x_wconf 74' lang='grc' dir='ltr'><strong>Οὐ</strong></span> <span class='ocrx_word' id='word_1_754' title='bbox 2704 4950 2813 5021; x_wconf 78' lang='grc' dir='ltr'><strong>γάρ</strong></span> <span class='ocrx_word' id='word_1_755' title='bbox 2859 4948 2934 5012; x_wconf 87' lang='grc' dir='ltr'><strong>ὼς</strong></span> <span class='ocrx_word' id='word_1_756' title='bbox 2976 4948 3169 5021; x_wconf 73' lang='grc' dir='ltr'><strong>κοινὸν</strong></span> <span class='ocrx_word' id='word_1_757' title='bbox 3186 4948 3371 5019; x_wconf 80' lang='grc' dir='ltr'><strong>ἄρτον,</strong></span> <span class='ocrx_word' id='word_1_758' title='bbox 3422 4950 3555 5021; x_wconf 65' lang='grc' dir='ltr'><strong>οὐδε</strong></span> <span class='ocrx_word' id='word_1_759' title='bbox 3592 4951 3782 5021; x_wconf 77' lang='grc' dir='ltr'><strong>κοινὸν</strong></span> 
     </span>
    </p>
   </div>
   <div class='ocr_carea' id='block_1_109' title="bbox 2178 5018 3777 5091">
    <p class='ocr_par' dir='ltr' id='par_1_109' title="bbox 2178 5018 3777 5091">
     <span class='ocr_line' id='line_1_109' title="bbox 2178 5018 3777 5091; baseline 0.001 -20"><span class='ocrx_word' id='word_1_760' title='bbox 2178 5018 2332 5091; x_wconf 77' lang='grc' dir='ltr'><strong>πόμα</strong></span> <span class='ocrx_word' id='word_1_761' title='bbox 2372 5018 2545 5072; x_wconf 81' lang='grc' dir='ltr'><strong>ταῦτα</strong></span> <span class='ocrx_word' id='word_1_762' title='bbox 2584 5018 3118 5091; x_wconf 13' lang='grc' dir='ltr'><strong>λαμϐάνομεν,ίὰλλ’</strong></span> <span class='ocrx_word' id='word_1_763' title='bbox 3148 5018 3451 5091; x_wconf 46' lang='grc' dir='ltr'><strong>ὅνίτρόπον</strong></span> <span class='ocrx_word' id='word_1_764' title='bbox 3484 5019 3571 5091; x_wconf 65' lang='grc' dir='ltr'><strong>διὰ</strong></span> <span class='ocrx_word' id='word_1_765' title='bbox 3612 5019 3777 5088; x_wconf 84' lang='grc' dir='ltr'><strong>λόγον</strong></span> 
     </span>
    </p>
   </div>
   <div class='ocr_carea' id='block_1_110' title="bbox 2178 5088 3778 5162">
    <p class='ocr_par' dir='ltr' id='par_1_110' title="bbox 2178 5088 3778 5162">
     <span class='ocr_line' id='line_1_110' title="bbox 2178 5088 3778 5162; baseline 0.001 -20"><span class='ocrx_word' id='word_1_766' title='bbox 2178 5088 2314 5143; x_wconf 80' lang='grc' dir='ltr'><strong>Θεοῦ</strong></span> <span class='ocrx_word' id='word_1_767' title='bbox 2351 5090 2773 5162; x_wconf 56' lang='grc' dir='ltr'><strong>σαρκοποιηθεῖς</strong></span> <span class='ocrx_word' id='word_1_768' title='bbox 2812 5088 3017 5162; x_wconf 61' lang='grc' dir='ltr'><strong>Ἰησοῦς</strong></span> <span class='ocrx_word' id='word_1_769' title='bbox 3065 5088 3297 5162; x_wconf 72' lang='grc' dir='ltr'><strong>Χριστὸς</strong></span> <span class='ocrx_word' id='word_1_770' title='bbox 3324 5094 3351 5143; x_wconf 86' lang='grc' dir='ltr'>ὁ</span> <span class='ocrx_word' id='word_1_771' title='bbox 3377 5089 3569 5162; x_wconf 71' lang='grc' dir='ltr'><strong>Σωτὴρ</strong></span> <span class='ocrx_word' id='word_1_772' title='bbox 3604 5092 3778 5162; x_wconf 70' lang='grc' dir='ltr'><strong>ἡμῶν</strong></span> 
     </span>
    </p>
   </div>
   <div class='ocr_carea' id='block_1_111' title="bbox 2182 5157 3774 5241">
    <p class='ocr_par' dir='ltr' id='par_1_111' title="bbox 2182 5157 3774 5241">
     <span class='ocr_line' id='line_1_111' title="bbox 2182 5157 3774 5241; baseline 0.001 -29"><span class='ocrx_word' id='word_1_773' title='bbox 2182 5162 2275 5241; x_wconf 61' lang='grc' dir='ltr'><strong>καὶ</strong></span> <span class='ocrx_word' id='word_1_774' title='bbox 2328 5157 2832 5241; x_wconf 41' lang='grc' dir='ltr'><strong>σάρξκα.κσ;ῖ.αξμςε</strong></span> <span class='ocrx_word' id='word_1_775' title='bbox 2871 5157 3013 5241; x_wconf 68' lang='grc' dir='ltr'><strong>ὖπέρ</strong></span> <span class='ocrx_word' id='word_1_776' title='bbox 3063 5157 3565 5241; x_wconf 37' lang='grc' dir='ltr'><strong>σωτηρίας-ὴμῶν.</strong></span> <span class='ocrx_word' id='word_1_777' title='bbox 3586 5157 3774 5241; x_wconf 61' lang='grc' dir='ltr'><strong>ἔσχεν,</strong></span> 
     </span>
    </p>
   </div>
   <div class='ocr_carea' id='block_1_112' title="bbox 2179 5230 3775 5303">
    <p class='ocr_par' dir='ltr' id='par_1_112' title="bbox 2179 5230 3775 5303">
     <span class='ocr_line' id='line_1_112' title="bbox 2179 5230 3775 5303; baseline 0.002 -20"><span class='ocrx_word' id='word_1_778' title='bbox 2179 5231 2324 5283; x_wconf 64' lang='grc' dir='ltr'><strong>οὕτω</strong></span> <span class='ocrx_word' id='word_1_779' title='bbox 2353 5230 2448 5303; x_wconf 79' lang='grc' dir='ltr'><strong>καὶ</strong></span> <span class='ocrx_word' id='word_1_780' title='bbox 2480 5231 2575 5301; x_wconf 82' lang='grc' dir='ltr'><strong>τὴν</strong></span> <span class='ocrx_word' id='word_1_781' title='bbox 2603 5230 2669 5284; x_wconf 81' lang='grc' dir='ltr'><strong>δι’</strong></span> <span class='ocrx_word' id='word_1_782' title='bbox 2705 5230 2887 5303; x_wconf 77' lang='grc' dir='ltr'><strong>εὐχῆς</strong></span> <span class='ocrx_word' id='word_1_783' title='bbox 2915 5230 3077 5303; x_wconf 65' lang='grc' dir='ltr'><strong>λργου</strong></span> <span class='ocrx_word' id='word_1_784' title='bbox 3103 5230 3214 5303; x_wconf 53' lang='grc' dir='ltr'><strong>-τοῦ</strong></span> <span class='ocrx_word' id='word_1_785' title='bbox 3244 5232 3374 5302; x_wconf 84' lang='grc' dir='ltr'><strong>παρ’</strong></span> <span class='ocrx_word' id='word_1_786' title='bbox 3400 5230 3569 5303; x_wconf 79' lang='grc' dir='ltr'><strong>αὑτοῦ</strong></span> <span class='ocrx_word' id='word_1_787' title='bbox 3598 5230 3775 5301; x_wconf 61' lang='grc' dir='ltr'><strong>εὗχαη</strong></span> 
     </span>
    </p>
   </div>
   <div class='ocr_carea' id='block_1_113' title="bbox 2182 5297 3775 5372">
    <p class='ocr_par' dir='ltr' id='par_1_113' title="bbox 2182 5297 3775 5372">
     <span class='ocr_line' id='line_1_113' title="bbox 2182 5297 3775 5372; baseline 0.002 -19"><span class='ocrx_word' id='word_1_788' title='bbox 2182 5297 2903 5372; x_wconf 69' lang='grc' dir='ltr'><strong>ριστηθεῖσαν’τροφὴν’,’ἐξ</strong></span> <span class='ocrx_word' id='word_1_789' title='bbox 2950 5297 3017 5372; x_wconf 76' lang='grc' dir='ltr'>ἧς</span> <span class='ocrx_word' id='word_1_790' title='bbox 3066 5297 3205 5371; x_wconf 73' lang='grc' dir='ltr'><strong>αἷμα</strong></span> <span class='ocrx_word' id='word_1_791' title='bbox 3237 5297 3336 5354; x_wconf 69' lang='grc' dir='ltr'><strong>καῖ</strong></span> <span class='ocrx_word' id='word_1_792' title='bbox 3371 5302 3575 5372; x_wconf 84' lang='grc' dir='ltr'><strong>σάρκες</strong></span> <span class='ocrx_word' id='word_1_793' title='bbox 3627 5297 3775 5356; x_wconf 71' lang='grc' dir='ltr'><strong>κατὰ</strong></span> 
     </span>
    </p>
   </div>
   <div class='ocr_carea' id='block_1_114' title="bbox 2225 5371 3773 5457">
    <p class='ocr_par' dir='ltr' id='par_1_114' title="bbox 2225 5371 3773 5457">
     <span class='ocr_line' id='line_1_114' title="bbox 2225 5371 3773 5457; baseline 0.001 -34"><span class='ocrx_word' id='word_1_794' title='bbox 2225 5371 2484 5457; x_wconf 66' lang='grc' dir='ltr'><strong>εταϐολῂν</strong></span> <span class='ocrx_word' id='word_1_795' title='bbox 2516 5371 2804 5457; x_wconf 61' lang='grc' dir='ltr'><strong>τρέφονται</strong></span> <span class='ocrx_word' id='word_1_796' title='bbox 2844 5375 2875 5457; x_wconf 70' lang='grc'><strong>’1)</strong></span> <span class='ocrx_word' id='word_1_797' title='bbox 2887 5371 3021 5441; x_wconf 80' lang='grc' dir='ltr'><strong>μῶν,</strong></span> <span class='ocrx_word' id='word_1_798' title='bbox 3059 5373 3273 5457; x_wconf 63' lang='grc' dir='ltr'><strong>ἐκείνου</strong></span> <span class='ocrx_word' id='word_1_799' title='bbox 3303 5372 3773 5457; x_wconf 41' lang='grc' dir='ltr'><strong>τοῦ.σα“ρκολποιη-</strong></span> 
     </span>
    </p>
   </div>
   <div class='ocr_carea' id='block_1_115' title="bbox 2215 5438 3774 5513">
    <p class='ocr_par' dir='ltr' id='par_1_115' title="bbox 2215 5438 3774 5513">
     <span class='ocr_line' id='line_1_115' title="bbox 2215 5438 3774 5513; baseline 0.002 -21"><span class='ocrx_word' id='word_1_800' title='bbox 2215 5442 2401 5513; x_wconf 18' lang='grc' dir='ltr'><strong>έντοςί</strong></span> <span class='ocrx_word' id='word_1_801' title='bbox 2436 5438 2637 5512; x_wconf 68' lang='grc' dir='ltr'><strong>Ἰησὸῦ</strong></span> <span class='ocrx_word' id='word_1_802' title='bbox 2669 5444 2763 5496; x_wconf 83' lang='grc' dir='ltr'><strong>καὶ</strong></span> <span class='ocrx_word' id='word_1_803' title='bbox 2814 5438 3027 5511; x_wconf 78' lang='grc' dir='ltr'><strong>σάρκα,</strong></span> <span class='ocrx_word' id='word_1_804' title='bbox 3078 5445 3172 5495; x_wconf 82' lang='grc' dir='ltr'><strong>καὶ</strong></span> <span class='ocrx_word' id='word_1_805' title='bbox 3211 5438 3350 5513; x_wconf 74' lang='grc' dir='ltr'><strong>αἷμα</strong></span> <span class='ocrx_word' id='word_1_806' title='bbox 3408 5438 3774 5513; x_wconf 75' lang='grc' dir='ltr'><strong>ἐδιδάχθημεν</strong></span> 
     </span>
    </p>
   </div>
   <div class='ocr_carea' id='block_1_116' title="bbox 2180 5508 3774 5585">
    <p class='ocr_par' dir='ltr' id='par_1_116' title="bbox 2180 5508 3774 5585">
     <span class='ocr_line' id='line_1_116' title="bbox 2180 5508 3774 5585; baseline 0.002 -22"><span class='ocrx_word' id='word_1_807' title='bbox 2180 5508 2335 5585; x_wconf 71' lang='grc' dir='ltr'><strong>εῖναι.</strong></span> <span class='ocrx_word' id='word_1_808' title='bbox 2379 5512 2468 5566; x_wconf 85' lang='lat' dir='ltr'><strong>Sic</strong></span> <span class='ocrx_word' id='word_1_809' title='bbox 2499 5508 2669 5582; x_wconf 84' lang='lat' dir='ltr'><strong>paqu</strong></span> <span class='ocrx_word' id='word_1_810' title='bbox 2704 5523 2827 5583; x_wconf 91' lang='lat' dir='ltr'><strong>post</strong></span> <span class='ocrx_word' id='word_1_811' title='bbox 2857 5508 3201 5585; x_wconf 75' lang='grc' dir='ltr'><strong>εὐχαριστεῖν</strong></span> <span class='ocrx_word' id='word_1_812' title='bbox 3227 5508 3289 5566; x_wconf 79' lang='grc' dir='ltr'><strong>τὸ</strong></span> <span class='ocrx_word' id='word_1_813' title='bbox 3323 5508 3589 5585; x_wconf 68' lang='grc' dir='ltr'><strong>ποτήριον</strong></span> <span class='ocrx_word' id='word_1_814' title='bbox 3612 5508 3774 5585; x_wconf 53' lang='grc' dir='ltr'><strong>ῥέπε-</strong></span> 
     </span>
    </p>
   </div>
   <div class='ocr_carea' id='block_1_117' title="bbox 2180 5582 3769 5653">
    <p class='ocr_par' dir='ltr' id='par_1_117' title="bbox 2180 5582 3769 5653">
     <span class='ocr_line' id='line_1_117' title="bbox 2180 5582 3769 5653; baseline 0.002 -19"><span class='ocrx_word' id='word_1_815' title='bbox 2180 5583 2353 5637; x_wconf 85' lang='lat' dir='ltr'><strong>dicere</strong></span> <span class='ocrx_word' id='word_1_816' title='bbox 2412 5584 2635 5653; x_wconf 87' lang='lat' dir='ltr'><strong>poculo,</strong></span> <span class='ocrx_word' id='word_1_817' title='bbox 2689 5582 2833 5652; x_wconf 83' lang='lat' dir='ltr'><strong>quod</strong></span> <span class='ocrx_word' id='word_1_818' title='bbox 2888 5582 3031 5638; x_wconf 81' lang='lat' dir='ltr'><strong>idem</strong></span> <span class='ocrx_word' id='word_1_819' title='bbox 3087 5594 3172 5639; x_wconf 84' lang='lat' dir='ltr'><strong>est</strong></span> <span class='ocrx_word' id='word_1_820' title='bbox 3224 5582 3574 5639; x_wconf 79' lang='lat' dir='ltr'><strong>consecrare.</strong></span> <span class='ocrx_word' id='word_1_821' title='bbox 3624 5582 3769 5637; x_wconf 82' lang='lat' dir='ltr'><strong>Nam</strong></span> 
     </span>
    </p>
   </div>
   <div class='ocr_carea' id='block_1_118' title="bbox 2184 5653 3769 5725">
    <p class='ocr_par' dir='ltr' id='par_1_118' title="bbox 2184 5653 3769 5725">
     <span class='ocr_line' id='line_1_118' title="bbox 2184 5653 3769 5725; baseline 0 -18"><span class='ocrx_word' id='word_1_822' title='bbox 2184 5653 2326 5708; x_wconf 87' lang='lat' dir='ltr'><strong>idem</strong></span> <span class='ocrx_word' id='word_1_823' title='bbox 2357 5666 2442 5709; x_wconf 90' lang='lat' dir='ltr'><strong>est</strong></span> <span class='ocrx_word' id='word_1_824' title='bbox 2473 5656 2627 5725; x_wconf 13' lang='lat' dir='ltr'><strong>apud;</strong></span> <span class='ocrx_word' id='word_1_825' title='bbox 2651 5653 2926 5725; x_wconf 81' lang='lat' dir='ltr'><strong>Evangelii</strong></span> <span class='ocrx_word' id='word_1_826' title='bbox 2970 5655 3268 5723; x_wconf 88' lang='lat' dir='ltr'><strong>scriptores</strong></span> <span class='ocrx_word' id='word_1_827' title='bbox 3311 5655 3587 5724; x_wconf 83' lang='grc' dir='ltr'><strong>εὐλογεῖν,</strong></span> <span class='ocrx_word' id='word_1_828' title='bbox 3617 5655 3769 5725; x_wconf 89' lang='lat' dir='ltr'><strong>quod</strong></span> 
     </span>
    </p>
   </div>
   <div class='ocr_carea' id='block_1_119' title="bbox 2184 5723 3772 5850">
    <p class='ocr_par' dir='ltr' id='par_1_119' title="bbox 2184 5723 3772 5850">
     <span class='ocr_line' id='line_1_119' title="bbox 2184 5723 3772 5799; baseline 0.003 -23"><span class='ocrx_word' id='word_1_829' title='bbox 2184 5725 2547 5796; x_wconf 78' lang='grc' dir='ltr'><strong>εὐχαριστεῖν.</strong></span> <span class='ocrx_word' id='word_1_830' title='bbox 2606 5723 2682 5782; x_wconf 89' lang='lat' dir='ltr'><strong>De</strong></span> <span class='ocrx_word' id='word_1_831' title='bbox 2734 5723 2844 5799; x_wconf 85' lang='lat' dir='ltr'><strong>quo</strong></span> <span class='ocrx_word' id='word_1_832' title='bbox 2898 5725 3115 5782; x_wconf 86' lang='lat' dir='ltr'><strong>erudite</strong></span> <span class='ocrx_word' id='word_1_833' title='bbox 3162 5725 3400 5782; x_wconf 80' lang='lat' dir='ltr'><strong>Maldon.</strong></span> <span class='ocrx_word' id='word_1_834' title='bbox 3452 5723 3652 5781; x_wconf 76' lang='lat' dir='ltr'><strong>noster</strong></span> <span class='ocrx_word' id='word_1_835' title='bbox 3702 5726 3772 5781; x_wconf 77' lang='lat' dir='ltr'><strong>ad</strong></span> 
     </span>
     <span class='ocr_line' id='line_1_120' title="bbox 2184 5795 2633 5850; baseline -0.002 0"><span class='ocrx_word' id='word_1_836' title='bbox 2184 5812 2233 5850; x_wconf 90' lang='lat' dir='ltr'><strong>c.</strong></span> <span class='ocrx_word' id='word_1_837' title='bbox 2281 5812 2403 5850; x_wconf 70' lang='lat' dir='ltr'><strong>XXVI</strong></span> <span class='ocrx_word' id='word_1_838' title='bbox 2445 5795 2633 5850; x_wconf 82' lang='lat' dir='ltr'><strong>Matth.</strong></span> 
     </span>
    </p>
   </div>
   <div class='ocr_carea' id='block_1_120' title="bbox 2184 5805 2633 5853">
    <p class='ocr_par' dir='ltr' id='par_1_120' title="bbox 2184 5805 2633 5853">
     <span class='ocr_line' id='line_1_121' title="bbox 2184 5805 2633 5853; baseline -0.009 0"><span class='ocrx_word' id='word_1_839' title='bbox 2184 5812 2233 5853; x_wconf 85' lang='lat' dir='ltr'><strong>C.</strong></span> <span class='ocrx_word' id='word_1_840' title='bbox 2281 5812 2403 5852; x_wconf 70' lang='lat' dir='ltr'><strong>XXVI</strong></span> <span class='ocrx_word' id='word_1_841' title='bbox 2445 5805 2633 5851; x_wconf 82' lang='lat' dir='ltr'><strong>Matth.</strong></span> 
     </span>
    </p>
   </div>
   <div class='ocr_carea' id='block_1_121' title="bbox 4034 3254 4055 3897">
    <p class='ocr_par' dir='ltr' id='par_1_121' title="bbox 4038 3258 4051 3897">
     <span class='ocr_line' id='line_1_122' title="bbox 4038 3258 4051 3897; baseline 0 0"><span class='ocrx_word' id='word_1_842' title='bbox 4038 3258 4051 3897; x_wconf 76' lang='lat' dir='ltr'>J</span> 
     </span>
    </p>
   </div>
  </div>
