4134 6388
314 364 422 422 585

1001 352 1373 422 ADVERSUS
1417 366 1761 422 nmnnsss
1800 366 1930 423 Lm.
1970 368 2011 421 ι.
2057 366 2220 423 TOM.
2265 366 2354 423 ιιι,
2396 398 2463 409 *
2501 370 2781 426 meum.
2816 370 3058 428 xxxw.

3464 371 3567 430 586

316 479 671 551 παραπλήσια
729 478 896 533 ποιῶν
942 480 1254 553 ἐξηπάτησε
1302 485 1565 548 πολλοὺς,
1615 486 1707 539 καὶ
1780 486 1888 539 άπ-

2002 485 2308 554 quemdam,
2348 484 2511 554 cujus
2548 500 2717 556 opera
2769 494 2822 542 et
2879 487 3169 542 vaticinari
3209 484 3479 553 videatur,
3513 494 3570 542 et

311 574 546 644 ηγήοχεν
590 572 764 625 ὀπίσω
780 571 968 629 αὐτοῦ.
1001 574 1162 638 Εἰκὸς
1209 575 1267 627 δὲ
1309 576 1471 629 αὐτὸν
1513 576 1742 647 δαίμονά
1772 594 1917 629 τινα·

312 665 581 735 πάρεδρον
617 664 781 735 ἔχειν,
815 665 884 718 δι’
910 657 970 718 οὗ
1011 666 1175 730 αὐτός
1212 684 1273 720 τε
1310 669 1673 738 προφητεύειν
1722 669 1887 735 δοκεῖ,

310 758 407 812 καὶ
438 758 570 820 ὅσας
598 756 755 821 ἀξίας
782 760 1000 827 ἡγεῖται
1026 760 1285 829 μετόχους
1314 760 1413 829 τῆς
1446 760 1665 831 χάριτος
1703 760 1888 824 αὑτοῦ,

313 851 681 924 προφητεύειν
745 855 907 905 ποιεῖ.
964 852 1216 907 Μάλιστα
1275 854 1385 926 γάρ
1449 855 1577 924 περί⁹
1626 856 1890 923 γυναῖκας

312 944 643 1016 ἀσχολεῖται,
676 944 772 997 καὶ
811 944 1016 998 τούτων
1045 947 1143 1009 τὰς
1189 946 1561 1017 εὐπαρύφους,
1607 948 1699 1000 καὶ
1737 965 1892 1018 περι-

315 1033 662 1104 πορφύρους,
740 1036 833 1088 καὶ
890 1036 1321 1100 πλουσιωτάτας,
1374 1037 1441 1100 ἃς
1478 1037 1739 1099 πολλάκις
1789 1040 1892 1091 ὑπ-

312 1126 539 1194 άγεσθαι
564 1125 900 1197 πειρώμενος
936 1127 1245 1181 κολακεύων
1268 1128 1430 1198 φησὶν
1451 1129 1639 1191 αὑταῖς
1659 1145 1671 1158 ⁵
1701 1133 1890 1182 Μετα-

311 1217 527 1270 δοῦναί
571 1231 671 1271 σοι
728 1217 881 1272 θέλω
922 1218 1032 1286 τῆς
1087 1216 1235 1287 ἐμῆς
1280 1217 1542 1287 χάριτος,
1593 1219 1800 1287 ἐπειδὴ
1859 1223 1891 1273 ὀ

310 1307 516 1375 Πατὴρ
560 1307 680 1361 τῶν
727 1307 888 1361 ὅλων
932 1308 1040 1362 τὸν
1078 1308 1341 1378 ἄγγελόν
1387 1325 1504 1363 σου
1562 1309 1892 1375 διαπαντὸς

304 1396 526 1461 ,βλέπει
559 1398 675 1467 πρὸ
709 1399 1036 1467 προσώπου
1079 1401 1289 1455 αὐτοῦ.
1333 1402 1394 1453 '0
1439 1401 1507 1455 δὲ
1555 1403 1739 1467 τόπος
1784 1402 1892 1456 τοῦ

304 1488 598 1558 μεγέθους
626 1490 696 1543 ἐν
731 1490 877 1559 ἡμῖν
902 1492 917 1521 ¹
948 1492 1081 1544 ἐστι
1120 1491 1192 1545 δι’
1231 1490 1390 1561 ἡμᾶς
1417 1492 1888 1562 ἐγκαταστῆσαι.

310 1579 589 1649 Λάμϐανε
647 1581 882 1649 πρῶτον
932 1582 1035 1637 ἀπ’
1086 1583 1234 1652 ἐμοῦ
1291 1584 1391 1637 καὶ
1452 1584 1526 1638 δι’
1578 1585 1722 1654 ἐμοῦ
1777 1585 1893 1651 τὴν

309 1672 506 1742 χάριν.
540 1674 920 1742 Εὐτρέπισον
963 1676 1254 1745 σεαυτὴν,
1288 1678 1368 1743 ὡς
1409 1680 1613 1747 νύμφη
1652 1677 1893 1746 ἐκδεχο-

305 1766 458 1837 μένη
504 1768 612 1820 τὸν·
645 1769 909 1837 νυμφίον
951 1768 1195 1836 ἑαυτῆς,
1236 1772 1336 1823 ἵνα
1374 1770 1489 1838 ἔσῃ
1538 1771 1571 1823 ὃ
1614 1768 1747 1839 ἐγὼ,
1792 1770 1889 1822 καὶ

1994 594 2133 648 quas
2159 594 2285 634 esse
2316 579 2509 650 dignas
2544 579 2845 643 censuerit,
2871 579 3117 635 eamdem
3145 578 3257 635 illis
3286 578 3568 633 divinandi

1992 670 2104 723 vim
2171 670 2401 724 tribuat.
2458 669 2596 724 Nam
2653 685 2782 725 cum
2841 670 3169 725 mulieribus
3217 670 3567 740 potissimum

1993 770 2263 828 versatur,
2311 760 2629 831 eisdemque
2672 760 2908 830 eleganti
2951 767 3175 821 ornatu,
3229 774 3293 813 ac
3327 766 3569 829 purpura“

1995 854 2359 923 praetextatis,
2393 861 2448 908 et
2487 852 2874 922 locupletibus,
2909 863 3049 922 quas
3082 858 3143 904 ut
3170 850 3238 904 ad
3268 866 3389 906 sese
3418 850 3572 919 pelli-

1992 944 2123 1005 ciat,
2152 934 2233 995 sic
2263 956 2357 995 eas
2386 941 2677 996 blandiens
2706 940 3001 1011 alloquitur
3035 959 3049 995 :
3075 940 3223 994 Libet
3251 941 3442 1011 gratia:
3474 939 3569 993 tibi

1993 1051 2123 1090 mete
2156 1036 2360 1106 aliquid
2391 1052 2683 1108 aspergere,
2714 1040 2966 1108 quoniam
2986 1053 3163 1091 rerum
3187 1038 3421 1090 omnium
3456 1035 3569 1090 Paw

1994 1145 2114 1183 rens
2151 1131 2394 1200 angelum
2426 1138 2574 1184 tuum
2610 1130 2831 1184 assiduo
2866 1147 3046 1183 coram
3076 1146 3187 1184 sese
3209 1130 3367 1183 videt.
3396 1127 3569 1183 Locus

1994 1237 2152 1290 porro
2184 1222 2566 1291 magnitudinis
2620 1232 2726 1276 tua:
2765 1224 2819 1275 in
2863 1222 3013 1275 nobis
3036 1231 3135 1276 est.
3172 1220 3238 1275 In
3265 1236 3430 1273 unum
3446 1235 3572 1273 coa-

1996 1316 2188 1369 lescere
2226 1332 2320 1369 nos
2351 1324 2553 1384 oportet
2586 1331 2605 1369 :
2644 1317 2876 1384 primum
2903 1317 3069 1387 igitur
3107 1332 3141 1369 α
3174 1331 3253 1368 me
3285 1330 3348 1368 ac
3377 1329 3469 1381 per
3491 1328 3573 1368 me

1994 1410 2224 1478 gratiam
2287 1410 2481 1477 accipe.
2566 1408 2822 1476 Pra'para
2901 1416 2966 1471 te,
3039 1417 3292 1475 tanquam
3375 1420 3572 1473 sponsa

1994 1518 2246 1570 sponsum
2278 1518 2431 1556 suum
2471 1514 2799 1570 exspectans,
2831 1509 2962 1553 utet
2995 1510 3050 1553 tu
3072 1500 3303 1568 idipsum
3326 1500 3401 1553 sis
3431 1498 3570 1568 quod

1994 1610 2085 1663 ego
2115 1610 2253 1657 sum,
2298 1602 2348 1647 et
2385 1610 2477 1663 ego
2500 1594 2603 1647 sim
2633 1592 2773 1663 quod
2811 1601 2864 1645 tu
2898 1609 2971 1646 es.
3006 1592 3135 1662 Age,
3194 1592 3327 1645 lucis
3368 1591 3572 1645 semina

1995 1686 2051 1738 in
2085 1686 2322 1739 thalamo
2362 1694 2452 1739 tuo
2481 1684 2707 1738 colloca.
2740 1685 2930 1752 Accipe
2969 1701 3001 1737 a
3032 1700 3112 1737 me
3133 1698 3574 1752 sponsum,eum-

1993 1791 2090 1844 que
2119 1791 2267 1844 cape,
2287 1784 2336 1830 et
2368 1775 2434 1829 ab
2473 1792 2533 1828 eo
2567 1791 2771 1844 capere.
2807 1774 2941 1829 Ecce
2968 1774 3237 1828 descendit
3264 1776 3320 1827 in
3364 1782 3414 1827 te
3446 1789 3573 1844 gra~

305 1854 424 1925 ἐγὼ
458 1854 490 1908 ὃ
538 1856 641 1909 σύ.
680 1856 1060 1925 Καθίδρυσον
1109 1858 1179 1911 ἐν
1220 1859 1301 1926 τῷ
1331 1857 1610 1928 νυμφῶνι
1664 1875 1781 1912 σου
1828 1859 1895 1911 τὸ

2002 1868 2109 1932 tia;
2140 1868 2287 1935 aperi
2309 1884 2368 1921 os
2402 1876 2571 1929 tuum,
2600 1875 2651 1920 et
2682 1866 2994 1919 vaticinare.
3043 1866 3125 1920 Ad
3183 1866 3299 1920 hinc
3349 1880 3574 1935 respon-

306 1946 547 2017 σπέρμα
575 1947 684 2002 τοῦ
713 1950 927 2018 φωτός.
950 1949 1106 2004 Λάϐε
1128 1950 1264 2019 παρ’
1296 1952 1443 2020 ἐμοῦ
1473 1950 1579 2004 τὸν
1604 1951 1885 2020 νυμφίον,

308 2040 407 2093 καὶ
436 2038 717 2108 χώρησον
744 2042 953 2105 αὐτὸν,
980 2042 1077 2097 καὶ
1104 2043 1402 2112 χωρήθητι
1439 2042 1510 2096 ἐν
1533 2043 1713 2107 αὐτῷ.
1738 2042 1886 2096 Ἰδοὺ

306 2128 346 2196 ἡ
375 2129 546 2199 χάρις
570 2130 871 2199 κατῆλθεν
892 2133 992 2186 ἐπὶ
1033 2134 1107 2188 σέ
1126 2151 1139 2165 ’
1167 2134 1415 2199 ἄνοιξον
1438 2135 1504 2188 τὸ
1531 2136 1725 2204 στόμα
1746 2151 1884 2201 σου,

308 2221 407 2274 καὶ
436 2223 885 2291 προφήτευσον.
911 2226 1026 2296 Τῆς
1051 2227 1107 2280 δὲ
1130 2227 1388 2295 γυναικὸς
1424 2227 1881 2299 άποκρινομένης,

311 2316 396 2370 Οὐ
424 2318 848 2387 προεφήτευσά
892 2320 1147 2382 πώποτε,
1187 2319 1288 2371 καὶ
1338 2321 1448 2373 οὐκ
1488 2316 1622 2373 οῖδα
1657 2335 1885 2388 προφη-

1995 1960 2160 2014 dcnte
2198 1958 2401 2013 femina
2430 1976 2443 2013 :
2477 1957 2765 2030 Nunquam
2799 1959 3092 2013 vaticinata
3124 1974 3264 2021 sum,
3292 1974 3453 2029 neque
3479 1974 3574 2012 va-

1996 2048 2213 2101 ticinari
2241 2047 2352 2101 scio
2393 2061 2411 2099 :
2459 2047 2549 2101 ille
2601 2056 2782 2103 certas
2840 2048 3215 2103 invocationes
3262 2047 3572 2118 proferens,

1994 2154 2218 2195 rursum
2281 2148 2343 2193 ut
2395 2140 2607 2194 stolidae
2641 2141 2719 2194 illi
2778 2147 3059 2210 stuporem
3105 2140 3353 2213 injiciat:
3390 2139 3571 2209 Aperi,

1994 2229 2199 2300 inquit,
2236 2247 2295 2283 os
2328 2238 2498 2296 tuum,
2522 2240 2572 2284 et
2594 2231 2850 2301 quidquid
2888 2230 3120 2286 volueris
3153 2230 3385 2301 loquere,
3420 2239 3577 2286 etv:-

1993 2321 2321 2375 ticinabert's.

307 2384 524 2476 τεύεικ,
572 2384 895 2482 ἐπικλήσεις
961 2410 1114 2475 τινάς
1167 2410 1523 2481 ποιούμενος,
1571 2412 1636 2464 ἐκ
1695 2384 1948 2485 δευτέρου
2014 2415 2095 2477 εἰς
2166 2411 2506 2482 κατάπληξιν
2721 2412 3127 2485 ἀπατωμένης,
3193 2415 3357 2484 φησὶν
3411 2416 3573 2487 αὐτῇο

311 2507 583 2573 Ἀνοιξον
619 2508 686 2562 τὸ
724 2509 919 2577 στόμα
944 2521 1082 2569 σου,
1117 2505 1396 2575 λάλησον
1427 2507 1461 2560 ὅ
1506 2526 1560 2560 τι
1604 2508 1848 2576 δήποτε,
1878 2509 1977 2563 καὶ
2015 2508 2428 2579 προφητεύεις.

388 2602 454 2655 Ἠ
487 2601 565 2665 δὲ,
598 2600 959 2672 χαυνωθείσα,
984 2601 1078 2653 καὶ
1110 2601 1461 2669 κεπφωθεῖσα
1484 2602 1589 2655 ὑπὸ
1619 2603 1726 2656 τῶν
1760 2621 1893 2675 προ-

309 2709 430 2764 ειρη
442 2692 636 2763 μένων,
668 2691 1123 2763 διαθερμανθεῖσα
1149 2691 1245 2763 τὴν
1268 2692 1445 2763 ψυχὴν
1470 2694 1575 2746 ὑπὸ
1596 2694 1695 2765 τῆς
1726 2712 1895 2766 προσ-

307 2784 494 2849 δοκίας
521 2784 616 2838 τοῦ
653 2785 865 2855 μέλλειν
898 2784 1066 2855 αὐτὴν
1105 2785 1495 2856 προφητεύειν,
1529 2786 1629 2857 τῆς
1666 2787 1892 2856 καρδίας

310 2875 473 2928 πλέον
507 2874 601 2927 τοῦ
632 2875 845 2939 δέοντος
894 2875 1204 2945 παλλούσης
1223 2915 1238 2939 ,
1270 2875 1551 2947 ἀποτολμᾷ
1592 2875 1770 2930 λαλεῖν
1798 2876 1894 2948 λη-

312 2966 481 3040 ρώδη,
510 2970 604 3022 καὶ
640 2968 709 3021 τὰ
750 2968 982 3038 τυχόντα
1010 2968 1193 3021 πάντα
1224 2967 1398 3032 κενῶς
1440 2970 1535 3021 καὶ
1578 2969 1889 3040 τολμηρῶς,

311 3061 411 3114 ἅτε
436 3058 564 3114 Ὄπὸ
613 3060 773 3114 κενοῦ
813 3060 1232 3132 τεθερμασμένη
1264 3061 1578 3130 πνεύματος
1598 3078 1611 3092 °
1652 3062 1832 3126 καθὼς
1864 3065 1893 3116 ὁ

311 3153 583 3224 κρείσσων
620 3152 776 3223 ἡμῶν
826 3151 929 3223 ἔφη
973 3153 1101 3222 περὶ
1148 3152 1257 3204 τῶν
1290 3152 1577 3206 τοιούτων⁹
1614 3155 1734 3206 ’Ὁτι
1774 3154 1890 3207 τολ-

2074 2603 2170 2658 llla
2206 2603 2517 2659 istiusmodi
2552 2603 2737 2658 inﬂata
2787 2603 2995 2669 verbis,
3024 2604 3300 2674 elataque,
3350 2618 3415 2659 ac
3448 2619 3577 2675 pro-

2002 2697 2203 2768 phetici
2260 2696 2412 2751 illius
2471 2695 2685 2751 atllatus
2751 2697 3163 2766 exspectatione
3216 2693 3575 2761 inﬂammata,

2000 2790 2300 2860 palpitante
2333 2788 2457 2858 plus
2500 2789 2664 2843 solito
2698 2796 2939 2859 pectore,
2978 2802 3154 2858 nugas
3199 2788 3466 2857 quasdam
3498 2787 3580 2842 ef-

2000 2881 2187 2943 futire,
2220 2895 2283 2933 ac
2319 2879 2588 2949 quidquid
2636 2880 2693 2933 in
2751 2880 2978 2935 buccam
3032 2880 3243 2934 venerit
3295 2878 3579 2935 effundere

2000 2987 2111 3025 non
2138 2971 2371 3030 dubitat,
2413 2986 2523 3025 non
2554 2971 2737 3024 minus
2772 2986 2912 3025 vane
2939 2986 3103 3041 quam
3142 2980 3363 3035 temere,
3389 2978 3581 3041 utpote

2003 3063 2153 3117 inani
2218 3063 2416 3132 spiritu
2462 3062 2751 3117 calefacta.
2810 3062 2967 3128 Nam,
3029 3070 3088 3116 ut
3142 3063 3364 3132 quidam
3420 3062 3581 3116 nobis

2002 3158 2173 3209 multo
2228 3156 2581 3223 praestantior
2638 3156 2705 3208 de
2752 3154 3071 3210 hominibus
3104 3154 3376 3224 ejusmodi
3416 3154 3577 3221 dixit,

316 3244 491 3315 μηρὸν
524 3245 619 3298 καὶ
651 3245 867 3304 ἀναιδὲς
909 3246 1053 3317 ψυχὴ
1107 3246 1250 3318 κενῴ
1285 3247 1405 3319 ἀέρι
1451 3247 1851 3320 θερμαινομένη
1874 3266 1889 3279 ο

2002 3245 2179 3299 audax
2221 3253 2275 3299 et
2325 3244 2616 3315 impudens
2662 3252 2746 3300 est
2798 3246 3016 3299 animus
3047 3246 3195 3299 inani
3225 3260 3350 3300 aere
3372 3244 3579 3300 calefa-

313 3338 411 3391 καὶ
441 3338 548 3390 ἀπὸ
585 3338 775 3391 τούτου
803 3339 988 3391 λοιπὸν
1027 3341 1338 3412 προφήτιδα
1383 3341 1579 3413 ἑαυτὴν
1612 3342 1891 3413 μεταλαμ-

314 3425 469 3479 ϐάνει
496 3428 537 3492 ’,
590 3428 682 3480 καὶ
728 3429 1042 3499 εὐχαριστεῖ
1089 3431 1302 3501 Μάρκῳ
1334 3432 1411 3501 τῷ
1456 3432 1743 3485 ἐπιδιδόντι
1794 3432 1892 3501 τῆς

315 3521 453 3585 ἰδίας
476 3523 700 3595 χάριτος
732 3524 892 3594 αὐτῇ.
922 3525 1032 3576 Καὶ
1072 3524 1395 3593 ἀμείϐεσθαι
1436 3524 1598 3578 αὑτὸν
1638 3525 1891 3594 πειρᾶται

313 3617 374 3668 ού
407 3616 568 3687 μόνον
605 3615 746 3669 κατὰ
784 3616 883 3687 τὴν
912 3615 1022 3669 τῶν
1059 3617 1416 3688 ὑπαρχόντων
1446 3617 1611 3681 δόσιν,
1646 3615 1767 3668 ὅθεν
1801 3618 1894 3669 καὶ

315 3708 615 3780 χρημάτων
647 3707 852 3778 πλῆθος
881 3707 1016 3761 πολὺ
1057 3710 1430 3780 συνενήνοχεν,
1463 3706 1711 3759 ἀλλὰκαὶ
1752 3708 1894 3760 κατά

315 3802 415 3872 τὴν
458 3800 553 3853 τοῦ
598 3801 847 3871 σώματος
891 3800 1194 3861 κοινωνίαν,
1236 3798 1379 3853 κατὰ
1420 3799 1599 3852 πάντα
1644 3797 1895 3851 ὲνοῦσθαι

314 3892 466 3963 αὐτῷ
503 3892 952 3963 προθυμουμένη.
990 3892 1075 3944 ἵνα
1128 3892 1224 3944 σὺν
1266 3890 1414 3959 αὐτῷ
1446 3891 1677 3961 κατέλθῃ
1726 3893 1805 3953 εὶς
1838 3890 1898 3943 τὸ

314 3986 395 4039 ἓν.
430 3985 567 4056 Ἤδη
627 3986 685 4038 δὲ
733 3985 844 4037 τῶν
896 3985 1178 4056 προτέρων
1208 3984 1227 4014 ³
1279 3984 1423 4047 τινὲς
1472 3983 1745 4052 γυναικῶν
1792 3983 1898 4036 τῶν

315 4077 559 4147 ἐχουσῶν
592 4077 684 4129 τὸν
710 4076 873 4147 φόϐον
894 4076 988 4129 τοῦ
1012 4074 1168 4141 Θεοῦ,
1201 4075 1296 4128 καὶ
1333 4075 1407 4146 μὴ
1430 4074 1895 4146 ὲξαπατηθεισῶν,

315 4169 384 4234 ἃς
438 4170 637 4239 ὁμοίως
690 4172 809 4233 ταῖς
870 4170 1088 4232 λοιπαῖς
1136 4169 1461 4240 ἐπετήδευσε
1516 4165 1896 4238 παραπείθειν,

316 4262 557 4316 κελεύων
599 4263 791 4325 αὐταῖς
842 4260 1245 4333 προφητεύειν,
1293 4261 1387 4313 καὶ
1443 4258 1900 4329 καταφυσήσασαι

318 4357 415 4409 καὶ
452 4354 960 4424 καταθεματίσασαι
988 4354 1172 4416 αὐτὸν,
1199 4352 1577 4423 ἐχωρίσθησαν
1598 4349 1691 4403 τοῦ
1721 4349 1900 4402 τοιού-

318 4464 413 4499 του
455 4446 679 4500 θιάσου·
716 4446 960 4516 ἀκριϐῶς
991 4445 1226 4508 εἰδυῖαι,
1271 4445 1353 4497 ὃτι
1397 4441 1766 4515 προφητεύειν
1804 4443 1902 4511 οὐχ

320 4539 428 4591 ὑπὸ
466 4538 694 4609 Μάρκου
736 4538 828 4591 τοῦ
880 4540 1054 4608 μάγου
1098 4538 1371 4606 ἐγγίνεται
1418 4539 1528 4598 τοῖς
1572 4534 1899 4606 ἀνθρώποις,

321 4630 436 4684 ἀλλ’
462 4625 542 4693 οἷς
564 4630 628 4683 ἂν
652 4632 679 4683 ὁ
708 4629 841 4694 Θεὸς
870 4629 1073 4683 ἄνωθεν
1103 4628 1392 4699 ὲπιπὲμψῃ
1414 4627 1513 4696 τὴν
1534 4628 1691 4697 χάριν
1716 4625 1903 4688 αὑτοῦ,

322 4718 467 4776 οὗτοι
513 4721 789 4775 θεόσδοτον
838 4720 1020 4791 ἔχουσι
1070 4720 1168 4791 τὴν
1214 4718 1584 4791 προφητείαν,
1638 4718 1731 4770 καὶ
1785 4716 1906 4769 τότε

322 4813 578 4869 λαλοῦσιν
600 4814 728 4867 ἔνθα
758 4814 851 4867 καὶ
883 4813 1047 4867 ὁπότε
1079 4812 1213 4874 Θεὸς
1243 4810 1512 4881 βούλεται,
1545 4807 1661 4862 ἀλλ’
1695 4809 1794 4879 οὐχ
1816 4808 1905 4861 ὅτε

323 4908 553 4979 Μάρκος
597 4904 828 4958 κελεύει.
866 4906 939 4957 Τὸ
974 4904 1082 4973 γάρ
1132 4902 1357 4956 κελεῦον
1397 4900 1492 4953 τοῦ
1546 4898 1905 4969 κελευομένου

327 4996 514 5070 μεῖζόν
542 5015 603 5049 τε
639 4998 731 5051 καὶ
760 4996 1114 5069 κυριώτερον.
1154 4997 1310 5049 Ἐπεὶ
1342 4994 1402 5047 τὺ
1433 4992 1532 5064 μὲν
1556 4992 1903 5061 προηγεῖται,

322 5090 384 5143 τὺ
427 5090 483 5142 δὲ
525 5090 910 5143 ὑποτέτακται.
950 5089 1013 5140 Et
1061 5083 1153 5141 οὖν
1196 5087 1422 5155 Μάρκος
1474 5084 1572 5155 μὲν
1606 5080 1838 5147 κελεύει,
1872 5080 1907 5152 ἢ

325 5182 486 5245 ἄλλος
511 5198 616 5247 τις,
649 5181 726 5242 ὼς
754 5179 1008 5234 εἰώθασιν
1040 5181 1132 5232 ἐπὶ
1169 5181 1280 5241 τοῖς
1306 5177 1542 5239 δείπνοις
1581 5174 1677 5227 τοῦ
1706 5173 1908 5243 κλήρου

304 5271 471 5331 οὗτοι
497 5275 727 5329 πάντοτε
756 5273 992 5337 παίζειν,
1018 5273 1112 5327 καὶ
1148 5272 1396 5341 ἀλλήλοις
1427 5266 1812 5338 ἐγκελεύεσθαι
1845 5265 1908 5318 τὸ

327 5366 715 5439 προφητεύειν,
754 5366 848 5419 καὶ
877 5365 1015 5435 πρὸς
1050 5363 1150 5426 τὰς
1186 5361 1319 5425 ἰδίας
1364 5359 1661 5430 ἐπιθυμίας
1694 5358 1909 5419 ἑαυτοῖς

330 5460 726 5532 μαντεύεσθαι*
776 5459 927 5511 ἔσται
966 5460 995 5509 ό
1046 5455 1282 5509 κελεύων
1330 5453 1531 5525 μείζων
1570 5469 1630 5504 τε
1675 5449 1768 5503 καὶ
1809 5464 1909 5500 κυ-

329 5554 593 5630 ριώτερος
621 5552 717 5606 τοῦ
746 5550 1088 5623 προφητικοῦ
1124 5547 1469 5618 πνεύματος,
1507 5543 1796 5615 ἄνθρωπος
1811 5540 1906 5607 ὢν,

2000 3344 2159 3391 ctus.
2180 3336 2256 3390 Ex
2312 3337 2408 3390 illo
2459 3337 2717 3406 deinceps
2768 3346 3011 3406 tempore
3053 3344 3227 3391 vatem
3274 3352 3333 3391 se
3384 3337 3582 3391 mulier

1999 3429 2299 3493 existimat,
2332 3440 2386 3483 et
2429 3427 2633 3491 Marco,
2669 3430 2765 3498 qui
2807 3430 2874 3483 de
2905 3444 3003 3483 sua
3055 3430 3109 3481 in
3157 3429 3332 3497 ipsam
3380 3428 3584 3482 virtute

2001 3521 2324 3588 transfudit,
2374 3522 2581 3592 gratias
2621 3523 2752 3592 agit,
2801 3520 2986 3591 itaque
3027 3521 3234 3575 referre
3283 3522 3487 3590 studet,
3523 3532 3583 3576 ut

2001 3631 2112 3670 non
2143 3614 2393 3668 fortunas
2424 3613 2588 3668 modo
2623 3628 2754 3668 suas
2799 3614 2849 3667 ei
2911 3613 3209 3683 largiatur;
3246 3613 3390 3667 unde
3416 3629 3585 3683 pecu-

2004 3707 2221 3758 niarum
2264 3704 2539 3773 ingentem
2588 3703 2680 3758 ille
2724 3703 2835 3756 vim
2883 3703 3137 3772 collegit;
3169 3718 3362 3758 verum
3417 3704 3583 3758 etiam

2002 3796 2258 3867 corporis
2289 3796 2374 3851 sui
2410 3802 2732 3864 potestatem
2767 3794 2953 3860 faciat,
3000 3811 3123 3849 cum
3161 3811 3335 3866 eoque
3364 3796 3583 3866 penitus

2005 3888 2253 3958 copulari
2282 3888 2486 3959 cupiat,
2520 3894 2580 3941 ut
2610 3888 2665 3941 in
2698 3903 2866 3941 unum
2920 3902 3043 3941 cum
3104 3888 3225 3957 ipso
3273 3889 3585 3943 coalescere

2007 3982 2201 4050 possit.
2234 3979 2338 4035 Sed
2368 3980 2571 4035 accidit
2599 3980 2895 4041 interdum,
2922 3979 3200 4033 nonnullae
3232 3987 3291 4033 ut
3313 3979 3584 4034 ﬁdeliores

2006 4068 2167 4139 235
2204 4068 2422 4123 femina:
2444 4084 2507 4122 ac
2531 4068 2730 4123 timore
2755 4066 2849 4122 Dei
2880 4069 3138 4138 praaditae,
3168 4084 3268 4123 nec
3292 4070 3359 4123 ab
3378 4069 3469 4123 illo
3489 4070 3587 4126 tie-

2009 4168 2199 4229 ceptm,
2229 4159 2447 4214 tametsi
2481 4158 2710 4229 perinde
2753 4174 2848 4213 eas
2885 4166 2943 4212 ut
2972 4159 3216 4228 reliquas
3247 4159 3302 4213 in
3333 4159 3584 4214 fraudem

2010 4258 2249 4306 tentaret
2281 4251 2584 4321 impellere,
2610 4265 2673 4304 ac
2700 4250 2988 4305 vaticinari
3013 4250 3294 4319 jussisset,
3323 4251 3469 4304 hunc
3502 4250 3588 4321 ip-

2011 4358 2132 4398 sum
2161 4341 2522 4396 nihilominus
2554 4351 2901 4411 respuerent,
2934 4340 3448 4407 ac'detcstarentur,
3499 4356 3587 4396 se-

2011 4451 2117 4505 que
2148 4435 2216 4489 ab
2248 4435 2343 4490 illo
2376 4442 2522 4489 coetu
2555 4443 2907 4507 segregarem
2956 4452 2969 4489 :
3018 4434 3162 4488 haud
3216 4434 3419 4505 ignara:
3452 4434 3585 4505 quin

2014 4526 2372 4597 prophetandi
2407 4527 2492 4581 vis
2552 4542 2661 4581 non
2694 4541 2722 4579 a
2757 4526 2942 4581 Marco
2973 4526 3247 4582 derivaret
3294 4526 3353 4580 in
3409 4526 3589 4582 homi-

2014 4636 2132 4682 nes,
2170 4618 2265 4673 sed
2302 4620 2369 4673 iis
2408 4618 2610 4688 potius,
2658 4620 2861 4689 quibus
2891 4619 3155 4674 divinitus
3201 4634 3402 4674 munus
3454 4617 3587 4673 illud

2013 4719 2162 4765 esset
2191 4710 2453 4774 oblatum,
2487 4711 2752 4780 singulari
2782 4711 3021 4783 quodam
3056 4709 3324 4766 beneﬁcio
3368 4710 3589 4765 contin-

2014 4810 2197 4872 geret;
2222 4800 2316 4872 qui
2346 4816 2457 4855 non
2486 4802 2651 4857 simul
2677 4810 2841 4873 atque
2869 4801 3089 4857 Marcus
3119 4801 3462 4870 imperasset,
3494 4801 3590 4856 sed

2013 4894 2330 4962 ubicunque
2354 4906 2417 4951 ac
2444 4891 2883 4963 quandocunque
2912 4891 3054 4946 Deus
3084 4890 3266 4953 vellet,
3293 4890 3589 4958 loqueren-

2010 4992 2122 5038 tur.
2146 4983 2283 5037 Nam
2319 4983 2464 5054 quod
2499 4983 2655 5039 alteri
2681 4983 2835 5053 jubet
2874 4982 3100 5053 aliquid,
3138 4981 3193 5036 id
3226 4997 3291 5037 eo
3317 4980 3590 5049 cuijube-

2015 5082 2105 5128 tur
2127 5073 2305 5143 majus
2334 5080 2419 5128 est
2445 5087 2509 5127 ac
2538 5074 2889 5143 pratstantius
2909 5072 3206 5143 ;'quoniam
3229 5070 3360 5125 illud
3387 5071 3586 5140 prima-

2015 5167 2183 5233 rium,
2212 5165 2317 5220 hoc
2350 5164 2583 5220 inferius
2615 5173 2701 5219 est
2726 5171 2781 5217 et
2811 5164 3144 5232 subjectum.
3173 5161 3348 5232 Igitur
3374 5161 3420 5215 si
3443 5159 3588 5213 Mar-

2017 5274 2115 5315 cus
2144 5259 2398 5331 imperat,
2426 5258 2637 5312 aliusve
2669 5258 2815 5327 quis,
2853 5257 2931 5310 uti
2963 5270 3084 5311 mos
3106 5262 3193 5311 est
3225 5255 3282 5309 in
3325 5252 3592 5308 conviviis

2015 5352 2213 5408 sortito
2259 5366 2325 5405 ac
2364 5366 2464 5421 per
2495 5350 2687 5405 ludum
2718 5350 2921 5413 facere,
2950 5361 3118 5418 seque
3146 5346 3379 5402 invicem
3411 5344 3480 5399 ad
3509 5344 3594 5399 di-

2015 5442 2341 5510 vinandum,
2394 5457 2460 5497 ac
2488 5442 2593 5497 sibi
2621 5443 2729 5513 ipsi
2756 5439 3192 5505 vaticinandum,
3229 5444 3289 5493 ut
3321 5450 3595 5507 quemque

2018 5535 2189 5591 libido
2214 5533 2340 5603 fert,
2368 5533 2665 5605 impellere,
2698 5534 2803 5590 erit
2850 5534 2899 5590 is
2949 5533 3045 5605 qui
3087 5531 3247 5604 jubet
3275 5531 3441 5585 homo
3469 5540 3596 5601 pro—

300 5806 317 5839 ⁴
405 5801 423 5835 ¹
452 5802 593 5857 lren.
629 5816 722 5854 σου
750 5800 810 5851 ὲν
847 5799 944 5869 ήμ.
983 5806 1037 5854 et
1088 5815 1210 5853 mox
1251 5798 1331 5851 δεῖ
1372 5796 1518 5870 ἡμᾶς
1558 5794 1614 5848 ἓν
1644 5810 1838 5847 κατασ.

2002 5787 2096 5844 'or.
2135 5786 2527 5860 ὑπολαμϐάνει.
2605 5789 2625 5821 ³
2654 5787 2796 5845 lren.
2828 5786 3185 5858 πιστοτέρων.

702 5894 975 5957 Parnm.
1006 5896 1124 5955 Gn.
1175 5893 1335 5954 XLI.

3167 5876 3243 5937 19
