4154 6404
577 352 683 410 587
1955 349 2011 401 Ξ.
2056 347 2396 401 EPlPllANll
3733 353 3849 408 533

578 475 794 545 phetico
829 471 1021 541 spiritu
1074 470 1272 538 potior,
1307 474 1362 522 et
1412 466 1789 526 excellentior,
1851 467 1997 535 quod
2034 467 2141 519 ﬁeri

2255 467 2393 537 ὅπερ
2421 467 2698 520 ἀδύνατον.
2746 468 2904 520 Ἀλλά
2928 469 3153 522 τοιαῦτα
3183 471 3514 542 κελευόμενα
3541 471 3633 524 ὑπ’
3655 471 3847 525 αὐτῶν

578 567 804 621 omnino
835 580 942 619 non
985 573 1179 633 potest.
1223 559 1588 625 Quamobrem
1651 557 1878 626 spiritus
1914 557 2028 620 isti,
2058 558 2141 626 qui

2255 559 2562 630 πνεύματα,
2592 561 2688 614 καὶ
2730 561 2994 615 λαλοῦντα
3021 564 3180 616 όπότε
3208 564 3485 633 βούλονται
3509 564 3683 628 αὐτοὶ,
3718 565 3847 619 ἐπί-

576 659 798 716 illorum
821 657 979 726 jussu
1008 655 1268 709 concitati
1324 653 1540 720 quoties
1569 650 1764 705 iisdem
1807 650 1941 718 ipsis
1982 649 2154 704 libue-

577 751 671 812 rit,
704 749 1019 818 loquuntur,
1051 745 1205 798 nihili
1255 751 1384 797 sunt
1430 750 1483 797 et
1522 741 1857 805 imbecilles;
1914 740 2037 793 licet
2070 748 2151 793 te-

579 842 802 897 merarii
841 839 1296 910 impudentesque
1349 838 1480 899 sint,
1529 845 1710 904 atque,
1760 849 1789 886 a
1849 832 2049 886 Satana
2083 831 2148 885 ad

579 949 676 990 eos
706 932 1218 988 circumveniendos
1249 929 1669 1000 perdendosque
1698 925 1876 988 missi,
1915 927 2007 994 qui
2039 939 2149 977 non

579 1032 898 1080 constanter
925 1023 1085 1078 tidem
1111 1024 1256 1077 illam
1281 1021 1628 1083 retinuerint,
1665 1034 1827 1090 quam
1851 1017 2006 1070 initio
2035 1031 2151 1070 sus-

579 1123 863 1186 ceperunt.

649 1230 735 1284 ΙΙΙ.
774 1228 892 1282 Jam
921 1243 1050 1286 vero
1079 1227 1240 1282 etiam
1271 1225 1472 1296 philtra
1512 1233 1567 1280 et
1613 1223 1908 1278 amatorias
1961 1222 2143 1276 illeceo

577 1325 729 1385 bras,
783 1322 849 1375 ad
895 1319 1287 1376 contumeliam
1330 1331 1620 1387 corporum
1650 1331 1680 1369 a
1707 1315 1889 1369 Marco
1923 1314 2148 1384 quibus-

575 1418 698 1470 dam
731 1413 1051 1468 mulieribus
1078 1412 1282 1473 oblata,
1315 1424 1426 1462 non
1457 1419 1638 1462 tamen
1665 1408 1942 1471 omnibus,
1981 1408 2146 1475 ipsa:-

573 1517 684 1563 met
719 1506 786 1561 ad
822 1504 1120 1559 Facclesiam
1151 1517 1384 1558 reversa:
1413 1515 1652 1571 persaepe
1700 1499 1861 1553 fassa:
1893 1505 2055 1560 sunt;
2087 1512 2147 1551 se

575 1599 644 1652 ab
686 1596 778 1649 illo
821 1601 1206 1663 constupratas
1235 1606 1375 1652 esse,
1407 1601 1461 1644 et
1493 1590 1666 1659 ipsius
1719 1602 1905 1641 amore
1961 1587 2145 1640 illece-

571 1688 793 1756 brisque
821 1691 1027 1754 captas.
1069 1681 1218 1736 Adeo
1253 1689 1312 1734 ut
1355 1681 1616 1734 diaconus
1670 1678 1895 1749 quidam
1958 1694 1989 1732 e
2042 1694 2143 1731 no-

571 1778 703 1834 stris
737 1779 792 1831 in
835 1776 966 1830 Asia
1014 1790 1138 1828 cum
1192 1773 1430 1841 hospitio
1473 1772 1624 1824 illum
1689 1769 2016 1840 excepisset,
2084 1770 2138 1823 in

571 1883 691 1923 eam
723 1866 1083 1921 calamitatem
1109 1863 1382 1924 inciderit,
1409 1861 1639 1930 ejusque
1693 1860 1893 1928 conjux
1923 1860 2140 1930 egregia

575 1959 749 2014 forma
783 1958 979 2012 mulier
1013 1964 1068 2010 et
1093 1955 1279 2008 animo
1301 1961 1355 2007 et
1387 1967 1618 2022 corpore
1649 1967 1678 2003 a
1713 1966 1876 2020 mago
1905 1951 1998 2004 illo
2019 1967 2143 2005 cor-

569 2059 731 2121 rupta
759 2051 922 2121 longo
947 2064 1072 2103 eum
1107 2057 1348 2116 tempore
1374 2053 1579 2100 sectata
1611 2045 1717 2110 sit;
1746 2043 1920 2099 donec
1944 2058 2142 2114 magno

575 2157 702 2196 cum
753 2141 939 2195 labore
996 2138 1368 2193 adnitentibus
1425 2135 1688 2190 fratribus
1739 2135 1803 2188 ad
1861 2135 2142 2189 meliorem

572 2228 782 2298 frugem
815 2241 1078 2282 conversa
1110 2225 1382 2294 reliquum
1413 2223 1536 2276 vitae
1591 2233 1809 2292 tempus
1864 2223 1919 2275 in
1969 2221 2144 2292 ι)ωηί-

570 2318 738 2372 tentia
780 2315 1043 2379 traduxit,
1072 2329 1318 2369 maerens
1349 2328 1413 2368 ac
1441 2313 1790 2367 vehementer
1826 2313 2139 2382 deplorans,

571 2406 716 2477 quod
775 2421 807 2459 a
871 2419 1029 2474 mago
1085 2402 1362 2472 corrumpi
1431 2417 1490 2456 se
1537 2416 1600 2454 ac
1663 2401 1845 2473 vitiari
1904 2402 2138 2456 sivisset.

571 2499 714 2564 Quin
751 2498 913 2552 etiam
967 2494 1220 2564 discipuli
1270 2493 1490 2563 quidatn
1540 2493 1685 2546 illius
1737 2493 1887 2545 varia
1946 2492 2142 2562 oppida

569 2595 925 2658 peragrantes
987 2584 1360 2653 compluribus
1417 2582 1750 2636 mulierculis
1805 2581 1996 2637 iisdem
2057 2597 2144 2636 ar-

570 2679 717 2732 tibus
753 2677 1085 2730 illuserunt:
1127 2688 1252 2726 cum
1295 2672 1562 2741 perfectos
1593 2685 1652 2725 se
1693 2685 1817 2725 esse
1850 2670 2139 2739 jactareut,

574 2786 752 2843 neque
807 2783 1139 2840 quemquam
1205 2781 1366 2836 posse
1437 2781 1621 2820 secum
1691 2764 1931 2820 scientiae
1987 2766 2142 2836 copia

559 2862 846 2928 conferri,
884 2862 1048 2932 236
1085 2876 1192 2915 non
1242 2861 1288 2914 si
1331 2859 1558 2913 Paulum
1597 2859 1923 2929 Petrumque
1966 2861 2144 2914 nomi-

565 2969 688 3016 nes.
722 2963 815 3007 aut
842 2968 906 3006 ex
939 2951 1306 3021 apostolorum
1336 2964 1563 3004 numero
1611 2950 1904 3018 quemlibet
1935 2969 1948 3004 :
1983 2951 2142 3020 plura

565 3045 712 3098 enim
742 3059 802 3098 se
835 3043 981 3098 solos
1009 3041 1261 3096 omnibus
1301 3040 1626 3110 lntelligcre,
1659 3041 1804 3095 solos
1851 3041 2142 3110 inexplica-

2255 648 2432 718 σαϐρα
2461 650 2556 701 καὶ
2579 649 2782 720 ἀδρανῆ
2813 651 2941 701 ἐστι
2965 666 2978 679 ·
3014 651 3265 721 τολμηρά
3293 653 3351 704 δὲ
3382 653 3476 706 καὶ
3509 653 3698 723 ἀναιδῆ
3733 653 3843 706 ὑπὸ

2251 739 2346 791 τοῦ
2374 741 2584 792 Σατανᾶ
2605 742 3006 812 ἐκπεμπόμενα
3040 743 3176 813 πρὸς
3208 743 3541 814 ἐξαπάτησιν
3606 746 3701 797 καὶ
3731 747 3842 797 ἁπ-

2251 829 2448 884 ώλειαν
2478 832 2586 885 τῶν
2622 833 2695 903 μὴ
2728 832 2942 886 εὔτονον
2965 834 3063 905 τὴν
3092 834 3293 897 πίστιν,
3316 835 3384 905 ἣν
3417 837 3511 889 ἀπ’
3540 837 3715 906 ἀρχῆς
3751 836 3844 888 δια

2250 923 2348 993 τῆς
2369 923 2698 993 Ἐκκλησίας
2728 924 3059 995 παρέλαϐον,
3093 927 3492 995 φυλασσόντων.

2319 1213 2394 1265 I".
2426 1213 2548 1264 Ὀτι
2588 1211 2644 1264 δὲ
2685 1211 2881 1283 φίλτρα
2912 1215 3006 1265 καὶ
3038 1214 3298 1286 ἀγώγιμα
3329 1217 3463 1286 πρὸς
3500 1218 3563 1269 τὸ
3592 1220 3688 1270 καὶ
3717 1221 3842 1284 τοῖς

2251 1303 2498 1373 σώμασιν
2531 1291 2710 1357 αὐτῶν
2754 1305 3055 1376 ἐνυϐρίζειν
3094 1309 3314 1377 ἐμποιεῖ
3344 1302 3498 1372 οὗτος
3544 1313 3572 1362 ὁ
3599 1311 3840 1382 Μάρκος

2247 1395 2418 1458 ἐνίαις
2451 1396 2558 1448 τῶν
2589 1398 2881 1464 γυναικῶν,
2916 1400 2964 1449 εἰ
3011 1399 3106 1451 καὶ
3137 1399 3212 1469 μὴ
3251 1401 3474 1465 πάσαις,
3511 1397 3667 1456 αὗται
3697 1404 3839 1455 πολ-

2246 1486 2402 1550 λάκίς
2445 1487 2839 1558 ἐπιστρέψασαι
2887 1490 2966 1550 εἰς
3013 1489 3111 1558 τήν
3165 1484 3492 1559 Ἐκκλησίαν
3537 1490 3629 1542 τοῦ
3688 1491 3835 1544 Θεοῦ

2247 1576 2743 1647 ἐξωμολογήσαντο,
2776 1576 3037 1630 καὶκατὰ
3074 1578 3136 1630 τὸ
3173 1577 3333 1648 σῶμα
3361 1578 3694 1648 ὴχρειῶσθαι
3728 1581 3833 1632 ὑπ’

2245 1667 2432 1731 αὑτοῦ,
2465 1668 2558 1720 καὶ
2590 1666 2870 1737 ἐρωτικῶς
2897 1667 3039 1719 πάνυ
3070 1667 3231 1720 αὐτὸν
3253 1667 3645 1739 πεφιληκέναιο
3682 1668 3833 1720 ὥστε

2245 1759 2340 1811 καὶ
2373 1757 2620 1810 διάκονόν
2660 1774 2780 1810 τινα
2831 1757 2938 1810 τῶν
2979 1760 3038 1811 ἐν
3083 1761 3150 1828 τῇ
3179 1759 3338 1830 Ἀσίᾳ
3387 1760 3496 1812 τῶν
3540 1759 3834 1831 ἡμετέρων

2245 1849 2642 1920 ὑποδεξάμενον
2671 1849 2835 1902 αὐτὸν
2861 1851 2941 1912 εἰς
2971 1850 3063 1902 τὸν
3103 1845 3250 1902 οἷκον
3293 1851 3460 1904 αὐτοῦ
3505 1854 3834 1923 περιπεσεῖν

2243 1942 2412 2012 ταύτῃ
2461 1944 2527 2011 τῇ
2582 1943 2858 2012 συμφορᾷ,
2910 1943 3010 2010 τῆς
3055 1941 3310 2009 γυναικὸς
3362 1941 3526 1994 αὐτοῦ
3583 1941 3833 2007 εὐειδοῦς

2245 2032 2617 2104 ὑπαρχούσης,
2655 2033 2749 2084 καὶ
2777 2032 2877 2102 τὴν
2913 2031 3138 2102 γνώμην
3176 2033 3270 2086 καὶ
3302 2034 3362 2085 τὸ
3395 2033 3556 2104 σῶμα
3593 2034 3832 2102 διαφθα-

2245 2125 2433 2194 ρείσης
2464 2123 2569 2176 ὑπὸ
2591 2105 2705 2176 τεοῦ
2743 2122 2918 2192 μάγου
2947 2123 3160 2187 τούτου,
3190 2125 3283 2176 καὶ
3315 2124 3832 2196 ἐξακολουθησάσης

2243 2213 2392 2284 αὖτῷ
2422 2212 2602 2282 πολ)ιῷ
2629 2212 2708 2283 τῷ
2740 2213 2951 2283 χρόνῳο
2987 2212 3179 2266 ἔπειτα
3231 2217 3368 2284 μετά
3412 2214 3606 2268 πολλοῦ
3649 2217 3833 2270 κόπου

2242 2304 2349 2357 τῶν
2380 2303 2624 2372 ἀδελφῶν
2648 2304 3114 2374 ἐπιστρεψάντων,
3154 2306 3293 2376 αὐτὴ
3319 2306 3410 2358 τὸν
3443 2305 3659 2360 ἅπαντα
3689 2310 3832 2378 χμ-

2242 2413 2332 2450 νον
2375 2395 2839 2466 ἐξομολογουμένη
2885 2396 2996 2465 (Η)
3044 2396 3344 2460 διετέλεσε,
3403 2397 3679 2454 πενθοῦσα
3727 2402 3834 2453 καὶ

2245 2481 2515 2559 θρηνοῦσα
2535 2489 2620 2558 ἐφ’
2712 2489 2911 2543 ἔπαθεν
2942 2491 3046 2543 ὑπὸ
3074 2489 3168 2542 τοῦ
3199 2489 3375 2560 μάγου
3400 2490 3686 2562 διαφθορᾷ.
3712 2495 3834 2546 Καὶ

2247 2580 2488 2650 μαθηταὶ
2507 2580 2563 2632 δὲ
2590 2581 2752 2634 αὑτοῦ
2779 2599 2922 2643 τινες
2949 2580 3388 2653 περιπολίζοντες
3411 2582 3468 2634 ἐν
3495 2585 3609 2645 τοῖς
3637 2584 3833 2647 αὐτοῖς

2243 2669 2625 2734 ἐξαπατῶντες
2659 2673 2988 2740 γυναικάρια
3019 2672 3191 2724 πολλά
3216 2671 3549 2743 διέφθειραν,
3581 2673 3832 2738 τελεξους

2243 2763 2468 2824 ἑαυτοὺς
2531 2762 2986 2834 ἀναγορεύοντες,
3060 2763 3136 2826 ὡς
3225 2761 3452 2833 μηδενὸς
3518 2763 3830 2834 δυναμένου

2243 2854 2566 2922 ἐξισωθῆναι
2603 2853 2681 2924 τῷ
2726 2853 2942 2924 μεγέθει
2978 2854 3077 2924 τῆς
3103 2854 3352 2922 γνώσεως
3379 2855 3578 2917 αὐτῶν,
3607 2857 3731 2927 μηδ’
3755 2859 3832 2910 ἂν

2243 2944 2454 2998 Παῦλον
2481 2945 2601 3015 μηδ’
2643 2943 2708 2996 ἂν
2751 2945 2956 3014 Πέτρον
2987 2945 3170 3017 εἴπῃς,
3215 2945 3337 3016 μηδ’
3367 2945 3524 2999 ἄλλον
3552 2948 3673 2999 τινὰ
3711 2948 3831 2999 τῶν

2243 3037 2558 3090 ἀποστόλων
2583 3053 2594 3068 ·
2633 3037 2768 3090 άλλά
2806 3037 2976 3090 πλείω
3014 3031 3232 3090 πάντων
3273 3038 3594 3106 ἐγνωκέναι,
3630 3039 3728 3091 καὶ
3761 3041 3830 3090 τὸ

564 3135 692 3189 bilis
737 3133 886 3188 illius
914 3132 1149 3201 ,virtutis
1202 3130 1452 3184 hausisse
1503 3129 1949 3199 magnitudinem.
1990 3130 2140 3196 Quo-

2247 3129 2475 3199 μέγεθος
2494 3131 2590 3200 τῆς
2621 3129 2875 3197 γνώσεως
2898 3131 2999 3200 τῆς
3029 3132 3270 3202 ἀρρήτου
3299 3131 3581 3201 δυνάμεως
3621 3133 3826 3202 μόνους

565 3225 715 3279 circa
759 3239 926 3294 supra
969 3224 1221 3277 virtutem
1271 3222 1488 3275 omnem
1533 3221 1796 3277 sublimes
1842 3221 2015 3276 attolli
2055 3238 2143 3277 se-

565 3333 646 3380 se,
688 3324 854 3385 atque
878 3315 1082 3370 idcirco
1111 3315 1280 3369 libere
1323 3313 1505 3368 omnia
1539 3313 1717 3368 facere
1760 3323 1936 3368 metus
1963 3314 2142 3368 omnis

564 3418 838 3479 expertes.
890 3407 1024 3462 Nam
1085 3407 1156 3462 ob
1217 3407 1684 3476 redemptionem,
1738 3421 1901 3476 quam
1959 3405 2138 3474 adepti

565 3509 730 3562 sunt,
766 3499 988 3554 minime
1036 3515 1095 3553 se
1137 3514 1167 3552 a
1203 3499 1388 3568 judice
1417 3497 1825 3567 comprehendi,
1857 3513 1920 3551 ac
1963 3513 2033 3552 ne
2060 3497 2142 3550 vi-

564 3592 682 3647 deri
718 3590 936 3661 quidem
966 3605 1146 3660 posse.
1183 3590 1339 3656 Quod
1383 3591 1429 3645 si
1484 3590 1625 3642 forte
1650 3589 1756 3643 sibi
1788 3603 1981 3642 manus
2018 3589 2143 3658 inji-

565 3686 744 3742 ceret,
776 3687 890 3732 tum
923 3693 1054 3731 vero
1094 3691 1218 3732 cum
1264 3677 1635 3747 redemptione
1684 3677 1776 3730 illa
1821 3693 1917 3730 sua
1957 3693 2140 3732 coram

563 3785 630 3825 eo
666 3769 795 3822 talia
846 3769 1091 3823 dicturos
1133 3787 1145 3822 :
1181 3767 1224 3822 0
1255 3767 1352 3821 Dei
1389 3785 1451 3821 ac
1499 3771 1732 3838 mystica'
1781 3779 1900 3823 ante
1943 3771 2141 3823 sa'cula

565 3860 718 3931 Siges
746 3877 1006 3923 assessor,
1042 3876 1142 3930 quo
1181 3862 1312 3914 duce
1344 3877 1406 3914 ac
1433 3862 1774 3915 conciliatore
1812 3862 2138 3932 magnitudi-

564 3969 655 4007 nes
679 3969 775 4018 ew,
805 3969 924 4023 qua:
957 3952 1140 4006 Patris
1172 3952 1362 4021 faciem
1383 3960 1630 4020 perpetuo
1661 3961 1993 4013 contuentur,
2021 3951 2137 4004 vul—

566 4053 652 4097 tus
692 4060 816 4097 suos
867 4043 922 4096 in
973 4043 1163 4097 calum
1221 4042 1541 4096 subtrahunt
1594 4056 1612 4094 :
1658 4041 1851 4106 vultus,
1900 4042 2134 4110 inquam,

561 4153 674 4199 eos,
705 4135 894 4205 quibus
923 4136 1145 4188 nimium
1181 4135 1360 4188 audax
1394 4135 1489 4188 illa
1520 4136 1810 4204 conspectis
1857 4133 1917 4186 ob
1947 4133 2139 4186 summi

565 4226 852 4280 bonitatem
898 4226 1152 4280 Parentis
1196 4243 1289 4280 nos
1325 4225 1462 4279 velut
1490 4226 1677 4294 effigies
1720 4227 1990 4294 produxit,
2019 4242 2135 4278 cum

564 4319 853 4372 caelestium
912 4320 1286 4387 cogitationem
1325 4318 1463 4370 velut
1515 4333 1606 4385 per
1655 4319 1916 4371 somnium
1957 4333 2139 4370 conce-

563 4411 724 4479 pisset
762 4424 780 4459 :
811 4425 871 4462 en
911 4408 1071 4473 iudex
1105 4408 1508 4477 appropinquat.
1533 4425 1596 4460 ac
1627 4425 1706 4461 me
1726 4422 1898 4475 prazco
1919 4423 2137 4460 causam

2243 3222 2740 3275 καταπεπτωκέναι·
2769 3218 2908 3276 εἷναί
2928 3240 2984 3275 τε
3010 3225 3206 3286 αὐτοὺς
3231 3225 3288 3276 ἐν
3321 3223 3445 3293 ὕψει
3471 3225 3613 3296 ὑπὲρ
3639 3227 3826 3278 πᾶσαν

2241 3313 2487 3384 δύναμιν.
2523 3313 2613 3366 Διὸ
2655 3316 2749 3367 καὶ
2791 3315 3090 3387 ἐλευθέρως
3137 3316 3315 3369 πάντα
3365 3318 3666 3388 πράσσειν,
3714 3336 3828 3389 μη-

2240 3407 2365 3460 δένα
2415 3408 2473 3459 ἐν
2530 3408 2718 3477 μηδενὶ
2754 3406 2918 3476 φόϐον
2956 3407 3196 3477 ἔχοντας.
3239 3408 3337 3461 Διὰ
3373 3409 3481 3480 γὰρ
3526 3409 3626 3480 τὴν
3679 3410 3824 3462 ἀπο-

2242 3498 2510 3570 λύτρωσιν
2569 3500 2911 3570 ἀκρατήτους
2963 3501 3056 3552 καὶ
3115 3500 3378 3570 ἀοράτους
3432 3500 3677 3569 γίνεσθαι
3739 3500 3823 3570 τῷ

2243 3593 2424 3660 κριτῇ.
2472 3589 2534 3643 Ei
2579 3588 2635 3642 δὲ
2680 3590 2775 3642 καὶ
2833 3589 3138 3643 ἐπιλάϐοιτο
3186 3589 3397 3654 αὐτῶν,
3440 3592 3822 3660 παραστάντες

2241 3681 2390 3750 αὑτῴ
2445 3681 2583 3750 μετά
2629 3680 2728 3752 τῆς
2780 3681 3206 3752 ἀπολυτρώσεως
3265 3682 3392 3736 τάδε
3449 3683 3686 3735 εἴποιεν
3742 3679 3824 3737 Ὠ

2241 3771 2494 3839 πάρεδρε
2548 3773 2695 3826 Θεοῦ
2734 3772 2833 3825 καὶ
2881 3770 3180 3842 μυστικῆς
3227 3774 3340 3840 πρὸ
3391 3774 3605 3839 αἰῶνος
3654 3775 3669 3805 ¹
3719 3777 3818 3828 Σιη

2239 3865 2373 3935 γῆς,
2399 3865 2478 3933 ἢν
2499 3865 2572 3918 τὰ
2612 3865 2826 3934 μεγέθη
2854 3865 3180 3930 διαπαντὸς
3202 3865 3513 3929 βλέποντα
3538 3865 3604 3918 τὸ
3635 3867 3822 3933 πρόσ-

2239 3974 2403 4010 ωπον
2454 3957 2561 4011 τοῦ
2617 3956 2847 4023 Πατρός
2889 3955 3083 4026 ὁδηγῷ
3135 3972 3233 4010 σοι
3291 3958 3386 4010 καὶ
3445 3958 3823 4026 προσαγωγεῖ
3891 3976 3898 3980 ··

2239 4048 2508 4118 χρώμεθα
2552 4051 2606 4114 ²,
2659 4049 3017 4103 ἀνασπῶσιν
3077 4051 3199 4103 ἄνω
3254 4051 3360 4114 τὰς
3411 4050 3610 4104 αὐτῶν
3668 4069 3823 4118 μορ..

2239 4143 2377 4210 φὰς,
2423 4141 2494 4207 ἂς
2543 4143 2582 4209 ἡ
2623 4141 3070 4210 μεγαλότολμος
3104 4142 3324 4207 ἐκείνη,
3358 4141 3820 4210 φαντασιασθεῖ-

2240 4248 2348 4293 σα,
2393 4232 2491 4285 διὰ
2528 4233 2594 4286 τὸ
2634 4232 2857 4301 ἀγαθὸν
2896 4233 3000 4286 τοῦ
3039 4232 3411 4301 προπάτορος
3455 4232 3820 4301 προεϐάλετο

2239 4323 2396 4392 ἡμᾶς
2425 4326 2532 4390 τὰς
2573 4328 2846 4392 εἰκόνας,
2882 4327 3016 4378 τότε
3058 4327 3344 4395 ἐνθύμιον
3386 4325 3504 4378 τῶν
3556 4325 3677 4378 ἄνω
3738 4326 3822 4392 ὠς

2241 4415 2530 4468 ἐνύπνιον
2577 4415 2842 4483 ἐχουσαο
2888 4415 3016 4469 ἰδοὺ
3055 4419 3089 4470 ὁ
3137 4415 3342 4483 κριτὴς
3392 4414 3598 4484 ἐγγὺς,
3637 4414 3738 4468 καὶ
3785 4419 3817 4468 ό

560 4498 703 4566 jubet
727 4513 898 4567 agere.
928 4496 1005 4549 Tu
1029 4497 1215 4564 igitur,
1253 4505 1430 4562 utpote
1452 4513 1566 4566 qua:
1592 4513 1673 4550 res
1698 4499 1968 4565 utriusque
1981 4497 2138 4564 probe

2244 4503 2436 4570 κῆρύξ
2464 4520 2539 4572 με
2572 4506 2804 4558 κελεύει
2845 4505 3289 4575 ἀπολογεῖσθαι.
3328 4504 3411 4559 Σὺ
3446 4504 3532 4568 δὲ,
3567 4504 3646 4569 ὡς
3690 4505 3819 4556 ἐπι-

566 4600 766 4654 teneas,
797 4606 1126 4644 communem
1146 4589 1322 4657 judici
1350 4605 1445 4657 pro
1496 4600 1716 4659 utroque
1747 4601 1986 4644 nostrum
2015 4607 2140 4643 ora-

566 4681 763 4734 tionem
787 4681 1106 4748 expromito.
1132 4679 1344 4745 Quibus
1385 4683 1569 4734 statim
1607 4680 1812 4734 auditis
1844 4681 2016 4736 Mater
2038 4680 2143 4734 lio-

562 4772 824 4825 mericam
856 4768 1104 4823 Plutonis
1133 4770 1342 4839 galeam
1378 4771 1488 4824 illis
1521 4771 1770 4838 imponit,
1813 4771 1891 4824 uti
1941 4787 1999 4824 se
2050 4771 2139 4840 ju-

563 4863 705 4916 di-cis
744 4861 988 4932 aspectui
1029 4860 1326 4916 subductos
1359 4862 1612 4931 eripiant.
1658 4861 1796 4914 Tum
1838 4866 1954 4916 sine
1986 4879 2139 4916 mora

565 4969 782 5008 sursum
812 4961 1051 5015 evectos,
1093 4961 1147 5007 et
1174 4953 1226 5005 in
1261 4953 1560 5006 thalamum
1598 4953 1943 5008 introductos
1973 4969 2140 5024 spon-

563 5047 642 5102 sis
670 5047 786 5101 suis
819 5047 1078 5101 restituit.
1112 5044 1238 5099 llaec
1267 5046 1342 5098 illi
1378 5046 1537 5100 dictis
1578 5045 1850 5114 factisque
1880 5046 2136 5114 proﬁten-

564 5147 668 5203 tes,
704 5140 788 5194 vel
826 5140 880 5194 in
929 5139 1032 5195 hoc
1075 5147 1268 5192 nostro
1299 5136 1550 5191 Rhodani
1605 5145 1784 5190 tractu
1840 5137 2130 5206 plerasque

637 5337 655 5368 ¹
685 5335 822 5391 lren.
861 5334 1091 5390 αἰώνων.
1167 5336 1186 5366 ²
1217 5333 1340 5389 For.
1373 5333 1647 5406 χρώμενα.
1724 5331 1744 5362 ³
1775 5330 1899 5386 For.
1931 5331 2130 5386 αὐτῶν.

638 5513 746 5589 (ll)
787 5517 1048 5570 Ἂπαντα
1078 5517 1184 5570 τὸν
1217 5521 1438 5588 χρόνον
1469 5517 2004 5589 ἐξομολογουμένη,
2040 5515 2136 5572 Vc-

565 5590 656 5637 ttts
704 5587 968 5659 interpres
1001 5607 1012 5641 :
1057 5589 1222 5643 Omne
1262 5601 1460 5659 tempus
1497 5587 1978 5658 iniexhomologesi
2009 5605 2135 5659 con-

565 5658 864 5730 summavit.
894 5657 1015 5730 _Est
1064 5667 1242 5712 autem
1282 5657 1718 5730 exhomologesis
1763 5657 1882 5714 hoe
1911 5658 2130 5726 quidem

568 5724 686 5779 loco
730 5741 836 5781 non
893 5727 1009 5798 ipsa
1055 5736 1266 5784 tantum
1289 5733 1516 5801 {peccati
1565 5724 1860 5794 confessio,
1895 5724 2016 5800 qua:
2044 5736 2128 5785 est

2244 4595 2511 4662 σταμένη
2552 4595 2625 4648 τὰ
2668 4596 3052 4664 ἀμφοτέρων,
3106 4596 3214 4649 τὸν
3263 4595 3414 4663 ὑπὲρ
3470 4594 3817 4664 ἀμφοτέρων

2242 4684 2412 4752 ἡμῶν
2438 4686 2625 4754 λόγον
2647 4687 2727 4751 ὡς
2755 4687 2863 4739 ἕνα
2897 4687 3061 4751 ὄντα,
3085 4674 3166 4751 τῷ
3197 4684 3369 4754 κριτῇ
3392 4685 3814 4754 παράστησον.

2255 4776 2316 4827 Ἡ
2343 4776 2400 4829 δὲ
2443 4778 2650 4850 μήτηρ,
2683 4779 2894 4848 ταχέως
2928 4777 3207 4832 ἀκούσασα
3251 4778 3476 4842 τούτων,
3509 4777 3609 4850 τὴν
3641 4779 3816 4848 Ὁμη-

2246 4867 2404 4937 ρικὴν
2453 4869 2634 4931 Ἀἴδος
2688 4869 2886 4939 κυνέην
2936 4870 3118 4932 αὐτοῖς
3171 4868 3465 4940 περιέθηκε
3493 4908 3509 4932 ,
3572 4868 3709 4940 πρὸς
3755 4871 3818 4921 τὸ

2242 4957 2487 5026 ἀοράτως
2543 4959 2802 5027 ἐκφυγεῖν
2855 4960 2946 5013 τὸν
3013 4962 3242 5031 κριτήνε.
3299 4961 3408 5014 Καὶ
3471 4961 3817 5032 παραχρῆμα

2245 5047 2603 5101 ἀνασπάσασαι
2637 5049 2851 5113 αὐτοὺς,
2891 5052 2971 5115 εἰς
2992 5051 3082 5106 τὸν
3114 5052 3375 5123 νυμφῶνα
3402 5054 3688 5122 εἰσήγαγε,
3722 5055 3818 5106 καὶ

2241 5139 2488 5192 ἀπέδωκε
2526 5143 2636 5204 τοῖς
2660 5141 2854 5195 ἑαυτοῦ
2877 5143 2897 5172 ³
2927 5144 3198 5214 νυμφίοις.
3228 5143 3465 5198 Τοιαῦτα
3483 5144 3540 5198 δὲ
3568 5145 3818 5213 λέγοντες

2244 5516 2577 5585 ρωιιὶιεηιίεῐι
2607 5531 2754 5586 pars,
2783 5515 2878 5571 sed
2909 5515 3228 5585 pmniteutia
3259 5515 3375 5584 ipsa
3401 5534 3415 5581 ;
3449 5527 3723 5587 quatenus
3767 5531 3818 5575 et

2242 5587 2666 5646 conli.-ssioneun,
2692 5596 2746 5639 et
2785 5588 3064 5639 luctuosas
3108 5587 3486 5653 poenitentiqu
3518 5588 3732 5650 sordes,
3768 5601 3818 5644 et

2241 5666 2435 5712 czetet'a
2472 5659 2724 5710 mmroris
2755 5673 2817 5710 ac
2858 5653 3468 5726 ranstvtbcewgindicia
3491 5660 3815 5726 complecti-

2236 5738 2326 5783 tur
2355 5747 2369 5786 :
2403 5728 2470 5783 de
2500 5727 2698 5795 quibus
2728 5727 2940 5782 dicetur
2970 5725 3036 5780 ad
3067 5723 3353 5779 Novatian.
3390 5723 3645 5782 ha'resin'.
