4154 6404
286 438 391 494 589

923 435 1290 491 ADVERSUS
1329 435 1673 491 HzERESES
1708 436 1837 491 LIB.
1883 436 1920 494 I.
1962 434 2130 489 TOM.
2173 432 2344 489 lll.——
2385 434 2657 490 HJEIKES.
2697 433 2933 489 XXXIV.

3416 439 3536 495 “590

287 558 378 612 καὶ
421 555 775 629 πράττοντες,
812 553 905 607 καὶ
940 554 998 606 ὲν
1023 555 1139 615 τοῖς
1175 552 1295 605 καθ’
1322 554 1470 622 ἡμᾶς
1509 552 1736 623 κλίμασι
1765 552 1858 622 τῆς

1967 550 2223 606 mulieres
2258 551 2312 604 in
2356 565 2599 605 errorem
2646 553 2953 606 traxerunt;
2999 557 3132 617 Quia
3186 561 3538 610 cautert'atam

299 645 678 707 Ῥοδανουσίας
706 643 842 715 (12),
893 643 1092 706 πολλὰς
1134 643 1516 714 ἐξηπατήκασι
1559 645 1858 711 γυναῖκας·

290 741 494 801 αἵτινες
545 735 1084 807 κεκαυτηριασμέναι
1121 736 1222 805 τὴν
1275 737 1612 807 συνείδησιν,
1652 737 1710 788 αἱ
1767 737 1864 804 μὲν

290 832 385 884 καὶ
427 830 508 893 εἰς
546 829 779 900 φανερὸν
826 827 1311 898 ὲξομολογοῢνται,
1346 829 1402 880 αἱ
1451 828 1535 892 δὲ,
1585 828 1864 881 δυσωπού-

293 938 452 992 μεναι
479 919 659 984 τοῦτο,
690 920 870 990 ἡσυχῆ
903 919 960 971 δέ
984 937 1099 982 πως
1130 920 1330 982 ἑαυτὰς
1356 919 1721 990 ἁπηλπικυῖαι
1751 921 1863 990 (13)

288 1012 390 1081 τῆς
412 1010 557 1081 ζωῆς
590 1009 686 1063 τοῦ
724 1009 880 1075 Θεοῦ,
906 1010 1045 1064 ἔνιαι
1075 1012 1174 1081 μὲν
1217 1013 1297 1074 εἰς
1335 1013 1398 1063 τὸ
1453 1013 1714 1076 παντελὲς
1756 1015 1865 1066 ἁπ-

289 1104 548 1172 ἐστησαν,
579 1102 718 1155 ἔνιαι
739 1102 797 1155 δὲ
826 1102 1342 1173 ὲπαμφοτερίζουσι,
1372 1104 1464 1157 καὶ
1490 1104 1551 1157 τὸ
1590 1105 1691 1175 τῆς
1721 1123 1864 1176 παρ-

287 1193 474 1262 οιμίας
503 1193 832 1257 πεπόνθασι,
867 1194 1003 1264 μήτε
1029 1192 1132 1258 ἔξω
1161 1195 1295 1265 μήτε
1327 1193 1437 1247 ἔσω
1463 1191 1638 1261 οὖσαι,
1661 1198 1864 1268 ταύτην

289 1283 513 1353 ἔχουσαι
545 1285 644 1356 τὴν
675 1284 1011 1356 ἐπικαρπίαν
1050 1285 1144 1338 τοῦ
1173 1286 1486 1358 σπέρματος
1515 1287 1624 1341 τῶν
1650 1290 1855 1344 τέκνων

288 1377 388 1447 τῆς
419 1375 695 1446 γνώσεως.

357 1469 433 1523 A'.
487 1468 715 1533 Οὖτωςί
760 1468 990 1540 Μάρκος
1038 1470 1249 1540 μήτραν
1285 1472 1397 1541 (14)
1451 1473 1547 1527 καὶ
1591 1475 1862 1544 ἐκδοχεῖον

285 1562 390 1632 τῆς
409 1561 760 1632 Κολορϐάσου
793 1562 1146 1632 εἰσηγήσατο,
1178 1563 1340 1615 αὑτὸν
1369 1563 1674 1634 μονώτατον
1707 1583 1863 1636 γεγο-

284 1655 436 1708 νέναι
473 1653 667 1723 λέγων,
702 1653 798 1708 ac:
829 1653 1120 1725 μονογενὴς
1159 1654 1419 1726 ὑπάρχων
1463 1655 1631 1727 αὐτῷ,
1669 1658 1729 1710 τὸ
1766 1657 1861 1710 τοῦ

288 1747 667 1816 ὑστερήματος
729 1746 1029 1800 κατατεθὲν
1058 1750 1077 1778 ⁸
1127 1748 1208 1810 εἰς
1256 1749 1418 1803 αὐτὸν
1463 1742 1566 1802 ὧδὲ
1599 1766 1716 1813 πως
1758 1751 1863 1810 ὰπ-

284 1836 540 1905 εκύησεν.
559 1835 737 1906 Αὐτὴν
766 1837 864 1907 τὴν
893 1835 1314 1908 πανυπερτάτην
1346 1838 1453 1891 ἀπὸ
1481 1839 1586 1891 τῶν
1619 1839 1862 1911 ἀοράτων

285 1927 382 1981 καὶ
426 1927 879 1999 ἀκατονομάστων
939 1929 1142 1982 τούτων
1168 1931 1411 2000 Τετράδα
1441 1930 1859 2001 κατεληλυθέναι

287 2020 530 2089 σχήματι
573 2017 872 2089 γυναικείῳ
911 2019 1048 2090 πρὸς
1081 2019 1262 2072 αὐτόν.
1307 2019 1561 2090 Ἐπειδὴ,
1605 2020 1760 2090 φησὶ,
1799 2019 1860 2072 τὸ

284 2111 456 2182 ἄρρεν
505 2110 674 2180 αὐτῆς
716 2112 746 2162 6
795 2110 999 2180 κόσμος
1058 2112 1244 2181 φέρειν
1300 2111 1399 2164 οὐκ
1445 2111 1710 2181 ἠδύνατο,
1765 2111 1859 2164 καὶ

289 2200 530 2272 μηνῦσαι
564 2200 702 2272 αὐτὴ
728 2202 750 2232 ³
777 2201 861 2264 τίς
888 2197 978 2272 ῆν,
1011 2201 1105 2254 καὶ
1122 2201 1220 2272 τὴν
1253 2201 1359 2254 τῶν
1382 2203 1596 2256 πάντων
1625 2201 1856 2270 γένεσιν,

280 2293 352 2364 ἢν
381 2293 559 2346 οὐδενὶ
594 2290 814 2345 πώποτε
848 2285 970 2344 οὐδὲ
1001 2291 1138 2344 θεῶν
1167 2293 1288 2345 οὐδὲ
1316 2291 1618 2363 ἀνθρώπων
1649 2292 1859 2345 ἀπεκά-

286 2385 445 2456 λυψε,
493 2383 670 2454 τούτῳ
709 2384 1000 2455 μονωτάτῳ
1035 2383 1432 2455 διηγήσασθαι,
1463 2383 1638 2447 οὕτως
1677 2384 1861 2437 εἰποῦ-

285 2492 415 2528 σαν·
449 2475 580 2527 Ὅτε
611 2473 673 2526 τὸ
704 2471 920 2544 πρῶτον
950 2475 978 2525 ό
1018 2472 1207 2543 Πατὴρ
1234 2471 1420 2526 ὤδινεν
1440 2471 1462 2503 ⁸
1488 2474 1516 2525 ὁ
1549 2474 1859 2543 ἀνεννόητος

284 2566 381 2622 καὶ
425 2566 694 2628 ἀνούσιος,
741 2567 770 2618 ό
825 2568 962 2636 μήτε
1001 2563 1170 2635 ἇρῤεν
1219 2565 1355 2635 μήτε
1407 2562 1560 2634 θῆλυ,
1597 2563 1858 2635 ἠθέλησεν

283 2658 449 2711 αὐτοῦ
465 2658 527 2711 τὸ
549 2659 786 2730 άρῤητον
809 2656 1154 2727 γεννηθῆναι,
1182 2657 1274 2710 καὶ
1299 2656 1364 2708 τὸ
1385 2657 1613 2726 ἀόρατον
1640 2675 1860 2728 μορφω-

284 2750 470 2821 θῆναι,
506 2749 684 2820 ἦνοιξε
722 2749 782 2802 τὸ
817 2749 1012 2818 στόμα,
1043 2749 1138 2802 καὶ
1170 2749 1449 2819 προήκατο
1485 2748 1641 2817 λόγον
1677 2749 1858 2820 ὅμοιον

293 2839 465 2910 αὐτῷ.
505 2841 601 2902 Ὃς
642 2837 928 2909 παραστὰς
963 2836 1248 2904 ὑπέδειξεν
1296 2837 1443 2908 αὐτῷ
1484 2837 1512 2890 ὃ
1560 2833 1649 2908 ἦν,
1700 2839 1861 2902 αὐτὸς

281 2932 379 2986 τοῦ
426 2933 660 3005 ἀοράτου
718 2931 900 3002 μορφὴ
945 2930 1152 3000 φανείς.
1202 2930 1265 2984 Ἦ
1300 2930 1355 2984 δὲ
1403 2930 1712 3001 ἐκφώνησις
1763 2930 1858 2984 τοῦ

281 3024 552 3094 ὀνόματος
583 3023 800 3092 ἐγένετο
830 3022 1074 3092 τοιαύτη·
1112 3021 1373 3090 Ἐλάλησε
1405 3020 1560 3089 λόγον
1588 3022 1678 3073 τὸν
1711 3021 1860 3092 πρῶ-

282 3133 376 3170 τον
415 3114 510 3168 τοῦ
552 3115 816 3184 ὀνόματος
844 3111 1032 3177 αὐτοῦ,
1081 3113 1206 3182 ἥτις
1241 3107 1309 3183 ῆν
1356 3113 1528 3182 ἁρχὴ,
1577 3113 1671 3166 καὶ
1718 3107 1786 3183 ἦν
1826 3114 1858 3183 ἡ

289 3208 530 3282 συλλαϐὴ
565 3207 728 3261 αὑτοῦ
764 3207 1043 3278 στοιχείων
1065 3205 1366 3277 τεσσάρων.
1397 3205 1730 3274 Ἐπισυνῆψε
1758 3205 1857 3277 τὴν
1884 3240 1926 3297 C

281 3301 571 3374 δευτέραψ
622 3301 715 3355 καὶ
758 3294 827 3373 ἦν
877 3299 974 3352 καὶ
1026 3299 1165 3369 αὑτὴ
1218 3297 1494 3368 στοιχείων
1553 3297 1853 3368 τεσσάρων.

297 3393 456 3464 Ἑξῆς
490 3393 718 3462 ὲλάλησε
757 3392 856 3462 τὴν
895 3390 1113 3462 τρίτηνο
1159 3389 1252 3443 κα).
1291 3383 1360 3460 ἦν
1390 3387 1484 3442 καὶ
1532 3387 1668 3458 αὐτὴ
1714 3404 1857 3439 στοι-

283 3485 449 3554 χείων
496 3483 645 3538 δέκα.
698 3484 806 3536 Καὶ
829 3483 926 3555 τὴν
970 3482 1107 3553 μετά
1141 3481 1312 3534 ταῦτα
1359 3481 1620 3550 ἐλάλησε·
1667 3477 1762 3535 καὶ
1789 3473 1858 3552 ἦν

283 3576 381 3628 καὶ
412 3574 551 3646 αὐτὴ
595 3573 873 3645 στοιχείων
913 3573 1160 3629 δεκαδύο.
1187 3573 1436 3642 Ἐγένετο
1472 3568 1566 3626 οὖν
1600 3574 1634 3643 ή
1676 3572 1858 3641 ὲκφώ-

285 3685 440 3739 νησις
482 3666 575 3720 τοῦ
623 3666 746 3720 ὅλου
787 3666 1048 3736 ὀνόματος
1085 3665 1363 3736 στοιχείων
1394 3665 1493 3737 μὲν
1542 3665 1855 3737 τριάκοντα,

287 3757 568 3811 συλλαϐῶν
599 3757 656 3810 δὲ
695 3758 998 3829 τεσσάρων.
1029 3758 1298 3812 Ἕκαστον
1333 3758 1390 3812 δὲ
1437 3757 1547 3812 τῶν
1581 3758 1858 3829 στοιχείων

287 3850 394 3902 ἴδια
422 3849 746 3920 γράμματα,
777 3849 870 3901 καὶ
905 3847 1035 3901 ἴδιον
1065 3849 1413 3919 χαρακτῆρα,
1453 3847 1549 3902 καὶ
1593 3849 1728 3902 ἰδίαν
1763 3852 1857 3903 ὲκ-

284 3941 548 4010 ιλεώνησιν,
582 3941 677 3994 καὶ
707 3941 984 4012 σχήματα,
1012 3943 1105 3993 καὶ
1138 3941 1350 4004 εἰκόνας
1374 3940 1536 4011 ἔχειν,
1566 3943 1660 3994 καὶ
1691 3942 1856 4012 μηδὲν

282 4031 462 4084 αὐτῶν
500 4027 660 4092 εἶναι,
705 4031 734 4082 ὃ
772 4031 870 4101 τὴν
925 4031 1132 4083 ἐκείνου
1174 4031 1383 4102 καθορᾷ
1417 4031 1648 4102 μορφὴν,
1687 4029 1857 4106 οὗπερ

281 4123 446 4185 αὐτὸς
494 4123 753 4191 στοιχεῖόν
802 4123 984 4176 ἐστιν’
1032 4121 1166 4175 ἀλλὰ
1198 4123 1317 4175 οὐδὲ
1363 4122 1620 4190 γινώσκει
1671 4125 1853 4189 αὐτὸν,

280 4214 404 4265 οὐδὲ
446 4215 552 4285 μὴν
581 4213 680 4285 τὴν
708 4213 802 4266 τοῦ
833 4215 1058 4286 πλησίον
1090 4214 1252 4267 αὐτοῦ
1296 4215 1524 4268 ἕκαστον
1549 4215 1857 4284 ἐκφώνησιν

281 4308 564 4378 πολιορκεῖ
583 4309 626 4371 ⁵,
668 4306 805 4360 ἀλλὰ
841 4311 870 4361 6
912 4309 1072 4372 αὐτὸς
1104 4311 1356 4376 ὲκφωνεί,
1393 4309 1469 4370 ὡς
1515 4309 1576 4362 τὸ
1622 4313 1729 4364 πᾶν
1761 4314 1856 4364 ὲκ-

281 4398 586 4467 φωνοῦντα,
618 4398 677 4451 τδ
700 4398 817 4451 ὅλον
847 4398 1096 4469 ἡγεῖσθαι
1117 4399 1424 4468 ὀνομάζειν.
1452 4400 1719 4452 Ἔκαστον
1749 4400 1857 4472 γὰρ

280 4491 486 4552 αὐτῶν,
524 4490 689 4562 μέρος
711 4489 770 4544 ὂν
798 4490 893 4543 τοῦ
923 4490 1065 4553 ὅλου,
1099 4491 1189 4544 τὸν
1227 4491 1355 4543 ἴδιον
1383 4487 1516 4561 ἦχον
1548 4491 1624 4555 ὡς
1652 4491 1713 4544 τὸ
1745 4493 1855 4544 πᾶν

1965 644 2214 698 habentes
2241 644 2623 696 conscientiam
2651 643 2671 672 '
2705 643 2902 712 partim
2953 643 3006 697 id
3057 644 3314 713 perfricta
3363 645 3540 702 fronte

1965 753 2078 807 pra:
2107 753 2166 793 se
2189 735 2391 799 ferunt,
2424 737 2620 806 partim
2652 734 2980 790 verecundia
3010 727 3208 800 ductae,
3243 752 3304 791 ac
3348 739 3539 807 paula-

1965 829 2062 881 tim
2099 834 2280 881 tamen
2313 827 2369 880 in
2397 829 2526 881 vita:
2560 827 2803 883 cmlestis
2844 827 3280 896 desperationem
3337 831 3538 900 impul-

1965 935 2059 982 sae,
2086 920 2302 973 tandem
2329 930 2424 974 aut
2444 921 2512 974 ab
2536 921 2768 975 veritate
2800 937 2858 976 se
2886 921 3104 990 penitus
3125 923 3536 987 abstraxerunt,

1967 1020 2062 1066 aut
2091 1013 2270 1066 adhuc
2301 1012 2605 1066 dubitando
2633 1012 2924 1077 ﬂuctuant,
2959 1021 3141 1080 atque,
3196 1022 3254 1066 ut
3307 1013 3538 1069 Prover-

1965 1103 2056 1157 bio
2087 1102 2284 1166 fertur,
2307 1117 2408 1157 nec
2437 1102 2582 1156 intra
2617 1118 2719 1156 nec
2761 1111 2916 1156 extra
2959 1103 3287 1167 Consistunt,
3348 1105 3540 1158 talem-

1965 1214 2072 1268 que
2117 1214 2183 1252 ex
2235 1198 2328 1252 illa
2363 1197 2863 1252 scientissimorum
2904 1199 3189 1252 hominum
3246 1199 3392 1254 velut
3452 1215 3538 1254 se-

1964 1299 2150 1346 mente
2175 1291 2408 1344 lructum
2437 1288 2702 1346 referunt.

2038 1469 2126 1525 Ν.
2162 1470 2184 1502 ⁸
2231 1469 2499 1524 Caeterum
2547 1469 2763 1524 Marcus
2811 1470 2916 1525 iste
2971 1469 3335 1524 Colon-basiem
3382 1470 3540 1540 Sigcs

1966 1571 2180 1617 uterum
2215 1577 2279 1616 ac
2307 1562 2763 1631 conceptaculum
2789 1577 2957 1614 unum
3000 1578 3059 1617 se
3095 1577 3158 1614 ac
3206 1563 3536 1632 singularem

1965 1655 2135 1709 fuisse
2168 1653 2523 1723 praedicabat,
2577 1661 2637 1707 ut
2678 1653 2773 1724 qui
2823 1655 3057 1723 unigena
3096 1654 3272 1708 eidem
3309 1654 3475 1708 fuerit
3519 1673 3533 1707 :

1965 1759 2028 1798 ac
2055 1743 2304 1798 defectus
2331 1757 2540 1805 semen,
2572 1744 2720 1812 quod
2769 1743 2827 1797 in
2861 1758 2920 1798 se
2949 1753 3253 1813 receperat,
3286 1743 3390 1797 hoc
3422 1743 3538 1798 fere

1965 1834 2126 1888 modo
2152 1834 2382 1904 peperit.
2418 1833 2633 1904 Quippe
2671 1850 2940 1888 summam
2975 1835 3122 1888 illam
3155 1833 3444 1896 Tetradem
3469 1851 3535 1890 ex

1892 1905 1934 1958 Β
1966 1927 2033 1982 iis
2056 1926 2194 1980 locis
2223 1942 2345 1996 quae
2371 1925 2546 1981 videri
2575 1927 2956 1996 nominarique
2979 1933 3282 1996 nequeunt,
3313 1926 3380 1980 ad
3414 1941 3539 1981 sese

1961 2019 2216 2073 muliebri
2271 2019 2452 2089 specie
2509 2017 2869 2074 descendisse
2924 2038 2936 2073 :
2990 2021 3270 2089 quoniam,
3331 2019 3533 2089 inquit,

1961 2109 2111 2180 quod
2141 2111 2198 2163 in
2226 2125 2290 2165 ea
2331 2111 2619 2165 masculini
2655 2126 2819 2165 sexus
2849 2121 2966 2164 erat
2993 2113 3268 2166 sustinere
3297 2111 3539 2166 mundus

1960 2219 2070 2257 non
2105 2211 2319 2273 poterat
2367 2221 2380 2256 :
2433 2201 2630 2258 deinde
2674 2218 2733 2259 se
2765 2219 3014 2273 quamam
3050 2211 3196 2258 esset
3226 2203 3532 2273 aperuisse,

1959 2295 2454 2364 universorumque
2474 2296 2904 2364 generationem,
2932 2295 3093 2364 237
3131 2310 3294 2364 quam
3327 2295 3536 2350 nemini

1959 2385 2186 2440 deorum
2248 2401 2492 2455 unquam
2548 2387 2948 2456 hominumque
3010 2386 3366 2456 patefecerat,
3429 2387 3535 2443 soli

1960 2477 2068 2546 ipsi
2097 2477 2230 2532 iisce
2260 2478 2442 2532 verbis
2465 2478 2808 2547 exposuisse.
2844 2478 2980 2532 Cum
3013 2479 3247 2548 primum
3281 2478 3444 2533 Pater
3488 2479 3535 2534 is

1960 2566 2053 2634 qui
2099 2581 2278 2635 neque
2330 2568 2665 2636 cogitatione
2697 2568 2817 2637 capi
2854 2576 3056 2638 potest,
3097 2577 3152 2622 et
3181 2577 3391 2623 natura:
3415 2585 3536 2624 om-

1960 2658 2048 2711 nis
2078 2665 2164 2714 est
2213 2674 2434 2729 expers,
2494 2675 2671 2728 neque
2700 2675 2866 2728 porro
2897 2675 3017 2714 mas
3043 2669 3147 2723 est,
3184 2668 3277 2713 aut
3307 2659 3532 2725 femina,

1962 2749 2236 2818 parturire
2270 2750 2458 2820 coepit,
2488 2751 2635 2820 quod
2695 2752 2747 2804 in
2791 2766 2853 2805 se
2885 2759 3003 2806 erat
3027 2753 3410 2823 inexplicabile
3452 2753 3535 2822 gi—

1961 2837 2073 2908 gni,
2104 2839 2248 2908 quod
2300 2839 2713 2908 inaspectabile,
2765 2838 2992 2894 formari
3028 2842 3277 2912 cupiens,
3308 2857 3370 2896 os
3405 2857 3533 2910 ape—

1961 2929 2093 2992 ruit,
2120 2929 2465 2999 similemque
2492 2931 2578 2984 sui
2606 2945 2914 2985 sermonem
2958 2932 3151 2986 edidit.
3183 2932 3286 2997 Qui
3312 2933 3530 3002 quidem

1965 3029 2155 3075 astans
2186 3021 2236 3075 ei
2270 3021 2531 3090 quidnam
2562 3030 2711 3077 esset
2767 3023 3033 3088 ostendit,
3067 3039 3192 3077 cum
3222 3025 3532 3093 inaspecta-

1961 3110 2090 3165 bilis
2120 3112 2268 3165 illius
2297 3113 2449 3165 velut
2476 3111 2680 3182 eiligies
2709 3123 3018 3183 appareret.
3065 3113 3346 3182 Ejusmodi
3371 3129 3532 3183 porro

1963 3203 2204 3257 nominis
2244 3203 2336 3255 illa
2365 3204 2744 3272 pronuntiatio
2790 3204 3023 3258 exstitit.
3075 3203 3318 3258 Primum
3351 3205 3534 3273 appel-

1962 3295 2182 3350 lationis
2226 3311 2337 3350 sua:
2379 3297 2703 3350 vocabulum
2756 3297 3005 3352 elocutus
3049 3305 3132 3353 est
3165 3317 3177 3351 :
3215 3297 3319 3351 hoc
3351 3305 3532 3351 autem

1960 3388 2125 3459 ἀρχή,
2160 3388 2275 3443 sive
2301 3389 2632 3458 principium
2678 3396 2818 3456 erat,
2874 3389 3033 3457 cujus
3063 3389 3271 3460 syllaba
3294 3399 3534 3460 quatuor

1959 3479 2245 3537 clementis
2279 3480 2592 3536 constabat.
2637 3479 2758 3533 Mox
2807 3481 3034 3534 alteram
3079 3481 3341 3551 syllabam
3381 3480 3534 3550 adje-

1958 3575 2054 3636 cit,
2086 3590 2208 3645 quae
2233 3583 2288 3630 et
2317 3577 2436 3646 ipsa
2474 3576 2740 3630 elementa
2772 3575 3089 3630 continebat
3114 3583 3369 3644 quatuor.
3403 3575 3532 3630 lude

1958 3667 2176 3721 tertiam
2228 3666 2417 3721 decem
2479 3680 2546 3721 ex
2606 3667 2895 3723 elementis
2950 3667 3334 3738 compositam.
3407 3666 3532 3721 Mox

1958 3772 2208 3823 quartam
2242 3757 2641 3812 elementorum
2689 3759 2997 3814 duodecim.
3050 3757 3130 3812 Ita
3164 3761 3402 3814 nominis
3447 3769 3529 3814 to-

1958 3850 2070 3904 tius
2101 3850 2394 3919 appellatio
2441 3866 2510 3906 ex
2559 3852 2786 3906 tricenis
2835 3859 2920 3907 est
2966 3853 3269 3918 elementis,
3308 3853 3530 3924 syllabis

1957 3957 2087 3997 vero
2110 3951 2483 4013 coagmentata
2507 3953 2765 4014 quatuor.
2799 3946 2874 3998 Ita
2904 3953 3106 4011 tamen,
3134 3955 3194 3999 ut
3222 3954 3277 4000 et
3301 3946 3532 4001 elemen-

1959 4041 2074 4087 tum
2109 4035 2397 4104 quodlibet
2431 4037 2684 4104 proprias
2719 4037 2953 4100 litteras,
2988 4038 3349 4107 propriosque
3395 4039 3530 4092 clta-

1958 4130 2224 4184 racteres,
2256 4129 2311 4176 et
2352 4122 2851 4191 pronuntiationem
2904 4125 3180 4194 propriam
3216 4124 3432 4189 habeat,
3466 4127 3530 4178 (i-

1957 4228 2147 4283 guram
2175 4213 2411 4283 denique
2438 4214 2778 4284 eiiigiemque
2805 4218 3117 4286 propriam;
3159 4233 3336 4286 neque
3366 4219 3529 4288 quid-

1958 4319 2119 4374 quam
2162 4305 2254 4370 sit,
2305 4304 2454 4375 quod
2487 4307 2637 4361 illius
2691 4306 2947 4371 formam,
2999 4308 3159 4374 cujus
3197 4310 3525 4364 elementum

1957 4407 2062 4462 est,
2094 4396 2342 4465 aspiciat,
2401 4397 2512 4452 imo
2561 4413 2630 4453 ne
2689 4411 2986 4468 cognoscat
3042 4402 3286 4469 quidem.
3339 4401 3528 4470 Neque

1956 4499 2124 4554 porro
2151 4485 2317 4538 vicini
2351 4486 2454 4540 sibi
2500 4483 2779 4556 quodlicet
2827 4488 3082 4542 elementi
3119 4492 3528 4560 pronuntiatio-

281 4581 591 4652 ὀνομάζειν,
621 4583 715 4634 καὶ
757 4581 831 4652 μὴ
872 4580 1182 4634 παύσασθαι
1215 4582 1472 4653 ἠχοῦντα,
1504 4582 1698 4654 μέχρις
1731 4584 1853 4637 ὅτου

1963 4594 2084 4633 nem
2123 4579 2302 4643 novit;
2335 4578 2430 4633 sed
2457 4579 2537 4634 sic
2562 4579 2652 4634 ille
2677 4582 3014 4650 pronuntiat,
3049 4595 3108 4638 ut
3135 4592 3305 4638 totum
3343 4584 3528 4654 profe-

279 4673 376 4724 ἐπὶ
399 4671 460 4723 τὸ
495 4671 718 4742 ἔσχατον
744 4670 978 4742 γράμμα
1009 4670 1102 4723 τοῦ
1136 4670 1364 4723 ἑκάστου
1397 4671 1660 4741 στοιχείου
1694 4689 1852 4742 μονο-

279 4765 700 4836 γλωσσήσαντος
727 4764 1066 4835 καταστῆσαι
1126 4763 1166 4817 ⁸.
1211 4762 1344 4816 Τότε
1376 4762 1432 4817 δὲ
1466 4765 1560 4817 καὶ
1592 4763 1690 4836 τὴν
1714 4766 1852 4818 ἀπο-

1961 4685 2110 4736 rens,
2170 4673 2458 4726 nominare
2526 4672 2844 4726 universum
2921 4673 3219 4730 existimet.
3301 4675 3526 4746 Singula

1959 4764 2184 4834 quippe,
2220 4779 2346 4818 cum
2374 4765 2618 4820 universi
2666 4766 2778 4821 sint
2807 4774 3011 4834 partes,
3040 4768 3371 4835 peculiarem
3422 4769 3526 4824 sibi

355 4918 375 4947 ί
401 4916 543 4990 Iren.
580 4911 735 4990 nino;
763 4929 965 4990 etimox
1004 4917 1308 4990 Kokodec.
1348 4920 1504 4990 σιγῆς
1526 4919 1738 4990 ἑαυτόν.
1815 4921 1835 4950 ¹

1956 4935 2010 4973 n.
2041 4919 2307 4990 ὑστερήμ.
2342 4919 2502 4990 σπέρ.
2531 4919 2653 4990 Μοκ
2682 4935 2781 4989 pro
2802 4920 3028 4983 τούτων,
3050 4923 3249 4975 τόπων.
3331 4923 3351 4953 ³
3383 4919 3525 4976 lren.

280 4988 501 5058 ἑαυτήν.
577 4988 599 5020 ⁵
625 4989 695 5046 lr.
728 4987 880 5042 addit
914 4987 1161 5111 άπάτωῗ
1235 4989 1256 5019 ⁵
1283 4988 1424 5044 lren.
1463 4987 1782 5042 ἐπίσταται.

280 5059 425 5111 nsit.
471 5066 526 5111 et
571 5059 926 5111 καταστῆναι.
1015 5057 1034 5087 ⁷
1070 5057 1091 5110 ι
1158 5059 1252 5111 im.
1290 5075 1364 5111 ιγ.
1391 5059 1446 5111 2.
1518 5059 1774 5111 l'lren.c.

279 5057 526 5130 psit,’et
571 5059 926 5130 καταστῆναι.
1015 5057 1034 5087 ⁷
1070 5057 1230 5112 lTim

355 5215 467 5288 (l2)
520 5217 649 5288 ’Eg
670 5216 795 5288 τοῖς
825 5216 964 5288 καθ’
1000 5213 1164 5288 ἡμᾶς
1184 5215 1462 5288 -κλίμασι
1497 5213 1610 5283 τῆς
1664 5212 1856 5288 Ῥοδα-

280 5282 561 5352 νοὺσιας.
587 5284 840 5342 Rhodani
868 5282 1104 5340 tractum
1131 5282 1542 5340 Rhodanusiam
1563 5282 1756 5339 vocat.
1784 5282 1854 5337 Ut

281 5367 341 5413 et
375 5359 429 5411 in
459 5365 568 5412 vet.
601 5356 854 5426 inscript.
887 5355 1181 5426 thodanirci
1229 5353 1480 5408 Rhodani
1513 5357 1713 5426 accolae
1755 5369 1854 5407 no-

280 5426 587 5482 minantur.
620 5423 945 5495 Quanquam
992 5425 1302 5490 Stephanus
1351 5423 1725 5495 Ῥοδανουσίαν
1756 5439 1853 5477 ur-

281 5499 410 5553 bem
445 5510 569 5550 esse
595 5497 742 5551 dicat
770 5493 828 5550 ὲν
861 5495 1171 5566 Μασσαλίᾳ.
1199 5495 1314 5551 Huc
1344 5511 1472 5548 vero
1505 5493 1728 5566 Hieron.
1776 5497 1855 5546 lo-

281 5583 386 5623 cus
420 5567 652 5636 pertinet
692 5567 760 5622 ad
808 5581 930 5620 LXIV
960 5564 1065 5618 lsa.
1111 5563 1308 5635 caput,
1345 5580 1507 5634 quem
1552 5572 1605 5618 et
1651 5563 1854 5636 Fronto

282 5634 518 5692 Ducéus
572 5645 760 5692 noster
817 5637 882 5691 ad
945 5636 1092 5690 hunc
1149 5634 1328 5691 lecum
1386 5635 1641 5689 observat
1687 5649 1700 5684 :
1757 5634 1848 5687 ubi

283 5708 579 5764 Gnosticos
621 5709 732 5770 ait,
775 5723 865 5776 per
907 5706 1150 5760 Marcum
1195 5704 1515 5776 Egyptiunt
1549 5701 1847 5776 Galliarttnt

277 5782 515 5848 primum
541 5780 683 5832 circa
717 5774 1047 5841 Rhodanum,
1079 5774 1849 5848 deinde—Hispaniarum_nobi-

282 5844 363 5906 te:
400 5850 623 5905 feminas
670 5848 964 5918 decepisse,
1015 5849 1288 5902 miscentes
1343 5847 1538 5916 fabulis
1611 5844 1848 5913 volupta-

1859 4991 1997 5062 ειη).
2035 4988 2573 5060 μονογλωσσήσαντα.
2619 4988 2758 5046 Iren.
2811 4991 3040 5061 ἐσχάτου
3081 4993 3340 5062 στοιχείου
3387 4995 3526 5046 scri-

1237 5097 1252 5112 .
1290 5075 1364 5128 tv,
1391 5059 1446 5112 2.
1518 5059 1540 5090 ⁸
1561 5059 1701 5114 lren.
1724 5074 1774 5114 c.
1804 5058 1891 5113 10.

1951 5224 2052 5267 tem
2082 5222 2132 5266 et
2177 5212 2618 5280 intperitiwauw
2664 5225 2850 5262 nomen
2895 5211 3128 5266 scientiae
3173 5210 3522 5280 venditantes.

2023 5284 2132 5352 (l5)
2165 5278 2396 5351 Ἠόνυχῆ
2419 5278 2486 5332 δέ
2505 5295 2629 5345 πως
2679 5280 2895 5352 ἑαυτάς
2916 5279 3333 5352 ἀπηλπικυῖαι.
3360 5281 3526 5334 Plana

1950 5361 2004 5407 et
2032 5349 2263 5422 integra
2290 5349 2691 5422 lectio,neque
2736 5349 3034 5422 GHMQUam
3065 5350 3404 5422 addendum;
3445 5360 3526 5404 ta-

1952 5423 2112 5477 metsi
2137 5417 2358 5492 quidam
2391 5417 2618 5492 verbum
2650 5417 2957 5492 χωρίζουσι
2968 5419 3270 5492 desiderari
3301 5428 3472 5492 putet.

2025 5493 2136 5563 (14)
2157 5489 2344 5563 Ὀῧτω
2375 5490 2613 5563 Μάρκος
2638 5490 2894 5563 μήτραν.
2927 5489 3019 5563 De_
3050 5489 3344 5563 Colorbaso
3387 5489 3524 5544 Ter-

1958 5560 2078 5616 tull.
2118 5560 2376 5616 meminit
2420 5561 2456 5613 l.
2488 5560 2563 5613 De
2584 5561 2880 5628 pra'scrt'pt.
2921 5575 2971 5613 c.
3003 5561 3092 5615 50.
3134 5560 3266 5627 Quae
3291 5577 3524 5630 sequun-

1959 5641 2050 5686 tur
2079 5631 2243 5685 Marci
2273 5633 2504 5691 somnia,
2531 5630 2809 5700 quodnon
2839 5631 3019 5685 minus
3054 5634 3325 5700 perplexa,
3357 5639 3412 5685 et
3441 5632 3524 5684 in-

1956 5704 2170 5766 tricata,
2199 5717 2360 5770 quam
2406 5701 2636 5763 stolida,
2683 5699 2974 5769 inaniaque
3009 5699 3226 5765 sint,’in
3261 5702 3328 5756 iis
3357 5716 3522 5755 excu-

1954 5773 2154 5827 tiendis
2197 5780 2410 5839 tempus
2443 5784 2775 5839 operamque
2819 5785 3144 5839 consumere
3194 5787 3522 5839 supervaca-

1957 5789 2154 5827 ttenats
2197 5789 2410 5839 ιϐηψηε
2443 5789 2775 5839 operamque
2819 5789 3144 5825 οοηδυιῐιθτῆ
3194 5789 3255 5826 Srll
3300 5789 3423 5826 erva

1957 5858 2117 5898 neum
2151 5841 2302 5896 duxi.
2338 5840 2498 5912 [Vide
2538 5839 2786 5910 Prolegg.
2826 5839 2893 5894 ad
2922 5837 3208 5900 Irenantm.
3238 5789 3423 5912 [gnua]
