4154 6404
615 369 719 428 13-9!

2023 386 2080 443 S.
2123 387 2464 443 EPIPHANII

3799 394 3912 451 592

620 501 816 541 sonum
873 489 1019 543 velut
1070 498 1249 546 totum
1304 494 1520 561 efferre,
1556 511 1655 552 nec
1686 499 1839 567 prius
1885 501 1954 556 ab
1992 504 2193 558 edendc

2310 506 2645 559 κατάστασιν
2679 506 2787 559 τῶν
2818 506 2955 560 ὅλων
2981 506 3086 577 ἔφη
3112 506 3391 575 γενέσθαι,
3422 508 3550 562 ὅταν
3583 508 3652 562 τά
3697 511 3905 564 πάντα.⁹

619 577 907 644 desistere,
940 597 1104 650 quam
1122 584 1190 637 ad
1220 593 1524 641 extremam
1555 591 1791 644 extremi
1819 591 2081 649 elementi
2106 596 2196 650 lit-

621 677 794 724 teram
819 674 1175 744 singulariter
1197 680 1603 747 pronuntiando
1649 682 1835 754 lingua
1864 689 2197 756 pervenerit.

2306 600 2637 655 κατελθόντα
2664 603 2745 665 εἲς
2787 600 2848 654 rb
2878 601 2936 655 ἒν
2973 602 3209 673 γράμμα
3233 641 3248 666 ,
3287 602 3417 672 μίαν
3455 603 3549 657 καὶ
3595 603 3696 673 τὴν
3727 603 3912 671 αὐτὴν

2310 692 2620 765 ἐκφώνησιν
2647 695 2852 765 ἡχήσῃ.

619 764 700 818 Ae
731 772 843 818 tum
876 769 1097 821 demum
1128 772 1445 827 restitutum
1495 774 1561 829 iri
1595 777 1780 831 omnia
1827 777 2036 847 definit,
2075 797 2199 836 cum
2236 799 2427 842 omnes
2456 764 2703 843 inunam
2738 764 2971 843 redacta:
3002 788 3198 842 litterae
3248 804 3354 842 una
3422 790 3722 860 eademque
3772 806 3906 860 pr0«

619 862 970 915 nuntiatione
991 866 1347 920 resonabunt.

694 954 868 1025 Hujus
884 974 1013 1013 vero
1048 962 1507 1029 pronuntiationis
1539 966 1716 1022 simile
1741 968 1994 1037 quiddam
2026 970 2204 1026 aiebat

621 1049 908 1116 exsistere,
941 1066 1063 1105 cum
1102 1069 1292 1110 omnes
1312 1057 1518 1125 pariter
1553 1074 1710 1113 amen
1738 1061 1993 1115 dicimus.
2026 1060 2202 1117 Souos

619 1155 744 1194 esse
778 1155 942 1209 vero,
992 1143 1191 1211 quibus
1242 1156 1450 1200 naturae
1502 1164 1563 1200 ac
1596 1152 1963 1219 generatioms
2007 1168 2202 1221 expers

621 1228 762 1284 lEon
796 1233 885 1286 ille
908 1234 1251 1301 informctut‘,
1284 1236 1614 1307 eosdemque
1656 1240 1859 1295 formas
1885 1258 2010 1296 esse
2032 1285 2047 1308 ,
2076 1244 2199 1311 qui-

620 1324 723 1379 bus
749 1327 1059 1394 angelorum
1089 1344 1288 1383 nomen
1327 1346 1355 1383 a
1382 1330 1612 1385 Domino
1638 1334 1902 1388 tributum
1934 1342 2017 1388 est
2038 1374 2051 1397 ,
2080 1351 2201 1404 quae

619 1414 799 1472 Patris
847 1416 1041 1472 faciem
1085 1421 1303 1476 assidue
1353 1432 1684 1477 eontueutur
1708 1428 1746 1477 ι.
1779 1423 1895 1478 Jam
1929 1442 2057 1480 vero
2085 1427 2198 1480 ele-

618 1519 926 1565 mentorum
977 1512 1230 1579 nomina,
1267 1531 1386 1584 quae
1434 1516 1653 1585 quidem
1703 1517 1935 1587 exprimi
1968 1516 2050 1571 fas
2082 1525 2198 1583 est,

620 1611 855 1673 suntque
882 1606 1228 1673 communia,
1264 1607 1500 1671 ίΕοηυδ,
1535 1616 1590 1663 et
1621 1625 1925 1673 sermones,
1959 1626 2020 1664 ac
2054 1611 2201 1665 radi—

618 1711 733 1763 ces,
760 1698 988 1762 semina,
1014 1700 1335 1767 plcromata,
1378 1717 1440 1756 ac
1466 1703 1679 1758 fructus
1712 1708 2038 1775 appellabat.
2069 1704 2200 1775 Quae

588 1798 802 1845 autem
832 1790 1148 1861 singillatim
1183 1793 1451 1864 cujusque
1486 1805 1613 1849 sunt
1646 1799 1887 1867 propria,
1917 1814 1979 1854 ea
2015 1798 2202 1853 Eccle-

2381 963 2485 1032 τΗς
2524 972 2885 1041 ἐκφωνήσεως
2922 973 3105 1026 εἰκόνα
3150 974 3210 1027 τὸ
3260 975 3408 1047 ἀμὴν
3437 975 3572 1045 ὁμοῦ
3624 976 3905 1046 λεγόντων

2306 1060 2466 1131 ἡμῶν
2491 1061 2719 1113 ὑπέθετο
2742 1057 2898 1116 εἶναι.
2927 1063 3065 1127 Τοὺς
3084 1063 3139 1116 δὲ
3161 1064 3430 1133 φθόγγους
3456 1068 3743 1138 ὑπάρχειν,
3772 1072 3907 1132 τοὺς

2311 1152 2653 1224 μορφοῦντας
2694 1153 2785 1205 τὸν
2819 1154 3067 1206 άνούσιον
3100 1155 3193 1207 καὶ
3231 1156 3522 1228 ἀγέννητον
3564 1159 3771 1223 Αἰῶνα,
3804 1164 3905 1215 καὶ

2307 1243 2443 1299 εἶναι
2473 1246 2696 1310 τούτους
2730 1247 2964 1317 μορφὰς,
2993 1247 3059 1311 ἂς
3080 1250 3109 1300 ὁ
3143 1248 3345 1319 Κύριος
3383 1251 3646 1318 ἀγγέλους
3678 1256 3897 1324 εἴρηκε.

2307 1339 2417 1401 Τὰς
2445 1338 2501 1391 δὲ
2530 1339 2792 1406 διηνεκῶς
2817 1338 3116 1407 βλεπούσας
3142 1339 3197 1392 τὸ
3227 1341 3515 1412 πρόσωπον
3539 1343 3633 1396 τοῦ
3651 1330 3897 1415 Πατρός.

2306 1430 2385 1484 Τὰ
2404 1430 2460 1484 δὲ
2482 1431 2717 1501 ὀνόματα
2732 1432 2836 1483 τῶν
2858 1432 3134 1503 στοιχείων
3150 1433 3217 1486 τά
3238 1433 3379 1505 ῥητὰ
3400 1435 3494 1487 καὶ
3513 1436 3900 1500 κοινάΑἰῶνας

2306 1526 2400 1577 καὶ
2414 1524 2623 1592 λόγους,
2639 1525 2733 1577 mi.
2754 1524 2928 1594 ῥίζας,
2955 1525 3048 1577 καὶ
3071 1525 3383 1595 σπέρματα,
3407 1528 3499 1578 καὶ
3520 1527 3895 1598 πληρώματα,

2305 1616 2401 1668 καὶ
2446 1617 2691 1685 καρποὺς
2728 1616 2998 1685 ὠνόμασε.
3054 1616 3135 1668 Τά
3185 1616 3241 1668 δὲ
3284 1616 3408 1669 καθ’
3440 1617 3534 1671 ἕνα
3572 1619 3753 1672 αὐτῶν
3799 1621 3898 1671 καί

2306 1710 2538 1763 ἑκάστου
2573 1708 2679 1762 ἴδια
2710 1710 2767 1761 ὲν
2801 1708 2879 1778 τῷ
2906 1707 3131 1779 ὀνόματι
3158 1709 3259 1779 τῆς
3296 1710 3623 1779 Ἐκκλησίας
3652 1714 3895 1781 ἐμπερι-

2306 1803 2562 1872 εχόμενα,
2616 1800 2851 1855 νοεῖσθαι
2897 1801 3023 1871 ἔφη,
3084 1800 3157 1863 ὡς
3204 1801 3469 1871 στοιχείου
3508 1805 3531 1834 ⁸
3558 1803 3619 1855 rb
3662 1801 3898 1874 ὕστερον

619 1891 714 1945 size
776 1892 1041 1946 vocabulo
1085 1897 1483 1964 comprehensa
1544 1898 1772 1966 intelligi
1837 1899 2193 1969 significabat.

2301 1894 2537 1965 γράμμα
2552 1893 2735 1963 φωνὴν
2758 1895 3039 1965 προήκατο
3059 1893 3157 1963 τὴν
3187 1892 3352 1945 αὐτοῦ
3370 1910 3381 1922 ·
3415 1889 3475 1947 οὗ
3496 1888 3628 1963 ἦχος
3654 1893 3897 1957 ἐξελθὼν

619 1984 861 2050 Quorum
897 1985 1293 2041 elementorum
1326 1997 1570 2044 extrema
1622 1986 1797 2045 ultimi
1849 1992 2030 2045 littera
2102 2007 2199 2047 vo-

619 2093 736 2132 cem
777 2092 931 2132 suam
968 2079 1170 2144 emisit,
1200 2079 1358 2147 cujus
1385 2080 1550 2149 238
1579 2096 1747 2136 sonus
1790 2082 1979 2139 exiens
2003 2082 2069 2136 ad
2091 2084 2203 2137 ele-

620 2180 925 2223 mentorum
976 2170 1393 2227 similitudinem
1426 2174 1645 2243 propria
1683 2174 1953 2229 elementa
1994 2175 2199 2244 produ-

617 2262 726 2325 xit;
757 2277 786 2313 a
819 2262 1017 2330 quibus
1041 2263 1299 2318 inferiora
1331 2263 1446 2319 haec
1471 2265 2045 2336 ordinata,superiora
2069 2283 2200 2321 vero

617 2355 798 2422 genita
825 2369 950 2408 esse
994 2357 1227 2409 censuit.
1270 2356 1435 2410 Addit
1479 2371 1606 2411 vero
1633 2358 1893 2421 litteram,
1921 2358 2080 2426 cuius
2110 2373 2201 2412 so-

614 2459 721 2498 nus
754 2459 950 2499 sonum
984 2444 1125 2497 infra
1163 2446 1621 2513 consequebatur,
1648 2461 1676 2498 a
1711 2448 1916 2517 syllaba
1946 2463 2044 2501 sua
2077 2464 2199 2503 sur-

615 2549 737 2588 sum
796 2542 1039 2588 erectam
1093 2534 1159 2587 ad
1210 2534 1529 2589 universum
1573 2536 1937 2606 explendum;
2000 2552 2197 2591 sonum

616 2633 799 2680 autem
845 2625 1026 2695 ipsum
1078 2629 1225 2680 velut
1259 2625 1409 2681 foras
1444 2625 1716 2694 abjectum
1750 2628 1805 2681 in
1841 2627 2197 2683 inferioribus

616 2717 858 2772 haesisse.
898 2717 1234 2772 Elementum
1281 2732 1466 2786 porro,
1514 2719 1672 2787 cujus
1722 2718 1812 2771 illa
1864 2720 2041 2773 littera
2082 2728 2194 2784 est,

614 2823 739 2862 cum
773 2808 1217 2877 pronuntiatione
1245 2823 1344 2862 sua
1373 2808 1630 2864 deorsum
1669 2809 1956 2863 descendit
1988 2829 2001 2864 ε
2033 2810 2197 2879 idque

616 2898 813 2955 litteris
860 2910 1116 2956 constare
1165 2900 1390 2955 tricenis
1439 2900 1665 2965 asserit,
1697 2916 1929 2970 quarum
1970 2903 2196 2972 singulae

614 2993 749 3046 alias
802 2992 856 3045 in
907 3007 966 3046 se
1012 2991 1223 3045 litteras
1268 2991 1562 3059 complexae
1596 2992 1735 3055 sint,
1772 2994 1972 3062 quibus
2001 2993 2197 3048 litterae

613 3100 813 3139 nomen
843 3085 1166 3154 appelletur.
1213 3083 1558 3154 Easdemque
1590 3099 1807 3139 rursum
1836 3086 2043 3140 litteras
2073 3086 2194 3143 aliis

613 3179 885 3232 nominari
921 3177 1151 3241 litteris,
1187 3191 1307 3245 quae
1354 3176 1549 3229 iterum
1579 3176 1701 3230 aliis
1734 3189 1785 3230 et
1818 3176 1949 3246 ipsa:
1982 3193 2195 3231 nuneu-

611 3277 841 3338 pentur,
880 3276 938 3322 ut
973 3269 1026 3323 in
1082 3266 1353 3321 inﬁnitum
1403 3266 1493 3320 illa
1546 3266 1851 3320 litterarum
1904 3267 2193 3321 multitudo

612 3360 891 3428 procedat.
948 3358 1079 3424 Qum
1125 3359 1305 3412 omnia
1365 3356 1581 3412 facilius
1640 3358 1744 3413 hoc
1799 3357 1960 3411 modo
2011 3359 2193 3427 perci-

610 3450 747 3520 pies.

688 3541 755 3597 ν.
784 3540 1120 3597 Elementum
1172 3540 1322 3595 Delta
1366 3543 1604 3612 quinque
1651 3543 1857 3595 litteras
1914 3542 2191 3607 continet,

611 3635 873 3690 nimirum
904 3649 957 3697 ι),
978 3648 1031 3698 ε,
1063 3649 1115 3697 L,
1153 3650 1206 3697 τ,
1243 3650 1295 3687 Α.
1324 3631 1454 3698 ριιῖε
1481 3636 1671 3687 littera:
1691 3632 1819 3686 aliis
1854 3632 2078 3703 insuper
2104 3635 2194 3687 lito

611 3726 747 3781 teris
795 3725 1111 3780 scribuntur
1139 3743 1150 3777 :
1188 3734 1241 3777 et
1272 3725 1353 3777 lue
1382 3724 1626 3778 vicissim
1657 3723 1799 3779 aliis.
1834 3722 2003 3794 Igitur
2032 3725 2077 3779 si
2103 3725 2188 3786 id,

612 3818 669 3872 in
714 3832 825 3885 quo
869 3815 1039 3886 ipsius
1086 3816 1228 3871 delta
1280 3823 1475 3869 natura
1512 3815 1788 3881 consistit,
1822 3815 1878 3869 in
1916 3816 2187 3870 infinitum

611 3911 893 3975 excurrit,
925 3918 980 3964 et
1011 3909 1080 3963 ab
1110 3908 1233 3964 aliis
1264 3910 1369 3962 alia
1399 3919 1769 3979 propagantur
1789 3949 1805 3973 ,
1848 3909 2191 3979 invicemque

613 4002 951 4067 succedunt;
982 4009 1188 4070 quanto
1214 4001 1388 4071 magis
1418 4001 1704 4071 ipsiusmet
1734 4000 1985 4056 elementi
2011 4003 2190 4073 majus

612 4097 715 4150 erit
750 4096 1054 4149 litterarum
1086 4094 1234 4150 velut
1268 4094 1533 4164 pelagus?
1556 4092 1621 4147 Et
1644 4094 1691 4148 si
1718 4091 1853 4148 adeo
1878 4092 2088 4148 infinita
2119 4098 2191 4149 sit

612 4205 719 4243 uua
753 4187 1018 4242 duntaxat
1051 4185 1253 4250 littera,
1288 4186 1412 4240 vide
1440 4186 1606 4240 totius
1639 4184 1875 4241 nominis
1897 4201 2058 4255 quam
2086 4187 2191 4240 im-

610 4296 801 4336 mensa
852 4282 923 4334 sit
970 4277 1349 4349 profundaque
1378 4278 1701 4348 congeries;
1742 4293 1809 4332 ex
1836 4278 2037 4346 quibus
2076 4278 2189 4348 pri-

610 4389 759 4427 mum
812 4373 961 4426 illum
1020 4380 1273 4427 constare
1302 4369 1589 4424 Parentem
1622 4369 1786 4423 Marci
1841 4368 1964 4440 Sigc
1990 4371 2186 4439 perdo-

610 4465 743 4519 cuit.
789 4462 1079 4530 PrOpterea
1118 4478 1243 4516 eum
1291 4460 1496 4517 Parens
1546 4462 1663 4531 ipse
1710 4461 2094 4529 comprehendi
2129 4477 2188 4514 se

2302 1988 2422 2040 κατ’
2454 1986 2640 2039 εἰκόνα
2668 1985 2778 2039 τῶν
2797 1985 3073 2055 στοιχείων
3110 1988 3348 2054 στοιχεῖα
3369 1984 3475 2038 ἴδια
3508 1986 3806 2054 ἐγέννησεν
3834 1987 3897 2051 ἐξ

2299 2072 2374 2131 ὧν
2405 2079 2472 2134 τά
2501 2095 2560 2130 τε
2600 2076 2833 2132 ἐνταῦθα
2876 2076 3393 2147 κατακεκοσμῆσθαί
3442 2094 3597 2147 φησι,
3641 2078 3736 2130 καὶ
3784 2077 3897 2129 rth

2302 2169 2409 2238 πρὸ
2432 2168 2451 2197 ³
2495 2168 2699 2221 τούτων
2727 2167 3105 2236 γεγεννῆσθαι.
3159 2166 3232 2218 Tb
3274 2167 3456 2237 μέντοι
3486 2168 3725 2238 γράμμα
3755 2169 3903 2221 αὐτὸ

2300 2259 2360 2312 rb
2382 2254 2511 2329 ἦχος
2534 2259 2610 2329 τῷ
2638 2260 2781 2329 ἦχει,
2826 2251 2886 2311 οὗ
2917 2262 2945 2312 ὁ
2976 2254 3109 2328 ἦχος
3144 2254 3211 2329 ἦν
3248 2258 3772 2312 συνεπακολουθῶνδ

2301 2351 2443 2421 ἤχει,
2471 2352 2565 2404 καὶ
2594 2352 2655 2404 τὸ
2676 2351 2781 2404 ὑπὸ
2801 2351 2900 2422 τῆς
2928 2350 3192 2420 συλλαϐῆς
3219 2351 3318 2421 τῆς
3347 2351 3541 2404 ἑαυτοῦ
3564 2351 3899 2423 ἀνειλῆφθαι

2299 2443 2412 2496 ἄνω
2456 2444 2636 2511 λέγειν
2672 2446 2751 2507 εἰς
2782 2443 3170 2515 ἀναπλήρωσιν
3208 2442 3303 2496 τοῦ
3338 2444 3482 2507 ὅλου,
3516 2444 3899 2515 μεμενηκέναι

2299 2534 2355 2587 δὲ
2379 2537 2457 2598 εἰς
2488 2535 2556 2588 τά
2594 2537 2745 2590 κάτω
2769 2537 2859 2589 τὸν
2879 2532 3034 2606 ἦχον,
3065 2534 3253 2607 ὥσπερ
3282 2535 3388 2602 ἔξω
3420 2537 3669 2607 ῥιφέντα.
3721 2537 3800 2589 Τὸ
3838 2539 3899 2590 δὲ

2302 2630 2564 2697 στοιχεῖον
2593 2629 2722 2681 αὐτὸ
2763 2630 2855 2697 ἀφ’
2892 2624 2952 2682 οὗ
2985 2628 3048 2681 τὸ
3071 2629 3305 2700 γράμμα
3346 2628 3444 2681 σὺν
3477 2630 3544 2699 τῇ
3577 2629 3899 2699 ἐκφωνὴστι

2297 2715 2397 2785 τῆς
2440 2716 2634 2769 ἑαυτοῦ
2688 2716 3026 2787 συγκατῆλθε
3066 2718 3236 2780 κάτω,
3275 2716 3304 2770 ὃ
3346 2716 3695 2787 γραμμάτων
3746 2714 3899 2770 εἷναὲ

2301 2824 2433 2876 φησι
2459 2807 2771 2877 τριάκοντα,
2800 2808 2893 2861 καὶ
2923 2808 2980 2860 ἓν
3004 2809 3233 2861 ἕκαστον
3255 2808 3364 2862 τῶν
3384 2808 3681 2880 τριάκοντα
3703 2825 3897 2878 γραμ-

2300 2899 2508 2969 μάτων,
2537 2901 2593 2954 ὲν
2626 2899 2801 2970 ἑαυτῷ
2834 2900 2977 2970 ἔχειν
3006 2900 3170 2972 ἔτερα
3200 2902 3526 2971 γράμματα,
3571 2900 3640 2953 δι’
3674 2896 3737 2953 οὗ
3769 2902 3794 2931 ⁸
3834 2900 3899 2951 τὸ

2296 2989 2464 3061 ὄνομα
2492 2990 2586 3043 τοῦ
2620 2992 2946 3062 γράμματος
2974 2993 3318 3063 ὀνομάζεται.
3379 2992 3483 3045 Καὶ
3512 2988 3580 3047 αὖ
3618 2993 3786 3045 πάλιν
3822 2994 3900 3044 τὰ

2297 3078 2460 3151 ἕτερα
2501 3081 2568 3133 δι’
2617 3081 2791 3135 ἄλλων
2834 3082 3195 3153 ὀνομάζεσθαι
3241 3084 3616 3154 γραμμάτων,
3683 3084 3778 3138 καὶ
3821 3085 3896 3136 τὰ

2297 3169 2432 3224 ἄλλα
2460 3170 2526 3223 δι’
2554 3171 2760 3226 ἄλλων·
2806 3172 2883 3236 ὠς
2908 3176 2988 3236 εἰς
3013 3174 3239 3245 ἄπειρον
3268 3176 3555 3228 ἐκπίπτειν
3585 3174 3645 3227 τὸ
3674 3175 3897 3245 πλῆθος

2297 3262 2405 3315 τῶν
2430 3263 2797 3335 γραμμάτων.
2832 3264 2987 3319 Οὕτω
3030 3266 3074 3319 δ’
3114 3266 3182 3320 ἂν
3218 3267 3547 3337 σαφέστερον
3598 3266 3794 3337 μάθοις
3829 3268 3899 3321 τὺ

2296 3352 2587 3424 λεγόμενον
2597 3369 2612 3384 ⁸

2369 3540 2445 3592 E'.
2485 3539 2558 3592 Tb
2590 3538 2761 3591 Δέλτα
2803 3542 3063 3610 στοιχεῖον
3105 3540 3408 3610 γράμματα
3444 3542 3502 3594 έν
3552 3542 3736 3613 ἑαυτῷ
3768 3543 3894 3615 ἔχει

2296 3631 2481 3694 πέντε,
2528 3630 2660 3684 αὐτὸ
2697 3630 2755 3684 δὲ
2780 3630 2842 3684 τὸ
2864 3632 2884 3659 ⁶
2924 3630 3103 3696 δέλτα,
3141 3634 3235 3684 καὶ
3262 3632 3323 3684 τὸ
3356 3633 3416 3699 Ε,
3449 3633 3629 3686 καὶτὸ
3659 3635 3891 3705 Λάμδα,

2294 3723 2390 3776 καὶ
2419 3722 2478 3775 τὸ
2500 3722 2635 3786 Ταῦ,
2667 3724 2761 3776 καὶ
2785 3723 2846 3776 τὸ
2868 3723 3067 3793 Ἄλφα.
3091 3725 3202 3778 Καὶ
3227 3723 3400 3777 ταῦτα
3430 3724 3592 3778 πάλιν
3616 3726 3683 3781 τά
3698 3728 3895 3799 γράμ-

2298 3832 2443 3885 ματα
2481 3815 2548 3868 δι’
2578 3815 2753 3870 ἄλλων
2793 3815 3061 3888 γράφεται
3106 3817 3469 3887 γραμμάτων,
3523 3818 3616 3872 καὶ
3647 3820 3718 3872 τὰ
3746 3821 3891 3876 ἄλλα

2292 3908 2357 3961 δι’
2406 3909 2599 3962 ἄλλων.
2649 3911 2711 3961 El
2756 3906 2850 3963 οὖν
2896 3911 2929 3981 ἡ
2970 3911 3121 3963 πᾶσα
3160 3909 3457 3972 ὑπόστασις
3480 3910 3572 3963 τοῦ
3612 3911 3774 3965 δέλτα
3801 3917 3891 3978 εἰς

2292 4000 2519 4071 ἄπειρον
2541 4000 2817 4067 ἐκπίπτει,
2843 4002 2928 4054 ἀεὶ
2957 4001 3130 4054 ἄλλων
3150 3999 3284 4054 ἄλλα
3313 4002 3619 4072 γράμματα
3646 4004 3891 4070 γεννών-

2291 4108 2419 4153 των,
2444 4090 2535 4143 καὶ
2562 4090 2954 4162 διαδεχομένων
2985 4090 3190 4161 ἄλληλα
3210 4108 3223 4121 ·
3262 4091 3414 4161 πόσῳ
3438 4091 3638 4162 μᾶλλον
3664 4093 3889 4148 ἐκείνου

2290 4181 2383 4236 τοῦ
2407 4183 2670 4253 στοιχείου
2693 4185 2874 4253 μεῖζον
2898 4177 3114 4237 εἶναιτὸ
3136 4183 3370 4252 πέλαγος
3383 4184 3492 4237 τῶν
3511 4185 3887 4255 γραμμάτων.

2290 4274 2401 4325 Καὶ
2429 4275 2477 4325 εἰ
2526 4274 2586 4326 τὸ
2626 4274 2683 4326 ἓν
2726 4275 2963 4346 γράμμα
3003 4274 3175 4339 οὕτως
3217 4276 3464 4346 ἄπειρον,
3495 4276 3597 4347 ὅρα
3636 4276 3760 4330 ὅλου
3782 4278 3887 4330 τοῦ

2290 4368 2550 4437 ὀνόματος
2574 4368 2664 4421 τὸν
2695 4367 2855 4438 βυθὸν
2880 4369 2988 4422 τῶν
3016 4368 3360 4440 γραμμάτων
3379 4384 3394 4399 ο
3429 4367 3489 4432 ἐξ
3509 4363 3583 4421 ὧν
3610 4369 3703 4421 τὸν
3737 4370 3887 4439 Προ-

2293 4459 2504 4529 πάτορα
2533 4461 2565 4529 ἠ
2598 4458 2827 4531 Μάρκου
2867 4460 3001 4531 Σιγὴ
3027 4461 3349 4514 συνεστάναι
3389 4461 3739 4533 ἐδογμάτισε.
3786 4464 3886 4515 Διὸ

610 4573 719 4611 non
748 4570 908 4626 posse
955 4555 1155 4617 sciret,
1185 4554 1469 4608 elementis
1508 4554 1611 4607 hoc
1642 4554 1931 4615 tribuisse,
1964 4570 2104 4622 quos
2132 4562 2186 4608 et

2296 4552 2386 4606 καὶ
2412 4553 2500 4606 τὸν
2521 4554 2743 4625 Πατέρα
2769 4555 3130 4624 ἐπιστάμενον
3160 4555 3222 4607 rb
3251 4553 3536 4626 ἀχὼρητον
3563 4555 3756 4618 αὑτοῦ,
3788 4557 3883 4609 δε-

610 4646 818 4703 A‘Zonas
867 4654 1056 4709 vocat,
1096 4654 1156 4697 ut
1209 4643 1435 4713 quilibet
1482 4644 1983 4712 pronuntiationem
2032 4660 2188 4697 suam

606 4754 806 4811 magno
836 4739 1076 4792 clamore
1102 4736 1402 4806 proferret,
1434 4736 1579 4806 quod
1626 4745 1798 4790 totum
1833 4752 1974 4791 unus
1997 4736 2187 4791 efferre

610 4834 834 4886 minime
872 4839 1074 4901 posset.
1117 4828 1242 4882 Hatc
1268 4844 1393 4882 cum
1441 4828 1635 4883 'l'etras
1677 4830 1725 4883 ei
1775 4829 1960 4884 omnia
2006 4829 2185 4883 decla-

608 4935 818 4989 rasset,
852 4923 1050 4991 adjecit
1086 4939 1100 4974 :
1130 4919 1267 4974 Volo
1296 4929 1350 4973 et
1387 4920 1562 4990 ipsam
1614 4920 1710 4974 tibi
1748 4918 2043 4973 Veritatem
2092 4934 2179 4973 os.

606 5023 863 5081 tendere,
920 5034 1084 5089 quam
1150 5034 1181 5071 e
1232 5016 1549 5072 cmlestibus
1599 5015 1889 5069 domiciliis
1944 5013 2181 5076 adduxi,

604 5117 807 5172 nudam
842 5119 901 5167 ut
940 5128 1059 5166 eam
1091 5110 1418 5179 inspiceres,
1451 5108 1679 5177 ejusque
1722 5105 2183 5175 pulchritudinem

604 5220 953 5279 agnosceres,
985 5204 1094 5256 imo
1131 5209 1184 5257 et
1214 5203 1522 5270 loquentem
1560 5198 1813 5265 audires,
1854 5205 1907 5251 et
1941 5197 2183 5266 pruden—

601 5302 733 5353 tiam
790 5297 1197 5365 obtupeseeres.
1258 5292 1486 5347 Sursum
1538 5294 1721 5358 itaque
1769 5297 1927 5358 caput
1969 5289 2182 5342 intuere

599 5398 643 5448 Α
672 5402 727 5448 et
759 5395 801 5446 Ω
820 5434 834 5458 ,
869 5392 1137 5447 cervicem
1166 5403 1295 5444 vero
1324 5389 1365 5440 Β
1393 5396 1449 5442 et
1474 5387 1549 5453 Ψ,
1587 5386 1842 5440 humeros
1875 5397 2180 5452 manusque

671 5664 686 5694 ¹
724 5659 1225 5735 Matth._xw11110.
1303 5662 1322 5691 ³
1350 5655 1489 5735 Iren:
1531 5673 1605 5735 ιον
1629 5652 1931 5735 ⁵στοιχείων
1963 5651 2025 5704 τὸ
2048 5649 2159 5735 ,τοῦ

2296 5650 2417 5733 άτρυ
2455 5652 2680 5735 ὕστατον
2705 5672 2795 5726 γρ.
2874 5658 2893 5688 ³
2921 5656 3061 5735 [rem
3101 5660 3193 5710 καὶ
3240 5658 3365 5729 πρό.
3414 5657 3636 5735 _‘_lren.

1845 5724 1966 5793 ἤχει
1996 5721 2147 5775 κάτω
2182 5723 2285 5774 ὑπὸ
2320 5723 2415 5793 τῆς
2451 5726 2670 5779 συλλαὸ.
2709 5721 2762 5780 et
2793 5742 2889 5797 pro
2931 5728 3137 5797 λέγειν,
3167 5721 3334 5797 λέγει.

602 5750 699 5835 μα,
733 5749 792 5787 ου
833 5733 891 5783 τὸ
919 5727 1051 5802 ἦχος
1089 5726 1158 5803 ἦν
1198 5724 1690 5781 συνεπακολοευθοῦν
1723 5724 1798 5793 τῷ

647 5800 751 5835 πη..
812 5802 942 5835 ,μ’μ’-Α
984 5817 1041 5835 oc
1142 5801 1161 5831 τ
1190 5798 1305 5835 Iron
1368 5812 1464 5835 nrn
1493 5795 1635 5835 (Hau,
1667 5793 1798 5835 θέλω

644 5793 771 5859 For.
812 5793 1067 5857 a0r6"re.
1115 5793 1161 5831 "
1188 5798 1327 5853 lren.
1367 5812 1464 5867 pro
1493 5795 1639 5859 θέαν,
1667 5793 1826 5847 θέλω.

2288 4645 2518 4699 δωκέναι
2535 4649 2648 4710 τοῖς
2676 4648 2981 4717 στοιχείοις,
3010 4649 3044 4702 ἃ
3074 4650 3166 4702 καὶ
3190 4648 3406 4712 Αἱῶνας
3429 4648 3605 4712 καλεῖ,
3642 4648 3727 4701 ἐνὶ
3748 4651 3886 4703 ἑκά-

2291 4756 2401 4809 στῳ
2442 4740 2619 4792 αὐτῶν
2670 4739 2766 4810 τὴν
2813 4740 2947 4793 ἰδίαν
2980 4740 3287 4813 ὲκφώνησιν
3317 4740 3539 4812 ὲκὸοᾷν,
3578 4740 3665 4794 διὰ
3708 4742 3772 4795 rb
3801 4744 3885 4814 μὴ

2286 4831 2546 4886 δύνασθαι
2564 4833 2658 4885 ἕνα
2678 4833 2737 4886 rb
2755 4833 2873 4886 ὅλον
2896 4837 3178 4902 ὲκφωνεῖν.
3212 4834 3395 4889 Ταῦτα
3414 4834 3472 4888 δὲ
3497 4835 3881 4905 σαφηνίσασαν

2287 4924 2436 4995 αὑτῷ
2468 4925 2566 4995 τὴν
2597 4927 2909 4998 Τετρακτὺν
2934 4930 3108 4981 εἰπεῖν
3142 4926 3271 4980 θέαν
3300 4928 3320 4956 ⁷
3352 4927 3415 4999 δή
3450 4944 3532 4979 σοι
3566 4928 3663 4980 καὶ
3701 4930 3879 4997 αὐτὴν

2281 5017 2545 5083 ἐπιδεῖξαι
2590 5018 2685 5088 τὴν
2738 5019 3037 5090 Ἀλήθειαν.
3078 5021 3411 5091 Κατήγαγον
3449 5020 3559 5091 γὰρ
3594 5021 3770 5091 αὐτὴν
3805 5020 3880 5073 ἐκ

2280 5108 2389 5162 τῶν
2416 5108 2651 5180 ὕπερθεν
2676 5112 2949 5181 δομάτων,
2997 5112 3061 5167 ἵν’
3092 5112 3274 5184 ἐσίδῃς
3305 5110 3473 5184 αὐτὴν
3511 5112 3751 5183 γυμνὴν,
3780 5115 3879 5166 καὶ

2282 5199 2621 5269 καταμάθοις
2650 5200 2710 5253 rb
2733 5202 2928 5266 κάλλος
2960 5202 3129 5273 αὐτῆς
3149 5218 3163 5233 ο
3213 5202 3353 5257 ἀλλὰ
3378 5204 3474 5257 καὶ
3504 5202 3751 5275 ἀκούσῃς
3776 5206 3880 5256 αὑ-

2284 5289 2385 5358 τῆς
2410 5289 2677 5362 λαλούσης
2717 5293 2809 5345 καὶ
2824 5292 3114 5365 θαυμάσῃς
3140 5284 3480 5367 τὸφρόνημα
3499 5295 3693 5366 αὐτῆς.
3732 5296 3881 5366 Ὅρα

2285 5378 2377 5434 οὖν
2406 5382 2647 5454 κεφαλὴν
2672 5382 2784 5437 ἄνω
2806 5385 2866 5438 rb
2897 5388 3078 5455 ’Ἄλφα
3112 5388 3209 5442 καὶ
3233 5388 3294 5441 rb
3321 5390 3385 5451 Ω,
3426 5389 3701 5461 τράχηλον
3735 5390 3793 5443 δὲ
3836 5391 3881 5442 Β

3694 5657 3879 5729 reie-

3411 5730 3438 5762 ⁵
3464 5728 3605 5785 lren.
3664 5724 3746 5782 δῖ’
3767 5724 3871 5783 ὧν.
