  <div class='ocr_page' id='page_1' title='image "/cluster/home/n/w/nwhite01/storage/ocr_20150623/41/nnc1.0046978747/340.png"; bbox 0 0 4154 6404; ppageno 0'>
   <div class='ocr_carea' id='block_1_1' title="bbox 329 331 436 390">
    <p class='ocr_par' dir='ltr' id='par_1_1' title="bbox 329 331 436 390">
     <span class='ocr_line' id='line_1_1' title="bbox 329 331 436 390; baseline 0.009 -1"><span class='ocrx_word' id='word_1_1' title='bbox 329 331 436 390; x_wconf 78' lang='lat'><strong>693</strong></span> 
     </span>
    </p>
   </div>
   <div class='ocr_carea' id='block_1_2' title="bbox 967 333 3005 396">
    <p class='ocr_par' dir='ltr' id='par_1_2' title="bbox 967 333 3005 396">
     <span class='ocr_line' id='line_1_2' title="bbox 967 333 3005 396; baseline 0.002 -8"><span class='ocrx_word' id='word_1_2' title='bbox 967 333 1337 391; x_wconf 78' lang='lat' dir='ltr'><strong>ADVERSUS</strong></span> <span class='ocrx_word' id='word_1_3' title='bbox 1379 333 1724 392; x_wconf 61' lang='lat' dir='ltr'><strong>&quot;IERESES</strong></span> <span class='ocrx_word' id='word_1_4' title='bbox 1770 335 1900 394; x_wconf 84' lang='lat' dir='ltr'><strong>LIB.</strong></span> <span class='ocrx_word' id='word_1_5' title='bbox 1948 337 1990 396; x_wconf 83' lang='grc'>1.</span> <span class='ocrx_word' id='word_1_6' title='bbox 2033 335 2193 392; x_wconf 75' lang='grc' dir='ltr'><strong>ΤΟΜ.</strong></span> <span class='ocrx_word' id='word_1_7' title='bbox 2233 335 2414 391; x_wconf 89' lang='lat' dir='ltr'><strong>Ill.—-</strong></span> <span class='ocrx_word' id='word_1_8' title='bbox 2451 334 2726 392; x_wconf 64' lang='lat' dir='ltr'><strong>HERES.</strong></span> <span class='ocrx_word' id='word_1_9' title='bbox 2762 335 3005 392; x_wconf 69' lang='lat' dir='ltr'><strong>XXXIV.</strong></span> 
     </span>
    </p>
   </div>
   <div class='ocr_carea' id='block_1_3' title="bbox 3497 336 3602 392">
    <p class='ocr_par' dir='ltr' id='par_1_3' title="bbox 3497 336 3602 392">
     <span class='ocr_line' id='line_1_3' title="bbox 3497 336 3602 392; baseline 0 0"><span class='ocrx_word' id='word_1_10' title='bbox 3497 336 3602 392; x_wconf 68' lang='grc'><strong>594</strong></span> 
     </span>
    </p>
   </div>
   <div class='ocr_carea' id='block_1_4' title="bbox 328 442 1907 522">
    <p class='ocr_par' dir='ltr' id='par_1_4' title="bbox 328 442 1906 522">
     <span class='ocr_line' id='line_1_4' title="bbox 328 442 1906 522; baseline 0.002 -21"><span class='ocrx_word' id='word_1_11' title='bbox 328 447 424 501; x_wconf 70' lang='grc' dir='ltr'><strong>καὶ</strong></span> <span class='ocrx_word' id='word_1_12' title='bbox 453 445 530 509; x_wconf 78' lang='grc' dir='ltr'><strong>Ψ,</strong></span> <span class='ocrx_word' id='word_1_13' title='bbox 573 442 757 516; x_wconf 77' lang='grc' dir='ltr'>ὤμους</span> <span class='ocrx_word' id='word_1_14' title='bbox 790 443 907 516; x_wconf 73' lang='grc' dir='ltr'><strong>ἅμα</strong></span> <span class='ocrx_word' id='word_1_15' title='bbox 935 447 1092 519; x_wconf 75' lang='grc' dir='ltr'>χερσὶ</span> <span class='ocrx_word' id='word_1_16' title='bbox 1140 448 1180 500; x_wconf 88' lang='grc' dir='ltr'><strong>Γ</strong></span> <span class='ocrx_word' id='word_1_17' title='bbox 1207 449 1302 502; x_wconf 72' lang='grc' dir='ltr'>καὶ</span> <span class='ocrx_word' id='word_1_18' title='bbox 1332 451 1401 514; x_wconf 88' lang='grc' dir='ltr'><strong>Χ,</strong></span> <span class='ocrx_word' id='word_1_19' title='bbox 1453 449 1624 522; x_wconf 83' lang='grc' dir='ltr'>στήθη</span> <span class='ocrx_word' id='word_1_20' title='bbox 1656 453 1695 503; x_wconf 90' lang='grc' dir='ltr'>Δ</span> <span class='ocrx_word' id='word_1_21' title='bbox 1726 451 1822 505; x_wconf 75' lang='grc' dir='ltr'>καὶ</span> <span class='ocrx_word' id='word_1_22' title='bbox 1843 453 1906 516; x_wconf 81' lang='grc' dir='ltr'>Φ,</span> 
     </span>
    </p>
   </div>
   <div class='ocr_carea' id='block_1_5' title="bbox 2010 442 3604 522">
    <p class='ocr_par' dir='ltr' id='par_1_5' title="bbox 2014 451 3604 522">
     <span class='ocr_line' id='line_1_5' title="bbox 2014 451 3604 522; baseline 0.003 -18"><span class='ocrx_word' id='word_1_23' title='bbox 2014 452 2056 504; x_wconf 88' lang='grc' dir='ltr'><strong>Γ</strong></span> <span class='ocrx_word' id='word_1_24' title='bbox 2083 460 2136 506; x_wconf 90' lang='lat' dir='ltr'><strong>et</strong></span> <span class='ocrx_word' id='word_1_25' title='bbox 2158 451 2239 516; x_wconf 87' lang='lat' dir='ltr'><strong>X,</strong></span> <span class='ocrx_word' id='word_1_26' title='bbox 2273 457 2494 522; x_wconf 79' lang='lat' dir='ltr'><strong>pectora</strong></span> <span class='ocrx_word' id='word_1_27' title='bbox 2537 453 2576 503; x_wconf 94' lang='grc' dir='ltr'>Δ</span> <span class='ocrx_word' id='word_1_28' title='bbox 2609 459 2664 506; x_wconf 94' lang='lat' dir='ltr'><strong>et</strong></span> <span class='ocrx_word' id='word_1_29' title='bbox 2689 451 2760 515; x_wconf 80' lang='grc' dir='ltr'>Φ,</span> <span class='ocrx_word' id='word_1_30' title='bbox 2797 457 3013 521; x_wconf 84' lang='lat' dir='ltr'><strong>septum</strong></span> <span class='ocrx_word' id='word_1_31' title='bbox 3057 459 3432 506; x_wconf 86' lang='lat' dir='ltr'><strong>transversum</strong></span> <span class='ocrx_word' id='word_1_32' title='bbox 3478 451 3518 504; x_wconf 88' lang='lat' dir='ltr'><strong>E</strong></span> <span class='ocrx_word' id='word_1_33' title='bbox 3546 463 3604 508; x_wconf 85' lang='lat' dir='ltr'><strong>et</strong></span> 
     </span>
    </p>
   </div>
   <div class='ocr_carea' id='block_1_6' title="bbox 327 538 1914 610">
    <p class='ocr_par' dir='ltr' id='par_1_6' title="bbox 327 538 1914 610">
     <span class='ocr_line' id='line_1_6' title="bbox 327 538 1914 610; baseline 0.002 -17"><span class='ocrx_word' id='word_1_34' title='bbox 327 540 648 610; x_wconf 77' lang='grc' dir='ltr'><strong>διάφραγμα</strong></span> <span class='ocrx_word' id='word_1_35' title='bbox 679 539 718 590; x_wconf 86' lang='grc' dir='ltr'>Ε</span> <span class='ocrx_word' id='word_1_36' title='bbox 738 538 832 592; x_wconf 76' lang='grc' dir='ltr'><strong>καὶ</strong></span> <span class='ocrx_word' id='word_1_37' title='bbox 859 539 924 604; x_wconf 82' lang='grc' dir='ltr'>Υ,</span> <span class='ocrx_word' id='word_1_38' title='bbox 955 540 1122 594; x_wconf 83' lang='grc' dir='ltr'>νῶτον</span> <span class='ocrx_word' id='word_1_39' title='bbox 1144 543 1182 594; x_wconf 90' lang='grc' dir='ltr'><strong><em>Ζ</em></strong></span> <span class='ocrx_word' id='word_1_40' title='bbox 1206 541 1380 606; x_wconf 76' lang='grc' dir='ltr'>καὶΤ,</span> <span class='ocrx_word' id='word_1_41' title='bbox 1416 542 1624 596; x_wconf 78' lang='grc' dir='ltr'>κοιλίαν</span> <span class='ocrx_word' id='word_1_42' title='bbox 1654 544 1700 595; x_wconf 82' lang='grc' dir='ltr'>Η</span> <span class='ocrx_word' id='word_1_43' title='bbox 1731 544 1823 596; x_wconf 70' lang='grc' dir='ltr'><strong>καὶ</strong></span> <span class='ocrx_word' id='word_1_44' title='bbox 1855 544 1914 608; x_wconf 89' lang='grc' dir='ltr'><strong>Σ,</strong></span> 
     </span>
    </p>
   </div>
   <div class='ocr_carea' id='block_1_7' title="bbox 331 630 1912 706">
    <p class='ocr_par' dir='ltr' id='par_1_7' title="bbox 331 630 1912 706">
     <span class='ocr_line' id='line_1_7' title="bbox 331 630 1912 706; baseline 0.002 -23"><span class='ocrx_word' id='word_1_45' title='bbox 331 632 539 702; x_wconf 84' lang='grc' dir='ltr'>μηροὺς</span> <span class='ocrx_word' id='word_1_46' title='bbox 579 630 620 681; x_wconf 85' lang='grc' dir='ltr'>Θ</span> <span class='ocrx_word' id='word_1_47' title='bbox 649 630 744 683; x_wconf 76' lang='grc' dir='ltr'>καὶ</span> <span class='ocrx_word' id='word_1_48' title='bbox 778 631 843 694; x_wconf 87' lang='grc' dir='ltr'><strong>Ρ,</strong></span> <span class='ocrx_word' id='word_1_49' title='bbox 886 630 1092 700; x_wconf 88' lang='grc' dir='ltr'>γόνατα</span> <span class='ocrx_word' id='word_1_50' title='bbox 1122 633 1143 685; x_wconf 88' lang='grc' dir='ltr'>Ι</span> <span class='ocrx_word' id='word_1_51' title='bbox 1181 633 1274 686; x_wconf 70' lang='grc' dir='ltr'>καὶ</span> <span class='ocrx_word' id='word_1_52' title='bbox 1304 634 1372 699; x_wconf 89' lang='grc' dir='ltr'>Π,</span> <span class='ocrx_word' id='word_1_53' title='bbox 1405 635 1624 706; x_wconf 81' lang='grc' dir='ltr'>κνήμας</span> <span class='ocrx_word' id='word_1_54' title='bbox 1657 635 1706 688; x_wconf 85' lang='grc' dir='ltr'>Κ</span> <span class='ocrx_word' id='word_1_55' title='bbox 1729 636 1824 688; x_wconf 68' lang='grc' dir='ltr'><strong>καὶ</strong></span> <span class='ocrx_word' id='word_1_56' title='bbox 1850 636 1912 699; x_wconf 90' lang='grc' dir='ltr'>Ο,</span> 
     </span>
    </p>
   </div>
   <div class='ocr_carea' id='block_1_8' title="bbox 327 723 1916 796">
    <p class='ocr_par' dir='ltr' id='par_1_8' title="bbox 327 723 1916 796">
     <span class='ocr_line' id='line_1_8' title="bbox 327 723 1916 796; baseline 0.001 -18"><span class='ocrx_word' id='word_1_57' title='bbox 327 725 510 796; x_wconf 70' lang='grc' dir='ltr'>σφυρὰ</span> <span class='ocrx_word' id='word_1_58' title='bbox 532 726 576 778; x_wconf 89' lang='grc' dir='ltr'><strong>Λ</strong></span> <span class='ocrx_word' id='word_1_59' title='bbox 607 723 702 776; x_wconf 72' lang='grc' dir='ltr'><strong>καὶ</strong></span> <span class='ocrx_word' id='word_1_60' title='bbox 729 724 791 790; x_wconf 89' lang='grc' dir='ltr'>Ξ,</span> <span class='ocrx_word' id='word_1_61' title='bbox 822 723 988 788; x_wconf 86' lang='grc' dir='ltr'>πόδας</span> <span class='ocrx_word' id='word_1_62' title='bbox 1012 725 1068 778; x_wconf 90' lang='grc' dir='ltr'><strong>Μ</strong></span> <span class='ocrx_word' id='word_1_63' title='bbox 1095 724 1190 778; x_wconf 74' lang='grc' dir='ltr'><strong>καὶ</strong></span> <span class='ocrx_word' id='word_1_64' title='bbox 1216 725 1284 780; x_wconf 90' lang='grc' dir='ltr'>Ν.</span> <span class='ocrx_word' id='word_1_65' title='bbox 1319 725 1490 778; x_wconf 90' lang='grc' dir='ltr'>Τοῦτό</span> <span class='ocrx_word' id='word_1_66' title='bbox 1517 728 1634 779; x_wconf 77' lang='grc' dir='ltr'>ἐστι</span> <span class='ocrx_word' id='word_1_67' title='bbox 1659 726 1720 780; x_wconf 88' lang='grc' dir='ltr'><strong>τὸ</strong></span> <span class='ocrx_word' id='word_1_68' title='bbox 1757 726 1916 796; x_wconf 91' lang='grc' dir='ltr'>σῶμα</span> 
     </span>
    </p>
   </div>
   <div class='ocr_carea' id='block_1_9' title="bbox 326 815 1914 891">
    <p class='ocr_par' dir='ltr' id='par_1_9' title="bbox 326 815 1914 891">
     <span class='ocr_line' id='line_1_9' title="bbox 326 815 1914 891; baseline 0.002 -22"><span class='ocrx_word' id='word_1_69' title='bbox 326 821 420 887; x_wconf 79' lang='grc' dir='ltr'><strong>τῆς</strong></span> <span class='ocrx_word' id='word_1_70' title='bbox 463 816 604 880; x_wconf 72' lang='grc' dir='ltr'>κατὰ</span> <span class='ocrx_word' id='word_1_71' title='bbox 642 815 733 868; x_wconf 80' lang='grc' dir='ltr'><strong>τὸν</strong></span> <span class='ocrx_word' id='word_1_72' title='bbox 768 817 942 886; x_wconf 83' lang='grc' dir='ltr'>μάγον</span> <span class='ocrx_word' id='word_1_73' title='bbox 971 816 1275 889; x_wconf 79' lang='grc' dir='ltr'><strong>Ἀληθείας.</strong></span> <span class='ocrx_word' id='word_1_74' title='bbox 1304 818 1477 872; x_wconf 86' lang='grc' dir='ltr'>Τοῦτο</span> <span class='ocrx_word' id='word_1_75' title='bbox 1511 819 1572 872; x_wconf 83' lang='grc' dir='ltr'>τὸ</span> <span class='ocrx_word' id='word_1_76' title='bbox 1599 820 1785 891; x_wconf 80' lang='grc' dir='ltr'>σχῆμα</span> <span class='ocrx_word' id='word_1_77' title='bbox 1819 819 1914 873; x_wconf 88' lang='grc' dir='ltr'><strong>τοῦ</strong></span> 
     </span>
    </p>
   </div>
   <div class='ocr_carea' id='block_1_10' title="bbox 328 901 1918 981">
    <p class='ocr_par' dir='ltr' id='par_1_10' title="bbox 328 901 1918 981">
     <span class='ocr_line' id='line_1_10' title="bbox 328 901 1918 981; baseline 0.004 -23"><span class='ocrx_word' id='word_1_78' title='bbox 328 907 617 977; x_wconf 79' lang='grc' dir='ltr'><strong>στοιχείου,</strong></span> <span class='ocrx_word' id='word_1_79' title='bbox 634 901 787 971; x_wconf 75' lang='grc' dir='ltr'>οὗτος</span> <span class='ocrx_word' id='word_1_80' title='bbox 799 909 827 959; x_wconf 91' lang='grc' dir='ltr'>ὁ</span> <span class='ocrx_word' id='word_1_81' title='bbox 843 908 1132 980; x_wconf 76' lang='grc' dir='ltr'>χαρακτὴρ</span> <span class='ocrx_word' id='word_1_82' title='bbox 1147 909 1240 963; x_wconf 90' lang='grc' dir='ltr'><strong>τοῦ</strong></span> <span class='ocrx_word' id='word_1_83' title='bbox 1260 911 1611 981; x_wconf 88' lang='grc' dir='ltr'>γράμματος.</span> <span class='ocrx_word' id='word_1_84' title='bbox 1631 912 1743 964; x_wconf 73' lang='grc' dir='ltr'><strong>Καὶ</strong></span> <span class='ocrx_word' id='word_1_85' title='bbox 1759 911 1918 965; x_wconf 86' lang='grc' dir='ltr'><strong>καλεῖ</strong></span> 
     </span>
    </p>
   </div>
   <div class='ocr_carea' id='block_1_11' title="bbox 325 997 1914 1074">
    <p class='ocr_par' dir='ltr' id='par_1_11' title="bbox 325 997 1914 1074">
     <span class='ocr_line' id='line_1_11' title="bbox 325 997 1914 1074; baseline 0.005 -26"><span class='ocrx_word' id='word_1_86' title='bbox 325 999 384 1049; x_wconf 76' lang='grc' dir='ltr'><strong>τὸ</strong></span> <span class='ocrx_word' id='word_1_87' title='bbox 415 1000 678 1068; x_wconf 84' lang='grc' dir='ltr'>στοιχεῖον</span> <span class='ocrx_word' id='word_1_88' title='bbox 707 997 864 1051; x_wconf 87' lang='grc' dir='ltr'>τοῦτο</span> <span class='ocrx_word' id='word_1_89' title='bbox 896 997 1217 1070; x_wconf 76' lang='grc' dir='ltr'>’Ἄνθρωπον</span> <span class='ocrx_word' id='word_1_90' title='bbox 1238 1017 1250 1030; x_wconf 81' lang='lat'><strong><em>°</em></strong></span> <span class='ocrx_word' id='word_1_91' title='bbox 1283 997 1422 1054; x_wconf 86' lang='grc' dir='ltr'>εἷναί</span> <span class='ocrx_word' id='word_1_92' title='bbox 1452 1019 1512 1054; x_wconf 90' lang='grc' dir='ltr'><strong>τε</strong></span> <span class='ocrx_word' id='word_1_93' title='bbox 1541 1003 1725 1074; x_wconf 86' lang='grc' dir='ltr'>πηγήν</span> <span class='ocrx_word' id='word_1_94' title='bbox 1749 1021 1914 1074; x_wconf 85' lang='grc' dir='ltr'>φησιν</span> 
     </span>
    </p>
   </div>
   <div class='ocr_carea' id='block_1_12' title="bbox 325 1090 1914 1166">
    <p class='ocr_par' dir='ltr' id='par_1_12' title="bbox 325 1090 1914 1166">
     <span class='ocr_line' id='line_1_12' title="bbox 325 1090 1914 1166; baseline 0.003 -23"><span class='ocrx_word' id='word_1_95' title='bbox 325 1091 457 1144; x_wconf 78' lang='grc' dir='ltr'>αὐτὸ</span> <span class='ocrx_word' id='word_1_96' title='bbox 500 1091 705 1154; x_wconf 77' lang='grc' dir='ltr'>παντὸς</span> <span class='ocrx_word' id='word_1_97' title='bbox 743 1090 930 1160; x_wconf 90' lang='grc' dir='ltr'>λόγου,</span> <span class='ocrx_word' id='word_1_98' title='bbox 995 1093 1090 1145; x_wconf 80' lang='grc' dir='ltr'>καὶ</span> <span class='ocrx_word' id='word_1_99' title='bbox 1129 1095 1307 1165; x_wconf 80' lang='grc' dir='ltr'>ἀρχὴν</span> <span class='ocrx_word' id='word_1_100' title='bbox 1343 1095 1526 1166; x_wconf 88' lang='grc' dir='ltr'>πάσης</span> <span class='ocrx_word' id='word_1_101' title='bbox 1565 1095 1772 1166; x_wconf 72' lang='grc' dir='ltr'>φωνῆς.</span> <span class='ocrx_word' id='word_1_102' title='bbox 1819 1097 1914 1150; x_wconf 75' lang='grc' dir='ltr'><strong>καὶ</strong></span> 
     </span>
    </p>
   </div>
   <div class='ocr_carea' id='block_1_13' title="bbox 325 1182 1914 1258">
    <p class='ocr_par' dir='ltr' id='par_1_13' title="bbox 325 1182 1914 1258">
     <span class='ocr_line' id='line_1_13' title="bbox 325 1182 1914 1258; baseline 0.003 -23"><span class='ocrx_word' id='word_1_103' title='bbox 325 1182 529 1246; x_wconf 88' lang='grc' dir='ltr'>παντὸς</span> <span class='ocrx_word' id='word_1_104' title='bbox 569 1184 809 1255; x_wconf 73' lang='grc' dir='ltr'>ἀρρήτου</span> <span class='ocrx_word' id='word_1_105' title='bbox 852 1183 1032 1254; x_wconf 77' lang='grc' dir='ltr'>ῥῆσιν,</span> <span class='ocrx_word' id='word_1_106' title='bbox 1073 1185 1168 1237; x_wconf 76' lang='grc' dir='ltr'><strong>καὶ</strong></span> <span class='ocrx_word' id='word_1_107' title='bbox 1210 1186 1310 1255; x_wconf 84' lang='grc' dir='ltr'><strong>τῆς</strong></span> <span class='ocrx_word' id='word_1_108' title='bbox 1350 1185 1714 1258; x_wconf 81' lang='grc' dir='ltr'>σιωπωμένης</span> <span class='ocrx_word' id='word_1_109' title='bbox 1747 1186 1914 1256; x_wconf 83' lang='grc' dir='ltr'>Σιγῆς</span> 
     </span>
    </p>
   </div>
   <div class='ocr_carea' id='block_1_14' title="bbox 329 1275 1912 1350">
    <p class='ocr_par' dir='ltr' id='par_1_14' title="bbox 329 1275 1912 1350">
     <span class='ocr_line' id='line_1_14' title="bbox 329 1275 1912 1350; baseline 0.004 -23"><span class='ocrx_word' id='word_1_110' title='bbox 329 1275 522 1347; x_wconf 80' lang='grc' dir='ltr'>στόμα.</span> <span class='ocrx_word' id='word_1_111' title='bbox 558 1275 661 1329; x_wconf 70' lang='grc' dir='ltr'>Καὶ</span> <span class='ocrx_word' id='word_1_112' title='bbox 689 1276 846 1330; x_wconf 88' lang='grc' dir='ltr'>τοῦτο</span> <span class='ocrx_word' id='word_1_113' title='bbox 870 1276 969 1346; x_wconf 82' lang='grc' dir='ltr'><strong>μὲν</strong></span> <span class='ocrx_word' id='word_1_114' title='bbox 989 1277 1049 1330; x_wconf 83' lang='grc' dir='ltr'><strong>τὸ</strong></span> <span class='ocrx_word' id='word_1_115' title='bbox 1078 1277 1238 1348; x_wconf 88' lang='grc' dir='ltr'>σῶμα</span> <span class='ocrx_word' id='word_1_116' title='bbox 1260 1278 1452 1348; x_wconf 80' lang='grc' dir='ltr'>αὐτῆς.</span> <span class='ocrx_word' id='word_1_117' title='bbox 1485 1279 1556 1332; x_wconf 76' lang='grc' dir='ltr'><strong>Σὺ</strong></span> <span class='ocrx_word' id='word_1_118' title='bbox 1589 1278 1668 1343; x_wconf 84' lang='grc' dir='ltr'>δὲ,</span> <span class='ocrx_word' id='word_1_119' title='bbox 1705 1281 1912 1350; x_wconf 79' lang='grc' dir='ltr'>μετάρ-</span> 
     </span>
    </p>
   </div>
   <div class='ocr_carea' id='block_1_15' title="bbox 329 1369 1913 1445">
    <p class='ocr_par' dir='ltr' id='par_1_15' title="bbox 329 1369 1913 1445">
     <span class='ocr_line' id='line_1_15' title="bbox 329 1369 1913 1445; baseline 0.004 -23"><span class='ocrx_word' id='word_1_120' title='bbox 329 1386 441 1422; x_wconf 89' lang='grc' dir='ltr'>σιον</span> <span class='ocrx_word' id='word_1_121' title='bbox 480 1369 700 1440; x_wconf 78' lang='grc' dir='ltr'>ἐγείρας</span> <span class='ocrx_word' id='word_1_122' title='bbox 736 1369 972 1430; x_wconf 83' lang='grc' dir='ltr'>διανοίας</span> <span class='ocrx_word' id='word_1_123' title='bbox 1010 1370 1210 1442; x_wconf 88' lang='grc' dir='ltr'>νόημα,</span> <span class='ocrx_word' id='word_1_124' title='bbox 1278 1371 1368 1424; x_wconf 84' lang='grc' dir='ltr'><strong>τὸν</strong></span> <span class='ocrx_word' id='word_1_125' title='bbox 1413 1371 1574 1426; x_wconf 83' lang='grc' dir='ltr'>αὑτὸν</span> <span class='ocrx_word' id='word_1_126' title='bbox 1611 1374 1913 1445; x_wconf 76' lang='grc' dir='ltr'>γεννήτορά</span> 
     </span>
    </p>
   </div>
   <div class='ocr_carea' id='block_1_16' title="bbox 327 1461 1912 1535">
    <p class='ocr_par' dir='ltr' id='par_1_16' title="bbox 327 1461 1912 1535">
     <span class='ocr_line' id='line_1_16' title="bbox 327 1461 1912 1535; baseline 0.003 -21"><span class='ocrx_word' id='word_1_127' title='bbox 327 1462 422 1514; x_wconf 77' lang='grc' dir='ltr'>καὶ</span> <span class='ocrx_word' id='word_1_128' title='bbox 458 1461 830 1534; x_wconf 79' lang='grc' dir='ltr'>πατροδότορα</span> <span class='ocrx_word' id='word_1_129' title='bbox 853 1463 868 1492; x_wconf 82' lang='grc'>²</span> <span class='ocrx_word' id='word_1_130' title='bbox 907 1463 1098 1530; x_wconf 80' lang='grc' dir='ltr'>Λόγον,</span> <span class='ocrx_word' id='word_1_131' title='bbox 1146 1463 1255 1516; x_wconf 74' lang='grc' dir='ltr'><strong>άπὸ</strong></span> <span class='ocrx_word' id='word_1_132' title='bbox 1297 1463 1581 1534; x_wconf 84' lang='grc' dir='ltr'>στομάτων</span> <span class='ocrx_word' id='word_1_133' title='bbox 1629 1463 1912 1535; x_wconf 76' lang='grc' dir='ltr'>Ἀληθείας</span> 
     </span>
    </p>
   </div>
   <div class='ocr_carea' id='block_1_17' title="bbox 325 1555 512 1609">
    <p class='ocr_par' dir='ltr' id='par_1_17' title="bbox 325 1555 512 1609">
     <span class='ocr_line' id='line_1_17' title="bbox 325 1555 512 1609; baseline -0.005 0"><span class='ocrx_word' id='word_1_134' title='bbox 325 1555 512 1609; x_wconf 84' lang='grc' dir='ltr'>ἄκουε.</span> 
     </span>
    </p>
   </div>
   <div class='ocr_carea' id='block_1_18' title="bbox 398 1643 1910 1720">
    <p class='ocr_par' dir='ltr' id='par_1_18' title="bbox 398 1643 1910 1720">
     <span class='ocr_line' id='line_1_18' title="bbox 398 1643 1910 1720; baseline 0.002 -19"><span class='ocrx_word' id='word_1_135' title='bbox 398 1644 489 1712; x_wconf 70' lang='grc' dir='ltr'>εἶ’.</span> <span class='ocrx_word' id='word_1_136' title='bbox 539 1643 724 1699; x_wconf 87' lang='grc' dir='ltr'>Ταῦτα</span> <span class='ocrx_word' id='word_1_137' title='bbox 772 1644 828 1698; x_wconf 79' lang='grc' dir='ltr'><strong>δὲ</strong></span> <span class='ocrx_word' id='word_1_138' title='bbox 880 1645 1085 1717; x_wconf 75' lang='grc' dir='ltr'>ταύτης</span> <span class='ocrx_word' id='word_1_139' title='bbox 1130 1646 1426 1718; x_wconf 75' lang='grc' dir='ltr'>εἰπούσης,</span> <span class='ocrx_word' id='word_1_140' title='bbox 1487 1648 1910 1720; x_wconf 74' lang='grc' dir='ltr'>προσϐλέψασαν</span> 
     </span>
    </p>
   </div>
   <div class='ocr_carea' id='block_1_19' title="bbox 325 1735 1909 1812">
    <p class='ocr_par' dir='ltr' id='par_1_19' title="bbox 325 1735 1909 1812">
     <span class='ocr_line' id='line_1_19' title="bbox 325 1735 1909 1812; baseline 0.005 -25"><span class='ocrx_word' id='word_1_141' title='bbox 325 1735 476 1806; x_wconf 82' lang='grc' dir='ltr'>αὑτῷ</span> <span class='ocrx_word' id='word_1_142' title='bbox 517 1737 616 1808; x_wconf 82' lang='grc' dir='ltr'>τὴν</span> <span class='ocrx_word' id='word_1_143' title='bbox 671 1736 975 1807; x_wconf 84' lang='grc' dir='ltr'>Ἀλήθειαν,</span> <span class='ocrx_word' id='word_1_144' title='bbox 1023 1738 1314 1805; x_wconf 82' lang='grc' dir='ltr'>ἀνοίξασαν</span> <span class='ocrx_word' id='word_1_145' title='bbox 1357 1740 1418 1792; x_wconf 85' lang='grc' dir='ltr'><strong>τὸ</strong></span> <span class='ocrx_word' id='word_1_146' title='bbox 1459 1741 1632 1808; x_wconf 83' lang='grc' dir='ltr'>στόμα</span> <span class='ocrx_word' id='word_1_147' title='bbox 1677 1740 1909 1812; x_wconf 80' lang='grc' dir='ltr'>λαλῆσαι</span> 
     </span>
    </p>
   </div>
   <div class='ocr_carea' id='block_1_20' title="bbox 325 1827 1910 1905">
    <p class='ocr_par' dir='ltr' id='par_1_20' title="bbox 325 1827 1910 1905">
     <span class='ocr_line' id='line_1_20' title="bbox 325 1827 1910 1905; baseline 0.004 -25"><span class='ocrx_word' id='word_1_148' title='bbox 325 1828 525 1895; x_wconf 69' lang='grc' dir='ltr'>Λόγονο</span> <span class='ocrx_word' id='word_1_149' title='bbox 567 1827 657 1881; x_wconf 84' lang='grc' dir='ltr'><strong>τὸν</strong></span> <span class='ocrx_word' id='word_1_150' title='bbox 695 1827 752 1881; x_wconf 82' lang='grc' dir='ltr'><strong>δὲ</strong></span> <span class='ocrx_word' id='word_1_151' title='bbox 779 1829 949 1896; x_wconf 83' lang='grc' dir='ltr'>Λόγον</span> <span class='ocrx_word' id='word_1_152' title='bbox 987 1829 1158 1900; x_wconf 78' lang='grc' dir='ltr'>ὄνομα</span> <span class='ocrx_word' id='word_1_153' title='bbox 1184 1830 1459 1898; x_wconf 85' lang='grc' dir='ltr'>γενέσθαι,</span> <span class='ocrx_word' id='word_1_154' title='bbox 1506 1832 1602 1885; x_wconf 77' lang='grc' dir='ltr'><strong>καὶ</strong></span> <span class='ocrx_word' id='word_1_155' title='bbox 1647 1833 1710 1886; x_wconf 86' lang='grc' dir='ltr'><strong>τὸ</strong></span> <span class='ocrx_word' id='word_1_156' title='bbox 1740 1833 1910 1905; x_wconf 78' lang='grc' dir='ltr'>ὄνομα</span> 
     </span>
    </p>
   </div>
   <div class='ocr_carea' id='block_1_21' title="bbox 325 1918 1911 1997">
    <p class='ocr_par' dir='ltr' id='par_1_21' title="bbox 325 1918 1911 1997">
     <span class='ocr_line' id='line_1_21' title="bbox 325 1918 1911 1997; baseline 0.004 -25"><span class='ocrx_word' id='word_1_157' title='bbox 325 1918 574 1987; x_wconf 84' lang='grc' dir='ltr'>γενέσθαι</span> <span class='ocrx_word' id='word_1_158' title='bbox 602 1919 783 1986; x_wconf 88' lang='grc' dir='ltr'>τοῦτο,</span> <span class='ocrx_word' id='word_1_159' title='bbox 806 1921 833 1974; x_wconf 86' lang='grc' dir='ltr'><strong>ὂ</strong></span> <span class='ocrx_word' id='word_1_160' title='bbox 860 1920 1199 1992; x_wconf 84' lang='grc' dir='ltr'>γινώσκομεν</span> <span class='ocrx_word' id='word_1_161' title='bbox 1232 1922 1325 1974; x_wconf 75' lang='grc' dir='ltr'><strong>καὶ</strong></span> <span class='ocrx_word' id='word_1_162' title='bbox 1361 1922 1649 1994; x_wconf 80' lang='grc' dir='ltr'>λαλοῦμεν,</span> <span class='ocrx_word' id='word_1_163' title='bbox 1677 1925 1911 1997; x_wconf 80' lang='grc' dir='ltr'>Χριστὸν</span> 
     </span>
    </p>
   </div>
   <div class='ocr_carea' id='block_1_22' title="bbox 338 2011 1912 2088">
    <p class='ocr_par' dir='ltr' id='par_1_22' title="bbox 338 2011 1912 2088">
     <span class='ocr_line' id='line_1_22' title="bbox 338 2011 1912 2088; baseline 0.004 -24"><span class='ocrx_word' id='word_1_164' title='bbox 338 2011 546 2081; x_wconf 84' lang='grc' dir='ltr'>Ἰησοῦν</span> <span class='ocrx_word' id='word_1_165' title='bbox 569 2029 582 2042; x_wconf 84' lang='lat'>&#39;</span> <span class='ocrx_word' id='word_1_166' title='bbox 614 2013 642 2066; x_wconf 81' lang='grc' dir='ltr'><strong>ὃ</strong></span> <span class='ocrx_word' id='word_1_167' title='bbox 670 2013 763 2066; x_wconf 75' lang='grc' dir='ltr'><strong>καὶ</strong></span> <span class='ocrx_word' id='word_1_168' title='bbox 785 2013 1131 2083; x_wconf 76' lang='grc' dir='ltr'>ὀνομάσασαν</span> <span class='ocrx_word' id='word_1_169' title='bbox 1151 2014 1320 2085; x_wconf 80' lang='grc' dir='ltr'>αὐτὴν</span> <span class='ocrx_word' id='word_1_170' title='bbox 1350 2016 1480 2086; x_wconf 84' lang='grc' dir='ltr'>παρ’</span> <span class='ocrx_word' id='word_1_171' title='bbox 1503 2017 1640 2088; x_wconf 76' lang='grc' dir='ltr'>αὐτῇ</span> <span class='ocrx_word' id='word_1_172' title='bbox 1668 2017 1761 2070; x_wconf 75' lang='grc' dir='ltr'><strong>καὶ</strong></span> <span class='ocrx_word' id='word_1_173' title='bbox 1788 2035 1912 2070; x_wconf 90' lang='grc' dir='ltr'>σιω-</span> 
     </span>
    </p>
   </div>
   <div class='ocr_carea' id='block_1_23' title="bbox 325 2103 1912 2178">
    <p class='ocr_par' dir='ltr' id='par_1_23' title="bbox 325 2103 1912 2178">
     <span class='ocr_line' id='line_1_23' title="bbox 325 2103 1912 2178; baseline 0.003 -23"><span class='ocrx_word' id='word_1_174' title='bbox 452 2103 469 2173; x_wconf 89' lang='grc'>(</span> <span class='ocrx_word' id='word_1_175' title='bbox 482 2105 494 2156; x_wconf 91' lang='grc' dir='ltr'><strong>Ι</strong></span> <span class='ocrx_word' id='word_1_176' title='bbox 509 2104 584 2170; x_wconf 80' lang='grc'><strong>5).</strong></span> <span class='ocrx_word' id='word_1_177' title='bbox 609 2105 1024 2176; x_wconf 83' lang='grc' dir='ltr'>Προσδοκῶντος</span> <span class='ocrx_word' id='word_1_178' title='bbox 1045 2105 1102 2159; x_wconf 84' lang='grc' dir='ltr'><strong>δὲ</strong></span> <span class='ocrx_word' id='word_1_179' title='bbox 1125 2105 1218 2158; x_wconf 88' lang='grc' dir='ltr'><strong>τοῦ</strong></span> <span class='ocrx_word' id='word_1_180' title='bbox 1239 2106 1467 2177; x_wconf 85' lang='grc' dir='ltr'>Μάρκου</span> <span class='ocrx_word' id='word_1_181' title='bbox 1491 2107 1674 2161; x_wconf 85' lang='grc' dir='ltr'>πλεῖόν</span> <span class='ocrx_word' id='word_1_182' title='bbox 1695 2125 1747 2160; x_wconf 87' lang='grc' dir='ltr'><strong>τι</strong></span> <span class='ocrx_word' id='word_1_183' title='bbox 1781 2108 1912 2178; x_wconf 86' lang='grc' dir='ltr'>μέλ-</span> 
     </span>
    </p>
   </div>
   <div class='ocr_carea' id='block_1_24' title="bbox 323 2193 1912 2270">
    <p class='ocr_par' dir='ltr' id='par_1_24' title="bbox 323 2193 1912 2270">
     <span class='ocr_line' id='line_1_24' title="bbox 323 2193 1912 2270; baseline 0.005 -26"><span class='ocrx_word' id='word_1_184' title='bbox 323 2194 434 2246; x_wconf 80' lang='grc' dir='ltr'>λειν</span> <span class='ocrx_word' id='word_1_185' title='bbox 468 2193 638 2266; x_wconf 77' lang='grc' dir='ltr'>αὐτὴν</span> <span class='ocrx_word' id='word_1_186' title='bbox 678 2195 879 2263; x_wconf 85' lang='grc' dir='ltr'>λέγειν,</span> <span class='ocrx_word' id='word_1_187' title='bbox 919 2195 1079 2250; x_wconf 86' lang='grc' dir='ltr'>πάλιν</span> <span class='ocrx_word' id='word_1_188' title='bbox 1108 2198 1142 2268; x_wconf 85' lang='grc' dir='ltr'><strong>ή</strong></span> <span class='ocrx_word' id='word_1_189' title='bbox 1181 2197 1519 2269; x_wconf 76' lang='grc' dir='ltr'>Τετρακτὺς,</span> <span class='ocrx_word' id='word_1_190' title='bbox 1561 2197 1912 2270; x_wconf 73' lang='grc' dir='ltr'>παρελθοῦσα</span> 
     </span>
    </p>
   </div>
   <div class='ocr_carea' id='block_1_25' title="bbox 323 2286 1910 2363">
    <p class='ocr_par' dir='ltr' id='par_1_25' title="bbox 323 2286 1910 2363">
     <span class='ocr_line' id='line_1_25' title="bbox 323 2286 1910 2363; baseline 0.005 -26"><span class='ocrx_word' id='word_1_191' title='bbox 323 2288 403 2349; x_wconf 82' lang='grc' dir='ltr'>εἰς</span> <span class='ocrx_word' id='word_1_192' title='bbox 426 2286 486 2338; x_wconf 83' lang='grc' dir='ltr'><strong>τὸ</strong></span> <span class='ocrx_word' id='word_1_193' title='bbox 510 2287 693 2357; x_wconf 81' lang='grc' dir='ltr'>μέσον,</span> <span class='ocrx_word' id='word_1_194' title='bbox 727 2288 910 2358; x_wconf 84' lang='grc' dir='ltr'>φησίν.</span> <span class='ocrx_word' id='word_1_195' title='bbox 972 2289 1059 2353; x_wconf 82' lang='grc' dir='ltr'>Ὠς</span> <span class='ocrx_word' id='word_1_196' title='bbox 1090 2290 1568 2362; x_wconf 76' lang='grc' dir='ltr'>εὐκαταφρόνητον</span> <span class='ocrx_word' id='word_1_197' title='bbox 1594 2292 1789 2363; x_wconf 86' lang='grc' dir='ltr'>ἡγήσω</span> <span class='ocrx_word' id='word_1_198' title='bbox 1817 2292 1910 2345; x_wconf 87' lang='grc' dir='ltr'><strong>τὸν</strong></span> 
     </span>
    </p>
   </div>
   <div class='ocr_carea' id='block_1_26' title="bbox 323 2378 1908 2454">
    <p class='ocr_par' dir='ltr' id='par_1_26' title="bbox 323 2378 1908 2454">
     <span class='ocr_line' id='line_1_26' title="bbox 323 2378 1908 2454; baseline 0.006 -24"><span class='ocrx_word' id='word_1_199' title='bbox 323 2379 499 2447; x_wconf 83' lang='grc' dir='ltr'>λόγον,</span> <span class='ocrx_word' id='word_1_200' title='bbox 529 2378 587 2432; x_wconf 82' lang='grc' dir='ltr'><strong>όν</strong></span> <span class='ocrx_word' id='word_1_201' title='bbox 619 2379 729 2432; x_wconf 82' lang='grc' dir='ltr'><strong>άπὸ</strong></span> <span class='ocrx_word' id='word_1_202' title='bbox 759 2381 1042 2450; x_wconf 76' lang='grc' dir='ltr'>στομάτων</span> <span class='ocrx_word' id='word_1_203' title='bbox 1073 2381 1172 2450; x_wconf 83' lang='grc' dir='ltr'>τῆς</span> <span class='ocrx_word' id='word_1_204' title='bbox 1211 2381 1493 2451; x_wconf 79' lang='grc' dir='ltr'>’Λληθείας</span> <span class='ocrx_word' id='word_1_205' title='bbox 1524 2384 1795 2454; x_wconf 78' lang='grc' dir='ltr'>ήκουσαςί</span> <span class='ocrx_word' id='word_1_206' title='bbox 1833 2385 1908 2439; x_wconf 83' lang='grc' dir='ltr'><strong>Οὐ</strong></span> 
     </span>
    </p>
   </div>
   <div class='ocr_carea' id='block_1_27' title="bbox 323 2467 1905 2545">
    <p class='ocr_par' dir='ltr' id='par_1_27' title="bbox 323 2467 1905 2545">
     <span class='ocr_line' id='line_1_27' title="bbox 323 2467 1905 2545; baseline 0.003 -22"><span class='ocrx_word' id='word_1_207' title='bbox 323 2470 466 2524; x_wconf 74' lang='grc' dir='ltr'>τοῦθ’</span> <span class='ocrx_word' id='word_1_208' title='bbox 505 2470 642 2540; x_wconf 81' lang='grc' dir='ltr'>ὅπερ</span> <span class='ocrx_word' id='word_1_209' title='bbox 681 2467 827 2533; x_wconf 76' lang='grc' dir='ltr'>οἶδας</span> <span class='ocrx_word' id='word_1_210' title='bbox 865 2472 960 2524; x_wconf 73' lang='grc' dir='ltr'><strong>καὶ</strong></span> <span class='ocrx_word' id='word_1_211' title='bbox 1002 2471 1214 2535; x_wconf 82' lang='grc' dir='ltr'>δοκοῖς²</span> <span class='ocrx_word' id='word_1_212' title='bbox 1261 2473 1490 2526; x_wconf 86' lang='grc' dir='ltr'>παλαιόν</span> <span class='ocrx_word' id='word_1_213' title='bbox 1534 2475 1680 2526; x_wconf 82' lang='grc' dir='ltr'>ἐστιν</span> <span class='ocrx_word' id='word_1_214' title='bbox 1715 2475 1905 2545; x_wconf 75' lang='grc' dir='ltr'>ὄνομα.</span> 
     </span>
    </p>
   </div>
   <div class='ocr_carea' id='block_1_28' title="bbox 320 2562 1905 2636">
    <p class='ocr_par' dir='ltr' id='par_1_28' title="bbox 320 2562 1905 2636">
     <span class='ocr_line' id='line_1_28' title="bbox 320 2562 1905 2636; baseline 0.006 -22"><span class='ocrx_word' id='word_1_215' title='bbox 320 2565 508 2634; x_wconf 76' lang='grc' dir='ltr'>Φωνὴν</span> <span class='ocrx_word' id='word_1_216' title='bbox 529 2562 638 2634; x_wconf 80' lang='grc' dir='ltr'><strong>γάρ</strong></span> <span class='ocrx_word' id='word_1_217' title='bbox 669 2563 828 2634; x_wconf 84' lang='grc' dir='ltr'>μόνον</span> <span class='ocrx_word' id='word_1_218' title='bbox 848 2563 992 2634; x_wconf 78' lang='grc' dir='ltr'>ἔχεις</span> <span class='ocrx_word' id='word_1_219' title='bbox 1016 2563 1203 2630; x_wconf 79' lang='grc' dir='ltr'>αὑτοῦ,</span> <span class='ocrx_word' id='word_1_220' title='bbox 1226 2564 1322 2636; x_wconf 82' lang='grc' dir='ltr'><strong>τήν</strong></span> <span class='ocrx_word' id='word_1_221' title='bbox 1347 2565 1403 2618; x_wconf 79' lang='grc' dir='ltr'>δὲ</span> <span class='ocrx_word' id='word_1_222' title='bbox 1428 2565 1658 2635; x_wconf 78' lang='grc' dir='ltr'>δύναμιν</span> <span class='ocrx_word' id='word_1_223' title='bbox 1673 2566 1905 2635; x_wconf 78' lang='grc' dir='ltr'>ἀγνοεῖς.</span> 
     </span>
    </p>
   </div>
   <div class='ocr_carea' id='block_1_29' title="bbox 335 2656 1908 2731">
    <p class='ocr_par' dir='ltr' id='par_1_29' title="bbox 335 2656 1908 2731">
     <span class='ocr_line' id='line_1_29' title="bbox 335 2656 1908 2731; baseline 0.003 -23"><span class='ocrx_word' id='word_1_224' title='bbox 335 2656 541 2725; x_wconf 79' lang='grc' dir='ltr'>Ἰησοῦς</span> <span class='ocrx_word' id='word_1_225' title='bbox 568 2656 668 2727; x_wconf 83' lang='grc' dir='ltr'><strong>μὲν</strong></span> <span class='ocrx_word' id='word_1_226' title='bbox 701 2658 810 2728; x_wconf 91' lang='grc' dir='ltr'><strong>γάρ</strong></span> <span class='ocrx_word' id='word_1_227' title='bbox 839 2658 986 2710; x_wconf 83' lang='grc' dir='ltr'>ἐστιν</span> <span class='ocrx_word' id='word_1_228' title='bbox 1017 2657 1286 2729; x_wconf 80' lang='grc' dir='ltr'>ἐπίσημον</span> <span class='ocrx_word' id='word_1_229' title='bbox 1314 2657 1504 2730; x_wconf 75' lang='grc' dir='ltr'>ὄνομα,</span> <span class='ocrx_word' id='word_1_230' title='bbox 1538 2657 1596 2725; x_wconf 78' lang='grc' dir='ltr'>ἓξ</span> <span class='ocrx_word' id='word_1_231' title='bbox 1625 2657 1698 2710; x_wconf 90' lang='grc' dir='ltr'><strong>ῶν</strong></span> <span class='ocrx_word' id='word_1_232' title='bbox 1725 2659 1908 2731; x_wconf 88' lang='grc' dir='ltr'>γράμ-</span> 
     </span>
    </p>
   </div>
   <div class='ocr_carea' id='block_1_30' title="bbox 325 2748 1904 2824">
    <p class='ocr_par' dir='ltr' id='par_1_30' title="bbox 325 2748 1904 2824">
     <span class='ocr_line' id='line_1_30' title="bbox 325 2748 1904 2824; baseline 0.003 -23"><span class='ocrx_word' id='word_1_233' title='bbox 325 2765 492 2817; x_wconf 77' lang='grc' dir='ltr'>ματα,</span> <span class='ocrx_word' id='word_1_234' title='bbox 523 2748 626 2801; x_wconf 82' lang='grc' dir='ltr'><strong>ὑπὸ</strong></span> <span class='ocrx_word' id='word_1_235' title='bbox 664 2749 884 2803; x_wconf 80' lang='grc' dir='ltr'>πάντων</span> <span class='ocrx_word' id='word_1_236' title='bbox 917 2750 1025 2804; x_wconf 92' lang='grc' dir='ltr'><strong>τῶν</strong></span> <span class='ocrx_word' id='word_1_237' title='bbox 1056 2751 1157 2821; x_wconf 71' lang='grc' dir='ltr'>τῆς</span> <span class='ocrx_word' id='word_1_238' title='bbox 1187 2752 1438 2822; x_wconf 77' lang='grc' dir='ltr'>κλήσεως</span> <span class='ocrx_word' id='word_1_239' title='bbox 1472 2754 1904 2824; x_wconf 85' lang='grc' dir='ltr'>γινωσκόμενον·</span> 
     </span>
    </p>
   </div>
   <div class='ocr_carea' id='block_1_31' title="bbox 320 2839 1910 2919">
    <p class='ocr_par' dir='ltr' id='par_1_31' title="bbox 320 2839 1910 2919">
     <span class='ocr_line' id='line_1_31' title="bbox 320 2839 1910 2919; baseline 0.005 -28"><span class='ocrx_word' id='word_1_240' title='bbox 320 2840 381 2892; x_wconf 78' lang='grc' dir='ltr'>τὸ</span> <span class='ocrx_word' id='word_1_241' title='bbox 425 2839 481 2892; x_wconf 86' lang='grc' dir='ltr'>δὲ</span> <span class='ocrx_word' id='word_1_242' title='bbox 517 2839 671 2912; x_wconf 73' lang='grc' dir='ltr'>παρὰ</span> <span class='ocrx_word' id='word_1_243' title='bbox 708 2845 820 2906; x_wconf 85' lang='grc' dir='ltr'>τοῖς</span> <span class='ocrx_word' id='word_1_244' title='bbox 853 2843 1025 2896; x_wconf 80' lang='grc' dir='ltr'>Αίῶσι</span> <span class='ocrx_word' id='word_1_245' title='bbox 1065 2844 1158 2897; x_wconf 88' lang='grc' dir='ltr'><strong>τοῦ</strong></span> <span class='ocrx_word' id='word_1_246' title='bbox 1197 2843 1573 2916; x_wconf 86' lang='grc' dir='ltr'>Πληρώματος</span> <span class='ocrx_word' id='word_1_247' title='bbox 1604 2845 1910 2919; x_wconf 78' lang='grc' dir='ltr'>πολυμερὲς</span> 
     </span>
    </p>
   </div>
   <div class='ocr_carea' id='block_1_32' title="bbox 319 2933 1907 3008">
    <p class='ocr_par' dir='ltr' id='par_1_32' title="bbox 319 2933 1907 3008">
     <span class='ocr_line' id='line_1_32' title="bbox 319 2933 1907 3008; baseline 0.005 -25"><span class='ocrx_word' id='word_1_248' title='bbox 319 2933 586 3003; x_wconf 78' lang='grc' dir='ltr'>τυγχάνον</span> <span class='ocrx_word' id='word_1_249' title='bbox 622 2933 791 3005; x_wconf 81' lang='grc' dir='ltr'>ἄλλης</span> <span class='ocrx_word' id='word_1_250' title='bbox 829 2935 946 2987; x_wconf 78' lang='grc' dir='ltr'>ἐστὶ</span> <span class='ocrx_word' id='word_1_251' title='bbox 983 2935 1199 3006; x_wconf 73' lang='grc' dir='ltr'>μορφῆς</span> <span class='ocrx_word' id='word_1_252' title='bbox 1240 2936 1334 2989; x_wconf 75' lang='grc' dir='ltr'><strong>καὶ</strong></span> <span class='ocrx_word' id='word_1_253' title='bbox 1366 2937 1554 3008; x_wconf 77' lang='grc' dir='ltr'>ἐτέρου</span> <span class='ocrx_word' id='word_1_254' title='bbox 1595 2937 1790 3002; x_wconf 80' lang='grc' dir='ltr'>τύπου,</span> <span class='ocrx_word' id='word_1_255' title='bbox 1819 2955 1907 3007; x_wconf 83' lang='grc' dir='ltr'>γι-</span> 
     </span>
    </p>
   </div>
   <div class='ocr_carea' id='block_1_33' title="bbox 320 3024 1907 3102">
    <p class='ocr_par' dir='ltr' id='par_1_33' title="bbox 320 3024 1907 3102">
     <span class='ocr_line' id='line_1_33' title="bbox 320 3024 1907 3102; baseline 0.005 -26"><span class='ocrx_word' id='word_1_256' title='bbox 320 3026 665 3097; x_wconf 87' lang='grc' dir='ltr'>νωσκόμενον</span> <span class='ocrx_word' id='word_1_257' title='bbox 699 3029 788 3080; x_wconf 81' lang='grc' dir='ltr'>ὑπ’</span> <span class='ocrx_word' id='word_1_258' title='bbox 823 3028 1044 3081; x_wconf 77' lang='grc' dir='ltr'>ἐκείνων</span> <span class='ocrx_word' id='word_1_259' title='bbox 1073 3029 1182 3082; x_wconf 90' lang='grc' dir='ltr'><strong>τῶν</strong></span> <span class='ocrx_word' id='word_1_260' title='bbox 1215 3030 1515 3098; x_wconf 82' lang='grc' dir='ltr'>συγγενῶν,</span> <span class='ocrx_word' id='word_1_261' title='bbox 1545 3024 1653 3084; x_wconf 83' lang='grc' dir='ltr'><strong>ὧν³</strong></span> <span class='ocrx_word' id='word_1_262' title='bbox 1702 3031 1769 3083; x_wconf 79' lang='grc' dir='ltr'><strong>τά</strong></span> <span class='ocrx_word' id='word_1_263' title='bbox 1810 3049 1907 3102; x_wconf 90' lang='grc' dir='ltr'>με-</span> 
     </span>
    </p>
   </div>
   <div class='ocr_carea' id='block_1_34' title="bbox 2022 541 3604 609">
    <p class='ocr_par' dir='ltr' id='par_1_34' title="bbox 2022 541 3604 609">
     <span class='ocr_line' id='line_1_34' title="bbox 2022 541 3604 609; baseline 0.002 -14"><span class='ocrx_word' id='word_1_264' title='bbox 2022 543 2102 609; x_wconf 87' lang='grc' dir='ltr'>Υ,</span> <span class='ocrx_word' id='word_1_265' title='bbox 2151 543 2375 597; x_wconf 86' lang='lat' dir='ltr'><strong>dorsum</strong></span> <span class='ocrx_word' id='word_1_266' title='bbox 2407 545 2445 596; x_wconf 91' lang='grc' dir='ltr'><strong><em>Ζ</em></strong></span> <span class='ocrx_word' id='word_1_267' title='bbox 2488 553 2540 598; x_wconf 90' lang='lat' dir='ltr'><strong>et</strong></span> <span class='ocrx_word' id='word_1_268' title='bbox 2565 543 2632 606; x_wconf 95' lang='lat' dir='ltr'><strong>T,</strong></span> <span class='ocrx_word' id='word_1_269' title='bbox 2669 553 2915 597; x_wconf 87' lang='lat' dir='ltr'><strong>ventrem</strong></span> <span class='ocrx_word' id='word_1_270' title='bbox 2967 541 3015 594; x_wconf 82' lang='grc' dir='ltr'>Η</span> <span class='ocrx_word' id='word_1_271' title='bbox 3045 549 3098 596; x_wconf 90' lang='lat' dir='ltr'><strong>et</strong></span> <span class='ocrx_word' id='word_1_272' title='bbox 3129 543 3199 609; x_wconf 89' lang='grc' dir='ltr'>Σ,</span> <span class='ocrx_word' id='word_1_273' title='bbox 3246 542 3452 598; x_wconf 81' lang='lat' dir='ltr'><strong>femora</strong></span> <span class='ocrx_word' id='word_1_274' title='bbox 3482 541 3526 597; x_wconf 86' lang='grc' dir='ltr'>Θ</span> <span class='ocrx_word' id='word_1_275' title='bbox 3550 549 3604 598; x_wconf 88' lang='lat' dir='ltr'><strong>et</strong></span> 
     </span>
    </p>
   </div>
   <div class='ocr_carea' id='block_1_35' title="bbox 2021 633 3603 706">
    <p class='ocr_par' dir='ltr' id='par_1_35' title="bbox 2021 633 3603 706">
     <span class='ocr_line' id='line_1_35' title="bbox 2021 633 3603 706; baseline 0.001 -16"><span class='ocrx_word' id='word_1_276' title='bbox 2021 638 2084 699; x_wconf 93' lang='grc' dir='ltr'><strong>Ρ,</strong></span> <span class='ocrx_word' id='word_1_277' title='bbox 2117 653 2292 706; x_wconf 82' lang='lat' dir='ltr'><strong>genua</strong></span> <span class='ocrx_word' id='word_1_278' title='bbox 2315 639 2336 690; x_wconf 89' lang='grc' dir='ltr'><strong>Ι</strong></span> <span class='ocrx_word' id='word_1_279' title='bbox 2361 645 2414 691; x_wconf 92' lang='lat' dir='ltr'><strong>et</strong></span> <span class='ocrx_word' id='word_1_280' title='bbox 2443 638 2524 700; x_wconf 92' lang='grc' dir='ltr'><strong>Π,</strong></span> <span class='ocrx_word' id='word_1_281' title='bbox 2560 636 2725 692; x_wconf 89' lang='lat' dir='ltr'><strong>tibias</strong></span> <span class='ocrx_word' id='word_1_282' title='bbox 2751 637 2800 689; x_wconf 86' lang='lat' dir='ltr'><strong>K</strong></span> <span class='ocrx_word' id='word_1_283' title='bbox 2833 641 2888 690; x_wconf 86' lang='lat' dir='ltr'><strong>et</strong></span> <span class='ocrx_word' id='word_1_284' title='bbox 2914 635 2956 689; x_wconf 91' lang='grc' dir='ltr'><strong>Ο</strong></span> <span class='ocrx_word' id='word_1_285' title='bbox 2977 679 2990 700; x_wconf 87' lang='grc'>,</span> <span class='ocrx_word' id='word_1_286' title='bbox 3016 636 3157 691; x_wconf 89' lang='lat' dir='ltr'><strong>talos</strong></span> <span class='ocrx_word' id='word_1_287' title='bbox 3185 636 3229 689; x_wconf 86' lang='grc' dir='ltr'><strong>Λ</strong></span> <span class='ocrx_word' id='word_1_288' title='bbox 3259 645 3312 690; x_wconf 88' lang='lat' dir='ltr'><strong>et</strong></span> <span class='ocrx_word' id='word_1_289' title='bbox 3342 633 3405 699; x_wconf 89' lang='grc' dir='ltr'>Ξ,</span> <span class='ocrx_word' id='word_1_290' title='bbox 3435 633 3603 706; x_wconf 89' lang='lat' dir='ltr'><strong>pedes</strong></span> 
     </span>
    </p>
   </div>
   <div class='ocr_carea' id='block_1_36' title="bbox 2020 726 3602 800">
    <p class='ocr_par' dir='ltr' id='par_1_36' title="bbox 2020 726 3602 800">
     <span class='ocr_line' id='line_1_36' title="bbox 2020 726 3602 800; baseline 0.001 -18"><span class='ocrx_word' id='word_1_291' title='bbox 2020 729 2075 782; x_wconf 82' lang='grc' dir='ltr'>Μ</span> <span class='ocrx_word' id='word_1_292' title='bbox 2105 737 2159 784; x_wconf 92' lang='lat' dir='ltr'><strong>et</strong></span> <span class='ocrx_word' id='word_1_293' title='bbox 2187 730 2255 783; x_wconf 92' lang='grc' dir='ltr'><strong>Ν.</strong></span> <span class='ocrx_word' id='word_1_294' title='bbox 2310 728 2626 800; x_wconf 86' lang='lat' dir='ltr'><strong>Ejusmodi,</strong></span> <span class='ocrx_word' id='word_1_295' title='bbox 2674 737 2734 782; x_wconf 92' lang='lat' dir='ltr'><strong>ut</strong></span> <span class='ocrx_word' id='word_1_296' title='bbox 2761 743 2951 796; x_wconf 81' lang='lat' dir='ltr'><strong>magus</strong></span> <span class='ocrx_word' id='word_1_297' title='bbox 2983 728 3072 782; x_wconf 91' lang='lat' dir='ltr'><strong>ille</strong></span> <span class='ocrx_word' id='word_1_298' title='bbox 3123 727 3311 798; x_wconf 83' lang='lat' dir='ltr'><strong>lingit,</strong></span> <span class='ocrx_word' id='word_1_299' title='bbox 3344 726 3602 783; x_wconf 70' lang='lat' dir='ltr'><strong>Veritatis</strong></span> 
     </span>
    </p>
   </div>
   <div class='ocr_carea' id='block_1_37' title="bbox 2017 818 3602 890">
    <p class='ocr_par' dir='ltr' id='par_1_37' title="bbox 2017 818 3602 890">
     <span class='ocr_line' id='line_1_37' title="bbox 2017 818 3602 890; baseline -0.003 -14"><span class='ocrx_word' id='word_1_300' title='bbox 2017 828 2105 876; x_wconf 91' lang='lat' dir='ltr'><strong>est</strong></span> <span class='ocrx_word' id='word_1_301' title='bbox 2155 835 2390 890; x_wconf 90' lang='lat' dir='ltr'><strong>corpus;</strong></span> <span class='ocrx_word' id='word_1_302' title='bbox 2439 820 2553 874; x_wconf 68' lang='lat' dir='ltr'><strong>limo</strong></span> <span class='ocrx_word' id='word_1_303' title='bbox 2581 820 2835 874; x_wconf 87' lang='lat' dir='ltr'><strong>elementi</strong></span> <span class='ocrx_word' id='word_1_304' title='bbox 2871 819 3078 889; x_wconf 79' lang='lat' dir='ltr'><strong>ﬁgura;</strong></span> <span class='ocrx_word' id='word_1_305' title='bbox 3112 819 3199 873; x_wconf 88' lang='lat' dir='ltr'><strong>hic</strong></span> <span class='ocrx_word' id='word_1_306' title='bbox 3235 819 3426 874; x_wconf 68' lang='lat' dir='ltr'><strong>littera:</strong></span> <span class='ocrx_word' id='word_1_307' title='bbox 3467 818 3602 873; x_wconf 81' lang='lat' dir='ltr'><strong>cha-</strong></span> 
     </span>
    </p>
   </div>
   <div class='ocr_carea' id='block_1_38' title="bbox 2018 909 3597 984">
    <p class='ocr_par' dir='ltr' id='par_1_38' title="bbox 2018 909 3597 984">
     <span class='ocr_line' id='line_1_38' title="bbox 2018 909 3597 984; baseline -0.006 -14"><span class='ocrx_word' id='word_1_308' title='bbox 2018 923 2218 970; x_wconf 89' lang='lat' dir='ltr'><strong>racter.</strong></span> <span class='ocrx_word' id='word_1_309' title='bbox 2237 913 2400 984; x_wconf 75' lang='lat'><strong>239</strong></span> <span class='ocrx_word' id='word_1_310' title='bbox 2432 913 2537 968; x_wconf 87' lang='lat' dir='ltr'><strong>Sed</strong></span> <span class='ocrx_word' id='word_1_311' title='bbox 2564 913 2892 967; x_wconf 90' lang='lat' dir='ltr'><strong>elementum</strong></span> <span class='ocrx_word' id='word_1_312' title='bbox 2914 912 3091 980; x_wconf 90' lang='lat' dir='ltr'><strong>ipsum</strong></span> <span class='ocrx_word' id='word_1_313' title='bbox 3111 909 3391 964; x_wconf 88' lang='lat' dir='ltr'><strong>hominem</strong></span> <span class='ocrx_word' id='word_1_314' title='bbox 3416 916 3597 970; x_wconf 89' lang='lat' dir='ltr'><strong>vocat,</strong></span> 
     </span>
    </p>
   </div>
   <div class='ocr_carea' id='block_1_39' title="bbox 2016 1001 3598 1078">
    <p class='ocr_par' dir='ltr' id='par_1_39' title="bbox 2016 1001 3598 1078">
     <span class='ocr_line' id='line_1_39' title="bbox 2016 1001 3598 1078; baseline -0.005 -14"><span class='ocrx_word' id='word_1_315' title='bbox 2016 1011 2333 1078; x_wconf 82' lang='lat' dir='ltr'><strong>fontemque</strong></span> <span class='ocrx_word' id='word_1_316' title='bbox 2362 1003 2659 1062; x_wconf 65' lang='lat' dir='ltr'><strong>&#39;sermonis</strong></span> <span class='ocrx_word' id='word_1_317' title='bbox 2712 1003 2893 1059; x_wconf 88' lang='lat' dir='ltr'><strong>omnis</strong></span> <span class='ocrx_word' id='word_1_318' title='bbox 2945 1017 3069 1058; x_wconf 88' lang='lat' dir='ltr'><strong>esse</strong></span> <span class='ocrx_word' id='word_1_319' title='bbox 3115 1001 3282 1064; x_wconf 90' lang='lat' dir='ltr'><strong>dicit,</strong></span> <span class='ocrx_word' id='word_1_320' title='bbox 3339 1015 3404 1055; x_wconf 90' lang='lat' dir='ltr'><strong>ac</strong></span> <span class='ocrx_word' id='word_1_321' title='bbox 3445 1001 3598 1056; x_wconf 80' lang='lat' dir='ltr'><strong>vocis</strong></span> 
     </span>
    </p>
   </div>
   <div class='ocr_carea' id='block_1_40' title="bbox 2016 1091 3599 1171">
    <p class='ocr_par' dir='ltr' id='par_1_40' title="bbox 2016 1091 3599 1171">
     <span class='ocr_line' id='line_1_40' title="bbox 2016 1091 3599 1171; baseline -0.006 -16"><span class='ocrx_word' id='word_1_322' title='bbox 2016 1103 2196 1156; x_wconf 90' lang='lat' dir='ltr'><strong>omnis</strong></span> <span class='ocrx_word' id='word_1_323' title='bbox 2235 1098 2598 1171; x_wconf 87' lang='lat' dir='ltr'><strong>principium,</strong></span> <span class='ocrx_word' id='word_1_324' title='bbox 2645 1104 2700 1151; x_wconf 88' lang='lat' dir='ltr'><strong>et</strong></span> <span class='ocrx_word' id='word_1_325' title='bbox 2748 1095 2871 1166; x_wconf 87' lang='lat' dir='ltr'><strong>ejus</strong></span> <span class='ocrx_word' id='word_1_326' title='bbox 2909 1095 3090 1149; x_wconf 90' lang='lat' dir='ltr'><strong>omnis</strong></span> <span class='ocrx_word' id='word_1_327' title='bbox 3138 1093 3285 1163; x_wconf 90' lang='lat' dir='ltr'><strong>quod</strong></span> <span class='ocrx_word' id='word_1_328' title='bbox 3335 1091 3599 1162; x_wconf 66' lang='lat' dir='ltr'><strong>esplicari</strong></span> 
     </span>
    </p>
   </div>
   <div class='ocr_carea' id='block_1_41' title="bbox 2016 1181 3602 1262">
    <p class='ocr_par' dir='ltr' id='par_1_41' title="bbox 2016 1181 3602 1262">
     <span class='ocr_line' id='line_1_41' title="bbox 2016 1181 3602 1262; baseline -0.008 -14"><span class='ocrx_word' id='word_1_329' title='bbox 2016 1193 2195 1248; x_wconf 85' lang='lat' dir='ltr'><strong>verbis</strong></span> <span class='ocrx_word' id='word_1_330' title='bbox 2224 1198 2478 1262; x_wconf 89' lang='lat' dir='ltr'><strong>nequeat,</strong></span> <span class='ocrx_word' id='word_1_331' title='bbox 2505 1188 2795 1244; x_wconf 87' lang='lat' dir='ltr'><strong>dictionem</strong></span> <span class='ocrx_word' id='word_1_332' title='bbox 2830 1185 3120 1255; x_wconf 63' lang='lat' dir='ltr'><strong>tacitaeque</strong></span> <span class='ocrx_word' id='word_1_333' title='bbox 3157 1183 3312 1256; x_wconf 77' lang='lat' dir='ltr'><strong>Siges</strong></span> <span class='ocrx_word' id='word_1_334' title='bbox 3342 1198 3404 1239; x_wconf 90' lang='lat' dir='ltr'><strong>os</strong></span> <span class='ocrx_word' id='word_1_335' title='bbox 3427 1181 3602 1254; x_wconf 84' lang='lat' dir='ltr'><strong>quod—</strong></span> 
     </span>
    </p>
   </div>
   <div class='ocr_carea' id='block_1_42' title="bbox 2015 1274 3596 1354">
    <p class='ocr_par' dir='ltr' id='par_1_42' title="bbox 2015 1274 3596 1354">
     <span class='ocr_line' id='line_1_42' title="bbox 2015 1274 3596 1354; baseline -0.007 -14"><span class='ocrx_word' id='word_1_336' title='bbox 2015 1287 2161 1340; x_wconf 82' lang='lat' dir='ltr'><strong>dam.</strong></span> <span class='ocrx_word' id='word_1_337' title='bbox 2193 1285 2272 1339; x_wconf 89' lang='lat' dir='ltr'><strong>Ac</strong></span> <span class='ocrx_word' id='word_1_338' title='bbox 2306 1283 2411 1338; x_wconf 88' lang='lat' dir='ltr'><strong>tale</strong></span> <span class='ocrx_word' id='word_1_339' title='bbox 2435 1281 2654 1354; x_wconf 88' lang='lat' dir='ltr'><strong>quidem</strong></span> <span class='ocrx_word' id='word_1_340' title='bbox 2684 1280 2832 1335; x_wconf 92' lang='lat' dir='ltr'><strong>illius</strong></span> <span class='ocrx_word' id='word_1_341' title='bbox 2867 1294 3068 1349; x_wconf 91' lang='lat' dir='ltr'><strong>corpus</strong></span> <span class='ocrx_word' id='word_1_342' title='bbox 3094 1274 3421 1333; x_wconf 79' lang='lat' dir='ltr'><strong>exstitit.’l’u</strong></span> <span class='ocrx_word' id='word_1_343' title='bbox 3443 1289 3596 1344; x_wconf 86' lang='lat' dir='ltr'><strong>vero,</strong></span> 
     </span>
    </p>
   </div>
   <div class='ocr_carea' id='block_1_43' title="bbox 2011 1366 3600 1449">
    <p class='ocr_par' dir='ltr' id='par_1_43' title="bbox 2011 1366 3600 1449">
     <span class='ocr_line' id='line_1_43' title="bbox 2011 1366 3600 1449; baseline -0.009 -16"><span class='ocrx_word' id='word_1_344' title='bbox 2011 1379 2189 1449; x_wconf 87' lang='lat' dir='ltr'><strong>inquit</strong></span> <span class='ocrx_word' id='word_1_345' title='bbox 2222 1376 2343 1441; x_wconf 90' lang='lat' dir='ltr'><strong>illa,</strong></span> <span class='ocrx_word' id='word_1_346' title='bbox 2370 1373 2570 1430; x_wconf 86' lang='lat' dir='ltr'><strong>mentis</strong></span> <span class='ocrx_word' id='word_1_347' title='bbox 2593 1381 2700 1426; x_wconf 66' lang='lat' dir='ltr'><strong>tua:</strong></span> <span class='ocrx_word' id='word_1_348' title='bbox 2735 1370 3120 1440; x_wconf 82' lang='lat' dir='ltr'><strong>cogitationem</strong></span> <span class='ocrx_word' id='word_1_349' title='bbox 3170 1382 3389 1423; x_wconf 86' lang='lat' dir='ltr'><strong>sursum</strong></span> <span class='ocrx_word' id='word_1_350' title='bbox 3439 1366 3600 1420; x_wconf 79' lang='lat' dir='ltr'><strong>attol-</strong></span> 
     </span>
    </p>
   </div>
   <div class='ocr_carea' id='block_1_44' title="bbox 2013 1458 3600 1538">
    <p class='ocr_par' dir='ltr' id='par_1_44' title="bbox 2013 1458 3600 1538">
     <span class='ocr_line' id='line_1_44' title="bbox 2013 1458 3600 1538; baseline -0.009 -14"><span class='ocrx_word' id='word_1_351' title='bbox 2013 1471 2132 1527; x_wconf 85' lang='lat' dir='ltr'><strong>lens</strong></span> <span class='ocrx_word' id='word_1_352' title='bbox 2191 1471 2279 1525; x_wconf 90' lang='lat' dir='ltr'><strong>sui</strong></span> <span class='ocrx_word' id='word_1_353' title='bbox 2346 1467 2522 1538; x_wconf 89' lang='lat' dir='ltr'><strong>ipsius</strong></span> <span class='ocrx_word' id='word_1_354' title='bbox 2575 1464 2876 1534; x_wconf 80' lang='lat' dir='ltr'><strong>genitorem</strong></span> <span class='ocrx_word' id='word_1_355' title='bbox 2952 1459 3242 1531; x_wconf 86' lang='lat' dir='ltr'><strong>Patrisque</strong></span> <span class='ocrx_word' id='word_1_356' title='bbox 3309 1458 3600 1523; x_wconf 86' lang='lat' dir='ltr'><strong>datorem,</strong></span> 
     </span>
    </p>
   </div>
   <div class='ocr_carea' id='block_1_45' title="bbox 2012 1551 3311 1621">
    <p class='ocr_par' dir='ltr' id='par_1_45' title="bbox 2012 1551 3311 1621">
     <span class='ocr_line' id='line_1_45' title="bbox 2012 1551 3311 1621; baseline -0.011 -2"><span class='ocrx_word' id='word_1_357' title='bbox 2012 1563 2253 1619; x_wconf 88' lang='lat' dir='ltr'><strong>Verbum</strong></span> <span class='ocrx_word' id='word_1_358' title='bbox 2291 1559 2544 1621; x_wconf 85' lang='lat' dir='ltr'><strong>scilicet,</strong></span> <span class='ocrx_word' id='word_1_359' title='bbox 2577 1573 2643 1612; x_wconf 79' lang='lat' dir='ltr'><strong>ex</strong></span> <span class='ocrx_word' id='word_1_360' title='bbox 2670 1570 2766 1610; x_wconf 91' lang='lat' dir='ltr'><strong>ore</strong></span> <span class='ocrx_word' id='word_1_361' title='bbox 2803 1552 3066 1608; x_wconf 78' lang='lat' dir='ltr'><strong>Veritatis</strong></span> <span class='ocrx_word' id='word_1_362' title='bbox 3097 1551 3311 1607; x_wconf 84' lang='lat' dir='ltr'><strong>audias.</strong></span> 
     </span>
    </p>
   </div>
   <div class='ocr_carea' id='block_1_46' title="bbox 2083 1643 3596 1721">
    <p class='ocr_par' dir='ltr' id='par_1_46' title="bbox 2083 1643 3596 1721">
     <span class='ocr_line' id='line_1_46' title="bbox 2083 1643 3596 1721; baseline -0.005 -12"><span class='ocrx_word' id='word_1_363' title='bbox 2083 1654 2172 1709; x_wconf 87' lang='lat' dir='ltr'><strong>Vl.</strong></span> <span class='ocrx_word' id='word_1_364' title='bbox 2206 1655 2336 1721; x_wconf 57' lang='lat' dir='ltr'><strong>Quae</strong></span> <span class='ocrx_word' id='word_1_365' title='bbox 2365 1668 2488 1708; x_wconf 89' lang='lat' dir='ltr'><strong>eum</strong></span> <span class='ocrx_word' id='word_1_366' title='bbox 2517 1650 2767 1712; x_wconf 79' lang='lat' dir='ltr'><strong>dixisset,</strong></span> <span class='ocrx_word' id='word_1_367' title='bbox 2793 1655 2907 1701; x_wconf 91' lang='lat' dir='ltr'><strong>tum</strong></span> <span class='ocrx_word' id='word_1_368' title='bbox 2933 1647 3086 1700; x_wconf 91' lang='lat' dir='ltr'><strong>illum</strong></span> <span class='ocrx_word' id='word_1_369' title='bbox 3118 1643 3333 1700; x_wconf 86' lang='lat' dir='ltr'><strong>Veritas</strong></span> <span class='ocrx_word' id='word_1_370' title='bbox 3355 1645 3596 1709; x_wconf 88' lang='lat' dir='ltr'><strong>intuens,</strong></span> 
     </span>
    </p>
   </div>
   <div class='ocr_carea' id='block_1_47' title="bbox 2014 1738 3598 1816">
    <p class='ocr_par' dir='ltr' id='par_1_47' title="bbox 2014 1738 3598 1816">
     <span class='ocr_line' id='line_1_47' title="bbox 2014 1738 3598 1816; baseline -0.008 -12"><span class='ocrx_word' id='word_1_371' title='bbox 2014 1759 2067 1804; x_wconf 90' lang='lat' dir='ltr'><strong>et</strong></span> <span class='ocrx_word' id='word_1_372' title='bbox 2087 1765 2150 1803; x_wconf 83' lang='lat' dir='ltr'><strong>os</strong></span> <span class='ocrx_word' id='word_1_373' title='bbox 2171 1747 2420 1816; x_wconf 85' lang='lat' dir='ltr'><strong>aperiens</strong></span> <span class='ocrx_word' id='word_1_374' title='bbox 2441 1744 2676 1799; x_wconf 80' lang='lat' dir='ltr'><strong>Verbum</strong></span> <span class='ocrx_word' id='word_1_375' title='bbox 2704 1740 3013 1810; x_wconf 86' lang='lat' dir='ltr'><strong>eloquitur;</strong></span> <span class='ocrx_word' id='word_1_376' title='bbox 3043 1739 3147 1792; x_wconf 88' lang='lat' dir='ltr'><strong>hoc</strong></span> <span class='ocrx_word' id='word_1_377' title='bbox 3172 1738 3370 1792; x_wconf 88' lang='lat' dir='ltr'><strong>deinde</strong></span> <span class='ocrx_word' id='word_1_378' title='bbox 3398 1753 3598 1792; x_wconf 88' lang='lat' dir='ltr'><strong>nomen</strong></span> 
     </span>
    </p>
   </div>
   <div class='ocr_carea' id='block_1_48' title="bbox 1944 1811 3600 1904">
    <p class='ocr_par' dir='ltr' id='par_1_48' title="bbox 1944 1811 3600 1904">
     <span class='ocr_line' id='line_1_48' title="bbox 1944 1811 3600 1904; baseline -0.009 -8"><span class='ocrx_word' id='word_1_379' title='bbox 1944 1811 1982 1865; x_wconf 76' lang='grc' dir='ltr'><strong>Β</strong></span> <span class='ocrx_word' id='word_1_380' title='bbox 2015 1843 2252 1903; x_wconf 82' lang='lat' dir='ltr'><strong>factum;</strong></span> <span class='ocrx_word' id='word_1_381' title='bbox 2283 1853 2503 1898; x_wconf 89' lang='lat' dir='ltr'><strong>nomen,</strong></span> <span class='ocrx_word' id='word_1_382' title='bbox 2541 1836 2774 1904; x_wconf 86' lang='lat' dir='ltr'><strong>idipsum</strong></span> <span class='ocrx_word' id='word_1_383' title='bbox 2807 1830 2952 1902; x_wconf 89' lang='lat' dir='ltr'><strong>quod</strong></span> <span class='ocrx_word' id='word_1_384' title='bbox 2983 1829 3387 1900; x_wconf 79' lang='lat' dir='ltr'><strong>cognoscimus,</strong></span> <span class='ocrx_word' id='word_1_385' title='bbox 3425 1826 3600 1898; x_wconf 91' lang='lat' dir='ltr'><strong>loqui-</strong></span> 
     </span>
    </p>
   </div>
   <div class='ocr_carea' id='block_1_49' title="bbox 2012 1915 3596 2000">
    <p class='ocr_par' dir='ltr' id='par_1_49' title="bbox 2012 1915 3596 2000">
     <span class='ocr_line' id='line_1_49' title="bbox 2012 1915 3596 2000; baseline -0.012 -15"><span class='ocrx_word' id='word_1_386' title='bbox 2012 1945 2260 2000; x_wconf 89' lang='lat' dir='ltr'><strong>murquc,</strong></span> <span class='ocrx_word' id='word_1_387' title='bbox 2305 1926 2584 1982; x_wconf 86' lang='lat' dir='ltr'><strong>Christum</strong></span> <span class='ocrx_word' id='word_1_388' title='bbox 2625 1921 2811 1978; x_wconf 88' lang='lat' dir='ltr'><strong>Jesum</strong></span> <span class='ocrx_word' id='word_1_389' title='bbox 2839 1940 2852 1974; x_wconf 88' lang='lat'>:</span> <span class='ocrx_word' id='word_1_390' title='bbox 2880 1934 3040 1989; x_wconf 87' lang='lat' dir='ltr'><strong>quem</strong></span> <span class='ocrx_word' id='word_1_391' title='bbox 3084 1931 3208 1970; x_wconf 90' lang='lat' dir='ltr'><strong>cum</strong></span> <span class='ocrx_word' id='word_1_392' title='bbox 3236 1915 3596 1979; x_wconf 82' lang='lat' dir='ltr'><strong>nominasset,</strong></span> 
     </span>
    </p>
   </div>
   <div class='ocr_carea' id='block_1_50' title="bbox 2015 2007 3596 2092">
    <p class='ocr_par' dir='ltr' id='par_1_50' title="bbox 2015 2007 3596 2092">
     <span class='ocr_line' id='line_1_50' title="bbox 2015 2007 3596 2092; baseline -0.011 -15"><span class='ocrx_word' id='word_1_393' title='bbox 2015 2025 2106 2078; x_wconf 90' lang='lat' dir='ltr'><strong>illa</strong></span> <span class='ocrx_word' id='word_1_394' title='bbox 2143 2029 2364 2092; x_wconf 89' lang='lat' dir='ltr'><strong>repente</strong></span> <span class='ocrx_word' id='word_1_395' title='bbox 2394 2017 2679 2075; x_wconf 86' lang='lat' dir='ltr'><strong>conticuit.</strong></span> <span class='ocrx_word' id='word_1_396' title='bbox 2714 2013 2900 2068; x_wconf 84' lang='lat' dir='ltr'><strong>Marco</strong></span> <span class='ocrx_word' id='word_1_397' title='bbox 2928 2025 3057 2065; x_wconf 72' lang='lat' dir='ltr'><strong>vero</strong></span> <span class='ocrx_word' id='word_1_398' title='bbox 3091 2009 3244 2079; x_wconf 89' lang='lat' dir='ltr'><strong>plura</strong></span> <span class='ocrx_word' id='word_1_399' title='bbox 3294 2015 3355 2062; x_wconf 92' lang='lat' dir='ltr'><strong>ut</strong></span> <span class='ocrx_word' id='word_1_400' title='bbox 3387 2007 3596 2063; x_wconf 87' lang='lat' dir='ltr'><strong>diceret</strong></span> 
     </span>
    </p>
   </div>
   <div class='ocr_carea' id='block_1_51' title="bbox 2013 2101 3596 2186">
    <p class='ocr_par' dir='ltr' id='par_1_51' title="bbox 2013 2101 3596 2186">
     <span class='ocr_line' id='line_1_51' title="bbox 2013 2101 3596 2186; baseline -0.012 -14"><span class='ocrx_word' id='word_1_401' title='bbox 2013 2122 2398 2186; x_wconf 82' lang='lat' dir='ltr'><strong>exspectante,</strong></span> <span class='ocrx_word' id='word_1_402' title='bbox 2440 2125 2658 2166; x_wconf 88' lang='lat' dir='ltr'><strong>rursum</strong></span> <span class='ocrx_word' id='word_1_403' title='bbox 2690 2105 2977 2176; x_wconf 85' lang='lat' dir='ltr'><strong>Tctractys</strong></span> <span class='ocrx_word' id='word_1_404' title='bbox 3028 2104 3082 2156; x_wconf 91' lang='lat' dir='ltr'><strong>in</strong></span> <span class='ocrx_word' id='word_1_405' title='bbox 3128 2101 3366 2156; x_wconf 86' lang='lat' dir='ltr'><strong>medium</strong></span> <span class='ocrx_word' id='word_1_406' title='bbox 3406 2114 3596 2171; x_wconf 86' lang='lat' dir='ltr'><strong>proce-</strong></span> 
     </span>
    </p>
   </div>
   <div class='ocr_carea' id='block_1_52' title="bbox 2011 2189 3596 2274">
    <p class='ocr_par' dir='ltr' id='par_1_52' title="bbox 2011 2189 3596 2274">
     <span class='ocr_line' id='line_1_52' title="bbox 2011 2189 3596 2274; baseline -0.015 -8"><span class='ocrx_word' id='word_1_407' title='bbox 2011 2212 2148 2266; x_wconf 91' lang='lat' dir='ltr'><strong>dens</strong></span> <span class='ocrx_word' id='word_1_408' title='bbox 2187 2228 2200 2263; x_wconf 92' lang='lat'><strong>:</strong></span> <span class='ocrx_word' id='word_1_409' title='bbox 2236 2205 2409 2272; x_wconf 85' lang='lat' dir='ltr'><strong>Quam</strong></span> <span class='ocrx_word' id='word_1_410' title='bbox 2444 2202 2636 2274; x_wconf 89' lang='lat' dir='ltr'><strong>parvi,</strong></span> <span class='ocrx_word' id='word_1_411' title='bbox 2672 2199 2888 2268; x_wconf 89' lang='lat' dir='ltr'><strong>inquit,</strong></span> <span class='ocrx_word' id='word_1_412' title='bbox 2920 2207 3228 2250; x_wconf 87' lang='lat' dir='ltr'><strong>sermonem</strong></span> <span class='ocrx_word' id='word_1_413' title='bbox 3265 2207 3389 2247; x_wconf 86' lang='lat' dir='ltr'><strong>eum</strong></span> <span class='ocrx_word' id='word_1_414' title='bbox 3431 2189 3596 2251; x_wconf 82' lang='lat' dir='ltr'><strong>facis,</strong></span> 
     </span>
    </p>
   </div>
   <div class='ocr_carea' id='block_1_53' title="bbox 2011 2279 3598 2372">
    <p class='ocr_par' dir='ltr' id='par_1_53' title="bbox 2011 2279 3598 2372">
     <span class='ocr_line' id='line_1_53' title="bbox 2011 2279 3598 2372; baseline -0.013 -17"><span class='ocrx_word' id='word_1_415' title='bbox 2011 2315 2172 2372; x_wconf 91' lang='lat' dir='ltr'><strong>quem</strong></span> <span class='ocrx_word' id='word_1_416' title='bbox 2212 2299 2280 2352; x_wconf 90' lang='lat' dir='ltr'><strong>ab</strong></span> <span class='ocrx_word' id='word_1_417' title='bbox 2328 2310 2424 2351; x_wconf 90' lang='lat' dir='ltr'><strong>ore</strong></span> <span class='ocrx_word' id='word_1_418' title='bbox 2456 2290 2718 2347; x_wconf 81' lang='lat' dir='ltr'><strong>Veritatis</strong></span> <span class='ocrx_word' id='word_1_419' title='bbox 2760 2286 2981 2342; x_wconf 86' lang='lat' dir='ltr'><strong>audisti.</strong></span> <span class='ocrx_word' id='word_1_420' title='bbox 3007 2283 3124 2339; x_wconf 84' lang='lat' dir='ltr'><strong>Non</strong></span> <span class='ocrx_word' id='word_1_421' title='bbox 3156 2289 3242 2337; x_wconf 90' lang='lat' dir='ltr'><strong>est</strong></span> <span class='ocrx_word' id='word_1_422' title='bbox 3285 2280 3419 2336; x_wconf 89' lang='lat' dir='ltr'><strong>illud</strong></span> <span class='ocrx_word' id='word_1_423' title='bbox 3450 2279 3598 2348; x_wconf 91' lang='lat' dir='ltr'><strong>quod</strong></span> 
     </span>
    </p>
   </div>
   <div class='ocr_carea' id='block_1_54' title="bbox 2013 2368 3598 2456">
    <p class='ocr_par' dir='ltr' id='par_1_54' title="bbox 2013 2368 3598 2456">
     <span class='ocr_line' id='line_1_54' title="bbox 2013 2368 3598 2456; baseline -0.015 -11"><span class='ocrx_word' id='word_1_424' title='bbox 2013 2368 2178 2456; x_wconf 77' lang='lat' dir='ltr'><strong>nosti,</strong></span> <span class='ocrx_word' id='word_1_425' title='bbox 2234 2395 2328 2441; x_wconf 89' lang='lat' dir='ltr'><strong>aut</strong></span> <span class='ocrx_word' id='word_1_426' title='bbox 2369 2385 2568 2440; x_wconf 87' lang='lat' dir='ltr'><strong>habere</strong></span> <span class='ocrx_word' id='word_1_427' title='bbox 2603 2392 2656 2436; x_wconf 89' lang='lat' dir='ltr'><strong>te</strong></span> <span class='ocrx_word' id='word_1_428' title='bbox 2700 2389 2862 2450; x_wconf 87' lang='lat' dir='ltr'><strong>putas</strong></span> <span class='ocrx_word' id='word_1_429' title='bbox 2901 2391 3100 2431; x_wconf 90' lang='lat' dir='ltr'><strong>nomen</strong></span> <span class='ocrx_word' id='word_1_430' title='bbox 3136 2373 3444 2444; x_wconf 88' lang='lat' dir='ltr'><strong>antiquum.</strong></span> <span class='ocrx_word' id='word_1_431' title='bbox 3488 2368 3598 2423; x_wconf 75' lang='lat' dir='ltr'><strong>Vo-</strong></span> 
     </span>
    </p>
   </div>
   <div class='ocr_carea' id='block_1_55' title="bbox 2011 2468 3597 2543">
    <p class='ocr_par' dir='ltr' id='par_1_55' title="bbox 2011 2468 3597 2543">
     <span class='ocr_line' id='line_1_55' title="bbox 2011 2468 3597 2543; baseline -0.012 -4"><span class='ocrx_word' id='word_1_432' title='bbox 2011 2499 2131 2539; x_wconf 74' lang='lat' dir='ltr'><strong>cem</strong></span> <span class='ocrx_word' id='word_1_433' title='bbox 2189 2482 2334 2537; x_wconf 84' lang='lat' dir='ltr'><strong>enim</strong></span> <span class='ocrx_word' id='word_1_434' title='bbox 2399 2479 2545 2533; x_wconf 87' lang='lat' dir='ltr'><strong>illius</strong></span> <span class='ocrx_word' id='word_1_435' title='bbox 2603 2476 2865 2529; x_wconf 75' lang='lat' dir='ltr'><strong>duntaxat</strong></span> <span class='ocrx_word' id='word_1_436' title='bbox 2913 2470 3182 2543; x_wconf 91' lang='lat' dir='ltr'><strong>percipis,</strong></span> <span class='ocrx_word' id='word_1_437' title='bbox 3249 2468 3361 2523; x_wconf 78' lang='lat' dir='ltr'><strong>vim</strong></span> <span class='ocrx_word' id='word_1_438' title='bbox 3414 2473 3597 2521; x_wconf 87' lang='lat' dir='ltr'><strong>autem</strong></span> 
     </span>
    </p>
   </div>
   <div class='ocr_carea' id='block_1_56' title="bbox 2013 2564 3598 2645">
    <p class='ocr_par' dir='ltr' id='par_1_56' title="bbox 2013 2564 3598 2645">
     <span class='ocr_line' id='line_1_56' title="bbox 2013 2564 3598 2645; baseline -0.011 -16"><span class='ocrx_word' id='word_1_439' title='bbox 2013 2578 2255 2645; x_wconf 78' lang='lat' dir='ltr'><strong>ignoras.</strong></span> <span class='ocrx_word' id='word_1_440' title='bbox 2305 2568 2514 2642; x_wconf 85' lang='grc' dir='ltr'>Ἰησοῦς</span> <span class='ocrx_word' id='word_1_441' title='bbox 2561 2567 2762 2640; x_wconf 88' lang='lat' dir='ltr'><strong>quippe</strong></span> <span class='ocrx_word' id='word_1_442' title='bbox 2804 2564 3064 2620; x_wconf 90' lang='lat' dir='ltr'><strong>eximium</strong></span> <span class='ocrx_word' id='word_1_443' title='bbox 3118 2576 3318 2617; x_wconf 91' lang='lat' dir='ltr'><strong>nomen</strong></span> <span class='ocrx_word' id='word_1_444' title='bbox 3345 2565 3458 2624; x_wconf 90' lang='lat' dir='ltr'><strong>est,</strong></span> <span class='ocrx_word' id='word_1_445' title='bbox 3501 2573 3598 2614; x_wconf 80' lang='lat' dir='ltr'><strong>sex</strong></span> 
     </span>
    </p>
   </div>
   <div class='ocr_carea' id='block_1_57' title="bbox 2013 2651 3596 2734">
    <p class='ocr_par' dir='ltr' id='par_1_57' title="bbox 2013 2651 3596 2734">
     <span class='ocr_line' id='line_1_57' title="bbox 2013 2651 3596 2734; baseline -0.011 -14"><span class='ocrx_word' id='word_1_446' title='bbox 2013 2666 2207 2721; x_wconf 85' lang='lat' dir='ltr'><strong>litteris</strong></span> <span class='ocrx_word' id='word_1_447' title='bbox 2233 2662 2689 2734; x_wconf 86' lang='lat' dir='ltr'><strong>comprehensum</strong></span> <span class='ocrx_word' id='word_1_448' title='bbox 2714 2700 2730 2726; x_wconf 95' lang='lat'><strong>,</strong></span> <span class='ocrx_word' id='word_1_449' title='bbox 2779 2657 2924 2729; x_wconf 87' lang='lat' dir='ltr'><strong>quod</strong></span> <span class='ocrx_word' id='word_1_450' title='bbox 2965 2655 3140 2711; x_wconf 89' lang='lat' dir='ltr'><strong>vocati</strong></span> <span class='ocrx_word' id='word_1_451' title='bbox 3192 2669 3222 2706; x_wconf 89' lang='lat' dir='ltr'><strong>a</strong></span> <span class='ocrx_word' id='word_1_452' title='bbox 3255 2651 3367 2708; x_wconf 91' lang='lat' dir='ltr'><strong>Deo</strong></span> <span class='ocrx_word' id='word_1_453' title='bbox 3405 2664 3596 2705; x_wconf 88' lang='lat' dir='ltr'><strong>omnes</strong></span> 
     </span>
    </p>
   </div>
   <div class='ocr_carea' id='block_1_58' title="bbox 2011 2741 3596 2827">
    <p class='ocr_par' dir='ltr' id='par_1_58' title="bbox 2011 2741 3596 2827">
     <span class='ocr_line' id='line_1_58' title="bbox 2011 2741 3596 2827; baseline -0.011 -15"><span class='ocrx_word' id='word_1_454' title='bbox 2011 2757 2343 2827; x_wconf 82' lang='lat' dir='ltr'><strong>intelligunt.</strong></span> <span class='ocrx_word' id='word_1_455' title='bbox 2391 2753 2527 2807; x_wconf 94' lang='lat' dir='ltr'><strong>Illud</strong></span> <span class='ocrx_word' id='word_1_456' title='bbox 2569 2766 2701 2806; x_wconf 92' lang='lat' dir='ltr'><strong>vero</strong></span> <span class='ocrx_word' id='word_1_457' title='bbox 2735 2748 2880 2820; x_wconf 89' lang='lat' dir='ltr'><strong>quod</strong></span> <span class='ocrx_word' id='word_1_458' title='bbox 2905 2747 3047 2819; x_wconf 91' lang='lat' dir='ltr'><strong>apud</strong></span> <span class='ocrx_word' id='word_1_459' title='bbox 3099 2743 3424 2800; x_wconf 89' lang='lat' dir='ltr'><strong>Pleromatis</strong></span> <span class='ocrx_word' id='word_1_460' title='bbox 3458 2741 3596 2796; x_wconf 68' lang='grc' dir='ltr'><strong>Αἰο-</strong></span> 
     </span>
    </p>
   </div>
   <div class='ocr_carea' id='block_1_59' title="bbox 2011 2839 3598 2919">
    <p class='ocr_par' dir='ltr' id='par_1_59' title="bbox 2011 2839 3598 2919">
     <span class='ocr_line' id='line_1_59' title="bbox 2011 2839 3598 2919; baseline -0.01 -13"><span class='ocrx_word' id='word_1_461' title='bbox 2011 2867 2112 2908; x_wconf 85' lang='lat' dir='ltr'><strong>nas</strong></span> <span class='ocrx_word' id='word_1_462' title='bbox 2132 2893 2146 2917; x_wconf 89' lang='lat'><strong>,</strong></span> <span class='ocrx_word' id='word_1_463' title='bbox 2178 2849 2464 2919; x_wconf 87' lang='lat' dir='ltr'><strong>multiplex</strong></span> <span class='ocrx_word' id='word_1_464' title='bbox 2494 2855 2606 2912; x_wconf 91' lang='lat' dir='ltr'><strong>est,</strong></span> <span class='ocrx_word' id='word_1_465' title='bbox 2637 2845 2864 2899; x_wconf 85' lang='lat' dir='ltr'><strong>alterius</strong></span> <span class='ocrx_word' id='word_1_466' title='bbox 2899 2856 2983 2897; x_wconf 90' lang='lat' dir='ltr'><strong>est</strong></span> <span class='ocrx_word' id='word_1_467' title='bbox 3014 2843 3223 2905; x_wconf 65' lang='lat' dir='ltr'><strong>formae,</strong></span> <span class='ocrx_word' id='word_1_468' title='bbox 3257 2839 3598 2906; x_wconf 53' lang='lat' dir='ltr'><strong>diversaeque</strong></span> 
     </span>
    </p>
   </div>
   <div class='ocr_carea' id='block_1_60' title="bbox 2011 2934 3595 3012">
    <p class='ocr_par' dir='ltr' id='par_1_60' title="bbox 2011 2934 3595 3012">
     <span class='ocr_line' id='line_1_60' title="bbox 2011 2934 3595 3012; baseline -0.009 -17"><span class='ocrx_word' id='word_1_469' title='bbox 2011 2944 2218 3012; x_wconf 74' lang='lat' dir='ltr'><strong>ligone,</strong></span> <span class='ocrx_word' id='word_1_470' title='bbox 2245 2938 2392 3010; x_wconf 92' lang='lat' dir='ltr'><strong>quod</strong></span> <span class='ocrx_word' id='word_1_471' title='bbox 2418 2938 2636 3008; x_wconf 80' lang='lat' dir='ltr'><strong>cognati</strong></span> <span class='ocrx_word' id='word_1_472' title='bbox 2660 2936 2806 2990; x_wconf 90' lang='lat' dir='ltr'><strong>illius</strong></span> <span class='ocrx_word' id='word_1_473' title='bbox 2839 2934 3184 3004; x_wconf 78' lang='lat' dir='ltr'><strong>intelligunt,</strong></span> <span class='ocrx_word' id='word_1_474' title='bbox 3213 2945 3447 3001; x_wconf 92' lang='lat' dir='ltr'><strong>quorum</strong></span> <span class='ocrx_word' id='word_1_475' title='bbox 3471 2943 3595 2983; x_wconf 82' lang='lat' dir='ltr'><strong>ma-</strong></span> 
     </span>
    </p>
   </div>
   <div class='ocr_carea' id='block_1_61' title="bbox 2011 3018 3594 3105">
    <p class='ocr_par' dir='ltr' id='par_1_61' title="bbox 2011 3018 3594 3105">
     <span class='ocr_line' id='line_1_61' title="bbox 2011 3018 3594 3105; baseline -0.009 -17"><span class='ocrx_word' id='word_1_476' title='bbox 2011 3032 2323 3105; x_wconf 81' lang='lat' dir='ltr'><strong>gnitudines</strong></span> <span class='ocrx_word' id='word_1_477' title='bbox 2357 3029 2499 3099; x_wconf 85' lang='lat' dir='ltr'><strong>apud</strong></span> <span class='ocrx_word' id='word_1_478' title='bbox 2547 3030 2725 3098; x_wconf 89' lang='lat' dir='ltr'><strong>ipsum</strong></span> <span class='ocrx_word' id='word_1_479' title='bbox 2755 3033 3018 3097; x_wconf 88' lang='lat' dir='ltr'><strong>perpetuo</strong></span> <span class='ocrx_word' id='word_1_480' title='bbox 3047 3029 3196 3078; x_wconf 86' lang='lat' dir='ltr'><strong>sunt.</strong></span> <span class='ocrx_word' id='word_1_481' title='bbox 3222 3018 3594 3087; x_wconf 87' lang='lat' dir='ltr'><strong>Quamobrem</strong></span> 
     </span>
    </p>
   </div>
   <div class='ocr_carea' id='block_1_62' title="bbox 319 3114 1907 3207">
    <p class='ocr_par' dir='ltr' id='par_1_62' title="bbox 319 3116 1906 3193">
     <span class='ocr_line' id='line_1_62' title="bbox 319 3116 1906 3193; baseline 0.001 -22"><span class='ocrx_word' id='word_1_482' title='bbox 319 3119 456 3188; x_wconf 85' lang='grc' dir='ltr'><strong>γέθη</strong></span> <span class='ocrx_word' id='word_1_483' title='bbox 484 3122 618 3190; x_wconf 76' lang='grc' dir='ltr'>παρ’</span> <span class='ocrx_word' id='word_1_484' title='bbox 645 3121 824 3174; x_wconf 85' lang='grc' dir='ltr'>αὐτῶν</span> <span class='ocrx_word' id='word_1_485' title='bbox 845 3120 867 3152; x_wconf 73' lang='grc'><strong>’⁸</strong></span> <span class='ocrx_word' id='word_1_486' title='bbox 892 3123 1004 3174; x_wconf 83' lang='grc' dir='ltr'>ἐστι</span> <span class='ocrx_word' id='word_1_487' title='bbox 1032 3121 1343 3186; x_wconf 68' lang='grc' dir='ltr'>διαπκντός.</span> <span class='ocrx_word' id='word_1_488' title='bbox 1380 3122 1543 3176; x_wconf 78' lang='grc' dir='ltr'>Ταῦτ’</span> <span class='ocrx_word' id='word_1_489' title='bbox 1567 3116 1659 3176; x_wconf 81' lang='grc' dir='ltr'><strong>οὖν</strong></span> <span class='ocrx_word' id='word_1_490' title='bbox 1685 3122 1754 3176; x_wconf 77' lang='grc' dir='ltr'>τὰ</span> <span class='ocrx_word' id='word_1_491' title='bbox 1776 3124 1906 3193; x_wconf 75' lang='grc' dir='ltr'>παρ’</span> 
     </span>
    </p>
   </div>
   <div class='ocr_carea' id='block_1_63' title="bbox 2010 3114 3596 3207">
    <p class='ocr_par' dir='ltr' id='par_1_63' title="bbox 2010 3114 3596 3198">
     <span class='ocr_line' id='line_1_63' title="bbox 2010 3114 3596 3198; baseline -0.009 -17"><span class='ocrx_word' id='word_1_492' title='bbox 2010 3126 2199 3198; x_wconf 76' lang='lat' dir='ltr'><strong>viginti</strong></span> <span class='ocrx_word' id='word_1_493' title='bbox 2241 3132 2480 3194; x_wconf 84' lang='lat' dir='ltr'><strong>quatuor</strong></span> <span class='ocrx_word' id='word_1_494' title='bbox 2521 3131 2734 3179; x_wconf 88' lang='lat' dir='ltr'><strong>vestras</strong></span> <span class='ocrx_word' id='word_1_495' title='bbox 2779 3121 2990 3175; x_wconf 90' lang='lat' dir='ltr'><strong>litteras</strong></span> <span class='ocrx_word' id='word_1_496' title='bbox 3037 3117 3180 3172; x_wconf 91' lang='lat' dir='ltr'><strong>scito</strong></span> <span class='ocrx_word' id='word_1_497' title='bbox 3225 3114 3596 3170; x_wconf 84' lang='lat' dir='ltr'><strong>derivationes</strong></span> 
     </span>
    </p>
   </div>
   <div class='ocr_carea' id='block_1_64' title="bbox 321 3211 1903 3288">
    <p class='ocr_par' dir='ltr' id='par_1_64' title="bbox 321 3211 1903 3288">
     <span class='ocr_line' id='line_1_64' title="bbox 321 3211 1903 3288; baseline 0.003 -27"><span class='ocrx_word' id='word_1_498' title='bbox 321 3211 448 3279; x_wconf 79' lang='grc' dir='ltr'>ὑμῖν</span> <span class='ocrx_word' id='word_1_499' title='bbox 480 3212 899 3283; x_wconf 74' lang='grc' dir='ltr'>εἰκοσιτέσσαρα</span> <span class='ocrx_word' id='word_1_500' title='bbox 943 3213 1250 3283; x_wconf 73' lang='grc' dir='ltr'>γράμματα</span> <span class='ocrx_word' id='word_1_501' title='bbox 1296 3213 1596 3288; x_wconf 75' lang='grc' dir='ltr'>ἀπορροίας</span> <span class='ocrx_word' id='word_1_502' title='bbox 1637 3213 1903 3284; x_wconf 78' lang='grc' dir='ltr'>ὑπάρχειν</span> 
     </span>
    </p>
   </div>
   <div class='ocr_carea' id='block_1_65' title="bbox 319 3300 1901 3378">
    <p class='ocr_par' dir='ltr' id='par_1_65' title="bbox 319 3300 1901 3378">
     <span class='ocr_line' id='line_1_65' title="bbox 319 3300 1901 3378; baseline 0.018 -27"><span class='ocrx_word' id='word_1_503' title='bbox 319 3300 553 3368; x_wconf 83' lang='grc' dir='ltr'>γίνωσκε</span> <span class='ocrx_word' id='word_1_504' title='bbox 588 3302 698 3355; x_wconf 87' lang='grc' dir='ltr'><strong>τῶν</strong></span> <span class='ocrx_word' id='word_1_505' title='bbox 742 3304 910 3374; x_wconf 86' lang='grc' dir='ltr'>τριῶν</span> <span class='ocrx_word' id='word_1_506' title='bbox 941 3305 1225 3376; x_wconf 86' lang='grc' dir='ltr'>δυνάμεων</span> <span class='ocrx_word' id='word_1_507' title='bbox 1269 3307 1568 3369; x_wconf 66' lang='grc' dir='ltr'>εἰκονικὰζ»</span> <span class='ocrx_word' id='word_1_508' title='bbox 1611 3305 1719 3358; x_wconf 75' lang='grc' dir='ltr'>τῶν</span> <span class='ocrx_word' id='word_1_509' title='bbox 1743 3323 1901 3378; x_wconf 67' lang='grc' dir='ltr'>περι·</span> 
     </span>
    </p>
   </div>
   <div class='ocr_carea' id='block_1_66' title="bbox 319 3395 1906 3470">
    <p class='ocr_par' dir='ltr' id='par_1_66' title="bbox 319 3395 1906 3470">
     <span class='ocr_line' id='line_1_66' title="bbox 319 3395 1906 3470; baseline 0.006 -26"><span class='ocrx_word' id='word_1_510' title='bbox 319 3395 559 3463; x_wconf 81' lang='grc' dir='ltr'>εχουσῶν</span> <span class='ocrx_word' id='word_1_511' title='bbox 585 3396 675 3450; x_wconf 77' lang='grc' dir='ltr'>τὸν</span> <span class='ocrx_word' id='word_1_512' title='bbox 708 3395 828 3450; x_wconf 78' lang='grc' dir='ltr'>ὅλον</span> <span class='ocrx_word' id='word_1_513' title='bbox 854 3397 964 3450; x_wconf 86' lang='grc' dir='ltr'><strong>τῶν</strong></span> <span class='ocrx_word' id='word_1_514' title='bbox 995 3399 1106 3452; x_wconf 85' lang='grc' dir='ltr'><strong>άνω</strong></span> <span class='ocrx_word' id='word_1_515' title='bbox 1130 3398 1409 3468; x_wconf 86' lang='grc' dir='ltr'>στοιχείων</span> <span class='ocrx_word' id='word_1_516' title='bbox 1438 3399 1529 3451; x_wconf 86' lang='grc' dir='ltr'><strong>τὸν</strong></span> <span class='ocrx_word' id='word_1_517' title='bbox 1559 3397 1808 3470; x_wconf 80' lang='grc' dir='ltr'>ἀριθμόν·</span> <span class='ocrx_word' id='word_1_518' title='bbox 1837 3397 1906 3453; x_wconf 84' lang='grc' dir='ltr'>τὰ</span> 
     </span>
    </p>
   </div>
   <div class='ocr_carea' id='block_1_67' title="bbox 322 3485 1903 3562">
    <p class='ocr_par' dir='ltr' id='par_1_67' title="bbox 322 3485 1903 3562">
     <span class='ocr_line' id='line_1_67' title="bbox 322 3485 1903 3562; baseline 0.004 -24"><span class='ocrx_word' id='word_1_519' title='bbox 322 3488 418 3556; x_wconf 78' lang='grc' dir='ltr'><strong>μὲν</strong></span> <span class='ocrx_word' id='word_1_520' title='bbox 449 3485 558 3560; x_wconf 79' lang='grc' dir='ltr'>γὰρ</span> <span class='ocrx_word' id='word_1_521' title='bbox 591 3489 785 3560; x_wconf 73' lang='grc' dir='ltr'>ἄφωνα</span> <span class='ocrx_word' id='word_1_522' title='bbox 814 3492 1122 3562; x_wconf 82' lang='grc' dir='ltr'>γράμματα</span> <span class='ocrx_word' id='word_1_523' title='bbox 1145 3491 1300 3544; x_wconf 71' lang='grc' dir='ltr'>ἐννέα</span> <span class='ocrx_word' id='word_1_524' title='bbox 1333 3492 1555 3562; x_wconf 83' lang='grc' dir='ltr'>νόμισον</span> <span class='ocrx_word' id='word_1_525' title='bbox 1609 3487 1768 3554; x_wconf 85' lang='grc' dir='ltr'>εἶναι,</span> <span class='ocrx_word' id='word_1_526' title='bbox 1808 3491 1903 3545; x_wconf 87' lang='grc' dir='ltr'><strong>τοῦ</strong></span> 
     </span>
    </p>
   </div>
   <div class='ocr_carea' id='block_1_68' title="bbox 319 3580 1905 3654">
    <p class='ocr_par' dir='ltr' id='par_1_68' title="bbox 319 3580 1905 3654">
     <span class='ocr_line' id='line_1_68' title="bbox 319 3580 1905 3654; baseline 0.004 -23"><span class='ocrx_word' id='word_1_527' title='bbox 319 3580 531 3650; x_wconf 74' lang='grc' dir='ltr'>Πατρὸς</span> <span class='ocrx_word' id='word_1_528' title='bbox 567 3583 662 3635; x_wconf 77' lang='grc' dir='ltr'><strong>καὶ</strong></span> <span class='ocrx_word' id='word_1_529' title='bbox 705 3581 805 3652; x_wconf 83' lang='grc' dir='ltr'><strong>τῆς</strong></span> <span class='ocrx_word' id='word_1_530' title='bbox 849 3582 1150 3654; x_wconf 82' lang='grc' dir='ltr'>Ἀληθείας,</span> <span class='ocrx_word' id='word_1_531' title='bbox 1195 3582 1281 3637; x_wconf 83' lang='grc' dir='ltr'>διὰ</span> <span class='ocrx_word' id='word_1_532' title='bbox 1319 3584 1379 3637; x_wconf 81' lang='grc' dir='ltr'><strong>τὸ</strong></span> <span class='ocrx_word' id='word_1_533' title='bbox 1417 3583 1666 3653; x_wconf 78' lang='grc' dir='ltr'>ἀφώνους</span> <span class='ocrx_word' id='word_1_534' title='bbox 1708 3585 1905 3649; x_wconf 77' lang='grc' dir='ltr'>αὐτοὺς</span> 
     </span>
    </p>
   </div>
   <div class='ocr_carea' id='block_1_69' title="bbox 317 3668 1904 3752">
    <p class='ocr_par' dir='ltr' id='par_1_69' title="bbox 317 3668 1904 3752">
     <span class='ocr_line' id='line_1_69' title="bbox 317 3668 1904 3752; baseline 0.002 -27"><span class='ocrx_word' id='word_1_535' title='bbox 317 3668 478 3736; x_wconf 77' lang='grc' dir='ltr'>εἶναι,</span> <span class='ocrx_word' id='word_1_536' title='bbox 521 3673 800 3727; x_wconf 80' lang='grc' dir='ltr'>τουτέστιν</span> <span class='ocrx_word' id='word_1_537' title='bbox 827 3675 1099 3752; x_wconf 64' lang='grc' dir='ltr'>ἀρρήτους</span> <span class='ocrx_word' id='word_1_538' title='bbox 1149 3676 1241 3728; x_wconf 77' lang='grc' dir='ltr'>καὶ</span> <span class='ocrx_word' id='word_1_539' title='bbox 1272 3676 1672 3747; x_wconf 80' lang='grc' dir='ltr'>άνεκλαλήτους</span> <span class='ocrx_word' id='word_1_540' title='bbox 1691 3693 1704 3706; x_wconf 88' lang='grc'><strong>·</strong></span> <span class='ocrx_word' id='word_1_541' title='bbox 1748 3677 1818 3730; x_wconf 79' lang='grc' dir='ltr'><strong>τά</strong></span> <span class='ocrx_word' id='word_1_542' title='bbox 1847 3675 1904 3728; x_wconf 87' lang='grc' dir='ltr'>δὲ</span> 
     </span>
    </p>
   </div>
   <div class='ocr_carea' id='block_1_70' title="bbox 316 3765 1905 3840">
    <p class='ocr_par' dir='ltr' id='par_1_70' title="bbox 316 3765 1905 3840">
     <span class='ocr_line' id='line_1_70' title="bbox 316 3765 1905 3840; baseline 0.003 -24"><span class='ocrx_word' id='word_1_543' title='bbox 316 3765 574 3835; x_wconf 67' lang='grc' dir='ltr'>ἡμίφωνα</span> <span class='ocrx_word' id='word_1_544' title='bbox 597 3765 741 3819; x_wconf 79' lang='grc' dir='ltr'>ὀκτὼ</span> <span class='ocrx_word' id='word_1_545' title='bbox 767 3765 897 3818; x_wconf 77' lang='grc' dir='ltr'>ὄντα</span> <span class='ocrx_word' id='word_1_546' title='bbox 931 3765 1024 3820; x_wconf 80' lang='grc' dir='ltr'><strong>τοῦ</strong></span> <span class='ocrx_word' id='word_1_547' title='bbox 1055 3767 1228 3835; x_wconf 82' lang='grc' dir='ltr'>Λόγου</span> <span class='ocrx_word' id='word_1_548' title='bbox 1261 3768 1355 3820; x_wconf 73' lang='grc' dir='ltr'><strong>καὶ</strong></span> <span class='ocrx_word' id='word_1_549' title='bbox 1392 3769 1489 3839; x_wconf 81' lang='grc' dir='ltr'>τῆς</span> <span class='ocrx_word' id='word_1_550' title='bbox 1521 3768 1696 3840; x_wconf 78' lang='grc' dir='ltr'>Ζωῆς,</span> <span class='ocrx_word' id='word_1_551' title='bbox 1727 3768 1815 3822; x_wconf 77' lang='grc' dir='ltr'>διὰ</span> <span class='ocrx_word' id='word_1_552' title='bbox 1842 3769 1905 3822; x_wconf 83' lang='grc' dir='ltr'><strong>τὸ</strong></span> 
     </span>
    </p>
   </div>
   <div class='ocr_carea' id='block_1_71' title="bbox 321 3857 1904 3930">
    <p class='ocr_par' dir='ltr' id='par_1_71' title="bbox 321 3857 1904 3930">
     <span class='ocr_line' id='line_1_71' title="bbox 321 3857 1904 3930; baseline 0.004 -21"><span class='ocrx_word' id='word_1_553' title='bbox 321 3860 464 3927; x_wconf 80' lang='grc' dir='ltr'>μέσα</span> <span class='ocrx_word' id='word_1_554' title='bbox 488 3857 679 3930; x_wconf 83' lang='grc' dir='ltr'>ὥσπερ</span> <span class='ocrx_word' id='word_1_555' title='bbox 709 3858 978 3930; x_wconf 79' lang='grc' dir='ltr'>ὑπάρχειν</span> <span class='ocrx_word' id='word_1_556' title='bbox 1024 3859 1133 3912; x_wconf 89' lang='grc' dir='ltr'><strong>τῶν</strong></span> <span class='ocrx_word' id='word_1_557' title='bbox 1176 3876 1233 3912; x_wconf 87' lang='grc' dir='ltr'><strong>τε</strong></span> <span class='ocrx_word' id='word_1_558' title='bbox 1261 3859 1492 3928; x_wconf 76' lang='grc' dir='ltr'>ἀφώνων</span> <span class='ocrx_word' id='word_1_559' title='bbox 1524 3861 1619 3914; x_wconf 75' lang='grc' dir='ltr'><strong>καὶ</strong></span> <span class='ocrx_word' id='word_1_560' title='bbox 1657 3859 1764 3930; x_wconf 87' lang='grc' dir='ltr'><strong>τῶν</strong></span> <span class='ocrx_word' id='word_1_561' title='bbox 1790 3877 1904 3929; x_wconf 66' lang='lat' dir='ltr'><strong>cptu-</strong></span> 
     </span>
    </p>
   </div>
   <div class='ocr_carea' id='block_1_72' title="bbox 317 3929 1902 4024">
    <p class='ocr_par' dir='ltr' id='par_1_72' title="bbox 317 3929 1902 4024">
     <span class='ocr_line' id='line_1_72' title="bbox 317 3929 1902 4024; baseline 0.002 -23"><span class='ocrx_word' id='word_1_562' title='bbox 317 3950 553 4021; x_wconf 83' lang='grc' dir='ltr'>νηέντων</span> <span class='ocrx_word' id='word_1_563' title='bbox 569 3966 581 3978; x_wconf 89' lang='grc'><strong>·</strong></span> <span class='ocrx_word' id='word_1_564' title='bbox 617 3951 711 4004; x_wconf 78' lang='grc' dir='ltr'><strong>καὶ</strong></span> <span class='ocrx_word' id='word_1_565' title='bbox 731 3950 1086 4022; x_wconf 81' lang='grc' dir='ltr'>ἀναδέχεσθαι</span> <span class='ocrx_word' id='word_1_566' title='bbox 1111 3950 1216 4003; x_wconf 81' lang='grc' dir='ltr'><strong>τῶν</strong></span> <span class='ocrx_word' id='word_1_567' title='bbox 1241 3951 1339 4021; x_wconf 79' lang='grc' dir='ltr'><strong>μὲν</strong></span> <span class='ocrx_word' id='word_1_568' title='bbox 1359 3950 1593 4022; x_wconf 80' lang='grc' dir='ltr'>ὕπερθεν</span> <span class='ocrx_word' id='word_1_569' title='bbox 1613 3929 1902 4024; x_wconf 56' lang='grc' dir='ltr'>τῆν’άπόῤ-</span> 
     </span>
    </p>
   </div>
   <div class='ocr_carea' id='block_1_73' title="bbox 319 4041 1904 4114">
    <p class='ocr_par' dir='ltr' id='par_1_73' title="bbox 319 4041 1904 4114">
     <span class='ocr_line' id='line_1_73' title="bbox 319 4041 1904 4114; baseline 0.002 -21"><span class='ocrx_word' id='word_1_570' title='bbox 319 4043 492 4110; x_wconf 78' lang='grc' dir='ltr'>ροιαν,</span> <span class='ocrx_word' id='word_1_571' title='bbox 531 4041 638 4095; x_wconf 89' lang='grc' dir='ltr'><strong>τῶν</strong></span> <span class='ocrx_word' id='word_1_572' title='bbox 669 4042 714 4094; x_wconf 81' lang='grc' dir='ltr'>δ’</span> <span class='ocrx_word' id='word_1_573' title='bbox 739 4043 880 4113; x_wconf 77' lang='grc' dir='ltr'>ὑπὲρ</span> <span class='ocrx_word' id='word_1_574' title='bbox 901 4042 1103 4114; x_wconf 60' lang='lat' dir='ltr'><strong>auri-1v“</strong></span> <span class='ocrx_word' id='word_1_575' title='bbox 1136 4043 1236 4114; x_wconf 80' lang='grc' dir='ltr'>τὴν</span> <span class='ocrx_word' id='word_1_576' title='bbox 1261 4043 1541 4114; x_wconf 74' lang='grc' dir='ltr'>ἀναφοράν</span> <span class='ocrx_word' id='word_1_577' title='bbox 1561 4060 1573 4072; x_wconf 94' lang='grc'><strong>·</strong></span> <span class='ocrx_word' id='word_1_578' title='bbox 1616 4042 1685 4095; x_wconf 77' lang='grc' dir='ltr'>τὰ</span> <span class='ocrx_word' id='word_1_579' title='bbox 1709 4042 1764 4095; x_wconf 80' lang='grc' dir='ltr'>δὲ</span> <span class='ocrx_word' id='word_1_580' title='bbox 1791 4061 1904 4111; x_wconf 81' lang='grc' dir='ltr'><strong>φω-</strong></span> 
     </span>
    </p>
   </div>
   <div class='ocr_carea' id='block_1_74' title="bbox 317 4129 1904 4201">
    <p class='ocr_par' dir='ltr' id='par_1_74' title="bbox 317 4129 1904 4201">
     <span class='ocr_line' id='line_1_74' title="bbox 317 4129 1904 4201; baseline -0.001 -18"><span class='ocrx_word' id='word_1_581' title='bbox 317 4133 514 4201; x_wconf 77' lang='grc' dir='ltr'>νήεντα</span> <span class='ocrx_word' id='word_1_582' title='bbox 553 4133 650 4184; x_wconf 69' lang='grc' dir='ltr'><strong>καὶ</strong></span> <span class='ocrx_word' id='word_1_583' title='bbox 689 4131 829 4185; x_wconf 79' lang='grc' dir='ltr'>αὐτὰ</span> <span class='ocrx_word' id='word_1_584' title='bbox 877 4129 1017 4183; x_wconf 73' lang='grc' dir='ltr'>ἑπτὰ</span> <span class='ocrx_word' id='word_1_585' title='bbox 1051 4130 1181 4183; x_wconf 77' lang='grc' dir='ltr'>ὄντα</span> <span class='ocrx_word' id='word_1_586' title='bbox 1200 4129 1295 4182; x_wconf 86' lang='grc' dir='ltr'><strong>τοῦ</strong></span> <span class='ocrx_word' id='word_1_587' title='bbox 1336 4129 1650 4200; x_wconf 81' lang='grc' dir='ltr'>Ἀνθρώπου</span> <span class='ocrx_word' id='word_1_588' title='bbox 1683 4129 1904 4200; x_wconf 75' lang='grc' dir='ltr'>καὶτῆς</span> 
     </span>
    </p>
   </div>
   <div class='ocr_carea' id='block_1_75' title="bbox 317 4221 1904 4295">
    <p class='ocr_par' dir='ltr' id='par_1_75' title="bbox 317 4221 1904 4295">
     <span class='ocr_line' id='line_1_75' title="bbox 317 4221 1904 4295; baseline -0.001 -19"><span class='ocrx_word' id='word_1_589' title='bbox 317 4223 665 4295; x_wconf 78' lang='grc' dir='ltr'>Ἐκκλησίας,</span> <span class='ocrx_word' id='word_1_590' title='bbox 682 4224 803 4278; x_wconf 76' lang='grc' dir='ltr'>ἐπεὶ</span> <span class='ocrx_word' id='word_1_591' title='bbox 830 4222 918 4275; x_wconf 85' lang='grc' dir='ltr'><strong>διά</strong></span> <span class='ocrx_word' id='word_1_592' title='bbox 941 4222 1036 4274; x_wconf 83' lang='grc' dir='ltr'><strong>τοῦ</strong></span> <span class='ocrx_word' id='word_1_593' title='bbox 1054 4221 1368 4293; x_wconf 81' lang='grc' dir='ltr'>Ἀνθρώπου</span> <span class='ocrx_word' id='word_1_594' title='bbox 1391 4221 1543 4292; x_wconf 75' lang='grc' dir='ltr'>φωνὴ</span> <span class='ocrx_word' id='word_1_595' title='bbox 1565 4221 1904 4292; x_wconf 83' lang='grc' dir='ltr'>προελθοῦσα</span> 
     </span>
    </p>
   </div>
   <div class='ocr_carea' id='block_1_76' title="bbox 317 4311 1903 4390">
    <p class='ocr_par' dir='ltr' id='par_1_76' title="bbox 317 4311 1903 4390">
     <span class='ocr_line' id='line_1_76' title="bbox 317 4311 1903 4390; baseline -0.004 -18"><span class='ocrx_word' id='word_1_596' title='bbox 317 4319 607 4390; x_wconf 78' lang='grc' dir='ltr'>ἐμόρφωσε</span> <span class='ocrx_word' id='word_1_597' title='bbox 649 4317 718 4371; x_wconf 85' lang='grc' dir='ltr'>τὰ</span> <span class='ocrx_word' id='word_1_598' title='bbox 747 4317 865 4370; x_wconf 77' lang='grc' dir='ltr'>ὅλα.</span> <span class='ocrx_word' id='word_1_599' title='bbox 930 4318 989 4370; x_wconf 89' lang='lat'><strong>&#39;0</strong></span> <span class='ocrx_word' id='word_1_600' title='bbox 1020 4316 1129 4388; x_wconf 83' lang='grc' dir='ltr'>γὰρ</span> <span class='ocrx_word' id='word_1_601' title='bbox 1162 4311 1296 4386; x_wconf 78' lang='grc' dir='ltr'>ἦχος</span> <span class='ocrx_word' id='word_1_602' title='bbox 1334 4316 1432 4386; x_wconf 83' lang='grc' dir='ltr'><strong>τῆς</strong></span> <span class='ocrx_word' id='word_1_603' title='bbox 1467 4315 1652 4385; x_wconf 80' lang='grc' dir='ltr'>φωνῆς</span> <span class='ocrx_word' id='word_1_604' title='bbox 1689 4315 1903 4386; x_wconf 78' lang='grc' dir='ltr'>μορφὴν</span> 
     </span>
    </p>
   </div>
   <div class='ocr_carea' id='block_1_77' title="bbox 317 4412 942 4484">
    <p class='ocr_par' dir='ltr' id='par_1_77' title="bbox 317 4412 942 4484">
     <span class='ocr_line' id='line_1_77' title="bbox 317 4412 942 4484; baseline -0.003 -18"><span class='ocrx_word' id='word_1_605' title='bbox 317 4415 500 4477; x_wconf 76' lang='grc' dir='ltr'>αὐτοῖς</span> <span class='ocrx_word' id='word_1_606' title='bbox 533 4412 942 4484; x_wconf 82' lang='grc' dir='ltr'>περιεποίησεν.</span> 
     </span>
    </p>
   </div>
   <div class='ocr_carea' id='block_1_78' title="bbox 2007 3207 3597 3290">
    <p class='ocr_par' dir='ltr' id='par_1_78' title="bbox 2007 3207 3597 3290">
     <span class='ocr_line' id='line_1_78' title="bbox 2007 3207 3597 3290; baseline -0.013 -13"><span class='ocrx_word' id='word_1_607' title='bbox 2007 3236 2130 3277; x_wconf 77' lang='lat' dir='ltr'><strong>esse</strong></span> <span class='ocrx_word' id='word_1_608' title='bbox 2161 3218 2456 3290; x_wconf 89' lang='lat' dir='ltr'><strong>quasdam,</strong></span> <span class='ocrx_word' id='word_1_609' title='bbox 2504 3231 2568 3270; x_wconf 93' lang='lat' dir='ltr'><strong>ac</strong></span> <span class='ocrx_word' id='word_1_610' title='bbox 2608 3216 2776 3269; x_wconf 89' lang='lat' dir='ltr'><strong>trium</strong></span> <span class='ocrx_word' id='word_1_611' title='bbox 2818 3210 3083 3282; x_wconf 81' lang='lat' dir='ltr'><strong>imagines</strong></span> <span class='ocrx_word' id='word_1_612' title='bbox 3131 3207 3440 3274; x_wconf 84' lang='lat' dir='ltr'><strong>Virtutum,</strong></span> <span class='ocrx_word' id='word_1_613' title='bbox 3474 3221 3597 3276; x_wconf 75' lang='lat' dir='ltr'><strong>qua:</strong></span> 
     </span>
    </p>
   </div>
   <div class='ocr_carea' id='block_1_79' title="bbox 2007 3295 3596 3380">
    <p class='ocr_par' dir='ltr' id='par_1_79' title="bbox 2007 3295 3596 3380">
     <span class='ocr_line' id='line_1_79' title="bbox 2007 3295 3596 3380; baseline -0.013 -12"><span class='ocrx_word' id='word_1_614' title='bbox 2007 3323 2181 3368; x_wconf 83' lang='lat' dir='ltr'><strong>totum</strong></span> <span class='ocrx_word' id='word_1_615' title='bbox 2232 3310 2575 3380; x_wconf 88' lang='lat' dir='ltr'><strong>superiorum</strong></span> <span class='ocrx_word' id='word_1_616' title='bbox 2621 3307 3014 3362; x_wconf 87' lang='lat' dir='ltr'><strong>elementorum</strong></span> <span class='ocrx_word' id='word_1_617' title='bbox 3072 3312 3365 3355; x_wconf 81' lang='lat' dir='ltr'><strong>numerum</strong></span> <span class='ocrx_word' id='word_1_618' title='bbox 3417 3295 3596 3350; x_wconf 87' lang='lat' dir='ltr'><strong>conti-</strong></span> 
     </span>
    </p>
   </div>
   <div class='ocr_carea' id='block_1_80' title="bbox 2007 3390 3595 3462">
    <p class='ocr_par' dir='ltr' id='par_1_80' title="bbox 2007 3390 3595 3462">
     <span class='ocr_line' id='line_1_80' title="bbox 2007 3390 3595 3462; baseline -0.014 1"><span class='ocrx_word' id='word_1_619' title='bbox 2007 3413 2158 3462; x_wconf 90' lang='lat' dir='ltr'><strong>nent.</strong></span> <span class='ocrx_word' id='word_1_620' title='bbox 2218 3403 2396 3458; x_wconf 79' lang='lat' dir='ltr'><strong>Mutas</strong></span> <span class='ocrx_word' id='word_1_621' title='bbox 2459 3401 2605 3456; x_wconf 91' lang='lat' dir='ltr'><strong>enim</strong></span> <span class='ocrx_word' id='word_1_622' title='bbox 2647 3400 2859 3454; x_wconf 77' lang='lat' dir='ltr'><strong>litteras</strong></span> <span class='ocrx_word' id='word_1_623' title='bbox 2905 3409 3100 3449; x_wconf 88' lang='lat' dir='ltr'><strong>novem</strong></span> <span class='ocrx_word' id='word_1_624' title='bbox 3141 3391 3208 3446; x_wconf 89' lang='lat' dir='ltr'><strong>ad</strong></span> <span class='ocrx_word' id='word_1_625' title='bbox 3263 3390 3478 3444; x_wconf 81' lang='lat' dir='ltr'><strong>Patrem</strong></span> <span class='ocrx_word' id='word_1_626' title='bbox 3532 3401 3595 3442; x_wconf 83' lang='lat' dir='ltr'><strong>ac</strong></span> 
     </span>
    </p>
   </div>
   <div class='ocr_carea' id='block_1_81' title="bbox 2005 3484 3595 3568">
    <p class='ocr_par' dir='ltr' id='par_1_81' title="bbox 2005 3484 3595 3568">
     <span class='ocr_line' id='line_1_81' title="bbox 2005 3484 3595 3568; baseline -0.013 -13"><span class='ocrx_word' id='word_1_627' title='bbox 2005 3504 2288 3556; x_wconf 87' lang='lat' dir='ltr'><strong>veritatem</strong></span> <span class='ocrx_word' id='word_1_628' title='bbox 2337 3497 2610 3568; x_wconf 87' lang='lat' dir='ltr'><strong>pertinere</strong></span> <span class='ocrx_word' id='word_1_629' title='bbox 2663 3509 2729 3548; x_wconf 83' lang='lat' dir='ltr'><strong>ex</strong></span> <span class='ocrx_word' id='word_1_630' title='bbox 2766 3507 2830 3546; x_wconf 90' lang='lat' dir='ltr'><strong>eo</strong></span> <span class='ocrx_word' id='word_1_631' title='bbox 2853 3499 3043 3561; x_wconf 88' lang='lat' dir='ltr'><strong>putare</strong></span> <span class='ocrx_word' id='word_1_632' title='bbox 3072 3487 3266 3552; x_wconf 83' lang='lat' dir='ltr'><strong>debes,</strong></span> <span class='ocrx_word' id='word_1_633' title='bbox 3295 3484 3439 3554; x_wconf 90' lang='lat' dir='ltr'><strong>quod</strong></span> <span class='ocrx_word' id='word_1_634' title='bbox 3474 3498 3595 3536; x_wconf 84' lang='lat' dir='ltr'><strong>mu-</strong></span> 
     </span>
    </p>
   </div>
   <div class='ocr_carea' id='block_1_82' title="bbox 2005 3579 3592 3656">
    <p class='ocr_par' dir='ltr' id='par_1_82' title="bbox 2005 3579 3592 3656">
     <span class='ocr_line' id='line_1_82' title="bbox 2005 3579 3592 3656; baseline -0.011 -10"><span class='ocrx_word' id='word_1_635' title='bbox 2005 3600 2075 3648; x_wconf 63' lang='lat' dir='ltr'><strong>tae</strong></span> <span class='ocrx_word' id='word_1_636' title='bbox 2100 3600 2257 3656; x_wconf 78' lang='lat' dir='ltr'><strong>sunt,</strong></span> <span class='ocrx_word' id='word_1_637' title='bbox 2296 3589 2402 3644; x_wconf 84' lang='lat' dir='ltr'><strong>hoc</strong></span> <span class='ocrx_word' id='word_1_638' title='bbox 2445 3595 2528 3643; x_wconf 90' lang='lat' dir='ltr'><strong>est</strong></span> <span class='ocrx_word' id='word_1_639' title='bbox 2579 3584 2758 3640; x_wconf 77' lang='lat' dir='ltr'><strong>cﬂ‘erri</strong></span> <span class='ocrx_word' id='word_1_640' title='bbox 2801 3579 3254 3654; x_wconf 85' lang='lat' dir='ltr'><strong>pronuntiarique</strong></span> <span class='ocrx_word' id='word_1_641' title='bbox 3296 3585 3592 3647; x_wconf 84' lang='lat' dir='ltr'><strong>nequeant.</strong></span> 
     </span>
    </p>
   </div>
   <div class='ocr_carea' id='block_1_83' title="bbox 2009 3669 3590 3742">
    <p class='ocr_par' dir='ltr' id='par_1_83' title="bbox 2009 3669 3590 3742">
     <span class='ocr_line' id='line_1_83' title="bbox 2009 3669 3590 3742; baseline -0.011 -6"><span class='ocrx_word' id='word_1_642' title='bbox 2009 3681 2376 3738; x_wconf 88' lang='lat' dir='ltr'><strong>Semivocales</strong></span> <span class='ocrx_word' id='word_1_643' title='bbox 2407 3686 2532 3733; x_wconf 84' lang='lat' dir='ltr'><strong>octo</strong></span> <span class='ocrx_word' id='word_1_644' title='bbox 2565 3675 2774 3739; x_wconf 82' lang='lat' dir='ltr'><strong>Verbo,</strong></span> <span class='ocrx_word' id='word_1_645' title='bbox 2803 3672 3046 3742; x_wconf 64' lang='lat' dir='ltr'><strong>Vitteque</strong></span> <span class='ocrx_word' id='word_1_646' title='bbox 3086 3669 3387 3726; x_wconf 65' lang='lat' dir='ltr'><strong>tribuenda:</strong></span> <span class='ocrx_word' id='word_1_647' title='bbox 3431 3678 3590 3729; x_wconf 87' lang='lat' dir='ltr'><strong>sunt,</strong></span> 
     </span>
    </p>
   </div>
   <div class='ocr_carea' id='block_1_84' title="bbox 2006 3759 3592 3844">
    <p class='ocr_par' dir='ltr' id='par_1_84' title="bbox 2006 3759 3592 3844">
     <span class='ocr_line' id='line_1_84' title="bbox 2006 3759 3592 3844; baseline -0.012 -16"><span class='ocrx_word' id='word_1_648' title='bbox 2006 3790 2071 3828; x_wconf 87' lang='lat' dir='ltr'><strong>eo</strong></span> <span class='ocrx_word' id='word_1_649' title='bbox 2101 3773 2244 3844; x_wconf 88' lang='lat' dir='ltr'><strong>quod</strong></span> <span class='ocrx_word' id='word_1_650' title='bbox 2285 3770 2446 3824; x_wconf 73' lang='lat' dir='ltr'><strong>modii</strong></span> <span class='ocrx_word' id='word_1_651' title='bbox 2483 3767 2770 3837; x_wconf 87' lang='lat' dir='ltr'><strong>cujusdam</strong></span> <span class='ocrx_word' id='word_1_652' title='bbox 2803 3764 3020 3836; x_wconf 85' lang='lat' dir='ltr'><strong>generis</strong></span> <span class='ocrx_word' id='word_1_653' title='bbox 3050 3771 3208 3824; x_wconf 89' lang='lat' dir='ltr'><strong>sunt,</strong></span> <span class='ocrx_word' id='word_1_654' title='bbox 3243 3769 3425 3814; x_wconf 86' lang='lat' dir='ltr'><strong>mutas</strong></span> <span class='ocrx_word' id='word_1_655' title='bbox 3450 3759 3592 3813; x_wconf 87' lang='lat' dir='ltr'><strong>inter</strong></span> 
     </span>
    </p>
   </div>
   <div class='ocr_carea' id='block_1_85' title="bbox 2008 3853 3594 3931">
    <p class='ocr_par' dir='ltr' id='par_1_85' title="bbox 2008 3853 3594 3931">
     <span class='ocr_line' id='line_1_85' title="bbox 2008 3853 3594 3931; baseline -0.011 -11"><span class='ocrx_word' id='word_1_656' title='bbox 2008 3883 2072 3920; x_wconf 87' lang='lat' dir='ltr'><strong>ae</strong></span> <span class='ocrx_word' id='word_1_657' title='bbox 2115 3865 2330 3920; x_wconf 87' lang='lat' dir='ltr'><strong>vocales</strong></span> <span class='ocrx_word' id='word_1_658' title='bbox 2365 3880 2378 3915; x_wconf 90' lang='lat'>:</span> <span class='ocrx_word' id='word_1_659' title='bbox 2415 3871 2583 3931; x_wconf 89' lang='lat' dir='ltr'><strong>atque</strong></span> <span class='ocrx_word' id='word_1_660' title='bbox 2631 3870 2685 3914; x_wconf 90' lang='lat' dir='ltr'><strong>et</strong></span> <span class='ocrx_word' id='word_1_661' title='bbox 2719 3858 3064 3927; x_wconf 83' lang='lat' dir='ltr'><strong>superiorum</strong></span> <span class='ocrx_word' id='word_1_662' title='bbox 3103 3853 3507 3924; x_wconf 82' lang='lat' dir='ltr'><strong>proﬂuentiam,</strong></span> <span class='ocrx_word' id='word_1_663' title='bbox 3538 3859 3594 3904; x_wconf 88' lang='lat' dir='ltr'><strong>et</strong></span> 
     </span>
    </p>
   </div>
   <div class='ocr_carea' id='block_1_86' title="bbox 2005 3941 3594 4014">
    <p class='ocr_par' dir='ltr' id='par_1_86' title="bbox 2005 3941 3594 4014">
     <span class='ocr_line' id='line_1_86' title="bbox 2005 3941 3594 4014; baseline -0.008 -4"><span class='ocrx_word' id='word_1_664' title='bbox 2005 3957 2326 4010; x_wconf 60' lang='lat' dir='ltr'><strong>inferiorum</strong></span> <span class='ocrx_word' id='word_1_665' title='bbox 2361 3952 2737 4006; x_wconf 84' lang='lat' dir='ltr'><strong>habitudinem</strong></span> <span class='ocrx_word' id='word_1_666' title='bbox 2779 3949 2845 4002; x_wconf 87' lang='lat' dir='ltr'><strong>ad</strong></span> <span class='ocrx_word' id='word_1_667' title='bbox 2891 3962 3013 4002; x_wconf 89' lang='lat' dir='ltr'><strong>sese</strong></span> <span class='ocrx_word' id='word_1_668' title='bbox 3045 3945 3334 4014; x_wconf 89' lang='lat' dir='ltr'><strong>recipiunt.</strong></span> <span class='ocrx_word' id='word_1_669' title='bbox 3363 3941 3594 3997; x_wconf 82' lang='lat' dir='ltr'><strong>Vocales</strong></span> 
     </span>
    </p>
   </div>
   <div class='ocr_carea' id='block_1_87' title="bbox 2006 4031 3590 4116">
    <p class='ocr_par' dir='ltr' id='par_1_87' title="bbox 2006 4031 3590 4116">
     <span class='ocr_line' id='line_1_87' title="bbox 2006 4031 3590 4116; baseline -0.013 -13"><span class='ocrx_word' id='word_1_670' title='bbox 2006 4048 2200 4103; x_wconf 86' lang='lat' dir='ltr'><strong>deinde</strong></span> <span class='ocrx_word' id='word_1_671' title='bbox 2230 4055 2435 4116; x_wconf 89' lang='lat' dir='ltr'><strong>septem</strong></span> <span class='ocrx_word' id='word_1_672' title='bbox 2461 4043 2633 4097; x_wconf 86' lang='lat' dir='ltr'><strong>llomo</strong></span> <span class='ocrx_word' id='word_1_673' title='bbox 2661 4050 2822 4110; x_wconf 90' lang='lat' dir='ltr'><strong>atque</strong></span> <span class='ocrx_word' id='word_1_674' title='bbox 2863 4035 3108 4092; x_wconf 84' lang='lat' dir='ltr'><strong>Ecclesia</strong></span> <span class='ocrx_word' id='word_1_675' title='bbox 3137 4035 3242 4089; x_wconf 86' lang='lat' dir='ltr'><strong>sibi</strong></span> <span class='ocrx_word' id='word_1_676' title='bbox 3286 4031 3590 4097; x_wconf 80' lang='lat' dir='ltr'><strong>vindicant,</strong></span> 
     </span>
    </p>
   </div>
   <div class='ocr_carea' id='block_1_88' title="bbox 2007 4125 3580 4210">
    <p class='ocr_par' dir='ltr' id='par_1_88' title="bbox 2007 4125 3580 4210">
     <span class='ocr_line' id='line_1_88' title="bbox 2007 4125 3580 4210; baseline -0.008 -17"><span class='ocrx_word' id='word_1_677' title='bbox 2007 4140 2265 4210; x_wconf 90' lang='lat' dir='ltr'><strong>quoniam</strong></span> <span class='ocrx_word' id='word_1_678' title='bbox 2304 4154 2407 4192; x_wconf 81' lang='lat' dir='ltr'><strong>vox</strong></span> <span class='ocrx_word' id='word_1_679' title='bbox 2437 4138 2506 4192; x_wconf 90' lang='lat' dir='ltr'><strong>ab</strong></span> <span class='ocrx_word' id='word_1_680' title='bbox 2563 4134 2788 4188; x_wconf 86' lang='lat' dir='ltr'><strong>Homine</strong></span> <span class='ocrx_word' id='word_1_681' title='bbox 2822 4130 3080 4201; x_wconf 89' lang='lat' dir='ltr'><strong>prodicns</strong></span> <span class='ocrx_word' id='word_1_682' title='bbox 3119 4127 3375 4181; x_wconf 89' lang='lat' dir='ltr'><strong>universa</strong></span> <span class='ocrx_word' id='word_1_683' title='bbox 3403 4125 3580 4180; x_wconf 81' lang='lat' dir='ltr'><strong>ﬁnxit.</strong></span> 
     </span>
    </p>
   </div>
   <div class='ocr_carea' id='block_1_89' title="bbox 2005 4220 3416 4289">
    <p class='ocr_par' dir='ltr' id='par_1_89' title="bbox 2005 4220 3416 4289">
     <span class='ocr_line' id='line_1_89' title="bbox 2005 4220 3416 4289; baseline -0.008 -3"><span class='ocrx_word' id='word_1_684' title='bbox 2005 4233 2171 4289; x_wconf 83' lang='lat' dir='ltr'><strong>Vocis</strong></span> <span class='ocrx_word' id='word_1_685' title='bbox 2193 4233 2336 4288; x_wconf 87' lang='lat' dir='ltr'><strong>enim</strong></span> <span class='ocrx_word' id='word_1_686' title='bbox 2356 4246 2525 4286; x_wconf 90' lang='lat' dir='ltr'><strong>sonus</strong></span> <span class='ocrx_word' id='word_1_687' title='bbox 2550 4238 2750 4284; x_wconf 88' lang='lat' dir='ltr'><strong>certam</strong></span> <span class='ocrx_word' id='word_1_688' title='bbox 2774 4225 2854 4279; x_wconf 92' lang='lat' dir='ltr'><strong>eis</strong></span> <span class='ocrx_word' id='word_1_689' title='bbox 2886 4223 3114 4276; x_wconf 83' lang='lat' dir='ltr'><strong>formam</strong></span> <span class='ocrx_word' id='word_1_690' title='bbox 3145 4220 3416 4275; x_wconf 84' lang='lat' dir='ltr'><strong>attribuit.</strong></span> 
     </span>
    </p>
   </div>
   <div class='ocr_carea' id='block_1_90' title="bbox 392 4481 1907 4574">
    <p class='ocr_par' dir='ltr' id='par_1_90' title="bbox 392 4481 1904 4574">
     <span class='ocr_line' id='line_1_90' title="bbox 392 4481 1904 4574; baseline -0.003 -17"><span class='ocrx_word' id='word_1_691' title='bbox 392 4505 578 4557; x_wconf 86' lang='grc' dir='ltr'>Ἔστιν</span> <span class='ocrx_word' id='word_1_692' title='bbox 602 4481 630 4556; x_wconf 80' lang='grc' dir='ltr'><strong>ό</strong></span> <span class='ocrx_word' id='word_1_693' title='bbox 657 4503 755 4573; x_wconf 82' lang='grc' dir='ltr'><strong>μὲν</strong></span> <span class='ocrx_word' id='word_1_694' title='bbox 777 4503 983 4570; x_wconf 82' lang='grc' dir='ltr'>Λόγος⁶</span> <span class='ocrx_word' id='word_1_695' title='bbox 1013 4501 1152 4572; x_wconf 74' lang='grc' dir='ltr'>ἔχων</span> <span class='ocrx_word' id='word_1_696' title='bbox 1169 4503 1262 4555; x_wconf 71' lang='grc' dir='ltr'><strong>καὶ</strong></span> <span class='ocrx_word' id='word_1_697' title='bbox 1286 4503 1319 4572; x_wconf 79' lang='grc' dir='ltr'>ἡ</span> <span class='ocrx_word' id='word_1_698' title='bbox 1345 4499 1468 4572; x_wconf 84' lang='grc' dir='ltr'><strong>Ζωὴ</strong></span> <span class='ocrx_word' id='word_1_699' title='bbox 1499 4500 1566 4553; x_wconf 80' lang='grc' dir='ltr'>τὰ</span> <span class='ocrx_word' id='word_1_700' title='bbox 1598 4500 1764 4574; x_wconf 79' lang='grc' dir='ltr'>όκτῲ,</span> <span class='ocrx_word' id='word_1_701' title='bbox 1791 4501 1819 4551; x_wconf 89' lang='grc' dir='ltr'><strong>ὁ</strong></span> <span class='ocrx_word' id='word_1_702' title='bbox 1846 4498 1904 4552; x_wconf 78' lang='grc' dir='ltr'>δὲ</span> 
     </span>
    </p>
   </div>
   <div class='ocr_carea' id='block_1_91' title="bbox 2010 4481 3586 4574">
    <p class='ocr_par' dir='ltr' id='par_1_91' title="bbox 2083 4481 3586 4563">
     <span class='ocr_line' id='line_1_91' title="bbox 2083 4481 3586 4563; baseline -0.007 -16"><span class='ocrx_word' id='word_1_703' title='bbox 2083 4494 2250 4563; x_wconf 84' lang='lat' dir='ltr'><strong>Igitur</strong></span> <span class='ocrx_word' id='word_1_704' title='bbox 2279 4498 2404 4545; x_wconf 88' lang='lat' dir='ltr'><strong>octo</strong></span> <span class='ocrx_word' id='word_1_705' title='bbox 2437 4488 2617 4544; x_wconf 89' lang='lat' dir='ltr'><strong>Verbo</strong></span> <span class='ocrx_word' id='word_1_706' title='bbox 2667 4495 2722 4542; x_wconf 88' lang='lat' dir='ltr'><strong>et</strong></span> <span class='ocrx_word' id='word_1_707' title='bbox 2776 4485 2910 4541; x_wconf 72' lang='lat' dir='ltr'><strong>Vita:</strong></span> <span class='ocrx_word' id='word_1_708' title='bbox 2950 4485 3323 4547; x_wconf 89' lang='lat' dir='ltr'><strong>conveniunt,</strong></span> <span class='ocrx_word' id='word_1_709' title='bbox 3365 4481 3586 4537; x_wconf 82' lang='lat' dir='ltr'><strong>Homini</strong></span> 
     </span>
    </p>
   </div>
   <div class='ocr_carea' id='block_1_92' title="bbox 322 4589 1904 4666">
    <p class='ocr_par' dir='ltr' id='par_1_92' title="bbox 322 4589 1904 4666">
     <span class='ocr_line' id='line_1_92' title="bbox 322 4589 1904 4666; baseline -0.003 -19"><span class='ocrx_word' id='word_1_710' title='bbox 322 4595 642 4666; x_wconf 75' lang='lat' dir='ltr'><strong>&#39;AvOpwrzoc;</strong></span> <span class='ocrx_word' id='word_1_711' title='bbox 668 4594 762 4647; x_wconf 75' lang='grc' dir='ltr'><strong>καὶ</strong></span> <span class='ocrx_word' id='word_1_712' title='bbox 786 4596 819 4665; x_wconf 84' lang='grc' dir='ltr'><strong>ή</strong></span> <span class='ocrx_word' id='word_1_713' title='bbox 860 4592 1156 4663; x_wconf 88' lang='grc' dir='ltr'>Ἐκκλησία</span> <span class='ocrx_word' id='word_1_714' title='bbox 1185 4593 1251 4645; x_wconf 78' lang='grc' dir='ltr'>τὰ</span> <span class='ocrx_word' id='word_1_715' title='bbox 1274 4592 1434 4655; x_wconf 75' lang='grc' dir='ltr'>ἑπτὰ,</span> <span class='ocrx_word' id='word_1_716' title='bbox 1465 4594 1493 4645; x_wconf 88' lang='grc' dir='ltr'><strong>ό</strong></span> <span class='ocrx_word' id='word_1_717' title='bbox 1517 4591 1574 4644; x_wconf 79' lang='grc' dir='ltr'>δὲ</span> <span class='ocrx_word' id='word_1_718' title='bbox 1594 4590 1782 4662; x_wconf 78' lang='grc' dir='ltr'>Πατὴρ</span> <span class='ocrx_word' id='word_1_719' title='bbox 1808 4589 1904 4646; x_wconf 74' lang='grc' dir='ltr'>καὶ</span> 
     </span>
    </p>
   </div>
   <div class='ocr_carea' id='block_1_93' title="bbox 319 4682 1900 4757">
    <p class='ocr_par' dir='ltr' id='par_1_93' title="bbox 319 4682 1900 4757">
     <span class='ocr_line' id='line_1_93' title="bbox 319 4682 1900 4757; baseline -0.002 -19"><span class='ocrx_word' id='word_1_720' title='bbox 319 4689 352 4755; x_wconf 78' lang='grc' dir='ltr'><strong>ἡ</strong></span> <span class='ocrx_word' id='word_1_721' title='bbox 395 4686 644 4757; x_wconf 83' lang='grc' dir='ltr'>Ἀλήθεια</span> <span class='ocrx_word' id='word_1_722' title='bbox 659 4687 729 4740; x_wconf 79' lang='grc' dir='ltr'>τὰ</span> <span class='ocrx_word' id='word_1_723' title='bbox 755 4686 930 4739; x_wconf 84' lang='grc' dir='ltr'>ἐννέα.</span> <span class='ocrx_word' id='word_1_724' title='bbox 969 4685 1187 4756; x_wconf 80' lang='grc' dir='ltr'>Ἐπειδὴ</span> <span class='ocrx_word' id='word_1_725' title='bbox 1218 4685 1341 4739; x_wconf 86' lang='grc' dir='ltr'>τοῦ⁷</span> <span class='ocrx_word' id='word_1_726' title='bbox 1373 4682 1900 4755; x_wconf 77' lang='grc' dir='ltr'>ὑστερήσαντος(16)</span> 
     </span>
    </p>
   </div>
   <div class='ocr_carea' id='block_1_94' title="bbox 319 4774 1899 4850">
    <p class='ocr_par' dir='ltr' id='par_1_94' title="bbox 319 4774 1899 4850">
     <span class='ocr_line' id='line_1_94' title="bbox 319 4774 1899 4850; baseline -0.006 -15"><span class='ocrx_word' id='word_1_727' title='bbox 319 4781 492 4850; x_wconf 85' lang='grc' dir='ltr'>Λόγου</span> <span class='ocrx_word' id='word_1_728' title='bbox 517 4783 544 4834; x_wconf 92' lang='grc' dir='ltr'><strong>ό</strong></span> <span class='ocrx_word' id='word_1_729' title='bbox 567 4781 925 4850; x_wconf 73' lang='grc' dir='ltr'>ἁφεδρασθεὶς</span> <span class='ocrx_word' id='word_1_730' title='bbox 947 4781 1005 4832; x_wconf 83' lang='grc' dir='ltr'>ὲν</span> <span class='ocrx_word' id='word_1_731' title='bbox 1025 4778 1103 4849; x_wconf 79' lang='grc' dir='ltr'>τῷ</span> <span class='ocrx_word' id='word_1_732' title='bbox 1133 4780 1309 4848; x_wconf 77' lang='grc' dir='ltr'>Πατρὶ</span> <span class='ocrx_word' id='word_1_733' title='bbox 1338 4776 1594 4848; x_wconf 80' lang='grc' dir='ltr'>κατῆλθε,</span> <span class='ocrx_word' id='word_1_734' title='bbox 1628 4774 1899 4845; x_wconf 71' lang='grc' dir='ltr'>πεμφθεὶς</span> 
     </span>
    </p>
   </div>
   <div class='ocr_carea' id='block_1_95' title="bbox 317 4865 1902 4942">
    <p class='ocr_par' dir='ltr' id='par_1_95' title="bbox 317 4865 1902 4942">
     <span class='ocr_line' id='line_1_95' title="bbox 317 4865 1902 4942; baseline -0.005 -16"><span class='ocrx_word' id='word_1_735' title='bbox 317 4874 411 4926; x_wconf 78' lang='grc' dir='ltr'>ἐπὶ</span> <span class='ocrx_word' id='word_1_736' title='bbox 436 4871 526 4926; x_wconf 75' lang='grc' dir='ltr'><strong>τὸν</strong></span> <span class='ocrx_word' id='word_1_737' title='bbox 555 4871 648 4941; x_wconf 71' lang='grc' dir='ltr'><strong>ἀφ’</strong></span> <span class='ocrx_word' id='word_1_738' title='bbox 674 4866 735 4925; x_wconf 74' lang='grc' dir='ltr'><strong>οὗ</strong></span> <span class='ocrx_word' id='word_1_739' title='bbox 766 4870 1036 4942; x_wconf 83' lang='grc' dir='ltr'>ἐχωρίσθη</span> <span class='ocrx_word' id='word_1_740' title='bbox 1059 4871 1152 4922; x_wconf 76' lang='grc' dir='ltr'><strong>ἐπὶ</strong></span> <span class='ocrx_word' id='word_1_741' title='bbox 1181 4867 1463 4941; x_wconf 89' lang='grc' dir='ltr'>διορθώσει</span> <span class='ocrx_word' id='word_1_742' title='bbox 1493 4867 1603 4920; x_wconf 86' lang='grc' dir='ltr'><strong>τῶν</strong></span> <span class='ocrx_word' id='word_1_743' title='bbox 1629 4865 1902 4938; x_wconf 83' lang='grc' dir='ltr'>πραχθέν-</span> 
     </span>
    </p>
   </div>
   <div class='ocr_carea' id='block_1_96' title="bbox 316 4958 1904 5033">
    <p class='ocr_par' dir='ltr' id='par_1_96' title="bbox 316 4958 1904 5033">
     <span class='ocr_line' id='line_1_96' title="bbox 316 4958 1904 5033; baseline -0.004 -16"><span class='ocrx_word' id='word_1_744' title='bbox 316 4981 445 5028; x_wconf 88' lang='grc' dir='ltr'>των,</span> <span class='ocrx_word' id='word_1_745' title='bbox 488 4959 576 5017; x_wconf 80' lang='lat' dir='ltr'><strong>&#39;t&#39;va.</strong></span> <span class='ocrx_word' id='word_1_746' title='bbox 610 4963 643 5033; x_wconf 81' lang='grc' dir='ltr'>ἡ</span> <span class='ocrx_word' id='word_1_747' title='bbox 674 4963 782 5016; x_wconf 90' lang='grc' dir='ltr'><strong>τῶν</strong></span> <span class='ocrx_word' id='word_1_748' title='bbox 813 4961 1203 5033; x_wconf 86' lang='grc' dir='ltr'>Πληρωμάτων</span> <span class='ocrx_word' id='word_1_749' title='bbox 1231 4961 1420 5032; x_wconf 76' lang='grc' dir='ltr'>ἑνότης</span> <span class='ocrx_word' id='word_1_750' title='bbox 1455 4961 1676 5032; x_wconf 78' lang='grc' dir='ltr'>ἰσότητα</span> <span class='ocrx_word' id='word_1_751' title='bbox 1705 4958 1904 5030; x_wconf 73' lang='grc' dir='ltr'>ἔχουσα</span> 
     </span>
    </p>
   </div>
   <div class='ocr_carea' id='block_1_97' title="bbox 2011 4577 3586 4656">
    <p class='ocr_par' dir='ltr' id='par_1_97' title="bbox 2011 4577 3586 4656">
     <span class='ocr_line' id='line_1_97' title="bbox 2011 4577 3586 4656; baseline -0.008 -15"><span class='ocrx_word' id='word_1_752' title='bbox 2011 4597 2174 4656; x_wconf 89' lang='lat' dir='ltr'><strong>atque</strong></span> <span class='ocrx_word' id='word_1_753' title='bbox 2218 4583 2474 4638; x_wconf 67' lang='lat' dir='ltr'><strong>Ecclesiae</strong></span> <span class='ocrx_word' id='word_1_754' title='bbox 2511 4589 2754 4652; x_wconf 90' lang='lat' dir='ltr'><strong>septem,</strong></span> <span class='ocrx_word' id='word_1_755' title='bbox 2798 4579 2947 4634; x_wconf 85' lang='lat' dir='ltr'><strong>Patri</strong></span> <span class='ocrx_word' id='word_1_756' title='bbox 2984 4595 3048 4633; x_wconf 90' lang='lat' dir='ltr'><strong>ae</strong></span> <span class='ocrx_word' id='word_1_757' title='bbox 3088 4577 3319 4632; x_wconf 87' lang='lat' dir='ltr'><strong>Veritati</strong></span> <span class='ocrx_word' id='word_1_758' title='bbox 3373 4590 3586 4631; x_wconf 91' lang='lat' dir='ltr'><strong>uovem.</strong></span> 
     </span>
    </p>
   </div>
   <div class='ocr_carea' id='block_1_98' title="bbox 2009 4668 3588 4746">
    <p class='ocr_par' dir='ltr' id='par_1_98' title="bbox 2009 4668 3588 4746">
     <span class='ocr_line' id='line_1_98' title="bbox 2009 4668 3588 4746; baseline -0.006 -13"><span class='ocrx_word' id='word_1_759' title='bbox 2009 4677 2167 4746; x_wconf 84' lang='lat' dir='ltr'><strong>Quod</strong></span> <span class='ocrx_word' id='word_1_760' title='bbox 2209 4685 2390 4731; x_wconf 91' lang='lat' dir='ltr'><strong>autem</strong></span> <span class='ocrx_word' id='word_1_761' title='bbox 2434 4676 2574 4730; x_wconf 89' lang='lat' dir='ltr'><strong>ratio</strong></span> <span class='ocrx_word' id='word_1_762' title='bbox 2631 4689 2742 4728; x_wconf 80' lang='lat' dir='ltr'><strong>non</strong></span> <span class='ocrx_word' id='word_1_763' title='bbox 2792 4673 2928 4728; x_wconf 87' lang='lat' dir='ltr'><strong>satis</strong></span> <span class='ocrx_word' id='word_1_764' title='bbox 2958 4678 3272 4732; x_wconf 87' lang='lat' dir='ltr'><strong>constaret,</strong></span> <span class='ocrx_word' id='word_1_765' title='bbox 3319 4670 3367 4724; x_wconf 88' lang='lat' dir='ltr'><strong>is</strong></span> <span class='ocrx_word' id='word_1_766' title='bbox 3417 4668 3588 4738; x_wconf 91' lang='lat' dir='ltr'><strong>quiin</strong></span> 
     </span>
    </p>
   </div>
   <div class='ocr_carea' id='block_1_99' title="bbox 2006 4761 3590 4834">
    <p class='ocr_par' dir='ltr' id='par_1_99' title="bbox 2006 4761 3590 4834">
     <span class='ocr_line' id='line_1_99' title="bbox 2006 4761 3590 4834; baseline -0.008 -9"><span class='ocrx_word' id='word_1_767' title='bbox 2006 4771 2167 4825; x_wconf 87' lang='lat' dir='ltr'><strong>Patre</strong></span> <span class='ocrx_word' id='word_1_768' title='bbox 2212 4768 2484 4824; x_wconf 89' lang='lat' dir='ltr'><strong>stabilitus</strong></span> <span class='ocrx_word' id='word_1_769' title='bbox 2526 4773 2644 4822; x_wconf 87' lang='lat' dir='ltr'><strong>erat</strong></span> <span class='ocrx_word' id='word_1_770' title='bbox 2687 4764 2948 4834; x_wconf 77' lang='lat' dir='ltr'><strong>delapsus</strong></span> <span class='ocrx_word' id='word_1_771' title='bbox 2992 4771 3112 4825; x_wconf 88' lang='lat' dir='ltr'><strong>est,</strong></span> <span class='ocrx_word' id='word_1_772' title='bbox 3149 4761 3217 4815; x_wconf 90' lang='lat' dir='ltr'><strong>ad</strong></span> <span class='ocrx_word' id='word_1_773' title='bbox 3255 4775 3528 4830; x_wconf 89' lang='lat' dir='ltr'><strong>eumque,</strong></span> <span class='ocrx_word' id='word_1_774' title='bbox 3559 4771 3590 4812; x_wconf 88' lang='lat' dir='ltr'><strong>a</strong></span> 
     </span>
    </p>
   </div>
   <div class='ocr_carea' id='block_1_100' title="bbox 2011 4857 3584 4935">
    <p class='ocr_par' dir='ltr' id='par_1_100' title="bbox 2011 4857 3584 4935">
     <span class='ocr_line' id='line_1_100' title="bbox 2011 4857 3584 4935; baseline -0.007 -16"><span class='ocrx_word' id='word_1_775' title='bbox 2011 4880 2122 4935; x_wconf 90' lang='lat' dir='ltr'><strong>quo</strong></span> <span class='ocrx_word' id='word_1_776' title='bbox 2150 4863 2432 4933; x_wconf 85' lang='lat' dir='ltr'><strong>sejunctus</strong></span> <span class='ocrx_word' id='word_1_777' title='bbox 2468 4860 2666 4918; x_wconf 79' lang='lat' dir='ltr'><strong>fuerat.</strong></span> <span class='ocrx_word' id='word_1_778' title='bbox 2697 4874 2888 4915; x_wconf 89' lang='lat' dir='ltr'><strong>eorum</strong></span> <span class='ocrx_word' id='word_1_779' title='bbox 2916 4874 3038 4929; x_wconf 69' lang='lat' dir='ltr'><strong>quae</strong></span> <span class='ocrx_word' id='word_1_780' title='bbox 3068 4857 3211 4912; x_wconf 81' lang='lat' dir='ltr'><strong>facta</strong></span> <span class='ocrx_word' id='word_1_781' title='bbox 3232 4863 3420 4912; x_wconf 88' lang='lat' dir='ltr'><strong>essent</strong></span> <span class='ocrx_word' id='word_1_782' title='bbox 3451 4868 3584 4909; x_wconf 89' lang='lat' dir='ltr'><strong>con-</strong></span> 
     </span>
    </p>
   </div>
   <div class='ocr_carea' id='block_1_101' title="bbox 2013 4949 3589 5027">
    <p class='ocr_par' dir='ltr' id='par_1_101' title="bbox 2013 4949 3589 5027">
     <span class='ocr_line' id='line_1_101' title="bbox 2013 4949 3589 5027; baseline -0.007 -15"><span class='ocrx_word' id='word_1_783' title='bbox 2013 4957 2414 5012; x_wconf 88' lang='lat' dir='ltr'><strong>stituendorum</strong></span> <span class='ocrx_word' id='word_1_784' title='bbox 2457 4954 2632 5027; x_wconf 74' lang='lat' dir='ltr'><strong>gratia</strong></span> <span class='ocrx_word' id='word_1_785' title='bbox 2672 4953 2963 5017; x_wconf 83' lang='lat' dir='ltr'><strong>dimissus,</strong></span> <span class='ocrx_word' id='word_1_786' title='bbox 3007 4951 3172 5023; x_wconf 72' lang='grc'><strong>240</strong></span> <span class='ocrx_word' id='word_1_787' title='bbox 3217 4957 3276 5004; x_wconf 89' lang='lat' dir='ltr'><strong>ut</strong></span> <span class='ocrx_word' id='word_1_788' title='bbox 3317 4949 3589 5019; x_wconf 84' lang='lat' dir='ltr'><strong>pleroma-</strong></span> 
     </span>
    </p>
   </div>
   <div class='ocr_carea' id='block_1_102' title="bbox 393 5102 1907 5190">
    <p class='ocr_par' dir='ltr' id='par_1_102' title="bbox 393 5117 1907 5190">
     <span class='ocr_line' id='line_1_102' title="bbox 393 5117 1907 5190; baseline -0.008 -14"><span class='ocrx_word' id='word_1_789' title='bbox 393 5125 407 5155; x_wconf 86' lang='grc'>¹</span> <span class='ocrx_word' id='word_1_790' title='bbox 443 5123 585 5178; x_wconf 84' lang='lat' dir='ltr'><strong>lren.</strong></span> <span class='ocrx_word' id='word_1_791' title='bbox 615 5121 1044 5190; x_wconf 83' lang='grc' dir='ltr'>αὐτογεννήτορα</span> <span class='ocrx_word' id='word_1_792' title='bbox 1082 5127 1136 5173; x_wconf 91' lang='lat' dir='ltr'><strong>et</strong></span> <span class='ocrx_word' id='word_1_793' title='bbox 1179 5117 1570 5190; x_wconf 76' lang='grc' dir='ltr'>πατροδότορα,</span> <span class='ocrx_word' id='word_1_794' title='bbox 1598 5127 1654 5190; x_wconf 75' lang='lat' dir='ltr'><strong>et</strong></span> <span class='ocrx_word' id='word_1_795' title='bbox 1703 5130 1844 5190; x_wconf 80' lang='lat' dir='ltr'><strong>mox~</strong></span> <span class='ocrx_word' id='word_1_796' title='bbox 1861 5131 1907 5166; x_wconf 62' lang='grc' dir='ltr'><strong>σι</strong></span> 
     </span>
    </p>
   </div>
   <div class='ocr_carea' id='block_1_103' title="bbox 2010 5102 3587 5190">
    <p class='ocr_par' dir='ltr' id='par_1_103' title="bbox 2010 5102 3587 5190">
     <span class='ocr_line' id='line_1_103' title="bbox 2010 5102 3587 5190; baseline -0.006 -25"><span class='ocrx_word' id='word_1_797' title='bbox 2010 5129 2148 5190; x_wconf 72' lang='grc' dir='ltr'>ιτος.</span> <span class='ocrx_word' id='word_1_798' title='bbox 2205 5113 2246 5190; x_wconf 33' lang='grc'><strong>’³</strong></span> <span class='ocrx_word' id='word_1_799' title='bbox 2276 5109 2416 5190; x_wconf 72' lang='lat' dir='ltr'><strong>Iren.</strong></span> <span class='ocrx_word' id='word_1_800' title='bbox 2444 5109 2632 5189; x_wconf 61' lang='grc' dir='ltr'>δοκεῖς</span> <span class='ocrx_word' id='word_1_801' title='bbox 2661 5108 2826 5180; x_wconf 75' lang='grc' dir='ltr'>ἔχειν.</span> <span class='ocrx_word' id='word_1_802' title='bbox 2903 5105 2925 5138; x_wconf 85' lang='grc'><strong><em>³</em></strong></span> <span class='ocrx_word' id='word_1_803' title='bbox 2952 5103 3094 5162; x_wconf 84' lang='lat' dir='ltr'><strong>Iren.</strong></span> <span class='ocrx_word' id='word_1_804' title='bbox 3147 5121 3369 5175; x_wconf 87' lang='grc' dir='ltr'>συγγεν.</span> <span class='ocrx_word' id='word_1_805' title='bbox 3401 5102 3587 5160; x_wconf 79' lang='grc' dir='ltr'>αὑτοῦ.</span> 
     </span>
    </p>
   </div>
   <div class='ocr_carea' id='block_1_104' title="bbox 321 5179 1907 5263">
    <p class='ocr_par' dir='ltr' id='par_1_104' title="bbox 321 5179 1902 5263">
     <span class='ocr_line' id='line_1_104' title="bbox 321 5179 1902 5263; baseline -0.006 -16"><span class='ocrx_word' id='word_1_806' title='bbox 321 5195 341 5224; x_wconf 69' lang='grc'>⁸</span> <span class='ocrx_word' id='word_1_807' title='bbox 373 5195 511 5247; x_wconf 90' lang='lat' dir='ltr'><strong>lren.</strong></span> <span class='ocrx_word' id='word_1_808' title='bbox 540 5191 710 5263; x_wconf 82' lang='grc' dir='ltr'>αὐτῷ.</span> <span class='ocrx_word' id='word_1_809' title='bbox 760 5179 808 5223; x_wconf 80' lang='grc'><strong>’⁵</strong></span> <span class='ocrx_word' id='word_1_810' title='bbox 849 5179 990 5246; x_wconf 63' lang='grc' dir='ltr'>Ιτὲηί</span> <span class='ocrx_word' id='word_1_811' title='bbox 1022 5190 1112 5243; x_wconf 86' lang='grc' dir='ltr'>ὑπ’</span> <span class='ocrx_word' id='word_1_812' title='bbox 1145 5179 1309 5245; x_wconf 68' lang='grc' dir='ltr'>αὐτά.</span> <span class='ocrx_word' id='word_1_813' title='bbox 1381 5189 1402 5220; x_wconf 88' lang='grc'><strong><em>⁶</em></strong></span> <span class='ocrx_word' id='word_1_814' title='bbox 1427 5179 1570 5242; x_wconf 74' lang='lat' dir='ltr'><strong>Iren.</strong></span> <span class='ocrx_word' id='word_1_815' title='bbox 1607 5186 1756 5240; x_wconf 76' lang='grc' dir='ltr'>ἐστιν</span> <span class='ocrx_word' id='word_1_816' title='bbox 1786 5181 1902 5240; x_wconf 83' lang='grc' dir='ltr'>οὖν.</span> 
     </span>
    </p>
   </div>
   <div class='ocr_carea' id='block_1_105' title="bbox 2010 5179 2496 5263">
    <p class='ocr_par' dir='ltr' id='par_1_105' title="bbox 2033 5179 2496 5237">
     <span class='ocr_line' id='line_1_105' title="bbox 2033 5179 2496 5237; baseline -0.004 -2"><span class='ocrx_word' id='word_1_817' title='bbox 2033 5182 2175 5237; x_wconf 86' lang='lat' dir='ltr'><strong>lren.</strong></span> <span class='ocrx_word' id='word_1_818' title='bbox 2201 5183 2268 5235; x_wconf 84' lang='grc' dir='ltr'><strong>ἐκ</strong></span> <span class='ocrx_word' id='word_1_819' title='bbox 2296 5181 2352 5235; x_wconf 82' lang='grc' dir='ltr'>δὲ</span> <span class='ocrx_word' id='word_1_820' title='bbox 2377 5179 2496 5234; x_wconf 91' lang='grc' dir='ltr'>τοῦ.</span> 
     </span>
    </p>
   </div>
   <div class='ocr_carea' id='block_1_106' title="bbox 393 5364 1894 5442">
    <p class='ocr_par' dir='ltr' id='par_1_106' title="bbox 393 5364 1894 5442">
     <span class='ocr_line' id='line_1_106' title="bbox 393 5364 1894 5442; baseline -0.003 -15"><span class='ocrx_word' id='word_1_821' title='bbox 393 5373 506 5442; x_wconf 84' lang='grc'><strong>(15)</strong></span> <span class='ocrx_word' id='word_1_822' title='bbox 547 5372 691 5441; x_wconf 85' lang='grc' dir='ltr'>Παρ’</span> <span class='ocrx_word' id='word_1_823' title='bbox 723 5369 879 5438; x_wconf 78' lang='grc' dir='ltr'>αὐτῇ</span> <span class='ocrx_word' id='word_1_824' title='bbox 928 5369 1030 5424; x_wconf 77' lang='grc' dir='ltr'>καὶ</span> <span class='ocrx_word' id='word_1_825' title='bbox 1070 5367 1326 5442; x_wconf 79' lang='grc' dir='ltr'>σιωπήν.</span> <span class='ocrx_word' id='word_1_826' title='bbox 1373 5367 1520 5442; x_wconf 43' lang='lat' dir='ltr'><strong>[iege</strong></span> <span class='ocrx_word' id='word_1_827' title='bbox 1561 5381 1688 5423; x_wconf 88' lang='lat' dir='ltr'><strong>cum</strong></span> <span class='ocrx_word' id='word_1_828' title='bbox 1733 5364 1894 5422; x_wconf 88' lang='lat' dir='ltr'><strong>Billio</strong></span> 
     </span>
    </p>
   </div>
   <div class='ocr_carea' id='block_1_107' title="bbox 321 5440 1542 5512">
    <p class='ocr_par' dir='ltr' id='par_1_107' title="bbox 321 5440 1542 5512">
     <span class='ocr_line' id='line_1_107' title="bbox 321 5440 1542 5512; baseline -0.006 -13"><span class='ocrx_word' id='word_1_829' title='bbox 321 5461 384 5499; x_wconf 83' lang='lat' dir='ltr'><strong>ex</strong></span> <span class='ocrx_word' id='word_1_830' title='bbox 404 5440 527 5499; x_wconf 73' lang='grc' dir='ltr'>νει.</span> <span class='ocrx_word' id='word_1_831' title='bbox 563 5440 864 5512; x_wconf 86' lang='lat' dir='ltr'><strong>interprete</strong></span> <span class='ocrx_word' id='word_1_832' title='bbox 886 5441 1213 5512; x_wconf 74' lang='grc' dir='ltr'>παραυτίκα</span> <span class='ocrx_word' id='word_1_833' title='bbox 1248 5440 1542 5512; x_wconf 76' lang='grc' dir='ltr'>σιωπῆσαι.</span> 
     </span>
    </p>
   </div>
   <div class='ocr_carea' id='block_1_108' title="bbox 395 5505 1905 5584">
    <p class='ocr_par' dir='ltr' id='par_1_108' title="bbox 395 5505 1905 5584">
     <span class='ocr_line' id='line_1_108' title="bbox 395 5505 1905 5584; baseline -0.005 -16"><span class='ocrx_word' id='word_1_834' title='bbox 395 5513 508 5584; x_wconf 87' lang='lat' dir='ltr'><strong>(l6)</strong></span> <span class='ocrx_word' id='word_1_835' title='bbox 532 5505 774 5577; x_wconf 76' lang='grc' dir='ltr'>Ἐπειδὴ</span> <span class='ocrx_word' id='word_1_836' title='bbox 805 5510 912 5565; x_wconf 85' lang='grc' dir='ltr'><strong>τοῦ</strong></span> <span class='ocrx_word' id='word_1_837' title='bbox 939 5505 1425 5584; x_wconf 64' lang='grc' dir='ltr'><strong>ὑοντιερήσαντος.⁷</strong></span> <span class='ocrx_word' id='word_1_838' title='bbox 1440 5505 1717 5578; x_wconf 87' lang='lat' dir='ltr'><strong>lnterprcs</strong></span> <span class='ocrx_word' id='word_1_839' title='bbox 1733 5507 1905 5584; x_wconf 48' lang='grc' dir='ltr'>μελισ</span> 
     </span>
    </p>
   </div>
   <div class='ocr_carea' id='block_1_109' title="bbox 327 5576 1905 5651">
    <p class='ocr_par' dir='ltr' id='par_1_109' title="bbox 327 5576 1905 5651">
     <span class='ocr_line' id='line_1_109' title="bbox 327 5576 1905 5651; baseline -0.005 -14"><span class='ocrx_word' id='word_1_840' title='bbox 327 5576 411 5638; x_wconf 46' lang='lat' dir='ltr'><strong>Ea;-</strong></span> <span class='ocrx_word' id='word_1_841' title='bbox 461 5576 656 5638; x_wconf 77' lang='lat' dir='ltr'><strong>minori</strong></span> <span class='ocrx_word' id='word_1_842' title='bbox 697 5576 875 5636; x_wconf 82' lang='lat' dir='ltr'><strong>autem</strong></span> <span class='ocrx_word' id='word_1_843' title='bbox 909 5576 1301 5651; x_wconf 68' lang='lat' dir='ltr'><strong>computatione</strong></span> <span class='ocrx_word' id='word_1_844' title='bbox 1329 5581 1418 5651; x_wconf 76' lang='lat' dir='ltr'><strong>qui</strong></span> <span class='ocrx_word' id='word_1_845' title='bbox 1456 5576 1750 5651; x_wconf 37' lang='lat' dir='ltr'><strong>erat—apud</strong></span> <span class='ocrx_word' id='word_1_846' title='bbox 1797 5576 1905 5630; x_wconf 87' lang='lat' dir='ltr'><strong>Pa-</strong></span> 
     </span>
    </p>
   </div>
   <div class='ocr_carea' id='block_1_110' title="bbox 326 5649 1904 5718">
    <p class='ocr_par' dir='ltr' id='par_1_110' title="bbox 326 5649 1904 5718">
     <span class='ocr_line' id='line_1_110' title="bbox 326 5649 1904 5718; baseline -0.005 -11"><span class='ocrx_word' id='word_1_847' title='bbox 326 5665 458 5710; x_wconf 86' lang='lat' dir='ltr'><strong>trem</strong></span> <span class='ocrx_word' id='word_1_848' title='bbox 504 5653 773 5707; x_wconf 79' lang='lat' dir='ltr'><strong>descendit</strong></span> <span class='ocrx_word' id='word_1_849' title='bbox 817 5649 1042 5706; x_wconf 73' lang='lat' dir='ltr'><strong>emissus</strong></span> <span class='ocrx_word' id='word_1_850' title='bbox 1097 5652 1228 5706; x_wconf 76' lang='lat' dir='ltr'><strong>illuc</strong></span> <span class='ocrx_word' id='word_1_851' title='bbox 1270 5650 1408 5704; x_wconf 78' lang='lat' dir='ltr'><strong>unde</strong></span> <span class='ocrx_word' id='word_1_852' title='bbox 1469 5649 1642 5718; x_wconf 75' lang='lat' dir='ltr'><strong>fuerat</strong></span> <span class='ocrx_word' id='word_1_853' title='bbox 1689 5663 1904 5716; x_wconf 78' lang='lat' dir='ltr'><strong>separa-</strong></span> 
     </span>
    </p>
   </div>
   <div class='ocr_carea' id='block_1_111' title="bbox 327 5717 1899 5793">
    <p class='ocr_par' dir='ltr' id='par_1_111' title="bbox 327 5717 1899 5793">
     <span class='ocr_line' id='line_1_111' title="bbox 327 5717 1899 5793; baseline -0.003 -17"><span class='ocrx_word' id='word_1_854' title='bbox 327 5736 432 5783; x_wconf 74' lang='lat' dir='ltr'><strong>tus.</strong></span> <span class='ocrx_word' id='word_1_855' title='bbox 480 5733 586 5780; x_wconf 90' lang='lat' dir='ltr'><strong>etc.</strong></span> <span class='ocrx_word' id='word_1_856' title='bbox 625 5723 704 5777; x_wconf 79' lang='lat' dir='ltr'><strong>Ex</strong></span> <span class='ocrx_word' id='word_1_857' title='bbox 752 5724 952 5793; x_wconf 82' lang='lat' dir='ltr'><strong>quibus</strong></span> <span class='ocrx_word' id='word_1_858' title='bbox 1005 5731 1156 5777; x_wconf 90' lang='lat' dir='ltr'><strong>recte</strong></span> <span class='ocrx_word' id='word_1_859' title='bbox 1197 5721 1527 5789; x_wconf 82' lang='lat' dir='ltr'><strong>conjiciebat</strong></span> <span class='ocrx_word' id='word_1_860' title='bbox 1569 5717 1760 5793; x_wconf 70' lang='lat' dir='ltr'><strong>Billius</strong></span> <span class='ocrx_word' id='word_1_861' title='bbox 1797 5719 1899 5786; x_wconf 81' lang='lat' dir='ltr'><strong>leg.</strong></span> 
     </span>
    </p>
   </div>
   <div class='ocr_carea' id='block_1_112' title="bbox 327 5790 1871 5866">
    <p class='ocr_par' dir='ltr' id='par_1_112' title="bbox 327 5790 1871 5866">
     <span class='ocr_line' id='line_1_112' title="bbox 327 5790 1871 5866; baseline -0.004 -18"><span class='ocrx_word' id='word_1_862' title='bbox 327 5798 391 5849; x_wconf 78' lang='grc' dir='ltr'>ὲκ</span> <span class='ocrx_word' id='word_1_863' title='bbox 416 5796 472 5850; x_wconf 76' lang='grc' dir='ltr'>δὲ</span> <span class='ocrx_word' id='word_1_864' title='bbox 509 5793 604 5848; x_wconf 86' lang='grc' dir='ltr'><strong>τοῦ</strong></span> <span class='ocrx_word' id='word_1_865' title='bbox 637 5790 1052 5866; x_wconf 79' lang='grc' dir='ltr'>ὑστερήσαντος.</span> <span class='ocrx_word' id='word_1_866' title='bbox 1088 5793 1246 5863; x_wconf 79' lang='lat' dir='ltr'><strong>Cum,</strong></span> <span class='ocrx_word' id='word_1_867' title='bbox 1276 5793 1472 5863; x_wconf 80' lang='lat' dir='ltr'><strong>inquit,</strong></span> <span class='ocrx_word' id='word_1_868' title='bbox 1504 5790 1646 5847; x_wconf 83' lang='lat' dir='ltr'><strong>ratio</strong></span> <span class='ocrx_word' id='word_1_869' title='bbox 1672 5805 1781 5846; x_wconf 89' lang='lat' dir='ltr'><strong>non</strong></span> <span class='ocrx_word' id='word_1_870' title='bbox 1809 5803 1871 5844; x_wconf 85' lang='lat' dir='ltr'><strong>sa</strong></span> 
     </span>
    </p>
   </div>
   <div class='ocr_carea' id='block_1_113' title="bbox 2002 5353 3588 5430">
    <p class='ocr_par' dir='ltr' id='par_1_113' title="bbox 2002 5353 3588 5430">
     <span class='ocr_line' id='line_1_113' title="bbox 2002 5353 3588 5430; baseline -0.006 -12"><span class='ocrx_word' id='word_1_871' title='bbox 2002 5365 2072 5420; x_wconf 92' lang='lat' dir='ltr'><strong>tis</strong></span> <span class='ocrx_word' id='word_1_872' title='bbox 2103 5370 2418 5430; x_wconf 89' lang='lat' dir='ltr'><strong>constaret;</strong></span> <span class='ocrx_word' id='word_1_873' title='bbox 2451 5363 2557 5417; x_wconf 91' lang='lat' dir='ltr'><strong>hoc</strong></span> <span class='ocrx_word' id='word_1_874' title='bbox 2586 5370 2671 5417; x_wconf 89' lang='lat' dir='ltr'><strong>est</strong></span> <span class='ocrx_word' id='word_1_875' title='bbox 2699 5375 2824 5415; x_wconf 89' lang='lat' dir='ltr'><strong>cum</strong></span> <span class='ocrx_word' id='word_1_876' title='bbox 2869 5374 2970 5430; x_wconf 89' lang='lat' dir='ltr'><strong>par</strong></span> <span class='ocrx_word' id='word_1_877' title='bbox 2998 5358 3054 5412; x_wconf 90' lang='lat' dir='ltr'><strong>in</strong></span> <span class='ocrx_word' id='word_1_878' title='bbox 3087 5355 3405 5430; x_wconf 83' lang='lat' dir='ltr'><strong>tribus_non_</strong></span> <span class='ocrx_word' id='word_1_879' title='bbox 3439 5353 3588 5409; x_wconf 81' lang='lat' dir='ltr'><strong>ines—</strong></span> 
     </span>
    </p>
   </div>
   <div class='ocr_carea' id='block_1_114' title="bbox 2011 5424 3588 5500">
    <p class='ocr_par' dir='ltr' id='par_1_114' title="bbox 2011 5424 3588 5500">
     <span class='ocr_line' id='line_1_114' title="bbox 2011 5424 3588 5500; baseline -0.006 -11"><span class='ocrx_word' id='word_1_880' title='bbox 2011 5443 2093 5489; x_wconf 91' lang='lat' dir='ltr'><strong>set</strong></span> <span class='ocrx_word' id='word_1_881' title='bbox 2127 5424 2432 5489; x_wconf 84' lang='lat' dir='ltr'><strong>litterarum</strong></span> <span class='ocrx_word' id='word_1_882' title='bbox 2477 5448 2774 5497; x_wconf 91' lang='lat' dir='ltr'><strong>numerus;</strong></span> <span class='ocrx_word' id='word_1_883' title='bbox 2823 5424 3300 5500; x_wconf 10' lang='lat' dir='ltr'><strong>proptereaiquod</strong></span> <span class='ocrx_word' id='word_1_884' title='bbox 3333 5424 3588 5500; x_wconf 55' lang='grc' dir='ltr'>Λόγος-α</span> 
     </span>
    </p>
   </div>
   <div class='ocr_carea' id='block_1_115' title="bbox 2022 5494 3588 5575">
    <p class='ocr_par' dir='ltr' id='par_1_115' title="bbox 2022 5494 3588 5575">
     <span class='ocr_line' id='line_1_115' title="bbox 2022 5494 3588 5575; baseline -0.008 -17"><span class='ocrx_word' id='word_1_885' title='bbox 2022 5504 2319 5575; x_wconf 85' lang='grc' dir='ltr'>Ἐκκλησία</span> <span class='ocrx_word' id='word_1_886' title='bbox 2353 5519 2449 5575; x_wconf 64' lang='lat' dir='ltr'><strong>vni</strong></span> <span class='ocrx_word' id='word_1_887' title='bbox 2497 5494 3076 5575; x_wconf 58' lang='lat' dir='ltr'><strong>litteris_con&#39;starent;</strong></span> <span class='ocrx_word' id='word_1_888' title='bbox 3116 5494 3438 5575; x_wconf 73' lang='grc' dir='ltr'>Ἀνθρωπος</span> <span class='ocrx_word' id='word_1_889' title='bbox 3477 5494 3588 5575; x_wconf 51' lang='grc' dir='ltr'><strong>Ἐξ</strong></span> 
     </span>
    </p>
   </div>
   <div class='ocr_carea' id='block_1_116' title="bbox 2009 5560 3588 5646">
    <p class='ocr_par' dir='ltr' id='par_1_116' title="bbox 2009 5560 3588 5646">
     <span class='ocr_line' id='line_1_116' title="bbox 2009 5560 3588 5646; baseline -0.006 -19"><span class='ocrx_word' id='word_1_890' title='bbox 2009 5560 2350 5646; x_wconf 46' lang='grc' dir='ltr'>κλησίαίνιι,</span> <span class='ocrx_word' id='word_1_891' title='bbox 2393 5571 2556 5629; x_wconf 86' lang='lat' dir='ltr'><strong>Pater</strong></span> <span class='ocrx_word' id='word_1_892' title='bbox 2579 5580 2647 5646; x_wconf 91' lang='lat' dir='ltr'><strong>_et</strong></span> <span class='ocrx_word' id='word_1_893' title='bbox 2695 5571 2915 5634; x_wconf 80' lang='lat' dir='ltr'><strong>Veritas</strong></span> <span class='ocrx_word' id='word_1_894' title='bbox 2945 5586 3036 5646; x_wconf 82' lang='lat' dir='ltr'><strong>I_x;</strong></span> <span class='ocrx_word' id='word_1_895' title='bbox 3064 5560 3210 5646; x_wconf 22' lang='lat' dir='ltr'><strong>itum</strong></span> <span class='ocrx_word' id='word_1_896' title='bbox 3245 5560 3472 5646; x_wconf 55' lang='lat' dir='ltr'><strong>deorum</strong></span> <span class='ocrx_word' id='word_1_897' title='bbox 3509 5560 3588 5646; x_wconf 68' lang='lat' dir='ltr'><strong>uti</strong></span> 
     </span>
    </p>
   </div>
   <div class='ocr_carea' id='block_1_117' title="bbox 2008 5635 3600 5715">
    <p class='ocr_par' dir='ltr' id='par_1_117' title="bbox 2008 5635 3600 5715">
     <span class='ocr_line' id='line_1_117' title="bbox 2008 5635 3600 5715; baseline -0.006 -19"><span class='ocrx_word' id='word_1_898' title='bbox 2008 5635 2158 5715; x_wconf 78' lang='lat' dir='ltr'><strong>paria</strong></span> <span class='ocrx_word' id='word_1_899' title='bbox 2219 5635 2629 5715; x_wconf 82' lang='lat' dir='ltr'><strong>facerent,__de</strong></span> <span class='ocrx_word' id='word_1_900' title='bbox 2667 5658 2882 5715; x_wconf 88' lang='lat' dir='ltr'><strong>novem</strong></span> <span class='ocrx_word' id='word_1_901' title='bbox 2906 5640 3158 5715; x_wconf 84' lang='lat' dir='ltr'><strong>_Patri_s,</strong></span> <span class='ocrx_word' id='word_1_902' title='bbox 3218 5646 3273 5694; x_wconf 91' lang='lat' dir='ltr'><strong>et</strong></span> <span class='ocrx_word' id='word_1_903' title='bbox 3325 5635 3600 5715; x_wconf 64' lang='lat' dir='ltr'><strong>Veritatis.</strong></span> 
     </span>
    </p>
   </div>
   <div class='ocr_carea' id='block_1_118' title="bbox 2007 5705 3588 5779">
    <p class='ocr_par' dir='ltr' id='par_1_118' title="bbox 2007 5705 3588 5779">
     <span class='ocr_line' id='line_1_118' title="bbox 2007 5705 3588 5779; baseline -0.005 -11"><span class='ocrx_word' id='word_1_904' title='bbox 2007 5705 2203 5770; x_wconf 80' lang='lat' dir='ltr'><strong>iitteris</strong></span> <span class='ocrx_word' id='word_1_905' title='bbox 2259 5731 2366 5771; x_wconf 87' lang='lat' dir='ltr'><strong>una</strong></span> <span class='ocrx_word' id='word_1_906' title='bbox 2405 5705 2769 5770; x_wconf 52' lang='lat' dir='ltr'><strong>ad&#39;liominis</strong></span> <span class='ocrx_word' id='word_1_907' title='bbox 2819 5720 2875 5771; x_wconf 85' lang='lat' dir='ltr'><strong>et</strong></span> <span class='ocrx_word' id='word_1_908' title='bbox 2906 5710 3165 5769; x_wconf 59' lang='lat' dir='ltr'><strong>Ecclesia</strong></span> <span class='ocrx_word' id='word_1_909' title='bbox 3218 5716 3425 5779; x_wconf 84' lang='lat' dir='ltr'><strong>septem</strong></span> <span class='ocrx_word' id='word_1_910' title='bbox 3465 5705 3588 5760; x_wconf 66' lang='lat' dir='ltr'><strong>illa!</strong></span> 
     </span>
    </p>
   </div>
   <div class='ocr_carea' id='block_1_119' title="bbox 2005 5788 2260 5842">
    <p class='ocr_par' dir='ltr' id='par_1_119' title="bbox 2005 5788 2260 5842">
     <span class='ocr_line' id='line_1_119' title="bbox 2005 5788 2260 5842; baseline -0.004 -1"><span class='ocrx_word' id='word_1_911' title='bbox 2005 5788 2260 5842; x_wconf 84' lang='lat' dir='ltr'><strong>accessit.</strong></span> 
     </span>
    </p>
   </div>
  </div>
