4156 6358
580 255 684 311 εθε

1972 279 2029 334 S.
2083 279 2419 342 EPIPHANII

3716 283 3826 338 596

577 383 692 430 tum
726 378 910 434 unitas
941 382 1303 450 aequalitatem
1359 387 1562 446 habens
1608 408 1766 446 unam
1817 395 1869 447 in
1895 397 2142 454 omnibus

2257 409 2578 475 καρποφορῇ
2603 406 2728 475 μίαν
2746 408 2803 458 ἐν
2825 407 2955 459 πᾶσι
2980 404 3156 476 τὴνὲκ
3188 403 3405 460 πάντων
3433 405 3658 475 δύναμιν
3679 419 3694 433 ·
3724 402 3826 458 καὶ

577 471 866 535 virtutem,
915 481 1078 542 atque
1106 491 1169 529 ex
1201 480 1454 535 omnibus
1484 484 1632 536 velut
1666 485 1900 539 fructum
1935 489 2146 544 emitte-

577 567 688 621 ret,
731 569 844 614 tum
876 563 1093 618 demum
1133 568 1224 635 qui
1267 579 1518 639 septenas
1561 575 1792 630 habebat
1826 585 2145 632 octonarum

578 651 682 703 vim
723 652 992 720 obtinuit;
1039 673 1103 711 ac
1151 659 1267 712 loca
1308 661 1422 728 ipsa
1473 665 1576 717 tria
1624 681 1973 722 numerorum
2019 682 2147 724 sunt

579 739 719 796 facta
753 744 980 812 similia,
1015 747 1118 802 hoc
1152 764 1234 805 est
1261 751 1578 823 Ogdoades,
1611 773 1730 826 quae
1767 760 1986 828 quidem
2031 763 2147 816 loca

576 847 699 886 cum
732 834 785 886 in
814 851 873 890 se
899 837 1001 890 tria
1024 844 1453 907 concurrissent,
1487 862 1770 901 numerum
1800 849 1989 919 viginti
2020 868 2148 920 qua-

579 927 703 973 tuor
723 920 1036 979 eﬂ‘ecerunt.
1063 926 1168 983 Sed
1191 932 1459 987 elementa
1487 935 1612 998 tria,
1647 953 1767 1005 qua}
1796 941 2020 994 totidem
2043 942 2148 994 vir-

580 1011 786 1067 tutibus
808 1017 1099 1087 conjugata
1128 1036 1247 1076 esse
1267 1024 1420 1090 dicit,
1443 1044 1562 1095 qua:
1585 1037 1712 1082 sunt
1742 1046 1968 1085 numero
1999 1048 2091 1086 sex
2129 1053 2140 1086 :

579 1117 609 1154 a
653 1105 849 1171 quibus
901 1109 1084 1177 viginti
1128 1122 1362 1180 quatuor
1420 1117 1684 1172 elementa
1743 1122 2145 1189 proﬂuxerunt,

578 1196 969 1262 quadrifariam
1011 1204 1411 1272 inexplicabilis
1460 1209 1686 1264 tetradis
1743 1212 1956 1266 ratione
2006 1214 2147 1266 mul-

580 1286 839 1356 tiplicata,
868 1283 1225 1361 eumdemque
1253 1310 1375 1348 cum
1407 1296 1540 1364 ipsis
1568 1315 1853 1354 numerum
1887 1302 2144 1367 cilicium,

577 1391 696 1445 qua:
734 1378 851 1446 ejus
882 1384 1026 1450 quod
1058 1385 1326 1437 nominari
1379 1390 1564 1457 nequit
1593 1395 1810 1459 propria
1843 1407 1962 1446 esse
1987 1393 2143 1446 dixit.

577 1468 649 1521 Ea
669 1485 832 1539 porro
879 1488 908 1526 a
942 1473 1116 1529 tribus
1145 1478 1350 1545 portari
1383 1481 1710 1542 virtutibus,
1743 1482 1810 1536 ad
1842 1483 2146 1553 inaspecta-

577 1559 701 1615 hilis
755 1566 1034 1634 exemplar
1085 1586 1099 1620 :
1145 1585 1380 1638 quorum
1430 1573 1820 1628 elementorum
1882 1577 2146 1647 imagines

574 1650 817 1719 duplices
863 1671 985 1711 esse
1027 1659 1234 1716 litteras
1276 1671 1522 1729 nostras,
1551 1681 1673 1734 qua:
1707 1675 1940 1734 quatuor
1977 1675 2030 1722 et
2065 1670 2147 1722 vi-

572 1742 703 1810 ginti
751 1745 944 1802 litteris
980 1762 1348 1808 annumerataa
1385 1771 1508 1810 eum
1549 1774 1834 1813 numerum
1875 1761 2140 1827 conﬂant,
2177 1740 2217 1793 Β

573 1833 663 1901 qui
696 1835 916 1904 triginta
943 1843 1295 1910 proportione
1321 1848 1636 1915 respondet.

644 1921 754 1979 Vll.
792 1926 963 1996 Cujus
1005 1932 1233 1988 rationis
1278 1936 1875 2010 administrationisque
1907 1941 2141 1996 fructum

574 2018 932 2077 similitudine
981 2025 1214 2092 quadam
1243 2030 1519 2086 exstitisse
1562 2041 1749 2087 censet
1799 2035 1950 2088 illum
1982 2077 1995 2099 ,
2048 2037 2142 2106 qui

573 2119 693 2176 post
717 2109 834 2166 dies
863 2127 957 2167 sex
987 2115 1040 2168 in
1081 2127 1318 2173 montem
1350 2131 1576 2190 quartus
1603 2125 1867 2188 ascendit,
1889 2138 1941 2181 et
1959 2135 2143 2184 sextus

570 2209 654 2250 est
697 2198 873 2256 factus
911 2203 930 2233 ¹
965 2223 977 2258 :
1010 2207 1102 2274 qui
1137 2208 1450 2274 descendit,
1487 2222 1542 2267 et
1575 2215 1628 2267 in
1676 2215 2013 2273 hebdomade
2049 2219 2143 2274 de-

573 2299 756 2344 tentus
803 2304 923 2358 est,
973 2298 1064 2365 qui
1117 2299 1256 2353 idem
1308 2303 1537 2358 illustris
1586 2308 1901 2363 octonarius
1933 2318 2016 2363 est
2046 2328 2058 2364 :
2089 2318 2143 2365 et

570 2397 784 2438 omnem
831 2387 884 2440 in
920 2403 1040 2442 sese
1073 2407 1356 2447 numerum
1385 2399 1772 2451 elementorum
1826 2401 2141 2470 complecti-

571 2482 659 2526 tur
689 2492 701 2526 :
733 2492 892 2544 quem
915 2520 928 2543 ,
955 2494 1077 2533 cum
1110 2482 1360 2551 baptismi
1408 2501 1572 2540 causa
1608 2491 1842 2545 venisset
1879 2492 2144 2546 columba:

570 2565 809 2636 allapsus
841 2571 1138 2637 ostendit”,
1178 2591 1298 2644 quae
1326 2587 1410 2630 est
1449 2580 1490 2630 Ω
1521 2587 1573 2633 et
1599 2582 1660 2634 A.
1687 2579 1956 2638 Numerus
1994 2584 2136 2638 enim

573 2656 717 2710 illius
766 2667 847 2714 est
882 2676 1052 2718 ncccr.
1096 2664 1227 2730 Qua:
1253 2683 1419 2722 causa
1469 2669 1572 2734 sit,
1601 2687 1700 2725 cur
1733 2672 1946 2745 Moyses
1984 2686 2139 2730 sexto

572 2746 658 2801 die
695 2761 937 2804 creatum
979 2754 1248 2811 hominem
1315 2760 1594 2829 scripserit
1631 2786 1638 2816 :
1672 2763 1782 2817 imo
1825 2766 1989 2820 etiam
2039 2781 2140 2821 cur

573 2847 746 2904 sexto,
779 2841 880 2896 hoc
906 2853 990 2898 est
1037 2843 1394 2911 Paraseeves,
1427 2851 1515 2904 die
1547 2861 1852 2921 postremus
1878 2856 2039 2910 homo
2069 2857 2136 2911 ad

575 2931 981 2988 instaurandam
1017 2939 1214 3006 prioris
1248 2941 1481 2997 hominis
1527 2946 1930 3014 generationem
1981 2965 2136 3004 suam

574 3020 720 3073 illam
760 3020 1090 3078 functiouem
1145 3028 1339 3082 obierit
1372 3048 1384 3083 :
1422 3034 1580 3099 cujus
1633 3035 1844 3088 initium
1895 3052 1957 3090 ac
2014 3038 2135 3095 linis

573 3110 704 3163 hora
746 3121 896 3166 sexta
931 3113 1093 3168 fuerit
1119 3157 1132 3178 ,
1159 3133 1265 3185 qua
1307 3119 1452 3189 ligno
1492 3123 1562 3175 sit
1585 3123 1796 3177 allixus.
1833 3124 2135 3181 Perfectam

571 3200 770 3270 quippe
801 3212 1033 3256 mentem
1054 3245 1068 3267 ,
1099 3221 1220 3259 cum
1258 3207 1314 3260 in
1353 3211 1571 3266 senario
1616 3229 1843 3268 numero
1873 3217 2140 3272 elliciendi

573 3290 1022 3364 instaurandique
1053 3296 1160 3348 vim
1193 3297 1373 3354 inesse
1414 3317 1521 3356 nou
1556 3304 1864 3373 ignoraret,
1901 3308 2028 3364 ﬁliis
2058 3310 2141 3363 lu-

572 3382 652 3436 cis
698 3383 952 3439 iteratam
995 3387 1139 3442 illam
1161 3390 1471 3447 declarasse
1527 3399 1968 3464 generationem,
2019 3417 2139 3468 qua:

573 3489 669 3541 per
696 3474 958 3544 insignem
987 3478 1161 3547 ipsum
1197 3491 1567 3550 apparentem,
1598 3485 1652 3537 in
1681 3501 1805 3540 eum
1847 3504 2137 3543 numerum

571 3566 858 3620 exstiterit.
894 3569 1045 3623 Unde
1086 3580 1140 3625 et
1182 3571 1428 3640 duplices
1459 3575 1667 3631 litteras
1700 3578 1967 3648 insignem
2007 3597 2139 3635 con-

574 3658 750 3712 tinere
803 3675 1088 3715 numerum
1140 3664 1344 3718 docuit.
1397 3665 1634 3737 Insignis
1686 3671 1830 3724 enim
1877 3687 2138 3729 numerus

572 3764 696 3802 cum
751 3757 986 3818 quatuor
1029 3761 1083 3806 et
1119 3755 1307 3823 viginti
1355 3759 1657 3825 permistus
1695 3762 2006 3826 elementis,
2043 3765 2139 3817 tri-

572 3840 722 3908 ginta
761 3843 1066 3897 litterarum
1115 3861 1310 3900 nomen
1361 3848 1602 3902 conﬁcit.
1641 3850 1744 3905 Sed
1784 3867 2137 3908 numerorum

574 3941 780 4000 septem
812 3934 1184 4003 magnitudine
1220 3945 1477 4006 tauquam
1513 3940 1830 3996 administra
1861 3946 2053 4007 utitur,
2083 3955 2139 3999 ut

575 4023 739 4077 Marci
800 4025 924 4092 Sige
958 4029 1247 4084 narrabat.
1289 4037 1347 4082 ut
1387 4045 1417 4081 a
1456 4047 1553 4084 sua
1589 4033 1866 4090 voluntate
1909 4036 2138 4106 profecti

571 4116 784 4169 consilii
811 4116 1020 4171 fructus
1051 4129 1326 4188 appareat.

643 4206 912 4260 Caeterum
933 4207 1197 4278 insignem
1211 4210 1651 4264 huncuumerum
1673 4229 1818 4275 eum,
1843 4216 2041 4285 inquit,
2064 4219 2140 4272 in-

572 4297 748 4366 tellige
765 4338 778 4359 ,
796 4300 886 4367 qui
907 4300 975 4352 ab
1005 4300 1200 4369 insigni
1223 4301 1486 4358 formatus
1509 4313 1592 4359 est
1611 4345 1624 4365 .
1641 4307 1840 4375 quique
1857 4308 2012 4379 241
2040 4311 2145 4364 vel-

2250 497 2421 560 οὖτως
2435 500 2465 550 ό
2485 498 2590 551 τῶν
2611 500 2748 552 ἑπτά
2781 501 2880 571 τὴν
2906 499 3012 552 τῶν
3057 497 3228 552 Ὀκτὼ
3242 499 3532 569 ἐκομίσατο
3559 496 3783 567 δύναμιν
3801 514 3816 526 ο

2251 589 2340 641 καί
2367 592 2609 656 ἐγένοντο
2641 592 2688 644 οἰ
2709 592 2860 644 τόποι
2880 592 3052 660 ὅμοιοι
3079 591 3098 621 ³
3121 593 3232 653 τοῖς
3257 591 3507 661 ἀριθμοῖς
3541 590 3820 654 Ὀγδοάδες

2247 679 2416 744 ὄντες,
2466 682 2660 744 οἵτινες
2691 685 2857 752 τρεῖς,
2904 683 2988 750 ἐφ’
3028 683 3251 744 ἑαυτοὺς
3295 681 3554 746 ἐλθόντες,
3588 682 3677 733 τὸν
3708 681 3817 734 τῶν

2249 771 2700 842 εἰκοσιτεσσάρων
2749 771 3023 836 ἀνέδειξαν
3065 772 3314 842 ἀριθμόν.
3359 771 3442 824 Τά
3480 771 3661 841 μέντοι
3687 771 3816 842 τρία

2249 863 2487 930 στοιχεῖα
2516 861 2738 930 ἀφίησιν
2757 861 2778 892 ⁸
2804 862 2964 924 αὐτὸς
2991 859 3097 913 τῶν
3121 860 3286 930 τριῶν
3312 861 3368 912 ἐν
3402 859 3634 930 συζυγίᾳ
3658 860 3816 912 δυνά-

2251 968 2396 1019 μεων
2423 952 2706 1022 ὑπάρχειν,
2735 953 2768 1006 ἃ.
2791 955 2936 1005 ἐστιν
2961 953 3020 1016 ’ἐξ
3039 969 3051 980 '
3082 955 3173 1020 ἀφ’
3198 946 3271 1005 ὧν
3299 951 3545 1022 ἀπερρύη
3571 951 3640 1004 τὰ
3668 953 3816 1004 εἰκο-

2249 1043 2542 1114 σιτέσσαρα
2555 1046 2790 1112 στοιχεῖα
2800 1043 3365 1114 τετραπλασιασθέντα
3379 1041 3454 1110 τῷ
3465 1042 3562 1110 τῆς
3575 1041 3815 1111 ἀρρήτου

2247 1133 2512 1202 Τετράδος
2533 1133 2694 1203 λόγῳ,
2716 1134 2806 1186 τὸν
2833 1135 2992 1187 αὑτὸν
3013 1137 3194 1196 αὐτοῖς
3223 1133 3453 1205 ἀριθμὸν
3475 1134 3636 1193 ποιεῖ,
3669 1132 3815 1202 ἅπερ

2249 1225 2381 1294 φησί
2411 1223 2504 1276 τοῦ
2542 1225 2906 1294 ἀνονομάστου
2945 1227 3229 1297 ὑπάρχειν.
3261 1223 3545 1294 Φορεῖσθαι
3589 1223 3645 1275 δέ
3673 1222 3815 1275 αὐτὰ

2249 1315 2352 1367 ὑπὸ
2377 1315 2483 1368 τῶν
2512 1318 2676 1386 τριῶν
2698 1317 2994 1387 δυνάμεων,
3019 1321 3097 1380 εἰς
3119 1318 3408 1388 ὁμοιότητα
3429 1315 3520 1368 τοῦ
3553 1315 3806 1385 ἀοράτου’

2248 1399 2323 1458 ὧν
2355 1407 2629 1476 στοιχείων
2658 1409 2861 1471 εἰκόνες
2905 1407 3175 1479 [εἰκόνων]
3213 1408 3284 1462 τὰ
3324 1408 3450 1481 παρ’
3476 1410 3608 1480 ἡμῖν
3650 1409 3814 1462 διπλᾶ

2248 1498 2549 1568 γράμματα
2595 1499 2877 1568 ὑπάρχειν,
2904 1499 2938 1553 ὃ.
2971 1501 3440 1572 συναριθμούμενα
3471 1501 3582 1558 τοῖς
3610 1500 3798 1551 εξκΟπ

2247 1589 2509 1658 τέσσαρσι
2554 1588 2833 1657 στοιχείοις
2878 1589 3103 1659 δυνάμει
3151 1587 3255 1641 τῶν
3301 1583 3445 1635 κατά
3471 1579 3492 1609 ³
3521 1579 3810 1646 ἀναλογίαν

2247 1679 2356 1732 τῶν
2391 1681 2684 1751 τριάκοντα
2716 1685 2857 1733 ποιεῖ
2878 1679 3106 1752 ἀριθμόν
3134 1747 3136 1749 _

2312 1939 2386 1991 Z'.
2422 1937 2623 1991 Τούτου
2652 1937 2744 1991 τοῦ
2793 1937 2950 2008 λόγου
2991 1941 3084 1995 καὶ
3127 1943 3228 2012 τῆς
3264 1943 3572 2014 οἰκονομίας
3608 1942 3821 2012 ταύτης

2243 2029 2453 2100 καρπόν
2502 2047 2664 2098 φησιν
2721 2032 2778 2082 ἐν
2831 2031 3135 2102 ὁμοιώματι
3192 2034 3394 2098 εἰκόνος
3436 2034 3734 2103 πεφυκέναι
3764 2033 3809 2094 ⁸,

2243 2120 2446 2172 ἐκεῖνον
2458 2120 2548 2172 τὸν
2569 2119 2706 2191 μετὰ
2724 2120 2822 2185 τὰς
2839 2121 2894 2188 ἐξ
2913 2122 3123 2194 ἡμέρας
3138 2124 3246 2194 (l7)
3262 2125 3521 2196 τέταρτον
3537 2125 3812 2179 ἀναϐάντα

2242 2212 2320 2274 εἰς
2345 2212 2406 2264 τὸ
2443 2211 2587 2281 ὅρος,
2641 2212 2736 2264 καὶ
2769 2213 3059 2283 γενόμενον
3083 2215 3259 2278 ἕκτον,
3293 2212 3382 2267 τὸν
3413 2214 3816 2286 κρατηθέντων

2243 2303 2337 2355 καὶ
2361 2303 2670 2356 καταϐάντα
2699 2305 2758 2357 ἐν
2779 2308 2843 2375 τῇ
2862 2305 3114 2376 ἐϐδομάδι
3133 2305 3265 2376 (18),
3289 2307 3558 2377 ἐπίσημον
3583 2306 3818 2374 ὀγδοάδα

2243 2390 2575 2462 ὑπάρχοντα,
2622 2393 2717 2446 καὶ
2759 2391 2950 2462 ἔχοντα
2999 2396 3056 2446 ἐν
3100 2395 3278 2465 ἐαυτῷ
3321 2397 3413 2449 τὸν
3447 2397 3660 2450 ἅπαντα
3697 2396 3810 2449 τῶν

2245 2485 2519 2554 στοιχείων
2556 2485 2804 2556 ἀριθμὸν,
2839 2487 3178 2558 ἐφανέρωσεν
3228 2487 3472 2553 ἐλθόντος
3513 2489 3675 2544 αὐτοῦ
3719 2493 3813 2544 ἐπὶ

2242 2573 2304 2624 τὸ
2337 2572 2619 2642 βάπτισμα
2664 2575 2696 2643 ἡ
2732 2574 2828 2643 τῆς
2879 2578 3202 2646 περιστερᾶς
3231 2576 3473 2642 κάθοδος,
3508 2580 3642 2650 ἧτιςς
3664 2583 3814 2635 ἐστὶν

2243 2665 2285 2715 Ω
2318 2668 2410 2717 καί⁵
2429 2666 2492 2716 Α.
2536 2666 2594 2718 '0
2623 2663 2731 2735 γὰρ
2765 2666 2996 2737 ἀριθμὸς
3024 2668 3192 2734 αὐτῆς
3233 2668 3329 2739 μία
3358 2671 3449 2723 καὶ
3475 2672 3807 2728 ὀκτακόσιαι.

2242 2757 2350 2810 Καὶ
2375 2755 2462 2809 διὰ
2487 2756 2641 2809 τοῦτο
2665 2758 2900 2811 Μωῦσέα
2931 2760 2988 2811 ἐν
3018 2761 3084 2829 τῇ
3111 2758 3244 2831 ἕκτῃ
3269 2761 3376 2813 τῶν
3397 2762 3618 2833 ἡμερῶν
3660 2765 3822 2834 είρη-

2244 2849 2395 2901 κέναι
2432 2849 2523 2900 τὸν
2561 2849 2843 2920 ἄνθρωπον
2875 2853 3173 2918 γεγονέναι.
3226 2855 3335 2906 Καὶ
3363 2855 3460 2926 τὴν
3498 2857 3810 2927 οἰκονομίαν

2241 2941 2297 2994 δέ
2326 2943 2382 2994 ἐν
2410 2944 2475 3012 τῇ
2500 2941 2629 3012 ἕκτῃ
2645 2942 2753 2994 τῶν
2779 2943 3020 3014 ἡμερῶν,
3051 2944 3172 3014 ἥτις
3190 2945 3306 2997 ἐστί
3335 2945 3719 3018 Παρασκευὴ(1
3731 2947 3816 3018 9),

2243 3036 2332 3086 τὸν
2377 3034 2599 3103 ἔσχατον
2627 3036 2911 3107 ἄνθρωπον
2951 3041 3031 3101 είς
3064 3037 3420 3108 ἀναγέννησιν
3458 3039 3550 3093 τοῦ
3591 3039 3813 3111 πρώτου

2240 3123 2530 3195 ἀνθρώπου
2567 3127 2860 3196 πεφηνέναι
2886 3145 2898 3156 °
2923 3123 2990 3200 ἦς
3011 3130 3319 3199 οἰκονομίας
3337 3129 3510 3201 ἀρχὴν
3533 3132 3626 3184 καὶ
3657 3132 3809 3195 τέλος

2243 3216 2335 3266 καὶ
2365 3215 2462 3286 τὴν
2500 3217 2664 3286 ἕκτην
2693 3214 2861 3289 ῶραν,
2898 3219 2956 3271 ἐν
3047 3221 3369 3292 προσηλώθη
3396 3221 3474 3291 τῷ
3505 3221 3662 3292 ξύλῳ.
3703 3222 3814 3274 Τὸν

2242 3307 2350 3375 γάρ
2377 3308 2579 3360 τέλειον
2611 3309 2734 3362 νοῦν
2774 3312 3156 3381 ἐπιστάμενον,
3201 3313 3290 3365 τὸν
3332 3311 3441 3366 τῶν
3478 3312 3538 3378 ἐξ
3576 3313 3811 3384 ἀριθμὸν

2239 3399 2464 3470 δύναμιν
2491 3404 2758 3471 ποιήσεως
2779 3404 2871 3455 καὶ
2899 3406 3306 3474 ἀναγεννήσεως
3332 3404 3539 3474 ἔχοντα,
3568 3406 3818 3474 φανερῶ-

2244 3507 2333 3544 σαι
2358 3494 2466 3556 τοῖς
2491 3493 2624 3554 υἰοῖς
2649 3493 2741 3545 τοῦ
2776 3494 2950 3563 φωτὸς
2981 3496 3079 3564 τὴν
3109 3497 3175 3549 δι’
3210 3495 3374 3548 αὑτοῦ
3403 3496 3657 3564 φανέντος
3685 3497 3809 3549 ἐπι-

2246 3583 2418 3652 σήμου
2440 3585 2519 3646 εἰς
2540 3584 2700 3636 αὐτὸν
2728 3586 2749 3616 ⁸
2781 3585 2846 3636 δι’
2883 3585 3047 3638 αὐτοῦ
3095 3587 3391 3658 γενομένην
3431 3588 3806 3658 ἀναγέννησιν.

2247 3671 2438 3724 Ἔνθεν
2453 3674 2545 3725 καί
2565 3671 2632 3725 τὰ
2655 3673 2818 3726 διπλᾶ.
2837 3676 3139 3745 γράμματα
3157 3677 3246 3730 τὸν
3271 3677 3500 3748 ἀριθμὸν
3542 3678 3821 3746 ἐπίσημον

2243 3762 2384 3832 ἔχειν
2418 3764 2599 3834 φησίν.
2659 3765 2716 3817 '0
2747 3766 2856 3836 γὰρ
2899 3767 3166 3838 ἐπίσημος
3201 3769 3452 3840 ἀριθμὸς,
3486 3768 3810 3841 συγκραθεὶς

2240 3858 2352 3918 τοῖς
2393 3858 2824 3929 εἰκοσιτέσσαρσι
2891 3863 3192 3930 στοιχείοις,
3237 3863 3296 3914 τὸ
3336 3861 3808 3932 τριακονταγρᾶμ-

2245 3965 2413 4016 ματον
2437 3949 2607 4019 ὄνομα
2633 3950 2945 4003 ἀπετέλεσε.
2976 3951 3258 4023 Κέχρηται
3274 3953 3332 4006 δέ
3355 3953 3587 4024 διακόνῳ
3606 3953 3685 4023 τῷ
3701 3954 3812 4005 τῶν

2241 4038 2379 4091 ἑπτὰ
2420 4039 2667 4110 ἀριθμῶν
2716 4041 2954 4109 μεγέθει,
2998 4041 3072 4104 ὦς
3103 4060 3264 4112 φησιν
3313 4045 3343 4114 ή
3394 4044 3619 4114 Μάρκου
3654 4045 3824 4116 Σιγὴν

2243 4127 2328 4179 ἵνα
2357 4128 2456 4197 τῆς
2485 4130 2877 4201 αύτοϐουλὴτου
2912 4131 3107 4200 βουλῆς
3137 4135 3421 4205 φανερωθῇ
3451 4137 3480 4186 ὁ
3507 4135 3736 4204 καρπός.

2310 4218 2413 4270 Τὸν
2448 4221 2627 4289 μέντοι
2644 4222 2910 4290 ἐπίσημον
2937 4224 3126 4276 τοῦτον
3150 4226 3380 4296 ἀριθμὸν
3413 4227 3505 4278 ἐπὶ
3545 4226 3639 4279 τοῦ
3672 4245 3814 4298 παρ-

2245 4309 2415 4372 όντος,
2488 4312 2638 4380 φησί,
2687 4312 2775 4365 τὸν
2823 4315 2912 4366 ἐπὶ
2964 4315 3058 4368 τοῦ
3104 4317 3373 4386 ἐπισήμου
3405 4318 3427 4348 ⁸
3459 4318 3813 4387 μορφωθέντα

573 4389 850 4444 utdivisus
871 4397 925 4443 et
944 4391 1236 4457 bipartitus
1252 4401 1354 4450 est.
1373 4393 1614 4464 forisque
1633 4406 1876 4450 remanet
1892 4417 1905 4464 ;
1921 4401 2011 4468 qui
2041 4417 2138 4454 sua

2245 4398 2453 4468 νόησον,
2490 4401 2580 4451 τὸν
2611 4399 2798 4472 ὥσπερ
2829 4403 3154 4472 μερισθέντα
3188 4403 3219 4474 ἢ
3249 4404 3687 4474 διχοτομηθέντα,
3717 4407 3819 4458 καὶ

571 4480 774 4533 virtute
798 4495 859 4533 ac
886 4481 1194 4549 prudentia.
1215 4485 1606 4555 ellicientiaque
1631 4488 1849 4556 propria
1877 4490 2136 4544 mundum

572 4569 717 4623 hunc
767 4571 838 4623 ad
887 4575 1173 4641 septenarii
1233 4576 1452 4632 virtutis
1507 4579 1866 4633 imitationem
1929 4590 2134 4651 septem

571 4661 862 4715 virtutibus
887 4665 1334 4732 comprehensam
1364 4670 1652 4736 animavit;
1679 4671 1907 4740 ejusque
1931 4675 2133 4736 omnis,

569 4752 716 4820 quod
741 4755 1069 4822 aspectabile
1097 4765 1201 4820 est,
1231 4759 1467 4811 animam
1504 4762 1808 4816 constituit.
1832 4761 1946 4817 Hoc
1972 4765 2138 4834 igitur

570 4860 753 4913 opere,
784 4847 930 4899 velut
961 4856 1152 4915 sponte
1183 4863 1212 4900 a
1249 4865 1307 4903 se
1337 4849 1501 4912 facto,
1534 4852 1763 4921 ipsemet
1799 4855 1992 4912 utitur.
2017 4857 2136 4910 Alia

571 4950 728 4997 vero,
773 4950 899 4988 cum
937 4946 1048 4992 smt
1099 4939 1428 4995 imitationes
1466 4942 1711 5011 quaedam
1754 4959 1865 4998 non
1899 4945 2136 4999 imitabi-

641 5090 657 5118 ⁸
689 5088 872 5162 Matth.
904 5106 1035 5162 xvn_,
1068 5094 1088 5146 l
1131 5109 1232 5162 sqq

1331 5095 1352 5124 ³
1380 5094 1566 5170 Matth.
1604 5112 1686 5158 nr,
1714 5097 1800 5170 l6.
1878 5099 1898 5129 ³
1926 5099 2068 5170 lren.
2095 5118 2187 5170 τρε

2247 4489 2350 4554 ἔξω
2387 4492 2642 4559 μείναντα
2664 4509 2676 4520 ·
2705 4493 2762 4553 ὃς
2787 4496 2851 4564 τῇ
2875 4495 3065 4547 ἐαυτοῦ
3089 4495 3313 4565 δυνάμει
3339 4512 3397 4547 τε
3430 4497 3523 4549 καὶ
3554 4498 3814 4566 φρονήσει

2242 4581 2330 4634 διὰ
2345 4582 2442 4652 τῆς
2461 4584 2553 4635 ἀπ’
2572 4583 2736 4636 αὐτοῦ
2760 4586 3032 4655 προϐολῆς
3050 4586 3236 4639 τοῦτον
3254 4587 3346 4640 τὸν
3369 4589 3477 4640 τῶν
3498 4589 3637 4642 ἐπτὰ
3650 4588 3811 4642 δυνά-

2247 4691 2410 4743 μεων,
2430 4675 2523 4728 καὶ
2544 4676 2774 4747 μίμησιν
2807 4680 2908 4747 τῆς
2923 4679 3214 4748 ἑϐδομάδος
3241 4680 3541 4750 δυνάμεως,
3563 4681 3816 4752 ἐψύχωσε

2244 4765 2465 4834 κόσμον,
2496 4768 2589 4820 καὶ
2613 4769 2790 4838 ψυχὴν
2811 4770 2959 4822 ἔθετο
2993 4767 3132 4822 εἷναι
3163 4771 3254 4823 τοῦ
3287 4773 3562 4842 ὁρωμένου
3591 4775 3809 4837 παντός.

2244 4857 2522 4928 Κέχρηται
2549 4860 2646 4929 μὲν
2669 4856 2761 4912 οὖν
2786 4862 2880 4913 καὶ
2911 4861 3072 4923 αὐτὸς
3098 4856 3250 4925 οὗτος
3276 4862 3411 4932 τῷδε
3440 4863 3713 4934 τῷαὲργῳ,
3735 4865 3814 4929 ὡς

2243 4947 2578 5016 αὐθαιρέτως
2606 4951 2694 5002 ὑπ’
2734 4952 2895 5004 αὑτοῦ
2925 4954 3231 5022 γενομένῳ·
3259 4953 3379 5006 τάδε
3397 4953 3441 4984 ¹⁰
3467 4954 3700 5007 διακονεῖ
3724 4971 3814 5024 μι-

2192 5104 2243 5164 ῖς
2265 5104 2437 5157 τόποι.
2513 5104 2534 5174 ξ
2565 5105 2708 5158 lren.
2736 5106 2771 5158 ἆ
2794 5123 2974 5174 φησιν.
3033 5107 3054 5136 ⁵
3082 5105 3222 5160 lren.
3257 5107 3350 5160 τοῦ
3384 5107 3544 5160 κατά.
3621 5109 3642 5139 ⁶
3669 5105 3808 5161 lren.

569 5161 883 5244 πεφηνέναι.
961 5163 978 5192 ⁷
1006 5160 1145 5218 lren.
1178 5160 1266 5216 τόν
1294 5165 1623 5232 καταϐάντα,
1649 5168 1742 5220 καὶ
1765 5185 1921 5239 κρατ.
2000 5171 2022 5201 ⁸
2054 5160 2142 5225 Ire-

2243 5173 2386 5226 ιὺτὸν
2415 5173 2664 5244 ἀριθμόν.
2742 5175 2762 5204 ⁹
2795 5160 2934 5230 iret].
2967 5177 3076 5229 ἀπὸ
3105 5176 3201 5229 τοῦ
3227 5177 3337 5231 ἐπί.
3417 5178 3459 5208 ¹⁰
3491 5178 3629 5232 lren.
3659 5160 3810 5229 τὰδὲ

566 5229 723 5284 ἄλλα.

641 5345 771 5418 (Πλ
805 5347 1070 5418 Ἐκεῖνον
1109 5345 1224 5412 τὴν
1265 5347 1415 5416 μετὰ
1447 5349 1550 5412 τὰς
1589 5348 1657 5411 ἓξ
1702 5350 1946 5418 ἡμέρας.
1982 5349 2141 5404 Chri-

569 5425 711 5472 stum
746 5416 1070 5481 Dominum,
1103 5418 1194 5486 qui
1244 5425 1367 5486 post
1395 5435 1446 5471 vr
1488 5420 1604 5473 dies
1632 5421 1686 5472 in
1721 5416 1844 5472 eum
1875 5432 2140 5482 montem,

570 5487 661 5540 ubi
693 5487 1116 5558 transliguratus
1149 5495 1267 5558 est,
1298 5504 1422 5540 cum
1455 5490 1631 5558 tribus
1661 5490 1947 5557 discipulis
1976 5505 2140 5558 quar-

571 5565 658 5609 tus
689 5556 957 5631 ascendit2
986 5559 1170 5631 ibique
1193 5557 1468 5624 adjunctis
1494 5557 1631 5625 Elia,
1654 5575 1717 5612 ac
1747 5556 1926 5631 MOyse
1952 5556 2141 5614 sextus

571 5624 1098 5709 cstnflactu'szlvlatth.
1138 5643 1270 5709 xvii.
1511 5698 1522 5709 _
1619 5624 1625 5625 ί
1740 5624 1848 5709 Μ’
1965 5700 1977 5709 _
2115 5698 2140 5709 η

643 5695 756 5763 (l8)
819 5695 928 5749 Τὸν
973 5695 1373 5766 κρατηθέντα,
1430 5698 1525 5752 καὶ
1579 5698 1912 5754 καταϐάντα
1953 5700 2019 5753 ἐν
2068 5698 2140 5768 τῇ

2239 5353 2538 5432 eoscum.
2576 5352 2799 5432 Videtur
2837 5353 3015 5432 adtvu
3035 5351 3185 5432 diem
3210 5353 3626 5432 _al_lu_dere,.quo
3649 5351 3814 5432 Chri-

2241 5433 2358 5479 stus
2390 5426 2442 5476 in
2475 5425 2730 5492 sepulcro
2770 5423 2962 5492 jacuit,
2994 5431 3048 5478 et
3083 5423 3227 5492 apud
3260 5425 3462 5478 inferos
3497 5423 3712 5476 mansit.

2315 5495 2428 5564 (19)
2459 5495 2554 5564 Ἐτί-
2583 5492 2657 5560 τῇ
2685 5493 2830 5560 ἕκτῃ
2861 5492 2980 5545 τῶν
2999 5493 3251 5564 ἡμερῶν,
3308 5493 3442 5559 ἥτις
3468 5493 3597 5564 ἐστὶ
3624 5494 3820 5564 Παρᾳτ

2242 5560 2456 5629 σκευή.
2507 5563 2722 5634 Canam
2773 5579 2963 5632 puram
3012 5560 3176 5634 vertit
3225 5563 3494 5632 interpres
3537 5560 3692 5634 .lr'en.
3749 5562 3824 5617 ω

2242 5636 2385 5705 quod
2418 5633 2618 5691 eruditi
2648 5635 2746 5690 viri
2778 5634 2986 5704 pridem
3017 5632 3398 5691 observarunt.
