4156 6358
346 340 446 394 597

936 340 1319 411 ,ADVERSUS
1356 342 1702 400 lleRESES
1743 344 1869 401 LIB.
1912 342 1946 400 1.

2053 342 2161 398 0M.
2208 343 2296 397 Ill.
2336 374 2406 383 ——
2446 343 2715 400 "IERES.
2762 344 3000 400 XXXIV.

3531 341 3637 401 598

352 458 579 526 μήματα
599 454 729 509 ὄντα
759 456 868 509 τῶν
899 458 1190 528 ἀμιμήτων
1212 457 1311 529 τὴν
1337 458 1665 530 Ἐνθύμησιν
1692 458 1790 530 τῆς
1820 460 1940 529 Μη-

2053 459 2209 525 lium,
2250 458 2582 528 Cogitationi
2630 458 2818 513 Matris
2870 460 3137 515 servi-unt.
3169 458 3361 530 Itaque
3394 461 3635 529 primum

345 548 493 619 τρός.
536 547 696 601 Καὶὸ
735 549 832 618 μὲν
869 548 1083 618 πρῶτος
1121 548 1349 618 οὐρανὸς
1394 548 1691 617 φθέγγεται
1722 549 1783 602 τὸ
1819 550 1885 607 Α.
1910 550 1938 600 6

347 642 403 693 δὲ
438 638 574 708 μετὰ
599 638 789 692 τοῦτον
826 639 887 692 τὸ
915 641 978 703 Ε,
1003 640 1031 690 6
1056 639 1112 691 δὲ
1138 640 1321 711 τρίτος
1352 641 1397 692 Η
1418 658 1430 669 ·
1469 640 1731 712 τέταρτος
1759 640 1817 693 δὲ
1846 641 1940 693 καὶ¹

352 734 515 803 μέσος
555 733 661 786 τῶν
708 733 847 786 ἑπτὰ
889 734 987 806 τὴν
1026 732 1118 787 τοῦ
1156 734 1175 784 1
1219 733 1448 800 δύναμιν
1500 736 1754 803 ὲκφωνεῖ,
1808 735 1837 786 6
1882 733 1939 786 δὲ

350 826 598 895 πέμπτος
626 825 687 879 τὸ
730 827 792 889 0,
823 826 981 890 ἕκτος
1009 827 1064 880 δὲ
1095 828 1156 881 τὸ
1190 829 1237 881 Υ
1260 846 1273 859 ο
1299 828 1529 897 ἕϐδομος
1558 827 1651 879 καὶ
1682 826 1940 898 τέταρτος

350 918 457 970 ἀπὸ
499 918 727 989 μέρους¹
759 918 818 971 τὸ
844 920 885 971 Ω
919 923 1181 989 στοιχεῖον
1208 920 1395 989 ἐκϐοᾷ,
1437 918 1619 981 καθὼς
1652 918 1937 989 ήΜάρκου

352 1009 506 1080 Σιγὴ,
546 1012 579 1080 ὴ
621 1009 792 1063 πολλὰ
828 1012 925 1081 μὲν
956 1011 1291 1084 φλυαροῦσα,
1338 1012 1503 1083 μηδὲν
1532 1011 1588 1064 δὲ
1628 1010 1825 1081 ἀληθὲς
1855 1009 1941 1062 λέ-

350 1118 543 1169 γουσα,
580 1102 1007 1157 διαϐεϐαιοῦται.
1052 1105 1263 1168 Δῖτινες
1285 1104 1564 1174 δυνάμεις,
1588 1103 1746 1173 ὁμοῦ,
1781 1104 1935 1174 φησὶ,

351 1194 522 1248 πᾶσαι
558 1198 639 1259 εἰς
671 1195 909 1267 ἀλλήλας
949 1196 1380 1267 συμπλακεῖσαι,
1418 1196 1609 1266 ὴχοῦσι
1652 1195 1745 1248 καὶ
1781 1194 1940 1257 δοξά-

352 1289 533 1352 ζουσιν
563 1291 790 1354 ἐκεῖνον,
824 1290 913 1358 ὑφ’
938 1283 998 1342 οὗ
1031 1290 1472 1361 προεϐλήθησαν.
1516 1289 1579 1341 Ἠ
1604 1289 1661 1341 δὲ
1690 1287 1815 1354 δόξα
1839 1288 1937 1358 τῆς

352 1380 492 1449 ἠχῆς
513 1380 892 1450 ἀναπέμπεται
920 1382 998 1443 εἰς
1013 1380 1103 1432 τὸν
1131 1380 1481 1452 Προπάτορα.
1516 1378 1731 1449 Ταύτης
1756 1378 1939 1449 μέντοι

354 1472 455 1540 τῆς
482 1472 785 1540 δοξολογίας
816 1472 908 1525 τὸν
942 1468 1074 1543 ἦχον
1103 1475 1182 1536 εἰς
1213 1472 1310 1544 τὴν
1341 1474 1445 1542 γῆν
1464 1471 1762 1542 φερόμενόν
1808 1488 1938 1541 φησι

355 1563 600 1634 πλάστην
630 1564 903 1633 γενέσθαι,
933 1566 1025 1618 καὶ
1047 1568 1347 1637 γεννήτορα
1388 1564 1497 1618 τῶν
1544 1565 1637 1617 ἐπὶ
1673 1563 1775 1634 τῆς
1813 1564 1935 1634 γῆς.

356 1656 468 1725 Τήν
486 1655 541 1709 δὲ
558 1655 830 1720 ἀπόδειξιν
855 1656 1009 1728 φέρει
1028 1656 1134 1709 ἀπὸ
1154 1656 1261 1709 τῶν
1284 1656 1408 1726 ἄρτι
1436 1654 1793 1724 γεννωμένων
1816 1653 1941 1723 βρε-

354 1749 494 1818 φῶν,
535 1741 609 1802 ὧν
651 1747 757 1819 ὴχὴ
786 1748 902 1817 ἅμα
933 1747 1012 1819 τῷ
1058 1750 1121 1801 ἐκ
1171 1748 1386 1818 μήτρας
1432 1745 1714 1818 προελθεῖν
1746 1744 1940 1813 ὲπιὸοᾷ

352 1842 473 1905 ἐνὸς
508 1842 739 1895 ἑκάστου
772 1841 877 1894 τῶν
908 1841 1184 1912 στοιχείων
1204 1842 1411 1894 τούτων
1434 1840 1525 1893 τὸν
1551 1835 1703 1910 ἦχον.
1741 1837 1938 1902 Καθὼς

351 1930 446 1988 οὖν
484 1935 539 1988 αἱ
588 1933 747 1998 ἑπτὰ,
794 1936 947 2005 φησὶ,
990 1935 1249 2005 δυνάμεις
1300 1932 1579 1998 δοξάζουσι
1620 1932 1711 1985 τὸν
1742 1932 1936 1999 Λόγον,

351 2022 497 2077 οὕτω
522 2026 615 2078 καὶ
646 2027 680 2097 ἡ
714 2026 859 2096 ψυχὴ
881 2027 940 2078 ὲν
967 2028 1078 2087 τοῖς
1108 2023 1357 2095 βρέφεσι,
1386 2022 1647 2075 κλαίουσα
1676 2021 1771 2074 καὶ
1811 2020 1942 2094 θρη-

354 2116 517 2169 νοῦσα
544 2119 791 2189 Μάρκον,
822 2118 1030 2182 δοξάζει
1060 2116 1245 2171 αὐτόν.
1294 2115 1392 2169 Διὰ
1431 2113 1589 2168 τοῦτο
1638 2114 1693 2167 δὲ
1726 2115 1818 2167 καὶ
1850 2112 1940 2166 τὸν

354 2211 520 2263 Δαὸὶδ
544 2212 824 2283 εἰρηκέναι
844 2229 858 2242 θ
926 2213 1025 2265 Ἐκ
1048 2211 1339 2279 στόματος
1374 2210 1609 2276 νηπίων
1628 2207 1726 2261 καὶ
1759 2210 1942 2275 θηλα-

354 2300 573 2361 ζόντων
599 2304 934 2372 κατηρτίσω
960 2298 1133 2356 αἶνον
1154 2319 1165 2331 ·
1219 2303 1315 2355 καὶ
1362 2301 1526 2355 πάλιν
1547 2319 1558 2330 ·
1594 2304 1657 2355 Οἱ
1697 2298 1941 2369 οὐρανοὶ

354 2390 495 2461 (τῶν
521 2392 813 2463 οὐρανῶν)
834 2395 853 2424 ³
903 2392 1251 2463 διηγοῦνται
1281 2392 1470 2456 δόξαν
1497 2392 1666 2445 Θεοῦ.
1708 2391 1817 2443 Καὶ
1853 2390 1941 2443 διὰ

351 2484 513 2537 τοῦτο
543 2485 600 2539 ἕν
629 2503 687 2538 τε
714 2485 896 2548 πόνοις
933 2486 1028 2538 καὶ
1062 2484 1460 2555 ταλαιπωρίαις
1491 2483 1638 2554 ψυχὴ
1672 2482 1939 2553 γενομένη

353 2581 436 2642 είς
465 2578 744 2649 διυλισμὸν
774 2578 945 2648 αὐτῆς
977 2579 1242 2646 ἐπιφωνεῖ
1271 2578 1331 2631 τὸ
1363 2580 1403 2630 Ω
1429 2579 1509 2641 είς
1535 2578 1759 2647 σημεῖον
1795 2576 1942 2629 αἰνέ-

355 2686 494 2733 σεως
510 2667 647 2741 (ΞΟ),
689 2670 796 2733 ἵνα,
833 2669 1149 2740 γνωρίσασα
1184 2672 1217 2740 ἡ
1253 2669 1365 2723 ἄνω
1396 2669 1543 2740 ψυχὴ
1588 2669 1648 2721 τὸ
1678 2668 1939 2736 συγγενὲς

354 2763 525 2832 αὐτῆς
554 2761 747 2833 βοηθὸν
772 2762 909 2830 αὑτὴ
940 2761 1299 2834 καταπέμψῃ.

428 2851 507 2908 Η’.
550 2854 661 2907 Καὶ
693 2856 821 2925 περὶ
855 2855 951 2925 μὲν
979 2854 1073 2907 τοῦ
1126 2853 1323 2917 παντὸς
1354 2852 1615 2924 ὀνόματος
1649 2852 1944 2922 τριάκοντα

354 2946 875 3017 ὄντοςγραμμάτων
894 2946 1108 3010 τούτου,
1132 2946 1226 2999 καὶ
1251 2944 1344 2999 τοῦ
1378 2944 1541 3015 βυθοῦ
1567 2944 1660 2997 τοῦ
1688 2943 1943 3007 αὔξοντος

356 3040 423 3090 ἐκ
451 3037 559 3090 τῶν
588 3038 775 3091 τούτου
802 3040 1165 3110 γραμμάτων,
1189 3038 1269 3091 ἔτι
1303 3056 1362 3091 τε
1394 3039 1497 3107 τῆς
1532 3036 1813 3107 Ἀληθείας
1839 3036 1942 3090 σώ-

360 3146 529 3199 ματος
548 3128 956 3200 δωδεκαμελοῦς
979 3132 1043 3183 ὲκ
1063 3130 1156 3183 δύο
1177 3129 1519 3201 γραμμάτων
1543 3128 1874 3191 συνεστῶτος
1898 3130 1940 3192 ³,

360 3222 454 3274 καὶ
482 3222 581 3292 τῆς
610 3223 793 3293 φωνῆς
824 3223 1014 3293 αὐτῆς,
1045 3224 1110 3293 ἢν
1141 3222 1592 3293 προσομιλήσασα
1623 3222 1667 3289 ⁸,
1702 3222 1949 3292 καὶπερὶ

359 3313 459 3379 τῆς
490 3313 788 3378 ἐπιλύσεως
818 3314 912 3367 τοῦ
943 3315 1018 3385 μὴ
1044 3315 1367 3383 λαληθέντος
1396 3314 1678 3385 ὀνόματος.
1706 3314 1951 3386 καὶπερὶ

359 3407 459 3476 τῆς
485 3405 580 3459 τοῦ
627 3407 836 3478 κόσμου
864 3408 1041 3479 ψυχῆς
1080 3408 1175 3461 καὶ
1223 3408 1532 3480 ἀνθρώπου,
1581 3408 1723 3462 καθὰ
1767 3407 1949 3478 έχουσι

360 3498 463 3567 τὴν
504 3499 623 3551 κατ’
655 3500 841 3553 εἰκόνα
892 3502 1225 3572 οἰκονομίαν,
1274 3501 1448 3567 οὕτως
1490 3502 1787 3574 ὲλήρησεν’
1826 3498 1951 3571 ἑξῆς

360 3589 419 3641 δὲ
443 3589 519 3654 ὠς
552 3590 660 3644 67:6
690 3592 798 3647 τῶν
829 3593 1107 3664 ὀνομάτων
1162 3595 1447 3667 ἰσάριθμον
1479 3596 1717 3666 Δύναμιν
1746 3594 1953 3647 ἐπέδει-

363 3683 454 3747 ξεν
490 3686 523 3754 ή
577 3685 890 3755 Τετρακτὺς
941 3688 1089 3758 αὐτῷ
1145 3688 1598 3758 ἀπαγγελοῦμεν·
1649 3688 1736 3740 ἵνα
1787 3686 1953 3758 μηδὲν

363 3774 501 3845 λάθῃ
544 3792 603 3828 σε
633 3776 741 3828 τῶν
770 3780 848 3841 εἰς
878 3780 1024 3849 ἡμᾶς
1063 3782 1153 3833 ὑπ’
1200 3780 1363 3833 αὐτοῦ
1413 3780 1721 3849 λεγομένων
1758 3779 1952 3850 ἐληλυ-

366 3869 568 3935 θότων,
614 3872 886 3943 ἅγατητὲ,
943 3872 1127 3935 καθὼς
1177 3872 1435 3934 πολλάκις
1488 3872 1777 3942 άπῄτησας
1822 3875 1951 3944 παρ’

366 3978 544 4029 ημων.

440 4227 625 4290 Οὕτως
662 4245 757 4281 ουν
786 4230 1120 4297 ἀπαγγέλλει
1148 4234 1179 4303 ή
1214 4232 1486 4301 πάνσοφος
1514 4233 1661 4302 αύτῴ
1697 4232 1829 4303 Σιγὴ
1860 4233 1957 4302 τὴν

367 4318 583 4387 γένεσιν
615 4318 723 4371 τῶν
762 4322 1219 4392 εἰκοσιτεσσάρων
1268 4324 1567 4393 στοιχείων,
1606 4325 1670 4393 τῇ
1706 4322 1957 4392 μονότητι

373 4411 740 4482 συνυπάρχειν
780 4414 990 4484 ὲνότητι
1033 4416 1075 4469 ⁸.
1117 4416 1203 4481 Ἐξ
1231 4407 1305 4467 ὧν
1358 4414 1451 4467 δύο
1494 4414 1774 4485 προϐολαὶ,
1818 4415 1959 4469 καθὰ

2043 549 2303 604 coelumA
2324 550 2677 619 pronuntiat;
2705 551 3005 606 secundum
3028 552 3091 618 E;
3122 553 3343 607 tertium
3372 555 3441 618 H;
3474 569 3638 624 quar-

2043 651 2156 696 tum
2198 648 2251 697 et
2286 642 2525 698 medium
2554 643 2760 697 vocalis
2794 646 2814 696 Ι
2846 645 2953 698 vim
3007 644 3195 709 ell‘ert;
3242 645 3495 715 quintum
3539 645 3620 711 0;

2044 744 2259 790 sextum
2311 735 2385 801 Υ;
2424 735 2719 805 septimum
2762 743 2817 791 et
2856 745 3113 807 quartum
3154 738 3484 792 elementum
3536 738 3577 790 Ω
3603 753 3635 793 e

2042 827 2223 881 medio
2254 829 2592 897 proclamat,
2620 829 2696 882 ait
2736 827 3014 883 Marciana
3050 828 3211 901 Sige,
3254 846 3376 900 quae
3406 845 3634 901 magnas

2043 935 2220 991 nugas
2269 918 2524 975 eﬂ‘utiens
2573 920 2685 975 veri
2720 920 2857 974 nihil
2892 921 3191 991 eloquitur.
3240 919 3481 975 Virtutes
3529 921 3636 975 illa:

2043 1028 2209 1083 porro
2244 1014 2410 1068 simul
2444 1028 2636 1068 omnes
2670 1013 2903 1068 invicem
2936 1021 3205 1069 consertae
3239 1020 3523 1076 resonant,
3549 1012 3636 1065 in-

2042 1107 2182 1177 quit,
2214 1120 2278 1161 ac
2302 1107 2602 1177 praedicant
2629 1121 2774 1171 eum,
2800 1123 2828 1160 a
2851 1122 2961 1177 quo
2981 1106 3262 1176 producta:
3290 1113 3439 1161 sunt.
3462 1103 3634 1175 Cujus

2043 1200 2258 1255 sonitus
2283 1197 2612 1253 eollaudatio
2645 1199 2883 1269 primum
2908 1200 2961 1254 in
2982 1198 3273 1255 Parentem
3300 1198 3585 1254 confertur
3615 1214 3631 1252 :

2044 1293 2299 1361 idemque
2348 1307 2518 1348 sonus
2565 1293 2778 1347 delatus
2832 1292 2887 1345 in
2944 1300 3185 1355 terram,
3220 1292 3465 1347 omnium
3513 1304 3635 1361 quae

2043 1390 2172 1434 sunt
2206 1380 2349 1433 inea
2381 1380 2536 1434 lictor
2563 1395 2627 1435 ac
2662 1389 2978 1449 procreator
3012 1390 3095 1436 est
3140 1380 3339 1437 factus.
3381 1381 3537 1447 Quod
3565 1395 3632 1435 ex

2042 1486 2237 1526 recens
2256 1471 2419 1526 editis
2469 1472 2777 1527 infantibus
2826 1471 3213 1529 demonstrare
3262 1474 3485 1539 nititur,
3538 1471 3635 1543 qui

2043 1564 2208 1619 simul
2233 1572 2396 1634 atque
2428 1565 2620 1619 matris
2648 1579 2714 1619 ex
2741 1574 2896 1620 utero
2929 1566 3251 1636 prodierunt
3273 1605 3286 1629 ,
3313 1566 3499 1636 Vagitu
3531 1579 3634 1620 suo

2046 1658 2485 1727 uniuscujusque
2512 1658 2908 1712 elementorum
2947 1659 3180 1712 istorum
3214 1674 3411 1713 sonum
3446 1658 3633 1728 expri-

2048 1759 2221 1806 munt.
2256 1749 2327 1805 Ut
2350 1751 2515 1822 igitur
2546 1758 2784 1819 septena}
2814 1748 3061 1806 Virtutes
3081 1790 3095 1814 ,
3120 1751 3215 1817 ait,
3249 1749 3486 1806 Verbum
3515 1750 3635 1805 lau-

2046 1845 2207 1899 dibus
2244 1842 2521 1899 eﬂ‘erunt:
2559 1843 2633 1896 ita
2678 1852 2731 1897 et
2787 1840 3032 1896 Marcum
3083 1841 3263 1911 ipsum
3308 1843 3530 1912 plorans
3576 1839 3635 1895 in

2050 1936 2349 1991 infantibus
2380 1951 2445 1989 ac
2470 1950 2708 1990 mmrens
2739 1935 2919 1987 anima
2943 1934 3226 2004 praedicat.
3253 1935 3381 1990 ldeo
3410 1952 3630 2008 quoque

2048 2027 2219 2082 David
2247 2027 2487 2082 cecinit:
2518 2025 2601 2079 Ex
2628 2043 2716 2081 ore
2752 2025 3041 2095 infantium
3068 2035 3117 2080 et
3162 2026 3470 2081 lactentium
3515 2045 3630 2099 per-

2046 2121 2218 2188 feciin
2260 2119 2470 2173 laudem
2502 2120 2556 2184 ⁶;
2595 2133 2658 2174 ac
2699 2134 2919 2172 rursum
2960 2136 2972 2172 :
3017 2117 3150 2172 Caeli
3185 2119 3437 2174 calorum
3472 2137 3632 2175 enar-

2046 2224 2166 2267 rant
2197 2213 2423 2283 gloriam
2458 2210 2626 2265 Dei".
2659 2208 2796 2264 Hinc
2830 2218 2916 2265 est
2963 2209 3108 2279 quod
3144 2209 3286 2264 inter
3314 2210 3535 2268 labores
3571 2219 3627 2267 et

2044 2322 2317 2363 aerumnas
2342 2347 2356 2371 ,
2386 2312 2446 2359 ut
2484 2305 2555 2360 sit
2601 2302 3006 2373 quodammodo
3048 2300 3366 2357 del‘aecatior
3405 2304 3587 2360 anima
3610 2344 3625 2370 ,

2046 2400 2283 2453 litteram
2320 2415 2365 2450 ω
2406 2396 2751 2466 pronuntiat,
2800 2393 2945 2464 quod
2985 2402 3070 2448 est
3110 2393 3443 2449 laudationis
3484 2396 3629 2450 indi-

2045 2490 2223 2554 cium,
2263 2496 2321 2541 ut
2367 2487 2611 2542 caelestis
2661 2486 2843 2538 anima
2887 2483 3033 2553 quod
3068 2483 3171 2539 sibi
3214 2491 3506 2553 cognatum
3542 2492 3630 2540 est

2047 2596 2353 2653 agnoscens
2384 2579 2770 2641 opitulatorem
2813 2560 3120 2631 submittat.

2119 2845 2254 2900 Vlll.
2308 2845 2384 2900 De
2424 2851 2540 2899 toto
2590 2845 2754 2915 igitur
2798 2844 2886 2899 ille
2928 2843 3181 2907 nomine,
3223 2843 3369 2913 quod
3416 2859 3523 2897 xxx
3559 2858 3628 2899 ex

2048 2939 2245 2994 litteris
2277 2937 2653 3009 componitur;
2690 2936 2861 3008 Bytlio
2895 2936 2987 3006 qui
3028 2937 3163 2991 iisce
3197 2952 3260 2990 ex
3304 2936 3499 2990 litteris
3539 2936 3628 2990 in—

2048 3041 2387 3086 erementum
2436 3029 2616 3098 capit;
2666 3044 2769 3084 nec
2824 3044 2930 3082 non
2983 3037 3039 3083 et
3093 3027 3353 3083 Veritatis
3401 3043 3631 3099 corpore

2051 3120 2314 3175 membris
2337 3127 2625 3175 constante
2648 3119 2958 3183 duodecim,
2992 3133 3225 3188 quorum
3252 3119 3466 3189 singula
3492 3120 3630 3175 dua-

2054 3215 2155 3269 bus
2190 3229 2221 3269 e
2255 3212 2453 3267 litteris
2490 3210 2725 3267 conﬂata
2770 3220 2934 3278 sunt;
2969 3213 3251 3283 ipsiusque
3286 3226 3419 3267 voce
3467 3227 3633 3282 quam

2054 3304 2277 3359 minime
2304 3305 2569 3374 eloquens
2599 3310 2681 3358 est
2717 3304 2933 3359 elocuta
2965 3323 2977 3359 :
3008 3312 3121 3358 tum
3152 3305 3219 3359 de
3251 3305 3473 3359 minime
3504 3320 3636 3375 pro-

2054 3397 2149 3449 lati
2182 3396 2521 3452 resolutione
2559 3396 2832 3463 nominis;
2868 3410 2933 3451 ac
2963 3395 3031 3451 de
3068 3396 3260 3451 mundi
3304 3404 3359 3452 et
3400 3396 3639 3451 hominis

2055 3486 2260 3550 anima,
2295 3494 2567 3556 quatenus
2608 3484 2675 3538 ad
2710 3486 3120 3541 similitudinem
3156 3500 3419 3557 expressa
3452 3488 3639 3557 provi—

2054 3577 2254 3635 dentia)
2315 3578 2888 3649 administrationique
2945 3580 3320 3650 respondent;
3380 3580 3484 3635 hoc
3550 3580 3642 3635 ille

2055 3668 2219 3723 modo
2264 3676 2500 3739 nugatus
2526 3680 2632 3725 est.
2683 3670 2842 3741 242
2891 3668 3357 3736 Quemadmodum
3402 3686 3532 3725 vero
3574 3685 3639 3724 ex

2057 3760 2371 3817 nominibus
2399 3762 2663 3831 aequalem
2694 3776 2925 3817 numero
2954 3760 3223 3817 Virtutem
3263 3763 3313 3817 ei
3354 3762 3646 3832 Tetractys

2056 3856 2383 3919 ostenderit,
2418 3856 2679 3925 deinceps
2709 3854 3107 3924 explicabimus
3140 3873 3153 3908 :
3188 3870 3255 3909 ne
3287 3854 3417 3924 quid
3447 3870 3642 3909 eorum

2058 3956 2130 4009 te.
2160 3947 2507 4010 eharissime,
2529 3948 2715 4013 lateat,
2752 3962 2873 4017 quae
2903 3946 2970 4000 ab
3004 3947 3097 4001 illo
3123 3945 3267 3999 dicta
3298 3946 3365 3999 ad
3398 3955 3642 4001 nostram

2060 4040 2379 4094 memoriam
2434 4045 2839 4108 pervenerunt,
2897 4037 2954 4092 id
3009 4037 3157 4108 quod
3209 4053 3241 4091 a
3292 4038 3451 4092 nobis
3503 4052 3647 4107 saepe

2062 4132 2369 4202 postulasti.

2130 4226 2151 4257 ⁸
2188 4223 2302 4277 Hoc
2346 4224 2528 4294 itaque
2576 4223 2737 4278 modo
2782 4222 3187 4292 sapientissima
3218 4220 3345 4293 Sige
3373 4238 3501 4277 xxw
3532 4220 3646 4277 eie-

2063 4323 2372 4369 mentorum
2436 4315 2511 4368 illi
2569 4316 2974 4383 generationem
3040 4314 3311 4384 exposuit.
3377 4312 3644 4368 Nimirum

2062 4422 2188 4461 cum
2226 4406 2607 4475 singularitate
2648 4406 2909 4460 unitatem
2959 4406 3247 4461 exsistere.
3290 4405 3372 4460 Ab
3415 4405 3481 4461 iis
3523 4420 3649 4476 pro-

373 4502 716 4575 προείρηται,
751 4507 921 4575 μονάς
951 4524 1010 4560 τε
1048 4508 1141 4560 καὶ
1175 4508 1236 4560 τὸ
1279 4507 1335 4560 ἓν
1376 4507 1467 4560 ἐπὶ
1501 4507 1593 4559 δύο
1637 4503 1791 4559 οὖσαι
1828 4507 1946 4560 τέσ·

2065 4508 2257 4568 pagata
2301 4498 2432 4563 duo,
2486 4498 2774 4551 monadem
2821 4508 2982 4567 atque
3036 4513 3203 4552 unum
3255 4504 3491 4567 quatuor
3544 4498 3649 4551 im-

373 4609 517 4663 σαρα
544 4594 813 4661 ἐγένοντο.
850 4598 943 4660 Δὶς
971 4597 1081 4668 γάρ
1114 4597 1207 4651 δύο
1236 4598 1518 4669 τέσσαρες.
1562 4599 1671 4651 Καὶ
1704 4596 1867 4652 πάλιν
1900 4600 1957 4650 αἱ

370 4682 466 4735 δύο
499 4686 591 4737 καὶ
620 4686 886 4759 τέσσαρες
925 4690 1006 4753 είς
1030 4689 1092 4742 τὸ
1119 4691 1249 4743 αὐτὸ
1286 4690 1620 4743 συντεθεῖσαι
1656 4690 1745 4743 τὸν
1768 4689 1875 4743 τῶν
1900 4690 1958 4757 ἒξ

374 4776 725 4848 ἐφανέρωσαν
768 4780 1019 4851 ἀριθμόν.
1070 4776 1229 4836 Οὗτοι
1274 4782 1330 4835 δὲ
1379 4784 1427 4835 οἱ
1479 4781 1540 4847 ἓξ
1559 4781 1955 4855 τετραπλάσια-

376 4866 593 4929 σθέντες
620 4869 718 4933 τὰς
751 4874 924 4925 εἴκοσι
943 4873 1213 4945 τέσσαρας
1235 4874 1554 4944 ἀπεκύησαν
1586 4876 1817 4944 μορφάς.
1846 4874 1955 4927 Καὶ

372 4957 441 5009 τά
476 4958 577 5028 μὲν
606 4960 706 5030 τῆς
759 4962 981 5033 πρώτης
1022 4965 1290 5035 Τετράδος
1332 4967 1573 5037 ὀνόματα
1607 4970 1738 5035 ἅγια
1786 4968 1958 5034 ἁγίων

372 5050 659 5118 νοούμενα,
688 5051 782 5104 καὶ
834 5053 909 5124 μὴ
958 5054 1230 5125 δυνάμενα
1277 5055 1553 5128 λεχθῆναι,
1595 5057 1960 5126 γινώσκεσθαι

374 5139 481 5191 ὑπὸ
517 5140 679 5209 μόνου
729 5142 823 5195 τοῦ
860 5144 989 5197 Υἱοῦ
1012 5162 1023 5173 ·
1057 5146 1092 5199 ἃ
1125 5149 1152 5199 6
1186 5149 1373 5220 Πατὴρ
1409 5146 1517 5201 οἶδε
1551 5149 1672 5203 τίνα
1717 5149 1864 5202 ἐστί’
1895 5150 1964 5202 τὰ

374 5230 431 5281 δὲ
469 5232 642 5301 σεμνὰ
677 5234 770 5287 καὶ
802 5236 941 5305 μετὰ
979 5237 1214 5303 πίστεως
1257 5242 1631 5311 ὀνομαζόμενα
1660 5244 1786 5313 παρ’
1814 5240 1965 5312 αύτῷ

376 5324 494 5375 ἐστι
522 5324 697 5379 ταῦτα
718 5344 730 5356 °
761 5329 1032 5399 Ἀρρητος
1066 5332 1159 5384 καὶ
1188 5332 1341 5401 Σιγὴ.
1376 5333 1567 5403 Πατήρ
1596 5350 1655 5385 τε
1680 5334 1771 5385 καὶ
1807 5331 1965 5403 Ἀλή-

454 5480 470 5509 ¹
506 5478 645 5535 lren.
679 5482 788 5534 ἀπὸ
821 5483 1008 5552 μέσου.
1090 5488 1109 5516 ¹
1142 5486 1283 5539 Iron.
1320 5487 1429 5538 τῶν
1464 5486 1711 5557 ούρανῶν
1741 5502 1848 5540 non
1884 5487 1946 5540 ha

473 5553 884 5609 προσωμίλησε.
943 5565 997 5609 et
1044 5555 1386 5609 ἀναλύσεως.
1432 5573 1541 5609 non
1584 5556 1905 5609 ἐπιλύσεως.

2054 5527 2066 5540 .
2148 5487 2167 5517 ³
2207 5486 2346 5541 lren.
2384 5483 2737 5537 ἐκάστουσυν.
2818 5482 3003 5536 "lren.
3041 5483 3074 5553 ἢ

2068 5554 2205 5609 lrrn.
2247 5558 2490 5609 ἑνότητα.
2591 5555 2615 5585 ⁸
2643 5553 2787 5608 Psal.
2846 5568 2965 5609 vm.
2996 5553 3048 5606 5.

2092 5572 2205 5611 rcn.
2247 5572 2490 5625 ενοτητα.

376 5550 447 5673 26'
473 5550 884 5677 προσωμὲἒησε,
943 5565 997 5609 et
1044 5555 1386 5619 ἀναλύσεως,
1432 5550 1542 5611 non
1584 5556 1905 5620 ἐπιλύσεως.

457 5636 573 5677 ren.
606 5637 656 5676 c.
776 5662 789 5676 .

457 5636 573 5677 ren.
606 5637 656 5676 C.
704 5636 789 5677 12.

2066 4593 2266 4662 plesse.
2296 4590 2387 4646 Bis
2420 4592 2565 4645 enim
2598 4591 2708 4645 duo
2736 4600 2974 4661 quatuor
3005 4590 3262 4645 cilicium.
3300 4588 3652 4660 Rursumque

2068 4684 2179 4738 duo
2202 4683 2497 4753 conjuncta
2532 4698 2656 4737 cum
2687 4690 2925 4751 quatuor
2954 4684 3232 4738 senarium
3273 4685 3647 4738 ostenderunt.

2071 4776 2168 4830 llic
2203 4784 2397 4845 quater
2442 4776 2497 4829 in
2538 4790 2659 4830 sese
2691 4775 2890 4829 ductus
2936 4790 3063 4827 XXIV
3100 4773 3304 4830 formas
3343 4774 3539 4829 ell'ecit.
3574 4774 3653 4828 Ac

2070 4868 2258 4937 prima:
2285 4868 2502 4937 quidem
2545 4863 2796 4921 Tetradis
2839 4866 3061 4925 numina
3099 4866 3447 4921 sanctissima
3475 4907 3490 4931 ,
3532 4880 3654 4935 qua;

2070 4962 2428 5031 intelligentia
2469 4961 2583 5016 sola
2619 4959 2827 5031 percipi
2867 4967 3127 5028 possunt,
3172 4959 3353 5013 verbis
3392 4958 3653 5029 explicari

2075 5072 2185 5109 nun
2222 5062 2484 5125 possunt;
2523 5054 2624 5109 soli
2660 5062 2814 5123 putat
2847 5051 2986 5106 Filio
3028 5052 3275 5121 cognita,
3313 5066 3434 5122 quae
3464 5051 3653 5120 cujus-

2074 5146 2222 5199 modi
2273 5145 2383 5200 sint
2428 5144 2590 5199 Pater
2628 5144 2900 5213 intelligit.
2941 5144 3073 5209 Quae
3119 5158 3248 5197 vero
3293 5143 3374 5198 sic
3424 5152 3656 5213 augusta

2075 5246 2227 5303 sunt,
2255 5244 2313 5290 ut
2334 5251 2457 5291 cum
2486 5236 2587 5290 [ide
2615 5234 2959 5306 pronuntiari
3010 5235 3256 5303 possint,
3289 5233 3435 5289 hunc
3459 5235 3515 5288 in
3540 5249 3658 5288 mo—

2075 5332 2204 5385 dum
2243 5337 2510 5397 recenset.
2551 5330 2837 5391 Arrhetus,
2866 5336 2920 5383 et
2967 5326 3148 5398 Seige,
3167 5326 3329 5381 Pater
3348 5336 3403 5380 et
3420 5325 3655 5397 Veritas.
3686 5384 3691 5389 ,

3079 5500 3106 5534 ν
3160 5482 3657 5605 τπεέἔῗμέὶῖλιῗασέ

2591 5555 2615 5585 ⁸
2643 5553 2787 5608 Psal.
2846 5568 2965 5617 vm,
2996 5553 3048 5606 5.
3160 5554 3179 5585 ²
3207 5553 3352 5609 Psal.
3395 5553 3549 5618 xvm,
3603 5553 3657 5608 2.

460 5739 591 5813 (201
612 5741 715 5813 Εἰς
766 5737 1019 5807 σημεῖον
1061 5734 1364 5803 αἰνέσεως.
1421 5734 1680 5807 Legeram
1732 5736 1946 5802 ἀνέσεως

2053 5757 2102 5796 re
2135 5743 2413 5811 αἰνέσεως,
2461 5742 2556 5799 sed
2589 5740 2912 5797 laudationis
2978 5756 3080 5813 pro
3108 5742 3459 5798 relaxationia
3512 5742 3663 5799 malo

383 5824 512 5865 cum
550 5810 668 5866 Vel.
704 5812 1018 5878 interprete.
