4156 6358
492 298 599 359 599

1899 295 1956 351 S.
1998 292 2340 349 EPIPHANH

3651 289 3761 348 600

494 418 669 488 Hujus
715 416 967 473 Tetradis
1036 431 1300 472 numerus
1367 416 1548 473 omnis
1616 433 1745 472 xxuv
1804 418 2073 473 elementa

2185 414 2317 469 θεια.
2374 414 2590 484 Ταύτης
2629 414 2686 467 δὲ
2733 415 2833 484 τῆς
2877 413 3143 478 Τετράδος
3190 413 3220 467 δ
3254 412 3477 484 σύμπας
3524 410 3762 482 ἀριθμός

493 510 720 580 colligit.
763 508 900 563 Nam
943 511 1174 565 Arretus
1229 519 1437 581 septem
1484 512 1539 565 in
1582 525 1642 566 se
1672 509 1881 565 litteras
1921 524 2075 564 com-

493 604 787 673 plectitur;
821 600 979 672 Seige
1006 619 1060 666 v,
1093 603 1258 660 Pater
1285 621 1336 667 v,
1365 613 1420 660 et
1458 602 1675 659 Veritas
1708 617 1820 667 vn;
1862 618 1983 673 qua:
2022 603 2076 658 in

495 707 666 746 unum
705 692 1007 761 composita
1050 694 1135 749 his
1172 694 1448 763 quinque,
1482 694 1675 763 bisque
1704 702 1912 763 septem
1950 709 2078 748 ntv

495 781 754 837 eﬂiciunt.
786 782 860 835 Ita
883 790 938 837 et
958 783 1197 839 secunda
1224 782 1439 847 Tetras,
1464 783 1663 851 Logus,
1688 784 1817 849 Zoe,
1837 784 2077 839 Anthro-

497 891 621 946 pus,
673 883 729 930 et
782 872 1028 931 Ecclesia
1078 875 1327 930 eumdem
1375 876 1633 931 exhibent
1683 876 2076 931 elementorum

498 981 807 1023 numerum.
839 966 956 1021 Jam
992 965 1293 1021 Salvatoris
1331 980 1554 1030 nomen,
1594 964 1741 1035 quod
1779 966 1958 1021 ellerri
1995 965 2079 1020 fas

497 1066 602 1123 est,
646 1059 750 1113 hoc
786 1070 889 1121 est,
934 1058 1164 1128 Ἰησοῦς,
1217 1058 1523 1113 litterarum
1581 1073 1705 1114 esse
1754 1074 1871 1113 sex.
1920 1057 2076 1124 Quod

498 1165 631 1205 vero
662 1150 1005 1220 pronuntiari
1056 1151 1280 1220 nequit,
1324 1152 1533 1206 litteras
1578 1150 1779 1205 habere
1816 1166 1960 1204 xxw.
1998 1147 2078 1203 ita

498 1241 779 1299 Christum
819 1239 1014 1295 Filium
1044 1241 1346 1295 litterarum
1379 1256 1501 1297 esse
1533 1257 1608 1297 vn
1640 1257 1655 1293 :
1684 1241 1830 1311 quod
1873 1255 2002 1296 vero
2021 1243 2077 1295 in

496 1333 718 1389 Christo
766 1348 867 1389 nec
910 1332 1125 1388 eﬂabile
1164 1343 1276 1394 est,
1323 1333 1628 1389 litterarum
1668 1349 1796 1388 xxx.
1846 1333 2079 1403 Ideoque

502 1422 538 1475 Δ
584 1431 637 1478 et
675 1425 717 1477 Ω
753 1423 997 1492 seipsum
1038 1423 1303 1483 nominat.
1347 1430 1408 1477 ut
1445 1422 1753 1477 columbam
1783 1421 2075 1493 signiticet.

497 1513 638 1570 Huic
667 1515 811 1570 enim
844 1515 930 1567 avi
964 1530 1226 1569 numerus
1255 1515 1357 1568 iste
1390 1514 1667 1569 convenit.

567 1798 658 1856 ιχ.
696 1800 852 1867 Quod
882 1801 949 1854 ad
984 1799 1471 1871 Iesum.pertinet;
1516 1801 1677 1866 lane,
1716 1803 1813 1867 ait,
1842 1818 2079 1873 genera-

498 1894 702 1949 tionem
743 1909 865 1964 quze
901 1894 1164 1963 explicari
1210 1893 1394 1948 verbis
1434 1895 1653 1964 nequit,
1702 1896 1931 1951 sortitus
1971 1904 2075 1951 est.

496 1984 711 2041 Etenim
760 1986 829 2040 ab
872 1987 1253 2041 universorum
1296 1985 1466 2041 Matre
1493 1988 1669 2056 prima
1704 1988 1796 2041 illa
1847 1986 2078 2042 Tetrade

498 2080 621 2134 ﬁliae
661 2080 834 2134 instar
865 2082 1104 2134 secunda
1131 2078 1324 2135 Tetras
1373 2088 1585 2145 exorta,
1635 2087 1689 2134 et
1734 2080 1951 2150 Ogdoas
1995 2090 2081 2137 est

498 2172 675 2236 iacta;
702 2188 731 2224 a
753 2187 859 2241 qua
891 2171 1063 2227 Decas
1076 2173 1362 2242 processit.
1388 2171 1573 2242 itaque
1598 2166 1771 2229 Deca's
1793 2181 1847 2228 et
1863 2172 2079 2243 Ogdoas

498 2280 802 2335 progressze
831 2271 977 2319 sunt.
1003 2262 1140 2318 Tum
1174 2263 1345 2320 Decas
1364 2280 1487 2319 cum
1519 2263 1775 2334 Ogdoade
1803 2265 2077 2335 copulata,

498 2372 563 2411 ac
601 2357 786 2413 decies
830 2357 975 2410 illam
1027 2358 1397 2427 multiplicans
1430 2357 1849 2427 Octogenarium
1887 2373 2080 2412 nume-

444 2460 621 2503 «fsum
667 2447 864 2503 ell‘ecit.
894 2446 1065 2512 Quem
1095 2447 1277 2503 decies
1331 2449 1557 2517 insuper
1601 2448 1970 2517 multiplicans
2012 2448 2082 2504 ad

498 2544 813 2611 octingenta
860 2542 1135 2611 perduxit.
1166 2540 1234 2595 Ut
1269 2541 1446 2596 omnis
1477 2540 1567 2595 ille
1587 2539 1748 2612 243
1778 2540 2080 2595 litterarum

498 2650 761 2690 numerus
804 2635 872 2687 ab
913 2634 1167 2704 Ogdoade
1212 2648 1537 2703 progressus
1585 2633 1653 2687 ad
1702 2632 1968 2688 Decadem
2012 2632 2084 2688 sit

502 2728 549 2779 Η
607 2733 661 2779 et
718 2726 764 2777 Π
816 2733 870 2780 et
906 2727 948 2778 Ω
1004 2738 1126 2793 quat
1179 2731 1307 2777 sunt
1344 2737 1742 2776 occcuxxvm.
1800 2722 2080 2792 Siquidem

499 2816 627 2873 Jeazi
668 2834 865 2873 nomen
899 2818 970 2872 ob
1007 2833 1131 2873 eum
1168 2831 1480 2879 numerum,
1522 2831 1682 2885 quem
1723 2815 1918 2870 litterae
1957 2814 2081 2870 red-

501 2911 669 2974 dunt,
706 2922 1081 2963 υοοοιιιινιιι
1128 2905 1352 2960 coniicit
1401 2924 1414 2959 :
1462 2920 1525 2958 ac
1571 2908 1861 2975 perspicue
1905 2906 2079 2969 ccelo,

502 3011 562 3056 ut
612 3009 842 3071 putant,
904 2999 1027 3071 ipso
1088 2998 1430 3055 sublimioris
1487 2995 1617 3053 Jcsu
1674 2999 2082 3068 generationem

2179 507 2296 559 ἐστι
2350 494 2633 577 στοιχείων
2678 505 3153 575 εἰκοσιτεσσάρων.
3216 506 3275 558 '0
3333 503 3443 574 γάρ
3484 503 3762 574 ’Δρρητος

2179 598 2349 669 ὄνομα
2406 598 2709 668 γράμματα
2755 597 2868 667 ἔχει
2919 599 2976 650 ὲν
3020 596 3199 666 ἐαυτῷ
3249 595 3477 665 ἑπτά²ή
3526 594 3584 647 δὲ
3624 592 3760 664 Σιγὴ

2180 691 2340 744 πέντε
2367 689 2503 757 (21),
2542 690 2637 744 καὶ
2668 691 2697 741 ὁ
2726 690 2916 761 Πατὴρ
2952 689 2967 720 ³
3008 689 3103 741 καὶ
3134 690 3167 759 ἡ
3210 688 3462 759 Ἀλήθεια
3502 687 3665 749 ἑπτά,
3698 686 3757 752 ά,

2181 781 2503 836 συντεθέντα
2526 782 2835 845 ὲπιτοαυτδ,
2866 780 2935 834 τὰ
2955 780 3035 842 δὶς
3057 779 3218 834 πέντε
3249 781 3343 834 καὶ
3371 780 3452 843 δὶς
3478 778 3641 840 ἑπτὰ,
3668 777 3760 831 τὸν

2177 876 2286 928 τῶν
2311 874 2764 945 εἰκοσιτεσσάρων
2791 874 3020 946 ἀριθμὸν
3045 872 3447 943 ἀνεπλήρωσεν.
3484 869 3759 933 Ὡσαύτως

2177 967 2233 1020 δὲ
2263 969 2355 1021 καὶ
2381 969 2413 1037 ἠ
2439 967 2667 1038 δευτέρα
2694 968 2923 1038 Τετρὰς,
2946 968 3115 1037 Λόγος
3138 966 3231 1020 καὶ
3260 964 3404 1035 Ζωὴ,
3438 963 3762 1033 Ἀνθρωπος

2180 1061 2274 1113 καὶ
2328 1060 2643 1129 Ἐκκλησία,
2702 1061 2793 1113 τὸν
2842 1060 3003 1113 αὐτὸν
3051 1058 3280 1130 ἀριθμὸν
3328 1057 3438 1109 τῶν
3480 1054 3762 1125 στοιχείων

2178 1152 2471 1215 ἀνέδειξαν.
2506 1152 2617 1205 Καὶ
2640 1153 2700 1204 τὸ
2731 1152 2824 1205 τοῦ
2858 1152 3109 1221 Σωτῆρος
3127 1151 3183 1203 δὲ
3210 1150 3372 1221 ῥητὸν
3400 1147 3570 1218 ὄνομα
3595 1144 3764 1204 (ὀκτὼ

2179 1248 2273 1299 καὶ
2316 1244 2450 1299 δέκα
2480 1244 2523 1315 ³)
2565 1245 2908 1315 γραμμάτων
2947 1244 3059 1311 (22)
3105 1242 3371 1313 ὑπάρχειν
3402 1239 3493 1306 ἓξ·
3527 1239 3620 1291 τὸν
3665 1237 3709 1289 δ’
3738 1236 3761 1268 ⁸

2178 1336 2417 1407 ἄρρητον
2466 1335 2633 1391 αὐτοῦ
2697 1336 3059 1406 γραμμάτων
3099 1333 3583 1403 είκοσιτεσσάρων’
3635 1328 3763 1392 Υἱὸς

2179 1428 2415 1498 Χριστὸς
2442 1428 2787 1501 γραμμάτων
2819 1427 3056 1481 sesam-
3090 1427 3151 1479 τὸ
3175 1426 3232 1479 δὲ
3266 1427 3323 1477 ὲν
3348 1421 3571 1494 Χριστῷ
3598 1421 3767 1492 ἄρρην

2178 1537 2271 1572 τον
2308 1520 2654 1591 γραμμάτων
2679 1520 2990 1591 τριάκοντα.
3021 1519 3131 1572 Καὶ
3172 1517 3259 1571 διὰ
3288 1515 3451 1570 τοῦτό
3484 1530 3650 1585 φησιν
3675 1514 3767 1567 αὐ-

2177 1612 2271 1667 τὸν
2302 1612 2347 1664 Α
2394 1614 2486 1666 καὶ
2513 1613 2587 1674 Ω,
2624 1612 2711 1665 ἵνα
2759 1612 2857 1682 τὴν
2904 1612 3233 1682 περιστεράν
3289 1609 3528 1681 μηνύσῃ,
3578 1609 3767 1662 τοῦτον

2182 1700 2396 1771 ἔχοντος
2428 1702 2518 1756 τὸν
2551 1702 2784 1773 ἀριθμὸν
2812 1702 3001 1755 τούτου
3030 1702 3123 1756 τοῦ
3165 1703 3370 1776 ὀρνέου.

2249 1815 2327 1869 6'.
2372 1818 2428 1869 '0
2449 1817 2506 1869 δὲ
2548 1815 2754 1887 Ἰησοῦς
2786 1817 2991 1887 ταύτην
3038 1817 3169 1886 ἔχει,
3206 1816 3359 1889 φησὶ,
3394 1815 3493 1887 τὴν
3529 1814 3769 1886 ἄρρητον

2180 1909 2411 1977 γένεσιν.
2463 1910 2593 1962 Ἀπὸ
2630 1910 2740 1979 γὰρ
2781 1910 2875 1979 τῆς
2908 1910 3127 1979 Μητρὸς
3156 1908 3266 1961 τῶν
3309 1908 3446 1960 ὅλων
3490 1906 3589 1974 τῆς
3618 1906 3768 1975 πρώ-

2178 2016 2279 2070 της
2305 2000 2570 2073 Τετράδος
2602 2003 2658 2053 ὲν
2689 2000 2954 2070 θυγατρὸς
2979 2002 3162 2071 τρόπῳ
3187 1999 3451 2071 προῆλθεν
3485 1998 3770 2069 ἡδευτέρα

2181 2090 2412 2162 Τετράς,
2452 2093 2543 2144 καὶ
2576 2092 2793 2159 ἐγένετο
2830 2092 3075 2159 Ὀγδοᾶις,
3107 2091 3167 2156 ὲξ
3194 2088 3261 2163 ἧς
3288 2091 3527 2163 προῆλθε
3558 2091 3767 2153 Δεκάς·

2181 2179 2352 2243 οὕτως
2405 2180 2621 2247 ἐγένετο
2670 2180 2841 2242 Δεκὰς
2891 2180 2983 2232 καὶ
3032 2180 3271 2247 Ὀγδοάς.
3320 2181 3383 2233 Ἥ
3427 2175 3521 2233 οὖν
3571 2179 3767 2245 Δεκάς,

2181 2270 2605 2324 ὲπισυνελθοῦσα
2646 2274 2709 2341 τῇ
2752 2270 3013 2338 Ὀγδοάδι,
3044 2272 3137 2324 καὶ
3164 2271 3562 2325 δεκαπλασίονα
3599 2271 3771 2341 αὐτὴν

2185 2365 2479 2433 ποιήσασα,
2514 2364 2606 2415 τὸν
2631 2362 2737 2415 τῶν
2764 2361 3090 2432 ὀγδοήκοντα
3121 2361 3481 2433 προεϐίὸασεν
3513 2360 3769 2432 ἀριθμόν.

2181 2451 2293 2504 Καὶ
2325 2450 2394 2502 τά
2431 2450 2763 2520 ὀγδοήκοντα
2794 2449 2957 2502 πάλιν
2997 2450 3506 2513 δεκαπλασιάσασα,
3539 2450 3631 2504 τὸν
3661 2450 3774 2505 τῶν

2182 2542 2512 2595 ὀκτακοσίων
2529 2541 2755 2613 ἁριθμδν
2778 2542 3082 2613 ἐγέννησεν.
3108 2543 3266 2596 Ὥστε
3289 2538 3427 2596 εἶναι
3441 2542 3531 2597 τὸν
3557 2543 3773 2597 ἅπαντα

2184 2635 2291 2688 τῶν
2322 2634 2663 2705 γραμμάτων
2697 2635 2951 2707 ἀριθμὸν,
2987 2638 3097 2690 ἀπὸ
3131 2637 3411 2705 Ὀγδοάδος
3448 2640 3529 2700 εἰς
3563 2637 3775 2690 Δεκάδα

2184 2725 2528 2795 προελθόντα,
2559 2727 2605 2778 Η
2638 2728 2731 2779 καὶ
2773 2728 2818 2779 Π
2861 2728 2953 2779 καὶ
2982 2728 3043 2789 Ω,
3076 2729 3103 2780 ὃ
3128 2729 3243 2781 ἐστι
3279 2730 3299 2759 ⁸
3331 2728 3608 2782 δεκαοκτώ
3638 2727 3772 2796 ι25).

2183 2816 2257 2869 Τὸ
2321 2816 2429 2888 γὰρ
2484 2816 2658 2887 Ἰησοῦ
2699 2818 2869 2888 ὄνομα
2923 2820 3017 2872 καὶ
3063 2819 3156 2873 τὸν
3194 2822 3250 2872 ἐν
3288 2824 3401 2883 τοῖς
3448 2822 3775 2891 γράμμασιν

2185 2908 2415 2981 ἀριθμὸν
2456 2910 2497 2962 Ω
2552 2911 2699 2963 ἐστὶν
2748 2911 3259 2982 ὁγδοηκονταοκτώ·
3297 2914 3410 2984 ἔχει
3459 2914 3650 2982 σαφῶς
3678 2913 3775 2966 καὶ

2187 3003 2286 3075 τὴν
2314 3004 2701 3075 ὑπερουράνιον
2730 3004 2823 3057 τοῦ
2848 3006 2892 3057 Η
2919 3006 3012 3058 καὶ
3048 3005 3143 3058 τοῦ
3174 3007 3213 3058 Σ
3245 3008 3265 3038 ³
3298 3008 3419 3059 κατ’
3452 3006 3652 3069 αὐτοὺς
3683 3005 3776 3073 γέ-

501 3097 765 3150 continet.
794 3092 947 3148 Unde
984 3098 1038 3148 et
1077 3093 1133 3147 in
1165 3088 1479 3145 Graecorum
1509 3090 1796 3159 alphabeto
1826 3088 2085 3146 monades

2190 3113 2357 3153 νεσιν.
2385 3096 2476 3149 Διὸ
2504 3098 2598 3150 καὶ
2620 3096 2711 3150 τὸν
2732 3097 3041 3169 ἀλφάϐητον
3065 3098 3177 3170 (24)
3204 3099 3313 3153 τῶν
3339 3099 3607 3169 Ἐλλήνων
3628 3097 3775 3168 ἔχειν

502 3194 649 3249 octo,
685 3185 910 3241 totidem
944 3185 1199 3247 decades,
1238 3192 1402 3254 atque
1435 3183 1826 3245 hecatontades
1859 3184 2086 3254 reperiri

504 3278 726 3341 dicunt;
779 3286 839 3331 ut
886 3291 1263 3331 ncccuxxvm
1315 3290 1603 3329 numerum
1660 3275 1932 3345 praebeat,
1982 3275 2087 3330 hoc

503 3376 589 3425 est
639 3367 851 3433 Jesum,
910 3384 976 3423 ex
1020 3369 1276 3423 omnibus
1324 3369 1568 3422 numeris
1614 3377 1968 3435 contextum;
2014 3368 2086 3422 ob

506 3461 669 3530 idque
694 3476 815 3514 sese
839 3461 883 3512 Α
906 3467 960 3514 et
981 3461 1022 3512 Ω
1045 3459 1397 3528 nominasse;
1425 3474 1533 3529 quo
1566 3461 1710 3514 illam
1735 3476 1801 3514 ex
1825 3461 2087 3515 omnibus

506 3554 590 3607 sui
646 3553 1059 3622 productionem
1111 3554 1458 3621 exprimeret.
1510 3551 1665 3618 Quod
1712 3554 1816 3607 huc
1868 3568 2085 3606 rursum

508 3645 672 3701 modo
707 3644 1004 3715 perlectum
1038 3653 1140 3699 est.
1181 3644 1397 3698 Primus
1436 3645 1818 3713 quaternarius
1852 3659 1949 3714 per
1981 3661 2084 3697 nn-

507 3738 643 3792 meri
700 3737 1135 3807 progressionem
1185 3737 1239 3790 in
1298 3752 1421 3791 sese
1477 3735 1752 3795 redactus.
1803 3736 2086 3789 denarium

510 3829 789 3899 produxit.
859 3827 991 3881 Nam
1050 3844 1239 3891 unum,
1292 3837 1346 3882 et
1397 3827 1526 3891 duo,
1574 3829 1700 3893 tria,
1753 3839 1808 3882 et
1852 3838 2089 3897 quatuor

511 3921 676 3975 simul
714 3921 1017 3989 composita
1055 3919 1243 3974 decem
1286 3920 1527 3987 faciunt;
1566 3921 1713 3990 quod
1752 3922 1929 3989 ipsum
1968 3937 2089 3976 esse

509 4012 697 4069 Jesum
730 4012 1065 4067 existimant.
1109 4011 1215 4067 Sed
1254 4021 1307 4067 ct
1341 4014 1616 4076 Christus,
1656 4014 1926 4083 inquiunt,
1961 4021 2086 4067 octo

510 4122 574 4162 ex
602 4106 800 4163 litteris
821 4113 1110 4161 contextus
1139 4107 1366 4165 Drimam
1389 4106 1684 4176 ogdoadem
1722 4108 2083 4170 demonstrat,

2187 3185 2420 3256 μονάδας
2443 3185 2605 3247 ὀκτὼ,
2657 3187 2752 3239 καὶ
2782 3187 3015 3252 δεκάδας
3059 3188 3224 3253 ὀκτὼ,
3269 3191 3364 3245 καὶ
3408 3190 3772 3252 ἑκατοντάδας

2183 3279 2346 3341 ὀκτὼ,
2371 3279 2468 3349 τὴν
2496 3279 2602 3332 τῶν
2626 3280 2963 3334 ὀκτακοσίων
2984 3281 3463 3352 ὀγδοηκονταοκτὼ
3488 3282 3703 3353 (ἔπειτα
3727 3282 3773 3348 ⁸)

2182 3371 2517 3435 δεικνύοντα,
2549 3372 2796 3425 τουτέστι
2840 3374 2898 3425 τὸ
2931 3375 2969 3425 Ε
2990 3375 3011 3426 I
3033 3375 3100 3435 Η,
3158 3375 3248 3427 τὸν
3283 3376 3347 3427 ἐκ
3390 3374 3610 3428 πάντων
3653 3390 3775 3426 συνο

2182 3462 2393 3516 εστῶτα
2418 3462 2525 3515 τῶν
2556 3462 2824 3535 ἀριθμῶνο
2857 3464 2950 3516 καὶ
2980 3463 3069 3517 διὰ
3092 3463 3185 3517 τοῦ
3218 3465 3237 3495 ⁷
3272 3466 3449 3535 Ἀλφα
3473 3467 3569 3520 καὶ
3593 3467 3638 3518 Ω
3656 3466 3774 3519 ὀνο-

2198 3553 2464 3625 μάζεσθαι
2497 3556 2679 3617 αὐτὸν,
2707 3555 2803 3626 τὴν
2832 3557 2897 3608 ὲκ
2932 3557 3149 3611 πάντων
3168 3558 3389 3626 γένεσιν
3419 3560 3773 3630 σημαίνοντα.

2195 3646 2305 3699 Καὶ
2338 3647 2498 3699 πάλιν
2526 3645 2716 3703 οὕτως’
2745 3648 2853 3717 Τῆς
2884 3648 3107 3720 πρώτης
3137 3650 3393 3720 τετράδος
3417 3651 3561 3705 κατὰ
3606 3653 3778 3723 πρόσ-

2196 3739 2353 3792 ϐασιν
2398 3739 2632 3811 ἀριθμοῦ
2690 3741 2770 3803 είς
2820 3740 2989 3812 αὐτὴν
3031 3743 3417 3813 συντιθεμένης
3444 3746 3472 3797 ὁ
3502 3746 3612 3796 τῶν
3643 3745 3779 3798 δέκα

2195 3831 2438 3901 ἀνεφάνη
2466 3831 2714 3902 ἀριθμός.
2746 3830 2855 3884 Μία
2884 3832 2992 3903 γὰρ
3023 3833 3230 3887 καὶδύο
3254 3835 3348 3887 καί
3371 3838 3519 3905 τρεῖς
3538 3837 3635 3889 καὶ
3661 3837 3778 3890 τέσ-

2199 3940 2383 3992 σαρες,
2431 3924 2717 3977 ἐπιτοαυτδ
2763 3925 3119 3988 συντεθεῖσαι,
3174 3927 3306 3980 δέκα
3361 3926 3635 3995 γίνονται·
3687 3928 3780 3981 καὶ

2192 4014 2337 4067 τοῦτ’
2378 4011 2515 4067 εἶναι
2565 4015 2776 4068 θέλουσι
2810 4018 2902 4069 τὸν
2946 4018 3173 4088 Ἰησοῦν.
3218 4019 3380 4073 Ἀλλά
3426 4022 3519 4073 καὶ
3568 4023 3597 4073 ὁ
3647 4022 3779 4092 Χρι-

2196 4107 2342 4171 στὸς,
2393 4109 2545 4177 φησὶ,
2582 4108 2922 4178 γραμμάτων
2954 4110 3099 4165 ὀκτὼ
3137 4110 3233 4177 ὢν,
3264 4113 3363 4183 τὴν
3407 4113 3631 4185 πρώτην
3681 4128 3779 4183 ογ·-

584 4310 604 4340 ¹
632 4308 775 4363 lren.
809 4308 1001 4382 Πατὴρ
1040 4308 1217 4382 πέντε.
1255 4378 1264 4382 _
1300 4310 1321 4340 '
1344 4308 1709 4382 Absuntliaec
1735 4310 1893 4382 uncis
1924 4310 2085 4365 inclu:

2185 4309 2257 4382 ibi
2276 4310 2347 4364 ιτ.
2387 4327 2487 4381 pro
2530 4312 2731 4382 quibus
2759 4331 2953 4370 nomen
2979 4315 3138 4373 Jesus
3166 4318 3351 4373 habet.
3427 4319 3451 4351 ³
3472 4316 3612 4374 lren.
3638 4319 3699 4372 τὸ
3722 4318 3782 4373 δέ

513 4387 567 4434 et
595 4396 717 4434 mox
767 4395 865 4447 pro
897 4381 1024 4441 Υὲὸς
1065 4378 1317 4450 Χριστός,
1371 4380 1596 4462 legam-.1
1634 4381 1868 4450 Χριστὸς
1908 4398 2082 4503 Έραμ.
2127 4381 2286 4460 ἑπτά.

517 4453 539 4482 ⁸
567 4450 739 4503 Abest
763 4464 867 4503 vox
895 4450 1084 4503 ἔπειτα
1118 4451 1185 4503 ab
1218 4450 1353 4503 lren.
1384 4466 1479 4503 aut
1502 4458 1665 4503 etiam
1698 4452 1859 4503 habet
1886 4467 1916 4502 τ
1950 4470 1979 4503 ν
2019 4453 2225 4503 Ἰησουν
2261 4468 2286 4503 n

1886 4467 1916 4502 τ

517 4453 539 4482 ⁸
567 4450 739 4505 Abest
763 4464 867 4505 vox
895 4450 1084 4503 ἔπειτα
1118 4451 1185 4503 ab
1218 4450 1353 4504 lren.
1384 4451 1479 4519 qui
1502 4452 1665 4505 etiam
1698 4452 1859 4504 habet

587 4670 699 4743 (21)
754 4672 814 4729 Ἠ
839 4671 907 4723 δὲ
940 4672 1083 4740 Σιγὴ
1126 4672 1321 4726 πέντε.
1376 4672 1597 4729 Falsum
1633 4682 1716 4729 est
1741 4714 1754 4737 ,
1790 4674 1895 4728 nisi
1937 4675 2091 4746 σειγή
2128 4679 2169 4733 D

516 4744 681 4815 ιεετιε-

588 4810 702 4882 (22)
733 4810 1205 4884 Ὁκτὸι-καὶ-δέκα
1224 4814 1595 4884 γραμμάτων.
1617 4812 1925 4884 Scripserat
1950 4815 2089 4869 lren.

521 4881 603 4955 ιή.
627 4881 723 4951 pro
760 4882 987 4955 Ἰησοῦςἐ
1030 4881 1261 4955 Librarii
1302 4881 1587 4955 numerum
1621 4881 1758 4939 esse'
1778 4888 1881 4940 rati
1913 4887 2091 4940 locum

518 4951 917 5024 depravarunt.
956 4951 1145 5007 Scribe
1191 4954 1363 5024 igitur
1410 4953 1645 5023 Ἰησοῦςο
1696 4955 1841 5024 quod
1892 4972 2093 5012 nomen

519 5022 681 5080 senas
720 5024 881 5076 habet
912 5023 1138 5076 litteras.
1178 5022 1269 5076 Sic
1314 5034 1369 5078 et
1399 5022 1481 5079 ea?
1513 5040 1633 5093 quze
1664 5022 1990 5095 sequuntur,
2025 5043 2092 5081 ex

519 5095 1095 5169 Irenaei_interprete._
1151 5110 1249 5169 pro
1304 5111 1369 5149 eo
1439 5104 1603 5165 atque
1653 5096 1721 5150 ad
1790 5098 2089 5169 marginem

518 5164 877 5251 ascripsimus
904 5163 1421 5251 cingidam‘lansunt".

592 5233 705 5306 (25)
746 5238 800 5309 I_1_
812 5275 825 5297 ,
862 5233 959 5309 καὶ
984 5237 1069 5309 11,
1100 5235 1196 5285 καὶ
1236 5238 1283 5287 Ω
1310 5277 1324 5299 ,
1379 5235 1412 5287 ὅ
1452 5237 1581 5309 ἐστι
1613 5236 1927 5291 δεκαοκτώ.
1965 5236 2094 5309 Leg.

520 5307 548 5358 ὃ
578 5304 725 5375 ἔστιν
763 5304 987 5375 Ἰησοῦς.
1010 5305 1147 5357 Nam
1173 5320 1436 5361 numerus
1459 5306 1576 5375 ipse
1598 5322 1972 5361 occcuxxvm
2002 5304 2095 5361 lii-

522 5377 667 5447 teris
684 5362 993 5447 iilisgt'ribu‘s
1013 5389 1306 5447 expressus
1334 5385 1417 5431 est
1446 5362 1519 5447 ῼ”,
1566 5378 1646 5443 Π,
1687 5379 1755 5431 Η.
1799 5377 1902 5443 Qui
1935 5386 1989 5435 et
2040 5379 2098 5432 in

525 5445 766 5500 nominis
803 5443 1009 5513 Ἰησοῦς
1040 5445 1233 5499 litteris
1267 5443 1601 5501 continetur.

595 5516 705 5582 (24)
747 5512 844 5584 Διὸ
873 5513 970 5565 καὶ
1003 5512 1110 5565 τὸν
1141 5515 1511 5584 ἀλφάὸητον.
1558 5517 1633 5569 Ita
1665 5531 1730 5571 ex
1762 5517 1880 5571 Vet.
1930 5517 2091 5571 resti-

527 5585 746 5655 luimus.
770 5583 1042 5655 Caeterum
1074 5583 1236 5639 auod’
1266 5587 1539 5655 aiphabeti
1570 5587 1767 5641 litteris
1802 5589 1875 5641 ita
1910 5586 2097 5641 distri-

526 5653 674 5712 buit,
696 5652 784 5724 _uti
814 5667 911 5704 vm
943 5652 1053 5724 sint
1086 5652 1383 5722 rronades;
1417 5656 1652 5713 dccades
1682 5672 1779 5712 vui
1803 5697 1818 5724 ,
1850 5665 1903 5712 et
1939 5658 2098 5713 heca-

529 5720 781 5777 tuntades
798 5736 918 5789 vui,
947 5721 1026 5776 sic
1067 5725 1271 5794 accipe.

1950 4450 1979 4505 ν
2019 4450 2225 4522 Ἰησοῦν
2258 4466 2359 4522 pro
2384 4453 2444 4506 τὸ
2467 4460 2529 4518 ε’,
2558 4460 2588 4505 ι’
2618 4461 2689 4524 η’.

2387 4382 2583 4459 ‘_lren.
2624 4385 2652 4437 ὅ
2692 4387 2839 4459 ἐστιν
2881 4386 3107 4459 Ἰησοῦς.
3184 4390 3211 4419 ³
3240 4387 3381 4442 lren.
3423 4390 3519 4442 τοῦ
3573 4388 3777 4459 Ἰησοῦ.

2768 4457 2786 4486 ⁷
2821 4458 2956 4514 lren.
2988 4458 3150 4513 habet
3175 4460 3269 4513 καὶ
3300 4459 3390 4513 διὰ
3414 4460 3593 4514 τοῦτο.

2364 4674 2641 4732 Monades.
2840 4676 3105 4751 Decades.
3215 4680 3643 4736 Hecatontades.

2478 4793 2521 4842 A

2478 4862 2523 4912 Β

2484 4933 2526 4983 Γ

2475 5006 2515 5054 Δ

2478 5076 2520 5127 Ε

2483 5149 2522 5200 Ζ

2484 5221 2533 5270 Η

2488 5288 2532 5340 Θ

2947 4796 2968 4846 ι

2943 4865 2993 4916 κ

2942 4937 2988 4986 Α

2932 5005 2988 5056 Μ

2937 5076 2987 5163 ῙΣ

2942 5218 2985 5268 o

2940 5286 2987 5338 II

3416 4797 3459 4848 Ρ

3417 4866 3457 4917 Σ

3415 4937 3461 4987 Τ

3415 5006 3463 5057 Υ

3415 5078 3461 5127 Φ

3415 5149 3463 5199 Χ

3402 5217 3460 5272 Ψ

3414 5291 3457 5340 Ω

2200 5404 2332 5470 Quae
2367 5400 2433 5454 R.
2462 5400 2525 5455 P.
2558 5399 2764 5457 Fronto
2795 5400 3026 5470 Duczeus
3062 5399 3191 5454 olim
3221 5400 3574 5467 observabat,
3634 5411 3697 5457 ut
3732 5413 3788 5460 et

2200 5469 2334 5529 illud
2368 5473 2437 5545 de
2468 5471 2596 5527 Jesu
2637 5472 2859 5527 nomine
2886 5487 2917 5526 e
2944 5469 3459 5541 Pseudosibyllinis.

2209 5565 2392 5620 ’.Ωκτὼ
2417 5565 2526 5635 γὰρ
2556 5564 2846 5634 μονάδας,
2870 5566 3100 5629 τόσσας
3125 5563 3382 5630 δεκάδας
3405 5565 3503 5618 ἐπὶ
3528 5566 3788 5635 τούτοις,

2210 5637 2322 5691 Ἡδ’
2356 5633 2760 5699 ἑκατοντάδας
2790 5636 2961 5703 ὀκτὼ,
2999 5635 3426 5704 ἁπιστοκόροις
3451 5633 3788 5703 ἀνθρώποις

2204 5709 2443 5777 Οὕνομα
2476 5707 2758 5773 δηλώσει.
