4156 6358
427 347 528 406 601

1044 349 1413 408 ΔιΝΕΒΞΗΞ
1459 350 1801 408 ΠᾸΞΒΕΞΕΞ
1833 353 1962 411 LIB.
2003 360 2015 409 l

2118 341 2261 412 ron.
2296 357 2381 412 ιιι.
2425 388 2506 398 --
2528 355 2801 411 ΙΙΑ-ΞΒΕΞ.
2831 355 3068 411 xxxw.

3604 355 3715 415 602

428 465 592 521 δοάδα
614 462 891 535 σημαίνει,
921 463 1064 532 ἥτις,
1091 462 1170 533 τῷ
1197 464 1330 517 δέκα
1355 466 1738 536 συμπλακεῖσα
1770 470 1905 541 (‘25),
1929 471 2015 523 τὸν

2124 491 2248 544 quae
2277 491 2400 530 cum
2441 476 2628 530 decem
2663 474 2963 544 conjuncta
2994 472 3182 530 Jesum
3222 474 3453 544 peperit.
3499 450 3713 533 Dicitur

442 553 650 627 Ἰησοῦν
680 555 982 626 ἁπεκύησε.
1014 555 1249 622 Λέγεται
1293 556 1371 620 δὲ,
1404 559 1559 626 φησὶ,
1593 560 1690 611 καὶ
1725 561 1846 624 Υἱὸς
1890 562 2018 630 Χρι-

431 647 576 712 στὸς,
609 645 888 698 τουτέστιν
919 647 952 716 ἡ
1003 645 1242 708 δωδεκάς
1266 648 1398 717 (26).
1428 648 1500 700 Τὸ
1545 649 1654 720 γὰρ
1689 651 1805 713 υἱὸς
1849 651 2019 720 ὄνομα

429 737 774 809 γραμμάτων
796 737 912 790 ἐστὶ
941 736 1222 808 τεσσάρων
1243 753 1259 769 ⁶
1287 738 1350 790 τὸ
1375 739 1432 791 δέ
1454 741 1689 810 Χριστὸς
1712 742 1856 796 ὀκτὼ
1882 743 2014 816 (27),

430 829 588 883 ἅτινα
625 827 951 881 συντεθέντα
988 827 1050 880 τὸ
1078 828 1176 898 τῆς
1207 829 1508 893 δωδεκάδος
1536 832 1816 898 ἐπέδειξαν
1853 835 2016 905 μέγε-

431 919 542 980 θος.
574 919 712 989 Πρὶν
741 917 838 987 μὲν
866 915 980 976 οὖν.
1013 918 1166 986 φησὶ,
1195 917 1386 970 τούτου
1410 919 1502 972 τοῦ
1533 921 1796 990 ὀνόματος
1818 923 1878 976 τὸ
1907 924 2020 976 ἐπί-

432 1024 607 1077 σημον
638 1006 893 1078 φανῆναι,
938 1005 1185 1060 τουτέστι
1224 1005 1316 1059 τὸν
1355 1007 1584 1078 Ἰησοῦν,
1618 1013 1732 1074 τοῖς
1763 1013 1918 1075 υἱοῖς,
1960 1015 2018 1066 ἐν

431 1098 628 1168 ἀγνοίᾳ
675 1098 845 1170 πολλῇ
880 1099 1126 1168 ὑπῆρχον
1149 1099 1200 1150 οἱ
1238 1098 1515 1170 ἄνθρωποι
1554 1103 1648 1154 καὶ
1689 1103 1864 1175 πλάνῃ
1888 1122 1900 1134 ·
1928 1105 2018 1158 ὅτε

431 1189 488 1242 δέ
517 1188 834 1261 ἐφανερώθη
865 1190 926 1242 τὸ
952 1190 1376 1261 ἐξαγράμματον
1406 1191 1598 1262 ὄνομα,
1629 1193 1687 1258 ὂς
1717 1195 1895 1266 σάρκα
1922 1215 2021 1249 πε-

436 1279 766 1349 ριεϐάλλετο,
799 1281 886 1334 ἵνα
919 1283 998 1344 είς
1029 1281 1126 1351 τὴν
1161 1281 1411 1351 αἴσθησιν
1442 1283 1538 1336 τοῦ
1561 1285 1848 1358 ἀνθρώπου
1889 1306 2021 1341 κατ-

431 1371 581 1444 έλθῃ,
615 1371 754 1442 ἔχων
783 1374 841 1425 ἐν
879 1372 1057 1442 ἐαυτῷ
1091 1372 1230 1426 αὐτὰ
1261 1372 1330 1426 τὰ
1383 1373 1440 1439 ἓξ
1476 1375 1569 1428 καὶ
1613 1377 1683 1430 τά
1716 1378 2018 1432 εἰκοσιτέσ-

431 1476 608 1534 σαρα·
641 1465 764 1517 τότε
812 1465 1029 1532 γνόντες
1073 1466 1236 1519 αὐτὸν
1280 1467 1590 1521 ἐπαύσαντο
1633 1469 1732 1540 τῆς
1773 1471 2014 1539 ἀγνοίας.

443 1556 539 1608 Ἐκ
567 1554 794 1609 θανάτου
835 1556 891 1608 δὲ
922 1558 1002 1619 είς
1034 1555 1178 1627 ζωὴν
1211 1557 1462 1628 ἀνῆλθον,
1497 1557 1592 1611 τοῦ
1633 1559 1895 1630 ὀνόματος
1920 1563 2019 1614 αὺ-

430 1651 543 1710 τοῖς
587 1647 707 1701 ὁδοῦ
750 1649 767 1679 ⁸
794 1648 1148 1717 γεννηθέντος
1200 1649 1335 1721 πρὸς
1376 1649 1468 1704 τὸν
1502 1653 1722 1724 Πατέρα
1758 1653 1859 1722 τῆς
1884 1654 2017 1724 ἁλη-

431 1736 598 1800 θείας.
632 1739 995 1810 Τεθεληκέναι
1038 1741 1147 1811 γὰρ
1175 1742 1265 1795 τὸν
1304 1742 1525 1812 Πατέρα
1557 1743 1667 1796 τῶν
1702 1743 1838 1798 ὅλων
1860 1744 2018 1798 λῦσαι

428 1830 527 1902 τὴν
560 1831 802 1900 ἄγνοιαν,
838 1834 930 1886 καὶ
964 1833 1212 1886 καθελεῖν
1255 1835 1347 1887 τὸν
1387 1835 1636 1889 θάνατον.
1687 1839 1932 1904 Ἀγνοίας
1960 1837 2017 1890 δὲ
2051 1825 2090 1879 Β

429 1923 583 1986 λύσις
639 1925 672 1993 ἡ
713 1925 1008 1992 ἐπίγνωσις
1063 1924 1228 1978 αὑτοῦ
1283 1925 1512 1995 ἐγίνετο.
1567 1928 1674 1980 Καὶ
1717 1928 1806 1980 διὰ
1863 1929 2020 1982 τοῦτο

429 2013 751 2085 ἐκλεχθῆναι
799 2015 890 2067 τὸν
928 2014 1069 2068 κατὰ
1113 2015 1173 2068 τὸ
1213 2015 1427 2086 θέλημα
1469 2016 1634 2070 αὐτοῦ
1682 2019 1802 2070 κατ’
1834 2019 2017 2071 εἰκόνα

429 2107 528 2176 τῆς
558 2107 670 2160 ἄνω
703 2106 988 2177 δυνάμεως
1023 2107 1448 2178 οἰκονομηθέντα
1485 2108 1792 2180 ἄνθρωπον.

504 2197 560 2251 l'.
614 2199 745 2251 Ἀπὸ
769 2199 1037 2270 Τετράδος
1064 2198 1173 2269 γὰρ
1201 2198 1470 2270 προῆλθον
1489 2201 1537 2252 οἱ
1561 2201 1786 2263 Αἰῶνες.
1817 2198 1926 2255 Ἦν
1959 2202 2018 2255 δέ

345 2272 364 2287 ’
427 2292 488 2344 ἐν
519 2294 584 2361 τῇ
611 2290 842 2366 Τετράδι
878 2291 1199 2360 Ἀνθρωπος
1239 2292 1333 2345 καὶ¹
1378 2293 1694 2364 Ἐκκλησία,
1725 2295 1898 2362 Λόγος
1925 2296 2016 2348 καὶ

427 2383 575 2454 Ζωή.
621 2383 752 2435 Ἀπὸ
795 2383 999 2436 τούτων
1037 2381 1130 2436 οὖν
1181 2384 1458 2455 δυνάμεις,
1504 2386 1690 2455 φησιν,
1726 2387 2017 2459 ἀπορρυεῖ-

428 2491 544 2537 σαι,
576 2473 1070 2545 ἐγενεσιούργησαν
1116 2475 1208 2527 τὸν
1244 2476 1336 2527 ἐπὶ
1372 2476 1477 2546 γῆς
1513 2477 1748 2545 φανέντα
1786 2478 2013 2548 Ἰησοῦν.

429 2567 538 2618 Καὶ
563 2566 658 2618 τοῦ
685 2567 781 2636 μέν
803 2567 976 2634 Λόγου
1009 2566 1221 2636 άναπλη
1232 2567 1462 2636 ρωκέναι
1483 2568 1574 2621 τὸν
1605 2570 1765 2621 τόπον
1787 2568 2016 2637 ἄγγελον

427 2657 688 2730 Γαϐριὴλ,
722 2659 820 2729 τῆς
848 2659 903 2711 δέ
936 2658 1091 2728 Ζωῆς
1114 2659 1174 2710 τὸ
1203 2659 1356 2726 ἆγιον
1389 2659 1611 2730 Πνεῦμα
1636 2677 1650 2691 ·
1678 2659 1769 2713 τοῦ
1799 2661 1856 2713 δὲ
1895 2661 2017 2714 Ἀν-

427 2749 646 2820 θρώπου
675 2750 772 2821 τὴν
803 2749 1032 2820 δύναμιν
1067 2749 1160 2802 τοῦ
1186 2748 1316 2802 Υἱοῦ
1348 2752 1392 2814 ⁸,
1433 2750 1524 2804 τὸν
1553 2752 1609 2805 δέ
1641 2752 1739 2822 τῆς
1791 2752 2017 2822 Ἐκκλη-

428 2842 550 2903 σξας
596 2841 762 2892 τόπον
808 2842 841 2912 ἡ
889 2840 1164 2910 Παρθένος
1208 2840 1499 2906 ἐπέδειξεν.
1549 2841 1703 2896 Οῦτω
1734 2860 1791 2894 τε
1826 2844 1854 2896 ὁ
1894 2843 2015 2896 κατ’

423 2931 739 3001 οἰκονομίαν
785 2929 875 2984 διὰ
933 2931 1036 3001 τῆς
1088 2931 1305 3002 Μαρίας
1367 2936 1828 3006 γενεσιουργεῖται
1882 2933 2014 3004 παρ’

423 3024 574 3094 αὐτῷ
606 3023 911 3094 ἅνθρωπος,
938 3023 996 3076 ὃν
1029 3027 1057 3077 ὁ
1086 3025 1277 3095 Πατὴρ
1313 3025 1420 3080 τῶν
1443 3025 1580 3079 ὅλων
1617 3027 1891 3081 διελθόντα
1926 3027 2013 3081 διὰ

2119 587 2338 640 quoque
2375 570 2503 632 Υἱὸς
2525 568 2778 639 Χριστός,
2813 569 2985 630 aiunt,
3022 567 3127 621 hoc
3167 575 3252 622 est
3280 567 3539 624 dodecas.
3573 568 3709 624 Nam

2123 658 2252 720 Υἱὸς
2283 658 2496 712 litteras
2547 657 2710 711 habet
2741 673 2815 720 IV,
2845 656 3103 711 Christus
3125 663 3251 710 octo
3280 675 3293 710 :
3327 672 3450 726 qua:
3479 658 3710 712 collecta

2123 749 2418 804 dodecadis
2466 748 2695 803 effecere
2754 747 3204 817 magnitudinem.
3247 746 3355 802 Sed
3409 757 3707 817 antequam

2121 840 2366 896 nominis
2403 840 2568 909 hujus
2599 840 2932 909 episemum,
2969 839 3073 894 hoc
3109 848 3193 894 est
3232 837 3423 904 Jesus,
3459 840 3583 894 ﬁliis
3622 855 3713 909 ap-

2120 943 2360 1005 pareret,
2401 934 2456 987 in
2497 947 2711 988 summa
2755 933 3004 986 homines
3057 932 3392 1002 ignorantia,
3434 944 3489 986 et
3519 947 3712 988 errore

2118 1026 2320 1081 versati
2354 1032 2503 1079 sunt.
2547 1023 2910 1094 Posteaquam
2947 1037 3078 1077 vero
3120 1038 3216 1077 sex
3263 1024 3568 1078 litterarum
3607 1038 3710 1077 no-

2119 1133 2244 1171 men
2276 1123 2362 1171 est
2392 1114 2748 1185 patefactum,
2792 1113 2938 1184 quod
2981 1114 3104 1168 ideo
3140 1129 3362 1168 carnem
3411 1113 3610 1178 induit,
3646 1122 3709 1168 ut

2120 1225 2215 1264 sex
2257 1209 2406 1278 ipsas
2444 1217 2497 1262 et
2533 1224 2662 1262 xxiv
2687 1208 2896 1262 litteras
2921 1207 3392 1276 comprehendens
3415 1206 3482 1260 ad
3515 1223 3712 1262 sensus

2119 1298 2400 1353 hominum
2439 1312 2562 1352 sese
2592 1297 2929 1361 demitteret;
2971 1304 3085 1349 ttun
3137 1297 3356 1351 demum
3389 1312 3458 1352 eo
3488 1297 3712 1368 cegnito

2120 1389 2190 1442 ab
2240 1403 2430 1443 errore
2478 1388 2828 1450 destiterunt,
2877 1395 2932 1442 et
2979 1386 3044 1440 ad
3085 1387 3253 1441 vitam
3295 1393 3643 1442 emerserunt
3678 1400 3708 1438 a

2117 1486 2296 1533 morte
2336 1497 2350 1533 :
2395 1495 2519 1533 cum
2567 1478 2633 1531 ad
2683 1479 2934 1533 veritatis
2979 1486 3187 1548 patrem
3233 1479 3480 1534 ductoris
3536 1477 3712 1533 instar

2120 1569 2255 1640 ipsis
2310 1586 2508 1625 nomen
2559 1571 2691 1625 illud
2737 1572 3061 1630 exstitisset.
3112 1571 3396 1626 Placuisse
3436 1569 3710 1640 siquidem

2119 1667 2362 1721 omnium
2416 1666 2637 1721 Parenti
2687 1679 2746 1722 ut
2791 1669 3159 1738 ignorantiam
3198 1667 3520 1732 discuteret,
3561 1680 3712 1720 mor-

2120 1769 2340 1830 temque
2378 1762 2613 1815 tollcret.
2660 1760 2987 1831 Ignorantia:
3024 1777 3188 1832 porro
3217 1759 3495 1818 discussio
3535 1759 3712 1828 ipsius

2120 1849 2360 1920 cognitio
2392 1850 2516 1903 fuit.
2545 1849 2895 1920 Proindeque
2921 1853 3168 1906 delectus
3198 1854 3244 1906 is
3277 1859 3363 1906 est
3395 1851 3582 1913 homo,
3614 1849 3711 1919 qui

2119 1939 2189 1994 de
2238 1941 2387 1996 illius
2423 1942 2707 1995 voluntate
2745 1943 2812 1996 ad
2860 1944 3101 1998 ccelestis
3152 1942 3386 1998 Virtutis
3430 1942 3712 2012 exemplar

2119 2033 2386 2102 singulari
2409 2041 2494 2088 est
2524 2034 2869 2103 providentia
2894 2035 3250 2091 constitutus.

2188 2219 2256 2273 Χ.
2289 2217 2424 2272 Nam
2465 2215 2672 2271 Ᾱῖοιιεε
2711 2232 2740 2269 a
2781 2215 3017 2271 Tetrade
3050 2216 3276 2283 proiecti
3314 2223 3464 2270 sunt.
3507 2214 3566 2269 in
3601 2230 3712 2289 qua

2120 2313 2213 2368 isti
2266 2311 2651 2367 censebantur.
2710 2308 2882 2363 Homo
2941 2317 2996 2364 et
3051 2308 3318 2369 Ecclesia,
3371 2305 3612 2362 Verbum
3651 2317 3710 2363 et

2120 2406 2265 2460 Vita.
2316 2405 2400 2458 Ab
2448 2404 2518 2457 iis
2566 2401 2902 2473 profluentes
2941 2400 3190 2468 quadam
3240 2401 3472 2455 virtutes
3519 2398 3708 2456 Jesum

2119 2501 2270 2552 illum
2304 2502 2686 2566 procrearunt,
2723 2495 2817 2564 qui
2850 2495 2906 2548 in
2939 2493 3101 2548 terris
3141 2493 3414 2563 apparuit.
3437 2492 3710 2548 Caeterum

2119 2593 2174 2644 in
2212 2587 2380 2642 Verbi
2430 2588 2637 2651 locum,
2684 2586 2936 2656 angelum
2982 2582 3291 2638 Gabrielem
3326 2600 3341 2649 ;
3371 2582 3509 2638 Vita:
3554 2597 3708 2645 vero,

2120 2681 2386 2750 Spiritum
2423 2686 2674 2733 sanctum
2704 2693 2829 2732 esse
2858 2677 3210 2731 substitutum
3243 2683 3532 2739 asserunt;
3564 2673 3712 2730 sicut

2117 2773 2366 2827 Hominis
2412 2768 2576 2842 2M
2626 2776 2810 2839 partes
2863 2767 3119 2823 altissimi
3177 2765 3390 2829 Virtus,
3451 2765 3713 2821 Ecclesiae

2116 2877 2245 2918 vero
2272 2861 2439 2930 Virgo
2479 2860 2765 2916 sustinuit.
2809 2858 2901 2912 Sic
2940 2859 3031 2912 ille
3067 2858 3333 2929 peculiari
3370 2857 3715 2928 providentia

2115 2955 2297 3010 editus
2322 2954 2391 3008 de
2423 2952 2591 3006 Maria
2625 2958 2788 3006 natus
2815 2958 2902 3006 est
2925 2949 3098 3004 Ποιηο
3126 2972 3138 3004 :
3172 2966 3335 3019 quem
3366 2965 3462 3019 per
3488 2958 3707 3004 uterum

2115 3059 2399 3114 egressum
2434 3043 2519 3098 sui
2555 3043 2623 3096 ad
2655 3043 3027 3111 cognitionem
3061 3058 3158 3112 per
3193 3041 3434 3097 Verbum
3464 3043 3710 3097 omnium

427 3121 641 3190 μήτρας
679 3118 959 3184 ἐξελέξατο
1001 3119 1090 3172 διὰ
1132 3120 1308 3188 Λόγου
1345 3123 1427 3183 είς
1479 3122 1775 3190 ἐπίγνωσιν
1824 3124 2012 3179 αὑτοῦ.

2118 3135 2328 3190 Parens
2353 3137 2536 3206 elegit.
2569 3134 2816 3204 Cumque
2849 3136 2914 3187 ad
2947 3149 3144 3203 aquam
3184 3132 3490 3189 abluendus
3523 3135 3710 3190 venis-

437 3211 714 3274 Ἐλθόντος
740 3211 796 3263 δὲ
831 3210 998 3264 αὑτοῦ
1039 3213 1118 3274 εἰς
1148 3213 1206 3264 τὸ
1239 3210 1402 3283 ὕδωρ,
1429 3215 1711 3268 κατελθεῖν
1743 3217 1824 3280 είς
1853 3217 2016 3270 αὑτὸν

422 3304 498 3368 ὡς
542 3304 872 3376 περιστεράν
916 3302 1006 3356 τὸν
1059 3303 1444 3374 ἀναδραμόντα
1476 3305 1609 3370 ἄνω,
1663 3309 1754 3360 καὶ
1801 3306 2017 3379 πληρώ-

425 3413 596 3448 σαντα
643 3395 736 3449 τὸν
791 3395 1093 3448 δωδέκατον
1151 3395 1416 3466 ἀριθμόν·
1466 3399 1523 3450 ἐν
1575 3392 1619 3464 ᾧ
1663 3399 1896 3470 ὑπάρχει
1952 3399 2016 3453 τὸ

425 3488 646 3560 σπέρμα
673 3488 876 3542 τούτων
909 3489 1016 3541 τῶν
1049 3489 1437 3560 συσπαρέντων
1467 3490 1636 3560 αὐτῷ,
1667 3493 1760 3545 καὶ
1808 3509 2015 3561 συγκα-

421 3582 725 3645 ταὸάντων,
761 3584 856 3636 καὶ
880 3583 1320 3638 συναναϐάντων.
1351 3581 1530 3653 Αὐτὴν
1565 3582 1622 3636 δὲ
1658 3583 1756 3654 τὴν
1785 3583 2014 3656 δύναμιν

423 3674 795 3729 κατελθοῦσαν
823 3675 1048 3746 σπέρμα
1070 3674 1234 3745 φησὶν
1255 3669 1395 3727 εἶναι
1416 3675 1510 3728 τοῦ
1549 3675 1782 3746 Πατρδς,
1811 3675 1932 3745 ἕχον
1957 3679 2013 3730 ἐν

423 3765 605 3837 ἐαυτῷ
629 3768 724 3819 καὶ
754 3765 844 3819 τὸν
879 3767 1116 3837 Πατέρα·
1141 3767 1235 3819 καὶ
1261 3767 1354 3819 τὸν
1383 3767 1532 3828 Υἱὸν,
1565 3769 1663 3837 τήν
1691 3784 1749 3820 τε
1777 3767 1864 3822 διὰ
1889 3768 2013 3823 τού-

421 3877 531 3913 των
571 3859 980 3930 γινωσκομένην
1029 3859 1396 3930 ἀνονόμαστον
1443 3859 1672 3930 δύναμιν
1699 3861 1801 3930 τῆς
1844 3861 2013 3931 Σιγῆς

423 3951 518 4004 καὶ
545 3951 670 4014 τοὺς
699 3951 943 4013 ἅπαντας
980 3949 1212 4012 Αίῶνας.
1236 3950 1346 4003 Καὶ
1363 3949 1507 4002 τοῦτ’
1541 3947 1679 4004 εἶναι
1701 3951 1763 4003 τὸ
1790 3951 2011 4022 Πνεῦμα

420 4043 482 4096 τὸ
512 4041 752 4111 λαλῆσαν
783 4041 869 4094 διὰ
917 4041 1012 4094 τοῦ
1059 4041 1234 4110 Ἰησοῦ
1266 4042 1307 4104 ³,
1342 4040 1403 4094 τὸ
1432 4042 1776 4112 ὁμολογῆσαν
1819 4043 2010 4096 ἐαυτὸν

420 4132 550 4186 Υίὸν
582 4132 892 4204 ἀνθρώπου,
932 4133 1027 4186 καὶ
1059 4131 1448 4203 φανερώσαντα
1481 4132 1572 4186 τὸν
1595 4133 1835 4201 Πατέρα,
1877 4150 2009 4186 κατ-

421 4229 575 4282 ελθὸν
633 4230 731 4298 μὲν
775 4230 853 4290 είς
891 4226 982 4279 τὸν
1058 4225 1286 4296 Ἰησοῦν,
1318 4225 1559 4297 ἡνῶσθαι
1602 4225 1647 4278 δ’
1678 4225 1847 4296 αὐτῷ.
1902 4227 2012 4279 Καὶ

421 4321 640 4375 καθεῖλε
677 4321 775 4392 μὲν
798 4320 890 4373 τὸν
924 4319 1173 4382 θάνατον,
1208 4319 1396 4388 φησιν,
1423 4319 1452 4370 ὁ
1482 4319 1545 4370 ἐκ
1572 4317 1673 4387 τῆς
1699 4315 2011 4386 οἰκονομίας

422 4414 638 4484 Σωτὴρ,
675 4411 939 4483 ἐγνώρισε
973 4412 1029 4463 δέ
1064 4411 1154 4464 τὸν
1185 4410 1406 4480 Πατέρα
1447 4408 1703 4479 Χριστόν.
1737 4405 1890 4461 Εἶναι
1915 4404 2010 4462 οῦν

2124 3237 2228 3296 εει,
2250 3230 2305 3283 in
2327 3244 2454 3283 eum
2482 3228 2754 3282 columba:
2778 3227 3132 3282 descendisse
3149 3227 3333 3297 specie
3355 3226 3505 3280 illum
3529 3227 3710 3296 ipsum

2122 3328 2386 3384 narrant,
2435 3321 2528 3389 qui
2571 3335 2792 3374 sursum
2838 3333 3130 3374 recurrens
3171 3318 3568 3373 duodenarium
3605 3333 3707 3372 nu-

2121 3427 2332 3467 merum
2379 3411 2652 3481 implevit;
2703 3411 2758 3464 in
2803 3426 2914 3479 quo
2952 3423 3136 3465 semen
3177 3409 3318 3464 inest
3343 3424 3557 3472 eorum,
3588 3424 3719 3479 quae

2118 3517 2244 3556 cum
2287 3501 2382 3555 illo
2411 3508 2528 3555 sata
2563 3500 2768 3569 pariter
2796 3507 2850 3553 et
2887 3496 3294 3553 descenderunt
3341 3504 3397 3551 et
3441 3494 3709 3550 ascende-

2119 3601 2266 3645 runt.
2296 3589 2474 3661 ipsam
2509 3605 2640 3645 vero
2672 3589 2949 3658 delapsam
2980 3605 3012 3642 e
3040 3589 3183 3642 cmlo
3208 3586 3474 3642 Virtutem
3521 3602 3708 3642 semen

2118 3683 2302 3738 Patris
2331 3681 2521 3736 definit
2555 3695 2702 3740 esse.
2735 3679 2882 3750 quod
2917 3679 2972 3732 in
3013 3693 3073 3732 se
3101 3676 3317 3732 Patrem
3370 3691 3436 3729 ac
3479 3674 3707 3739 Filium,

2118 3790 2351 3844 eamque
2405 3773 2560 3844 Siges
2619 3772 2932 3832 Virtutem,
2987 3787 3109 3841 quae
3164 3786 3261 3839 per
3313 3769 3437 3825 illos
3490 3769 3708 3838 cognita

2119 3866 2343 3920 nomine
2379 3875 2530 3919 caret
2561 3865 2733 3925 omni,
2771 3879 2835 3917 ac
2874 3863 3115 3932 reliquos
3150 3860 3357 3916 IEoncs
3385 3860 3710 3929 complecti-

2118 3964 2227 4008 tur.
2251 3953 2519 4024 Huncque
2544 3953 2810 4022 Spiritum
2834 3967 2958 4007 esse
2989 3958 3265 4014 sanctum,
3283 3949 3376 4019 qui
3397 3964 3493 4018 per
3519 3947 3719 4003 Jesum.

2120 4047 2358 4110 locutus,
2391 4060 2514 4099 cum
2540 4060 2715 4114 eoque
2741 4043 3075 4113 conjunctus
3106 4051 3212 4098 est.
3247 4039 3368 4096 Jam
3401 4055 3533 4095 vero
3559 4054 3712 4094 mor-

2117 4145 2249 4202 tem,
2277 4139 2475 4207 inquit,
2506 4138 2757 4191 Salvator
2780 4150 2848 4189 ex
2885 4135 2976 4187 illa
3010 4133 3354 4203 providentia
3387 4142 3550 4186 natus
3584 4147 3708 4187 sus-

2117 4231 2278 4294 tulit,
2327 4228 2719 4298 Christumque
2769 4225 2987 4280 Patrem
3049 4225 3363 4278 hominibus
3428 4222 3706 4294 patefecit.

2117 4321 2299 4377 Jesum
2350 4323 2536 4391 itaque
2585 4335 2786 4376 nomen
2834 4318 2956 4387 ejus
2981 4334 3105 4374 esse
3145 4318 3425 4387 proprium
3469 4316 3722 4370 hominis

2118 4413 2333 4476 statuit,
2372 4427 2534 4481 quem
2573 4409 2870 4480 singularis
2915 4409 3006 4463 illa
3056 4409 3395 4479 providentia
3429 4407 3715 4472 submisit,
3757 4394 3777 4408 κ

420 4507 512 4560 τὸν
550 4505 758 4575 Ἰησοῦν
783 4504 954 4574 ὄνομα
986 4503 1084 4573 μὲν
1115 4502 1206 4556 τοῦ
1236 4505 1298 4555 ἐκ
1328 4503 1429 4571 τῆς
1451 4501 1762 4570 οἰκονομίας
1796 4498 2009 4571 ἀνθρώ-

2118 4500 2212 4556 sed
2242 4503 2310 4554 ad
2339 4501 2566 4555 alterius
2587 4499 2997 4556 similitudinem
3014 4513 3077 4552 ac
3095 4497 3582 4566 conﬁgurationem
3608 4497 3715 4550 im-

423 4615 523 4652 που
545 4598 715 4665 λέγει,
743 4595 1015 4650 τεθεῖσθαι
1043 4594 1098 4648 δὲ
1132 4597 1211 4657 εἰς
1239 4593 1578 4664 ἐξομοίωσιν,
1604 4593 1696 4645 καὶ
1730 4592 2011 4663 μόρφωσιν

419 4689 514 4743 τοῦ
543 4689 829 4761 μέλλοντος
855 4689 935 4750 είς
961 4687 1122 4740 αὐτὸν
1152 4685 1513 4756 κατέρχεσθαι
1559 4685 1896 4755 Ἀνθρώπου,
1918 4685 2010 4739 τὸν

419 4782 747 4853 χωρήσαντα
777 4780 960 4833 αὐτόν.
1006 4779 1330 4850 Ἐσχηκέναι
1366 4778 1424 4831 δέ
1460 4777 1624 4830 αὐτόν
1654 4778 1676 4808 ⁸
1698 4794 1758 4829 τε
1796 4777 1888 4829 τὸν
1916 4776 2004 4830 dv-

490 4938 506 4969 ¹
543 4935 682 4990 lren.
716 4934 934 5005 ὁδηγοῦ.
1012 4936 1032 4965 ³
1060 4933 1201 4989 iren.
1246 4933 1522 5001 ’Υᾷίστοω
1600 4932 1621 4963 ³
1654 4949 1745 5000 γρ.
1776 4931 1870 4985 τοῦ
1911 4931 2178 5003 στόματος
2205 4931 2300 4984 τοῦ
2338 4930 2533 5004 Ἰησοῦ.

419 5027 509 5062 ναι
537 5006 698 5060 αὐτόν
730 5022 791 5057 τε
822 5023 874 5057 τ.

491 5125 607 5196 (25)
641 5117 931 5196 ΔἨτιςυτῷ
959 5116 1127 5196 *δέκα
1199 5115 1646 5196 οςυμπλεξιεῖσα.
1705 5113 2006 5196 Perperam

417 5185 510 5250 hic
550 5193 654 5262 legi
687 5192 777 5243 τὸν
817 5187 1023 5262 Ἰησοῦν
1056 5187 1378 5262 άπεκύησε,
1417 5185 1606 5262 Billius
1639 5186 1923 5262 adnotat:
1951 5195 2006 5262 et

419 5283 519 5337 pro
567 5256 812 5337 Lixxvm
833 5299 848 5322 ,
878 5256 1025 5328 quod
1056 5256 1226 5312 Vetus
1258 5258 1528 5322 interpres
1566 5256 1796 5337 habebat
1823 5296 1837 5320 ,
1877 5257 2006 5325 legit

420 5327 586 5395 ivm,
618 5332 746 5402 quia
775 5347 821 5402 rx
862 5327 918 5385 et
950 5345 1042 5402 vui
1089 5345 1198 5383 non
1229 5342 1514 5402 _I.xxxvm,
1563 5327 1659 5402 sed
1701 5341 1835 5402 X_Vl|l
1878 5342 2007 5395 pro-

419 5396 649 5459 «τι-εδει]
680 5401 786 5456 Sed
833 5401 1184 5468 castigatiora
1229 5397 1412 5449 lremei
1445 5396 1813 5468 exemplaria,
1864 5405 1923 5468 et
1975 5411 2004 5448 a

420 5473 790 5531 Feuardeutio
816 5464 1068 5524 restituta
1095 5481 1471 5523 occcuxxvnt
1505 5465 1724 5518 habent.
1775 5464 1876 5531 Qui
1906 5482 2009 5518 nu-

422 5559 610 5599 merus
639 5543 710 5596 ab
741 5559 835 5595 νιιι
881 5540 1126 5610 gignitur
1173 5541 1257 5593 bis
1290 5551 1386 5610 per
1432 5535 1668 5589 decadas
1716 5533 2010 5610 ducto,qac

421 5617 588 5669 tertio
629 5613 860 5680 repetito
878 5607 906 5676 ;’
925 5607 1070 5663 hunc
1098 5611 1153 5663 in
1180 5607 1420 5680 ‘modum
1455 5621 1468 5655 :
1505 5621 1601 5657 vui
1636 5620 1729 5680 pe‘r
1756 5621 1788 5657 x
1819 5607 2008 5658 multi-

424 5687 661 5758 plicatus
692 5673 835 5736 lxxx
871 5673 1142 5758 producit.
1175 5677 1290 5732 Duc
1323 5694 1371 5758 ις.
1398 5679 1649 5758 ιιι-,ωηεν⁹
1673 5673 1821 5758 [ὶιιηι
1846 5691 2008 5757 neco;

429 5745 570 5810 adde
607 5745 891 5823 postremo
916 5752 1098 5823 ipsum
1118 5767 1236 5813 vut,
1269 5745 1816 5823 collectisomnibus,
1843 5746 2013 5823 nasci-

429 5836 519 5882 tur
555 5817 974 5890 nc'ccuxxvur,
1009 5821 1103 5892 qui
1147 5831 1409 5876 numerus
1441 5817 1496 5871 in
1526 5817 1723 5871 litteris
1772 5817 2011 5871 nominis

2117 4597 2355 4667 positum
2387 4611 2526 4657 esse,
2551 4595 2645 4665 qui
2673 4594 2726 4648 in
2758 4595 2938 4664 ipsum
2963 4601 3084 4648 erat
3104 4590 3399 4662 aliquando
3425 4591 3703 4660 lapsurus.

2117 4687 2290 4754 Quem
2321 4704 2445 4742 cum
2477 4688 2818 4757 excepisset,
2861 4701 2968 4740 una
3001 4694 3056 4740 et
3093 4684 3369 4738 hominem
3403 4683 3583 4752 ipsum
3604 4719 3620 4744 ,
3651 4687 3719 4736 et

2122 4775 2383 4837 Verbum,
2412 4792 2477 4830 ac
2505 4774 2744 4840 Patrem,
2776 4783 2829 4829 et
2855 4774 3170 4838 Arrhetum,
3198 4787 3262 4827 ac
3293 4772 3476 4842 Sigea,
3501 4769 3688 4826 Verita

2622 4934 2643 4962 ⁸
2674 4931 2816 4985 iren.
2848 4931 2906 4983 ὃν
2927 4931 3254 5001 χωρήσαντα
3280 4928 3442 4982 αὐτὸν
3475 4924 3697 4999 ἐσχηκέ-

2125 5113 2336 5185 Ἰησοῦς
2363 5114 2884 5185 eotnprchcnditur._
2921 5113 3101 5185 Quare
3138 5113 3278 5185 idem
3307 5120 3390 5185 est
3422 5114 3702 5185 ᾀπεκύησε

2110 5182 2201 5236 τὸν
2238 5184 2478 5256 Ἰησοῦν,
2522 5193 2683 5256 atque
2715 5183 2994 5256 ἁπεκῦησε
3039 5182 3131 5235 τὸν
3167 5184 3225 5256 ii
3247 5222 3261 5244 ,
3305 5183 3382 5245 Π,
3416 5183 3507 5256 Ω,
3529 5182 3705 5256 neque

2111 5252 2433 5309 mutandum
2469 5255 2521 5307 in
2548 5252 2737 5308 Graeco
2769 5252 3069 5322 quidquam
3098 5252 3420 5316 arbitrarer,
3457 5254 3565 5309 nisi
3597 5253 3702 5311 Ve-

2115 5335 2202 5379 tus
2237 5325 2506 5392 interpres
2538 5325 2695 5377 aliter
2725 5326 2966 5393 legisset.

2187 5395 2296 5463 ('26)
2337 5391 2444 5447 Καί
2484 5394 2616 5459 υίὸς
2655 5391 2912 5461 Χριάτὸς
2935 5435 2949 5456 ,
2983 5393 3298 5445 τουτέστιν
3344 5392 3380 5458 ἡ
3411 5391 3698 5457 δωδεκὰς.

2117 5465 2271 5531 Quod
2306 5466 2433 5527 Υἱός
2462 5468 2746 5534 quaternis
2776 5466 2974 5517 litteris
2999 5471 3250 5534 constet,
3283 5463 3531 5534 expedita
3559 5465 3699 5517 ratio

2115 5546 2219 5590 est.
2252 5532 2492 5606 Χριστός
2519 5542 2698 5606 autem
2727 5576 2740 5596 ,
2761 5534 2886 5606 inisi
2928 5532 3163 5606 Χριστός
3181 5532 3433 5606 scribas,
3469 5549 3700 5606 Virom-

2118 5606 2252 5659 nino
2278 5603 2540 5659 cotttinet.
2573 5604 2716 5658 Sane
2746 5603 3026 5658 Christum
3061 5603 3306 5670 plerique
3337 5618 3367 5656 e
3397 5603 3696 5672 gentilibus

2118 5673 2796 5745 appellavereChrestum.

2210 5744 2300 5813 ‘27)
2345 5745 2421 5799 Τὸ
2455 5744 2522 5796 δὲ
2549 5745 2802 5813 Χριστὸς
2839 5740 3005 5814 ὀκτώ.
3047 5738 3280 5814 Proinde
3307 5739 3542 5814 Χριστός
3585 5741 3697 5814 leg.

2119 5811 2254 5871 Nam
2284 5811 2335 5871 et
2367 5811 2654 5872 Chrestu'tn
2691 5816 2912 5886 quidam
2944 5811 3223 5868 Christum
3255 5811 3614 5881 appellarunt.
