4156 6358
479 339 584 397 603

1907 345 1968 405 5.
2009 345 2348 404 manu

3658 341 3766 401 603

478 463 586 514 tem
640 459 800 528 item,
849 471 903 517 et
959 461 1298 532 Ecclesiam,
1364 464 1658 537 Vitamque
1713 467 2055 538 comprehen

2183 468 2422 539 Θρωπον,
2473 466 2634 520 αὐτόν
2667 482 2726 519 τε
2769 465 2860 518 τὸν
2892 465 3086 534 Λόγον,
3134 462 3228 517 καὶ
3274 461 3364 515 τὸν
3399 459 3642 528 Πατέρα,
3671 459 3766 513 καὶ

478 554 646 606 disse.

549 732 640 788 XI.
686 733 816 801 Qua:
857 751 1050 792 omnes
1101 738 1318 791 illorum
1368 737 1566 792 fabula:
1605 738 1877 807 ejusmodi
1919 748 2068 801 sunt.

482 837 541 879 ut
577 827 643 881 iis
673 826 1029 898 deplorandis
1062 831 1270 883 nullum
1302 829 1404 882 heu
1436 832 1448 883 !
1485 831 1623 884 heu!
1660 831 1741 884 vel
1776 832 1941 900 proli!
1977 849 2072 886 ne-

480 935 586 989 que
629 920 740 973 ulla
785 937 1012 990 prorsus
1056 923 1260 991 tragica
1308 938 1411 976 vox
1449 938 1514 976 ac
1547 924 1864 976 lamentatio
1900 929 2074 993 possit

480 1014 749 1068 sitdicere.
777 1014 912 1079 Quis
935 1015 1079 1069 enim
1123 1031 1230 1068 non
1263 1016 1454 1068 taliqu
1487 1016 1898 1070 mendaciorum
1931 1018 2069 1070 infe-

481 1107 637 1160 licem
685 1108 950 1161 artiﬁcem
1001 1108 1202 1169 oderit,
1249 1123 1372 1160 cmn
1439 1106 1735 1162 Veritatem
1787 1107 1960 1176 ipsam
2014 1111 2068 1162 in

477 1199 642 1254 inane
680 1199 1037 1252 simulacrum
1079 1214 1110 1253 a
1147 1199 1330 1252 Marco
1365 1200 1723 1254 deformatam
1764 1201 1976 1268 videat;
2019 1211 2072 1256 et

478 1289 625 1357 quod
709 1291 929 1359 gravius
993 1297 1114 1353 est,
1190 1291 1463 1360 alphalieli
1537 1293 1731 1346 litteris
1806 1299 2066 1363 tanquam

477 1379 827 1448 stigmatibus
883 1380 1120 1433 inustam
1167 1398 1181 1434 :
1236 1387 1294 1432 ut
1347 1381 1491 1449 quod
1555 1398 1730 1452 nuper
1773 1382 2066 1436 admodum

476 1478 642 1538 atque
674 1471 812 1532 lteri,
847 1478 906 1524 ut
936 1471 1110 1532 aiunt,
1136 1481 1190 1525 et
1223 1472 1626 1527 nudiustertius
1655 1474 1876 1536 accidit,
1909 1475 2065 1544 quasi

471 1561 583 1629 jam
612 1571 726 1616 tum
760 1565 889 1619 olim
915 1565 1239 1628 exstitisset,
1270 1567 1553 1622 venditare
1579 1567 1870 1622 studuerit;
1893 1569 2066 1623 (irasci

473 1654 693 1724 quidem
730 1671 821 1708 xv:
865 1671 895 1708 a
939 1657 1146 1710 L’adtno
1178 1657 1389 1712 litteras
1424 1659 1662 1727 primum
1696 1662 1977 1730 accepisse
2007 1678 2066 1717 se

473 1754 817 1810 memorant;
862 1755 975 1800 tum
1017 1763 1046 1799 a
1089 1764 1146 1802 se
1197 1751 1676 1819 progredientibus
1726 1753 2064 1820 temporibus

2174 561 2269 612 τὸν
2303 559 2595 629 Ἀρῤητον,
2631 558 2725 611 καὶ
2747 557 2846 628 τὴν
2876 556 3061 628 Σιγὴν,
3080 555 3173 609 καὶ
3202 553 3300 624 τὴν
3346 551 3646 622 Ἀλήθειαν.
3672 549 3764 602 καὶ

2192 650 2541 720 Ἐκκλησίαν,
2582 649 2678 704 καὶ
2707 651 2878 720 Ζωήν.

2254 739 2352 792 IA'.
2390 738 2574 792 Ταῦτα
2601 738 2666 809 δὴ
2697 739 2838 809 ὑπὲρ
2865 739 2926 791 τὸ
2959 737 3066 792 leti!
3101 738 3194 790 καὶ
3234 736 3296 790 τὸ
3329 735 3467 805 cpt-:6!
3495 735 3589 788 καὶ
3625 733 3763 802 ὑπὲρ

2177 831 2236 882 τὸ
2262 831 2442 882 πᾶσαν
2479 829 2746 900 τραγικὴν
2794 829 3036 898 φώνησιν
3056 830 3070 858 ¹
3103 827 3195 880 καὶ
3226 825 3588 896 σχετλιασμόν
3623 826 3758 875 ἐστι.

2179 923 2273 985 Τίς
2299 922 2408 993 γάρ
2433 922 2532 974 οὐκ
2557 921 2622 974 ἂν
2664 923 2913 992 μισήσειε
2939 921 3046 972 τῶν
3075 919 3406 989 τηλικούτων
3429 917 3759 986 ψευσμάτων

2176 1013 2572 1067 κακοσύνθετον
2596 1013 2848 1084 ποιητὴν,
2879 1012 2976 1083 τὴν
3001 1013 3098 1084 μὲν
3145 1011 3423 1083 Ἀλήθειαν
3445 1009 3588 1081 ὁρῶν
3619 1008 3760 1061 εἰδω-

2175 1103 2264 1156 λον
2299 1103 2403 1156 ὑπὸ
2434 1105 2660 1174 Μάρκου
2683 1105 2998 1172 γεγονυῖαν,
3030 1103 3124 1156 καὶ
3152 1103 3307 1155 τοῦτο
3333 1103 3444 1165 τοῖς
3467 1099 3559 1153 τοῦ
3589 1101 3757 1168 ἀλεξα-

2175 1195 2341 1264 6ήτου
2379 1195 2670 1264 γράμμασι
2708 1193 3140 1262 κατεστιγμένην
3165 1189 3362 1244 νεωστὶ
3390 1187 3524 1257 πρὸς
3565 1187 3628 1239 τὸ
3663 1187 3754 1238 ἀπ’

2173 1288 2349 1358 ἀρχῆς
2382 1287 2516 1355 (‘28),
2543 1286 2604 1338 τὸ
2631 1287 2693 1357 δὴ
2717 1285 3008 1354 λεγόμενον
3037 1283 3161 1354 χθὲς
3192 1283 3284 1335 καὶ
3310 1279 3528 1353 πρώην;
3563 1278 3756 1347 Ἐλλη-

2172 1396 2259 1441 νες
2281 1376 2632 1447 ὁμολογοῦσιν
2658 1377 2766 1430 ἀπὸ
2783 1376 3002 1446 Κάδμου
3025 1373 3236 1444 πρῶτον
3259 1369 3319 1436 ἓξ
3344 1371 3438 1424 καὶ
3453 1369 3586 1422 δέκα
3615 1384 3755 1438 παρ·

2169 1473 2486 1544 ειληξρέναι·
2546 1467 2666 1526 εἶτα
2707 1470 3001 1542 μετέπειτα
3051 1465 3452 1538 προϐαινόντων
3485 1462 3593 1515 τῶν
3627 1461 3754 1530 χρό-

2170 1585 2276 1621 νων
2308 1566 2462 1620 αὐτοὶ
2486 1565 2842 1638 ἐξευρηκέναι
2869 1563 2999 1617 ποτὲ
3032 1562 3128 1631 μὲν
3150 1559 3218 1612 τά
3243 1557 3431 1616 δασέα,
3459 1555 3586 1608 ποτὲ
3610 1555 3666 1607 δὲ
3687 1554 3755 1607 τὰ

2169 1659 2354 1712 διπλᾶ.
2383 1661 2652 1728 Ἕηατον
2682 1657 2739 1710 δὲ
2771 1656 2988 1708 πάντων
3022 1649 3355 1721 Παλαμήδην
3392 1647 3524 1716 φασὶ
3547 1646 3614 1698 τὰ
3652 1662 3754 1715 μα-

2171 1752 2277 1822 κρὰ
2305 1761 2326 1790 ³
2351 1751 2558 1813 τούτοις
2605 1746 3072 1820 προστεθεικέναι.
3108 1741 3221 1814 Πρὸ
3259 1740 3353 1792 τοῦ
3399 1734 3492 1791 οὖν
3527 1736 3752 1806 Ἕλλησι

474 1839 611 1894 alias
645 1839 940 1908 aspiratas,
971 1841 1108 1895 alias
1138 1842 1385 1912 duplices
1423 1843 1688 1897 inventas.
1725 1843 2007 1899 Postremo
2033 1863 2055 1899 a

2165 1843 2335 1896 ταῦτα
2368 1840 2642 1910 γενέσθαι,
2684 1841 2783 1892 οὐκ
2811 1835 2878 1908 ἦν
2916 1837 3185 1906 Ἀλήθεια.
3221 1833 3296 1886 Τὸ
3322 1832 3434 1903 γὰρ
3465 1831 3624 1900 σῶμα
3654 1830 3751 1888 αὑ·-

466 1929 761 1986 Palamede
825 1933 1062 2003 majores
1123 1935 1430 2004 adjunctas.
1503 1936 1683 2002 Quare
1740 1939 2060 2008 priusquam

469 2021 676 2077 Cnecis
701 2023 789 2077 illa
835 2026 1203 2091 traderentur,
1249 2043 1518 2096 nusquam
1564 2028 1776 2084 Veritas
1805 2047 1926 2085 esse
1965 2049 2061 2102 po-

469 2116 596 2168 tuit.
627 2116 843 2186 Corpus
877 2118 1021 2171 cuitu
1060 2119 1255 2187 ipsius,
1286 2129 1344 2172 ut
1370 2119 1471 2181 ais,
1499 2119 1698 2188 Marce,
1723 2121 1929 2175 Cadmo
1953 2130 2058 2188 est,

468 2211 646 2281 iisque
669 2212 761 2279 qui
795 2211 945 2264 illum
978 2220 1395 2268 antecesserunt
1424 2214 1720 2278 recentius,
1741 2216 2062 2286 cazterisque

468 2305 604 2357 adeo
619 2305 710 2372 qui
729 2291 994 2359 elementa
1010 2306 1218 2374 reliqua
1234 2316 1578 2375 repererunt,
1595 2321 1658 2361 ac
1673 2315 1724 2362 te
1735 2308 1899 2362 etiam
1919 2309 2055 2378 ipso.

467 2394 629 2466 245
659 2395 738 2450 Τυ
767 2399 911 2450 enim
937 2399 1086 2452 solus
1111 2414 1252 2462 eam,
1272 2414 1436 2466 quam
1467 2397 1764 2453 Veritatem
1795 2399 2055 2469 appellas,

469 2485 654 2539 nescio
706 2487 853 2556 quod
916 2488 969 2540 in
1031 2487 1391 2542 simulacrum
1447 2487 1757 2542 detraxisti.
1818 2487 2056 2558 Ecquem

467 2592 597 2632 vero
641 2587 804 2649 putas
850 2589 999 2633 tuam
1050 2581 1200 2634 illam
1245 2597 1421 2650 usque
1465 2597 1530 2636 eo
1567 2582 1852 2651 loquacem
1895 2581 2058 2652 Sigen

465 2686 628 2737 posse
674 2673 969 2737 sustinere,
1017 2689 1138 2744 quae
1183 2689 1306 2728 eum
1352 2675 1620 2738 nominet,
1654 2674 1747 2743 qui
1781 2675 2055 2728 nominari

466 2773 720 2832 nequeat,
751 2770 804 2818 et
834 2763 1273 2834 inexplicabilem
1329 2765 1582 2833 explicet,
1641 2772 1695 2819 et
1747 2765 1838 2834 qui
1893 2768 2058 2822 nullis

468 2855 714 2923 vestigiis
762 2854 1096 2924 deprehendi
1140 2864 1339 2925 potest,
1391 2857 1713 2927 investiget?
1739 2857 1878 2922 Quid
1913 2858 2056 2928 quod

463 2949 744 3019 aperuisse
777 2948 913 3003 dicit
943 2964 1006 3004 os
1035 2949 1206 3014 illum,
1235 2966 1394 3019 quem
1425 2960 1479 3004 tu
1517 2951 1699 3006 omnis
1725 2958 1779 3006 et
1810 2952 2058 3022 corporis

460 3050 762 3112 expertem,
813 3049 868 3096 et
920 3039 1103 3112 ﬁgura:
1156 3043 1450 3111 prazdieas;
1492 3059 1919 3114 sermonemque
1976 3045 2056 3099 sie

461 3141 722 3202 tanquam
775 3134 1136 3202 compositum
1186 3134 1480 3204 quodpiam
1531 3137 1734 3189 animal
1773 3136 2054 3191 edidisse?

459 3226 632 3291 Quem
660 3228 824 3282 etiam
862 3225 1181 3281 Sermonem
1218 3229 1361 3296 ejus,
1399 3243 1429 3280 a
1462 3244 1574 3297 quo
1608 3228 1910 3299 productus
1940 3238 2046 3294 est,
2077 3210 2125 3273 (ἶ

461 3321 715 3383 similem,
750 3319 1088 3391 eﬂigiemque
1126 3336 1227 3375 nec
1258 3322 1609 3391 aspectabilis
1651 3321 1903 3376 Parentis
1941 3323 2050 3377 ele-

2165 1933 2264 2002 τῆς
2312 1933 2453 1985 κατὰ
2504 1932 2583 1996 σὲ,
2625 1931 2840 2002 Μάρκε,
2890 1925 3344 2000 μεταγενέστερον
3392 1923 3490 1992 μὲν
3525 1921 3750 1990 Κάδμου

2165 2024 2258 2076 καὶ
2292 2024 2398 2076 τῶν
2429 2023 2534 2094 πρὸ
2562 2021 2749 2086 αὑτοῦ,
2780 2019 3236 2091 μεταγενέστερον
3269 2015 3325 2068 δὲ
3354 2013 3460 2066 τῶν
3491 2015 3560 2066 τά
3589 2011 3752 2065 λοιπὰ

2165 2116 2627 2188 προστεθεικότων
2652 2115 2908 2184 στοιχεῖα,
2935 2110 3395 2183 μεταγενέστερον
3428 2106 3484 2159 δὲ
3509 2107 3603 2159 καὶ
3629 2122 3752 2165 σαυ-

2162 2209 2277 2261 τοῦ.
2320 2210 2391 2262 Συ
2444 2208 2552 2280 γὰρ
2607 2208 2768 2278 μόνον
2821 2203 3040 2258 εἴδωλον
3075 2204 3094 2234 ³
3133 2204 3447 2274 κατήγαγες
3499 2199 3598 2269 τὴν
3648 2197 3752 2250 ὑπὸ

2165 2299 2258 2353 σοῦ
2311 2301 2611 2369 λεγομένην
2665 2297 2968 2370 Ἀλήθειαν.
3003 2297 3100 2358 Τίς
3138 2295 3182 2348 δ’
3213 2293 3462 2361 ἀνέξεταί
3516 2309 3606 2344 σου
3651 2291 3751 2360 τὴν

2162 2394 2395 2447 τοσαῦτα
2434 2393 2778 2464 φλυαροῦσαν
2827 2390 3013 2460 Σιγὴν,
3044 2390 3077 2459 ἦ
3121 2389 3210 2441 τὸν
3241 2387 3604 2455 ἀνονόμαστον
3636 2384 3751 2435 ὀνο-

2166 2485 2347 2555 μάζει,
2377 2487 2470 2538 καὶ
2507 2485 2596 2537 τὸν
2635 2484 2873 2555 ἄρρητον
2903 2481 3196 2551 ἐξηγεῖται,
3222 2479 3318 2532 καὶ
3334 2478 3422 2531 τὸν
3453 2476 3749 2547 ἀνεξιχνίαρ

2164 2597 2286 2632 στον
2347 2579 2645 2650 ἐξιστορεῖ;
2706 2579 2815 2630 Καὶ
2878 2575 3153 2646 ⁴ὴνοιχέναι
3218 2573 3279 2626 τὸ
3343 2571 3516 2642 στόμα
3585 2568 3750 2640 φησὶν

2162 2674 2290 2725 αὐτὸ
2316 2673 2358 2734 ⁸,
2403 2674 2462 2726 ὃν
2500 2672 2790 2742 ἀσώματον
2833 2671 2926 2723 καὶ
2966 2669 3202 2723 ἀνείδεον
3240 2668 3450 2735 λέγεις’
3486 2666 3580 2718 καὶ
3617 2679 3754 2735 προ-

2161 2767 2485 2832 ενέγκασθαι
2513 2765 2687 2833 λόγον,
2717 2765 2792 2827 ὼς
2829 2763 2888 2815 ἓν
2917 2780 2965 2814 τι
2997 2762 3104 2814 τῶν
3133 2761 3404 2814 συνθέτων
3442 2759 3625 2826 ζώων·
3661 2759 3752 2810 τόν

2159 2875 2218 2910 τε
2250 2858 2405 2925 λόγον
2444 2855 2605 2908 αὑτοῦ
2641 2856 2825 2926 ὅμοιον
2851 2855 2980 2907 ὄντα
3013 2853 3090 2924 τῷ
3118 2851 3464 2924 προϐαλόντι,
3499 2851 3592 2902 καὶ
3617 2865 3750 2918 μορ-

2161 2952 2268 3022 φὴν
2305 2950 2399 3003 τοῦ
2431 2951 2660 3021 ἀοράτου
2688 2949 2969 3018 γεγονότα,
3002 2949 3279 3018 στοιχείων
3308 2947 3404 3017 μὲν
3438 2941 3575 2998 εἶναι
3599 2943 3751 3014 τριά-

2161 3062 2347 3107 κοντα,
2383 3043 2662 3096 συλλαϐῶν
2697 3043 2753 3096 δὲ
2782 3043 3101 3114 τεσσάρων;
3137 3041 3332 3093 Ἔσται
3359 3034 3450 3092 οὖν
3485 3037 3625 3090 κατὰ
3653 3035 3750 3104 τὴν

2158 3139 2450 3208 ὁμοιότητα
2498 3136 2593 3189 τοῦ
2631 3137 2802 3204 Λόγου
2834 3137 2862 3188 ό
2893 3135 3083 3206 Πατὴρ
3128 3134 3236 3186 τῶν
3279 3132 3520 3194 πάντων,
3556 3129 3630 3192 ὡς
3684 3128 3748 3180 σὺ

2157 3231 2287 3302 φῂς,
2327 3229 2606 3299 στοιχείων
2667 3229 2767 3299 μὲν
2820 3228 3136 3299 τριάκοντα,
3196 3224 3475 3279 συλλαϐῶν
3529 3221 3584 3274 δὲ
3633 3237 3752 3273 τεσ-

2160 3325 2362 3394 σάρων.

461 3423 764 3466 mentorum
793 3414 1035 3482 triginta,
1065 3413 1394 3486 syllabarum
1421 3422 1656 3484 quatuor
1678 3429 1802 3468 esse
1827 3413 2036 3467 docuit.
2078 3413 2445 3480 Quamobrem
2476 3413 2858 3468 universorum
2896 3425 3094 3480 parens
3123 3409 3232 3473 ille,
3262 3404 3489 3478 perinde
3522 3419 3584 3459 ac
3622 3402 3750 3456 Scr-

460 3519 571 3566 mo,
604 3512 664 3557 ιιι
709 3506 932 3567 asseris,
983 3505 1212 3560 tricenis
1257 3505 1543 3560 elementis
1596 3518 1661 3558 ac
1700 3504 1924 3573 syllabis
1956 3515 2190 3573 quatuor
2215 3504 2511 3558 constabit.

529 3596 667 3662 Quis
717 3596 849 3650 illud
902 3613 1030 3652 vero
1082 3598 1352 3667 patienter
1412 3597 1583 3663 ferat,
1635 3599 1694 3651 in
1739 3597 1942 3668 ﬁguras
1989 3615 2055 3652 ac

461 3702 740 3752 numeros,
787 3689 922 3744 alias
963 3689 1210 3760 triginta,
1261 3690 1400 3744 alias
1447 3705 1611 3753 xxtv,
1658 3704 2055 3758 nonnunquam

460 3793 550 3844 vt,
595 3779 934 3834 conditorem
979 3780 1259 3843 omnium,
1309 3787 1364 3834 et
1405 3780 1667 3834 artiﬁcem
1762 3780 2055 3835 fabricato-

461 3887 685 3940 remque
719 3869 811 3926 Dei
868 3872 1186 3926 Sermonem
1215 3871 1253 3924 'a
1301 3882 1354 3926 te
1383 3873 1684 3936 redactum,
1725 3882 1888 3942 atqtte
1909 3889 2058 3928 con-

457 3962 744 4027 strictum;
785 3963 914 4016 dum
959 3963 1103 4016 ltunc
1153 3963 1203 4014 in
1247 3962 1484 4033 syllabas
1529 3979 1617 4025 IV,
1664 3963 1885 4031 triginta
1923 3980 2052 4017 vero

455 4056 722 4110 elementa
761 4055 1042 4111 concidis?
1070 4055 1173 4120 Qui
1215 4055 1504 4108 Dominmn
1555 4056 1838 4120 omnium,
1875 4073 1905 4110 a
1941 4074 2051 4126 quo

455 4149 708 4204 ccelestes
755 4149 832 4202 illi
879 4149 1040 4203 orbes
1084 4149 1294 4202 fundati
1350 4157 1515 4211 sunt,
1566 4149 1622 4202 in
1669 4164 2048 4204 occcuxxvm

456 4257 743 4296 numerum
787 4241 1042 4306 includis,
1077 4241 1237 4311 quasi
1281 4241 1516 4295 similem
1562 4242 1835 4312 alpltabeti
1881 4252 2043 4297 natu-

455 4349 571 4386 ram
601 4333 866 4387 obtineat.
899 4331 1002 4399 Qui
1035 4349 1310 4388 summum
1343 4333 1651 4402 Parentem,
1684 4352 1714 4388 a
1747 4352 1856 4406 quo
1890 4353 2043 4391 com-

457 4427 873 4495 prehenduntur
918 4425 1100 4479 omnia
1145 4441 1271 4480 cum
1321 4441 1349 4478 a
1385 4427 1602 4482 nemine
1643 4427 1760 4498 ipse
1793 4444 2042 4498 compre-

456 4520 746 4581 bendatur,
795 4517 848 4570 in
885 4518 1172 4580 tetradetn,
1205 4519 1529 4588 ogdoadem,
1576 4519 1834 4574 decadem
1873 4519 2042 4575 dode-

451 4609 751 4678 eademque
784 4609 1100 4679 distinguis.
1135 4609 1350 4679 Quique
1389 4610 1489 4664 bac
1534 4611 1931 4680 multiplicandi
1975 4611 2040 4664 Ii-

452 4698 630 4752 eentia
667 4698 771 4752 hoc
801 4699 1001 4768 ipsum,
1039 4701 1186 4770 quod
1224 4701 1280 4754 in
1308 4700 1469 4757 Patre
1497 4718 1599 4756 nec
1630 4704 1891 4772 explicari
1921 4721 2040 4760 ver-

453 4789 557 4856 bis,
596 4805 696 4845 nec
739 4792 923 4845 animo
972 4793 1182 4862 concipi
1239 4808 1402 4862 posse
1453 4795 1736 4864 praedicas,
1791 4796 2039 4852 oratione

454 4881 736 4946 declaras;
769 4890 826 4937 et
861 4900 1021 4954 quem
1055 4887 1303 4954 corporis
1331 4897 1649 4957 naturasque
1685 4887 1822 4943 facis
1849 4906 2042 4959 exper-

454 4982 599 5038 tem,
637 4975 757 5044 ejus
795 4983 850 5028 et
893 4983 1146 5028 naturam
1183 4985 1235 5030 et
1281 4979 1644 5033 substantiam
1679 4982 1929 5051 pluribus
1973 5000 2038 5036 ex

453 5065 632 5128 lineis,
666 5082 899 5136 quarum
948 5067 1067 5121 alia:
1103 5084 1169 5122 ex
1224 5070 1346 5124 aliis
1385 5072 1701 5142 gignantur.
1753 5090 2040 5146 coagmen—

454 5159 558 5212 tari
603 5158 851 5227 disputas
887 5179 900 5214 :
935 5160 989 5214 in
1021 5176 1130 5230 quo
1181 5178 1450 5232 supremae
1494 5166 1712 5221 virtutis
1760 5168 1906 5222 illius
1939 5169 2038 5223 fal-

450 5251 732 5306 sissimum
775 5259 829 5306 te
872 5251 1147 5307 Daedalum
1203 5272 1267 5308 ac
1315 5257 1612 5325 pessimum
1651 5259 2036 5316 fabricaterem

449 5361 574 5399 esse
600 5355 1020 5402 commonstras.
1045 5346 1144 5414 Qui
1161 5349 1405 5404 eamdem
1427 5352 1698 5419 virtutem,
1719 5371 1882 5426 quam
1898 5356 2038 5410 indi-

524 5502 556 5581 ί.
577 5499 700 5581 For.
726 5495 1058 5581 ᾖκφῴνησιν.
1134 5508 1154 5536 ¹
1185 5525 1272 5577 πρ.
1311 5511 1502 5581 μικρά.

455 5571 569 5623 Καὶ
619 5572 781 5626 αὑτὸν
809 5571 902 5628 τὸν
939 5571 1117 5630 eam
1146 5571 1282 5651 χωρ.
1311 5571 1323 5581 ’
1360 5582 1380 5612 ³
1414 5571 1554 5637 lren.
1574 5586 1647 5642 τῆ
1673 5571 1882 5647 εούτόυ.

2229 3599 2302 3652 Ἢ
2337 3597 2496 3650 πάλιν
2527 3597 2609 3662 τίς
2636 3595 2885 3662 ἀνέξεταί
2948 3613 3040 3649 σου
3074 3596 3155 3658 εἰς
3197 3594 3453 3665 σχήματα
3485 3607 3581 3644 και
3619 3591 3743 3660 ἀρι-

2160 3690 2358 3761 Θμοίδς,
2394 3691 2526 3743 ποτὲ
2573 3691 2670 3761 μὲν
2703 3690 3016 3762 τριάκοντα,
3059 3688 3190 3742 ποτε
3210 3687 3269 3740 δὲ
3307 3687 3750 3753 εἰκοσιτέσσαρα,

2157 3783 2287 3834 ποτὲ
2316 3782 2370 3836 δὲ
2410 3782 2467 3848 ἓξ
2504 3783 2663 3852 μόνον
2716 3782 3090 3850 συγκλείοντος
3125 3780 3217 3834 τὸν
3242 3779 3351 3833 τῶν
3393 3778 3608 3832 πάντων
3642 3775 3752 3830 κτί-

2159 3890 2310 3944 στην,
2347 3873 2442 3926 καὶ
2478 3873 2834 3944 δημιουργὸν,
2876 3875 2970 3927 καὶ
3000 3872 3228 3944 ποιητὴν
3269 3872 3443 3940 Λόγον
3469 3870 3564 3923 τοῦ
3588 3868 3747 3934 Θεοῦ,

2157 3965 2725 4035 κατακερματίζοντος
2748 3966 2911 4019 αὐτὸν
2933 3968 3012 4030 είς
3040 3963 3310 4027 συλλαϐὰς
3333 3964 3431 4034 μὲν
3452 3963 3748 4034 τέσσαρας,

2157 4059 2399 4126 στοιχεῖα
2436 4057 2492 4110 δὲ
2529 4057 2846 4128 τριάκοντα,
2889 4059 2983 4112 καὶ
3029 4058 3119 4110 τὸν
3159 4058 3377 4111 πάντων
3419 4057 3626 4126 Κύριον
3658 4055 3750 4108 τὸν

2153 4148 2524 4220 ὲστερεωκότα
2565 4150 2695 4213 τοὺς
2749 4151 3014 4222 οὐρανοὺς
3068 4151 3147 4214 εἰς
3179 4151 3220 4202 Ω
3254 4151 3300 4202 Π
3333 4149 3394 4202 Η¹
3416 4149 3751 4217 κατάγοντος

2150 4239 2404 4311 ἀριθμὸν,
2451 4241 2651 4311 ὁμοίως
2703 4241 2779 4311 τῷ
2847 4241 3144 4314 ἀλφαϐήτῳ
3195 4242 3358 4295 αὐτὸν
3417 4242 3678 4310 γεγονότα
3702 4242 3748 4306 ⁵,

2155 4333 2334 4385 πάντα
2361 4332 2642 4403 χωροῦντα
2673 4335 2911 4405 Πατέρα,
2943 4334 3227 4406 ἀχὼρητον
3249 4335 3307 4388 δὲ
3329 4335 3646 4406 ὑπάρχοντα
3666 4335 3751 4398 εἰς

2150 4425 2406 4496 τετράδα,
2441 4427 2534 4478 καὶ
2555 4427 2804 4495 όγδοάδα,
2832 4427 2923 4480 καὶ
2953 4427 3172 4491 δεκάδα,
3198 4429 3290 4482 καὶ
3317 4427 3593 4482 δωδεκάδα
3615 4428 3751 4481 ὑποο

2153 4518 2506 4590 μερίζοντος;
2541 4521 2651 4574 Καὶ
2684 4521 2773 4574 διὰ
2804 4521 2912 4576 τῶν
2951 4522 3208 4576 τοιούτων
3241 4523 3748 4593 ⁸ττολυτιλςισιασμῶν

2149 4612 2210 4664 τὸ
2239 4611 2480 4683 ἄρρητον
2513 4613 2606 4666 καὶ
2650 4615 2991 4685 ἀνεννόητον,
3017 4615 3092 4678 ὡς
3125 4616 3189 4668 σὺ
3220 4617 3346 4685 φῂς,
3390 4613 3484 4668 τοῦ
3531 4615 3749 4686 Πατρὸς

2149 4705 2596 4777 ἐκδιηγουμένου,
2629 4707 2723 4760 καὶ
2753 4707 2811 4760 ὂν
2835 4709 3125 4778 ἀσώματον
3155 4709 3249 4762 καὶ
3275 4707 3526 4761 ἀνούσιον
3548 4709 3752 4778 ὀνομά-

2151 4800 2285 4864 ζεις,
2311 4801 2411 4869 τὴν
2437 4799 2629 4853 τούτου
2656 4800 2843 4854 οὐσίαν
2876 4802 2968 4854 καὶ
2997 4801 3096 4873 τὴν
3121 4801 3423 4856 ὑπόστασιν
3445 4803 3510 4854 ὲκ
3535 4801 3751 4856 πολλῶν

2151 4893 2497 4963 γραμμάτων
2538 4893 2740 4965 ἐτέρων
2791 4893 2852 4958 ἐξ
2907 4896 3110 4964 ἐτέρων
3163 4895 3527 4966 γεννωμένων
3575 4913 3748 4948 κατα-

2152 4984 2457 5048 σκευάζεις,
2490 4984 2653 5048 αὐτὸς
2684 4985 2941 5049 Δαίδαλος
2959 4985 3184 5058 ψευδὴς,
3216 4987 3312 5040 καὶ
3339 4985 3550 5040 τέκτων
3577 4987 3750 5052 κακὸς

2148 5077 2438 5146 γενόμενος
2484 5078 2583 5149 τῆς
2620 5079 3146 5150 προπανυπερτάτου
3195 5077 3501 5149 δυνάμεως,
3543 5079 3639 5132 καὶ
3676 5079 3750 5148 ἣν

2148 5170 2443 5242 ἀμέριστον
2489 5171 2595 5241 φῂς
2628 5167 2769 5224 εἶναι
2820 5175 2899 5234 εἰς
2934 5171 3204 5239 ἀφώνους,
3254 5173 3347 5224 καὶ
3403 5173 3746 5242 φωνήεντας,

2149 5263 2244 5316 καὶ
2277 5261 2588 5333 ἡμιφώνους
2627 5262 2900 5331 φθόγγους
2935 5263 3286 5334 ὑ’πομερίζων
3315 5265 3377 5316 τὸ
3401 5266 3616 5332 ἄφωνον
3647 5266 3750 5318 αὐ-

2148 5356 2257 5408 τῶν
2285 5355 2364 5425 τῷ
2396 5354 2503 5407 τῶν
2539 5356 2756 5410 πάντων
2790 5357 2987 5427 Πατρὶ,
3016 5355 3110 5410 καὶ
3133 5359 3200 5427 τῇ
3231 5357 3325 5409 τοῦ
3360 5357 3487 5410 Υἱοῦ
3516 5358 3536 5388 ⁶
3565 5357 3749 5429 ἐννοίᾳ.

1574 5512 1597 5545 ³
1610 5512 1764 5596 _lrcn:
1796 5514 1955 5584 μόνος
2022 5534 2046 5569 ε

2161 5517 2360 5571 ἵδωλον.
2427 5521 2449 5547 ⁸
2477 5516 2618 5572 lren.
2652 5516 2834 5570 αὐτόν.
2913 5517 2933 5546 ⁵
2964 5516 3105 5571 lrcn.
3131 5516 3429 5588 ἁλφαϐήτῳ
3455 5519 3744 5587 γεγονότα.

968 5731 1118 5814 πρὸς
1186 5732 1252 5814 τλδ
1300 5734 1598 5804 ἀπαρχῆς-
1649 5735 1768 5790 Vel.
1818 5739 2055 5814 intcrpre

2161 5737 2325 5807 =gissc
2369 5739 2598 5796 videtur.
2637 5739 2714 5804 ὡς
2744 5739 2805 5795 τὸ
2837 5740 2960 5810 dum,
3008 5741 3103 5797 and
3145 5757 3214 5798 ne
3242 5743 3322 5798 sic
3349 5741 3571 5814 quidem
3607 5746 3747 5802 satis

452 5792 734 5859 explicata
799 5792 1069 5855 sententia
1095 5792 1108 5798 ⁷
1147 5812 1229 5859 cst
1255 5843 1269 5870 ,
1323 5792 1497 5874 quin?
1527 5792 1814 5878 utcunque
1859 5792 2268 5881 perpolivim'us.
