4156 6358
450 377 557 433 605
1090 379 1460 436 ADVERSUS
1487 377 1830 433 HAERESES
1858 377 1987 434 LIB.
2030 377 2078 430 1.
2113 375 2280 432 ΤΟΜ.
2323 377 2481 432 lll.—-—
2515 379 2788 436 HAERES.
2829 381 3070 439 XXXIV.
3604 379 3712 441 606

454 493 893 566 ἐπιψευδόμενος,
927 498 1005 561 είς
1024 499 1121 568 τὴν
1149 499 1408 551 ἀνωτάτω
1435 497 1782 568 βλασφημίαν
1812 497 1904 550 καὶ
1933 514 2030 567 με·-

2145 497 2351 550 nduam
2391 498 2608 561 statuis,
2639 500 2695 553 in
2733 507 2940 567 mutos,
2972 500 3212 565 vocales,
3256 515 3321 556 ac
3355 500 3714 558 semivocales

452 587 645 654 γίστην
676 587 928 640 ἀσέϐειαν
976 587 1321 658 ἐμϐέϐληκας
1350 587 1595 650 ἅπαντας
1632 587 1757 650 τούς
1796 602 1877 637 σοι
1907 601 2029 637 πει-

2145 605 2306 645 sonos
2349 589 2548 646 dividis
2583 610 2596 645 :
2630 592 2900 663 quodque'
2925 603 3134 648 mutum
3185 595 3243 649 in
3292 594 3402 649 illis
3449 602 3558 657 est,
3608 592 3713 647 Pa-

455 680 732 748 θομένους.
757 677 847 730 Διὸ
869 679 962 731 καὶ
982 679 1205 742 δικαίως
1226 681 1320 731 καὶ
1343 677 1687 748 ἁρμοζόντως
1714 678 1778 747 τῇ
1803 676 2030 746 τοιαύτῃ

2145 684 2270 735 renti
2315 682 2584 745 omnium,
2625 683 2858 753 ejusque
2895 685 3214 755 cogitationi
3261 685 3400 741 falso
3437 684 3710 748 tribuens,

458 787 548 821 σου
588 769 762 843 τόλμῃ
812 771 841 823 ὁ
874 770 1014 834 θεῖος
1064 772 1374 842 πρεσϐύτης
1405 785 1498 824 και
1531 769 1703 841 κῆρυξ
1754 769 1855 838 τῆς
1898 769 2032 840 άλη-

2145 781 2428 828 εχῑτοιηειη
2467 773 2520 827 in
2561 773 2975 843 blasphemiam,
3017 786 3179 846 atque
3210 778 3482 847 insignem
3515 775 3711 844 impie-

457 862 603 925 θείας
641 863 930 934 ἐμμέτρως
955 863 1280 934 ὲπιϐεϐόηκέ
1315 881 1416 927 σοι,
1445 863 1614 915 εἰπὼν
1648 861 1853 924 οὕτως·

2145 871 2301 918 .atem
2353 872 2659 920 sectatores
2697 872 2826 920 tuos
2865 863 3151 936 impulisti.
3190 867 3557 933 Quamobrem
3584 865 3710 934 jure

456 967 520 1005 ac
554 955 748 1008 merito
776 954 828 1007 in
860 954 1002 1008 hanc
1029 963 1175 1008 tuam
1226 954 1362 1009 adeo
1397 954 1695 1025 projectum
1741 952 2026 1007 audaciam
2066 953 2288 1010 divinus
2328 955 2418 1010 ille
2457 971 2645 1021 senex,
2697 971 2761 1012 ac
2788 973 2967 1027 prmco
3028 960 3275 1016 veritatis
3341 961 3427 1016 bis
3459 956 3711 1014 versibus

459 1043 704 1098 invectus
735 1055 838 1099 est:

458 1135 819 1189 Εὶδωλοποιὲ
851 1136 1073 1203 Μάρκε,
1103 1139 1204 1190 καὶ
1233 1139 1658 1205 τερατοσκόπε,

470 1205 922 1278 Ἂοξρολογικῆς
949 1207 1186 1278 ἐμπειρε
1214 1210 1310 1261 καὶ
1329 1207 1586 1278 μαγικῆς
1614 1207 1852 1275 τέχνης,

458 1275 534 1328 Δι’
563 1269 650 1346 ὧν
675 1269 992 1343 κρατύνειςῖ
1151 1269 1390 1344 πλάνὴς
1412 1269 1482 1332 ’ἑὰ
1509 1269 1854 1346 διδάῂὶαῖίά,

458 1345 678 1413 Σημεῖα
707 1346 944 1411 δεικνὺς
968 1347 1091 1410 τοῖς
1119 1348 1237 1400 ὑπὸ
1269 1348 1386 1401 σοῦ
1410 1345 1841 1415 πλανωμένοις,

470 1415 905 1487 Ἇποοντατικῆς
926 1415 1233 1484 δυνάμεως
1261 1417 1675 1487 ἑγχειρ-ήματα,

464 1486 531 1555 Ἃ
557 1485 638 1538 σὺ
674 1485 946 1555 χορηγεῖς
968 1487 1048 1550 ὡς
1069 1488 1083 1517 ¹
1111 1487 1219 1555 (‘29)
1245 1485 1456 1554 πατήρ.
1486 1485 1741 1545 Σατανᾶ.
1767 1488 1818 1540 εὶ

457 1553 860 1626 Δι’ἀγγελκῆς¹
871 1553 1178 1626 δυνάμεως
1192 1553 1823 1626 (ἐγτχειρήματαβαζὴλ
1837 1561 2031 1614 ποιεῖν

462 1625 660 1693 Ἔχων
687 1640 762 1677 σε
782 1625 1120 1694 πρόδρομον
1147 1625 1422 1681 ἀντιθέου
1451 1628 1836 1696 πανουργίας.

458 1738 566 1790 Kal.
597 1737 771 1791 ταῦτα
809 1739 908 1808 μὲν
939 1741 966 1791 ὁ
995 1737 1246 1810 θεοφιλὴς
1281 1739 1608 1811 πρεσϐύτης.
1654 1741 1842 1810 Ἡμεῖς
1875 1741 1930 1794 δὲ
1964 1741 2034 1796 τά

2139 1132 2298 1186 ldola
2333 1133 2554 1201 ﬁngens,
2590 1133 2792 1197 M’arce,
2830 1144 3187 1188 monstrorum
3215 1137 3432 1201 artifex,

2139 1202 2474 1275 Eraudisque
2505 1221 2667 1275 gnare
2697 1205 2933 1272 magiae,
2974 1215 3023 1257 et
3052 1216 3319 1259 astrorum
3343 1211 3537 1275 sciens,

2136 1271 2356 1343 Erroris
2390 1271 2524 1325 unde
2550 1273 2741 1343 dogma
2769 1271 3074 1343 pestiferum
3103 1277 3288 1341 struis,

2136 1341 2299 1465 ἓᾷθ
2324 1341 2578 1396 Portenta
2609 1341 2912 1413 amomi/icta
2939 1344 3063 1396 dum
3093 1346 3261 1398 turbw
3281 1345 3514 1416 exhibes,

2187 1430 2244 1465 er
2272 1423 2318 1465 te
2346 1412 2553 1465 rebellis
2580 1414 2759 1465 aualia
2791 1415 3096 1465 aaareditur
3121 1432 3332 1465 manus.

2187 1412 2244 1465 er
2272 1423 2318 1465 te
2346 1412 2553 1484 rebellis
2580 1414 2759 1482 qualia
2785 1412 3096 1484 aggreditur
3121 1432 3332 1470 manus.

2140 1481 2268 1554 [lare
2293 1493 2354 1554 lar
2382 1483 2478 1535 illa
2507 1481 2727 1537 Salame
2763 1481 2928 1549 [retas
2951 1486 3153 1539 auxilio
3182 1489 3350 1554 patris

2136 1553 2484 1624 4zazelisque
2517 1555 2654 1624 mira
2691 1556 2933 1624 designas
2967 1571 3080 1622 ope,

2140 1621 2453 1676 I’ra'cursor
2476 1623 2570 1675 olli
2604 1621 2820 1688 fraudis
2835 1626 2888 1677 in
2918 1641 3131 1694 superos
3161 1623 3342 1680 datus.

2213 1735 2334 1791 llaec
2368 1737 2490 1806 pius
2521 1738 2611 1790 ille
2649 1752 2815 1792 senex
2862 1738 3079 1795 cecinit.
3113 1738 3270 1794 Nunc
3319 1741 3533 1811 reliqua
3576 1742 3709 1798 isto-

457 1828 622 1882 λοιπά
646 1829 747 1900 τῆς
783 1831 1166 1900 μυσταγωγίας
1199 1831 1378 1884 αὐτῶν
1407 1832 1594 1902 μακρά
1616 1831 1743 1884 ὄντα
1772 1834 2031 1904 πειρασό-

2145 1842 2259 1880 rum
2292 1829 2574 1898 mysteria,
2617 1830 2868 1898 quamvis
2903 1831 3219 1901 longissima
3249 1833 3380 1897 sint,
3415 1849 3579 1904 quam
3615 1850 3716 1905 po—

462 1918 602 1987 μεθα
631 1919 879 1990 βραχέως
911 1918 1219 1986 διεξελθεῖν,
1254 1923 1347 1974 καὶ
1378 1920 1446 1974 τά
1493 1920 1672 1991 πολλῷ
1718 1921 1894 1992 χρόνῳ
1941 1939 2036 1975 κε-

459 2010 750 2080 κρυμμένα
784 2013 862 2074 είς
897 2011 1126 2084 φανερὸν
1148 2014 1396 2081 ἀγαγεῖν.
1421 2011 1576 2066 Οὕτω
1598 2013 1705 2083 γάρ
1737 2013 1802 2067 ἀν
1827 2013 2037 2082 γένοιτο

460 2101 753 2170 εὐέλεγκτα
784 2105 938 2156 πᾶσι.

532 2195 632 2249 ΙΒ’.
668 2195 780 2266 Τὴν
816 2191 907 2250 οὖν
935 2195 1148 2264 γένεσιν
1181 2196 1290 2249 τῶν
1329 2195 1550 2249 Αίώνων
1583 2197 1785 2261 αὐτῶν,
1818 2198 1914 2250 καὶ
1941 2195 2038 2268 τὴν

462 2285 668 2355 πλάνην
701 2286 793 2340 τοῦ
830 2287 1120 2358 προϐάτου,
1157 2288 1250 2340 καὶ
1285 2287 1573 2359 ἀνεύρεσιν
1602 2288 1901 2350 ἑνώσαντες
1922 2289 2042 2340 ὲπι-

458 2380 672 2442 τοαυτὸ,
703 2380 1007 2450 μυστικώτε
1017 2398 1106 2451 ρον
1123 2379 1489 2451 ἐπιχειροῦσιν
1513 2380 1877 2449 ἀπαγγέλλειν
1896 2375 2040 2434 οὗτοι

460 2469 509 2519 oi
534 2470 614 2531 είς
641 2468 907 2540 ἀριθμοὺς
925 2469 994 2522 τά
1022 2469 1200 2522 πάντα
1221 2470 1569 2536 κατάγοντες,
1591 2472 1655 2522 ὲκ
1679 2469 1921 2540 μονάδος,
1945 2470 2041 2522 καὶ

458 2559 647 2622 δυάδος
669 2559 947 2628 φάσκοντα
972 2558 1041 2612 τά
1067 2560 1163 2614 ὅλα
1190 2561 1593 2631 συνεστηκέναιο
1628 2561 1721 2613 καὶ
1751 2560 1858 2614 ἀπὸ
1879 2560 2042 2630 μονάο

459 2645 546 2708 δος
567 2644 672 2708 ἓως
696 2645 801 2698 τῶν
823 2646 1103 2717 τεσσάρων
1133 2647 1491 2718 ἀριθμοῦντες
1515 2648 1658 2702 οὕτω
1688 2650 1920 2717 γεννῶσι
1943 2651 2042 2723 τὴν

460 2736 679 2789 δεκάδα.
715 2737 830 2791 Μία
871 2738 1000 2808 γάρ,
1038 2738 1132 2790 καὶ
1166 2739 1279 2800 δύο,
1318 2740 1410 2792 καὶ
1441 2742 1612 2810 τρεῖς,
1648 2741 1743 2793 καὶ
1775 2741 2042 2812 τέσσαρες

464 2826 795 2880 συντεθεῖσαι
815 2828 1098 2880 ὲπιτοαυτὸ
1111 2829 1201 2882 τὸν
1219 2828 1330 2881 τῶν
1344 2828 1475 2881 δέκα
1491 2827 1709 2882 Αίώνων
1726 2829 2042 2900 ἀπεκύησαν

463 2918 713 2988 ἀριθμόν.
731 2919 898 2972 Πάλιν
914 2919 958 2971 δ’
980 2914 1046 2973 αὖ
1069 2923 1101 2992 ἡ
1122 2921 1254 2984 δυάς
1276 2921 1368 2974 ἀπ’
1390 2921 1560 2990 αὐτῆς
1577 2919 1916 2992 προελθοῦσα
1938 2920 2042 2986 ἕως

463 3010 555 3062 τοῦ
585 3012 876 3082 ἐπισήμου,
909 3007 1018 3065 οἷον
1051 3012 1144 3065 δύο
1173 3013 1268 3066 καὶ
1293 3013 1558 3083 τέσσαρες
1591 3013 1685 3065 καὶ
1713 3011 1792 3077 ἒξ,
1821 3013 1921 3084 τὴν
1942 3012 2044 3066 δω-

461 3102 659 3155 δεκάδα
688 3103 957 3169 άπέδειξε.
1009 3106 1118 3158 Καὶ
1164 3105 1323 3158 πάλιν
1355 3105 1460 3158 ἀπὸ
1493 3105 1592 3175 τῆς
1624 3105 1811 3168 δυάδος
1852 3105 2043 3175 ὁμοίας

2138 1924 2256 1970 tero
2309 1916 2632 1971 brevissime
2676 1925 2974 1987 pertexam,
3016 1936 3188 1990 eaque
3230 1938 3351 1991 qua:
3390 1921 3714 1991 jamdudum

2139 2010 2411 2063 occultata
2442 2009 2663 2064 fuerunt
2706 2012 2761 2066 in
2807 2022 3052 2080 apertum
3089 2016 3381 2083 proferam.
3440 2015 3531 2072 Sic
3559 2020 3711 2073 enim

2139 2101 2396 2154 omnibus
2429 2100 2497 2155 ad
2525 2103 2955 2157 convincendum
2983 2116 3143 2158 erunt
3181 2105 3456 2160 facillima.

2211 2191 2324 2245 XII.
2365 2193 2534 2263 Igitur
2573 2193 2826 2265 {Eonumj
2852 2198 3282 2267 generationem,
3343 2199 3719 2256 aberrantem-

2141 2297 2246 2351 que
2287 2283 2544 2352 primum,
2589 2283 2784 2339 deinde
2833 2294 3209 2355 recuperatam
3256 2303 3411 2342 ovem
3457 2288 3512 2342 in
3545 2305 3714 2344 unum

2142 2370 2561 2437 confundentes,
2596 2373 2828 2443 mystice
2851 2375 3282 2443 interpretantur
3307 2378 3365 2442 ii,
3400 2380 3491 2446 qui
3522 2379 3588 2433 ad
3613 2397 3719 2436 nu-

2143 2472 2326 2510 meros
2358 2457 2615 2512 universa
2641 2457 2922 2523 referunt;
2964 2468 3018 2514 et
3047 2475 3109 2514 ex
3154 2462 3361 2517 unitate
3398 2478 3462 2516 ac
3504 2464 3720 2541 binario

2141 2548 2394 2617 componi
2424 2549 2760 2604 arbitrantur
2785 2552 2969 2604 omnia
3001 2569 3014 2604 :
3047 2559 3210 2622 atque
3241 2552 3309 2606 ab
3349 2569 3459 2608 uno
3490 2555 3556 2609 ad
3583 2571 3720 2626 qua-

2143 2649 2267 2693 tuor
2301 2643 2639 2696 numerando
2663 2643 2937 2713 progressi
2962 2643 3220 2699 decadem
3249 2643 3508 2700 eﬂiciunt.
3537 2645 3717 2701 Unum

2143 2734 2366 2803 quippe,
2413 2748 2476 2787 ac
2509 2739 2642 2798 duo,
2687 2736 2816 2797 tria,
2850 2743 3108 2804 quatuor,
3155 2737 3320 2791 simul
3372 2738 3598 2793 collecta
3626 2739 3721 2794 de-

2144 2842 2260 2881 cem
2294 2825 2531 2880 IEonum
2583 2842 2871 2882 numerum
2919 2839 3266 2898 pepererunt.
3320 2827 3522 2885 Deinde
3565 2831 3721 2886 bina-

2144 2918 2259 2972 rius
2295 2933 2392 2987 per
2438 2933 2496 2973 se
2529 2919 2594 2972 ad
2651 2919 2930 2972 senarium
2967 2920 3288 2988 procedens,
3336 2919 3441 2975 hoc
3483 2929 3567 2976 est
3589 2923 3719 2983 duo.

2144 3014 2380 3075 quatuor
2426 3015 2480 3060 et
2530 3023 2647 3070 sex,
2683 3007 3015 3062 dodecadem
3064 3011 3392 3078 composuit.
3442 3011 3658 3068 Rursus
3690 3028 3722 3067 τι

2148 3099 2357 3154 binario
2385 3099 2576 3153 eodem
2610 3099 2769 3154 modo
2795 3100 3211 3157 numerantibus
3242 3101 3312 3158 ad
3338 3103 3524 3159 decem
3547 3120 3723 3174 usque

463 3195 838 3266 ἀριθμούντων
874 3197 1031 3267 ἡμῶν
1064 3197 1167 3261 ἕως
1205 3198 1313 3250 τῶν
1345 3197 1498 3263 δέκα,
1525 3200 1558 3267 ἡ
1592 3196 1635 3249 λ’
1658 3197 1960 3270 ἀνεδείχθη,
1986 3199 2041 3250 ἐν

2147 3191 2368 3260 triginta
2398 3189 2730 3254 conﬂantur,
2777 3192 2830 3245 in
2866 3193 3070 3260 quibus
3104 3195 3292 3250 insunt
3329 3205 3474 3262 octo,
3508 3195 3722 3261 decem,

462 3281 498 3358 ᾖ
524 3285 666 3340 ὀκτὼ
698 3288 792 3341 καὶ
825 3289 957 3341 δέκα
988 3289 1079 3342 καὶ
1105 3289 1332 3342 δώδεκα.
1367 3290 1477 3359 Τὴν
1509 3284 1602 3343 οῦν
1633 3289 1922 3353 δωδεκάδα,
1955 3288 2042 3343 διά

462 3378 554 3430 τὸν
582 3378 850 3449 ἐπίσημον
878 3381 1286 3451 συνεσχηκέναι,
1317 3380 1403 3433 διά
1429 3381 1490 3432 τὸ
1513 3380 2045 3450 συνεπακολουθήσα-

466 3487 565 3523 σαν
586 3472 721 3543 αὐτῇ
745 3473 806 3525 τὸ
829 3472 1096 3542 ἐπίσημον
1119 3471 1289 3536 πάθος
1313 3472 1537 3540 λέγουσι
1555 3475 1598 3527 ¹.
1625 3473 1736 3526 Καὶ
1757 3472 1844 3525 διὰ
1860 3471 2039 3536 τοῦτο,

465 3563 594 3631 περὶ
626 3563 718 3615 τὸν
755 3562 1056 3615 δωδέκατον
1089 3563 1321 3634 ἀριθμὸν
1344 3562 1439 3616 τοῦ
1467 3562 1781 3634 σφάλματος
1813 3562 2044 3632 γενομέ-

465 3670 581 3718 νου,
611 3652 672 3704 τὸ
702 3652 972 3724 πρόϐατον
1001 3653 1410 3724 ἀποσκιρτῆσαν
1430 3654 1825 3724 πεπλανῆσθαι·
1853 3653 2042 3724 ἐπειδὴ

463 3743 564 3814 τὴν
593 3743 894 3796 ἀπόστασιν
925 3743 1032 3796 ἀπὸ
1059 3743 1359 3807 δωδεκάδος
1387 3743 1715 3814 γεγενῆσθαι
1751 3745 2041 3812 φάσκουσι.

467 3834 558 3904 Τῷ
595 3834 744 3905 αὐτῷ
774 3835 961 3906 τρόπῳ
986 3835 1080 3888 καὶ
1114 3836 1220 3888 ἀπὸ
1253 3835 1353 3905 τῆς
1378 3835 1676 3898 δωδεκάδος
1707 3835 2043 3888 ἀπόστασιν³

469 3925 595 3993 μίαν
629 3925 965 3978 ἀπολωλέναι
1008 3925 1382 3996 μαντεύονται·
1420 3926 1514 3979 καὶ
1539 3925 1742 3997 ταύτην
1775 3921 1914 3979 εἶναι
1945 3926 2044 3996 τὴν

466 4018 697 4083 γυναῖκα
738 4017 836 4086 τὴν
872 4018 1216 4071 ἀπολέσασαν
1245 4019 1344 4087 τὴν
1373 4017 1645 4089 δραχμὴν,
1695 4020 1788 4070 καὶ
1831 4018 2046 4088 ἅψασαν

466 4103 677 4174 λύχνον,
721 4107 816 4158 καὶ
862 4106 1128 4178 εὑροῦσαν
1177 4108 1370 4178 αὐτήν.
1425 4107 1613 4169 Οὕτως
1645 4103 1737 4161 οῦν
1776 4109 1869 4161 καὶ
1907 4108 2042 4178 (ἐπὶ)

465 4198 590 4259 τοὺς
621 4197 889 4268 ἀριθμοὺς
913 4200 1039 4261 τοὺς
1063 4198 1540 4266 καταλειφθέντας,
1569 4200 1660 4251 ἐπὶ
1685 4200 1782 4269 μὲν
1804 4198 1904 4268 τῆς
1925 4199 2047 4268 δρα-

467 4289 611 4358 χμῆς
652 4291 779 4352 τοὺς
821 4292 996 4355 ἐννέα,
1049 4292 1140 4343 ἐπὶ
1184 4291 1240 4344 δὲ
1270 4291 1362 4343 τοῦ
1396 4291 1668 4362 προϐάτου
1701 4293 1828 4353 τοὺς
1854 4290 2046 4342 ἕνδεκα

466 4378 930 4450 ὲπιπλεκομένους
977 4381 1226 4451 ἀλλήλοις
1268 4381 1358 4433 τὸν
1412 4380 1518 4432 τῶν
1569 4379 2046 4450 ὲνενηκονταεννέα

464 4471 670 4524 τίκτειν
692 4472 942 4544 ἀριθμόν.
985 4473 1134 4524 Ἐπεὶ
1180 4473 1394 4532 ἐννάκις
1439 4471 1508 4523 τὰ
1554 4470 1743 4523 ἕνδεκα
1768 4471 2046 4541 ἐνενηκον-

466 4563 691 4615 ταεννέα
742 4563 970 4630 γίνεται.
1006 4563 1096 4615 Διὸ
1125 4563 1220 4615 καὶ
1249 4561 1310 4613 τὸ
1357 4560 1525 4631 Ἀμὴν
1548 4558 1736 4612 τοῦτον
1781 4558 2036 4628 λέγουσιν

466 4651 609 4725 ἔχειν
641 4655 733 4708 τὸν
761 4654 1007 4726 ἀριθμόν.

541 4777 555 4807 ¹
590 4777 729 4830 Iren.
764 4775 800 4828 ἃ.
821 4793 901 4828 σοι
927 4777 1152 4844 χορηγεῖ
1186 4774 1295 4838 σός,
1331 4780 1438 4828 etc.

2145 3295 2210 3334 ac
2249 3279 2564 3358 duodecim.
2619 3280 2702 3336 0b
2736 3280 2790 3334 id
2826 3281 3184 3350 dodecadem,
3241 3283 3388 3355 quod
3445 3287 3725 3341 senarium

2144 3387 2432 3426 numerum
2478 3373 2737 3426 comitem
2783 3372 3058 3438 habuerit,
3113 3375 3184 3429 ob
3235 3377 3510 3430 senarium
3569 3377 3723 3431 illum

2143 3462 2463 3519 PassiOnem
2507 3464 2820 3534 appellant;
2853 3466 3151 3536 eademque
3183 3467 3251 3522 de
3284 3482 3451 3524 causa
3499 3483 3623 3522 cum
3655 3467 3725 3523 ad

2145 3553 2542 3609 duodenarium
2577 3570 2865 3609 numerum
2907 3571 3061 3610 error
3095 3557 3434 3625 adhaesisset,
3473 3559 3737 3614 aberran-

2145 3654 2254 3700 tem
2301 3662 2330 3700 a
2370 3662 2533 3717 grege
2568 3662 2723 3702 ovem
2767 3648 2982 3719 longius
3035 3650 3252 3720 evagari
3282 3651 3549 3722 cmpisse;
3589 3667 3726 3723 quo-

2144 3738 2293 3792 niam
2334 3739 2404 3792 ab
2430 3739 2770 3794 duodenario
2800 3739 3194 3796 discessionem
3227 3742 3376 3796 illam
3408 3749 3602 3814 putant
3632 3758 3725 3799 ac-

2145 3827 2369 3882 cidisse.
2407 3826 2498 3882 Sic
2526 3829 2691 3883 etiam
2719 3829 2788 3883 ab
2814 3829 3154 3885 duodenario
3187 3831 3582 3888 desciscentem
3607 3831 3736 3888 Vir-

2146 3928 2315 3974 tutem
2367 3921 2617 3990 periisse,
2671 3921 2916 3991 ﬁngunt;
2971 3936 3202 3992 eamque
3251 3922 3534 3979 mulierem
3575 3924 3734 3979 illam-

2145 4028 2289 4077 esse,
2331 4029 2450 4083 quae
2481 4014 2684 4069 amissa
2710 4012 2972 4068 drachma
3015 4014 3296 4068 lucernam
3333 4015 3601 4083 accendit,
3642 4023 3724 4070 at-

2145 4117 2252 4171 que
2279 4118 2398 4156 eam
2432 4103 2704 4172 reperit‘.
2731 4101 2848 4158 Hoc
2882 4104 3070 4174 itaque
3099 4113 3265 4174 pacto
3303 4104 3529 4174 reliquis
3563 4106 3728 4160 innu-

2147 4196 2350 4258 mvris;
2384 4196 2439 4249 in
2473 4195 2734 4249 drachma
2767 4196 3006 4265 quidem,
3053 4212 3283 4266 novem;
3315 4197 3370 4252 in
3401 4212 3502 4253 ove
3546 4198 3723 4254 unde-

2147 4287 2274 4350 cim,
2313 4287 2360 4340 si
2392 4288 2448 4340 in
2472 4301 2595 4341 sese
2620 4287 2915 4354 ducantur,
2950 4302 3076 4342 xcrx
3110 4287 3342 4344 edicere.
3366 4287 3504 4343 Nam
3533 4289 3731 4346 novies

2147 4393 2201 4430 XI
2251 4392 2538 4433 numerum
2583 4378 2733 4432 hunc
2766 4379 3092 4448 producunt.
3145 4379 3328 4445 Quare
3376 4387 3433 4435 et
3485 4379 3542 4435 in
3584 4394 3734 4436 voce

2162 4470 2334 4540 Ἀμήν
2361 4469 2611 4526 eumdem
2650 4470 2878 4541 reperiri
2903 4469 3112 4526 dicunt.

1516 4772 1639 4826 Mox
1668 4770 1845 4844 Σατάν
1875 4768 2041 4844 ἀεί,.1τ

2148 4768 2251 4838 leg.
2327 4767 2520 4844 {irem
2553 4767 2642 4822 διὰ
2681 4769 2742 4822 τὸ
2789 4771 3057 4843 ἐπίσημον
3084 4770 3375 4844 ἐσχηκέναι
3402 4771 3733 4827 συνακολου-

467 4845 708 4917 θήσαντα
740 4847 881 4916 αὐτῇ
904 4838 1104 4898 δῖά’τδν
1131 4849 1276 4898 έπισ.
1366 4846 1386 4875 ³
1414 4844 1556 4900 lren.
1583 4843 1918 4896 ἀποστᾶσαν.
1991 4840 2013 4871 ⁸

2145 4855 2179 4894 3.
2205 4853 2298 4904 xv,
2330 4838 2384 4894 8.

445 5037 453 5044 .
539 4989 651 5060 (29)
681 4992 747 5043 "A
774 4989 858 5043 σὺ
884 4989 1178 5058 χορηγεῖς.
1216 4986 1490 5060 lambicosl
1517 4987 1742 5060 istosex
1775 4984 1899 5040 Vet.
1935 4983 2040 5039 [ide

467 5058 836 5137 ιςςειίιυίῐῑιυει.ζ
873 5060 978 5114 Sed
1025 5062 1077 5113 hi
1110 5061 1252 5122 duo,
1352 5060 1416 5137 σῦ
1445 5059 1746 5137 χωρηγεΞς,
1771 5135 1777 5137 Α
1798 5065 1936 5119 etc.,
1967 5063 2039 5137 tet

468 5129 531 5182 δι’
581 5129 914 5199 ἀγγελικῆς,
965 5139 1108 5193 etc.,
1158 5129 1404 5184 mendosi
1447 5125 1604 5184 sunt.
1656 5125 1914 5181 Fortasse
1964 5125 2038 5179 ita

467 5201 680 5276 concipi
711 5210 1023 5276 possunt._
1098 5269 1108 5276 _
1306 5268 1317 5276 _
1401 5271 1438 5276 _
1669 5265 1680 5276 ,
1748 5264 1809 5276 ρ..
1881 5265 1915 5276 ..

539 5270 600 5323 Ἀ
629 5264 740 5324 ’σοι
763 5269 1023 5339 χωρηγεῐ
1041 5269 1154 5337 σὸς
1176 5268 1371 5337 πατὴρ
1393 5264 2037 5407 Σαται·ικέὲτὲιῗοὲξρρτ,

1629 5353 1824 5389 ιατιιν
1849 5353 1917 5389 αε

535 5408 614 5461 Δι’
641 5408 966 5478 ἀῃελικῆς
994 5406 1302 5478 δυνάμεως
1335 5405 1570 5478 ’ᾼζαζὴλ
1594 5405 1804 5478 ποιεῖν.

469 5475 543 5533 De
587 5475 816 5534 Azaiele
859 5475 1106 5532 meminit
1139 5475 1170 5532 e
1211 5476 1412 5531 Cabala
1460 5477 1791 5530 lleuchlinus
1826 5475 1916 5528 lih.
1955 5491 2038 5528 Ill.

471 5547 625 5618 Atqui
654 5550 776 5604 illos
803 5549 953 5617 ipsos
984 5549 1245 5602 iambicos
1269 5563 1392 5601 esse
1416 5561 1605 5600 versus
1634 5546 1726 5599 diu
1758 5553 1884 5618 ante
1907 5543 2042 5618 Sga-

466 5613 694 5693 iigernm
734 5613 920 5673 Irenaei
967 5619 1204 5693 edito_res
1235 5626 1610 5693 agnoverant_:
1648 5615 1907 5693 quosque
1936 5613 2041 5684 Ρ).-

471 5683 926 5757 riphlegetontas,
982 5697 1039 5742 et
1091 5683 1367 5755 Cercopas
1418 5683 1694 5755 appellat,
1746 5683 2038 5757 editionem

472 5753 598 5811 vero
628 5753 802 5827 ipsam
821 5759 1224 5821 Coloniensem,
1257 5753 1636 5827 conviciorum,
1665 5765 1714 5827 et
1742 5753 2038 5823 sycophan-

470 5825 665 5883 ίίαηιηι
687 5828 945 5895 cloacam,
971 5829 1034 5883 ad
1076 5827 1289 5882 Eusebii
1309 5844 1358 5882 a.
1388 5827 1546 5882 9.156.
1586 5825 1690 5881 Sed
1718 5839 1876 5878 mera:
1917 5831 2043 5876 sunt

2145 4984 2380 5038 hominis
2419 4984 2811 5055 syc0phantiae,
2832 4998 2971 5054 quas
2996 4983 3052 5036 in
3083 4989 3337 5055 auctores
3359 4979 3548 5055 C‘olon.
3573 4978 3725 5055 illius

2145 5055 2403 5109 editionis
2450 5048 2703 5120 coniicit,
2737 5061 2792 5108 et
2841 5048 3121 5107 mendacia
3156 5051 3522 5106 crassissima.
3563 5048 3722 5115 Quod

2145 5125 2290 5178 enim
2341 5125 2624 5178 cerebrum
2677 5124 2895 5184 habuit,
2945 5139 3066 5177 cum
3121 5123 3176 5176 in
3226 5122 3415 5176 eadem
3463 5120 3721 5187 editione,

2146 5193 2418 5265 ἔμμετρος
2473 5209 2573 5262 pro
2617 5194 2906 5265 ἐμμέτρως
2957 5193 3217 5265 scriptum
3275 5206 3397 5265 esse
3448 5190 3722 5265 di_xit,__et

2146 5260 2417 5334 ἔμμετρον
2467 5260 2705 5334 κήρυκα
2733 5260 3035 5334 prieconem
3053 5260 3083 5314 ί
3124 5262 3266 5334 Sane
3317 5261 3455 5334 falso
3495 5260 3552 5314 in
3598 5260 3722 5315 illos

2151 5331 2253 5386 ista
2280 5331 2703 5401 jactavitham
2738 5331 2790 5386 et
2821 5333 3111 5402 ἐμμέτρως
3145 5333 3251 5384 illic
3277 5331 3482 5384 editum
3507 5337 3639 5402 est;
3669 5339 3724 5384 et

2150 5400 2343 5458 Billihs
2375 5412 2522 5457 recte
2556 5403 2630 5455 ita
2663 5405 2822 5456 vertit
2853 5400 2865 5456 ἐ
2902 5400 3152 5455 Veritatis
3183 5416 3353 5466 pra'co
3383 5400 3614 5454 versibus
3645 5402 3724 5455 ita

2149 5475 2275 5528 inte
2295 5473 2634 5528 exclamavit.
2669 5473 2803 5525 Cum
2836 5482 3017 5526 autem
3051 5471 3294 5540 corrupti
3325 5470 3570 5540 plerique
3603 5485 3723 5524 ver-

2151 5561 2246 5599 sus
2272 5550 2478 5606 essent,
2516 5557 2622 5595 non
2647 5543 2785 5595 male
2808 5542 2946 5596 idem
2978 5542 3066 5595 ille
3097 5539 3503 5595 ernditisSimus
3526 5539 3722 5595 Billius

2150 5615 2338 5683 pedum
2367 5614 2624 5666 rationem
2647 5628 2747 5664 non
2767 5610 2945 5664 haberi
2966 5612 3120 5683 dixit.
3143 5611 3314 5683 Porro
3339 5610 3606 5683 virulenta
3629 5611 3720 5664 illa

2152 5679 2409 5751 Scaligeri
2448 5683 2798 5750 reprehensio
2834 5698 2940 5734 non
2980 5683 3032 5734 in
3067 5681 3425 5735 Colonienses
3456 5679 3717 5742 editores,

2151 5753 2244 5806 sed
2274 5750 2325 5806 in
2353 5753 2698 5814 Camurium,
2731 5761 2784 5805 et
2817 5750 3090 5805 Galasinm
3117 5751 3375 5818 Scaligeri
3400 5751 3718 5819 symmistas

2149 5824 2294 5878 cadit
2324 5843 2335 5878 :
2369 5839 2600 5893 quorum
2631 5832 2855 5893 uterque
2887 5821 3060 5893 κῆρυξ
3084 5822 3357 5892 ἔμμετρος
3381 5819 3531 5889 legit.
