4156 6358
402 327 509 377 897

1848 319 1905 374 S.
1949 312 2289 372 EPlPllANll

3582 296 3694 354 608

479 445 587 500 Sed
633 454 689 500 et
734 444 892 499 aliter
941 445 1048 500 ista
1100 445 1406 511 declarant,
1453 444 1602 514 quod
1652 460 1760 497 non
1799 441 2002 514 pigebit

2177 439 2291 492 Ούκ
2320 437 2537 506 ὀκνήσω
2565 435 2622 486 δέ
2653 450 2733 485 σοι
2760 432 2853 485 καὶ
2891 428 3066 490 ἄλλως
3105 419 3480 493 ἐξηγουμένων
3512 416 3693 471 αὐτῶν

407 553 684 607 exponere
707 580 720 603 ,
746 548 805 593 ut
827 538 1138 607 cujusmodi
1167 538 1237 592 sit
1267 539 1485 592 illorum
1521 537 1734 592 fructus
1762 551 1830 590 ex
1853 535 2002 590 omni

412 640 568 700 parte
617 646 942 700 cognoscas.
999 631 1216 685 Etenim
1247 629 1309 683 H'
1339 633 1672 685 elementum
1715 645 1840 682 cum
1884 629 2002 699 epi-r

414 737 589 788 semo,
645 722 992 776 octonarium
1043 739 1168 778 esse
1215 726 1433 784 volunt,
1477 723 1621 793 quod
1674 731 1928 776 octavum
1973 736 2004 772 a

417 814 593 884 prima
646 815 825 868 littera
881 816 1062 869 locum
1127 816 1310 870 habet.
1365 815 1496 870 Inde
1553 816 1761 869 omi~so
1811 829 2006 867 rursus

414 907 684 976 episemo,
715 908 777 977 let
827 908 1068 978 ipsorum
1113 909 1509 963 elementorum
1544 907 1704 977 247
1737 905 2007 961 subducto

419 1016 652 1054 numero
693 1009 856 1070 atque
897 1001 1204 1070 composito
1245 1018 1418 1071 usque
1465 1003 1531 1055 ad
1578 1009 1721 1063 octo,
1773 999 2009 1053 tricena-

424 1095 563 1147 rium
592 1095 898 1164 perliciunt.
932 1092 1065 1146 Nam
1099 1093 1189 1162 qui
1216 1094 1284 1147 ab
1310 1095 1364 1145 A'
1399 1093 1648 1160 cuapcrit,
1671 1099 1726 1143 et
1756 1091 1809 1143 in
1843 1091 1888 1142 H
1914 1090 2010 1144 dc-

424 1188 601 1251 sierit,
632 1189 901 1240 elementa
941 1188 1306 1249 numerando,
1340 1187 1558 1254 dempta
1588 1192 1768 1238 tamen
1807 1183 2007 1237 senarii

423 1285 578 1338 nota,
615 1293 678 1329 ac
712 1277 1017 1331 litterarum
1050 1279 1103 1330 in
1134 1295 1302 1331 unum
1343 1277 1730 1346 progressione
1753 1275 2007 1338 conﬂata,

425 1369 650 1438 triginta
697 1371 950 1439 reperiet.
984 1368 1258 1435 Quoniam
1293 1369 1361 1422 ad
1395 1371 1443 1420 E'
1483 1385 1660 1437 usque
1691 1385 1755 1422 xv
1789 1383 2013 1422 consur-

427 1468 583 1527 gunt.
608 1459 704 1514 llis
737 1461 996 1529 adjuncta
1022 1477 1117 1518 vn.
1150 1477 1261 1515 χχιι
1295 1459 1524 1514 faciunt.
1559 1458 1766 1524 Quibus
1794 1461 1875 1522 ιιι,
1910 1460 2013 1511 hoc

427 1554 512 1601 est
539 1558 684 1610 octo,
707 1549 751 1602 si
785 1552 1142 1616 accesserint,
1175 1550 1549 1604 admirabilem
1583 1551 1733 1602 illum
1776 1551 2014 1602 tricena-

431 1643 568 1694 rium
624 1643 946 1712 implebunt.
1009 1644 1146 1698 llinc
1199 1644 1437 1698 Atlonum
1501 1643 1723 1711 triginta
1787 1650 2012 1696 matrem

428 1732 742 1802 Ogdoadrm
778 1738 1141 1789 constituunt.
1175 1736 1240 1789 Et
1274 1738 1530 1806 quoniam
1582 1735 1758 1789 tribus
1787 1733 2012 1787 Virtuti-

429 1825 533 1878 bus
586 1828 917 1881 tricenarius
966 1830 1338 1896 componitur,
1406 1838 1488 1880 ter
1531 1827 1583 1880 in
1645 1842 1766 1880 sese
1815 1826 2014 1880 ductus

432 1918 728 1987 nonaginta
755 1920 1027 1988 producit.
1051 1921 1159 1972 Ter
1189 1921 1334 1973 enim
1363 1919 1586 1987 triginta
1619 1919 1685 1972 ad
1719 1918 2016 1988 nonaginta

428 2009 776 2076 perveniunt.
821 2008 923 2062 Sed
955 2018 1008 2063 et
1045 2010 1320 2063 ternarius
1368 2026 1586 2077 quoque
1616 2009 1815 2062 ductus
1857 2009 1911 2061 in
1958 2022 2019 2063 se

427 2117 624 2154 novem
669 2101 851 2156 eilicit.
897 2101 987 2156 Sic
1017 2101 1233 2171 Ogdoas
1283 2118 1404 2155 xeix
1449 2118 1738 2155 numerum
1785 2101 1927 2170 apud
1963 2101 2021 2154 il-

429 2189 513 2242 los
568 2190 799 2258 peperit.
847 2192 1094 2260 Cumque
1150 2191 1512 2246 duodecimus
1553 2189 1698 2245 {Eon
1760 2191 2020 2245 deﬁciens

433 2297 654 2337 sursum
700 2299 753 2335 xi
790 2284 1094 2352 reliquerit,
1146 2285 1198 2337 in
1233 2283 1432 2352 Λόγου,
1484 2284 1588 2338 hoc
1621 2293 1706 2340 est
1736 2283 1918 2346 Verbi,
1957 2287 2021 2338 ii-

431 2390 566 2443 gura
616 2383 1046 2430 consentaneum
1088 2376 1394 2431 litterarum
1449 2373 1681 2430 formam
1719 2376 2022 2430 adhibitam

435 2475 649 2535 putant.
689 2465 900 2520 Etenim
939 2467 1231 2522 undecima
1266 2469 1460 2524 ordine
1486 2469 1792 2523 litterarum
1837 2477 1921 2523 est
1954 2469 2020 2532 A,

432 2560 528 2628 qui
577 2560 906 2614 tricenarius
952 2569 1036 2615 est
1066 2577 1350 2624 numerus,
1386 2571 1440 2615 et
1485 2562 1552 2616 ad
1590 2563 1869 2632 exemplar
1912 2578 2027 2616 cce-

433 2651 593 2705 }cstis
630 2650 988 2720 providentia:
1034 2652 1233 2721 posita.
1272 2651 1730 2722 Quandoquidem
1771 2655 1816 2708 si
1867 2660 1936 2708 ab
1967 2654 2025 2706 A'

435 2743 502 2798 ad
529 2741 586 2795 A'
622 2758 817 2812 usque,
851 2744 1074 2812 dempto
1111 2752 1290 2798 tamen
1337 2746 1603 2814 episemo,
1636 2746 1900 2800 continua
1940 2748 2028 2800 lit«

437 2845 677 2891 terarum
713 2837 991 2890 additione
1025 2853 1312 2890 numerum
1348 2853 1540 2892 earum
1586 2838 1834 2908 colligas.
1879 2854 2030 2892 com-

438 2925 712 2992 prehenso
745 2927 908 2981 simul
937 2927 981 2979 A
1014 2927 1312 2997 nonaginta
1353 2943 1545 2983 novem
1587 2927 1880 2997 prodeunt.
1911 2930 2028 2983 (Σιο-

436 3026 615 3070 tcrum
655 3020 699 3070 A
759 3018 938 3088 ipsum
979 3019 1125 3088 quod
1175 3019 1370 3074 ordine
1411 3029 1496 3076 cst
1537 3021 1912 3086 midecimum,
1963 3022 2028 3074 ad

2105 530 2460 598 ἀπαγγεῖλαι,
2497 528 2582 579 ἵνα
2613 522 2952 592 πανταχόθεν
2986 517 3330 586 κατανοήσῃς
3352 512 3444 564 τὸν
3477 507 3692 578 καρπὸν

2105 623 2306 676 αὐτῶν.
2350 620 2423 674 Τὸ
2453 619 2561 690 γάρ
2593 619 2853 686 στοιχεῖον
2882 613 2942 667 τὺ
2972 613 3018 664 Π
3051 610 3157 678 (50)
3194 608 3290 659 σὺν
3333 605 3430 675 μὲν
3460 602 3539 670 τῷ
3573 602 3694 690 ἐπι-

2107 717 2269 784 σήμῳ
2292 689 2687 780 όγδοάδαγεῖναι
2717 706 2962 758 θέλουσιν
2994 701 3102 755 άπὸ
3135 699 3225 752 τού
3256 694 3472 769 πρώτου
3504 689 3694 784 ὀγδόου

2110 806 2361 876 κείμενον
2387 802 2552 856 τόπου
2579 802 2617 854 ¹.
2652 796 2787 852 Εἶτα
2815 795 2976 850 πάλιν
3010 793 3140 846 ἄνευ
3173 789 3266 842 τού
3294 786 3567 856 ἐπισήμου
3596 779 3698 849 ψη*

2110 899 2358 968 φίζοντες
2390 897 2482 950 τὸν
2516 892 2749 966 ἀριθμὸν
2780 887 2960 942 αὐτῶν
2986 885 3093 938 τῶν
3123 881 3422 951 στοιχείων,
3459 875 3554 927 καὶ
3582 875 3694 924 ὲπι-

2114 964 2394 1044 συνθέντες
2417 964 2576 1057 μέχρι
2597 984 2690 1037 τοῦ
2720 983 2800 1042 Ην,
2825 980 2921 1050 τὴν
2942 973 3304 1048 τριακοντάδα
3327 964 3697 1023 ἐπιδεικνύου-

2114 1100 2216 1134 σιν.
2251 1080 2581 1151 ’Λρξάμενος
2598 1078 2712 1147 γάρ
2731 1073 2838 1127 ἀπὸ
2859 1071 2954 1124 τού
2981 1069 3181 1136 Ἄλφα,
3210 1063 3305 1117 καὶ
3324 1057 3697 1122 τελευτῶνβίς

2110 1175 2172 1226 τὸ
2200 1175 2266 1235 ll,
2308 1146 2385 1242 τῷ
2423 1146 2550 1241 ἀριθ
2563 1167 2646 1239 μῷ
2677 1146 2785 1219 τῶν
2817 1160 3114 1232 στοιχείων,
3147 1151 3615 1224 ὑπεξαιρούμενος
3631 1146 3699 1248 δὲ

2113 1266 2173 1318 τὸ
2213 1263 2505 1332 ἐπίσημον,
2553 1261 2646 1314 καὶ
2697 1254 3065 1316 ὲπισυντιθεὶς
3107 1249 3207 1320 τὴν
3251 1242 3550 1312 ἐπαύξησιν
3591 1242 3699 1290 τῶν

2116 1328 2479 1428 γραμμάτων,
2537 1353 2760 1421 εὑρήσει
2810 1347 2900 1400 τὸν
2947 1344 3056 1397 τῶν
3099 1339 3397 1413 τριάκοντα
3445 1328 3696 1428 ἀριθμόν.

2321 1447 2430 1516 γὰρ
2460 1445 2550 1496 τοῦ
2578 1448 2631 1490 H'
2658 1445 2676 1473 ²
2706 1439 2970 1509 στοιχείου
3003 1430 3393 1488 πεντεκαίδεκα
3435 1424 3697 1494 γίνονται.

2120 1542 2352 1592 Ἔπειτα
2390 1534 2710 1607 προστεθεὶς
2744 1532 2928 1593 αὐτοῖς
2961 1531 2990 1582 ὁ
3021 1527 3129 1580 τῶν
3160 1522 3302 1576 ἑπτὰ
3351 1515 3607 1589 ἀριθμὸς,
3645 1511 3700 1562 B'

2119 1636 2214 1687 καὶ
2239 1634 2298 1684 K'
2335 1630 2648 1684 ἀπετέλεσε.
2694 1620 3014 1696 Προσελθὼν
3045 1617 3254 1677 τούτοις
3283 1611 3344 1665 τὸ
3375 1613 3456 1673 ll',
3489 1609 3517 1660 ὃ
3556 1609 3703 1659 ἐστιν

2119 1724 2284 1780 ὀκτὼ.
2316 1723 2413 1792 τὴν
2448 1717 2907 1790 θαυμασιωτάτην
2933 1708 3294 1785 τριακοντάδα
3322 1702 3701 1792 ἀνεπλήρωσε³

2119 1817 2227 1870 Καὶ
2258 1812 2512 1867 ἐντεῦθεν
2540 1808 2954 1864 ἀποδεικνύουσι
2985 1803 3082 1874 τὴν
3109 1799 3337 1869 όγδοάδα
3364 1793 3574 1867 μητέρα
3596 1788 3706 1842 τῶν

2117 1908 2410 1978 τριάκοντα
2436 1901 2668 1956 αἰώνων.
2704 1899 2855 1951 Ἐπεὶ
2879 1892 2970 1950 οὖν
2998 1897 3055 1946 ὲν
3075 1887 3400 1963 τριάκοντα³
3422 1882 3708 1951 δυνάμεων

2121 1997 2326 2065 ἥνωται
2348 1995 2375 2045 ὁ
2399 1992 2505 2044 τῶν
2534 1989 2590 2044 Λ’
2620 1988 2870 2060 ἀριθμὸς,
2900 1985 3052 2056 τρεῖς
3071 1983 3088 2012 ⁵
3119 1979 3281 2040 αὐτὸς
3306 1974 3617 2044 γενόμενος,
3640 1967 3711 2020 τὰ

2124 2089 2440 2156 ἐνενήκοντα
2467 2083 2708 2152 ἐποίησε.
2735 2081 2894 2150 Τρεῖς
2917 2079 3026 2146 γὰρ
3049 2074 3342 2146 τριάκοντα
3364 2067 3704 2136 ἐνενήκοντα.

2123 2179 2233 2230 Καὶ
2263 2177 2399 2248 αύτὴ
2427 2177 2484 2228 δὲ
2516 2178 2549 2244 ἡ
2579 2173 2758 2244 τριὰς,
2793 2172 2876 2238 ἐφ’
2921 2167 3124 2236 ἑαυτῆς
3171 2161 3511 2218 συντεθεῖσα,
3553 2153 3710 2208 ἐννέα

2125 2271 2434 2340 ἐγέννησεν.
2469 2267 2624 2319 Οὕτω
2651 2265 2706 2316 δὲ
2825 2263 3018 2330 ὀῗδοᾶς
3045 2259 3143 2328 τῆς
3187 2255 3295 2308 τῶν
3336 2249 3533 2305 ἐννέα,
3577 2243 3709 2316 παρ’
3733 2312 3748 2316 --

2125 2365 2308 2425 αὐτοῖς
2355 2359 2667 2428 ἀπεκύησεν
2712 2355 2965 2428 ἀριθμόν.
3014 2351 3124 2404 Καὶ
3171 2346 3294 2400 ἐπεὶ
3336 2346 3366 2397 ό
3411 2341 3711 2404 δωδέκατος

2127 2454 2271 2507 Λίὼν
2304 2452 2548 2513 ἀποστὰς
2578 2445 2864 2515 κατέλειψε
2893 2445 3018 2506 τοὺς
3049 2441 3162 2494 άνω
3196 2439 3216 2468 ⁸
3251 2435 3469 2495 ἕνδεκα,
3508 2431 3713 2485 κατάλ-

2127 2547 2287 2618 ληλον
2316 2545 2532 2613 λέγουσι
2559 2543 2647 2594 τὸν
2669 2539 2838 2594 τύπον
2866 2536 2976 2590 τῶν
3001 2533 3348 2604 γραμμάτων
3369 2526 3448 2598 τῷ
3474 2527 3716 2598 σχήματι

2129 2617 2221 2692 τοῦ
2257 2639 2430 2707 Λόγου
2470 2634 2702 2690 κεῖσθαι.
2751 2631 3065 2685 Ἑνδέκατον
3095 2626 3206 2697 γὰρ
3239 2621 3348 2676 τῶν
3373 2617 3718 2691 γραμμάτων

2131 2737 2307 2784 κεῖται
2340 2730 2402 2780 τὸ
2429 2730 2508 2791 A',
2534 2727 2562 2779 ὅ
2585 2729 2729 2778 ἐστιν
2756 2721 2989 2793 ἀριθμὸς
3021 2717 3130 2770 τῶν
3155 2714 3234 2776 A',
3265 2714 3359 2766 καὶ
3388 2711 3509 2764 κατ’
3534 2707 3720 2762 εἰκόνα

2132 2823 2364 2880 κεῖσθαι.
2397 2823 2495 2891 τῆς
2514 2818 2625 2872 ἄνω
2649 2815 2982 2883 οἰκονομίας.
3030 2807 3248 2878 Ἐπειδὴ
3284 2805 3393 2860 ἀπὸ
3418 2802 3511 2856 τοῦ
3543 2801 3724 2868 ’Ἄλφα

2132 2913 2301 2984 χωρὶς
2323 2911 2416 2964 τοῦ
2437 2909 2710 2979 ἐπισήμου
2738 2903 2914 2959 αὐτῶν
2938 2901 3045 2955 τῶν
3070 2897 3416 2970 γραμμάτων
3435 2897 3463 2947 ὁ
3487 2891 3724 2964 ἀριθμὸς

2133 3008 2236 3066 ἓως
2267 3004 2359 3057 τοῦ
2404 3001 2460 3055 Λ’
2496 2998 2875 3066 συντιθέμενος
2916 2993 3059 3048 κατὰ
3095 2991 3191 3063 τὴν
3227 2985 3577 3059 παραύξησιν
3614 2981 3726 3035 τῶν

442 3110 800 3180 quzerendum
828 3111 914 3164 sui
945 3111 1124 3166 simile
1147 3112 1520 3176 descendisse,
1552 3123 1611 3166 ut
1643 3113 2028 3167 duodecimum

2136 3096 2480 3168 γραμμάτων
2513 3094 2607 3145 σὺν
2635 3088 2785 3158 αύτῷ
2807 3088 2883 3156 τῷ
2906 3089 2962 3140 Λ¹
2983 3087 3075 3138 τὸν
3105 3083 3213 3137 τῶν
3242 3075 3725 3151 ὲνενηκονταεννέα

3405 3169 3670 3186 .-.μ

442 3200 691 3269 impleret
720 3220 732 3256 :
767 3201 931 3271 idque
970 3218 1034 3257 eo
1067 3211 1286 3274 reperto
1321 3214 1681 3258 consecutum
1717 3220 1860 3266 esse,
1891 3205 2028 3259 satis

440 3293 614 3360 ipsam
661 3294 916 3348 elementi
944 3295 1171 3364 liguram
1209 3311 1461 3365 arguere.
1501 3296 1714 3366 Quippe
1747 3298 1792 3350 Λ
1829 3297 1896 3350 ad
1943 3297 2031 3351 sui

441 3384 642 3438 similis
675 3385 1085 3454 inquisitionem
1117 3388 1434 3447 adveniens.
1467 3405 1588 3444 cum
1624 3389 1755 3443 illud
1790 3391 2031 3444 invenis-

443 3483 548 3537 set,
580 3487 631 3528 et
660 3475 727 3528 ad
759 3493 880 3530 sese
922 3478 1219 3547 rapuisset,
1250 3480 1563 3534 duodecimi
1610 3480 1791 3534 locum
1839 3481 2032 3551 imple-

446 3568 544 3620 vit.
579 3567 734 3622 Unde
773 3578 826 3622 et
859 3568 908 3621 Μ
957 3579 1213 3624 asserunt
1252 3586 1316 3625 ex
1350 3573 1554 3641 duplici
1591 3575 1682 3626 ΛΛ
1729 3589 1853 3628 esse
1899 3589 2033 3628 con-

446 3666 675 3712 textura.
720 3657 1126 3728 Proptereaque
1175 3661 1476 3729 nonaginta
1527 3676 1721 3714 novem
1757 3661 2032 3730 regionem

448 3751 598 3819 ipsos
623 3750 933 3818 cognitione
973 3750 1179 3821 fugere,
1217 3750 1489 3805 defectum
1533 3751 1764 3817 scilicet,
1799 3766 1862 3806 ac
1893 3751 2032 3806 sini-

448 3850 576 3896 stra:
606 3858 802 3898 manus
838 3843 1101 3912 liguram:
1137 3859 1307 3898 unum
1351 3859 1481 3898 vero
1519 3844 1853 3906 consectari,
1887 3843 2032 3912 quod

451 3935 516 3989 ad
546 3951 672 3990 xeix
706 3935 952 3991 additum
993 3937 1242 3991 dextram
1277 3937 1426 4006 ipsos
1452 3935 1520 3990 ad
1543 3951 1764 3989 manum
1793 3944 2038 3990 transtu-

453 4030 596 4084 lerit.

527 4293 664 4348 Xlll.
707 4295 841 4348 Cum
897 4305 954 4350 tu
991 4297 1116 4362 ista,
1175 4297 1534 4353 cbarissime!
1574 4315 1883 4367 percurrcs.
1929 4315 2037 4353 non

2136 3193 2370 3243 ποιεῖται
2406 3185 2658 3257 ἀριθμόν.
2691 3184 2814 3235 Ὅτι
2842 3181 2898 3233 δὲ
2920 3181 2980 3232 τὸ
3004 3182 3067 3232 Λ¹
3090 3176 3376 3230 ἑνδέκατον
3405 3172 3465 3226 ὃν
3487 3173 3552 3242 τῇ
3574 3169 3725 3235 τάξει

2136 3283 2229 3334 ἐπὶ
2256 3281 2353 3351 τὴν
2384 3277 2476 3331 τοῦ
2509 3277 2696 3347 ὁμοίου
2734 3272 2899 3327 αὑτοῦ
2931 3270 3168 3340 κατῆλθε
3197 3268 3451 3340 ζήτησιν,
3481 3265 3569 3317 ἵνα
3599 3265 3728 3316 ἀνα-

2144 3372 2402 3442 πληρώσῃ
2436 3370 2526 3422 τὸν
2561 3368 2862 3421 δωδέκατον
2905 3363 3156 3434 ἁρε-Ἷμδν,
3202 3360 3298 3414 καὶ
3335 3358 3494 3428 εὐρὺν
3543 3354 3726 3414 αὑτὸν,

2137 3465 2452 3536 ἐπληρώθη,
2486 3462 2717 3532 φανερὸν
2748 3456 2887 3512 εἶναι
2919 3457 2976 3522 ἐξ
3005 3455 3170 3509 αύτού
3194 3454 3290 3508 τοῦ
3329 3455 3608 3522 σχήματος
3632 3447 3728 3501 τοῦ

2142 3560 2426 3628 στοιχείου.
2460 3557 2532 3608 Τὸ
2555 3555 2662 3625 γὰρ
2691 3556 2746 3607 Λ¹
2771 3552 2960 3623 ὥσπερ
2989 3551 3081 3602 ἐπὶ
3108 3549 3207 3618 τὴν
3236 3545 3330 3600 τού
3363 3543 3550 3616 ὁμοίου
3581 3539 3732 3610 αύτῷ

2143 3654 2372 3723 ζήτησιν
2419 3647 2887 3720 παραγενόμενον,
2935 3643 3029 3696 καὶ
3069 3639 3250 3710 εύρὸν,
3300 3637 3395 3690 καὶ
3429 3637 3509 3698 είς
3537 3632 3732 3686 ἑαυτὸν

2142 3721 2396 3816 ἁρπάσαν
2422 3741 2604 3800 αὑτὸν,
2637 3738 2736 3808 τὴν
2772 3733 2866 3788 τού
2905 3732 3210 3786 δωδεκάτου
3245 3727 3602 3796 ἀνεπλήρωσε
3626 3721 3736 3792 χώ-

2146 3815 2266 3908 ραν,
2293 3835 2386 3888 τοῦ
2411 3835 2476 3886 Μ’
2520 3829 2782 3900 στοιχείου
2809 3829 2873 3880 ὲκ
2896 3826 2989 3879 δύο
3012 3822 3068 3878 Λ⁹
3106 3819 3488 3890 συγκειμένου.
3524 3817 3617 3870 Διὸ
3639 3815 3736 3868 καὶ

2145 3907 2366 3997 ιρεύγειν
2396 3923 2561 3978 αὑτοῦ
2583 3924 2601 3954 ⁷
2627 3921 2715 3974 διὰ
2743 3921 2841 3990 τῆς
2863 3917 3117 3987 γνώσεως
3139 3913 3236 3984 τὴν
3261 3911 3370 3965 τῶν
3416 3909 3500 3978 ιβ’
3526 3907 3733 3980 χώραν,

2142 4019 2388 4072 τουτέστι
2422 4015 2484 4068 τὸ
2517 4013 2800 4084 ὑστέρημα
2830 4010 2940 4078 (51)
2973 4009 3144 4060 τύπον
3186 4004 3485 4076 ἀριστερᾶς
3529 4001 3734 4072 χειρός·

2149 4107 2503 4183 μεταδιώκειν
2527 4107 2582 4159 δὲ
2607 4106 2667 4158 τὸ
2693 4105 2771 4162 ἓν,
2795 4102 2822 4155 ὃ
2853 4100 3150 4172 προστεθὲν
3170 4101 3283 4160 τοῖς
3314 4099 3738 4164 ὲνενηκονταεν-

2146 4205 2260 4266 νέα,
2294 4206 2372 4265 εἰς
2405 4202 2502 4272 τὴν
2533 4197 2712 4265 δεξιὰν
2739 4196 2903 4250 αὐτοῦ
2926 4196 2946 4226 ⁸
2977 4197 3134 4264 χεῖρα
3161 4193 3486 4261 μετέστησε.

2222 4293 2320 4348 ll".
2363 4295 2436 4346 Σὺ
2478 4293 2575 4363 μὲν
2601 4291 2773 4343 ταῦτα
2803 4287 3172 4358 διερχόμενος,
3198 4281 3471 4352 ἀγαπητὲ,
3504 4275 3563 4332 εὖ
3598 4273 3737 4336 οῗδα.

454 4389 650 4441 dubito
690 4389 822 4457 quin
868 4389 1036 4445 hasce
1080 4391 1410 4446 vanissimas
1441 4392 1675 4462 ineptias
1712 4407 2030 4462 magnopere

2150 4391 2233 4442 δτι
2267 4387 2518 4454 γελάσεις
2567 4383 2736 4435 πολλά
2770 4381 2867 4450 τὴν
2908 4377 3165 4447 τοιαύτην
3205 4373 3386 4428 αὐτῶν
3423 4371 3742 4444 οίησίσοφον

533 4549 548 4579 ¹
585 4547 721 4602 lren.
757 4548 924 4618 ὀγδόῳ
949 4549 1116 4619 τόπῳ.
1203 4549 1223 4578 ³
1254 4548 1390 4602 lren.
1431 4547 1525 4601 τοῦ
1566 4550 1638 4601 E'.

461 4619 574 4673 ἄνω
605 4619 751 4682 τούς.
781 4620 844 4672 Et
874 4636 997 4673 mox
1058 4618 1411 4690 καταλλήλως
1435 4626 1488 4672 et
1519 4621 1575 4670 ὲν
1613 4618 1690 4688 τῷ
1728 4621 1825 4690 σχή
1838 4636 1898 4687 μ.

540 4798 651 4868 (50)
696 4799 766 4852 Τὸ
808 4800 917 4868 γὰρ
964 4799 1266 4869 στοιχεῖον
1305 4799 1370 4850 τὸ
1397 4800 1473 4861 Ill.
1515 4797 1784 4864 Insignis,
1817 4796 1935 4869 hoe
1962 4803 2048 4850 est

468 4866 741 4940 ἐπίσημος
777 4866 1058 4932 numerus,
1087 4866 1170 4924 est
1202 4886 1277 4932 vr,
1316 4871 1431 4923 sive
1473 4872 1564 4936 (ζ’.
1605 4868 1871 4940 Sie_apud
1895 4866 2043 4940 Hier.

469 4936 761 4994 comment.
792 4942 858 4994 ad
880 4941 1019 5009 psal.
1060 4957 1265 5005 Lxxvu,
1301 4955 1460 5008 quem
1492 4941 1668 4994 locum
1699 4936 2054 5009 Fronto__Du-

470 5027 619 5064 cacus
650 5013 717 5063 ad
753 5006 898 5066 lren.
932 5015 1129 5066 attulit.
1164 5006 1429 5076 Scriptum
1455 5022 1553 5073 est,
1598 5011 1795 5078 inquit,
1825 5010 1880 5061 in
1907 5006 2044 5060 Mat-

471 5081 640 5145 tha’o,
685 5092 734 5135 et
774 5083 1010 5145 Joanne,
1054 5081 1190 5152 quod
1233 5081 1490 5133 Dominus
1537 5079 1874 5152 nosterjtora
1901 5089 2054 5152 sexta

471 5151 766 5220 cruciﬁxus
805 5154 894 5206 sit.
945 5149 1176 5206 Rursum
1206 5153 1457 5218 scriptum
1487 5161 1563 5204 est
1605 5152 1661 5203 in
1691 5149 1898 5211 Marco,
1929 5151 2054 5218 quia

474 5223 611 5276 liora
644 5226 801 5277 tertia
827 5227 1114 5293 cruciﬁxus
1141 5224 1240 5293 sit.
1263 5222 1379 5274 Hoc
1401 5221 1607 5293 vidrelur
1636 5238 1747 5274 esse
1761 5223 2056 5293 diversum,

477 5295 568 5346 sed
604 5310 708 5347 non
751 5304 829 5348 est
864 5290 1147 5349 dive—rsum.
1200 5291 1365 5345 Error
1387 5292 1702 5361 scriptorum
1743 5291 1866 5361 fuit.
1909 5290 1976 5341 Et
2008 5291 2060 5341 in

480 5362 669 5417 Marco
696 5364 827 5419 hora
850 5376 999 5421 sexta
1026 5366 1147 5434 fuit.
1175 5363 1278 5417 Sed
1301 5363 1455 5434 multi
1492 5360 1778 5434 episemum
1820 5360 2064 5434 Caecum

480 5436 542 5499 (ἶ
572 5444 883 5501 putaverunt
913 5432 1109 5502 esse‘l‘,
1145 5436 1279 5488 sicut
1319 5443 1367 5487 et
1393 5432 1463 5484 ibi
1496 5449 1644 5486 error
1691 5433 1792 5502 fuit
1835 5432 2066 5502 scripto-

485 5519 625 5566 rum,
650 5516 707 5557 ut
755 5522 849 5573 pro
877 5501 1100 5573 Asaph,
1123 5504 1330 5558 Isaiam
1361 5503 1665 5573 scriberent.
1693 5501 1812 5555 Jam
1848 5501 1890 5554 si
1926 5501 2068 5554 litte-

487 5586 581 5624 ras
607 5571 798 5645 omnes
836 5571 1028 5630 ordine
1070 5589 1418 5645 percenseas,
1469 5588 1545 5627 ea:
1579 5571 1646 5624 ad
1682 5574 1727 5623 H
1749 5586 1924 5640 usque
1959 5585 2066 5645 xx};

486 5642 820 5708 coniiciunt,
866 5639 1089 5700 excluso
1133 5645 1384 5700 videlicet
1436 5660 1516 5706 ς,
1559 5657 1680 5712 quae
1724 5650 1808 5695 est
1840 5639 2066 5712 senarii

491 5717 625 5782 uota
657 5728 669 5762 :
703 5715 750 5765 ll
774 5729 936 5782 porro
967 5717 1020 5768 in
1073 5715 1374 5767 litterarum
1416 5715 1558 5767 serie
1581 5711 1849 5782 octavum
1886 5711 2066 5782 locum

491 5775 725 5846 obtinet,
761 5775 809 5840 si
856 5801 893 5848 ς
929 5784 1192 5855 adieceris
1214 5824 1227 5851 ,
1257 5785 1477 5852 dempto
1510 5798 1573 5838 eo
1606 5781 1917 5851 septimum.
1960 5778 2064 5833 Sed

1720 4549 1740 4578 ³
1782 4547 1920 4601 lren.
1959 4544 2144 4616 τριῶν.

1977 4610 2004 4648 τ’
2031 4617 2168 4670 lren.
2203 4610 2419 4673 αύτούς.

2219 4547 2240 4573 ⁵
2273 4541 2408 4596 lren.
2446 4538 2584 4609 τρίς.
2680 4538 2701 4568 ⁸
2733 4535 2885 4609 Iren._
2919 4534 3240 4601 ἐνενήκοντα
3297 4529 3473 4582 ἐννέα.
3553 4527 3573 4557 ⁸
3597 4524 3738 4579 lrcu.

2489 4603 2511 4640 ⁸
2554 4609 2696 4663 lren.
2728 4603 2944 4667 αύτούς.

2157 4801 2215 4848 ut
2244 4793 2310 4847 ad
2338 4791 2642 4860 episemum
2677 4783 2929 4860 redeam;
2961 4781 3182 4860 proprie
3216 4778 3490 4860 ἐπίσημον
3527 4773 3747 4856 insigne

2151 4873 2237 4919 est
2265 4902 2280 4926 ,
2327 4848 2442 4916 sive
2483 4869 2608 4912 nota
2640 4848 3091 4926 senarii‘nuiner'i
3113 4891 3128 4914 ,
3163 4851 3267 4926 hoc
3297 4857 3383 4902 est
3414 4848 3596 4926 ﬁgura
3629 4848 3750 4926 ipsa

2269 4915 2346 4988 ’δέ
2393 4947 2502 5001 quo
2535 4928 2658 5001 vide
2691 4943 2813 4995 qua:
2841 4923 3091 5001 ‘Scaliger
3146 4921 3403 4974 observat
3450 4915 3506 4970 in
3549 4915 3747 5001 Ευδιιξέ2

2152 4987 2377 5074 [3.105.
2413 4987 2496 5053 Ἀι
2545 4987 2783 5074 [reme-us
2837 4987 3109 5074 ἐπίσημον
3157 5004 3454 5074 numerum
3511 4987 3751 5074 appellat

2154 5057 2374 5142 ipsum.
2427 5069 2574 5140 quod
2623 5069 2888 5142 episemon
2934 5057 3103 5117 vetus
3156 5063 3430 5128 interpres
3487 5057 3748 5139 reddidit.

2151 5140 2263 5200 Nos
2313 5145 2572 5213 insignem
2620 5140 3303 5213 nominarenpossumus3
3360 5143 3487 5209 nam
3545 5143 3753 5196 mstgne

2161 5226 2344 5270 notam
2389 5201 2451 5267 ac
2498 5214 2746 5281 ﬁguram
2769 5201 3040 5278 signiﬁcat
3068 5222 3086 5281 :_
3113 5201 3256 5256 unde
3289 5201 3522 5278 insignis
3556 5213 3754 5281 nume-

2163 5305 2287 5351 rus,
2337 5285 2428 5354 qui
2465 5276 2698 5350 insigni,
2740 5276 2841 5332 hoc
2872 5285 2957 5332 est
3002 5276 3274 5344 episemo,
3332 5276 3448 5324 sive
3485 5277 3614 5323 nota
3651 5283 3753 5321 ex-

2167 5358 2324 5427 primi
2354 5355 2515 5427 solet.

2237 5403 2675 5495 isi-)WToutéO'n
2721 5418 2796 5495 Tt)_
2832 5417 3176 5495 ὑστέρημα..
3204 5410 3339 5493 llaec
3385 5425 3453 5464 ex

2169 5475 2496 5567 10.}:1éia'per
2537 5502 2741 5567 gestuin
2788 5475 3075 5555 intelliges".
3113 5483 3216 5567 Ubi
3245 5475 3758 5567 veteresdoeetnad

2170 5556 2292 5622 xc'ix
2367 5556 2557 5633 usque'
2601 5562 2840 5614 sinistra:
2908 5571 3104 5633 manus
3155 5556 3356 5633 digitis
3401 5561 3758 5633 numerasse;

2173 5619 2392 5692 centum
2418 5619 2546 5688 vei-0
2572 5633 2924 5702 reliquosque
2948 5628 3203 5696 deinceps
3237 5619 3587 5679 centenarios
3631 5619 3763 5672 des-

2173 5717 2256 5763 tra
2289 5713 2655 5776 computassc.
