4156 6358
467 406 570 460 609

1064 400 1434 455 ADVERSUS
1472 401 1815 455 HAERESES
1856 403 1981 457 LIB.
2026 404 2066 457 Ι.
2108 402 2271 460 ΤΟΜ.
2314 402 2404 459 Ill.
2446 436 2514 445 —-
2554 402 2825 459 llAZRES.
2870 403 3107 461 XXXIV.

3629 406 3738 462 6ἲο

469 519 703 595 μωρίαν.
742 515 915 581 Ἀξιοι
943 516 999 567 δὲ
1026 515 1252 579 πένθους
1281 519 1329 569 οἱ
1358 518 1692 589 τηλικαύτην
1720 518 2052 583 θεοσέϐειαν,

2158 521 2428 575 dcrideas.
2478 519 2583 574 Sed
2652 520 2972 590 deplorandi
3021 522 3379 577 nihilominus
3432 532 3592 585 sunt,
3645 526 3737 593 qui

466 614 559 665 καὶ
587 610 648 663 τὸ
682 608 909 680 μέγεθος
942 608 1043 679 τῆς
1069 611 1313 680 ’ἀρρήτου
1341 609 1641 680 δυνάμεως,
1678 611 1772 663 καὶ
1803 612 1900 674 τὰς
1929 630 2053 665 τοσ-

467 703 637 767 αύτας
685 700 996 770 οἰκονομίας
1028 700 1122 752 τοῦ
1162 700 1318 762 Θεοῦ,
1359 700 1447 753 διά
1477 702 1572 754 τοῦ
1602 702 1800 771 Ἀλφα,
1837 704 1930 755 καὶ
1959 705 2052 757 τοῦ

469 796 649 867 Βῆτα,
691 794 784 846 καὶ
816 793 882 845 δι’
910 791 1161 864 ἀριθμῶν
1193 791 1336 845 οὑτω
1375 791 1598 862 ψυχρῶς
1635 792 1729 845 καὶ
1762 792 2055 863 βεϐιασμέ-

469 900 573 949 νως
614 883 986 952 διασύροντες.
1032 883 1187 936 Ὅσοι
1233 883 1290 935 δὲ
1324 884 1651 952 ἀφίστανται
1686 883 1788 953 τῆς
1831 884 2056 955 Ἐκκλη-

471 977 613 1041 σίας,
658 976 755 1030 καὶ
784 975 998 1039 τούτοις
1046 978 1161 1039 τοῖς
1200 974 1473 1047 γραώδεσι
1518 975 1709 1045 μύθοις
1754 976 2051 1041 πείθονται,

469 1068 687 1139 ἀληθῶς
731 1067 1205 1137 αὑτοκατάκριτοι’
1255 1066 1348 1130 οὓς
1389 1069 1418 1119 ὁ
1461 1067 1669 1131 Παῦλος
1704 1066 2055 1137 ὲγκελεὺεται

468 1162 603 1231 ἡμῖν
630 1159 769 1231 μετά
794 1159 921 1230 μίαν
945 1161 1036 1213 καὶ
1061 1160 1320 1232 δευτέραν
1344 1162 1626 1215 νουθεσίαν
1649 1161 2051 1233 παραιτεῖσθαι.

483 1249 735 1321 Ἰωάννης
760 1248 817 1301 δὲ
848 1250 875 1302 ὁ
904 1249 995 1303 τοῦ
1025 1251 1232 1320 Κυρίου
1270 1250 1516 1321 μαθητὴς
1555 1251 1797 1304 ἐπέτεινε
1827 1253 1924 1322 τὴν
1957 1270 2057 1305 κα-

470 1342 695 1412 ταδίκην
729 1341 930 1406 αὑτῶν,
966 1343 1103 1414 μηδὲ
1140 1343 1353 1415 χαίρειν
1380 1344 1565 1406 αὑτοῖς
1598 1344 1687 1412 ὑφ’
1718 1343 1869 1413 ὑμῶν
1905 1343 2058 1412 λέγε-

475 1436 597 1489 σθαι
626 1434 931 1505 βουληθείς.
965 1436 1017 1487 Ὀ
1043 1436 1151 1505 γὰρ
1172 1436 1368 1504 λέγων
1393 1436 1618 1499 αὐτοῖς,
1642 1436 1796 1506 φησὶ,
1828 1437 2058 1504 χαίρειν

472 1525 751 1580 κοινωνεῖ
784 1526 912 1591 τοῖς
951 1527 1149 1595 ἔργοις
1191 1526 1389 1581 αὐτῶν
1426 1527 1551 1592 τοῖς
1594 1526 1897 1592 πονηροῖς.
1948 1527 2057 1579 Καὶ

473 1618 716 1681 εἰκότως.
753 1620 873 1670 Οὐκ
901 1619 1032 1671 ἔστι
1068 1619 1177 1687 γὰρ
1201 1620 1431 1686 χαίρειν
1460 1618 1583 1683 τοῖς
1610 1617 1877 1681 ἀσεϐέσι,
1909 1618 2057 1687 λέγει

473 1708 699 1781 Κύριος.
745 1709 990 1773 Ἀσεὸεῖς
1027 1710 1085 1762 δὲ
1127 1711 1264 1781 ὑπὲρ
1314 1712 1492 1763 πᾶσαν
1532 1709 1782 1762 ἀσέϐειαν
1813 1703 1977 1773 οῦτοι,
2009 1713 2057 1763 οἱ

474 1803 563 1856 τὸν
598 1802 831 1874 ποιητὴν
861 1801 1092 1872 ούρανοῦ
1124 1803 1218 1855 καὶ
1253 1802 1355 1873 γῆς
1398 1803 1556 1873 μόνον
1586 1802 1717 1855 Θεὸν
1746 1804 2055 1874 παντοκρά-

2158 622 2265 665 tam
2302 620 2713 666 sacrosanctam
2739 614 3081 682 religionem,
3116 630 3350 683 vereque
3376 615 3737 683 inexplicabi-

2156 703 2225 755 lis
2257 702 2513 772 potentia:
2546 701 2998 771 magnitudinem,
3039 710 3241 755 tantam
3289 702 3524 771 denique
3567 701 3738 755 divini

2156 790 2407 845 Numinis
2442 790 2839 860 providentiam
2884 808 2980 861 per
3010 793 3139 846 illud
3183 809 3341 846 suum
3378 793 3560 861 alpha,
3591 792 3736 856 beta,

2158 892 2495 953 caeterosque
2535 898 2796 938 numeros
2837 892 2946 936 tam
2990 883 3186 953 frigide
3219 885 3595 953 violenterque
3631 891 3741 936 tra-

2158 976 2381 1029 dncant.
2414 976 2492 1029 Ac
2533 977 2849 1046 quicunque
2884 994 2941 1032 se
2968 977 3133 1048 243
3164 978 3232 1030 ab
3271 976 3516 1029 Ecclesia
3555 990 3739 1045 segreo

2160 1076 2311 1138 gant,
2340 1076 2399 1121 ut
2437 1068 2503 1123 ad
2535 1069 2709 1123 aniles
2736 1069 2902 1124 hasce
2932 1069 3146 1123 fabulas
3183 1070 3578 1131 adhaerescant,
3607 1083 3740 1123 sane

2161 1160 2481 1228 suometipsi
2513 1159 2722 1228 judicio
2760 1160 3003 1214 damnati
3044 1169 3172 1213 sunt
3200 1180 3213 1210 :
3244 1176 3384 1228 quos
3435 1159 3737 1213 secundum

2159 1268 2321 1306 unam
2374 1254 2713 1322 alteramque
2766 1255 3167 1323 correptioncm
3240 1253 3480 1307 devitarc
3536 1252 3739 1306 Paulus

2160 1340 2412 1393 hortatus
2452 1339 2843 1396 esthJoannes
2875 1356 3004 1396 vero
3037 1340 3244 1394 Christi
3284 1342 3587 1411 discipulus
3632 1355 3742 1393 ma-

2153 1431 2274 1500 jore
2322 1433 2445 1486 illos
2508 1448 2668 1501 poena
2724 1432 3129 1494 condemnavit,
3187 1448 3310 1485 cum
3381 1448 3448 1487 ne
3505 1433 3738 1487 salutari

2159 1523 2375 1592 qmdcm
2417 1539 2444 1576 a
2475 1525 2635 1579 nobis
2672 1525 2929 1593 patiatur.
2964 1523 3063 1588 Qui
3087 1526 3248 1589 enim,
3272 1524 3470 1595 inquit,
3503 1541 3595 1577 are
3626 1524 3737 1577 illis

2159 1615 2391 1680 dixerit,
2442 1616 2796 1669 communicat
2858 1614 3102 1684 operibus
3159 1615 3375 1669 illorum
3426 1615 3672 1684 malignis
3693 1614 3736 1667 ⁸.

2159 1705 2354 1762 Merito
2391 1721 2542 1762 sane.
2590 1707 2769 1777 Neque
2796 1708 2936 1761 enim
2964 1722 3070 1775 pax
3104 1717 3181 1761 est
3225 1706 3423 1775 impiis,
3457 1705 3590 1759 dicit
3634 1704 3741 1756 Do-

2160 1798 2344 1851 minus
2367 1798 2409 1850 “.
2457 1796 2525 1850 At
2568 1797 2800 1851 istorum
2844 1797 3099 1866 impietas
3140 1798 3473 1867 impietatem
3521 1809 3736 1851 omnem

474 1911 629 1966 τορα,
659 1893 799 1965 ὑπὲρ
822 1893 880 1945 ὃν
908 1893 1066 1958 ἄλλος
1096 1894 1228 1957 Θεὸς
1253 1895 1353 1947 οὑκ
1380 1894 1548 1958 ἔστιν,
1582 1894 1639 1959 ἐξ
1663 1896 2057 1966 ὑστερήματος,

2164 1896 2386 1958 superat
2417 1906 2430 1941 :
2457 1890 2547 1958 qui
2579 1890 2702 1942 cceli
2736 1898 3001 1958 terrisque
3031 1888 3439 1952 fabricatorem,
3472 1874 3534 1941 ac
3561 1889 3735 1943 solum

476 1985 573 2038 καὶ
614 1985 777 2038 αὑτοῦ
818 1984 877 2049 ἐξ
906 1984 1067 2038 ἄλλου
1100 1986 1479 2057 ὑστερήματος
1510 1987 1814 2055 γεγονότος,
1860 1988 2058 2057 προϐε-

476 2074 707 2145 ϐλῆσθαι
729 2075 1000 2144 λέγοντες
1030 2076 1172 2128 ὥστε
1204 2078 1326 2130 κατ’
1355 2077 1553 2140 αὐτοὺς
1576 2074 1713 2130 εἶναι
1738 2079 1902 2131 αὑτὸν
1929 2098 2060 2151 προ-

476 2166 637 2238 ϐολὴν
663 2167 847 2237 τρίτου
875 2168 1274 2239 ὑστερήματος.
1318 2170 1418 2223 Ἢν
1449 2167 1674 2240 γνώμην
1704 2168 1871 2233 ὅντως
1900 2187 2061 2223 κατα-

475 2259 844 2328 φυσήσαντας,
872 2259 965 2312 καὶ
1001 2258 1569 2329 καταθεματίσαντας,
1593 2259 1709 2311 δέον
1736 2260 1925 2330 πόρρω
1957 2278 2057 2312 που

476 2349 696 2420 μακράν
748 2352 938 2419 φυγεῖν
985 2351 1083 2401 ἀπ’
1118 2350 1330 2414 αὑτῶν,
1379 2350 1472 2403 καὶ
1597 2349 1758 2402 πλέον
1792 2350 2058 2421 διισχυρί-

474 2439 679 2503 ζονται.
710 2442 805 2495 καὶ
838 2441 1122 2512 χαίρουσιν
1154 2443 1246 2495 ἐπὶ
1279 2445 1389 2506 τοῖς
1417 2443 1830 2513 παρευρέμασιν
1858 2442 2056 2506 αὐτῶν,

471 2531 644 2604 ταύτῃ
674 2533 874 2603 μᾶλλον
908 2534 1107 2587 εἰδέναι
1139 2533 1302 2586 πλέον
1336 2534 1533 2597 αὑτοὺς
1570 2534 1914 2605 ἐνεργεῖσθαι
1954 2535 2060 2588 ὑπὸ

470 2622 574 2694 τῆς
606 2624 855 2692 ὀγδοάδος
887 2625 994 2679 τῶν
1040 2626 1292 2697 πονηρῶν
1334 2626 1682 2695 πνευμάτων’
1721 2626 1972 2697 καθάπερ
2010 2629 2060 2680 οἱ

472 2714 553 2777 εἰς
586 2714 863 2785 φρενίτιδα
893 2716 1136 2770 διάθεσιν
1169 2716 1524 2787 ἐμπεσόντες,
1638 2716 1799 2769 πλέον
1836 2716 2057 2783 γελῶσι,

475 2807 570 2860 καὶ
593 2806 797 2877 ἰσχύειν
819 2808 1090 2872 δοκοῦσιν,
1115 2810 1210 2862 καὶ
1232 2809 1308 2872 ὡς
1333 2808 1668 2877 ὑγιαίνοντες
1693 2809 1869 2861 πάντα
1895 2808 2061 2879 πράτ-

473 2915 649 2966 τουσι,
688 2898 806 2953 ἔνια
838 2900 894 2953 δὲ
932 2902 1029 2953 καὶ
1060 2901 1201 2973 ὑπὲρ
1234 2900 1295 2954 τὸ
1327 2901 1615 2968 ὑγιαίνειν,
1655 2899 1829 2972 ταύτῃ
1861 2900 2060 2971 μᾶλλον

474 2990 661 3054 κακῶς
681 2990 917 3062 ἔχουσιν.
957 2993 1192 3063 Ὁμοίως
1211 2993 1267 3046 δὲ
1289 2994 1385 3046 καὶ
1416 2985 1585 3051 οῦτοι,
1670 2992 1867 3061 μᾶλλον
1894 2994 2063 3063 ὑπερ-

474 3082 691 3148 φρονεῖν
724 3080 963 3147 δοκοῦσι,
1015 3081 1107 3134 καὶ
1149 3080 1844 3153 ὲκνευρίζουσινὲαυτοὺς,
1890 3084 2060 3154 ὑπέρ-

471 3185 599 3222 τονα
650 3170 992 3238 τοξεύοντες,
1056 3171 1229 3244 ταύτῃ
1287 3173 1487 3243 μᾶλλον
1543 3176 1604 3228 οὑ
1667 3174 2056 3247 σωφρονοῦσιν.

484 3260 729 3361 ΪΕξελθὸν
777 3262 885 3333 γὰρ
929 3264 989 3316 τὸ
1034 3265 1347 3336 ἀκάθαρτον
1392 3267 1611 3337 πνεῦμα
1662 3269 1762 3338 τῆς
1812 3268 2055 3336 ἀγνοίας,
2087 3300 2130 3361 C

470 3352 662 3409 ἔπειτα
693 3358 1052 3428 σχολάζοντας
1096 3362 1296 3424 αὐτοὺς
1327 3361 1388 3414 οὐ
1421 3362 1560 3432 Θεῷ,
1607 3364 1742 3417 ἀλλά
1767 3369 2058 3434 κοσμικαῖς

470 3446 762 3518 ζητήσεσιν
808 3449 989 3521 εὐρὺν,
1041 3452 1505 3523 προσπαραλαϐὸν
1557 3454 1720 3526 ἕτερα
1772 3454 2058 3523 πνεύματα

469 3539 611 3593 ἑπτὰ
643 3543 983 3614 πονηρότερα
1019 3544 1239 3607 ἑαυτοῦ,
1288 3545 1380 3598 καὶ
1418 3546 1705 3634 χαξνῶσαν
1744 3548 1923 3601 αὑτῶν
1960 3547 2057 3617 τὴν

469 3632 717 3703 γνώμην,
746 3633 821 3698 ὡς
848 3635 1162 3705 δυναμένων
1184 3636 1252 3689 τὰ
1282 3637 1422 3708 ὑπὲρ
1443 3632 1533 3690 τὸν
1561 3638 1692 3691 Θεὸν
1718 3642 1938 3704 ἐννοεῖν,
1964 3640 2059 3692 καὶ

470 3722 778 3796 ἐπιτήδειον
822 3728 904 3791 εἰς
946 3728 1380 3799 ὑπερέκκρουσιν
1407 3732 1421 3760 ¹
1468 3731 1912 3793 κατασκευάσαν,
1958 3732 2056 3802 τὴν

468 3811 696 3881 ὁγδοάδα
741 3815 844 3884 τῆς
887 3817 1116 3881 ἀνοίαςί
1143 3818 1251 3872 τῶν
1305 3819 1560 3891 πονηρῶν
1610 3821 1937 3891 πνευμάτων
1979 3822 2058 3883 εἰς

468 3904 667 3970 αὐτοὺς
698 3907 1028 3979 ὲνεθήκωσε.

541 4185 638 4240 IA'.
680 4186 949 4259 Βούλομαι
983 4188 1040 4242 δέ
1098 4206 1182 4242 σοι
1248 4191 1343 4244 καὶ
1394 4191 1467 4255 ὼς
1528 4192 1694 4263 αὐτὴν
1748 4192 1847 4262 τὴν
1877 4191 2055 4245 κτίσιν

470 4278 590 4331 κατ’
619 4279 804 4332 εἰκόνα
852 4278 961 4333 τῶν
1010 4280 1258 4351 ἀοράτων
1297 4282 1401 4335 ὑπὸ
1430 4281 1524 4335 τοῦ
1563 4283 1904 4355 Δημιουργοῦ
1930 4322 1945 4347 ,
1980 4283 2055 4346 ὡς

471 4367 792 4437 ἀγνοοῦντος
830 4370 1030 4433 αὑτοῦ,
1073 4372 1509 4425 κατεσκευάσθαι
1556 4373 1643 4426 διὰ
1687 4373 1788 4443 τῆς
1834 4374 2055 4444 Μητρὸς

470 4458 719 4529 λέγουσι,
786 4460 1167 4530 διηγήσασθαι.
1228 4463 1450 4534 Πρῶτον
1513 4463 1611 4533 μὲν
1673 4464 1741 4517 τά
1814 4464 2055 4535 τέσσαρα

474 4552 716 4622 στοιχεῖά
766 4569 919 4621 φασι,
962 4552 1094 4624 πῦρ,
1142 4553 1303 4625 ὕδωρ,
1344 4556 1470 4625 γῆν,
1505 4556 1662 4626 ἀέρα,
1695 4556 1877 4609 εἰκόνα
1920 4573 2053 4626 προ-

2162 1982 2587 2050 omnipotentem
2628 1980 2817 2043 Deum,
2861 1996 3025 2050 supra
3061 1997 3221 2051 quem
3260 1982 3441 2035 nullus
3475 1980 3616 2033 alius
3654 1988 3739 2033 est

2161 2071 2327 2136 Deus,
2369 2088 2434 2126 ex
2478 2071 2715 2136 defectu,
2760 2072 2851 2141 qui
2893 2080 2947 2125 et
2989 2073 3101 2139 ipse
3130 2088 3196 2125 ex
3232 2073 3341 2126 alio
3371 2072 3440 2126 sit
3467 2080 3622 2125 ortus
3647 2071 3742 2124 dce

2162 2163 2337 2227 fectu,
2385 2163 2690 2217 derivatum
2745 2163 3090 2227 existimant,
3140 2172 3199 2216 ut
3247 2179 3313 2217 ex
3364 2163 3580 2217 illorum
3625 2163 3742 2231 opi-

2162 2255 2327 2309 nione
2359 2255 2522 2308 tertio
2546 2255 2782 2323 quodam
2813 2270 2880 2309 ex
2910 2255 3123 2309 defectu
3157 2255 3439 2324 prodierit.
3472 2253 3588 2320 Qua
3620 2254 3744 2323 qui-

2161 2343 2283 2398 dem
2313 2344 2536 2413 explosa
2570 2345 2934 2413 damnataque
2968 2346 3238 2399 sententia
3259 2382 3273 2406 ,
3313 2344 3499 2413 procul
3536 2343 3603 2396 ab
3635 2343 3744 2396 illis

2161 2436 2479 2506 fugiendum
2511 2444 2596 2491 est
2629 2455 2641 2489 :
2676 2451 2740 2489 ac
2779 2444 2986 2505 quanto
3026 2444 3153 2490 sunt
3187 2437 3241 2489 in
3282 2450 3469 2489 errore
3503 2435 3744 2503 pertina-

2161 2526 2360 2590 ciores,
2394 2527 2743 2595 inventisque
2773 2526 3027 2594 pessimis
3058 2528 3359 2596 impensius
3380 2527 3740 2589 delectantur,

2159 2623 2313 2670 tanto
2343 2632 2438 2671 eos
2471 2617 2644 2685 magis
2679 2617 2976 2686 putandum
3010 2626 3092 2672 est
3123 2618 3190 2670 ab
3221 2618 3740 2672 scelestissimorum

2159 2708 2466 2760 daemonum
2506 2706 2761 2776 Ogdoade
2786 2707 3075 2760 concitari.
3111 2705 3195 2760 Uti
3231 2708 3563 2776 phreneticis
3593 2708 3741 2761 acci-

2161 2798 2261 2860 dit,
2287 2798 2379 2868 qui
2408 2813 2516 2868 quo
2542 2799 2778 2867 amplius
2807 2797 3006 2862 rident,
3043 2814 3107 2851 ac
3140 2808 3329 2869 vegeto
3357 2815 3479 2854 esse
3514 2814 3746 2867 corpore

2159 2888 2435 2954 videntur,
2478 2888 2770 2957 omniaque
2805 2903 2904 2942 ceu
2941 2889 3184 2943 valentes
3222 2904 3285 2942 ac
3325 2891 3467 2955 sani,
3507 2904 3572 2943 ac
3607 2904 3743 2943 non-

2159 2981 2307 3035 nulla
2338 2981 2499 3035 etiam
2537 2981 2842 3050 aliquanto,
2875 2997 3037 3051 quam
3073 2982 3120 3036 si
3184 2985 3301 3036 sani
3336 2990 3542 3044 essent,
3582 2982 3744 3037 robu-

2162 3072 2300 3127 stius
2340 3081 2558 3143 gerunt,
2602 3088 2666 3127 co
2685 3088 2805 3128 sese
2834 3074 3075 3129 deterius
3111 3074 3330 3129 habent.
3364 3074 3624 3129 Similiter
3652 3077 3744 3132 isti

2161 3181 2269 3234 quo
2299 3165 2676 3220 vehementius
2705 3182 2898 3237 sapere
2924 3168 3194 3231 ridentur,
3222 3184 3390 3237 seque
3417 3168 3564 3238 ipsos
3593 3185 3747 3225 ener-

2161 3264 2311 3320 vant,
2346 3257 2475 3311 dum
2508 3258 2716 3312 intento
2748 3259 2893 3313 velut
2932 3260 3109 3314 aerius
3151 3275 3282 3313 arcu
3324 3262 3553 3329 sagittas
3586 3262 3745 3315 emit-

2162 3354 2302 3411 tunt,
2335 3363 2401 3403 eo
2422 3349 2640 3418 majore
2677 3350 2901 3404 vesania
2940 3358 3216 3404 tenentur.
3259 3351 3511 3421 lmpurus
3545 3353 3749 3423 quippe

2158 3440 2483 3509 ignorantim
2512 3440 2741 3509 spiritus
2760 3441 3052 3512 egrediens
3074 3483 3088 3507 ,
3120 3458 3325 3512 eosque
3352 3458 3459 3496 non
3490 3442 3620 3510 Deo,
3648 3443 3745 3499 sed

2160 3532 2405 3600 profanis
2451 3534 2847 3601 quaestionibus
2893 3533 3200 3603 implicatos
3268 3536 3548 3605 reperiens
3583 3577 3598 3601 ,
3649 3537 3746 3589 ad-

2157 3621 2346 3677 hibitis
2388 3631 2593 3692 septem
2622 3623 2744 3678 aliis
2766 3625 2945 3693 seipse
2978 3624 3337 3694 nequiorihus
3358 3627 3399 3690 ",
3441 3626 3749 3697 inilatisque

2158 3725 2297 3764 vana
2345 3713 2704 3779 persuasione
2746 3713 2962 3766 illorum
3008 3714 3228 3777 animis,
3262 3714 3419 3784 quasi
3457 3716 3540 3769 vel
3580 3731 3746 3785 supra

2162 3800 2327 3855 [leum
2374 3802 2552 3872 ipsum
2603 3804 2851 3858 attollere
2901 3819 2960 3857 se
3003 3806 3314 3873 cognitione
3359 3808 3600 3875 possint;
3655 3808 3744 3860 ubi

2159 3891 2387 3948 idoneos
2424 3902 2877 3964 opportunosque
2916 3895 3203 3951 fraudibus
3254 3898 3370 3952 suis
3424 3898 3747 3968 reddiderit,

2158 3984 2449 4053 quamdam
2482 3987 2802 4041 stoliditatis
2830 3986 3200 4057 improborum
3224 3989 3511 4058 spirituum
3529 3988 3748 4061 Ogdoa-

2157 4076 2279 4130 dem
2317 4077 2369 4129 in
2408 4077 2530 4131 illos
2566 4077 2831 4130 immittit.

2227 4191 2367 4247 XIV.
2408 4192 2521 4263 Age
2551 4210 2677 4249 vero
2712 4194 2844 4249 illud
2882 4195 3108 4261 insuper
3145 4211 3509 4265 exponamus,
3552 4212 3748 4266 quem-

2156 4282 2443 4337 admodum
2473 4294 2683 4339 creatas
2714 4299 2801 4339 res
2831 4299 3021 4339 omnes
3061 4284 3127 4338 ad
3168 4300 3380 4348 eorum,
3415 4300 3537 4355 quae
3569 4286 3746 4339 videri

2157 4381 2456 4443 nequeunt,
2492 4375 2904 4428 similitudinem
2943 4390 2973 4427 a
3012 4376 3297 4429 conditore
3330 4377 3408 4430 sic
3444 4376 3749 4445 productas

2156 4473 2428 4529 asserant,
2478 4474 2537 4519 ut
2586 4482 2650 4519 eo
2698 4466 2830 4535 quid
2878 4474 3061 4535 ageret
3108 4466 3410 4529 nesciente,
3470 4465 3746 4520 beneﬁcio

2157 4555 2344 4611 Matris
2375 4556 2707 4611 exstiterint.
2749 4556 3027 4626 Principio
3053 4558 3324 4613 elementa
3356 4558 3446 4611 illa
3483 4565 3742 4626 quatuor,

473 4644 766 4716 ϐεϐλῆσθαι
798 4646 896 4716 τῆς
929 4645 1041 4699 ἀνω
1079 4646 1301 4718 πρώτης
1346 4648 1633 4717 Τετράδος.
1665 4649 1776 4711 Τάς
1808 4666 1866 4701 τε
1904 4650 2054 4719 ἐνερ-

2158 4650 2359 4719 ignem,
2392 4664 2611 4718 aquam,
2654 4657 2878 4713 terram,
2920 4665 3124 4713 acrem,
3159 4649 3227 4703 ad
3263 4664 3490 4703 summa:
3524 4648 3744 4718 primae-

472 4737 625 4806 γείας
664 4735 843 4789 αὐτῶν
899 4735 1434 4808 συναριθμουμένας,
1475 4732 1585 4790 οἷον
1625 4736 1825 4809 θερμόν
1860 4754 1920 4790 τε
1959 4739 2054 4791 καὶ

472 4829 699 4900 ψυχρὸν,
734 4827 899 4899 ξηρόν
943 4846 1003 4881 τε
1055 4828 1151 4881 καὶ
1187 4828 1370 4900 ὑγρὸν,
1417 4828 1661 4899 ἀκριϐῶς
1707 4828 2053 4895 ἐξεικονίζειν

471 4920 571 4991 τὴν
624 4919 901 4988 Ὀγδοάδα.
955 4919 1113 4989 Ἑξῆς
1154 4919 1283 4972 δέκα
1327 4920 1586 4990 δυνάμεις
1635 4919 1777 4972 οὕτω
1825 4937 2043 4991 καταρι·

473 5008 720 5081 θμοῦσιν,
760 5011 899 5064 ὲπτά
930 5012 1028 5081 μὲν
1068 5010 1354 5081 σωματικά
1378 5012 1397 5042 ³
1426 5011 1734 5081 κυκλοειδῆ,
1777 5011 1813 5065 δι
1849 5013 1943 5064 καὶ
1968 5012 2058 5064 ού-

475 5104 669 5171 ρανοὺς
698 5102 974 5157 καλοῦσιν’
1010 5103 1204 5156 ἔπειτα
1231 5104 1322 5155 τὸν
1356 5104 1701 5173 περιεκτικόν
1737 5102 1914 5157 αὑτῶν
1953 5102 2053 5155 κύ-

474 5196 621 5261 κλον,
649 5195 707 5249 ὃν
734 5196 829 5249 καὶ
851 5195 1035 5263 ὄγδοον
1056 5192 1283 5265 οὑρανδν
1305 5194 1653 5263 ὀνομάζουσι’
1681 5194 1814 5263 πρὸς
1840 5194 1894 5245 δὲ
1920 5193 2048 5245 τού-

470 5304 586 5350 τοις
633 5287 783 5358 ἦλιόν
824 5304 886 5340 τε
933 5287 1028 5341 καὶ
1073 5286 1320 5357 σελήνην.
1365 5285 1569 5348 Ταῦτα,
1613 5286 1746 5338 δέκα
1786 5285 1915 5337 ὄντα
1957 5284 2050 5339 τὸν

470 5380 725 5452 ἀριθμὸν,
768 5380 984 5443 εἰκόνας
1012 5378 1259 5447 λέγουσιν
1292 5374 1430 5431 εἶναι
1462 5378 1563 5447 τῆς
1598 5379 1831 5449 ἀοράτου
1878 5377 2050 5429 Δεκά-

469 5472 559 5535 δος
592 5472 692 5543 τῆς
728 5471 837 5525 ἀπὸ
877 5471 1051 5538 Λόγου
1086 5472 1180 5524 καὶ
1214 5470 1366 5539 Ζωῆς
1416 5468 1803 5539 προελθούσης·
1849 5468 1948 5541 τὴν
1991 5468 2050 5521 δὲ

469 5563 746 5624 δωδεκάδα
786 5564 1085 5636 μηνύεσθαι
1115 5562 1205 5617 διὰ
1234 5561 1328 5616 τοῦ
1356 5561 1620 5625 ζωδιακοῦ
1651 5560 1745 5614 τοῦ
1774 5560 2047 5631 καλουμέ-

546 5741 714 5829 :For.
751 5741 1135 5829 ὑπέκκρουσιν.
1213 5743 1233 5775 ³
1258 5741 1401 5798 lren.
1440 5740 1678 5812 ἀγνοίας.
1760 5744 1779 5774 ³
1806 5741 1946 5798 lren.
1978 5741 2224 5813 σώματα.

473 5812 494 5845 ⁷
524 5812 712 5870 Matth.
750 5829 846 5873 xu.
871 5812 962 5869 45‘.

2154 4754 2262 4807 que
2288 4736 2543 4793 Tetradis
2572 4737 2800 4809 efﬁgiem
2845 4754 2969 4793 esse
2992 4742 3288 4795 constituta
3318 4750 3559 4793 narrant.
3590 4738 3743 4805 Quo-

2154 4844 2276 4882 rum
2312 4829 2376 4882 ad
2418 4830 2688 4899 agendum
2728 4830 3112 4896 etlicacitates,
3158 4840 3287 4901 puta
3330 4830 3603 4894 calorem,
3646 4830 3747 4883 fri-

2156 4937 2280 4992 gus,
2328 4921 2650 4984 siccitatem,
2698 4932 2753 4975 et
2809 4922 3116 4987 humorem,
3173 4933 3420 4977 exactam
3470 4922 3744 4991 Ogdoadis

2156 5014 2451 5084 imaginem
2497 5014 2721 5069 referre.
2763 5013 2899 5069 Tum
2942 5017 3128 5070 decem
3169 5016 3272 5070 hoc
3311 5016 3472 5070 modo
3514 5017 3746 5074 virtutes

2159 5113 2505 5159 enumerant.
2536 5106 2781 5159 Primum
2812 5116 3019 5175 septem
3048 5121 3344 5176 corporeos
3365 5110 3545 5169 orbes,
3580 5109 3747 5180 249

2156 5211 2295 5264 quos
2334 5195 2506 5249 cmlos
2545 5196 2842 5265 appellant.
2885 5196 3092 5251 Deinde
3132 5196 3395 5265 majorem
3428 5198 3581 5251 illum
3612 5200 3742 5252 reli-

2156 5302 2297 5356 quos
2327 5287 2680 5353 ambientem,
2711 5287 2857 5356 quod
2886 5296 3149 5349 octavum
3190 5289 3389 5342 caelum
3430 5290 3742 5344 nominant.

2155 5377 2423 5432 Praaterea
2455 5378 2628 5432 solem
2658 5388 2711 5431 et
2741 5378 2947 5431 lunam.
2981 5377 3112 5444 Qua:
3139 5379 3319 5432 omnia
3349 5378 3576 5433 denario
3602 5396 3744 5433 com-

2154 5468 2425 5539 prehensa
2453 5484 2683 5523 numero
2712 5468 2944 5523 Decadis
2975 5468 3143 5531 illius,
3173 5484 3294 5537 quae
3321 5484 3352 5523 a
3384 5467 3566 5523 Verbo
3589 5468 3745 5522 Vita-

2153 5576 2261 5632 que
2297 5574 2401 5616 nec
2439 5559 2792 5631 aspectabilis
2823 5557 3103 5631 proﬂuxit,
3145 5557 3375 5630 ﬁguram
3415 5574 3538 5615 esse
3579 5559 3745 5613 dicti-

2326 5744 2348 5777 ⁸
2386 5744 2492 5801 Tit.
2523 5759 2613 5812 ut,
2647 5745 2733 5801 i0.
2810 5745 2831 5778 ⁵
2867 5743 2909 5800 ll
2938 5741 3095 5800 Joan.
3138 5742 3221 5798 ll.
3302 5741 3323 5773 ⁸
3350 5740 3454 5795 lsa.
3492 5756 3622 5807 LVII,
3649 5742 3739 5798 ﬁt.
