4156 6358
402 410 499 466 6H

1808 413 1871 468 s.
1901 411 2243 498 EPIPHANlI

3558 405 3654 465 612°

403 536 541 581 tant.
603 525 738 580 Nam
806 526 1149 583 Dodccadem
1208 528 1346 582 orbe
1408 527 1501 582 illo
1565 525 1830 598 signifero
1891 527 1984 582 de-

2089 546 2178 582 νου
2220 528 2440 582 κύκλου.
2475 528 2557 582 Τὰ
2585 529 2695 600 γὰρ
2723 527 2931 581 δώδεκα
2974 526 3140 592 ζὼδια
3178 542 3537 597 φανερωτατα
3562 523 3657 594 τὴν

401 620 698 673 monstrari
725 638 738 674 :
768 620 914 689 quod
953 619 1242 675 duodecim
1273 621 1328 673 in
1356 635 1422 674 eo
1453 621 1607 689 signa
1644 618 1985 674 manifestis-

402 709 541 764 sime
574 709 720 764 illam
752 709 1003 765 Hominis
1037 709 1402 780 Ecclesiaeque
1435 710 1600 764 filiam
1643 708 1982 763 Dodecadem

401 803 729 869 exprimant.
777 799 1046 866 Quoniam
1105 812 1284 856 autem
1327 800 1392 854 ad
1447 801 1984 854 vehementissimum

403 891 556 945 illum
603 893 978 947 universitatis
1028 893 1286 962 impetum
1337 890 1730 946 moderandum
1772 906 1836 944 ex
1887 891 1984 944 ad-

402 997 563 1036 verso
603 980 880 1037 Saturnus
920 983 1215 1052 adjunctus
1253 990 1371 1045 est,
1407 983 1499 1052 qui
1541 982 1820 1037 immensae
1857 982 1983 1036 moli

403 1074 688 1142 proximus
715 1074 1060 1143 rapiditatem
1083 1074 1230 1127 illam
1261 1073 1491 1134 inhibet.
1514 1087 1579 1126 ac
1605 1088 1703 1127 sua
1730 1073 1987 1128 tarditate

402 1171 738 1230 compensat,
765 1164 844 1217 sic
876 1172 934 1216 ut
965 1178 1234 1218 annorum
1267 1163 1488 1233 triginta
1523 1163 1702 1232 spatio
1724 1180 1750 1216 a
1782 1172 1985 1233 puncto

404 1253 472 1307 ad
502 1263 761 1323 punctum
791 1256 1008 1310 rediens
1030 1257 1293 1309 circuitus
1318 1270 1449 1310 suos
1481 1255 1748 1318 absolvat,
1782 1255 1834 1308 id
1861 1256 1985 1326 qui-

402 1344 526 1398 dem
558 1344 703 1399 Horn
735 1345 964 1400 mirifice
1003 1361 1323 1416 congruere,
1350 1347 1442 1416 qui
1476 1347 1719 1415 ipsorum
1755 1359 1984 1403 matrem

403 1437 629 1506 triginta
663 1437 946 1492 vocabulis
983 1437 1300 1508 insignitam
1335 1438 1739 1507 complectitur.

350 1561 372 1576 '-
470 1547 554 1600 Ad
584 1547 696 1601 hac
730 1548 934 1611 lunam,
965 1565 1085 1618 qua:
1115 1549 1335 1620 triginta
1380 1549 1571 1605 diebus
1603 1552 1792 1606 orbem
1819 1568 1980 1607 suum

401 1639 640 1702 conficit,
674 1639 778 1694 hoc
822 1640 940 1710 ipso
989 1657 1218 1696 numero
1260 1642 1467 1697 1Eones
1504 1644 1830 1699 adumbrare
1859 1647 1984 1700 toti-

402 1729 548 1784 dem.
592 1729 775 1785 Solem
807 1748 936 1786 vero
967 1733 1236 1789 duodenis
1275 1737 1734 1790 circumvolutum
1786 1739 1986 1794 mensi-

400 1821 527 1888 bus,
554 1823 1057 1903 conversionesque
1095 1840 1225 1879 suas
1267 1840 1334 1878 eo
1363 1825 1652 1878 intervallo
1680 1827 1982 1881 terminan-

2085 621 2181 675 τοῦ
2223 621 2536 692 Ἀνθρώπου
2569 622 2662 674 καὶ
2692 621 2792 689 τῆς
2841 618 3168 690 Ἐκκλησίας
3201 617 3478 689 θυγατέρα
3504 617 3659 669 δωδε-

2086 710 2226 763 κάδα
2283 713 2644 781 σκιαγραφεῖν
2699 710 2940 778 λέγουσι.
3000 710 3104 763 Καὶ
3157 711 3282 764 ἐπεὶ
3335 710 3656 776 άντεπεζεύ-

2086 799 2188 869 χθη
2210 799 2343 866 (52),
2376 800 2530 867 φασὶ,
2556 799 2654 870 τὴν
2685 800 2791 853 τῶν
2819 800 2955 853 ὅλων
2978 800 3149 872 φορὰν
3175 801 3463 871 ὠκυτάτην
3489 803 3656 874 ὑπάρ·

2087 907 2306 960 χουσαν,
2334 885 2502 962 οὗπερ
2523 894 2551 944 ό
2579 892 2770 962 χρόνος
2793 892 2823 943 ό
2851 891 2985 961 πρὸς
3003 893 3023 922 ¹
3049 890 3195 961 αύτῷ
3214 892 3293 962 τῷ
3320 893 3473 946 κύτει
3497 892 3659 963 βαρύ-

2086 999 2214 1045 νων,
2258 984 2353 1036 καὶ
2395 984 2861 1036 ἀντιταλαντεύων
2904 983 3002 1054 τὴν
3043 984 3270 1038 ἐκείνων
3311 984 3568 1054 ὠκύτητα
3594 988 3659 1056 τῇ

2086 1070 2278 1124 ἐαυτοῦ
2304 1072 2616 1143 βραδυτῆτι,
2640 1073 2781 1124 ὥστε
2810 1073 2969 1126 αὐτὸν
2999 1075 3056 1125 ἐν
3083 1074 3377 1143 τριάκοντα
3399 1074 3543 1127 ἔτεσι
3565 1077 3660 1146 τὴν

2087 1159 2332 1229 περίοδον
2364 1161 2471 1213 ἀπὸ
2505 1161 2730 1232 σημείου
2771 1161 2863 1213 ἐπὶ
2903 1163 3127 1232 σημεῖον
3155 1162 3446 1227 ποιεῖσθαι,
3477 1163 3661 1217 εἰκόνα

2085 1251 2299 1319 λέγουσι
2321 1248 2479 1306 αὑτὸν
2504 1252 2597 1305 τοῦ
2623 1253 2791 1324 Ὄρου
2809 1251 2899 1304 τοῦ
2933 1255 3030 1306 τίεν
3057 1254 3525 1325 τριακοντώνυμον
3544 1257 3662 1325 Μη-

2085 1344 2220 1416 τέρα
2254 1345 2432 1397 αὑτῶν
2465 1345 2826 1415 περιέχοντος.

2156 1545 2266 1617 Τὴν
2289 1547 2516 1617 σελήνην
2542 1563 2602 1598 τε
2643 1546 2804 1600 πάλιν
2837 1547 3035 1618 ἑαυτῆς
3075 1548 3302 1618 οὐρανὸν
3332 1551 3660 1621 ἐμπεριεχο-

2089 1636 2256 1708 μένην
2289 1637 2309 1668 ³
2332 1637 2625 1708 τριάκοντα
2651 1639 2884 1708 ἡμέραις
2913 1638 2999 1692 διὰ
3033 1639 3142 1692 τῶν
3171 1640 3395 1710 ἡμερῶν
3432 1642 3523 1694 τὸν
3545 1643 3663 1713 ἀρι-

2086 1728 2115 1781 0
2125 1729 2222 1799 μὸν
2246 1729 2353 1783 τῶν
2381 1729 2678 1800 τριάκοντα
2709 1729 2926 1782 Attiiva
2949 1731 3240 1784 ἐκτυποῦν.
3268 1733 3380 1784 Καὶ
3404 1733 3493 1785 τόν
3510 1733 3662 1802 ἥλιον

2084 1820 2142 1874 δέ
2176 1822 2234 1874 ἐν
2255 1821 2482 1875 δεκαδύο
2523 1822 2654 1892 μησὶ
2693 1823 3080 1893 περιεχόμενον
3098 1863 3112 1887 ,
3139 1823 3234 1876 καὶ
3264 1825 3661 1894 τερματίζοντα

403 1921 537 1976 tem,
571 1890 767 1967 horum
813 1931 1041 1969 numero
1073 1916 1342 1969 mensium
1385 1914 1726 1970 Dodecadem
1756 1916 1978 1970 referre.

2087 1913 2184 1984 τὴν
2220 1914 2484 1985 κυκλικὴν
2509 1913 2673 1966 αὐτοῦ
2717 1915 3185 1979 ἀποκατάστασιν,
3216 1915 3303 1968 διὰ
3328 1917 3436 1968 τῶν
3457 1916 3661 1968 δώδεκα

401 2001 528 2058 Dies
571 2019 737 2073 porro
775 2003 1062 2058 duodecim
1099 2005 1358 2057 horarum
1402 2005 1578 2073 spatio
1613 2006 1868 2060 definitos
1909 2006 1982 2058 si-

400 2095 704 2149 mulacrum
741 2095 1009 2164 quoddam
1065 2095 1258 2148 lucida:
1312 2095 1462 2148 illius
1489 2111 1613 2150 esse
1659 2095 1982 2150 Doiecadis.

407 2184 564 2240 Velut
600 2187 757 2250 hora,
791 2201 912 2254 quae
945 2185 1266 2238 duodecima
1289 2186 1393 2238 diei
1425 2201 1552 2255 pars
1599 2196 1684 2240 est
1707 2229 1721 2248 ,
1758 2189 1984 2242 tricenis

399 2287 486 2334 est
512 2280 778 2332 instructa
808 2276 1076 2346 partibus,
1106 2291 1227 2344 qua:
1251 2274 1551 2329 Triccnarii
1574 2277 1983 2330 similitudinem

400 2377 621 2442 gerunt.
674 2368 817 2434 Quin
866 2369 1033 2422 etiam
1081 2365 1326 2437 signiferi
1357 2367 1502 2420 illius
1535 2368 1685 2422 orbis
1721 2371 1983 2424 ambitum

403 2461 652 2532 partibus
706 2466 962 2514 constare
1010 2471 1200 2510 ccccx.
1245 2455 1381 2509 Nam
1422 2458 1851 2528 unumquodque
1904 2461 1983 2514 si-

400 2568 568 2626 gnum
615 2568 723 2606 xxx
778 2551 1182 2619 complectitur.
1235 2551 1312 2603 Ita
1347 2551 1401 2604 in
1435 2551 1538 2605 hoc
1570 2553 1732 2604 etiam
1773 2553 1984 2604 circulo

402 2652 673 2699 servatam
707 2658 830 2698 esse
857 2643 1046 2696 dicunt
1083 2643 1202 2711 ejus
1256 2643 1681 2698 necessitudinis
1718 2643 1984 2697 imitatio-

403 2751 551 2798 nem,
586 2749 708 2804 quae
739 2734 1136 2789 duodenarium
1167 2735 1310 2788 inter
1334 2749 1398 2788 ac
1421 2735 1779 2788 tricenarium
1816 2735 1976 2790 inter-

402 2827 568 2882 cedit.
604 2825 806 2881 Deinde
842 2835 987 2881 terra
1025 2825 1312 2880 duodecim
1361 2827 1417 2880 in
1447 2826 1668 2879 climata
1702 2829 1983 2892 regiones-

401 2933 510 2988 que
539 2916 733 2981 divisa,
767 2925 822 2971 et
841 2917 894 2970 in
918 2917 1148 2984 singulis
1167 2916 1462 2971 demissam
1494 2932 1524 2970 e
1546 2919 1687 2970 coelo
1715 2916 1984 2972 Virtutem

402 3016 501 3064 aut
546 3006 994 3079 perpendiculum
1031 3008 1332 3077 excipiens,
1372 3009 1533 3077 eique
1564 3007 1805 3074 Virtuti,
1841 3011 1985 3065 unde

403 3099 648 3155 derivata
679 3099 767 3153 illa
803 3109 908 3165 est,
937 3100 1244 3155 simillimos
1279 3100 1421 3154 fetus
1456 3101 1697 3170 pariens,
1741 3101 1985 3156 Dodeca-

404 3193 645 3258 demant
692 3195 867 3258 aiunt,
919 3192 1119 3262 ipsam,
1153 3193 1383 3262 ejusque
1431 3193 1664 3256 liberos,
1696 3192 1982 3249 manifeste

405 3292 783 3356 repraesentat.
815 3284 1020 3340 Praeter
1055 3285 1169 3339 haec
1195 3285 1547 3340 Conditorem
1578 3294 1828 3351 narrant,
1855 3303 1980 3341 cum

406 3393 673 3449 suprema:
723 3376 998 3448 Ogdoadis
1053 3378 1411 3443 infinitatem,
1469 3380 1871 3445 aeternitatem,
1922 3395 1985 3434 ac

407 3469 667 3539 temporis
696 3469 913 3538 locique
940 3469 1450 3538 circumscriptione
1493 3478 1770 3524 carentem
1801 3471 1987 3524 condi-

406 3560 610 3614 tionem
663 3558 864 3614 imitari
894 3565 1138 3628 cuperet,
1169 3572 1346 3626 neque
1387 3558 1533 3626 quod
1579 3557 1634 3611 in
1670 3558 1760 3611 illa
1793 3558 1988 3613 stabile

404 3660 489 3707 est
543 3665 606 3705 ac
663 3627 1053 3718 sempiternum
1101 3657 1285 3720 posset
1333 3649 1675 3718 exprimere,
1729 3665 1794 3704 eo
1842 3649 1988 3718 quod

407 3741 622 3797 fructus
651 3751 798 3797 esset
842 3741 1083 3812 penuria:
1111 3755 1167 3796 ac
1215 3738 1464 3795 defectus
1493 3740 1714 3810 aliquis,
1751 3741 1808 3794 in
1842 3748 1983 3795 tem-

409 3841 651 3904 pestatcs
691 3847 756 3888 ac
790 3840 1058 3903 tempora,
1111 3841 1166 3887 et
1201 3833 1530 3900 multiplices
1575 3848 1844 3886 annorum
1887 3848 1989 3885 nu-

407 3940 596 3982 neros
635 3926 994 3980 eternitatem
1042 3925 1188 3978 illam
1242 3923 1632 3988 distribuisse,
1674 3925 1988 3979 existimas-

409 4031 578 4087 seque
631 4033 795 4088 posse
837 4032 898 4074 se
933 4026 1242 4086 temporum
1277 4025 1602 4072 coacervata
1641 4018 1989 4072 multitudine

409 4110 560 4166 illius
593 4109 912 4164 infinitatem
947 4110 1109 4180 250
1137 4109 1388 4179 adipisci.
1431 4110 1507 4163 Ex
1543 4125 1652 4180 quo
1688 4109 1892 4164 factum
1921 4110 1990 4162 il-

411 4202 505 4256 lud
537 4203 892 4268 arbitrantur,
918 4211 976 4255 ut
1007 4218 1131 4255 cum
1171 4203 1219 4255 ei
1261 4217 1319 4254 se
1353 4200 1564 4256 Veritas
1603 4203 1986 4265 subtraxisset,

414 4300 634 4363 repente
686 4292 756 4346 sit
804 4292 1014 4346 falsitas
1057 4301 1374 4347 consecuta.
1420 4293 1653 4362 Ideoque
1704 4294 1988 4362 completis

413 4375 748 4451 temporibus
780 4382 926 4436 illius
950 4396 1090 4450 opus
1117 4397 1238 4436 esse
1263 4380 1604 4436 solvendum.

483 4493 599 4548 XV.
643 4496 658 4526 ί
683 4494 818 4549 Cum
861 4495 976 4548 [nec
1031 4493 1196 4564 igitur
1243 4494 1316 4549 sit
1355 4495 1574 4550 illorum
1607 4493 1675 4547 de
1713 4495 1989 4549 creatione

2089 2003 2273 2072 μηνῶν
2306 2002 2403 2073 τὴν
2424 2003 2730 2074 δωδεκάτην
2755 2003 2994 2074 φανεράν
3012 2008 3202 2058 ποιεῖν.
3227 2005 3338 2065 Τὰς
3369 2005 3426 2058 δέ
3450 2005 3661 2076 ἡμέρας

2083 2093 2311 2147 δεκαδύο
2352 2093 2511 2164 ὡρῶν
2569 2095 2680 2163 (55)
2731 2094 2790 2147 τὸ
2844 2094 3040 2165 μέτρον
3084 2093 3312 2165 ἐχούσας
3355 2093 3523 2146 τύπον
3563 2094 3661 2162 τῆς

2086 2190 2315 2261 φαεινῆς
2356 2188 2666 2251 Δωδεκάδος
2709 2182 2867 2242 εἶναι.
2918 2185 3080 2238 Ἀλλὰ
3112 2185 3216 2256 μὴν
3262 2187 3356 2240 καὶ
3385 2185 3481 2256 τὴν
3514 2185 3660 2256 ὥραν

2085 2284 2218 2352 φασὶ
2237 2283 2298 2335 τὸ
2329 2283 2626 2335 δωδέκατον
2660 2281 2760 2346 τῆς
2795 2279 3004 2348 ἡμέρας
3037 2281 3101 2331 ἐκ
3138 2279 3433 2349 τριάκοντα
3459 2279 3660 2348 μοιρῶν

2085 2375 2462 2446 κεκοσμῆσθαι
2509 2374 2595 2427 διὰ
2629 2374 2725 2443 τὴν
2754 2374 2936 2425 εἰκόνα
2975 2373 3075 2443 τῆς
3106 2373 3519 2443 Τριακοντάδος.
3558 2376 3659 2427 Καὶ

2084 2467 2249 2522 αὑτοῦ
2285 2467 2339 2520 δέ
2370 2465 2464 2518 τοῦ
2511 2464 2776 2529 ζωδιακοῦ
2811 2465 3010 2517 κύκλου
3043 2466 3139 2534 τὴν
3173 2465 3502 2535 περίμετρον
3524 2461 3660 2518 εἶναι

2088 2559 2292 2630 μοιρῶν
2330 2557 2654 2628 τριακοσίων
2700 2556 2981 2626 ἐξήκοντα.
3019 2556 3288 2608 Ἕκαστον
3328 2557 3436 2627 γὰρ
3475 2555 3659 2620 ζώδιον.

2087 2653 2282 2722 μοίρας
2321 2651 2432 2720 ἔχει
2465 2650 2782 2720 τριάκοντα.
2818 2649 2974 2702 Οὕτω
3002 2649 3058 2701 δέ
3088 2649 3181 2701 καὶ
3217 2648 3304 2702 διὰ
3336 2648 3430 2700 τοῦ
3460 2647 3660 2700 κύκλου

2082 2743 2180 2813 τὴν
2205 2743 2388 2795 εἰκόνα
2419 2741 2516 2811 τῆς
2548 2739 2840 2808 συναφείας
2864 2741 2969 2792 τῶν
2997 2738 3201 2792 δώδεκα
3238 2739 3372 2810 πρὸς
3408 2739 3475 2791 τά
3506 2740 3662 2808 τριά-

2085 2852 2248 2888 κοντα
2271 2831 2599 2903 τετηρῆσθαι
2629 2831 2896 2899 λέγουσιν.
2922 2831 3042 2883 Ἐτι
3079 2830 3184 2901 μὴν
3211 2831 3303 2883 καὶ
3337 2830 3435 2900 τὴν
3456 2832 3537 2894 είς
3557 2830 3662 2882 δὼ-

2083 2925 2213 2977 δεκα
2245 2924 2485 2994 κλίματα
2515 2922 2627 2993 (54)
2687 2922 2977 2994 διῃρῆσθαι
3025 2923 3354 2990 φάσκοντες,
3405 2923 3498 2976 καὶ
3540 2922 3662 2975 καθ’

2085 3015 2315 3068 ἕκαστον
2343 3013 2512 3083 κλίμα
2537 3011 2763 3082 δύναμιν
2790 3013 2854 3064 ἐκ
2875 3012 2983 3063 τῶν
3004 3012 3252 3083 οὐρανῶν
3273 3013 3413 3064 κατὰ
3435 3012 3660 3065 κάθετον

2087 3105 2506 3174 ὐπώεχομένην,
2562 3105 2776 3157 ἐοικότα
2834 3104 3124 3156 τίκτουσαν
3180 3105 3349 3157 τέκνα
3386 3108 3449 3174 τῇ
3495 3122 3660 3157 κατα·

2092 3195 2380 3266 πεμπούσῃ
2412 3195 2510 3266 τὴν
2546 3197 2839 3267 ὑπόρῤοιαν
2859 3195 3086 3266 δύναμιν
3118 3195 3160 3261 ’⁵,
3195 3195 3363 3248 τύπον
3399 3191 3536 3249 εἶναι
3565 3195 3660 3264 τῆς

2085 3287 2390 3347 Δωδεκάδος
2428 3287 2521 3340 καὶ
2567 3286 2676 3340 τῶν
2722 3287 2926 3340 τέκνων
2969 3287 3140 3356 αὐτῆς
3179 3287 3512 3355 σαφέστατον
3550 3288 3659 3340 δια-

2085 3377 2445 3432 ϐεϐαιοῦνται.
2473 3378 2614 3447 Πρὸς
2641 3378 2697 3431 δὲ
2732 3378 2938 3440 τούτοις
2964 3377 3266 3448 θελήσαντά
3295 3396 3425 3448 φασι
3449 3379 3537 3431 τὸν
3561 3382 3654 3449 Δη-

2089 3469 2345 3540 μιουργδν
2372 3470 2469 3539 τῆς
2504 3469 2616 3522 ἄνω
2657 3469 2939 3537 Ὀγδοάδος
2969 3469 3031 3522 τὸ
3062 3470 3366 3541 ἀπέραντον
3397 3470 3488 3522 καὶ
3532 3468 3660 3522 αίώ-

2086 3577 2217 3620 νιον,
2248 3559 2342 3612 καὶ
2363 3559 2634 3629 ἀόριστον,
2664 3559 2758 3612 καὶ
2787 3559 3013 3631 ἄχρονον
3066 3559 3431 3632 μιμήσασθαι,
3461 3563 3554 3614 καὶ
3588 3561 3661 3632 μὴ

2085 3651 2382 3721 δυνηθέντα
2413 3652 2473 3704 τὸ
2510 3651 2732 3722 μόνιμον
2772 3653 2941 3722 αὐτῆς
2989 3653 3084 3706 καὶ
3120 3653 3288 3706 ἀῖδιον
3323 3652 3658 3716 ἐκτυπῶσαι,

2087 3740 2172 3793 διὰ
2219 3741 2279 3793 τὸ
2333 3741 2542 3812 καρπὸν
2590 3738 2726 3795 εἶναι
2769 3742 3164 3814 ὑστερήματος,
3208 3745 3288 3806 είς
3321 3743 3543 3814 χρόνους
3570 3744 3662 3796 καὶ

2089 3834 2335 3905 καιροὺς,
2388 3833 2654 3906 ἀριθμούς
2686 3850 2746 3886 τε
2802 3834 3080 3898 πολυετεῖς
3144 3835 3204 3886 τὸ
3233 3833 3449 3887 αἰώνιον
3496 3835 3661 3905 αὐτῆς

2089 3925 2525 3988 κατατεθεῖσθαι,
2574 3925 2817 3996 οἰόμενον
2866 3927 2925 3979 ἐν
2970 3925 3048 3996 τῷ
3086 3925 3281 3996 πλήθει
3306 3926 3414 3978 τῶν
3458 3926 3662 3996 χρόνων

2093 4017 2432 4088 μιμήσασθαι
2465 4017 2635 4086 αὐτῆς
2657 4017 2718 4070 τὺ
2738 4017 3062 4088 ἀπέραντον.
3111 4017 3373 4071 Ἐνταῦθά
3398 4036 3456 4071 τε
3479 4018 3666 4086 λέγου-

2093 4124 2176 4159 σιν
2215 4108 2561 4176 ὲκερυγούσης
2613 4108 2773 4158 αὐτὸν
2820 4109 2918 4178 τῆς
2963 4108 3244 4178 Ἀληθείας
3296 4108 3666 4178 ἐπηκολουθη-

2089 4199 2243 4252 κέναι
2289 4199 2348 4251 τὺ
2406 4199 2618 4268 ψεῦδος.
2668 4200 2776 4252 Καὶ
2805 4200 2892 4253 διὰ
2919 4200 3077 4252 τοῦτο
3113 4201 3404 4254 κατάλυσιν
3445 4201 3666 4272 πληρω-

2090 4290 2291 4345 θέντων
2319 4291 2427 4345 τῶν
2464 4292 2669 4363 χρόνων
2702 4292 2885 4345 λαϐεῖν
2911 4293 3078 4346 αὑτοῦ
3099 4295 3161 4348 τὸ
3193 4293 3373 4365 ἔργον.

2162 4494 2262 4548 lE'.
2297 4494 2409 4546 Καὶ
2445 4493 2573 4566 περὶ
2615 4493 2712 4564 μὲν
2745 4493 2843 4564 τῆς
2884 4494 3114 4557 κτίσεως
3141 4492 3364 4547 τοιαῦτα
3393 4493 3662 4562 λέγοντες,

412 4583 706 4645 sententia,
737 4582 982 4653 quotidie
1011 4593 1190 4638 tamen
1224 4584 1426 4654 singuli
1450 4592 1613 4654 prout
1640 4583 1872 4653 quisque
1897 4599 1984 4653 po-

2097 4584 2218 4637 καθ’
2241 4583 2476 4653 ἑκάστην
2503 4583 2716 4653 ἡμέραν
2735 4583 2990 4652 ἐπιγεννᾷ
3013 4583 3241 4645 ἕκαστος
3271 4582 3450 4636 αὐτῶν
3487 4583 3667 4646 καθὼς

412 4683 538 4740 tem,
569 4675 694 4728 novi
723 4675 928 4744 aliquid
962 4674 1294 4743 excogitant,
1325 4683 1384 4728 ut
1424 4691 1582 4730 nemo
1616 4677 1686 4730 sit
1725 4677 1864 4731 inter
1891 4691 1986 4732 eos

412 4765 647 4836 denique
685 4765 982 4834 perfectus,
1027 4766 1121 4836 qui
1155 4782 1264 4819 non
1303 4766 1518 4835 insigne
1569 4768 1790 4837 aliquod
1835 4785 1987 4821 men-

411 4857 626 4912 dacium
660 4857 809 4912 velut
843 4857 1082 4912 fructum
1112 4857 1374 4927 proferat.
1406 4857 1562 4913 Nunc
1606 4876 1725 4929 qua!
1756 4876 1822 4914 ex
1857 4876 1985 4930 pro-

411 4949 700 5020 phetarunt
743 4949 982 5004 oraculis
1040 4951 1109 5003 ad
1167 4965 1298 5005 suos
1344 4967 1539 5006 sensus
1572 4953 1984 5006 accommodare

484 5133 499 5164 ¹
533 5133 674 5188 lren.
706 5147 756 5188 c.
791 5132 878 5187 15.
953 5133 974 5164 ¹
1008 5131 1134 5186 For.
1161 5131 1376 5204 ὑπερὼν
1413 5133 1623 5203 κρόνος.

412 5203 504 5276 ρόν
540 5220 615 5260 τι.

484 5385 597 5455 (5⁵2.)
636 5383 746 5439 Καὶ
788 5383 918 5438 ἐπεὶ
962 5381 1415 5455 ἁντεπεζεύχθ-η.
1444 5381 1566 5455 Quo
1595 5381 1862 5437 sincerior
1898 5381 1989 5436 hic

413 5453 846 5516 locusexsistat,
883 5457 1064 5509 scribo
1096 5455 1230 5523 πρὸς
1259 5453 1354 5523 τὴν
1388 5453 1492 5506 τῶν
1519 5453 1674 5523 ὅλων.

485 5528 598 5592 (55)
639 5526 754 5590 Tac
786 5525 854 5577 δὲ
885 5523 1108 5592 ἡμέρας
1137 5522 1278 5575 δέκα
1313 5522 1421 5577 δύο
1449 5522 1632 5590 ὡρῶν.
1664 5523 1808 5576 Hora
1847 5522 1987 5590 apud

418 5596 780 5663 Epiphanium
811 5595 950 5648 duas
979 5593 1384 5662 :eqninoctiales
1413 5595 1678 5654 continet,
1706 5600 1768 5645 ut
1804 5599 1856 5646 et
1879 5593 1990 5663 alio

421 5662 542 5717 loco
570 5665 875 5719 evidentius
913 5665 1135 5718 indicat.
1162 5663 1280 5716 Jam
1311 5663 1454 5731 quod
1482 5665 1627 5716 horae
1658 5679 1764 5715 xxx
1797 5662 1990 5731 μοίρας

423 5735 645 5796 tribuit;
687 5735 766 5786 sic
801 5735 1026 5803 intelligi
1063 5743 1260 5802 potest.
1289 5732 1382 5786 Sol
1408 5735 1602 5788 diebus
1629 5733 1991 5803 singulisrltoc

423 5810 509 5857 est
539 5817 614 5855 xu
649 5803 819 5864 boris,
867 5805 951 5859 vel
985 5802 1106 5857 xxiv
1132 5847 1146 5861 .
1175 5805 1440 5858 circulum
1473 5803 1761 5868 describit,
1797 5802 1888 5871 qui
1929 5803 1983 5854 in

1702 5132 1722 5162 ³
1755 5131 1894 5186 lren.
1927 5129 2446 5203 ἐκπεριερχομένην.

2093 4675 2315 4727 δύναται
2337 4673 2648 4744 καινότερον
2672 4673 2714 4726 ⁵.
2740 4674 2955 4736 Τέλειος
2974 4674 3082 4744 γὰρ
3101 4675 3273 4737 οὐδεὶς
3301 4676 3328 4728 ό
3362 4674 3434 4746 μὴ
3458 4674 3668 4745 μεγάλα

2092 4765 2381 4834 ψεύσματα
2427 4764 2554 4834 παρ’
2588 4765 2769 4827 αὐτοῖς
2828 4766 3278 4836 καρποφορήσας.
3322 4765 3415 4817 Ἐκ
3463 4765 3520 4818 δέ
3560 4763 3668 4818 τῶν

2092 4853 2444 4926 προφητικῶν
2475 4856 2574 4907 ὅσα
2604 4855 3467 4925 μεταμορφάζουσιν,ἀναγκαῖον,
3503 4854 3671 4924 μηνύ-

2094 4965 2282 5015 σαντα,
2313 4947 2404 5002 τδν
2453 4947 2672 5018 ἔλεγχον
2694 4946 2873 5008 αὐτοῖς
2902 4946 3148 5014 ἐπάγειν.
3194 4946 3253 4999 '0
3281 4944 3388 5016 γὰρ
3409 4944 3668 5014 Μωῡσῆς,

2553 5129 2576 5160 ⁵
2609 5131 2750 5184 lren.
2790 5127 3058 5202 δυνάμει.
3185 5126 3206 5158 ⁵
3248 5123 3394 5180 lren.
3424 5128 3670 5181 καινότε-

2085 5396 2162 5434 xu
2222 5388 2406 5449 partes
2465 5377 2791 5433 tricenarias
2842 5377 3092 5443 divisus,
3147 5377 3408 5447 gradibus
3457 5384 3675 5449 constat

2086 5448 2273 5504 (καὶ.
2303 5450 2667 5515 Quamobrem
2719 5449 2949 5518 singulis
3004 5449 3152 5503 horis
3194 5448 3672 5516 equinoctialibus

2089 5537 2157 5574 xv
2188 5521 2424 5590 gradus;
2462 5519 2674 5574 duabus
2722 5519 2875 5573 horis
2899 5560 2914 5585 ,
2951 5519 3064 5573 sive
3097 5535 3173 5572 xu
3219 5519 3325 5573 diei
3373 5529 3524 5588 parte
3565 5531 3672 5570 xxx

2089 5593 2288 5659 gradus
2319 5590 2558 5645 conficit.

2162 5661 2271 5731 (54)
2313 5665 2416 5726 Εἰς
2444 5659 2670 5731 δώδεκα
2717 5661 2995 5731 κλίματα.
3040 5657 3176 5712 Nam
3211 5657 3445 5731 totidem
3484 5667 3673 5713 vento-

2090 5729 2211 5786 rum
2244 5729 2516 5803 regiones.
2557 5729 2692 5787 Vide
2723 5729 2858 5787 Gell.
2891 5731 2984 5786 lib.
3021 5745 3081 5795 ιι,
3111 5744 3233 5799 cap.
3258 5729 3349 5782 22.
