4156 6358
400 380 507 438 615

1024 382 1396 440 ADVERSUS
1434 382 1776 440 leERESES
1825 385 1953 439 LIB.
1996 387 2034 440 Ι.
2079 385 2242 441 ΤΟΜ.
2288 387 2375 441 Ill.
2414 417 2482 426 —
2517 386 2792 444 Il/ERES.
2834 386 3075 441 XXXIV.

3587 385 3694 446 614

399 496 585 567 φασὶν,
607 495 907 566 ἀρχόμενος
950 497 1048 566 τῆς
1082 499 1222 550 κατὰ
1256 498 1354 568 τὴν
1398 497 1573 551 κτίσιν
1609 488 1992 570 πραγματείας

2102 502 2409 555 testimonia
2455 503 2654 565 solent,
2684 500 3164 557 commemoranda
3202 503 3463 573 primum,
3490 503 3691 561 deinde

399 588 562 650 εὐθὺς
592 590 649 639 ὲν
684 590 825 660 ἀρχῇ
854 588 952 659 τὴν
985 589 1215 660 Μητέρα
1253 590 1361 641 τῶν
1404 591 1540 643 ὅλων
1579 591 1873 655 ἐπέδειξεν,
1918 594 1994 644 εἰ-

400 677 517 732 πών
541 695 554 708 ·
604 679 708 731 Ἐν
735 679 893 747 ἀρχῇ
921 678 1215 746 ἐποίησεν
1237 684 1268 734 ὀ
1296 682 1445 747 Θεὸς
1467 683 1574 736 τὸν·
1603 682 1865 750 οὐρανὸν
1894 683 1993 735 καὶ

399 766 517 834 τὴν
544 766 681 837 γῆν.
738 767 991 839 Τέσσαρα
1032 764 1123 821 οῦν
1166 768 1341 822 ταῦτα
1375 771 1670 841 ὀνομάσας,
1717 771 1871 835 Θεὸν,
1900 772 1995 824 καὶ

400 858 595 929 ἀρχὴν,
634 858 882 929 οὐρανὸν,
921 858 1015 911 καὶ
1056 860 1179 930 γῆν,
1208 860 1306 931 τὴν
1329 861 1647 931 Τετρακτὺν
1679 861 1878 923 αὐτῶν,
1919 862 1995 924 ὡς

400 951 554 1003 αὐτοὶ
572 950 811 1018 λέγουσι,
854 950 1178 1005 διετύπωσε.
1220 954 1330 1006 Καὶ
1367 952 1458 1006 τὸν
1494 954 1727 1025 ἀόρατον
1761 954 1774 982 ¹
1815 952 1872 1006 δὲ
1900 952 1997 1005 καὶ

398 1042 494 1096 τὸν
522 1043 837 1114 ἀπόκρυφον
866 1042 1039 1113 αὐτῆς
1072 1042 1349 1114 μηνύοντα
1369 1046 1545 1097 εἰπεῖν
1564 1062 1576 1074 ’
1620 1046 1682 1099 Ἠ
1715 1044 1784 1097 δὲ
1812 1044 1887 1114 γῆ
1916 1040 1997 1114 ἦν·

399 1133 655 1202 ἀόρατος
678 1133 777 1186 καὶ
835 1134 1395 1201 ἀκατασκενύαστος.
1458 1136 1568 1206 Τὴν
1615 1135 1873 1205 δευτέραν
1896 1136 1996 1188 Te-

399 1226 593 1298 τράδα,
641 1225 889 1296 γέννημα
927 1225 1154 1297 πρώτης
1203 1226 1495 1297 Τετράδος,
1534 1226 1707 1290 οὕτως
1736 1227 1900 1281 αὑτὸν
1926 1228 1997 1279 εί-

406 1317 631 1389 ρηκέναι
674 1316 942 1382 θέλουσιν,
974 1318 1245 1371 Ἀὅυσσον
1276 1318 1612 1388 ὀνομάζοντα
1652 1319 1746 1373 καὶ
1800 1320 1998 1382 Σκότος

400 1411 460 1463 ὲν
490 1409 675 1478 σφίσιν
710 1410 731 1439 ²
766 1410 949 1473 αὐτοῖς
996 1410 1091 1463 καὶ
1127 1410 1331 1480 ”Υδωρ,
1373 1412 1467 1463 καὶ
1507 1411 1568 1464 τὸ
1602 1411 1998 1483 ἐπιφερόμενον

399 1503 478 1574 τῷ
507 1502 659 1557 ὕδατι
686 1502 932 1574 Πνεῦμα·
962 1504 1079 1575 μεθ’
1108 1504 1176 1575 ἣν
1209 1504 1309 1573 τῆς
1340 1503 1561 1569 δεκάδος
1595 1505 2001 1577 μνημονεύοντα

400 1595 518 1663 φῶς
575 1596 757 1664 λέγειν
808 1595 902 1648 καὶ
936 1595 1153 1668 ἡμέραν
1196 1597 1291 1650 καὶ
1341 1597 1533 1663 νύκτα,
1605 1598 1895 1669 στερέωμα
1941 1616 1999 1651 τε

400 1689 497 1741 καὶ
545 1689 808 1760 ἑσπέραν,
846 1690 941 1742 καὶ
990 1689 1018 1741 ὃ
1058 1688 1307 1741 καλεῖται
1350 1689 1530 1760 πρωῒ,
1584 1687 1755 1760 ξηράν
1793 1708 1852 1742 τε
1906 1692 2000 1744 καὶ

400 1780 713 1846 θάλασσαν,
770 1780 850 1834 ἔτι
894 1799 953 1833 τε
997 1780 1263 1851 βοτάνην,
1308 1782 1402 1833 καὶ
1452 1780 1664 1851 δεκάτῳ
1714 1782 1865 1852 τόπῳ
1909 1781 1998 1847 ξύ-

399 1875 512 1928 λον.
566 1873 724 1927 Οὕτω
781 1873 837 1927 δὲ
880 1874 971 1926 διὰ
1027 1872 1135 1925 τῶν
1190 1873 1320 1926 δέκα
1377 1874 1657 1944 ὀνομάτων
1697 1876 1822 1939 τοὺς
1861 1874 1995 1928 δέκα
2027 1855 2071 1909 Β

400 1966 617 2029 Αίῶνας
658 1966 1052 2037 μεμηνυκέναι.
1093 1967 1204 2037 Τῆς
1235 1966 1291 2018 δὲ
1318 1965 1633 2030 δυοδεκάδος
1655 1966 1828 2031 οὕτως
1856 1967 1996 2032 ἐξει-

398 2058 648 2112 κονίσθαι
683 2060 814 2131 παρ’
845 2058 996 2129 αύτῷ
1031 2058 1128 2130 τὴν
1170 2058 1420 2128 δύναμιν.
1453 2059 1640 2114 Ἥλιον
1673 2061 1781 2131 γάρ
1815 2061 1995 2130 λέγειν

398 2153 496 2208 καὶ
537 2152 784 2223 σελήνην,
822 2151 1057 2223 ἀστέρας
1110 2168 1168 2204 τε
1206 2151 1298 2205 καὶ
1325 2152 1574 2222 καιροὺς,
1631 2152 1912 2217 ἐνιαυτούς
1934 2170 1994 2207 τε

398 2245 495 2297 καὶ
525 2243 688 2314 κήτη,
731 2241 920 2313 ίχθύας
956 2242 1050 2295 καὶ
1084 2241 1311 2311 ἑρπετά,
1364 2242 1586 2296 πετεινά
1644 2243 1737 2294 καὶ
1800 2242 1997 2314 τετρά-

399 2331 558 2395 ποδα,
588 2331 754 2403 θηρία
800 2348 857 2385 τε
905 2331 999 2384 καὶ
1045 2329 1291 2402 (πετεινά
1323 2349 1426 2384 που
1463 2333 1576 2395 τοῖς
1599 2331 1641 2401 ³)
1678 2331 1998 2386 δυοδέκατον

396 2424 489 2476 τὸν
534 2424 841 2496 ἄνθρωπον,
904 2422 1091 2487 Οὕτως
1155 2423 1262 2476 ὑπὸ
1332 2421 1426 2476 τοῦ
1490 2422 1813 2494 Πνεύματος
1897 2426 1998 2496 τὴν

397 2516 689 2586 τριάκοντα
732 2515 753 2547 ⁸
775 2515 862 2569 διὰ
887 2516 1168 2579 Μωῦσέως
1206 2515 1461 2587 εἰρῆσθαι
1493 2515 1856 2571 διδάσκουσιν.
1888 2518 1998 2572 Ἀλ-

398 2608 468 2664 λά
504 2610 611 2681 μὴν
651 2609 748 2662 καὶ
788 2610 879 2662 τὸν
914 2608 1151 2662 πλαστὸν
1201 2607 1488 2679 ἄνθρωπον
1522 2609 1641 2661 κατ’
1682 2610 1867 2663 εἰκόνα
1898 2612 1998 2683 τῆς

399 2710 515 2780 ἄνω
548 2710 833 2782 δυνάμεως
869 2709 1013 2781 ἔχειν
1043 2712 1102 2763 ὲν
1144 2709 1294 2781 αὐτῷ
1328 2710 1425 2780 τὴν
1454 2710 1563 2763 ἀπὸ
1588 2710 1689 2779 τῆς
1733 2714 1861 2782 μιᾶς
1893 2732 2000 2785 πη..

400 2804 507 2873 γήν
540 2803 582 2856 ⁸.
629 2802 899 2874 Ἱδρῦσθαι
920 2802 975 2854 δὲ
1014 2801 1189 2856 ταῦτα
1225 2803 1283 2856 ὲν
1310 2801 1389 2873 τῷ
1409 2802 1550 2855 κατὰ
1581 2803 1671 2856 τὸν
1698 2805 1998 2875 ἐγκέφαλον

399 2896 584 2966 τόπῳ’
653 2897 746 2964 ἀφ’
799 2889 869 2967 ἦς
917 2894 1184 2967 ἀπορρεῖν
1235 2893 1495 2965 δυνάμεις
1538 2895 1832 2966 τέσσαρας,
1878 2916 1981 2951 κατ

401 2988 588 3041 εἰκόνα
612 2986 711 3058 τῆς
730 2986 844 3041 ἄνω
879 2987 1151 3058 Τετράδος
1183 2987 1526 3057 καλουμένας
1548 3005 1560 3017 ·
1593 2988 1693 3059 τὴν
1742 2989 1841 3059 μὲν
1866 2991 1985 3062 ὅρα-

2096 590 2395 645 refellenda
2423 601 2573 646 sunt.
2616 590 2830 661 Moyses
2856 593 3024 653 enim,
3052 590 3309 659 inquiunt
3338 592 3393 644 in
3425 591 3547 660 ipso
3578 601 3692 646 sta-

2097 682 2193 734 tim
2221 682 2404 750 operis
2437 681 2608 746 aditu,
2639 698 2748 752 quo
2780 682 2847 735 de
2879 697 3062 734 rerum
3108 682 3388 736 creatione
3419 682 3689 751 disputat,

2096 775 2341 827 omnium
2379 773 2606 828 Matrem
2640 781 3057 836 commemorat,
3089 773 3176 827 his
3203 774 3383 828 verbis
3410 772 3508 829 :In
3542 775 3691 843 prin-

2097 864 2233 932 cipio
2274 866 2467 918 creavit
2498 863 2637 917 Deus
2666 864 2856 917 caelum
2888 872 2936 915 et
2972 873 3171 915 terram
3199 862 3240 915 9.
3270 862 3374 917 Ubi
3404 877 3527 916 cum
3553 875 3692 931 qua-

2099 966 2226 1011 tuor
2262 958 2365 1012 ista
2406 956 2728 1022 nominarit,
2762 955 2957 1019 Deum,
2989 955 3350 1026 principium,
3383 954 3586 1009 coelum
3624 968 3688 1006 ac

2100 1058 2325 1113 terram,
2364 1066 2519 1104 suam
2552 1059 2807 1105 asserunt
2857 1050 3311 1119 comprehensam
3342 1062 3465 1102 esse
3505 1045 3693 1101 Tetra-

2099 1141 2242 1196 dem.
2275 1141 2432 1207 Quod
2466 1151 2644 1195 autem
2693 1140 2906 1193 occulta
2936 1139 3125 1193 eadem
3170 1140 3261 1191 illa
3304 1152 3405 1191 nec
3451 1143 3693 1207 aspecta-

2098 1235 2226 1290 bilis
2254 1235 2345 1299 sit,
2381 1232 2435 1287 id
2466 1231 2824 1302 sequentibus
2862 1230 3043 1286 verbis
3072 1231 3318 1301 attigisse
3346 1247 3358 1283 :
3383 1228 3550 1283 Terra
3589 1244 3691 1282 au—

2103 1338 2203 1382 tem
2226 1337 2340 1381 erat
2372 1326 2653 1380 invisibilis
2681 1334 2728 1379 et
2759 1324 3026 1390 informis.
3067 1322 3376 1378 Secundam
3426 1336 3557 1376 vero
3587 1318 3692 1375 Te-

2101 1420 2332 1485 tradem,
2365 1419 2458 1487 qui
2492 1417 2695 1488 prioris
2740 1424 2824 1470 est
2860 1415 3038 1477 fetus,
3094 1414 3174 1468 sic
3206 1413 3430 1484 Moysen
3470 1427 3688 1483 expres-

2103 1510 2243 1565 sisse
2270 1508 2550 1563 declarant
2605 1521 2727 1561 cum
2757 1506 3040 1573 abyssum,
3064 1512 3118 1559 et
3152 1504 3441 1565 tenebras;
3465 1517 3688 1574 aquam,

2104 1613 2266 1672 atque
2294 1602 2641 1656 incubantem
2666 1599 2825 1669 aquis
2855 1590 3122 1669 spiritum
3142 1596 3475 1651 nominavit:
3499 1603 3690 1667 postea

2105 1695 2334 1751 Deradis
2358 1709 2575 1764 quoque
2604 1689 3180 1747 mentionem'ibidem
3226 1689 3342 1743 ﬁeri
3361 1730 3376 1753 ,
3406 1703 3532 1743 cum
3572 1688 3687 1752 lux,

2104 1788 2222 1842 dies
2269 1794 2323 1841 et
2362 1801 2491 1849 nox,
2535 1785 2963 1846 ﬁrmamentum,
2999 1795 3249 1851 vespera,
3285 1794 3468 1843 mane,
3508 1778 3686 1842 arida,

2103 1894 2287 1943 mare,
2321 1878 2521 1938 herba,
2559 1890 2623 1929 ac
2666 1873 2880 1928 decimo
2908 1872 3124 1927 tandem
3160 1872 3282 1926 loco
3315 1871 3521 1940 lignum
3560 1884 3689 1939 pro—

2102 1972 2345 2041 ponitur.
2380 1968 2475 2024 His
2511 1968 2656 2023 enim
2694 1964 2977 2021 vocabulis
3007 1964 3196 2019 decem
3229 1963 3454 2018 totidem
3480 1961 3687 2017 Aﬂones

2102 2062 2351 2133 intelligi.
2385 2060 2515 2115 Nam
2542 2060 2847 2116 Dodecadis
2870 2060 2980 2115 vim
3015 2062 3117 2115 hoc
3147 2059 3298 2114 illum
3331 2058 3690 2113 adumbrasse

2103 2155 2266 2211 modo
2318 2156 2582 2211 sentiunt.
2637 2153 2851 2224 Quippe
2888 2152 3061 2209 solem
3108 2162 3162 2208 et
3210 2152 3432 2215 lunam,
3468 2150 3687 2213 sidera,

2104 2256 2480 2317 tempestates,
2514 2262 2709 2309 annos,
2746 2255 2886 2311 cete,
2916 2246 3119 2317 pisces,
3155 2244 3391 2314 reptilia,
3413 2243 3687 2302 volucres.

2104 2338 2509 2411 quadrupedes,
2534 2340 2677 2393 feras
2707 2354 2721 2389 :
2758 2353 2822 2392 ac
2843 2345 3123 2408 postremo
3153 2337 3273 2391 loco
3303 2334 3687 2389 duodecimum

2106 2432 2381 2488 hominem
2414 2431 2807 2503 proposuisse;
2845 2446 3020 2500 eoque
3069 2429 3233 2484 modo
3260 2428 3614 2483 tricenarium
3650 2442 3682 2480 a

2106 2525 2290 2596 Moyse
2318 2531 2807 2580 commemoratum
2839 2522 3179 2578 existimant.
3208 2520 3494 2576 Hominem
3523 2534 3691 2590 porro

2105 2619 2169 2675 ad
2199 2632 2466 2689 supremae
2511 2617 2741 2672 Virtutis
2781 2616 3060 2686 exemplar
3089 2614 3345 2678 eﬂictum,
3371 2624 3684 2668 manantem

2106 2712 2176 2768 ab
2201 2729 2313 2767 uno
2344 2709 2494 2765 fonte
2516 2710 2625 2763 vim
2665 2710 2720 2763 in
2750 2723 2873 2763 sese
2901 2708 3204 2763 continere.
3241 2706 3487 2777 Eamque
3515 2706 3571 2760 in
3600 2720 3689 2759 ce-

2100 2804 2263 2858 rebro
2314 2801 2642 2856 collocatam
2677 2814 2834 2863 esse,
2874 2814 2904 2852 a
2953 2815 3061 2869 quo
3112 2799 3399 2855 facultates
3453 2808 3691 2869 quatuor

2102 2895 2365 2970 profecta:
2418 2894 2699 2948 caelestem
2773 2892 2921 2947 illam
2981 2893 3271 2947 Tetradem
3341 2893 3689 2947 adumbrant.

2107 2990 2249 3046 Sunt
2272 2997 2456 3045 autem
2481 2988 2598 3042 haec
2622 3006 2635 3042 :
2664 2985 2852 3051 Visus,
2876 2987 3117 3054 auditus,
3144 2987 3378 3042 olfactus
3397 2993 3451 3042 et
3472 2994 3686 3056 gustus.

403 3100 509 3149 σιν,
534 3082 632 3154 τὴν
666 3082 721 3136 δὲ
749 3082 938 3152 ἀκοὴν,
991 3082 1089 3154 τὴν
1132 3083 1190 3137 δὲ
1227 3083 1425 3155 τρίτην
1457 3083 1747 3156 ὄσφρησιν,
1774 3087 1871 3138 καὶ
1898 3087 1997 3158 τὴν
2034 3088 2301 3161 τετάρτην
2323 3084 2529 3155 γεῦσιν.

475 3174 589 3245 Τὴν
611 3174 669 3227 δὲ
710 3174 969 3243 Ὀγδοάδα
999 3174 1133 3244 φασὶ
1174 3173 1478 3246 μηνύεσθαι
1514 3175 1602 3229 διὰ
1640 3177 1733 3229 τοῦ
1790 3176 2003 3245 ἀνθρώ-

2176 3176 2490 3248 Ogdoadem
2525 3190 2655 3230 vero
2700 3173 2780 3229 sic
2816 3173 3090 3228 hominem
3143 3169 3348 3225 referre
3392 3176 3640 3224 statuunt
3673 3188 3687 3224 :

405 3284 509 3321 που
564 3265 738 3331 οὕτως
760 3283 775 3299 ’
827 3268 997 3331 ἀκοάς
1030 3267 1131 3339 μὲν
1152 3267 1248 3321 δύο
1285 3267 1509 3339 ἔχοντας
1542 3269 1583 3330 ⁸,
1611 3270 1705 3322 καὶ
1730 3269 1998 3334 τοσαύτας

400 3359 645 3430 ὁράσεις,
695 3358 777 3412 ἔτι
817 3377 877 3413 τε
914 3361 1216 3430 όσφρήσεις
1250 3359 1365 3425 δύο,
1416 3362 1511 3414 καὶ
1554 3360 1749 3430 διπλῆν
1788 3360 1996 3430 γεῦσιν,

402 3451 604 3523 πικροῦ
646 3470 706 3506 τε
769 3452 865 3507 καὶ
910 3453 1184 3523 γλυκέως.
1236 3453 1395 3507 Ὅλον
1467 3453 1523 3506 δὲ
1571 3454 1664 3507 τὸν
1714 3452 1999 3525 ἄνθρωπον

403 3548 586 3600 πᾶσαν
606 3545 708 3619 τὴν
737 3544 920 3599 εἰκόνα
955 3546 1052 3616 τῆς
1086 3546 1489 3617 Τριακοντὰδος
1529 3544 1704 3609 οὕτως
1736 3545 1880 3616 ἔχειν
1917 3547 1996 3600 δι-

400 3635 715 3690 δάσκουσιν.
747 3638 836 3689 Ἐν
870 3636 967 3707 μὲν
990 3640 1121 3700 ταῖς
1152 3637 1310 3709 χερσὶ
1337 3637 1425 3691 διὰ
1451 3635 1561 3689 τῶν
1593 3636 1872 3690 δακτύλων
1899 3638 1999 3709 τὴν

403 3730 614 3784 Δεκάδα
650 3729 939 3799 βαστάζειν
961 3748 973 3761 ·
1012 3731 1070 3782 ὲν
1101 3730 1206 3800 ὅλῳ
1237 3730 1294 3782 δὲ
1316 3729 1394 3801 τῷ
1419 3730 1631 3801 σώματι
1661 3733 1741 3795 είς
1773 3731 2001 3785 δεκαδύο

409 3824 545 3895 μέλη
575 3824 944 3894 διαιρουμένῳ
980 3824 1079 3895 τὴν
1111 3824 1425 3877 Δωδεκάδα.
1457 3823 1736 3894 Διαιροῦσι
1768 3824 1825 3877 δὲ
1868 3825 2001 3878 αὐτὸ

406 3917 661 3988 καθάπερ
690 3918 751 3970 τὸ
778 3918 876 3987 τῆς
910 3916 1168 3987 ἀληθείας
1194 3917 1448 3988 διῄρηται
1472 3918 1604 3989 παρ’
1630 3919 1813 3981 αὐτοῖς
1846 3918 1999 3991 (τοῖς)

406 4009 674 4079 σώμασι,
732 4009 911 4076 περὶ⁷
980 4003 1041 4062 οὗ
1109 4012 1546 4082 προειρήκαμεν.
1610 4010 1722 4080 Τήν
1796 4026 1854 4062 τε
1908 4006 2000 4063 οὖν

418 4098 698 4168 Ὀγδοάδα,
758 4101 996 4172 apem-6v
1023 4119 1084 4154 τε
1140 4102 1236 4155 καὶ
1277 4104 1511 4174 ἀόρατον
1544 4098 1743 4169 οὖσαν,
1793 4104 1851 4158 ἐν
1888 4106 2001 4166 τοῖς

407 4193 741 4264 σπλάγχνοις
776 4194 1127 4265 κρυϐομένην
1153 4194 1415 4248 νοεῖσθαι.

476 4268 595 4353 1G".
635 4284 826 4338 ’Ἡλιον
880 4285 938 4338 δὲ
992 4285 1156 4339 πάλιν
1198 4286 1291 4339 τὸν
1331 4286 1504 4356 μέγαν
1541 4281 1805 4357 φωστῆρα
1839 4288 1895 4339 ἐν
1932 4288 1998 4357 τῇ

403 4377 644 4449 τετάρτῃ
682 4374 789 4431 τῶν
815 4374 1038 4448 ἡμερῶν
1070 4376 1356 4445 γεγονέναι
1386 4375 1474 4429 διὰ
1504 4376 1594 4427 τὸν
1616 4377 1717 4443 τῆς
1730 4376 1999 4446 Τετράδος

404 4467 640 4538 ἀριθμὸν
668 4467 959 4537 φάσκουσι.
988 4468 1102 4538 Τῆς
1134 4486 1192 4521 τε
1221 4468 1427 4538 σκηνῆς
1463 4467 1563 4537 τῆς
1585 4468 1690 4521 ὑπὸ
1721 4468 2000 4531 Μωῦσέως

2102 3268 2247 3339 quod
2301 3274 2355 3323 et
2395 3281 2562 3339 aures
2602 3265 2742 3319 duas
2799 3263 3033 3321 habeat.
3088 3262 3392 3331 oculosque
3423 3260 3687 3325 totidem,

2102 3374 2264 3416 nares
2308 3360 2436 3414 item
2472 3358 2538 3412 ad
2569 3356 2941 3412 olfaciendum
2977 3354 3136 3419 duas,
3178 3369 3243 3409 ac
3278 3353 3555 3423 duplicem
3589 3369 3691 3423 ευ-

2102 3461 2270 3513 stum,
2296 3450 2470 3504 amari
2500 3449 2756 3505 videlicet
2786 3463 2850 3503 ac
2880 3448 3092 3514 dulcis,
3139 3462 3269 3502 nam
3317 3446 3477 3517 251
3511 3454 3688 3501 totum

2100 3545 2280 3614 ipsum
2307 3542 2584 3597 hominem
2608 3542 2923 3597 universam
2940 3539 3246 3596 Tricenarii
3272 3538 3688 3594 similitudinem

2104 3632 2252 3687 hunc
2296 3632 2353 3686 in
2385 3630 2609 3685 modum
2641 3631 2967 3701 exprimere.
3007 3629 3252 3684 Primum
3282 3631 3339 3684 in
3368 3629 3553 3700 digitis
3590 3628 3690 3686 De-

2103 3723 2296 3778 cadem
2338 3722 2718 3778 circumferre.
2761 3721 2899 3776 Tum
2941 3722 2997 3776 in
3027 3737 3261 3793 corpore
3291 3730 3409 3777 toto
3439 3720 3689 3777 Dodeca-

2102 3814 2248 3875 dem,
2287 3813 2431 3884 quod
2488 3829 2564 3867 χιι
2610 3815 2665 3867 in
2711 3815 2957 3869 membra
2987 3815 3269 3869 dividitur.
3302 3811 3380 3867 Ita
3411 3813 3557 3868 enim
3586 3812 3692 3867 hoc

2103 3906 2486 3973 distribuunt,
2534 3913 2594 3960 ut
2643 3913 2699 3960 et
2739 3905 2998 3961 Veritatis
3031 3921 3254 3976 corpus,
3290 3905 3358 3961 de
3390 3921 3498 3976 quo
3531 3916 3689 3960 antea

2103 3998 2366 4056 diximus.
2416 3999 2731 4070 Ogdoadem
2782 4000 3051 4070 denique,
3105 4015 3226 4069 qua:
3275 4014 3379 4053 nec
3427 3999 3690 4069 explicari

2103 4107 2392 4157 sermone,
2440 4108 2542 4147 nec
2578 4093 2754 4148 oculis
2786 4100 2966 4162 potest
3014 4092 3258 4163 percipi,
3291 4091 3347 4145 in
3378 4091 3689 4148 visceribus

2108 4180 2371 4236 latentem
2412 4181 2665 4250 intelligi.

2174 4271 2317 4327 XVI.
2346 4272 2547 4327 Praeter
2575 4273 2691 4327 haec
2718 4271 2912 4337 solem,
2940 4272 3211 4327 luminare
3244 4272 3376 4329 illud
3406 4290 3688 4345 magnum,

2104 4364 2173 4419 ad
2209 4364 2565 4418 indicandum
2602 4363 2857 4420 Tetradis
2892 4379 3183 4419 numerum
3217 4374 3415 4435 quarto
3443 4366 3533 4422 die
3560 4383 3691 4438 pro-

2104 4466 2350 4512 creatum
2403 4464 2617 4525 putant.
2652 4455 2809 4522 Quod
2857 4459 3037 4527 ipsum
3085 4457 3309 4512 Mosaici
3346 4460 3687 4515 tabernaculi

407 4559 948 4630 κατασκευασθείσης
977 4562 1033 4613 αἱ
1056 4561 1238 4625 αὐλαὶ,
1261 4562 1323 4613 ἐκ
1341 4560 1565 4631 βύσσου,
1594 4561 1688 4614 καὶ
1716 4560 1994 4627 ὑακίνθου,

2104 4552 2273 4604 aulaea
2299 4558 2749 4620 repraesentasse,
2782 4565 2850 4604 ex
2871 4551 3060 4620 bysso,
3088 4548 3411 4621 hyacintho,
3444 4568 3689 4623 purpura

408 4650 505 4703 καὶ
542 4648 854 4721 πορφύρας,
912 4650 1006 4703 καὶ
1050 4651 1306 4703 κοκκίνου
1357 4653 1660 4719 γεγονυῖαι,
1695 4651 1795 4720 τὴν
1828 4650 1997 4722 αὐτὴν

408 4739 538 4811 παρ’
571 4740 753 4803 αὐτοῖς
778 4739 1061 4806 ἐπέδειξαν
1087 4741 1289 4794 εἰκόνα.
1317 4740 1420 4793 Τόν
1451 4758 1510 4793 τε
1545 4738 1642 4793 τοῦ
1682 4740 1874 4812 ἱερέως
1903 4759 2001 4794 πο-

404 4833 569 4904 δήρη,
614 4832 878 4905 τέσσαρσι
918 4832 1205 4902 στοιχείοις
1246 4832 1267 4863 ⁸
1308 4831 1469 4885 λίθων
1498 4830 1808 4885 πολυτελῶν
1837 4848 1999 4884 κεκο-

406 4923 711 4994 σμημένον,
753 4923 852 4995 τὴν
897 4923 1144 4994 Τετράδα
1188 4923 1474 4993 σημαίνειν
1510 4921 1836 4993 διορίζονται
1859 4937 1874 4952 ο
1904 4922 1997 4974 καὶ

406 5017 461 5069 εί
494 5033 617 5070 τινα
661 5016 889 5069 τοιαῦτα
930 5019 1108 5069 κεῖται
1136 5016 1193 5067 ὲν
1215 5018 1336 5079 ταῖς
1364 5016 1630 5087 Γραφαῖς,
1659 5016 1738 5077 εἰς
1771 5013 1861 5066 τὸν
1887 5013 1996 5065 τῶν

405 5108 690 5179 τεσσάρων
745 5107 1018 5179 δυνάμενα
1073 5106 1302 5176 ἄγεσθαι
1360 5107 1593 5178 ἀριθμὸν
1631 5106 1719 5160 διὰ
1754 5107 1851 5177 τὴν
1890 5106 1995 5158 Τε-

406 5201 647 5269 τρακτὺν
687 5198 869 5252 αὐτῶν
920 5215 1055 5268 φασι
1108 5198 1413 5266 γεγονέναι.
1461 5198 1572 5269 Τὴν
1617 5197 1676 5250 δὲ
1734 5197 1995 5265 Ὀγδοάδα

404 5290 569 5343 πάλιν
597 5288 906 5343 δείκνυσθαι
953 5288 1147 5353 οὕτως·
1203 5291 1291 5342 Ἐν
1325 5291 1391 5359 τῇ
1432 5290 1594 5361 ὀγδόῃ
1625 5288 1735 5342 τῶν
1768 5287 1995 5359 ἡμερῶν

404 5382 718 5436 πεπλάσθαι
747 5383 1069 5452 λέγουσιτὸν
1093 5383 1402 5455 ἄνθρωπον.
1430 5383 1569 5436 Ποτὲ
1589 5383 1686 5453 μὲν
1708 5382 1817 5453 γὰρ
1833 5381 1998 5433 αὐτὸν

400 5478 471 5546 τῇ
504 5475 640 5547 ἕκτῃ
682 5475 961 5545 βούλονται
1018 5477 1323 5546 γεγονέναι,
1370 5478 1500 5529 ποτὲ
1545 5477 1602 5529 δὲ
1639 5478 1705 5546 τῇ
1743 5475 1997 5545 ὀγδόῃ,εί

407 5567 485 5639 μὴ
521 5568 614 5622 τὸν
645 5569 744 5640 μὲν
769 5568 951 5641 χοῖκὸν
968 5570 1025 5623 ὲν
1051 5571 1117 5641 τῇ
1141 5568 1276 5640 ἕκτῃ
1307 5567 1416 5622 τῶν
1441 5567 1667 5640 ἡμερῶν
1689 5564 1876 5638 ἐροῦσι
1898 5582 1997 5617 πε-

478 5727 496 5758 ί
528 5727 670 5781 lren.
698 5726 759 5780 τὸ
791 5726 911 5794 ἁόρ.
944 5735 1026 5794 et,
1056 5727 1116 5781 τὸ
1150 5727 1276 5782 ἀπό.

403 5867 426 5899 ⁸
453 5867 591 5924 Gen.
628 5883 668 5936 ι,
700 5867 753 5924 1.
782 5867 792 5870 ⁷
828 5870 885 5946 ,ι’
912 5867 1082 5927 Exed.
1115 5885 1266 5939 xxvr,
1302 5867 1353 5929 f.

1347 5728 1368 5759 ²
1398 5726 1539 5783 lren.
1576 5729 1634 5782 ἐν
1662 5723 1743 5791 οἷς
1775 5727 1880 5779 είσι
1916 5726 2012 5779 καὶ
2050 5726 2128 5779 τό.
2201 5726 2223 5757 ³
2249 5726 2388 5782 Iren.
2426 5725 2519 5780 ἐπὶ
2556 5727 2692 5781 πᾶσι
2736 5726 2965 5792 τούτοις.

402 5797 425 5829 ⁵
455 5797 597 5851 lren.
640 5799 824 5870 πηγῆς
860 5795 1110 5870 δύναμιν.
1159 5800 1278 5853 Mox
1316 5814 1416 5869 pro
1476 5799 1670 5861 ταῦτα,
1731 5798 1961 5869 ταύτην.

403 5867 426 5899 ⁸
453 5867 591 5924 Gen.
628 5883 668 5936 ι,
700 5870 753 5924 1.
828 5870 885 5940 ,ι’
912 5868 1082 5927 Exod.
1115 5885 1266 5939 xxvr,
1302 5871 1353 5929 1.
1435 5870 1477 5902 “
1508 5869 1680 5929 Exod.
1714 5884 1910 5934 xxvm,
1942 5867 1977 5924 4
2013 5888 2017 5925 :

2102 5795 2214 5853 For.
2241 5798 2479 5870 ἔχοντος.

2102 5884 2134 5939 ι.

1666 5908 1680 5927 ο
1715 5906 1910 5934 anvlu,
1942 5906 1977 5924 -ιν
2013 5906 2134 5934 ειμι.

2105 4658 2386 4713 coccoque
2432 4650 2692 4697 contexta
2713 4643 2779 4696 ¹⁰.
2798 4641 3104 4712 Itidemque
3129 4644 3435 4701 sacerdotis
3458 4647 3688 4700 talarem

2107 4731 2349 4785 tunicam
2378 4739 2618 4801 quatuor
2643 4731 2952 4801 lapillorum
2966 4734 3253 4789 ordinibus
3279 4735 3596 4791 distinctam
3623 4738 3688 4792 “.

2105 4824 2185 4879 Ac
2220 4824 2265 4879 si
2302 4839 2411 4895 qua
2438 4832 2568 4880 sunt
2590 4824 3009 4895 eiusdemmodi,
3050 4843 3171 4897 qua:
3211 4829 3268 4882 in
3305 4830 3482 4885 sacris
3514 4828 3689 4886 Litte-

2104 4917 2183 4970 ris
2226 4915 2291 4970 ad
2324 4918 2740 4987 quaternarium
2770 4933 3063 4973 numerum
3099 4921 3510 4976 accommodari
3555 4938 3689 4993 pos-

2106 5015 2279 5074 sunt,
2339 5024 2495 5063 suam
2544 5009 2611 5063 ad
2668 5008 2959 5065 Tetradem
3012 5012 3287 5081 pertinere
3338 5014 3686 5070 confirmant.

2104 5100 2418 5171 Ogdoadcm
2448 5118 2645 5157 rursus
2689 5102 2795 5157 hoc
2843 5103 2955 5158 fere
2984 5105 3148 5160 modo
3174 5106 3566 5164 demonstrari.
3607 5108 3693 5163 Et-

2103 5194 2249 5246 enim
2308 5200 2505 5248 octavo
2558 5194 2647 5248 die
2696 5193 2989 5250 formatum
3054 5197 3332 5254 hominem
3389 5209 3690 5268 asserunt,

2103 5302 2265 5356 quem
2322 5286 2459 5341 alias
2511 5294 2666 5343 sexto
2706 5288 2890 5357 potius
2928 5290 3260 5357 productum
3308 5291 3532 5360 volunt;
3584 5294 3688 5347 nisi

2105 5382 2246 5435 forte
2291 5387 2608 5435 terrestrem
2649 5382 2922 5436 hominem
2959 5390 3142 5449 sexto,
3175 5384 3454 5439 carnalem
3495 5394 3692 5442 octavo

2106 5472 2194 5527 die
2248 5471 2577 5527 fabricatum
2636 5475 2968 5546 intelligunt.
3017 5473 3146 5529 Haec
3185 5475 3333 5530 enim
3383 5478 3529 5548 apud
3567 5480 3690 5533 illos

2109 5564 2368 5622 distincta
2423 5570 2574 5622 sunt.
2633 5563 2737 5621 Sed
2785 5566 3035 5621 nonnulli
3090 5565 3370 5627 diversum
3419 5572 3572 5625 illum
3605 5570 3689 5624 fa—

3047 5727 3069 5759 ⁸
3098 5728 3237 5786 lren.
3250 5771 3267 5802 .
3315 5729 3686 5802 Τριακοντάδα

2557 5800 2576 5831 ⁷
2614 5800 2756 5856 lrcn.
2795 5800 2956 5871 σῶμα
2995 5803 3144 5873 περί.
3197 5802 3220 5834 ⁸
3249 5800 3390 5858 iren.
3434 5802 3686 5872 στοίχοις.
