4156 6358
356 353 363 358 ’
449 387 557 443 διε

1884 387 1940 443 S.
1986 385 2325 442 ΕΡΙΡΠΑΝΙΙ

3625 378 3731 435 616

449 515 624 572 clunt,
657 507 753 578 qui
798 504 865 559 ad
896 493 1209 577 imaginem,
1246 507 1775 576 similitudinemque
1815 518 2036 562 creatus

2138 507 2400 568 πλάσθαι,
2454 506 2544 558 τὸν
2597 505 2654 558 δὲ
2704 502 2966 574 σαρκικδν
3002 499 3058 555 ἐν
3186 497 3368 570 ὀγδόῃ.
3408 496 3730 554 Διέσταλται

451 609 536 655 est
567 597 698 662 Dei,
746 613 908 667 quem
947 596 1329 668 androgynum
1377 599 1744 663 constituunt,
1787 599 1856 653 ab
1895 599 2036 662 alio,

449 691 547 762 qui
579 705 644 746 ex
685 690 853 744 humo
899 689 1168 745 formatus
1205 701 1310 744 est.
1359 689 1503 756 Quin
1534 698 1586 745 et
1616 706 1742 744 arca
1775 691 1923 746 illius
1952 691 2039 744 di-

455 782 584 837 luvii
610 791 876 851 tempore,
905 781 1324 851 dispositionem
1346 825 1360 844 ,
1404 784 1458 836 in
1502 798 1609 853 qua
1641 783 1890 838 homines
1916 793 2040 838 octo

455 874 667 930 liberali
707 883 835 928 sunt
869 875 909 938 ¹,
960 875 1248 929 manifeste
1294 877 1591 930 salutarem
1625 876 1692 929 ad
1722 875 2038 946 Ogdoadem

456 977 706 1039 spectare
741 969 1118 1038 pronuntiant,
1180 977 1238 1020 ut
1282 979 1332 1022 et
1387 969 1642 1024 Davidem
1697 970 1914 1038 ipsum,
1944 969 2039 1038 qui

454 1068 651 1114 octavo
679 1068 802 1130 post
845 1060 1044 1115 fratres
1077 1061 1197 1116 loco
1230 1062 1284 1115 in
1317 1061 1491 1116 lucem
1521 1069 1606 1117 est
1637 1061 1819 1116 editus
1852 1065 1894 1117 ¹.
1925 1061 2040 1114 Ad-

456 1154 597 1208 dunt
626 1160 679 1207 ct
708 1153 1184 1208 circumcisioncm
1219 1161 1414 1207 octavo
1449 1153 1535 1208 die
1567 1163 1883 1223 susceptam
1918 1171 2038 1210 ca:-

461 1247 613 1300 lestis
639 1243 913 1314 ngoadis
939 1245 1417 1300 circumcisionem
1447 1247 1740 1300 ostendere
1770 1247 1810 1299 ⁸.
1839 1250 2036 1315 Atque,

460 1345 520 1390 ut
549 1354 655 1391 uno
703 1338 874 1392 verbo
925 1337 1140 1400 dicam,
1183 1353 1522 1407 qumcunque
1562 1338 1736 1393 sacris
1780 1337 1832 1391 iu
1883 1339 2038 1393 libris

459 1430 845 1499 reperiuntur,
901 1445 1020 1499 qua:
1069 1430 1136 1484 ad
1185 1432 1530 1484 octonarium
1566 1447 1854 1485 numerum
1895 1431 2034 1484 trahi

459 1529 738 1592 utrunque
783 1531 1034 1591 possunt,
1077 1523 1140 1576 ad
1177 1524 1578 1577 conficiendum
1605 1523 1880 1593 Ogdoadis
1921 1539 2039 1593 my-

460 1615 686 1668 sterium
735 1621 1026 1682 usurpant.
1091 1613 1380 1669 Enimvero
1431 1615 1694 1669 Dccadem
1729 1630 1823 1684 per
1851 1615 2037 1668 decem

459 1704 580 1757 illas
611 1706 858 1759 nationes
897 1706 1127 1758 indicari
1169 1723 1279 1759 non
1311 1708 1568 1760 dubitant
1595 1747 1610 1769 ,
1641 1722 1872 1777 quarum
1909 1723 2039 1775 pos-

459 1795 758 1851 sessionem
784 1796 926 1852 Deus
957 1797 1264 1852 Ahrahamo
1297 1802 1690 1868 promiserat‘.
1725 1797 2038 1870 Eodemque

460 1885 612 1942 Sara
647 1889 938 1944 consilium
989 1891 1287 1960 applicant,
1329 1906 1454 1943 cum
1488 1898 1608 1961 post
1637 1907 1814 1945 annos
1848 1891 2035 1946 decem

459 1979 712 2034 ancillam
739 1981 822 2034 illi
861 1996 1017 2036 suam
1044 1982 1277 2052 Agarem
1300 1983 1598 2044 concessit,
1633 1983 1841 2038 liberos
1879 1991 1939 2037 ut
1969 2000 2034 2038 ex

458 2083 524 2124 ea
575 2070 905 2141 susciperet.
953 2071 1098 2136 Quin
1151 2082 1204 2126 et
1259 2071 1557 2126 Abrahami
1603 2090 1800 2128 servus
1829 2073 1897 2127 ad
1939 2075 2041 2129 lte-

462 2159 685 2214 beccam
740 2162 975 2226 missus,
1006 2161 1096 2230 qui
1136 2163 1381 2216 armillas
1412 2164 1458 2216 ei
1508 2162 1696 2217 decem
1731 2179 1928 2219 aureas
1972 2164 2038 2217 ad

459 2249 622 2322 252
656 2260 880 2323 puteum
935 2254 1132 2308 obtulit
1157 2255 1198 2317 ⁵,
1229 2270 1442 2308 necnon
1497 2255 1696 2312 fratres
1739 2257 1908 2320 illius,
1946 2258 2039 2326 qui

459 2345 646 2399 decem
673 2343 793 2400 dies
821 2359 938 2399 eam
984 2345 1348 2401 retinuerunt.
1385 2344 1626 2418 Itemque
1652 2346 2038 2422 Jeroboamus,

460 2437 548 2491 cui
579 2436 766 2491 decem
813 2438 991 2492 tribus
1021 2439 1314 2509 assignata:
1346 2441 1388 2493 ⁸.
1423 2439 1789 2497 Tabernaculi
1823 2461 2041 2514 quoque

458 2529 686 2583 cortinae
714 2529 934 2595 decem;
971 2531 1350 2601 columnasque
1381 2534 1693 2587 cubitorum
1727 2536 1948 2601 decem;
1979 2551 2042 2589 ac

456 2620 648 2678 Jacobi
689 2623 914 2677 totidem
968 2623 1061 2677 filii
1109 2625 1397 2680 coemcudi
1454 2626 1715 2682 frumenti
1769 2645 1934 2684 causa
1986 2632 2042 2684 in

459 2710 758 2784 Egyptum
795 2711 1028 2782 profecti
1064 2729 1077 2764 :
1122 2714 1314 2768 decem
1367 2715 1597 2785 insuper
1625 2719 1880 2786 apostoli,
1915 2720 2041 2788 qui-

461 2806 563 2862 bus
602 2805 827 2860 absente
855 2803 1066 2860 Thoma
1106 2806 1374 2863 Dominus
1413 2817 1538 2878 post
1573 2811 2039 2865 resurrectionem

459 2898 714 2969 apparuit
739 2899 781 2963 ⁷,
822 2897 898 2964 hi,
933 2900 1178 2969 inquam,
1201 2915 1394 2955 omnes
1421 2900 1690 2956 Decadem
1717 2903 1886 2967 illam,
1918 2919 2042 2974 qua:

458 2986 632 3043 videri
665 2988 876 3059 nequit,
902 3005 970 3044 ex
1003 2991 1223 3045 illorum
1251 2992 1511 3062 opinione
1542 2992 1917 3050 declararunt.

525 3162 693 3265 :XV'll.
745 3165 816 3219 At
843 3182 974 3221 vero
1014 3165 1355 3232 Dodecadis,
1403 3171 1459 3224 in
1509 3187 1616 3242 qua
1650 3171 1900 3228 defectus
1951 3175 2042 3228 illa
2070 3208 2112 3265 Ο

455 3257 741 3313 calamitas
789 3273 854 3313 ac
887 3261 1210 3329 mysterium
1255 3263 1486 3332 contigit
1515 3304 1529 3328 ,
1563 3280 1674 3332 qua
1713 3282 1781 3319 ex
1812 3267 2040 3321 calami-

457 3355 567 3402 tate
597 3348 843 3403 omnium
889 3365 1011 3420 quae
1040 3351 1299 3406 videntur
1348 3355 1616 3423 originem
1655 3372 1910 3413 manasse
1943 3359 2039 3413 de-

454 3440 689 3506 ﬁniunt,
725 3444 930 3512 ubique
969 3445 1118 3498 clara
1151 3461 1223 3514 _ac
1259 3450 1552 3503 manifesta
1606 3452 1836 3517 vestigia
1883 3468 2040 3521 repe-

455 3534 555 3588 riri
586 3534 912 3606 prazdicant.
949 3535 1272 3605 Cuiusmodi
1329 3550 1459 3594 sunt
1512 3540 1803 3597 duodecim
1849 3542 2037 3597 Jacobi

454 3627 586 3692 filii,
625 3643 654 3681 a
693 3629 892 3698 quibus
926 3628 1217 3683 duodecim
1253 3639 1563 3701 propagata:
1587 3643 1718 3686 sunt
1745 3634 1959 3700 tribus;
1988 3643 2042 3688 et

454 3718 726 3774 rationale
753 3734 919 3788 opere
951 3720 1104 3773 vario
1127 3722 1503 3785 contextum",
1533 3724 1622 3777 cui
1648 3724 1935 3779 duodecim
1972 3727 2043 3778 la-

455 3809 609 3878 pides
647 3811 842 3877 assuti,
878 3825 942 3864 ac
974 3810 1342 3865 tintinnabula
1393 3815 1642 3868 totidem.
1695 3816 1850 3870 Adde
1889 3819 2036 3888 lapi-

452 3901 550 3958 des
587 3900 876 3957 duodecim
911 3919 939 3956 a
974 3903 1156 3974 Moyse
1203 3904 1307 3958 sub
1338 3914 1523 3960 monte
1565 3908 1894 3975 collocatos,
1940 3928 2038 3980 pa-

451 3993 611 4064 rique
652 4011 884 4050 numero
913 3998 1110 4066 partim
1141 3998 1323 4054 medio
1367 3999 1421 4052 in
1472 3998 1718 4064 flumine,
1751 4005 1952 4072 partim
1983 4005 2038 4058 in

455 4087 715 4142 ulteriore
762 4086 880 4156 ripa
921 4088 992 4141 ab
1043 4087 1210 4144 Josue
1241 4091 1454 4159 positos
1486 4094 1505 4123 °
1541 4109 1553 4146 :
1593 4094 1798 4164 quique
1841 4094 2039 4150 Testa--

453 4177 624 4233 menti
669 4193 855 4232 arcam
906 4179 1338 4234 sustinuerunt:
1375 4190 1540 4250 atque
1589 4184 1716 4240 illos
1775 4185 2037 4256 insuper,

451 4286 593 4340 quos
642 4270 696 4324 in
748 4271 904 4324 vituli
956 4271 1282 4326 holocausto
1318 4273 1464 4328 Elias
1495 4278 1855 4346 supposuisse
1905 4279 2039 4349 legi-

452 4371 544 4417 tur
574 4363 642 4416 ”.
675 4361 888 4428 Quibus
911 4370 964 4416 et
995 4365 1368 4431 apostolorum
1397 4382 1657 4423 numerus
1681 4370 1911 4423 accedit.
1935 4369 2038 4424 De-

450 4456 616 4524 nique
650 4455 964 4526 ubicunque
1001 4457 1324 4512 duodenarii
1362 4460 1572 4512 numeri
1613 4475 1839 4530 aspersa
1881 4477 2038 4514 men-

2141 599 2250 670 γὰρ
2276 598 2450 652 ταῦτα
2501 595 2634 667 παρ’
2660 596 2865 660 αὐτοῖς.
2895 597 3069 648 Ἔνιοι
3107 592 3165 646 δὲ
3197 591 3356 646 ἄλλον
3384 589 3598 643 θέλουσι
3639 583 3731 646 τὸν

2140 693 2261 746 κατ’
2285 691 2471 744 εἰκόνα
2511 690 2606 742 καὶ
2629 689 2889 759 ὁμοίωσιν
2910 685 3046 739 Θεοῦ
3072 685 3336 753 γεγονότα
3367 681 3731 754 ἀρσενόθηλυν

2141 783 2447 854 ἄνθρωπον,
2485 782 2579 836 καὶ
2606 780 2794 833 τοῦτον
2829 774 2966 831 εἷναι
3008 776 3100 829 τὸν
3139 772 3511 846 πνευματικόν
3533 789 3545 801 ·
3571 771 3731 827 ἄλλον

2139 876 2195 928 δέ
2225 877 2316 928 τὸν
2345 878 2408 928 ἐκ
2450 875 2552 944 τῆς
2597 874 2700 943 γῆς
2731 872 3056 925 πλασθέντα.
3093 870 3203 923 Καὶ
3231 868 3331 940 τὴν
3358 868 3458 937 τῆς
3495 863 3729 920 κιϐωτοῦ

2138 969 2195 1022 δὲ
2226 968 2536 1038 οἰκονομίαν
2568 969 2623 1018 ὲν
2657 965 2735 1036 τῷ
2772 963 3164 1033 κατακλυσμῷ,
3201 955 3315 1033 ἐν
3343 959 3486 1013 ὀκτὼ
3516 959 3726 1030 ἄνθρω-

2142 1080 2232 1116 ποι
2289 1061 2662 1131 διεσώθησαν,
2719 1057 3075 1130 φανερώτατά
3135 1073 3268 1124 φασι
3319 1054 3419 1124 τὴν
3467 1053 3730 1123 σωτήριον

2153 1155 2414 1223 Ὀγδοάδα
2457 1152 2700 1224 μηνύειν.
2745 1151 2819 1204 Τὸ
2851 1150 2983 1204 αὐτὸ
3006 1149 3063 1202 δέ
3104 1147 3200 1200 καὶ
3232 1146 3324 1198 τὸν
3356 1144 3520 1198 Δαϐὶδ
3547 1144 3732 1211 ὃγδοον

2139 1246 2268 1300 ὅντα
2290 1249 2356 1316 τῇ
2385 1245 2596 1314 γενέσει
2629 1242 2737 1295 τῶν
2785 1240 3032 1310 ἀδελφῶν
3073 1238 3237 1291 αύτοῦ
3278 1236 3584 1307 σημαίνειν.
3611 1234 3731 1286 Ἐτι

2145 1338 2250 1408 μὴν
2280 1339 2375 1390 καὶ
2445 1335 2542 1406 τὴν
2578 1335 2886 1405 περιτομὴν
2938 1333 3284 1402 όκταήμερον
3331 1327 3626 1397 γινομένην
3671 1325 3732 1378 τὸ

2141 1429 2466 1501 περίτμημα
2519 1426 2621 1496 τῆς
2677 1425 2790 1479 άνω
2834 1423 3115 1492 Ὀγδοάδος
3155 1419 3370 1492 δηλοῦν.
3403 1419 3514 1472 Καὶ⁵
3544 1415 3729 1479 ἁπλῶς

2139 1522 2238 1574 ὅσα
2283 1520 2596 1590 εὑρίσκεται
2657 1520 2714 1571 ἐν
2750 1519 2868 1579 ταῖς
2922 1516 3188 1586 Γραφαῖς,
3233 1511 3542 1580 ὑπάγεσθαι
3574 1509 3731 1562 δυνά·

2143 1626 2277 1679 μενα
2331 1611 2410 1668 εἰς
2444 1607 2533 1661 τὸν
2573 1606 2806 1677 ἀριθμὸν
2844 1605 2950 1658 τῶν
2982 1603 3148 1666 ὀκτὼ,
3191 1603 3252 1655 τὸ
3288 1602 3587 1672 μυστήριον
3627 1598 3732 1667 τῆς

2153 1701 2432 1770 Ὀγδοάδος
2454 1699 2760 1773 ἐκπληροῦν
2782 1697 3054 1765 λέγουσιν.
3091 1696 3252 1749 Ἀλλὰ
3282 1694 3378 1747 καὶ
3409 1693 3507 1764 τὴν
3531 1691 3732 1745 δεκάδα

2143 1793 2504 1864 σημαίνεσθαι
2553 1791 2640 1844 διὰ
2671 1789 2779 1842 τῶν
2811 1790 2944 1843 δέκα
2975 1787 3143 1840 ἐθνῶν
3175 1780 3249 1838 ὧν
3295 1784 3662 1855 ἐπηγγείλατο
3699 1782 3732 1835 ὁ

2141 1887 2274 1949 Θεὸς
2294 1885 2374 1956 τῷ
2408 1884 2682 1956 Ἀϐραὰμ,
2713 1885 2792 1946 είς
2813 1881 3142 1952 κατάσχεσιν
3162 1878 3344 1932 δοῦναι
3359 1876 3596 1945 λέγουσι,
3623 1875 3732 1928 Καὶ

2140 1981 2240 2050 τὴν
2279 1978 2406 2050 περὶ
2440 1978 2658 2049 Σάρραν
2705 1976 2762 2029 δὲ
2804 1973 3136 2044 οἰκονομίαν,
3181 1971 3258 2036 ὡς
3297 1969 3436 2042 μετὰ
3463 1969 3561 2037 ἔτη
3597 1967 3732 2021 δέκα

2141 2073 2356 2126 δίδωσιν
2385 2069 2535 2141 αὐτῷ
2566 2071 2666 2142 τὴν
2685 2068 2882 2138 ἑαυτῆς
2910 2067 3103 2135 δούλην
3125 2066 3324 2137 Ἀγαρ,
3357 2065 3443 2118 ἶνα
3464 2065 3524 2129 ἐξ
3558 2061 3731 2130 αὐτῆς

2139 2164 2619 2234 τεκνοποιήσηται,
2669 2161 2729 2213 τὸ
2785 2159 2917 2212 αὐτὸ
2972 2156 3187 2228 δηλοῦν.
3221 2158 3332 2210 Καὶ
3378 2158 3406 2208 ὁ
3441 2153 3733 2216 ,δοῦλοςδὲ

2154 2254 2406 2326 Ἀϐρααμ
2434 2253 2706 2324 πεμφθεὶς
2732 2251 2828 2303 ἐπὶ
2854 2248 3170 2313 Ῥεϐέκκαν,
3200 2248 3296 2300 καὶ
3316 2246 3408 2300 ἐπὶ¹
3432 2244 3510 2315 τῷ
3536 2244 3732 2315 φρέατι

2140 2347 2317 2410 διδοὺς
2351 2347 2487 2418 αὐτῇ
2508 2345 2669 2415 ψέλια
2700 2343 2918 2415 χρυσῶν
2939 2343 3096 2407 δέκα,
3124 2342 3219 2395 καὶ
3244 2343 3293 2393 οἱ
3323 2339 3543 2408 ἀδελφοὶ
3561 2338 3733 2406 αὐτῆς

2143 2437 2464 2507 κατέχοντες
2496 2436 2665 2507 αὐτὴν
2700 2437 2792 2488 ἐπὶ
2817 2435 2951 2488 δέκα
2995 2433 3236 2504 ἡμέραςο
3282 2431 3364 2484 ἐτι
3403 2429 3460 2482 δέ
3494 2427 3734 2497 Ῥοϐοάμ

2142 2532 2171 2583 ὁ
2204 2530 2273 2583 τὰ
2319 2530 2452 2582 δέκα
2511 2529 2766 2599 σκῆπτρα
2808 2525 3126 2598 λαμϐάνων.
3173 2524 3270 2578 καὶ
3301 2523 3401 2592 τῆς
3440 2521 3644 2592 σκηνῆς
3675 2520 3732 2572 αἱ

2143 2623 2276 2675 δέκα
2292 2621 2646 2684 αύλαῖαι,καὶ
2679 2621 2728 2672 οί
2756 2618 2938 2673 στύλοι
2958 2619 3006 2672 οί
3022 2618 3373 2688 δεκαπήχεις,
3401 2615 3496 2668 καὶ
3525 2615 3575 2668 ot
3601 2613 3732 2666 δέκα

2143 2715 2250 2766 υἱοὶ
2295 2713 2509 2773 Ἰακὼϐ,
2551 2713 2645 2764 ἐπὶ
2676 2711 2773 2783 τὴν
2813 2710 2960 2782 ώνὴν
3005 2709 3100 2763 τοῦ
3133 2708 3279 2761 σίτου
3306 2707 3367 2760 τὸ
3391 2706 3605 2778 πρῶτον
3650 2707 3733 2768 είς

2143 2807 2420 2875 Αἴγυπτον
2465 2804 2832 2876 πεμφθέντες,
2881 2803 2975 2857 καὶ
3019 2803 3070 2855 οί
3116 2803 3250 2856 δέκα
3289 2801 3596 2864 ἀπόστολοι,
3651 2794 3732 2863 οἷς

2145 2896 2475 2968 φανεροῦται
2531 2896 2668 2966 μετὰ
2714 2896 2811 2967 τὴν
2865 2895 3085 2967 ἔγερσιν
3113 2896 3141 2946 ὁ
3173 2893 3397 2964 Κύριος,
3426 2892 3522 2945 τοῦ
3561 2891 3733 2961 Θωμᾶ

2147 2988 2224 3057 μὴ
2254 2987 2539 3059 παρόντος,
2566 2985 2664 3057 τὴν
2699 2985 2929 3056 ἀόρατον
2955 2983 3242 3038 διετύπουν
3261 2984 3382 3036 κατ’
3417 2983 3613 3045 αὐτοὺς
3636 2984 3732 3033 Δε-

2145 3081 2283 3136 κάδα
2293 3121 2305 3133 .

2217 3174 2316 3226 ΙΖ’.
2349 3172 2460 3243 Τὴν
2503 3169 2796 3225 δυοδεκάδα
2822 3172 2899 3234 δὲ,
2942 3168 3072 3241 περὶ
3105 3169 3170 3240 ἣν
3206 3167 3303 3223 καὶ
3341 3168 3402 3221 τὸ
3436 3168 3733 3239 μυστήριον

2144 3263 2238 3316 τοῦ
2268 3262 2472 3325 πάθους
2495 3262 2588 3314 τοῦ
2619 3263 2998 3333 ὑστερήματος
3026 3261 3328 3330 γεγονέναι,
3353 3258 3413 3325 εξ
3435 3253 3495 3314 οὗ
3525 3259 3733 3322 πάθους

2143 3355 2211 3408 τά
2264 3354 2568 3424 βλεπόμενα
2613 3352 3053 3406 κατεσκευάσθαι
3098 3351 3380 3416 θέλουσιν,
3443 3352 3734 3422 ἐπισήμως

2144 3449 2239 3502 καὶ
2293 3447 2542 3520 φανερῶς
2599 3451 2843 3519 πανταχῆ
2897 3447 3112 3501 κεῖσθαι
3159 3446 3428 3515 λέγουσιν.
3477 3448 3565 3512 Ὡς
3605 3447 3734 3510 τοὺς

2143 3539 2350 3593 δώδεκα
2379 3541 2528 3603 υἱοὺς
2561 3539 2654 3594 τοῦ
2690 3539 2906 3604 Ἰακὼϐ,
2950 3539 3007 3606 ἐξ
3039 3532 3114 3592 ὧν
3145 3539 3240 3592 καὶ¹
3285 3539 3513 3592 δεκαδύο
3543 3539 3730 3608 φυλαὶ.

2143 3632 2237 3684 καὶ
2267 3631 2327 3684 τὸ
2355 3630 2532 3698 λόγιον
2571 3630 2633 3682 τὸ
2674 3630 2948 3683 ποικιλτὸν
2995 3629 3203 3683 δώδεκα
3245 3630 3425 3694 λίθους
3463 3631 3604 3701 ἔχον,
3638 3632 3733 3684 καὶ

2141 3722 2268 3783 τοὺς
2321 3719 2532 3773 δώδεκα
2558 3717 2832 3782 ’κώδωνας
2857 3737 2870 3749 υ
2901 3721 2994 3772 καὶ
3022 3722 3148 3783 τοὺς
3177 3720 3282 3773 ὑπὸ
3323 3721 3603 3784 Μωῡσέως
3640 3737 3732 3772 τεο

2143 3812 2333 3874 θέντας
2386 3811 2490 3864 ὑπὸ
2518 3811 2577 3863 τὸ
2611 3810 2736 3882 ὅρος
2772 3811 2978 3864 δώδεκα
3014 3810 3195 3875 λίθους
3217 3828 3232 3842 ο
3258 3811 3520 3875 ὡσαύτως
3548 3811 3606 3864 δὲ
3636 3813 3731 3864 καὶ

2143 3905 2267 3969 τοὺς
2334 3903 2439 3956 ὑπὸ
2485 3903 2660 3974 Ἰησοῦ
2712 3905 2770 3956 ἐν
2821 3903 2898 3973 τῷ
2933 3903 3186 3974 ποταμῷ,
3219 3905 3310 3958 καὶ
3343 3905 3536 3966 ἄλλους
3560 3908 3640 3969 είς
3669 3905 3731 3959 τὸ

2142 3996 2337 4067 πέραν,
2369 3997 2462 4049 καὶ
2495 3997 2620 4059 τοὺς
2658 3995 3026 4066 βαστάζοντας
3060 3997 3159 4068 τὴν
3198 3995 3429 4050 κιϐωτὸν
3461 3999 3560 4066 τῆς
3597 4001 3729 4051 Δια-

2141 4086 2334 4158 Οήκης,
2383 4087 2476 4140 καὶ
2508 4087 2633 4150 τοὺς
2678 4086 2781 4138 ὑπὸ
2821 4087 2979 4140 Ἠλία
3018 4088 3365 4158 τεθειμένους
3401 4089 3461 4141 ἐν
3497 4091 3564 4160 τῇ
3613 4089 3734 4143 ὀλο-

2141 4179 2411 4233 καυτώσει
2448 4179 2542 4232 τοῦ
2575 4179 2804 4248 μόσχου·
2837 4179 2932 4232 καὶ
2958 4184 3050 4233 τὴν
3079 4179 3312 4250 ἀριθμὸν
3351 4180 3406 4233 δέ
3435 4180 3545 4234 τῶν
3594 4181 3732 4235 ἀποσ

2143 4269 2343 4323 στόλων
2367 4286 2380 4298 ·
2417 4271 2510 4322 καὶ
2527 4270 2706 4322 πάντα
2732 4269 2917 4332 ἁπλῶς
2936 4271 3036 4322 ὅσα
3056 4269 3146 4323 τὸν
3171 4269 3472 4324 δωδέκατον
3497 4271 3730 4343 ἀριθμὸν

2137 4359 2415 4424 διασώζει,
2463 4361 2562 4431 τὴν
2615 4361 2899 4414 Δωδεκάδα
2943 4359 3122 4413 αὐτῶν
3169 4362 3599 4434 χαρακτηρίζειν
3641 4363 3731 4416 λέ-

2139 4469 2317 4520 γουσι.
2345 4451 2456 4523 Τὴν
2493 4452 2549 4505 δέ
2578 4453 2784 4505 τούτων
2821 4452 3037 4506 πάντων
3089 4452 3284 4506 ἐνωσιν
3315 4453 3730 4525 ὀνομαζομένην

452 4547 532 4600 tio
570 4554 673 4611 est,
713 4546 764 4600 id
809 4556 1068 4616 tanquam
1109 4547 1416 4603 Dodecadis
1456 4566 1568 4603 suae
1623 4552 1853 4620 figuram
1891 4553 2036 4606 arri-

2141 4546 2516 4618 Τριακοντάδα
2555 4545 2644 4598 διὰ
2683 4545 2784 4616 τῆς
2817 4546 3113 4616 τριάκοντα
3145 4545 3337 4617 πηχῶν
3372 4547 3434 4599 τὸ
3465 4545 3598 4616 ὕψος
3633 4547 3730 4599 ἐπὶ

451 4641 630 4709 piunt.
666 4638 786 4693 Jam
847 4641 1204 4694 tricenarium
1232 4680 1248 4705 ,
1297 4641 1391 4710 qui
1424 4656 1489 4695 ex
1526 4642 1746 4697 illorum
1784 4645 2032 4698 omnium

449 4731 842 4803 conjunctione
898 4732 1146 4786 nascitur
1169 4769 1184 4795 ,
1220 4731 1344 4800 ejus
1384 4747 1551 4803 arere,
1583 4749 1745 4802 quam
1793 4733 2034 4791 Noemus

448 4822 757 4885 exstruxit,
814 4822 1086 4876 tricenum
1145 4821 1459 4875 cubitorum
1518 4823 1750 4877 altitudo
1803 4825 2032 4878 deruun-

450 4922 591 4970 strat
623 4913 688 4967 “.
719 4912 920 4966 Deinde
953 4909 1173 4965 Samuel
1207 4912 1298 4980 qui
1328 4910 1546 4967 Saulem
1576 4929 1740 4983 supra
1767 4914 1990 4984 triginta
2013 4953 2028 4977 .

448 5020 588 5078 quos
617 5003 916 5073 adepulum
946 5002 1230 5067 invitarat,
1250 5002 1418 5071 jussit
1439 5005 1770 5058 accumbere
1796 5006 1861 5057 ".
1891 5004 2027 5058 Tum

448 5099 677 5167 insuper
709 5095 1196 5164 David,quatcnus
1228 5093 1450 5163 triginta
1474 5103 1622 5151 totos
1657 5097 1776 5151 dies
1810 5097 1865 5150 in
1897 5113 2029 5166 agro

447 5189 664 5245 delituit
693 5188 736 5219 "
763 5207 780 5256 ;
812 5197 871 5242 ut
905 5195 960 5241 et
991 5189 1067 5244 illi
1093 5189 1186 5258 qui
1222 5187 1291 5242 ad
1323 5189 1499 5257 ipsum
1525 5203 1584 5244 se
1619 5189 1674 5242 in
1713 5190 2028 5258 speluncam

516 5348 534 5378 ι
566 5344 703 5404 Gen.
727 5361 817 5418 νι,
837 5347 900 5402 14
926 5363 1048 5418 sqq.
1128 5349 1158 5418 ’ί
1187 5347 1208 5418 l
1234 5345 1368 5415 Reg.
1397 5363 1506 5408 xw,
1540 5348 1626 5401 ll.

446 5431 542 5488 31,7
578 5419 666 5488 51.
744 5416 1226 5488 ⁷]οιιιι.ἰκ,ἒ6.
1303 5419 1324 5448 ⁸
1356 5418 1524 5471 Exod.
1570 5433 1760 5480 xxvnl,
1818 5419 1852 5471 4
1915 5435 2037 5488 sqq.

447 5485 495 5520 ¹²
525 5487 544 5541 l
578 5485 710 5558 Ileg.
748 5503 823 5550 Ix,
855 5489 946 5543 22.
1027 5489 1069 5520 ³³
1099 5487 1120 5542 1
1157 5486 1292 5558 Reg.
1325 5505 1416 5553 xx,
1444 5489 1532 5542 15.

521 5627 635 5696 (55)
686 5627 791 5681 Ἔν
834 5628 956 5694 τοῖς
990 5630 1306 5696 τριάκοντα
1347 5628 1614 5696 κλητοῖς.
1657 5625 1921 5684 Tricenos
1961 5627 2029 5682 ad

446 5697 758 5821 Eonvivium
786 5700 1060 5754 adhibitos
1089 5700 1253 5754 Hebr.
1281 5700 1511 5771 acVng.
1541 5698 1762 5754 codices
1791 5698 2026 5766 habent;

499 5781 618 5820 me:
651 5781 777 5821 ιιι.

801 5836 898 5892 διὰ
930 5838 1124 5905 Δαϐἱδ,
1149 5839 1245 5893 ὅτε
1270 5839 1364 5894 ἐπὶ
1401 5839 1720 5908 τριάκοντα
1753 5838 2018 5908 ἡμέραις.

1705 5348 1724 5380 ⁸
1749 5345 1887 5401 Gen.
1920 5364 2054 5410 xvn,
2091 5347 2179 5402 10.
2254 5349 2275 5380 ⁸
2306 5349 2443 5404 Gen.
2479 5367 2592 5416 ινι,
2617 5351 2671 5405 5.
2746 5353 2768 5384 ⁸
2799 5352 2933 5406 Gen.
2970 5369 3120 5414 xxxv.
3147 5354 3237 5418 5'5,
3273 5353 3362 5408 55.

2143 4637 2266 4690 Νῶε
2321 4636 2580 4699 κιῦωτοῦ,
2627 4639 2720 4691 καὶ
2756 4638 2844 4691 διὰ
2886 4639 3141 4710 Σαμουὴλ
3179 4639 3600 4707 κατακλίναντος
3634 4639 3731 4694 τὸν

2142 4731 2315 4784 Σαοὺλ
2337 4732 2394 4782 ἐν
2421 4733 2533 4794 τοῖς
2559 4731 2855 4801 τριάκοντα
2881 4731 3100 4802 κλητοῖς
3120 4732 3232 4803 ('55)
3265 4732 3502 4803 πρῶτον,
3530 4733 3624 4786 καὶ
3638 4733 3730 4787 διὰ

2139 4822 2322 4886 Δαδὶδ,
2356 4824 2443 4875 ὅτε
2499 4824 2590 4875 ἐπὶ
2613 4822 2907 4894 τριάκοντα
2953 4824 3189 4894 ἡμέραις
3221 4823 3336 4894 (56)
3378 4824 3641 4896 ἐκρύὸετο
3668 4828 3731 4878 ἐν

2139 4913 2214 4984 τῷ
2259 4914 2435 4986 ἀγρῷ,
2470 4914 2567 4967 καὶ
2609 4913 2695 4966 διὰ
2734 4914 2842 4968 τῶν
2887 4915 3339 4969 συνεισελθόντων
3374 4917 3524 4988 αὐτῷ
3552 4919 3632 4981 εἰς
3664 4919 3730 4970 τὸ

2140 5005 2400 5076 σπήλαιον
2429 5006 2700 5077 (Ἰσραήλ)
2718 5021 2732 5035 ο
2756 5006 2850 5059 κα)⁸
2875 5005 2965 5058 διὰ
2993 5005 3173 5072 τοῦτο,
3190 5006 3252 5061 τὸ
3283 5009 3457 5079 μῆκος
3483 5011 3728 5079 γίνεσθαι

2136 5097 2237 5167 τῆς
2293 5098 2454 5165 ἁγίας
2506 5098 2718 5169 Σκηνῆς
2755 5097 3048 5168 τριάκοντα
3097 5098 3307 5170 πηχῶν.
3352 5101 3465 5154 Καὶ
3514 5100 3571 5152 εἴ
3606 5118 3730 5153 τινα

2138 5189 2273 5243 ἄλλα
2299 5190 2563 5263 ἰσάριθμα
2603 5190 2812 5253 τούτοις
2844 5190 3182 5261 εὑρίσκουσι,
3216 5192 3316 5264 τὴν
3349 5192 3728 5264 Τριακοντάδα

3441 5355 3463 5387 ο
3493 5350 3559 5406 ιιι
3587 5351 3725 5419 Reg.

2115 5421 2134 5451 ⁸
2163 5419 2279 5477 Jos.
2331 5436 2405 5486 tv,
2451 5422 2503 5476 5.
2584 5423 2628 5454 ¹⁰
2658 5421 2725 5477 ΙΙΙ
2753 5422 2887 5494 lleg.
2916 5438 3070 5492 xvni,
3111 5425 3198 5479 51.
3278 5425 3319 5455 ¹¹
3353 5420 3490 5480 Gen.
3521 5439 3598 5488 vl,
3634 5424 3728 5478 l5.

2140 5629 2908 5703 Ubiqscriptumjlludexstet
2939 5631 3072 5687 mihi
3103 5645 3222 5703 non,
3243 5630 3501 5686 occurrit.
3533 5629 3639 5685 Sed
3667 5631 3725 5686 in

2139 5701 2301 5782 nugis
2330 5717 2393 5758 ac
2422 5701 2652 5760 somniis
2698 5702 2905 5760 frustra
2952 5702 3320 5760 constantiam
3358 5718 3424 5757 ac
3456 5703 3724 5758 rationem

2138 5787 2345 5844 engas.
