4156 6358
420 334 524 391 617

418 458 598 512 αὐτῶν
629 458 718 514 διὰ
758 461 867 516 τῶν
898 464 1157 521 τοιούτων
1187 468 1550 528 ἐπιδεικνύναι
1583 475 2004 547 φιλεριστοῦσιν.

1058 344 1434 408 ADVERSUS
1472 351 1816 413 II/ERESES
1856 355 1984 413 LIB.
2029 361 2067 415 I.
2112 360 2275 420 TUM.
2319 365 2405 421 III.
2447 397 2517 407 -—-
2556 364 2826 424 IIZERES.
2869 367 3108 426 XXXIV.

3591 373 3695 433 618

2120 495 2505 557 aggregarunt.
2556 487 2729 554 Quam
2762 493 2924 544 etiam
2973 492 3044 547 ob
3082 507 3305 548 causam
3338 494 3559 567 triginta
3593 514 3695 554 cu-

419 550 565 607 bitos
597 555 939 612 tabernaculi
975 560 1256 633 longitudo
1283 568 1477 636 patuit.
1508 570 1589 625 Ac
1638 573 1685 628 si
1727 589 1836 643 qua
1893 585 2023 632 sunt
2065 550 2335 652 alianpari
2393 585 2790 655 Comprehensa
2824 577 3092 655 numero,
3162 604 3320 645 suum
3352 592 3418 647 ad
3457 595 3693 651 tricena-

417 646 559 701 riqu
596 653 1064 711 accommodanda
1096 674 1220 715 esse
1248 663 1517 721 acerrime
1546 671 1908 740 contendunt.

486 743 596 797 ΠΡ.
652 745 974 816 Ἀναγκαῖον
1034 753 1047 783 ¹
1101 755 1395 829 ἡγησάμην
1448 742 1763 831 προσθεῖναι
1800 767 1967 822 τούτοι

2071 799 2084 829 ι
2184 761 2371 818 XVIII.
2412 763 2625 831 Quibus
2679 768 2935 824 omnibus
2993 769 3338 841 adiungenda
3391 774 3689 851 Scriptum

412 835 509 889 καὶ
538 838 639 892 ὅσα
676 841 805 912 περὶ
850 843 943 897 τοῦ
978 847 1333 921 Προπὰτορος
1383 853 1580 920 αὐτῶν,
1623 858 1681 920 ὃς
1724 860 2002 929 ἄγνωστος

409 921 479 997 ἦν
504 932 617 993 τοῖς
646 934 778 986 πᾶσι
816 936 921 1006 πρὸ
959 938 1058 1009 τῆς
1085 940 1179 993 τοῦ
1215 944 1452 1014 Χριστοῦ
1483 951 1804 1022 παρουσίας,
1844 953 1999 1007 ἐκλέ-

410 1036 602 1087 γοντες
632 1025 694 1077 ἐκ
719 1027 826 1079 τῶν
863 1030 1098 1100 Γραφῶν
1129 1034 1336 1089 πείθειν
1361 1040 1749 1112 ἐπιχειροῦσιν,
1781 1045 1847 1099 ἵν’
1881 1048 1995 1099 ἐπι·

406 1111 624 1179 δείξωσι
656 1116 748 1169 τὸν
782 1117 981 1191 Κύριον
1022 1124 1180 1194 ἡμῶν
1216 1127 1373 1183 ἄλλον
1402 1111 1837 1202 καταγγέλλοντα
1889 1140 1999 1192 Πα-

406 1202 543 1275 τέρα
577 1207 730 1277 παρά
758 1210 848 1263 τὸν
880 1214 1109 1285 ποιητὴν
1142 1217 1294 1271 τοῦδε
1324 1220 1417 1273 τοῦ
1454 1227 1653 1290 παντός
1674 1242 1685 1255 ·
1711 1228 1789 1295 ὃν,
1816 1230 1997 1296 καθὼς

406 1298 748 1370 προέφαμεν,
802 1305 1123 1372 ἀσεϐοῦντες
1147 1351 1160 1374 ,
1213 1312 1586 1386 ὑστερήματος
1617 1321 1824 1392 καρπὸν
1856 1319 1995 1377 εἶναι

404 1387 643 1459 λέγουσι.
705 1393 808 1449 Τὸν
871 1398 1002 1466 γοῦν
1068 1405 1353 1475 προφήτην
1437 1387 1989 1479 Ἡσαΐαν-εἰπόντα,

416 1482 662 1551 Ἰσραὴλ
694 1486 762 1539 δέ
778 1506 857 1556 με
894 1492 1005 1543 οὐκ
1040 1491 1213 1560 ἔγνω,
1247 1496 1346 1549 καὶ
1379 1501 1413 1551 d
1446 1503 1595 1567 λαός
1616 1521 1692 1572 με
1734 1510 1806 1562 οὐ
1838 1523 1990 1562 συν-ο

401 1573 537 1642 ἧκε,
588 1579 687 1648 τὴν
733 1580 828 1631 τοῦ
874 1582 1107 1654 ἀοράτου
1156 1588 1329 1643 Βυθοῦ
1382 1593 1658 1661 ἀγνωσίαν
1709 1601 1989 1671 εἰρηκέναι

404 1666 831 1739 μεθαρμόζουσι.
886 1675 997 1729 Καὶ
1039 1677 1125 1731 διά
1189 1682 1346 1753 Ὠσηὲ
1396 1686 1456 1739 τὺ
1508 1666 1830 1760 εἰρημένον,
1867 1697 1988 1751 Οὐκ

396 1757 655 1815 ἐστινέν
683 1764 888 1831 αὐτοῖς
920 1768 1172 1837 ἀλήθεια
1199 1774 1340 1827 οὐδὲ
1362 1757 1687 1848 ἐπίγνωσις
1716 1785 1883 1850 Θεοῦ,
1908 1788 1988 1851 είς

394 1850 458 1903 τὸ
510 1853 641 1906 αὐτὸ
698 1857 993 1912 συντείνειν
1039 1860 1337 1930 βιάζονται.
1384 1870 1514 1933 Καὶ,
1570 1875 1692 1927 Οὐκ
1740 1876 1914 1931 ἔστιν
1953 1882 1986 1933 ὁ

394 1943 646 2009 συνιὼν,
690 1946 728 2015 ἣ
760 1946 1023 2016 ἐκζητῶν
1052 1953 1161 2008 τὸν
1186 1958 1353 2012 Θεόλν.
1373 1961 1605 2029 Πάντες
1633 1965 1979 2036 ἐξέκλιναν,

2108 856 2423 913 testimonia
2496 860 2719 927 putavi,
2770 861 2974 930 quibus
3019 878 3118 917 sua
3172 865 3265 919 illa
3325 868 3394 924 de
3424 886 3687 943 supremo

2103 943 2336 1001 Parente
2370 950 2580 1001 somnia
2637 946 2885 1006 stabilire
2918 962 3189 1008 conantur
3210 996 3224 1021 ,
3251 960 3344 1027 qui
3387 972 3685 1035 antequam

2102 1038 2357 1094 Christus
2388 1039 2688 1105 adveniret,
2710 1044 2965 1099 omnibus
2989 1055 3106 1101 erat
3130 1048 3369 1118 ignotus.
3404 1051 3517 1110 Iloc
3538 1060 3684 1113 enim

2100 1127 2477 1185 demonstrare
2504 1131 2724 1187 student
2753 1148 2765 1185 :
2798 1133 3013 1191 Patrem
3039 1139 3227 1205 alium,
3256 1158 3418 1213 quam
3443 1152 3684 1207 universi

2099 1222 2468 1286 conditorem,
2501 1238 2529 1276 a
2558 1224 2783 1280 Christo
2817 1224 3046 1285 Domino
3076 1231 3249 1288 fuisse
3274 1238 3627 1305 praedicatum
3661 1262 3679 1312 ;

2097 1328 2257 1381 quem
2289 1315 2476 1379 etiam,
2512 1325 2570 1369 ut
2607 1326 2734 1371 ante
2767 1318 3038 1385 diximus,
3072 1338 3137 1378 ex
3169 1325 3381 1384 defectu
3421 1340 3681 1404 tanquam

2097 1404 2332 1460 fructum
2373 1407 2678 1465 eilloruisse
2730 1415 3089 1471 contendunt.
3133 1418 3293 1490 253
3346 1422 3504 1488 Quod
3532 1428 3678 1483 enim

2095 1497 2265 1555 Isaias
2298 1504 2561 1572 prOpheta
2593 1503 2731 1558 dixit
2762 1521 2775 1557 ι
2812 1504 2986 1561 Israel
3016 1526 3135 1566 vero
3166 1531 3244 1585 me
3276 1532 3378 1569 non
3407 1523 3673 1590 cognovit,

2091 1599 2140 1643 et
2161 1591 2384 1659 populus
2417 1608 2496 1645 me
2529 1608 2631 1646 non
2667 1593 2925 1648 intellexit
2951 1597 2990 1659 ⁸⁵,
3020 1598 3071 1651 id
3098 1600 3164 1654 ad
3194 1602 3341 1657 illius
3370 1602 3549 1676 Bytbi,
3578 1610 3675 1677 qui

2090 1680 2329 1735 discerni
2361 1683 2539 1738 oculis
2570 1685 2777 1753 nequit,
2805 1685 3203 1754 ignorationem
3230 1697 3669 1753 accommodant.

2091 1773 2229 1827 Tum
2266 1774 2421 1838 illud,
2455 1776 2601 1845 quod
2630 1785 2713 1831 est
2743 1779 2885 1849 apud
2913 1778 3110 1836 Oseam
3144 1800 3157 1836 :
3195 1784 3319 1840 Non
3348 1798 3425 1841 est
3448 1790 3504 1842 in
3535 1791 3671 1860 ipsis

2089 1866 2317 1931 veritas,
2361 1882 2521 1936 neque
2565 1869 2792 1937 cognitio
2837 1870 2936 1925 Dei
2980 1873 3036 1937 ⁸,
3079 1874 3271 1929 eodem
3319 1877 3670 1937 referendum

2086 1954 2420 2011 existimant.
2458 1957 2590 2012 Item
2624 1975 2636 2010 :
2673 1959 2797 2015 Non
2829 1975 2910 2016 est
2936 1964 3028 2033 qui
3059 1965 3342 2037 intelligat,
3371 1978 3464 2023 aut
3489 1974 3667 2042 requi-

392 2034 516 2104 ἅμα
578 2038 1013 2109 ἠχρειώθησαν,
1063 2046 1156 2100 ἐπὶ
1196 2049 1298 2120 τῆς
1342 2053 1437 2106 τοῦ
1489 2055 1662 2111 Βυθοῦ
1707 2060 1967 2128 ἀγνωσίας

2086 2057 2171 2101 rat
2207 2048 2389 2103 Deum.
2423 2047 2614 2105 Omnes
2648 2051 3061 2120 declinaverunt,
3096 2058 3253 2112 simul
3290 2060 3505 2117 inutiles
3531 2064 3666 2134 facti

390 2128 665 2185 τάττουσι.
695 2132 805 2185 Καὶ
836 2133 896 2186 τὸ
929 2135 1016 2189 διὰ
1042 2118 1323 2206 Μωῦσέως
1350 2142 1406 2196 δὲ
1430 2118 1967 2221 είρημένυνξοὺδεὶξ

2082 2151 2203 2193 sunt
2228 2141 2277 2207 ⁶;
2311 2142 2377 2195 ad
2401 2144 2647 2198 eamdem
2682 2142 2838 2215 Bytbi
2873 2147 3271 2216 ignorationem
3300 2152 3661 2209 transferunt.

388 2221 601 2290 ὄψεται
634 2224 743 2279 τὸν
771 2228 938 2292 Θεὸν,
963 2231 1062 2284 καὶ
1082 2230 1343 2303 ζήσεται,
1363 2239 1443 2302 είς
1463 2241 1667 2295 ἐκεῖνον
1692 2242 1834 2313 ἔχειν
1864 2246 1978 2299 πεί-

388 2312 541 2367 θουσι
566 2315 665 2387 τὴν
702 2318 1001 2393 ἀναφοράν.
1033 2323 1136 2376 Τὸν
1172 2327 1270 2396 μὲν
1296 2328 1406 2399 γὰρ
1430 2332 1668 2404 Ποιητὴν
1698 2312 1978 2405 ἐπιψευδὸ-

388 2422 542 2475 μενοι
597 2408 702 2460 ὑπὸ
742 2410 851 2463 τῶν
883 2416 1180 2485 προφητῶν
1222 2418 1499 2489 ἑωρᾶσθαι
1527 2422 1778 2492 λέγουσι·
1803 2426 1865 2481 τὺ
1896 2428 1972 2492 δὲ,

387 2498 600 2565 Οὐδεὶς
652 2502 862 2570 ὄψεται
904 2506 1013 2560 τὸν
1044 2509 1220 2573 Θεὸν,
1263 2510 1362 2563 καὶ
1405 2510 1663 2579 ζήσεται,
1708 2518 1837 2588 περὶ
1878 2518 1973 2572 τοῦ

383 2590 620 2661 ἀοράτου
657 2595 921 2665 μεγέθους
956 2599 1049 2652 καὶ
1075 2599 1357 2668 ἀγνώστου
1393 2606 1505 2667 τοῖς
1529 2608 1694 2659 πᾶσιν
1720 2610 1971 2681 εἰρῆσθαι

382 2682 613 2738 θέλουσι.
648 2688 757 2740 Καὶ
804 2689 886 2742 ὅτι
937 2691 1033 2760 μὲν
1060 2693 1189 2763 περὶ
1217 2692 1312 2745 τοῦ
1355 2695 1585 2766 ἀοράτου
1629 2700 1838 2772 Πατρὸς
1881 2704 1972 2755 καὶ

379 2774 610 2845 ποιητοῦ
659 2777 769 2831 τῶν
820 2779 957 2833 ὅλων
1014 2781 1227 2851 εἴρηται
1260 2782 1341 2847 τὸ,
1377 2785 1588 2853 Οὐδεὶς
1628 2788 1837 2857 ὄψεται
1864 2793 1972 2846 τὸν

380 2868 553 2932 Θεὸν,
596 2872 763 2924 πᾶσιν
797 2873 930 2943 ἡμῖν
982 2874 1214 2945 φανερόν
1254 2877 1435 2930 ἐστιν’
1465 2879 1546 2932 ὅτι
1592 2880 1649 2932 δὲ
1697 2882 1816 2936 οὐδὲ
1841 2886 1969 2952 περὶ

376 2958 470 3011 τοῦ
514 2961 607 3014 ἐπὶ
628 2963 647 2992 ¹
682 2963 885 3017 τούτων
916 2969 1420 3039 παρεπινοουμένου
1450 2972 1643 3039 Βυθοῦ,
1673 2976 1809 3029 ἀλλά
1840 2978 1965 3049 περὶ

375 3051 471 3105 τοῦ
529 3055 893 3128 Δημιουργοῦ,
948 3059 1038 3113 καὶ
1078 3060 1239 3125 αὐτός
1286 3063 1434 3115 ἐστιν
1469 3066 1498 3117 ὁ
1532 3064 1763 3136 ἀόρατος
1812 3069 1961 3134 Θεὸς,

374 3142 719 3215 δειχθήσεται
744 3148 837 3201 τοῦ
886 3149 1046 3218 λόγου
1081 3153 1382 3222 προϊόντος.
1427 3155 1538 3208 Καὶ
1567 3155 1658 3211 τὸν
1689 3160 1888 3232 Δανιὴλ
1907 3161 1963 3214 δὲ

372 3234 437 3288 τὸ
455 3236 586 3289 αὐτὸ
606 3238 763 3292 τοῦτο
794 3240 1079 3311 σημαίνειν
1116 3245 1174 3296 ἐν
1207 3244 1284 3315 τῷ
1309 3246 1587 3318 ἐπερωτᾷν
1619 3248 1709 3302 τὸν
1738 3249 1964 3319 ἄγγελον

373 3328 474 3393 τάς
508 3329 786 3395 ὲπιλύσεις
814 3334 921 3386 τῶν
948 3333 1295 3405 παραϐολῶν,
1330 3337 1407 3401 ὡς
1446 3339 1521 3409 μὴ
1570 3340 1765 3397 εἰδότα.
1804 3344 1963 3400 Ἀλλά

2080 2228 2217 2285 Illud
2246 2232 2473 2302 insuper
2496 2249 2560 2289 eo
2592 2234 2863 2303 pertinere
2886 2247 3133 2303 censent,
3166 2238 3309 2307 quod
3334 2242 3476 2311 apud
3508 2242 3663 2317 Moy-

2082 2337 2175 2375 sen
2203 2322 2398 2392 legitur
2429 2340 2441 2375 :
2481 2322 2648 2378 Nemo
2680 2325 2870 2380 videbit
2900 2326 3086 2393 Deum,
3114 2338 3165 2382 et
3204 2331 3335 2386 vivet
3366 2333 3408 2388 ⁷.
3448 2333 3661 2393 Etenim

2078 2414 2431 2471 Conditorem
2472 2416 2549 2470 illi
2586 2417 2852 2472 duntaxat
2899 2434 2927 2471 a
2969 2422 3249 2490 prophetis
3296 2436 3657 2497 conspectum

2077 2502 2252 2560 fuisse
2290 2521 2577 2576 perperam
2613 2508 2825 2562 volunt.
2857 2508 3005 2564 Istud
3038 2527 3169 2566 vero
3205 2528 3217 2563 :
3253 2512 3422 2569 Nemo
3462 2518 3658 2574 videbit

2077 2598 2242 2653 Deum
2266 2640 2280 2665 ,
2336 2610 2385 2655 et
2416 2602 2581 2668 vivet,
2636 2603 2703 2658 de
2744 2604 3033 2674 majestate
3070 2606 3160 2661 illa
3190 2624 3311 2680 qua:
3346 2626 3448 2667 nec
3480 2615 3657 2685 aspici

2074 2692 2270 2760 possit,
2307 2701 2361 2748 et
2408 2694 2592 2764 ignota
2641 2698 2713 2752 sit
2757 2698 3017 2753 omnibus
3063 2704 3476 2767 pronuntiatum
3509 2706 3654 2762 auir-

2074 2789 2244 2836 tnant.
2286 2785 2485 2839 Verum
2524 2786 2593 2841 de
2642 2804 2860 2845 summo
2897 2791 3010 2854 illo,
3044 2792 3139 2861 qui
3187 2795 3361 2849 videri
3396 2813 3506 2851 non
3552 2815 3653 2869 po-

2073 2880 2199 2937 test,
2230 2873 2391 2931 Patre
2420 2892 2484 2931 ac
2516 2878 2812 2936 Conditore
2837 2884 3078 2939 omnium
3107 2885 3239 2941 illud
3284 2889 3463 2958 ipsum
3494 2907 3633 2947 usur

2072 2968 2186 3034 pari
2218 2983 2229 3019 :
2263 2966 2435 3023 Nemo
2465 2971 2655 3025 videbit
2680 2972 2870 3039 Deum,
2898 2974 3059 3033 facile
3081 2994 3275 3036 omnes
3314 2982 3648 3054 intelligunt.

2069 3058 2213 3115 Idem
2244 3078 2372 3118 vero
2405 3080 2515 3120 non
2547 3064 2615 3119 ad
2649 3068 2946 3123 conﬁctum
2972 3070 3122 3125 illum
3142 3073 3211 3129 ab
3236 3074 3360 3130 istis
3383 3076 3647 3147 Bytlmm,

2069 3152 2161 3207 sed
2209 3152 2277 3206 ad
2333 3170 2517 3209 rerum
2551 3159 2796 3213 omnium
2827 3161 3079 3230 opificem
3121 3167 3452 3229 convenire,
3490 3183 3647 3223 eum-

2067 3256 2172 3311 que
2221 3258 2321 3296 nec
2366 3246 2750 3314 aspectabilem
2779 3264 2901 3305 esse
2950 3249 3119 3306 Deum
3143 3295 3157 3320 ,
3187 3268 3217 3307 a
3248 3254 3408 3311 nobis
3456 3266 3647 3328 postea

2066 3333 2556 3391 demonstrabitur.
2589 3339 2814 3394 Addunt
2859 3342 2912 3396 id
2952 3343 3117 3397 etiam
3167 3346 3508 3418 signiﬁcasse
3539 3351 3645 3405 Da-

371 3420 470 3473 καὶ
500 3420 592 3475 τὸν
624 3422 857 3492 ἄγγελον
886 3427 1372 3500 ἀποκρυπτόμενον
1399 3432 1492 3484 ἀπ’
1521 3432 1686 3485 αὐτοῦ
1718 3434 1781 3488 τὸ
1812 3437 1955 3507 μέγα

2071 3426 2285 3492 niclem,
2316 3443 2440 3482 cum
2472 3429 2540 3484 ab
2571 3432 2769 3501 angelo
2807 3434 3193 3503 parabolarum
3233 3439 3645 3510 interpretatio-

374 3514 672 3585 μυστήριον
701 3515 794 3570 τοῦ
835 3517 1007 3573 Βυθοῦ
1052 3523 1227 3576 εἰπεῖν
1256 3522 1404 3594 αὑτῷ
1426 3538 1439 3551 '
1495 3524 1823 3596 Ἀπότρεχε,
1849 3532 1956 3583 Δα-

369 3604 546 3672 νιήλ·
584 3603 752 3663 οὗτοι
786 3610 897 3679 γὰρ
954 3616 1007 3667 οἱ
1052 3614 1223 3683 λόγοι
1261 3614 1738 3687 ἐμπεφραγμένοι
1775 3621 1953 3686 εἰσὶν,

365 3696 475 3763 ἕως
503 3701 557 3752 οἱ
579 3700 894 3770 συνιέντες
940 3704 1219 3769 συνιῶσι,
1242 3708 1340 3760 καὶ
1364 3710 1419 3761 οἱ
1450 3711 1657 3764 λευκοὶ
1694 3714 1954 3767 λευκαν-

367 3787 515 3843 θῶσι
543 3792 658 3863 (57)
685 3811 698 3824 ·
736 3795 831 3848 καὶ
875 3797 1070 3863 αὐτοὺς
1118 3795 1413 3863 εἶναιτοὺς
1449 3800 1708 3869 λευκοὺς,
1751 3809 1844 3860 καὶ
1892 3804 1951 3862 εὖ

368 3882 648 3949 συνιέντας
680 3886 927 3957 αὐχοῦσι.

435 4064 579 4136 Πρὸς
628 4066 683 4120 δὲ
736 4068 956 4134 τούτους
1019 4072 1297 4145 ἀμύθητον
1352 4076 1557 4148 πλῆθος
1617 4080 1951 4153 ἀποκρύφων

363 4156 460 4210 καὶ
484 4158 652 4212 νόθων
684 4162 924 4230 γραφῶν,
942 4162 1008 4226 ἀς
1025 4166 1179 4219 αὐτοὶ
1209 4167 1467 4235 ἔπλασαν,
1495 4173 1951 4243 παρεισφέρουσιν

361 4250 444 4313 εἰς
472 4251 814 4323 κατάπληξιν
854 4254 962 4308 τῶν
998 4257 1266 4328 ἀνοήτων,
1320 4262 1415 4314 καὶ
1460 4262 1531 4315 τά
1556 4263 1656 4333 τῆς
1691 4264 1950 4335 ἀληθείας

367 4342 443 4411 μὴ
497 4343 877 4415 ἐπισταμένων
931 4348 1255 4420 γράμματα.
1306 4353 1947 4427 Προσπαραλαμϐἀνουσι

359 4434 418 4488 ἃ
450 4438 531 4499 είς
576 4437 734 4492 τοῦτο
763 4441 982 4495 κάκεῖνο
1034 4443 1094 4496 τὸ
1146 4444 1545 4519 ῥᾳδιούργημα,
1591 4447 1667 4511 ὡς
1705 4447 1798 4499 τοῦ
1838 4450 1946 4502 Ku-

363 4526 478 4597 ρίου
511 4527 580 4581 τὰ
614 4529 701 4583 διὰ
733 4531 825 4584 τοῦ
855 4533 1174 4588 διδασκάλου
1206 4537 1227 4567 ³
1253 4538 1403 4608 αὐτῷ
1441 4539 1733 4608 φήσαντος,
1765 4540 1944 4606 καθὼς

359 4618 479 4682 ἔθος
505 4621 673 4684 ἐστὶν,
705 4623 838 4676 Εἰπὲ
865 4624 1028 4694 ἄλφα,
1060 4627 1459 4699 ἀποκρίνασθαι
1489 4630 1549 4683 τὸ
1581 4629 1746 4700 ἄλφα.
1780 4634 1968 4703 Πάλιν,

357 4728 418 4764 τε
452 4712 511 4764 τὸ
543 4712 682 4783 βῆτα
710 4716 803 4769 τοῦ
839 4717 1159 4774 διδασκάλου
1192 4720 1545 4787 κελεύσαντος
1579 4726 1777 4786 εἰπεῖν,
1812 4727 1946 4780 ἀπο-

2066 3532 2191 3572 nem
2245 3520 2392 3573 velut
2435 3519 2659 3590 ignarus
2710 3525 2969 3595 postulat.
3022 3526 3287 3600 Angelum
3337 3547 3468 3589 vero
3524 3552 3645 3590 ma-

2060 3625 2225 3673 gnum
2265 3612 2423 3684 Bytbi
2459 3618 2779 3688 mysterium
2825 3620 3005 3676 celare
3055 3624 3364 3693 cupientem
3412 3629 3486 3681 ita
3554 3646 3642 3686 re-

2059 3705 2348 3774 spondisse
2371 3725 2383 3760 :
2421 3707 2583 3776 Vade,
2606 3710 2828 3776 Daniel;
2848 3716 2972 3783 quia
3002 3714 3170 3770 clausa
3192 3720 3641 3791 sunt.signatiqne

2057 3813 2323 3853 sermones
2345 3840 2360 3864 ,
2387 3817 2655 3872 quousque
2693 3803 3044 3876 intelligentes
3079 3808 3414 3881 intelligant,
3442 3823 3491 3867 et
3525 3814 3637 3869 albi

2061 3889 2373 3947 dealbentur
2401 3893 2441 3946 ⁸.
2484 3892 2554 3950 Se
2613 3895 2757 3951 enim
2795 3898 2950 3953 albos
2998 3900 3121 3956 illos
3165 3908 3219 3957 et
3269 3903 3636 3977 intelligentes

2054 3996 2178 4037 esse
2208 3982 2534 4052 gloriantur.

2124 4075 2570 4147 Apocrypbarum
2601 4086 2885 4149 praeterea,
2921 4088 2974 4136 et
3008 4082 3433 4140 adulterinarum
3482 4088 3636 4143 scri—

2053 4176 2373 4238 pturarum,
2422 4186 2558 4239 quas
2607 4172 2827 4241 ipsimet
2877 4176 3174 4229 commenti
3232 4189 3380 4244 sunt,
3445 4181 3633 4236 inﬁni~

2055 4267 2163 4313 tam
2217 4262 2616 4317 multitudinem
2660 4264 2978 4333 obtrudunt,
3023 4268 3223 4336 quibus
3277 4271 3544 4343 imperitis
3567 4291 3633 4331 ac

2052 4366 2435 4422 germanarum
2478 4352 2885 4425 Scripturarum
2931 4358 3135 4427 ignaris
3172 4368 3451 4433 stuporem
3485 4367 3630 4438 obji-

2052 4444 2220 4498 ciant.
2261 4444 2401 4510 Quin
2445 4446 2575 4500 illud
2616 4448 2880 4503 scclcrate
2912 4452 3202 4507 conlictum
3246 4454 3531 4523 proferunt
3576 4461 3629 4514 in

2050 4536 2288 4591 medium
2333 4535 2678 4601 :Christum,
2732 4556 2864 4611 puer
2928 4558 3052 4597 cum
3091 4555 3275 4611 esset,
3311 4548 3630 4621 litterasque

2050 4627 2307 4692 disceret,
2340 4629 2575 4700 iubenti,
2609 4640 2667 4686 ut
2697 4635 2921 4699 assolet,
2948 4641 3292 4709 prmceptori,
3315 4642 3410 4695 Dic
3439 4644 3624 4714 alpha,

2049 4720 2257 4791 Alpba,
2277 4724 2646 4794 respondisse.
2685 4723 2927 4781 Rursum
2955 4736 3010 4781 ut
3041 4730 3163 4784 beta
3191 4731 3397 4788 diceret
3431 4738 3627 4804 praci-

356 4802 644 4873 κρίνασθαι
666 4806 756 4860 τὸν
787 4807 990 4879 Κύριον
1017 4826 1031 4841 ο
1066 4810 1138 4864 Σύ
1183 4829 1272 4882 μοι
1298 4813 1561 4884 πρότερον
1597 4816 1715 4869 εἰπὲ
1752 4816 1803 4869 τί
1828 4820 1943 4871 ἐστι

2071 4816 2255 4881 ιὶοιιιὶ,
2307 4816 2665 4886 respondisse
2725 4818 3052 4875 Dominum:
3089 4821 3168 4877 Tu
3211 4825 3343 4879 mihi
3386 4828 3623 4897 primum

354 4895 416 4946 τὺ
436 4895 601 4966 ἄλφα,
636 4898 729 4951 καὶ
750 4899 872 4953 τότε
900 4918 983 4954 σοι
1010 4901 1117 4974 ὲριῖ
1148 4903 1198 4956 τί
1228 4904 1344 4958 ἐστι
1372 4905 1432 4958 τὸ
1460 4905 1614 4977 βῆτα.
1647 4908 1758 4962 Καὶ
1781 4908 1940 4964 τοῦτο

353 4985 696 5057 ἐξηγοῦνται,
732 4991 807 5054 ὡς
840 4992 1005 5045 αὐτοῦ
1042 4994 1205 5064 μόνου
1231 4994 1290 5048 τὸ
1323 4995 1598 5064 ἄγνωστον
1634 5001 1937 5070 ἐπισταμέ-

352 5096 468 5141 νου,
497 5081 524 5133 ὂ
566 5082 914 5154 ἐφανέρωσεν
956 5087 1013 5140 ἐν
1051 5087 1128 5158 τῷ
1160 5087 1315 5158 τύπῳ
1361 5088 1454 5142 τοῦ
1503 5090 1667 5159 ἄλφα.
1702 5093 1857 5145 Ἔνια
1881 5093 1936 5146 δὲ

354 5174 448 5225 καὶ
490 5173 598 5226 τῶν
634 5176 692 5227 ὲν
732 5177 807 5247 τῷ
838 5177 1156 5251 Εὐαγγελίῳ
1200 5181 1469 5250 κειμένων
1512 5184 1593 5246 εξς
1625 5182 1812 5237 τοῦτον
1847 5184 1938 5238 τὸν

351 5265 678 5337 χαρακτῆρα
723 5269 1193 5340 μεθαρμόζουσινο
1254 5273 1330 5336 ὡς
1379 5273 1475 5345 τὴν
1516 5276 1652 5346 πρὸς
1688 5276 1787 5347 τὴν
1834 5296 1937 5348 μη-

348 5355 484 5428 τέρα
521 5356 686 5412 αὑτοῦ
730 5359 1092 5427 δωδεκαετοῦς
1135 5364 1286 5427 ὄντος
1337 5366 1629 5440 ἀπόκρισιν
1655 5383 1669 5397 ·
1708 5372 1828 5423 Οὺκ
1852 5370 1941 5421 οἵα-

428 5535 620 5592 ¹Αάίίε
642 5536 738 5615 δέη
836 5542 1033 5615 ³ῌῘΙᾮΠ.
1080 5544 1140 5597 οὐ
1188 5545 1316 5615 περὶ
1360 5543 1453 5597 τοῦ
1504 5545 1629 5599 ὑπό.

350 5602 626 5673 θάνοντος,
657 5611 750 5663 καὶ
799 5611 894 5665 τοῦ
931 5614 1101 5669 διδασ.
1182 5615 1203 5647 ⁸
1236 5602 1340 5671 Isa.
1379 5631 1416 5679 ι,
1452 5615 1505 5672 5.
1580 5618 1601 5649 ⁵
1628 5615 1754 5672 03c.
1788 5602 1944 5682 ιν,’1’.

2047 4909 2179 4978 quid
2220 4911 2292 4963 sit
2330 4910 2490 4980 alpha
2548 4911 2740 4974 dicito,
2773 4920 2888 4968 tum
2927 4930 3027 4985 ego
3074 4917 3202 4985 quid
3248 4918 3321 4974 sit
3364 4920 3488 4975 beta
3532 4939 3623 4979 re-

2048 5001 2350 5071 spondebo.
2385 5001 2542 5069 Quod
2578 5004 2652 5058 illi
2678 5005 2758 5059 sic
2800 5007 3253 5077 interpretantur,
3281 5013 3439 5081 quasi
3470 5015 3622 5072 solus

2049 5094 2198 5161 quod
2253 5102 2374 5147 erat
2427 5094 2671 5164 ignotum
2707 5096 3057 5166 intelligeret;
3089 5097 3254 5168 idque
3299 5100 3400 5155 sub
3428 5102 3626 5161 littera:
3717 5173 3726 5180 _

2047 5185 2208 5253 alpha
2269 5185 2451 5254 specie
2506 5186 2788 5241 declarare
2834 5188 3016 5243 vellet.
3077 5188 3349 5245 Nonnulla
3399 5209 3655 5271 quoque,

2046 5293 2168 5346 qua:
2213 5278 2265 5330 in
2318 5277 2608 5350 Evangelio
2662 5280 2943 5350 leguntur,
2989 5281 3055 5336 ad
3096 5282 3342 5339 eamdem
3389 5284 3621 5341 formam

2050 5371 2346 5440 applicant.
2393 5371 2552 5427 Velut
2582 5373 2726 5443 quod
2780 5374 2940 5429 matri
2987 5390 3099 5431 suae
3132 5376 3418 5433 duodecim
3456 5388 3620 5436 natus

1741 5546 1761 5577 ³
1792 5545 1967 5629 Suppl

2076 5563 2287 5629 pumex
2354 5548 2495 5629 Iren.
2540 5552 2935 5629 παιδὸς-ὄντος,
2988 5556 3082 5629 καὶ
3133 5557 3437 5629 γράμματα
3480 5576 3617 5629 μαν-

2033 5620 2052 5649 ε
2078 5617 2222 5675 Psal.
2260 5636 2379 5685 xm,
2412 5622 2463 5675 5.
2541 5627 2559 5656 ⁷
2604 5622 2772 5680 Exod.
2813 5617 3005 5694 χχχιιι,
3042 5617 3185 5684 20.”
3210 5617 3400 5685 8'Dau.
3430 5617 3531 5694 xit,
3556 5633 3611 5687 9.

418 5814 532 5884 (57)
581 5815 688 5870 Καὶ
735 5820 787 5871 οἱ
832 5822 1041 5875 λευκοὶ
1093 5822 1493 5878 λευκανθῶσι.
1530 5821 1589 5882 In
1631 5824 1818 5883 Graeco
1857 5831 1941 5881 est

2071 5833 2082 5878 ι
2114 5824 2533 5880 ἐκλευκανθῶςι.

556 5911 829 5974 ΡΑτιιοι.
866 5914 980 5976 Gn.
1021 5919 1071 5977 Χ
1087 5920 1155 5978 LI

3169 5924 3247 5983 20
