4156 6358
549 364 654 422 θ’ίθ

1949 366 2011 422 S.
2055 365 2394 425 EPlPllANll

3689 371 3790 427 εει

547 505 724 546 anuos
754 487 1036 559 respondit
1072 507 1085 542 :
1122 486 1453 543 Nesciebatis
1481 487 1620 558 quod
1662 488 1716 541 in
1746 487 1814 541 iis
1846 504 1962 558 quae
1995 487 2101 541 Pa-

2211 490 2370 553 δαῖε,
2410 492 2497 546 ὅτι
2537 493 2606 546 ἐν
2648 493 2771 560 τοῖς
2809 494 2912 548 τοῦ
2944 496 3172 564 Πατρός
3206 513 3328 566 μου
3371 495 3462 548 δεῖ
3489 512 3566 564 με
3605 491 3791 554 sirm;

549 584 644 635 tris
679 583 776 636 mei
805 591 948 644 sunt,
993 589 1194 651 oportet
1223 597 1304 634 me
1332 597 1444 635 esse
1475 580 1528 634 ’ἲ
1565 579 1728 651 254
1757 578 1926 646 Quem
1965 579 2110 634 enim

548 673 886 736 nesciebant,
913 672 1192 742 inquiunt,
1214 669 1427 725 Patrem
1457 670 1564 726 illis
1588 671 1896 726 nuntiabat.
1918 671 2116 736 Quam-

546 765 733 820 obrem
764 776 823 820 ut
856 766 1097 835 ignotum
1131 764 1395 819 hactenus
1451 762 1668 818 Patrem
1718 761 2111 833 prazdicarent,

547 857 833 912 duodecim
867 857 934 910 ad
969 857 1144 912 tribus
1186 855 1404 910 misisse
1437 855 1588 909 illum
1622 853 1919 924 discipulos
1961 869 2112 909 asse-

547 957 696 1002 runt.
733 947 936 1003 Deinde
962 963 1087 1002 cum
1137 945 1298 1012 alius,
1335 946 1636 1015 Prwceptor
1661 945 1823 1000 bone!
1861 945 2111 1011 dixisset,

545 1057 671 1097 eum
705 1042 797 1110 qui
849 1056 973 1097 vere
1032 1042 1208 1096 bonus
1237 1047 1322 1095 est
1360 1039 1527 1094 Deum
1572 1039 1772 1093 diserte
1799 1038 2111 1094 confessum

548 1130 737 1187 fuisse.
770 1132 909 1198 Quid
949 1148 1049 1195 me,
1078 1130 1274 1201 inquit,
1309 1130 1441 1183 dicis
1473 1129 1706 1185 bonum?
1739 1129 1882 1184 Unus
1912 1142 1990 1184 est
2022 1131 2108 1183 bo-

546 1241 672 1286 nus,
695 1223 857 1277 Pater
905 1225 993 1294 qui
1039 1223 1091 1276 in
1140 1223 1281 1277 cazlis
1310 1231 1385 1276 est
1431 1223 1473 1274 ’.
1521 1219 1796 1276 C(Blorum
1828 1236 1992 1291 porro
2023 1238 2114 1276 no-

544 1317 694 1370 mine
735 1314 942 1370 IEonas
981 1313 1144 1369 modo
1192 1313 1538 1384 accipiendos
1573 1327 1715 1368 esse.
1748 1311 1902 1378 Quod
1932 1323 2111 1367 autem

545 1410 997 1481 percontantibus
1030 1427 1043 1464 :
1073 1407 1139 1462 In
1179 1425 1282 1478 qua
1338 1416 1593 1477 potestate
1650 1408 1746 1461 hoc
1774 1407 1908 1476 facis
1940 1407 1993 1460 '?
2023 1424 2104 1463 re-

544 1501 761 1572 spondit
787 1501 953 1568 nihil,
978 1499 1072 1556 sed
1085 1501 1244 1554 aliam
1267 1499 1386 1569 ejus
1407 1499 1760 1570 quaestionem
1792 1499 2108 1570 proposuit;

539 1595 882 1650 declaratum
916 1592 1050 1647 illud
1090 1607 1155 1648 eo
1186 1591 1400 1647 silentio
1435 1599 1648 1661 putant,
1699 1605 1968 1644 summum
2003 1589 2111 1644 Pa-

541 1695 679 1742 trem
719 1685 884 1740 nullis
925 1699 1088 1755 posse
1132 1683 1312 1739 verbis
1342 1683 1626 1752 explicari.
1657 1683 1814 1740 Velut
1843 1687 2004 1739 etiam
2036 1687 2107 1738 ita

539 1792 663 1834 cum
687 1777 906 1831 locutus
935 1783 1019 1830 est
1051 1792 1064 1826 :
1095 1774 1244 1843 Swpe
1267 1792 1359 1845 ego
1398 1775 1696 1830 desideravi
1719 1793 1877 1829 unum
1902 1793 1966 1830 ea:
1998 1777 2105 1830 illis

2219 585 2314 636 Ὃν
2340 584 2438 637 οὐκ
2462 584 2703 655 ᾔδεισαν,
2729 587 2881 654 φασὶ,
2915 587 3134 660 Πατέρα
3177 588 3541 658 κατήγγελλεν
3574 587 3757 648 αὐτοῖς
3775 603 3790 616 ·

2213 675 2306 728 καὶ
2342 674 2429 728 διὰ
2459 675 2614 729 τοῦτο
2665 678 2945 748 ἐκπέμψαι
2987 680 3113 742 τοὺς
3147 678 3396 749 μαθητὰς
3429 679 3507 741 εἰς
3555 676 3654 741 τὰς
3687 676 3793 730 δώ-

2212 764 2342 818 δεκα
2372 766 2564 834 φυλὰς,
2594 769 2967 840 κηρύσσοντας
2999 768 3090 821 τὸν
3113 769 3388 837 ἄγνωστον
3424 768 3606 830 αὐτοῖς
3635 766 3789 820 Θεόν.

2212 857 2320 910 Καὶ
2343 857 2418 928 τῷ
2449 859 2654 912 εἰπόντι
2677 860 2845 930 αὐτῷ,
2874 861 3210 915 Διδάσκαλε
3232 861 3434 930 ἀγαθὲ,
3459 859 3550 912 τὸν
3575 857 3791 928 ἀληθῶς

2211 948 2414 1017 ἀγαθὸν
2465 949 2596 1003 Θεὸν
2647 950 3092 1022 ὡμολογηκέναι,
3145 952 3386 1004 εἰπόνταο
3418 952 3480 1004 Τί
3493 966 3571 1018 με
3596 949 3790 1018 λέγεις

2171 1081 2175 1085 .
2211 1038 2468 1106 ἀγαθόν,·
2494 1034 2774 1105 Εἶςέστιν
2807 1039 3050 1109 ἀγαθὸς,
3087 1043 3119 1093 ό
3144 1040 3346 1107 Πατὴρ
3367 1040 3436 1093 ἐν
3464 1039 3588 1104 τοῖς
3611 1041 3788 1107 obpa-

2210 1129 2357 1194 κοῖς.
2388 1129 2660 1201 Ούρανοὺς
2687 1131 2740 1184 δὲ
2770 1132 2863 1184 νῦν
2884 1133 3009 1196 τοὺς
3035 1132 3246 1194 Αίῶνας
3275 1132 3522 1203 εἰρῆσθαι
3547 1132 3788 1200 λέγουσι.

2212 1220 2320 1273 Καὶ
2345 1219 2433 1272 διὰ
2461 1221 2521 1274 τὸ
2549 1221 2623 1292 μὴ
2663 1222 3028 1293 ἀποκριθῆναι
3057 1226 3170 1286 τοῖς
3207 1224 3449 1276 εἰποῦσιν
3479 1222 3647 1293 αὐτῷ,
3693 1224 3788 1274 Ἐν

2211 1311 2353 1378 ποίᾳ
2391 1311 2640 1381 δυνάμει
2671 1314 2845 1367 τοῦτο
2879 1315 3107 1380 ποιεῖς;
3134 1313 3268 1366 ἀλλά
3305 1317 3371 1385 τῇ
3410 1313 3788 1384 ἀντεπερωτή-

2213 1421 2293 1457 σει
2323 1404 2594 1476 ἀπορῆσαι
2626 1407 2822 1470 αὐτοὺς
2863 1409 2906 1470 ³,
2953 1408 3015 1460 τὺ
3063 1409 3303 1482 ἄρρητον
3345 1408 3439 1460 τοῦ
3469 1406 3698 1477 Πατρὺς,
3727 1407 3787 1458 ἐν

2210 1495 2286 1567 τῷ
2311 1499 2483 1550 είπεῖν
2514 1499 2576 1563 ¹⁰,
2615 1499 2908 1569 δεδειχέναι
2940 1501 3098 1554 αὐτὸν
3133 1499 3472 1570 ἐξηγοῦνται.
3512 1499 3670 1554 Ἀλλά
3692 1497 3786 1551 καὶ

2210 1585 2268 1637 ἐν
2309 1585 2386 1656 τῷ
2412 1586 2709 1658 εἰρηκέναι,
2740 1588 3044 1655 Πολλάκις
3084 1590 3432 1657 ἐπεθύμησα
3462 1588 3574 1660 (58)
3603 1587 3785 1642 ἀκοῦ-

2210 1695 2311 1731 σαι
2341 1679 2449 1732 ἕνα
2500 1678 2616 1732 τῶν
2647 1684 2844 1750 λόγων
2882 1682 3125 1747 τούτων,
3169 1681 3264 1735 καὶ
3306 1684 3414 1735 οὐκ
3452 1681 3645 1750 ἔσχον
3678 1680 3786 1734 τόν

2209 1767 2480 1836 ἐροῦντα,
2533 1771 2895 1842 ’ἐμφαίνοντός
2938 1790 3069 1840 φασι
3127 1773 3234 1825 δεῖν
3285 1771 3371 1825 διά
3407 1772 3501 1824 τοῦ
3542 1771 3660 1834 ἐνὸς
3691 1771 3784 1824 τὸν

531 1867 865 1924 sermonibus
889 1864 1094 1931 audire,
1121 1841 1212 1919 nec
1236 1841 1324 1935 qui
1345 1863 1539 1919 diceret
1569 1864 1751 1927 habui,
1785 1875 1991 1935 aperte,
2016 1865 2101 1918 in-

2206 1860 2415 1930 ἀληθῶς
2462 1861 2556 1914 ἕνα
2595 1863 2747 1926 Θεὸν,
2793 1863 2852 1916 ὃν
2899 1864 3000 1915 οὐκ
3050 1863 3404 1932 ὲγνώκεισαν.
3440 1863 3560 1915 Ἔτι
3607 1863 3664 1914 ἐν
3705 1861 3785 1932 τῷ

540 1961 759 2029 quiunt,
793 1973 962 2012 unum
1001 1956 1239 2013 ostendit
1270 1971 1394 2012 esse
1434 1954 1602 2012 Deum
1625 1996 1639 2019 ,
1675 1973 1835 2026 quem
1884 1957 2105 2012 minime

533 2049 617 2104 illi
647 2057 1003 2116 cognoscent.
1045 2046 1125 2103 Ad
1161 2048 1274 2102 haec
1303 2062 1427 2102 cum
1459 2045 1797 2103 Hierusalem
1840 2047 2104 2103 accedens

531 2140 679 2210 ﬂevit
705 2155 857 2207 super
909 2155 1046 2202 eam,
1074 2147 1123 2193 et
1156 2137 1292 2192 dixit
1331 2153 1349 2193 :
1395 2138 1454 2193 Si
1483 2141 1811 2209 coguovisses
1861 2150 1908 2194 et
1939 2151 2030 2206 tu,
2070 2154 2103 2193 τι

537 2232 747 2305 quidem
790 2237 850 2288 in
893 2233 990 2287 hac
1019 2231 1122 2297 die,
1168 2247 1284 2303 qua:
1315 2230 1380 2284 ad
1413 2245 1594 2298 pacem
1628 2241 1749 2286 sunt
1786 2231 1875 2286 tibi
1910 2249 1926 2286 :
1964 2250 2100 2288 nunc

526 2338 714 2380 autem
770 2323 1083 2379 abscondita
1115 2333 1238 2378 sunt
1289 2322 1384 2376 tibi
1409 2322 1431 2354 ’δ
1461 2339 1474 2374 :
1504 2323 1768 2378 vocabul)
1804 2324 1943 2388 isto,
1986 2325 2089 2378 1b:-

525 2415 749 2470 condita
781 2423 924 2481 sunt,
962 2413 1230 2469 occultam
1272 2411 1430 2482 Bythi
1473 2421 1723 2466 naturam
1765 2413 2103 2468 abstrusam-

535 2523 642 2576 que
667 2506 1086 2562 demonstravit.
1116 2502 1582 2570 Quemadmodum
1608 2511 1661 2560 et
1699 2504 1848 2560 hisce
1882 2504 2056 2560 verbis
2083 2521 2096 2557 :

543 2598 725 2655 Venite
751 2599 820 2654 ad
848 2615 927 2654 me
968 2614 1145 2653 omnes
1213 2599 1302 2669 qui
1331 2595 1607 2661 laboratis,
1639 2605 1689 2652 et
1713 2599 1919 2652 onerati
1951 2599 2098 2662 estis,

530 2701 582 2747 et
603 2708 695 2764 ego
713 2692 947 2762 reﬁciam
976 2706 1063 2745 vos
1092 2690 1150 2758 ';
1189 2697 1245 2745 et
1271 2709 1282 2744 :
1309 2688 1506 2745 Discite
1524 2707 1554 2744 a
1572 2708 1650 2745 me
1673 2692 1714 2753 ⁸,
1737 2707 1866 2756 e.c.,
1889 2690 2102 2747 Verita-

532 2786 602 2842 tis
627 2783 912 2840 Parentem
937 2783 1208 2838 indicasse
1222 2780 1567 2837 conﬁrmant.
1591 2781 1745 2849 Quod
1770 2798 1913 2838 enim
1945 2784 2100 2854 igno-

530 2876 749 2942 rabant,
780 2876 1055 2948 inquiunt,
1087 2875 1190 2930 hoc
1240 2890 1299 2931 se
1343 2877 1466 2931 illos
1512 2874 1834 2930 edocturum
1867 2877 2094 2947 recepit.

527 2969 818 3027 Postremo
863 2969 1004 3024 hanc
1058 2969 1204 3025 velut
1254 2984 1433 3025 arcem
1480 2969 1819 3039 probationis
1879 2985 1990 3025 suae
2034 2986 2099 3025 ac

514 3057 810 3128 ,fastigium
869 3056 1184 3128 proferunt,
1221 3059 1366 3128 quod
1425 3057 1566 3113 idem
1618 3059 1879 3114 Dominus
1913 3059 2094 3117 dixit:

530 3149 796 3218 Conﬁteor
828 3149 941 3214 tibi,
979 3148 1136 3202 Pater
1161 3148 1381 3203 Domine
1396 3149 1510 3202 caeli
1528 3165 1591 3203 ac
1620 3159 1795 3212 terrae,
1822 3151 1945 3220 quia
1975 3151 2097 3204 abs-
2123 3184 2164 3240 ο

518 3241 764 3296 .condisti
817 3259 850 3294 a
913 3241 1234 3311 sapientibus
1273 3253 1321 3295 et
1365 3240 1732 3310 prudentibus,
1763 3251 1811 3294 et
1849 3242 2090 3296 revelasti

516 3350 598 3387 -ει
632 3333 884 3401 parvulis.
913 3330 1022 3398 Ita,
1051 3329 1232 3394 Pater,
1249 3332 1496 3400 quoniam
1527 3347 1704 3384 caram
1735 3340 1780 3384 te
1811 3331 2094 3400 beneplaci-

512 3435 642 3478 .tum
665 3433 741 3478 est
767 3423 914 3476 milii.
950 3423 1141 3478 Omnia
1158 3422 1287 3476 mihi
1310 3422 1510 3476 tradita
1530 3431 1651 3476 sunt
1683 3439 1715 3476 a
1747 3421 1909 3477 Patre
1938 3440 2049 3477 meo
2078 3439 2096 3478 :

514 3526 583 3569 vet
626 3530 775 3568 nemo
806 3515 944 3567 novit
985 3512 1200 3567 Patrem
1255 3514 1359 3566 nisi
1391 3511 1588 3576 Filius,
1637 3522 1685 3566 et
1718 3511 1916 3567 Filium
1950 3530 2098 3568 nemo

530 3603 1037 3660 novituisiPateret
1063 3605 1152 3657 cui
1184 3605 1400 3658 voluerit
1438 3603 1613 3657 Filius
1648 3605 1874 3658 revelare
1891 3605 1933 3658 ν.
1972 3603 2099 3670 Qui-

531 3700 634 3752 bus
664 3699 840 3752 verbis
881 3696 1162 3751 evidenter
1199 3697 1302 3750 hoc
1334 3697 1401 3751 ab
1432 3697 1526 3750 illo
1553 3697 1889 3751 declaratum
1917 3695 2101 3751 existi-

531 3799 701 3851 mant,
735 3804 893 3860 quem
945 3789 1050 3858 ipsi
1091 3786 1349 3844 Veritatis
1387 3786 1676 3843 Parentem
1708 3797 1914 3844 temere
1941 3803 2097 3843 com-

531 3881 702 3935 menti
738 3893 899 3946 sunt,
933 3880 1079 3934 hunc
1113 3887 1403 3950 antequam
1430 3878 1684 3935 Christus
1721 3881 1960 3936 venisset
1997 3895 2096 3934 ne-

527 3971 665 4026 mini
725 3971 892 4026 luisse
926 3971 1238 4041 cognitum;
1278 3978 1470 4024 contra
1517 3985 1648 4026 vero
1695 3970 1840 4026 istud
1873 3971 2091 4042 colligi,

524 4061 877 4118 Conditorem
933 4075 997 4115 ac
1053 4059 1368 4115 Creatorem
1422 4067 1690 4130 perpetuo
1738 4060 2092 4117 manifestum

2205 1958 2506 2023 προσγόντα
2534 1954 2693 2007 αὑτὸν
2723 1957 2788 2026 τῇ
2831 1955 3203 2026 Ἰερουσαλὴμ,
3236 1955 3531 2023 δακρῦσαι
3556 1956 3647 2007 ἐπ’
3680 1956 3786 2008 αῠ-

2205 2044 2324 2107 τὸν,
2365 2043 2460 2098 καὶ
2511 2045 2728 2098 εἰπεῖν·
2775 2048 2862 2099 El?
2897 2048 3085 2116 ἔγνως
3127 2048 3225 2100 καὶ
3275 2047 3354 2102 σὺ
3395 2046 3662 2116 σήμερον
3711 2045 3785 2099 τὰ

2201 2135 2346 2202 πρὸς
2402 2137 2676 2204 εἰρήνην·
2717 2137 2934 2206 ἐκρύϐη
2964 2137 3031 2191 δέ
3073 2156 3190 2192 σου
3217 2139 3281 2202 ¹¹,
3313 2139 3401 2192 διὰ
3441 2138 3535 2191 τοῦ
3563 2137 3782 2205 ἐκρύϐη

2203 2227 2443 2297 ῥήματος
2476 2229 2535 2281 τὸ
2570 2230 2888 2301 ἀπόκρυφον
2922 2230 3014 2283 τοῦ
3057 2229 3228 2283 Βυθοῦ
3261 2230 3643 2302 δεδηλωκέναι.
3671 2228 3784 2281 Kal.

2201 2318 2362 2371 πάλιν
2393 2320 2634 2374 είπόντα’
2665 2321 2842 2374 Δεῦτε
2868 2323 3017 2389 πρός
3041 2339 3135 2391 με,
3163 2321 3445 2386 πάντεςοὶ
3458 2319 3784 2385 κοπιῶντες

2201 2411 2301 2463 καὶ
2325 2411 2792 2481 πεφιρτισμένοι,
2815 2411 2974 2480 κάγὼ
2995 2412 3321 2465 ἀναπαύσω
3339 2409 3512 2480 ὑμᾶς·
3527 2409 3642 2475 καὶ,
3657 2407 3782 2462 Md-

2201 2503 2330 2554 θετε
2350 2501 2449 2555 ἀπ’
2481 2502 2648 2570 ἐμοῦ,
2671 2502 2765 2557 καὶ
2797 2502 2864 2555 τὰ
2889 2501 3036 2571 ἑξῆςο
3054 2501 3145 2556 τὸν
3167 2503 3262 2572 τῆς
3285 2501 3540 2572 ἀληθείας
3565 2499 3782 2569 Πατέρα.

2201 2594 2655 2666 κατηγγελκέναι.
2695 2597 2759 2648 Ὂ
2784 2595 2892 2666 γὰρ
2919 2596 3019 2649 οὐκ
3047 2596 3286 2667 ᾔδεισαν,
3317 2594 3471 2664 φησὶ,
3499 2593 3658 2646 τοῦτο
3677 2593 3780 2645 αύ-

2198 2692 2309 2751 τοϊς
2339 2687 2621 2758 ὑπέσχετο,
2653 2687 2881 2752 διδάξειν
2911 2689 2954 2720 ¹²
2978 2688 3034 2742 δὲ
3049 2687 3146 2760 τὴν
3175 2687 3455 2741 ἀνωτάτω.
3479 2687 3588 2739 Καὶ
3615 2683 3781 2738 οἱονεὶ

2205 2779 2467 2850 κορωνίδα
2521 2781 2622 2851 τῆς
2681 2783 2990 2846 ὑποθέσεως
3052 2783 3232 2836 αὐτῶν
3285 2781 3511 2853 φέρουσι
3565 2779 3776 2834 ταῦτα·

2213 2873 2754 2943 Ἐξομολογιὶσομαί
2779 2892 2901 2939 σοι,
2934 2876 3124 2945 Πάτερ
3159 2877 3336 2944 Κύριε
3357 2874 3487 2928 κτῶν
3507 2871 3780 2942 οὐρανῶν

2201 2965 2298 3018 καὶ
2325 2963 2429 3033 τῆς
2459 2965 2593 3035 γῆς,
2617 2966 2706 3020 ὅτι
2731 2966 3084 3036 ἀπέκρυψας
3115 2967 3234 3021 ἀπὸ
3263 2964 3474 3035 σοφῶν
3496 2966 3592 3020 καὶ
3622 2979 3777 3018 συν-

2198 3056 2366 3119 ετῶν,
2415 3057 2512 3111 καὶ
2563 3058 2961 3127 ἀπεκάλυψας
3001 3057 3154 3112 αὐτὰ
3194 3059 3451 3125 νηπίοις.
3498 3056 3541 3088 ¹³
3576 3056 3698 3110 Οὐὰ
3743 3057 3780 3109 ό

2198 3145 2397 3215 Πατήρ
2425 3165 2565 3217 μου,
2597 3149 2685 3202 ὅτι
2718 3149 3058 3218 ἔμπροσθέν
3096 3165 3212 3203 σου
3251 3149 3498 3203 εὐδοκία
3524 3166 3626 3218 μοι
3651 3146 3780 3218 ἐγέ-

2196 3257 2348 3294 νετο.
2385 3240 2584 3295 Πάντα
2607 3259 2708 3311 μοι
2727 3242 3022 3310 παρεδόθη
3061 3243 3180 3297 ὑπὸ
3223 3242 3329 3296 τοῦ
3366 3243 3594 3309 Πατρός
3630 3257 3774 3309 μου·

2197 3333 2292 3385 καὶ
2313 3334 2511 3400 οὐδεὶς
2537 3335 2690 3404 ἔγνω
2733 3335 2841 3388 τόν
2867 3336 3096 3404 Πατέρα
3122 3338 3174 3388 εί
3191 3335 3277 3404 μὴ
3308 3338 3340 3389 ό
3371 3334 3520 3400 Υἱὸς,
3546 3334 3640 3387 καὶ
3671 3333 3779 3386 τόν

2200 3426 2338 3479 Υἱὸν
2363 3428 2416 3479 εί
2442 3426 2528 3495 μὴ
2555 3431 2586 3481 ό
2611 3427 2834 3495 Πατὴρ,
2876 3428 2973 3481 καὶ
2999 3421 3046 3494 ᾧ
3068 3427 3143 3481 ἂν
3170 3431 3203 3482 ὁ
3231 3428 3364 3494 Υἱὸς
3383 3427 3774 3494 ἀποκαλύψῃ.

2206 3516 2294 3571 Ἐν
2340 3517 2551 3581 τούτοις
2601 3519 2899 3591 διαρρήδην
2957 3520 3088 3588 φασὶ
3137 3519 3430 3590 δεδειχέναι
3478 3518 3661 3582 αὐτὸν,
3697 3517 3778 3581 ώς

2195 3607 2284 3660 τὸν
2313 3608 2402 3661 ὑπ’
2442 3610 2602 3662 αὐτὸν
2630 3609 2674 3649 ιδ
2707 3609 3180 3682 παρεξευρημένον
3228 3609 3450 3681 Πατέρα
3491 3608 3777 3678 ’Δληθείας

2201 3701 2305 3772 πρὸ
2330 3700 2430 3771 τῆς
2466 3701 2770 3773 παρουσίας
2813 3701 2978 3755 αὑτοῦ
3019 3702 3243 3772 μηδενὸς
3275 3701 3494 3755 πώποτε
3531 3701 3774 3769 ἐγνωκό-

2194 3809 2312 3856 τος·
2349 3795 2442 3846 καὶ
2475 3795 2903 3859 κατασκευάζειν
2956 3794 3220 3858 θέλουσιν,
3266 3794 3342 3858 ὡς
3397 3792 3491 3846 τοῦ
3535 3793 3770 3862 Ποιητοῦ
3812 3802 3814 3804 ⁷

2195 3883 2289 3936 καὶ
2335 3882 2560 3936 Κτίστου
2592 3884 2677 3936 ἀεὶ
2706 3885 2810 3937 ὑπὸ
2839 3885 3052 3938 πάντων
3086 3884 3448 3955 ἐγνωσμένου.
3467 3884 3576 3936 Kal.
3599 3883 3773 3938 ταῦτα

2192 3974 2281 4027 τὸν
2313 3974 2507 4047 Κύριον
2545 3977 2823 4048 εἰρηκέναι
2873 3977 3122 4051 περὶτοῦ
3168 3977 3447 4046 ἀγνώστου
3493 3979 3603 4041 τοῖς
3635 3978 3771 4030 πᾶσι

2193 4066 2424 4136 Πατρὸς,
2459 4066 2516 4118 ὃν
2541 4069 2693 4120 αὐτοὶ
2724 4070 3168 4138 καταγγέλλουσι.

525 4154 782 4209 omnibus
807 4151 996 4207 fuisse.
1027 4150 1152 4207 Haec
1175 4152 1319 4207 enim
1350 4153 1535 4207 omnia
1581 4153 1649 4206 de
1679 4151 1867 4224 ignoto
1900 4153 1993 4208 illo
2041 4151 2298 4224 Parente,
2329 4173 2489 4227 quem
2555 4158 2656 4228 ipsi
2695 4161 3013 4230 praedicant,
3058 4178 3089 4215 a
3143 4161 3364 4218 Christo
3412 4160 3768 4232 pronuntiata

523 4259 634 4299 non
673 4243 945 4298 dubitant.

601 4337 747 4394 XIX.
779 4339 800 4371 ⁸
834 4337 988 4404 Quod
1029 4346 1210 4393 autem
1245 4337 1312 4392 ad
1339 4335 1790 4407 Redemptionem
1821 4337 2087 4408 pertinet,

2259 4337 2358 4392 19'.
2391 4335 2500 4406 Τὴν
2540 4338 2595 4390 δὲ
2623 4338 2722 4408 τῆς
2762 4337 3212 4410 Ἀπολυτρώσεως
3245 4340 3427 4404 αὐτοῖς
3470 4341 3768 4413 παράδοσιν

506 4443 645 4486 «eam
672 4445 848 4500 neque
870 4429 1061 4499 aspici,
1089 4445 1266 4498 neque
1290 4429 1675 4499 comprehendi
1700 4430 1882 4484 animo
1930 4443 2090 4498 posse

2202 4429 2540 4500 συμϐέϐηκεν
2591 4430 2818 4502 ἀόρατον
2872 4426 3009 4482 εἶναι
3065 4431 3159 4484 καὶ
3197 4431 3613 4502 ἀκατάληπτον,
3669 4433 3768 4487 ἆτε

507 4520 833 4585 .deliniunt;
865 4527 1072 4591 utpote,
1110 4535 1231 4590 qum
1263 4535 1452 4575 eorum
1488 4527 1662 4574 mater
1687 4521 1777 4582 sit,
1814 4535 1934 4590 qua:
1961 4535 2087 4590 per-

2202 4517 2294 4572 τῶν
2335 4520 2656 4590 ἀκρατήτων
2699 4519 2791 4572 καὶ
2833 4520 3078 4589 ἀοράτων
3125 4519 3333 4590 μητέρα
3389 4521 3763 4591 ὑπάρχουσαν.

504 4628 676 4683 atque
711 4612 978 4667 contineri
1025 4625 1089 4666 ac
1114 4611 1286 4665 videri
1316 4619 1605 4682 nequeant.
1639 4611 1819 4677 Quare
1845 4627 1966 4666 cum
1999 4612 2088 4666 in-

2202 4613 2237 4664 Κ
2276 4613 2287 4630 ‘
2321 4611 2349 4664 δ
2384 4611 2396 4628 “
2500 4611 2524 4622 ”
2757 4629 2786 4642 τ
2904 4607 2931 4644 ⁷
3130 4613 3142 4628 ⁸
3335 4611 3360 4623 ’⁸
3492 4613 3572 4640 ἠδ
3663 4613 3675 4630 ⁸
3719 4613 3767 4645 ¹⁵

2243 4629 2298 4664 αι
2355 4629 2409 4664 ια
2433 4629 2590 4664 τουτο
2615 4612 2845 4666 ἀστα.ον
2874 4629 3058 4675 ουσαν,
3090 4629 3189 4682 oux
3217 4612 3422 4675 άπλως,
3453 4630 3573 4665 ouo:
3605 4614 3686 4665 ένι

506 4709 784 4756 -constans
809 4711 970 4771 atque
997 4700 1274 4754 instabilis
1301 4701 1393 4762 sit,
1423 4716 1528 4754 non
1561 4716 1666 4753 una
1686 4701 1830 4754 illam
1863 4716 1926 4755 ac
1953 4701 2086 4756 sim-

2202 4704 2329 4774 téyq)
2361 4704 2684 4773 ἀπαγγεῖλαι
2717 4704 2829 4757 ἐστι
2861 4705 2947 4757 διὰ
2974 4704 3035 4757 τὸ
3067 4704 3125 4756 ἒν
3141 4705 3368 4757 ἕκαστον
3394 4705 3594 4767 αὐτῶν,
3630 4705 3771 4759 καθο

509 4789 852 4861 ,ριειτοινιιιίο
878 4791 1162 4859 complecti
1197 4798 1409 4858 potest;
1438 4789 1695 4858 quoniam
1729 4790 1797 4844 ab
1835 4806 2085 4860 unoquo-

2202 4795 2260 4859 ῦς
2291 4796 2444 4850 αὐτοὶ
2483 4794 2792 4864 βούλονται,
2840 4794 3192 4865 παραδιδόναι
3229 4794 3418 4866 αὑτήν.
3467 4795 3624 4848 Ὅσοι
3654 4795 3766 4866 γάρ

522 4897 630 4952 que
684 4881 900 4936 illorum
937 4894 1036 4950 pro
1081 4895 1181 4935 suo
1227 4889 1362 4933 nutu
1405 4894 1469 4933 ac
1507 4880 1789 4936 voluntate
1831 4881 2084 4939 traditur.

522 4971 682 5043 255
699 4970 840 5038 Quot
859 4970 1003 5026 enim
1025 4978 1150 5025 sunt
1174 4970 1318 5023 illius
1337 4969 1602 5040 dogmatis
1623 4985 1684 5024 ac
1706 4973 2086 5041 mysteriorum

522 5062 815 5126 antistites,
835 5061 1058 5115 totidem
1072 5069 1126 5114 et
1141 5059 1669 5131 redemptionesesse
1687 5061 1894 5116 dicunt.
1913 5061 2090 5116 Enim-

525 5169 652 5208 vero
691 5162 858 5208 totam
891 5152 1037 5206 illam
1076 5152 1310 5221 speciem
1359 5159 1523 5222 atque
1551 5167 1801 5222 pompam
1839 5152 2087 5223 ejurandi

520 5243 864 5313 baptismatis
911 5242 1223 5313 iterataque
1273 5242 1418 5297 illius
1471 5257 1501 5295 a
1562 5244 1672 5298 Deo
1725 5247 2089 5315 generationis

521 5338 716 5406 gratia,
748 5346 802 5390 et
827 5334 1143 5406 abjiciendae
1173 5333 1297 5389 ﬁdei
1331 5350 1361 5388 a
1396 5333 1597 5388 Satana
1622 5338 1912 5391 contictam
1942 5353 2085 5403 esse,

603 5474 619 5503 ¹
653 5472 783 5526 Luc.
815 5488 876 5536 tl,
910 5473 997 5526 42.
1071 5476 1092 5506 ²
1123 5473 1308 5526 Matth.
1341 5489 1454 5531 nx.
1484 5473 1571 5526 17.
1648 5475 1668 5506 ³
1699 5474 1831 5531 Luc.
1865 5494 1957 5539 xx,
1986 5477 2042 5530 2.

2205 5490 2289 5528 uc.
2317 5491 2426 5538 χιι,
2459 5474 2548 5528 42.
2624 5475 2644 5505 ⁸
2671 5473 2854 5528 Matth.
2900 5490 2974 5536 XI,
3002 5474 3090 5527 28.

522 5558 578 5626 ξ,
606 5543 698 5602 21,
941 5543 1080 5626 l_ren.
1351 5545 1371 5575 ’
1402 5542 1534 5626 For.
1566 5545 1699 5626 πρδς
1732 5549 1820 5602 αὑ.
1842 5617 1874 5626 __
1899 5547 2101 5626 ’χΙΙ-θη..

2202 5563 2216 5615 1
2245 5548 2434 5626 εἰπεῖνζ

1165 5614 1206 5644 ¹³
1238 5612 1416 5667 Lucas
1449 5615 1534 5665 val
1585 5612 1763 5670 habet.
1841 5615 1972 5671 “F.
2031 5612 2228 5668 αὐτῶν.
2306 5615 2348 5645 ¹⁵
2393 5613 2454 5667 F.
2519 5615 2634 5667 ἔνι.

524 5610 656 5672 ξειν.
743 5612 1054 5678 Ἀπόδειξιν.

2190 4887 2296 4938 εἱσι
2321 4883 2523 4953 ταύτης
2567 4882 2667 4952 τῆς
2709 4882 2934 4953 γνώμης
2974 4883 3340 4952 μυσταγωγοὶ,
3383 4883 3639 4936 τοσαῦται
3669 4886 3770 4936 καὶ

2191 4973 2608 5043 ἀπολυτρώσεις.
2639 4973 2747 5026 Καὶ
2780 4973 2858 5025 ὅτι
2889 4972 2985 5041 μὲν
3015 4974 3094 5036 είς
3123 4972 3408 5042 ὲξάρνησιν
3436 4973 3530 5025 τοῦ
3573 4973 3772 5043 βαπτί-

2196 5081 2397 5136 σματος
2427 5063 2528 5132 τῆς
2577 5065 2656 5126 είς
2697 5061 2829 5114 Θεὸν
2857 5063 3286 5132 ἀναγεννήσεως,
3327 5063 3423 5114 καὶ
3463 5064 3644 5132 πάσης
3665 5063 3771 5133 τῆς

2195 5153 2428 5216 πίστεως
2472 5151 2754 5215 ἀπόθεσιν,
2805 5150 3167 5219 ὑποϐέϐληται
3195 5150 3255 5203 τὸ
3283 5146 3422 5212 εἶδος
3464 5149 3558 5203 τοῦ
3591 5151 3634 5181 ⁸⁸
3659 5151 3770 5203 ὑπὸ

2194 5246 2288 5296 τοῦ
2315 5243 2548 5304 Σατανᾶ,
2579 5240 2888 5310 ἐλέγχοντες
2927 5240 3123 5301 αὐτοὺς
3144 5238 3562 5308 ἀπαγγελοῦμεν
3600 5240 3657 5290 ἐν
3685 5238 3770 5308 τῷ

2197 5335 2523 5405 προσήκοντι
2548 5332 2715 5402 τόπῳ.
2748 5331 2978 5400 Λέγουσι
3006 5330 3062 5384 δὲ
3099 5330 3268 5401 αὐτὴν
3301 5329 3599 5398 ἀναγκαίαν
3624 5325 3769 5382 εἶναι

3117 5534 3119 5536 η
3197 5476 3218 5506 ⁸
3249 5475 3377 5529 ibid.
3409 5475 3496 5530 29.
3575 5475 3594 5506 ⁷
3625 5474 3760 5532 Luc.

2521 5545 2560 5574 “
2589 5543 2724 5599 lren.
2755 5543 2860 5615 ἀπὸ
2891 5543 3003 5597 σοῦ.
3075 5545 3118 5574 ¹¹
3141 5543 3278 5599 Iren.
3313 5547 3576 5615 ὑπέσχετο
3616 5545 3764 5599 διδάο

2714 5615 2758 5644 ”
2798 5613 2927 5684 Leg.
2951 5616 3124 5666 τοῦτο.

594 5770 705 5843 (58)
743 5773 1040 5842 Πολλάκις
1068 5776 1434 5847 ἐπεθύμησα.
1482 5776 1759 5850 Nusquam
1809 5778 1922 5834 lucc
1964 5785 2101 5835 sentt

2202 5791 2232 5831 a
2260 5777 2314 5831 in
2346 5776 2518 5833 sacris
2549 5774 2768 5836 Litteris
2796 5776 3084 5848 reperitur.
