4156 6358
385 443 480 499 εξι

983 438 1351 497 ADVERSUS
1413 439 1753 496 HERESES
1806 434 1935 498 LIB.
1976 439 2016 497 I.
2060 437 2224 502 TOM.
2266 444 2352 500 Ill.
2393 477 2461 487 --
2499 445 2776 503 ΗᾸῧῐῖΕδ.
2818 444 3056 504 XXXIV.

3515 445 3623 508 6‘23

383 558 494 617 τοῖς
531 554 626 626 τὴν
651 554 860 609 τελείαν
891 557 1093 624 γνῶσιν
1137 556 1431 627 εἰληφόσιν,
1468 554 1554 610 ἵνα
1584 558 1663 619 εἰς
1687 557 1786 627 τὴν
1815 558 1955 628 ὑπὲρ

2074 575 2159 615 tuo
2202 562 2343 626 loco,
2390 578 2516 616 cum
2556 563 2680 619 illos
2728 563 3108 630 refutabimus,
3140 563 3477 621 ostendetur.
3522 563 3628 620 Sed

386 645 565 698 πάντα
615 645 840 716 δύναμιν
883 639 1018 699 ὦσιν
1056 646 1568 717 ἀναγεγεννημένοι.
1607 647 1814 710 Ἀλλως
1850 650 1956 720 γὰρ

385 736 645 789 ἀδύνατον
684 737 833 800 ἐντὸς
859 736 1230 807 Πληρώματος
1274 738 1533 791 εἰσελθεῖν
1555 754 1568 769 ’
1608 737 1793 808 ἐπειδὴ
1819 737 1959 809 αὕτη

385 828 532 881 ἐστὶν
556 831 587 898 ἡ
613 830 691 891 εὶς
723 828 782 881 τὸ
807 828 966 899 βάθος
996 830 1012 859 ¹
1041 829 1350 897 κατάγουσα
1381 829 1594 893 αὐτούς.
1624 831 1696 883 Τὸ
1731 831 1826 901 μὲν
1853 830 1961 904 γὰρ

388 922 670 992 βάπτισμα
696 920 791 974 τοῦ
825 922 1146 993 φαινομένου
1182 922 1356 993 Ἰησοῦ
1386 923 1631 991 ἀφέσεως
1656 924 1959 993 ἁμαρτιῶν,

384 1009 485 1080 τὴν
522 1010 579 1062 δὲ
607 1008 981 1082 ἀπολύτρωσιν
1006 1010 1098 1063 τοῦ
1141 1011 1198 1062 ὲν
1234 1009 1384 1080 αὑτῷ
1413 1010 1645 1080 Χριστοῦ
1681 1010 1965 1063 κατελθόν-

385 1122 478 1169 τος
508 1106 583 1167 εἰς
614 1105 921 1158 τελείωσινο
967 1106 1061 1160 καὶ
1088 1106 1147 1159 τὸ
1181 1106 1278 1177 μὲν
1314 1106 1562 1177 ψυχικὸν,
1595 1105 1692 1177 τὴν
1715 1107 1771 1160 δὲ
1800 1124 1965 1159 πνευ-

389 1195 628 1265 ματικὴν
662 1191 799 1248 εἶναι
829 1195 1168 1263 ὑφίστανται.
1200 1195 1309 1249 Καὶ
1336 1195 1396 1248 τὸ
1430 1195 1528 1266 μὲν
1560 1195 1839 1267 βάπτισμα
1862 1198 1967 1249 ὑπὸ

402 1287 646 1340 Ἰωάννου
677 1287 1044 1359 κατηγγέλθαι
1090 1289 1169 1350 είς
1206 1287 1513 1357 μετάνοιαν,
1553 1289 1650 1359 τὴν
1682 1289 1739 1342 δὲ
1768 1288 1967 1342 ἀπολύ-

388 1396 590 1450 τρωσιν
639 1379 742 1432 ὑπὸ
786 1378 962 1449 Ἰησοῦ
1010 1378 1333 1449 κεκομίσθαι
1389 1380 1468 1442 είς
1511 1377 1806 1432 τελείωσιν.
1858 1377 1967 1431 Καὶ

388 1469 534 1523 τοῦτ’
588 1467 727 1523 εἶναι
772 1471 899 1542 περὶ
944 1462 1005 1523 οῦ
1060 1470 1248 1539 λέγει’
1292 1470 1403 1525 Καὶ
1456 1470 1610 1524 ἄλλο
1654 1469 1969 1540 βάπτισμα

391 1561 511 1631 ἔχω
534 1562 966 1630 βαπτισθῆναι,
1010 1562 1108 1615 καὶ
1139 1561 1299 1616 πάνυ
1334 1561 1641 1630 ἐπείγομαι
1684 1564 1772 1628 εἰς
1799 1563 1965 1616 αὑτό.

404 1654 565 1707 Ἀλλὰ
606 1654 699 1706 καὶ
734 1656 845 1718 τοῖς
879 1656 1012 1717 υἱοῖς
1051 1653 1358 1715 Ζεϐεδαίου,
1403 1654 1502 1723 τῆς
1545 1653 1750 1724 μητρὸς
1792 1652 1969 1706 αὐτῶν

390 1744 720 1814 αἰτουμένης
749 1743 809 1795 τὸ
845 1743 1064 1797 καθίσαι
1096 1743 1293 1807 αὐτοὺς
1323 1745 1387 1797 ὲκ
1413 1742 1603 1807 δεξιῶν
1636 1745 1731 1796 καὶ
1757 1744 1973 1815 ἀριστε-

396 1834 506 1905 ρῶν
532 1836 647 1903 μετ’
682 1833 846 1887 αὑτοῦ
876 1836 956 1897 είς
981 1835 1079 1903 τὴν
1108 1833 1404 1904 βασιλείαν,
1429 1833 1630 1903 ταύτην
1659 1834 1969 1904 προσθεῖναι

2062 650 2207 703 illam
2257 653 2621 706 necessariam
2657 654 2879 706 omnino
2928 653 3352 724 redemptionem
3386 653 3454 708 iis
3507 669 3630 709 esse

2062 746 2332 806 statuunt,
2371 740 2463 809 qui
2497 739 2790 810 perfectam
2832 742 3116 796 scientiam
3159 741 3337 812 adepti
3379 752 3525 805 sunt,
3573 752 3634 796 ut

2064 829 2130 881 ad
2166 844 2476 899 supremam
2518 829 2757 883 omnium
2804 832 3057 885 virtutem
3102 830 3281 885 denuo
3321 832 3630 901 gignantur.

2062 919 2231 973 Aliter
2256 921 2400 973 enim
2441 935 2655 976 omnem
2699 920 2768 974 ad
2808 919 3054 975 Pleroma
3082 920 3285 975 aditum
3312 923 3632 989 intercludi;

2064 1026 2186 1065 cum
2216 1011 2329 1065 haec
2359 1012 2448 1066 illa
2481 1013 2574 1075 sit,
2604 1028 2723 1083 qua}
2750 1028 2845 1068 eos
2868 1012 2934 1066 ad
2957 1011 3111 1083 Bytbi
3137 1012 3404 1082 profunda
3433 1014 3635 1084 perdu-

2066 1112 2172 1157 cat.
2213 1102 2345 1156 Nam
2391 1104 2717 1174 baptismum
2772 1106 3083 1174 apparentis
3127 1104 3273 1160 illius
3299 1103 3474 1170 Jesu’,
3502 1120 3633 1159 con-

2066 1194 2461 1249 demnationem
2488 1194 2748 1249 duntaxat
2766 1210 2875 1265 prae
2895 1210 2955 1250 se
2989 1194 3131 1251 ferre
3162 1197 3475 1262 criminum;
3509 1197 3639 1252 red-

2065 1287 2391 1356 emptionem
2441 1303 2567 1342 vero
2609 1287 2832 1352 Christi,
2865 1289 2958 1359 qui
3003 1304 3062 1343 se
3096 1289 3150 1342 in
3177 1287 3363 1344 Jesum
3393 1290 3640 1344 insinua-

2066 1385 2253 1445 verat,
2316 1379 2615 1447 perfectum
2676 1380 2742 1434 ad
2796 1388 2999 1437 statum
3042 1381 3458 1451 absolutumque
3516 1396 3643 1451 spe~

2068 1477 2219 1524 ctare
2244 1509 2258 1523 .
2314 1468 2469 1522 lllum
2505 1471 2789 1525 animalem
2825 1487 2968 1536 esse,
2999 1472 3139 1526 hanc
3164 1488 3289 1526 vero
3317 1473 3638 1541 Spiritalem.

2068 1557 2336 1615 Praeterea
2370 1560 2698 1629 baptismum
2745 1576 2775 1615 a
2819 1560 3028 1617 Joanne
3072 1563 3421 1632 capessendae
3462 1562 3641 1631 pumi-

2070 1648 2252 1703 tentia:
2292 1663 2457 1703 causa
2510 1649 2911 1717 denuntiatum,
2961 1652 3387 1722 redemptionem
3437 1668 3467 1706 a
3510 1651 3641 1708 Jesu

2071 1738 2378 1793 obtinendae
2409 1740 2581 1809 gratia
2626 1740 2974 1809 perfectionis
3013 1742 3301 1811 invectam.
3332 1744 3507 1811 Atque
3539 1743 3644 1798 hoc

2071 1844 2213 1893 esse,
2241 1831 2383 1899 quod
2418 1831 2502 1886 his
2534 1833 2714 1887 verbis
2746 1842 2997 1887 testatum
3034 1835 3346 1905 reliquerit:
3370 1836 3642 1905 Baptismo

392 1925 491 2001 τὴν
521 1924 894 1997 ἀπολύτρωσιν
932 1925 1022 1978 τὸν
1051 1924 1254 1995 Κύριον
1287 1924 1555 1992 λέγουσιν,
1582 1923 1828 1977 εἰπόντα’
1862 1926 1972 1977 Δύ-

2074 1923 2181 1975 alio
2214 1923 2376 1977 habeo
2407 1922 2688 1991 baptizari,
2738 1932 2785 1975 et
2827 1924 2894 1977 ad
2944 1924 3095 1978 illum
3136 1927 3347 1981 omnino
3396 1927 3640 1996 festino'.

392 2019 583 2069 νασθε
628 2015 695 2067 τὸ
736 2013 1051 2084 ,βάπτισμα
1100 2012 1532 2081 βαπτισθῆναι,
1561 2013 1593 2065 ὃ
1624 2010 1738 2081 ἐγὼ
1773 2011 1976 2081 μέλλω

388 2105 819 2174 ,ϐαπτίζεσθαι;
849 2107 958 2159 Καὶ
986 2106 1076 2160 τὸν
1124 2104 1334 2159 Παῦλον
1375 2104 1552 2177 ῥητῶς
1580 2104 1847 2173 φάσκουσι
1876 2106 1974 2177 τὴν

393 2201 452 2253 ὲν
484 2197 706 2270 Χριστῷ
756 2197 928 2269 Ἰησοῦ
959 2196 1334 2266 ἀπολύτρωσιν
1366 2195 1625 2259 πολλάκις
1665 2197 1975 2266 μεμηνυκέ-

393 2308 513 2346 ναιο
560 2293 655 2345 καὶ
693 2286 830 2344 εἶναι
872 2289 1076 2361 ταύτην
1118 2289 1216 2359 τὴν
1262 2289 1354 2341 ὑπ’
1383 2288 1561 2342 αὐτῶν
1593 2288 1849 2352 ποικίλως
1879 2290 1971 2342 καὶ

392 2382 738 2455 ἀσυμφώνως
768 2381 1221 2455 παραδιδομένην.

2074 2012 2188 2067 lmo
2225 2014 2387 2068 etiam
2422 2013 2661 2069 Zebedaei
2697 2015 2841 2079 (iliis,
2892 2032 3015 2071 cum
3049 2033 3237 2073 eorum
3287 2027 3460 2075 mater
3506 2035 3537 2074 a
3585 2035 3647 2076 se

2073 2106 2424 2175 postulasset,
2455 2115 2512 2159 ut
2538 2122 2634 2161 eos
2664 2123 2850 2161 secum
2882 2107 2950 2162 ad
2987 2108 3230 2164 dextram
3259 2109 3648 2181 sinistramque

2073 2212 2226 2252 suam
2278 2200 2332 2251 in
2383 2214 2549 2268 regno
2590 2200 2878 2255 considere
2918 2200 3156 2271 juberet,
3198 2202 3447 2256 eamdem
3498 2203 3644 2258 illam

2075 2290 2502 2360 redemptionem
2554 2292 2903 2361 proposuisse
2958 2291 3244 2348 Dominum
3297 2302 3509 2363 putant,
3560 2296 3648 2350 his

2075 2382 2295 2438 verbis:
2332 2382 2563 2438 Potestis
2606 2384 2918 2453 baptismate
2956 2383 3240 2452 baptizari,
3265 2402 3365 2456 quo
3411 2403 3503 2458 ego
3552 2387 3648 2441 ba-

393 2478 678 2549 ptizandus
722 2477 922 2532 sum‘?
967 2476 1197 2531 Paulum
1244 2475 1470 2547 insuper
1503 2474 1925 2546 redemptionem
1982 2476 2039 2530 in
2085 2476 2304 2533 Christo
2354 2476 2480 2532 Jesu
2530 2494 2787 2549 persaepe
2814 2494 3268 2535 commemorasse
3314 2478 3649 2550 pradicant:

394 2592 561 2647 quam
587 2574 835 2631 eamdem
871 2575 1043 2643 ipsam
1074 2589 1197 2629 esse
1226 2574 1438 2639 volunt,
1471 2573 1538 2629 de
1562 2588 1670 2644 qua
1698 2573 1848 2628 varia
1888 2589 2184 2646 secumque
2206 2576 2431 2632 minime
2461 2578 2790 2631 cohaerentia
2812 2576 3096 2646 disputant
3134 2651 3137 2653 ί

465 2673 552 2724 Κ⁹.
579 2672 641 2724 Οἱ
662 2670 759 2741 μὲν
776 2669 884 2741 γὰρ
903 2669 1082 2723 αὐτῶν
1098 2687 1157 2722 νυ
1166 2669 1360 2741 μφῶνα
1377 2669 1863 2735 κατασκευάζουσι,
1882 2671 1977 2723 καὶ

398 2762 788 2834 μυσταγωγίαν
816 2761 1120 2815 ἐπιτελοῦσι
1149 2763 1262 2832 μετ’
1292 2760 1635 2833 ὲπιρῤήσεών
1669 2780 1829 2815 τινων
1865 2765 1976 2825 τοῖς

394 2854 824 2924 τελειουμένοις’
877 2854 972 2907 καὶ
1031 2852 1396 2923 πνευματικὸν
1451 2853 1626 2922 γάμον
1680 2853 1976 2922 φάσκουσιν

397 2943 540 3001 εἶναι
575 2947 636 2999 τὸ
681 2948 771 3009 ὑπ’
810 2945 991 3001 αύτῶν
1032 2947 1318 3016 γινόμενον
1358 2945 1498 2999 κατὰ
1549 2944 1646 3015 τὴν
1688 2944 1976 3015 ὁμοιότητα

396 3038 507 3091 τῶν
535 3036 646 3090 ἄνω
675 3036 943 3103 συζυγιῶν
963 3051 976 3065 ⁸
1018 3038 1065 3089 οἱ
1109 3036 1164 3088 δὲ
1210 3036 1429 3105 ἄγουσιν
1460 3034 1543 3103 ἐφ’
1572 3034 1734 3104 ὕδωρ,
1760 3034 1851 3086 καὶ
1877 3033 1975 3102 βα-

398 3129 682 3193 πτίζοντες
706 3127 877 3190 οὕτως
904 3128 1240 3197 ἐπιλέγουσιν
1260 3145 1273 3159 ·
1300 3130 1400 3193 Εἰς
1444 3127 1632 3194 ὄνομα
1666 3123 1976 3194 ἀγνώστου

2144 2671 2263 2726 ΧΧ.
2305 2671 2437 2726 Nam
2467 2674 2559 2727 alii
2582 2674 2879 2727 thalamum
2910 2673 3096 2728 nescio
3119 2688 3278 2743 quem
3301 2680 3647 2740 construunt,

2076 2778 2277 2832 eosque
2302 2778 2438 2832 quos
2480 2778 2608 2818 suas
2653 2763 2718 2817 ad
2759 2763 3114 2818 caaremonias
3155 2763 3448 2818 admittunt
3485 2766 3648 2819 certis

2040 2874 2051 2877 ί
2077 2855 2276 2909 ritibus
2308 2869 2371 2908 ac
2394 2854 2729 2910 carminibus
2754 2855 3007 2922 initiant;
3038 2871 3104 2910 ac
3135 2857 3280 2924 quod
3310 2858 3409 2927 ipsi
3431 2867 3646 2929 gerunt,

2081 2944 2354 3013 spiritales
2377 2944 2593 3014 nuptias
2618 2945 2906 3013 appellant,
2935 2944 3003 2999 ad
3032 2945 3334 3001 ccelestium
3366 2946 3650 3017 coniugio-

2080 3044 2202 3083 rum
2248 3030 2605 3085 imitationem
2650 3047 2956 3101 expressas.
2992 3033 3095 3086 Alii
3126 3034 3192 3088 ad
3218 3049 3412 3104 aquam
3449 3039 3650 3105 perdu—

2082 3130 2201 3176 ctos
2246 3123 2462 3190 tingunt
2510 3123 2613 3177 hac
2664 3123 2952 3178 verborum
3006 3124 3287 3179 formula:
3324 3125 3389 3179 In
3440 3128 3651 3181 nomine

399 3219 631 3288 Πατρός
652 3218 769 3272 τῶν
798 3218 973 3283 ὅλων,
1001 3221 1087 3284 εἰς
1126 3219 1416 3284 ἀλήθειαν
1454 3216 1681 3286 μητέρα
1712 3214 1972 3279 πάντων,

2078 3213 2240 3282 ignoti
2269 3212 2453 3267 Patris
2491 3215 2743 3277 omnium,
2776 3215 2830 3268 in
2874 3215 3089 3268 veritate
3119 3217 3348 3269 omnium
3368 3228 3555 3281 matre,
3594 3219 3651 3271 in

397 3316 487 3379 εις
521 3313 630 3366 τὸν
666 3310 1029 3365 κατελθόντα
1079 3312 1166 3375 εὶς
1206 3309 1469 3379 Ἰησοῦν,
1511 3310 1597 3372 εὶς
1643 3306 1861 3359 ἕνωσιν
1880 3304 1978 3357 καὶ

398 3407 819 3473 ἀπολύτρωσιν
840 3404 936 3458 καὶ
965 3404 1281 3457 κοινωνίαν
1310 3400 1427 3455 τῶν
1450 3399 1777 3468 δυνάμεων.
1795 3398 1977 3450 Ἀλλοι

401 3498 460 3550 δὲ
500 3496 761 3566 Ἐϐραῖκά
797 3514 916 3548 τινα
945 3496 1183 3564 ὀνόματα
1213 3494 1541 3561 ἐπιλέγουσι,
1576 3491 1713 3563 πρὸς
1740 3488 1801 3543 τὸ
1843 3489 1977 3561 μᾶλ-

402 3592 496 3645 λον
533 3589 976 3659 καταπλήξασθαι
1011 3589 1137 3651 τοὺς
1176 3586 1603 3656 τελειουμένους,
1631 3583 1803 3643 οὕτως
1823 3599 1835 3611 ·
1864 3585 1979 3635 Ba.-

401 3679 561 3750 σεμὰ
590 3680 872 3750 χαμοσσὴ
910 3679 1019 3749 (59)
1048 3676 1381 3745 ,βααιανορὰ
1426 3674 1712 3745 μισταδία
1748 3672 1979 3740 ρουαδὰ

401 3771 632 3827 novata
656 3771 928 3839 βαϐοφόρ
967 3768 1273 3838 καλαχθεῖ.
1306 3768 1519 3822 Τούτων
1550 3766 1595 3819 δ’
1639 3769 1671 3836 ἡ
1714 3765 1977 3835 ἑρμηνεία

402 3863 520 3917 ἐστὶ
546 3862 797 3931 τοιαύτη·
847 3860 1024 3929 Ὑπὲρ
1063 3860 1269 3914 πᾶσαν
1306 3858 1562 3928 δύναμιν
1596 3858 1702 3913 τοῦ
1750 3859 1977 3926 Πατριίς

476 4020 492 4052 ¹
520 4018 661 4073 lren.
695 4016 856 4089 βάθος
888 4016 980 4072 τοῦ
1008 4014 1198 4070 Βυθοῦ.
1275 4016 1296 4047 ³
1328 4013 1516 4069 Matth.
1550 4013 1724 4081 111,15.
1802 4013 1823 4045 ³
1851 4012 1983 4066 Luc.

476 4175 588 4246 (59)
629 4173 870 4243 Βασεμὰ
899 4167 1201 4246 χαμοσσή.
1224 4169 1422 4246 _Paulo
1450 4167 1605 4222 aliter
1636 4165 1752 4220 haec
1780 4165 1979 4246 verbo-

403 4236 527 4300 ruin
565 4236 802 4298 formula
827 4236 1190 4311 apud'lrenaai
1222 4239 1573 4311 interpretem
1611 4245 1872 4311 concepta
1901 4236 1979 4289 le-

402 4317 553 4383 gitur
577 4315 669 4368 lib.
700 4330 741 4375 1,
772 4329 822 4367 c.
856 4308 921 4365 18
957 4327 970 4362 :
1003 4310 1248 4383 Basgma
1271 4309 1532 4383 eacabasa
1571 4322 1762 4383 canae,
1793 4308 1975 4383 irrau:

404 4375 541 4438 risla
593 4382 865 4453 dyarbada
905 4375 1174 4453 ρασοιαῦα
1223 4377 1378 4446 [odor
1429 4376 1764 4453 camelanthi.
1816 4375 1971 4453 Apud

404 4444 651 4507 Nicetani
674 4469 801 4507 vero
840 4471 853 4505 :
889 4449 1125 4509 Camosi,
1159 4444 1274 4509 bae,
1299 4463 1499 4500 anoora
1530 4445 1773 4513 mystada
1812 4444 1984 4496 rhuda

2081 3319 2139 3358 eo
2171 3304 2260 3373 qui
2300 3305 2353 3357 in
2380 3302 2561 3357 Iesum
2592 3305 2837 3375 delapsus
2878 3317 2990 3370 est;
3018 3324 3071 3360 tn
3111 3308 3319 3374 unione,
3369 3319 3417 3363 et
3448 3310 3649 3364 redem-

2081 3397 2277 3465 ptione,
2323 3398 2784 3469 communioneque
2836 3400 3107 3453 virtutum.
3155 3397 3291 3454 Sunt
3333 3414 3385 3455 et
3414 3403 3504 3471 qui
3546 3401 3651 3457 He-

2082 3492 2299 3547 braicas
2331 3509 2491 3549 voces
2522 3494 2821 3564 proferant,
2846 3512 2954 3565 quo
2983 3496 3243 3567 majorem
3277 3498 3500 3554 initiatis
3521 3500 3653 3554 hor-

2082 3600 2261 3639 rorem
2286 3585 2549 3655 injiciant,
2571 3587 2673 3642 hoc
2690 3588 2871 3643 modo:
2890 3588 3137 3653 Basema,
3161 3591 3446 3657 cltamosse,
3473 3593 3650 3649 bawa~

2085 3693 2238 3743 nora,
2269 3678 2783 3746 mistadia,rhuada,
2810 3690 2981 3747 custa,
3016 3683 3297 3749 babaphor,
3334 3686 3647 3742 kalaclttltei.

2082 3764 2324 3830 Quorum
2368 3767 2480 3820 haec
2509 3775 2593 3822 est
2620 3770 2889 3823 sententia
2918 3788 2929 3823 :
2973 3770 3147 3840 Supra
3175 3790 3377 3827 onmem
3405 3777 3649 3831 virtutem

2084 3856 2287 3923 Patris,
2336 3856 2535 3912 Lumen
2586 3861 2725 3930 quod
2780 3874 2994 3915 vocatur
3042 3864 3310 3934 imploro:
3357 3883 3553 3921 necnon
3599 3879 3649 3923 et

2014 4027 2111 4078 xu,
2143 4012 2230 4067 50.
2305 4015 2327 4043 ³
2354 4012 2539 4067 Matth.
2574 4028 2667 4077 xx,
2689 4014 2778 4069 22.

2082 4181 2249 4237 sensu
2278 4166 2437 4237 longe
2461 4166 2534 4219 illi
2563 4166 2754 4223 Patres
2784 4169 3099 4225 abhorrent.
3131 4171 3328 4227 Verum
3361 4184 3420 4229 ut
3448 4178 3647 4230 carmi-

2081 4238 2169 4289 nis
2200 4236 2551 4304 hujus'initio
2590 4239 2849 4292 solemnis
2893 4240 2984 4293 illa
3025 4240 3293 4303 formula,
3344 4244 3399 4299 In
3427 4248 3646 4303 nomine

2082 4304 2281 4370 Patris,
2330 4314 2384 4358 et
2424 4305 2655 4381 Filii,_et
2688 4306 2923 4377 Spiritus
2954 4312 3149 4375 sancti,
3186 4316 3500 4381 praescripta
3537 4319 3643 4381 sit;

2083 4385 2277 4429 caetera
2309 4384 2487 4449 tamen
2527 4377 2592 4429 ad
2640 4392 2757 4449 eam
2802 4381 3157 4443 sententiam,
3186 4377 3365 4449 'quam
3409 4377 3649 4442 lrenaeus'

2090 4446 2377 4514 expressit,
2430 4447 2672 4499 revocari
2714 4454 2988 4515 poterunt,
3037 4450 3080 4503 si
3128 4446 3315 4506 leviter
3357 4456 3646 4510 emenden-

404 4523 872 4591 custaba.pltogor
914 4520 1131 4574 calathi.
1180 4517 1416 4591 Quaasic
1455 4517 1888 4591 interpretatur:
1925 4513 1968 4567 0
2003 4516 2046 4570 D
2083 4513 2191 4567 tur.
2245 4518 2322 4568 Ac
2374 4515 2622 4570 fortassis
2677 4513 2821 4571 hunc
2872 4528 2964 4572 aut
3021 4521 3249 4575 similem
3303 4524 3369 4577 ad
3425 4526 3645 4579 modum

403 4596 492 4662 qui
520 4611 571 4647 es
607 4584 760 4659 super
781 4584 997 4662 "omnem
1034 4591 1275 4662 virtutem
1313 4584 1513 4662 Patris,
1557 4586 1964 4662 te_invocamus,

407 4654 496 4732 qui
531 4654 723 4721 lumen.
763 4672 809 4714 et
833 4660 1060 4728 Spiritus
1090 4658 1327 4732 bonuset
1360 4658 1464 4732 vita
1486 4654 1809 4732 nominaris,
1844 4669 1971 4723 quo-

410 4725 554 4785 niam
596 4734 650 4785 in
685 4725 897 4799 corpore
943 4730 1194 4797 regnasti.
1238 4726 1501 4799 Hebraica
1534 4740 1697 4799 porro
1733 4725 1821 4777 illa
1854 4737 1974 4799 esse

408 4804 571 4857 verba
620 4793 857 4855 lrenaéus
904 4793 1107 4860 narrat,
1145 4798 1258 4851 sive
1303 4793 1567 4864 ejusmodi
1608 4809 1796 4848 revera
1831 4793 1970 4864 sint,

407 4873 523 4927 sive
587 4886 683 4940 pro
747 4870 1028 4940 Hebraicis
1079 4883 1109 4920 a
1169 4861 1636 4940 circumforaneis
1666 4864 1788 4940 istis
1832 4861 1974 4931 apud

407 4934 691 5012 imperitos
732 4942 959 5012 jactata.
997 4938 1141 4992 Sane
1173 4935 1392 5012 quidem
1425 4934 1639 5012 tametsi
1682 4934 1975 5012 depravata

405 5000 667 5076 ea'sint,
729 5000 1083 5065 Hebraismus
1136 5000 1435 5081 tamenin
1494 5000 1975 5081 ple-risquenhaud

405 5072 901 5149 oltscure'pellucet
923 5119 937 5142 ,
971 5085 1031 5149 ut
1076 5077 1275 5149 mirum
1309 5076 1381 5129 sit
1407 5074 1607 5149 lrenafi
1644 5072 1976 5149 seboliasten

410 5154 556 5219 pium
586 5160 640 5204 et
671 5141 945 5219 eruditum
978 5148 1253 5219 hominem
1279 5152 1397 5219 tam
1432 5143 1777 5219 confidente}:
1798 5141 1851 5219 id
1887 5156 1976 5194 as-

407 5211 681 5281 severare,
705 5235 767 5274 ea
801 5218 1060 5272 vocabula
1091 5232 1181 5269 nec
1207 5232 1239 5267 a
1268 5212 1454 5267 Grasca
1474 5254 1489 5277 ,
1517 5229 1607 5265 nec
1635 5213 1698 5265 ab
1726 5211 1974 5281 Hebr-ara,

407 5280 719 5353 Chaldaica,
741 5289 899 5357 Syra,
933 5296 1023 5340 aut
1051 5286 1281 5357 Arabica
1313 5282 1494 5357 lingua
1514 5284 1675 5350 petita
1689 5298 1819 5335 esse.
1844 5280 1979 5335 Pro-

408 5360 645 5427 indeque
666 5354 873 5426 magica
894 5356 1201 5427 etpbarbara
1220 5354 1385 5422 magis
1416 5360 1656 5427 po_rtenta
1688 5368 1798 5405 esse
1818 5366 1977 5420 quam

408 5422 643 5482 nomina.
686 5422 900 5481 Atenim
933 5425 1296 5495 Epipltanium
1320 5462 1334 5484 ,
1387 5431 1440 5495 et
1478 5422 1735 5495 Irenaeum
1780 5435 1979 5495 nuper-

406 5501 545 5551 rime
592 5501 859 5553 sectarius
906 5490 1127 5567 quidam
1175 5493 1469 5567 redarguit,
1510 5492 1656 5567 quod
1709 5490 1823 5567 hare
1865 5494 1979 5567 ipsa

409 5569 575 5621 verba
622 5559 1304 5636 perperam’acceperint;
1340 5559 1487 5636 "cum
1530 5559 1622 5636 ita
1687 5559 1974 5614 scribenda

409 5637 521 5692 sint
544 5654 556 5689 :
577 5630 767 5692 Basem
784 5635 1073 5697 haccados,
1092 5630 1193 5699 Ab,
1207 5632 1339 5697 Ben,
1354 5630 1619 5693 Arruach,
1641 5639 1827 5714 tzmpn
1848 5637 1982 5687 tam

405 5738 549 5788 m1
610 5736 670 5815 Ρ
732 5737 829 5786 nrt.
870 5725 986 5781 Hoc
1029 5732 1111 5779 est
1175 5743 1189 5778 ε
1242 5721 1300 5776 ln
1360 5722 1578 5815 nomine
1645 5718 1980 5815 sancto-Pa-

412 5820 537 5884 tris,
571 5811 626 5874 et
675 5816 837 5884 Filii,
881 5824 934 5873 et
988 5816 1227 5888 Spiritus
1274 5813 1472 5870 sancti.
1514 5813 1558 5867 A
1610 5827 1717 5882 quo
1763 5811 1980 5882 quidem

2083 4607 2412 4663 conformari
2442 4617 2671 4678 possunt
2700 4628 2715 4664 :
2749 4622 2852 4675 my
2880 4625 2998 4669 NZN
3026 4624 3170 4678 mn
3195 4600 3284 4681 ὃν,
3310 4625 3437 4684 etc.,
3466 4629 3645 4678 warm

2071 4684 2228 4776 ζώω
2296 4706 2461 4776 seu:
2515 4708 2597 4776 va“
2628 4709 2747 4776 ιυττΔ
2794 4714 2923 4760 nam
2992 4716 3155 4765 amni
3231 4720 3409 4768 mam:
3477 4720 3639 4769 nam.

2074 4770 2206 4834 Quae
2267 4768 2486 4836 quidem
2555 4768 2852 4834 Hebraice,
2930 4782 2982 4827 et
3046 4778 3286 4830 Aramzea
3352 4768 3642 4835 inflexione

2073 4838 2324 4915 eritttdem
2380 4840 2537 4915 plane
2602 4854 2822 4915 sensum
2878 4844 3149 4909 reddunt,
3229 4862 3386 4915 quem
3456 4847 3642 4902 frenari

2075 4906 2260 4984 Grmca
2305 4909 2617 4984 praeferunt.
2656 4910 2795 4984 Sunt
2834 4927 2895 4965 ea
2938 4929 3080 4984 vero
3129 4906 3322 4984 partim
3368 4933 3398 4971 e
3431 4918 3638 4983 (ξιξερο,

2076 4979 2272 5049 partim
2321 4993 2351 5031 e
2402 4979 2601 5032 veteris
2668 4980 2981 5049 interpretis
3032 4979 3227 5039 Latino
3292 4979 3636 5041 concinnata;

2076 5048 2230 5123 Quod
2269 5058 2541 5117 utcunque
2574 5058 2783 5103 tentare
2807 5048 2827 5112 ,ί
2856 5054 3026 5104 multo
3075 5056 3395 5123 prudentius
3424 5072 3484 5109 ac
3521 5074 3647 5119 mos

2078 5119 2286 5171 destius
2313 5128 2415 5177 est,
2465 5133 2624 5186 quam
2674 5126 2873 5173 temere
2905 5119 3117 5178 veteres
3164 5123 3349 5180 Patres
3410 5127 3641 5180 inscitiae

2080 5197 2242 5255 atque
2275 5188 2479 5241 erroris
2512 5202 2757 5255 arguere.
2795 5188 2929 5254 Quis
2969 5194 3144 5247 nescit
3177 5193 3442 5248 Hebraica
3481 5202 3639 5247 voea-

2080 5258 2207 5332 bula
2241 5255 2438 5332 graece
2468 5256 2596 5310 olim
2643 5258 2882 5332 scripta,
2915 5276 3036 5327 quae
3068 5278 3135 5316 ex
3176 5261 3428 5332 Origenis
3459 5263 3642 5317 Hera-

2078 5326 2202 5395 plis.
2231 5325 2467 5402 Qctaplis
2492 5340 2596 5394 que
2626 5328 2770 5402 apud
2793 5325 3244 5402 Chrysostomum
3268 5325 3511 5402 aliosque
3539 5333 3641 5385 Pa-

2082 5408 2191 5450 tres
2230 5396 2512 5464 leguntur,
2562 5403 2668 5448 tam
2723 5397 2791 5451 ab
2841 5396 3080 5455 Hebraeis
3128 5403 3332 5456 absona
3386 5396 3537 5462 esse,
3582 5413 3640 5456 ut

2081 5466 2170 5518 illa
2193 5505 2206 5528 ,
2242 5465 2348 5519 nisi
2398 5466 2511 5536 ham
2544 5464 2901 5525 haberemus.
2936 5469 3083 5524 nulla
3131 5472 3347 5536 assequi
3380 5471 3640 5527 divinatio

2082 5536 2353 5604 potuerit.
2383 5535 2559 5588 Causa
2601 5536 2762 5602 hujus
2797 5538 3078 5594 varietatis
3111 5547 3193 5593 est
3248 5540 3637 5595 Hebraicarum

2082 5603 2274 5679 Voeum
2325 5603 2561 5679 diversa,
2609 5620 2709 5679 nec
2742 5606 2808 5679 ad
2854 5607 3079 5679 aliarum
3124 5610 3428 5679 linguarum
3478 5627 3637 5664 usum

2084 5673 2219 5728 satis
2264 5674 2541 5725 modulata
2575 5676 2830 5742 prolatio.
2864 5675 2983 5741 Quo
3014 5673 3478 5734 minus'admirari
3508 5699 3638 5733 cnn-

2083 5743 2231 5796 venit
2274 5743 2328 5795 in
2361 5746 2547 5809 paucis
2592 5744 2700 5798 illis
2735 5746 3079 5801 Marcosianaa
3135 5750 3377 5804 formulae
3416 5752 3639 5804 vocibus

2086 5827 2223 5881 pene
2249 5827 2464 5869 omnem
2486 5813 2700 5868 illarum
2730 5816 2956 5886 originis
2971 5818 3258 5890 vestigium
3289 5822 3636 5877 exstinctum.
