4156 6358
422 400 439 420 '
516 420 622 476 διδ

1937 414 1994 470 S.
2033 413 2379 474 EPIPHANII

3689 416 3794 471 διιι

510 538 775 606 Spiritum
817 533 1033 598 bonum,
1066 542 1115 588 et
1158 532 1336 588 Vitam
1380 548 1630 603 quoniam
1672 535 1729 587 in
1771 549 1988 604 carpare
2024 551 2095 589 re-

2210 533 2607 604 ἐπικαλοῦμαι
2637 534 2765 600 Φῶς
2787 532 3242 604 ὀνομαζόμενον,
3271 530 3369 586 καί
3388 531 3630 603 Πνεῦμα
3655 535 3799 604 ἁγα-

506 630 711 702 gnasti.
744 627 977 694 Quidam
1003 627 1168 697 256
1188 628 1261 682 ita
1294 626 1727 697 redemptionem
1758 627 2093 698 concipiunt.

509 723 786 779 Arcanum
832 728 887 775 et
925 721 1204 774 occultum
1245 718 1314 773 ab
1342 717 1491 772 omni
1519 716 1805 772 divinitate
1849 718 2101 772 domina-

510 832 679 888 tuque
729 828 794 870 ac
824 813 1054 868 veritate
1100 826 1319 873 nomen,
1373 810 1518 880 quod
1562 807 1724 866 Jesus
1778 808 2099 865 Nazarenus

512 911 717 972 induit,
753 908 810 962 in
855 906 987 960 vitis
1032 903 1260 959 luminis
1302 902 1531 969 Christi,
1583 902 1812 967 Christi,
1852 904 2097 973 inquam,

510 1000 749 1055 viventis
790 1011 886 1067 per
926 994 1191 1065 Spiritum
1240 1000 1513 1056 sanctum,
1564 992 1618 1045 in
1669 993 2098 1063 redemptionem

511 1092 836 1164 angelicam,
881 1101 1080 1141 nomen
1130 1084 1534 1138 restitutionis:
1565 1081 1816 1148 Messias,
1845 1082 2096 1153 uphareg,

510 1196 976 1251 namempswman,
1022 1176 1325 1239 cltatdaaan,
1366 1175 1758 1241 mosomedaca,
1799 1176 2097 1244 acphrante,

510 1293 700 1348 psnua,
729 1273 858 1329 Jesu
905 1272 1148 1325 nazaria.
1190 1268 1323 1335 Quae
1368 1268 1471 1322 hoc
1534 1269 1700 1323 modo
1748 1266 2099 1337 interpretari

509 1382 806 1441 possumus
831 1385 843 1418 :
872 1363 996 1417 Non
1044 1361 1221 1417 divido
1253 1360 1529 1428 Spiritum,
1571 1358 1698 1425 Cor,
1742 1359 2099 1429 Virtutemque

509 1464 637 1517 curto
678 1459 1059 1523 sublimiorem,
1096 1452 1489 1509 misericordem
1512 1469 1529 1506 :
1552 1463 1720 1506 macte
1752 1453 1853 1506 sim
1889 1453 2099 1505 nomine

511 1568 620 1621 tuo,
647 1553 894 1609 Salvator
911 1550 1169 1605 ueritatis.
1198 1548 1324 1602 Haec
1352 1550 1479 1601 dum
1507 1546 1575 1600 ab
1600 1545 1943 1601 antistitibus
1970 1559 2098 1614 pro-

507 1650 617 1703 lata
653 1655 804 1709 sunt,
838 1655 954 1699 tum
1001 1643 1096 1713 qui
1144 1642 1319 1697 sacris
1358 1641 1604 1695 initiatur
1639 1640 1714 1693 ita
1758 1638 2095 1709 respondet:

508 1742 867 1811 Conﬁrmatus
916 1753 1055 1801 sum,
1098 1752 1160 1789 ac
1196 1735 1490 1804 redemptus
1520 1750 1538 1787 :
1568 1745 1618 1787 et
1646 1734 1825 1786 anima
1870 1748 1986 1786 mea
2031 1729 2097 1784 ab

506 1837 603 1889 hoc
634 1834 829 1889 swculo
862 1831 1204 1900 omnibusque
1239 1846 1355 1900 qua:
1382 1828 1445 1883 ab
1468 1845 1528 1882 eo
1555 1836 1699 1891 sunt,
1737 1826 2017 1880 redimitur
2042 1826 2095 1879 in

2207 627 2334 691 θὸν,
2359 627 2456 681 λαὶ
2488 626 2659 694 Ζωήν
2682 640 2697 656 ⁸
2734 626 2823 679 ὅτι
2852 626 2923 680 ὲν
2951 625 3178 695 σώματι
3200 626 3627 694 ἐϐασίλευσας.
3665 627 3796 679 Ἀλ-

2206 719 2287 772 λοι
2330 718 2388 771 δὲ
2440 718 2603 772 πάλιν
2641 717 2739 790 τὴν
2777 718 3044 788 λύτρωσιν
3089 715 3436 785 ἐπιλέγουσιν
3478 716 3650 781 οὕτως
3679 734 3693 748 ο
3736 717 3797 769 τὸ

2203 813 2373 882 δνομα
2409 810 2471 864 τὸ
2505 810 2998 882 ἀποκεκρυμμένον
3026 809 3134 864 ἀπὸ
3171 810 3356 881 πάσης
3394 809 3665 881 θεότητος,
3700 812 3796 864 καὶ

2204 904 2545 976 κυριότητος,
2576 903 2671 956 καὶ
2699 902 2980 973 ἀληθείας,
3017 902 3046 955 ὂ
3071 902 3360 957 ἐνεδύσατο
3396 902 3601 973 Ἰησοῦς
3625 904 3653 956 ὁ
3680 904 3792 956 Να-

2204 994 2437 1065 ζαρηνὸς
2463 995 2520 1048 ἐν
2552 996 2671 1058 ταῖς
2699 994 2864 1059 ζωαῖς
2888 992 2983 1046 τοῦ
3019 994 3203 1058 Φωτὸς
3232 995 3324 1049 τοῦ
3360 994 3619 1067 Χριστοῦ,
3657 996 3791 1065 Χρι-

2204 1087 2330 1141 στοῦ
2363 1086 2565 1151 ζῶντος
2589 1087 2677 1141 διὰ
2720 1086 3037 1159 Πνεύματος
3076 1087 3231 1156 ἁγίου
3269 1090 3351 1152 εἰς
3392 1088 3663 1160 λύτρωσιν
3689 1088 3791 1157 ἀγ-

2201 1178 2443 1250 γελικὴν,
2490 1178 2663 1250 ὄνομα
2710 1178 2770 1231 τὸ
2815 1179 2917 1249 τῆς
2963 1180 3481 1244 ἀποκαταστάσεως.
3525 1182 3788 1247 Μεσσία,

2202 1270 2470 1341 οὺφαρὲγ
2496 1270 2629 1341 (40),
2654 1274 3110 1341 ναμεμψαιμὰν,
3164 1272 3487 1340 χαλδαίαν,
3521 1289 3791 1344 μοσομη-

2200 1361 2383 1428 δαέα,
2436 1362 2765 1432 άκφραναὶ,
2820 1365 3058 1433 ψαούα,
3116 1365 3320 1435 Ἰησοῦ
3369 1367 3630 1436 ναζαρία.
3677 1370 3791 1423 Καὶ

2198 1455 2404 1509 τούτων
2442 1456 2498 1510 δὲ
2537 1458 2569 1526 ἡ
2612 1458 2876 1528 ἑρμηνεία
2907 1459 3024 1512 ἐστὶ
3048 1458 3303 1531 τοιαύτηο
3347 1463 3429 1515 Οὐ
3476 1459 3681 1529 διαιρῶ
3721 1461 3789 1514 τὸ

2170 1548 2477 1617 μΠνεῦμα,
2518 1550 2633 1616 τὴν
2689 1551 2984 1619 Καρδίαν,
3032 1551 3133 1605 καὶ
3184 1552 3298 1620 τὴν
3352 1552 3791 1621 ὑπερουράνιον

2200 1642 2481 1709 Δύναμιν.
2513 1639 2629 1709 τὴν
2657 1643 3030 1711 οἰκτίρμονα·
3063 1644 3323 1713 ὀναίμην
3361 1644 3468 1698 τοῦ
3499 1645 3791 1713 ὀνόματός

2199 1746 2336 1795 σου,
2370 1733 2573 1802 Σωτὴρ
2599 1735 2905 1803 ἀληθείας.
2954 1738 3068 1790 Καὶ
3106 1737 3278 1791 ταῦτα
3318 1738 3416 1808 μὲν
3448 1739 3791 1807 ἐπιλέγουσιν

2200 1831 2249 1881 oi
2278 1832 2429 1886 αὐτοὶ
2462 1834 2772 1899 τελοῦντες·
2811 1839 2838 1891 ό
2877 1837 2934 1891 δὲ
2971 1837 3353 1909 τετελεσμένος
3394 1838 3789 1909 ἀποκρίνεταιο

505 1927 716 1983 nomine
744 1924 866 1990 Jao,
888 1924 977 1994 qui
1001 1922 1167 1991 ipsius
1191 1919 1408 1975 redemit
1441 1918 1677 1972 animam
1702 1917 1758 1969 in
1784 1915 2095 1984 redemptio-

2210 1921 2612 1994 Ἑστήριγμαι,
2642 1928 2739 1980 καὶ
2773 1930 3164 1997 λελύτρωμαι,
3198 1906 3298 1981 καὶ
3323 1906 3650 1998 λυτροῦλιαι
3676 1929 3790 1998 τὴν

506 2036 625 2074 nem
665 2019 721 2071 in
757 2015 969 2073 Christo
1002 2016 1217 2070 vivente.
1266 2012 1346 2067 Ad
1400 2012 1515 2065 haec
1559 2018 1853 2082 prazsentes
1902 2026 2093 2066 omnes

507 2112 832 2183 subjiciunt:
859 2109 974 2163 Pax
991 2107 1232 2162 omnibus
1244 2108 1300 2159 in
1313 2105 1499 2175 quibus
1518 2121 1703 2159 nomen
1728 2104 1869 2157 istud
1888 2104 2093 2173 requie-

506 2205 627 2259 scit.
662 2201 867 2258 Deinde
896 2201 1251 2271 Opobalsamo
1281 2200 1555 2253 initiatum
1582 2206 1914 2268 perungunt,
1946 2196 2094 2267 quod

507 2296 771 2367 unguenti
800 2309 969 2366 genus
993 2291 1417 2363 fragrantissimi
1454 2290 1602 2345 illius
1636 2289 1845 2355 odoris,
1872 2289 1964 2358 qui
2002 2305 2095 2345 su-

507 2403 604 2460 pra
631 2388 815 2441 omnia
838 2395 944 2447 est,
979 2385 1270 2456 imaginem
1301 2397 1425 2439 esse
1458 2388 1704 2437 censent.

2195 2016 2408 2085 ψυχήν
2427 2036 2546 2086 μου
2579 2018 2697 2072 ἀπὸ
2722 2018 2828 2073 τοῦ
2878 2018 3095 2086 αἰῶνος
3137 2022 3354 2076 τούτου
3398 2020 3499 2075 καὶ
3548 2022 3790 2074 πάντων

2196 2108 2316 2161 τῶν
2340 2110 2477 2177 παρ’
2509 2110 2695 2164 αὐτοῦ
2725 2112 2794 2164 ἐν
2828 2110 2908 2177 τῷ
2952 2112 3197 2181 ὀνόματι
3239 2113 3346 2166 τοῦ
3383 2111 3533 2177 Ἰαὼ,
3561 2112 3628 2177 ὃς
3650 2112 3791 2166 ἐλυ-

2196 2200 2463 2267 τρώσατο
2510 2204 2625 2273 τὴν
2664 2206 2878 2275 ψυχὴν
2920 2205 3106 2262 αὐτοῦ
3147 2207 3234 2271 είς
3266 2207 3689 2273 ἀπολύτρωσιν
3718 2206 3791 2258 ἐν

2196 2292 2275 2357 τῷ
2300 2293 2532 2361 Χριστῷ
2565 2296 2645 2361 τῷ
2679 2296 2865 2357 ζῶντι.
2895 2294 3009 2351 Εἶτ’
3045 2298 3385 2366 ἐπιλέγουσιν
3407 2300 3455 2351 οἱ
3485 2298 3751 2369 παρόντες
3769 2311 3788 2329 ⁸

2192 2383 2413 2451 Εἰρήνη
2445 2385 2653 2453 πᾶσιν,
2685 2388 2777 2457 ἐφ’
2824 2387 2932 2453 οὓς
2982 2389 3050 2441 τὸ
3100 2388 3288 2458 ὄνομα
3341 2388 3518 2442 τοῦτο
3565 2389 3791 2440 ἐπανα-

505 2485 776 2537 παύεται.
831 2483 1059 2535 Ἔπειτα
1111 2479 1395 2550 μυρίζουσι
1451 2476 1542 2531 τὸν
1596 2477 1979 2547 τετελεσμένον
2031 2474 2108 2546 τῷ
2167 2477 2285 2550 ὀπῷ
2356 2479 2433 2551 τῷ
2474 2482 2582 2535 ἀπὸ
2623 2482 2899 2555 βαλσάμου
2951 2484 3083 2557 (41).
3139 2485 3213 2537 Τὸ
3259 2485 3369 2557 γὰρ
3419 2484 3587 2556 μύρον
3632 2482 3793 2538 τοῦτο

505 2582 674 2634 τύπον
713 2579 811 2647 τῆς
843 2578 982 2648 ὑπὲρ
1013 2576 1078 2629 τὰ
1104 2575 1200 2628 ὅλα
1232 2573 1458 2637 εὐωδίας
1492 2569 1629 2625 εἶναι
1658 2573 1929 2641 λέγουσιν.

579 2673 698 2730 Non
736 2676 936 2729 desunt
969 2674 1113 2727 inter
1138 2672 1280 2735 illos,
1322 2670 1413 2740 qui
1467 2669 1533 2723 ad
1566 2684 1763 2739 aquam
1796 2660 2096 2738 perducere

511 2780 984 2838 supervacaneum
1028 2763 1399 2825 arbitrantur;
1424 2760 1519 2815 sed
1554 2762 1733 2815 oleum
1769 2774 1911 2829 aqua
1952 2768 2096 2814 tem-

506 2866 758 2927 peratum
815 2871 940 2911 cum
1005 2853 1341 2910 solemnibus
1389 2852 1663 2922 ejusmodi
1716 2850 2092 2914 carminibus,

510 2951 693 3022 qualia
731 2964 831 3005 nos
865 2950 1028 3019 paulo
1070 2954 1194 3002 ante
1225 2945 1531 3008 retulimus,
1566 2943 1907 2998 initiatorum
1947 2943 2096 3013 capi-

508 3044 657 3100 tibus
685 3043 1002 3114 inspergant
1033 3057 1047 3094 :
1076 3039 1239 3109 idque
1269 3038 1491 3092 demum
1524 3035 1957 3106 redemptionem
1998 3049 2096 3089 no-

2278 2669 2448 2722 Ἔνιοι
2476 2670 2520 2725 δ’
2550 2670 2726 2725 αὐτῶν
2756 2671 2818 2725 τὸ
2860 2671 2960 2743 μὲν
2996 2672 3151 2741 ἄγειν
3207 2672 3301 2725 ἐπὶ
3330 2672 3392 2726 τὸ
3424 2673 3568 2744 ὕδωρ
3597 2693 3788 2744 περισ-

2203 2760 2295 2813 σὸν
2325 2757 2461 2814 εἶναι
2511 2763 2815 2831 φάσκουσι·
2871 2761 3123 2833 μίξαντες
3173 2762 3230 2815 δὲ
3271 2762 3449 2818 ἔλαιον
3500 2765 3594 2817 καὶ
3645 2766 3789 2839 ὕδωρ

2202 2854 2491 2908 ἐπιτοαυτὸ
2524 2857 2640 2925 μετ’
2668 2856 3013 2927 ἐπιρρήσεων
3049 2856 3443 2928 ὁμοιοτρόπων,
3479 2852 3569 2922 αἷς
3603 2876 3791 2932 προει-

2206 2948 2473 3018 ρήκαμεν,
2505 2948 2857 3002 ἐπιϐάλλουσι
2885 2952 2953 3021 τῇ
2994 2950 3205 3019 κεφαλῇ
3236 2950 3347 3003 τῶν
3374 2954 3785 3023 τελειουμένων.

2204 3037 2313 3090 Καὶ
2340 3038 2482 3091 τοῦτ’
2509 3034 2648 3092 εἶναι
2678 3039 2776 3109 τὴν
2801 3038 3179 3107 ἀπολύτρωσιν
3213 3036 3449 3092 θέλουσι.
3484 3040 3792 3111 Μυρίζουσι

507 3138 754 3201 minent;
802 3146 1117 3204 quanquam
1160 3130 1409 3185 balsamo
1450 3127 1557 3200 ipsi
1596 3128 1762 3183 etiam
1802 3128 2092 3198 inungunt.

2200 3128 2259 3182 δὲ
2292 3129 2388 3182 καὶ
2426 3130 2578 3183 αὐτοὶ
2614 3130 2691 3201 τῷ
2740 3129 3025 3200 βαλσάμῳ.
3055 3130 3235 3185 ’Δλλοι
3282 3130 3361 3196 δὲ,
3402 3131 3579 3185 ταῦτα
3611 3132 3791 3186 πάντα

505 3229 613 3284 Alii
645 3233 839 3281 contra
870 3222 1172 3295 repudiatis
1205 3220 1275 3275 iis
1306 3220 1562 3274 omnibus
1601 3225 1802 3289 negant
1830 3219 1955 3288 ejus
1982 3217 2096 3271 vir-

509 3320 663 3383 tutis,
702 3334 822 3389 quae
864 3332 966 3371 nec
1003 3313 1179 3369 oculis
1205 3312 1379 3378 cerni,
1409 3326 1512 3367 nec
1539 3325 1791 3366 sermone
1827 3309 2096 3364 declarari

510 3413 710 3484 possit,
729 3409 1055 3481 mysterium
1079 3424 1177 3479 per
1208 3404 1574 3476 aspectabiles
1597 3403 2099 3474 corruptibilesque

509 3513 791 3559 creaturas
812 3516 969 3573 posse
991 3499 1176 3571 perlici
1201 3512 1442 3565 ;eorum,
1471 3496 1715 3567 inquam,
1740 3511 1862 3566 quae
1890 3494 2097 3566 cogita-

510 3597 714 3651 tionem
746 3610 960 3649 omnem
988 3592 1225 3662 fugiunt,
1273 3588 1631 3659 corporisque
1670 3595 1799 3643 sunt
1829 3585 2095 3657 expertia,

511 3684 576 3737 ad
606 3699 668 3737 ea
698 3699 819 3753 qua:
841 3681 1093 3737 sensibus
1118 3677 1515 3747 percipiuntur,
1544 3692 1920 3749 corporeaque
1942 3682 2096 3742 sunt,

509 3784 766 3847 oportere
812 3772 1044 3828 demitti.
1081 3768 1392 3825 Perfectam
1434 3769 1616 3840 itaque
1667 3769 2095 3839 redemptionem

474 3869 685 3939 'ipsam
737 3882 861 3922 esse
917 3864 1313 3937 magnitudinis
1364 3862 1767 3933 inexplicabilis
1823 3860 2095 3916 notitiam.

508 3964 646 4019 Cum
683 3964 829 4019 enim
860 3960 1108 4017 defectus
1136 3958 1317 4015 omnis
1360 3966 1415 4013 et
1458 3954 1797 4027 perturbatio
1840 3954 1908 4008 ab
1938 3953 2098 4024 igno-

505 4055 691 4108 rantia
723 4050 1126 4122 proﬁciscatur,
1162 4047 1427 4119 quidquid
1461 4061 1528 4101 ex
1560 4062 1625 4101 ea
1655 4044 1947 4100 conﬂatum
1990 4051 2095 4110 est,

504 4149 602 4203 illa
633 4147 847 4201 ratione
877 4144 1110 4208 destrui,
1148 4144 1284 4199 adeo
1313 4151 1375 4199 ut
1419 4140 1660 4213 cognitio
1705 4140 1986 4195 interioris
2024 4139 2098 4194 sit

509 4241 752 4295 hominis
799 4237 1106 4308 redemptio
1142 4255 1156 4291 :
1191 4253 1257 4293 ac
1316 4251 1497 4307 neque
1536 4247 1801 4303 corporea
1847 4233 1939 4296 sit,
1980 4247 2097 4286 cor-

506 4345 615 4402 pus
658 4332 803 4386 enim
858 4328 1228 4399 corruptionis
1270 4342 1438 4398 capax
1487 4332 1572 4381 est
1613 4343 1625 4379 :
1660 4338 1761 4378 nec
1810 4321 2091 4387 animalis,

509 4424 658 4495 quod
696 4426 877 4478 anima
910 4438 978 4477 ex
1018 4421 1233 4476 defectu
1280 4419 1566 4491 prodierit,
1599 4417 1781 4487 sitque
1809 4416 1955 4470 velut
1984 4416 2092 4467 Pa-

2202 3222 2694 3294 παραιτησάμενοι,
2741 3224 3010 3293 φάσκουσι
3053 3226 3127 3297 μὴ
3164 3227 3273 3279 δεῖν
3311 3224 3376 3278 τὸ
3416 3225 3515 3297 τῆς
3546 3226 3789 3297 ἀρρήτου

2202 3315 2298 3369 καὶ
2350 3315 2580 3387 ἀοράτου
2622 3315 2907 3387 δυνάμεως
2960 3322 3257 3390 μυστήριον
3319 3319 3390 3372 δι’
3439 3318 3651 3389 ὁρατῶν
3693 3320 3793 3373 καὶ

2201 3406 2459 3477 φθαρτῶν
2513 3407 2876 3461 ἐπιτελεῖσθαι
2935 3409 3285 3480 κτισμάτων,
3334 3410 3429 3463 καὶ
3477 3409 3587 3462 τῶν
3633 3410 3792 3462 ἀνεν-

2200 3501 2405 3571 νοήτων
2449 3500 2545 3554 καὶ
2583 3501 2892 3571 ἀσωμάτων
2919 3500 2986 3553 δι’
3012 3501 3284 3572 αἰσθητῶν
3314 3502 3407 3555 καὶ
3432 3500 3786 3571 σωματικῶν.

2200 3587 2354 3645 Εἶναι
2382 3592 2439 3645 δέ
2475 3592 2687 3648 τελείαν
2720 3592 3098 3665 ἀπολύτρωσιν
3136 3592 3307 3664 αὐτὴν
3344 3593 3443 3665 τὴν
3490 3592 3791 3661 ἐπίγνωσιν

2199 3684 2290 3736 τοῦ
2330 3685 2568 3755 ἀρρήτου
2599 3683 2881 3755 μεγέθους.
2921 3683 3044 3736 Ὑπ’
3083 3683 3305 3751 ἀγνοίας
3329 3686 3437 3753 γὰρ
3472 3681 3789 3752 ὑστερήμαο

2198 3795 2289 3841 τος
2324 3778 2419 3831 καὶ
2448 3778 2652 3841 πάθους
2676 3778 2979 3845 γεγονότων
3002 3776 3090 3830 διὰ
3116 3775 3393 3845 γνώσεως,
3422 3772 3789 3828 καταλύεσθαι

2201 3872 2381 3925 πᾶσαν
2420 3870 2516 3943 τὴν
2549 3872 2615 3924 ἐκ
2638 3871 2738 3943 τῆς
2772 3870 2994 3940 ἀγνοίας
3024 3868 3313 3922 σύστασιν·
3352 3866 3493 3919 ὥστε
3523 3860 3789 3933 εἶναιτὴν

2198 3963 2399 4032 γνῶσιν
2429 3963 2806 4034 ἀπολύτρωσιν
2848 3960 2943 4014 τοῦ
2983 3961 3131 4015 ἔνδον
3160 3956 3475 4030 ἀνθρώπου·
3514 3957 3609 4010 καὶ
3648 3955 3789 4026 μήτε

2200 4056 2519 4127 σωματικὴν
2542 4056 2809 4127 ὑπάρχειν
2846 4054 3017 4125 αὑτήν
3037 4070 3050 4085 ·
3086 4051 3326 4123 φθαρτὸν
3354 4050 3465 4122 γὰρ
3490 4049 3550 4103 τὸ
3588 4048 3747 4118 σῶμα
3768 4064 3784 4079 ο

2201 4148 2340 4217 μήτε
2382 4146 2653 4218 ψυχικήν·
2684 4146 2807 4199 ἐπεὶ
2850 4145 2944 4198 καὶ
2994 4145 3030 4215 ἠ
3080 4142 3226 4213 ψυχὴ
3267 4140 3328 4205 ἐξ
3372 4139 3783 4210 ὑστερήματοςο

2198 4241 2292 4293 καὶ
2320 4239 2433 4292 ἐστι
2463 4238 2555 4292 τοῦ
2579 4238 2792 4311 Πατρὺς
2818 4236 3005 4309 ῶσπερ
3030 4235 3362 4306 οἰκητήριον.
3398 4230 3786 4301 Πνευματικὴν

2196 4327 2290 4387 οὖν
2325 4334 2517 4386 δεῖκαὶ
2544 4332 2641 4404 τὴν
2678 4332 2946 4403 λύτρωσιν
2980 4330 3269 4400 ὑπάρχειν.
3299 4324 3642 4397 Λυτροῦσθαι
3674 4322 3785 4394 γάρ

2197 4426 2286 4481 διὰ
2328 4427 2608 4489 Μωῦσέως
2650 4426 2741 4479 τὸν
2778 4424 2886 4477 ἔσω
2933 4424 3221 4494 ἄνθρωπον
3254 4423 3345 4475 τὸν
3396 4416 3781 4488 πνευματικόν.

509 4515 684 4572 rentis
736 4514 1096 4570 domicilium.
1138 4513 1322 4579 Quare
1380 4522 1435 4568 et
1485 4511 1751 4582 spiritalis
1788 4507 2092 4578 redemptio

2199 4518 2309 4571 Καὶ
2348 4516 2637 4588 ἀρκεῖσθαι
2670 4515 2869 4579 αὐτοὺς
2900 4517 2966 4586 τῇ
3010 4514 3118 4567 τῶν
3150 4513 3288 4567 ὅλων
3325 4510 3652 4578 ἐπιγνώσει·
3688 4506 3788 4562 καὶ

512 4609 584 4664 sit
629 4614 864 4677 oportet.
902 4606 1114 4661 Etenim
1160 4621 1258 4675 per
1284 4604 1505 4675 Moysen
1546 4602 1775 4657 interior
1822 4600 1986 4654 homo
2032 4612 2097 4653 ac

513 4696 779 4767 spiritalis
818 4694 1128 4749 redimitur.
1162 4692 1397 4747 Proinde
1445 4690 1827 4745 universorum
1873 4702 1934 4743 se
1974 4702 2097 4742 esse

511 4788 704 4841 dicunt
754 4786 1062 4857 cognitione
1112 4791 1441 4849 contentos;
1494 4795 1723 4851 eamque
1780 4792 2093 4851 germanam

510 4878 943 4948 redemptionem
973 4876 1268 4945 appellant.
1291 4873 1566 4930 Hactenus
1596 4873 1856 4928 lrenmus.

585 4969 744 5040 257
782 4966 923 5021 XXI.
969 4965 1121 5021 Hanc
1152 4966 1503 5022 beatissimus
1536 4964 1627 5019 ille
1661 4979 1823 5019 senes
1854 4962 2091 5019 [returns

510 5062 718 5115 erroris
772 5059 934 5113 istius
987 5064 1301 5112 accuratam
1352 5054 1767 5126 inquisitionem
1824 5053 2087 5113 instituit,

512 5166 841 5219 omnemque
886 5147 1246 5203 commentitii
1276 5146 1547 5219 dogmatis
1575 5146 1772 5202 seriem
1808 5147 2087 5201 ordinem-

513 5263 614 5317 que
693 5244 995 5314 proposuit.
1071 5241 1435 5306 Quamobrem
1471 5283 1485 5305 ,
1544 5251 1601 5293 ut
1656 5241 1813 5293 initio
1872 5238 2082 5309 przcl'ati

583 5404 600 5434 ¹
635 5403 697 5458 ν.
729 5404 787 5454 (Σ.
823 5401 1013 5455 ταῦτα.

2196 4608 2401 4681 ταύτην
2449 4606 2589 4665 εἶναι
2640 4609 2909 4681 λύτρωσιν
2953 4608 3147 4679 ἀληθῆ.
3198 4607 3345 4668 "Eu;
3389 4598 3491 4659 ὦδε
3551 4602 3621 4656 τά
3679 4599 3787 4653 ὐπὺ

2199 4702 2509 4774 Εἰρηναίου.

2269 4965 2399 5017 KA'.
2441 4962 2658 5035 Ταύτην
2692 4963 2790 5035 τὴν
2822 4963 3001 5016 πᾶσαν
3036 4961 3240 5031 ἀκριϐῆ
3274 4959 3499 5033 ἔρευναν
3538 4960 3567 5011 ὁ
3602 4957 3784 5030 μακά·

2198 5073 2311 5128 ριος
2353 5055 2663 5126 πρεσϐύτης
2700 5056 2989 5126 Εἰρηναῖος
3044 5055 3339 5125 ἐποιήσατο
3365 5094 3379 5117 ,
3415 5050 3538 5105 καθ’
3591 5049 3785 5120 εἱρμὸν

2199 5147 2297 5216 μὲν
2347 5147 2523 5200 πάντα
2564 5148 2580 5178 ¹
2622 5146 2907 5212 ἐνθέμενος
2938 5146 3037 5217 τῆς
3075 5144 3256 5199 αὐτῶν
3302 5144 3483 5214 πάσης
3528 5156 3782 5212 παραπε-

2195 5239 2394 5309 ποιημέ
2409 5257 2497 5311 γης
2523 5239 2890 5303 διδασκαλίας.
2920 5240 3118 5310 Διόπερ
3158 5238 3262 5309 δὴ,
3297 5236 3372 5301 ὡς
3411 5234 3638 5304 καὶῆδη
3688 5248 3781 5303 μοι

584 5563 697 5635 (40)
735 5561 977 5635 Μεσσία
1005 5555 1287 5635 overseer.
1333 5553 1482 5635 Nova
1513 5555 1931 5635 iterun‘rvocum
1963 5565 2088 5619 pro-
2183 5549 2444 5635 Χριστοῦ..

511 5608 694 5703 ﬂigi-av:
735 5635 787 5685 in
827 5631 1026 5701 quibus
1050 5608 1395 5703 {dictum
1426 5641 1600 5703 neque
1650 5623 1821 5677 otium
1845 5663 1860 5687 ,
1914 5608 2089 5688 neque

2199 5608 2732 5703 κ’(ῌλΜυρίζςουσι
2764 5615 2833 5670 δὲ
2863 5617 2963 5703 καὶ
3006 5614 3177 5669 αὐτοὶ
3216 5614 3300 5696 τῷ
3332 5608 3773 5703 ,ςαᾼσςὶμο›..Ες

513 5682 694 5771 alia};
736 5682 1126 5771 lit—I‘C‘tiﬁlttbwcst.
1160 5696 1332 5771 ,Apud
1377 5682 1941 5771 lrenfjtiterpretem
1978 5682 2086 5771 non
2186 5682 2444 5771 EcClesia:
2498 5682 2785 5771 catholicae
2840 5689 2974 5770 ritu,
3024 5700 3187 5767 quem
3236 5685 3379 5764 simii
3425 5685 3522 5771 “is‘ti
3582 5682 3778 5771 retine-

516 5754 702 5827 eadem
738 5754 897 5840 atque
933 5771 1021 5822 hic
1052 5754 1506 5840 modolleguntur.
1538 5764 1613 5840 E5
1649 5754 1756 5833 quo
1788 5761 2088 5840 supplenda
2189 5764 2354 5840 bant,
2403 5778 2528 5818 nam
2574 5768 2699 5833 post
2746 5754 3080 5830 baptismum
3132 5754 3325 5827 inungi
3359 5755 3607 5812 solebant
3648 5766 3778 5806 neo-

515 5845 655 5910 apml
709 5834 1069 5910 Epiphaniutn
1116 5834 1313 5910 focula
1359 5844 1444 5889 est
1479 5837 1530 5910 in
1564 5834 1756 5910 ⁸(ἓι-ινριξι
1802 5835 2087 5910 uerborum
2189 5835 2362 5904 phyti.

515 5901 978 5982 interpretatione.
1009 5907 1201 5971 Scribe
1242 5908 1427 5978 igitur,
1457 5907 1530 5961 υὺ
1560 5904 1750 5976 διαιρῶ
1775 5904 1834 5955 τὸ
1866 5901 2091 5972 Πνεῦμα
