4156 6358
397 364 505 421 625

996 362 1357 419 ADVERSUS
1396 361 1737 418 ILERESES
1772 362 1901 417 LIB.
1944 361 1960 415 Ι

2071 360 2187 418 OM.
2227 360 2313 416 Ill.
2354 390 2421 400 ——
2462 358 2731 415 ΙΙΔΕΒΕΞ.
2773 358 3007 415 XXXIV.

3432 325 3442 333 ’
3540 355 3646 414 62.6

398 481 824 554 προδεδήλωται,
859 482 939 535 ὅτι
961 522 976 547 ,
1031 485 1141 545 τοῖς
1180 484 1270 535 ὑπ’
1300 480 1463 535 αὑτοῦ
1518 480 1969 551 ἐσπουδασμένοις

2075 493 2287 542 sumus,
2320 478 2386 532 iis
2420 477 2688 541 contenti,
2713 492 2833 547 quae
2862 476 2931 530 ab
2964 476 3055 528 illo
3085 490 3278 545 magno
3301 474 3481 530 studio
3510 484 3639 531 sunt

399 570 758 642 ἀρκεσθέντες
782 610 796 635 ,
839 571 1019 624 πάντα
1048 572 1183 641 πρὸς
1217 570 1344 633 ἔπος
1401 571 1475 633 ὡς
1517 571 1644 640 παρ’
1676 568 1825 639 αὑτῷ
1866 571 1965 639 ἐμ-

399 664 663 734 φέρεται,
726 662 1135 733 παρεθήκαμεν.
1204 662 1699 733 Ἀνατραπήσονται
1754 660 1860 731 γάρ
1910 660 1970 724 ἐξ

398 751 579 805 αὐτῶν
604 751 711 807 τῶν
742 752 895 823 παρά
925 752 1017 806 τοῦ
1054 752 1209 821 ἁγίου
1238 751 1429 820 ἀνδρὸς
1466 753 1543 815 είς
1572 749 1844 805 ἀντίθεσιν
1872 750 1970 822 τῆς

398 844 579 898 αὐτῶν
611 845 911 916 μοχθηρίας
949 845 1269 916 εἰρημένων.
1333 843 1522 913 Ἡμεῖς
1573 844 1678 915 γὰρ
1720 843 1971 897 πιστεύο-

402 952 501 1004 μεν
521 975 535 998 ,
567 919 642 999 ῶς
682 936 856 1005 πάντη
888 938 920 1007 ή
954 936 1180 1007 ἀλήθεια
1212 937 1530 1005 ὑποφαίνει,
1572 937 1665 990 καὶ
1694 938 1721 990 ὁ
1753 934 1971 1004 εὔλογος

398 1027 655 1097 λογισμὸς
687 1028 1035 1092 ὑποτίθεται,
1080 1029 1172 1083 καὶ
1217 1029 1295 1100 τῷ
1333 1030 1432 1100 τῆς
1478 1029 1755 1093 εὐσεϐείας
1789 1029 1971 1083 κανόνι

399 1118 851 1191 συμπεφώνηται,
878 1120 955 1191 τῷ
984 1139 1043 1174 τε
1070 1122 1218 1192 νόμῳ
1246 1122 1341 1175 καὶ
1368 1125 1479 1185 τοῖς
1509 1124 1815 1194 προφήταις
1832 1162 1846 1185 ,
1877 1122 1971 1176 καὶ

292 1212 293 1215 “
395 1212 507 1274 τοῖς
540 1211 648 1265 ἀπὸ
695 1212 803 1265 τῶν
848 1213 1108 1265 ἀνέκαθεν
1161 1214 1524 1284 πατριάρχαις
1574 1214 1714 1268 κατά
1747 1214 1972 1267 ἀκολουο

397 1302 538 1363 θίαν,
571 1304 635 1373 τῇ
671 1321 729 1356 τε
754 1303 918 1357 αύτοῦ
948 1304 1041 1357 τοῦ
1072 1306 1320 1376 Σωτῆρος
1355 1306 1541 1377 διδαχῇ
1568 1348 1582 1371 ,
1620 1306 1713 1359 καὶ
1740 1306 1847 1360 τῶν
1872 1308 1970 1360 αύ-

394 1392 489 1445 τοῦ
523 1394 834 1447 ἀποστόλων
870 1394 1054 1463 σαφῶς
1080 1396 1226 1465 ἡμᾶς
1263 1394 1619 1449 διδασκόντων
1661 1397 1755 1448 ἐνα
1782 1396 1971 1467 ὁμολο-

394 1486 512 1552 γεῖν
542 1483 671 1536 Θεὸν
697 1484 917 1555 Πατέρα
935 1524 951 1549 ,
984 1487 1396 1557 παντοκράτορα
1428 1485 1537 1538 τῶν
1570 1487 1726 1551 ὅλων,
1759 1488 1853 1540 καὶ
1878 1488 1970 1540 τὸν

393 1575 600 1643 Κύριον
638 1574 795 1645 ήμῶν
835 1575 1042 1645 Ἰησοῦν
1071 1577 1304 1647 Χριστὸν
1328 1620 1341 1642 ,
1394 1578 1489 1630 καὶ
1526 1577 1586 1631 τὸ
1620 1577 1773 1645 ἅγιον
1804 1576 1969 1631 αὐτοῦ

393 1664 619 1735 Πνεῦμα
643 1707 658 1731 ,
710 1667 837 1736 μίαν
878 1666 1039 1733 ἁγίαν
1074 1666 1280 1737 Τριάδα
1311 1668 1564 1722 άκτιστον
1588 1708 1602 1733 ,
1656 1666 1764 1719 τῶν
1796 1666 1971 1721 ἄλλων

394 1755 650 1818 ἁπάντων
697 1756 757 1821 ἐξ
787 1750 885 1810 οὐκ
915 1757 1082 1810 ὄντων
1106 1758 1411 1829 γενομένων
1455 1759 1595 1829 μετά
1625 1758 1843 1829 Πατέρα
1875 1759 1969 1812 καὶ

393 1848 523 1901 Υἱὸν
546 1848 640 1901 καὶ
669 1848 822 1917 ἆγιον
845 1848 1091 1920 Πνεῦμα.
1132 1849 1318 1913 Οὕτως
1348 1867 1406 1903 τε
1435 1851 1585 1925 παρά
1619 1852 1833 1905 πάντων
1860 1851 1967 1904 τῶν
2000 1835 2041 1888 Β

392 1939 807 2010 προειρημένων
833 1940 999 2009 ἁγίων
1034 1941 1327 2011 προφητῶν
1355 1959 1412 1995 τε
1445 1944 1539 1995 καὶ
1569 1942 1967 2011 εὐαγγελιστῶν

392 2031 487 2083 καὶ
518 2030 829 2084 ἀποστόλων
873 2031 1057 2100 σαφῶς
1088 2033 1521 2104 ὡμολογημένων
1547 2036 1640 2087 καὶ
1673 2052 1967 2088 πεπιστευ-

394 2122 573 2192 μένων
597 2163 611 2187 ,
666 2122 766 2175 οὐκ
797 2121 862 2177 ἂν
891 2121 1142 2193 δυνηθείη
1179 2124 1471 2196 κυϐευτική
1509 2142 1594 2188 τις
1638 2125 1847 2179 ἐπίνοια
1876 2127 1969 2179 ἀν-

390 2216 594 2283 τισχεῖν
632 2214 769 2285 πρὸς
795 2215 893 2285 τὴν
933 2216 1126 2268 ἀκτῖνα
1157 2216 1258 2285 τῆς
1286 2216 1540 2289 ἀληθείας
1567 2233 1580 2247 ο
1610 2217 1684 2283 ῶς
1727 2235 1790 2286 γε
1836 2219 1966 2288 ⁴ἡμῖν

390 2306 649 2370 πολλάκις
702 2306 845 2360 κατά
884 2306 1083 2369 πλάτος
1121 2308 1332 2378 εἴρηται
1365 2312 1421 2363 ἐν
1453 2314 1519 2381 τῇ
1561 2310 1697 2381 πρὸς
1729 2311 1966 2381 ἑκάστην

390 2398 603 2470 αἵρεσιν
639 2398 914 2453 ὑποθέσει.
954 2400 1040 2463 Ὠς
1069 2400 1364 2466 ἐξάπαντος
1399 2402 1687 2473 φωρᾶσθαι
1717 2403 1812 2455 καὶ
1838 2402 1965 2455 τοῦ·

387 2506 483 2543 τον
510 2490 752 2563 ἀγύρτην
781 2492 874 2545 καὶ
907 2490 1255 2545 θανατοποιδν
1284 2493 1548 2557 ίσοτύπως
1576 2496 1694 2556 ταῖς
1717 2510 1968 2564 προειρη-

393 2579 584 2648 μέναις
608 2621 621 2645 ,
658 2580 969 2644 ἐπιδείξεως
1014 2580 1174 2652 χάριν
1208 2583 1303 2635 καὶ
1338 2583 1656 2655 περιεργίας
1688 2583 1756 2637 τὰ
1798 2583 1967 2654 μεγά-

388 2667 459 2722 λα
485 2668 659 2725 ταῦτα
684 2670 1025 2727 καττύσαντά
1052 2689 1111 2725 τε
1149 2673 1242 2726 καὶ
1271 2674 1743 2745 μηχανησάμενον.

458 2935 587 2988 KB’.
622 2935 992 3007 Παρελθόντες
1025 2936 1081 2989 δὲ
1135 2938 1229 2991 καὶ
1269 2936 1369 3008 τὴν
1404 2936 1593 2990 τούτου
1638 2936 1960 3008 μοχθηρίαν,

389 3028 486 3081 καὶ
525 3028 633 3082 τῶν
666 3030 759 3082 ἀπ’
786 3029 949 3082 αὐτοῦ
994 3029 1338 3102 Μαρκωσίων
1366 3029 1670 3100 λεγομένων
1695 3071 1710 3094 ,
1748 3032 1839 3083 ἐπὶ
1866 3031 1965 3095 τὰς

390 3118 519 3188 ἑξῆς
558 3119 883 3189 σπεύσωμεν
907 3161 922 3185 ,
970 3113 1015 3172 ὦ
1057 3121 1409 3191 ἐπιπόθητοι,
1456 3121 1554 3183 τὰς
1593 3120 1770 3175 αὐτῶν
1810 3121 1965 3193 ῥίζας

388 3210 553 3263 πάλιν
585 3211 979 3282 ἀνερευνῶντες
1006 3251 1022 3277 ,
1080 3212 1174 3265 καί¹
1223 3212 1332 3264 τῶν
1376 3212 1606 3284 καρπῶν
1644 3213 1821 3267 αὐτῶν
1866 3213 1963 3284 τὴν
1991 3185 2033 3242 C

390 3300 613 3372 πικρίαν
643 3301 1022 3370 ἀφανίζοντες,
1055 3302 1155 3373 τήν
1189 3319 1248 3355 τε
1280 3303 1588 3375 ἀνατροπὴν
1622 3304 1716 3356 καὶ
1750 3303 1819 3356 τὰ
1847 3305 1964 3357 κατ’

389 3394 587 3456 αὐτοὺς
633 3394 810 3447 πάντα
854 3394 1252 3459 ἐπιδεικνύντες
1277 3435 1292 3460 ,
1328 3397 1428 3449 οὐκ
1479 3398 1559 3459 είς
1609 3395 1813 3467 βλάϐην
1856 3396 1966 3450 τῶν

388 3484 822 3554 ἐντυγχανόντων
844 3528 858 3551 ,
891 3486 1027 3541 ἀλλά
1073 3489 1153 3551 είς
1200 3488 1515 3559 ἀποτροπήν
1540 3528 1555 3554 ,
1602 3490 1738 3560 πρὸς
1785 3490 1846 3543 τὸ
1890 3490 1964 3560 μὴ

388 3577 685 3648 πλησιάσαι
715 3580 813 3650 μιᾷ
858 3578 968 3633 τῶν
1008 3581 1419 3652 προειρημένων
1448 3582 1711 3653 αἱρέσεων
1732 3624 1747 3649 ,
1777 3582 1811 3654 ἢ
1857 3584 1965 3637 τῶν

392 3664 717 3734 μετέπειτα·
760 3666 896 3720 ἀλλά
941 3668 1271 3737 ἀναγνόντας
1322 3670 1390 3723 τά
1439 3674 1801 3743 γεγραμμένα
1836 3674 1963 3743 παρ’

389 3756 574 3817 αὐτοῖς
595 3794 610 3818 ,
654 3757 749 3809 καὶ
798 3758 1023 3825 γνόντας
1060 3758 1130 3811 τὰ
1159 3760 1423 3830 ᾀδόμενα,
1457 3762 1550 3814 καὶ
1599 3763 1966 3832 καταγνόντας

389 3849 487 3915 τῆς
512 3846 747 3918 ἑκάστης
772 3848 950 3901 αὐτῶν
972 3848 1177 3921 πλάνης
1204 3867 1261 3903 τε
1285 3852 1376 3904 καὶ
1402 3851 1739 3922 ἐρπετώδους
1764 3853 1965 3925 μοχθη-

392 3939 513 4009 ρίας
533 3980 548 4004 ,
581 3940 913 4008 ἀποφεύγειν
956 3958 1015 3993 τε
1042 3941 1161 4007 καὶ,
1190 3942 1264 4005 ὡς
1298 3939 1448 3996 εἷπον
1473 3983 1487 4006 ,
1517 3944 1591 4015 μὴ
1625 3944 1962 4013 πλησιάζειν.

390 4030 599 4099 Διψάδα
642 4031 749 4102 γάρ
781 4050 903 4085 τινα
933 4032 1139 4103 έχιδνάν
1170 4050 1333 4103 φασιν
1370 4036 1418 4087 οί
1452 4036 1833 4106 ἱστορήσαντες
1884 4034 1963 4087 ἰοῦ

390 4121 568 4193 λύμην
613 4125 822 4179 τοιάνδε
860 4127 1126 4194 ἐμποιεῖν.
1177 4127 1264 4178 Ἐν
1298 4126 1482 4190 τόποις
1516 4128 1623 4198 γάρ
1659 4144 1798 4180 τισιν
1831 4127 1962 4179 ὅπου

390 4213 578 4267 πύελοι
607 4216 664 4269 ἐν
702 4218 822 4279 ταῖς
870 4216 1161 4288 πέτραιςῆ
1205 4217 1418 4281 λιϐάδες
1466 4219 1571 4271 εἰσὶ
1624 4222 1815 4290 μικραὶ
1857 4220 1964 4272 ἀπὸ

390 4307 608 4375 πετρῶν
647 4310 903 4380 χεόμεναι
947 4313 1026 4375 είς
1058 4312 1322 4383 ὑποδοχήν
1360 4330 1496 4375 τινα,
1538 4314 1572 4384 ή
1613 4313 1752 4382 αὐτὴ
1786 4314 1962 4384 διψάς,

392 4398 537 4471 ὕδωρ
565 4401 913 4471 εὐρίσκουσα,
946 4402 1038 4456 καὶ
1069 4402 1285 4469 πιοῦσα,
1316 4403 1404 4456 τὸν
1436 4403 1510 4456 ἱὸν
1543 4405 1801 4475 ἐμϐάλλει
1828 4405 1964 4477 μετὰ

390 4492 452 4545 τὸ
483 4495 627 4545 πιεῖν
658 4495 738 4556 είς
765 4493 865 4557 τὰς
903 4494 1304 4565 προειρημένας
1340 4496 1555 4558 στάσεις
1592 4496 1699 4548 τῶν
1731 4497 1958 4559 ὑδάτων,

391 4583 533 4637 ῶστε
564 4586 672 4639 πᾶν
703 4584 840 4647 ζῶον
875 4586 1207 4655 πλησιάσαν,
1239 4588 1330 4639 καὶ
1363 4586 1525 4640 ποτοῦ
1563 4588 1816 4659 κορεσθέν
1840 4629 1854 4654 ,
1881 4590 1964 4641 6o-

392 4680 510 4730 κεῖν
564 4678 661 4747 μὲν
708 4677 1034 4745 ὠφελεῖσθαι
1068 4680 1132 4730 ἐκ
1167 4679 1260 4731 τοῦ
1303 4679 1653 4750 μεταλαϐεῖν,
1705 4679 1865 4742 εὐθὺς
1909 4680 1966 4732 δὲ

395 4768 548 4840 παρά
571 4770 631 4821 τὸ
662 4770 919 4839 ύποδόχον
940 4767 1048 4821 τῶν
1082 4768 1308 4833 ὑδάτων,
1350 4772 1413 4823 ἐκ
1448 4770 1540 4823 τοῦ
1572 4770 1649 4823 ίοῦ
1679 4772 1775 4841 τῆς
1807 4770 1965 4839 διψά-

396 4862 485 4925 δος
524 4861 939 4932 ὑποδεξάμενον,
974 4862 1334 4914 καταπίπτειν
1372 4862 1466 4915 καὶ
1498 4862 1766 4932 θνήσκειν.
1809 4862 1968 4914 Ἀλλά

395 4955 488 5008 καὶ
521 4955 573 5008 εῐ
604 4972 723 5007 τινα
760 4952 1008 5023 πλήξειεν
1044 4957 1077 5024 ή
1114 4954 1249 5022 αὐτὴ
1276 4954 1461 5023 διψάς,
1498 4954 1605 5008 ἀπὸ
1632 4953 1723 5006 τοῦ
1779 4971 1966 5025 περισ-

393 5041 628 5111 σοτέρως
655 5043 709 5094 ἐν
732 5043 867 5112 αὐτῇ
906 5041 1200 5096 καυστικοῦ
1242 5042 1321 5095 ίοῦ
1352 5043 1443 5095 ἐπὶ
1485 5043 1661 5113 ὄρεξιν
1683 5043 1841 5114 δίψης
1872 5044 1965 5097 καὶ

393 5132 637 5203 πόματος
682 5134 1039 5204 προτρέποιτο
1073 5136 1236 5199 πάθος
1263 5136 1360 5205 τῆς
1394 5135 1701 5205 ἀλγηδόνος,
1730 5136 1967 5206 προσφέ-

397 5224 584 5295 ρεσθαί
617 5242 677 5278 τε
727 5227 813 5279 ἀεὶ
854 5228 946 5280 καὶ
985 5227 1159 5281 πίνειν
1204 5227 1485 5298 ἐρεθίζειν.
1527 5227 1755 5297 Νομίζει
1805 5227 1861 5280 δέ
1911 5244 1965 5279 τι

392 5316 716 5386 ὠφελεῖσθαι
748 5318 884 5389 πρὸς
919 5319 1017 5389 τὴν
1045 5319 1221 5389 λύμην
1265 5321 1293 5372 ὁ
1339 5318 1564 5389 πληγεὶς
1589 5359 1603 5384 ,
1650 5318 1840 5382 ὁσάκις
1866 5319 1966 5387 τῆς

393 5409 649 5481 τοιαύτης
683 5410 1057 5482 θανατηφόρου
1091 5410 1380 5481 ἀλγηδόνος
1408 5410 1694 5481 λαμϐάνει.
1727 5410 1886 5463 Ἀλλά
1908 5412 1965 5464 ἐν

394 5498 544 5570 αὐτῷ
578 5500 654 5571 τῷ
682 5502 831 5571 τόπῳ
859 5500 1238 5572 πληρωθείσης
1280 5501 1377 5572 τῆς
1419 5500 1687 5571 γαστρὸς,
1730 5500 1822 5553 καὶ
1858 5517 1963 5570 μη-

396 5590 515 5643 κέτι
544 5592 970 5663 ὑποδεχομένης,
1007 5591 1229 5663 ὕστερον
1258 5593 1352 5645 σὺν
1376 5591 1452 5662 τῷ
1483 5591 1685 5661 πόματι
1712 5590 1773 5643 τὸ
1803 5590 1966 5644 πνεῦ-

2071 570 2375 634 elaborata,
2417 576 2615 623 cuncta
2647 576 2806 638 prout
2830 568 2884 621 in
2927 566 3048 636 ejus
3087 583 3251 637 opere
3288 568 3638 623 continentur

2079 660 2149 715 ad
2178 659 2401 714 verbum
2436 658 2851 727 exscripsimus.
2899 655 3082 710 Facile
3127 656 3273 709 enim
3306 672 3369 710 ex
3404 657 3489 720 iis,
3522 673 3643 726 qua:

2078 762 2110 801 a
2146 747 2502 803 sanctissimo
2541 747 2657 800 viro
2688 746 2764 799 'ad
2816 745 2962 800 illius
2998 743 3347 801 refellendam
3386 747 3646 816 improbi-

2070 849 2235 895 tatem
2262 840 2475 912 prodita
2504 847 2652 902 sunt,
2704 839 2872 894 everti
2924 837 3305 908 profligarique
3366 847 3642 907 poterunt.

2069 932 2181 989 Nos
2212 934 2355 988 enim
2396 933 2448 986 id
2485 932 2630 1001 quod
2670 932 2872 986 veritas
2904 931 3019 1001 ipsa
3044 946 3153 1000 pra:
3182 946 3239 985 se
3269 932 3493 985 omnino
3519 930 3641 994 fert,

2070 1024 2326 1095 quodque
2374 1033 2429 1079 et
2474 1025 2715 1094 prudens
2770 1024 2911 1078 ratio
2958 1022 3267 1093 persuadet,
3308 1032 3361 1078 et
3398 1024 3642 1079 veritatis

2067 1118 2270 1187 regulae
2326 1126 2755 1172 consentaneum
2800 1126 2903 1181 est,
2956 1117 3080 1188 legi,
3135 1132 3200 1172 ac
3252 1116 3552 1187 prophetis,
3587 1127 3643 1171 et

2069 1206 2434 1275 patriarchis,
2486 1207 2578 1276 qui
2628 1206 2734 1260 sibi
2784 1206 3022 1260 invicem
3067 1216 3489 1272 successerunt,
3541 1224 3643 1263 nec

2070 1311 2184 1351 non
2243 1305 2355 1350 tam
2419 1298 2720 1352 Salvatoris
2776 1297 2989 1367 ipsius,
3053 1314 3215 1368 quam
3273 1299 3643 1369 apostolorum

2070 1388 2336 1445 doctrina:
2366 1390 2643 1444 credimus
2671 1413 2686 1444 ε
2724 1404 2753 1442 a
2780 1390 2979 1459 quibus
3008 1390 3295 1445 manifeste
3328 1390 3645 1454 didicrmus,

2075 1494 2243 1534 unum
2294 1480 2541 1534 conﬁteri
2595 1480 2763 1534 Deum
2819 1482 3199 1536 universorum
3228 1481 3440 1537 Patrem
3464 1485 3651 1554 omni-

2071 1581 2370 1642 potentem.
2410 1588 2471 1626 ac
2502 1571 2789 1626 Dominum
2826 1580 3074 1628 nostrum
3105 1572 3290 1629 Jesum
3318 1574 3596 1639 Christum
3621 1615 3638 1636 .

2071 1674 2127 1717 et
2159 1665 2426 1735 Spiritum
2460 1672 2734 1728 sanctum,
2767 1680 2931 1719 unam
2962 1674 3207 1719 sanctam
3239 1666 3643 1736 increatamque

2072 1756 2392 1810 Trinitatem
2425 1795 2439 1818 ,
2490 1772 2615 1811 cum
2668 1765 2863 1812 caztera
2899 1765 3023 1827 post
3062 1756 3301 1820 Patrem,
3337 1766 3389 1812 et
3418 1756 3635 1823 Filium,

2069 1855 2123 1901 ct
2159 1847 2422 1917 Spiritum
2458 1860 2705 1904 sanctum
2734 1864 2797 1903 ex
2832 1849 3004 1903 nihilo
3029 1848 3293 1918 producta
3337 1850 3467 1905 sint.
3508 1848 3639 1915 Qua:

2068 1938 2286 2008 quidem
2332 1941 2516 1995 omnia
2541 1956 2667 1995 cum
2709 1941 2797 2005 iis,
2853 1957 2992 2010 quos
3033 1942 3476 2004 commemoravi,
3510 1957 3638 1996 san-

2067 2029 2331 2085 ctissimis
2379 2032 2533 2098 viris,
2579 2032 2877 2102 prophetis,
2910 2032 3261 2103 evangelistis
3295 2040 3347 2086 et
3376 2033 3637 2101 apostolis

2068 2123 2187 2178 sine
2246 2124 2352 2178 ulla
2394 2125 2745 2195 ambiguitate
2784 2123 2991 2179 credita
3034 2123 3393 2193 confessaque
3414 2122 3634 2187 fuerint,

2066 2219 2227 2274 nulla:
2254 2217 2523 2288 ejusmodi
2557 2224 2719 2273 erunt
2750 2225 2894 2271 artes
2932 2231 2996 2269 ac
3031 2217 3334 2287 praestigiae,
3386 2232 3506 2286 quae
3543 2233 3637 2272 ve-

2067 2313 2248 2367 ritatis
2282 2312 2393 2367 luci
2432 2327 2494 2367 ac
2526 2310 2807 2381 splendori
2850 2311 3064 2380 possint
3112 2311 3415 2376 obsistere;
3446 2327 3637 2381 quem-

2067 2403 2356 2460 admodum
2408 2402 2462 2456 in
2500 2402 2743 2471 singulis
2796 2400 3097 2456 refutandis
3141 2402 3440 2456 hatresibus
3494 2418 3637 2471 διξερε

2066 2511 2131 2549 ac
2185 2497 2406 2565 copiose
2450 2495 2899 2549 monstravimus.
2936 2494 3084 2548 Adeo
3117 2503 3175 2549 ut
3200 2495 3389 2548 eadem
3431 2511 3536 2563 qua
3571 2496 3626 2548 in

2066 2587 2279 2641 cateris
2325 2588 2534 2639 ratione
2577 2585 2846 2639 detectum
2894 2586 2987 2649 sit,
3028 2586 3354 2639 nebulonem
3386 2586 3536 2639 illum
3570 2602 3636 2640 ac

2066 2677 2392 2747 pestiferum
2440 2677 2718 2730 hominem
2766 2676 2883 2731 sola
2922 2677 3293 2732 ostentatione
3332 2676 3417 2730 sui
3448 2690 3510 2729 ac
3539 2691 3635 2729 eu-

2066 2769 2317 2824 .‘iositate
2358 2768 2581 2823 ductum
2636 2768 2702 2821 ad
2759 2776 2869 2820 tam
2924 2767 3185 2822 immania
3231 2777 3483 2838 portenta
3532 2766 3633 2821 fin-

2066 2860 2243 2930 genda
2278 2860 2705 2928 l'ahricandaque
2736 2861 2968 2915 venisse.

2139 2949 2304 3004 XXII.
2374 2949 2528 3005 Nunc
2574 2952 2721 3007 illius
2755 2966 2818 3006 ac
2900 2949 3292 3004 Marcosiorum
3356 2951 3637 3021 impietate

2064 3042 2361 3111 praeterita,
2396 3042 2463 3097 ad
2494 3043 2631 3098 alias
2658 3051 3036 3107 transeamus;
3076 3057 3373 3111 earumque
3405 3050 3459 3096 et
3488 3042 3633 3097 evel-

2065 3136 2242 3190 lamus
2284 3135 2516 3198 radices,
2565 3143 2618 3188 et
2662 3134 3035 3189 amarissimos
3081 3132 3291 3187 fructus
3321 3132 3575 3187 tollamus
3602 3148 3643 3187 er

2069 3227 2269 3291 medio,
2325 3241 2387 3279 ac
2421 3224 2875 3295 quemadmodum
2910 3224 3083 3279 refelli
3132 3224 3360 3295 possint,
3407 3239 3635 3294 quaeque

2069 3313 2139 3367 ad
2189 3314 2341 3382 ipsos
2391 3314 2662 3382 pertinent
2721 3313 2977 3367 universa
3022 3312 3363 3378 referamus;
3424 3328 3534 3366 non
3576 3321 3635 3366 ut

2065 3404 2370 3475 legentibus
2417 3404 2595 3457 fraudi
2641 3406 2745 3459 ista
2799 3405 2930 3468 sint,
2980 3405 3073 3460 sed
3106 3411 3165 3457 ut
3190 3405 3258 3459 ab
3293 3405 3402 3459 illis
3440 3403 3636 3459 abhor-

2066 3503 2265 3560 reant;
2298 3511 2477 3566 neque
2519 3496 2586 3550 ad
2630 3511 2794 3551 unam
2840 3496 3077 3566 aliquam
3113 3499 3331 3559 'earum,
3374 3510 3512 3567 quas
3541 3512 3634 3551 ex-

2065 3587 2389 3656 posuimus,
2453 3594 2548 3641 aut
2599 3587 3004 3656 insequentium
3064 3588 3355 3653 accedant;
3400 3586 3496 3641 sed
3541 3587 3631 3641 ubi

2065 3694 2187 3749 quae
2236 3679 2305 3734 ab
2356 3679 2464 3733 illis
2507 3679 2713 3749 scripta
2756 3686 2885 3733 sunt
2926 3679 3178 3750 legerint.
3204 3681 3513 3749 saepiusque
3541 3680 3633 3734 de-

2075 3779 2283 3824 .antata
2320 3771 2697 3840 cognoverint,
2745 3770 2965 3825 illorum
3010 3770 3311 3833 erroribus,
3363 3785 3426 3824 ac
3464 3787 3631 3825 vene-

2065 3872 2189 3915 nata
2217 3861 2571 3931 improbitate
2605 3861 2863 3915 damnata
2902 3861 3112 3928 fugiant
3144 3861 3351 3930 procul,
3385 3861 3548 3931 258
3570 3878 3645 3917 ac‘

2064 3952 2289 4021 propius
2310 3968 2367 4007 se
2388 3951 2636 4008 conferre
2669 3960 2986 4007 vereantur.
3022 3951 3310 4022 Dipsadcm
3341 3952 3631 4022 quamdam

2064 4058 2095 4097 e
2142 4043 2452 4111 viperarum
2495 4058 2695 4113 genere
2726 4057 2849 4097 esse
2886 4043 3163 4096 memoria:
3205 4041 3476 4111 proditum
3526 4052 3631 4106 est,

2063 4149 2185 4202 quae
2216 4134 2523 4189 istiusmodi
2558 4136 2709 4189 virus
2744 4135 3018 4189 immittat.
3060 4133 3195 4188 Cum
3229 4134 3372 4189 enim
3403 4149 3626 4189 excava-

2066 4226 2135 4279 tis
2174 4225 2227 4278 in
2260 4226 2512 4294 rupibus,
2538 4241 2658 4295 quae
2688 4227 2979 4280 stillantem
3007 4242 3037 4280 e
3068 4225 3215 4281 saxis
3244 4226 3505 4294 liquorem
3534 4241 3624 4279 ex-

2061 4315 2289 4384 cipiunt,
2331 4331 2525 4384 aquam
2576 4323 2734 4370 nacta
2798 4316 3013 4379 biberit,
3058 4332 3176 4370 eam
3208 4327 3392 4385 postea
3424 4332 3627 4371 veneno

2065 4422 2165 4462 suo
2205 4407 2286 4461 sic
2337 4407 2531 4471 inficit,
2564 4414 2623 4463 ut
2670 4406 2716 4462 si
2756 4408 2899 4476 quod
2933 4408 3133 4461 animal
3169 4408 3423 4477 deinceps
3465 4423 3530 4462 ex
3565 4423 3644 4461 ea.

1995 4530 2039 4586 υ
2066 4499 2355 4568 potaverit,
2380 4513 2505 4553 cum
2540 4499 2719 4568 juvari
2742 4513 2804 4551 ac
2832 4498 2980 4553 sitim
3013 4499 3255 4553 relevare
3293 4500 3467 4552 visum
3515 4498 3628 4554 fue-

2067 4590 2161 4652 rit,
2208 4590 2274 4643 ad
2324 4598 2650 4645 venenatum
2702 4590 2877 4658 ipsum
2921 4605 3073 4659 aqum
3110 4592 3510 4660 receptaculum
3536 4607 3645 4646 sum

2068 4681 2183 4735 bito
2209 4681 2475 4736 moriatur
2500 4696 2563 4734 ac
2589 4682 2862 4736 concidat.
2910 4681 3065 4747 Quod
3113 4682 3160 4737 si
3200 4697 3360 4752 quem
3400 4682 3490 4736 illa
3518 4698 3628 4737 mo-

2068 4772 2356 4837 morderit,
2401 4772 2561 4842 ignea
2598 4774 2791 4827 veneni
2835 4774 2913 4828 vis
2955 4773 3330 4829 vehementius
3372 4788 3639 4844 grassans.

2068 4866 2345 4932 ingentem
2406 4865 2556 4919 sitim
2619 4863 2809 4931 affert,
2868 4874 2922 4919 et
2966 4865 3031 4918 ad
3073 4865 3289 4920 assidue
3335 4865 3627 4934 potandum

2068 4955 2397 5009 intolerabili
2423 4971 2548 5010 cum
2574 4956 2760 5011 dolore
2789 4956 3083 5025 compellit.
3121 4958 3219 5015 Cui
3258 4956 3474 5025 quidem
3504 4956 3627 5011 leti-

2068 5044 2183 5099 fero
2213 5045 2389 5100 dolori
2420 5045 2547 5100 dum
2574 5046 2647 5099 ita
2698 5062 2756 5102 se
2804 5047 3028 5101 remedii
3058 5046 3250 5101 afferre
3277 5047 3478 5116 aliquid
3508 5048 3622 5103 exi-

2066 5139 2273 5201 stimat,
2305 5138 2358 5191 in
2385 5136 2573 5192 eodem
2604 5138 2724 5191 loco
2755 5146 2944 5192 ventre
2976 5136 3229 5193 distento.
3261 5153 3361 5190 nec
3387 5139 3628 5193 humoris

2064 5228 2360 5297 quidquam
2406 5229 2639 5297 amplius
2681 5228 2949 5297 capiente,
2999 5243 3121 5283 cum
3162 5239 3292 5297 potu
3340 5244 3463 5282 mox
3505 5230 3629 5282 ani-

2068 5336 2211 5375 mam
2240 5320 2532 5390 profundit.
2568 5318 2657 5373 Sic
2688 5320 2777 5372 ille
2802 5336 2926 5373 cum
2956 5320 3279 5374 inexhausta
3318 5327 3480 5389 potus
3511 5322 3629 5375 avi-

2062 5410 2231 5465 ditate
2298 5411 2413 5465 suis
2471 5410 2696 5466 exitium
2758 5410 3071 5465 consciscit.
3125 5409 3231 5464 Sed
3284 5425 3387 5465 nos
3451 5410 3520 5465 ab
3562 5427 3629 5466 eo

2061 5517 2269 5557 veneno
2319 5503 2501 5557 divina
2553 5518 2655 5573 ope
2710 5502 2940 5569 liberati,
2975 5502 3217 5571 reliquas
3267 5501 3337 5556 ad
3395 5501 3630 5559 hmrcses

2060 5599 2422 5649 transeamus.

400 5703 477 5755 μα
510 5687 750 5757 ἀφίησιν.
783 5687 938 5742 Οὕτω
971 5688 1063 5741 καὶ
1093 5679 1247 5750 οὗτος
1278 5688 1382 5741 ὑπὸ
1429 5687 1669 5758 πόματος
1728 5686 1820 5740 τὸν
1872 5686 2098 5741 θάνατον
2138 5691 2250 5749 τοῖς
2310 5691 2436 5761 παρ’
2485 5688 2649 5743 αὐτοῦ
2711 5689 3082 5761 ήπατημένοις
3119 5686 3486 5760 ἐξεργάζεται.
3530 5682 3629 5742 Οὗ-

399 5794 505 5849 περ
542 5778 619 5831 ίοῦ
666 5780 724 5832 ἐν
764 5778 988 5848 δυνάμει
1020 5777 1155 5832 Θεοῦ
1195 5776 1518 5849 ρυσθέντες,
1570 5776 1662 5830 ἐπὶ
1706 5775 1804 5841 τὰς
1837 5775 1962 5845 ἑξῆς
1992 5774 2174 5846 ἴωμεν.
