4156 6358
468 325 571 382 ΟΞῚ
1874 320 1931 377 S.
1974 320 2109 377 EPH

2071 318 2313 377 lPHANH
3607 308 3712 364 (λεδ

845 433 1123 490 CONTRA
1162 433 1477 491 COLORBA
1488 432 1663 497 SIOS,
2068 440 2112 494 Α

1653 474 1663 497 ν
2068 440 2112 494 Α
2561 432 2748 486 ΚΑΤΑ
2784 431 3259 487 ΚΟΛΟΡΒΑΣΙΩΝ
3280 471 3294 493 ,

712 544 842 609 Quae
876 554 953 599 est
982 545 1193 600 hwresis
1241 546 1363 612 XV,
1406 548 1511 601 sive
1556 543 1789 598 XXXV.
2211 550 2353 599 Πεντ

2211 544 2714 613 Πεντεκαιδεκάτη
2741 588 2754 612 ,
2800 549 2838 614 ἠ
2883 548 2978 601 καὶ
3020 542 3340 614 τριακοστὴ
3383 540 3636 609 πέμπτη.

544 654 582 709 1.
624 656 882 725 Sequitur
905 657 1254 721 Colorbasus,
1284 658 1377 727 qui
1409 659 1475 711 ab
1503 656 1688 711 iisdem
1716 655 1880 709 Marci
1913 669 2049 724 pra--

2212 656 2287 710 A'.
2323 657 2667 727 Κολόρϐασος
2697 658 3128 721 τούτοιςῖπεται,
3158 658 3264 709 ἀπὸ
3291 657 3387 724 τῆς
3416 654 3509 707 τοῦ
3541 670 3719 723 προει-

475 748 655 816 stigiis
687 763 815 803 suas
864 749 1100 818 ineptias
1144 749 1474 818 corrogavit.
1504 746 1645 812 Quin
1675 754 1728 800 et
1753 762 1819 799 ex
1859 744 2043 798 Ptole-

2144 750 2378 819 ρημένου
2409 752 2635 821 Μάρκου
2679 751 2930 821 γοητείας
2972 752 3060 804 τὸν
3100 750 3288 821 ἔρανον
3330 746 3712 817 ποιησάμενος.

476 841 595 893 nuei
642 841 917 897 radicibus
968 844 1198 896 sentium
1241 857 1304 895 ac
1346 841 1624 910 spinarum
1659 841 1831 895 instar
1859 853 2043 893 erum-

2155 840 2313 894 Ἀλλὰ
2341 842 2432 894 καὶ
2466 843 2574 895 ἀπὸ
2606 842 2703 912 τῆς
2735 842 2827 895 τοῦ
2863 843 3195 913 Πτολεμαίου
3247 842 3400 911 ῥίζης
3439 837 3716 891 σκολόπων

481 949 611 1000 pens
641 950 809 989 novas
834 934 1096 1004 quasdam
1118 916 1401 1004 opiniones
1428 941 1765 987 commentus
1795 941 1898 992 est,
1929 930 2045 999 qui-

2142 931 2294 1003 δίκην
2328 933 2606 1002 ἁναφύσας
2629 974 2642 997 ,
2678 935 2841 1006 ἕτερα
2869 936 3028 987 πάλιν
3059 934 3209 1003 παρὰ
3242 933 3449 995 τούτοις
3483 930 3718 999 ἐνοχλεῖν

477 1022 578 1075 bus
610 1024 752 1077 velut
786 1025 989 1078 aculeis
1022 1024 1271 1079 homines
1304 1024 1610 1083 infestaret,
1649 1022 1777 1076 dum
1811 1022 2043 1087 majores

2142 1024 2219 1093 τῷ
2270 1025 2457 1095 κόσμῳ
2507 1026 2745 1097 κέντρων
2797 1027 2951 1095 δίκην
2990 1026 3273 1094 ἐπενόησε,
3313 1024 3472 1093 δῆθεν
3498 1022 3716 1093 μείζονα

476 1130 650 1183 nugas
707 1131 770 1169 ac
820 1117 1030 1171 somnia
1090 1120 1234 1170 velut
1267 1132 1295 1170 e
1336 1116 1474 1169 caelo
1519 1114 1774 1183 delapsus
1826 1114 2039 1167 eﬂutiit.

2144 1116 2440 1185 φαντασίαν
2462 1159 2475 1181 ,
2506 1119 2580 1179 ὡς
2608 1118 2809 1172 ἄνωθεν
2838 1120 2986 1187 ἥκων
3012 1159 3025 1181 ,
3060 1116 3448 1188 μηχανώμενος
3472 1132 3484 1143 ·
3513 1115 3607 1168 xui
3651 1114 3719 1167 τὰ

475 1204 600 1260 Fuit
644 1206 692 1259 ei
737 1206 967 1275 primum
1016 1220 1139 1259 cum
1185 1206 1367 1258 Marco
1416 1206 1650 1258 societas
1699 1204 2044 1272 dogrnatum-

2149 1210 2245 1278 μὲν
2291 1209 2480 1279 πρῶτα
2532 1211 2627 1261 σὺν
2674 1210 2750 1279 τῷ
2798 1210 3006 1279 Μάρκῳ
3041 1209 3298 1279 ὑπάρχων
3328 1206 3718 1278 ὁμοιογνώμονι

476 1314 583 1366 que
631 1299 941 1361 consensio,
996 1305 1054 1351 ut
1104 1313 1291 1351 eorum
1342 1306 1513 1359 secta,
1566 1305 1820 1364 tanquam
1860 1296 2045 1363 biceps

2145 1296 2294 1367 αὑτῷ
2316 1335 2329 1359 ,
2364 1297 2517 1367 δίκην
2547 1298 2833 1367 δικεφάλου
2866 1298 3213 1367 ὑπαρχούσης
3234 1298 3334 1366 τῆς
3368 1297 3544 1350 αὑτῶν
3571 1297 3721 1367 αἰρέ-

477 1391 692 1460 anguis,
737 1390 989 1458 bipartita
1036 1390 1326 1442 videretur.
1380 1388 1572 1443 Postea
1618 1389 1760 1441 velut
1808 1393 1969 1455 caput
2016 1400 2045 1438 a

2149 1406 2283 1453 σεως
2312 1406 2324 1417 ·
2360 1390 2585 1461 ὕστερον
2616 1390 2669 1442 δὲ
2702 1391 2776 1451 ώς
2809 1390 3015 1459 κεφαλὴ
3064 1390 3171 1441 ἀπὸ
3209 1389 3458 1459 σώματος
3489 1387 3719 1459 ἑρπετοῦ

477 1480 746 1549 serpentis
778 1495 1004 1546 corpore
1034 1480 1325 1545 divulsum,
1364 1496 1424 1533 ac
1456 1480 1668 1547 spirans
1698 1479 1896 1540 adhuc,
1929 1477 2047 1546 plu-

2146 1482 2413 1551 τμηθεῖσα
2443 1521 2458 1541 ,
2511 1482 2604 1534 xui
2656 1481 2734 1533 ἔτι
2775 1482 3085 1545 ἐμπνέουσα
3118 1520 3130 1542 ,
3176 1480 3400 1543 πολλοὺς
3453 1480 3720 1548 ἀφανίσας

477 1572 632 1624 rimis
682 1572 849 1625 exitio
891 1570 1027 1635 fuit;
1068 1587 1188 1623 cum
1238 1571 1413 1638 majus
1445 1570 1699 1639 quiddam
1744 1586 1849 1622 non
1887 1568 2048 1621 modo

2145 1572 2421 1642 ἠδίκησεν,
2447 1573 2521 1633 ὡς
2548 1573 2704 1642 δῆθεν
2742 1573 2921 1641 μεῖζόν
2955 1590 3005 1624 τι
3037 1572 3127 1623 xui
3154 1572 3541 1642 ἐμπειρότερον
3573 1572 3719 1642 παρὰ

476 1663 777 1730 :uqualibus
824 1662 959 1725 suis,
1002 1662 1096 1716 sed
1140 1672 1190 1714 et
1236 1663 1557 1730 majoribus,
1613 1677 1676 1715 ac
1716 1661 1931 1714 doctius
1962 1658 2045 1711 al-

2148 1662 2254 1716 τῶν
2287 1665 2302 1693 ⁸
2339 1664 2433 1715 σὺν
2482 1664 2627 1733 αὑτῴ
2680 1664 2771 1716 καὶ
2823 1667 2947 1727 τοὺς
2998 1664 3247 1735 πρώτους
3297 1663 3525 1725 δεικνύς.
3560 1664 3718 1727 Λέγει

480 1755 621 1809 ferre
660 1755 989 1807 crederetur.
1025 1752 1332 1823 Ogdoadem
1384 1754 1527 1807 enim
1574 1762 1757 1807 censet
1788 1769 1893 1806 non
1924 1768 2047 1822 gra-
2079 1784 2121 1840 Β

2080 1784 2121 1840 Β
2150 1757 2258 1827 γὰρ
2290 1756 2387 1826 τὴν
2418 1757 2639 1827 πρώτην
2688 1758 2944 1824 Ὀγδοάδα
2988 1759 3047 1809 οὐ
3089 1757 3209 1810 καθ’
3245 1756 3507 1808 ὑπόϐασιν
3549 1756 3721 1808 ἄλλων

478 1845 647 1898 datim
695 1846 857 1899 unius
892 1845 1087 1900 {Eouis
1122 1846 1189 1899 ab
1224 1847 1395 1899 altero
1426 1846 1802 1915 procreatione
1847 1860 2047 1915 propa-
2080 1834 2117 1840 ﬂ

2080 1834 2117 1840 ﬂ
2150 1846 2255 1897 ὑπὸ
2288 1834 2447 1901 ἄλλου
2489 1847 2667 1900 Αἱῶνα
2719 1848 3155 1919 προϐεϐλῆσθαι,
3196 1847 3309 1899 ἀλλ’
3341 1845 3475 1916 ὁμοῦ
3512 1847 3604 1897 xui
3642 1847 3720 1907 εἰς

477 1946 655 2007 gatam
720 1937 921 2003 fuisse;
973 1938 1065 1993 sed
1120 1954 1210 1993 sex
1266 1940 1506 2007 reliquos
1564 1936 1774 1992 Eonas
1819 1937 2043 2007 pariter,

2148 1937 2292 2003 ἅπαξ
2322 1938 2418 2009 τὴν
2448 1940 2553 1991 τῶν
2595 1940 2654 2004 ἐξ
2684 1939 2901 1992 Αἰώνων
2928 1943 2947 1971 ¹
2988 1940 3257 2011 προϐολὴν
3299 1939 3402 1990 ὑπὸ
3448 1937 3541 1989 τοῦ
3582 1940 3720 2007 Προ-

479 2032 777 2101 eodemque
828 2040 1099 2086 momento
1154 2047 1183 2084 a
1246 2045 1500 2100 supremo
1539 2029 1789 2094 Parente,
1844 2038 1897 2084 et
1928 2030 2047 2098 ejus

2148 2030 2382 2101 πάτορος
2408 2033 2502 2084 xui
2535 2033 2632 2103 τῆς
2670 2032 2905 2095 Ἐννοίας
2944 2032 3107 2086 αὑτοῦ
3133 2031 3420 2101 τετέχθαι,
3452 2032 3528 2094 ώς
3559 2031 3722 2092 αὐτὸς

479 2122 644 2193 259
677 2122 904 2184 Ennaea,
929 2122 1031 2178 boc
1065 2132 1148 2177 est
1196 2123 1545 2193 cogitatione,
1592 2136 1864 2185 manasse,
1901 2120 2047 2191 quod

2153 2124 2557 2193 μαιωσάμενος,
2608 2124 3026 2177 διαϐεϐαιοῦται.
3066 2126 3173 2177 Καὶ
3216 2124 3396 2177 οὑκέτι
3446 2124 3509 2175 ὲκ
3548 2123 3720 2189 Λόγου

479 2216 585 2269 iste
616 2215 697 2270 sic
726 2222 984 2284 tanquam
1013 2214 1319 2269 obstetricis
1350 2222 1528 2283 partes
1549 2215 1771 2284 egisset,
1796 2212 2043 2266 allirmat.

2150 2217 2243 2267 xui
2260 2216 2411 2286 Ζωῆς
2442 2216 2758 2287 Ἄνθρωπον
2779 2217 2871 2269 καὶ
2905 2216 3249 2285 Ἐκκλησίαν,
3283 2217 3373 2269 xui
3401 2215 3457 2282 ἐξ
3495 2213 3724 2286 Ἀνθρώ-

478 2304 662 2368 Quare
715 2320 825 2359 non
871 2316 929 2358 ut
972 2304 1058 2358 alii
1088 2321 1117 2359 e
1155 2304 1326 2359 Verbo
1367 2304 1617 2375 Vitaque,
1676 2304 1960 2359 Hominem
1995 2311 2049 2358 et

2150 2329 2252 2365 που
2274 2350 2288 2375 ,
2320 2310 2395 2373 ώς
2423 2311 2470 2363 οἱ
2502 2310 2648 2363 ἄλλοι
2670 2351 2684 2372 ,
2712 2310 2804 2363 xui
2850 2308 3171 2380 Ἐκκλησίας
3192 2351 3205 2374 ,
3242 2309 3412 2377 Λόγον
3448 2310 3541 2361 xui.
3570 2309 3721 2376 Ζωήν

479 2393 816 2463 Ecclesiam;
858 2408 949 2453 aut
988 2415 1053 2453 ex
1094 2397 1341 2462 Homine,
1382 2407 1439 2451 ut
1472 2396 1798 2467 quibusdam
1850 2396 2047 2466 placet,

2152 2420 2283 2474 φασι
2310 2403 2556 2473 τετέχθαι
2588 2403 2747 2466 αὐτὸς
2792 2402 2885 2455 xui
2912 2403 2957 2453 οἱ
2992 2402 3153 2455 αὑτοῦ
3179 2419 3194 2435 ο
3230 2401 3362 2455 ἀλλὰ
3404 2400 3572 2472 ἑτέρῳ
3598 2400 3721 2470 τρό-

479 2496 534 2541 et
560 2487 802 2567 Ecclesia
848 2486 1085 2542 Verbum
1128 2502 1190 2541 ac
1237 2486 1411 2540 Vitam
1458 2488 1726 2556 prodiisse
1755 2501 1878 2540 cum
1931 2486 2050 2542 suis

2152 2514 2239 2566 πῳ
2268 2495 2423 2548 τοῦτο
2456 2496 2703 2564 λέγουσιν
2725 2512 2738 2525 ·
2786 2496 2867 2548 ὅτι
2905 2498 3039 2567 ὅπερ
3074 2494 3326 2565 ὲνενοήθη
3373 2493 3663 2563 προϐαλεῖν
3694 2494 3722 2545 ὁ

480 2581 572 2633 ille
629 2560 838 2634 statui‘t.
886 2579 990 2633 Sed
1037 2580 1089 2633 id
1138 2580 1243 2631 alia
1285 2579 1495 2633 ratione
1550 2580 1813 2633 deﬁniunt
1845 2597 1856 2632 :
1892 2578 2051 2632 nimi-

2152 2560 2490 2658 Προπάτωρ,
2522 2560 2677 2639 τοῦτο
2715 2588 2901 2659 Πατὴρ
2941 2560 3164 2657 ἐκλήθη.
3393 2560 3447 2638 δὲ
3486 2584 3720 2655 προεϐά-

482 2685 604 2723 rum
636 2670 791 2739 ,quod
833 2685 1121 2739 supremus
1162 2670 1251 2724 ille
1282 2683 1478 2740 parens
1519 2669 1816 2737 producere
1844 2669 2051 2737 cogita-

2151 2678 2273 2731 λετο
2314 2678 2562 2749 Ἀλήθεια
2608 2679 2707 2748 ἦν,
2754 2679 2910 2732 τοῦτο
2966 2679 3213 2749 Ἀλήθεια
3244 2676 3553 2746 ὠνομάσθη.
3593 2675 3722 2726 Ὅτε

481 2765 583 2826 vit,
624 2764 727 2817 boc
780 2762 1046 2816 vocabulo
1089 2761 1266 2817 Patris
1309 2763 1658 2832 appellatum.
1706 2759 1847 2815 Idem
1890 2774 2051 2829 porro

2151 2766 2242 2823 οὖν
2280 2769 2541 2840 ἠθέλησεν
2587 2770 2850 2835 ἐπιδεῖξαι
2904 2770 3065 2824 αὑτὸν
3089 2812 3102 2835 ,
3142 2769 3300 2822 τοῦτο
3352 2767 3672 2839 Ἀνθρωπος
3704 2767 3723 2797 ³

483 2853 699 2908 Veritas
743 2869 867 2907 cum
916 2861 1084 2915 esset,
1139 2852 1398 2907 Veritatis
1442 2852 1760 2921 insignitum
1809 2851 2049 2904 nomine.

2153 2860 2366 2931 ἐλέχθη.
2397 2860 2502 2924 Οὓς
2552 2862 2608 2914 δὲ
2654 2863 3041 2933 προελογῐσατο
3074 2863 3162 2915 ὅτε
3212 2860 3516 2931 προέϐαλε,
3568 2858 3724 2912 τοῦτο

481 2944 845 3010 Quamobrem
880 2959 1001 2997 cum
1041 2951 1319 2997 ostentare
1355 2957 1414 2996 se
1457 2942 1634 3006 vellet,
1677 2941 1911 3010 idipsum
1944 2940 2053 2995 Ho-

2167 2950 2459 3019 Ἐκκλησία
2486 2951 2773 3022 ὠνομάσθη
2800 2967 2813 2981 ·
2849 2953 2939 3004 καὶ
2979 2951 3007 3002 ὁ
3040 2950 3356 3021 Ἀνθρωπος
3393 2950 3484 3003 τὸν
3514 2950 3685 3016 Λόγον
3707 2965 3719 2977 ·

484 3036 685 3089 minem
745 3035 1105 3088 nominatum.
1145 3033 1293 3100 Quos
1338 3042 1516 3087 autem
1562 3047 1686 3086 cum
1729 3032 2053 3101 produceret

2155 3035 2305 3104 οὗτός
2332 3042 2477 3095 ἐστιν
2511 3042 2539 3092 ὁ
2572 3042 2911 3111 πρωτότοκος
2955 3041 3099 3105 Υἱός.
3150 3040 3532 3094 Ἐπακολουθεί
3566 3039 3621 3091 δὲ
3648 3038 3726 3108 τῷ

486 3128 641 3196 prius
687 3128 868 3180 animo
906 3133 1203 3196 reputarat,
1249 3125 1334 3180 bis
1375 3124 1631 3178 Ecclesia:
1662 3138 1859 3177 nomen
1892 3122 2051 3175 attri-
2081 3146 2123 3203 ο

2086 3146 2123 3203 c
2154 3131 2312 3199 Λόγῳ
2352 3132 2446 3185 xui
2485 3133 2518 3202 ἡ
2554 3133 2696 3203 Ζωή.
2738 3133 2847 3186 Καὶ
2888 3131 3061 3197 οὕτως
3109 3130 3300 3203 πρώτη
3343 3130 3564 3199 Ὀγδοὰς
3603 3148 3727 3183 συν-

487 3220 699 3274 butum.
750 3218 921 3273 Homo
975 3234 1103 3273 vero
1149 3218 1383 3272 Verbum
1438 3218 1727 3286 produxit;
1770 3223 1931 3285 atque
1962 3214 2051 3267 hic
2153 3222 2423 3295 ετελέσθη,

486 3308 882 3379 primogenitus
932 3317 1016 3362 est
1052 3306 1243 3361 Filius.
1298 3307 1402 3361 Sed
1435 3306 1672 3361 Verbum
1704 3304 1825 3358 Vita
1856 3318 2053 3358 conse-

484 3400 699 3470 quitur.
729 3399 907 3469 Atque
937 3400 1011 3452 ita
1043 3398 1261 3469 Ogdoas
1293 3400 1465 3468 prima
1497 3398 1802 3452 conlicitur.

557 3488 738 3544 Porro
764 3505 959 3560 magna
990 3498 1074 3546 est
1105 3492 1247 3545 inter
1279 3491 1401 3545 illos
1431 3490 1497 3544 de
1529 3490 1810 3543 Salvatore
1839 3488 2054 3543 dissen-

2225 3502 2399 3575 Πολλὴ
2431 3503 2487 3556 δὲ
2518 3503 2665 3574 μάχη
2695 3504 2824 3575 παρ’
2855 3503 3035 3569 αὑτοῖς
3066 3503 3158 3558 xui
3190 3504 3432 3574 περὶτοῦ
3455 3504 3725 3575 Σωτῆρος.

484 3581 592 3637 sio.
642 3580 875 3646 Quidam
920 3581 1067 3636 enim
1113 3597 1180 3635 ex
1224 3582 1477 3637 omnibus
1522 3580 1814 3634 conﬂatum
1864 3580 2055 3634 existi-

2155 3598 2217 3651 υἱ
2247 3597 2348 3667 μὲν
2384 3597 2491 3668 γὰρ
2522 3598 2681 3649 αὑτὸν
2710 3599 2772 3649 ὲκ
2796 3598 3011 3651 πάντων
3041 3598 3320 3666 γεγονέναι
3352 3597 3566 3666 λέγουσι
3588 3638 3602 3661 ,
3651 3598 3730 3651 διὸ

482 3680 678 3727 mant:
711 3681 877 3742 atque
912 3672 1055 3727 ideo
1101 3671 1463 3734 Eudocetum,
1516 3672 1618 3725 boc
1662 3679 1747 3726 est
1798 3671 2054 3739 benepla-

2155 3689 2247 3742 xui
2268 3689 2569 3759 Εὑδοκητὺν
2599 3690 2900 3753 καλεῖσθαι,
2930 3691 3010 3742 δτι
3040 3691 3146 3742 πᾶν
3175 3689 3234 3741 τὸ
3262 3690 3543 3760 Πλήρωμα
3575 3690 3729 3759 ηὐδό-

480 3771 698 3817 centem
738 3770 1013 3825 vocatum,
1052 3763 1196 3833 quod
1243 3778 1366 3816 eum
1415 3761 1664 3816 Pleroma
1708 3776 1868 3816 omne
1902 3774 2055 3814 com-

2155 3795 2355 3849 κησενο
2396 3780 2445 3831 oi
2493 3779 2549 3831 δὲ
2590 3780 2654 3831 ἐκ
2706 3780 2880 3849 μόνων
2929 3780 3034 3831 τῶν
3068 3779 3198 3831 δέκα
3231 3779 3450 3832 Αἰώνων
3483 3781 3590 3833 τῶν
3623 3779 3730 3833 ἀπὸ

484 3853 639 3907 muni
686 3853 759 3907 sit
799 3852 995 3907 aﬂ‘ectu
1026 3866 1089 3905 ac
1120 3851 1494 3906 benevolentia
1542 3859 1913 3920 prosecutum.
1948 3852 2054 3906 Alii

2154 3870 2327 3939 Λόγου
2369 3870 2463 3923 xui
2515 3870 2669 3941 Ζωῆς
2716 3871 3115 3941 προϐεϐλῆσθαι
3168 3872 3330 3925 αὑτὸν
3368 3873 3623 3940 λέγουσι,
3662 3872 3732 3925 τὰ

489 3943 624 3999 solis
645 3958 711 3997 ex
738 3942 1006 3997 IEonibus
1024 3942 1232 4008 decem,
1252 3943 1343 4011 qui
1376 3956 1405 3993 a
1433 3939 1610 3996 Verbo
1638 3940 1865 4010 Vitaque
1909 3942 2056 3997 deri-

2156 3960 2451 4031 προγονικὰ
2486 3939 2724 4031 ὀνόματα
2760 3939 2870 4033 [τὰ]
2902 3939 3231 4027 διασῴζοντα
3254 3980 3268 3994 °
3300 3967 3348 4016 οἱ
3401 3939 3458 4016 δὲ
3515 3966 3579 4017 ὲκ
3622 3965 3730 4017 τῶν

489 4036 601 4091 vati
633 4044 780 4096 sunt,
835 4036 1138 4104 profectum
1186 4036 1337 4089 illum
1388 4042 1663 4100 asserunt,
1702 4044 1991 4100 eteorum,
2024 4051 2055 4090 a

2154 4055 2378 4108 δεκαδύο
2424 4055 2645 4107 Λὶώνων
2697 4056 2804 4109 τῶν
2856 4058 2920 4111 ἐκ
2951 4057 3059 4111 τῶν
3112 4059 3205 4112 τοῦ
3266 4059 3580 4131 Ἀνθρώπου
3636 4060 3730 4112 καὶ

486 4126 687 4194 quibus
712 4133 890 4179 ortum
924 4127 1155 4193 accepit,
1195 4124 1489 4179 retinuisse
1519 4128 1759 4179 nomina.
1793 4126 1931 4179 Sunt
1962 4127 2054 4196 qui

2155 4146 2308 4215 Ζωῆς
2362 4145 2663 4215 γενομένων
2701 4163 2714 4176 ·
2770 4146 2859 4198 καὶ
2905 4146 2993 4200 διὰ
3047 4148 3207 4199 τοῦτο
3256 4149 3367 4201 υἱὸν
3398 4124 3729 4220 ”Λνθρώπου

486 4215 773 4269 duodecim
801 4231 864 4269 ex
894 4214 1164 4271 Aionibus
1184 4256 1199 4280 ,
1231 4230 1371 4284 quos
1405 4214 1577 4270 Homo
1607 4230 1669 4269 ac
1704 4215 1825 4269 Vita
1851 4232 2058 4286 genue-

2154 4214 2437 4306 ὁμολογεῖ,
2480 4236 2679 4288 ὡσανεὶ
2716 4238 2981 4304 ἀπόγονον
3033 4239 3365 4311 Ἀνθρώπου,
3414 4243 3475 4292 Oi
3522 4214 3578 4291 δὲ
3626 4240 3729 4292 ὑπὸ

486 4309 618 4370 rint,
660 4306 980 4377 proﬂuxisse
1019 4308 1255 4361 sentiant
1288 4326 1299 4360 :
1337 4308 1405 4361 ob
1454 4308 1613 4377 idque
1654 4308 1821 4362 [ilium
1872 4307 2056 4364 Homi-

2156 4327 2248 4381 τοῦ
2273 4327 2529 4398 Χριστοῦ,
2571 4330 2663 4381 καὶ
2695 4329 2786 4381 τοῦ
2821 4330 2975 4397 ἁγίου
3007 4306 3322 4401 Πνεύματος
3354 4334 3432 4395 εἰς
3456 4335 3732 4404 στήριγμα

486 4402 574 4455 nis
606 4399 810 4461 vocari,
849 4400 1005 4472 quasi
1036 4399 1283 4453 Hominis
1317 4408 1586 4469 nepotem.
1624 4399 1910 4455 Nonnullis
1942 4400 2056 4469 pla-

2090 4487 2111 4489 ᾼ
2154 4417 2247 4471 τοῦ
2282 4417 2651 4488 Πληρώματος
2680 4420 2959 4487 γεγονέναι
2997 4421 3245 4489 λέγουσιν
3278 4423 3437 4474 αὑτόν
3468 4438 3479 4450 ·
3514 4424 3606 4475 xui
3643 4424 3731 4475 διὰ

484 4500 573 4546 cet
599 4492 845 4545 eumdem
879 4507 908 4543 a
936 4490 1154 4544 Christo
1184 4501 1235 4544 et
1263 4490 1465 4558 Spiritu
1507 4500 1697 4546 sancto
1727 4492 1795 4556 ad
1834 4499 2053 4545 susten-
2086 4487 2125 4543 D

2091 4487 2129 4543 Ι)
2158 4509 2316 4564 τοῦτο
2354 4487 2585 4579 Χριστὸν
2631 4509 2882 4577 λέγεσθαι
2912 4487 3080 4565 αὑτὸν.
3106 4514 3204 4582 τὴν
3236 4514 3326 4566 τοῦ
3362 4514 3602 4582 Πατρὸς,
3638 4516 3732 4584 ἀφ’

485 4584 706 4637 tandum
757 4581 1004 4637 Pleroma
1054 4584 1335 4652 genitum:
1372 4583 1600 4653 ideoque
1645 4584 1919 4638 Christum
1953 4596 2049 4652 ap-

2156 4594 2218 4656 οὗ
2248 4600 2557 4671 προεϐλήθη
2584 4640 2597 4662 ,
2629 4600 2963 4664 διασῴζοντα
3011 4581 3399 4673 προσηγορίαν.
3438 4581 3619 4656 ’Λλλοι
3652 4581 3731 4670 δίς,

484 4674 765 4743 pellatum,
801 4680 861 4725 ut
893 4673 1033 4742 ejus,
1065 4689 1093 4727 a
1123 4688 1232 4742 quo
1283 4682 1461 4726 ortum
1502 4680 1807 4742 acceperat,
1854 4688 2051 4727 nomen

2156 4690 2233 4753 ὡς
2262 4692 2436 4745 εἰπεῖν
2460 4730 2474 4754 ,
2507 4690 2650 4753 τινὲς
2694 4690 2751 4755 ἐξ
2798 4690 2975 4743 αὑτῶν
3007 4692 3240 4761 ῥαψῳδοὶ
3271 4692 3360 4743 τὸν
3404 4693 3732 4762 Προπάτορα

482 4765 774 4818 obtineret.
817 4764 920 4817 Alii
967 4779 1030 4817 ex
1089 4764 1305 4817 illorum
1357 4779 1606 4826 numero,
1647 4771 1705 4817 ut
1734 4765 1806 4817 ita
1842 4764 2044 4830 dicam,

2153 4781 2262 4833 τῶν
2296 4781 2432 4833 ὅλων
2457 4819 2470 4841 ,
2504 4786 2595 4832 καὶ
2634 4782 2917 4851 προάρχην
2939 4822 2952 4847 ,
3000 4783 3093 4835 καὶ¹
3144 4784 3565 4854 προανεννόητον
3610 4786 3735 4837 Ἀν-

483 4856 743 4924 rhapsodi
798 4870 1071 4910 summum
1146 4856 1523 4909 universorum
1597 4855 1916 4923 Parentem,
1984 4871 2049 4911 ac

2158 4871 2373 4943 θρωπον
2418 4871 2633 4940 λέγουσι
2663 4873 2944 4925 καλεῖσθαι
2970 4890 2984 4904 ο
3020 4874 3113 4926 xui
3139 4875 3283 4927 τοῦτ’
3316 4871 3457 4927 εἶναι
3501 4876 3561 4927 τὸ
3592 4876 3735 4946 μέγα

484 4949 719 5020 primum
756 4946 1112 5017 Principium,
1150 4947 1491 5017 primumque
1520 4949 1846 5018 cogitatione
1877 4948 2053 5019 majus

2156 4964 2248 5017 xui
2274 4965 2591 5036 ἀπόκρυφον
2624 4968 2946 5037 μυστήριον·
2979 4967 3059 5019 ὅτι
3102 4970 3135 5039 ἡ
3186 4969 3325 5039 ὑπὲρ
3359 4968 3427 5021 τὰ
3458 4969 3553 5022 ὅλα
3578 4969 3736 5022 δύνα-

484 5038 772 5093 Hominem
813 5041 993 5093 vocari
1023 5038 1321 5105 deﬁniunt;
1368 5038 1528 5108 idque
1558 5056 1807 5111 magnum
1839 5041 1970 5095 illud
1999 5050 2051 5096 et

2158 5073 2248 5126 μις
2273 5058 2363 5109 xui
2388 5058 2787 5130 ὲμπεριεκτικὴ
2817 5059 2924 5113 τῶν
2954 5038 3173 5115 πάντων
3208 5038 3526 5132 Ἀνθρωπος
3556 5061 3736 5115 καλεῖ-

488 5146 743 5185 arcanum
784 5146 906 5185 esse
937 5132 1275 5200 mysterium,
1310 5130 1456 5200 quod
1489 5132 1577 5185 illa
1606 5134 1820 5187 caeteris
1870 5134 2049 5187 omni-

2154 5164 2241 5200 ται
2268 5164 2282 5178 ·
2315 5149 2407 5201 καὶ
2427 5149 2513 5204 διὰ
2541 5149 2700 5203 τοῦτο
2723 5151 2835 5204 υἱὸν
2871 5150 3181 5223 Ἀνθρώπου
3217 5154 3405 5206 ἑαυτὸν
3444 5153 3620 5222 λέγειν
3647 5153 3738 5207 τὸν

484 5232 587 5278 ‘nus
645 5222 979 5275 antecellens
1050 5222 1342 5292 omniaque
1396 5224 1683 5277 continens
1714 5224 1892 5278 virtus
1940 5222 2049 5277 110-
2154 5239 2407 5311 Σωτῆρα,

482 5312 648 5367 minis
691 5314 1047 5381 appellatione
1097 5322 1435 5378 censeatur;
1491 5324 1543 5367 et
1601 5314 1806 5368 idcirco
1860 5313 2045 5368 Salva-

482 5413 655 5457 torem
687 5404 1036 5472 semetipsum
1073 5403 1318 5459 Hominis
1358 5406 1642 5458 nominare
1676 5406 1865 5460 lilium.

442 5492 448 5517 '
554 5493 617 5546 lt.
659 5494 935 5562 Ejusmodi
966 5504 1049 5550 est
1086 5495 1261 5565 inepta
1312 5494 1401 5548 illa
1442 5510 1503 5547 ac
1548 5496 1894 5549 commentita
1934 5495 2040 5551 Co-

2221 5499 2293 5550 B'.
2342 5497 2488 5571 Αὕτη
2536 5503 2691 5572 καὶὴ
2736 5506 2827 5556 τοῦ
2876 5502 3223 5571 Κολορϐάσου
3266 5503 3493 5574 μάταιος
3528 5503 3605 5573 τῷ
3639 5505 3738 5575 βίῳ

481 5584 684 5640 lorbasi
735 5587 1004 5651 doctrina,
1057 5601 1218 5658 quam
1254 5603 1449 5659 magno
1486 5588 1771 5642 verborum
1805 5588 2033 5659 strepitu

2152 5590 2244 5643 xui
2272 5590 2643 5665 φαντασιώδης
2671 5594 2757 5647 διὰ
2785 5592 3129 5666 ψοιρημάτων
3164 5595 3467 5663 κενοφωνία
3487 5612 3501 5626 ·
3533 5596 3599 5667 ἢν
3641 5595 3740 5651 ἐὰν

560 5736 577 5769 ⁸
608 5735 667 5791 F.
698 5738 840 5804 τούς.
876 5744 895 5773 ²
922 5740 1046 5796 Cor.
1077 5742 1135 5811 ἓξ
1158 5740 1288 5797 Aid).
1361 5743 1381 5774 ³
1404 5741 1463 5797 F.
1502 5746 1831 5818 Ἄνθρωπον
