4156 6358
389 326 495 383 ὕες)

1000 326 1371 384 ADVERSUS
1416 327 1761 386 HAERESES
1800 329 1930 385 LIB.

2083 329 2231 387 l'OM.
2273 329 2363 387 111.
2404 361 2475 373 -
2514 330 2790 389 ΗΑΞΒΕΞ.
2816 332 3032 390 XXXV.

3563 338 3669 394 6'50
3692 387 3699 393 .

388 446 697 519 καταμάθοι
735 466 819 513 τις
840 490 855 513 ,
889 449 1095 505 εἴσεται
1123 454 1187 505 ἐκ
1219 451 1328 505 τῶν
1359 451 1465 524 πρὸ
1497 451 1661 505 αὑτοῦ
1685 492 1698 517 ,
1733 452 1809 516 ὡς
1832 469 1980 522 φιλο-

2087 459 2249 522 atque
2281 466 2479 523 pompa
2508 454 2562 506 in
2589 452 2839 508 homines
2874 452 3101 507 invexit.
3143 450 3315 519 Quam
3347 450 3392 508 si
3424 452 3550 523 quis
3580 453 3667 507 di-

387 539 545 609 τεμία
575 541 693 594 ἐστὶ
720 541 822 611 τῆς
852 542 1085 596 ἑκάστου
1119 544 1323 598 τούτων
1354 546 1630 609 ὑπονοίας.
1665 545 1974 610 Κενοδοξῶν

384 632 498 704 γὰρ
525 633 752 699 ἕκαστος
774 674 789 697 ,
825 636 920 689 καὶ
949 635 1268 707 βουλόμενος
1301 636 1480 709 ἑαυτῷ
1515 638 1767 707 συνάγειν
1789 638 1975 710 ἄθροι-

389 739 537 794 σμα,
569 723 709 778 ὥστε
757 725 906 797 αὑτῷ
943 726 1170 781 ἕπεσθαι
1192 768 1207 791 ,
1239 727 1283 782 ἀν
1320 730 1614 802 ὑπεισῆλθε
1664 733 1729 802 τῇ
1778 729 1973 785 ἑαυτοῦ

388 816 569 887 ἐννοίᾳ
605 818 1029 891 ἐψευδολόγησεν
1056 858 1071 883 ,
1106 818 1230 873 οὔτε
1263 821 1406 875 κατά
1437 824 1775 894 προφητείαν
1804 823 1975 894 φθεγ-

387 908 614 980 γόμενος
639 909 719 979 (οὑ
754 910 862 983 γάρ
893 911 1117 982 Πνεῦμα
1151 912 1305 985 ἅγιον
1338 912 1597 983 ἐλάλησεν
1638 916 1694 967 ἐν
1730 915 1971 985 αὐτοῖς),

386 1000 513 1054 οὔτε
544 1002 652 1056 ἀπὸ
700 1003 797 1073 τῆς
841 1003 951 1057 τῶν
993 1005 1288 1077 προφητῶν
1341 1005 1436 1059 καὶ
1468 1006 1816 1075 Εὑαγγελίων
1840 1008 1974 1079 ἀλη-

387 1094 538 1159 θείας
594 1095 699 1151 κᾶν
747 1096 879 1167 μίαν
916 1096 1183 1169 πρόφασιν
1236 1098 1503 1170 ἐσχηκώς.
1562 1100 1865 1172 Ἀνατροπὴ
1918 1100 1977 1154 δὲ

386 1185 596 1239 τούτων
621 1186 841 1240 πάντων
884 1187 995 1241 τῶν
1029 1188 1125 1258 τῆς
1151 1187 1506 1261 ψευδωνύμου
1538 1190 1791 1260 γνώσεως
1820 1193 1847 1243 ὁ
1879 1191 1977 1244 αὑ-

386 1276 477 1339 τὸς
510 1276 767 1348 ἀληθείας
806 1277 946 1331 κατά
978 1279 1087 1331 τῶν
1140 1277 1372 1350 πρώτων
1422 1282 1608 1353 ῥηθεὶς
1653 1281 1830 1351 λόγος.
1865 1283 1977 1353 Τῆς

385 1362 498 1435 γὰρ
529 1364 883 1420 Οὐαλεντίνου
926 1368 1123 1439 σχολῆς
1174 1369 1268 1422 καὶ
1317 1369 1426 1423 τῶν
1460 1371 1567 1438 πρὸ
1618 1372 1782 1425 αὑτοῦ
1834 1366 1977 1426 οῦτοι

387 1456 591 1520 πάντες
642 1459 1012 1531 ὑπάρχοντες,
1078 1463 1173 1516 καὶ
1222 1463 1313 1516 τὸν
1361 1462 1484 1517 νοῦν
1522 1465 1727 1518 ἐκεῖνον
1770 1466 1785 1496 ¹
1820 1465 1976 1531 ἄλλος

385 1549 566 1614 ἄλλως
612 1550 1057 1623 ἐξηγησάμενοι,
1100 1554 1198 1627 τὴν
1239 1554 1360 1626 ἴσην
1414 1557 1598 1621 αὑτοῖς
1652 1557 1978 1629 ὀφλήσουςιν

384 1642 672 1715 αίσχύνην.
701 1645 960 1719 Μεγάλην
983 1647 1093 1720 γὰρ
1125 1650 1255 1720 ἡμῖν
1283 1649 1500 1721 ἀπάτην
1524 1652 1857 1720 κενοφωνίας
1884 1652 1979 1704 καὶ

386 1727 545 1798 οὗτος
576 1737 604 1790 ὁ
656 1736 999 1809 Κολόρὸασος
1040 1735 1143 1811 ἧκε
1178 1741 1380 1811 φέρων.
1417 1743 1661 1810 Ἐξέθετο
1708 1742 1815 1815 γὰρ
1846 1746 1979 1815 ἡμῖν

2090 544 2321 615 ligenter
2376 544 2796 607 animadvertat,
2849 544 3008 599 facile
3036 560 3104 599 ex
3138 545 3517 614 superioribus
3554 546 3666 601 hae-

2078 635 2263 691 reticis
2282 635 2564 706 intelliget,
2590 651 2805 689 onmem
2835 635 2982 689 illam
3005 636 3322 705 opinionum
3348 638 3664 692 varietatem

2078 729 2148 782 ab
2226 726 2527 782 ambitione
2590 729 3015 798 arrogantiaque
3074 726 3397 799 profectam.
3450 727 3666 783 Etenim

2077 821 2458 892 unusquisque
2504 822 2691 894 gloriae
2725 823 2906 879 studio
2928 838 3250 888 succensus,
3286 838 3349 877 ac
3369 832 3667 878 sectatores

2080 916 2207 979 sibi,
2241 916 2391 970 velut
2422 915 2753 986 peculiarem
2786 916 3075 987 quemdam
3100 932 3341 987 gregem,
3370 915 3667 972 conciliare

2078 1010 2331 1079 cupiens,
2360 1009 2629 1079 quidquid
2655 1010 3067 1065 mendaciorum
3093 1011 3146 1064 in
3175 1009 3419 1065 animum
3452 1009 3664 1077 incidit,

2080 1109 2287 1156 temere
2336 1102 2493 1171 quasi
2552 1102 2870 1156 vaticinium
2921 1101 3198 1172 quoddam
3265 1110 3321 1157 et
3381 1102 3666 1156 oraculum

2080 1192 2244 1263 260
2292 1190 2556 1261 profudit.
2602 1190 2791 1261 Neque
2839 1194 2985 1247 enim
3023 1191 3263 1263 Spiritus
3305 1200 3531 1247 sanctus
3572 1206 3684 1262 per

2079 1300 2174 1339 eos
2207 1285 2427 1339 locutus
2456 1292 2577 1351 est;
2624 1299 2805 1354 neque
2839 1300 2906 1339 ex
2936 1284 3240 1355 pr0phetis,
3284 1291 3379 1338 aut
3420 1283 3665 1339 veritatis

2080 1377 2390 1447 Evangeliis
2442 1381 2527 1433 vel
2581 1377 2916 1433 levissimam
2964 1392 3157 1433 ansam
3210 1384 3264 1432 et
3316 1377 3665 1432 occasionem

2081 1470 2222 1522 nacti
2255 1477 2405 1524 sunt.
2454 1467 2536 1521 Ad
2587 1469 2817 1523 istorum
2867 1485 2997 1525 vero
3045 1469 3237 1523 falsam
3269 1469 3553 1523 scientiam
3585 1484 3677 1522 re-r

2082 1558 2374 1613 felleudam
2424 1558 2663 1629 pertinet
2697 1559 2789 1612 illa
2836 1575 2864 1612 a
2898 1574 2985 1614 me
3018 1566 3211 1614 contra
3250 1559 3465 1628 priores
3504 1558 3667 1613 insti-

2083 1660 2198 1704 tuta
2221 1652 2502 1707 verissima
2533 1652 2866 1723 disputatio.
2921 1650 3056 1705 Nam
3087 1668 3117 1708 e
3148 1650 3421 1706 Valentini
3474 1650 3668 1705 Valen-

2082 1742 2309 1812 tinoque
2355 1743 2704 1813 superiorum
2740 1742 3122 1798 haereticorum
3154 1742 3338 1798 schola
3366 1757 3557 1798 omnes
3588 1743 3670 1796 illi

384 1830 855 1900 ποιητευσάμενος
905 1832 983 1903 τῷ
1015 1832 1384 1906 ἀκαταλήπτῳ
1404 1876 1419 1899 ,
1452 1837 1547 1890 καὶ
1591 1838 1807 1910 ἀοράτῳ
1831 1880 1845 1905 ,
1886 1839 1980 1893 καὶ

2085 1834 2338 1904 profecti,
2387 1836 2468 1890 sic
2510 1846 2569 1890 ut
2604 1836 2752 1891 illius
2796 1843 3032 1889 mentem
3080 1834 3173 1888 alii
3223 1835 3380 1888 aliter
3409 1836 3667 1904 interpre-

384 1921 530 1991 ἁγίῳ
554 1921 673 1993 Θεῷ
701 1921 779 1993 τῷ
803 1925 981 1995 Πατρὶ
1006 1924 1113 1979 τῶν
1136 1926 1274 1981 ὅλων
1302 1928 1475 2000 ὄνομα
1502 1930 1822 2002 Ἀνθρωπος
1847 1948 1862 1965 ο
1892 1933 1979 1987 ἵνα

388 2013 624 2086 συξεύξῃ
660 2018 724 2087 τῇ
770 2017 963 2070 ἑαυτοῦ
1019 2019 1194 2092 πλάνῃ
1235 2021 1327 2075 τὸν
1369 2021 1463 2075 τοῦ
1507 2024 1757 2095 Σωτῆρος
1799 2025 1975 2094 λόγον,

386 2105 693 2171 φάσκοντος
745 2108 938 2161 ἑαυτὸν
974 2110 1103 2163 Υἱὺν
1148 2111 1462 2183 Ἀνθρώπου
1492 2155 1506 2180 ,
1538 2116 1632 2168 καὶ
1692 2117 1977 2188 μεταγάγῃ

387 2196 484 2268 τὴν
514 2197 754 2253 διάνοιαν
785 2200 893 2253 τῶν
923 2201 1073 2272 αὑτῷ
1104 2205 1466 2274 χρησαμένων
1512 2207 1619 2259 ἀπὸ
1646 2208 1743 2278 τῆς
1787 2208 1979 2279 ἀληθι-

387 2289 483 2359 νῆς
512 2290 608 2343 καὶ
642 2292 1048 2364 ὲναργεστάτης
1074 2294 1167 2349 τοῦ
1198 2296 1433 2368 Χριστοῦ
1482 2299 1610 2370 περὶ
1647 2299 1810 2352 αὑτοῦ
1849 2303 1979 2371 ὀμο-

386 2383 611 2451 λογίας,
642 2386 724 2448 είς
771 2386 1085 2456 ἀμηχανίαν
1134 2387 1227 2441 καὶ
1278 2390 1613 2460 κενοφωνίαν
1648 2389 1740 2444 τοῦ
1773 2391 1976 2463 ζητεῖν,

387 2477 878 2549 ὑπολαμϐάνοντας
912 2482 970 2535 ὲν
994 2483 1107 2545 τοῖς
1133 2482 1477 2553 ἐπουρανίοις
1504 2481 1642 2538 εἶναι
1671 2484 1699 2537 ὃ
1732 2484 1805 2557 μὴ
1839 2485 1974 2541 ἔστι.

386 2570 579 2641 Δῶμεν
618 2571 726 2644 γὰρ
764 2573 948 2637 αὑτὸν,
979 2573 1068 2628 διὰ
1088 2575 1148 2627 τὸ
1174 2574 1267 2629 τὸν
1288 2576 1452 2630 αὑτοῦ
1481 2577 1700 2647 Πατέρα
1737 2578 1981 2650 Ἀνθρω-

387 2682 489 2718 πον
518 2664 839 2732 καλεῖσθαι,
868 2667 996 2721 Υἱὸν
1059 2667 1371 2740 Ἀνθρώπου
1429 2670 1618 2724 ἑαυτὸν
1670 2670 1976 2741 ὀνομάζειν,

389 2757 483 2810 καὶ
520 2758 622 2811 οὑκ
660 2758 767 2811 ἀπὸ
814 2759 910 2830 τῆς
948 2761 1185 2831 σαρκὸς,
1217 2756 1286 2833 ἦς
1337 2761 1528 2817 ἔλαϐεν
1576 2762 1686 2817 ἀπὸ
1724 2765 1980 2836 παρθενι-

388 2850 492 2919 ιιῆς
526 2850 773 2921 μήτρας,
806 2851 1084 2906 τουτέστιν
1122 2844 1230 2906 ἀπὸ
1272 2854 1493 2925 Μαρίας
1528 2854 1628 2925 τῆς
1667 2856 1826 2924 ἁγίας
1859 2874 1981 2925 γεν-

390 2940 574 3009 νηθεὶς
618 2940 709 2994 διὰ
736 2940 1054 3013 Πνεύματος
1089 2943 1246 3013 ἁγίου
1274 2984 1289 3009 ,
1320 2944 1464 2999 κατά
1505 2945 1597 2999 τὸν
1621 2946 1716 3000 τοῦ
1744 2942 1978 3001 ὲλεεινοῦ

390 3030 736 3103 Κολορὸάσορ
763 3031 952 3086 τούτου
978 3033 1134 3102 λόγον
1158 3051 1171 3065 ·
1201 3034 1254 3087 τί
1295 3033 1360 3089 ἂν
1390 3036 1531 3088 είποι
1566 3037 1694 3108 περὶ
1730 3031 1790 3091 οῦ
1819 3039 1848 3090 ὁ
1881 3039 1979 3091 αὑ-

394 3126 481 3189 τὸς
531 3124 736 3197 Κύριος
782 3124 939 3196 ήμῶν
982 3127 1190 3197 Ἰησοῦς
1222 3128 1457 3198 Χριστός
1508 3147 1713 3201 φησιν,
1760 3130 1835 3195 ὡς
1864 3133 1977 3195 τοῖς

399 3214 676 3279 Ἰουδαίοις
717 3215 906 3285 ἐλεγεο
958 3216 1092 3269 Νῦν
1140 3215 1208 3270 δέ
1244 3234 1321 3286 με
1368 3217 1584 3285 ζητεῖτε
1626 3219 1973 3274 ἀποκτεῖναι

390 3306 707 3375 ἄνθρωπον
729 3347 744 3371 ,
780 3307 849 3375 ὃς
878 3306 993 3376 τὴν·
1020 3308 1313 3378 ἀλήθειαν
1343 3311 1485 3381 ὑμῖν
1507 3311 1821 3379 λελάληκα
1847 3312 1863 3377 ς
1892 3312 1974 3380 ἢν

392 3395 631 3464 ἥκουσα
651 3395 811 3466 παρὰ
838 3396 944 3451 τοῦ
967 3400 1194 3467 Πατρός
1212 3415 1369 3468 μου;
1401 3401 1511 3454 Καὶ
1533 3400 1715 3455 οὐκέτι
1741 3401 1975 3457 ἐνταῦθα

391 3483 513 3541 εἷπε
539 3528 555 3553 ,
607 3488 701 3542 τοῦ
744 3488 1059 3561 Ἀνθρώπου
1109 3491 1321 3562 Πατρός
1371 3506 1504 3562 μου⁸
1540 3493 1676 3547 ἀλλά
1707 3494 1836 3565 περὶ
1875 3494 1974 3565 μὲν

392 3579 606 3651 Πατρὸς
636 3580 915 3650 ὁμολογῶν
938 3621 953 3645 ,
1003 3580 1135 3634 Θεὸν
1182 3581 1275 3634 τὸν
1330 3581 1441 3636 τῶν
1493 3582 1628 3637 ὅλων
1687 3585 1933 3655 ὲσήμανε
1959 3602 1972 3615 ·

392 3673 522 3744 περὶ
549 3673 606 3725 δὲ
639 3673 832 3727 ἑαυτοῦ
858 3716 873 3740 ,
900 3675 982 3728 ὅτι
1009 3674 1428 3748 ὲνηνθρώπησεν
1453 3715 1468 3741 ,
1510 3679 1568 3731 ὲν
1620 3676 1846 3750 ἀληθείᾳ
1874 3678 1973 3734 ἄν·

392 3764 613 3835 θρωπον
643 3767 835 3819 ἑαυτὸν
866 3767 1124 3836 ἔφασκεν,
1160 3769 1235 3832 ὡς
1266 3769 1361 3823 καὶ
1391 3770 1440 3822 οἱ
1467 3770 1754 3824 ἀπόστολοί
1789 3789 1973 3841 φασιν,

394 3856 481 3909 ι’να
532 3859 565 3927 ἠ
607 3857 837 3928 ἀλήθεια
891 3861 1230 3931 πανταχόθεν
1269 3858 1545 3931 συσταθῇ,
1581 3861 1676 3914 καὶ
1724 3862 1976 3934 γνωσθῇ,

395 3947 561 4000 πόθεν
590 3948 707 4001 ἐστὶ
737 3950 806 4002 τὰ
840 3950 917 4018 τῷ
956 3951 1144 4022 Κυρίῳ
1178 3951 1416 4021 ὀνόματα
1449 3950 1787 4022 συναφθέντα
1813 3970 1826 3983 °
1876 3954 1980 4022 Ἰη-

395 4038 553 4092 σοῦν
603 4038 792 4109 ἄνδρα
827 4041 1332 4112 ἀποδεδειγμένον
1373 4046 1462 4110 εἰς
1504 4042 1664 4113 ἡμᾶς
1703 4046 1978 4115 σημείοις

395 4130 494 4186 καὶ
526 4131 731 4201 τέρασι
749 4172 764 4198 ,
802 4133 988 4188 καὶτὰ
1013 4134 1160 4204 ἑξῆς.

466 4437 533 4490 Τί
561 4436 742 4491 τοίνυν
776 4437 912 4509 πρὸς
943 4437 1115 4491 ταῦτα
1141 4438 1309 4508 φαίης
1331 4436 1419 4503 ἂν,
1447 4430 1493 4490 ὧ
1524 4437 1741 4491 πάντων
1769 4436 1982 4506 ἀνθρώ·
2016 4447 2059 4503 Ι)

398 4545 519 4582 πων
547 4519 913 4581 ὲλεεινόέατεί
951 4528 1139 4599 ἐπειδὴ
1172 4527 1376 4581 ἄνωθεν
1426 4528 1583 4598 ἥκεις
1628 4526 1810 4597 φέρων
1848 4528 1984 4596 ἡμῖν

399 4619 595 4681 καινὰς
623 4618 916 4688 ὀνομασίας
936 4657 951 4682 ,
983 4618 1076 4670 καὶ
1112 4618 1349 4687 σεμνύνῃ
1375 4656 1389 4681 ,
1421 4616 1505 4685 ἐφ’
1538 4609 1617 4679 οἷς
1644 4616 1705 4669 τὸ
1726 4614 1819 4668 τοῦ
1863 4617 1987 4669 Ἀν-

400 4710 623 4784 θρώπου
653 4710 824 4780 ὄνομα
848 4710 998 4781 αὑτῷ
1027 4709 1136 4762 τῶν
1164 4710 1381 4764 πάντων
1409 4708 1653 4779 Δεσπότῃ
1683 4708 1776 4760 καὶ
1810 4707 1987 4778 Πατρὶ

397 4804 508 4858 τῶν
533 4805 670 4858 ὅλων
711 4803 989 4875 προσάψαι
1018 4803 1324 4874 ἐτόλμησαν
1352 4805 1407 4869 ²;
1448 4804 1533 4866 Ὠς
1571 4804 1635 4855 ὲκ
1661 4801 1850 4855 τούτου
1886 4818 1987 4853 κα-

397 4897 609 4951 λεῖσθαι
638 4897 731 4949 τὸν
764 4896 969 4968 Κύριον
1003 4896 1128 4949 Υἱὸν
1168 4894 1503 4967 Ἀνθρώπου,
1549 4893 1636 4948 διὰ
1664 4894 1723 4946 τὸ
1747 4894 1838 4946 τὸν
1878 4894 1990 4945 Πα-

397 4986 535 5058 τέρα
566 4985 887 5055 ’Ἄνθρωπον
908 4985 1368 5056 καλεῖσθαι.Εὑρὲ
1397 4987 1529 5057 ἡμῖν
1558 4983 1650 5037 καί
1680 5001 1800 5036 τινα
1824 4983 1990 5055 ἄλλην

400 5078 776 5148 προσηγορίαν
807 5078 885 5148 τῷ
915 5078 1091 5149 Πατρὶ
1125 5076 1489 5149 ἁρμόζουσαν,
1512 5077 1593 5141 τὸ,
1625 5075 1814 5144 ἄνδρα
1840 5075 1988 5129 ἀπο-

400 5168 805 5239 δεδειγμένων.
850 5169 988 5223 Ἀλλ’
1017 5171 1117 5224 οὐκ
1149 5171 1214 5223 ἂν
1252 5170 1432 5240 εὕροις
1463 5169 1612 5224 ποτέ.
1648 5171 1713 5223 Ei
1740 5169 1850 5241 γὰρ
1896 5168 1989 5222 καὶ

401 5262 542 5334 ἀνὴρ
576 5262 863 5334 ἄνθρωπός
915 5265 1033 5317 ἐστι
1057 5304 1072 5329 ,
1114 5265 1208 5318 καὶ
1262 5263 1399 5335 πρὸς
1433 5262 1839 5333 ἀντιδιαστολὴν
1887 5262 1988 5332 τῆς

401 5357 658 5422 γυναικὸς
698 5357 790 5410 τὸν
821 5356 1108 5428 ἄνθρωπον
1140 5357 1308 5428 ἄνδρα
1346 5355 1619 5425 καλοῦμεν
1644 5396 1659 5419 ,
1708 5355 1860 5426 ὅμως
1892 5354 1990 5406 οὐκ

406 5445 473 5498 ἂν
504 5446 600 5499 καὶ
646 5449 703 5499 ὲν
737 5447 912 5519 τούτῳ
948 5448 1366 5520 μηχανήσασθαί
1396 5466 1449 5501 τι
1476 5446 1781 5518 δυνηθείης.
1830 5447 1990 5499 Ἀνευ

2082 1934 2350 1993 tarcntur,
2395 1929 2513 1998 pari
2560 1943 2751 1984 omnes
2783 1927 3082 1997 ignominia
3120 1926 3346 1982 notandi
3376 1936 3525 1983 sunt.
3556 1925 3691 1989 Sed‘

2082 2016 2229 2070 haud
2275 2018 2581 2073 mediocres
2627 2033 2760 2073 sane
2789 2017 2856 2071 ad
2885 2017 3248 2072 cavillandum
3278 2033 3451 2088 nugas
3473 2017 3665 2073 Color-

2078 2107 2248 2163 basus
2301 2108 2405 2163 iste
2460 2109 2620 2163 nobis
2676 2108 2883 2165 attulit.
2940 2105 3223 2178 Siquidem
3265 2110 3479 2178 poetico
3514 2123 3665 2164 more

2080 2199 2275 2255 luil'eus
2306 2199 2529 2256 Parcnti
2557 2200 2802 2255 omnium
2837 2215 2901 2255 ac
2931 2200 3042 2255 Deo
3089 2202 3464 2266 sanctissimo,
3501 2217 3661 2272 quem

2080 2307 2241 2345 nemo
2278 2292 2742 2363 comprehendere
2780 2302 2875 2349 aut
2916 2310 3185 2364 usurpare
3234 2295 3423 2350 oculis
3461 2303 3661 2365 potest,

2084 2382 2336 2441 Hominis
2376 2402 2573 2441 nomen
2606 2386 2833 2453 afﬁnxit,
2878 2402 2936 2443 ut
2973 2388 3041 2442 ad
3079 2403 3319 2442 errorem
3353 2403 3511 2443 suum
3550 2388 3664 2442 Sal-

2079 2476 2286 2532 vatoris
2325 2493 2637 2532 sermonem
2674 2479 3016 2551 adjungeret,
3052 2479 3143 2549 qui
3177 2494 3236 2533 se
3275 2478 3441 2533 ﬁlium
3476 2478 3665 2533 Homi-

2079 2567 2166 2621 nis
2222 2582 2346 2622 esse
2395 2566 2567 2634 dixit;
2610 2582 2674 2622 ac
2725 2568 3077 2623 familiarium
3128 2583 3354 2622 suorum
3382 2570 3595 2624 animos
3630 2584 3662 2623 a

2079 2658 2297 2715 sincera
2329 2668 2382 2714 et
2411 2661 2704 2731 perspicua
2740 2660 2949 2717 Christi
2988 2662 3057 2717 de
3095 2662 3278 2731 seipso
3316 2660 3667 2716 confessione

2080 2752 2147 2808 ad
2170 2754 2455 2824 perplexas
2485 2762 2537 2807 et
2563 2753 2871 2824 implicatas
2909 2755 3144 2826 ineptias
3175 2754 3453 2810 conferret
3484 2772 3498 2810 :
3532 2755 3669 2809 dum

2078 2846 2133 2902 in
2188 2847 2507 2903 cce'csuibis
2564 2849 2670 2902 illis
2723 2848 2858 2903 locis
2914 2864 2979 2904 ea
3025 2864 3146 2919 qua:
3201 2865 3473 2919 nusquam
3523 2857 3675 2921 sunt,

2080 2939 2184 2995 sibi
2223 2954 2346 2995 esse
2391 2940 2745 3010 persuadent.
2785 2938 2855 2994 Ut
2896 2941 3042 3013 enim
3088 2942 3280 2998 demus
3309 2941 3465 3008 illud,
3498 2958 3565 2997 ex
3595 2959 3662 2997 eo

2079 3030 2227 3100 quod
2262 3029 2427 3100 hujus
2459 3039 2614 3100 pater
2642 3029 2817 3086 Homo
2850 3032 2921 3087 sit
2950 3032 3154 3095 dictus,
3194 3031 3446 3087 Hominis
3490 3042 3666 3089 semet

2079 3122 2383 3192 appellasse
2428 3121 2617 3187 tilium,
2658 3137 2769 3177 non
2815 3124 2885 3179 ob
2927 3138 3048 3178 eam
3100 3140 3348 3189 carnem,
3392 3141 3552 3195 quam
3594 3140 3662 3181 ex

2088 3221 2243 3268 utero
2293 3212 2535 3282 Virginis
2588 3215 2818 3284 accepit,
2865 3215 2968 3270 hoc
3014 3224 3100 3270 est
3151 3216 3325 3271 beatae
3351 3216 3557 3283 Mariae,
3596 3234 3662 3272 ex

2085 3322 2192 3381 qua
2220 3322 2315 3376 per
2346 3305 2610 3377 Spiritum
2663 3317 2915 3363 sanctum
2971 3319 3134 3365 natus
3179 3319 3283 3375 est,
3346 3318 3401 3364 ut
3461 3312 3666 3367 infelici

2088 3400 2390 3456 Colorbaso
2416 3402 2656 3472 placuit;
2702 3403 2831 3473 quid
2879 3402 2944 3457 de
2988 3404 3160 3457 altero
3212 3404 3303 3457 illo
3354 3404 3499 3458 dicet
3549 3421 3666 3459 εει-«-

2091 3508 2253 3548 moue
2291 3492 2529 3558 Domini,
2564 3509 2689 3548 cum
2737 3496 2817 3551 sic
2858 3494 3076 3551 Iudaeos
3133 3496 3327 3550 allatus
3353 3496 3474 3550 est?
3508 3494 3667 3550 Nunc

2092 3603 2173 3640 me
2196 3588 2435 3656 quwritis
2465 3586 2781 3657 interﬁcere,
2814 3588 3077 3643 hominem
3101 3589 3193 3660 qui
3218 3590 3489 3643 veritatem
3522 3589 3667 3644 vobis

2084 3681 2288 3733 locutus
2318 3695 2461 3746 sum,
2494 3696 2651 3749 quam
2685 3681 2867 3735 audivi
2892 3697 2925 3734 a
2958 3679 3122 3735 Patre
3152 3697 3264 3736 meo
3292 3680 3333 3735 ³.
3372 3680 3491 3735 Non
3518 3682 3666 3736 enim

2084 3773 2153 3826 ah
2206 3772 2436 3831 Homine
2489 3775 2651 3832 Patre
2706 3791 2827 3832 meo
2880 3775 3038 3840 dixit,
3088 3776 3185 3832 sed
3229 3778 3447 3831 Patrem
3503 3793 3669 3832 suum

2087 3866 2410 3937 przcdicans,
2463 3871 2848 3926 universorum
2897 3869 3067 3925 Deum
3133 3871 3358 3927 indicat.
3417 3869 3665 3937 Severo,

2085 3958 2181 4026 qui
2227 3967 2483 4014 naturain
2529 3962 2769 4017 hominis
2817 3963 3173 4032 suscepisset,
3225 3978 3348 4017 vere
3389 3963 3667 4017 hominem

2084 4052 2354 4119 appellat.
2409 4060 2468 4106 ut
2522 4061 2577 4108 et
2626 4055 2860 4125 apostoli
2895 4062 3204 4125 testantur;
3254 4070 3366 4125 quo
3419 4055 3669 4124 undique

2083 4143 2284 4199 veritas
2346 4147 2776 4212 corroboretur,
2853 4148 3298 4218 intelligaturque
3366 4148 3513 4203 unde
3566 4149 3662 4202 illa

2086 4237 2317 4295 Domino
2351 4250 2480 4297 sunt
2515 4242 2776 4296 attributa
2806 4242 3128 4311 cognomina
3164 4263 3176 4298 :
3207 4243 3414 4308 Jesum,
3467 4244 3665 4316 inquit,
3696 4298 3703 4304 ,

2084 4337 2252 4389 virum
2307 4334 2655 4403 approbatum
2685 4335 2739 4387 in
2784 4351 2871 4389 vos
2909 4336 3072 4406 signis
3103 4353 3164 4391 ac
3208 4337 3459 4408 prodigiis
3485 4338 3527 4405 ⁸,
3558 4348 3665 4395 etc.

2157 4430 2297 4498 Quid
2329 4429 2395 4485 ad
2437 4429 2553 4483 hazc
2590 4430 2802 4485 hiscere
2830 4430 3081 4495 audebis,
3112 4430 3489 4487 infelicissime
3527 4448 3705 4486 [ηυγ-ν

2083 4522 2315 4577 talium!
2359 4521 2451 4591 qui
2484 4535 2624 4574 nova
2671 4521 2919 4589 quaedam
2971 4520 3219 4576 inaudita
3265 4523 3485 4576 nomina
3520 4523 3669 4576 velut

2084 4628 2115 4667 e
2167 4612 2308 4666 cmlo
2362 4609 2519 4663 nobis
2572 4609 2734 4662 allata
2798 4607 3092 4673 venditas,
3147 4618 3310 4680 teque
3368 4610 3670 4665 insolenter
3724 4648 3731 4656 .

2084 4702 2369 4760 ostentas?
2425 4702 2669 4770 Quorum
2731 4701 3127 4755 vocabulorum
3184 4704 3357 4773 gratia
3418 4701 3669 4757 Hominis

2086 4813 2287 4853 nomen
2333 4796 2564 4850 Domino
2614 4795 2859 4849 omnium
2907 4809 2972 4849 ac
3024 4794 3241 4850 Parenti
3274 4796 3517 4850 tribuere
3555 4812 3699 4850 non:

2087 4891 2344 4945 dubitas:
2373 4889 2534 4959 quasi
2579 4886 2845 4942 Dominus
2889 4887 3098 4943 idcirco
3126 4886 3297 4944 Filius
3328 4888 3566 4941 hominis
3596 4888 3667 4941 sit

2089 4982 2294 5046 dictus,
2350 4981 2497 5052 quod
2538 4981 2659 5050 ejus
2707 4981 2873 5036 Pater
2900 4980 3078 5035 Homo
3116 4989 3481 5050 nuncupetur.
3526 4979 3671 5033 Doce

2087 5084 2142 5129 et
2173 5075 2402 5128 alteram
2439 5073 2884 5144 appellationem,
2937 5072 3118 5126 Virum
3148 5072 3430 5141 probatum
3468 5111 3482 5135 ,
3522 5071 3672 5125 Patri

2086 5182 2412 5239 congruere.
2445 5166 2603 5236 261
2642 5165 2809 5237 Atqui
2863 5180 3144 5235 nunquam
3200 5166 3330 5218 illud
3388 5164 3672 5218 ostendes.

2087 5259 2328 5315 Tametsi
2370 5261 2516 5314 enim
2565 5260 2648 5314 vir
2686 5259 2866 5315 omnis
2913 5259 3076 5313 homo
3114 5258 3207 5324 sit,
3258 5257 3671 5326 hominemque,

2091 5364 2150 5407 ut
2177 5368 2206 5406 a
2236 5352 2464 5407 muliere
2487 5351 2852 5413 discernatur,
2879 5351 3215 5422 appellemus
3236 5349 3436 5414 virum,
3468 5350 3672 5406 nullam

2090 5444 2217 5499 inde
2270 5458 2450 5499 tamen
2495 5444 2867 5499 calumniandi
2921 5458 3112 5498 ansam
3164 5450 3345 5514 potest
3406 5443 3679 5511 arripeieu

402 5537 515 5607 γὰρ
565 5540 863 5610 σχημάτων
913 5540 1007 5594 καὶ
1056 5540 1232 5611 μελῶν
1252 5581 1266 5605 ,
1297 5540 1543 5612 κρυφίων
1570 5556 1630 5591 τε
1658 5538 1754 5592 καὶ
1782 5538 1980 5611 ὀρατῶι

2091 5536 2308 5590 Etenim
2356 5537 2477 5590 sine
2523 5544 2674 5590 certa
2726 5538 2911 5606 specie
2963 5537 3265 5608 habituque
3310 5539 3559 5605 corporis
3608 5550 3671 5589 ac

405 5628 545 5702 ἀνὴρ
574 5630 635 5682 οὑ
678 5629 968 5702 δυνήσεται
997 5630 1298 5685 καλεῖσθαι.
1342 5629 1590 5701 Λέγομεν
1618 5629 1727 5699 γὰρ
1765 5629 1860 5681 καὶ
1894 5628 1980 5699 rip

2095 5629 2293 5698 partim
2339 5629 2597 5695 occultis,
2629 5630 2828 5701 partim
2865 5628 3491 5701 patentibusmeinbris
3530 5644 3688 5682 nun-

480 5790 496 5821 ³
524 5785 591 5844 F.
619 5788 847 5846 ἐκείνου.
928 5792 948 5823 ²
988 5788 1047 5845 F.
1089 5787 1415 5861 ἐτόλμησας.
1482 5788 1502 5820 ³
1529 5786 1685 5843 Jnan.
1717 5801 1837 5856 νιιι,
1870 5784 1960 5843 40.

2083 5784 2203 5841 Act.
2240 5800 2298 5851 ll,
2331 5783 2421 5837 29..
