4156 6358
477 278 574 335 631

1898 288 1953 344 S.
1987 287 2330 344 EPIPHANH

3638 292 3743 347 (ΕΞ

480 414 642 468 quam
691 399 868 455 virum
918 405 1285 461 nominamus.
1327 405 1539 461 Mulieri
1583 422 1747 477 porro
1791 423 1898 462 non
1938 411 2054 476 viri,

2163 421 2396 487 γυναῖκα
2426 418 2734 491 ἄνθρωπον,
2755 415 2870 471 ἀλλ’
2899 415 3000 470 οὐκ
3031 414 3217 486 ἄνδρα.
3247 412 3337 466 Διδ
3365 412 3457 466 καὶ
3482 413 3509 465 ὁ
3535 411 3630 466 ἀνθ
3641 430 3743 482 ρω-

481 491 577 546 sed
610 492 849 549 hominis
894 511 1084 551 vocem
1132 499 1446 554 tribuimus.
1483 500 1662 567 Quare
1706 508 1938 571 utroque
1970 519 2062 573 ge-

480 599 612 640 nere
658 585 746 641 hic
784 595 839 643 et
880 588 995 644 haec
1045 591 1207 644 homo
1248 593 1493 661 proferre
1529 594 1791 649 solemus.
1828 595 1933 650 Sed
1971 598 2061 651 ubi

480 694 741 747 generum
802 690 886 737 est
943 682 1331 755 distinguenda
1400 687 1741 756 proprietas,
1803 690 2059 745 feminam

479 770 750 836 mulieris,
779 788 985 828 marem
1013 775 1116 829 viri
1142 776 1361 831 nomine
1397 778 1761 834 declaramus.
1796 780 1892 835 llis
1916 782 2060 836 enim

479 864 696 921 duobus
745 867 1063 931 vocabulis,
1113 885 1373 939 generum
1427 872 1745 928 habitudine
1785 884 2058 944 separata,

480 974 649 1013 sexus
697 960 987 1030 utriusque
1029 961 1320 1019 diversitas
1345 965 1691 1035 exprimitur.
1725 967 1793 1021 At
1821 970 2060 1025 hominis

477 1065 579 1104 vox
615 1052 833 1108 nonnisi
875 1053 1182 1125 ὁμωνύμως
1232 1064 1285 1111 et
1320 1057 1574 1129 ambigue
1629 1060 1808 1115 virum
1845 1076 1908 1115 ac
1936 1078 2059 1115 mu-

476 1140 666 1199 lierem
698 1147 1081 1216 complectitur

551 1234 638 1289 lll.
658 1234 789 1301 Quae
820 1252 941 1291 cum
980 1239 1052 1292 ita
1076 1255 1135 1294 se
1164 1239 1422 1307 haoeant,
1449 1242 1654 1306 adeste,
1686 1261 1893 1315 quaeso,
1914 1248 2058 1302 servi

476 1324 572 1379 Dei
612 1342 806 1382 omnes
850 1335 904 1382 et
941 1329 1182 1385 veritatis
1214 1339 1525 1390 amatores:
1559 1332 1779 1402 planum
1834 1336 1984 1390 illum
2005 1344 2058 1392 et

476 1416 807 1471 nebulonem
843 1416 1204 1475 Colorb‘asum
1236 1420 1617 1479 vehementius
1678 1425 1944 1491 deridete,
1972 1429 2058 1483 vel

476 1510 656 1578 lugete
690 1510 874 1579 potius
919 1526 1016 1567 eos
1066 1512 1157 1581 qui
1209 1512 1421 1583 decepti
1478 1526 1625 1583 sunt,
1662 1532 1785 1571 cum
1824 1521 2056 1589 scipsos,

475 1606 592 1652 tum
621 1600 758 1653 alios
788 1614 951 1669 quam
988 1602 1253 1672 plurimos
1293 1604 1666 1675 perdiderunt.
1724 1607 1837 1665 Nos
1872 1618 2055 1666 autem

473 1688 588 1745 Deo
625 1692 831 1761 gratias
870 1708 1117 1763 agamus,
1176 1696 1323 1766 quod
1364 1698 1735 1755 mediocribus
1788 1702 2055 1774 simplici-

472 1784 685 1853 busque
723 1786 905 1841 verbis
946 1787 1089 1843 filios
1141 1804 1274 1845 suos
1327 1792 1526 1848 veritas
1562 1802 1769 1850 rectam
1815 1798 1869 1851 in
1909 1798 2053 1853 viam

474 1879 651 1932 soleat
680 1878 991 1949 deducere;
1018 1890 1212 1937 contra
1242 1899 1374 1939 vero
1414 1887 1614 1942 misera
1659 1889 1750 1943 illa
1786 1906 2054 1963 arrogan-

471 1968 671 2038 tiaeque
703 1971 860 2040 plena
882 1971 1158 2042 dogmata,
1187 1982 1241 2030 et
1267 1978 1543 2046 exquisito
1569 1980 1752 2036 fucata
1782 1983 2054 2042 lenocinio

473 2060 725 2131 dissipet,
765 2078 829 2119 ac
860 2074 1051 2137 pacate
1100 2069 1411 2141 leniterque
1442 2075 1805 2144 progrediens
1839 2086 2053 2134 evertat

471 2150 720 2209 funditus
758 2164 812 2210 et
840 2160 1186 2229 exstinguat;
1230 2171 1289 2217 ut
1325 2180 1393 2219 ex
1429 2167 1708 2235 prophetae
1736 2170 2053 2228 testimonio

471 2246 765 2305 manifeste
789 2251 1090 2322 colligitur.
1132 2254 1239 2321 Qui
1290 2259 1588 2314 nonnullos
1609 2260 1774 2331 impia
1800 2263 2050 2333 quaedam

471 2340 749 2395 curiosius
801 2343 1217 2412 adsciscentes,
1268 2363 1333 2404 ac
1382 2351 1643 2406 scelerata
1700 2355 1889 2409 nescio
1930 2371 2053 2425 qua:

471 2447 628 2487 suam
670 2434 739 2488 ad
764 2435 1011 2492 fraudem
1044 2441 1422 2511 excogitantes
1478 2445 1559 2500 sic
1594 2448 1913 2517 alloquitur:
1943 2449 2051 2505 Pro

469 2542 530 2579 eo
560 2527 699 2597 quod
724 2528 990 2597 abjecistis
1021 2549 1215 2601 aquam
1257 2534 1420 2599 Siloe,
1454 2554 1571 2607 qua:
1604 2539 1746 2593 vadit
1764 2558 1881 2595 cum
1898 2544 2054 2598 silen-

477 2616 573 2680 tio,
606 2616 834 2671 adducet
869 2636 1023 2688 super
1061 2640 1149 2677 vos
1177 2624 1435 2699 Dominus
1461 2645 1654 2699 aquam
1676 2632 1845 2700 ﬂuvii,
1880 2652 2052 2705 regem

471 2707 869 2777 Assyriorum‘.
896 2711 1029 2767 Nam
1059 2730 1256 2785 aquam
1324 2717 1469 2776 Siloe
1526 2720 1677 2778 Missi
1742 2726 2051 2783 doctrinam

470 2802 821 2873 interpretari
858 2807 1002 2861 licet.
1046 2808 1182 2874 Quis
1232 2811 1321 2866 ille
1363 2829 1493 2868 vero
1522 2816 1663 2871 alius
1712 2827 1795 2875 est
1853 2830 2053 2891 prazter

469 2889 658 2944 Jesum
694 2891 983 2950 Dominum
1021 2908 1274 2954 nostrum
1298 2916 1330 2955 a
1361 2901 1470 2957 Deo
1504 2903 1666 2962 Patro
1711 2889 1965 2976 missum,
1998 2924 2053 2970 et

471 2984 692 3052 quidem
746 2987 1135 3060 quietezquod
1182 2993 1317 3046 nihil
1351 2995 1597 3053 insolens
1655 3009 1749 3055 aut
1802 3002 2049 3061 fucatum

2163 529 2263 575 πος
2293 512 2561 582 λέγομεν,
2618 511 2711 565 καὶ
2757 511 2790 581 ἡ
2837 509 3145 580 ἄνθρωπος.
3198 505 3547 577 Διαιροῦντες
3584 504 3640 557 δὲ
3683 503 3743 556 τὺ

2160 605 2315 673 γένος
2351 604 2691 669 ἰδιαζόντως,
2737 603 2832 673 τὴν
2876 603 2972 672 μὲν
3012 602 3233 671 θήλειαν
3266 601 3501 668 γυναῖκα
3547 596 3743 651 καλοῦ-

2165 714 2264 768 μεν
2284 737 2298 761 ,
2340 697 2430 750 τὸν
2458 697 2514 749 δὲ
2540 697 2742 767 ἄρρενα
2771 695 2962 767 ἄνδρα.
2992 694 3140 765 Αὕτη
3184 692 3293 763 γὰρ
3317 691 3589 763 διάκρισίς
3624 692 3741 743 ἐστι

2160 789 2254 842 τοῦ
2285 790 2476 857 γένους
2504 789 2733 861 ἄρρενος
2780 790 2872 842 καὶ
2904 788 3142 859 θηλείας,
3187 787 3249 838 τὸ
3282 784 3421 855 ἀνὴρ
3456 783 3550 837 καὶ
3577 783 3737 853 γυνὴ,

2160 881 2543 953 διαιρουμένης
2579 882 2676 952 τῆς
2702 881 2810 934 τῶν
2842 880 3016 949 γενῶν
3044 878 3302 949 σχέσεως.
3347 873 3741 947 Ὁμωνυμικῶς

2160 974 2218 1027 δὲ
2247 972 2531 1045 ἄνθρωπος
2555 974 2649 1027 καὶ
2678 976 2707 1027 ὁ
2743 972 2883 1044 ἀνὴρ
2908 972 3003 1025 καὶ
3034 973 3067 1043 ἡ
3098 969 3238 1041 γυνὴ
3264 968 3529 1024 καλεῖται.

2229 1237 2302 1290 I".
2345 1236 2561 1289 Τούτων
2613 1235 2790 1288 τοίνυν
2850 1233 3025 1298 οὕτως
3081 1233 3342 1304 ἐχόντων,
3405 1229 3567 1302 ἦκετέ
3609 1246 3739 1301 μοι,

2159 1332 2359 1393 πάντες
2404 1330 2539 1384 Θεοῦ
2574 1329 2788 1394 δοῦλοι,
2838 1331 2887 1383 οἱ
2934 1329 3032 1399 τῆς
3063 1327 3321 1397 ἀληθείας
3352 1324 3581 1397 ἐρασταί
3602 1341 3617 1357 ’
3645 1324 3741 1378 καὶ

2158 1424 2423 1494 γελάσατε
2461 1423 2552 1477 τὸν
2594 1420 2886 1476 ἀπατεῶνα
2933 1420 3027 1474 καὶ
3071 1420 3315 1491 ἀγύρτην
3363 1416 3734 1491 Κολόρϐασον·

2162 1517 2360 1589 μᾶλλον
2381 1516 2438 1569 δὲ
2464 1514 2766 1585 πενθήσατε
2794 1513 2919 1576 τοὺς
2943 1511 3342 1583 ἀπατηθέντας,
3370 1510 3465 1563 καὶ
3492 1507 3738 1571 ἑαυτοὺς,

2159 1610 2255 1663 καὶ
2284 1608 2509 1672 πολλοὺς
2544 1606 2935 1668 ἀπολέσαντας.
2977 1603 3140 1657 Αὐτοὶ
3171 1603 3229 1656 δὲ
3264 1600 3382 1672 Θεῷ
3410 1601 3738 1672 εὐχαριστή-

2164 1718 2367 1772 σωμεν,
2397 1701 2472 1764 ὡς
2499 1698 2589 1753 διὰ
2637 1698 2848 1770 μικρῶν
2884 1697 2979 1750 καὶ
3028 1695 3217 1750 ἁπλῶν
3249 1694 3421 1764 λόγων
3451 1695 3484 1763 ἡ
3514 1691 3739 1772 ἀληθεια

2084 1782 2127 1837 Β
2154 1768 2279 1858 τοὺς
2313 1792 2514 1863 ἑαυτῆς
2546 1768 2781 1855 είςήόδδν
2815 1789 3029 1843 εὐθεῖαν
3074 1789 3291 1859 ὁδηγεῖν
3321 1785 3481 1839 εἴωθε
3501 1800 3515 1814 '
3553 1768 3646 1837 καὶ
3671 1782 3741 1835 τά

2159 1885 2377 1959 σχέτλια
2403 1885 2498 1939 καὶ
2526 1884 2872 1955 πολύκομπα,
2902 1882 2990 1936 διὰ
3024 1881 3225 1950 πολλῆς
3250 1880 3499 1951 μηχανῆς
3525 1875 3735 1931 καλλω-

2157 1977 2419 2032 πισοέντα
2442 2017 2457 2041 ,
2496 1976 2939 2030 διασκεδάννυσιν
2964 2014 2978 2037 ,
3014 1972 3311 2044 ἀνατρέπει
3346 1969 3440 2023 καὶ
3484 1968 3737 2038 ἀφανίζει

2156 2071 2331 2142 ἡσυχῆ
2366 2068 2653 2139 βαίνουσα’
2686 2067 2759 2130 ὼς
2796 2065 2982 2135 σαφῶς
3010 2064 3156 2117 ἔστιν
3189 2063 3316 2115 ἰδεῖν
3348 2060 3456 2115 ἀπὸ
3480 2058 3575 2111 τοῦ
3604 2075 3739 2129 προ-

2155 2162 2384 2235 φητικοῦ
2437 2161 2618 2229 λόγου.
2656 2157 2937 2227 Ἐγκαλῶν
2974 2156 3083 2227 γὰρ
3130 2157 3158 2208 ὁ
3192 2154 3477 2226 προφήτης
3524 2152 3636 2212 τοῖς
3669 2148 3741 2203 τά

2153 2254 2301 2310 δεινὰ
2333 2250 2872 2325 περιεργαζομένοις,
2907 2250 3001 2303 καὶ
3028 2248 3049 2279 ⁸
3082 2246 3377 2317 πολύφημα
3407 2244 3735 2308 ἐπινοοῦσιν,

2155 2350 2234 2412 εἰς
2269 2346 2473 2401 ἑαυτῶν
2502 2344 2718 2414 ἀπάτην
2742 2384 2757 2409 ,
2793 2342 2944 2411 ἔλεγε
2964 2359 2977 2371 ·
3007 2340 3110 2393 Διά
3136 2339 3201 2392 τὸ
3228 2338 3312 2408 μὴ
3345 2336 3545 2393 θέλειν
3582 2333 3737 2404 ὑμᾶς

2154 2439 2217 2493 τὸ
2254 2438 2407 2506 ὕδωρ
2440 2437 2545 2491 τοῦ
2576 2436 2811 2504 Σιλωὰμ
2836 2433 2903 2489 τὸ
2930 2432 3339 2502 πορευόμενον
3370 2427 3600 2498 ἡσυχῆ,
3630 2428 3737 2481 dr-

2153 2532 2280 2599 ἄγει
2317 2530 2407 2599 ἐφ’
2443 2527 2599 2599 ὑμᾶς
2629 2529 2843 2595 Κύριος
2868 2527 2933 2579 τὸ
2973 2525 3129 2593 ὕδωρ
3163 2522 3269 2577 τοῦ
3306 2520 3597 2590 ποταμοῦ,
3631 2519 3739 2572 τόν

2147 2623 2415 2689 βασιλέα
2455 2621 2574 2676 τῶν
2606 2620 2964 2688 ἈσσιφίωἈ
2995 2618 3179 2686 ’Υδωρ
3212 2617 3319 2688 γὰρ
3344 2614 3587 2684 Σιλωὰμ,
3621 2612 3738 2665 ἐστὶ

2152 2716 2470 2771 διδασκαλία
2499 2714 2594 2767 τοῦ
2629 2712 3066 2784 ἀπεσταλμένου.
3118 2713 3215 2775 Τίς
3262 2712 3306 2765 δ’
3350 2711 3415 2765 ἂν
3464 2711 3551 2780 εἴη
3583 2702 3740 2773 οὗτος

2154 2808 2268 2862 ἀλλ’
2303 2809 2335 2878 ἢ
2369 2807 2396 2858 ὁ
2431 2806 2633 2877 Κύριος
2660 2804 2817 2875 ἡμῶν
2850 2802 3091 2874 Ἰησοῦς,
3126 2803 3153 2855 ὁ
3198 2803 3305 2856 ἀπὸ
3330 2801 3423 2855 τοῦ
3458 2801 3592 2854 Θεοῦ
3625 2803 3736 2855 Πα-

2152 2900 2278 2972 τρὸς
2318 2897 2482 2952 αὐτοῦ
2530 2894 2979 2966 ἀπεσταλμένος,
3024 2893 3201 2965 ἡσυχῆ
3247 2894 3302 2946 δὲ
3348 2893 3437 2946 διὰ
3466 2894 3525 2947 τὸ
3574 2891 3741 2962 μηδὲν

2155 2992 2510 3061 καινὸφωνον,
2558 2992 2695 3060 μήτε
2741 2986 3097 3053 ἐπίπλαστον,
3146 2987 3261 3040 ἀλλ’
3295 2988 3352 3039 ὲν
3380 2985 3610 3057 ἀληθείᾳ
3638 2985 3740 3055 τὴν

470 3084 814 3148 perstrepat;
878 3082 975 3135 sed
1029 3099 1157 3138 vere
1225 3100 1289 3140 ac
1357 3089 1573 3147 sincere
1636 3097 2049 3153 sanctissimam

2157 3087 2317 3156 ἁγίαν
2349 3084 2510 3139 αὑτοῦ
2545 3082 2764 3155 νύμφην
2798 3082 2896 3154 τὴν
2924 3085 3052 3155 παρ’
3079 3082 3244 3137 αὐτοῦ
3282 3070 3610 3153 περιστερὰν
3643 3098 3741 3133 κα-

473 3170 742 3239 Sponsam
772 3174 1017 3240 edoceat,
1049 3193 1212 3245 quam
1234 3179 1285 3234 in
1319 3179 1629 3239 Salomonis
1658 3186 1903 3246 Canticis
1959 3210 2055 3250 co-

469 3262 713 3318 lumbam
736 3266 805 3319 ιιι)
837 3268 1091 3324 animalis
1131 3270 1544 3341 simplicitatem
1583 3284 1639 3331 et
1672 3288 2056 3343 mansuetudi-

470 3370 597 3411 nem
647 3358 1053 3431 puritatemque
1114 3366 1467 3433 cognominat
1502 3368 1566 3422 "l
1621 3369 1707 3435 Et,
1775 3380 1919 3445 quod
1975 3390 2060 3438 est

472 3449 832 3507 admiratione
853 3453 1089 3525 dignius,
1106 3457 1277 3527 ,262
1302 3460 1539 3529 reliquas
1555 3478 1768 3533 omnes,
1788 3486 1909 3540 qua:
1931 3490 2055 3529 cum

473 3544 665 3598 aliena:
704 3545 835 3608 sint,
873 3562 1070 3603 nomen
1098 3550 1272 3619 ipsius
1306 3564 1592 3622 usurpant,
1627 3562 1967 3622 concubinas
1996 3582 2059 3622 ac

470 3638 691 3705 reginas
753 3640 1023 3707 appellat,
1052 3641 1124 3696 ob
1167 3643 1375 3713 regium
1401 3646 1606 3703 Christi
1636 3668 1858 3720 nomen,
1912 3660 2056 3729 quod

472 3742 817 3799 unaqumque
845 3732 951 3785 sibi
983 3733 1285 3790 insolenter
1308 3751 1568 3809 arrogare
1601 3748 1905 3803 contendit.
1945 3751 2055 3807 Sed

472 3823 575 3877 etsi
616 3825 937 3881 concubinae
993 3827 1103 3880 sint
1157 3830 1438 3899 octoginta
1464 3875 1479 3898 ,
1525 3835 1629 3890 hoc
1668 3846 1753 3892 est
1782 3840 2054 3911 haereses;

474 3925 613 3980 tum,
640 3916 829 3985 puella:
858 3935 1105 3987 quarum,
1148 3921 1346 3993 inquit,
1381 3942 1486 3979 non
1533 3937 1613 3981 est
1651 3947 1922 4001 numerus,
1950 3953 2056 3989 una

474 4020 653 4064 tamen
678 4019 756 4066 est
794 4012 1040 4069 columba
1084 4032 1222 4079 mea,
1282 4018 1514 4087 perfecta
1570 4026 1754 4079 mea’:
1798 4027 2054 4083 nimirum

474 4112 670 4155 saneta
695 4111 750 4158 et
779 4104 1058 4160 catholica
1098 4105 1362 4163 Ecclesia.
1389 4112 1521 4176 Quae
1554 4116 1807 4172 columba
1831 4121 2052 4189 quidem

473 4202 583 4256 est,
618 4203 677 4248 ut
707 4196 970 4263 diximus,
1008 4199 1079 4253 ob
1133 4199 1299 4269 hujus
1334 4203 1453 4258 avis
1494 4210 1969 4265 mansuetudinem
2003 4221 2057 4266 et

473 4284 842 4340 innocentiam
888 4303 953 4343 ac
1003 4290 1409 4360 sinceritatem;
1438 4296 1680 4363 perfecta
1706 4315 1858 4363 vero,
1900 4303 2053 4372 quod

472 4375 771 4445 perfectam
805 4393 834 4431 a
867 4379 975 4433 Deo
1005 4380 1315 4448 scientiam,
1345 4386 1767 4461 absolutamque
1817 4393 1887 4447 ab
1934 4395 2055 4463 ipso

2158 3180 2444 3250 λουμένην,
2482 3177 2570 3231 διὰ
2610 3177 2671 3230 τὸ
2703 3177 2907 3232 ἄκακον
2938 3177 3030 3229 καὶ
3057 3176 3267 3246 ἥμερον
3300 3175 3393 3228 καί
3418 3174 3741 3244 καθαρώτα-

2158 3289 2247 3324 τον
2282 3270 2375 3323 τοῦ
2405 3268 2563 3335 ζώου,
2614 3272 2670 3323 ὲν
2696 3272 2807 3333 τοῖς
2840 3268 3083 3341 ’ᾼσμασι
3109 3267 3204 3321 τοῦ
3238 3266 3585 3338 Σολομῶνος,
3628 3266 3741 3319 Καὶ

2159 3363 2574 3434 ἐπιθαυμάσαι
2607 3364 2647 3429 ⁵,
2680 3361 2780 3426 τάς
2817 3362 2913 3432 μὲν
2948 3360 3115 3425 ἄλλας
3158 3361 3232 3432 μὴ
3249 3359 3413 3423 οὔσας
3432 3357 3619 3421 αὐτοῦ,
3646 3358 3739 3411 ἐπὶ

2157 3456 2213 3510 δὲ
2248 3455 2323 3526 τῷ
2346 3456 2569 3527 ὀνόματι
2600 3454 2763 3509 αὑτοῦ
2792 3454 2989 3518 ἑαυτὰς
3023 3453 3355 3524 κεκληκυίας
3382 3453 3737 3516 παλλακίδας,

2157 3549 2409 3621 ὠνόμασε
2454 3550 2548 3603 καὶ
2585 3547 2902 3619 βασιλίσσας
2936 3547 3025 3601 διὰ
3064 3547 3127 3600 τὸ
3166 3546 3447 3617 βασιλεῦον
3480 3546 3671 3617 ὄνομα,
3710 3544 3739 3599 ὁ

2158 3640 2361 3712 ἑκάστη
2412 3643 2647 3713 Χριστὸν
2694 3639 3110 3711 ἐπιγραφομένη
3172 3641 3339 3710 ἑαυτῇ
3391 3638 3734 3709 σεμνύνεται.

2168 3736 2307 3789 Ἀλλ’
2344 3736 2393 3788 εἰ
2424 3736 2518 3788 καὶ
2540 3734 2874 3805 ὀγδοήκοντά
2902 3736 3007 3787 είσι
3035 3732 3334 3797 παλλακαὶ,
3363 3733 3565 3797 αἵτινές
3600 3736 3739 3786 εἰσιν

2156 3830 2213 3883 αἱ
2258 3829 2533 3900 αἱρέσεις’
2582 3827 2774 3881 ἔπειτα
2825 3826 2911 3889 δὲ.
2936 3825 3207 3892 νεάνιδες
3233 3865 3248 3891 ,
3282 3819 3371 3879 ὧν
3417 3827 3528 3879 οὐκ
3566 3825 3739 3879 ἐστιν

2154 3920 2415 3989 ἀριθμὸς,
2436 3919 2598 3991 φησὶ,
2612 3919 2720 3988 μία
2739 3919 2871 3973 ἐστὶ
2893 3917 3211 3988 περιστερά
3228 3935 3369 3987 μου,
3387 3918 3585 3971 τελεία
3595 3934 3731 3987 μου·

2153 4013 2432 4067 τουτέστιν
2453 4013 2589 4083 αὑτὴ
2616 4013 2746 4081 ἁγία
2768 4011 2977 4083 νύμφη,
3012 4015 3105 4067 καὶ
3131 4013 3389 4083 καθολικὴ
3416 4010 3733 4081 Ἐκκλησία.

2155 4108 2461 4177 Περιστερά
2498 4104 2619 4175 μὲν,
2643 4106 2717 4169 ὡς
2745 4106 2900 4176 ἔφην,
2927 4105 3014 4158 διὰ
3044 4106 3103 4158 τὸ
3131 4107 3359 4175 ἥμερον,
3380 4105 3473 4157 καὶ
3508 4103 3733 4167 ἄκακον,

2155 4198 2249 4250 καὶ
2280 4195 2519 4267 καθαρὸν
2541 4194 2633 4247 τοῦ
2674 4193 2848 4259 ζώου·
2878 4194 3060 4247 τελεία
3091 4194 3169 4257 δὲ,
3195 4193 3283 4247 διὰ
3305 4193 3364 4247 τὸ
3396 4195 3492 4264 τὴν
3524 4192 3736 4245 τελείαν

2156 4292 2219 4342 ἐκ
2268 4286 2403 4341 Θεοῦ
2454 4287 2638 4341 λαϐεῖν
2674 4286 2855 4357 χάριν,
2877 4286 2971 4340 καὶ
3008 4286 3211 4354 γνῶσιν
3252 4287 3384 4357 παρ’
3431 4285 3594 4338 αὑτοῦ
3642 4282 3734 4337 τοῦ

2156 4382 2409 4452 Σωτῆρος
2441 4380 2526 4432 διὰ
2551 4378 2868 4450 Πνεύματος
2888 4376 3069 4446 ἁγίου.
3105 4377 3275 4440 Αὐτὸς
3305 4372 3397 4430 οὖν
3430 4379 3457 4429 ὁ
3485 4376 3731 4446 νυμφίος,

475 4469 758 4526 Salvatore
826 4488 921 4541 per
996 4471 1260 4542 Spiritum
1338 4488 1589 4533 sanctum
1683 4484 2051 4553 cognitionem

2158 4478 2186 4527 ὁ
2231 4471 2710 4542 Ἀπεσταλμένος
2744 4471 3204 4542 ἑρμηνευόμενος,
3230 4468 3475 4521 τουτέστι
3494 4467 3735 4537 Σιλωὰμ,

473 4564 667 4633 adepta
698 4564 789 4620 sit.
810 4565 977 4635 Igitur
1001 4582 1237 4636 sponsus
1293 4569 1430 4640 ipse,
1452 4586 1612 4641 quem
1632 4573 1858 4630 Missum
1887 4578 2059 4633 inter-

472 4656 677 4724 pretari
708 4656 856 4721 licet,
887 4658 991 4714 hoc.
1025 4668 1111 4715 est
1161 4660 1386 4728 Siloam,
1420 4680 1617 4734 aquam
1668 4669 1830 4725 habet
1860 4670 2055 4725 leniter

471 4750 886 4819 scaturientem,
923 4751 1233 4808 doctrinam
1267 4756 1479 4811 scilicet
1525 4774 1635 4814 non
1686 4759 1891 4829 ingenti
1927 4779 2054 4817 cum

472 4843 702 4912 strepitu
769 4858 834 4898 ac
908 4844 1125 4916 fragore
1200 4849 1562 4918 pmcipitem,
1624 4867 1726 4906 nec
1780 4854 1928 4907 inani
1992 4871 2054 4910 se

469 4950 672 5005 pompa
699 4942 754 4991 et
786 4935 1083 4993 ambitione
1115 4937 1437 5007 jactantem.
1469 4942 1643 5011 Cujus
1666 4959 1869 5013 sponsa
1899 4950 2050 5003 mitis

470 5027 648 5083 instar
685 5028 952 5084 columba:
979 5045 1189 5086 veneno
1222 5041 1410 5099 caret;
1448 5049 1624 5104 neque
1654 5036 1889 5092 molares
1916 5038 2052 5092 den-

472 5130 555 5177 tes
577 5131 671 5177 aut
702 5125 922 5181 aculeos
955 5126 1115 5196 gerit,
1177 5124 1486 5195 cujusmodi
1529 5136 1813 5198 serpentes
1848 5129 2053 5184 habent

470 5214 564 5269 isti
596 5213 687 5284 qui
714 5231 924 5271 veneno
955 5227 1184 5279 scatent,
1224 5233 1456 5286 quorum
1490 5220 1686 5288 singuli
1716 5221 2051 5291 praecipuum

469 5306 694 5376 aliquod
729 5310 1045 5363 mortalium
1092 5311 1279 5380 generi
1316 5311 1467 5364 virus
1500 5319 1777 5366 conantur
1840 5312 2051 5365 immit-

469 5404 622 5459 tere,
681 5414 745 5455 ac
774 5409 1078 5457 sectatores
1127 5418 1259 5457 suos
1300 5418 1677 5473 corrumpere.
1727 5403 1969 5469 Quorum
2023 5418 2054 5457 e

470 5503 703 5543 numero
732 5490 820 5546 ille
841 5500 925 5548 est
951 5492 1085 5563 ipse.
1108 5508 1269 5563 quem
1302 5492 1488 5547 divino
1514 5493 1683 5547 verba
1732 5493 2054 5563 caalcstique

469 5583 728 5653 praesidio
763 5584 935 5641 fretus
961 5587 1213 5658 detegere
1244 5586 1449 5649 studui,
1472 5603 1535 5642 ac
1563 5586 1843 5657 pb-alangii
1876 5586 2052 5642 instar

2158 4565 2301 4636 ὕδωρ
2328 4565 2440 4635 ἕχει
2469 4565 2834 4635 πορευόμενον
2862 4563 3039 4634 ἠσυχῆ
3068 4603 3081 4627 ,
3118 4561 3361 4615 τουτέστι
3393 4559 3738 4613 διδασκαλίαν

2155 4657 2419 4719 ἄδουπον,
2461 4656 2554 4709 καὶ
2605 4652 2970 4725 ἀψοφοποιὸν,
3007 4654 3099 4707 καὶ
3145 4654 3601 4719 ἀφαντασίαστον,
3640 4650 3738 4704 καὶ

2153 4750 2525 4820 ἀκόμπαστον.
2582 4749 2644 4801 Ἥ
2694 4747 2750 4799 δὲ
2786 4747 2950 4800 αὐτοῦ
2988 4746 3175 4818 νύμφη
3228 4746 3321 4799 καὶ
3365 4745 3503 4817 αὐτὴ
3536 4746 3738 4815 ἥσυχος

2152 4842 2480 4915 περιστερὰ,
2537 4843 2675 4913 μήτε
2713 4842 2788 4894 ίὺν
2833 4840 3069 4911 ἔχουσα,
3124 4842 3262 4911 μήτε
3308 4838 3735 4910 μυλοστομίδας,

2155 4939 2290 5009 μήτε
2323 4936 2544 5006 κέντρα,
2580 4936 2654 4999 ὼς
2688 4930 2833 4989 οὗτοι
2870 4935 3072 4998 πάντες
3104 4937 3151 4987 οἱ
3184 4934 3608 5005 έρπετὸμορφοι,
3642 4931 3737 4986 καὶ

2156 5030 2232 5083 ἱὸν
2279 5028 2803 5092 ἀναϐλυστάνοντες,
2839 5028 3071 5091 ἕκαστος
3111 5026 3607 5097 φιλοτιμησάμενος
3641 5027 3736 5096 δη-

2152 5118 2405 5191 λητήριὸν
2424 5136 2477 5171 τι
2507 5117 2582 5189 τῷ
2607 5117 2797 5189 κόσμῳ
2824 5118 3253 5182 κατασκευάσαι,
3280 5120 3372 5171 καὶ
3395 5117 3738 5189 λυμήνασθαι

2151 5213 2277 5275 τοὺς
2309 5209 2458 5281 αὐτῷ
2492 5209 2844 5274 πεισθέντας·
2877 5204 2952 5263 ὧν
2989 5211 3084 5263 καὶ
3114 5206 3267 5272 οὗτος
3301 5205 3381 5273 εἷς
3426 5209 3503 5263 ῶν
3533 5209 3737 5279 τυγχά-

2154 5322 2256 5368 νει,
2288 5307 2316 5358 ὁ
2347 5302 2581 5358 ἐνταῦθά
2618 5322 2706 5374 μοι
2734 5304 3093 5367 σπουδασθεὶς
3128 5304 3447 5375 φωραθῆναι
3468 5304 3557 5357 διὰ
3590 5304 3733 5357 θείου

2151 5398 2310 5467 λόγου
2339 5399 2432 5451 καὶ
2468 5397 2720 5469 βοηθείας
2754 5398 2854 5467 τῆς
2896 5397 3121 5461 ἄνωθεν,
3153 5398 3247 5450 καὶ
3280 5397 3625 5468 συντριϐῆναι
3660 5396 3735 5448 δί-

2151 5509 2253 5563 κην
2290 5491 2590 5560 φαλαγγίου
2623 5489 2990 5562 τετραγνάθου
3032 5490 3262 5561 ἑρπετοῦ
3308 5490 3663 5560 καλουμένου,
3698 5488 3729 5561 ἢ

2150 5582 2227 5647 ὡς
2256 5583 2365 5636 ἀπὸ
2390 5582 2762 5655 ἀμφισϐαίνης
2789 5582 2888 5653 τῆς
2920 5581 3209 5652 δικεφάλου
3231 5581 3444 5652 ἐχίδνης
3464 5581 3734 5652 τμηθεῖσα

550 5738 699 5795 ιιδι.
736 5755 857 5812 vut,
886 5742 939 5798 6.
1009 5747 1028 5777 ³
1064 5741 1220 5800 Cant.
1248 5759 1307 5810 ιι,
1350 5742 1439 5810 10,
1479 5743 1576 5813 14;
1614 5760 1668 5811 v,
1699 5744 1775 5813 2;
1812 5760 1887 5813 vi,
1912 5743 1966 5799 8.
2042 5745 2054 5776 ⁵

2154 5752 2250 5803 tnt.
2276 5760 2353 5812 γι,
2385 5742 2440 5815 7,
2465 5742 2518 5797 8.
2597 5743 2617 5775 ⁸
2647 5741 2708 5799 F.
2733 5742 3089 5816 παλίμφημα.
3168 5744 3187 5776 ⁵
3217 5740 3373 5799 Deest
3424 5742 3503 5810 ὡς
