4154 6404
337 315 441 374 653

949 315 1321 376 ADVERSUS
1357 318 1696 375 lleRESES
1731 319 1860 374 LIB.
1896 317 1902 371 1

2004 317 2138 372 ὈΜ.
2179 315 2356 372 111.-
2389 315 2661 371 (ΗΕΒΕΞ.
2705 313 2946 369 XXXVI.

3479 309 3584 367 63:5

336 432 553 503 κεφαλὴ
595 432 654 486 ἐν
712 435 974 506 συντομία
1023 437 1486 508 κατακλασθῆναι.
1532 438 1822 510 Παρελθὼν
1854 438 1902 492 δὲ

2013 436 2296 497 obterere,
2374 433 2520 502 quod
2581 431 3010 501 tetragnatbum,
3063 428 3168 483 hoc
3215 433 3302 483 est
3358 434 3585 495 quatuor

333 520 526 575 τοῦτον
577 523 759 587 πάλιν,
811 524 910 587 τὰς
966 524 1094 595 ἑξῆς
1144 525 1520 598 διασκοπὴσωο
1567 529 1662 580 καὶ
1708 528 1909 590 ταύτας

334 613 566 679 διεξιὼν,
611 616 676 668 δι’
708 615 874 687 εὐχῆς
902 618 1130 687 αἰτήσω,
1166 617 1234 671 τά
1281 619 1378 687 μὲν
1407 620 1527 672 κατ’
1561 618 1729 682 αὐτὰς
1767 619 1908 672 κατὰ

338 704 594 776 ἀλήθειαν
621 707 855 774 ἐξειπεῖν
878 747 893 772 ,
928 708 1130 779 μηδένα
1156 708 1212 762 δὲ
1240 708 1438 778 ϐλάψαι
1459 748 1474 774 ,
1509 708 1540 780 ἢ
1575 709 1736 774 αὐτὸς
1774 707 1905 780 βλα-

336 799 513 870 ϐῆναι.

2011 527 2169 580 malis
2210 524 2492 593 pra'ditum
2552 533 2782 578 vocant:
2844 531 2937 576 aut
2997 522 3142 576 velut
3202 518 3584 589 amphisbaenas

2008 617 2249 687 bicipitis
2276 618 2476 686 viperae
2532 616 2807 670 desectum
2860 620 3025 684 caput
3083 612 3446 682 confringere.
3477 607 3583 662 Sed

2005 709 2109 762 hoc
2133 709 2340 763 omisso
2366 709 2606 776 reliquas
2639 721 3052 776 persequamur.
3073 706 3226 772 Quod
3249 705 3376 759 dum
3403 718 3586 772 aggre-

2005 800 2147 863 dior,
2167 802 2392 870 supplex
2422 815 2452 852 a
2484 800 2594 854 Deo
2631 801 2866 868 postulo,
2902 807 2963 853 ut
2989 812 3109 868 qua:
3136 797 3204 850 ad
3238 797 3359 851 illas
3413 793 3582 864 perti-

339 899 491 956 nent,
521 891 594 946 ita
645 907 713 947 ex
766 892 848 948 rei
895 892 1126 948 veritate
1182 892 1475 964 proferam,
1539 893 1687 948 nulla
1744 897 1806 945 ut
1848 890 1904 944 in
1933 905 2258 960 quemquam
2282 898 2443 960 atque
2465 889 2599 943 adeo
2627 889 2890 958 meipsum
2915 882 3076 942 exeo
3131 885 3282 940 fraus
3338 898 3402 937 ac
3458 896 3582 953 per-

343 984 511 1041 nicies
544 983 832 1040 redundet.

721 1100 911 1153 ΚΑΤΑ
954 1100 1488 1154 ΗΡΑΚΛΕΩΝΙΤΩΝ
1502 1139 1519 1164 ,

538 1211 974 1282 Εξκαιδεκάτη,
1013 1213 1053 1280 ἠ
1089 1212 1190 1266 καί
1226 1210 1546 1281 τριακοστὴ
1563 1213 1727 1280 ἕκτη.

402 1339 474 1396 A'.
495 1341 804 1414 Ἡρακλέων
818 1360 902 1406 τις
915 1343 1101 1396 τοῦτον
1120 1343 1205 1397 τὸν
1222 1344 1470 1414 Κολόρϐα
1478 1362 1566 1397 σον
1582 1345 1901 1416 διαδέχεται,

336 1433 428 1502 ἀφ’
460 1426 631 1504 οὗπερ
657 1435 705 1486 οἱ
735 1433 1157 1504 Ἠρακλεωνῖται
1186 1435 1530 1506 καλούμενοι,
1559 1436 1710 1489 οὐδὲν
1739 1432 1901 1508 ἦττον

333 1524 433 1595 τῆς
491 1524 643 1596 παρὰ
680 1524 868 1580 τοῦτον
912 1527 1241 1596 κενοφωνίας
1273 1527 1602 1598 ἠσκημένος.
1655 1529 1765 1582 Καὶ
1801 1529 1901 1582 ὅσα

336 1620 434 1690 μὲν
472 1619 668 1671 ἐκεῖνοι
701 1617 940 1686 λέγουσι,
971 1619 1063 1672 καὶ
1105 1613 1256 1682 οὗτος
1287 1618 1527 1689 ὁρίζεται
1556 1619 1696 1673 κατὰ
1723 1620 1900 1674 πάντα

2333 1094 2614 1152 CONTRA
2660 1091 3256 1158 llERACLEONlTAS,

2216 1206 2349 1273 Quae
2395 1217 2475 1261 est
2515 1207 2729 1262 haeresis
2758 1207 2807 1261 X
2826 1203 2918 1272 V1,
2961 1205 3038 1260 uel
3078 1201 3351 1258 XXXVI.
3406 1196 3410 1202 ’

2073 1344 2114 1401 ῐ.
2144 1346 2442 1402 Colorbaso
2468 1346 2711 1403 succedit
2739 1345 3058 1407 lleracleon,
3082 1361 3110 1398 ει
3151 1358 3260 1413 quo
3303 1341 3584 1398 Heraclio--

2001 1435 2237 1490 nitarum
2278 1442 2426 1491 secta
2479 1437 2813 1498 nominatur,
2873 1433 3231 1488 nihilominus
3281 1447 3445 1502 quam
3473 1445 3580 1486 caa-

2008 1521 2112 1575 teri
2143 1522 2304 1592 nugis
2331 1537 2396 1576 ac
2422 1522 2722 1578 mendaciis
2753 1522 3073 1577 instructus.
3120 1519 3394 1590 Quidquid
3434 1519 3581 1574 enim

2006 1615 2076 1668 ab
2107 1614 2212 1668 illis
2261 1614 2549 1681 asseritur,
2609 1615 2697 1668 hic
2754 1623 2936 1669 tuetur
2974 1630 3037 1667 ac
3071 1611 3314 1668 defendit
3358 1613 3579 1670 omnia:

332 1709 553 1780 τρόπον,
582 1705 669 1762 οἷα
692 1709 756 1781 δὴ
788 1709 847 1774 ἐξ
878 1709 1058 1763 αὐτῶν
1082 1709 1416 1781 ὁρμώμενος,
1445 1713 1539 1765 καὶ
1563 1713 1693 1783 παρ’
1721 1712 1900 1766 αὐτῶν

2005 1711 2190 1774 utpote
2217 1704 2308 1774 qui
2343 1704 2411 1758 ab
2437 1704 2544 1758 illis
2565 1716 2741 1758 ortum
2775 1705 2977 1774 pariter
3012 1717 3074 1757 ac
3093 1710 3414 1758 venenatam
3430 1702 3579 1757 luem

333 1798 422 1851 τὸν
461 1797 537 1852 ἰὺν
569 1797 1007 1869 ὰπομαξάμενος,
1041 1800 1423 1872 περισσότερον
1469 1801 1525 1854 δὲ
1572 1801 1730 1872 δῆθεν
1771 1803 1911 1874 ὑπὲρ

333 1889 575 1953 ἐκείνους
612 1889 669 1944 ὲν
716 1890 894 1961 ἐαυτῷ
928 1891 1424 1963 ἁνατυπωσάμενός
1469 1910 1612 1957 τινα,
1661 1893 1908 1964 βούλεται

332 1979 573 2044 ἐκείνους
627 1981 980 2053 ὑπεραίρειν,
1041 1982 1129 2036 ἵνα
1185 1983 1280 2038 καὶ
1344 1983 1523 2054 ὲαυτῷ
1590 1985 1910 2056 συναγωγὴν

331 2072 625 2143 ποιήσηται
657 2073 765 2125 τῶν
793 2073 1176 2145 ἠπατημένων.
1218 2069 1374 2130 Οὗτοι
1418 2076 1524 2148 γὰρ
1572 2076 1790 2142 πάντες,
1829 2079 1909 2140 είς

329 2163 828 2233 ὲκατοντακέφαλον
862 2165 1086 2230 ἑαυτοὺς
1137 2165 1588 2231 ἁνατυπώσαντες
1639 2167 1830 2238 σῶμα,
1872 2168 1904 2238 ἢ

330 2253 809 2324 ἐκατοντάχειρον,
851 2255 942 2308 τόν
995 2273 1124 2309 ποτε
1180 2256 1550 2328 μυθευόμενον
1603 2258 1754 2329 παρὰ
1794 2261 1907 2322 τοῖς

327 2342 435 2397 τῶν
471 2344 740 2417 Ἐλλήνων
773 2348 1026 2418 ποιηταῖς
1067 2348 1408 2420 ἐμιμήσαντο
1442 2349 1646 2404 Κόττον
1675 2350 1707 2420 ἢ
1743 2351 1907 2421 Βριά-

329 2452 489 2507 ρεων,
521 2436 580 2490 ὃν
625 2439 718 2491 καὶ
749 2438 1025 2506 Αἰγαίωνα
1052 2439 1326 2506 καλοῦσιν,
1351 2441 1384 2512 ἢ
1405 2441 1604 2512 Γύγην,
1630 2441 1662 2513 ἦ
1692 2443 1782 2496 τὸν
1807 2461 1907 2497 κα·-

327 2526 583 2598 λούμενον
614 2529 814 2600 Ἀργον
851 2529 942 2583 τὸν
975 2530 1411 2614 πολυόφθαλμον,
1443 2531 1588 2596 οἵους
1617 2534 1814 2585 ἐκεῖνοι
1847 2534 1906 2586 ἐν

325 2621 446 2682 ταῖς
470 2618 680 2673 ἑαυτῶν
709 2619 1007 2691 ῥαψῳδίαις
1031 2621 1435 2692 τερατεύονται,
1468 2622 1901 2694 ποιητευόμενοι,

328 2710 423 2762 καὶ
453 2709 702 2779 λέγοντες
733 2709 878 2781 ἔχειν
909 2711 1000 2765 τὸν
1045 2711 1146 2782 μὲν
1189 2711 1382 2765 ἑκατὸν
1412 2715 1617 2785 χεῖρας,
1649 2714 1743 2767 καὶ
1775 2714 1905 2766 ποτὲ

331 2801 463 2871 μὲνί
511 2804 850 2873 πεντήκοντα
891 2804 1150 2874 κεφαλὰς,
1184 2805 1312 2858 ποτὲ
1361 2804 1418 2857 δὲ
1464 2806 1654 2858 ἑκατόν
1677 2821 1688 2834 ⁸
1723 2806 1814 2860 τὸν
1846 2805 1904 2858 δὲ

327 2889 520 2948 ἑκατὸν
560 2893 885 2965 ὀφθαλμούς.
918 2898 1030 2950 Καὶ
1050 2896 1240 2950 τούτου
1275 2897 1437 2950 ἕνεκα
1473 2899 1607 2967 φασὶ
1650 2898 1738 2951 τὸν
1783 2899 1904 2969 Ἐρο

331 2985 438 3055 μῆν
479 2984 760 3040 καλεῖσθαι
787 2987 1198 3060 Ἀργειφόντην,
1226 2989 1301 3054 ὡς
1328 2989 1420 3043 τὸν
1449 2990 1650 3062 Ἀργον
1675 2989 1766 3042 τὸν
1806 3006 1903 3043 πο-

328 3073 669 3148 λυόφθαλμον
702 3081 1088 3148 πεφονευκότα.
1116 3081 1271 3136 Οὕτω
1294 3083 1389 3136 καὶ
1420 3083 1624 3137 τούτων
1649 3083 1899 3146 ἕκαστος,

330 3167 654 3240 βουλόμενος
702 3173 879 3243 ἑαυτῷ
925 3174 1099 3245 ἀρχὴν
1152 3175 1601 3248 προστήσασθαι,
1657 3174 1897 3245 κεφαλὴν

327 3261 608 3331 ὠνόμασεν
645 3263 852 3326 ἑαυτὸν,
886 3265 1048 3337 ἕτερα
1081 3267 1428 3338 ὑπεισφέρων
1468 3267 1620 3340 παρὰ
1662 3267 1762 3339 τὴν
1789 3267 1898 3320 τῶν

326 3353 657 3408 διδασκάλων
702 3355 865 3409 αὑτοῦ
913 3358 1300 3428 ματαιοπονίαν
1330 3359 1424 3411 καὶ
1472 3358 1715 3430 μανιώδη
1755 3361 1900 3414 διδα-

2015 1796 2264 1851 traxerit.
2307 1794 2416 1850 Sed
2459 1795 2720 1850 nonnulla
2773 1802 2952 1850 tamen
2994 1810 3022 1848 a
3073 1810 3132 1850 se
3186 1793 3494 1864 excogitata
3528 1801 3584 1848 et

2011 1891 2243 1946 conﬁcta
2281 1891 2348 1945 ad
2392 1905 2580 1946 eorum
2634 1889 2920 1959 opiniones
2974 1885 3259 1956 adjiciens,
3321 1900 3582 1955 superare

2010 1987 2153 2049 illos,
2185 1999 2249 2039 ac
2278 1984 2554 2054 propriam
2612 1984 2715 2038 sibi
2744 1982 2988 2038 scholam
3023 1979 3303 2035 vindicare
3348 1980 3579 2035 studuit.

2008 2080 2222 2136 Etenim
2260 2094 2454 2134 omnes
2480 2077 2570 2134 isti
2597 2077 2875 2147 centiceps
2901 2090 2960 2133 se
2996 2074 3048 2127 in
3088 2089 3290 2143 corpus
3313 2087 3376 2127 ac
3404 2071 3582 2126 centi-

2007 2187 2228 2225 manum
2280 2168 2768 2231 .transformantes,
2842 2167 3113 2238 gigantem
3181 2165 3333 2219 illum
3395 2164 3583 2218 nescio

2007 2279 2168 2334 quem
2219 2277 2250 2318 e
2306 2260 2621 2316 Graecorum
2670 2258 2872 2313 fabulis
2915 2257 3227 2327 exprimere
3268 2256 3581 2320 voluerunt,

2007 2354 2225 2409 Cottum
2261 2354 2479 2424 opinor,
2522 2359 2614 2406 aut
2675 2351 2986 2407 Briareum:
3041 2365 3207 2421 quem
3248 2357 3302 2404 et
3336 2348 3582 2420 [Egeona

2006 2445 2298 2508 dixerunt,
2343 2453 2436 2499 aut
2490 2443 2698 2515 Gygen,
2751 2451 2846 2497 aut
2885 2442 3090 2514 Argum
3141 2441 3366 2497 infinitis
3419 2440 3580 2511 263

2005 2536 2179 2590 oculis
2207 2534 2524 2605 prmditum,
2567 2533 2876 2603 cujusmodi
2920 2539 3192 2602 portenta.
3215 2532 3332 2588 suis
3361 2532 3438 2586 illi
3465 2546 3584 2586 car-

2005 2627 2244 2682 minibus
2273 2627 2450 2682 solent
2477 2625 2809 2690 describere,
2835 2633 2896 2679 ut
2933 2633 3154 2679 centum
3187 2625 3342 2680 alteri
3360 2639 3580 2688 manus,

2005 2735 2128 2774 cum
2160 2719 2578 2790 quinquaginta,
2612 2719 2695 2773 vel
2730 2715 2896 2773 etiam
2944 2719 3197 2776 centenis
3261 2719 3581 2789 capitibus;

2004 2818 2222 2864 centum
2265 2809 2456 2864 oculos
2505 2809 2660 2863 alteri
2717 2809 2983 2863 tribuant.
3043 2808 3218 2876 Quam
3249 2809 3320 2863 ob
3359 2823 3584 2863 causam

2005 2900 2333 2956 Mercurium
2365 2900 2547 2956 ferunt
2581 2901 2986 2971 Argiphontem‘
3009 2917 3131 2957 esse
3178 2901 3406 2964 dictum,
3439 2901 3584 2969 quod

2010 2993 2196 3047 multis
2224 2992 2524 3047 luminibus
2565 2991 2850 3061 praeditum
2905 2993 3109 3062 Argum
3161 2991 3442 3048 occiderit.
3492 2989 3586 3047 Sic

2010 3088 2223 3142 illorum
2278 3086 2506 3156 quilibet
2557 3086 2922 3156 principatum
2982 3084 3280 3150 affectans,
3339 3083 3582 3153 seipsum

2007 3178 2444 3249 eaputappellat,
2482 3186 2538 3232 et
2559 3192 2588 3230 a
2608 3185 3004 3247 praeceptorum
3027 3177 3240 3231 insanis
3265 3190 3328 3230 ac
3364 3175 3587 3230 furiosis

2000 3269 2345 3338 dogmatibus
2379 3267 2592 3321 diversa
2628 3265 2877 3336 quaedam
2931 3266 3224 3338 excogitat.
3267 3264 3470 3320 Verum
3518 3281 3587 3322 ne

2000 3361 2056 3415 in
2100 3358 2374 3430 praefanda
2409 3361 2511 3413 sim
2552 3360 2790 3430 longior,
2813 3359 2880 3413 ad
2909 3375 3021 3414 rem
3051 3360 3225 3429 ipsam
3269 3357 3583 3429 aggrediar.

332 3453 575 3506 σκαλίαν.
608 3454 724 3508 Ἵνα
757 3453 814 3508 δὲ
867 3454 941 3526 μὴ
982 3457 1061 3518 είς
1087 3455 1221 3509 πολὺ
1268 3459 1440 3527 μῆκος
1480 3457 1658 3511 ἐλάσω
1703 3458 1798 3513 τοῦ
1847 3459 2134 3531 προοιμίου
2175 3457 2271 3527 τὴν
2309 3456 2594 3522 σύνταξιν,
2643 3457 2934 3530 ἐλεύσομαι
2975 3459 3054 3521 είς
3091 3457 3151 3510 τὸ
3206 3458 3584 3530 προκείμενον.

401 3568 474 3624 B'.
503 3569 818 3638 Ἡρακλέων
837 3569 1014 3623 τοίνυν
1036 3565 1210 3635 οὗτος,
1236 3571 1330 3624 καὶ
1353 3574 1401 3624 οἱ
1429 3571 1523 3624 ἀπ’
1549 3571 1712 3626 αὐτοῦ
1740 3574 1900 3643 Ἦρα-

328 3661 634 3725 κλεωνῖται,
663 3661 736 3726 ὡς
762 3666 1040 3733 προεῖπον,
1064 3663 1264 3734 ὁμοίως
1293 3663 1500 3735 Μάρκῳ
1534 3664 1626 3717 καί
1648 3682 1756 3717 τισι
1790 3665 1897 3718 τῶν

329 3752 436 3823 πρὸ
481 3753 645 3807 αὐτοῦ
686 3754 814 3825 περὶ
854 3753 964 3808 τῶν
1017 3755 1313 3823 Ὀγδοάδων
1363 3756 1599 3826 φάσκει,
1642 3757 1742 3826 τῆς
1785 3757 1897 3810 άνω

329 3847 471 3916 φημὶ
495 3846 588 3898 καὶ
615 3846 713 3916 τῆς
732 3845 902 3899 κάτω.
935 3847 1165 3899 Ἔπειτα
1186 3847 1242 3900 δὲ
1268 3847 1361 3900 καὶ
1388 3846 1486 3909 τὰς
1507 3846 1767 3914 συζυγίας
1788 3845 1897 3899 τῶν

326 3940 618 4008 τριάκοντα
661 3937 881 3991 Αίὼνων
926 3937 1054 4001 ἴσως
1094 3937 1322 4003 δοξάζει.
1358 3939 1677 4010 Ἄνθρωπον
1710 3939 1765 3992 δὲ
1802 3941 1897 3992 καὶ

327 4030 489 4093 αὐτὸς
520 4030 714 4099 φάσκει
740 4025 877 4082 εἶναι
903 4029 992 4082 τὸν
1022 4029 1132 4083 ἄνω
1159 4030 1265 4082 τῶν
1289 4030 1423 4082 ὅλων
1448 4030 1685 4100 Πατέρα,
1713 4031 1770 4082 ὃν
1803 4031 1896 4083 καὶ

327 4120 498 4173 Βυθὸν
543 4119 969 4192 προσηγόρευσε.
1020 4121 1279 4174 Βούλεται
1323 4121 1378 4174 δὲ
1421 4121 1582 4174 αὑτὸν
1616 4121 1710 4174 καὶ
1739 4123 1899 4185 αὐτὸς

327 4212 506 4281 λέγειν
537 4215 671 4284 μήτε
699 4213 865 4283 ἄρρεν
897 4214 1032 4284 μήτε
1059 4211 1193 4282 θῆλυ
1214 4228 1228 4242 ·
1278 4212 1335 4279 ἐξ
1361 4212 1522 4266 αὐτοῦ
1547 4213 1601 4265 δὲ
1637 4209 1774 4265 εἶναι
1804 4212 1900 4284 τὴν

327 4305 436 4359 τῶν
474 4306 610 4360 ὅλων
647 4306 859 4378 μητέρα
880 4343 894 4368 ,
923 4305 990 4374 ἢν
1020 4305 1116 4358 καὶ
1152 4304 1315 4376 Σιγὴν
1346 4306 1599 4375 ὀνομάζει
1628 4307 1722 4358 καὶ
1747 4305 1900 4374 ’Λλή-

331 4397 500 4450 θειαν.
533 4399 656 4450 Ἀπ’
684 4386 860 4467 αὐτῆς
885 4395 941 4449 δὲ
970 4392 1108 4449 εἶναι
1141 4395 1238 4466 τὴν
1267 4395 1525 4466 δευτέραν
1571 4396 1781 4466 μητέρα
1807 4396 1905 4466 τὴν

329 4495 387 4545 ὲν
418 4491 556 4562 λήθῃ
590 4491 918 4562 γενομένην,
963 4490 1031 4559 ἢν
1074 4491 1169 4542 καὶ
1203 4487 1458 4560 Ἀχαμὼθ
1490 4489 1584 4540 καὶ
1617 4487 1777 4550 αὐτὸς
1807 4505 1906 4541 κα-

328 4582 442 4636 λεῖ·
477 4582 537 4647 ἐξ
564 4583 630 4652 ἧς
658 4582 840 4634 λοιπὸν
884 4581 952 4634 τά
987 4582 1162 4635 πάντα
1189 4583 1246 4633 ὲν
1277 4581 1612 4651 ὑστερήματι
1644 4578 1902 4648 κατέστη.

331 4672 586 4725 Βούλεται
619 4673 675 4727 δὲ
702 4672 921 4726 πλείονα
949 4672 1058 4724 τῶν
1081 4672 1186 4742 πρὸ
1209 4670 1372 4724 αὑτοῦ
1396 4671 1491 4724 καὶ
1517 4661 1671 4732 οὗτος
1701 4669 1900 4737 λέγειν,

330 4764 491 4818 ἆτινά
523 4765 637 4817 ἐστι
672 4764 828 4817 τάδε’
877 4764 1015 4827 Τοὺς
1042 4761 1407 4825 τελευτῶντας
1447 4762 1541 4814 ἀπ’
1572 4759 1770 4826 αὐτῶν,
1811 4761 1905 4813 καὶ

329 4859 422 4926 ἐπὶ
453 4857 624 4928 αὐτὴν
649 4857 747 4927 τὴν
791 4856 964 4922 ἔξοδον
997 4857 1329 4925 φθάνοντας,
1373 4855 1482 4908 ἀπὸ
1511 4854 1605 4907 τοῦ
1647 4869 1906 4924 προειρη-

333 4949 496 5020 μένου
535 4949 761 5019 Μάρκου
792 4948 892 5012 τάς
919 4949 1217 5020 προφάσεις
1250 4947 1483 5018 εἰληφὼς
1511 4987 1526 5012 ,
1561 4948 1744 5001 οὐκέτι
1783 4947 1904 5000 κατ’

329 5043 537 5094 ἐκεῖνον
579 5038 869 5110 λυτροῦται
896 5080 910 5102 ,
946 5039 1081 5092 ἀλλὰ
1137 5039 1309 5103 ἄλλως
1339 5033 1492 5102 οὗτος
1528 5037 1903 5110 μεταχειρίζε-

327 5151 418 5188 ται
442 5174 457 5198 ,
491 5133 854 5205 λυτρούμενος
885 5133 1042 5202 δῆθεν
1078 5133 1187 5203 (42)
1223 5133 1359 5204 πρὸς
1404 5135 1470 5202 τῇ
1516 5133 1738 5202 τελευτῇ
1778 5133 1903 5195 τοὺς

331 5226 422 5278 ὑπ’
474 5224 638 5277 αὐτοῦ
687 5225 1082 5295 ἀπατηθέντας.
1129 5225 1266 5277 Ποτὲ
1296 5223 1404 5293 γάρ
1435 5240 1575 5287 τινες
1606 5223 1664 5286 ἐξ
1698 5222 1899 5287 αὐτῶν,

330 5316 508 5371 ἔλαιον
542 5315 693 5370 ὕδατι
739 5315 1023 5387 μίξαντες,
1066 5316 1416 5370 ἐπιϐάλλουσι
1458 5317 1522 5375 τῇ
1560 5315 1766 5386 κεφαλῇ
1803 5313 1898 5368 τοῦ

2070 3569 2134 3626 ll.
2162 3570 2459 3627 lleracleon
2497 3569 2664 3640 igitur
2685 3586 2807 3626 eum
2839 3571 2978 3634 suis,
3009 3577 3069 3624 ut
3092 3569 3352 3633 diximus,
3377 3572 3567 3627 eadem

1999 3680 2122 3719 cum
2164 3663 2370 3728 Marco,
2421 3664 2652 3733 aliisque
2708 3663 2802 3733 qui
2851 3661 3094 3718 Marcum
3135 3671 3575 3725 antecesserunt,

1998 3756 2065 3811 de
2103 3754 2476 3826 Ogdoadibus,
2511 3755 2796 3825 superiore
2854 3757 3114 3810 nimirum
3169 3765 3225 3810 et
3284 3755 3571 3819 inferiore,

1997 3847 2185 3903 sentit.
2215 3847 2419 3903 Deinde
2437 3848 2659 3918 triginta
2681 3845 2922 3902 Aﬁonum
2961 3847 3114 3918 paria
3160 3847 3302 3901 haud
3342 3846 3584 3902 absimili

1998 3940 2212 3994 ratione
2269 3939 2572 3994 constituit.
2626 3937 2913 3994 Hominem
2980 3953 3200 4008 quoque
3257 3925 3594 4007 supremum‘

2003 4031 2248 4085 omnium
2321 4030 2608 4086 Parentem
2669 4030 3006 4100 pronuntiat,
3054 4044 3215 4100 quem
3257 4037 3311 4083 et
3353 4029 3589 4098 Bytbum

2003 4122 2267 4174 nominat.
2323 4119 2582 4175 Eumdem
2613 4135 2715 4174 nec
2745 4135 2953 4174 marem
3000 4135 3125 4175 esse
3175 4135 3274 4174 nec
3325 4119 3586 4174 feminam

2007 4219 2182 4282 putat,
2222 4228 2252 4266 a
2281 4227 2390 4282 quo
2437 4213 2816 4268 universorum
2841 4220 3015 4267 mater
3041 4212 3292 4278 exsistat,
3333 4226 3496 4281 quam
3531 4221 3586 4266 et

1938 4284 1980 4340 θ
2012 4304 2198 4375 Sigen,
2240 4313 2294 4360 et
2338 4303 2638 4360 Veritatem
2696 4307 2951 4375 appellat.
3008 4306 3090 4359 Ab
3131 4305 3234 4358 hac
3285 4305 3584 4360 secundam

2007 4406 2274 4459 matrem,
2323 4413 2444 4467 qua:
2502 4398 2555 4451 in
2593 4398 2868 4452 oblivione
2913 4397 3089 4468 posita
3142 4407 3261 4461 est,
3315 4398 3585 4469 originem

2009 4489 2263 4552 traxisse,
2287 4505 2450 4559 quam
2479 4490 2782 4544 Aclnamoth
2812 4489 3035 4560 perinde
3071 4497 3129 4543 ut
3156 4490 3247 4543 alii
3280 4497 3582 4560 nuncupat,

2005 4595 2036 4633 a
2067 4596 2173 4648 qua
2212 4581 2468 4650 deinceps
2525 4582 2577 4635 in
2629 4581 2839 4636 defectu
2876 4582 3176 4636 constituta
3207 4589 3334 4636 sunt
3377 4581 3582 4636 omnia.

2010 4669 2111 4723 Sed
2147 4672 2381 4740 amplius
2417 4671 2676 4741 quiddam
2732 4688 2892 4741 quam
2939 4673 3250 4740 superiores
3287 4687 3478 4726 omnes
3527 4670 3588 4726 in

2010 4762 2266 4832 opinione
2303 4778 2402 4818 sua
2439 4763 2642 4834 posuit.
2704 4763 2916 4818 Etenim
2954 4765 3049 4833 qui
3076 4779 3140 4817 ex
3193 4779 3383 4818 eormn
3421 4778 3591 4832 grege

2009 4855 2259 4910 morituri
2313 4863 2460 4922 sunt,
2503 4856 2852 4910 occasionem
2904 4865 3100 4911 nactus
3145 4871 3175 4909 a
3219 4855 3430 4920 Marco,
3473 4871 3587 4909 non

2008 4948 2197 5003 eodem
2234 4959 2416 5003 tamen
2468 4964 2577 5018 quo
2637 4948 2741 5003 iste
2797 4949 2958 5002 modo
3012 4949 3260 5016 redimit;
3295 4947 3392 5004 sed
3421 4949 3584 5002 aliam

2007 5040 2300 5110 quamdam
2339 5039 2613 5109 ejusmodi
2657 5039 2710 5093 in
2748 5039 2982 5095 salutem
3039 5038 3355 5092 vindicandi
3410 5037 3589 5092 ratio‘

2008 5145 2134 5184 nem
2198 5131 2473 5185 observat.
2530 5128 2672 5184 Sunt
2735 5129 2880 5184 enim
2926 5144 2993 5183 ex
3049 5129 3184 5197 ipsis
3237 5128 3428 5198 aliqui,
3487 5128 3585 5197 qui

2007 5223 2186 5276 oleum
2216 5237 2356 5291 aqua
2387 5230 2743 5293 temperatum
2768 5222 2932 5292 capiti
2951 5221 3234 5276 morientis
3248 5230 3580 5291 aspergunt;

2007 5323 2344 5386 unguentum
2409 5315 2521 5381 alii,
2585 5315 2731 5386 quod
2788 5315 3198 5387 opobalsamum
3257 5323 3471 5382 vocant,
3527 5320 3581 5369 et

404 5518 423 5550 ³
445 5519 798 5590 Transposita
827 5519 930 5575 ista
953 5531 1099 5578 sunt.
1137 5519 1277 5591 Lege
1302 5522 1508 5592 χεῖρας.
1537 5520 1626 5574 τὸν
1652 5520 1709 5574 δὲ
1731 5520 1902 5575 ἐκατὺ·

2005 5522 2092 5590 φθ.
2120 5523 2212 5575 καὶ
2235 5522 2365 5576 ποτε
2396 5523 2523 5594 μέν.

403 5737 518 5807 (49)
557 5737 968 5809 Λυτρούμενος
1007 5737 1208 5809 δῆθεν.
1237 5737 1520 5812 Λύτρωσις
1555 5739 1644 5796 illa
1680 5739 1902 5811 baptism

2017 5746 2134 5796 erat
2168 5742 2246 5804 είς
2279 5739 2544 5812 λυτρωσιν
2575 5741 2877 5814 ἁμαρτιῶν.
