4156 6358
501 380 607 436 ϋέό

1927 369 1985 422 S.
2027 359 2370 416 EPIPHANII

3685 346 3788 404 636

503 511 726 567 aquam,
758 495 1104 550 invocatione
1134 493 1357 566 quidem
1413 492 1602 548 eadem
1636 496 1888 551 utuntur,
1929 496 2093 558 quam

2215 477 2544 543 iga).06~moq'
2573 476 2621 528 οἱ
2657 473 2713 527 δὲ
2748 488 2950 544 μυρον,
2974 471 3034 524 τὸ
3061 469 3351 539 λεγόμενον
3385 467 3784 537 οποϐάλσαμον,

503 602 556 643 ct
591 587 831 641 Marcum
849 587 1169 642 adhibuisse
1201 585 1515 649 docuimus,
1557 582 1907 654 paucissimis
1931 595 2094 633 voca-

506 680 649 734 bulis
683 678 980 741 adiunctis.
1041 679 1114 731 Ea
1164 694 1330 748 porro
1364 687 1448 731 est
1493 674 1849 746 bujusmodi:
1903 671 2095 738 Mesia,

507 772 696 838 upltar,
746 787 1127 841 egnamempsaa
1183 769 1550 835 menchaldia,
1625 783 1889 830 nossome,
1945 765 2096 827 dace,

508 865 820 933 acpharam,
855 880 1097 933 epsenva,
1137 861 1266 916 .Iesu
1309 862 1559 914 nazaria.
1606 861 1737 926 Qum
1784 856 2008 928 quidem
2034 871 2100 911 eo

506 943 744 1010 consilio
803 957 1032 1018 faciunt,
1071 965 1130 1010 ut
1182 958 1275 1026 qui
1331 955 1435 1009 sub
1483 955 1690 1008 exitum
1725 954 1849 1006 vitae
1897 951 2100 1005 talibus

507 1049 1046 1120 comprecationibus
1088 1049 1352 1104 instructi
1404 1047 1607 1100 fuerint
1657 1060 1782 1099 cum
1841 1059 1981 1113 aqua
2048 1050 2102 1097 et

508 1143 650 1203 oleo,
718 1143 833 1195 sive
881 1150 1160 1212 unguento
1222 1138 1573 1205 commistis,
1631 1153 1660 1190 a
1724 1134 2102 1205 superioribus

510 1231 907 1302 principatibus
969 1247 1033 1285 ac
1079 1229 1445 1300 potestatibus
1512 1226 1754 1281 coerceri
1824 1224 2104 1294 viderique

509 1334 811 1398 nequeant;
865 1336 1028 1397 atque
1085 1335 1144 1380 ut
1197 1325 1424 1380 interior
1466 1325 1713 1393 ipsorum
1772 1321 1936 1376 homo
1971 1337 2102 1374 sur-

509 1435 633 1473 sum
702 1419 874 1489 possit
911 1434 941 1472 a
993 1418 1212 1473 nemine
1276 1424 1608 1486 conspectus
1653 1415 1902 1470 evadere.
1941 1412 2106 1484 264

508 1512 721 1582 Quippe
787 1511 1114 1581 corporibus
1178 1511 1298 1565 istis
1400 1516 1627 1564 censent
1703 1523 1828 1561 cum
1895 1506 2104 1575 reliqua

512 1606 662 1660 omni
715 1611 970 1659 creatura
1031 1601 1275 1667 relictis,
1322 1599 1603 1654 evolantes
1665 1599 1793 1652 hinc
1856 1597 2101 1668 ipsorum

513 1695 727 1750 animas
756 1693 1040 1748 Conditori
1061 1693 1154 1763 qui
1179 1693 1232 1746 in
1258 1691 1474 1747 defectu
1518 1700 1792 1750 versatur,
1819 1690 2100 1752 assistere,

514 1788 828 1856 ibidemque
878 1784 1021 1855 apud
1075 1785 1226 1838 illum
1255 1783 1605 1838 commorari.
1647 1781 1752 1837 Sed
1781 1781 2098 1836 interiorem

514 1879 815 1941 hominem,
853 1879 945 1947 qui
979 1878 1159 1930 anima
1192 1877 1309 1947 ipsa
1366 1891 1705 1946 corporeque
1747 1875 1922 1945 magis
1968 1875 2100 1927 inti-

515 1985 640 2024 mus
678 1969 975 2032 est,altius
1023 1967 1433 2037 eﬁ‘erri;quem
1481 1983 1547 2020 ex
1590 1965 1862 2036 superiori
1923 1963 2107 2019 Plero-

517 2069 664 2116 mate
705 2060 1014 2114 derivatum
1041 2060 1386 2115 existimant.

560 2150 674 2226 ¹ΙΙΙ.
714 2149 985 2206 Caeterum
1012 2167 1151 2223 quos
1176 2151 1244 2205 ad
1279 2166 1404 2206 eum
1435 2149 1656 2205 modum
1690 2149 1988 2214 illuserint,
2022 2148 2098 2202 ita

515 2245 795 2300 cohortari
846 2247 1043 2301 solent.
1096 2243 1220 2308 Ubi,
1260 2244 1539 2314 inquiunt,
1569 2243 1636 2298 ad
1683 2243 2023 2313 principatus
2053 2250 2108 2296 et

517 2345 819 2408 potestates
852 2348 974 2407 post
1016 2336 1227 2392 obitum
1272 2336 1530 2398 evolaris,
1572 2342 1846 2389 memento
1887 2334 2002 2387 haec
2029 2332 2105 2385 uti

515 2429 682 2484 verba
712 2429 959 2500 proferas
993 2448 1006 2483 :
1035 2427 1144 2499 Ego
1186 2427 1330 2498 ﬁlius
1361 2441 1393 2480 a
1423 2425 1609 2490 Patre,
1652 2435 1700 2479 et
1727 2442 1786 2480 eo
1818 2423 1998 2487 Patre,
2020 2423 2110 2494 qui

519 2533 642 2577 ante
673 2538 849 2576 omnes
888 2523 1116 2587 exsistit,
1155 2538 1215 2574 ac
1252 2520 1500 2589 prwsenti
1536 2529 1764 2588 tempore
1795 2518 1938 2586 ﬁlius
1969 2515 2105 2578 veni,

518 2623 579 2668 ut
607 2613 786 2667 omnia
843 2622 950 2666 tam
994 2613 1190 2673 aliena,
1222 2627 1381 2682 quam
1427 2611 1637 2679 privata
1680 2625 1964 2668 cernerem,
2018 2621 2109 2659 nec

519 2705 732 2757 omnino
763 2713 939 2757 tamen
970 2703 1184 2766 aliena;
1224 2702 1314 2755 sed
1347 2699 1417 2755 ad
1446 2700 1738 2754 Achamotlt
1769 2697 2106 2768 pertinentia,

519 2813 638 2867 qua:
653 2813 769 2850 cum
801 2797 998 2865 femina
1024 2795 1114 2858 sit,
1145 2793 1248 2848 sibi
1274 2795 1379 2848 ista
1407 2791 1715 2862 fabricavit.
1758 2790 1919 2859 Origo
1951 2802 2110 2857 porro

520 2906 637 2943 mea
660 2897 738 2942 est
771 2887 835 2941 ab
864 2903 924 2941 eo
957 2886 1138 2952 ducta,
1169 2887 1259 2958 qui
1305 2895 1425 2939 ante
1457 2901 1636 2937 omnes
1667 2883 1902 2945 exsistit,
1949 2894 2112 2948 eoque

521 2996 758 3040 rursum,
798 2979 936 3034 unde
959 2989 1104 3034 ortus
1147 2977 1593 3050 sum,regredior.
1637 2975 1770 3042 Quae
1799 2989 1922 3028 cum
1958 2971 2112 3026 dixe-

521 3073 614 3135 rit,
635 3070 866 3127 subinde
907 3086 936 3125 e
969 3071 1329 3140 potestatibus
1355 3079 1622 3140 ereptum,
1653 3066 1718 3120 ad
1735 3066 2110 3128 Conditorem,

2204 573 2298 625 καὶ
2340 569 2507 641 ὕδωρ·
2551 567 2651 640 τὴν
2683 567 2865 638 μέντοι
2897 565 3182 636 ἐπίκλησιν
3225 563 3407 633 κοινὴν
3437 562 3678 632 ἔχοντες,
3713 559 3788 622 ὡς

2199 665 2264 737 δὴ
2292 665 2385 718 καὶ
2409 666 2436 717 ὁ
2460 662 2564 733 πρὸ
2590 660 2756 715 αὐτοῦ
2775 659 3000 732 Μάρκος
3028 658 3283 720 ἐποιεῖτο,
3313 655 3448 726 μετὰ
3473 653 3787 726 προσθήκης

2201 759 2365 812 τινῶν
2398 756 2704 828 ὀνομάτων.
2746 755 2810 807 Ἦ
2843 752 2901 806 δὲ
2937 750 3226 821 ἐπίκλησίς
3272 751 3416 802 ἐστιν
3461 748 3634 818 αῦτη·
3674 750 3789 800 Με-

2201 851 2308 903 σία
2333 889 2346 911 ,
2379 847 2574 916 οὺεεὰρ
2599 888 2613 912 ,
2660 845 3010 915 ἐγναμεμψὰ
3031 885 3045 909 ,
3067 843 3433 914 μενχαλδία,
3472 840 3749 908 νοσσομὴ
3768 881 3784 906 ,

2202 941 2347 994 em
2367 979 2381 1003 ,
2412 938 2689 1008 ἀκφαρὰν
2711 981 2725 1005 ,
2759 939 3054 1006 egi-summ,
3095 936 3289 1002 Ἰησοῦ
3318 933 3578 1004 ναᾷιρία.
3618 931 3787 988 Τοῦτο

2202 1033 2257 1085 δέ
2292 1032 2558 1099 ποιοῦσιν,
2601 1033 2687 1085 ἵνα
2725 1030 2884 1101 δῆθεν
2912 1032 2960 1084 οἱ
2992 1029 3360 1100 λαμϐάνοντες
3392 1028 3483 1080 ἐπὶ
3523 1030 3588 1099 τῇ
3623 1026 3788 1097 ἐξόδῳ

2204 1125 2408 1188 ταύτας
2465 1127 2565 1188 τὰς
2613 1125 2969 1195 ἐπικλήσεις,
3015 1122 3114 1186 τὰς
3151 1122 3287 1193 μετὰ
3329 1119 3424 1174 τοῦ
3464 1120 3655 1184 ὓδατος
3692 1123 3788 1173 καὶ

2205 1216 2386 1270 ἐλαίου
2409 1255 2423 1278 ,
2456 1217 2574 1287 ἦτοι
2609 1214 2802 1285 μύρου,
2841 1215 3324 1283 ἀναμεμιγμένων,
3359 1213 3658 1282 ἀκράτητοι
3696 1211 3788 1280 γέ-

2205 1325 2423 1372 νωνται,
2460 1307 2553 1360 καὶ
2588 1307 2804 1377 ἀόρατοι
2835 1308 2955 1368 ταῖς
2992 1305 3103 1359 ἄνω
3132 1305 3326 1375 ἀρχαῖς
3367 1305 3460 1357 καὶ
3485 1303 3787 1370 ἐξουσίαις,

2206 1402 2285 1465 εἰς
2311 1400 2371 1453 τὸ
2397 1400 2701 1473 ὑπερϐῆναι
2733 1400 2980 1472 ἀοράτως
3024 1400 3114 1452 τὸν
3141 1400 3247 1452 ἔσω
3275 1398 3452 1451 αὐτῶν
3480 1397 3787 1469 ἄνθρωπον,

2208 1494 2391 1562 φασὶν,
2423 1493 2498 1556 ὡς
2526 1493 2633 1545 τῶν
2659 1493 2926 1563 σωμάτων
2957 1492 3160 1545 τούτων
3207 1493 3264 1544 ἐν
3309 1494 3370 1562 τῇ
3405 1490 3579 1544 κτίσει
3619 1507 3790 1543 κατα-

2207 1584 2655 1655 λιμπανομένων·
2691 1585 2788 1655 τῆς
2841 1584 2896 1637 δέ
2926 1583 3106 1654 ψυχῆς
3157 1582 3334 1635 αὐτῶν
3379 1581 3788 1653 παρισταμένης

2206 1677 2286 1748 τῷ
2341 1677 2671 1748 Δημιουργῷ
2723 1677 2832 1730 ἅνω
2887 1677 2964 1746 τῷ
3017 1677 3074 1730 ἐν
3124 1676 3466 1746 ύστερήματι
3518 1673 3788 1743 γεγονότι,

2208 1769 2347 1822 ὥστε
2383 1769 2477 1823 καὶ
2513 1771 2689 1822 ἐκεῖσε
2739 1770 3062 1839 καταμένειν
3105 1771 3234 1840 παρ’
3281 1767 3452 1839 αὐτῷ.
3492 1769 3794 1836 ’Υπερανα-

2209 1859 2414 1914 ϐαίνειν
2447 1859 2503 1912 δὲ
2526 1900 2538 1923 ,
2573 1860 2648 1923 ὡς
2686 1858 2823 1930 ἔφην
2849 1899 2862 1922 ,
2899 1860 2989 1912 τὸν
3041 1859 3148 1912 ἔσω
3194 1858 3478 1926 ἄνθρωπον
3525 1854 3794 1922 ἐσώτερον

2206 1951 2384 2022 ψυχῆς
2423 1952 2518 2005 καὶ
2559 1950 2844 2022 σώματος·
2887 1951 2945 2004 ὂν
2992 1951 3055 2022 δὴ
3111 1949 3323 2004 θέλουσι
3365 1949 3544 2019 λέγειν
3591 1949 3655 2000 ἐκ
3700 1943 3794 1998 τοῦ

2208 2043 2414 2098 ἄνωθεν
2444 2041 2819 2114 Πληρὼματος
2852 2040 3296 2112 κατεληλυθέναι.

2280 2137 2352 2188 Γ’.
2407 2135 2818 2204 Ἐγκελεύονται
2863 2134 2918 2187 δὲ
2971 2136 3084 2196 τοῖς
3121 2132 3262 2186 οὕτω
3301 2132 3432 2202 παρ’
3466 2131 3649 2194 αὐτοῖς
3701 2131 3798 2199 ἐμ-

2211 2228 2632 2298 πεπαιγμένοις,
2675 2227 2758 2280 ὅτι
2787 2226 2950 2298 φησίν
2970 2243 2983 2256 ⁸
3013 2225 3139 2278 Ἐάν
3167 2225 3328 2294 ἔλθῃς
3359 2225 3450 2276 ἐπὶ
3485 2224 3584 2286 τὰς
3621 2225 3798 2292 ἀρχὰς

2211 2322 2305 2374 καὶ
2354 2320 2635 2387 ἐξουσίας,
2670 2319 2758 2390 ἔχε
2805 2321 2862 2371 ἐν
2899 2319 3092 2392 μνήμῃ
3132 2317 3257 2370 τάδε
3309 2319 3482 2370 εἰπεῖν
3530 2315 3668 2386 μετὰ
3699 2313 3799 2384 τὴν

2213 2413 2460 2468 ἐντεῦθεν
2484 2414 2772 2484 τελευτήν·
2815 2411 2962 2481 Ἐγὼ
2985 2413 3113 2476 υἱὸς
3143 2411 3260 2464 ἀπὸ
3289 2407 3539 2476 Πατρός,
3571 2405 3799 2475 Πατρός

2211 2510 2504 2576 προόντος
2527 2547 2541 2570 ,
2568 2506 2698 2572 υίὸς
2727 2503 2796 2557 δὲ
2835 2505 2904 2557 ἐν
2946 2501 3026 2569 τῷ
3055 2504 3341 2570 παρόντι,
3376 2498 3569 2572 ἦλθον
3603 2500 3802 2554 πάντα

2217 2601 2364 2654 ίδεῖν
2397 2599 2468 2652 τὰ
2502 2597 2794 2665 ἀλλότρια
2825 2596 2922 2650 καὶ
2958 2597 3029 2650 τὰ
3057 2594 3210 2649 ἴδια*
3237 2594 3332 2647 καὶ
3357 2596 3470 2649 οὐκ
3507 2594 3800 2660 ἀλλότρια

2213 2691 2281 2745 δὲ
2309 2689 2617 2757 παντελῶς
2637 2732 2652 2756 ,
2690 2690 2851 2743 ἀλλὰ
2877 2687 2987 2756 τῆς
3030 2687 3298 2759 Ἀχαμὼθ
3317 2728 3332 2753 ,
3364 2687 3498 2755 ἣτις
3525 2685 3653 2740 ἐστὶ
3683 2684 3803 2752 θή-

2213 2789 2382 2850 λεια,
2439 2783 2536 2837 καὶ
2583 2783 2771 2836 ταῦτα
2798 2781 2985 2850 ἑαυτῇ
3021 2783 3293 2849 ἐποίησε.
3334 2779 3578 2848 Κατὰγω
3627 2778 3693 2830 δὲ
3732 2778 3801 2831 τὸ

2215 2877 2391 2948 γένος
2417 2877 2484 2930 ὲκ
2510 2876 2616 2930 τοῦ
2644 2876 2936 2945 προόντος
2961 2916 2978 2943 ,
3008 2874 3106 2928 καὶ
3139 2875 3465 2942 πορεύομαι
3493 2871 3679 2925 πάλιν
3714 2874 3802 2936 εὶς

2216 2972 2289 3024 τὰ
2328 2969 2482 3032 ἴδια,
2515 2969 2654 3022 ὅθεν
2684 2968 2978 3036 ἐλήλυθα.
3028 2969 3136 3020 Καὶ
3187 2965 3360 3019 ταῦτα
3395 2964 3648 3028 εἰπόντα,
3688 2963 3805 3016 δια-

2219 3064 2443 3133 φεύγειν
2471 3063 2572 3128 τὰς
2607 3062 2880 3129 ἐξουσίας,
2903 3061 3159 3132 ἔρχεσθαι
3193 3060 3251 3112 δὲ
3274 3061 3367 3113 ἐπὶ
3394 3061 3521 3123 τοῦς
3556 3059 3682 3122 περὶ
3710 3056 3804 3109 τὸν

522 3164 754 3234 ejusque
814 3163 1110 3232 stipatores
1176 3159 1424 3230 adusque
1485 3159 1716 3230 primam
1793 3154 2107 3227 Ogdoadem

2221 3153 2561 3225 Δημιουργὸν
2598 3153 2710 3206 ἄνω
2748 3152 2879 3224 περὶ
2924 3152 3023 3223 τὴν
3071 3151 3293 3224 πρώτην
3346 3152 3624 3219 Ὀγδοάδα.
3673 3148 3805 3202 Βού-

522 3253 731 3310 efferri.
764 3250 1049 3322 Siquidem
1103 3257 1229 3321 post
1287 3249 1604 3305 Creatorem
1639 3246 1803 3302 etiam
1843 3246 1932 3300 isti
1966 3244 2108 3298 infe-

524 3346 730 3401 riorem
781 3358 904 3400 esse
971 3343 1165 3398 volunt
1234 3339 1665 3404 hebdomadam,
1717 3339 2007 3408 ipsumque
2056 3339 2111 3391 in

527 3434 844 3506 septenario
900 3440 1150 3493 octavum
1180 3446 1324 3495 esse,
1375 3429 1470 3486 sed
1509 3429 1564 3482 in
1600 3427 1818 3483 defectu
1851 3435 1906 3481 et
1951 3428 2112 3497 igno-

526 3526 710 3581 rantia
767 3525 1148 3580 constitutum.
1175 3520 1380 3576 Jubent
1409 3520 1574 3591 igitur
1605 3535 1754 3584 eum,
1781 3519 1874 3588 qui
1904 3534 1970 3573 ex
2012 3519 2116 3574 hac

527 3615 641 3671 vita
671 3615 1006 3677 discesserit,
1039 3613 1356 3668 Creatorem
1416 3611 1645 3681 ejusque
1700 3611 1932 3665 comites
1967 3610 2112 3664 hunc

529 3707 589 3763 in
608 3707 828 3762 modum
862 3707 1102 3777 alloqui:
1145 3702 1253 3759 Vas
1287 3719 1388 3774 ego
1433 3718 1556 3758 sum
1588 3702 1888 3773 pretiosum
1920 3704 2113 3774 magis,

531 3814 697 3870 quam
753 3798 955 3854 femina
1005 3797 1096 3852 illa
1130 3811 1252 3868 qua:
1293 3810 1391 3849 vos
1445 3793 1710 3849 condidit.
1747 3792 1803 3848 Si
1869 3798 2111 3849 radicem

533 3907 690 3948 suam
725 3899 908 3946 vestra
938 3898 1109 3946 mater
1169 3890 1406 3960 ignorat,
1427 3903 1528 3958 ego
1567 3887 1692 3941 novi
1720 3903 1805 3941 me
1835 3888 2034 3958 ipsum,
2064 3895 2119 3942 ct

533 3982 683 4038 unde
713 3981 815 4036 sim
848 3979 1000 4046 scio;
1029 3988 1196 4051 atque
1252 3979 1628 4047 incorruptam
1659 3978 1989 4050 sapientiam
2027 3979 2114 4032 in-

531 4083 694 4133 voco,
735 4084 857 4139 quae
887 4069 1030 4123 inest
1061 4069 1114 4122 in
1144 4067 1324 4129 Patre,
1368 4068 1672 4138 matrisque
1717 4075 1916 4123 vestrae
1945 4076 2120 4123 mater

533 4172 640 4226 est,
665 4162 787 4232 ejus
825 4179 948 4233 quae
987 4171 1215 4216 matrem
1253 4178 1362 4216 non
1395 4162 1579 4224 habet,
1613 4177 1677 4215 ac
1709 4177 1777 4216 ne
1824 4161 2116 4232 conjugem

536 4254 763 4324 quidem
828 4270 1068 4320 marem;
1112 4254 1205 4309 sed
1252 4270 1282 4309 e
1330 4254 1531 4309 femina
1591 4260 1718 4308 nata
1764 4253 1962 4308 femina
2023 4269 2120 4310 vos

534 4347 829 4418 produxit,
871 4348 1065 4404 matris
1107 4349 1294 4419 ignara
1349 4363 1496 4411 suae,
1546 4363 1714 4417 seque
1773 4363 1896 4403 esse
1943 4348 2118 4402 solam

533 4439 882 4495 existimans.
911 4441 979 4494 At
1021 4455 1119 4510 ego
1164 4448 1394 4495 matrem
1452 4440 1572 4509 ejus
1630 4440 1861 4510 appello.
1909 4439 2121 4506 Quibus

2218 3248 2398 3302 λονται
2425 3248 2533 3319 γὰρ
2561 3250 2654 3301 καὶ
2679 3246 2832 3300 αὐτοὶ
2869 3247 3006 3317 μετὰ
3031 3240 3122 3300 τὸν
3161 3244 3505 3316 Δημιουργὸν
3539 3244 3689 3297 κάτω
3722 3240 3804 3296 εἱ·-

2218 3358 2304 3393 ναι
2331 3339 2599 3410 ἑϐδομάδα
2625 3356 2637 3368 ·
2683 3338 2847 3392 αὑτὸν
2873 3337 2927 3390 δέ
2960 3333 3100 3391 εἶναι
3139 3339 3198 3390 ἐν
3230 3337 3307 3408 τῷ
3336 3337 3549 3407 ἑϐδόμῳ
3593 3337 3805 3406 ὃγδοον,

2221 3435 2278 3486 ἐν
2330 3433 2665 3504 ὑστερήματι
2712 3431 2768 3485 δέ
2803 3432 2896 3484 καὶ
2929 3431 3207 3502 ἀγνωσίᾳο
3243 3432 3338 3485 καὶ
3371 3431 3552 3499 λέγειν
3596 3433 3658 3483 ἐκ
3695 3428 3808 3484 τῶν

2218 3525 2314 3578 τοῦ
2347 3525 2463 3596 βίου
2494 3524 2777 3588 ἐξελθόντα
2802 3526 2914 3588 τοῖς
2939 3541 3005 3576 πε
3016 3525 3068 3595 pl.
3092 3526 3180 3578 τὸν
3204 3526 3409 3594 Δημιου
3420 3523 3546 3594 ργόν
3569 3540 3582 3553 °
3605 3522 3808 3586 Σκεῦός

2220 3617 2336 3688 είμι
2354 3616 2588 3686 ἔντιμον,
2614 3615 2813 3686 μᾶλλον
2842 3615 2993 3688 παρὰ
3018 3622 3116 3686 την
3138 3615 3358 3687 θήλειαν
3379 3615 3475 3686 τὴν
3503 3617 3807 3687 ποιήσασαν

2221 3709 2384 3779 ὑμᾶς.
2423 3709 2484 3761 Ei
2522 3709 2555 3779 ὴ
2591 3709 2773 3780 μήτηρ
2804 3707 2956 3778 ὑμῶν
3003 3709 3190 3776 ἀγνοεῖ
3231 3709 3330 3779 τὴν
3373 3707 3577 3778 ἑαυτῆς
3626 3706 3803 3778 ῥίζαν,

2223 3799 2332 3868 ἐγὼ
2361 3794 2474 3852 οἶδα
2504 3799 2759 3868 ἐμαυτὸν,
2791 3799 2884 3852 καὶ
2912 3798 3167 3868 γινώσκω
3195 3798 3318 3853 ὅθεν
3349 3799 3464 3869 εἰμί
3487 3817 3500 3830 ο
3551 3799 3648 3852 καὶ
3687 3802 3808 3852 ἐπι-

2224 3891 2496 3964 καλοῦμαι
2535 3892 2634 3964 τὴν
2671 3891 2945 3964 ἄφθαρτον
2978 3893 3216 3962 Σοφίαν,
3272 3893 3394 3963 ἥτις
3434 3893 3584 3946 ἐστὶν
3620 3894 3680 3946 ἐν
3724 3891 3806 3963 τῷ

2221 3987 2417 4056 Πατρὶ,
2453 3987 2636 4058 μήτηρ
2678 3986 2734 4040 δὲ
2773 3985 2872 4056 τῆς
2913 3985 3118 4056 μητρὸς
3145 3984 3298 4055 ὑμῶν
3327 3987 3428 4056 τῆς
3461 3985 3534 4056 μὴ
3574 3985 3810 4055 ἐχούσης

2226 4080 2464 4151 μητέρα,
2519 4077 2635 4132 ἀλλ’
2681 4075 2803 4130 οὔτε
2834 4076 3064 4146 σύζυγον
3112 4076 3350 4148 ἄρρενα·
3391 4075 3580 4148 θήλεια
3607 4076 3662 4128 δὲ
3702 4077 3806 4129 ὑπὸ

2223 4171 2442 4244 θηλείας
2468 4169 2735 4240 γενομένη
2773 4169 3030 4240 ἐποίησεν
3058 4169 3236 4238 ὑμᾶς,
3278 4166 3549 4236 ἀγνοοῦσα
3579 4167 3673 4221 καὶ
3706 4166 3808 4237 τὴν

2226 4264 2439 4336 μητέρα
2467 4264 2660 4335 αὐτῆς,
2688 4263 2782 4316 καὶ
2809 4261 3043 4315 δοκοῦσα
3067 4259 3263 4332 ἑαυτὴν
3286 4257 3426 4315 εἶναι
3455 4260 3644 4331 μόνην.
3664 4258 3808 4328 Ἐγὼ

2222 4357 2279 4412 δὲ
2311 4355 2676 4427 ἐπικαλοῦμαι
2715 4354 2884 4423 αὐτῆς
2916 4353 3015 4410 τὴν
3053 4354 3282 4425 μητέρα.
3316 4354 3358 4406 Τ
3362 4353 3581 4416 ούτους¹
3604 4353 3660 4406 δὲ
3681 4355 3811 4418 τοὺς

2225 4450 2356 4522 περὶ
2388 4450 2479 4503 τὸν
2509 4448 2850 4520 Δημιουργὸν
2895 4445 3234 4510 ἀκούσαντας
3279 4448 3483 4516 σφόδρα
3538 4447 3810 4518 ταραχθῆ-

537 4532 745 4587 auditis
773 4533 1052 4588 Creatoris
1083 4534 1377 4588 factionem
1405 4548 1733 4604 magnopere
1785 4525 2111 4603 perturbari,

2229 4562 2336 4605 ναι,
2369 4544 2463 4597 καὶ
2488 4540 2829 4609 καταγνῶναι
2861 4538 3039 4593 αὐτῶν
3060 4539 3158 4608 τῆς
3184 4538 3356 4609 ῥίζης,
3383 4541 3475 4593 καὶ
3499 4539 3592 4592 τοῦ
3614 4540 3810 4608 γένους

537 4633 705 4696 atque
731 4626 998 4696 originem
1030 4642 1210 4691 suam,
1239 4627 1542 4696 matrisque
1593 4627 1858 4680 damnare
1909 4641 2118 4696 genus;

538 4717 719 4788 ipsum
746 4733 876 4771 vero
910 4718 1002 4787 qui
1037 4719 1143 4772 ista
1173 4717 1394 4781 dixerit,
1425 4717 1656 4786 abiectis
1687 4719 1926 4773 vinculis
1979 4719 2116 4784 suis,

536 4820 594 4866 et
624 4813 837 4884 angelo,
885 4813 1001 4866 sive
1052 4812 1256 4878 anima,
1292 4813 1569 4882 propriam
1621 4812 1676 4866 in
1702 4813 1887 4868 sedem
1936 4820 2120 4866 trans-

539 4903 690 4958 ferri.
757 4903 1088 4958 Existimant
1117 4903 1263 4957 enim
1329 4905 1632 4958 secundum
1680 4920 1883 4974 corpus
1913 4911 1967 4959 et
1998 4904 2116 4958 ani-

538 5011 683 5050 mam
713 4996 933 5050 tertium
977 4995 1238 5066 quiddam
1292 4996 1348 5050 in
1385 4996 1608 5051 homine
1640 4997 1890 5066 reperiri.
1943 4997 2122 5068 Atque

539 5089 656 5140 inec
693 5095 982 5158 sunt,qu:e
1017 5087 1084 5143 de
1124 5087 1344 5142 illorum
1396 5088 1776 5158 redemptione
1811 5089 2124 5158 comperire

541 5183 840 5254 potuimus.
1756 5179 1774 5196 '

616 5274 703 5328 IV.
734 5273 906 5328 Porro
938 5273 1191 5344 quisquis
1221 5273 1434 5344 judicio
1451 5275 1617 5341 valet,
1650 5274 1743 5330 ubi
1768 5275 2124 5332 inanissimas

544 5366 708 5422 hasce
738 5382 911 5438 nugas
942 5367 1200 5432 audierit,
1243 5367 1324 5422 sic
1355 5375 1615 5438 tanquam
1654 5369 1851 5424 mimos
1882 5367 2127 5425 fabulas-

545 5476 653 5528 que
694 5459 915 5514 ridebit.
946 5459 1062 5514 Hoc
1099 5461 1245 5515 enim
1277 5460 1494 5515 illorum
1529 5463 1764 5532 quisque
1790 5462 2044 5531 suscipit,
2066 5469 2126 5515 ut
2152 5463 2154 5465 ’

550 5551 618 5604 ab
645 5551 873 5605 aliorum
909 5550 1162 5622 dogmate
1200 5550 1478 5610 diversum
1522 5555 1781 5626 quiddam
1815 5569 1915 5625 pro
1937 5554 2129 5610 volun-

550 5645 678 5698 tatis
704 5661 816 5700 suae
842 5645 1069 5702 libidine
1093 5647 1334 5714 sentiat;
1363 5664 1464 5705 nec
1496 5651 1606 5705 ulla
1635 5667 1721 5708 res
1748 5648 1908 5722 265
1946 5649 2125 5722 ipsum

633 5799 743 5872 ‘_F.
768 5803 977 5860 τούτου.
1052 5807 1074 5839 ⁸
1107 5803 1264 5861 Corr.
1296 5806 1535 5879 ἐλήλυθε.

2225 4637 2326 4708 τῆς
2381 4634 2613 4707 μητρός·
2651 4633 2813 4687 αὐτὸν
2862 4633 2919 4686 δὲ
2967 4631 3297 4704 πορευθῆναι
3332 4634 3411 4694 είς
3455 4631 3523 4685 τὰ
3555 4633 3682 4698 ἴδια,
3725 4633 3814 4704 ῥί-

2226 4729 2406 4798 ψαντα
2441 4727 2534 4780 τὸν
2560 4725 2756 4796 δεσμὸν
2786 4723 2975 4786 αὐτοῦ,
3015 4725 3108 4777 καὶ
3143 4725 3234 4777 τὸν
3268 4723 3520 4792 ἄγγελον,
3561 4725 3812 4779 τουτέστι

2227 4817 2327 4889 τὴν
2367 4816 2568 4889 ψυχήν.
2597 4817 2814 4870 Οἵονται
2855 4816 2954 4886 μὲν
2994 4815 3103 4886 γὰρ
3145 4815 3282 4886 μετὰ
3314 4816 3471 4886 σῶμα
3510 4818 3604 4870 καὶ
3631 4816 3812 4889 ψυχὴν

2227 4905 2368 4962 εἶναί
2395 4927 2448 4962 τι
2482 4909 2575 4962 καὶ
2609 4908 2795 4981 ἓτερον
2842 4910 2898 4960 ἐν
2932 4906 3224 4979 ἀνθρώπῳ,
3259 4909 3369 4961 Καὶ
3413 4910 3544 4980 περὶ
3578 4910 3677 4981 μὲν
3709 4910 3813 4980 τῆς

2227 4997 2660 5071 ἀπολυτρώσεως
2699 4999 2872 5053 ταῦτά
2905 5000 3054 5052 ἐστιν
3086 5000 3186 5052 ὅσα
3220 5002 3297 5064 είς
3330 5002 3479 5068 ἡμᾶς
3523 5001 3813 5073 συνεληλύ-

2227 5092 2397 5165 θαμεν
2413 5094 2452 5146 ¹.

2299 5275 2375 5331 Δ’.
2411 5275 2471 5328 Οἱ
2499 5273 2554 5326 δὲ
2584 5271 2832 5338 συνετοὶ,
2866 5272 3309 5336 κατακούσαντες
3349 5274 3448 5344 τῆς
3498 5275 3813 5344 περισσοτέ-

2232 5387 2334 5442 ρας
2373 5368 2553 5423 αὐτῶν
2596 5367 2823 5439 χλεύης,
2858 5367 3278 5436 καταγελάσειεν
3312 5366 3411 5437 τῆς
3449 5367 3808 5437 μιμολογίας,

2228 5460 2306 5525 ὡς
2338 5461 2568 5523 ἕκαστος
2597 5459 2775 5513 αὐτῶν
2799 5460 2962 5531 ἕτερα
2991 5459 3142 5531 παρὰ
3171 5459 3264 5512 τὸν
3294 5459 3480 5527 ἕτερον
3508 5456 3808 5528 νομοθετεῖ,

2231 5555 2306 5620 ὡς
2352 5554 2599 5622 βούλεται
2623 5595 2638 5620 ,
2677 5555 2769 5608 καὶ
2799 5553 2902 5624 τῆς
2928 5553 3135 5626 τόλμης
3163 5553 3356 5607 ἐαυτοῦ
3383 5553 3482 5605 οὐκ
3509 5553 3813 5605 ἀνακόπτε-

2230 5662 2356 5701 ται·
2391 5645 2526 5701 ἀλλὰ
2550 5646 2760 5715 ὅσαπερ
2790 5643 3016 5701 δύναται
3045 5643 3275 5708 ἕκαστος
3307 5643 3530 5698 ἐπινοεῖ.
3564 5639 3675 5694 Καὶ
3701 5637 3812 5692 τῶν
