4154 6404
319 306 425 361 657

993 311 1362 370 ADVERSUS
1387 315 1729 373 HAi-RESES
1765 317 1892 376 LIB.

2008 321 2170 378 TOM.
2207 322 2370 379 lil.——
2397 323 2667 381 HERES.
2712 325 2945 383 XXXVI.

3463 333 3566 391 δῖε

318 417 399 472 ἔτι
427 419 504 481 εἰς
532 415 689 490 δεῦρο
717 424 1072 494 γεννωμένων
1106 429 1238 498 παρ’
1267 428 1449 494 αὐτοῖς
1482 430 1576 484 καὶ
1606 433 1900 504 ἐπιφυομέο

2008 448 2034 487 a
2067 443 2216 490 tanta
2242 439 2548 493 temeritate
2567 437 2870 507 deterreat;
2907 440 2999 494 sed
3022 456 3361 510 quaecunque
3393 452 3569 514 potest

318 527 424 563 νων
445 511 494 562 οἱ
524 511 646 564 καθ’
681 513 893 586 ἡμέραν
924 518 1237 589 εὑρίσκουσί
1269 538 1322 574 τι
1356 523 1542 578 καινὸν
1573 526 1767 590 εἰπεῖν,
1802 527 1897 580 καὶ

321 604 588 672 φαντάσαι
617 608 745 671 τοὺς
779 611 1173 681 ἐπαγομένους,
1204 614 1441 684 χαλεπόν
1468 617 1582 669 ἐστι
1612 618 1789 671 πάντα
1825 619 1898 672 τὰ

321 697 522 750 τούτων
557 697 846 772 ζητῆσαιῆ
878 701 1131 766 ἐξειπεῖν.
1163 705 1325 759 Ὅθεν
1356 709 1762 779 ἀρκεσθήσομαι
1798 710 1900 763 πά-

321 787 402 840 λιν
438 791 549 852 τοῖς
583 791 674 842 καὶ
720 793 848 862 περὶ
886 794 1089 866 ταύτης
1117 796 1217 866 τῆς
1257 798 1521 868 αἱρέσεως
1554 799 1862 870 εἰρημένοις
1883 841 1897 865 ,

325 878 481 931 ἅτινα
525 879 617 932 καὶ
656 882 734 943 εἰς
776 883 922 951 ἡμᾶς
951 879 1112 953 ἦλθεν
1149 885 1442 952 ὑποδεῖξαι.
1489 888 1551 939 Ἦ
1583 888 1639 939 δὲ
1676 888 1897 960 τοιαύτη

323 967 634 1023 διδασκαλία
660 970 764 1022 τίνι
785 972 885 1025 οὐκ
918 973 984 1027 ἂν
1012 975 1189 1047 σαφὴς
1214 976 1322 1047 εἴη,
1352 979 1427 1042 ὠς
1463 978 1632 1048 μῦθός
1660 982 1774 1033 ἐστι
1804 982 1897 1034 καὶ

323 1059 486 1130 χλεύη
530 1060 590 1113 τὸ
626 1063 767 1127 πᾶνς
800 1062 969 1117 Πόθεν
1001 1066 1146 1138 γὰρ,
1197 1062 1240 1120 ὦ
1294 1065 1451 1133 οὗτος
1495 1071 1658 1141 σὺ,ἦ
1702 1073 1753 1124 οἱ
1797 1073 1901 1142 πρὸ

327 1149 441 1213 σοῦ,
472 1151 533 1204 τὸ
561 1152 721 1222 σῶμα
761 1154 1054 1225 είλήφατε;
1083 1157 1182 1228 τὴν
1208 1159 1264 1212 δέ
1295 1160 1472 1232 ψυχὴν
1504 1161 1694 1228 πόθεν;
1727 1163 1816 1216 τὸν
1843 1163 1900 1216 δέ

326 1241 591 1296 ἐσώτατόν
625 1261 715 1296 σου
749 1245 1030 1316 ἄνθρωπον
1078 1249 1277 1317 πόθεν;
1315 1253 1425 1306 Καὶ
1455 1256 1501 1307 εἰ
1550 1255 1648 1324 μὲν
1696 1256 1901 1310 ἄνωθεν

325 1335 434 1387 ἀπὸ
465 1335 556 1387 τοῦ
585 1335 696 1389 ἄνω
730 1339 1118 1407 πνευματικοῦ,
1140 1340 1216 1405 ὼς
1241 1342 1418 1412 λέγεις
1442 1346 1897 1417 δραματουργῶν,

326 1425 418 1478 καὶ
449 1425 748 1497 ἐπαγγελίᾳ
777 1427 990 1492 ἐλπίδος
1014 1431 1311 1500 κεπφώσας
1344 1436 1470 1499 τοὺς
1498 1437 1601 1489 ὑπὸ
1637 1437 1729 1491 σοῦ
1766 1440 1902 1507 ἠπα-

324 1516 612 1587 τημένους,
644 1516 730 1569 ἵνα
754 1517 940 1588 σκοπῷ
969 1535 1074 1571 τινι
1105 1522 1431 1594 ἐπαρθέντες
1461 1526 1772 1599 ὑποσύρωσι
1793 1529 1809 1558 ί
1832 1530 1898 1600 τῇ

328 1610 390 1677 σῇ
429 1608 831 1679 γεγοητευμένῃ
865 1609 1276 1683 δραματουργία
1300 1631 1313 1645 ·
1348 1614 1494 1683 λέγε,
1534 1616 1618 1679 τίς
1649 1619 1682 1688 ἡ
1713 1635 1902 1671 κοινω-

324 1699 411 1751 νία
452 1699 544 1751 τοῦ
576 1699 688 1752 ἄνω
727 1700 1096 1769 πνευματικοῦ
1132 1703 1266 1773 πρὸς
1301 1703 1360 1756 τὸ
1388 1705 1612 1772 ὑλικόν;
1651 1709 1732 1772 τίς
1764 1708 1820 1761 δέ
1865 1710 1897 1778 ἡ

321 1788 416 1840 τοῦ
461 1787 645 1841 ὑλικοῦ
691 1789 827 1860 πρὸς
865 1790 927 1842 τὸ
954 1790 1217 1861 ψυχικόν;
1261 1795 1376 1857 πῶς
1405 1795 1461 1847 δὲ
1490 1797 1518 1847 6
1561 1798 1900 1868 Δημιουργὸς
1932 1781 1972 1836 Β

324 1879 392 1932 τὰ
425 1880 499 1950 μὴ
532 1880 724 1932 ἐαυτοῦ
759 1881 1142 1953 ἐδημιούργει;
1175 1883 1293 1946 πῶς
1332 1885 1388 1938 δέ
1420 1888 1448 1938 6
1493 1886 1604 1941 ἄνω
1637 1888 1731 1960 τὴν
1769 1892 1900 1961 παρ’

325 1969 489 2023 αὑτοῦ
535 1970 761 2042 δύναμιν
812 1974 1189 2044 πνευματικὴν
1241 1976 1480 2046 παρέσχε
1512 1978 1590 2050 τῷ
1623 1981 1696 2050 μὴ
1726 1981 1905 2044 καλῶς

327 2062 683 2133 ἐργασαμένῳ
729 2063 1088 2134 Δημιουργῷ;
1132 2064 1302 2118 Πόθεν
1349 2065 1406 2118 δέ
1470 2069 1497 2120 6
1543 2070 1902 2140 Δημιουργὸς,

325 2153 590 2224 ἀναμίξας
621 2153 680 2206 τὸ
730 2153 923 2206 ἑαυτοῦ
962 2155 1191 2225 ψυχικὸν
1237 2157 1374 2226 μετά
1421 2159 1516 2213 τοῦ
1569 2160 1790 2224 ὑλικοῦ,
1836 2163 1901 2233 τῇ

327 2245 425 2316 ὕλῃ
458 2245 656 2315 μᾶλλον
683 2243 946 2314 ἠθέλησεν
977 2245 1346 2316 ἐγκαταδῆσαι
1380 2246 1479 2318 τὴν
1507 2249 1699 2301 ἑαυτοῦ
1744 2250 1905 2304 δύναα

329 2352 456 2406 μιν;
481 2337 542 2389 Εί
561 2336 617 2389 δὲ
643 2336 741 2407 τὴν
767 2335 960 2390 ἐαυτοῦ
985 2336 1213 2407 δύναμιν
1238 2337 1484 2407 βούλεται
1514 2341 1899 2410 ἐγκαταμίξαι,

327 2428 425 2480 οὑκ
485 2427 594 2498 ἄρα
642 2426 896 2498 ἀλλοτρία
929 2429 962 2496 ἡ
1006 2426 1128 2498 ὕλη.
1166 2428 1228 2480 Εἰ
1269 2428 1343 2480 δὲ
1403 2429 1498 2483 καὶ
1555 2430 1700 2482 ἐστιν
1749 2430 1906 2483 ἀλλο·

327 2519 472 2589 τρία,
501 2518 584 2584 τίς
612 2519 758 2590 αὐτῷ
785 2520 886 2589 τῆς
915 2519 1048 2590 ὕλης
1080 2521 1321 2593 παρέσχε
1352 2523 1448 2594 τὴν
1482 2525 1762 2590 ἐξουσίαν;
1797 2525 1908 2577 Καὶ

329 2612 544 2681 πρῶτον
585 2611 710 2678 λέγε
754 2628 881 2682 μοι,
917 2605 962 2665 ὦ
1007 2613 1259 2666 ἀπατεὼν
1285 2656 1298 2680 ,
1332 2616 1561 2685 πότερον
1599 2617 1771 2686 μισῶν
1809 2617 1907 2686 τὴν

328 2702 507 2774 ψυχὴν
538 2703 832 2776 κατέδησεν
867 2705 1033 2776 αὐτὴν
1067 2709 1131 2776 τῇ
1166 2704 1288 2776 ὕλῃ,
1317 2705 1350 2776 ἢ
1385 2705 1594 2774 ἀγνοῶν
1626 2707 1686 2758 τὸ
1724 2706 1909 2775 ἐσόμε-

328 2812 438 2848 νον.
476 2796 614 2849 Ἀλλ’
649 2793 788 2864 οἶδα,
834 2798 916 2851 ὅτι
966 2797 1246 2867 οὐδέτερον
1293 2797 1497 2849 τούτων
1540 2798 1704 2868 ἐρεῖς.
1737 2797 1908 2868 Ὕλην

331 2887 440 2958 γὰρ
471 2889 531 2940 ού
565 2888 792 2959 λέγομεν
819 2888 880 2942 τὸ
912 2888 1102 2960 σῶμα,
1137 2889 1212 2960 μὴ
1246 2889 1460 2956 γένοιτο
1486 2891 1499 2942 l
1535 2889 1656 2941 οὐδὲ
1689 2887 1787 2952 τὰς
1815 2887 1907 2940 τοῦ

331 2979 467 3032 Θεοῦ
498 2980 725 3044 κτίσεις.
778 2980 941 3035 Ἀλλά
983 2981 1115 3052 ὓλην
1144 2980 1268 3033 τινὰ
1304 2977 1443 3034 οἶδεν
1475 2983 1508 3051 ἡ
1552 2981 1741 3052 Γραφὴ
1773 2981 1912 3051 μετά

329 3072 531 3143 ταύτην
561 3071 660 3144 τὴν
691 3072 920 3145 φαύλην,
951 3074 1030 3136 εἰς
1055 3073 1112 3125 δέ
1140 3071 1486 3134 κατασκευὰς
1513 3073 1718 3146 ἑκάστῃ
1746 3073 1908 3147 τέχνῃ

332 3165 427 3218 καὶ
459 3165 724 3236 ἐργασίας
755 3165 1091 3238 προκειμένη
1111 3166 1157 3229 ²,
1191 3164 1358 3237 ἄλλην
1382 3165 1522 3232 τινὰ,
1554 3165 1695 3235 λέγω
1716 3165 1780 3237 δὴ
1809 3165 1906 3238 τὴν

330 3259 396 3310 ἐκ
426 3257 662 3321 διανοίας
699 3257 972 3330 φυομένην
1026 3259 1278 3329 ῥυπαρὰν
1309 3257 1626 3330 ἐνθύμησιν,
1659 3260 1754 3312 καὶ
1781 3258 1908 3329 βορ-

331 3347 586 3422 ϐορώδεις
625 3349 916 3420 λογισμοὺς
961 3349 1062 3417 τῆς
1102 3352 1394 3421 ἁμαρτίας.
1427 3351 1654 3405 Φύονται
1697 3353 1804 3424 γὰρ
1833 3353 1910 3417 ὡς

330 3444 438 3499 ἀπὸ
470 3442 644 3516 πηλοῦ
683 3444 1010 3515 δυσοδμίας³
1052 3463 1111 3498 τε
1156 3446 1248 3499 καὶ
1289 3445 1592 3517 ἀκάθαρτος
1635 3446 1907 3517 ἀποφορὰ,

330 3536 599 3608 λοιμώδης
641 3553 700 3590 τε
738 3536 831 3590 καὶ
855 3535 1222 3608 βορϐορώδης·
1253 3537 1327 3600 ὡς
1357 3539 1384 3590 6
1416 3537 1685 3608 μακάριος
1717 3539 1904 3605 Δαϐὶδ,

331 3627 658 3698 διωκόμενος
699 3627 791 3680 καὶ
833 3627 1251 3698 διαϐαλλόμενος
1295 3625 1439 3698 [ὡς]
1494 3627 1598 3680 ὑπὸ
1655 3627 1906 3700 πονηρῶν

332 3721 431 3776 ἀνθ
441 3721 659 3793 ρώπων,
673 3720 858 3790 ἔλεγεν
876 3739 887 3752 ·
908 3720 1236 3791 Ἐνεπάγην
1248 3722 1334 3784 εἰς
1349 3719 1371 3750 ⁸
1389 3719 1548 3787 ὕλην
1569 3719 1906 3789 (43),βυθοῦ,

333 3814 431 3866 καὶ
457 3812 525 3866 τὰ
555 3811 703 3882 ἑξῆς.

2002 527 2223 596 impune
2253 529 2789 584 comminisciturAe
2818 547 2939 584 cum
2971 532 3023 586 in
3050 531 3369 587 hodiernum
3400 551 3570 606 usque

2001 619 2144 672 diem
2174 621 2241 673 ab
2278 620 2388 674 illis
2407 622 2573 674 multa
2606 622 2968 690 proferantur,
3006 632 3411 694 nascanturque
3441 642 3569 696 por-

2001 719 2172 775 tenta,
2205 712 2298 779 qui
2344 712 2586 780 quotidie
2616 715 2736 765 novi
2756 714 2955 782 aliquid
2982 714 3047 766 ad
3069 716 3374 770 illudendos
3394 718 3569 770 homi-

2001 818 2099 856 ncs
2135 801 2478 872 conﬁngunt,
2523 802 2737 857 dillicile
2795 813 2878 858 est
2939 807 3204 859 extriCare
3255 809 3458 870 omnia,
3485 809 3567 861 vel

2003 894 2251 948 oratione
2324 895 2634 960 complecti.
2705 896 2882 961 Quare
2929 913 3049 964 quae
3105 899 3170 952 de
3225 900 3324 952 hac
3376 900 3566 955 harresi

2002 983 2279 1052 disputata
2311 993 2460 1051 sunt,
2507 989 2574 1040 iis
2605 990 2846 1040 contenti
2888 1003 3010 1042 esse
3039 987 3320 1052 debemus,
3358 1006 3476 1060 qua:
3501 991 3569 1045 ad

2001 1084 2246 1129 nostram
2315 1077 2632 1130 memoriam
2719 1088 3105 1146 pervenerunt.
3179 1079 3356 1150 Atque
3429 1082 3570 1136 hanc

2001 1180 2215 1219 omnem
2257 1165 2469 1218 illorum
2523 1165 2827 1219 doctrinam
2889 1167 3011 1236 quis
3058 1183 3166 1220 non
3224 1182 3403 1222 meras
3446 1183 3568 1223 esse

2002 1256 2213 1312 fabulas
2251 1274 2314 1312 ac
2337 1258 2569 1312 ludibria
2604 1259 3093 1328 perspiciat?(‘.cdo
3115 1260 3282 1324 enim,
3305 1261 3440 1315 heus
3473 1261 3566 1314 tu!

2001 1350 2344 1417 majoresque
2402 1350 2516 1414 tui,
2581 1349 2725 1403 unde
2796 1365 2996 1418 corpus
3045 1351 3376 1419 accepistis?
3428 1351 3572 1406 unde

2003 1436 2270 1489 animam?
2310 1437 2454 1491 unde
2508 1437 2822 1492 interiorem
2879 1441 3028 1492 illum
3087 1439 3402 1492 hominem?
3439 1439 3492 1492 Si
3540 1455 3572 1496 a

2004 1528 2284 1596 superiore
2341 1529 2432 1583 illo
2493 1529 2682 1584 nescio
2735 1545 2844 1599 quo
2894 1545 2958 1583 ac
3010 1531 3239 1599 spiritali
3280 1531 3478 1586 habere
3521 1539 3574 1585 te

2004 1618 2228 1682 dixeris,
2261 1634 2357 1688 pro
2383 1634 2446 1674 eo
2487 1635 2551 1674 ac
2589 1623 2807 1674 mentiri
2838 1621 3004 1682 soles,
3038 1629 3090 1673 et
3123 1621 3236 1690 spei
3283 1620 3570 1690 cujusdam

2005 1710 2319 1766 ostensione
2359 1711 2550 1766 illusos
2577 1726 2606 1764 a
2634 1721 2684 1764 te
2711 1711 2962 1765 homines
3010 1709 3200 1764 inﬂare
3222 1749 3236 1775 ,
3289 1726 3395 1780 quo
3422 1709 3573 1779 ejus-

2003 1801 2147 1855 modi
2196 1801 2476 1871 proposito
2497 1801 2601 1856 sibi
2630 1816 2796 1870 scopo
2850 1813 2974 1856 tuas
3015 1801 3079 1855 ad
3111 1802 3419 1871 prazstigias
3444 1819 3574 1870 pro-

2001 1893 2306 1961 lectentur;
2335 1893 2715 1957 dic,obsecro,
2747 1909 2866 1964 quae
2917 1893 2987 1948 sit
3031 1894 3271 1948 cmlestis
3319 1894 3466 1948 illius
3512 1909 3576 1948 ae

2002 1984 2266 2053 spiritalis
2302 2000 2425 2038 cum
2458 1985 2698 2039 materiae
2721 1992 2978 2039 concreto
3009 1985 3266 2046 societas,
3293 1993 3385 2037 aut
3411 1985 3575 2053 hujus

2004 2089 2131 2129 cun
2174 2075 2431 2142 animali;
2460 2083 2553 2129 aut
2596 2093 2705 2146 quo
2744 2076 2961 2130 tandem
3009 2086 3169 2146 pacto
3192 2075 3418 2130 (ireator
3457 2092 3578 2148 quae

2005 2166 2072 2220 ad
2104 2181 2163 2221 se
2190 2167 2532 2236 pertinebant
2583 2168 2716 2222 nihil
2756 2167 3081 2221 condiderit.
3117 2167 3228 2221 Cur
3280 2183 3572 2238 supremus

2006 2259 2099 2313 ille
2139 2260 2436 2330 spiritalem
2495 2275 2648 2314 suam
2698 2261 2805 2313 vim
2865 2258 3184 2323 Conditori,
3241 2259 3334 2329 qui
3396 2261 3579 2314 minus

2005 2359 2155 2406 recte
2181 2351 2404 2406 molitus
2427 2359 2564 2413 erat,
2595 2350 2926 2426 attribuerit.
2980 2349 3092 2404 Cur
3131 2350 3274 2405 idem
3305 2351 3394 2405 ille
3418 2349 3567 2404 Con-

2009 2444 2155 2498 ditor
2200 2445 2434 2498 animale
2485 2459 2644 2498 suum
2694 2460 2817 2497 eum
2884 2443 3149 2497 matcriali
3209 2442 3578 2497 commiscens

2009 2535 2252 2590 materiae
2279 2551 2441 2604 quam
2474 2535 2707 2588 habebat
2735 2535 2844 2588 vim
2874 2534 3083 2604 illigare
3117 2534 3389 2588 maluerit.
3417 2532 3572 2598 Quod

2012 2625 2058 2680 si
2079 2627 2182 2678 vim
2225 2626 2314 2678 ille
2343 2640 2499 2678 suam
2546 2626 2858 2680 immiscere
2901 2625 3077 2694 cupit,
3106 2639 3214 2678 non
3245 2625 3349 2679 erit
3400 2625 3579 2678 aliena

2010 2717 2260 2770 materia.
2299 2715 2394 2770 Sin
2432 2728 2514 2772 est
2545 2717 2761 2781 aliena,
2816 2717 2940 2786 quis
2983 2717 3030 2771 ei
3058 2716 3151 2785 jus
3199 2715 3253 2770 in
3295 2717 3576 2770 materiam

2012 2816 2445 2877 potestatemque
2478 2808 2792 2863 concessit?
2842 2807 2921 2860 Ac
2966 2808 3202 2877 primum
3262 2805 3394 2860 illud
3450 2807 3580 2862 volo

2013 2900 2146 2953 mihi
2179 2900 2352 2962 dicas,
2373 2900 2658 2968 impostor,
2712 2907 2894 2952 utrum
2927 2899 3124 2952 anima:
3153 2897 3407 2952 inductus
3435 2897 3580 2958 odio,

2014 3006 2082 3045 an
2145 2991 2290 3061 quod
2359 2991 2601 3044 futurum
2649 2998 2767 3044 erat
2812 2989 3091 3059 ignorans,
3160 2987 3387 3042 materia
3436 2985 3583 3039 illam

2013 3084 2349 3137 astrinxerit.
2383 3082 2501 3136 Non
2534 3082 2725 3137 dubito
2773 3081 2905 3151 quin
2937 3081 3130 3134 horum
3165 3094 3414 3134 asserere
3449 3094 3583 3133 neu-

2013 3180 2153 3226 trum
2180 3170 2398 3227 audeas.
2425 3169 2621 3226 Procul
2673 3169 2817 3224 enim
2849 3169 3007 3235 absit,
3044 3169 3325 3224 materiam
3358 3175 3410 3222 ut
3447 3183 3574 3222 cor-

2011 3279 2112 3332 pus
2143 3262 2496 3332 appellemus,
2523 3269 2614 3315 aut
2646 3276 2732 3315 res
2771 3275 2799 3313 a
2839 3259 2946 3315 Deo
2997 3260 3268 3332 conditas.
3305 3258 3412 3313 Sed
3445 3259 3582 3312 alte-

2011 3353 2127 3407 rius
2172 3351 2459 3421 cujusdam
2512 3352 2757 3406 matcria:
2816 3351 3100 3420 Scriptura
3161 3349 3409 3404 meminit
3461 3358 3588 3419 post

2010 3443 2170 3496 vilem
2201 3441 2340 3495 hanc
2361 3449 2416 3511 et
2455 3441 2746 3509 abjectam,
2777 3455 2900 3512 qua:
2931 3441 3156 3495 cuilibet
3188 3439 3294 3493 arti
3316 3441 3587 3514 Ieperique

2009 3536 2356 3605 proponitur.
2381 3532 2706 3602 Cujusmodi
2733 3545 2816 3590 est
2839 3536 2949 3599 ille,
2971 3535 3064 3605 qui
3091 3550 3155 3588 ex
3180 3534 3363 3588 animo
3403 3534 3586 3604 pullu~

2013 3631 2112 3693 lat,
2152 3627 2469 3696 inquinatus
2511 3625 2678 3679 animi
2726 3634 2930 3687 motus.
2968 3642 3034 3680 ac
3066 3627 3346 3681 lutulentae
3374 3624 3589 3696 peccati

2011 3719 2400 3790 cogitationes:
2478 3733 2600 3787 qua:
2647 3733 2714 3772 ex
2769 3717 3097 3773 fetidissimo
3179 3731 3374 3784 emno,
3440 3715 3590 3771 velut

2011 3811 2323 3866 teterrimus
2394 3823 2561 3879 vapor
2619 3824 2684 3863 ac
2729 3810 2993 3879 pestilens
3038 3810 3288 3879 spiritus,
3349 3807 3586 3863 exhalat.

334 3906 508 3972 Quam
535 3904 604 3960 ob
637 3919 860 3961 causam
917 3903 1110 3959 beatus
1173 3902 1264 3957 ille
1310 3900 1501 3966 David,
1546 3914 1671 3955 cum
1709 3915 1835 3956 eum
1893 3903 2256 3958 conscelerati
2317 3902 2568 3956 homines
2632 3907 3100 3971 persequerentur
3173 3915 3238 3954 ac
3299 3898 3590 3954 calumniis

335 4000 704 4062 incesserent,
761 3996 970 4066 Inﬁxus
997 4013 1134 4060 sum,
1185 3995 1382 4064 inquit,
1410 3995 1464 4047 in
1489 3998 1710 4048 materia
1736 3995 1988 4065 profundi
2009 3997 2053 4063 ",
2076 4005 2182 4052 etc.

406 4093 481 4144 E’.
537 4089 751 4160 Ἐπειδὴ
791 4088 848 4142 δέ
898 4105 979 4142 σοι
1023 4088 1185 4150 δοκεῖ,
1203 4087 1532 4158 Ἡρακλέων,
1567 4086 1725 4140 τοῦτο
1751 4087 1905 4156 λέγε-

339 4183 461 4236 σθαι
510 4179 660 4252 ὓλην,
691 4179 796 4232 τῶν
846 4177 1145 4250 ἀνθρώπων
1176 4177 1244 4230 τὰ
1280 4177 1526 4248 σώματα,
1556 4179 1648 4230 καὶ
1679 4179 1770 4232 τὸν
1815 4181 1904 4232 ὲν-

338 4276 462 4329 θάδε
515 4273 716 4343 κόσμον
770 4272 1010 4326 ἅπαντα·
1048 4272 1140 4324 ἐπὶ
1182 4271 1318 4340 ποίῳ
1349 4270 1533 4340 σκοπῷ
1564 4271 1663 4341 τὴν
1711 4270 1905 4324 ἑαυτοῦ

336 4366 514 4436 ψυχὴν
545 4368 574 4419 6
601 4363 937 4438 Δημιουργὸς
970 4365 1034 4433 τῇ
1083 4362 1183 4434 ὕλῃ
1209 4362 1593 4433 ἐγκατέμιξεν;
1626 4363 1687 4414 Εἰ
1729 4363 1825 4433 μὲν
1848 4362 1908 4414 τὸ

2095 4088 2158 4143 V.
2197 4087 2397 4142 Verum
2450 4086 2919 4158 quandoquidem,
2974 4100 3008 4140 ο
3060 4083 3367 4150 Heracleo,
3411 4083 3590 4155 placet

2011 4181 2112 4236 tibi
2165 4179 2449 4234 materiam
2491 4180 2773 4234 hominum
2824 4193 2948 4234 esse
2995 4192 3258 4247 corpora,
3311 4186 3592 4246 totumque

2013 4273 2158 4328 istud
2208 4273 2522 4326 universum
2559 4290 2571 4325 :
2608 4286 2792 4342 quaero
2830 4272 2927 4324 abs
2968 4279 3021 4325 te
3075 4270 3273 4340 quibus
3311 4269 3377 4324 de
3410 4269 3591 4324 causis

2014 4365 2177 4436 266
2220 4365 2464 4420 animam
2499 4379 2653 4417 suam
2711 4364 2951 4418 materiae
3003 4363 3231 4417 Creator
3280 4361 3588 4417 inseruerit.

338 4457 574 4528 πονηρὸν
606 4457 836 4525 ἀγνοῶν,
867 4456 927 4508 οὑ
957 4455 1180 4508 δύναται
1207 4454 1557 4525 δημιουργεῖν
1593 4455 1620 4506 6
1652 4452 1725 4523 μὴ
1750 4452 1906 4521 γινώ-

2017 4455 2076 4510 Si
2111 4456 2311 4509 malum
2339 4455 2608 4525 ignoravit
2635 4495 2649 4518 ,
2674 4456 2766 4525 qui
2795 4455 2941 4524 quod
2975 4454 3154 4509 moliri
3197 4454 3312 4508 vult
3344 4454 3592 4523 ignorat,

341 4566 486 4604 σκων
523 4548 552 4601 6
586 4546 831 4619 βούλεται
875 4545 1300 4617 δημιουργῆσαι.
1334 4544 1470 4598 Οὔτε
1503 4544 1612 4615 γὰρ
1659 4546 1819 4615 ἡμεῖς
1858 4561 1910 4598 τι

339 4643 652 4712 πράττομεν
703 4641 822 4693 καθ’
855 4639 1091 4709 ἑκάστην
1145 4637 1339 4707 τέχνην
1369 4635 1744 4707 ἐργαζόμενοι,
1774 4636 1909 4707 ὅπερ

339 4733 399 4784 οὐ
449 4729 695 4800 νοοῦμεν.
747 4729 858 4784 Καὶ
905 4725 1389 4799 προενθυμούμεθα
1418 4725 1524 4797 γὰρ
1571 4724 1600 4778 6
1648 4726 1914 4780 ἐπιτελεῖν

342 4824 666 4895 βουλόμεθα,
698 4823 794 4877 καὶ
837 4824 1059 4892 οἴδαμεν
1092 4822 1220 4893 πρὶν
1264 4820 1484 4890 ποιῆσαι
1532 4819 1560 4872 6
1603 4817 1913 4872 ἐπιτελέσαι

342 4916 724 4990 προῃρήμεθα.
754 4916 946 4970 Καίτοι
991 4931 1056 4983 γε
1100 4915 1260 4984 ἡμεῖς
1309 4911 1554 4974 ἀσθενεῖς
1603 4911 1775 4973 ὄντες,
1820 4909 1914 4962 καὶ

343 5009 516 5064 πολλά
540 5009 855 5073 ἀποδέοντες
891 5007 989 5078 τῆς
1007 5004 1099 5060 τοῦ
1127 5004 1262 5058 Θεοῦ
1286 5004 1566 5075 δυνάμεως
1587 5020 1600 5034 ⁸
1630 5003 1716 5056 διὰ
1735 5001 1791 5056 δὲ
1812 5002 1911 5073 τῆς

342 5102 434 5154 ὐπ’
471 5098 635 5153 αὐτοῦ
671 5098 1067 5170 κεχαρισμένης
1111 5095 1376 5158 συνέσεως
1427 5096 1537 5158 τοῖς
1579 5092 1904 5166 ἀνθρώποις,

341 5194 563 5264 οἴδαμεν
604 5194 698 5246 καὶ
747 5191 994 5261 νοοῦμεν.
1045 5189 1367 5260 Συμϐέόηκε
1415 5188 1472 5241 δέ
1511 5204 1616 5252 σοι,
1669 5181 1713 5240 ὦ
1752 5186 1916 5257 Ἦρα-

342 5286 537 5348 κλέων,
568 5288 602 5356 ἡ
641 5287 705 5338 ἐκ
736 5283 870 5337 Θεοῦ
919 5281 1131 5344 σύνεσις
1175 5282 1255 5344 είς
1288 5279 1490 5351 βλάϐην
1511 5297 1527 5313 ο
1554 5280 1634 5332 ὅτι
1672 5277 1746 5350 μὴ
1779 5279 1919 5332 κατά

343 5377 475 5430 Θεὸν
503 5375 670 5447 αὐτὴν
701 5373 1084 5449 πραγματεύῃ,
1109 5372 1245 5427 ἀλλὰ
1285 5371 1426 5426 κατὰ
1468 5369 1709 5442 πονηρὰν
1733 5371 1921 5441 ἐπιτή-

2015 4545 2224 4601 eliicere
2271 4548 2496 4601 omnino
2545 4547 2682 4600 nihil
2732 4554 2930 4616 potest.
2972 4545 3158 4615 Neque
3205 4546 3348 4600 enim
3386 4559 3486 4598 nos
3536 4544 3592 4597 in

2015 4638 2245 4708 singulis
2284 4639 2493 4693 artibus
2534 4639 2790 4692 molimur
2836 4638 3149 4707 quidpiam,
3183 4628 3328 4708 quod
3365 4652 3469 4690 non
3504 4635 3592 4689 in-

2015 4730 2331 4801 telligimus.
2379 4729 2655 4800 Quidquid
2695 4737 2877 4785 autem
2916 4729 3177 4799 perﬁcere
3217 4729 3501 4792 volumus,
3537 4725 3592 4780 id

2017 4821 2110 4876 diu
2154 4832 2278 4876 ante
2333 4822 2667 4876 mcditamur
2711 4830 2765 4875 et
2809 4823 2954 4892 quod
3004 4821 3309 4876 faciendum
3345 4820 3593 4888 suscepi-

2019 4930 2163 4980 mus,
2191 4915 2373 4968 animo
2402 4922 2526 4969 ante
2547 4923 2601 4969 et
2631 4915 2941 4984 cognitione
2970 4913 3400 4983 complectimur.
3425 4910 3592 4980 Atqui

2015 5005 2313 5059 imbecilles
2348 5005 2451 5074 ipsi
2491 5021 2712 5071 sumus,
2741 5012 2795 5058 et
2826 5005 2985 5073 longe
3018 5019 3049 5056 a
3083 5003 3265 5058 divina
3327 5008 3596 5073 potestate

2014 5095 2322 5162 vincimur;
2376 5103 2429 5149 et
2483 5104 2663 5148 tamen
2705 5109 2804 5164 pro
2838 5094 3002 5149 insita
3051 5094 3120 5147 ab
3155 5093 3249 5147 illo
3283 5092 3466 5162 generi
3499 5091 3595 5146 bu-

2015 5198 2182 5240 mano
2203 5185 2422 5240 solertia
2455 5185 2709 5240 novimus
2747 5184 2892 5239 istud
2929 5191 2982 5239 et
3016 5191 3195 5238 mente
3237 5182 3592 5252 percipimus.

2019 5275 2141 5332 Tibi
2173 5284 2353 5332 autem
2377 5277 2660 5341 nimirum,
2699 5275 2994 5340 Heracleo,
3030 5289 3294 5329 concessa
3329 5274 3418 5326 illa
3451 5272 3592 5328 divi-

2011 5370 2170 5425 ,nitus
2193 5369 2547 5440 intelligentia
2576 5368 2751 5423 fraudi
2784 5366 2907 5433 fuit,
2931 5366 3077 5438 quod
3108 5382 3217 5422 non
3243 5381 3311 5422 ex
3334 5364 3425 5420 Dei
3454 5381 3595 5436 pra:-

420 5535 436 5565 ¹
469 5531 621 5588 Corr.
647 5530 976 5604 ὑποσυρῶσι.
1053 5529 1245 5585 ’Corr.
1276 5524 1662 5598 προκειμένην.
1738 5524 1757 5555 ³
1777 5522 1835 5578 F.
1861 5523 1906 5576 δι

2008 5523 2138 5593 iuta.
2219 5521 2240 5554 ‘
2267 5521 2407 5577 LXX
2441 5521 2554 5577 ίλύν
2584 5523 2943 5592 scripserunt.
3011 5523 3036 5556 ⁵
3068 5521 3214 5579 Psal.
3247 5537 3436 5586 uvm,
3465 5523 3512 5578 5.

446 5717 537 5783 i3)
588 5712 921 5785 Ἑ-νεπὰγην
964 5713 1049 5781 εις
1092 5712 1270 5780 ὕλην.
1304 5709 1514 5766 Vitioro
1555 5706 1744 5765 codice
1787 5721 1906 5762 usus

2008 5714 2044 5763 st
2074 5707 2338 5778 Epiphan.
2379 5705 2513 5762 Nam
2560 5707 2692 5781 ὓλην
2730 5707 2874 5766 haud
2917 5705 3082 5766 dubie
3131 5717 3392 5775 corrup.u
3490 5711 3594 5769 pro

355 5786 491 5840 ἰλύν.
