4156 6358
531 340 637 397 639

1964 341 2023 396 S.
2056 340 2394 398 EPIPHANII

3662 336 3764 392 6&0

533 456 774 523 scripto,
810 451 903 508 sed
942 467 1007 507 ex
1045 451 1283 522 pessimo
1313 452 1479 507 animi
1516 452 1595 507 tui
1635 450 1819 508 studio
1851 468 2104 509 exercere

2217 456 2531 511 5ευσιν.Ἔτι
2575 455 2631 509 δὲ
2674 454 2832 508 πάλιν
2866 453 2994 525 ἐρῶ,
3031 452 3192 507 πόθεν
3224 454 3258 523 ἠ
3282 450 3374 506 τοῦ
3401 452 3763 522 πνευματικοῦ

532 545 679 599 illam
724 545 1062 600 institueris!
1111 544 1225 599 Hoc
1270 560 1435 599 unum
1486 546 1711 615 insuper
1758 546 1915 600 velim
1972 548 2103 600 mihi

531 636 887 704 respondeas,
914 638 1184 691 undenam
1225 636 1494 705 spiritalis
1530 636 1679 691 illius
1700 677 1714 701 ,
1738 652 1898 707 quem
1929 644 1985 691 tu
2022 639 2105 692 in-

531 728 786 781 teriorem
824 728 1095 782 hominem
1135 744 1322 794 vocas,
1358 743 1482 782 cum
1516 728 1738 782 animali
1766 743 1829 783 ac
1859 730 2107 783 materia-

532 817 605 883 li,
641 822 758 873 sive
793 820 1037 874 secundo
1085 835 1149 873 ac
1193 820 1389 883 tertio,
1428 819 1794 888 exteriorique
1825 818 1964 873 adeo
2005 819 2105 872 ho-

530 909 681 964 mine
712 911 1011 978 conjuncti,
1046 912 1119 965 sit
1153 910 1294 964 facta
1324 910 1624 964 concretio.
1658 911 1712 964 Si
1744 910 1811 964 de
1839 924 2106 979 suprema:

530 999 781 1063 virtutis,
814 1001 917 1055 hoc
958 1011 1044 1055 est
1083 1001 1332 1057 Parentis
1366 1003 1637 1065 omnium,
1679 1017 1839 1071 quem
1870 1002 2105 1073 Bythum

531 1091 699 1143 etiam
730 1106 897 1146 vocas
919 1132 933 1152 .
964 1092 1247 1146 voluntate
1275 1102 1489 1162 gestum
1526 1092 1765 1156 dixeris,
1802 1107 1911 1147 non
1946 1100 2107 1148 erunt

532 1181 730 1249 igitur,
777 1190 838 1235 ut
874 1181 1081 1235 dictum
1099 1193 1215 1245 est,
1257 1192 1454 1237 creatae
1496 1184 1613 1238 ista:
1654 1184 1986 1255 inﬁrmzeque
2020 1200 2107 1239 res

532 1273 714 1326 omnis
767 1288 890 1327 cum
946 1275 1323 1343 superioribus
1369 1277 1774 1331 communionis
1820 1286 2105 1347 expertes;

531 1364 880 1433 idipsumque
928 1365 996 1419 de
1030 1368 1267 1435 supremi
1304 1365 1552 1421 Parentis
1585 1368 1848 1431 consilio,
1903 1383 1966 1421 ae
1998 1384 2111 1423 ca:-

532 1455 666 1509 litus
713 1455 935 1526 delapsa
987 1458 1076 1509 illa
1135 1458 1371 1511 scintilla
1424 1468 1867 1527 consequentur;
1904 1460 1995 1529 qui
2026 1468 2110 1515 est

533 1544 761 1600 intimus
812 1548 902 1601 ille
938 1548 1198 1617 opinione
1233 1558 1325 1601 tua
1377 1563 1441 1603 ac
1489 1550 1752 1618 spiritalis
1790 1551 1972 1605 homo.
2012 1550 2109 1606 Sin

534 1635 888 1692 Conditorem
930 1640 1100 1693 mavis
1152 1641 1207 1693 in
1242 1640 1457 1695 defectu
1498 1651 1661 1709 atque
1704 1648 1945 1709 egestate
1975 1656 2107 1695 eon-

532 1727 821 1791 stitutum,
871 1739 965 1782 aut
1005 1730 1125 1798 ejus
1166 1738 1393 1784 matrem
1418 1771 1433 1794 ,
1477 1746 1639 1800 quam
1669 1730 1969 1785 Achamoth
2012 1747 2111 1786 no-

2206 548 2353 617 μὶξις
2400 546 2478 617 τῷ
2524 545 2739 617 ψυχικῷ
2765 564 2824 599 τε
2860 547 2952 599 καὶ
2982 544 3169 614 ὑλικῷ,
3202 544 3230 598 ὃ
3261 544 3474 613 λέγεται
3506 545 3655 615 παρά
3683 546 3764 599 σοὶ

2206 639 2313 691 ἔσω
2354 638 2657 710 ἄνθρωπος,
2688 637 2767 709 τῷ
2798 639 3030 709 δευτέρῳ
3058 639 3152 691 xui.
3173 636 3338 707 τρίτῳ
3371 636 3473 700 ἔξω
3498 634 3766 706 ἀνθρώπῳ

2210 732 2539 802 συνημμένῳ
2563 733 2603 796 ι,
2623 731 2763 801 φημὶ
2793 731 2857 801 δὴ
2890 730 3032 801 ψυχῇ
3064 730 3157 783 καὶ
3182 729 3423 799 σώματι;
3454 726 3564 780 Καὶ
3588 729 3636 780 εἰ
3671 727 3768 796 μὲν

2206 825 2271 876 ὲκ
2301 823 2636 894 βουλήματος
2669 823 2768 892 τῆς
2795 823 2906 877 ἄνω
2933 823 3212 891 δυνάμεως
3244 820 3337 873 τοῦ
3368 819 3475 872 τῶν
3502 818 3637 871 ὅλων
3659 819 3771 870 Πα-

2205 916 2354 986 τρδς,
2377 917 2519 986 φημὶ
2546 915 2603 968 δὲ
2634 915 2728 968 τοῦ
2764 916 2907 968 κατά
2942 916 2999 968 σὲ
3029 912 3220 975 Βυοοῦ,
3255 913 3360 984 ἄρα
3398 928 3461 979 γε
3495 911 3595 963 οὐκ
3621 911 3770 963 ἀκοιο

2206 1004 2442 1076 νώνητος
2489 1009 2599 1069 τοῖς
2644 1006 2777 1068 ἀνω,
2807 1006 2881 1068 ὡς
2929 1005 3084 1074 ἔφην,
3116 1006 3149 1074 ἡ
3184 1002 3415 1056 ἐνταῦθα
3463 1002 3589 1071 περὶ
3625 1001 3770 1071 ἡμᾶς

2206 1095 2383 1157 κτίσις
2425 1094 2979 1164 συγκαταμιγνυμένη
3024 1093 3111 1145 διὰ
3146 1094 3242 1162 τῆς
3282 1091 3376 1144 τοῦ
3417 1090 3627 1160 Πατρὸς
3660 1090 3770 1143 ἀνω

2208 1184 2453 1247 εὐδοκίας
2480 1185 2574 1237 xui.
2594 1184 2688 1238 τοῦ
2712 1184 2916 1239 ἄνωθεν
2942 1186 3071 1256 παρ’
3101 1184 3262 1236 αὐτοῦ
3289 1181 3769 1253 καταπεμφθέντος

2210 1276 2503 1347 σπινθῆρος
2523 1294 2536 1306 ·
2566 1277 2593 1329 ὅ
2620 1279 2767 1329 ἐστιν
2787 1279 2813 1330 6
2843 1276 3207 1347 πνευματικὸς
3233 1275 3373 1328 κατά
3419 1275 3479 1327 σὲ
3511 1274 3606 1328 καὶ
3637 1272 3771 1326 ἐ.σὼ-

2206 1383 2367 1429 τατος
2430 1366 2745 1437 ἅνθρωπος·
2780 1370 2828 1421 εί
2872 1368 2927 1421 δὲ
2976 1368 3155 1435 λέγεις
3193 1366 3281 1419 τὸν
3315 1364 3653 1435 Δημιουργὸν
3680 1363 3771 1416 τὸν

2208 1459 2267 1510 ὲν
2312 1455 2650 1526 ὲλαττώματι
2700 1457 2794 1509 xui.
2841 1455 3256 1527 ὑστερήματι,ἦ
3300 1455 3397 1523 τὴν
3447 1453 3675 1525 μητέρα,
3704 1453 3771 1522 ἣν

2207 1547 2384 1615 λέγεις
2420 1544 2671 1616 ἄχαμὼθ,
2698 1546 2975 1617 εἰληφέναι
3007 1546 3211 1601 ἄνωθεν
3246 1545 3493 1627 δύναμιν,
3529 1543 3773 1596 τουτέστι

2207 1638 2268 1690 τὸ
2310 1638 2704 1707 πνευματικόν·
2757 1638 2939 1691 οὐκέτι
2992 1640 3048 1691 ὲν
3094 1640 3428 1709 ὑστερήματι
3461 1638 3552 1691 καὶ
3586 1637 3775 1707 ἀγνοίᾳ

2209 1730 2354 1783 ἐστὶν
2379 1731 2407 1782 6
2432 1731 2789 1801 Δημιουργὸς,
2818 1729 2940 1783 οὔτε
2968 1732 3002 1799 ή
3039 1731 3179 1783 κατά
3207 1730 3265 1781 σὲ
3302 1730 3479 1799 μήτηρ
3507 1727 3775 1797 καλουμέ-

534 1819 752 1882 minas,
806 1818 916 1873 vim
974 1820 1123 1873 illam
1161 1820 1413 1875 hausisse
1457 1822 1523 1875 de
1558 1821 1726 1885 emlo,
1781 1821 1883 1874 hoc
1928 1820 2105 1890 ipsum

2217 1838 2293 1892 νη.
2321 1820 2443 1883 Πῶς
2470 1819 2577 1891 γὰρ
2601 1820 2665 1873 ἄν
2696 1838 2779 1883 τις
2806 1821 2863 1871 ἐν
2897 1820 3088 1889 ἀγνοίᾳ.
3121 1820 3205 1891 εἴη
3244 1819 3450 1882 τούτου,
3482 1812 3543 1870 οὗ
3584 1816 3774 1870 ἐπιθυ-

534 1908 787 1963 videlicet
838 1911 984 1979 quotl
1040 1911 1285 1981 spiritale
1313 1920 1423 1976 est,
1460 1913 1708 1982 sequitur
1750 1928 1925 1982 neque
1960 1911 2105 1966 Con-

535 2000 803 2063 ditorem,
838 2017 1015 2070 neque
1042 2019 1204 2075 quam
1248 2013 1303 2056 tu
1349 2012 1578 2058 matrem
1609 2005 1754 2059 illius
1788 2020 2104 2073 nuncupas,

534 2092 592 2146 in
621 2092 833 2147 defectu
866 2095 1100 2163 amplius
1132 2096 1547 2165 ignorantiaque
1571 2096 1797 2149 versari.
1833 2094 1935 2161 Qui
1962 2095 2106 2149 enim

532 2184 790 2253 ignorare
843 2185 1040 2254 aliquis
1084 2194 1261 2254 potest
1293 2186 1452 2254 cujus
1503 2187 1806 2256 cupiditate
1852 2187 2112 2241 ducitur?

2210 1915 2317 1983 μεῖ.
2350 1913 2411 1964 Εἰ
2438 1911 2548 1982 γὰρ
2587 1911 2723 1972 ὅλως
2772 1910 2864 1964 τοῦ
2907 1911 3211 1981 κρείττονος
3261 1910 3532 1979 ὀρέγεται,
3560 1903 3667 1960 οἶδε
3715 1906 3778 1959 τὸ

2208 2003 2373 2057 καλὸν
2423 2003 2515 2056 καὶ
2556 2002 2776 2070 ἀγαθόν.
2813 2002 2921 2055 Καὶ
2971 2004 2999 2054 6
3042 2001 3104 2054 τὸ
3150 2000 3353 2068 ἀγαθὸν
3395 1998 3773 2069 ἐπιστάμενος,

2210 2098 2304 2150 καὶ
2353 2097 2425 2168 μὴ
2468 2097 2679 2165 στυγῶν
2727 2096 2904 2158 τοῦτο,
2938 2094 3072 2149 ἀλλά
3110 2095 3456 2166 ὀρεγόμενος,
3488 2093 3590 2146 οὐκ
3630 2091 3778 2146 ἐστιν

2211 2188 2487 2259 ἀλλότριος
2508 2188 2602 2241 τοῦ
2634 2186 2878 2256 ἀγαθοῦ.¹

535 2273 670 2327 Nam
724 2275 769 2329 si
818 2276 1076 2339 omnino,
1140 2276 1285 2345 quod
1321 2277 1670 2345 praestantius
1709 2286 1793 2331 est
1842 2276 2151 2341 desiderat,
2193 2279 2337 2347 quod
2374 2278 2663 2331 honestum
2706 2285 2791 2332 est
2835 2277 3147 2345 bonumque
3186 2273 3488 2345 cognoscit.
3529 2270 3635 2337 Qui
3676 2286 3777 2327 au-

533 2374 645 2421 tem
695 2374 749 2420 et
781 2366 984 2420 bonum
1031 2368 1342 2437 cognitione
1375 2369 1555 2437 capit,
1591 2383 1764 2438 neque
1798 2368 1912 2422 odit
1939 2368 2106 2435 illud,
2149 2369 2242 2423 sed
2281 2369 2503 2439 appetit,
2535 2384 2563 2422 a
2593 2369 2736 2424 bono
2772 2382 3115 2436 nequaquam
3149 2366 3360 2422 alienus
3391 2372 3496 2419 est.

605 2459 694 2516 Vl.
729 2460 835 2515 Sed
870 2477 937 2516 ne
977 2462 1031 2516 in
1068 2464 1463 2533 persequendis
1497 2465 1792 2534 importuni
1842 2465 1990 2519 illius
2021 2480 2118 2520 ne-

535 2552 758 2607 bulonis
797 2552 1084 2607 fraudibus
1129 2554 1335 2608 diutius
1367 2555 1634 2619 haaream,
1670 2557 1737 2610 iis
1764 2572 1885 2626 quae
1914 2572 2116 2626 propo-

2281 2464 2353 2517 Σ¹.
2394 2464 2504 2518 Καὶ
2546 2464 2633 2518 ἵνα
2680 2463 2753 2535 μὴ
2791 2462 3204 2533 κατατρίϐωμαι
3243 2462 3372 2531 περὶ
3401 2461 3507 2558 τῃ.
3535 2457 3781 2529 μηχανὰς

2209 2555 2303 2607 τοῦ
2357 2554 2592 2626 ἀγύρτου
2640 2553 3054 2624 ἀσχολούμενος,
3098 2552 3307 2613 τούτοις
3347 2548 3781 2619 ἀρκεσθήσομαι.

539 2643 643 2697 sita
672 2649 802 2695 sunt
835 2656 933 2696 ero
964 2650 1275 2698 contentus.
1308 2645 1440 2698 Cum
1470 2647 1764 2713 pnesertim
1800 2646 1883 2700 vel
1909 2662 1973 2700 ex
2009 2646 2113 2700 hoc

2217 2649 2367 2700 Πᾶσα
2393 2647 2500 2716 γὰρ
2522 2644 2686 2698 αὑτοῦ
2715 2645 2909 2698 ἔπεσεν
2935 2646 2968 2714 ἡ
2999 2642 3236 2713 ληρῳδία
3261 2641 3369 2694 ἀπὸ
3396 2640 3489 2693 τοῦ
3517 2640 3626 2691 τῶν
3648 2638 3783 2692 πάν-

540 2748 651 2787 uno
687 2733 835 2787 illius
874 2745 1205 2788 evanescant
1238 2734 1473 2799 somnia,
1510 2735 1656 2805 quod
1688 2752 1845 2791 nemo
1874 2745 1958 2791 est
1986 2738 2116 2807 quin

2217 2758 2319 2792 των
2343 2739 2618 2808 Δεσπότην
2644 2738 2778 2790 πᾶσι
2807 2735 2988 2804 σαφῶς
3015 2733 3408 2805 ὁμολογηθῆναι
3427 2731 3627 2799 ἀγαθὸν
3653 2731 3784 2783 ὄντα

539 2831 924 2879 universorum
970 2824 1259 2880 Dominum
1313 2827 1512 2881 honmn
1566 2843 1689 2883 esse
1732 2831 2021 2899 omniaque
2057 2837 2112 2884 et

2217 2834 2306 2887 xui.
2337 2830 2797 2904 προγινώσκοντα.
2834 2831 2926 2884 καὶ
2953 2829 3244 2900 δυνάμενον
3277 2826 3344 2880 τὰ
3370 2826 3547 2879 πάντα
3575 2826 3745 2877 ποιεῖν
3762 2838 3778 2854 ο

540 2917 858 2987 praevidere,
883 2928 937 2973 et
968 2919 1146 2972 moliri
1182 2935 1344 2987 posse
1380 2921 1599 2981 sentiat,
1626 2929 1901 2991 totamque
1930 2937 2109 2975 rerum

2217 2925 2309 2976 xui.
2344 2923 2418 2987 ὡς
2447 2923 2535 2975 ὑπ’
2564 2920 2727 2975 αὑτοῦ
2758 2923 2909 2975 πᾶσα
2933 2920 3091 2990 φύσις
3120 2919 3438 2990 ὑπάρχουσα
3471 2915 3660 2983 κτιστὴ
3681 2931 3781 2967 κα-

541 3017 797 3065 naturam
833 3010 902 3064 ab
950 3011 1042 3065 illo
1071 3011 1344 3065 conditam
1401 3013 1661 3081 pragclare
1695 3013 1917 3066 omnino
1942 3012 2109 3066 fabri-

2217 3015 2323 3078 λῶς
2365 3014 2676 3083 γεγένηται.
2705 3012 2840 3065 Οὔτε
2873 3012 2981 3081 γὰρ
3006 3010 3223 3064 δυνατὸν
3266 3009 3392 3062 ἄνευ
3433 3007 3526 3060 τοῦ
3568 3004 3701 3058 Θεοῦ
3728 3022 3783 3057 τι

544 3109 722 3155 catam
744 3102 1039 3157 existimet.
1067 3102 1207 3157 Nihil
1236 3106 1379 3157 enim
1405 3105 1611 3172 absque
1637 3102 1744 3158 Deo
1774 3111 1951 3173 potest
1971 3103 2118 3158 exsi-

2224 3102 2379 3167 εἷναι,
2409 3105 2521 3158 ἀλλ’
2546 3106 2579 3175 ἢ
2609 3105 2766 3174 μόνον
2793 3106 2825 3173 ἡ
2854 3102 3095 3174 ἁμαρτία
3139 3102 3238 3154 οὐκ
3278 3098 3475 3170 ἔχουσα
3499 3098 3671 3169 ἀρχὴν
3702 3097 3785 3168 ῥί-

544 3202 710 3259 stere,
757 3202 1115 3262 praeterquam
1154 3204 1437 3263 peccatum
1460 3235 1474 3256 ,
1503 3195 1661 3263 cujus
1690 3194 1845 3248 radix
1872 3202 1925 3249 et
1963 3196 2116 3265 origo

546 3288 815 3358 principio
866 3296 1057 3351 caret;
1119 3302 1297 3355 neque
1347 3296 1609 3355 perpetuo
1661 3294 1877 3348 manet,
1919 3286 2015 3341 sed
2061 3286 2117 3339 in

546 3376 851 3445 nobisipsis
869 3376 1223 3431 adventitium
1245 3378 1450 3432 iucstet
1468 3378 1808 3432 extrinsecus
1824 3376 2115 3440 adscitum,

547 3468 710 3539 267
760 3476 813 3523 et
841 3484 870 3521 a
913 3468 1069 3523 nobis
1124 3484 1344 3522 rursum
1388 3469 1550 3523 habet
1596 3476 1653 3521 ut
1701 3483 1825 3523 esse
1869 3466 2117 3532 desinat,

548 3560 1007 3629 quemadmodum
1045 3576 1170 3613 eum
1217 3560 1535 3631 singillatim
1575 3560 1838 3615 adversus
1887 3560 2121 3615 haereses

550 3652 889 3721 disputarem
954 3652 1156 3721 ubique
1216 3653 1512 3707 monstravi
1569 3672 1581 3707 :
1633 3650 1811 3707 Unum
1871 3652 2123 3707 videlicet

548 3757 676 3797 esse
724 3742 928 3805 Deum,
974 3758 1001 3796 a
1049 3757 1156 3812 quo
1212 3742 1354 3796 facta
1403 3742 1729 3812 conditaque
1767 3742 1877 3796 sint
1911 3741 2120 3806 omnia,

555 3833 770 3888 Patrem
822 3834 1037 3889 Domini
1088 3836 1262 3889 nostri
1297 3833 1425 3889 Jesu
1471 3834 1709 3900 Christi;
1737 3848 1903 3887 unum
1937 3832 2121 3886 itidem

554 3943 677 3983 esse
721 3926 915 3981 Filium
962 3927 1083 3996 ejus
1126 3927 1474 3997 Unigenitum
1502 3926 1788 3982 Dominum
1836 3933 2120 3989 nostrum,

555 4018 901 4073 Salvatorem
932 4032 995 4070 ac
1028 4017 1226 4083 Deum;
1254 4032 1419 4071 unum
1449 4032 1667 4085 quoque
1699 4015 1958 4086 Spiritum
2000 4032 2125 4072 sau-

554 4118 705 4163 etum
725 4126 739 4175 ;
760 4123 920 4161 unam
944 4116 1211 4171 sanctam,
1235 4108 1865 4176 consubstantialemque
1886 4107 2093 4162 Trinita
2112 4136 2125 4147 -

556 4208 702 4262 lem,
758 4215 788 4253 a
836 4215 943 4269 qua
994 4208 1143 4253 recte
1183 4207 1312 4254 sunt
1354 4200 1606 4253 universa
1651 4207 1981 4269 procreata:
2016 4216 2125 4253 non

2220 3197 2338 3269 ζης,
2371 3198 2491 3251 οὐδὲ
2540 3199 2619 3259 εἰς
2645 3197 2795 3261 τέλος
2830 3196 3082 3265 μένουσα,
3112 3196 3167 3246 ὲν
3193 3195 3321 3263 ἡμῖν
3358 3192 3414 3244 δὲ
3448 3191 3787 3252 ὲπεισάκτως

2220 3290 2499 3360 γινομένη,
2551 3292 2644 3341 καὶ
2691 3290 2783 3357 ἀφ’
2819 3288 2974 3358 ἡμῶν
3025 3286 3185 3340 πάλιν
3232 3283 3533 3352 παυομένη,
3575 3282 3650 3344 ὼς
3691 3282 3787 3333 καὶ

2220 3381 2491 3451 πανταχοῦ
2519 3381 2658 3434 κατὰ
2702 3382 2887 3434 πασῶν
2916 3380 3021 3433 τῶν
3055 3378 3316 3449 αἱρέσεων
3348 3374 3664 3445 ποιούμενος
3696 3372 3787 3425 τὸν

2219 3473 2373 3541 λόγον
2421 3470 2703 3536 ὰπέδειξα’
2752 3472 2832 3524 ὅτι
2881 3467 2960 3534 εἷς
3009 3472 3152 3523 ἐστιν
3196 3470 3224 3520 6
3269 3466 3401 3529 Θεὸς
3447 3466 3474 3517 ὁ
3519 3464 3586 3517 τὰ
3614 3463 3789 3516 πάντα

2221 3566 2451 3635 ποιήσας
2495 3565 2589 3617 καὶ
2632 3563 3063 3634 δημιουργήσας,
3124 3564 3152 3614 ὁ
3200 3559 3389 3629 Πατὴρ
3436 3556 3529 3609 τοῦ
3581 3553 3788 3625 Κυρίου

2222 3658 2377 3729 ἡμῶν
2415 3656 2587 3725 Ἰησοῦ
2638 3654 2908 3726 Χριστοῦο
2957 3655 3051 3707 xui.
3101 3647 3179 3716 εἷς
3213 3653 3241 3704 6
3287 3648 3579 3723 μονογενὴς
3623 3643 3788 3698 αὐτοῦ

2224 3749 2380 3812 Παῖς,
2412 3750 2438 3800 6
2463 3747 2665 3816 Κύριος
2695 3744 2853 3815 ἡμῶν
2876 3745 2968 3796 καὶ
2997 3744 3187 3813 Σωτὴρ
3214 3742 3306 3794 καὶ
3334 3740 3463 3802 Θεὸς
3483 3755 3497 3768 ·
3530 3738 3623 3791 καὶ
3638 3737 3694 3789 ἓν
3728 3735 3790 3787 τὸ

2224 3839 2378 3905 ἆγιον
2409 3835 2571 3891 αὐτοῦ
2596 3833 2815 3903 Πνεῦμα
2838 3851 2850 3863 ·
2888 3833 2987 3904 μία
3016 3832 3181 3904 Τριὰς
3210 3831 3340 3899 ἁγία
3369 3831 3461 3883 καὶ
3486 3826 3787 3898 ὁμοούσιος,

2226 3929 2284 3993 ἐξ
2310 3924 2377 4000 ἦς
2407 3928 2475 3980 τὰ
2506 3928 2684 3981 πάντα
2726 3925 2906 3988 καλῶς
2939 3924 3252 3994 ἐκτισμένα,
3288 3922 3348 3973 ού
3395 3917 3609 3989 πονηρά
3646 3934 3787 3981 τινα,

2226 4014 2359 4068 ἀλλὰ
2394 4014 2592 4083 ἀγαθὰ,
2624 4014 2761 4066 κατά
2795 4013 2891 4083 τὴν
2924 4012 3095 4075 οὕτως
3131 4011 3495 4077 εὐδοκήσασαν
3527 4006 3792 4075 ἀγαοότη-

2224 4124 2314 4168 τα,
2341 4105 2398 4171 ἐξ
2427 4106 2525 4158 οὐκ
2551 4104 2719 4157 ὄντων
2750 4103 3061 4174 κεκλημένα
3094 4105 3172 4164 είς
3205 4102 3265 4153 τὸ
3296 4094 3529 4169 εἷναι.⁷ῼ
3561 4097 3679 4168 Θεῷ
3707 4096 3791 4148 δό-

2228 4198 2310 4262 ξα,
2348 4198 2441 4250 xui.
2472 4196 2626 4266 τιμὴ,
2658 4195 2752 4247 καὶ
2782 4195 2981 4264 κράτος
3014 4195 3185 4265 Πατρὶ
3211 4195 3266 4247 ὲν
3302 4191 3435 4260 Υίῷ,
3468 4189 3581 4259 Υίῷ
3606 4193 3661 4242 ὲν
3684 4188 3794 4240 Πα-

556 4294 737 4363 aliqua
763 4295 925 4357 mala,
950 4293 1042 4348 sed
1069 4294 1289 4347 omnino
1314 4293 1477 4353 bona.
1500 4290 1947 4361 proufbonitatis
1980 4293 2120 4347 illius

2225 4289 2335 4359 τρὶ,
2366 4289 2459 4340 σὺν
2479 4287 2616 4357 ἁγίῳ
2644 4285 2918 4355 Πνεύματι
2952 4287 3030 4347 εἰς
3059 4286 3181 4347 τοὺς
3212 4282 3409 4345 αἰῶνας
3431 4282 3538 4335 τῶν
3559 4278 3789 4333 αἰώνων.

556 4385 811 4439 voluntas
840 4385 985 4438 tulit.
1018 4383 1216 4439 Eadem
1241 4398 1401 4452 porro
1443 4399 1472 4437 e
1512 4383 1685 4437 nihilo
1719 4392 1775 4436 ut
1806 4390 1990 4437 essent
2025 4383 2128 4435 ali-
2241 4380 2431 4449 Ἀμήν.
2920 4388 2925 4391 '

559 4476 689 4547 quid
731 4485 952 4530 evocata
1014 4483 1161 4529 sunt.
1208 4474 1306 4528 Cui
1331 4473 1549 4543 quidem
1585 4473 1694 4527 Deo
1732 4474 1926 4543 gloria,
1985 4474 2159 4527 honor
2197 4480 2251 4527 et
2302 4470 2587 4540 imperium
2647 4468 2751 4533 sit,
2793 4465 2941 4521 Patri
2991 4467 3047 4521 in
3084 4466 3257 4531 Fiuo,
3299 4463 3438 4519 Filio
3511 4464 3563 4517 in
3601 4460 3792 4528 Patre,

560 4586 683 4627 eum
744 4568 947 4639 Spiritu
1007 4576 1226 4630 sancto,
1285 4568 1337 4620 in
1392 4569 1591 4621 saecula
1643 4568 1987 4623 saeculorum.
2049 4568 2240 4620 Amen.

632 4664 743 4717 llac
771 4664 935 4732 igitur
957 4663 1149 4715 harresi
1180 4661 1370 4730 paucis
1405 4661 1457 4713 in
1484 4661 1629 4714 hunc
1660 4662 1877 4714 modum
1909 4677 2120 4724 eversa,

2296 4656 2511 4728 Ταύτης
2537 4656 2594 4709 δὲ
2636 4655 2794 4709 πάλιν
2833 4653 3196 4723 ποιησάμενος
3238 4652 3335 4723 τὴν
3367 4650 3678 4721 ἀνατροπὴν
3708 4648 3795 4701 διὰ

562 4754 630 4808 ad
662 4754 900 4822 reliquas
928 4751 1261 4822 pergendum
1304 4771 1317 4805 :
1348 4766 1483 4820 quas
1518 4751 1839 4821 singillatim
1873 4764 2032 4821 prout
2076 4753 2120 4807 in

2232 4750 2494 4823 βραχέων,
2522 4748 2614 4801 ἐπὶ
2643 4747 2740 4811 τὰς
2769 4746 2891 4817 ἑξῆς
2922 4744 3226 4816 βαδιοῦμαι,
3255 4744 3344 4796 τὸν
3382 4744 3519 4814 πρὸς
3561 4743 3796 4810 ἑκάστην

563 4845 719 4899 nobis
749 4843 911 4897 situm
937 4842 1060 4903 erit,
1086 4840 1412 4903 refellemus,
1439 4857 1501 4894 ac
1522 4840 2120 4909 perniciosissimae-illa-

2230 4839 2370 4892 κατὰ
2394 4838 2623 4907 δύναμιν
2660 4836 2979 4906 ποιούμενος
3008 4835 3248 4904 ἔλεγχον,
3288 4832 3382 4886 καὶ
3411 4832 3582 4895 οὕτως
3616 4834 3796 4884 ἐπιτε-

563 4954 684 4993 rum
740 4936 993 5004 nequitize
1043 4935 1265 4988 modum
1326 4932 1731 4987 adhibebimus.
1791 4930 1927 5000 Seps
1985 4932 2120 4985 enim

2229 4932 2333 4985 λῶν
2382 4929 2478 5000 τὴν
2524 4928 2833 5000 ἀνατροπὴν
2874 4927 2974 4997 τῆς
3017 4925 3195 4978 αὐτῶν
3227 4926 3563 4995 λυμαντικῆς
3596 4924 3797 4995 μοχθη-

562 5027 758 5082 merito
805 5026 894 5081 ille
946 5023 1221 5079 nominari
1277 5032 1472 5093 potest.
1525 5021 1681 5087 Quod
1728 5022 1917 5076 bestiae
1962 5035 2120 5090 genus

2231 5023 2372 5094 ρίας.
2406 5021 2520 5092 Σὴψ
2553 5020 2661 5091 γὰρ
2689 5016 2842 5083 οὗτος
2876 5021 2939 5073 ἂν
2974 5018 3184 5087 λέγοιτο
3219 5018 3329 5085 (Mi
3360 5017 3605 5080 δικαίως,
3642 5018 3669 5069 6
3700 5015 3799 5069 οὐκ

564 5135 671 5175 non
703 5128 813 5171 tam
838 5131 1273 5186 serpens,quam
1296 5115 1489 5186 reptile
1516 5114 1829 5185 quadrupes
1855 5122 1967 5176 est,
1998 5114 2120 5168 stel-

2227 5114 2467 5184 ὀφθε¹ις¹,
2493 5113 2604 5166 ἀλλ’
2630 5111 2704 5176 ὥς
2732 5129 2884 5181 φασι,
2918 5109 3167 5182 [χαλκέα,
3195 5108 3291 5182 ὅς]
3321 5110 3436 5161 ἐστι
3466 5104 3800 5179 τετραπλοῦν

680 5288 710 5328 ι·
728 5314 740 5327 .
769 5272 1135 5343 συνημμένου.
1208 5272 1230 5305 ⁸
1263 5256 1327 5325 F.
1355 5271 1499 5340 ὄφις,
1531 5278 1585 5325 et
1614 5286 1739 5325 mox
1768 5270 2091 5341 τετράπουν.

2238 5383 2455 5453 quidem
2491 5381 2685 5453 ipsam
2735 5374 2998 5453 orationis
3046 5370 3421 5453 inter_rum_pit._
3473 5366 3799 5453 Jammqtﬁmd

2238 5438 2573 5522 Epiphanius
2608 5448 2803 5503 asserit
2830 5487 2872 5522 ,Α
2893 5460 3133 5499 morsum
3182 5438 3332 5522 haud
3358 5441 3492 5493 adeo
3525 5438 3799 5522 exitialem

2238 5508 2380 5586 esse,
2409 5522 2501 5577 sed
2543 5528 2703 5588 sputo
2737 5516 3021 5589 conﬁcere,
3053 5528 3176 5567 cum
3208 5513 3275 5565 iis
3306 5524 3545 5589 pugnare
3569 5508 3799 5569 videtur,

2240 5581 2376 5662 qua!
2404 5581 2631 5662 Aristot.
2669 5588 2878 5662 scribit,
2914 5599 3098 5662 morsu
3129 5599 3231 5662 suo
3257 5583 3341 5662 vel
3378 5581 3691 5662 interimere
3717 5592 3801 5662 se:

2241 5648 2361 5732 pas,
2402 5660 2485 5715 vel
2531 5660 2869 5732 acerrimum
2909 5653 3152 5711 dolorem
3207 5650 3469 5722 inﬂigere.
3519 5648 3594 5703 De
3639 5653 3807 5717 sputo

2243 5726 2380 5788 nihil
2409 5728 2549 5801 apud
2579 5728 2742 5785 alium
2772 5726 2895 5795 legi.

637 5390 752 5461 (44)
794 5389 933 5458 Σὴψ
954 5390 1063 5458 γὰρ
1085 5384 1263 5461 οὗτος
1288 5388 1363 5441 ἂν
1390 5385 1642 5461 λέγοιτο.
1681 5385 1825 5461 Seps
1854 5386 1991 5461 alius
2020 5400 2138 5461 ser-

569 5456 741 5530 pens,
769 5456 906 5514 alius
941 5456 1484 5530 lacerta.7Posterior
1509 5457 1756 5530 Chalcis,
1794 5458 1876 5530 vel
1907 5456 2142 5509 Chalci—

571 5527 731 5596 ilica;
763 5530 909 5596 quod
958 5529 1282 5598 quihusdam
1322 5528 1483 5582 lineis
1521 5528 1645 5581 atris
1678 5527 2142 5598 speciem_geren-

573 5594 727 5654 tibus
756 5594 1143 5669 distinguatur.
1171 5598 1245 5652 De
1274 5598 1375 5651 hoc
1405 5612 1603 5667 genere
1631 5594 1872 5669 loquitur
1904 5594 2141 5669 Epipha:

577 5672 720 5721 nius.
758 5667 913 5739 Unde
929 5662 1157 5739 ῖχαλκέα
1203 5684 1305 5723 vox
1340 5662 1431 5721 aut
1462 5669 1529 5719 ab
1560 5662 1773 5739 erudito
1804 5662 2051 5739 quodjnir
2078 5662 2145 5716 ad

578 5752 731 5795 orant
770 5734 987 5795 codicis
1016 5738 1273 5794 adnotata
1294 5777 1308 5794 .
1342 5744 1437 5793 aut
1460 5751 1561 5791 suo
1588 5737 1709 5793 loco
1737 5744 1903 5792 mota.
1937 5734 2145 5790 Seriem
