4156 6358
402 374 497 428 641
1034 374 1402 434 ADVERSUS
1438 375 1779 433 HERESES
1815 376 1943 433 LIB.
1980 378 2021 435 l.
2066 376 2227 433 TOM.
2263 378 2347 435 Ill.
2381 380 2721 438 ——lleRES.
2766 381 3023 441 XXXVII.
3552 391 3658 447 διε

399 493 655 566 ἑρπετὸν,
690 492 1055 567 ἀσκαλαϐώτῃ
1096 495 1290 560 ἐοικώς
1310 512 1323 525 ³
1347 490 1407 551 οὗ
1436 499 1469 569 ὴ
1506 505 1603 569 μὲν
1641 498 1734 552 τοῦ
1768 498 1965 569 δήγμα-

2081 498 2244 554 lionis
2273 498 2480 568 specie;
2526 500 2618 569 qui
2651 515 2775 555 cum
2822 518 3008 556 morsu
3042 502 3177 557 nihil
3215 503 3507 559 admodum
3556 523 3656 560 no-

403 603 490 648 τος
538 585 708 657 βλάϐη
757 588 834 649 εἰς
882 586 1033 639 οὐδὲν
1078 587 1372 656 λογίζεται,
1402 588 1463 643 τὸ
1491 591 1546 643 δὲ
1580 590 1823 660 πτύσμα,
1855 592 1887 661 ἦ
1921 591 1965 645 ὲκ

2080 596 2220 653 ceat,
2255 599 2475 659 sputum
2504 591 2680 661 ipsum
2713 593 2756 646 si
2790 593 2843 645 in
2867 593 3049 647 cibum
3079 603 3173 647 aut
3203 605 3389 664 potum
3420 598 3651 660 eliserit,

400 675 671 748 βρώματι,
707 675 739 745 ἦ
781 678 838 729 ὲν
870 675 1017 746 ποτῷ
1059 678 1393 745 ἀκοντισθὲν,
1430 680 1658 733 θάνατον
1683 680 1843 743 εὐθὺς
1867 683 1965 743 τοῖς

2079 694 2321 748 praesens
2367 682 2435 733 iis
2476 682 2569 751 qui
2609 681 2961 736 adhibuerim
3007 685 3235 739 exitium
3283 686 3476 741 afferre
3519 687 3654 740 dici-

402 767 797 838 μεταλαϐοῦσιν
826 767 1151 839 ἐργάζεται·
1180 770 1266 823 οἵα
1296 771 1387 823 καὶ
1430 772 1462 842 ὴ
1510 772 1697 825 τούτου
1723 774 1979 826 διδασκα-

2080 780 2189 825 tur.
2220 773 2498 842 Ejusmodi
2527 782 2611 829 est
2652 775 2800 829 illius
2830 776 3102 830 doctrina.
3136 776 3245 833 Nos
3279 788 3460 833 autem
3489 783 3651 851 hujus

398 856 509 913 λία.
528 859 689 912 Ἀλλά
715 860 807 914 καὶ⁹
835 860 1023 914 τούτου
1054 862 1142 915 τὸν
1168 863 1243 915 ἱὸν
1273 863 1644 934 φωράσαντες,
1668 865 1763 917 καὶ
1792 868 1856 935 τῇ
1883 863 1965 917 τοῖ

2078 878 2297 933 quoque
2330 880 2538 919 veneno
2563 866 2834 935 patefacto
2856 906 2869 930 ,
2891 882 2953 920 ac
2982 867 3164 921 divina
3190 885 3293 938 ope
3319 888 3383 924 cx
3410 872 3648 935 illorum,

399 954 606 1024 Κυρίου
641 949 865 1026 δυνάμει
899 957 1009 1009 ἀπὸ
1040 956 1339 1028 φαρύγγων
1371 957 1404 1027 ἢ
1436 957 1659 1027 χειλέων
1707 958 1816 1011 τῶν
1849 958 1977 1029 μελ-

398 1052 598 1108 λόντων
641 1054 971 1124 βλάπτεσθαι
1010 1057 1412 1127 ἀπομάξαντες,
1446 1058 1544 1122 τὰς
1589 1058 1715 1128 ἑξῆς
1757 1058 1976 1112 διέλθω-

2077 956 2277 1024 quibus
2306 957 2531 1026 jamjam
2557 960 2867 1011 nociturum
2898 967 3037 1023 erat,
3072 958 3323 1015 faucibus
3353 975 3444 1017 aut
3479 964 3650 1020 labris

2076 1052 2345 1113 absterso,
2382 1052 2446 1104 ad
2481 1028 2707 1105 caetera's
2740 1059 3182 1114 transeamus,et
3206 1069 3322 1119 eas,
3357 1062 3415 1109 ut
3444 1056 3648 1110 dictum

402 1163 525 1215 μεν,
561 1145 637 1208 ὡς
661 1147 943 1215 προεῖπον,
987 1148 1086 1218 τῆς
1123 1148 1304 1201 αὐτῶν
1340 1146 1542 1219 βλάϐης
1573 1149 1851 1213 ποιοῦντες
1882 1150 1965 1204 τὸν

2073 1152 2181 1210 est,
2211 1145 2457 1199 oratione
2486 1151 2671 1199 nostra
2698 1143 3062 1199 confutemus.

400 1236 643 1306 ἔλεγχον.

924 1350 1111 1405 ΚΑΤΑ
1162 1351 1408 1406 ΟΦΙΤΩΝ
1426 1395 1439 1418 ,

517 1440 1043 1511 Ἑπτακαιδεκάτη,
1072 1445 1108 1512 ἡ
1133 1444 1232 1499 καὶ
1255 1443 1575 1513 τριακοστὴ
1614 1445 1853 1515 ἑϐδόμη.

467 1553 549 1607 A’.
599 1554 689 1618 Ὠς
720 1549 812 1607 οὖν
845 1557 910 1627 τῇ
940 1556 1034 1609 τοῦ
1060 1558 1194 1610 Θεοῦ
1230 1558 1456 1629 δυνάμει
1494 1560 1968 1631 ἐπαγγειλάμενοι,

397 1640 535 1696 Θεοῦ
581 1642 919 1714 βοηθοῦντος,
949 1647 1043 1700 καὶ
1069 1650 1134 1718 τῇ
1180 1647 1308 1719 ὲξῆς
1348 1649 1549 1720 ταύτης
1579 1651 1971 1723 ὑφηγησόμεθα

396 1738 517 1799 ταῖς
546 1737 807 1807 πρότερον
834 1738 1274 1810 ἀκολουθήσασαν
1306 1744 1795 1813 ματαιοφροσύναις
1820 1747 1969 1814 Ὀφι-

2472 1343 2841 1399 ADVERSUS
2908 1343 3224 1407 OPlllTAS,

2254 1438 2385 1503 Qua?
2426 1446 2503 1491 est
2548 1436 2759 1490 lia’resis
2815 1436 3007 1503 XVII,
3057 1439 3131 1491 vel
3157 1437 3440 1492 XXXVII

2143 1552 2183 1606 l.
2213 1551 2367 1617 Quod
2396 1552 2562 1620 igitur
2591 1550 2777 1603 divino
2814 1549 2934 1603 freti
2978 1553 3233 1619 pratsidio
3266 1554 3609 1623 suscepimus
3630 1595 3645 1617 ,

2073 1645 2392 1714 Ophitarum
2424 1642 2653 1696 haeresin
2675 1681 2688 1703 ,
2718 1658 2839 1711 qua:
2892 1642 3267 1711 superioribus
3299 1645 3407 1699 illis
3440 1646 3647 1701 insanis

2072 1736 2393 1805 stolidisque
2450 1735 2615 1789 sectis
2668 1735 2908 1803 proxima
2980 1744 3085 1799 est,
3117 1736 3479 1806 aggredimur.
3517 1738 3648 1803 Quae

394 1827 525 1893 τῶν,
558 1828 626 1881 τὰ
673 1829 772 1899 μὲν
814 1832 957 1884 κατὰ
1006 1832 1073 1885 τὰ
1103 1833 1240 1886 αὐτὰ
1273 1836 1597 1907 φερομένην,
1629 1836 1699 1889 τὰ
1730 1837 1786 1890 δὲ
1823 1838 1965 1907 διηλ-

2074 1830 2290 1898 quidem
2324 1827 2523 1897 partim
2568 1843 2690 1881 cum
2733 1828 2839 1882 illis
2873 1829 3165 1893 convenit,
3198 1830 3393 1899 partim
3440 1831 3649 1885 discre-

394 1917 692 1990 λαγμένην.
718 1922 939 1989 Λεγέτω
976 1922 1069 1975 δὲί
1104 1925 1214 1987 τοῖς
1247 1924 1400 1995 ἤθεσι
1429 1925 1523 1978 καὶ
1571 1928 1812 1997 σχήμασι
1858 1929 1963 1982 τῶν

394 2010 694 2079 χρωμένων
722 2011 857 2082 αὐτῇ
880 2029 892 2041 ο
924 2012 1009 2065 ἵνα
1046 2012 1156 2066 ἀπὸ
1194 2016 1293 2085 τῆς
1323 2016 1594 2088 μετεώρου
1632 2018 1837 2089 πλάνης
1868 2019 1966 2088 τῆς

392 2101 601 2154 τούτων
629 2102 924 2171 διαφωνίας
956 2105 1118 2157 παντί
1143 2123 1221 2176 τῳ
1245 2106 1402 2176 δῆλον
1424 2107 1633 2178 έσηται,
1667 2110 1749 2163 ὅτι
1791 2109 1966 2182 πλάνῃ

394 2191 645 2260 ἄγονται,
674 2194 769 2246 καὶ
791 2195 889 2247 οὐκ
907 2194 1154 2266 ἀληθείᾳ.
1173 2198 1556 2268 Φωραθήσεται
1586 2199 1643 2253 δὲ
1667 2199 1762 2255 νῦν
1788 2200 1865 2272 τῷ
1888 2201 1967 2253 λό-

394 2300 478 2355 γῳ
513 2284 608 2338 καὶ
652 2284 1035 2358 ἐλεγχθήσεται
1068 2289 1101 2359 ή
1130 2288 1246 2343 κατ’
1272 2289 1436 2343 αὐτοῦ
1454 2291 1475 2321 ¹
1503 2291 1676 2347 ἄνοια.

463 2465 527 2518 Οἱ
556 2467 769 2533 Ὀφῖται
817 2466 917 2537 μὲν
948 2466 1075 2538 γὰρ,
1100 2468 1176 2530 ὡς
1220 2469 1500 2538 προεῖπον,
1532 2468 1630 2531 τὰς
1667 2468 1965 2540 προφάσεις

392 2556 676 2628 εἰλήφασιν
727 2558 833 2611 ἀπὸ
881 2559 979 2629 τῆς
1022 2559 1115 2611 τοῦ
1160 2559 1447 2624 Νικολάου,
1490 2559 1584 2613 καὶ
1625 2561 1962 2625 Γνωστικῶν,

394 2652 491 2705 καὶ
518 2650 627 2703 τῶν
660 2650 766 2721 πρὸ
790 2650 993 2704 τούτων
1022 2652 1284 2722 αἱρέσεων
1304 2668 1317 2681 ’
1346 2653 1558 2721 Ὀφῖται
1590 2652 1647 2705 δὲ
1681 2654 1963 2708 καλοῦνται

392 2742 462 2796 δι’
491 2743 550 2796 ὃν
598 2742 911 2807 δοξάζουσιν
960 2743 1323 2812 ὅφιν.Ἀτοπα
1366 2745 1474 2816 γὰρ
1506 2746 1600 2799 καὶ
1637 2740 1781 2799 οὗτοι
1811 2746 1965 2818 ἐρεύ-

393 2851 601 2903 γονται,
628 2835 703 2898 ὡς
735 2835 843 2888 ἀπὸ
866 2835 964 2905 τῆς
994 2835 1397 2908 προειρημένης
1427 2835 1681 2907 βρώσεως
1712 2837 1811 2907 τῆς
1836 2838 1964 2890 δυσ-

392 2924 583 2994 οδμίας
627 2926 1069 2996 ἐμπεπλησμένοι
1092 2942 1105 2955 ο
1153 2927 1247 2978 καὶ
1282 2926 1357 2990 ὡς
1386 2926 1518 2980 κενὰ
1546 2926 1799 2998 δαιμόνια
1821 2929 1964 2980 ἀπα-

392 3018 649 3088 τηθέντες
699 3014 846 3071 οὗτοι
898 3016 988 3071 τὸν
1040 3017 1183 3087 ὅφιν,
1213 3018 1289 3081 ὡς
1336 3021 1617 3088 προεῖπον,
1661 3017 1961 3082 δοξάζουσι.

393 3112 504 3164 Καὶ
547 3112 649 3182 ὅρα
684 3112 763 3174 είς
794 3110 925 3181 ὅσην
970 3109 1176 3181 προέϐη
1210 3109 1620 3179 κακομηχανίαν
1670 3111 1699 3163 ὁ
1742 3110 1963 3174 τούτους

2066 1932 2182 2000 pat,
2232 1937 2329 1991 pro
2379 1935 2567 1974 eorum
2609 1920 2702 1987 qui
2755 1921 2904 1973 illam
2962 1922 3130 1975 secuti
3186 1930 3347 1987 sunt,
3400 1925 3647 1980 moribus

2070 2016 2367 2083 habituque
2401 2012 2678 2075 dissimili,
2708 2020 2766 2065 ut
2798 2013 2879 2066 vel
2913 2013 3090 2068 inanis
3130 2014 3221 2067 illa
3267 2024 3321 2069 et
3363 2018 3646 2072 erroribus

2067 2106 2341 2175 implicata
2397 2103 2675 2158 discordia
2747 2119 2945 2175 magno
3003 2106 3258 2161 omnibus
3319 2118 3646 2177 argumento

2068 2198 2161 2256 sit,
2191 2196 2431 2251 falsitate
2467 2195 2591 2249 illos
2628 2210 2751 2250 esse
2784 2210 2890 2249 non
2918 2196 3147 2251 veritate
3174 2197 3461 2254 subnixos.
3488 2198 3646 2254 Nunc

2066 2287 2250 2357 itaque
2302 2302 2492 2339 eorum
2541 2287 2788 2341 oratione
2821 2294 3011 2341 nostra
3064 2287 3366 2359 detegenda
3396 2305 3461 2345 ac
3509 2306 3644 2345 con~

2066 2378 2335 2432 vincenda
2364 2377 2588 2433 vesania
2613 2386 2717 2432 est.

2136 2470 2301 2541 268
2327 2468 2459 2523 Nam
2494 2467 2755 2539 ,Ophitae,
2801 2468 3263 2540 quemadmodum
3298 2471 3575 2538 diximus,
3611 2490 3643 2529 a

2066 2562 2311 2626 Nicolao,
2341 2570 2394 2616 et
2421 2561 2723 2626 Gnosticis,
2753 2576 2817 2616 ac
2851 2562 3128 2632 prioribus
3150 2562 3274 2617 aliis
3314 2566 3480 2620 sectis
3497 2566 3645 2621 efllo-

2065 2661 2313 2707 ruerunt.
2344 2651 2493 2718 Quos
2526 2650 2777 2722 Ophitas,
2813 2651 2916 2706 hoc
2954 2660 3037 2706 est
3085 2656 3368 2722 anguinea:
3390 2694 3405 2719 ,
3443 2654 3511 2709 ab
3542 2668 3644 2709 an-

2065 2759 2171 2814 gue
2221 2744 2314 2797 illo
2371 2759 2531 2813 quem
2586 2742 2897 2806 celebrant,
2968 2743 3241 2811 appellare
3288 2743 3485 2799 solent.
3538 2744 3645 2801 Sed

2065 2836 2335 2890 horrenda
2368 2851 2500 2891 sane
2529 2843 2657 2890 sunt
2685 2850 2805 2905 quae
2834 2835 3084 2890 homines
3111 2835 3223 2899 isti,
3248 2844 3308 2890 ut
3336 2836 3411 2891 ita
3441 2837 3643 2901 dicam.

2064 2936 2336 2993 eructant,
2374 2944 2437 2982 ex
2469 2928 2562 2982 illo
2595 2942 2694 2983 esu
2725 2929 2869 2983 velut
2904 2938 3046 2982 tetro
3082 2930 3319 2998 quodam
3355 2927 3525 2984 odore
3557 2946 3647 2985 re-

2068 3017 2210 3071 ferti.
2256 3014 2575 3086 Serpentem
2610 3017 2810 3087 quippe
2858 3017 2983 3071 novi
3013 3016 3299 3085 cujusdam
3327 3018 3502 3071 instar
3536 3034 3644 3071 nu-

2066 3107 2228 3162 minis
2267 3115 2616 3163 venerantur.
2661 3108 2739 3161 Ac
2787 3107 2907 3161 vide
2953 3108 3173 3177 quantis
3226 3123 3321 3161 eos
3358 3107 3648 3166 fraudibus

392 3206 680 3275 ἀπατήσας
721 3203 864 3272 ὄφις.
892 3202 1156 3274 Καθάπερ
1181 3204 1291 3273 γὰρ
1314 3200 1373 3267 ἐξ
1398 3203 1647 3274 ὑπαρχῆς
1679 3204 1804 3267 τοὺς
1837 3204 1963 3275 περὶ

2066 3197 2187 3263 ille,
2231 3213 2261 3251 a
2292 3213 2401 3267 quo
2431 3198 2790 3252 circumventi
2828 3207 2985 3261 sunt,
3020 3213 3243 3267 serpens
3289 3198 3532 3253 irretitos
3565 3208 3647 3254 te-

396 3295 542 3350 Εῦαν
592 3297 687 3349 καὶ
734 3296 824 3349 τὸν
858 3295 1030 3366 Ἀδὰμ
1060 3296 1361 3365 ἠπάτησεν,
1390 3294 1531 3349 οῦτω
1571 3295 1665 3348 καὶ
1697 3293 1793 3349 νῦν
1834 3295 1966 3367 κρύ-

396 3404 546 3440 πτων
580 3385 768 3439 ἑαυτὸν
796 3385 855 3438 ἕν
894 3401 951 3438 τε
976 3384 1054 3455 τῷ
1087 3386 1312 3456 παρόντι
1334 3384 1428 3438 καὶ
1461 3386 1518 3437 ὲν
1541 3384 1619 3455 τῷ
1660 3385 1834 3456 χρόνῳ
1859 3384 1966 3439 τῶν

404 3478 695 3541 Ἰουδαίων,
719 3477 847 3549 ἄχρι
871 3480 971 3548 τῆς
993 3475 1087 3529 τοῦ
1113 3475 1347 3548 Χριστοῦ
1371 3477 1692 3547 παρουσίας.
1718 3471 1850 3531 Εἶτα
1873 3476 1967 3530 καὶ

390 3569 793 3641 προϐαινόντων
817 3568 926 3621 τῶν
948 3569 1153 3640 χρόνων
1178 3568 1389 3638 λίχνους
1412 3568 1570 3632 ὄντας
1600 3570 1725 3632 τοὺς
1754 3568 1848 3621 ἀνθ
1858 3568 1964 3640 ρώ-

391 3678 529 3724 πους
560 3664 628 3732 τῇ
661 3659 727 3713 δι’
766 3659 930 3712 αὑτοῦ
969 3660 1033 3711 ἐκ
1075 3659 1174 3729 τῆς
1219 3659 1503 3731 παρακοῆς
1529 3657 1797 3729 ληφθείσῃ
1828 3657 1968 3729 βρώ-

394 3770 501 3817 σει,
531 3751 612 3805 ἐτι
650 3750 991 3805 ὑπονοθεύων
1026 3750 1120 3803 καὶ
1150 3748 1430 3820 ἐρεθίζων,
1463 3750 1543 3811 είς
1576 3749 1967 3820 περισσοτέραν

391 3847 609 3917 ἀπάτην
653 3845 763 3898 ἀπὸ
810 3843 902 3898 τοῦ
949 3843 1101 3906 ὄντος
1143 3840 1278 3895 Θεοῦ
1326 3842 1607 3912 ἀφίστησι,
1659 3841 1826 3895 πολλά
1869 3842 1967 3912 μὲν

392 3935 824 4006 ὑπισχνούμενος
860 3935 969 3995 ἀεὶ,
1001 3933 1076 3996 ὡς
1120 3933 1213 3986 καὶ
1258 3934 1316 3999 ἐξ
1365 3933 1575 4004 ἀρχῆς*
1608 3933 1701 3986 καὶ
1735 3932 1842 4003 γὰρ
1875 3933 1968 3986 καὶ

391 4030 514 4082 τότε
536 4029 807 4099 ἡπάτησε,
826 4027 1000 4094 λέγων
1019 4044 1033 4058 ⁶
1058 4027 1314 4080 Ἐσεο-θε
1337 4026 1417 4091 ὡς
1437 4026 1561 4080 θεοί
1582 4043 1595 4056 ⁸
1619 4022 1737 4079 εἶτα
1760 4026 1970 4096 προῖόν-

391 4137 502 4173 των
527 4118 634 4172 τῶν
656 4120 880 4190 χρόνων,
908 4117 1007 4189 τὴν
1038 4116 1384 4187 πολύμορφον
1408 4116 1500 4169 καὶ
1528 4117 1806 4187 τερατώδη
1832 4134 1966 4184 φαν-

391 4214 586 4268 τασίαν
618 4214 799 4275 αὐτοῖς
842 4209 1217 4282 ὲξειργάσατο.
1236 4209 1367 4261 Ἀπὸ
1415 4208 1523 4281 γὰρ
1570 4209 1664 4262 τοῦ
1718 4210 1836 4273 ἑνὸς
1874 4211 1967 4264 καὶ

390 4304 488 4358 τοῦ
540 4302 792 4375 ἀληθινοῦ
846 4299 980 4354 Θεοῦ
1025 4301 1337 4371 ἀποστήσας
1387 4300 1606 4364 αὐτοὺς,
1651 4300 1963 4371 ὲνεκίσσησε

393 4396 560 4450 πάλαι
609 4397 707 4466 τὴν
752 4396 850 4465 τῆς
902 4391 1342 4464 εἰδωλολατρείας
1390 4393 1483 4445 καὶ
1515 4392 1803 4455 πολυθεῖας
1835 4392 1964 4462 βλά-

395 4507 501 4560 σφη
511 4506 607 4559 μον
632 4485 982 4555 κενοφωνίαν.
1015 4483 1279 4538 Οὐδέποτε
1308 4482 1417 4555 γὰρ
1449 4479 1588 4555 ἦσαν
1613 4482 1747 4549 θεοὶ,
1773 4482 1962 4554 ὥσπερ

392 4577 514 4631 ούδὲ
538 4575 836 4639 είσ“ιν,ὰλλὰ
856 4577 884 4628 ὁ
909 4574 1060 4637 Θεός.

2064 3298 2209 3343 neat.
2251 3287 2386 3341 Nam
2420 3298 2479 3341 ut
2508 3288 2674 3340 Evam
2732 3286 2859 3340 olim
2893 3294 2945 3340 et
2992 3286 3259 3339 Adamum
3292 3284 3483 3341 fefellit
3512 3302 3526 3352 ;
3569 3287 3645 3341 ita

2063 3380 2224 3435 modo
2255 3381 2494 3450 seipsum
2526 3387 2713 3450 tegens
2735 3394 2798 3433 ac
2821 3378 3198 3440 dissimulans,
3216 3377 3461 3448 adeoque
3481 3387 3645 3435 antea

2062 3467 2375 3524 Iudaeorum
2421 3470 2800 3540 temporibus,
2841 3470 2906 3522 ad
2935 3468 3226 3522 adventum
3264 3484 3436 3538 usque
3481 3468 3644 3523 Chri-

2064 3562 2157 3625 sti,
2186 3562 2514 3616 mortalibus
2539 3561 2819 3631 imposuit.
2847 3559 2985 3613 Tum
3012 3561 3488 3630 progredientibus
3515 3569 3649 3614 zela-

2065 3654 2211 3710 tibus
2240 3669 2368 3709 esca
2396 3654 2512 3720 illa,
2544 3669 2708 3723 quam
2736 3662 2929 3707 contra
2962 3652 3055 3707 Dei
3090 3653 3439 3707 interdictum
3478 3668 3643 3707 usur-

2064 3760 2198 3816 pare
2246 3746 2366 3801 ausi
2404 3745 2641 3811 fuerant,
2692 3747 3023 3815 prolectatos
3057 3745 3338 3809 homines,
3372 3754 3427 3801 et
3468 3747 3647 3801 avidi-

2064 3846 2177 3894 tate
2218 3849 2500 3908 correptos
2552 3839 2620 3892 ab
2668 3839 2938 3909 obsequio
2989 3838 3084 3894 Dei
3119 3841 3492 3896 callidioribus
3524 3856 3644 3894 ma-

2065 3930 2244 3985 chinis
2264 3931 2550 3995 abstraxit,
2584 3930 2961 3987 vehementius
3006 3931 3301 3986 itdenidem
3325 3932 3647 3988 adulterans

2064 4032 2119 4077 et
2148 4023 2453 4092 instigans,
2496 4037 2559 4076 ac
2597 4024 2892 4077 multarum
2940 4040 3122 4078 rerum
3158 4040 3310 4093 spem
3335 4063 3350 4088 ,
3396 4034 3454 4078 ut
3485 4025 3644 4079 initio

2064 4112 2300 4176 fecerat,
2345 4111 2663 4167 ostendens.
2705 4112 2838 4165 Nam
2885 4120 2937 4167 et
2972 4121 3103 4167 tunc
3150 4114 3224 4166 ita
3259 4113 3381 4167 illos
3428 4113 3643 4182 decepit

2065 4220 2190 4258 cum
2219 4204 2423 4258 diceret
2454 4221 2467 4257 :
2509 4202 2677 4255 Erilis
2721 4205 2857 4255 sicut
2897 4203 2972 4257 dii
3004 4206 3043 4257 ³.
3070 4202 3208 4257 Tum
3241 4205 3501 4273 paulatim
3546 4221 3643 4258 va-

2064 4297 2178 4351 rias
2205 4310 2268 4349 ac
2299 4297 2531 4365 portenti
2567 4295 2875 4351 simillimas
2902 4297 2981 4351 eis
3012 4297 3222 4366 species
3250 4298 3469 4366 objecit.
3503 4298 3639 4352 Cum

2065 4392 2208 4446 enim
2241 4392 2311 4445 ab
2359 4406 2470 4445 uno
2503 4406 2743 4460 veroque
2796 4390 2907 4446 Deo
2952 4392 3076 4445 illos
3111 4392 3433 4457 avertisset,
3471 4393 3644 4447 idolo-

2067 4483 2225 4536 latria
2278 4482 2775 4552 multipliciumque
2823 4482 3054 4537 deorum
3092 4484 3454 4554 ineptissimis
3512 4485 3643 4539 reli-

2071 4574 2324 4645 gionibus
2381 4574 2531 4628 velut
2577 4573 2690 4630 fetu
2737 4576 2979 4646 quodam
3038 4577 3303 4647 implevit.
3361 4576 3639 4644 Siquidem

393 4671 469 4726 dii
502 4685 782 4739 nunquam
841 4669 1206 4735 exstiterunt,
1252 4667 1331 4722 uti
1381 4682 1482 4723 nec
1524 4666 1801 4723 exsistunt
1833 4669 2031 4734 modo,
2064 4669 2159 4723 sed
2192 4668 2334 4725 Deus
2365 4668 2651 4725 duntaxat.

463 4786 767 4857 Προεκίσσα
790 4784 846 4838 δὲ
899 4782 995 4855 τὴν
1032 4783 1437 4854 ειδωλομανίαν,
1491 4782 1587 4836 καὶ
1644 4784 1956 4848 πολυθεὴν,

2132 4782 2333 4838 Verum
2360 4784 2611 4839 insanum
2638 4784 3060 4841 simulacrorum
3083 4786 3311 4853 cultum,
3337 4801 3400 4841 ac
3415 4787 3641 4843 deorum

393 4883 489 4936 καὶ
531 4878 816 4950 ἀπατηλὴν
858 4876 1116 4929 διάνοιαν.
1181 4874 1294 4927 Οὐκ
1349 4870 1419 4946 ἦν
1471 4873 1529 4927 δὲ
1584 4875 1755 4938 αίτιος
1802 4875 1964 4945 μόνος

389 4978 418 5028 ὁ
460 4972 779 5044 φαινόμενος
818 4968 935 5021 τότε
986 4966 1129 5036 ὄφις.
1174 4965 1308 5019 ἀλλά
1339 4967 1368 5019 ὁ
1418 4967 1475 5020 ὲν
1520 4965 1598 5037 τῷ
1649 4967 1770 5036 ὄφει
1840 4969 1964 5036 ὄφις

391 5067 661 5137 λαλήσας,
711 5060 853 5132 φημὶ
901 5060 958 5113 δὲ
1002 5058 1280 5123 διάϐολος,
1343 5060 1437 5113 καὶ
1500 5059 1598 5130 τὴν
1645 5061 1816 5132 ἀκοὴν
1867 5061 1960 5115 τοῦ

395 5156 674 5226 ἅνθρώπου
726 5151 967 5223 ταράξας
1031 5150 1119 5203 διὰ
1173 5151 1273 5220 τῆς
1329 5151 1613 5218 γυναικός.
1678 5153 1789 5206 Kal.
1840 5153 1960 5206 οὐδὲ

390 5250 451 5303 τὸ
487 5248 641 5313 ξύλον
673 5242 740 5316 ἦν
781 5244 1043 5314 ἁμαρτία.
1073 5242 1205 5305 Θεὸς
1242 5240 1349 5311 γὰρ
1389 5242 1543 5295 οὐδὲν
1586 5244 1819 5315 πονηρὸν
1862 5263 1961 5313 φυ-

391 5340 556 5394 τεύει.
594 5337 795 5389 Γνῶσιν
822 5335 879 5387 δὲ
901 5332 1182 5400 ἐνεποίησε
1202 5330 1263 5382 τὸ
1288 5329 1442 5396 ξύλον
1467 5328 1561 5383 τοῦ
1591 5330 1787 5385 ειδέναι
1818 5333 1959 5399 ἀγα-

390 5430 480 5483 θόν
516 5446 575 5482 τε
617 5428 714 5479 καὶ
749 5424 970 5495 φαῦλον.
1005 5422 1113 5475 Kal.
1158 5421 1279 5490 οὐχὶ
1310 5421 1397 5474 διὰ
1422 5420 1483 5474 τὸ
1513 5421 1709 5474 ειδέναι
1738 5424 1766 5474 ὁ
1797 5421 1963 5475 θάνα-

387 5538 500 5583 τος,
532 5520 666 5573 ἀλλά
718 5518 805 5571 διὰ
850 5516 948 5586 τὴν
992 5514 1295 5585 παρακοήν.
1330 5512 1441 5565 Kal.
1473 5512 1581 5584 γὰρ
1614 5515 1648 5584 ἡ
1683 5515 1833 5566 πᾶσα
1865 5514 1960 5567 τοῦ

390 5612 584 5685 ἐχθροῦ
617 5612 735 5665 τότε
772 5608 1008 5681 συσκευὴ
1039 5608 1136 5679 οὐχ
1169 5607 1353 5661 ἕνεκεν
1374 5606 1468 5661 τοῦ
1498 5606 1785 5677 βρώματος
1812 5608 1963 5677 γέγο-

462 5794 481 5825 ²
513 5791 553 5847 F
585 5811 666 5861 γω
701 5792 778 5847 δέ.
856 5796 875 5825 ²
908 5790 968 5847 F.
1001 5792 1214 5857 αὐτούς.
1292 5790 1313 5823 ³
1346 5790 1483 5850 Cen.
1506 5808 1589 5858 ιιι,
1617 5792 1669 5845 5.

2064 4876 2466 4933 multitudinem
2493 4919 2508 4943 ,
2550 4887 2604 4933 et
2640 4878 2985 4934 fraudulenta
3017 4880 3465 4935 consiliaduduni
3497 4882 3641 4951 apud

2063 4983 2122 5023 se
2150 4978 2503 5039 conceperat.
2538 4968 2726 5040 Neque
2757 4986 2887 5025 vero
2913 4974 3061 5026 solus
3088 4972 3176 5026 ille
3199 5012 3215 5036 ,
3250 4972 3343 5042 qui
3368 4973 3640 5027 extrinse-

2061 5076 2160 5115 cus
2191 5063 2521 5131 apparebat,
2558 5078 2783 5132 serpens
2820 5064 2955 5117 tanti
2991 5064 3115 5117 mali
3166 5079 3391 5118 causam
3424 5065 3673 5131 attulit,

2059 5153 2153 5206 sed
2185 5153 2275 5221 qui
2308 5167 2404 5222 per
2435 5168 2558 5206 eum
2594 5153 2919 5223 loquebatur
2943 5155 3085 5208 alius
3116 5168 3345 5223 serpens
3368 5193 3385 5218 ,
3422 5154 3527 5208 hoc
3560 5166 3645 5208 est

2065 5244 2350 5305 diabolus,
2394 5245 2485 5314 qui
2538 5246 2785 5298 auditum
2833 5246 2935 5299 viri
2990 5246 3236 5300 mulieris
3288 5261 3424 5300 usus
3478 5260 3640 5313 opera

2067 5338 2426 5406 perturbavit.
2473 5336 2659 5407 Neque
2710 5338 2916 5407 lignum
2948 5339 3125 5408 ipsum
3174 5346 3456 5408 peccatum
3496 5337 3637 5403 fuit;

2066 5428 2202 5482 nihil
2232 5429 2376 5483 enim
2411 5444 2440 5481 a
2488 5429 2596 5483 Deo
2644 5431 2771 5483 mali
2809 5430 3010 5484 seritur
3034 5470 3048 5494 ,
3102 5429 3197 5485 sed
3241 5431 3367 5484 boni
3404 5430 3640 5499 malique

2067 5520 2435 5589 cognitionem
2490 5522 2696 5591 lignum
2756 5521 2887 5575 illud
2940 5521 3140 5574 attulit.
3194 5521 3262 5574 At
3312 5536 3419 5574 non
3460 5536 3525 5575 ex
3573 5535 3637 5573 ea

2067 5610 2300 5666 scicntia
2333 5627 2480 5667 mors
2499 5621 2603 5678 est,
2629 5611 2727 5667 sed
2749 5629 2812 5668 ex
2840 5612 3184 5668 contumacia
3215 5611 3477 5682 profecta.
3502 5610 3636 5665 Nam
