4156 6358
530 372 639 431 645

1919 369 1978 424 8.
2020 363 2361 423 EPlPllANll

3683 367 3787 425 6“

532 498 647 545 tota
681 487 855 543 hostis
888 486 978 541 illa
1010 484 1281 542 calliditas
1307 500 1418 541 non
1456 484 1523 541 ad
1554 499 1736 541 escam
1764 485 2106 555 pertinebat;

2223 504 2321 549 νεν,
2352 485 2465 540 ἀλλ’
2495 485 2682 538 ἕνεκεν
2732 484 2825 539 τοῦ
2871 486 3208 558 ἐργάσασθαι
3252 490 3437 557 αὐτοῖς
3482 510 3579 565 την
3608 510 3788 565 παρα-

535 581 629 637 sed
657 596 722 635 eo
748 580 1094 650 potissimum
1125 579 1429 648 spectabat,
1460 586 1519 631 ut
1549 578 1669 631 illos
1703 583 1769 631 ad
1795 577 2111 631 violandum

534 672 625 727 Dei
658 672 970 726 mandatum
1004 671 1324 741 impelleret.
1363 669 1440 722 Ex
1471 684 1581 738 quo
1616 677 1748 722 tunc
1787 668 2023 733 accidit,
2056 677 2114 722 ut

534 765 650 832 lege
694 770 1004 833 contempta
1056 777 1087 817 e
1127 762 1383 831 paradiso
1420 761 1773 830 pellerentur,
1809 761 2114 828 meritoque

532 854 954 923 castigarentur,
1006 867 1116 907 non
1162 852 1290 907 odio
1335 852 1475 914 ullo,
1526 852 1627 905 sed
1676 850 1767 904 Dei
1814 866 1945 919 erga
1992 851 2113 904 illos

534 959 665 998 cura
710 943 1158 1013 providentiaque
1206 942 1488 1011 singulari.
1516 941 1607 994 Sic
1658 940 1804 995 enim
1852 939 2114 995 Dominus

536 1034 685 1103 ipsos
714 1034 1009 1103 alloquitur
1037 1052 1049 1087 :
1081 1033 1244 1086 Terra
1273 1048 1327 1085 es
1347 1071 1361 1096 ,
1389 1042 1437 1085 et
1467 1033 1520 1085 in
1545 1041 1741 1085 terram
1772 1033 2040 1085 reverteris
2071 1031 2111 1085 ⁸.

539 1127 818 1197 Siquidem
860 1126 1055 1182 rationi
1097 1134 1525 1180 consentaneum
1577 1126 1702 1186 fuit,
1732 1135 1789 1178 ut
1830 1125 1919 1179 ille
1950 1138 2113 1178 verus

537 1221 768 1285 artifex,
817 1221 961 1291 figuli
1012 1220 1207 1284 instar,
1254 1219 1435 1287 operis
1470 1217 1591 1285 ejus
1631 1232 1693 1270 ac
1743 1216 1933 1282 vasis,
1969 1214 2114 1284 quod

538 1313 791 1366 manibus
844 1312 1093 1373 ﬁnxerat,
1138 1324 1328 1363 curam
1363 1324 1579 1379 gerens,
1617 1308 1854 1377 idipsnm
1884 1323 1948 1361 ex
1978 1322 2116 1376 pra:-

538 1400 679 1470 cepti
713 1400 1006 1453 violatione
1038 1397 1407 1456 itnmunitum.
1434 1395 1677 1466 quandiu
1704 1396 1863 1449 molle
1899 1394 2075 1448 adhuc
2098 1435 2112 1459 ,

540 1494 703 1566 269
730 1502 787 1547 ut
825 1495 899 1547 ita
929 1493 1191 1555 dixerim,
1238 1492 1410 1545 lutum
1435 1501 1584 1555 erat,
1629 1502 1790 1560 atque
1820 1506 1883 1543 ex
1921 1489 2115 1543 ﬁssura

539 1585 771 1656 quadam
803 1598 866 1637 ac
907 1585 1045 1637 rima
1080 1582 1343 1653 perfluere
1391 1592 1656 1652 cmperat,
1692 1597 1798 1634 non
1843 1580 1915 1633 ita
1944 1580 2115 1633 desti-

542 1684 753 1739 tueret,
788 1676 882 1731 sed
929 1676 983 1729 in
1029 1675 1314 1744 pristinam
1356 1688 1591 1727 massam
1628 1672 1927 1741 redigeret,
1974 1678 2031 1723 ut
2060 1672 2114 1724 in

542 1767 843 1822 instaurata
896 1765 986 1818 illa
1034 1763 1418 1833 generatione,
1482 1762 1583 1815 hoc
1636 1770 1720 1815 est
1776 1768 2113 1813 mortuorum

2214 577 2533 647 κοήν.”Οθεν
2562 576 3006 650 παρακούσαντες
3029 579 3173 643 τότε,
3202 580 3295 633 τοῦ
3335 582 3432 653 μὲν
3450 583 3785 656 Παραδείσου

2214 668 2411 733 ἔξωθεν
2450 668 2707 736 γίνονται,
2740 671 3155 741 ἐπιτιμηθέντες
3186 672 3516 738 δικαιότατα,
3553 675 3611 727 ού
3646 676 3788 728 κατὰ

2218 764 2395 831 μῖσος,
2445 761 2581 813 ἀλλά
2625 762 2766 814 κατά
2801 763 3116 833 ἐπιμέλειαν
3166 763 3261 816 τοῦ
3311 764 3465 819 Θεοῦ.
3506 767 3645 836 Φησὶ
3678 766 3786 837 γὰρ

2215 852 2353 924 πρὸς
2404 853 2601 917 αὐτοὺς
2653 856 2680 907 ὀ
2724 853 2958 925 Κύριοςο
2997 853 3086 923 Γῆ
3126 851 3199 920 εἴ,
3256 857 3352 909 καὶ
3400 859 3487 921 είς
3513 857 3629 927 γῆν
3672 858 3787 912 ἀπ-

2215 945 2617 1013 ελεύσῃ.Ἔδει
2634 945 2740 1016 γὰρ
2766 945 2855 999 τὸν
2883 946 3049 1009 ὄντως
3071 946 3199 1000 ὄντα
3219 948 3483 1018 τεχνίτην,
3502 950 3786 1019 κεραμέως

2214 1036 2367 1107 δίκην
2397 1036 2788 1107 ἐπιμελόμενον
2816 1037 2909 1090 τοῦ
2936 1038 3067 1091 ἰδίου
3098 1038 3187 1093 διά
3239 1039 3438 1111 χειρῶν
3473 1040 3788 1111 πεπλασμέ-

2214 1144 2306 1179 νου
2335 1125 2498 1179 αὑτοῦ
2534 1128 2846 1199 πλάσματός
2881 1146 2939 1181 τε
2985 1128 3080 1182 καὶ¹
3120 1130 3342 1197 ἀγγους,
3379 1130 3533 1183 τοῦτο
3562 1129 3787 1202 ὕστερον

2215 1220 2273 1272 ἐν
2316 1218 2656 1290 ἐλαττώματι
2698 1221 2918 1289 γεγονὸς
2967 1218 3057 1274 διὰ
3104 1223 3203 1291 τῆς
3234 1222 3537 1292 παρακοῆς,
3567 1222 3681 1280 καὶ,
3712 1221 3788 1286 ὡς

2216 1313 2409 1375 εἰπεῖν,
2445 1312 2523 1365 ἔτι
2554 1312 2727 1382 πηλοῦ
2763 1313 2933 1378 ὄντος,
2968 1313 3062 1367 καὶ
3088 1314 3162 1377 ὼς
3189 1314 3293 1367 ὑπὸ
3318 1314 3525 1384 ραγάδα
3549 1313 3788 1384 ἀπόρρυ·

2219 1405 2336 1472 μα’
2370 1403 2650 1471 γεγονότος
2702 1403 2795 1457 τοῦ
2844 1406 3063 1473 ἄγγους,
3104 1405 3177 1476 μὴ
3222 1405 3377 1459 ἐάσαι
3426 1404 3618 1468 οὕτως,
3652 1404 3788 1459 ἀλλὰ

2220 1494 2541 1565 μεταϐαλεῖν
2571 1496 2649 1559 είς
2678 1496 2737 1549 τὸ
2768 1497 2991 1568 ἀρχαῖον
3022 1497 3275 1569 φύραμαο
3309 1498 3394 1550 ἵνα
3428 1492 3583 1559 αὖθις
3629 1498 3685 1548 ὲν

2218 1585 2605 1658 παλιγγενεσία
2632 1589 2979 1663 ἀνασκευάσῃ
3008 1590 3066 1642 τὸ
3097 1590 3263 1658 ἄγγος
3294 1592 3351 1643 ὲν
3379 1592 3443 1660 τῇ
3495 1588 3787 1642 ἀναστάσει

2216 1678 2295 1739 είς
2328 1678 2425 1747 τὴν
2457 1678 2687 1750 ἀρχαίαν
2731 1680 3079 1752 φαιδρότητα,
3114 1683 3206 1735 καὶ
3260 1681 3337 1734 ἔτι
3387 1680 3784 1751 περιττότερον·

2219 1771 2462 1824 τουτέστι
2490 1772 2558 1825 τὰ
2587 1773 2812 1845 σώματα
2851 1774 2958 1828 τῶν
2996 1777 3064 1830 τά
3107 1775 3413 1829 ἀδικώτατα
3442 1774 3785 1845 πραξάντων,

539 1859 905 1920 excitatione,
948 1873 1045 1912 vas
1100 1856 1231 1909 illud
1282 1855 1516 1925 priorem
1561 1853 1626 1906 ad
1659 1852 2115 1919 pulchritudinem

2223 1862 2311 1914 καὶ
2344 1866 2808 1936 μετανοησάντων,
2826 1869 2918 1920 καὶ
2940 1869 3288 1922 ἀποστάντων
3319 1868 3426 1920 τῶν
3456 1868 3597 1920 ίδίων
3621 1865 3791 1935 σφαλ-

542 1953 885 2018 nitoremque
925 1959 1237 2012 revocaret;
1287 1947 1396 2000 imo
1434 1946 1634 2013 aliqnid
1672 1945 1720 1998 ei
1770 1944 1993 2013 insuper
2025 1942 2120 1995 atl-

2223 1953 2424 2023 μάτων,
2462 1959 2554 2011 καὶ
2604 1960 2659 2011 ὲν
2701 1961 2766 2030 τῇ
2812 1958 3010 2028 γνώσει
3054 1960 3146 2012 τοῦ
3194 1959 3401 2031 Κυρίου
3431 1958 3585 2030 ἡμῶν
3612 1954 3786 2027 Ἰησοῦ

540 2040 754 2111 jiceret.
805 2039 960 2105 Quod
1007 2040 1074 2094 de
1119 2055 1307 2093 eorum
1368 2038 1691 2108 corporibus
1742 2035 2117 2106 accipiendum

2223 2044 2451 2115 Χριστοῦ
2500 2048 2923 2103 τελειωθέντων·
2957 2051 3043 2104 ἵνα
3072 2051 3293 2121 γένηται
3334 2051 3426 2103 τοῦ
3468 2050 3788 2121 φυράματος

543 2141 648 2193 est,
679 2133 770 2201 qui
804 2140 925 2202 post
950 2130 1221 2185 horrenda
1257 2130 1464 2185 scelera
1502 2129 1818 2198 pmnitentia
1857 2128 2027 2191 ducti,
2067 2136 2121 2179 et

2223 2134 2250 2203 ἡ
2281 2136 2574 2201 ἀνάστασις
2604 2139 2668 2191 ὲκ
2696 2140 2793 2210 τῆς
2828 2140 2951 2209 γῆς,
2982 2141 3056 2203 ὡς
3082 2141 3307 2212 φύραμα
3339 2139 3609 2210 μαλαχθὲν
3637 2137 3788 2209 παρὰ

544 2238 575 2275 a
605 2223 821 2278 delictis
861 2224 1096 2277 revocati
1122 2263 1135 2285 ,
1164 2224 1217 2275 in
1257 2222 1387 2277 .Iesu
1431 2222 1637 2276 Christi
1690 2220 1903 2274 Domini
1948 2221 2118 2292 nostri

543 2315 856 2385 cognitione
893 2314 1116 2385 perfecti
1154 2321 1311 2379 sunt,
1346 2324 1403 2367 ut
1432 2316 1521 2367 illa
1549 2314 1615 2368 de
1642 2323 1785 2369 terra
1813 2328 1991 2367 massa
2019 2312 2113 2366 de-

544 2417 656 2455 nuo
700 2411 979 2472 resurgat,
1029 2403 1233 2472 argillze
1274 2403 1477 2466 instar,
1521 2418 1641 2472 qua:
1686 2402 1913 2455 artificis
1954 2417 2114 2454 manu

2218 2225 2310 2277 τοῦ
2337 2228 2600 2296 τεχνίτου,
2637 2231 2729 2283 καὶ
2763 2227 2916 2294 αὖθις
2942 2233 3020 2295 εἰς
3046 2232 3141 2303 τὴν
3171 2233 3422 2303 ἀρχαίαν,
3452 2231 3547 2284 καὶ
3574 2230 3651 2283 ἔτι
3679 2229 3791 2299 βελ-

2220 2318 2318 2370 τίω
2360 2319 2704 2376 ἀνατύπωσιν
2752 2322 3196 2393 κατασκευασθῇ.
3228 2320 3461 2393 Τοιαύτη
3510 2320 3606 2391 μὲν
3657 2314 3724 2389 ἦν
3751 2320 3785 2389 ἡ

2222 2410 2478 2484 ἐπιϐουλὴ
2513 2415 2605 2467 τοῦ
2640 2416 2813 2485 ὄφεως
2848 2416 2985 2487 πρὸς
3013 2416 3107 2486 τὴν
3138 2413 3303 2469 Εὔαν.

544 2495 783 2549 mollitur
863 2510 927 2549 ac
1012 2496 1321 2565 subigitur;
1380 2512 1554 2566 quue
1620 2496 1781 2551 modo
1841 2497 1894 2550 in
1969 2497 2246 2565 antiquam
2319 2508 2400 2561 vel
2476 2511 2639 2563 etiam
2707 2510 3142 2580 praestantiorem
3214 2507 3454 2578 speciem
3528 2503 3790 2559 reforme-

544 2617 653 2663 tur.
700 2607 858 2663 Tales
898 2608 1160 2663 adversus
1184 2608 1347 2663 Evam
1388 2610 1539 2665 fuere
1573 2610 1843 2680 serpentis
1882 2608 2117 2663 insidiae.

619 2766 684 2822 11.
730 2767 941 2824 Etenim
981 2770 1093 2840 jam
1132 2782 1244 2827 tum
1290 2769 1358 2821 ab
1403 2766 1560 2820 initio
1608 2774 1803 2819 natura
1848 2766 2126 2819 hominum

545 2859 809 2915 novitatis
863 2861 1055 2930 cupida
1082 2901 1097 2926 ,
1144 2861 1298 2915 vanis
1324 2859 1634 2926 dogmatum
1678 2856 1907 2910 somniis
1934 2864 1984 2909 et
2015 2856 2131 2907 ina-

548 2952 710 3006 nibus
764 2953 1054 3021 promissis
1102 2954 1237 3007 solet
1297 2949 1489 3018 abripi.
1535 2945 1599 2999 Et
1622 2948 1836 3016 quidem
1862 2947 2127 3015 principio

550 3042 724 3097 latens
759 3045 847 3099 ille
893 3060 955 3098 ac
1002 3044 1205 3099 sensim
1246 3042 1534 3106 obrepens,
1574 3039 1716 3093 ictus
1750 3037 1994 3091 venenati
2019 3036 2129 3088 exi-

549 3142 664 3188 tum
691 3124 1090 3190 dissimulabat.
1140 3133 1334 3187 Postea
1385 3145 1506 3183 cum
1559 3127 1807 3180 Salvator
1843 3139 2121 3195 assumpto

549 3239 778 3295 corpore
808 3227 1065 3289 venisset,
1094 3226 1241 3279 virus
1268 3238 1428 3278 Omne
1476 3236 1632 3274 suum
1681 3236 1741 3272 ac
1783 3220 1972 3271 nefarii
2006 3236 2114 3271 sce-

550 3316 680 3371 leris
706 3317 1105 3386 improbitatem
1131 3331 1379 3370 evomere
1399 3328 1461 3365 ac
1491 3314 1756 3380 despuere
1780 3314 1963 3379 cu‘pil.
1986 3311 2121 3361 Nam

552 3410 905 3477 semetipsum
939 3406 1239 3462 infelicium
1274 3406 1488 3459 illorum
1522 3405 1795 3457 mentibus
1826 3403 1915 3455 Dei
1953 3403 2124 3455 instar

555 3499 862 3553 habendum
920 3498 1415 3566 celebrandumque
1464 3495 1768 3564 preposuit.
1824 3492 1929 3547 Sed
1980 3494 2120 3545 idem

554 3603 802 3657 serpens,
851 3589 944 3657 qui
996 3603 1090 3657 per
1140 3588 1391 3639 alumnos
1433 3585 1736 3653 disciplina:
1768 3599 1878 3636 sua:
1919 3593 2120 3649 postea,

551 3682 681 3735 olim
738 3696 831 3750 per
879 3679 1262 3749 aSpeetabilcm
1315 3679 1464 3731 illum
1510 3686 1839 3745 serpentem,
1878 3675 2124 3728 homines

553 3773 941 3837 circumvenit;
989 3771 1265 3823 diabolum
1311 3770 1454 3823 enim
1506 3767 1786 3838 Scriptura
1823 3779 2122 3836 serpentem

553 3863 833 3927 nominat;
869 3878 976 3916 non
1006 3861 1147 3931 quod
1180 3876 1240 3914 ea
1269 3862 1340 3913 sit
1364 3860 1483 3928 ejus
1515 3862 1718 3928 ligura,
1760 3859 1855 3913 sed
1886 3860 2027 3928 quod
2060 3875 2125 3912 ex

553 3956 811 4011 omnibus
858 3954 1048 4009 bestiis
1101 3953 1171 4007 sit
1225 3952 1316 4006 ille
1369 3952 1827 4016 tortuosissimus,
1873 3951 2126 4020 quodque

554 4049 785 4119 primam
827 4046 1069 4099 omnium
1109 4042 1352 4097 fraudem
1392 4043 1495 4097 sub
1536 4044 1801 4112 serpentis
1845 4044 2124 4097 involncro

557 4142 779 4194 molitus
814 4138 993 4193 fuerit.
1031 4136 1394 4203 Quamobrem
1426 4136 1567 4205 apud
1599 4152 1714 4200 eos,
1744 4136 1836 4206 qui
1880 4136 2125 4189 veritatis

558 4232 704 4287 haud
740 4232 913 4302 ignari
949 4239 1097 4292 sunt,
1138 4228 1429 4282 ridiculum
1468 4238 1550 4282 est
1586 4229 1730 4282 illius
1764 4229 1979 4298 dogma,
2015 4245 2123 4281 non

558 4323 742 4375 minus
801 4335 961 4389 quam
1020 4320 1113 4389 qui
1171 4319 1344 4372 eidem
1414 4319 1823 4387 acquiescentes
1884 4319 2125 4371 numinis

561 4411 734 4465 instar
761 4418 1063 4478 serpentem
1096 4409 1299 4462 colunt.
1338 4407 1595 4462 Diabolus
1626 4409 1855 4478 quippe,
1888 4424 2010 4461 eum
2044 4409 2124 4461 vi-

2296 2761 2372 2814 B'.
2416 2760 2506 2825 Ἐξ
2534 2759 2709 2831 ἀρχῆς
2732 2760 2839 2829 γὰρ
2870 2759 3103 2829 λίχνοςή
3140 2755 3451 2828 ἀνθρωπεία
3482 2754 3661 2825 φύσις,
3696 2751 3792 2806 καὶ

2226 2853 2542 2922 ὑπαγομένη
2573 2852 2657 2903 ἀεὶ
2677 2854 2789 2914 τοῖς
2814 2853 2907 2922 τῆς
2945 2849 3274 2918 κενοφωνίας
3311 2848 3541 2919 δόγμασι
3576 2847 3669 2899 καὶ
3698 2863 3792 2898 κε-

2224 2945 2340 3006 ναῖς
2392 2941 2732 3011 ὑποσχέσεσι.
2779 2942 2888 2994 Kal
2942 2940 3107 2994 πάλαι
3140 2940 3238 3010 μὲν
3281 2937 3725 3009 κρυπταζόμενος
3764 2936 3794 2988 ὁ

2224 3035 2385 3097 αὐτὸς
2438 3034 2537 3086 οὐκ
2589 3033 2775 3103 ἐδήλου
2815 3033 2912 3103 τῆς
2962 3032 3125 3085 αὑτοῦ
3194 3030 3425 3093 ίοϐολίας
3471 3029 3532 3081 τὸ
3584 3028 3794 3099 πέρας*

2224 3125 2447 3197 ὕστερον
2480 3124 2533 3178 δὲ
2581 3125 2718 3195 μετὰ
2767 3124 2864 3195 τὴν
2901 3124 3160 3196 ἔνσαρκον
3207 3122 3443 3194 Χριστοῦ
3493 3119 3795 3191 παρουσίαν

2224 3216 2315 3287 ὲξή
2327 3216 2457 3286 μεσέ
2484 3233 2540 3268 τε
2582 3218 2672 3269 καὶ
2710 3216 2988 3269 ἀπέπτυσε
3017 3216 3112 3287 τὴν
3143 3217 3320 3267 πᾶσαν
3344 3212 3506 3266 αὑτοῦ
3550 3212 3673 3283 ίώδη
3700 3211 3796 3263 καὶ

2228 3309 2505 3381 μοχθηρὰν
2552 3308 2790 3361 ἐπίνοιαν
2834 3309 2935 3377 τῆς
2964 3308 3269 3370 κακονοίας.
3304 3302 3471 3369 Οὗτος
3518 3305 3625 3376 γὰρ
3661 3320 3796 3373 προ-

2224 3402 2446 3454 εϐάλετο
2474 3401 2663 3454 ἑαυτὸν
2692 3403 2747 3453 ὲν
2777 3403 2841 3470 τῇ
2874 3400 2978 3452 τῶν
3004 3399 3369 3470 ἠπατημένων
3404 3396 3611 3467 διανοίᾳ
3648 3395 3797 3461 δοξά-

2226 3492 2411 3557 ζεσθαι
2453 3492 2527 3555 ὡς
2576 3491 2706 3555 Θεὸς
2737 3492 2829 3543 καὶ
2876 3491 3216 3561 προνοεῖσθαι
3247 3492 3279 3542 ⁸.
3322 3490 3645 3543 Γινώσκεται
3683 3487 3737 3539 δὲ
3768 3488 3797 3539 ὁ

2224 3586 2384 3647 αύτὺς
2414 3586 2531 3654 ὄφις
2596 3585 2682 3638 διά
2733 3603 2791 3637 τε
2834 3586 2932 3655 τῆς
2979 3584 3144 3637 αὑτοῦ
3184 3583 3379 3653 σχολῆς
3433 3581 3653 3652 ταύτης,
3702 3579 3797 3632 καὶ

2224 3676 2292 3728 δι’
2322 3677 2494 3744 δφεως
2528 3676 2620 3728 τοῦ
2647 3676 2902 3747 αἰσθητοῦ
2949 3676 3046 3745 τὴν
3087 3674 3299 3743 ἀπάτην
3340 3672 3602 3744 ἐμποιῶν.
3638 3673 3797 3739 Ὄφιν

2224 3768 2280 3820 δὲ
2313 3769 2473 3838 δῆθεν
2507 3772 2537 3839 η
2566 3769 2683 3821 θεία
2726 3767 2914 3839 Γραφὴ
2943 3768 3099 3819 καλεῖ
3135 3768 3224 3819 τὸν
3258 3766 3523 3830 διάϐολον,
3566 3764 3625 3816 οῦ
3661 3764 3799 3815 πάν-

2226 3879 2331 3924 τως
2379 3862 2507 3913 ὄντα
2536 3860 2771 3912 τοιοῦτον
2808 3862 2873 3930 τῇ
2920 3861 3123 3929 μορφῇ,
3174 3858 3312 3912 ἀλλὰ
3356 3858 3443 3910 διὰ
3492 3857 3583 3909 τὸν
3614 3855 3797 3926 φαινόο

2230 3971 2387 4023 μενον
2408 3956 2517 4016 τοῖς
2545 3952 2849 4023 ἀνθρώποις
2876 3950 3251 4015 σκολιώτατον,
3280 3950 3375 4002 καὶ
3401 3948 3461 4001 τὸ
3483 3951 3538 4001 ὲν
3563 3947 3797 4021 πρώτοις

2226 4046 2283 4099 ὲν
2304 4048 2422 4115 ὄφει
2448 4045 2738 4118 ἐνεργηθὲν
2767 4048 2863 4117 τῆς
2888 4046 3103 4115 ἀπάτης
3128 4042 3473 4114 σκευώρημα.
3502 4042 3659 4113 Παρά
3686 4046 3797 4105 τοῖς

2224 4139 2401 4191 τοίνυν
2445 4138 2543 4209 τὴν
2581 4138 2858 4209 ζὰλήθειαν
2913 4137 3332 4205 ὲπιγινώσκουσι
3396 4136 3797 4205 καταγέλαστον

2226 4229 2415 4281 τούτου
2460 4230 2521 4282 τὸ
2550 4230 2747 4299 δόγμα,
2790 4230 2883 4283 καὶ
2929 4229 2977 4282 οἱ
3024 4228 3170 4299 αὐτῷ
3213 4229 3657 4300 προσανέχοντες,
3704 4227 3797 4279 τὸν

2226 4320 2346 4390 ὅφιν
2385 4322 2457 4384 ὡς
2497 4320 2627 4373 Θεὸν
2671 4319 3002 4385 δοξάζοντες.
3039 4320 3252 4391 Μηκέτι
3300 4321 3406 4390 γάρ
3446 4320 3736 4389 δυνάμενος
3768 4318 3797 4369 ὁ

2226 4412 2469 4475 διάϐολος
2495 4413 2593 4482 τὴν
2634 4412 2884 4483 ἀνδρείαν
2918 4412 3155 4465 διάνοιαν
3189 4411 3286 4481 τὴν
3312 4410 3419 4463 ἀπὸ
3456 4410 3549 4463 τοῦ
3590 4410 3794 4480 Κυρίου

556 4501 711 4554 rilem
739 4500 976 4552 animum
1007 4499 1252 4552 veritatis
1278 4514 1306 4551 a
1340 4498 1447 4552 Deo
1469 4499 1777 4568 cognitione
1810 4500 2122 4552 roboratum

2227 4503 2493 4557 λαϐοῦσαν
2529 4504 2626 4574 τὴν
2653 4503 2877 4573 δύναμιν
2918 4505 3017 4574 τῆς
3046 4503 3299 4573 ἀληθείας
3330 4503 3564 4571 ἀπατᾷν,
3597 4502 3795 4570 τρέπε-

556 4592 804 4661 decipere
849 4606 954 4644 non
1004 4598 1208 4658 posset,
1256 4589 1323 4643 ad
1368 4592 1647 4645 mulierem
1691 4606 1810 4644 sese
1842 4592 2129 4654 convertit,

558 4683 838 4737 hominum
881 4680 1125 4735 videlicet
1168 4681 1564 4750 ignorantiam;
1605 4690 1657 4733 et
1690 4681 1945 4749 quoniam
1981 4681 2134 4734 forti-

561 4775 663 4828 bus
694 4774 924 4841 ingeniis
956 4773 1145 4840 nequit
1175 4772 1425 4836 illudere,
1457 4787 1552 4825 eos
1580 4771 1780 4840 quibus
1817 4773 2132 4841 ignorantiae

559 4865 778 4919 accitas
811 4862 1044 4916 obducta
1072 4873 1178 4925 est,
1217 4862 1283 4916 ad
1314 4878 1432 4917 sese
1465 4871 1697 4915 conatur
1725 4864 1962 4920 allicere.
1996 4864 2132 4919 Nam

560 4956 920 5011 muliebribus
973 4962 1233 5024 perpetuo
1286 4954 1709 5021 cogitationibus
1763 4956 2127 5017 adhaerescit,

559 5046 823 5114 voluptati
853 5044 1112 5098 nimirum
1137 5051 1191 5097 et
1219 5042 1541 5112 cupiditati,
1572 5043 1674 5095 hoc
1704 5050 1788 5096 est
1814 5045 2132 5101 effeminate

560 5139 617 5192 in
650 5137 959 5191 hominibus
992 5135 1345 5206 ignorantiae;
1381 5134 1533 5187 firma
1569 5149 1698 5189 vero
1730 5150 1792 5189 ac
1823 5141 2131 5194 constantia

559 5230 776 5301 ingenia
823 5228 1172 5294 reformidat,
1204 5241 1325 5296 qua:
1358 5241 1537 5280 rerum
1571 5228 1812 5281 omnimn
1845 5239 2134 5284 consenta-

560 5336 717 5376 neam
767 5335 831 5374 ae
872 5333 1172 5388 congruam
1218 5317 1466 5372 notitiam
1510 5316 1831 5379 informant,
1864 5335 1927 5373 ac
1962 5319 2130 5375 Deum

561 5413 739 5481 ipsum
788 5426 855 5463 ex
904 5418 1113 5462 natura:
1141 5408 1256 5476 lege
1299 5406 1640 5459 discernunt.
1677 5406 1954 5461 Christum
1985 5409 2128 5461 enim

562 5518 620 5556 se
653 5502 864 5554 illorum
888 5515 1009 5554 esse
1034 5514 1261 5568 serpens
1285 5497 1575 5566 praedicat;
1604 5498 1767 5567 270
1797 5499 1878 5552 vel
1910 5500 2131 5555 minime

563 5593 678 5661 ipse
700 5591 939 5661 quidem,
975 5605 1149 5660 neque
1181 5589 1327 5644 enim
1364 5588 1509 5659 loqui
1547 5597 1762 5657 potest;
1796 5590 1889 5644 sed
1922 5591 2011 5659 qui
2050 5603 2127 5644 tao

636 5744 654 5779 ²
682 5744 817 5798 Gen.
850 5758 930 5812 ut,
964 5744 1043 5798 l9.
1118 5746 1139 5776 ¹
1177 5741 1239 5798 F.
1265 5742 1358 5795 καὶ
1384 5744 1544 5813 ἁπορ.
1622 5742 1642 5774 ³
1664 5741 1727 5798 F.
1767 5743 2195 5813 προσκυνεῖσθαι.

2225 4612 2314 4651 ται
2345 4594 2435 4647 ἐπὶ
2450 4594 2510 4646 τὸ
2538 4594 2691 4665 θῆλυ,
2712 4594 2955 4646 τουτέστι
2985 4593 3080 4664 τὴν
3108 4593 3213 4645 τῶν
3236 4593 3533 4665 ἀνθρώπων
3555 4594 3797 4661 ἄγνοιαν,

2228 4687 2321 4740 καὶ
2354 4686 2530 4738 πείθει
2565 4687 2689 4749 τοῦς
2725 4686 2783 4737 ὲν
2810 4688 2876 4756 τῇ
2903 4686 3113 4756 ἀγνοίᾳ,
3154 4685 3338 4755 ἐπειδὴ
3368 4686 3429 4736 οὐ
3463 4686 3685 4737 δύναται
3708 4685 3799 4738 τὸν

2229 4778 2446 4849 στερεὸν
2488 4777 2744 4848 λογισμὸν
2776 4776 3073 4847 ἀπατῆσαι.
3104 4776 3367 4847 Θηλυκοῖς
3409 4776 3516 4847 γὰρ
3557 4777 3644 4829 ἀεὶ
3680 4776 3797 4829 δια-

2226 4869 2463 4939 νοήμασι
2490 4866 2873 4938 προσπελάζει,
2901 4867 3061 4938 ήδονῇ
3098 4884 3156 4920 τε
3185 4869 3278 4920 καὶ
3318 4866 3606 4938 ἐπιθυμίᾳ,
3642 4884 3800 4918 τουτ-

2233 4958 2347 5010 έστι
2375 4961 2440 5028 τῇ
2471 4960 2528 5011 ὲν
2571 4957 2875 5029 ἀνθρώποις
2915 4958 3276 5028 θηλυνομένῃ,
3307 4959 3400 5010 καὶ
3426 4959 3546 5029 οὐχὶ
3578 4959 3655 5029 τῷ
3683 4976 3803 5011 στε-

2233 5048 2341 5120 ρεῷ
2368 5048 2630 5119 λογισμῷ,
2653 5050 2729 5119 τῷ
2748 5050 2982 5117 εὐλόγως
3009 5048 3078 5101 τὰ
3103 5049 3280 5102 πάντα
3312 5050 3649 5112 νοοῦντι,καὶ
3668 5051 3799 5103 Θεὸν

2230 5136 2337 5189 ἀπὸ
2364 5136 2457 5189 τοῦ
2488 5138 2624 5189 κατά
2659 5138 2817 5206 φύσιν
2847 5139 3009 5208 νόμου
3040 5138 3472 5206 ὲπιγινώσκοντι.
3502 5140 3665 5206 Λέγει
3693 5140 3801 5211 γάρ

2231 5226 2424 5280 ἑαυτὸν
2452 5221 2591 5281 εἶναι
2625 5227 2861 5298 Χριστὸν
2891 5230 2919 5279 ὁ
2945 5228 3075 5296 παρ’
3093 5228 3277 5290 αὐτοῖς
3317 5228 3439 5296 ὄφις
3462 5244 3474 5255 ·
3516 5228 3713 5298 μᾶλλον
3742 5228 3801 5280 δὲ

2231 5317 2330 5369 οὐκ
2351 5317 2513 5380 αὐτὸς
2586 5319 2667 5387 (οὐ
2696 5318 2805 5389 γὰρ
2837 5318 3057 5372 δύναται
3097 5317 3673 5387 φθέγξασθαι),ἀλλάό
3706 5318 3801 5389 τὴν

2231 5411 2409 5464 αὐτῶν
2443 5410 2647 5465 ἔννοιαν
2672 5411 2814 5463 οὓτω
2846 5413 3061 5482 φρονεῖν
3088 5411 3513 5481 παρασκευάσας
3537 5410 3800 5473 διάϐολος.

2232 5501 2325 5565 Τίς
2347 5502 2540 5569 τοίνυν,
2562 5502 2682 5555 ἰδὼν
2704 5503 2795 5555 τὸν
2816 5502 2959 5572 ὅφιν,
2984 5504 3082 5555 οὐκ
3105 5503 3464 5571 ἐπιγνώσεται
3481 5502 3571 5555 τὸν
3588 5501 3801 5571 ἐχθρὸν,

2233 5594 2324 5647 καὶ
2350 5594 2600 5664 φεύξεται
2621 5611 2635 5662 ;
2660 5593 2862 5647 Τούτου
2893 5594 2999 5665 γὰρ
3022 5594 3206 5649 ἕνεκεν
3233 5594 3324 5647 καὶ
3355 5596 3385 5647 ὁ
3414 5594 3615 5666 Κύριος
3642 5593 3801 5646 αὐτὸν
