4154 6404
355 391 458 448 645

951 386 1320 444 ADVERSUS
1348 359 1692 444 HERESES
1726 385 1854 442 LIB.
1887 385 1927 442 l.
1963 383 2128 442 TOM.
2171 383 2334 440 lll.--
2363 384 2638 442 HIERES.
2678 384 2939 443 XXXVII.

3508 389 3615 448 666

348 502 536 557 τοῦτον
573 501 661 555 τὸν
700 501 822 570 ὅφιν
852 502 932 564 εἰς
963 502 1186 573 ὲχθρίαν
1229 503 1529 572 κατέστησε
1568 501 1662 556 τοῦ
1699 502 1806 557 τῶν
1837 503 1902 556 ἀν

2031 500 2136 555 lem
2168 501 2398 557 istorum
2423 501 2700 558 mentibus
2724 503 3110 574 cogitationem
3128 501 3610 574 injecitdiabolus.

351 591 584 665 θρώπων
612 593 804 660 γένους
821 608 834 621 ’
862 592 1048 662 ἐπειδὴ
1068 593 1201 657 ὅλως
1229 592 1422 656 σκεῦος
1439 593 1683 647 διαϐόλου
1705 594 1922 662 γέγονε,

350 685 546 754 κτῆνος
585 683 679 748 ὢν,
713 684 807 737 καὶ
835 683 902 736 δι’
946 683 1109 736 αὑτοῦ
1141 683 1390 754 ἡπάτησε
1423 684 1666 747 διάϐολος
1712 685 1802 737 τὸν
1835 684 1928 738 ἄν-

351 775 565 846 θρωπον
605 779 662 829 ἐν
687 774 766 845 τῷ
800 774 1110 846 παραδείσῳ
1139 794 1152 805 ·
1188 776 1291 841 ἵνα,
1347 774 1544 838 ἰδόντες
1590 775 1686 846 τὴν
1733 773 1925 828 τούτου

348 868 569 938 ὲχθρίαν
592 867 687 920 τοῦ
713 866 970 938 αἰσθητοῦ
993 868 1187 937 ὄφεως,
1213 868 1648 938 ἁποδιδράσκωσι
1674 868 1772 939 τῆς
1795 868 1929 923 ἀπά-

349 976 447 1028 της
477 959 575 1029 τὴν
615 958 926 1029 ἐπιϐουλὴν,
965 960 1056 1012 καὶ
1098 961 1420 1030 μισήσωσιν,
1449 959 1522 1024 ὡς
1569 962 1763 1024 εἰπεῖν,
1796 959 1919 1013 θεά-

349 1049 545 1102 σασθαι
581 1052 673 1104 καὶ
705 1051 764 1103 τὸ
793 1047 950 1114 εἶδος.

2036 589 2237 661 Ecquis
2275 606 2404 645 vero
2451 591 2636 646 statim
2669 607 2734 646 ac
2765 600 3071 661 serpentem
3118 593 3344 659 viderit,
3372 612 3482 651 non
3512 597 3614 653 ho-

2031 689 2170 738 stem
2201 681 2597 737 animadvertat
2627 698 2691 737 ac
2724 682 2930 752 fugiat?
2959 682 3107 738 Hanc
3135 685 3278 738 enim
3298 686 3368 741 ob
3388 698 3611 745 causam

2031 774 2294 831 Dominus
2318 783 2624 845 serpentem
2650 775 2791 830 inter
2814 774 3206 846 hominumque
3230 793 3404 847 genus
3436 780 3610 835 hosti-

2029 868 2110 923 les
2163 868 2479 923 inimicitias
2548 867 2810 932 immisit;
2869 866 3017 937 quod
3077 869 3304 923 omnino
3358 871 3610 928 diabolus

2030 959 2220 1016 bestia:
2246 975 2420 1030 genus
2443 960 2585 1014 istud
2613 959 2761 1013 velut
2786 958 3212 1014 instrumentum
3245 961 3609 1025 adhibuisset,

2025 1049 2410 1121 hominemque
2443 1050 2584 1102 intra
2609 1048 2849 1118 paradisi
2879 1060 3033 1120 septa
3064 1049 3393 1120 decepisset,
3423 1063 3480 1109 ut
3511 1053 3604 1124 qui

346 1144 557 1198 externi
589 1145 857 1214 serpentis
890 1143 1140 1198 hostilem
1173 1144 1408 1212 speciem
1453 1144 1754 1214 conspicati
1801 1142 2026 1212 fuerint,
2069 1144 2138 1198 ab
2185 1143 2306 1214 ejus
2349 1141 2566 1197 insidiis
2593 1153 2840 1210 caveant,
2907 1157 2972 1196 ac
3037 1143 3123 1198 vel
3180 1142 3382 1214 ipsum,
3411 1152 3473 1201 ut
3529 1145 3608 1202 ita

346 1235 547 1300 dicam,
573 1245 926 1305 conspectum
960 1235 1105 1289 illius
1131 1235 1544 1291 exhorrescant.

417 1327 454 1376 Γ
456 1331 490 1378 ’.
533 1324 866 1378 Ἀποδιδόασι
892 1323 946 1376 δὲ
971 1325 1064 1378 καὶ
1088 1316 1232 1377 οὗτοι
1275 1326 1322 1377 οἱ
1358 1325 1567 1393 Ὀφῖται
1601 1324 1920 1396 καλούμενοι

345 1419 518 1488 τούτῳ
550 1417 628 1488 τῷ
651 1417 761 1469 ἔθει
796 1419 812 1448 ¹
847 1415 944 1487 τὴν
973 1419 1152 1470 πᾶσαν
1179 1417 1397 1486 γνῶσιν,
1430 1417 1695 1486 λέγοντες,
1724 1419 1804 1472 ὅτι
1833 1414 1922 1474 οὗ·

345 1526 436 1572 τος
468 1508 609 1581 ἀρχὴ
641 1508 829 1576 γέγονε
854 1506 1108 1575 γνώσεως
1149 1510 1261 1570 τοῖς
1287 1507 1620 1580 ἀνθρὼποις’
1661 1509 1920 1581 μυθωδῶς

346 1601 802 1670 παρεισφέροντες
836 1599 905 1652 τὰ
947 1601 1074 1669 παρ’
1115 1600 1294 1663 αὐτοῖς
1343 1600 1670 1670 νομιζόμενα
1709 1602 1917 1672 μυστή-

346 1711 461 1764 ρια,
497 1692 915 1764 μιμολογήματα
950 1689 1006 1742 δὲ
1043 1690 1191 1753 ὅντα,
1229 1689 1323 1743 καὶ
1358 1690 1553 1761 χλεύης
1581 1691 1790 1762 ἔμπλεα
1825 1693 1916 1746 κα)⁵

349 1782 852 1854 ματαιοφροσύνηςο
899 1781 1056 1852 μῦθοι
1099 1781 1207 1853 γὰρ
1244 1782 1318 1846 ὡς
1363 1782 1578 1853 ἀληθῶς
1618 1776 1783 1836 οὗτοι.
1808 1784 1916 1838 Φά-

347 1892 534 1927 σκουσι
553 1874 777 1946 γὰράπὸ
794 1872 885 1926 τοῦ
913 1873 1024 1926 ἄνω
1046 1874 1246 1938 Αἰῶνος
1267 1875 1664 1945 προϐεϐλῆσθαι
1683 1861 1915 1943 Ᾰίὦνας,

345 1967 442 2021 καὶ
493 1965 802 2036 κατώτερον
845 1965 1172 2035 γεγενῆσθαι
1210 1967 1238 2020 6
1282 1965 1604 2020 Ἰαλδαϐαώθ
1635 1971 1689 2000 ¹’
1730 1969 1918 2023 τοῦτον

345 2059 402 2112 δὲ
449 2057 848 2130 προϐεϐλῆσθαι
897 2057 1032 2111 κατά
1082 2057 1386 2128 ἀδράνειαν,
1422 2061 1513 2112 καὶ
1558 2059 1780 2128 ἄγνοιαν
1821 2062 1920 2132 τῆς

349 2147 484 2211 ἰδίας
516 2148 742 2219 μητρὸς,
767 2147 1006 2199 τουτέστι
1033 2147 1128 2217 τῆς
1151 2147 1262 2200 ἅνω
1283 2150 1610 2218 Προυνείκου
1635 2150 1674 2206 ³.
1704 2150 1918 2221 Ταύτην

344 2241 453 2312 γάρ
475 2257 605 2311 φασι
629 2240 725 2310 τὴν
743 2239 1067 2310 Προύνεικον
1086 2239 1500 2311 κατεληλυθέναι
1533 2243 1611 2305 εἰς
1633 2243 1700 2296 τὰ
1727 2242 1915 2307 ὕδατα,

346 2333 440 2385 καὶ
475 2331 730 2402 μιχθῆναι
761 2324 960 2394 αὐτοῖς,
1003 2331 1096 2384 καὶ
1131 2332 1203 2402 μὴ
1232 2332 1544 2404 δεδυνῆσθαι
1582 2337 1662 2397 εἰς
1708 2336 1774 2388 τὰ
1808 2335 1919 2389 ἄνω

345 2424 563 2493 χωρεῖν,
599 2423 686 2476 διὰ
713 2423 772 2476 τὸ
819 2421 1079 2492 μεμίχθαι
1112 2421 1188 2493 τῷ
1223 2422 1375 2496 βάρει
1415 2426 1513 2496 τῆς
1543 2424 1696 2496 ὕλης.
1728 2428 1919 2496 ἐπιμε-

349 2513 539 2585 μὶχθαι
562 2514 617 2567 δὲ
649 2513 816 2584 αὐτὴν
848 2517 960 2578 τοῖς
1006 2514 1159 2568 ὕδασι
1206 2517 1299 2568 καὶ
1333 2519 1397 2587 τῇ
1437 2516 1556 2589 ὕλῃ,
1587 2519 1682 2570 καὶ
1719 2519 1915 2588 μηκέτι

344 2605 637 2677 δυνηθῆναι
682 2607 1004 2678 ἀναχωρεῖν.
1047 2607 1248 2678 Ἐπῆρε
1292 2607 1348 2660 δὲ
1394 2609 1592 2679 ἑαυτὴν
1624 2611 1761 2662 κατὰ
1797 2610 1916 2678 βίαν

345 2697 426 2757 εἰς
467 2695 536 2747 τὰ
576 2693 843 2766 ἀνώτερα,
889 2696 984 2748 καὶ
1034 2694 1296 2760 ἐξέτεινεν
1345 2698 1568 2768 ἑαυτήν·
1605 2699 1700 2752 καὶ
1745 2698 1918 2763 οὕτως

345 2785 564 2853 γέγονεν
596 2783 862 2856 ἀνώτερος
891 2784 1137 2856 οὐρανός.
1165 2786 1272 2838 Καὶ
1302 2786 1377 2849 ὡς
1398 2789 1632 2854 παγεῖσα
1667 2786 1912 2859 εὓρηται,

349 2876 546 2947 μηκέτι
572 2875 842 2946 δυναμένη
864 2877 998 2946 μήτε
1025 2876 1137 2930 ἄνω
1153 2877 1436 2948 ἀναϐῆναι,
1459 2879 1595 2950 μήτε
1620 2880 1768 2932 κάτω
1794 2897 1919 2933 κατ-

345 2965 548 3019 ελθεῖν·
596 2963 731 3018 ἀλλά
770 2966 850 3028 εἰς
876 2965 935 3018 τὸ
963 2966 1282 3036 μεσαίτατον
1309 2969 1547 3037 παγεῖσά
1566 2987 1623 3022 τε
1651 2971 1743 3024 καὶ
1766 2972 1917 3024 ἐκτε-

343 3055 556 3126 ταμένη
605 3054 812 3126 ἔμεινε.
862 3056 1026 3110 Κάτω
1081 3057 1179 3127 μὲν
1218 3058 1327 3129 γὰρ
1383 3059 1774 3130 κατενεχθῆναι
1819 3062 1918 3116 οὐκ

2098 1321 2186 1379 lll.
2249 1321 2459 1394 Ophitae
2512 1337 2642 1378 vero
2698 1322 2827 1378 huic
2893 1324 3178 1380 scientiam
3236 1340 3451 1382 omnem
3509 1329 3608 1384 tri-
3710 1348 3720 1360 -

2026 1413 2223 1478 buunt,
2270 1414 2453 1483 itaque
2498 1413 2824 1482 proﬁtentur
2871 1433 2884 1468 :
2936 1424 3242 1485 serpentem
3291 1416 3606 1477 hominibus

2026 1503 2268 1556 scientiae
2284 1504 2462 1556 omnis
2480 1510 2758 1557 auctorem
2789 1503 3101 1568 exstitisse;
3127 1504 3357 1575 indeque
3389 1506 3604 1566 fabulas

2024 1611 2202 1651 meras
2231 1611 2366 1667 quas
2396 1611 2494 1665 pro
2522 1595 2796 1665 mysteriis
2841 1596 3041 1650 habent
3084 1599 3376 1653 commenti
3423 1608 3552 1654 sunt
3584 1619 3598 1656 :

2022 1702 2144 1741 cum
2199 1688 2332 1740 nihil
2378 1687 2525 1741 aliud
2571 1695 2766 1757 praeter
2795 1687 3085 1742 mimorum
3121 1688 3330 1744 ludicra
3362 1693 3601 1749 ridicula

2024 1794 2249 1849 prorsus
2296 1787 2350 1834 et
2398 1778 2580 1832 inania
2626 1779 2756 1832 sint.
2813 1776 3025 1832 Etenim
3064 1780 3132 1834 ab
3169 1781 3348 1838 Eone
3387 1799 3604 1840 summo

2022 1879 2347 1941 propagatos
2372 1868 2580 1924 ZEonas
2603 1869 2920 1923 existimant
2947 1889 2961 1923 :
2991 1886 3021 1925 e
3049 1872 3249 1943 quibus
3274 1873 3494 1930 iniimus
3517 1882 3605 1932 est

2018 1960 2362 2027 Jaldabaotlt,
2417 1977 2576 2032 quem
2628 1977 2693 2016 ex
2750 1961 3125 2018 imbecillitate
3185 1966 3604 2038 ignorantiaque

2021 2069 2133 2108 suae
2182 2055 2372 2109 matris
2411 2065 2660 2110 exortum
2711 2054 2984 2122 referunt;
3043 2055 3147 2110 hoc
3194 2066 3280 2114 est
3320 2060 3468 2115 illius
3509 2076 3603 2116 su-

2019 2160 2237 2214 premar,
2263 2162 2427 2216 quam
2462 2147 2754 2201 Prunicum
2787 2147 3083 2216 appellant.
3117 2148 3269 2206 Hanc
3294 2153 3436 2206 enim
3469 2167 3601 2208 nar-

2020 2245 2142 2288 rant
2175 2237 2227 2288 in
2260 2253 2430 2306 aquas
2470 2237 2770 2307 delapsam,
2802 2238 2980 2308 iisque
3012 2243 3354 2298 commistam
3385 2245 3602 2300 evolare

2019 2328 2243 2382 minime
2305 2331 2584 2400 potuisse,
2639 2332 2784 2403 quod
2838 2335 3078 2388 materiae
3129 2337 3394 2405 gravitate
3443 2348 3589 2394 esset

2020 2418 2312 2488 implicita;
2360 2421 2449 2475 cui
2501 2423 2718 2492 quidem
2757 2425 2982 2494 perinde
3013 2433 3071 2479 ut
3097 2427 3256 2496 aquis
3281 2427 3485 2483 inserta
3513 2445 3602 2484 re-

2019 2509 2209 2564 cedere
2259 2511 2400 2565 ultra
2448 2513 2771 2583 nequiverit.
2813 2515 2892 2569 Ac
2937 2530 3060 2570 cum
3110 2531 3169 2572 se
3211 2517 3476 2574 violenter
3518 2518 3601 2574 ef-

2020 2601 2204 2666 ferret,
2234 2613 2397 2674 atque
2423 2608 2769 2664 extendendo
2801 2611 3092 2674 niteretur,
3119 2612 3319 2666 cmlum
3350 2613 3482 2668 illud
3512 2630 3602 2668 su-

2019 2695 2204 2764 perius
2233 2695 2488 2752 effectum
2523 2715 2630 2754 esu.
2667 2697 2787 2772 ipsa
2816 2717 2947 2756 vero
2976 2703 3068 2757 ubi
3103 2703 3279 2758 deﬁxa
3310 2705 3476 2760 semel
3505 2714 3594 2761 est

2018 2784 2175 2839 hmsit
2205 2785 2259 2838 in
2289 2786 2480 2841 eodem
2512 2795 2678 2852 statu,
2703 2806 2883 2860 neque
2911 2800 3002 2845 aut
3030 2792 3200 2845 attolli
3233 2808 3474 2859 sursum,
3507 2800 3603 2848 aut

2021 2876 2279 2930 deorsum
2310 2877 2639 2934 descendere
2672 2883 2878 2950 potuit;
2903 2882 2998 2937 sed
3021 2883 3075 2936 in
3100 2884 3276 2938 medio
3305 2884 3603 2942 immobilis

2018 2977 2342 3039 extentaque
2388 2972 2706 3040 permansit.
2741 2973 2859 3028 Non
2905 2974 3050 3029 enim
3083 2974 3396 3031 inferiorem
3430 2977 3483 3031 in
3516 2978 3600 3033 lo-

2019 3072 2142 3112 cum
2175 3069 2438 3130 vergeret,
2462 3077 2571 3130 quo
2604 3076 2726 3115 cum
2749 3063 2798 3117 ei
2825 3063 2981 3119 aliine
3014 3063 3147 3118 nihil
3171 3075 3351 3134 esset;
3379 3083 3600 3123 sursum

344 3148 593 3219 ἠδύνατο,
617 3148 699 3200 ὅτι
727 3148 827 3200 οὐκ
869 3141 936 3218 ἦν
977 3149 1276 3220 συγγενής’
1307 3149 1417 3204 ἄνω
1456 3151 1513 3204 δὲ
1557 3153 1656 3206 οὐκ
1691 3153 1920 3222 ἠδύνατο

2025 3159 2201 3205 autem
2226 3167 2504 3222 emergere
2535 3169 2642 3208 non
2671 3163 2912 3225 poterat;
2947 3172 3071 3210 cum
3104 3173 3223 3212 eam
3254 3160 3479 3214 materia
3509 3161 3602 3216 illa

347 3243 566 3312 χωρεῖν,
595 3239 683 3292 διὰ
709 3239 770 3291 τὸ
803 3238 1086 3310 βαρεῖσθαι
1112 3242 1174 3292 ἐκ
1209 3241 1306 3308 τῆς
1335 3241 1464 3312 ὕλης
1491 3239 1559 3313 ἧς
1597 3245 1916 3314 προσέλαϐε.

348 3332 505 3387 Κατά
530 3332 587 3384 δὲ
607 3331 705 3402 τὴν
728 3330 898 3400 αὐτῆς
926 3331 1149 3400 ἄγνοιαν
1170 3333 1493 3406 προϐληθεὶς
1515 3337 1543 3388 6
1573 3335 1918 3402 Ἰαλθαϐαὼθ,

345 3420 509 3496 ἦλθεν
555 3424 634 3485 εἰς
664 3420 735 3474 τὰ
775 3419 1094 3474 κατώτατα·
1131 3424 1225 3476 καὶ
1273 3425 1527 3495 ἐποίησεν
1574 3427 1752 3498 ἑαυτῷ
1783 3419 1922 3483 ἑπτὰ

348 3515 518 3578 υἱοὺς,
558 3515 752 3577 οἵτινες
780 3513 1003 3576 ἑαυτοὺς
1037 3514 1297 3585 οὐρανοὺς
1330 3516 1467 3569 ἐπτά
1499 3518 1774 3589 ἐποίησαν.
1810 3521 1921 3573 Αὐ-

346 3605 438 3668 τὸς
462 3605 520 3657 δὲ
555 3603 881 3666 ἀποκλείσας
907 3603 975 3657 τά
1005 3603 1144 3676 ὑπὲρ
1169 3605 1330 3658 αὐτὸν
1355 3607 1722 3678 ἀπέκρυπτεν,
1757 3611 1843 3664 ἵνα
1871 3614 1921 3666 οἱ

348 3695 442 3748 ὑπ’
473 3693 636 3747 αὑτοῦ
666 3693 772 3745 υἱοὶ
799 3691 1195 3764 προϐληθέντες
1229 3693 1368 3746 ἑπτὰ
1411 3693 1484 3764 μὴ
1521 3695 1828 3763 γινώσκωσι
1853 3698 1921 3752 τὰ

349 3788 490 3858 ὑπὲρ
524 3786 705 3849 αὑτὸν,
740 3784 1039 3857 κατώτεροι
1068 3785 1220 3848 ὄντες
1252 3786 1434 3849 αὑτοῦ,
1471 3787 1582 3840 ἁλλ’
1622 3790 1783 3842 αὑτὸν
1828 3808 1922 3861 μο-

347 3879 602 3940 νωτάτως
626 3895 639 3908 ·
696 3877 789 3928 καὶ
816 3868 970 3938 οὗτός
1016 3878 1152 3939 εστι,
1191 3875 1374 3943 φασὶν,
1406 3882 1433 3928 ο
1473 3877 1602 3940 Θεὸς
1646 3878 1752 3931 τῶν
1796 3881 1923 3932 Ἰου-

299 3962 302 3966 ’
348 3969 514 4025 δαίων
565 3970 593 4022 6
649 3965 994 4020 Ἰαλδαϐαώο.
1057 3965 1193 4018 Ἀλλ’
1231 3968 1331 4019 οὐκ
1383 3967 1526 4020 ἐστιν
1586 3968 1784 4033 οὕτως.
1846 3972 1919 4044 μὴ

347 4061 584 4130 γένοι’.οὲ
634 4059 794 4112 Ἀλλὰ
835 4058 1017 4129 μέλλει
1047 4058 1250 4130 κρίνειν
1289 4059 1483 4122 αὐτοὺς
1510 4062 1538 4113 6
1576 4060 1706 4124 Θεὸς
1729 4065 1757 4115 6
1785 4081 1921 4116 παν-

347 4153 657 4225 τοκράτωρ,
689 4150 820 4213 Θεὸς
864 4149 938 4202 ὢν
962 4152 1054 4203 καὶ
1102 4151 1386 4218 Ἰουδαίων,
1418 4153 1511 4205 καὶ
1558 4154 1919 4223 Χριστιανῶν,

350 4247 447 4300 καὶ
486 4245 702 4298 πάντων
731 4258 746 4271 °
774 4243 868 4296 καὶ
897 4244 924 4295 ὁ
949 4240 1304 4295 ⁸⁶Ιαλδαϐαώο
1339 4260 1421 4307 τις
1442 4241 1516 4296 ὢν
1541 4244 1679 4298 κατά
1709 4244 1807 4316 τὴν
1832 4246 1924 4298 αὑ-

348 4336 458 4390 τῶν
488 4334 704 4407 ληρώδη
741 4332 1084 4405 μυθολογίαν.

2021 3242 2108 3296 cui
2139 3258 2198 3297 se
2239 3242 2580 3313 adjunxerat,
2614 3255 2808 3317 su0pte
2847 3247 3084 3318 pondere
3131 3259 3398 3320 gravaret.
3432 3251 3604 3320 Igitur

2019 3345 2086 3385 ex
2127 3331 2288 3398 hujus
2334 3333 2638 3401 ignorantia
2691 3336 2871 3390 editus
2919 3335 3241 3392 Jaldahaoth
3297 3340 3363 3393 ad
3415 3341 3603 3397 intima

2021 3421 2289 3485 subsidit;
2341 3431 2660 3493 septemque
2704 3426 2808 3480 sibi
2858 3427 3062 3483 liberos
3105 3431 3307 3498 genuit,
3343 3432 3434 3500 qui
3472 3432 3601 3486 toti-

2020 3514 2141 3568 dem
2175 3515 2424 3570 cmlestes
2453 3517 2613 3572 orbes
2645 3518 3025 3574 condiderunt.
3060 3523 3129 3574 At
3165 3523 3253 3576 ille
3284 3538 3405 3592 qua:
3434 3540 3603 3594 supra

2022 3621 2080 3661 se
2105 3614 2260 3660 erant
2292 3608 2617 3670 interclusit,
2653 3625 2988 3680 suorumque
3011 3612 3282 3671 subtraxit
3311 3615 3504 3683 oculis,
3534 3631 3604 3671 ne

2021 3706 2226 3767 septem
2275 3699 2351 3752 illi
2397 3715 2533 3768 quos
2585 3710 2923 3769 susceperat,
2984 3703 3301 3774 quidquam,
3351 3708 3495 3775 quod
3544 3721 3606 3763 se

2025 3787 2145 3857 ipso
2192 3789 2446 3856 superius
2491 3797 2656 3853 esset,
2703 3799 2898 3858 praeter
2928 3806 2987 3844 se
3020 3807 3186 3844 unum
3223 3804 3602 3862 agnoscerent.

2023 3877 2179 3932 llunc
2206 3875 2530 3932 Jaldabaoth
2577 3877 2888 3933 .ludarorum
2934 3896 3057 3935 esse
3107 3880 3274 3935 Deum
3326 3895 3600 3938 asserunt.

2022 3970 2178 4037 Quod
2210 3970 2352 4024 absit
2381 3983 2439 4025 ut
2467 3987 2589 4026 esse
2619 3987 2806 4025 verum
2859 3984 3130 4042 putemus.
3178 3973 3291 4026 lmo
3345 3975 3433 4028 ille
3487 3975 3605 4044 ipse

2021 4068 2126 4122 est,
2153 4075 2182 4112 a
2219 4075 2327 4128 quo
2363 4060 2644 4130 judicandi
2686 4071 2834 4128 sunt,
2864 4065 3210 4132 omnipotens
3239 4066 3396 4134 271
3437 4065 3600 4132 Deus,

2020 4146 2353 4212 Judmorum,
2400 4150 2640 4219 inquam,
2686 4161 2745 4204 ut
2785 4160 2839 4205 et
2876 4151 3328 4217 Christianorum,
3359 4157 3603 4225 adeoque

2023 4243 2328 4295 communis
2382 4243 2623 4295 omnium
2674 4243 2815 4296 Deus
2838 4284 2850 4307 ,
2897 4259 3005 4297 non
3043 4245 3131 4297 ille
3165 4247 3348 4300 nescio
3380 4250 3503 4317 quis
3534 4265 3603 4303 ex

2022 4332 2409 4386 commentitiis
2437 4333 2664 4386 istorum
2695 4334 2853 4402 nugis
2879 4332 3234 4404 depromptus
3256 4334 3600 4394 .laldabaoth.

2023 4421 2097 4476 De
2127 4438 2237 4492 quo
2265 4423 2339 4476 ita
2369 4438 2594 4478 narrare
2629 4433 2879 4494 pergunt.

421 4512 494 4563 A'.
526 4505 658 4562 Εἷτὰ
705 4519 899 4577 φασιν⁶
959 4506 1493 4576 ’Δποκεκλεισμένων
1537 4506 1644 4560 τῶν
1676 4508 1786 4562 ἄνω
1832 4508 1919 4564 διὰ

2094 4512 2182 4570 ιγ.
2242 4514 2398 4581 Cum,
2448 4525 2505 4569 ut
2532 4515 2735 4569 dictum
2775 4524 2878 4582 est,
2907 4514 3279 4573 Jaldabaothis
3307 4521 3603 4578 calliditate

347 4600 448 4671 ’τῆς
477 4600 571 4652 τοῦ
613 4598 938 4653 ἰαλδαϐαὼθ
976 4600 1238 4662 ἐπινοίας,
1274 4595 1416 4654 οὗτοι
1441 4601 1490 4654 οἱ
1523 4601 1616 4653 ἀπ’
1647 4600 1811 4654 αὑτοῦ
1837 4617 1928 4669 γε-

348 4688 671 4760 γεννημένοι
704 4690 844 4742 ἑπτὰ
882 4690 1006 4755 υἱοὶ,
1049 4691 1167 4761 ἦτοι
1196 4691 1418 4756 Αἰῶνες,
1459 4694 1576 4764 ἤτοι
1628 4693 1759 4759 θεοὶ,
1809 4695 1927 4764 ἢτοι

350 4783 572 4852 ἄγγελοι
616 4782 925 4852 (καλοῦνται
956 4781 1062 4854 γὰρ
1105 4785 1234 4854 παρ’
1264 4785 1445 4848 αὐτοῖς
1475 4785 1701 4856 ὀνόμασι
1739 4786 1926 4855 διαφό-

355 4877 512 4946 ροις),
542 4874 683 4928 κατά
713 4875 811 4944 τὴν
839 4874 1013 4928 εἰδέαν
1040 4873 1135 4926 τοῦ
1154 4874 1331 4927 αὐτῶν
1354 4877 1557 4946 πατρὸς
1601 4875 1926 4930 Ἰαλδαϐαὼθ

350 4967 594 5020 ἔπλασαν
620 4966 708 5018 τὸν
728 4965 1030 5036 ἄνθρωπον,
1056 4968 1116 5018 οὐ
1147 4966 1359 5037 ῥᾳδίως,
1390 4969 1510 5021 οὐδὲ
1536 4971 1764 5041 ταχέως,
1794 4971 1927 5024 ἀλλά

351 5059 430 5129 τῷ
461 5057 608 5127 αὐτῷ
642 5057 846 5129 τρόπῳ,
875 5050 919 5124 ᾧ
954 5058 1048 5110 καὶ
1073 5061 1127 5110 αἱ
1163 5059 1422 5130 πρότεραι
1453 5062 1692 5132 αἱρέσεις
1721 5065 1928 5134 ἐμηχα-

353 5155 583 5223 νήσαντο
612 5154 667 5203 ὲν
699 5153 762 5221 τῇ
786 5150 964 5202 αὐτῶν
996 5153 1316 5222 κενοφωνίᾳ.
1344 5154 1479 5206 Φασὶ
1508 5153 1616 5225 γὰρ
1641 5157 1734 5209 καὶ¹
1760 5151 1924 5209 οὗτοι·

355 5239 462 5296 Ἦν
490 5242 715 5314 ἑρπετὸν
745 5243 772 5293 6
809 5240 1094 5312 ἄνθρωπος
1119 5240 1231 5313 (45)
1262 5245 1338 5307 ὡς
1372 5245 1605 5317 σκώληξ,
1650 5246 1724 5320 μὴ
1765 5247 1925 5302 δυνά.

357 5358 514 5411 μενος
557 5343 692 5413 μήτε
739 5339 1056 5409 ἀνακύψειν,
1089 5343 1228 5413 μήτε
1270 5341 1579 5414 ὀρθοῦσθαι.
1612 5339 1755 5410 Πρὸς
1805 5342 1926 5392 ἑπι-

474 5503 566 5558 llae
608 5517 770 5557 voces
798 5500 874 5572 τῷ
926 5503 1039 5556 ἔθει
1087 5514 1439 5572 supervacuae
1486 5505 1615 5554 sunt
1659 5496 1766 5553 nisi
1821 5496 1900 5568 τῷ

2025 5515 2078 5550 πει
2136 5495 2460 5551 substituas.

354 5574 377 5606 ⁸
413 5573 468 5629 F.
511 5575 603 5628 καὶ
628 5573 747 5626 οὐκ.

426 5733 537 5803 (45)
558 5728 669 5785 Ἦν
699 5730 948 5800 ἑρπετὸν
975 5731 1008 5783 ό
1041 5727 1366 5803 ἅνθρωπος.
1394 5725 1531 5803 Quae
1556 5725 1622 5803 de
1647 5724 1928 5803 hominum

354 5795 566 5874 origine
595 5795 889 5857 continenti
937 5807 1066 5857 sunt
1092 5809 1146 5854 et
1181 5798 1274 5863 hi,
1304 5805 1359 5852 et
1388 5795 1773 5851 Gnosticorum
1813 5796 1924 5865 ple-

2026 4607 2206 4662 aditus
2234 4617 2379 4661 esset
2415 4606 2479 4660 ad
2516 4608 2796 4677 superiora
2832 4610 3150 4678 praeclusus,
3183 4619 3389 4679 septem
3429 4613 3501 4666 illi
3535 4614 3602 4668 ab

2024 4715 2090 4756 eo
2117 4700 2281 4770 geniti
2311 4700 2489 4764 liberi,
2541 4701 2656 4754 sive
2695 4693 2923 4764 Eones,
2963 4702 3076 4756 sive
3106 4703 3203 4764 dii,
3234 4703 3348 4756 sive
3383 4702 3600 4757 demum

2025 4793 2232 4862 angeli;
2275 4791 2487 4848 diversa
2535 4793 2680 4846 enim
2720 4793 2789 4846 ah
2822 4793 2928 4848 illis
2968 4794 3191 4846 nomina
3229 4795 3552 4848 tribuuntur
3586 4813 3600 4849 :

2026 4886 2092 4940 ad
2144 4885 2386 4954 parentis
2445 4885 2528 4939 sui
2575 4883 2949 4939 Jaldabaothis
2995 4885 3284 4955 imaginem
3328 4885 3602 4939 hominem

2027 4977 2371 5047 producunt,
2424 4992 2492 5030 ne
2529 4976 2579 5030 id
2629 4976 2848 5046 quidem
2885 4977 3044 5031 facile
3078 4977 3162 5030 vel
3196 4977 3472 5038 celeriter;
3507 4978 3604 5031 sol

2026 5069 2094 5122 ad
2143 5067 2395 5122 eumdem
2441 5068 2684 5130 modum,
2741 5083 2850 5136 quo
2901 5068 3135 5122 haereses
3182 5069 3404 5137 reliquie
3455 5069 3602 5122 stoli-

2025 5160 2253 5216 dissime
2275 5159 2569 5212 ﬁnxerunt.
2597 5156 2688 5211 Sic
2717 5159 2861 5212 enim
2894 5158 3248 5227 pronuntiant
3274 5174 3289 5211 :
3319 5155 3601 5211 Hominem

2024 5252 2295 5322 principio
2339 5251 2544 5306 vermis
2593 5250 2767 5303 instar
2822 5249 2973 5303 humi
3027 5259 3333 5319 reptantem
3383 5263 3602 5304 sursum

2025 5341 2160 5412 erigi
2183 5350 2277 5394 aut
2298 5339 2474 5393 attolli
2502 5338 2796 5409 nequisse;
2827 5339 3104 5394 cmlestem
3127 5339 3323 5394 deinde
3352 5349 3603 5404 matrem,

2547 5497 2568 5528 ¹
2595 5492 2656 5549 F.
2682 5496 2773 5548 τὸν
2815 5494 2942 5549 Ἰαλ.
3053 5497 3075 5529 ³
3102 5495 3231 5569 Leg.
3279 5498 3604 5570 Προυνίκου.

2038 5723 2216 5793 rique,
2249 5739 2319 5796 ex
2340 5732 2583 5796 veterum
2614 5724 3066 5796 philosOphornm
3105 5726 3457 5796 opinionibus
3486 5743 3603 5781 ma-

2034 5801 2255 5859 narunt,
2289 5793 2356 5848 de
2385 5793 2584 5864 quibus
2617 5793 2889 5853 Diodorus
2915 5837 2928 5861 ,
2963 5793 3232 5853 Eusebius
3272 5816 3288 5854 ι
3319 5798 3399 5853 De
3437 5813 3603 5868 praep.
