4156 6358
559 417 663 474 647

1976 417 2032 474 5.
2076 415 2424 474 EPIPHA‘NII

3735 415 3840 471 648

559 552 681 608 quae
713 543 767 591 et
798 531 1072 589 Prunicus
1125 532 1453 604 appellatur,
1509 531 1777 589 adversus
1823 531 2144 589 Jaldabaoth

2256 531 2451 602 ϐουλὴν
2479 529 2536 584 δὲ
2567 529 2658 584 τοῦ
2698 529 3023 584 Ἰαλδαϐαὼθ
3057 531 3226 602 ηᾶνω
3259 533 3438 604 μήτηρ
3467 534 3500 602 ἡ
3529 532 3839 607 καλουμένη

561 629 669 685 tale
711 627 842 698 quid
888 642 1010 682 esse
1063 627 1454 688 machinatam,
1485 633 1540 678 nt
1574 627 1624 680 ei
1658 627 1764 680 vim
1800 626 1946 679 illam
1982 642 2145 696 quam

559 719 735 776 cidem
761 719 1121 790 impertierat,
1162 717 1404 772 auferret
1433 737 1444 772 :
1486 717 1717 788 ideoque
1747 718 1799 771 in
1835 717 2143 780 Hominem,

559 830 722 885 quem
769 813 918 867 illius
974 812 1130 866 liberi
1182 811 1473 877 tinxerant,
1513 812 1621 864 vim
1654 811 1826 881 ipsius
1863 809 2145 863 transfun-

562 907 712 970 dere,
759 921 824 960 ac
867 905 1158 961 scintillam
1191 904 1509 974 quamdam,
1538 903 1642 957 hoc
1677 911 1760 959 est
1795 904 2032 957 animam
2063 902 2146 956 in-

563 1000 789 1056 fundere
836 999 1099 1055 voluisse.
1155 996 1340 1054 Tunc.
1394 996 1681 1066 inquiunt,
1741 995 1971 1066 pedibus
2030 997 2146 1048 suis

562 1091 736 1146 llomo
771 1091 1038 1151 constitit,
1085 1099 1247 1158 atque
1290 1095 1415 1140 octo
1455 1088 1709 1140 cmlesles
1743 1086 1904 1140 nrbes
1939 1085 2147 1155 cogita-

563 1188 712 1240 tione
743 1182 1162 1243 transcendens,
1209 1179 1421 1232 Patrem
1465 1180 1614 1232 illum
1660 1177 2019 1232 Jaldabantbe
2054 1194 2145 1232 su-

561 1281 830 1351 periorem
881 1277 1123 1346 agnovit,
1169 1290 1233 1327 ac
1281 1273 1534 1327 laudibus
1585 1272 1798 1326 extulit.
1845 1272 1913 1323 At
1959 1268 2144 1323 Jalda-

561 1374 724 1428 baotli
772 1385 914 1440 aegre
969 1369 1149 1424 ferens
1193 1383 1255 1420 ea
1304 1382 1424 1435 qme
1475 1382 1639 1436 supra
1676 1382 1734 1418 se
1773 1372 1928 1418 erant
1960 1363 2147 1432 cujus-

560 1480 724 1534 quam
757 1465 823 1515 ad
853 1461 1102 1515 notitiam
1151 1456 1486 1528 pervenisse,
1536 1455 1799 1509 stomachi
1843 1454 2037 1522 plenus
2079 1453 2184 1504 ad-
2210 1484 2237 1528 -κ

561 1555 802 1610 materia:
849 1554 1032 1608 faecem
1083 1550 1302 1606 demisit
1332 1549 1540 1611 oculos,
1574 1558 1628 1602 ct
1663 1548 1916 1599 virtutem
1955 1561 2145 1614 quam-

558 1651 682 1704 dam
716 1650 988 1718 serpentis
1026 1645 1207 1716 specie
1237 1644 1445 1714 gennit,
1482 1657 1642 1711 quem
1683 1639 1805 1708 ejus
1844 1640 2012 1692 lilium
2047 1637 2145 1691 vo-

557 1750 712 1806 cant;
767 1739 1017 1806 idemque
1074 1739 1153 1791 sic
1199 1737 1479 1789 innnissus
1531 1733 1696 1786 Evam
1745 1731 1954 1786 fefellit.
2009 1730 2145 1784 lluic

557 1828 704 1882 enim
747 1829 1066 1881 auscultans
1113 1827 1201 1878 illa
1252 1834 1513 1894 tanquam
1565 1822 1656 1876 Dei
1703 1822 1834 1885 ﬁlio,
1882 1823 2038 1876 facile
2086 1828 2144 1876 ut

557 1920 626 1976 de
655 1921 848 1974 arbore
872 1919 1115 1974 scientiae
1143 1929 1455 1972 vesceretnr
1481 1917 1536 1970 in
1569 1918 1809 1970 animum
1838 1915 2070 1970 induxit.

632 2097 696 2153 Υ.
725 2097 928 2153 Deinde
959 2106 1246 2167 postquam
1275 2095 1444 2152 aniles
1475 2098 1608 2150 istas
1633 2110 1804 2166 nugas
1827 2109 1887 2147 ac
1919 2093 2146 2147 ridicule

557 2194 837 2250 allectatas
869 2190 1080 2246 fabulas
1112 2191 1214 2243 hoc
1245 2191 1407 2242 modo
1431 2197 1850 2258 proposuerunt,
1877 2186 2144 2254 tragicum

557 2285 848 2358 quemdam
889 2281 1199 2339 istiusmodi
1233 2293 1440 2345 actum,
1483 2281 1600 2335 sive
1637 2279 1912 2333 comicum
1961 2279 2146 2348 potius

560 2378 911 2433 instituemes
932 2417 945 2436 ,
983 2373 1245 2428 nonnulla
1286 2372 1352 2425 ad
1384 2373 1541 2425 fictos
1574 2371 1698 2424 illos
1727 2371 1861 2425 deos
1889 2384 2145 2439 compro-

557 2467 769 2523 bandos
794 2468 846 2522 in
883 2465 1121 2520 medium
1164 2464 1415 2519 alferunt.
1440 2462 1653 2528 Nonne,
1681 2464 2028 2533 inquiunt,et
2062 2463 2146 2516 in-

554 2562 758 2615 testina
793 2568 1003 2623 nostra,
1035 2559 1236 2628 quibus
1265 2559 1498 2613 vivimus
1527 2569 1582 2612 et
1619 2557 1837 2622 alimur,
1871 2555 2146 2627 serpentis

554 2652 784 2722 elfigiem
819 2651 1101 2707 referunt?
1135 2651 1356 2705 Addunt
1386 2661 1440 2705 et
1481 2651 1584 2704 alia
1617 2652 1895 2721 pleraque,
1927 2665 2049 2720 quae
2077 2649 2145 2705 ad

553 2760 806 2800 errorum
858 2760 922 2798 ac
970 2745 1289 2799 deliriorum
1344 2758 1568 2798 suorum
1625 2743 1927 2798 faciendam
1983 2743 2142 2797 fidem

556 2837 928 2893 sectatoribus
984 2835 1098 2892 suis
1154 2837 1440 2905 objiciunt.
1493 2833 1786 2904 Propterea
1837 2837 2006 2901 enim,
2063 2837 2145 2889 in-

555 2929 790 2999 quiunt,
823 2937 1130 2999 serpentxm
1165 2929 1399 2983 colinms
1421 2969 1434 2987 .
1469 2929 1612 3000 quod
1652 2929 1794 2984 Deus
1826 2930 1929 2984 iste
1962 2927 2146 2983 multi-

554 3023 732 3078 tudini
786 3023 1069 3078 hominum
1109 3023 1354 3078 scientiae
1382 3038 1445 3076 ac
1476 3023 1771 3093 cognitioni
1805 3039 2028 3078 causam
2059 3031 2143 3076 at-

554 3118 701 3172 tulit.
753 3115 1079 3171 Jaldabaoth
1113 3133 1384 3187 supremae
1417 3115 1611 3172 Matris
1639 3131 1703 3172 ac
1739 3115 1991 3172 Parentis
2025 3131 2143 3171 me-

555 3210 790 3265 moriam
842 3209 1009 3279 272
1067 3211 1393 3265 exstinctam
1429 3209 1570 3263 inter
1605 3209 1856 3263 homines
1890 3225 2011 3264 esse
2041 3224 2141 3262 cu-

2255 622 2906 696 Προὺνειριοςβουλομένη
2919 624 3153 678 κενῶσαι
3171 625 3261 676 τὸν
3277 625 3600 679 Ἰαλδαϐαὼθ
3616 628 3722 681 ἀπὸ
3740 628 3840 698 τῆς

2253 712 2426 782 αὑτῆς
2453 714 2733 784 μετέσχεν,
2760 715 3062 784 ἐνήργησεν
3079 715 3132 765 ἐκ
3157 713 3306 783 αὑτῷ
3323 717 3398 778 ei,
3416 714 3504 768 τὸν
3523 715 3842 788 ’Ἄνθρωπον

2252 808 2344 861 τὸν
2365 807 2472 860 ἀπὸ
2499 807 2606 860 τῶν
2633 807 2836 860 τέκνων
2861 805 3027 860 αὑτοῦ
3067 807 3449 878 πεπλασμένον
3478 808 3715 861 κενῶσαι
3741 808 3840 881 τὴν

2253 899 2419 954 αὑτοῦ
2453 901 2699 971 δύναμιν,
2744 901 2839 953 καὶ
2885 899 3205 954 ἀποστεῖλαι
3235 901 3328 953 ἀπ’
3359 899 3523 954 αὑτοῦ
3569 900 3840 973 σπινθῆρα

2254 993 2349 1046 ἐπὶ
2393 992 2483 1046 τὸν
2513 993 2821 1065 ἄνθρωπον,
2865 994 2963 1065 τὴν
3002 993 3182 1064 ψυχὴν
3215 993 3376 1063 δῆθεν
3401 992 3769 1064 διανοούμενοι
3792 996 3833 1049 ¹.

2253 1087 2366 1141 Καὶ
2395 1085 2539 1148 τότε,
2567 1087 2754 1156 φησὶν,
2789 1085 2918 1156 ἔστη
2952 1086 2980 1139 ὁ
3020 1085 3307 1157 ἄνθρωπος
3346 1085 3440 1138 ἐπὶ
3478 1087 3604 1150 τοὺς
3647 1085 3834 1150 πόδας,

2255 1181 2351 1234 καὶ
2391 1179 2737 1250 ὑπερϐέϐηκε
2761 1181 2825 1250 τῇ
2855 1178 3060 1250 διανοίᾳ
3097 1177 3225 1241 τοὺς
3253 1178 3402 1231 ὀκτὼ
3429 1179 3714 1250 οὐρανοὺς,
3744 1181 3838 1233 καὶ

2253 1272 2486 1341 ἐπέγνω,
2516 1272 2609 1324 καὶ
2654 1272 2814 1342 ⁴ᾖνεσε
2848 1271 2938 1324 τὸν
2979 1272 3090 1326 ἄνω
3130 1272 3349 1342 Πατέρα
3397 1272 3488 1325 τὸν
3518 1273 3703 1326 ἐπάνω
3742 1272 3835 1326 τοῦ

2267 1362 2614 1418 Ἰαλκδαϐαώθ.
2640 1363 2752 1417 Kal.
2773 1364 2891 1416 τότε
2919 1364 2948 1415 6
2981 1363 3328 1428 Ἰαλδαϐαὼθ,
3349 1365 3495 1434 πόνῳ
3516 1365 3834 1436 φερόμενος,

2251 1457 2339 1510 διὰ
2380 1456 2440 1508 τὴ
2483 1455 2890 1525 ἐπιγνωσθῆναι
2919 1456 2986 1509 τὰ
3035 1455 3286 1509 ἀνώτατα
3336 1456 3520 1520 αὑτοῦ,
3571 1457 3836 1528 ἐπέϐλεψε

2253 1550 2404 1602 κάτω
2432 1551 2489 1602 έν
2524 1548 2717 1621 πικρίᾳ
2751 1547 2888 1620 πρὸς
2919 1546 3018 1618 τὴν
3045 1548 3400 1620 ὑποστάθμην
3426 1550 3524 1619 τῆς
3559 1549 3709 1619 ὕλης,
3742 1551 3837 1604 καὶ

2252 1640 2547 1711 γεγέννηκε
2575 1639 2803 1710 δύναμιν
2824 1639 3157 1712 ὀφιόμορφον
3186 1640 3359 1694 είδέαν
3383 1641 3628 1710 ἔχουσαν,
3665 1641 3722 1694 δν
3743 1623 3837 1696 καὶ

2253 1729 2367 1781 υἱὸν
2388 1726 2552 1780 αὑτοῦ
2570 1727 2826 1782 καλοῦσι·
2844 1729 2937 1782 καὶ
2967 1729 3137 1792 οὑτως
3159 1725 3332 1795 οὗτος,
3355 1732 3537 1801 φησὶν,
3555 1733 3834 1805 ἀπεστάλη

2252 1821 2345 1874 καὶ
2385 1820 2636 1891 ἠπάτησε
2687 1820 2786 1893 τὴν
2829 1822 2992 1878 Εὕαν,
3029 1825 3095 1877 Ἦ
3135 1824 3193 1877 δὲ
3237 1825 3471 1895 ἥκουσεν
3519 1825 3709 1888 αὑτοῦ,
3741 1826 3837 1880 καὶ

2175 1924 2218 1981 Β
2247 1910 2474 1982 ἐπείσθη
2513 1911 2588 1974 ὼς
2616 1911 2720 1982 υίῷ
2750 1913 2910 1981 Θεοῦ,
2940 1916 3033 1968 καὶ
3057 1914 3342 1969 πεισθεῖσα
3373 1917 3577 1986 ἔφαγεν
3605 1917 3711 1971 ἀπ’)
3740 1917 3833 1972 τοῦ

2249 2003 2406 2070 ξύλου
2437 2006 2536 2075 της
2565 2004 2838 2074 γνώσεως.

2319 2099 2394 2151 Ε’.
2425 2093 2558 2151 Εἶτα
2579 2099 2707 2152 ὅταν
2729 2098 2933 2169 ταύτην
2962 2098 3062 2169 τὴν
3088 2101 3298 2172 μωρίαν
3325 2102 3715 2174 διηγήσωνται,
3739 2103 3836 2158 καὶ

2247 2189 2309 2242 τὸ
2341 2188 2549 2256 γελοῖον
2582 2190 2679 2261 τῆς
2713 2189 3132 2261 ἐπιτηδεύσεως,
3177 2192 3382 2261 ταύτην
3421 2193 3519 2263 τὴν
3543 2193 3833 2265 τραγικὴν,

2247 2280 2324 2343 ὡς
2353 2282 2548 2340 είπεῖν,
2578 2282 2936 2352 ποιησάμενοι
2962 2284 3277 2352 συμφωνίαν
3307 2286 3346 2348 ’,
3382 2286 3471 2337 καὶ
3503 2283 3564 2338 τὸ
3591 2286 3835 2356 κωμικὸν

2247 2371 2404 2426 τοῦτο
2435 2373 2639 2444 δρᾶμα,
2675 2373 2933 2444 ἄρχονται
2957 2391 3079 2428 τινα
3113 2377 3245 2446 ἡμῖν
3272 2377 3589 2444 ὑποφαίνειν
3623 2379 3702 2441 είς
3725 2395 3834 2432 πα-

2253 2463 2513 2541 ράστασιν
2542 2464 2650 2519 τῶν
2696 2469 2824 2538 παρ’
2851 2467 3033 2532 αὑτοῖς
3077 2467 3383 2538 λεγομένων
3414 2469 3624 2538 ψευδῶν
3672 2469 3831 2527 θεῶν.

2251 2558 2371 2611 Ὅτι
2399 2558 2519 2628 οὑχὶ
2570 2559 2662 2612 καὶ
2708 2559 2775 2612 τὰ
2824 2560 3029 2628 ἔγκατα
3069 2561 3245 2632 ἡμῶν,
3281 2562 3348 2614 δι’
3383 2555 3458 2615 ὧν
3493 2562 3696 2633 ζῶμεν,
3740 2564 3836 2616 καὶ

2246 2649 2596 2721 τρεφόμεθα,
2654 2651 2892 2722 ὀφιοειδῆ
2944 2653 3211 2724 ὑπάρχει;
3263 2653 3432 2709 Ἀλλα
3474 2654 3532 2707 δὲ
3578 2655 3678 2708 ὅσα
3721 2658 3834 2720 τοῖς

2249 2743 2622 2814 ἠπατημένοις
2649 2745 3106 2817 παρεισφέρουσιν
3142 2749 3223 2811 εἰς
3249 2748 3347 2820 τὴν
3375 2749 3583 2802 ἑαυτῶν
3624 2749 3834 2820 πλάνην

2249 2833 2344 2887 καὶ
2371 2833 2590 2905 ληρώδη
2631 2836 3037 2891 ὑπόνοιαν.·Διὰ
3073 2838 3329 2910 τοιαύτην
3357 2839 3414 2892 δὲ
3448 2840 3647 2905 αἰτίαν,
3677 2842 3832 2911 φασὶ,

2247 2925 2337 2978 τὸν
2366 2926 2492 2995 ὅφιν
2539 2927 2856 2999 δοξάζομεν,
2881 2929 2962 2983 ὃτι
2996 2933 3025 2983 6
3069 2929 3201 2994 Θεὸς
3229 2933 3401 2996 αίτιος
3446 2934 3545 3004 τῆς
3579 2932 3836 3001 γνώσεως

2247 3019 2538 3090 γεγένηται
2561 3020 2638 3091 τῷ
2675 3021 2888 3093 πλήθει.
2943 3022 3000 3076 '0
3028 3022 3085 3077 δὲ
3121 3023 3467 3088 Ἰαλδαϐαὼθ,
3513 3026 3698 3094 φασὶν,
3733 3027 3836 3080 οὑκ

2247 3111 2408 3182 ἤθελε
2440 3113 2745 3185 μνησθῆναι
2775 3115 2873 3186 τὴν
2906 3115 3018 3169 ἄνω
3051 3117 3296 3188 Μητέρα,
3327 3116 3450 3171 οὔτε
3483 3119 3574 3172 τὸν
3613 3119 3836 3191 Πατέρα

2246 3207 2359 3269 τοῖς
2381 3204 2708 3277 ἀνθρώποις.
2741 3208 2964 3261 Ἐπεισε
2991 3209 3047 3263 δὲ
3075 3210 3104 3262 6
3129 3210 3272 3279 ὄφις,
3300 3211 3396 3264 καὶ
3435 3213 3636 3280 γνῶσιν
3665 3213 3834 3285 ἠνεγ-

555 3303 760 3373 piebat.
797 3277 1007 3358 sed—iis
1035 3303 1309 3372 persuasit
1342 3317 1589 3374 serpens,
1625 3318 1687 3356 ac
1716 3302 2002 3356 scientiam
2042 3301 2144 3354 im-

2248 3314 2365 3360 κεν,
2402 3296 2609 3362 ἐδίδαξέ
2650 3316 2709 3352 τε
2751 3299 2843 3352 τὸν
2881 3299 3169 3373 ἄνθρωπον
3216 3303 3309 3356 καὶ
3341 3304 3441 3376 τὴν
3469 3309 3701 3374 γυναῖκα
3723 3308 3834 3361 τῶν

555 3395 815 3465 portavit,
871 3401 1152 3464 totamque
1192 3397 1329 3449 adeo
1387 3394 1698 3449 divinorum
1757 3393 2147 3463 mysteriorum

555 3486 924 3558 cognitionem
955 3501 1079 3541 cum
1106 3487 1226 3540 viro
1249 3500 1313 3540 ac
1340 3485 1565 3540 muliere
1585 3483 2028 3539 communicavit.
2064 3480 2147 3536 0b

555 3578 611 3633 id
657 3579 830 3635 iratus
863 3577 1026 3634 Pater
1057 3577 1405 3644 Jaldabaoth,
1450 3593 1513 3633 ac
1559 3578 1861 3632 derivatam
1916 3577 1973 3631 in
2024 3576 2147 3630 illos

553 3670 827 3740 ejusmodi
879 3671 1166 3726 scientiam
1221 3671 1413 3741 iniquo
1469 3669 1650 3724 animo
1701 3670 1902 3730 ferens,
1935 3684 1966 3722 e
2004 3669 2145 3724 caalo

555 3762 708 3817 illum
739 3761 1015 3817 deturbat.
1050 3763 1182 3816 Inde
1237 3778 1419 3833 regem
1469 3778 1499 3817 e
1545 3761 1685 3816 caelo
1716 3761 1997 3830 delapsum
2027 3775 2143 3815 ser-

555 3862 773 3926 pentem
818 3868 944 3909 esse
990 3854 1245 3908 dictitant
1284 3855 1342 3917 ii,
1375 3853 1468 3922 qui
1497 3867 1605 3906 non
1643 3852 1870 3906 alterius
1892 3867 1951 3906 se
1977 3865 2141 3920 quam

555 3948 831 4018 serpentis
864 3947 1111 4018 partibus
1142 3946 1488 4001 addixerunt.
1550 3943 1720 4015 Igitur
1752 3952 1972 4015 propter
2001 3945 2144 3999 hanc

555 4042 626 4096 ab
657 4041 750 4095 illo
786 4055 1109 4096 concessam
1141 4040 1425 4094 scientiam
1463 4041 1710 4094 venerari
1735 4054 1793 4093 se
1828 4045 2138 4108 serpentem

556 4132 814 4195 fatentur,
861 4133 1020 4202 eique
1063 4145 1260 4202 panem
1309 4131 1535 4200 insuper
1584 4131 1867 4198 objiciunt.
1938 4127 2138 4184 Verum

553 4226 756 4294 quippe
791 4231 1099 4294 serpentem
1142 4224 1198 4276 in
1235 4222 1375 4277 cista
1399 4222 1690 4288 nutriunt;
1737 4235 1898 4290 quem
1933 4225 2140 4290 myste-

554 4316 760 4383 riorum
796 4321 1040 4383 tempore
1067 4313 1283 4383 stipatis
1317 4313 1385 4367 ad
1407 4312 1528 4382 ejus
1555 4326 1847 4366 cavernam
1872 4311 1926 4364 in
1951 4326 2138 4364 mensa

555 4407 791 4477 panibus
819 4405 1068 4460 invitant.
1122 4405 1280 4476 Isque
1319 4413 1510 4474 aperto
1559 4404 1828 4459 foramine
1855 4419 1885 4458 e
1917 4403 2139 4458 latebris

552 4496 812 4564 erumpit.
865 4493 1040 4564 Atque
1070 4494 1162 4548 ubi
1193 4508 1292 4563 pro
1321 4509 1419 4548 sua
1451 4493 1749 4560 calliditate
1780 4495 2135 4549 stoliditatem

553 4588 772 4642 illorum
801 4588 1042 4656 agnovit,
1088 4602 1331 4642 mensam
1359 4588 1758 4653 conscendens,
1797 4588 2004 4642 circum
2037 4602 2135 4656 pa-

552 4693 650 4734 nes
692 4679 1022 4749 implicatur.
1075 4679 1227 4733 llanc
1278 4680 1750 4736 absolutissimum
1796 4695 1920 4736 esse
1959 4681 2134 4734 sacri-

551 4771 736 4825 ﬁcium
785 4779 1032 4826 censent.
1087 4769 1242 4826 Unde
1285 4781 1412 4826 uta
1460 4772 1697 4842 quodam
1755 4774 1962 4843 accepi,
2022 4788 2132 4828 non

551 4863 715 4918 modo
735 4878 902 4934 panes
925 4864 1082 4928 istos,
1100 4864 1299 4933 quibus
1321 4864 1754 4920 circumvolutus
1773 4872 1859 4920 est
1885 4880 2130 4935 serpens,

551 4956 812 5025 frangunt
853 4970 918 5010 ac
941 4956 1309 5022 distribuunt;
1342 4957 1438 5012 sed
1463 4957 1628 5012 etiam
1653 4957 1890 5028 quilibet.
1913 4957 2133 5012 admoto

551 5064 646 5103 ore
669 5057 975 5118 serpentem
1001 5049 1368 5114 exosculatur,
1395 5051 1511 5104 sive
1533 5052 1880 5107 cantionibus
1900 5052 2134 5121 quibus-

547 5142 674 5195 dam
721 5144 789 5196 ad
821 5143 1298 5198 mansuetudinem
1340 5145 1512 5200 bestia
1557 5144 1820 5209 mollitur,
1863 5146 1978 5200 sive
2023 5146 2131 5200 alio

547 5233 812 5290 daemonis
845 5237 1080 5292 artificio
1114 5237 1349 5290 innocua
1398 5237 1668 5294 redditur.
1726 5237 1878 5292 Hanc
1907 5239 2130 5308 quidem

549 5328 782 5382 adorant
807 5330 1016 5394 miseri,
1049 5337 1104 5384 et
1131 5329 1530 5387 Eucharistiam
1558 5342 1779 5398 vocant,
1806 5349 1929 5388 eum
1958 5349 2128 5404 appo-

550 5423 686 5476 sitos
724 5437 892 5490 panes
923 5423 1188 5478 tortuosis
1229 5424 1483 5487 ﬂexibus.
1525 5441 1587 5479 ac
1618 5427 2126 5493 circumvolutioni-

549 5515 654 5570 bus
687 5517 956 5573 ambicrit.
991 5517 1067 5571 Ac
1101 5519 1319 5574 demum
1370 5536 1686 5590 supremum
1718 5521 2003 5577 Parentcm
2030 5539 2127 5594 per

625 5693 638 5722 ¹
667 5692 728 5746 F.
761 5693 1140 5766 διανοουμένη.
1219 5699 1237 5727 ¹
1268 5696 1385 5753 Vel.
1422 5699 1699 5754 ὑπὸθεσιν.

2247 3389 2360 3444 ἄνω
2405 3391 2719 3461 μυστηρίων
2759 3391 2820 3445 τὸ
2855 3393 2965 3446 πᾶν
2997 3394 3096 3465 τῆς
3150 3397 3422 3465 γνώσεως.
3459 3399 3551 3453 Διὸ
3576 3401 3605 3453 6
3641 3401 3835 3473 Πατὴρ

2247 3481 2545 3551 ὀργισθεὶς,
2592 3483 2870 3537 τουτέστιν
2901 3487 2931 3538 6
2975 3486 3319 3555 Ἰαλδαϐαὼθ,
3362 3491 3430 3545 δι’
3479 3496 3540 3565 ἢν
3587 3492 3833 3561 ὑπέδειξε

2244 3574 2358 3636 τοῖς
2397 3572 2705 3645 ἀνθρώποις
2744 3575 2967 3644 γνῶσιν,
3012 3579 3312 3634 κατέϐαλεν
3341 3582 3502 3636 αὑτὸν
3548 3585 3642 3637 ἀπ’
3673 3587 3836 3656 οὐρα-

2246 3662 2361 3717 νοῦ.
2396 3665 2508 3718 Καὶ
2539 3664 2691 3719 ἐνθεν
2727 3666 2951 3737 βασιλέα
2987 3669 3078 3723 τὸν
3107 3671 3230 3742 ὅφιν
3263 3673 3358 3726 ἀπ’
3385 3675 3615 3745 οὐρανοῦ
3645 3675 3835 3746 λέγου-

2247 3771 2330 3809 σιν
2353 3759 2401 3810 οί
2432 3757 2531 3828 τὴν
2567 3758 2757 3829 μερίδα
2782 3759 2876 3814 τοῦ
2912 3761 3087 3831 ὄφεως
3118 3765 3211 3819 καὶ
3237 3765 3393 3819 οὐδὲν
3416 3767 3606 3839 ἕτερον
3631 3786 3834 3843 κεκτη-

2248 3847 2419 3917 μένοι,
2449 3847 2772 3914 Δοξάζουσιν
2802 3846 2894 3904 οὖν
2925 3852 3086 3907 αὑτὸν
3119 3854 3209 3907 διὰ
3238 3856 3337 3927 τὴν
3362 3858 3639 3930 τοιαύτην,
3675 3862 3831 3931 φησὶ,

2245 3937 2464 4006 γνῶσιν,
2497 3940 2590 3993 καὶ
2629 3940 2793 4012 ἄρτον
2828 3942 2975 4014 αὑτῷ
3006 3946 3428 4018 προσφέρουσιν.
3460 3951 3684 4020 Ἔχουσι
3723 3951 3834 4024 γὰρ

2244 4029 2404 4099 φύσει
2439 4031 2563 4100 ὅφιν
2581 4033 2874 4104 τρέφοντες
2901 4037 2958 4089 ὲν
2983 4037 3143 4110 κίστῃ
3176 4039 3299 4103 τινὶ,
3331 4041 3389 4095 ὃν
3408 4042 3542 4114 πρὸς
3557 4042 3656 4114 τὴν
3681 4043 3832 4116 ὤραν

2241 4120 2350 4174 τῶν
2369 4122 2547 4175 αὑτῶν
2573 4125 2904 4197 Μυστηρίων
2923 4127 3017 4181 τοῦ
3041 4129 3250 4198 φωλεοῦ
3283 4133 3712 4205 προσφέροντες,
3737 4137 3832 4190 καὶ

2243 4210 2590 4277 στιϐάξοντες
2611 4213 2703 4266 ἐπὶ
2732 4215 3014 4288 τραπέζης
3035 4219 3252 4290 ἄρτους,
3277 4224 3712 4292 προσκαλοῦνται
3734 4229 3829 4281 τὸν

2241 4299 2386 4370 ὅφιν.
2426 4302 2792 4374 Ἀνοιχθέντος
2814 4307 2870 4360 δὲ
2891 4307 2985 4360 τοῦ
3009 4310 3238 4377 φωλεοῦ,
3265 4314 3499 4384 πρόεισι.
3526 4318 3636 4372 Kal
3655 4318 3830 4384 οὑτως

2241 4391 2480 4446 ἀνελθὼν
2529 4395 2669 4448 κατὰ
2703 4397 2800 4467 τὴν
2847 4399 3014 4452 αὑτοῦ
3060 4403 3321 4473 φρόνησιν
3357 4407 3386 4458 6
3435 4405 3556 4476 δφις
3597 4409 3692 4462 καὶ
3724 4427 3832 4462 πα-

2239 4485 2497 4555 νουργίαν
2525 4487 2624 4558 ήδη
2656 4488 2939 4556 γινώσκων
2964 4492 3074 4563 (46)
3101 4494 3200 4566 τὴν
3225 4497 3404 4550 αὐτῶν
3427 4501 3660 4572 μωρίαν,
3689 4503 3831 4558 ἄνει-

2242 4593 2326 4630 σιν
2374 4579 2468 4631 ὲπὶ
2500 4578 2600 4651 τὴν
2651 4582 2949 4652 τράπεζαν,
2984 4587 3077 4640 καὶ
3121 4589 3406 4645 ὲνειλεῖται
3456 4595 3569 4656 τοῖς
3615 4595 3826 4666 ἄρτοις.

2237 4669 2349 4722 Καὶ
2381 4670 2586 4744 ταύτην
2619 4675 2784 4742 φασὶν
2831 4673 2970 4732 εἶναι
3010 4681 3220 4736 τελείαν
3252 4683 3460 4739 θυσίαν.
3501 4686 3662 4740 Ὅθεν
3707 4690 3824 4755 καὶ,

2239 4760 2315 4826 ὡς
2345 4764 2454 4817 ἀπό
2485 4781 2630 4829 τινος
2655 4769 2886 4837 ἀκήκοα,
2929 4778 2982 4824 .ιὺ
3033 4773 3193 4844 μόνον
3235 4775 3403 4829 κλῶσι
3441 4767 3569 4842 τοὺς
3603 4779 3824 4850 ἄρτους,

2240 4854 2300 4908 ὲν
2330 4850 2410 4919 οἷς
2433 4856 2460 4906 ὁ
2492 4857 2653 4922 αὑτὸς
2679 4859 2802 4928 ὄφις
2836 4861 3048 4934 είλήθη,
3081 4865 3175 4917 καὶ
3205 4866 3504 4920 ἐπιδιδόασι
3540 4872 3652 4933 τοῖς
3681 4869 3824 4942 λαμ·

2241 4945 2494 5000 ϐἀνουσιν
2514 4965 2528 4979 ’
2563 4948 2698 5003 ἀλλὰ
2740 4952 2834 5004 καὶ
2865 4952 3095 5016 ἕκαστος
3137 4956 3444 5020 ἀσπάζεται
3483 4958 3575 5011 τὸν
3607 4959 3730 5028 ὅφιν
3761 4964 3825 5014 ἐκ

2243 5038 2530 5110 στόματος,
2561 5042 2678 5113 ἦτοι
2712 5046 2936 5117 γοητεία
2981 5047 3088 5101 τινὶ
3124 5049 3456 5120 ὲπᾳσθέντος
3507 5053 3600 5105 τοῦ
3647 5054 3824 5123 ὄφεως

2236 5128 2315 5190 εἰς
2343 5130 2677 5202 ἡμερότητα,
2711 5133 2742 5205 ἢ
2771 5133 2829 5199 ἐξ
2871 5136 3063 5208 ἑτέρας
3101 5139 3386 5211 ἐνεργείας
3409 5141 3656 5194 διαϐόλου
3688 5147 3824 5214 πρ“ς

2237 5221 2452 5292 ἀπάτην
2494 5224 2700 5280 τούτων
2745 5227 3206 5302 ὑποκοριζομένου
3237 5231 3331 5285 τοῦ
3375 5231 3536 5296 ζώου.
3574 5237 3818 5304 Προσκυ-

2238 5313 2389 5368 νοῦσι
2413 5316 2470 5369 δὲ
2497 5316 2590 5370 τὸν
2628 5319 2890 5388 τοιοῦτον,
2919 5323 3010 5375 καὶ
3060 5323 3412 5397 εὐχαριστίαν
3454 5325 3660 5396 ταύτην
3699 5329 3822 5380 ἐπι-

2234 5423 2556 5494 φημίζουσι,
2590 5427 2689 5500 τὴν
2715 5429 2782 5482 δι’
2821 5430 2987 5484 αὑτοῦ
3027 5433 3396 5505 ὲνειληθέντος
3422 5435 3820 5507 γεγενημένην.

2232 5531 2342 5586 Καὶ
2373 5532 2527 5598 αυθις
2555 5533 2622 5589 δι’
2657 5533 2843 5603 αὑτοῦ,
2879 5535 2956 5601 ὥς
2997 5553 3154 5608 φασι,
3184 5537 3263 5608 τῷ
3293 5538 3406 5594 ἄνω
3447 5538 3625 5611 Πατρὶ
3654 5538 3812 5611 ὕμνοι

621 5873 730 5942 (ὶὺ)
768 5878 875 5930 Καὶ
920 5884 1287 5950 πανουργίαν
1346 5883 1670 5954 γινώσκων.
1722 5886 1877 5942 Corr.
1943 5889 2082 5941 κατᾷ
2115 5893 2246 5944 πᾶν.
