4156 6358
360 414 466 471 649

976 412 1347 468 ADVERSUS
1384 409 1727 466 IlzﬁRESES
1766 409 1893 465 LIB.
1938 408 1979 464 I.
2021 406 2185 463 TOM.
2228 407 2315 462 Ill.
2358 438 2426 448 -—
2464 408 2737 462 IIAZRES.
2778 408 3044 464 XXXVII.

3529 413 3637 469 650

366 523 803 594 ἀναπέμποντες,
860 521 1035 587 οὕτως
1089 524 1158 578 τὰ
1214 526 1490 594 μυστήρια
1542 523 1719 577 αὐτῶν
1774 525 1956 575 ἐπιτε-

2064 520 2247 585 illum,
2302 528 2358 573 ut
2406 522 2577 587 aiunt,
2624 520 2984 585 celebrantes,
3028 522 3288 591 mysteria
3342 536 3441 577 sua
3475 523 3635 592 perli-

364 615 539 669 λοῦσι.

434 705 526 774 ς’.
556 705 787 778 Μωρίαν
810 706 868 760 δὲ
911 708 1055 761 εἴποι
1094 726 1178 771 τις
1205 708 1273 760 ἂν
1315 710 1408 762 καὶ
1438 708 1633 781 χλεύης
1659 709 1911 779 ἔμπλεων
1935 726 1949 739 °

364 800 460 851 καὶ
485 798 609 852 οὔτε
652 800 965 871 ἀνατροπῆς
999 801 1109 855 ἀπὸ
1147 802 1296 864 θείας
1337 803 1560 873 Γραφῆς
1593 802 1953 873 ἐπιζητουμέ-

363 908 460 961 νης
494 892 574 953 εἰς
626 889 805 955 τοῦτο,
856 891 973 945 ἀλλ’
1022 893 1153 945 αὐτὸ
1184 892 1307 946 καθ’
1370 894 1531 946 ἑαυτὸ
1564 893 1642 963 τῷ
1683 893 1774 946 τὸν
1829 892 1953 947 νοῦν

363 982 541 1051 ἔχοντι
574 983 887 1054 ἐρρωμένον
920 984 1063 1037 κατὰ
1092 984 1224 1038 Θεὸν
1260 985 1546 1053 γελοιῶδες
1588 983 1951 1054 δειχθήσεται.

363 1073 543 1136 Εὐθὺς
572 1074 681 1145 γὰρ
710 1075 859 1127 πᾶσα
886 1077 918 1146 ἡ
941 1076 1120 1129 αὐτῶν
1154 1079 1462 1146 κενοφωνία
1488 1074 1735 1148 ληρώδης
1763 1095 1847 1140 τις
1874 1076 1957 1129 εὑ-

365 1165 677 1236 ρεθήσεται.
719 1168 782 1219 Εἰ
808 1167 918 1239 γὰρ
967 1168 1297 1239 Προύνεικόν
1322 1188 1486 1239 φασιν
1524 1166 1684 1233 εἶναι,
1718 1169 1836 1232 πῶς
1861 1170 1954 1222 ἀπ’

365 1260 530 1312 αὑτοῦ
562 1260 655 1313 τοῦ
686 1261 949 1331 ὀνόματος
970 1263 1031 1314 οὐ
1064 1263 1125 1315 τὸ
1163 1262 1361 1334 σαθρὸν
1385 1263 1482 1334 τῆς
1512 1262 1749 1326 διανοίας
1777 1262 1955 1317 αὐτῶν

366 1352 775 1424 φωραθήσεται,
804 1353 880 1414 ὡς
920 1354 1020 1425 ἤδη
1054 1357 1353 1426 προεῖπον;
1402 1357 1518 1408 Πᾶν
1555 1355 1663 1427 γὰρ
1692 1355 1752 1408 τὸ
1790 1371 1957 1424 πρου-

365 1445 770 1515 νεικευόμενον,
807 1444 1100 1517 ἄχρηστον.
1130 1448 1260 1501 Εἰδέ
1289 1448 1581 1519 ἄχρηστον,
1613 1448 1706 1500 καὶ
1750 1448 1807 1501 ἐν
1845 1450 1956 1511 τοῖς

365 1536 716 1607 προκριτέοις
769 1538 1016 1591 τακτέον.
1073 1537 1182 1591 Καὶ
1242 1538 1358 1602 πῶς
1417 1541 1697 1593 ἐπαινετὸν
1757 1541 1841 1612 εἴη
1897 1542 1958 1594 τὸ

365 1629 675 1698 ἄχρηστον;
711 1627 836 1690 Πῶς
885 1628 941 1681 δὲ
988 1628 1113 1699 οὐχ).
1165 1630 1410 1701 μυθῶδες
1450 1633 1510 1685 τὸ
1560 1632 1759 1700 λέγειν,
1799 1635 1881 1686 ὅτι
1921 1635 1954 1703 ὴ

368 1719 699 1790 Προύνεικος
745 1722 838 1774 τὸν
874 1722 1199 1775 Ίαλδαδαὼθ
1232 1723 1488 1791 ἐκένωσε,
1533 1726 1626 1781 καὶ
1655 1729 1684 1779 6
1723 1726 1955 1799 σπινθὴρ

366 1816 447 1875 εἰς
475 1811 545 1865 τὰ
578 1813 730 1866 κάτω
777 1813 1046 1884 κατῆλθεν
1078 1814 1189 1867 ἀπὸ
1215 1815 1311 1868 τοῦ
1358 1816 1727 1882 κενωθέντος;
1772 1818 1861 1872 Ἑν
1898 1820 1957 1872 δὲ

2061 616 2234 669 ciunt.

2132 705 2218 759 Vl.
2261 705 2409 772 Quas
2441 706 2659 776 quidem
2693 706 2928 777 ineptias
2956 707 3287 764 vanissimas
3317 725 3461 776 esse,
3495 712 3637 765 ludi-

2063 797 2291 866 brioque
2316 798 2668 869 dignissimas
2699 812 2861 851 nemo
2891 813 3003 852 non
3034 799 3270 853 dixerit:
3305 817 3481 871 neque
3510 817 3638 856 vero

2062 890 2264 944 divinis
2303 905 2371 945 ex
2399 888 2679 961 Scriptura
2716 893 3052 963 depromptis
3092 894 3424 948 testimoniis
3457 896 3642 948 acrius

2064 982 2420 1051 refellendas;
2453 999 2575 1038 cum
2599 1001 2698 1055 per
2722 1001 2842 1040 sese
2864 986 3107 1051 cuilibet,
3163 986 3254 1053 qui
3283 989 3354 1039 sit
3379 987 3642 1041 nonnullo

2063 1072 2281 1143 ingenio
2315 1076 2595 1144 praeditus,
2642 1091 2807 1146 quam
2850 1075 3149 1130 ridiculum
3181 1076 3254 1130 sit
3288 1084 3460 1129 totum
3510 1077 3641 1131 illud

2065 1166 2363 1233 negotium,
2411 1167 2776 1222 demonstrari
2820 1168 3011 1237 possit.
3080 1166 3225 1221 Nihil
3261 1169 3407 1222 enim
3450 1180 3644 1238 praster-

2065 1259 2560 1327 contemptissimas
2600 1258 2811 1315 fabulas
2841 1276 2904 1314 ac
2944 1260 3135 1314 deliria
3169 1261 3453 1315 continere
3485 1262 3642 1316 facile

2064 1348 2511 1418 deprehenditur.
2546 1350 2679 1404 Nam
2708 1352 2753 1405 si
2789 1350 3086 1406 Prunicum
3117 1368 3240 1408 esse
3266 1354 3500 1425 aliquam
3527 1356 3644 1408 exi-

2065 1441 2309 1504 stimant,
2345 1442 2468 1510 quis
2491 1458 2557 1497 ex
2590 1442 2706 1511 ipso
2738 1444 2924 1497 statim
2954 1445 3220 1500 vocabulo
3252 1461 3359 1499 non
3397 1447 3646 1500 animad-

2067 1540 2259 1593 vertat,
2294 1548 2457 1601 quam
2492 1532 2823 1587 imbecillum
2849 1550 2912 1589 ac
2950 1535 3067 1590 leve
3092 1535 3183 1602 sit,
3218 1537 3365 1606 quod
3390 1538 3477 1591 isti
3514 1553 3646 1607 pro-

2066 1622 2306 1686 ﬁtentur,
2350 1632 2410 1678 ut
2443 1625 2556 1694 jam
2594 1626 2955 1683 ostendimus.
2995 1626 3273 1697 Quidquid
3324 1630 3468 1684 enim
3498 1629 3638 1684 Pru-

2064 1716 2247 1768 nicum
2285 1716 2402 1771 fieri
2434 1716 2657 1781 dicitur,
2690 1718 2744 1772 id
2771 1719 2968 1787 inutile
2998 1728 3118 1785 est;
3152 1720 3394 1791 adeoque
3420 1722 3647 1777 minime

2064 1807 2206 1861 inter
2236 1809 2434 1862 eximia
2470 1811 2891 1865 numerandum.
2922 1810 3024 1876 Qui
3049 1810 3195 1866 enim
3223 1813 3436 1867 laudari
3470 1821 3647 1883 poteSt

363 1906 444 1968 τῷ
478 1906 592 1959 ἀνω
636 1905 877 1975 γεγονὼς
907 1906 1122 1976 ἐπέγνω
1154 1906 1247 1960 τὸν
1289 1909 1560 1981 ἀνώτερον
1590 1908 1683 1962 τοῦ
1723 1927 1957 1963 κεκενω-

2069 1899 2212 1967 quod
2260 1900 2453 1955 inutile
2491 1902 2599 1955 sit?
2644 1900 2816 1967 Quam
2856 1914 2939 1957 est
2984 1912 3245 1973 praeterea
3282 1900 3562 1968 stolidum,
3615 1921 3643 1956 a

368 1996 555 2065 μένου.
595 1998 705 2050 Καὶ
737 1997 922 2068 θαῦμα
968 1999 1244 2069 μέγιστον,
1278 2000 1354 2063 ὡς
1379 2002 1407 2054 6
1449 2000 1754 2072 ἄνθρωπος,
1783 2002 1841 2053 ἐν
1865 1994 1907 2068 ᾦ
1931 2003 1959 2054 6

365 2089 650 2157 ἐλάχιστος
676 2086 933 2158 σπινθὴρ,
967 2087 1321 2155 ἐπιγινώσκει
1355 2088 1495 2160 ὑπὲρ
1530 2091 1655 2152 τοὺς
1684 2088 1959 2143 πεπλακό-

363 2196 465 2242 τας
489 2178 753 2247 ἀγγέλους
776 2181 789 2232 l
823 2182 886 2231 Οἱ
916 2178 1025 2251 γὰρ
1049 2180 1411 2251 πεποιηκότες
1437 2181 1526 2233 τὸν
1549 2180 1836 2253 ἄνθρωπον
1862 2181 1960 2250 ἀγ-

365 2271 537 2339 γελοι,
570 2270 748 2323 είτουν
783 2271 886 2323 υἱοὶ
908 2271 1002 2323 τοῦ
1047 2270 1398 2334 Ἰαλδαὸαὼθ,
1425 2272 1524 2324 οὐκ
1548 2272 1862 2340 ἐπέγνωσαν
1891 2272 1959 2324 τὰ

366 2361 553 2415 ἐπάνω
585 2360 679 2413 τοῦ
720 2360 1067 2417 Ἰαλδαϐαώθ.
1112 2362 1170 2415 '0
1196 2361 1252 2414 δὲ
1281 2362 1370 2414 ὑπ’
1403 2361 1567 2415 αὐτοῦ
1597 2362 1959 2431 γεγενημένος

364 2452 453 2505 διὰ
476 2453 572 2505 τοῦ
606 2454 901 2524 σπινθῆρος
928 2453 1161 2523 ἐπέγνω.
1187 2454 1351 2506 Αὐτοὶ
1381 2453 1560 2506 τοίνυν
1588 2455 1810 2516 ἑαυτοὺς
1835 2456 1959 2507 ἁνα-

364 2542 625 2613 τρέπουσι
654 2544 742 2597 διὰ
793 2544 901 2597 τῶν
938 2546 1084 2598 ἰδίων
1114 2545 1420 2615 δογμάτων,
1471 2546 1548 2615 πῆ
1583 2546 1681 2616 μὲν
1716 2546 1808 2599 τὸν
1835 2546 1957 2615 ὄφιν

364 2635 700 2701 δοξάζοντες,
749 2638 824 2708 πῆ
870 2638 926 2690 δὲ
967 2638 1245 2709 ἀπατηλὸν
1291 2638 1453 2692 αὐτὸν
1485 2639 1620 2709 πρὸς
1668 2639 1768 2710 τὴν
1815 2638 1958 2694 Εὕαν

366 2729 733 2800 γεγενημένον
760 2732 1084 2799 φάσκοντες,
1115 2733 1172 2784 ἐν
1202 2729 1278 2799 τῷ
1303 2732 1476 2783 εἰπεῖν
1498 2744 1512 2758 ⁶
1559 2729 1836 2800 Ἠπάτησε
1859 2731 1958 2802 τὴν

368 2820 542 2871 Εὔαν·
579 2819 675 2871 καὶ
714 2820 791 2889 πῆ
825 2821 921 2890 μὲν
949 2820 1181 2890 Χριστὸν
1206 2820 1369 2873 αὑτὸν
1400 2815 1851 2887 καταγγέλλουσι,
1880 2822 1956 2892 πῆ

366 2909 423 2963 δὲ
449 2911 540 2963 τὸν
574 2911 688 2964 υἱὸν
712 2911 804 2964 τοῦ
841 2912 1117 2984 ἀνωτέρου
1154 2909 1508 2975 ’1αλδα6αὼθ,
1528 2911 1624 2963 τοῦ
1657 2913 1786 2975 τοὺς
1808 2913 1959 2972 υἱοὺς

366 3001 746 3072 ἀδικήσαντος,
792 3003 850 3054 ἐν
876 3002 955 3072 τῷ
991 3002 1309 3055 ἀποκλεῖσαι
1352 3003 1446 3055 ἀπ’
1480 3002 1660 3056 αὐτῶν
1705 3003 1803 3074 τὴν
1847 3002 1959 3056 ἄνω

367 3096 591 3163 γνῶσιν,
624 3098 719 3150 καὶ
766 3097 867 3168 τὴν
910 3098 1124 3169 μητέρα
1161 3097 1545 3166 ἀθετήσαντος,
1583 3098 1676 3149 καὶ
1714 3096 1805 3149 τὸν
1848 3096 1959 3150 ἄνω

370 3186 610 3258 Πατέρα,
641 3189 721 3251 εἰς
742 3188 802 3240 τὸ
828 3188 900 3258 μὴ
927 3189 1021 3258 ἐᾷν
1042 3186 1285 3253 δοξάζειν
1316 3188 1440 3249 τοὺς
1471 3188 1562 3238 ὑπ’
1582 3186 1748 3239 αὑτοῦ
1776 3202 1959 3253 γεγεν-

2067 1988 2304 2044 Prunico
2342 1992 2670 2046 exhaustum
2702 2008 2825 2048 esse
2865 1992 3277 2049 Jaldabaothem
3308 2037 3323 2062 ,
3376 1998 3444 2052 ab
3474 2013 3640 2068 eoque

2067 2081 2361 2135 scintillam
2391 2082 2458 2134 ad
2490 2082 2673 2136 inﬁma
2711 2085 2802 2137 illa
2833 2101 3121 2141 excussam
3158 2088 3449 2144 arbitrari!
3483 2087 3596 2144 [ten
3640 2120 3647 2125 -

2065 2188 2193 2243 que,
2224 2175 2317 2242 qui
2342 2173 2395 2227 in
2431 2175 2652 2229 sublimi
2680 2178 2979 2233 collocatus
3008 2188 3174 2245 esset,
3211 2197 3334 2234 eum
3359 2184 3647 2251 agnovisse

2065 2267 2160 2337 qui
2204 2269 2474 2323 exhausto
2515 2279 2665 2325 esset
2716 2272 2807 2325 illo
2838 2272 2997 2341 273
3022 2274 3293 2342 superior.
3358 2274 3647 2331 Enimvero

2065 2361 2225 2429 quale
2253 2362 2385 2415 illud
2411 2362 2737 2417 miraculum
2771 2374 2876 2428 est,
2910 2374 2969 2417 ut
2998 2366 3160 2419 homo
3198 2368 3285 2420 cui
3309 2369 3640 2423 tenuissima

2067 2454 2313 2522 quaedam
2355 2454 2427 2509 sit
2466 2470 2689 2524 aspersa
2728 2456 2994 2519 scintilla,
3036 2456 3296 2525 majorem
3340 2459 3449 2514 illis
3488 2460 3643 2529 ipsrs.

2067 2560 2095 2597 a
2119 2546 2320 2613 quibus
2343 2546 2647 2614 productus
2669 2555 2773 2612 est,
2798 2547 3007 2616 angelis
3029 2547 3394 2617 cognitionem
3421 2549 3645 2619 adeptus

2067 2635 2257 2692 fuerit!
2295 2636 2351 2691 Si
2381 2638 2600 2707 quidem
2636 2648 2890 2693 auctores
2919 2639 3007 2693 isti
3040 2639 3281 2694 hominis
3310 2655 3374 2695 ac
3406 2639 3641 2713 fabrica-

2066 2739 2215 2784 tores
2243 2731 2442 2801 angeli,
2475 2732 2588 2785 sive
2610 2718 3112 2787 Jaldabaothisfilii
3147 2748 3268 2803 quae
3287 2732 3646 2790 Jaldabaothe

2067 2824 2349 2893 superiora
2376 2833 2533 2878 erant
2565 2825 2906 2894 ignorarunt.
2944 2824 3046 2890 Qui
3083 2834 3266 2880 autem
3296 2826 3364 2879 ab
3394 2826 3503 2881 illis
3534 2826 3640 2879 for-

2067 2925 2247 2971 matus
2272 2924 2377 2981 est,
2410 2916 2662 2970 scintilla?
2686 2915 2949 2970 beneflcio
2975 2916 3249 2985 cognovit.
3282 2914 3644 2982 Quamobrem

2067 3006 2184 3061 suis
2228 3006 2304 3058 illi
2348 3020 2405 3060 se
2445 3006 2795 3075 dogmatibus
2836 3004 3069 3058 induunt
3115 3014 3167 3060 et
3206 3014 3479 3071 evertunt,
3521 3023 3645 3061 cum

2065 3100 2262 3168 partim
2280 3108 2586 3168 serpentem
2614 3099 2862 3153 venerari
2890 3099 3212 3163 instituant;
3254 3099 3451 3168 partim
3479 3098 3643 3152 Evam

2064 3191 2212 3246 illius
2265 3190 2631 3245 fraudulentia
2685 3190 2968 3260 deceptam
3022 3190 3363 3256 existiment;
3445 3190 3643 3261 partim

368 3280 639 3351 νημένους
662 3282 811 3345 υἱοὺς
840 3281 930 3334 τὸν
963 3279 1233 3351 ἀνώτερον
1261 3279 1425 3332 αὑτοῦ
1451 3279 1689 3349 Πατέρα.
1723 3277 1847 3339 Πῶς
1870 3273 1957 3330 οὖν

2066 3282 2342 3337 Christum
2384 3281 2636 3337 eumdem
2685 3297 2807 3338 esse
2847 3281 3050 3348 velint;
3100 3281 3299 3350 partim
3341 3281 3645 3351 superioris

369 3372 625 3441 βασιλεὺς
665 3373 987 3442 ἐπουράνιος
1016 3373 1044 3423 6
1077 3372 1219 3441 ὄφις,
1250 3372 1407 3442 εἴπερ
1450 3372 1592 3425 κατὰ
1612 3370 1704 3424 τοῦ
1745 3370 1959 3442 Πατρὸς

2065 3373 2212 3428 illius
2238 3371 2615 3427 Jaldabaothis
2640 3372 2833 3436 filium,
2866 3373 2959 3442 qui
2999 3371 3298 3427 interclusa
3339 3373 3643 3427 caelestium

368 3467 663 3535 ἐγήγερται
685 3481 700 3531 ;
758 3466 883 3528 Πῶς
905 3465 982 3527 δέ,
1023 3467 1071 3517 εί
1093 3466 1192 3536 τὴν
1216 3465 1416 3533 γνῶσιν
1439 3464 1674 3525 δίδωσιν,
1703 3464 1759 3515 ἐν
1781 3464 1957 3534 ἀπάτῃ

2068 3467 2529 3536 contemplatione
2576 3481 2846 3521 summam
2879 3466 3066 3521 liberis
3102 3466 3218 3519 suis
3249 3466 3505 3535 injuriam
3544 3468 3634 3520 im-

368 3557 795 3625 καταγγέλλεται
828 3558 1170 3629 ἢπατηκέναι
1194 3556 1289 3628 τὴν
1309 3556 1452 3610 Εὕαν
1473 3573 1487 3622 ;
1512 3557 1570 3609 '0
1586 3555 1642 3607 δὲ
1660 3556 1727 3608 δι’
1750 3556 1957 3624 ἀπάτης

2066 3558 2270 3627 posuit,
2296 3565 2524 3613 matrem
2550 3557 2855 3627 repudiavit
2875 3572 2938 3611 ac
2962 3558 3316 3626 contempsit,
3333 3573 3440 3612 non
3466 3560 3645 3616 minus

367 3649 571 3717 γνῶσιν
608 3651 783 3713 ἐνθεὶς
814 3651 997 3704 οὐκέτι
1025 3649 1228 3718 γνῶσιν
1256 3649 1490 3712 δίδωσιν,
1515 3638 1653 3701 ἀλλὰ
1683 3649 1802 3701 ἀντὶ
1825 3645 1957 3715 γνώ-

2064 3664 2227 3719 quam
2264 3664 2577 3719 supremum
2608 3649 2917 3716 Parentem,
2950 3666 3113 3720 quem
3159 3652 3228 3705 ab
3267 3650 3333 3704 iis
3377 3666 3516 3720 quos
3552 3667 3630 3720 ge-

368 3756 508 3803 σεως
537 3741 832 3808 ἀγνωσίαν.
877 3742 965 3804 Ὡς
989 3742 1082 3794 καὶ
1114 3741 1314 3810 ἀληθές
1336 3740 1483 3793 ἐστιν
1524 3740 1672 3802 ἰδεῖν,
1704 3739 1784 3791 ὅτι
1808 3738 1957 3791 τοῦτο

2064 3753 2258 3799 nucrat
2307 3746 2414 3799 coli
2456 3760 2519 3799 ac
2562 3745 2847 3815 praedicari
2899 3745 3125 3800 minime
3160 3746 3233 3799 sit
3265 3760 3485 3815 passus.
3541 3744 3642 3811 Qui

368 3834 426 3884 ἐν
457 3834 643 3897 αὐτοῖς
665 3833 989 3888 τελειοῦται.
1034 3834 1336 3903 Ἀγνωσίαν
1362 3834 1472 3903 γὰρ
1501 3832 1737 3901 ἔχοντες,
1762 3831 1957 3899 γνῶσιν

2064 3850 2189 3890 vero
2219 3846 2527 3905 serpentem
2556 3836 2813 3889 convenit
2838 3836 3116 3890 caelestem
3138 3850 3263 3891 esse
3284 3851 3488 3906 regem,
3518 3852 3643 3889 cum

373 3924 578 3995 ταύτην
604 3925 938 3996 νομίζουσιν,
973 3926 1031 3979 ἐν
1066 3924 1240 3995 τούτῳ
1263 3923 1638 3994 ἀληθεύοντες,
1674 3921 1830 3991 ἐντῷ
1864 3921 1957 3992 τὴν

2064 3926 2329 3980 adversus
2366 3933 2651 3995 parentem
2694 3925 3090 3980 insurrexerit?
3138 3925 3248 3977 Aut
3273 3924 3569 3994 quomodo,
3598 3927 3643 3980 si

375 4015 586 4069 ἑαυτῶν
622 4017 839 4088 ἀπάτην
871 4019 965 4070 καὶ
997 4016 1274 4086 ἀγνωσίαν
1301 4016 1503 4085 γνῶσιν
1528 4016 1727 4084 λέγειν.

2064 4018 2426 4087 cognitionem
2483 4017 2793 4086 impertiat,
2856 4015 2980 4072 Evae
3026 4017 3355 4086 imposuisse
3406 4017 3643 4071 dicitur?

372 4105 507 4160 Nam
559 4107 652 4177 qui
707 4107 899 4163 fraude
946 4110 1131 4179 aliqua
1185 4110 1472 4165 scientiam
1522 4108 1699 4173 affert,
1751 4123 1859 4163 non
1914 4108 1961 4163 is
1998 4108 2305 4172 scientiam,
2359 4108 2453 4163 sed
2497 4123 2597 4178 pro
2662 4108 3173 4178 ea'ignoratiouem
3250 4108 3640 4162 communicat.

375 4199 525 4265 Quod
571 4200 679 4254 illis
725 4200 976 4258 accidere
1020 4202 1330 4257 certissima
1373 4200 1589 4254 ratione
1639 4200 1948 4255 conﬁcitur.
1994 4201 2132 4254 Cum
2163 4202 2307 4256 enim
2337 4217 2553 4257 summa
2582 4203 2635 4254 in
2664 4201 2876 4255 inscitia
2901 4207 3212 4262 versentur,
3255 4214 3376 4255 eam
3439 4200 3641 4255 nihilo-

370 4296 552 4349 minus
585 4297 871 4351 scientiam
893 4312 1015 4352 esse
1038 4304 1253 4367 putant.
1283 4295 1400 4361 Qua
1426 4296 1481 4349 in
1518 4311 1576 4350 re
1606 4298 1957 4353 vehementer
1990 4297 2419 4361 hallucinantur,
2474 4297 2604 4351 dum
2639 4310 2882 4351 errorem
2920 4310 3081 4349 suum
3145 4307 3210 4349 ac
3273 4294 3641 4364 ignorantiam

378 4392 620 4447 scientiae
656 4393 1031 4463 appellatione
1060 4394 1437 4449 dissimulant.

442 4488 515 4541 Z'.
548 4486 775 4558 Φέρουσι
803 4486 860 4540 δὲ
891 4487 985 4541 καὶ
1020 4487 1185 4550 ἄλλας
1228 4488 1535 4559 μαρτυρίας
1573 4487 1844 4554 λέγοντες,
1875 4487 1957 4538 ὅτι

2142 4485 2247 4541 Vll.
2288 4484 2396 4539 Sed
2427 4483 2531 4538 alia
2565 4481 2813 4552 quaedam
2853 4480 3080 4550 insuper
3118 4478 3433 4533 testimonia
3462 4477 3639 4548 profe-

368 4579 466 4631 xa‘t
520 4578 762 4648 Μωῡσῆς
820 4580 879 4632 ἐν
932 4581 997 4651 τῇ
1048 4580 1245 4651 ἐρήμῳ
1301 4580 1391 4633 τὸν
1439 4580 1563 4648 ὄφιν
1608 4580 1697 4631 τὸν
1726 4579 1957 4649 χαλκοῦν

2067 4585 2233 4644 runt;
2270 4576 2436 4632 veluti
2487 4574 2708 4644 Moysen
2753 4588 2963 4627 aeneum
3002 4579 3309 4641 serpentem
3341 4572 3395 4624 in
3426 4571 3644 4626 deserto

371 4670 577 4741 ὕψωσε,
627 4672 1110 4743 προστησάμενος,
1158 4673 1245 4726 ἵνα
1297 4673 1434 4744 ίαμα
1491 4675 1604 4736 τοῖς
1643 4672 1747 4724 ὑπὸ
1786 4673 1960 4741 ὄφεως

372 4763 723 4835 ᾴακνομένοις
755 4765 1001 4837 γένηται.
1049 4762 1204 4819 Εἶναι
1232 4765 1341 4837 γὰρ
1381 4764 1536 4819 τοῦτο
1557 4766 1619 4818 τὸ
1653 4762 1790 4829 εἶδος
1826 4766 1962 4817 ίατιο

368 4854 468 4906 κὸν
507 4853 601 4906 τοῦ
656 4855 934 4925 δήγματος
987 4855 1226 4925 λέγουσι.
1278 4856 1449 4909 Πάλιν
1496 4857 1553 4909 δὲ
1598 4856 1719 4911 καθ’
1753 4855 1960 4908 ἐαυτῶν

376 4944 542 4998 ταῦτα
568 4946 861 5017 ὁρίζονται.
903 4948 965 5000 Εἰ
999 4948 1108 5019 γὰρ
1135 4947 1310 5016 ὄφεων
1336 4944 1401 5019 ἦν
1426 4947 1496 5000 τὰ
1518 4949 1793 5019 δήγματα,
1837 4947 1962 5017 βλα-

368 5038 509 5110 ϐερά
533 5037 588 5090 δὲ
626 5038 801 5092 ταῦτα
824 5055 836 5068 ·
863 5039 971 5110 ἄρα
1004 5040 1032 5091 6
1071 5039 1193 5108 ὄφις
1230 5040 1329 5093 οὐκ
1376 5039 1598 5108 ἀγαθόν.
1633 5040 1705 5093 Τὸ
1731 5039 1786 5091 δὲ
1818 5039 1963 5108 ὑψω-

370 5128 466 5181 θέν
492 5130 596 5181 ὑπὸ
625 5130 906 5194 Μωῦσέως
946 5131 1092 5198 τότε,
1143 5130 1232 5184 διὰ
1284 5132 1382 5202 τῆς
1419 5131 1651 5203 θεωρίας
1682 5132 1779 5203 τὴν
1817 5132 1958 5183 ἴασιν

373 5222 627 5283 ἐποιεῖτο,
659 5222 718 5273 οὐ
756 5221 844 5274 διὰ
870 5222 969 5292 τὴν
1005 5221 1097 5276 τοῦ
1140 5222 1316 5292 ὄφεως
1347 5222 1529 5291 φύσιν,
1579 5223 1715 5277 ἀλλὰ
1739 5223 1835 5293 τὴν
1864 5222 1957 5275 τοῦ

376 5311 508 5363 ιι)εοῦ
544 5312 815 5378 εὐδοκίαν,
843 5314 911 5366 δι’
940 5313 1118 5383 ὄφεως
1160 5314 1351 5383 ῶσπερ
1395 5315 1666 5368 ἀντίδοτον
1695 5318 1808 5376 τοῖς
1836 5314 1957 5366 τότε

370 5405 720 5475 δεδηγμένοις
774 5406 1164 5477 ἐργαζομένου.
1218 5406 1383 5459 Οὐδὲν
1434 5406 1491 5459 δὲ
1542 5407 1852 5478 θαυμαστὸν

371 5500 436 5552 δι’
470 5492 545 5550 ὧν
573 5516 657 5561 τις
691 5497 918 5568 ἐϐλάϐη,
953 5500 1038 5551 διὰ
1078 5498 1280 5551 τούτων
1314 5498 1607 5570 θεραπείας
1636 5501 1813 5569 ἔτυχε.
1848 5499 1955 5553 Καὶ

376 5592 447 5661 μή
488 5609 572 5654 τις
599 5591 870 5654 κακιζέτω
900 5592 999 5663 τὴν
1030 5591 1121 5644 τοῦ
1148 5591 1282 5643 Θεοῦ
1314 5592 1507 5646 κτίσιν.
1539 5593 1612 5654 ῶς
1644 5592 1790 5645 ἄλλοι
1820 5592 1954 5644 πλα-

376 5682 603 5753 δώμενοι
632 5684 791 5738 πάλιν
816 5684 1052 5752 λέγουσι.
1084 5684 1463 5753 Προετυποῦτο
1487 5685 1542 5737 δέ
1571 5684 1727 5738 τοῦτο
1753 5687 1865 5748 τοῖς
1895 5686 1952 5739 ἐν

445 5835 462 5867 ί
492 5833 656 5891 Num.
703 5853 814 5899 xxi,
849 5837 883 5890 8
913 5854 1034 5909 sqq.

653 5931 926 5991 ΡΑΤιιοι..
966 5934 1085 5992 Gn.
1126 5931 1288 5991 XLI.

2064 4671 2375 4732 sustulisse,
2421 4668 2708 4739 palamque
2746 4664 3119 4735 proposuisse,
3152 4672 3213 4718 ut
3252 4664 3360 4718 illis
3397 4663 3641 4718 remedio

2062 4772 2229 4827 esset,
2257 4780 2394 4833 quos
2427 4780 2653 4835 serpens
2670 4764 3034 4820 momorderat
3069 4764 3106 4816 ί.
3141 4762 3256 4817 Hoc
3285 4764 3429 4817 enim
3463 4762 3639 4830 ipsum

2063 4866 2386 4926 praesentem
2442 4858 2551 4912 vim
2599 4866 2789 4913 contra
2843 4866 3142 4925 venenatos
3176 4870 3392 4909 morsus
3441 4854 3639 4907 habere

2058 4948 2336 5016 jactitant.
2374 4949 2478 5004 Sed
2507 4951 2588 5005 vel
2614 4951 2744 5004 illud
2776 4957 2965 5004 contra
2991 4964 3050 5003 se
3080 4947 3369 5001 manifeste
3393 4960 3637 5015 pronun-

2065 5043 2222 5096 tiant.
2264 5043 2319 5096 Si
2345 5044 2488 5097 enim
2521 5059 2738 5099 morsus
2764 5042 2841 5097 illi
2878 5041 3211 5111 serpentium
3240 5046 3415 5100 erant,
3449 5037 3637 5090 iidem-

2066 5147 2173 5200 que
2232 5133 2545 5202 perniciosi,
2600 5133 2954 5201 consequitur
3010 5130 3235 5183 minime
3282 5129 3483 5182 bonum
3517 5142 3636 5181 esse

2066 5235 2396 5293 serpentem.
2447 5224 2600 5291 Quod
2652 5240 2781 5279 vero
2832 5233 2943 5277 tum
2980 5238 3011 5277 a
3041 5222 3226 5292 Moyse
3256 5227 3340 5274 est
3372 5228 3635 5283 erectum,
3702 5274 3709 5289 Γ

2064 5316 2179 5371 sola
2227 5316 2312 5370 sui
2374 5315 2833 5384 contemplatione
2897 5311 3213 5365 medebatur
3248 5326 3263 5361 :
3295 5324 3403 5363 non
3451 5308 3636 5375 utique

2063 5410 2205 5480 quod
2237 5410 2309 5462 ita
2340 5409 2609 5477 serpentis
2641 5414 2833 5461 natura
2881 5403 3083 5471 ferret;
3112 5403 3205 5458 sed
3247 5403 3391 5473 quod
3421 5402 3496 5455 ita
3527 5400 3635 5454 Deo

2060 5500 2237 5555 visum
2290 5510 2455 5561 esset,
2516 5499 2606 5568 qui
2657 5514 2794 5567 quos
2848 5505 3129 5565 serpentes
3166 5500 3526 5564 pupugerant,
3570 5491 3633 5546 iis

2060 5606 2159 5663 per
2221 5599 2528 5660 serpentem
2572 5591 2698 5643 mali
2745 5589 3046 5644 remedium
3094 5598 3401 5658 paraverat.
3447 5586 3633 5656 Neque

2057 5695 2189 5737 vero
2222 5680 2421 5737 mirum
2444 5695 2564 5737 esse
2591 5681 2843 5751 cuiquam
2864 5689 3098 5751 Oportet,
3122 5681 3169 5736 si
3194 5680 3336 5735 unde
3363 5681 3632 5749 quispiam

3219 5926 3286 5983 21
