4154 6404
544 361 646 419 651

1984 368 2040 424 S.
2087 365 2431 426 EPIPHAN"

3740 377 3837 432 652

550 480 715 536 laesus
751 478 950 546 fuerat,
1011 479 1139 537 inde
1189 482 1518 538 medicinam
1556 485 1849 554 acceperit.
1899 484 2012 541 Nec
2061 503 2120 542 es

2251 494 2317 561 τῇ
2354 491 2546 562 ἐρήμῳ
2578 490 2666 544 διὰ
2708 491 2804 562 τὴν
2844 493 3045 554 αἰτίαν,
3077 494 3145 566 ἣν
3186 492 3354 550 ἐλθὼν
3388 493 3417 547 ὁ
3451 493 3654 564 Κύριος
3695 492 3833 561 λέγει

543 573 692 645 quod
716 573 925 628 idcirco
958 575 1195 630 conditae
1224 591 1313 632 res
1351 591 1380 630 a
1422 576 1531 631 Deo
1555 577 1956 649 vituperemur,
1995 581 2140 650 quod

546 665 795 720 nonnulli
855 682 1052 722 rursus
1106 667 1420 723 incredibili
1481 685 1668 724 errore
1720 669 1949 725 faciunt.
2006 671 2143 726 Illud

545 755 688 809 enim
718 757 903 829 ligurze
935 759 1112 814 instar
1143 758 1350 828 Judaeis
1385 761 1440 814 in
1481 761 1779 816 solitudine
1813 761 2143 833 degentibus

545 854 828 902 ostensum
884 857 1006 916 est;
1074 850 1144 904 ob
1177 866 1297 906 eam
1347 851 1521 922 ipsam
1558 853 1852 920 rationem,
1884 869 2046 924 quam
2086 853 2142 908 in

544 935 838 1008 Evangelia
859 940 1023 1013 274
1049 939 1313 998 Dominus
1330 944 1618 1012 expressit.
1641 943 1910 1000 Nimirum
1948 967 1959 1001 :
1989 944 2143 1000 Sicut

543 1029 798 1084 exultavit
836 1031 1047 1102 Moyses
1095 1043 1386 1104 serpentem
1428 1036 1487 1088 in
1515 1035 1744 1104 deserto,
1777 1039 1856 1091 ita
1909 1038 2143 1092 exaltari

544 1132 745 1192 oportet
783 1123 983 1178 Filium
1016 1125 1242 1181 hominis
1263 1128 1303 1191 ί,
1331 1128 1476 1198 quod
1506 1138 1695 1199 postea
1719 1130 1968 1200 contigit.
2004 1129 2140 1185 Nam

543 1213 715 1269 Judaei
753 1215 1032 1272 Christum
1061 1217 1351 1272 Dominum
1392 1220 1541 1274 velut
1565 1228 1872 1290 serpentem
1900 1223 2130 1292 ignomi-

544 1306 700 1363 niose
727 1315 1045 1371 tractantes,
1077 1309 1296 1379 ipsimet
1324 1313 1599 1381 serpentis
1626 1312 1862 1373 insidiis.
1914 1313 2021 1368 hoc
2056 1321 2140 1368 est

543 1399 770 1464 diaboli,
809 1401 1157 1456 vehementer
1185 1401 1377 1458 oﬂ'ensi
1412 1415 1559 1458 sunt.
1586 1404 1692 1459 Sed
1717 1412 1775 1458 ut
1803 1413 1988 1460 erecto
2015 1419 2138 1459 ser-

542 1500 726 1562 pente,
776 1492 813 1546 ii
838 1492 930 1562 qui
983 1509 1169 1549 morsu
1201 1505 1359 1550 erant
1386 1497 1634 1567 appetiti,
1675 1504 1897 1567 repente
1928 1497 2136 1551 liberati

543 1592 672 1640 sunt
696 1603 709 1640 :
731 1583 825 1650 ita,
859 1584 1079 1642 Christo
1110 1586 1164 1641 in
1193 1602 1414 1644 crucem
1445 1591 1682 1652 sublato,
1715 1589 1911 1643 animae
1941 1599 2138 1644 nostra:

542 1694 572 1732 a
601 1680 808 1750 peccati
835 1680 1112 1736 morsibus
1129 1689 1258 1736 sunt
1279 1691 1562 1753 exemptae.
1584 1683 1761 1753 Atque
1781 1683 1923 1737 hanc
1957 1683 2132 1754 ipsam

541 1771 758 1828 Domini
789 1775 1118 1828 sententiam
1159 1774 1226 1828 ad
1253 1776 1459 1831 erroris
1488 1777 1572 1832 sui
1599 1776 1966 1846 patrocinium
2003 1774 2134 1830 alle-

2245 585 2300 635 ὲν
2344 583 2421 653 τῷ
2472 583 2790 654 Εὑαγγελίῳ
2816 627 2830 650 ,
2908 587 2990 638 ὅτι
3035 587 3133 652 Ὠς
3189 587 3400 656 ﬁerer
3442 583 3702 652 Μωϋσῆς
3734 587 3835 637 τὸν

2245 679 2384 748 ὄφιν
2411 680 2481 733 ἐν
2509 679 2582 748 τῇ
2613 680 2834 750 ἐρήμῳ,
2867 683 3055 747 οὕτως
3093 682 3410 751 ὑψωθῆναι
3434 680 3529 734 δεῖ
3550 679 3660 734 τὸν
3701 682 3834 734 flor

2243 772 2348 825 τοῦ
2385 771 2726 840 ἀνθρώπου,
2755 773 2784 826 ὃ
2805 775 2898 828 καὶ
2931 775 3143 843 γέγονε.
3193 777 3361 845 Δίκην
3389 775 3500 844 γὰρ
3524 775 3699 844 ὄφεως
3724 775 3833 826 ἀτι-

2246 866 2518 936 μάσαντες
2543 865 2635 919 τὸν
2663 867 2892 938 Σωτῆρα
2913 908 2928 931 ,
2951 867 3059 920 ἀπὸ
3094 867 3387 938 ἐπιϐουλῆς
3412 867 3512 938 τῆς
3534 866 3629 919 τοῦ
3663 865 3832 934 ὄφεως

2241 955 2540 1024 ἠδικοῦντο,
2579 957 2722 1027 φημὶ
2749 956 2804 1009 δὲ
2831 957 2923 1010 τοῦ
2947 957 3215 1011 διαϐόλου.
3258 957 3369 1010 Καὶ
3386 957 3639 1029 καθάπερ
3671 957 3728 1008 ἐν
3753 954 3830 1025 τῷ

2243 1046 2497 1118 ὑψώματι
2531 1047 2624 1100 τοῦ
2651 1047 2830 1118 ὄφεως
2866 1050 3012 1111 ίασις
3048 1050 3296 1118 ἐγίγνετο
3327 1051 3442 1112 τοῖς
3461 1046 3827 1119 δεδηγμένοις.

2240 1138 2412 1204 οὕτως
2443 1139 2536 1192 ἐπὶ
2575 1143 2641 1211 τῇ
2702 1139 2796 1193 τοῦ
2827 1141 3066 1212 Χριστοῦ
3100 1139 3406 1212 σταυρώσει
3436 1139 3608 1210 λύτρα
3642 1141 3827 1208 γέγονε

2239 1235 2359 1295 ταῖς
2402 1233 2558 1302 ήμῶν
2625 1231 2827 1302 ψυχαῖς
2880 1234 2990 1287 ἀπὸ
3042 1233 3154 1286 τῶν
3222 1235 3281 1287 ἐν
3333 1235 3467 1304 ἡμῖν
3524 1231 3827 1301 γενομένων

2237 1319 2531 1390 δηγμάτων
2575 1321 2672 1391 τῆς
2707 1322 3003 1394 ἁμαρτίας.
3034 1323 3267 1394 Φέρουσι
3306 1323 3363 1375 δὲ
3398 1322 3494 1375 καί
3524 1321 3654 1374 αὐτὸ
3678 1320 3830 1373 τοῦτο

2237 1412 2300 1465 τὸ
2327 1413 2486 1484 ῥητὸν
2524 1414 2662 1486 πρὸς
2701 1415 3010 1487 μαρτυρίαν
3041 1417 3089 1467 οἱ
3118 1415 3272 1468 αὐτοὶ
3302 1415 3573 1483 λέγοντες,
3607 1414 3688 1466 ὅτι
3719 1414 3828 1483 Οὐχ

2237 1508 2388 1577 ὁρᾷς,
2455 1508 2531 1570 ὡς
2587 1503 2740 1560 εἶπεν
2802 1511 2830 1561 ὁ
2894 1508 3107 1580 Σωτὴρ,
3171 1510 3272 1561 Ὃν
3329 1508 3555 1575 τρόπον
3623 1506 3828 1574 ﬁgi-wore

2239 1596 2506 1667 Μωϋσῆς
2543 1599 2650 1653 τὸν
2677 1600 2817 1669 ὄφιν
2852 1601 2923 1653 ἐν
2949 1600 3023 1669 τῇ
3040 1600 3258 1670 ἐρήμῳ,
3285 1600 3481 1665 οὕτως
3515 1599 3825 1667 ὑψωθῆναι

2237 1683 2333 1738 δεῖ
2363 1687 2471 1739 τὸν
2511 1687 2650 1741 Υἱὸν
2687 1689 2793 1742 τοῦ
2843 1689 3194 1756 ἀνθρώπους
3221 1689 3330 1742 Καὶ
3362 1688 3452 1741 διὰ
3471 1687 3628 1740 τοῦτο
3655 1688 3748 1740 καὶ
3770 1690 3828 1740 ἐν

2237 1777 2380 1849 ἄλλῳ
2399 1779 2568 1850 τόπῳ,
2611 1781 2767 1849 φασὶ,
2800 1780 2948 1850 λέγει
2975 1782 2995 1812 ⁵
3019 1821 3033 1845 ,
3067 1782 3148 1834 ὃτι
3183 1782 3438 1835 Γίνεσθε
3463 1782 3732 1850 φρόνιμοι
3750 1780 3827 1842 ὡς

540 1874 687 1920 runt.
721 1865 911 1922 Nonne
936 1867 1108 1933 vides,
1141 1869 1417 1940 inquiunt,
1442 1870 1515 1923 ita
1560 1869 1944 1939 pronuntiasse
1971 1867 2126 1923 Chri-

2230 1872 2270 1958 ρ
2309 1869 2465 1939 ὄφις,
2537 1870 2638 1927 καὶ
2687 1871 2953 1940 ἀκέραιοι
2989 1871 3069 1938 ὡς
3109 1873 3472 1941 περιστεραί.
3505 1872 3616 1924 Καὶ
3654 1870 3720 1923 τὰ
3751 1872 3825 1933 εἰς

541 1967 687 2015 stum
727 1963 876 2026 :Quo
915 1960 1070 2015 modo
1102 1963 1353 2018 exultavit
1387 1961 1597 2033 Moyses
1643 1969 1932 2032 serpentem
1962 1961 2016 2014 in
2039 1959 2134 2014 de-

538 2066 703 2118 serto,
763 2052 841 2106 ita
881 2053 1113 2107 exaltari
1159 2064 1362 2123 oportet
1423 2053 1626 2109 Filium
1672 2055 1900 2108 hominis
1932 2055 2137 2124 ?£.Pro-

540 2153 724 2214 pterea
752 2152 806 2200 et
855 2145 963 2200 alio
1010 2147 1132 2200 loco
1169 2147 1251 2202 sic
1282 2147 1526 2218 praecipit
1565 2167 1576 2200 :
1611 2146 1794 2200 Estote
1847 2145 2130 2214 prudentes

2238 1958 2480 2029 σύμϐολα
2523 1960 2872 2024 διδασκαλίας
2929 1963 2994 2013 ἐκ
3055 1960 3190 2014 Θεοῦ
3256 1961 3439 2024 καλῶς
3495 1960 3826 2030 τεταγμένα,

2240 2043 2390 2104 οὗτοι
2464 2052 2544 2116 είς
2599 2052 2697 2124 τὴν
2758 2052 2967 2106 ἑαυτῶν
3024 2053 3267 2106 ἐπίνοιαν
3328 2054 3427 2125 τὴν
3468 2053 3828 2124 ἡπατημένην

2243 2143 2521 2214 φέρουσιν.

542 2247 596 2290 ιιι
625 2245 908 2306 serpentes,
939 2238 1267 2307 etsimplices
1298 2240 1433 2292 sicut
1467 2237 1724 2292 columba:
1757 2240 1800 2290 ³.
1837 2235 1928 2292 Sic
1962 2238 2132 2308 igitur
2169 2237 2258 2293 isti
2289 2253 2429 2308 quas
2459 2237 2726 2307 imagines
2756 2251 2821 2291 ac
2846 2238 3004 2310 signa
3035 2238 3315 2294 cmlestem
3386 2239 3455 2294 ad
3519 2238 3825 2294 doctrinam

540 2331 800 2398 prteclare
829 2329 970 2386 Deus
1003 2330 1304 2396 transtulit,
1326 2346 1389 2385 ea
1428 2331 1496 2384 ad
1531 2331 1848 2402 dogmatum
1891 2345 2118 2386 suorum
2160 2329 2453 2386 falsitatem
2518 2330 2872 2384 asserendam
2908 2331 3254 2400 impudenter
3279 2331 3720 2386 accommodant.

613 2423 745 2478 Vlll.
779 2423 1060 2494 Siquidem
1109 2424 1270 2480 Jesus
1321 2425 1575 2480 Christus
1620 2425 1881 2482 Dominus
1916 2433 2126 2489 noster,

540 2514 793 2585 idemque
825 2515 965 2571 Deus
1001 2514 1265 2579 Verbum,
1299 2531 1330 2570 a
1358 2517 1517 2573 Patre
1545 2528 1671 2574 ante
1705 2520 1904 2574 saecula
1943 2521 2128 2575 omnia

539 2607 658 2688 sine
693 2605 964 2676 principio
1005 2621 1069 2660 ac
1090 2614 1334 2676 tempore
1367 2607 1478 2662 ullo
1508 2609 1745 2680 genitus,
1780 2626 2125 2681 nequaquam

543 2705 628 2752 est
655 2714 904 2767 serpens,
941 2699 1130 2769 procul
1153 2699 1298 2754 absit
1325 2701 1472 2754 utita
1497 2702 1820 2769 sentiamus,
1866 2703 1960 2758 sed
1994 2719 2126 2757 con-

540 2803 622 2845 tra
667 2801 975 2862 serpentem
1030 2790 1271 2847 advenit.
1309 2793 1412 2858 Qui
1450 2794 1496 2849 si
1523 2794 1851 2865 quandoque
1877 2795 2076 2850 dixerit
2110 2811 2122 2846 :

538 2884 722 2940 Estote
745 2884 1026 2953 prudentes
1062 2895 1117 2938 ut
1159 2898 1442 2955 serpentes,
1475 2896 1523 2940 et
1557 2886 1820 2955 simplices
1863 2887 2002 2941 sicut
2033 2903 2121 2940 co-

539 2977 750 3041 lumbw,
783 2976 913 3032 illud
935 2979 1273 3047 interrogare
1300 2993 1422 3042 nos,
1446 2994 1510 3034 ac
1527 2995 1856 3051 cognoscere
1881 2995 1980 3050 par
2013 2987 2118 3044 est,

537 3087 638 3123 cur
657 3070 747 3124 illa
773 3069 904 3134 duo,
926 3070 1236 3124 columbam
1268 3071 1479 3127 scilicet
1507 3087 1572 3126 ac
1603 3080 1932 3144 serpentem,
1959 3073 2122 3129 nobis

537 3160 855 3216 erudiendis
889 3162 1251 3231 proposuerit.
1303 3160 1523 3216 Nullum
1555 3163 1700 3219 enim
1742 3164 1797 3217 in
1842 3170 2117 3233 serpente,

538 3261 737 3321 praeter
762 3251 962 3322 duplex
1011 3252 1164 3320 illud,
1199 3254 1504 3324 prudentiae
1530 3255 1807 3326 specimen
1847 3263 2072 3328 apparet
2107 3272 2118 3307 :

536 3345 774 3414 primum
824 3344 970 3414 quod
1023 3347 1296 3415 appetitus
1323 3347 1390 3400 ab
1441 3347 1647 3418 aliquo,
1682 3361 1809 3401 cum
1854 3347 1908 3402 in
1949 3347 2126 3418 capite

534 3435 704 3489 vitam
753 3451 971 3491 omnem
1043 3451 1200 3492 suam
1245 3437 1487 3492 residere
1532 3438 1753 3502 sentiat,
1783 3439 1933 3493 velut
1956 3439 2128 3494 inter-

535 3525 743 3580 dictum
778 3525 914 3580 illud
963 3526 1196 3593 veritus,
1232 3527 1377 3597 quod
1427 3535 1650 3598 pr0pter
1675 3527 1952 3584 hominem
1981 3527 2127 3585 Deus

536 3617 664 3672 olim
694 3617 751 3672 in
785 3632 907 3672 sese
930 3618 1345 3688 pronuntiavit:
1371 3617 1545 3691 Caput
1573 3620 1639 3674 ab
1673 3619 1792 3690 ipso
1825 3621 2123 3686 custodies,

536 3711 627 3766 ille
657 3717 764 3765 ate
783 3710 1099 3765 calcaneum
1129 3710 1150 3741 ³
1179 3729 1192 3765 :
1223 3717 1338 3764 toto
1365 3709 1421 3764 in
1448 3718 1614 3780 caput
1649 3710 1974 3781 complicato
2009 3725 2126 3765 cor-

535 3817 690 3872 pore,
733 3801 976 3872 illudque
1020 3811 1308 3873 protegens
1347 3810 1402 3858 et
1438 3803 1743 3870 occultans,
1772 3817 1986 3858 summa
2015 3803 2126 3856 cal-

539 3893 750 3949 liditate
782 3894 1055 3965 reliquum
1089 3909 1292 3966 corpus
1333 3895 1577 3964 opponit.
1617 3895 1709 3949 Sic
1756 3909 1856 3951 nos
1887 3895 2123 3966 unigena

538 3985 632 4041 Dei
682 3983 853 4042 Filius
901 4000 931 4039 a
976 3984 1140 4041 Patre
1196 4002 1545 4058 progressus,
1597 3986 1714 4042 sive
1759 3986 1915 4042 hoste
1939 4001 2123 4055 perse-

535 4089 759 4150 quente,
812 4080 951 4147 sive,
1001 4080 1198 4151 quavis
1253 4080 1545 4152 ingruente
1599 4078 1932 4142 calamitate,
1967 4077 2122 4147 jubet

535 4183 721 4228 nostra
750 4175 934 4228 omnia
965 4173 1110 4229 ferro
1163 4188 1227 4228 ac
1260 4173 1493 4228 ﬂammis
1523 4173 2124 4244 exponere,solumque

538 4267 704 4321 tutari
750 4275 934 4337 caput,
992 4267 1097 4322 hoc
1127 4274 1211 4322 est
1257 4267 1484 4322 minime
1521 4267 1793 4336 abnegare
1814 4265 2117 4320 Christum.

536 4359 806 4425 Quoniam
837 4368 1001 4430 caput
1045 4359 1226 4415 omnis
1256 4358 1360 4413 viri
1407 4369 1489 4414 est
1518 4359 1793 4424 Christus,
1826 4357 1912 4412 vir
1937 4365 2119 4412 autem

535 4451 782 4507 mulieris
841 4457 1005 4521 caput
1057 4459 1164 4514 est,
1218 4457 1382 4520 caput
1430 4463 1558 4504 vero
1606 4449 1812 4504 Christi
1853 4448 2020 4515 Deus,
2058 4456 2118 4502 ut.

535 4542 830 4612 Apostolus
881 4542 1124 4611 loquitur
1155 4541 1196 4596 ".
1228 4539 1376 4596 Inest
1419 4556 1546 4597 vere
1578 4551 1631 4595 et
1658 4541 1890 4596 alterum
1921 4541 1978 4594 in
2006 4555 2118 4596 ser-

533 4643 695 4706 pente
726 4634 1030 4706 prudentiae
1065 4650 1257 4706 genus,
1291 4642 1351 4688 ut
1383 4634 1450 4689 de
1472 4649 1538 4689 eo
1573 4633 1875 4704 physiologi
1916 4641 2114 4688 testan-

534 4740 646 4786 tur.
678 4729 816 4786 Cum
852 4728 999 4784 enim
1046 4743 1077 4783 e
1121 4742 1286 4785 cavea
1321 4727 1516 4782 sitiens
1554 4727 1621 4781 ad
1652 4742 1850 4797 aquam
1892 4725 2116 4781 bibendi

533 4822 708 4893 gratia
759 4821 1024 4892 prorepit,
1067 4821 1219 4876 virus
1267 4835 1452 4875 secum
1489 4834 1596 4873 non
1625 4818 1787 4889 275
1818 4816 1993 4884 εἰῙειι,
2021 4817 2116 4874 sed

531 4913 759 4968 latibulo
788 4911 1042 4982 relinquit
1066 4927 1080 4972 ;
1113 4911 1298 4981 itaque
1323 4909 1390 4965 ad
1420 4917 1606 4980 potum
1635 4908 1935 4980 egreditur.

604 5005 762 5072 Quod
793 5005 1011 5076 quidem
1065 5003 1224 5058 nobis
1267 5002 1592 5057 imitandum
1637 5003 1962 5072 proponitur
2005 5020 2020 5056 :
2062 5007 2122 5055 ut

532 5116 657 5156 cum
695 5097 764 5152 ad
817 5105 1064 5155 sanctam
1100 5096 1197 5151 Dei
1234 5095 1538 5152 Ecclesiam
1579 5095 1774 5149 orandi
1807 5094 2004 5166 gratia,
2035 5094 2120 5149 vel

535 5191 602 5247 ad
637 5189 954 5261 usurpanda
1035 5188 1132 5244 Dei
1187 5190 1447 5259 mysteria
1494 5187 1874 5251 convenimus,
1907 5187 2117 5241 nullum

2309 2427 2390 2481 H’.
2431 2423 2488 2480 Ὀ
2515 2426 2625 2497 γὰρ
2658 2425 3034 2496 Κύριοςὴμῶν
3069 2427 3272 2498 Ἰησοῦς
3303 2428 3536 2498 Χριστὸς
3568 2428 3665 2481 καὶ
3694 2427 3826 2489 Θεὸς

2235 2517 2428 2585 Λόγος,
2459 2518 2488 2570 ὁ
2513 2519 2579 2569 ὲκ
2609 2517 2825 2589 Πατρὸς
2865 2517 2973 2589 πρὸ
3019 2519 3235 2572 πάντων
3261 2519 3369 2571 τῶν
3407 2518 3621 2572 αἰώνων
3655 2520 3824 2589 ἀνάρ·

2233 2629 2343 2682 χως
2381 2611 2476 2665 καὶ
2522 2611 2769 2684 ἀχρόνως
2792 2609 3098 2682 γεννηθεὶς,
3147 2610 3248 2662 οὐκ
3281 2609 3424 2678 ὄφις,
3475 2610 3550 2680 μὴ
3580 2609 3816 2677 γένοιτοῑ

2234 2702 2368 2757 ἀλλὰ
2409 2703 2555 2756 κατὰ
2582 2703 2675 2756 τοῦ
2741 2704 2919 2773 ὄφεως
2976 2702 3139 2765 αὐτὸς
3171 2696 3355 2772 ἦλθεν.
3403 2701 3530 2753 Ἐὰν
3569 2700 3626 2752 δὲ
3671 2701 3823 2773 εἴπῃ.

2235 2795 2490 2848 Γίνεσθε
2527 2795 2803 2864 φρόνιμοι
2853 2796 2933 2859 ὡς
2969 2797 3002 2848 ό
3046 2793 3203 2863 ὄφις,
3235 2791 3334 2846 καὶ
3360 2789 3624 2859 ἀκέραιοι
3652 2791 3733 2855 ὡς
3762 2795 3824 2844 a1

2229 2887 2603 2954 περιστεραίο
2651 2885 2731 2938 δεῖ.⁹
2767 2888 2917 2957 ἡμᾶς
2947 2887 3158 2958 ἐρωτᾷν
3192 2885 3287 2939 καὶ
3321 2883 3633 2953 γινώσκειν,
3656 2882 3747 2935 διὰ
3768 2884 3824 2934 τί

2228 2980 2296 3034 τὰ
2326 2980 2418 3033 δύο
2446 2979 2617 3034 ταῦτα
2647 2979 2917 3050 πρόσωπα
2946 2980 3076 3050 ἡμῖν
3101 2979 3182 3041 εἰς
3219 2976 3572 3031 διδασκαλίαν
3595 2993 3824 3046 ’τιαρεισ⁸

2231 3074 2427 3144 ήγαγε,
2479 3075 2577 3144 τῆς
2617 3089 2675 3125 τε
2713 3073 3046 3142 περιστερᾶς
3075 3072 3170 3123 καὶ
3199 3069 3292 3122 τοῦ
3319 3069 3513 3138 ὄφεως.
3557 3068 3723 3120 Οὐδὲν
3760 3067 3824 3121 δὲ

2229 3167 2286 3219 ὲν
2325 3165 2402 3236 τῷ
2430 3166 2551 3234 ὄφει
2582 3165 2844 3235 φρόνιμον
2889 3163 3029 3234 πλὴν
3062 3161 3156 3216 δύο
3191 3162 3433 3214 τούτων’
3494 3161 3576 3213 ὃτι
3625 3161 3682 3213 ἐν
3743 3159 3825 3230 τῷ

2227 3255 2516 3310 διώκεσθαι
2545 3253 2851 3324 γινώσκων,
2887 3254 2968 3306 ὂτι
2998 3254 3057 3305 ἐν
3077 3255 3143 3324 τῇ
3165 3250 3374 3321 κεφαλῇ
3409 3249 3577 3303 αὐτοῦ
3608 3252 3641 3320 ἡ
3668 3251 3822 3302 πᾶσα

2229 3349 2344 3418 ζωὴ
2377 3346 2544 3400 αὑτοῦ
2575 3346 2854 3416 τυγχάνει,
2884 3346 2980 3399 καὶ
3023 3342 3209 3406 δεδιὼς
3237 3343 3336 3414 τὴν
3371 3342 3648 3414 ἀνωτέραν
3684 3342 3823 3412 πρὸς

2228 3441 2390 3496 αὐτὸν
2454 3439 2754 3510 εἰρημένην
2805 3437 2913 3492 ἀπὸ
2967 3436 3061 3490 τοῦ
3093 3435 3228 3490 Θεοῦ
3273 3435 3362 3489 διὰ
3395 3433 3819 3501 τὸν.ἄ,νθρωποι-;

2227 3530 2566 3604 προσταγὴν,
2601 3531 2685 3583 ὅτι
2723 3527 2984 3595 Φυλάξεις
3017 3527 3183 3581 αὐτοῦ
3235 3525 3501 3598 κεφαλὴν,
3554 3525 3714 3587 αὐτὸς
3755 3523 3820 3577 δέ

2230 3641 2321 3677 σου
2353 3622 2617 3694 πτέρναν·
2649 3621 2769 3675 ὅλον
2796 3621 2856 3674 τὸ
2882 3620 3042 3691 σῶμα
3071 3619 3360 3689 ὲνειλήσας-
3389 3618 3483 3671 ἐπὶ
3522 3617 3616 3688 τὴν
3639 3633 3818 3684 κεφα-

2226 3714 2323 3786 λὴν
2346 3713 2534 3776 αὐτοῦ,
2559 3712 2794 3785 κρύπτει
2849 3711 2949 3783 μὲν
2978 3711 3037 3766 τὸ
3075 3711 3302 3783 κρανίον
3327 3708 3546 3771 ἑαυτοῦ,
3588 3707 3821 3778 παραδί-

2225 3807 2355 3860 δωσι
2387 3807 2442 3860 δὲ
2460 3807 2519 3860 τὸ
2548 3807 2676 3861 ἄλλο
2699 3805 2862 3876 σῶμα
2892 3807 2949 3857 ὲν
2972 3804 3246 3876 ὑπερϐολῇ
3273 3801 3629 3873 πανουργίας.
3658 3800 3818 3852 Οὕτω

2226 3900 2369 3953 θέλει
2408 3901 2555 3970 ἡμᾶς
2587 3901 2614 3953 ὁ
2647 3898 2940 3970 μονογενὴς
2967 3897 3098 3961 Θεὸς
3131 3899 3159 3950 ὁ
3187 3899 3253 3950 ὲκ
3281 3895 3498 3965 Πατρὸς
3538 3892 3817 3966 προελθὼν

2224 3994 2282 4045 ἐν
2307 3991 2483 4062 καιρῷ
2514 3990 2758 4062 διωγμοῦ
2793 3991 2888 4044 καὶ
2919 3991 2976 4042 ὲν
2997 3989 3175 4060 καιρῷ
3199 3984 3509 4057 πειρασμοῦ
3536 3985 3602 4038 τὰ
3635 3986 3818 4037 πάντα

2225 4083 2382 4155 ἡμῶν
2410 4079 2764 4154 παραδιδόναι
2801 4082 3049 4153 μαχαίρᾳ
3100 4097 3161 4132 τε
3192 4079 3286 4133 καὶ
3333 4076 3490 4145 πυρὶ,
3525 4075 3819 4144 φυλάττειν

2223 4177 2280 4229 δὲ
2314 4174 2522 4228 ἑαυτῶν
2553 4174 2652 4245 τὴν
2682 4173 2948 4244 κεφαλὴν,
2982 4172 3231 4225 τουτέστι
3258 4170 3493 4241 Χριστὸν
3537 4169 3615 4239 μὴ
3641 4168 3819 4237 ἀρνεῖ-

2224 4267 2367 4323 σθαι.
2415 4265 2744 4338 Ἐπειδήπερ
2774 4266 2985 4335 κεφαλὴ
3007 4264 3207 4327 παντὸς
3233 4262 3526 4335 ἀνθρώπου
3555 4259 3818 4331 Χριστὸς,

2223 4354 2436 4426 κεφαλὴ
2458 4355 2514 4408 δὲ
2528 4353 2784 4422 γυναικὸς
2814 4356 2842 4407 ὁ
2865 4354 3026 4426 ἀνὴρ,
3050 4352 3258 4422 κεφαλὴ
3273 4351 3330 4404 δὲ
3347 4349 3582 4422 Χριστοῦ
3611 4352 3639 4403 ὁ
3659 4348 3819 4411 Θεὸς,

2224 4448 2364 4503 κατὰ
2396 4448 2485 4501 τὸν
2513 4448 2853 4500 Ἀπόστολον.
2886 4447 3013 4499 "Et:
3025 4464 3114 4516 ρον
3143 4445 3301 4498 πάλιν
3327 4444 3438 4514 ἔχει
3471 4441 3821 4514 φρονιμώτα-

2221 4560 2313 4596 τον
2345 4543 2456 4611 (47)
2497 4544 2526 4594 ὁ
2564 4542 2706 4610 ὄφις,
2741 4540 2814 4605 ὥς
2846 4558 3009 4610 φασιν
3047 4541 3095 4592 οἱ
3129 4537 3435 4608 φυσιολόγοι
3469 4535 3597 4607 περὶ
3617 4534 3818 4587 τούτου

2220 4634 2314 4686 τοῦ
2358 4632 2518 4698 ζώου.
2556 4631 2727 4688 Ὅταν
2753 4633 2865 4702 γὰρ
2895 4631 3125 4702 διψήσας
3157 4629 3267 4683 ἀπὸ
3302 4627 3396 4680 τοῦ
3432 4625 3638 4696 φωλεοῦ
3675 4641 3818 4696 προ-

2223 4726 2366 4780 έλθοι
2399 4726 2492 4778 ἐπί
2513 4743 2565 4778 τι
2601 4724 2746 4796 ὕδωρ
2781 4725 2869 4776 ἵνα
2907 4723 3027 4794 πίῃ,
3054 4721 3113 4774 οὐ
3141 4717 3676 4792 συμπαραλαμϐάνει
3719 4715 3821 4768 τὸν

2227 4816 2303 4870 ἱὸν
2340 4815 2459 4886 μεθ’
2496 4812 2710 4876 ἑαυτοῦ,
2739 4812 2875 4865 ἀλλὰ
2928 4813 2986 4864 ὲν
3025 4810 3102 4881 τῷ
3148 4807 3340 4880 φωλεῷ
3377 4805 3777 4876 καταλιμπάνει
3799 4822 3816 4836 ο

2227 4906 2323 4959 καὶ
2354 4904 2529 4967 οὓτως
2556 4903 2725 4956 ἐλθὼν
2754 4901 3023 4974 λαμϐάνει
3054 4900 3292 4969 τὸ,πόμα
3324 4898 3431 4950 τῶν
3454 4897 3682 4951 ὑδάτων.

2292 5000 2402 5052 Καὶ
2422 4998 2576 5052 αὐτοὶ
2601 4991 2693 5050 οὖν
2723 4995 2882 5048 τοῦτο
2919 4991 3312 5065 μιμησώμεθα,
3351 4990 3458 5052 ἵνα,
3487 4991 3616 5043 ὅταν
3642 4990 3821 5060 ὲρχὼ-

2226 5091 2366 5163 μεθα
2390 5091 2482 5143 ἐπὶ
2519 5091 2620 5162 τὴν
2666 5089 2825 5158 ἁγίαν
2855 5087 2948 5140 τοῦ
2984 5084 3120 5139 Θεοῦ
3172 5083 3517 5154 Ἐκκλησίαν,
3543 5083 3578 5153 ἢ
3609 5084 3690 5145 είς
3724 5081 3823 5133 εὐ-

2218 5185 2338 5255 χὴν,
2376 5184 2407 5252 ἦ
2439 5185 2517 5246 είς
2541 5183 2610 5234 τὰ
2651 5182 2747 5235 τοῦ
2787 5179 2924 5234 Θεοῦ
2953 5179 3248 5251 μυστήρια,
3284 5176 3358 5248 μὴ
3406 5175 3664 5245 φέρωμεν
3693 5172 3821 5245 μεθ’

535 5282 824 5338 nobiscum
867 5283 1070 5348 scelus,
1113 5281 1446 5352 voluptatem
1494 5281 1722 5346 nullam,
1774 5280 1954 5335 nullas
1987 5294 2112 5334 cum

2230 5276 2425 5331 ἑαυτῶν
2457 5276 2677 5342 κακίαν,
2709 5275 2742 5345 ἢ
2792 5273 3005 5344 ἡδονὴν,
3053 5271 3087 5342 ἢ
3131 5269 3352 5342 ἔχθραν,
3386 5268 3421 5338 ἡ
3449 5285 3503 5319 τι
3533 5266 3722 5337 ἕτερον
3753 5271 3824 5318 ὲν

532 5390 804 5450 quoquam
838 5375 1163 5436 simultates.
1199 5374 1410 5429 nullum
1438 5373 1674 5445 denique
1707 5373 1763 5427 in
1787 5372 1986 5427 animis
2015 5386 2114 5426 no-

2211 5373 2330 5433 ταῖς
2360 5368 2621 5432 διανοίαις
2650 5367 2851 5422 αὐτῶν.
2893 5365 3046 5418 Ἐπεὶ
3075 5363 3192 5427 πῶς
3209 5361 3286 5415 ’ἂν
3319 5360 3533 5431 ἔχωμεν
3570 5358 3822 5421 δυνατῶς

652 5536 811 5592 Joan.
842 5553 924 5603 ιιι,
956 5536 1042 5590 14.
1121 5538 1142 5568 ⁸
1173 5535 1365 5591 Matth.
1397 5551 1451 5600 Χ,
1483 5534 1571 5590 16.
1649 5535 1668 5567 ³
1694 5533 1832 5589 Gen.
1865 5549 1952 5598 ιιι,
1991 5530 2081 5585 16.

2255 5533 2382 5586 Cor.
2408 5546 2489 5597 xl,
2515 5532 2601 5586 15.
2683 5530 2705 5562 ⁵
2742 5548 2832 5601 τιο.
2869 5528 3017 5598 λέγει
3048 5525 3230 5597 φασίν.

607 5697 717 5765 (47)
759 5697 1002 5763 Ἕτερον
1035 5695 1221 5750 πάλιν
1259 5696 1385 5762 ἔχει
1421 5692 1882 5765 φργονιμιώτητος.
1911 5689 2098 5745 Ambr.

534 5763 708 5819 serm.
752 5769 806 5820 in
845 5768 944 5835 fer.
990 5782 1026 5819 ιι
1073 5773 1196 5835 post
1241 5765 1395 5818 Dom.
1428 5782 1444 5817 ι
1475 5764 1651 5828 Quad.
1688 5763 1943 5835 :Serpens
1983 5777 2100 5813 cum

535 5838 726 5890 venerit
752 5837 820 5890 ad
845 5831 1124 5903 bibendum
1161 5852 1372 5903 aquam,
1399 5835 1708 5902 priusquam
1744 5831 1907 5897 bibat,
1948 5842 2101 5887 extra

2212 5689 2414 5758 fontem
2451 5690 2645 5742 evomit
2671 5705 2921 5742 venenum
2948 5704 3126 5753 suum,
3157 5698 3208 5742 et
3231 5698 3414 5758 postea
3451 5684 3604 5740 bibit.
3630 5683 3732 5758 illa
3759 5695 3826 5740 at

2211 5757 2305 5812 nos
2338 5760 2549 5829 (litando
2571 5759 2639 5812 ad
2671 5759 2843 5815 altare
2869 5761 2963 5813 Dei
2996 5757 3450 5814 communicatur:
3481 5757 3821 5823 accedimus,

2209 5830 2531 5899 deponamus
2569 5847 2818 5886 venenum
2856 5838 3165 5898 pessimum.
3194 5840 3302 5888 etc.
