4154 6404
363 377 471 438 655

972 373 1344 430 ADVERSUS
1382 370 1728 427 HERESES
1766 369 1896 425 LIB.
1938 367 1976 423 I.
2021 366 2186 423 ΤΟΜ.
2222 365 2312 421 III.
2353 398 2424 408 —
2463 366 2742 422 IIAERES.
2784 366 3070 424 XXXVIII.

3550 367 3658 422 654

365 494 459 550 καὶ
486 493 588 565 τὴν
626 490 959 564 περιστερὰν
993 489 1363 561 μιμήσασθαι,
1396 490 1470 560 μὴ
1498 489 1657 552 ἐκτὸς
1680 487 1962 557 γενόμενοι

2077 486 2199 539 stris
2273 482 2642 553 improbitatis
2697 483 2989 553 vestigium
3067 482 3378 538 efferamus.
3440 482 3660 552 Alioqui

366 586 558 649 κακίας
581 604 594 650 ;
627 585 804 639 καίτοι
826 602 890 653 γε
928 583 1021 636 τοῦ
1049 583 1239 650 γένους
1264 582 1362 651 τῆς
1388 583 1715 652 περιστερᾶς
1739 582 1795 632 ἐν
1826 578 1964 631 πολ“

366 681 475 743 λοῖς
500 679 820 750 πράγμασιν
875 678 975 730 οὐκ
1018 675 1434 745 ἐπαινουμένου.
1498 673 1820 726 Ἀκόλαστον
1857 670 1964 741 γὰρ

366 770 524 837 γένος
568 769 922 841 περιστερᾶς,
970 768 1063 819 καλ⁵
1108 763 1434 834 πολυμιξίας
1476 764 1552 834 μὴ
1589 762 1966 831 ἀνακοπτόμε-

376 878 481 920 νον,
512 860 708 927 λάγνον
749 876 809 911 τε
858 858 953 911 καὶ
984 857 1105 910 καθ’
1141 855 1291 926 ὥραν
1330 854 1491 925 ἡδενῇ
1531 854 1966 924 προσανακείμε-

382 970 481 1005 ιον.
530 951 673 1023 Πρὸς
701 951 757 1003 δέ
791 949 1000 1013 τούτοις
1033 949 1222 1003 ἄτονον
1255 950 1349 1001 καὶ
1392 946 1644 1017 βληχρόν.
1679 945 1776 998 Διά
1821 946 1876 998 δὲ
1906 948 1966 999 τὸ

380 1045 583 1099 ἱκακον
604 1044 699 1096 καὶ
735 1042 1094 1114 μακρόθυμον
1140 1042 1233 1094 καὶ
1268 1041 1649 1111 ἀμνησίκακον
1674 1038 1766 1091 τοῦ
1800 1038 1961 1102 ζώου,

373 1138 453 1190 ἔτι
489 1137 595 1207 μὴν
623 1137 717 1189 καὶ
742 1135 828 1188 διὰ
861 1135 923 1187 τὸ
970 1126 1030 1185 ἐν
1062 1134 1191 1186 εἴδει
1238 1132 1568 1203 περιστερᾶς
1607 1129 1875 1199 πεφάνθαι
1906 1128 1965 1181 τὸ

375 1229 528 1295 ἆγιον
582 1226 828 1296 Πνεῦμα,
868 1226 1209 1296 μιμήσασθαι
1256 1226 1404 1295 ἡμᾶς
1450 1222 1696 1293 βούλεται
1742 1224 1770 1275 ὁ
1823 1222 1966 1285 θεῖος

373 1320 530 1388 λόγος
568 1320 663 1373 τοῦ
717 1319 873 1388 ἁγίου
910 1320 1227 1389 Πνεύματος
1271 1318 1370 1389 τὴν
1420 1317 1695 1388 βούλησιν,
1740 1318 1833 1369 καὶ
1864 1316 1965 1386 τῆς

376 1412 588 1465 ἀκάκου
643 1412 974 1483 περιστερᾶς
1018 1410 1117 1481 τὴν
1157 1409 1413 1485 ἀκακίαν,
1463 1408 1623 1472 ὄντας
1672 1407 1771 1478 μὲν
1815 1409 1964 1479 ἡμᾶς

377 1504 676 1575 φρονίμους
714 1505 794 1565 είς
825 1502 885 1555 τὸ
916 1500 1142 1569 ἀγαθὸν,
1166 1499 1458 1567 ἀκεραίους
1491 1497 1546 1550 δὲ
1573 1498 1653 1560 είς
1683 1496 1742 1550 τὸ
1771 1497 1961 1550 κακόν.

376 1602 489 1653 Καὶ
526 1600 745 1653 λέλυται
789 1600 822 1669 ἡ
864 1598 1068 1650 τούτων
1115 1596 1264 1648 πᾶσα
1305 1592 1740 1666 δραματουργία.
1788 1591 1964 1656 Εὐθὺς

376 1694 487 1763 γάρ
524 1695 551 1745 ὁ
578 1692 730 1760 ἅγιος
772 1690 1093 1753 Ἀπὸστολος
1118 1688 1180 1741 τὸ
1210 1687 1515 1757 πανοῦργον
1547 1686 1640 1738 καὶ
1680 1684 1964 1738 ἐπίϐουλον

376 1786 474 1853 οὐχ
498 1782 740 1855 ὁρίζεται
772 1780 1199 1852 περισσοτέρως,
1242 1777 1381 1831 ἀλλά
1422 1777 1561 1830 κατὰ
1594 1776 1687 1829 τοῦ
1716 1776 1962 1829 διαϐόλου

2075 576 2350 646 quomodo
2369 576 2678 630 columbam
2706 577 3069 640 imitabimur,
3099 576 3203 632 nisi
3238 575 3458 630 malitia:
3486 576 3660 630 simus

2073 675 2365 746 expertes?
2394 672 2716 743 Quanquam
2748 690 2921 744 genus
2957 673 3090 727 illud
3136 673 3316 726 avium
3367 688 3478 726 non
3510 671 3659 725 omni

2072 784 2138 821 ex
2189 776 2342 837 parte
2389 767 2664 819 laudabile
2695 767 2785 820 sit.
2820 766 2917 819 Est
2962 765 3108 819 enim
3147 766 3475 835 propensius
3503 764 3561 818 in
3594 762 3657 817 li.

2071 859 2335 925 bidinem,
2359 854 2422 912 a'c
2453 858 2601 911 coitu
2629 858 2971 927 frequentius
2991 858 3183 919 utitur,
3220 864 3407 926 utpote
3432 855 3657 911 salacis-

2073 952 2274 1007 simum
2332 960 2385 1005 et
2424 952 2811 1020 voluptuosum
2862 952 3085 1005 animal.
3138 951 3289 1005 Adde
3323 950 3656 1003 imbecillum

2071 1051 2126 1097 et
2177 1044 2455 1113 ignavum.
2511 1042 2616 1098 Sed
2644 1043 2789 1113 quod
2837 1043 2977 1099 idem
3031 1044 3255 1098 minime
3290 1045 3492 1097 malum
3519 1057 3653 1110 ,pa-

2072 1136 2323 1205 tiensque
2356 1136 2447 1199 sit,
2480 1152 2579 1189 nec
2605 1136 2821 1204 injuriae
2846 1137 3174 1200 meminerit,
3204 1145 3317 1189 tum
3358 1150 3485 1190 vero
3513 1133 3656 1204 quod

2072 1225 2337 1279 columba:
2352 1227 2535 1295 specie
2551 1224 2785 1295 Spiritus
2810 1235 3035 1282 sanctus
3060 1226 3402 1297 apparuerit;
3424 1225 3655 1294 idipsum

2072 1317 2215 1388 quod
2255 1316 2483 1387 Spiritui
2513 1328 2706 1373 sancto
2736 1326 2950 1387 gratum
2984 1334 3048 1372 ac
3094 1316 3399 1386 jucundum
3438 1322 3541 1379 est,
3576 1316 3651 1369 in-

2070 1411 2322 1465 nocentis
2374 1411 2641 1465 columba:
2700 1411 3105 1480 simplicitatem
3160 1410 3363 1463 imitari
3412 1425 3514 1465 nos
3564 1407 3657 1463 Dei

2071 1500 2311 1557 Verbum
2352 1502 2657 1565 admonuit,
2695 1514 2753 1557 ut
2786 1503 2930 1574 quod
2958 1502 3024 1555 ad
3059 1503 3260 1557 bonum
3289 1503 3501 1557 attinet.
3527 1517 3658 1572 pru-

2070 1596 2261 1652 dentes
2287 1604 2340 1651 et
2364 1598 2570 1660 callidi,
2603 1597 2671 1651 ad
2712 1598 2916 1650 malum
2950 1612 3081 1651 vero
3114 1597 3389 1666 simplices
3420 1613 3541 1652 esse
3577 1596 3654 1649 vi-

2072 1688 2318 1744 deamur.
2347 1688 2464 1755 Qua
2487 1690 2699 1743 ratione
2733 1690 2913 1743 omnis
2937 1689 3154 1743 illorum
3182 1688 3515 1742 machinatio
3546 1688 3657 1741 dis-

2072 1781 2324 1836 solvitur.
2384 1780 2521 1834 Nam
2546 1790 2599 1835 et
2647 1782 2944 1850 Apostolus
2969 1782 3352 1836 veteratoriam
3391 1781 3657 1834 callidita-

380 1876 590 1930 καὶτοῦ
624 1876 822 1945 ὄφεως,
847 1874 1021 1942 λέγων
1046 1891 1057 1902 ·
1092 1872 1389 1941 Φοϐοῦμαι
1420 1871 1489 1923 δὲ
1529 1870 1615 1940 μή
1658 1886 1802 1936 πως,
1829 1872 1908 1935 ὡς
1938 1875 1970 1925 ό

2077 1878 2182 1925 tem
2210 1880 2264 1925 et
2288 1871 2551 1924 malitiam
2586 1872 3040 1927 abundantiorem
3076 1872 3211 1925 nulli
3242 1887 3404 1941 quam
3440 1869 3660 1925 diabolo

380 1971 517 2039 ὄφις
570 1968 887 2036 ἠπάτησεν
928 1968 1115 2029 Εὔαν,
1155 1965 1224 2019 ἑν
1266 1964 1342 2031 τῇ
1392 1965 1727 2033 πανουργίᾳ
1754 1964 1964 2029 αὑτοῦ,

382 2059 581 2130 φθαρῇ
609 2059 682 2113 τὰ
713 2060 985 2135 νοήματα
1002 2055 1171 2127 ὑμῶν
1198 2056 1317 2111 ἀπὸ
1363 2054 1474 2123 τῆς
1506 2054 1847 2121 ἁπλότητος
1871 2056 1969 2107 καὶ

380 2152 624 2221 ἁγνείας
656 2151 915 2219 Χριστοῦ
945 2150 1043 2204 καὶ
1065 2149 1476 2214 δικαιοσύνης.
1522 2148 1704 2218 Ὁρᾷς,
1736 2146 1810 2209 ὡς
1847 2145 1970 2214 φθο-
2002 2191 2018 2208 ,

385 2242 485 2311 ράν
522 2242 801 2313 ἀπέφηνεν
831 2244 859 2295 ὁ
905 2241 1249 2305 Ἀπόστολος,
1277 2242 1370 2293 καὶ
1401 2239 1736 2310 πανουργίαν
1766 2239 1966 2311 δεινὴν,

383 2335 478 2385 καὶ
505 2333 723 2403 ἀπάτην
779 2333 847 2387 τά
876 2334 981 2387 ὑπὸ
1032 2332 1126 2387 τοῦ
1172 2333 1349 2402 δφεως
1401 2333 1537 2404 πρὸς
1571 2334 1670 2404 τὴν
1693 2332 1836 2387 Εὕαν
1869 2351 1961 2385 πε-

382 2424 875 2496 πραγματευμένα.
900 2426 995 2479 καὶ
1018 2425 1119 2478 οὐκ
1144 2424 1428 2479 ἐπαινετόν
1444 2442 1496 2477 τι
1513 2424 1664 2496 παρά
1686 2425 1777 2478 τοῦ
1803 2424 1969 2478 αὐτοῦ

383 2517 750 2588 γεγενημένον
788 2517 1033 2583 ὑπέδειξε
1056 2536 1071 2583 ;

453 2608 529 2661 Θ’.
562 2608 903 2678 Πανταχόθεν
920 2609 1099 2662 τοίνυν
1132 2609 1360 2679 φωρατὴ
1399 2611 1494 2663 καὶ
1527 2609 1749 2681 ἔκδηλος
1773 2613 1806 2681 ὴ
1847 2611 1972 2663 τούκ

384 2715 493 2752 των
521 2700 676 2754 ἄνοιά
696 2701 813 2752 ἐστι
844 2703 1009 2754 παντὶ
1056 2701 1130 2772 τῷ
1162 2702 1472 2772 βουλομένῳ
1514 2702 1713 2755 εἰδέναι
1748 2701 1845 2772 τὴν
1875 2703 1972 2773 τῆς

383 2790 641 2863 ἀληθείας
671 2791 1041 2854 διδασκαλίαν,
1072 2794 1167 2845 καὶ
1211 2792 1527 2863 [Ινεύματος
1559 2792 1714 2860 ἁγίου
1746 2792 1969 2861 γνῶσιν.

387 2884 507 2938 Ἵνα
528 2884 584 2937 δὲ
622 2884 697 2955 μὴ
728 2884 1004 2937 ἀναλίσκω
1029 2885 1239 2953 χρόνον,
1273 2884 1366 2937 καὶ
1400 2884 1602 2956 ταύτην
1622 2885 1973 2957 διασεισάμε-

386 2995 476 3040 νος
506 2977 605 3048 τὴν
634 2978 879 3048 χαλεπὴν
908 2977 1002 3029 καὶ
1036 2962 1302 3030 δύσπλουν
1340 2976 1434 3029 τοῦ
1474 2977 1741 3045 πελάγους
1779 2976 1970 3049 ζάλην,

386 3069 479 3121 ἐπὶ
520 3068 619 3131 τὰς
670 3066 863 3138 ἐτέρας
911 3066 1228 3129 θαλαττίους
1274 3065 1632 3137 ποντοπορίας
1671 3066 1732 3119 τὸ
1768 3066 1975 3135 σκάφος

386 3160 700 3231 ὁπλίσομαι,
733 3158 1009 3229 ἐπιμελῶς
1033 3160 1158 3221 τούς
1187 3159 1421 3228 αὐχένας
1450 3156 1667 3229 κρατῶν
1693 3159 1751 3210 ἐν
1780 3160 1844 3230 τῇ
1879 3157 1972 3211 τοῦ

2077 1977 2140 2015 ac
2169 1963 2408 2031 serpenti
2456 1962 2648 2016 tribuit
2684 1962 2929 2028 :Timeo,
2961 1963 3159 2033 inquit,
3183 1979 3246 2016 ne
3280 1963 3418 2016 sicut
3451 1976 3660 2030 serpens

2077 2055 2241 2109 Evam
2266 2054 2469 2109 seduxit
2493 2062 2693 2110 astutia
2732 2074 2851 2122 sua,
2900 2058 2973 2111 ita
3023 2065 3434 2127 corrumpantur
3478 2070 3660 2109 sensus

2078 2147 2251 2208 vestri,
2284 2157 2333 2199 et
2366 2145 2611 2200 excidant
2637 2165 2669 2201 ιι
2701 2149 3064 2217 simplicitate,
3096 2158 3143 2201 et
3174 2149 3419 2201 castitate
3464 2145 3660 2201 Christi

2077 2256 2139 2291 ac
2158 2238 2377 2307 justitia
2412 2239 2449 2290 ⁸.
2485 2238 2620 2293 Vide
2674 2249 2730 2293 ut
2759 2256 2880 2310 qua:
2913 2247 3106 2295 contra
3140 2241 3308 2294 Evam
3346 2254 3376 2292 a
3412 2250 3661 2309 serpente

2078 2338 2286 2387 structa
2311 2341 2459 2394 sunt,
2506 2333 2875 2401 corruptelam
2902 2344 2955 2387 et
2984 2333 3376 2402 nequissimam
3406 2332 3659 2385 astutiam

2078 2437 2143 2475 ac
2171 2421 2418 2477 fraudem
2450 2423 2748 2490 Apostolus
2771 2438 2895 2477 esse
2930 2423 3265 2491 pronuntiet,
3310 2437 3485 2491 neque
3504 2421 3664 2475 laude

2078 2514 2302 2582 dignum
2339 2514 2617 2583 quidpiam
2642 2514 2710 2567 ab
2750 2515 2843 2567 illo
2872 2522 3243 2583 perpetratum
3270 2513 3512 2568 defirniat.

2148 2602 2239 2657 IX.
2268 2603 2536 2670 Quocirca
2569 2605 2720 2659 omni
2740 2621 2805 2658 ex
2834 2613 2987 2675 parte
3020 2606 3235 2659 illorum
3267 2606 3663 2677 constringitur

2080 2711 2144 2751 ac
2172 2698 2482 2751 declaratur
2516 2700 2749 2752 amentia
2773 2741 2787 2765 ,
2825 2700 2869 2754 si
2899 2700 3023 2769 quis
3051 2700 3298 2755 veritatis
3330 2701 3659 2757 doctrinam.

2081 2804 2145 2842 ac
2172 2789 2413 2859 Spiritus
2442 2790 2616 2844 sancti
2642 2791 2930 2845 scientiam
2962 2792 3091 2845 velit
3119 2793 3416 2861 percipere.
3457 2792 3562 2848 Sed
3596 2809 3665 2847 ne

2081 2886 2297 2947 tempus
2332 2880 2472 2933 ultra
2498 2888 2800 2947 conteram,
2836 2882 2938 2936 hac
2986 2883 3135 2937 velut
3183 2883 3385 2937 diflicili
3427 2899 3489 2937 ac
3519 2885 3665 2953 pgri-

2081 2970 2269 3022 culosa
2310 2970 2482 3040 pelagi
2526 2980 2847 3041 tempestate
2897 2972 3239 3041 perfunctus,
3290 2976 3548 3044 scapham
3595 2975 3662 3029 ad

2083 3062 2219 3117 alios
2240 3063 2642 3132 navigationum
2667 3080 2864 3120 cursus
2893 3065 3173 3134 expediam
3194 3086 3205 3119 :
3228 3067 3364 3121 adeo
3398 3076 3455 3121 ut
3480 3067 3664 3124 fauces

2082 3156 2228 3223 ipsas
2250 3153 2493 3209 studiose
2523 3162 2759 3222 teneam,
2789 3157 2970 3211 divina
2993 3158 3065 3223 vi,
3097 3173 3160 3211 ac
3192 3167 3508 3213 sanctorum
3539 3175 3664 3230 pre-

386 3252 523 3305 Θεοῦ
552 3253 780 3323 δυνάμει
819 3252 913 3303 καὶ
952 3252 1137 3321 εὐχαῖς
1163 3251 1354 3319 ἀγίων,
1386 3252 1534 3313 ὅπως
1565 3250 1972 3320 παραπλέοντες

2080 3249 2237 3303 cibus
2276 3248 2537 3313 conlisus,
2574 3258 2631 3302 ut
2652 3258 2705 3304 et
2734 3250 3081 3306 vehementes
3100 3252 3222 3305 irati
3250 3252 3418 3308 maris
3446 3253 3663 3318 ﬂuctus,

388 3342 850 3412 κατοπτεύσωμεν
870 3340 978 3393 τῶν
1006 3340 1213 3411 ἀγρίων
1252 3340 1510 3409 κυμάτων
1547 3340 1647 3409 τὴν
1680 3339 1974 3410 κύρτωσιν,

388 3435 607 3491 καὶτῶν
636 3436 692 3488 ἐν
706 3438 818 3499 τοῖς
849 3434 1109 3502 πελάγεσι
1139 3432 1343 3504 θηρίων
1369 3433 1588 3486 ἰοϐόλων
1617 3433 1717 3497 τὰς
1737 3435 1974 3503 μορφάς.

393 3529 695 3599 Ἀπληκτοι
742 3528 801 3581 δὲ
831 3527 939 3581 ἀπὸ
991 3526 1398 3599 σμυραινώδους
1436 3526 1514 3579 ίοῦ
1550 3528 1645 3579 καὶ¹
1693 3528 1974 3599 τρυγόνος,

390 3620 485 3673 καὶ
501 3618 817 3690 δρακαίνης,
840 3619 935 3671 καὶ
968 3618 1292 3689 καρχαρίου,
1323 3618 1419 3671 καὶ
1444 3616 1780 3689 σκορπαίνης
1807 3619 1979 3689 περάα-

392 3728 504 3777 σαι,
545 3711 640 3765 καί¹
676 3710 771 3764 τοῦ
825 3711 998 3764 εὐδίου
1040 3711 1140 3779 τῆς
1172 3710 1429 3780 ἀληθείας
1464 3710 1684 3782 λιμένος
1711 3711 1776 3764 δι’
1810 3712 1979 3782 εὐχῆς

391 3806 486 3858 καὶ
518 3805 729 3867 ἱκεσίας
754 3806 1032 3874 ἐπιτυχεῖν
1056 3803 1414 3874 δυνηθείημεν
1431 3819 1444 3831 ·
1479 3804 1860 3876 πληρουμένου
1885 3806 1979 3858 καὶ

391 3898 449 3950 ἐν
494 3896 624 3967 ἡμῖν
676 3894 771 3948 τοῦ
806 3896 993 3965 ῥητοῦ,
1024 3895 1141 3957 τοῦ,
1178 3897 1240 3948 Οἱ
1282 3896 1744 3961 καταϐαίνοντες
1763 3899 1851 3962 εὶς
1875 3896 1978 3950 θά-

389 3991 657 4053 λασσαν,
674 3987 781 4052 τὰς
796 3986 1012 4055 ἀρετὰς
1028 3986 1135 4040 τοῦ
1164 3986 1385 4053 Κυρίου
1413 3985 1822 4056 διηγήσονται.
1862 3990 1976 4058 Ἐφ’

390 4080 584 4149 ἑτέραν
606 4079 781 4133 τοίνυν
801 4079 1008 4151 ταύτην
1043 4079 1275 4150 καθεξῆς
1300 4078 1398 4149 τὴν
1426 4080 1651 4151 πορείαν
1682 4082 1977 4152 ποιήσομαι

392 4172 527 4244 πρὸς
558 4172 829 4243 διήγησιν.

927 4288 1117 4341 ΚΑΤΑ
1148 4286 1481 4352 ΚΑΙΑΝΩΝ,

522 4401 1046 4472 Ὀκτωκαιδεκὰτη,
1070 4404 1109 4471 ἡ
1150 4402 1247 4455 καί
1286 4399 1612 4469 τριακοστὴ
1645 4401 1850 4471 ὀγδόη.

460 4492 538 4569 Δί
577 4516 806 4570 Καῖανοί
830 4532 975 4579 τινες
989 4512 1366 4586 ὀνομάζονται,
1396 4514 1506 4567 ἀπὸ
1535 4514 1629 4567 τοῦ
1670 4515 1809 4568 Κάῖν
1836 4514 1979 4583 εἱλη-

2080 3351 2133 3395 et
2156 3348 2546 3395 venenatarum
2598 3341 2797 3397 ibidem
2843 3343 3143 3397 bestiarum
3190 3346 3403 3414 species
3444 3354 3665 3416 printer-

2080 3432 2262 3489 eundo
2300 3433 2583 3487 videamus
2626 3451 2640 3488 :
2686 3434 2930 3504 nihilque
2965 3436 3122 3489 nobis
3144 3435 3361 3491 interim
3389 3453 3663 3493 murmna-

2081 3541 2224 3589 rum,
2253 3532 2347 3579 aut
2411 3526 2729 3595 pastinaca,
2765 3535 2859 3580 aut
2908 3528 3193 3592 dracaznze,
3238 3539 3332 3584 aut
3371 3534 3663 3597 carcharii,

2080 3619 2165 3672 vel
2216 3632 2510 3687 seorpaanae
2560 3618 2711 3674 virus
2761 3620 2914 3673 exitii
2964 3619 3291 3677 afl‘cratzac
3336 3623 3554 3679 demum
3598 3627 3665 3680 ad

2084 3711 2296 3765 felicem
2347 3712 2594 3780 veritatis
2647 3720 2866 3781 portum
2920 3714 3176 3782 precibus
3219 3724 3274 3770 et
3319 3718 3664 3773 orationibus

2080 3802 2205 3858 freti
2244 3804 2520 3874 navigium
2560 3805 2936 3873 appellamus;
2990 3813 3048 3859 ut
3088 3806 3203 3860 haec.
3254 3809 3308 3862 in
3343 3810 3502 3865 nobis
3538 3826 3663 3865 vera

2080 3897 2245 3967 276
2304 3897 2374 3951 sit
2430 3895 2725 3967 Scriptura:
2748 3898 3016 3952 sententia
3050 3918 3063 3953 :
3093 3900 3197 3965 Qui
3224 3904 3469 3972 navigant
3498 3921 3663 3969 mare,

2080 3991 2300 4043 virtutes
2351 3988 2568 4043 Domini
2611 3999 2835 4043 narrant
2864 3991 2904 4043 '.
2935 3991 3015 4045 Ad
3055 3994 3279 4047 alteram
3313 3995 3478 4065 igitur
3511 3997 3668 4051 dein-

2080 4097 2229 4151 ceps,
2272 4089 2331 4134 ut
2356 4080 2408 4135 id
2442 4097 2670 4137 narrare
2708 4083 3006 4151 possimus,
3034 4083 3429 4153 profectionem
3484 4088 3666 4144 accin-

2081 4186 2280 4241 gnuur.

2505 4282 2877 4340 ADVERSUS
2916 4285 3232 4353 CAIANOS,

2256 4395 2388 4461 Qui:
2413 4407 2490 4453 est
2523 4398 2735 4452 haeresis
2774 4398 2980 4453 XVIII
3007 4403 3110 4455 sive
3146 4402 3305 4456 XXX
3324 4404 3485 4459 VIII.

2150 4514 2191 4567 Ι.
2230 4512 2333 4580 Qui
2363 4513 2551 4568 Caiani
2593 4515 2754 4585 vulgo
2793 4525 3201 4587 nuncupantur,
3241 4520 3470 4577 hmresin
3508 4537 3662 4578 suam

389 4609 550 4677 φύτες
604 4606 703 4677 τὴν
755 4606 1073 4676 ἐπωνυμίαν
1109 4607 1211 4676 τῆς
1244 4608 1529 4679 αἱρέσεως.
1558 4600 1716 4660 Οὗτοι
1748 4606 1857 4677 γὰρ
1888 4606 1972 4658 τὸν

2086 4621 2117 4661 a
2155 4606 2327 4662 Caino
2357 4608 2837 4678 cognominarunt.
2882 4608 3040 4665 liunc
3082 4614 3225 4667 enim
3262 4616 3577 4684 praedicant,
3610 4627 3665 4671 et

389 4700 531 4753 Κάῖν
564 4699 870 4761 ἐπαινοῦσι,
904 4700 996 4752 καὶ
1017 4699 1230 4768 πατέρα
1251 4700 1462 4753 ἑαυτῶν
1488 4698 1677 4753 τοῦτον
1702 4699 1977 4765 τάττουσι,

389 4792 487 4845 καὶ
502 4791 677 4855 αὐτοὶ,
714 4790 789 4853 ὡς
808 4791 1003 4852 εἰπεῖν,
1031 4791 1105 4853 ὠς
1138 4791 1245 4843 ἀπὸ
1278 4791 1541 4862 διαφορᾶς
1560 4790 1982 4854 ἐπαναστάσεως

389 4884 651 4955 κυμάτων
689 4880 1022 4954 ὁρμώμενοι,
1052 4883 1151 4935 οὐκ
1192 4882 1295 4949 ἔξω
1323 4882 1475 4946 ὄντες
1497 4881 1593 4936 τοῦ
1628 4881 1792 4935 αὐτοῦ
1819 4881 1980 4935 σάλου

390 4980 486 5032 καὶ
512 4977 781 5038 κλύδωνος
802 4993 815 5006 ·
842 4976 937 5029 καὶ
980 4977 1054 5038 ὡς
1103 4977 1210 5029 ἀπο
1228 4975 1576 5039 ἀκανθώδους
1611 4975 1741 5047 ὓλης
1778 4973 1984 5046 προκύ-

387 5074 609 5143 ψαντες,
642 5071 742 5123 οὐκ
782 5070 938 5132 ἐκτὸς
956 5069 1107 5131 ὄντες
1134 5068 1331 5130 παντὸς
1352 5066 1445 5120 τοῦ
1466 5066 1641 5138 σωροῦ
1669 5066 1777 5120 τῶν
1813 5068 1983 5121 ἀκανο

391 5168 523 5229 θῶν,
558 5168 607 5219 εἰ
633 5166 726 5218 καὶ
753 5164 999 5233 διάφοροι
1028 5162 1106 5232 τῷ
1127 5161 1351 5231 ὀνόματί
1387 5163 1544 5217 εἰσιν.
1574 5161 1853 5215 Ἀκανθῶν
1883 5162 1981 5232 μὲν

389 5261 500 5331 γὰρ
526 5260 656 5329 γένη
688 5256 879 5319 πολλὰ,
910 5257 1058 5327 ὅμως
1080 5258 1136 5307 ἐν
1168 5255 1414 5308 ἆπασιτὸ
1445 5255 1715 5327 μοχθηρὸν
1739 5257 1838 5326 τῆς
1861 5273 1982 5309 κεν-

386 5370 414 5406 τ
427 5351 628 5422 ρώδους
656 5349 871 5412 ἀδικίας
900 5348 1130 5402 ἔνεστιν.

460 5440 618 5500 Οὗτοί
648 5460 781 5514 φασι
806 5442 897 5495 τὸν
928 5441 1068 5495 Κάῖν
1097 5442 1162 5494 ἐκ
1195 5440 1295 5510 τῆς
1324 5439 1675 5510 ίσχυροτέρας
1695 5439 1976 5509 δυνάμεως

388 5539 656 5608 ὑπάρχειν
696 5537 789 5591 καὶ
821 5536 921 5605 τῆς
964 5533 1170 5589 ἄνωθεν
1219 5532 1539 5595 αὐθεντίας·
1580 5530 1717 5585 ἀλλά
1755 5533 1848 5584 καὶ
1882 5531 1973 5583 τὸν

400 5629 592 5693 Ἡσαῦ,
634 5629 726 5682 καὶ¹
745 5629 873 5691 τούς
911 5628 1039 5697 περὶ
1070 5624 1235 5695 Κορὲ,
1257 5626 1349 5677 καὶ
1381 5624 1507 5687 τοὺς
1531 5622 1850 5693 Σοδομίτας·
1883 5623 1973 5676 τὸν

468 5814 483 5845 ι
510 5811 550 5866 ιι
576 5812 704 5870 Cor.
740 5832 814 5882 χι,
851 5816 901 5870 5.
986 5815 1004 5844 ²
1034 5812 1203 5873 Eccli.
1233 5831 1385 5880 XLIII,
1413 5812 1506 5868 26.

2080 4708 2359 4769 parentem
2410 4715 2569 4755 suum
2624 4702 2918 4771 appellant.
2973 4704 3075 4769 Qui
3108 4706 3327 4775 quidem
3370 4710 3562 4774 variis,
3606 4721 3664 4764 ut

2083 4794 2160 4846 ita
2197 4792 2399 4854 dicam,
2432 4808 2463 4848 e
2504 4792 2768 4847 fluctuum
2802 4794 3199 4864 jactationibus
3220 4802 3439 4866 emersi,
3472 4803 3661 4857 eodem

2084 4883 2139 4936 in
2173 4883 2289 4937 salo
2319 4890 2373 4937 et
2397 4884 2635 4952 procella
2682 4884 3108 4953 conflictantur;
3146 4904 3209 4943 ac
3249 4893 3398 4945 velut
3427 4907 3456 4946 e
3491 4894 3664 4961 spinis

2083 4987 2137 5030 et
2194 4975 2451 5045 vepribus
2513 4976 2852 5042 eminentes,
2897 4994 3115 5049 unaque
3172 4982 3455 5051 spinarum
3512 4994 3665 5041 strue

2083 5066 2462 5136 comprehensi
2514 5066 2776 5121 duntaxat
2832 5071 3295 5140 appellationibus
3326 5076 3661 5147 discrepant.

2082 5158 2217 5212 Nam
2265 5158 2544 5228 spinarum
2602 5174 2797 5228 genera
2831 5160 3049 5228 quidem
3090 5164 3239 5216 varia
3262 5174 3427 5233 sunt;
3467 5170 3562 5223 sed
3597 5172 3661 5223 ad

2082 5250 2429 5320 pungendum
2464 5250 2878 5321 nocendumque
2906 5253 2987 5308 vis
3025 5256 3281 5312 omnibus
3309 5269 3393 5313 est
3420 5275 3651 5317 commu-

2083 5346 2226 5398 niter
2258 5344 2441 5399 insita.

2156 5437 2322 5507 Igitur
2350 5438 2539 5492 Caiani
2578 5454 2607 5493 a
2635 5440 2926 5510 potentiori
2962 5441 3197 5510 quadam
3227 5444 3428 5501 virtute
3459 5462 3521 5501 ac
3550 5462 3663 5501 σωκ

2081 5529 2205 5584 Iesti
2235 5531 2557 5587 auctoritate
2595 5534 2900 5588 derivatum
2944 5551 3067 5592 esse
3091 5536 3319 5592 Cainum
3345 5540 3662 5608 praedicant,

2082 5638 2295 5679 necnon
2329 5633 2383 5679 et
2416 5624 2579 5693 Esau,
2613 5635 2667 5683 ct
2718 5627 2855 5684 Core
2882 5644 3006 5683 cum
3053 5630 3189 5698 suis,
3220 5630 3456 5704 itemque
3493 5633 3665 5691 Sodo-
