4154 6404
490 378 594 434 655

1908 372 1966 426 S.
2009 371 2356 428 EPlPl-lANll

3652 371 3758 426 636

486 496 679 559 mitas;
711 490 936 547 Abelum
966 507 1094 547 vero
1117 491 1541 547 abimbecilliori
1563 490 2062 559 virtuteprodiisse.

2171 493 2225 544 δὲ
2262 492 2428 544 Ἀϐελ
2461 493 2524 546 ὲκ
2555 491 2657 563 τῆς
2697 489 3090 562 ἀσθενεστέρας
3137 489 3421 560 δυνάμεως
3467 487 3753 561 υπάρχειν.

487 583 850 650 Quamobrem
907 585 1028 640 illos
1061 600 1253 640 omnes
1303 585 1564 655 Opinione
1610 599 1708 640 sua
1744 583 2067 646 laudandos,

487 690 551 728 ac
579 690 763 730 secum
789 676 1195 730 necessitudine
1237 676 1562 743 conjunctos
1590 682 1866 737 asserunt,
1893 674 2070 744 deque

497 766 769 834 ejusmodi
817 782 939 820 cum
987 766 1157 821 Caino
1189 775 1241 820 et
1271 765 1588 831 Sodomitis,
1636 767 1777 819 Core
1831 772 1884 819 et
1922 766 2069 819 Esau

487 859 813 927 cognatione
867 857 1190 927 gloriantur,
1245 872 1308 910 ac
1346 857 1602 928 perfectae
1653 856 2070 924 sublimiorique

487 952 730 1005 scientiae
765 951 887 1006 illos
916 949 1220 1003 ascribunt.
1255 948 1380 1002 Ideo
1406 947 1594 1002 mundi
1623 948 1788 1018 hujus
1818 947 2068 1016 opificem

486 1049 700 1111 putant,
731 1057 855 1094 cum
911 1040 977 1094 ad
1018 1056 1111 1096 eos
1153 1040 1404 1095 funditus
1438 1039 1805 1109 protligandos
1851 1039 2068 1092 incum-

486 1133 660 1196 beret,
699 1148 896 1187 nocere
928 1134 1062 1186 nihil
1095 1135 1319 1187 omnino
1347 1133 1610 1201 potuisse.
1643 1132 1727 1186 Ab
1756 1148 1824 1186 e0
1867 1133 2070 1201 quippe

487 1224 811 1292 semetipsos
837 1224 1166 1287 occultasse,
1185 1231 1238 1275 ct
1264 1224 1317 1276 in
1347 1238 1662 1292 supremum
1691 1222 1920 1278 IEonem
1947 1239 2070 1278 esse

485 1314 1075 1369 commutatos:unde
1132 1323 1187 1369 et
1240 1313 1540 1369 fortissima
1593 1314 1683 1368 illa
1729 1317 1906 1370 virtus
1960 1322 2066 1369 est.

484 1403 620 1457 Nam
655 1406 778 1460 illos
809 1405 876 1460 ad
914 1421 1035 1461 sese
1075 1403 1351 1475 Sapientia
1385 1415 1574 1475 utpote
1606 1409 1949 1462 necessarios
1972 1407 2071 1461 ad-

482 1493 652 1547 misit.
707 1491 998 1562 Propterea
1037 1492 1232 1548 Judam
1271 1503 1528 1549 accurate
1576 1497 1764 1548 omnia
1815 1496 1930 1550 haec
1971 1495 2068 1550 ha—

484 1583 671 1640 buisse
704 1595 986 1655 perspecta
1021 1595 1346 1641 memorant.
1394 1585 1568 1652 Quem
1602 1587 1824 1656 quidem
1853 1586 2064 1642 allinem

481 1689 604 1729 esse
649 1689 808 1729 suum
838 1676 1113 1744 jactitaut,
1143 1675 1431 1746 eidemque
1475 1677 1831 1731 excellentem
1867 1694 2066 1747 quam-

482 1763 608 1820 dam
642 1765 748 1818 vim
779 1765 1112 1836 cognitionis
1151 1765 1481 1820 attribuunt.
1517 1765 1673 1831 Quod
1723 1782 1900 1836 usque
1930 1767 2067 1823 adeo

2171 580 2326 637 Εἶναι
2354 585 2409 638 δὲ
2437 585 2661 649 τούτους
2692 587 2900 648 πάντας
2931 586 3061 655 παρ’
3084 583 3266 646 αὐτοῖς
3290 583 3630 646 ἐπαινετοὺς,
3661 584 3754 636 καὶ

2170 679 2270 748 τῆς
2310 679 2489 731 αὐτῶν
2541 679 2882 747 συγγενείας.
2937 678 3299 748 Σεμνύνονται
3332 679 3443 749 γὰρ
3475 681 3754 747 συγγενεῖς,

2175 766 2312 823 εἶναι
2356 772 2450 824 τοῦ
2491 773 2651 834 Κάῖν,
2696 773 2791 826 καὶ
2825 772 2935 825 τῶν
2953 771 3278 841 Σοδομιτῶν,
3310 773 3404 825 καὶ
3445 771 3638 835 Ἡσαῦ,
3662 771 3752 823 καί

2172 862 2318 932 Κορέ
2340 880 2351 892 ·
2385 863 2479 916 καὶ
2510 859 2678 927 οὗτοι,
2711 863 2895 933 φασιν,
2919 864 3027 916 εἰσὶ
3062 864 3159 933 τῆς
3187 861 3399 925 τελείας
3431 862 3525 915 καὶ
3552 861 3757 916 ἀνωθεν
3819 847 3824 857 ’

2173 949 2446 1018 γνώσεως.
2496 952 2588 1005 Διὸ
2638 954 2732 1007 καὶ
2778 953 2871 1006 τὸν
2921 954 3152 1023 ποιητὴν
3193 952 3285 1005 τοῦ
3331 953 3540 1022 κόσμου
3564 952 3754 1005 τούτου

2171 1044 2326 1112 φησὶ,
2360 1043 2486 1114 περὶ
2515 1044 2615 1113 τὴν
2653 1045 2859 1096 τούτων
2901 1043 3162 1096 ἀνάλυσιν
3195 1042 3550 1112 ὲσχολακότα,
3590 1044 3758 1114 μηδὲν

2168 1131 2484 1204 δεδυνῆσθαι
2509 1135 2704 1197 αὐτοὺς
2721 1134 2940 1204 βλάψαι.
2972 1132 3316 1204 Ἐκρύϐησαν
3342 1133 3454 1205 γὰρ
3478 1135 3572 1186 ἀπ’
3591 1134 3756 1186 αὐτοῦ

2168 1225 2262 1277 καὶ
2300 1226 2711 1296 μετεϐλήθησαν
2745 1228 2825 1290 είς
2851 1226 2942 1279 τὸν
2969 1227 3080 1280 ἀνω
3099 1224 3302 1289 Δίῶνα,
3329 1226 3452 1278 ὅθεν
3489 1227 3524 1295 ἡ
3563 1227 3757 1297 ίσχυρά

2167 1316 2397 1388 δύναμίς
2446 1321 2581 1372 ἐστι.
2640 1319 2784 1390 Πρὸς
2838 1318 3036 1389 ἑαυτὴν
3087 1319 3198 1390 γὰρ
3249 1320 3283 1389 ἡ
3337 1318 3508 1386 Σοφία
3561 1320 3756 1382 αὐτοὺς

2169 1411 2505 1480 προσήκατο,
2543 1409 2706 1472 ἰδίους
2757 1408 2928 1479 αὐτῆς
2972 1409 3153 1472 ὄντας.
3193 1409 3304 1462 Καὶ
3331 1408 3523 1462 τούτου
3571 1408 3757 1463 ἕνεκεν

2167 1500 2259 1552 τὸν
2314 1500 2511 1554 Ἰούδαν
2550 1501 2795 1572 ἀκριϐῶς
2858 1501 2927 1553 τά
2965 1501 3108 1578 περὶ.
3131 1499 3334 1554 τούτων
3385 1501 3756 1569 ἐπεγνωκέναι

2168 1590 2407 1658 λέγουσι.
2468 1592 2579 1644 Καὶ
2623 1591 2812 1645 τοῦτον
2873 1591 2983 1663 γὰρ
3031 1591 3277 1644 θέλουσιν
3335 1585 3478 1645 εἶναι
3520 1591 3753 1661 συγγενῆ

2168 1683 2398 1748 ἑαυτῶν,
2450 1684 2546 1737 καὶ
2585 1685 2641 1736 ὲν
2683 1684 2938 1753 γνώσεως
2983 1684 3258 1754 ὑπερϐολῇ
3290 1685 3382 1737 τὸν
3416 1684 3582 1738 αὐτὸν
3627 1702 3756 1737 κατ-

2169 1775 2686 1846 αριθμοῦσιν.Ὠστε
2717 1777 2812 1830 καὶ
2841 1777 3241 1849 συνταγμάτιόν
3261 1795 3315 1828 τι
3339 1777 3525 1847 φέρειν
3555 1777 3612 1843 ἐξ
3637 1777 3754 1830 ὀνό-

482 1857 806 1924 dcfendunt,
860 1867 920 1914 ut
963 1858 1084 1928 ejus
1118 1859 1338 1914 nomine
1379 1859 1704 1928 inscriptum
1743 1861 2063 1929 opusculum

2173 1884 2341 1936 ματος
2370 1867 2557 1934 αὐτοῦ,
2589 1868 2618 1920 ὃ
2651 1868 2987 1936 Εὐαγγέλιον
3022 1868 3117 1920 τοῦ
3158 1866 3334 1920 Ἰούδα
3366 1865 3611 1919 καλοῦσι.
3643 1866 3756 1920 Καὶ

481 1949 896 2015 circumferant,
947 1951 1092 2021 quod
1144 1950 1299 2006 Iuda:
1355 1950 1713 2022 Evangelium
1765 1952 2064 2021 appellant.

481 2040 583 2096 Cui
639 2042 839 2096 similia
901 2041 1148 2112 quaedam
1201 2041 1304 2095 alia
1347 2042 1624 2096 volumina
1682 2042 2070 2096 conﬁnxerunt

483 2135 744 2190 adversus
797 2132 1105 2206 Hysteram,
1156 2135 1261 2188 hoc
1294 2142 1381 2189 est
1417 2143 1630 2188 uterum
1660 2152 1674 2188 :
1706 2149 1816 2202 quo
1845 2136 2069 2192 nomine

483 2226 655 2281 totius
689 2224 1088 2285 universitatis,
1122 2224 1228 2278 hoc
1256 2232 1340 2280 est
1371 2225 1494 2280 cmli
1529 2234 1797 2295 terraeque
1835 2225 2071 2281 fabrica-

480 2321 654 2367 torem
718 2320 942 2368 vocant.
1005 2312 1213 2383 Negant
1253 2327 1420 2382 porro
1448 2313 1668 2368 liberari
1714 2314 1858 2369 ullos
1884 2331 2065 2385 posse,

483 2405 592 2459 nisi
648 2418 746 2474 per
794 2404 979 2458 omnia
1027 2404 1368 2468 transierint,
1402 2404 1548 2474 quod
1601 2411 1655 2460 et
1707 2404 2070 2476 Carpocrates

481 2496 738 2566 opinatus
761 2504 866 2550 est.

552 2588 714 2658 277
766 2587 831 2641 ll.
868 2585 1106 2653 Quilibet
1137 2585 1280 2640 enim
1316 2585 1533 2640 illorum
1567 2586 1731 2657 hujus
1779 2588 2069 2642 occasione

481 2677 752 2748 dogmatis
784 2676 990 2731 nefaria
1017 2676 1263 2746 quadam
1303 2687 1629 2748 perpetrans
1650 2719 1664 2742 ,
1707 2694 1874 2749 seque
1913 2696 2071 2736 exse-

480 2769 703 2824 crandis
742 2768 798 2822 in
836 2769 1154 2824 libidinibus
1193 2783 1258 2824 ac
1302 2769 1628 2839 flagitiorum
1675 2786 1871 2842 genere
1918 2773 2066 2827 omni

480 2862 752 2925 volutans,
788 2861 1128 2931 singulorum
1169 2862 1484 2931 angelorum
1511 2863 1728 2916 nomina
1759 2903 1776 2930 ,
1819 2873 1928 2916 tam
1974 2879 2067 2918 ve-

481 2969 703 3018 rorum,
743 2968 906 3024 quam
939 2953 1006 3007 ab
1041 2953 1174 3023 ipsis
1213 2954 1570 3007 contictorum
1603 2953 1862 3010 invocans
1884 2997 1899 3020 ,
1939 2955 2065 3009 uni-

480 3049 680 3118 cuique
708 3047 1086 3102 detestandum
1118 3047 1337 3116 aliquod
1373 3045 1586 3100 facinus
1613 3090 1626 3108 ,
1660 3061 1722 3101 ac
1753 3058 2062 3117 peccatum,

479 3141 628 3196 velut
679 3138 1009 3210 praecipuum
1047 3139 1329 3192 attribuit:
1377 3153 1442 3192 ac
1485 3139 1861 3210 qualecunque
1901 3157 2062 3195 suum

2169 1957 2304 2010 ἄλλα
2333 1959 2456 2012 τινά
2496 1959 2907 2031 συγγράμματα
2957 1959 3222 2022 ὡσαύτως
3249 1958 3575 2013 πλάττονται
3615 1958 3754 2012 κατά

2167 2052 2268 2121 τῆς
2311 2049 2574 2124 ’Υστέρας
2593 2067 2608 2083 ο
2642 2051 2710 2121 ἢν
2767 2050 3035 2121 ’Υστέραν
3055 2051 3146 2104 τὸν
3170 2049 3400 2121 ποιητὴν
3431 2048 3527 2102 τοῦ
3555 2049 3755 2112 παντὸς

2165 2141 2359 2196 τούτου
2418 2141 2512 2195 τοῦ
2552 2142 2773 2207 κύτους,
2815 2143 3047 2214 ούρανοῦ
3101 2160 3163 2195 τε
3209 2143 3305 2196 καὶ
3344 2143 3467 2214 γῆς,
3504 2140 3752 2194 καλοῦσι.

2169 2233 2280 2286 Καί
2315 2232 2389 2304 μὴ
2410 2232 2671 2286 δύνασθαί
2709 2250 2840 2303 φασι
2891 2233 3232 2303 σωθήσεσθαί
3258 2249 3400 2297 τινα,
3432 2231 3529 2284 ἐὰν
3565 2229 3754 2300 μὴδιά

2171 2323 2390 2378 πάντων
2418 2325 2763 2398 χωρήσωσιν,
2796 2325 2872 2388 ὡς
2896 2325 2994 2378 καὶ
3021 2327 3050 2378 ό
3081 2323 3489 2396 Καρποκράτης
3512 2322 3682 2391 λέγει.

2239 2583 2315 2638 B’.
2358 2583 2626 2648 Ἕκαστος
2659 2584 2768 2657 γὰρ
2798 2585 2979 2640 αὐτῶν
3006 2587 3164 2659 δῆθεν
3207 2588 3296 2642 διὰ
3333 2588 3432 2660 τὴν
3478 2589 3756 2660 πρόφασιν

2165 2673 2372 2745 ταύτην
2420 2675 2635 2744 ἄρρητα
2673 2675 2866 2739 ποιῶν,
2914 2678 3007 2730 καὶ
3056 2679 3449 2749 αἰσχρουργίας
3467 2678 3751 2740 ἐπιτελῶν,

2168 2766 2545 2837 ἁμαρτήματά
2572 2784 2630 2820 τε
2663 2767 2761 2819 ὅσα
2788 2767 2904 2820 ἐστὶ
2946 2768 3223 2839 πράττων,
3252 2768 3587 2822 ἐπικαλεῖται
3621 2770 3752 2822 ἑκά·

2170 2875 2296 2912 στου
2345 2858 2578 2928 ἀγγέλου
2633 2858 2823 2929 ὄνομα,
2860 2859 2969 2912 τῶν
3019 2878 3074 2913 τε
3121 2861 3288 2915 ὅντων
3338 2860 3605 2929 ἀγγέλων,
3655 2861 3754 2914 καὶ

2165 2951 2276 3002 τῶν
2305 2953 2432 3023 παρ’
2466 2953 2647 3016 αὐτοῖς
2676 2953 2931 3016 πλαστῶς
2968 2943 3304 3022 λεγομένων·
3341 2953 3436 3006 καὶ
3465 2953 3699 3006 ἑκάστου
3731 2955 3756 2986 ‘

2165 3040 2377 3095 τούτων
2415 3044 2722 3113 προσάπτει
2765 3063 2816 3098 τι
2849 3044 3008 3114 ἔργον
3059 3044 3317 3116 ἀθέμιτον
3369 3044 3476 3096 τῶν
3526 3045 3619 3097 ἐπὶ
3647 3045 3753 3115 γῆς

2170 3133 2606 3204 ἁμαρτημάτων,
2659 3135 2759 3205 τὴν
2813 3136 3013 3208 πρᾶξιν
3038 3137 3136 3206 τὴν
3189 3136 3322 3190 ίδίαν
3367 3138 3446 3200 εἰς
3491 3137 3661 3207 δνομα
3689 3135 3751 3193 οὗ

481 3235 662 3290 scelus
700 3233 835 3287 certi
864 3231 1167 3301 cujuspiam
1203 3231 1269 3285 ad
1311 3232 1486 3302 angeli
1527 3247 1724 3286 nomen
1756 3249 2056 3287 accommo-

2170 3225 2418 3296 βούλεται
2452 3227 2681 3296 ἀγγέλου
2713 3229 3021 3298 ἀναφέρων.
3055 3230 3164 3282 Καὶ
3197 3229 3327 3283 ὅταν
3370 3229 3544 3284 ταῦτα
3574 3230 3749 3300 πράτ-

480 3327 592 3380 dat.
623 3325 758 3379 Cum
783 3325 926 3379 enim
954 3323 1220 3392 ejusmodi
1257 3323 1462 3392 aliquid
1501 3323 1886 3389 committunt,
1920 3325 2065 3380 hunc

480 3419 540 3474 in
569 3417 786 3472 modum
825 3413 1042 3486 praefari
1071 3414 1249 3469 solent
1275 3429 1288 3464 :
1323 3414 1368 3468 Ο
1396 3415 1584 3485 angele
1623 3414 1711 3478 N.,
1741 3425 1892 3470 tuum
1927 3432 2066 3487 opus

480 3526 730 3568 exerceo.
767 3509 812 3564 0
846 3516 1088 3579 potestas
1116 3509 1182 3561 N.
1209 3550 1223 3574 ,
1258 3508 1472 3562 actione
1511 3515 1602 3562 tua
1639 3507 1852 3579 fungor.
1888 3509 2066 3581 Atque

482 3604 628 3658 istud
653 3604 830 3673 ipsum
860 3610 942 3657 est
962 3640 977 3664 ,
1008 3599 1152 3668 quod
1184 3600 1252 3653 ab
1284 3600 1390 3654 illis
1418 3601 1665 3653 absoluta
1709 3602 1946 3671 cognitio
1977 3602 2063 3656 di-

481 3696 664 3759 citur;
699 3692 1138 3764 quandoquidem
1186 3701 1246 3745 ut
1283 3706 1381 3760 per
1417 3690 1650 3745 nefanda
1697 3693 1880 3746 omnia
1915 3691 2064 3764 ﬂagi-

480 3789 678 3842 tiorum
702 3800 900 3856 genera
932 3785 1151 3853 impune
1175 3783 1250 3836 ita
1280 3783 1591 3849 volitarent,
1623 3799 1652 3836 a
1683 3785 2062 3854 superioribus

480 3878 646 3933 sectis
681 3877 827 3930 velut
855 3875 1175 3945 parentibus
1196 3915 1212 3938 ,
1245 3872 1633 3928 Gnosticorum
1677 3875 1963 3941 videlicet,
1997 3892 2064 3932 ac

476 3967 710 4031 Nicolai,
741 3967 915 4036 iisque
947 3963 1183 4018 aﬂinium
1211 3961 1716 4019 Valentinianorum
1747 3971 1804 4018 et
1856 3965 2062 4035 Carpo-

479 4061 647 4116 cratis
675 4057 1019 4129 dogmatibus
1045 4054 1390 4110 occasionem
1421 4054 1566 4108 nacti
1603 4062 1752 4109 sunt.

548 4149 799 4205 Pervenit
825 4155 879 4203 et
902 4148 969 4201 ad
992 4162 1094 4202 nos
1128 4156 1310 4200 certus
1331 4145 1648 4201 earumdem
1683 4146 1841 4210 liber,
1871 4146 1923 4200 in
1950 4161 2059 4216 quo

477 4241 900 4299 sceleratissima
929 4239 1115 4295 nescio
1145 4254 1266 4308 qua:
1288 4238 1552 4293 vocabula
1582 4239 1875 4292 commenti
1910 4249 2059 4306 sunt,

479 4335 535 4389 in
568 4349 739 4404 eoque
767 4334 872 4388 ista
905 4331 1274 4385 continentur.
1309 4327 1409 4382 Hic
1439 4339 1541 4394 est,
1576 4329 1772 4398 inquit,
1814 4331 2058 4400 angelus,

479 4441 511 4479 a
554 4441 663 4496 quo
692 4423 903 4494 Moyses
932 4429 1237 4476 excaecatus
1273 4429 1358 4475 est
1383 4460 1398 4484 ,
1434 4421 1579 4490 iique
1616 4423 1791 4492 angeli
1823 4431 1983 4487 sunt,
2027 4439 2059 4478 a

2166 3336 2352 3384 τωσιν,
2391 3318 2533 3372 οὕτω
2599 3320 2880 3389 λέγουσιν’
2929 3321 2986 3374 Ὀ
3029 3320 3175 3374 δεῖνα
3206 3320 3424 3390 ἄγγελε,
3463 3321 3750 3392 καταχρῶ-

2170 3409 2268 3480 μαί
2308 3428 2400 3464 σου
2451 3411 2513 3464 τὸ
2562 3410 2755 3483 ἔργον
2806 3414 2840 3484 ἡ
2894 3412 3040 3466 δεῖνα
3071 3411 3327 3478 ἐξουσία,
3372 3413 3597 3485 πράττω
3653 3432 3749 3467 σου

2165 3505 2264 3573 τὴν
2317 3502 2534 3575 πρᾶξιν.
2591 3503 2696 3557 Καὶ
2739 3503 2894 3556 τοῦτο
2943 3502 3142 3572 γνῶσις
3174 3503 3354 3557 τελεία
3395 3506 3525 3575 παρ’
3563 3507 3750 3570 αὐτοῖς

2166 3595 2282 3648 ἐστι
2339 3595 2662 3666 λεγόμενον·
2716 3595 2904 3666 ἐπειδὴ
2946 3595 3116 3658 ἀδεῶς
3172 3596 3264 3648 ἐπὶ
3309 3594 3407 3659 τὰς
3456 3596 3750 3666 ἀθεμίτους

2167 3688 2562 3759 αἰσχρουργίας
2603 3689 2779 3760 όρμᾷν
2812 3689 2911 3752 τὰς
2958 3689 3261 3759 προφάσεις
3292 3689 3453 3759 δῆθεν
3504 3690 3611 3743 ἀπὸ
3637 3690 3750 3743 τῶν

2166 3781 2579 3852 προειρημένων
2609 3781 2860 3851 μητέρων
2890 3783 2984 3834 καὶ
3011 3782 3262 3853 πατέρων
3290 3782 3573 3854 αἱρέσεων,
3605 3783 3748 3852 φημὶ

2164 3872 2486 3926 Γνωστικῶν
2511 3872 2608 3925 καὶ
2640 3872 2929 3936 Νικολάου,
2965 3873 3057 3927 καὶ
3088 3874 3195 3927 τῶν
3231 3875 3327 3927 σὺν
3356 3875 3541 3937 αὐτοῖς
3601 3875 3743 3929 Οὐα-

2163 3962 2402 4017 λεντίνου
2434 3981 2495 4017 τε
2530 3965 2622 4018 καί⁵
2650 3965 3105 4036 Καρποκράτους,
3143 3967 3460 4037 ἐσχήκασιν.

2238 4141 2378 4210 Ἤδη
2404 4139 2460 4192 δὲ
2494 4140 2708 4209 διῆλθεν
2739 4141 2818 4204 εἰς
2842 4142 2991 4211 ἡμᾶς
3024 4140 3120 4193 καὶ
3149 4140 3373 4211 βιϐλίον,
3423 4143 3480 4195 ὲν
3505 4135 3550 4212 ᾧ
3578 4144 3745 4198 ἐπλά-

2164 4247 2325 4283 σαντο
2361 4232 2582 4302 ῥήματά
2608 4249 2730 4285 τινα
2765 4233 2995 4302 ἀνομίας
3028 4232 3229 4304 πλήρη,
3279 4232 3420 4287 οὕτω
3451 4235 3740 4306 περιέχον·

2162 4325 2265 4387 ὅτι,
2297 4326 2481 4394 φησὶν,
2523 4319 2688 4387 Οὗτός
2743 4325 2890 4376 ἐστιν
2940 4326 2967 4376 ὁ
3015 4324 3247 4392 ἄγγελος
3278 4327 3305 4377 ὁ
3355 4325 3446 4377 τὸν
3503 4327 3745 4380 Μωῡσέα

2162 4418 2470 4489 τυφλώσας,
2512 4420 2606 4471 καὶ
2649 4410 2793 4471 οὗτοί
2838 4420 2975 4470 είσιν
3019 4420 3065 4470 of
3104 4417 3322 4485 ἄγγελοι
3355 4420 3403 4471 oi
3439 4421 3564 4483 τοὺς
3610 4423 3741 4494 περὶ

477 4519 678 4588 quibus
710 4515 850 4569 Core
873 4553 888 4577 ,
928 4513 1139 4566 Dathan
1183 4518 1239 4567 et
1289 4511 1492 4566 Abiron
1515 4552 1529 4577 ,
1558 4528 1854 4582 eorumque
1884 4523 2058 4570 secta-

2164 4513 2326 4584 Κορὲ,
2359 4513 2455 4565 καὶ
2484 4511 2682 4573 Δαοάν,
2714 4511 2808 4564 καὶ
2849 4509 3110 4584 Ἀϐειρὼν
3141 4509 3470 4580 κρύψαντες,
3510 4511 3604 4563 καὶ
3640 4529 3738 4582 με-

479 4619 624 4662 tores
653 4604 909 4661 occultati
939 4604 1314 4672 subtractique
1345 4610 1491 4658 sunt.
1524 4603 1668 4668 Quin
1704 4604 1869 4658 alium
1902 4606 2057 4662 insu-

478 4713 574 4767 per
612 4693 764 4748 Pauli
814 4694 1045 4764 apostoli
1101 4693 1322 4748 nomine
1369 4693 1608 4746 libellum
1660 4697 2060 4765 excogitarunt,

478 4795 807 4858 praepostera
833 4785 1058 4841 libidine
1083 4784 1366 4851 refertum,
1397 4801 1555 4853 quem
1583 4793 1635 4840 et
1661 4786 1718 4848 ii,
1746 4803 1884 4856 quos
1912 4786 2060 4844 Gno-

477 4881 646 4936 sticos
677 4886 890 4942 vocant,
934 4877 1194 4932 adhibere
1221 4877 1429 4941 solent,
1460 4877 1606 4947 quod
1655 4877 1808 4933 Pauli
1840 4881 2053 4936 Anaba-

475 4975 642 5028 ticirm
665 4980 895 5026 vocant:
929 4968 1088 5039 cujus
1115 4969 1448 5039 supposititii
1484 4972 1666 5039 Operis
1687 4987 1876 5028 ansam
1911 4992 1974 5029 ex
1993 4991 2060 5030 eo

473 5062 770 5136 ceperunt,
805 5062 950 5134 quod
983 5063 1273 5133 Apostolus
1316 5062 1433 5132 ipse
1471 5069 1702 5118 testetur
1726 5104 1740 5129 ,
1773 5080 1832 5120 se
1863 5067 1915 5119 in
1952 5076 2060 5121 ter—

473 5157 605 5211 tium
644 5171 816 5226 usque
850 5152 1240 5210 conscendisse
1274 5153 1496 5216 cmlum,
1519 5159 1574 5208 et
1614 5167 1811 5208 arcana
1858 5157 2056 5211 ibidem

472 5248 690 5304 audisse
722 5247 886 5303 verba
910 5289 926 5314 ,
956 5261 1078 5317 quae
1127 5260 1237 5300 non
1266 5245 1392 5300 licet
1430 5245 1636 5300 homini
1676 5247 1822 5317 loqui
1857 5251 1896 5303 ί.
1931 5247 2056 5303 llaec

471 5347 674 5404 autem,
707 5340 999 5410 inquiunt,
1031 5353 1233 5393 arcana
1262 5338 1353 5392 illa
1381 5336 1546 5391 verba
1586 5345 1734 5393 sunt.
1765 5338 1898 5404 Quae
1928 5341 2052 5410 qui-

469 5431 591 5486 dem
630 5433 835 5496 omnia,
865 5432 1041 5502 iisque
1073 5430 1269 5487 similia
1303 5430 1411 5493 ita,
1447 5429 1905 5498 quemadmodum
1937 5449 2054 5486 mo-

471 5524 688 5578 nuimus
714 5564 728 5588 ,
764 5524 981 5587 docent,
1019 5531 1077 5578 ut
1103 5531 1158 5577 et
1188 5522 1346 5576 malis
1387 5519 1648 5573 honorem
1692 5521 1926 5577 habeant
1954 5565 1968 5589 ,
2002 5532 2058 5579 et

470 5615 643 5670 bonos
679 5615 984 5686 repudient.
1027 5613 1160 5668 Nam
1195 5613 1425 5668 Cainum
1476 5609 1720 5671 fortioris
1761 5617 2051 5686 cujusdam

546 5795 564 5828 ⁸
594 5793 635 5847 ll
661 5794 786 5849 Cor.
820 5809 920 5860 xu,
960 5795 1012 5848 4.
1091 5797 1110 5827 ²
1152 5794 1279 5850 Cor.
1315 5795 1552 5849 ἑκάστω.

2158 4610 2549 4678 ταστήσαντες.
2587 4604 2754 4658 Πάλιν
2789 4605 2845 4657 δὲ
2876 4604 3002 4658 ἄλλο
3033 4605 3430 4674 συνταγμάτων
3472 4604 3741 4658 πλάττου-

2161 4717 2243 4753 σιν
2274 4699 2333 4766 ἐξ
2375 4700 2636 4770 ὀνόματος
2665 4697 2878 4751 Παύλου
2942 4697 3035 4750 τοῦ
3079 4696 3398 4758 ἀποστόλου,
3437 4699 3741 4769 assump-

2158 4793 2284 4862 γίας
2316 4791 2589 4862 ἔμπλεων,
2618 4783 2662 4856 ᾧ
2691 4790 2783 4842 καὶ
2819 4791 2866 4842 οἱ
2909 4789 2948 4840 Γ
2951 4789 3203 4842 νωστικοὶ
3237 4787 3518 4858 λεγόμενοι
3564 4787 3740 4857 χρῶν-

2156 4902 2267 4948 ται,
2299 4885 2327 4937 ὃ
2365 4882 2718 4936 Ἀναδατικδν
2769 4881 2980 4934 Παύλου
3017 4879 3264 4945 καλοῦσι,
3315 4881 3416 4950 τὴν
3463 4881 3738 4950 πρόφασιν

2158 4978 2407 5046 εὑρόντες
2437 4977 2544 5030 ἀπὸ
2575 4975 2666 5030 τοῦ
2698 4974 2877 5044 λέγειν
2909 4974 3000 5028 τὸν
3042 4973 3364 5026 Ἀπόστολον
3410 4972 3741 5042 ἀναϐεϐηκέ-

2156 5088 2243 5124 ναι
2281 5070 2386 5132 ’ἐως
2413 5070 2596 5141 τρίτου
2637 5068 2890 5140 ούρανοῦ,
2923 5067 3015 5120 καὶ
3044 5065 3337 5136 ἀκηκοέναι
3388 5065 3606 5137 ἀῤῥητα
3637 5066 3738 5135 ῥή-

2159 5180 2322 5232 ματα,
2357 5161 2393 5215 ἃ
2440 5163 2540 5214 ούκ
2589 5162 2706 5228 ἐξὸν
2755 5159 3025 5231 ἀνθρώπῳ
3072 5158 3324 5228 λαλῆσαι.
3377 5158 3489 5210 Καὶ
3542 5156 3737 5221 ταῦτα,

2155 5255 2337 5324 φασὶν,
2374 5254 2492 5307 ἐστὶ
2522 5254 2590 5307 τὰ
2616 5255 2830 5324 ἄρρητα
2859 5255 3098 5324 ῥήματα.
3135 5250 3453 5303 Διδάσκουσι
3483 5249 3539 5302 δὲ
3565 5247 3739 5302 ταῦτα

2153 5350 2246 5402 καὶ⁴
2291 5346 2356 5399 τὰ
2389 5346 2634 5408 τοιαῦτα,
2687 5348 2811 5410 τοὺς
2856 5346 3126 5415 πονηροὺς
3158 5344 3448 5414 τιμῶντες,
3486 5343 3581 5396 καὶ
3612 5343 3738 5405 τοὺς

2151 5440 2388 5506 ἀγαθοὺς
2437 5439 2892 5509 ἀπαγορεύοντες.
2948 5433 3101 5491 Εἶναι
3136 5436 3265 5508 γὰρ,
3321 5436 3396 5498 ὼς
3451 5438 3733 5506 προεῖπον,

2151 5527 2242 5578 τὸν
2285 5527 2426 5579 Κάῖν
2457 5526 2556 5596 τῆς
2589 5526 2941 5597 ἰσχυροτέρας
2988 5525 3291 5595 δυνάμεως,
3324 5525 3418 5578 καὶ
3445 5524 3538 5577 τὸν
3572 5522 3738 5575 Ἅϐελ

2151 5617 2250 5687 τῆς
2284 5617 2696 5688 ἀσθενεστέρας.
2734 5618 2948 5682 Ταύτας
2975 5615 3034 5670 δὲ
3077 5615 3177 5679 τὰς
3217 5615 3484 5686 δυνάμεις·
3515 5618 3581 5685 τῇ
3622 5612 3737 5686 Εὕα
