4154 6404
420 375 525 432 657

1030 385 1398 445 ADVERSUS
1430 387 1774 449 HERESES
1811 393 1940 451 LIB.
1978 396 2019 451 I.
2062 396 2227 454 ΤΟΜ.
2267 397 2444 454 II|.—
2482 399 2759 462 IIIERES.
2803 405 3088 466 XXXVIII.

3592 413 3698 472 658

423 500 873 570 προσπλακείσας
931 511 1325 581 γεγεννηκέναι
1397 513 1491 567 τὸν
1561 517 1702 570 Κάῖν
1767 518 1862 572 καὶ
1927 518 2008 574 τὸν

2119 535 2240 577 esse
2273 523 2514 591 virtutis,
2555 533 2609 580 et
2639 527 2868 584 Abelum
2896 528 3216 586 inﬁrmioris
3242 491 3506 588 sentiunt.
3553 531 3702 599 Quas

426 591 594 644 Ἀϐελ
613 609 626 621 ·
657 595 751 646 καὶ
787 590 926 649 εἶναι
949 598 1048 668 τῆς
1074 601 1172 671 μὲν
1197 603 1287 657 τὸν
1310 603 1462 669 Κάῖν,
1495 607 1594 678 τῆς
1615 608 1672 661 δὲ
1700 608 1792 662 τὸν
1822 609 2008 664 Ἀϐελ.

423 679 578 738 Εἶναι
611 687 669 740 δὲ
698 687 790 740 τὸν
837 688 1008 762 Ἀδὰμ
1045 694 1138 746 καὶ
1165 695 1265 766 τὴν
1303 695 1450 751 Εὕαν
1482 699 1592 752 ἀπὸ
1623 699 1730 753 τῶν
1757 701 2012 754 τοιούτων

423 776 728 848 δυνάμεων,
781 782 960 836 είτουν
989 784 1237 852 ἀγγέλων
1271 790 1728 860 γεγεννημένους·
1767 793 1862 846 καὶ
1889 794 2013 857 τοὺς

424 871 786 942 γεννηθέντας
820 876 1036 941 παῖδας,
1069 879 1210 933 Κάϊν
1245 881 1307 934 τέ
1339 901 1479 955 φημι
1534 886 1627 939 καὶ
1661 885 1846 952 Ἅϐελ,
1896 889 2011 959 ἐρί-

425 981 516 1018 σαι
550 965 686 1036 πρὸς
713 966 993 1039 ἀλλήλους,
1027 972 1118 1025 καὶ
1158 973 1250 1027 τὸν
1281 978 1678 1048 γεγεννημένον
1708 981 1816 1034 ἀπὸ
1865 982 2012 1052 ίσχυ-

426 1059 527 1130 ρᾶς
574 1059 858 1132 δυνάμεως
908 1066 1306 1132 πεφονευκέναι
1353 1068 1448 1123 τὸν
1494 1071 1602 1125 ἀπὸ
1645 1076 1746 1144 τῆς
1791 1074 2012 1144 ἥττονος

421 1151 707 1223 δυνάμεως
740 1155 834 1208 καὶ⁴
860 1155 1276 1229 ἀσθενεστέρας.

495 1324 571 1380 Γ¹.
613 1326 694 1381 Τὰ
726 1327 782 1380 δὲ
831 1328 971 1384 αὐτὰ
1023 1331 1247 1406 μυθώδη
1288 1335 1382 1391 καὶ
1415 1329 1561 1392 οὗτοι
1595 1357 2013 1413 παραπλεκουσι

420 1419 490 1488 τῇ
522 1421 648 1491 περὶ
681 1421 790 1475 τῶν
827 1424 1006 1479 αὐτῶν
1037 1426 1380 1501 δηλητηρίων
1409 1432 1508 1503 τῆς
1546 1434 1820 1502 ἀγνωσίας
1844 1436 2009 1503 δόσει,

422 1510 538 1572 τοῖς
605 1512 950 1582 πειθομένοις
996 1519 1462 1588 ἐπιϐουλεύοντες·
1518 1525 1646 1580 ’Ότι
1698 1527 1780 1580 δεῖ
1832 1531 2011 1584 πάντα

420 1600 715 1672 ἄνθρωπον
751 1607 931 1678 ἑαυτῷ
960 1609 1177 1666 ἑλέσθαι
1218 1614 1316 1686 τὴν
1351 1617 1706 1691 ἰσχυροτέραν
1760 1621 2009 1692 δύναμιν,

424 1695 520 1748 καὶ
549 1697 650 1766 τῆς
681 1699 902 1769 ἥττονος
935 1705 1030 1757 καὶ
1056 1706 1247 1760 ἀτόνου
1275 1710 1736 1783 ἀποχωρίζεσθαι,
1767 1693 2012 1769 τουτέστι

423 1787 525 1855 τῆς
559 1786 650 1842 τὸν
675 1791 905 1862 οὐρανὸν
939 1797 1268 1868 ποιησάσης,
1300 1801 1394 1853 καὶ
1421 1801 1518 1872 τὴν
1553 1803 1752 1874 σάρκα,
1799 1804 1892 1857 καὶ
1919 1805 2012 1858 τὸν

2116 613 2265 683 ipsas
2300 617 2530 674 virtutes
2578 635 2701 674 cum
2750 620 2861 676 Eva
2899 637 3228 694 congressas
3277 631 3572 698 utrumque
3609 639 3702 696 ge-

2116 708 2302 763 nuisse
2339 709 2418 764 sic
2457 709 2754 776 afﬁrmant,
2797 721 2857 768 ut
2901 714 3127 770 alterius
3166 713 3368 770 Abelus
3417 716 3529 781 sit,
3575 715 3702 773 Cai-

2114 815 2220 856 nus
2246 802 2490 859 alterius.
2521 805 2666 871 Quin
2716 806 2982 862 Adamum
3017 817 3176 880 atque
3205 808 3372 864 Evam
3424 809 3619 866 iisdem
3668 825 3699 864 a

2113 893 2432 960 virtutibus,
2469 897 2585 953 sive
2617 899 2824 968 angelis
2848 901 3117 973 originem
3144 903 3414 958 traxisse:
3451 918 3701 974 quosque

2115 1000 2350 1055 genuere
2372 998 2561 1057 postea
2585 990 2809 1057 liberos,
2826 991 3082 1059 Cainum,
3109 995 3354 1066 inquam,
3371 1005 3425 1052 et
3446 997 3696 1062 Abelum,

2114 1093 2300 1133 secum
2332 1081 2565 1137 invicem
2596 1083 2804 1139 rixatos
2832 1101 2974 1150 esse,
3021 1095 3074 1142 et
3107 1089 3201 1159 qui
3235 1089 3449 1144 fortiori
3483 1089 3552 1145 ab
3587 1089 3701 1145 vir-

2112 1175 2228 1225 tute
2273 1180 2604 1243 propagatus
2660 1173 2839 1230 fuerat
2890 1174 3167 1234 inferioris
3212 1177 3698 1251 imbecilliorisque

2115 1262 2357 1316 sobolem
2393 1265 2682 1320 occidisse.

2096 1390 2101 1396 ι
2183 1355 2350 1426 278
2381 1356 2467 1412 Ill.
2513 1356 2639 1413 Hac
2688 1360 2871 1414 omnia
2905 1361 3312 1417 mendaciorum
3353 1370 3606 1435 portenta
3642 1363 3699 1420 in

2110 1448 2390 1504 tradendis
2437 1450 2709 1521 pestiferis
2761 1452 3084 1524 ignorantia
3131 1471 3247 1510 sua
3296 1457 3574 1528 mysteriis
3628 1458 3696 1511 ad

2110 1548 2443 1596 sectatorum
2475 1545 2769 1612 perniciem
2803 1553 3121 1615 aspergunt,
3151 1545 3315 1617 idque
3356 1548 3693 1604 admonent:

2112 1633 2309 1690 debere
2336 1636 2632 1705 quemlibet
2661 1637 2942 1693 fortiorem
2981 1639 3085 1693 sibi
3125 1640 3388 1711 adoptare
3412 1642 3694 1706 virtutem,

2111 1733 2275 1796 atque
2303 1727 2371 1781 ab
2407 1728 2649 1782 inferiori
2688 1738 2741 1784 et
2773 1731 3113 1786 imbecilliori
3151 1733 3405 1801 secerni,
3444 1749 3508 1789 ea
3543 1733 3699 1790 vide»-

2111 1816 2255 1880 licet,
2284 1833 2405 1886 qua
2430 1827 2483 1872 et
2508 1821 2708 1875 calum
2741 1829 2795 1876 et
2817 1837 3061 1891 carnem,
3090 1831 3143 1879 et
3171 1824 3434 1880 mundum
3468 1825 3700 1880 fabrica-

423 1877 656 1948 κόσμον⁸
716 1886 811 1936 καὶ
857 1886 1208 1958 ὑπερϐαίνειν
1255 1892 1334 1956 είς
1381 1892 1451 1947 τά
1493 1894 1742 1948 ἀνώτατα
1791 1895 1880 1949 διὰ
1911 1898 2008 1968 τῆς

2115 1909 2286 1964 verit:
2319 1911 2507 1982 sicque
2531 1912 2596 1966 ad
2623 1915 2910 1985 superiora
2951 1932 3046 1986 per
3075 1917 3279 1974 Christi
3318 1919 3536 1973 evolare
3561 1935 3696 1990 sup-

422 1969 517 2062 τού
564 1973 801 2044 Χριστοῦ
855 1981 1233 2050 σταυρώσεως.
1282 1984 1380 2039 Διά
1413 1986 1521 2060 γὰρ
1569 1989 1757 2056 τοῦτοῗ,
1821 1991 2007 2062 φησὶν,

423 2059 588 2157 ἦλθεν
650 2066 890 2134 ἄνωθεν,
949 2073 1035 2126 ἱνα
1091 2077 1149 2129 ἐν
1203 2078 1352 2150 αύτῷ
1404 2082 1724 2155 ἐπιτελεσθῇ
1781 2059 2012 2157 δύναμις

423 2155 649 2252 ἰσχυρὰ,
699 2160 842 2214 κατὰ
892 2164 991 2234 τῆς
1023 2166 1418 2244 ἀσθενεστέρας
1470 2175 1751 2247 δυνάμεως
1786 2177 1849 2232 τὺ
1886 2155 2013 2252 τρό-

425 2265 586 2302 παιον
639 2250 901 2320 λαϐοῦσα,
940 2258 1034 2312 καὶ
1091 2260 1153 2314 τὸ
1201 2263 1360 2335 σῶμα
1412 2269 1749 2338 παραδοῦσα.
1803 2250 2010 2327 Καὶήοί

425 2341 526 2436 μέν
573 2345 754 2436 αὐτῶν
805 2349 966 2403 τοῦτο
1015 2352 1286 2421 λέγουσιν,
1339 2357 1488 2412 ἄλλοι
1521 2360 1577 2413 δὲ
1609 2362 1761 2417 ἄλλα.
1813 2365 1876 2418 Οἱ
1913 2366 2010 2436 μὲν

422 2432 532 2504 γὰρ
575 2434 813 2528 λέγουσι,
865 2441 954 2495 διά
1009 2445 1069 2498 τὸ
1124 2449 1361 2520 πονηρὸν
1403 2447 1542 2506 εἶναι
1601 2455 1692 2508 τὸν
1751 2432 2007 2528 Χριστὸν,

422 2527 793 2618 παραδοθῆναι
838 2533 1001 2588 αὑτὸν
1044 2538 1148 2591 ὑπὸ
1172 2540 1266 2593 τοῦ
1317 2542 1508 2606 Ἰούδα,
1541 2527 1864 2618 βουλόμενον
1896 2551 2010 2605 δια-

423 2616 681 2712 στρέφειν
714 2622 783 2676 τά
832 2625 974 2680 κατά
1023 2629 1114 2682 τὸν
1168 2632 1351 2703 νόμον.
1411 2616 1720 2692 Ἐπαινοῦσι
1775 2642 1883 2712 γάρ
1919 2643 2009 2699 τὸν

421 2708 562 2762 Κάῖν
596 2713 689 2766 καὶ
725 2715 816 2768 τὸν
858 2717 1078 2788 Ἰούδαν,
1116 2723 1192 2787 ὡς
1224 2724 1380 2797 ἔφην,
1403 2729 1497 2782 καὶ
1533 2729 1750 2800 λέγουσι
1771 2708 1794 2764 ’ν
1817 2708 2008 2789 τούτου

421 2802 611 2860 ἕνεκεν
645 2809 1027 2880 παραδέδωκεν
1070 2817 1253 2884 αὐτὸν,
1308 2821 1494 2894 ἐπειδὴ
1546 2825 1806 2895 ἠϐούλετο
1843 2845 2010 2882 κατα-

424 2895 572 2952 λύειν
604 2899 672 2953 τά
705 2903 888 2968 καλῶς
921 2906 1292 2981 δεδιδαγμένα.
1329 2915 1512 2968 ’Ἄλλοι
1545 2917 1600 2970 δὲ
1640 2917 1792 2992 [τῶν]
1826 2920 2007 2976 αὐτῶν

419 2991 542 3081 ούχί
575 3010 760 3062 φασιν,
801 2997 936 3052 ἀλλὰ
969 3001 1172 3069 ἀγαθὸν
1203 3005 1365 3059 αὑτὸν
1393 3006 1520 3061 ὄντα
1548 2991 1835 3081 παρέδωκε
1868 3013 2008 3066 κατά

421 3080 520 3153 τὴν
566 3084 888 3156 ἐπουράνιον
937 3091 1158 3159 γνῶσιν.
1216 3097 1500 3164 Ἐγνωσαν
1542 3080 1672 3171 γὰρ,
1723 3102 1906 3174 φησὶν,
1957 3105 2004 3157 οἱ

421 3175 700 3244 ἄρχοντες,
758 3179 839 3232 ὅτι
902 3181 998 3236 ἐὰν
1053 3186 1081 3237 ὁ
1133 3187 1367 3256 Χριστὸς
1421 3192 1702 3263 παραδοθῇ
1764 3194 2002 3265 σταυρῷ,

2114 2001 2358 2071 plicium.
2396 2003 2543 2059 Hanc
2592 2008 2736 2061 enim
2778 2007 2947 2064 fuisse
2989 2024 3210 2064 causam
3258 2010 3480 2076 volunt,
3536 2025 3638 2066 cur
3667 2028 3699 2068 e

2112 2097 2253 2151 coelo
2282 2097 2539 2168 delapsus
2574 2100 2682 2167 sit;
2713 2101 2972 2156 nimirum
3005 2110 3065 2156 ut
3108 2101 3269 2159 fortis
3304 2104 3358 2158 in
3403 2105 3522 2175 ipso
3567 2105 3700 2161 soli-

2112 2189 2340 2261 diorque
2375 2192 2546 2248 virtus
2575 2193 2947 2262 perﬁceretur,
2985 2210 3050 2250 ac
3085 2193 3153 2251 de
3180 2195 3480 2250 infirmiore
3503 2196 3700 2251 trium-

2111 2281 2277 2353 phum
2316 2283 2586 2348 referret,
2632 2300 2940 2356 corpusque
2989 2287 3246 2344 traderet.
3289 2287 3414 2344 Hac
3447 2288 3697 2344 nonnulli

2110 2389 2177 2430 ex
2231 2375 2407 2445 ipsis,
2458 2377 2550 2430 alii
2590 2392 2720 2432 vero
2771 2377 2878 2431 alia
2922 2377 3238 2447 pradicant.
3274 2377 3506 2444 Quidam
3549 2379 3695 2435 enim

2111 2465 2412 2530 Christum,
2449 2469 2592 2539 quod
2629 2470 2804 2524 malus
2836 2477 3002 2534 esset,
3037 2485 3100 2525 ac
3130 2471 3264 2541 legis
3298 2471 3549 2527 instituta
3579 2472 3696 2527 vio-

2111 2557 2224 2614 lare
2249 2560 2510 2625 auderet,
2539 2576 2570 2614 a
2613 2559 2751 2616 Juda
2782 2561 3064 2632 proditum
3101 2563 3436 2617 existimant.
3467 2563 3695 2619 Cainum

2109 2651 2283 2718 enim,
2319 2660 2379 2706 ut
2416 2653 2682 2720 diximus,
2719 2652 3027 2724 Judamque
3053 2664 3430 2722 venerantur;
3467 2656 3696 2726 ejusque

2109 2743 2188 2796 rei
2225 2743 2420 2812 gratia,
2459 2743 2729 2814 inquiunt,
2763 2745 2912 2800 illum
2943 2746 3206 2816 prodidit,
3241 2747 3390 2818 quod
3430 2748 3698 2819 praclare

2111 2835 2308 2890 tradita
2351 2835 2636 2906 antiquare
2669 2839 2848 2894 vellet.
2903 2840 3008 2893 Alii
3057 2854 3187 2894 vero
3229 2840 3386 2895 aliter
3429 2841 3693 2907 sentiunt,

2109 2935 2169 2980 ut
2203 2928 2418 2982 tametsi
2448 2929 2625 2985 bonus
2658 2937 2844 2996 esset,
2881 2946 2946 2986 ex
2979 2931 3190 2986 caelesti
3229 2931 3464 3002 quadam
3509 2933 3697 3003 cogni-

2108 3018 2254 3072 tione
2286 3018 2358 3073 sit
2388 3019 2659 3089 proditus.
2698 3019 2906 3074 Norant
2955 3021 3122 3086 enim,
3165 3022 3340 3086 aiunt,
3394 3021 3692 3093 principes,

2108 3109 2153 3163 si
2196 3108 2448 3166 Christus
2479 3111 2535 3165 in
2585 3126 2804 3168 crucem
2857 3113 3137 3168 tolleretur
3162 3153 3176 3179 ,
3214 3114 3456 3183 ipsorum
3485 3113 3693 3168 exhau-

2107 3206 2250 3255 stum
2285 3202 2349 3256 iri
2381 3203 2678 3272 potentiam
2711 3219 2960 3270 omnem;
3020 3204 3166 3274 quod
3217 3220 3342 3259 cum
3370 3203 3541 3261 Judas
3583 3220 3694 3261 non

423 3267 678 3322 κενοῦται
732 3271 910 3326 αὐτῶν
955 3277 986 3344 ἡ
1043 3277 1314 3351 (ἀσθενὴς)
1367 3280 1614 3353 δύναμις.
1663 3284 1774 3338 Καὶ
1826 3286 2005 3351 τοῦτο,

2114 3291 2412 3362 ignoraret,
2445 3295 2770 3358 maturavit,
2805 3310 3132 3364 omnemque
3158 3295 3376 3366 lapiden
3416 3297 3601 3362 movit,
3636 3306 3695 3352 ut

423 3358 576 3448 φησὶ,
608 3361 770 3428 γνοὺς
801 3365 828 3416 ὁ
873 3362 1069 3430 Ἰούδας
1097 3368 1349 3434 ἔσπευσε,
1380 3372 1474 3425 καὶ
1519 3373 1698 3428 πάντα
1734 3376 2004 3448 ἐκίνησεν,

421 3447 564 3504 ὥστε
601 3454 934 3525 παραδοῦναι
962 3460 1144 3525 αὐτὸν,
1172 3463 1376 3532 ἀγαθὸν
1408 3465 1569 3538 ἔργον
1610 3469 1840 3540 ποιήσας
1875 3471 2007 3541 ἡμῖν

421 3542 502 3604 είς
534 3546 826 3616 σωτηρίαν.
867 3549 974 3602 Καὶ
998 3550 1078 3604 δεῖ
1110 3554 1256 3624 ἡμᾶς
1281 3555 1543 3622 ἐπαινεῖν,
1577 3557 1669 3610 καὶ
1698 3558 2006 3613 ἀποδιδόναι

421 3635 571 3707 αὐτῷ
603 3637 696 3692 τὸν
733 3639 976 3708 ἔπαινον,
1009 3645 1090 3698 ὅτι
1135 3646 1201 3700 δι’
1235 3648 1402 3702 αὐτοῦ
1437 3650 1849 3723 κατεσκευάσθη
1877 3652 2007 3722 ἡμῖν

421 3730 454 3800 ἡ
503 3731 597 3783 τοῦ
655 3734 890 3805 σταυροῦ
935 3738 1201 3810 σωτηρία,
1247 3743 1409 3813 καὶὴ
1459 3743 1549 3797 διὰ
1602 3744 1700 3816 τῆς
1754 3745 2008 3818 τοιαύτης

422 3823 733 3889 ὑποθέσεως
765 3826 876 3881 τῶν
903 3829 1015 3883 ἄνω
1045 3831 1406 3904 ἀποκάλυψις.

493 3917 648 3972 Κατὰ
680 3921 858 3975 πάντα
888 3923 944 3976 δὲ
974 3926 1176 3994 τρόπον
1204 3923 1346 3982 οὗτοι
1382 3931 1711 4001 ἠπάτηνται,
1743 3933 1842 3985 οὐκ
1869 3933 2008 4002 ἀγα-

422 4009 512 4064 θόν
553 4029 675 4065 τινα
708 4013 974 4083 τιμῶντες
1005 4017 1036 4088 ἢ
1069 4018 1432 4084 ἐπαινοῦντες.
1489 4022 1657 4093 Δῆλον
1705 4023 1782 4089 δὲ,
1813 4024 1894 4077 ὅτι
1943 4029 2007 4079 ἐκ

421 4101 516 4155 τοῦ
581 4104 829 4158 διαϐόλου
889 4108 1074 4172 αὐτοῖς
1131 4109 1306 4163 ταῦτα
1351 4112 1731 4186 ὑπέσπαρται,
1787 4114 1857 4169 τά
1910 4119 2009 4188 τῆς

421 4197 644 4264 ἀγνοίας
679 4198 824 4268 λέγω
865 4202 959 4255 καὶ
993 4202 1228 4272 ἀπάτης.
1261 4204 1572 4276 Πληροῢται
1611 4208 1666 4261 δὲ
1704 4210 1790 4262 ἐπ’
1825 4210 2009 4273 αὐτοῖς

421 4290 482 4344 τὸ
537 4295 962 4364 γεγραμμένον’
1024 4297 1168 4351 Οὐαὶ
1209 4297 1333 4364 τοῖς
1382 4298 1633 4370 λέγουσι
1688 4302 1753 4355 τὸ
1817 4303 2008 4357 καλὸν

421 4386 712 4453 πονηρὸν,
747 4389 845 4441 καὶ
906 4390 973 4443 τὸ
1025 4392 1295 4460 πονηρὸν
1345 4393 1607 4463 ἀγαθόν·
1656 4399 1711 4449 ol
1748 4396 2009 4463 τιθέντες

420 4480 489 4532 τὸ
522 4468 743 4547 σκότος
777 4482 922 4551 φῶς,
956 4483 1054 4538 καὶ
1089 4485 1156 4538 τὸ
1189 4485 1316 4554 φῶς
1348 4488 1604 4554 σκότος’
1646 4491 1702 4542 oi
1726 4489 2009 4559 λέγοντες

421 4571 489 4626 τὸ
521 4573 716 4642 γλυκὺ
769 4577 1007 4643 πικρὸν,
1054 4577 1153 4631 καὶ
1188 4581 1254 4632 τὸ
1298 4580 1514 4648 πικρὸν
1552 4582 1766 4650 γλυκύ.
1823 4582 2006 4654 Πάντη

2109 3398 2234 3440 eum
2269 3383 2471 3442 Judais
2507 3387 2765 3442 traderet.
2795 3386 2913 3454 Qua
2947 3389 3003 3442 in
3037 3404 3096 3444 re
3126 3389 3342 3459 egregie
3386 3389 3550 3444 saluti
3591 3405 3693 3445 no-

2110 3486 2238 3533 stra
2275 3480 2569 3535 consuluit.
2604 3480 2680 3536 Ac
2719 3491 3004 3552 propterea
3050 3482 3306 3538 laudibus
3343 3498 3468 3538 eum
3508 3497 3693 3539 remu-

2108 3573 2292 3625 nerari
2322 3587 2422 3627 nos
2451 3580 2687 3641 oportet,
2729 3573 2890 3644 cujus
2921 3588 3084 3643 opera
3114 3574 3295 3630 crucis
3335 3575 3498 3632 nobis
3544 3577 3693 3633 salus

2108 3671 2192 3717 est
2247 3663 2340 3717 illa
2416 3672 2732 3736 comparata
2763 3704 2778 3731 ,
2847 3681 3062 3720 necnon
3121 3665 3427 3722 caelestium
3507 3683 3691 3724 rerum

2109 3755 2298 3812 eadem
2331 3771 2399 3811 ex
2421 3757 2711 3814 occasione
2738 3759 3149 3814 communicata
3177 3759 3438 3830 cognitio.

2181 3937 2288 3994 Sed
2321 3954 2446 3994 cum
2485 3939 2577 3994 isti
2618 3938 2842 3994 minime
2880 3938 3086 3994 bonum
3122 3938 3358 4009 aliquem
3393 3937 3600 3993 honore
3630 3951 3695 3992 ac

2108 4029 2270 4085 laude
2307 4037 2726 4102 prosequantur,
2768 4038 2882 4086 toto
2920 4031 3062 4085 calo
3088 4071 3102 4095 ,
3133 4031 3279 4101 quod
3313 4031 3502 4094 aiunt,
3537 4029 3695 4085 aber-

2108 4129 2251 4175 rant.
2293 4121 2480 4192 Neque
2531 4123 2831 4178 obscurum
2873 4121 3006 4177 illud
3044 4131 3126 4176 est
3151 4162 3166 4188 ,
3219 4123 3335 4176 hac
3373 4121 3694 4193 ignorantia

2110 4213 2430 4285 fraudisque
2459 4214 2667 4270 semina
2712 4213 2848 4284 ipsis
2889 4228 2918 4266 a
2965 4213 3182 4268 diabolo
3217 4229 3438 4284 aspersa
3499 4213 3688 4268 fuisse.

2107 4305 2165 4360 In
2197 4307 2396 4376 quibus
2445 4306 2578 4360 illud
2610 4313 2694 4361 est
2725 4321 2757 4361 e
2793 4306 3077 4377 Scriptura
3119 4304 3442 4376 profectum.
3485 4304 3576 4360 Va:
3602 4306 3693 4377 qui

2107 4397 2290 4453 dicunt
2328 4399 2523 4452 bonum
2559 4398 2761 4451 malum
2785 4439 2799 4463 ,
2855 4406 2904 4452 et
2954 4397 3154 4452 malum
3187 4400 3378 4451 bonum
3405 4413 3424 4451 .'
3475 4399 3563 4469 qui
3593 4413 3690 4468 po-

2109 4501 2238 4547 nunt
2267 4491 2506 4546 tenebras
2541 4492 2706 4546 lucem
2727 4532 2742 4556 ,
2777 4501 2826 4546 et
2859 4491 3025 4546 lucem
3057 4490 3295 4546 tenebras
3322 4509 3341 4548 :
3372 4493 3460 4563 qui
3508 4493 3692 4546 dicunt

2108 4585 2261 4638 dulce
2303 4601 2548 4638 amarum
2605 4591 2655 4637 et
2691 4600 2933 4637 amarum
2973 4583 3124 4638 dulce
3171 4585 3210 4640 ί.
3248 4582 3380 4638 Nam
3417 4585 3472 4639 in
3510 4582 3691 4639 Veteri

421 4664 532 4736 γὰρ
558 4667 794 4734 ἐκφωνεῖ
839 4669 1053 4724 Παλαιά
1097 4672 1191 4723 καὶ
1220 4671 1396 4743 Καινὴ
1431 4672 1694 4744 Διαθήκη,
1729 4674 1823 4728 τοῦ
1866 4675 2006 4730 Κάῖν

2110 4685 2164 4734 et
2188 4676 2338 4733 Novo
2369 4675 2716 4733 Testamento
2748 4675 2900 4732 Caini
2942 4677 3190 4747 impietas
3221 4683 3405 4745 aperta
3445 4690 3508 4730 ac
3542 4677 3691 4731 clara

421 4755 519 4827 τὴν
566 4757 821 4812 ἀσέϐειαν
869 4761 1400 4835 ἐπικηρυκευομένη.
1435 4759 1594 4818 Οὗτοι
1624 4766 1703 4830 δὲ,
1749 4765 1843 4820 τοῦ
1876 4768 2003 4821 σκό-

418 4861 548 4908 ⁶τους
600 4845 752 4909 ὄντες
796 4848 1054 4918 ἐρασταὶ,
1091 4851 1186 4904 καὶ
1233 4852 1342 4906 τῶν
1372 4855 1682 4908 κακοποιῶν
1735 4859 2004 4928 μιμηταὶ,

418 4936 512 4990 τὸν
555 4938 720 4990 ’Ἅϐελ
754 4939 993 5009 μισοῦσι,
1046 4942 1135 4994 τὸν
1187 4943 1243 4996 δὲ
1294 4944 1428 5000 Κάῖν
1483 4947 1758 5016 ἀγαπῶσι,
1794 4951 1888 5003 καὶ
1929 4951 2007 5023 τῷ

434 5028 607 5100 Ἰούδᾳ
653 5030 743 5082 τὸν
778 5029 998 5084 ἔπαινον
1047 5033 1270 5090 διδόασι.
1321 5037 1657 5110 Φθοριμαίαν
1704 5040 1760 5094 δὲ
1810 5043 2010 5111 γνῶσιν

421 5122 629 5194 έχουσι,
683 5123 774 5179 δύο
822 5125 1106 5191 τάττοντες
1154 5128 1447 5201 δυνάμεις,
1499 5135 1893 5207 ἀσθενεστέραν
1949 5153 2007 5190 τε

420 5219 518 5273 καὶ
578 5219 974 5293 δυνατωτέραν,
1030 5223 1473 5295 ἀεηιμαχομένας
1534 5227 1590 5281 δὲ
1656 5230 1794 5307 πρᾷς
1841 5231 2009 5302 ἀλλή-

419 5308 538 5373 λας,
573 5311 832 5376 ποιούσας
863 5313 919 5364 δὲ
951 5314 1008 5367 ἐν
1036 5314 1114 5384 τῷ
1148 5316 1338 5388 κόσμῳ
1371 5318 1429 5370 ού
1458 5318 1682 5391 γνώμης
1703 5322 2005 5387 ἀλλοίωσιν,

418 5407 556 5461 ἀλλά
603 5407 712 5461 τῶν
749 5411 1154 5481 γεγενημένων,
1190 5416 1317 5477 τοὺς
1365 5417 1462 5486 μὲν
1512 5418 1650 5472 κατὰ
1685 5420 1846 5488 φύσιν
1900 5422 2008 5475 ἀπὸ

419 5501 620 5564 κακίας
665 5501 764 5574 τὴν
815 5504 1003 5557 οὐσίαν
1036 5506 1200 5576 ἔχειν,
1252 5508 1378 5572 τοὺς
1422 5509 1478 5562 δὲ
1509 5510 1616 5564 ἀπὸ
1650 5513 2004 5586 ἀγαθότητος.

419 5590 624 5644 Οὐδένα
667 5592 723 5646 δὲ
768 5594 910 5648 κατὰ
948 5596 1174 5671 γνώμην
1199 5600 1402 5688 ἁγαθρν
1432 5601 1464 5671 ἢ
1495 5601 1698 5672 φαῦλον
1735 5604 2003 5674 λέγουσιν,

421 5683 555 5737 ἀλλά
586 5685 728 5739 κατὰ
765 5687 947 5757 φύσιν.

499 5869 512 5900 ³
548 5865 651 5924 Isa.
686 5884 740 5927 ν.
769 5867 857 5924 20.

2108 4786 2244 4826 voce
2267 4770 2718 4842 pradicatur.llli
2771 4778 2952 4824 autem
3003 4771 3352 4824 tenebrarum
3393 4775 3686 4836 amatores,

2113 4883 2178 4924 ac
2207 4867 2577 4923 maleﬁcorum
2609 4863 2911 4918 imitatores
2944 4862 3171 4917 Abelum
3203 4864 3456 4924 oderunt.
3491 4869 3545 4917 et
3575 4860 3692 4916 Cai-

2111 4977 2241 5016 num
2304 4965 2523 5024 amant,
2579 4963 2632 5010 et
2672 4952 2866 5009 Iudam
2920 4955 3196 5024 praconio
3251 4969 3352 5010 suo
3391 4953 3689 5009 celebrant.

2111 5050 2218 5106 Sed
2256 5059 2309 5104 et
2334 5046 2802 5119 perniciosissime
2829 5046 3096 5112 sentiunt,
3137 5045 3264 5099 dum
3296 5045 3548 5099 virtutem
3586 5045 3690 5099 du-

2109 5145 2306 5215 plicem
2329 5139 2703 5200 constituunt,
2735 5137 3064 5191 imbecillam
3085 5178 3100 5203 ,
3129 5146 3183 5191 et
3205 5136 3500 5191 ﬁrmiorem
3520 5175 3535 5200 ,
3567 5150 3689 5206 qua

2109 5248 2294 5290 secum
2332 5229 2566 5284 invicem
2600 5225 2939 5290 dissideant,
2974 5240 3038 5280 ac
3078 5242 3189 5279 non
3240 5227 3580 5280 voluntatum
3631 5225 3690 5281 in

2112 5324 2316 5382 mundo
2352 5322 2668 5377 varietatem
2700 5318 2969 5374 inferant:
3012 5317 3178 5389 279
3210 5317 3305 5374 sed
3351 5316 3481 5371 illud
3526 5315 3690 5387 perﬁ-

2113 5420 2296 5483 ciant,
2343 5414 2526 5485 utqui
2577 5413 2632 5466 in
2683 5412 2862 5466 lucem
2913 5412 3219 5480 prodeunt,
3271 5409 3362 5464 alii
3393 5410 3623 5480 primam
3659 5422 3689 5462 a

2113 5513 2258 5568 malo
2287 5517 2496 5564 natura
2526 5505 2813 5578 originem,
2844 5503 2935 5557 alii
2975 5518 3006 5558 a
3041 5504 3184 5558 bono
3221 5504 3516 5558 derivatam
3547 5502 3672 5557 acci-

2114 5605 2285 5674 piant.
2321 5600 2600 5656 Neminem
2657 5597 2802 5653 enim
2838 5597 2915 5650 illi
2963 5612 3028 5651 ex
3082 5596 3248 5650 animi
3296 5595 3687 5651 deliberatione

2115 5696 2319 5752 bonum
2359 5707 2481 5749 esse
2517 5689 2598 5745 vel
2631 5689 2853 5756 malum,
2893 5686 2988 5744 sed
3017 5695 3210 5743 natura
3254 5688 3373 5757 ipsa
3399 5686 3687 5744 deﬁniunt.
