  <div class='ocr_page' id='page_1' title='image "/cluster/home/n/w/nwhite01/storage/ocr_20150623/41/nnc1.0046978747/373.png"; bbox 0 0 4154 6404; ppageno 0'>
   <div class='ocr_carea' id='block_1_1' title="bbox 495 344 601 401">
    <p class='ocr_par' dir='ltr' id='par_1_1' title="bbox 495 344 601 401">
     <span class='ocr_line' id='line_1_1' title="bbox 495 344 601 401; baseline 0.028 -3"><span class='ocrx_word' id='word_1_1' title='bbox 495 344 601 401; x_wconf 80' lang='lat'><strong>659</strong></span> 
     </span>
    </p>
   </div>
   <div class='ocr_carea' id='block_1_2' title="bbox 1889 361 2334 423">
    <p class='ocr_par' dir='ltr' id='par_1_2' title="bbox 1889 361 2334 423">
     <span class='ocr_line' id='line_1_2' title="bbox 1889 361 2334 423; baseline 0.016 -6"><span class='ocrx_word' id='word_1_2' title='bbox 1889 361 1947 420; x_wconf 88' lang='lat' dir='ltr'><strong>S.</strong></span> <span class='ocrx_word' id='word_1_3' title='bbox 1991 362 2334 423; x_wconf 82' lang='lat' dir='ltr'><strong>EPIPHANH</strong></span> 
     </span>
    </p>
   </div>
   <div class='ocr_carea' id='block_1_3' title="bbox 3653 373 3761 428">
    <p class='ocr_par' dir='ltr' id='par_1_3' title="bbox 3653 373 3761 428">
     <span class='ocr_line' id='line_1_3' title="bbox 3653 373 3761 428; baseline 0 0"><span class='ocrx_word' id='word_1_4' title='bbox 3653 373 3761 428; x_wconf 80' lang='lat'><strong>600</strong></span> 
     </span>
    </p>
   </div>
   <div class='ocr_carea' id='block_1_4' title="bbox 563 467 2076 570">
    <p class='ocr_par' dir='ltr' id='par_1_4' title="bbox 563 467 2075 551">
     <span class='ocr_line' id='line_1_4' title="bbox 563 467 2075 551; baseline 0.012 -28"><span class='ocrx_word' id='word_1_5' title='bbox 563 467 653 524; x_wconf 83' lang='lat' dir='ltr'><strong>IV.</strong></span> <span class='ocrx_word' id='word_1_6' title='bbox 690 469 794 527; x_wconf 65' lang='lat' dir='ltr'><strong>Sed</strong></span> <span class='ocrx_word' id='word_1_7' title='bbox 828 473 894 529; x_wconf 89' lang='lat' dir='ltr'><strong>de</strong></span> <span class='ocrx_word' id='word_1_8' title='bbox 929 475 1100 531; x_wconf 90' lang='lat' dir='ltr'><strong>Caino</strong></span> <span class='ocrx_word' id='word_1_9' title='bbox 1134 478 1367 545; x_wconf 85' lang='lat' dir='ltr'><strong>primum</strong></span> <span class='ocrx_word' id='word_1_10' title='bbox 1401 480 1531 551; x_wconf 88' lang='lat' dir='ltr'><strong>quid</strong></span> <span class='ocrx_word' id='word_1_11' title='bbox 1571 481 1764 538; x_wconf 83' lang='lat' dir='ltr'><strong>Vetere</strong></span> <span class='ocrx_word' id='word_1_12' title='bbox 1793 485 1848 539; x_wconf 90' lang='lat' dir='ltr'><strong>in</strong></span> <span class='ocrx_word' id='word_1_13' title='bbox 1879 484 2075 540; x_wconf 83' lang='lat' dir='ltr'><strong>Testa-</strong></span> 
     </span>
    </p>
   </div>
   <div class='ocr_carea' id='block_1_5' title="bbox 2182 467 3761 570">
    <p class='ocr_par' dir='ltr' id='par_1_5' title="bbox 2247 493 3761 570">
     <span class='ocr_line' id='line_1_5' title="bbox 2247 493 3761 570; baseline 0.002 -25"><span class='ocrx_word' id='word_1_14' title='bbox 2247 493 2321 546; x_wconf 84' lang='lat' dir='ltr'><strong>A&#39;.</strong></span> <span class='ocrx_word' id='word_1_15' title='bbox 2364 495 2476 549; x_wconf 76' lang='grc' dir='ltr'><strong>Καὶ</strong></span> <span class='ocrx_word' id='word_1_16' title='bbox 2507 495 2722 568; x_wconf 84' lang='grc' dir='ltr'><em>πρῶτον</em></span> <span class='ocrx_word' id='word_1_17' title='bbox 2762 498 2963 570; x_wconf 75' lang='grc' dir='ltr'><em>ἴδωμεν</em></span> <span class='ocrx_word' id='word_1_18' title='bbox 2987 499 3115 569; x_wconf 74' lang='grc' dir='ltr'><em>περὶ</em></span> <span class='ocrx_word' id='word_1_19' title='bbox 3148 497 3242 551; x_wconf 77' lang='grc' dir='ltr'><em>τοῦ</em></span> <span class='ocrx_word' id='word_1_20' title='bbox 3279 497 3439 561; x_wconf 82' lang='grc' dir='ltr'><em>Κάῖν,</em></span> <span class='ocrx_word' id='word_1_21' title='bbox 3465 497 3542 558; x_wconf 87' lang='grc' dir='ltr'><strong>ὡς</strong></span> <span class='ocrx_word' id='word_1_22' title='bbox 3594 496 3628 564; x_wconf 84' lang='grc' dir='ltr'><strong>ὴ</strong></span> <span class='ocrx_word' id='word_1_23' title='bbox 3662 494 3761 564; x_wconf 81' lang='grc' dir='ltr'><strong>μὲν</strong></span> 
     </span>
    </p>
   </div>
   <div class='ocr_carea' id='block_1_6' title="bbox 492 567 2066 650">
    <p class='ocr_par' dir='ltr' id='par_1_6' title="bbox 492 567 2066 650">
     <span class='ocr_line' id='line_1_6' title="bbox 492 567 2066 650; baseline 0.011 -34"><span class='ocrx_word' id='word_1_24' title='bbox 492 573 678 617; x_wconf 88' lang='lat' dir='ltr'><strong>mento</strong></span> <span class='ocrx_word' id='word_1_25' title='bbox 706 567 968 637; x_wconf 86' lang='lat' dir='ltr'><strong>scriptum</strong></span> <span class='ocrx_word' id='word_1_26' title='bbox 1001 573 1069 624; x_wconf 88' lang='lat' dir='ltr'><strong>sit</strong></span> <span class='ocrx_word' id='word_1_27' title='bbox 1097 573 1472 642; x_wconf 83' lang='lat' dir='ltr'><strong>inspiciamus.</strong></span> <span class='ocrx_word' id='word_1_28' title='bbox 1503 575 1844 641; x_wconf 76' lang='lat' dir='ltr'><strong>Maledictus,</strong></span> <span class='ocrx_word' id='word_1_29' title='bbox 1869 580 2066 650; x_wconf 81' lang='lat' dir='ltr'><strong>inquit,</strong></span> 
     </span>
    </p>
   </div>
   <div class='ocr_carea' id='block_1_7' title="bbox 489 661 2072 748">
    <p class='ocr_par' dir='ltr' id='par_1_7' title="bbox 489 661 2072 748">
     <span class='ocr_line' id='line_1_7' title="bbox 489 661 2072 748; baseline 0.011 -34"><span class='ocrx_word' id='word_1_30' title='bbox 489 661 595 714; x_wconf 85' lang='lat' dir='ltr'><strong>eris</strong></span> <span class='ocrx_word' id='word_1_31' title='bbox 620 679 649 714; x_wconf 79' lang='grc' dir='ltr'><strong>ιι</strong></span> <span class='ocrx_word' id='word_1_32' title='bbox 683 671 845 730; x_wconf 87' lang='lat' dir='ltr'><strong>terra,</strong></span> <span class='ocrx_word' id='word_1_33' title='bbox 871 681 986 734; x_wconf 73' lang='lat' dir='ltr'><strong>qua:</strong></span> <span class='ocrx_word' id='word_1_34' title='bbox 1013 671 1216 735; x_wconf 86' lang='lat' dir='ltr'><strong>aperuit</strong></span> <span class='ocrx_word' id='word_1_35' title='bbox 1241 686 1298 724; x_wconf 88' lang='lat' dir='ltr'><strong>os</strong></span> <span class='ocrx_word' id='word_1_36' title='bbox 1329 689 1503 737; x_wconf 85' lang='lat' dir='ltr'><strong>suum,</strong></span> <span class='ocrx_word' id='word_1_37' title='bbox 1535 685 1582 728; x_wconf 89' lang='lat' dir='ltr'><strong>et</strong></span> <span class='ocrx_word' id='word_1_38' title='bbox 1610 677 1834 744; x_wconf 85' lang='lat' dir='ltr'><strong>suscepit</strong></span> <span class='ocrx_word' id='word_1_39' title='bbox 1858 680 2072 748; x_wconf 86' lang='lat' dir='ltr'><strong>sangui-</strong></span> 
     </span>
    </p>
   </div>
   <div class='ocr_carea' id='block_1_8' title="bbox 491 753 2072 839">
    <p class='ocr_par' dir='ltr' id='par_1_8' title="bbox 491 753 2072 839">
     <span class='ocr_line' id='line_1_8' title="bbox 491 753 2072 839; baseline 0.012 -34"><span class='ocrx_word' id='word_1_40' title='bbox 491 767 608 805; x_wconf 87' lang='lat' dir='ltr'><strong>nem</strong></span> <span class='ocrx_word' id='word_1_41' title='bbox 641 753 828 822; x_wconf 76' lang='lat' dir='ltr'><strong>fratris</strong></span> <span class='ocrx_word' id='word_1_42' title='bbox 863 760 937 810; x_wconf 89' lang='lat' dir='ltr'><strong>tui</strong></span> <span class='ocrx_word' id='word_1_43' title='bbox 965 758 1028 813; x_wconf 89' lang='lat' dir='ltr'><strong>de</strong></span> <span class='ocrx_word' id='word_1_44' title='bbox 1061 779 1220 816; x_wconf 85' lang='lat' dir='ltr'><strong>manu</strong></span> <span class='ocrx_word' id='word_1_45' title='bbox 1244 775 1371 818; x_wconf 89' lang='lat' dir='ltr'><strong>tua:</strong></span> <span class='ocrx_word' id='word_1_46' title='bbox 1403 766 1538 835; x_wconf 64' lang='grc' dir='ltr'><strong>(Μ’)</strong></span> <span class='ocrx_word' id='word_1_47' title='bbox 1564 768 1769 838; x_wconf 76' lang='lat' dir='ltr'><strong>erisque</strong></span> <span class='ocrx_word' id='word_1_48' title='bbox 1791 785 1996 839; x_wconf 83' lang='lat' dir='ltr'><strong>gemens</strong></span> <span class='ocrx_word' id='word_1_49' title='bbox 2020 781 2072 824; x_wconf 84' lang='lat' dir='ltr'><strong>et</strong></span> 
     </span>
    </p>
   </div>
   <div class='ocr_carea' id='block_1_9' title="bbox 495 853 2070 934">
    <p class='ocr_par' dir='ltr' id='par_1_9' title="bbox 495 853 2070 934">
     <span class='ocr_line' id='line_1_9' title="bbox 495 853 2070 934; baseline 0.014 -38"><span class='ocrx_word' id='word_1_50' title='bbox 495 853 718 901; x_wconf 84' lang='lat' dir='ltr'><strong>tremens</strong></span> <span class='ocrx_word' id='word_1_51' title='bbox 749 866 904 918; x_wconf 80' lang='lat' dir='ltr'><strong><em>super</em></strong></span> <span class='ocrx_word' id='word_1_52' title='bbox 934 861 1131 906; x_wconf 87' lang='lat' dir='ltr'><strong>terram</strong></span> <span class='ocrx_word' id='word_1_53' title='bbox 1159 857 1197 908; x_wconf 83' lang='grc'><strong>¹.</strong></span> <span class='ocrx_word' id='word_1_54' title='bbox 1226 857 1434 922; x_wconf 89' lang='lat' dir='ltr'><strong>Quibus</strong></span> <span class='ocrx_word' id='word_1_55' title='bbox 1465 875 1524 912; x_wconf 86' lang='lat' dir='ltr'><strong>ea</strong></span> <span class='ocrx_word' id='word_1_56' title='bbox 1549 862 1918 934; x_wconf 87' lang='lat' dir='ltr'><strong>consentiunt,</strong></span> <span class='ocrx_word' id='word_1_57' title='bbox 1949 879 2070 934; x_wconf 74' lang='lat' dir='ltr'><strong>qua:</strong></span> 
     </span>
    </p>
   </div>
   <div class='ocr_carea' id='block_1_10' title="bbox 493 933 2072 1021">
    <p class='ocr_par' dir='ltr' id='par_1_10' title="bbox 493 933 2072 1021">
     <span class='ocr_line' id='line_1_10' title="bbox 493 933 2072 1021; baseline 0.011 -32"><span class='ocrx_word' id='word_1_58' title='bbox 493 935 559 990; x_wconf 78' lang='lat' dir='ltr'><strong>de</strong></span> <span class='ocrx_word' id='word_1_59' title='bbox 588 939 777 992; x_wconf 88' lang='lat' dir='ltr'><strong>eodem</strong></span> <span class='ocrx_word' id='word_1_60' title='bbox 815 939 1076 998; x_wconf 87' lang='lat' dir='ltr'><strong>Dominus</strong></span> <span class='ocrx_word' id='word_1_61' title='bbox 1100 946 1154 998; x_wconf 89' lang='lat' dir='ltr'><strong>in</strong></span> <span class='ocrx_word' id='word_1_62' title='bbox 1179 945 1469 1021; x_wconf 85' lang='lat' dir='ltr'><strong>Evangelio</strong></span> <span class='ocrx_word' id='word_1_63' title='bbox 1498 933 1739 1018; x_wconf 79' lang='lat' dir='ltr'><strong>loquitur</strong></span> <span class='ocrx_word' id='word_1_64' title='bbox 1765 993 1779 1015; x_wconf 93' lang='lat'><strong>,</strong></span> <span class='ocrx_word' id='word_1_65' title='bbox 1813 967 1937 1005; x_wconf 91' lang='lat' dir='ltr'><strong>cum</strong></span> <span class='ocrx_word' id='word_1_66' title='bbox 1968 933 2072 1006; x_wconf 14' lang='lat' dir='ltr'><strong>iJu-</strong></span> 
     </span>
    </p>
   </div>
   <div class='ocr_carea' id='block_1_11' title="bbox 495 1027 2068 1098">
    <p class='ocr_par' dir='ltr' id='par_1_11' title="bbox 495 1027 2068 1098">
     <span class='ocr_line' id='line_1_11' title="bbox 495 1027 2068 1098; baseline 0.014 -21"><span class='ocrx_word' id='word_1_67' title='bbox 495 1027 592 1079; x_wconf 66' lang='lat' dir='ltr'><strong>dmi</strong></span> <span class='ocrx_word' id='word_1_68' title='bbox 635 1027 935 1096; x_wconf 80' lang='lat' dir='ltr'><strong>dixissent,</strong></span> <span class='ocrx_word' id='word_1_69' title='bbox 967 1032 1186 1089; x_wconf 79' lang='lat' dir='ltr'><strong>Patrem</strong></span> <span class='ocrx_word' id='word_1_70' title='bbox 1216 1037 1464 1092; x_wconf 80' lang='lat' dir='ltr'><strong>habemus</strong></span> <span class='ocrx_word' id='word_1_71' title='bbox 1499 1039 1666 1093; x_wconf 87' lang='lat' dir='ltr'><strong>Deum</strong></span> <span class='ocrx_word' id='word_1_72' title='bbox 1691 1043 1734 1094; x_wconf 80' lang='lat'><strong>&#39;.</strong></span> <span class='ocrx_word' id='word_1_73' title='bbox 1779 1039 1870 1097; x_wconf 89' lang='lat' dir='ltr'><strong>Sic</strong></span> <span class='ocrx_word' id='word_1_74' title='bbox 1923 1045 2068 1098; x_wconf 89' lang='lat' dir='ltr'><strong>enim</strong></span> 
     </span>
    </p>
   </div>
   <div class='ocr_carea' id='block_1_12' title="bbox 493 1117 2072 1201">
    <p class='ocr_par' dir='ltr' id='par_1_12' title="bbox 493 1117 2072 1201">
     <span class='ocr_line' id='line_1_12' title="bbox 493 1117 2072 1201; baseline 0.012 -32"><span class='ocrx_word' id='word_1_75' title='bbox 493 1117 757 1173; x_wconf 82' lang='lat' dir='ltr'><strong>Dominus</strong></span> <span class='ocrx_word' id='word_1_76' title='bbox 789 1126 1070 1180; x_wconf 88' lang='lat' dir='ltr'><strong>occurrit:</strong></span> <span class='ocrx_word' id='word_1_77' title='bbox 1116 1127 1214 1182; x_wconf 81' lang='lat' dir='ltr'><strong>Vos</strong></span> <span class='ocrx_word' id='word_1_78' title='bbox 1253 1131 1357 1198; x_wconf 83' lang='lat' dir='ltr'><strong>ﬁlii</strong></span> <span class='ocrx_word' id='word_1_79' title='bbox 1393 1133 1518 1185; x_wconf 89' lang='lat' dir='ltr'><strong>estis</strong></span> <span class='ocrx_word' id='word_1_80' title='bbox 1553 1133 1723 1201; x_wconf 81' lang='lat' dir='ltr'><strong>patris</strong></span> <span class='ocrx_word' id='word_1_81' title='bbox 1750 1135 1908 1187; x_wconf 78' lang='lat' dir='ltr'><strong>vestri</strong></span> <span class='ocrx_word' id='word_1_82' title='bbox 1954 1136 2072 1188; x_wconf 87' lang='lat' dir='ltr'><strong>dia-</strong></span> 
     </span>
    </p>
   </div>
   <div class='ocr_carea' id='block_1_13' title="bbox 494 1209 2070 1294">
    <p class='ocr_par' dir='ltr' id='par_1_13' title="bbox 494 1209 2070 1294">
     <span class='ocr_line' id='line_1_13' title="bbox 494 1209 2070 1294; baseline 0.013 -33"><span class='ocrx_word' id='word_1_83' title='bbox 494 1209 621 1274; x_wconf 89' lang='lat' dir='ltr'><strong>boli,</strong></span> <span class='ocrx_word' id='word_1_84' title='bbox 647 1215 895 1282; x_wconf 89' lang='lat' dir='ltr'><strong>quoniam</strong></span> <span class='ocrx_word' id='word_1_85' title='bbox 925 1218 1151 1272; x_wconf 77' lang='lat' dir='ltr'><strong>mendax</strong></span> <span class='ocrx_word' id='word_1_86' title='bbox 1179 1228 1290 1286; x_wconf 82' lang='lat' dir='ltr'><strong>est;</strong></span> <span class='ocrx_word' id='word_1_87' title='bbox 1319 1225 1568 1293; x_wconf 84' lang='lat' dir='ltr'><strong>quoniam</strong></span> <span class='ocrx_word' id='word_1_88' title='bbox 1602 1236 1752 1292; x_wconf 86' lang='lat' dir='ltr'><strong>pater</strong></span> <span class='ocrx_word' id='word_1_89' title='bbox 1783 1226 1896 1294; x_wconf 86' lang='lat' dir='ltr'><strong>ejus</strong></span> <span class='ocrx_word' id='word_1_90' title='bbox 1925 1243 2070 1281; x_wconf 87' lang='lat' dir='ltr'><strong>men-</strong></span> 
     </span>
    </p>
   </div>
   <div class='ocr_carea' id='block_1_14' title="bbox 492 1302 2072 1380">
    <p class='ocr_par' dir='ltr' id='par_1_14' title="bbox 492 1302 2072 1380">
     <span class='ocr_line' id='line_1_14' title="bbox 492 1302 2072 1380; baseline 0.013 -28"><span class='ocrx_word' id='word_1_91' title='bbox 492 1302 602 1356; x_wconf 77' lang='lat' dir='ltr'><strong>dax</strong></span> <span class='ocrx_word' id='word_1_92' title='bbox 629 1313 728 1360; x_wconf 87' lang='lat' dir='ltr'><strong>est.</strong></span> <span class='ocrx_word' id='word_1_93' title='bbox 771 1304 872 1360; x_wconf 83' lang='lat' dir='ltr'><strong>Ille</strong></span> <span class='ocrx_word' id='word_1_94' title='bbox 895 1308 1159 1365; x_wconf 78' lang='lat' dir='ltr'><strong>homicida</strong></span> <span class='ocrx_word' id='word_1_95' title='bbox 1206 1313 1309 1380; x_wconf 81' lang='lat' dir='ltr'><strong>fuit</strong></span> <span class='ocrx_word' id='word_1_96' title='bbox 1342 1314 1406 1366; x_wconf 88' lang='lat' dir='ltr'><strong>ab</strong></span> <span class='ocrx_word' id='word_1_97' title='bbox 1455 1316 1640 1380; x_wconf 85' lang='lat' dir='ltr'><strong>initio,</strong></span> <span class='ocrx_word' id='word_1_98' title='bbox 1673 1326 1722 1370; x_wconf 87' lang='lat' dir='ltr'><strong>et</strong></span> <span class='ocrx_word' id='word_1_99' title='bbox 1770 1319 1825 1371; x_wconf 91' lang='lat' dir='ltr'><strong>in</strong></span> <span class='ocrx_word' id='word_1_100' title='bbox 1853 1320 2072 1374; x_wconf 80' lang='lat' dir='ltr'><strong>veritate</strong></span> 
     </span>
    </p>
   </div>
   <div class='ocr_carea' id='block_1_15' title="bbox 493 1401 2073 1480">
    <p class='ocr_par' dir='ltr' id='par_1_15' title="bbox 493 1401 2073 1480">
     <span class='ocr_line' id='line_1_15' title="bbox 493 1401 2073 1480; baseline 0.011 -30"><span class='ocrx_word' id='word_1_101' title='bbox 493 1413 596 1450; x_wconf 91' lang='lat' dir='ltr'><strong>non</strong></span> <span class='ocrx_word' id='word_1_102' title='bbox 640 1401 803 1455; x_wconf 82' lang='lat' dir='ltr'><strong>stetit.</strong></span> <span class='ocrx_word' id='word_1_103' title='bbox 839 1401 971 1456; x_wconf 89' lang='lat' dir='ltr'><strong>Cum</strong></span> <span class='ocrx_word' id='word_1_104' title='bbox 1002 1404 1251 1470; x_wconf 84' lang='lat' dir='ltr'><strong>loquitur,</strong></span> <span class='ocrx_word' id='word_1_105' title='bbox 1294 1408 1625 1462; x_wconf 85' lang='lat' dir='ltr'><strong>mendacium</strong></span> <span class='ocrx_word' id='word_1_106' title='bbox 1660 1426 1725 1465; x_wconf 76' lang='lat' dir='ltr'><strong>ea:</strong></span> <span class='ocrx_word' id='word_1_107' title='bbox 1751 1412 1965 1480; x_wconf 83' lang='lat' dir='ltr'><strong>proprio</strong></span> <span class='ocrx_word' id='word_1_108' title='bbox 1997 1414 2073 1467; x_wconf 86' lang='lat' dir='ltr'><strong>lo-</strong></span> 
     </span>
    </p>
   </div>
   <div class='ocr_carea' id='block_1_16' title="bbox 492 1494 2071 1571">
    <p class='ocr_par' dir='ltr' id='par_1_16' title="bbox 492 1494 2071 1571">
     <span class='ocr_line' id='line_1_16' title="bbox 492 1494 2071 1571; baseline 0.011 -28"><span class='ocrx_word' id='word_1_109' title='bbox 492 1494 708 1560; x_wconf 82' lang='lat' dir='ltr'><strong>quitur,</strong></span> <span class='ocrx_word' id='word_1_110' title='bbox 749 1497 999 1565; x_wconf 87' lang='lat' dir='ltr'><strong>quoniam</strong></span> <span class='ocrx_word' id='word_1_111' title='bbox 1052 1508 1102 1552; x_wconf 81' lang='lat' dir='ltr'><strong>et</strong></span> <span class='ocrx_word' id='word_1_112' title='bbox 1160 1510 1309 1568; x_wconf 87' lang='lat' dir='ltr'><strong>pater</strong></span> <span class='ocrx_word' id='word_1_113' title='bbox 1365 1501 1483 1571; x_wconf 86' lang='lat' dir='ltr'><strong>ejus</strong></span> <span class='ocrx_word' id='word_1_114' title='bbox 1537 1503 1762 1558; x_wconf 73' lang='lat' dir='ltr'><strong>mendax</strong></span> <span class='ocrx_word' id='word_1_115' title='bbox 1797 1515 1935 1560; x_wconf 88' lang='lat' dir='ltr'><strong>erat.</strong></span> <span class='ocrx_word' id='word_1_116' title='bbox 1993 1505 2071 1560; x_wconf 83' lang='lat' dir='ltr'><strong>Ex</strong></span> 
     </span>
    </p>
   </div>
   <div class='ocr_carea' id='block_1_17' title="bbox 492 1587 2072 1667">
    <p class='ocr_par' dir='ltr' id='par_1_17' title="bbox 492 1587 2072 1667">
     <span class='ocr_line' id='line_1_17' title="bbox 492 1587 2072 1667; baseline 0.012 -32"><span class='ocrx_word' id='word_1_117' title='bbox 492 1598 602 1650; x_wconf 87' lang='lat' dir='ltr'><strong>quo</strong></span> <span class='ocrx_word' id='word_1_118' title='bbox 630 1591 684 1638; x_wconf 92' lang='lat' dir='ltr'><strong>et</strong></span> <span class='ocrx_word' id='word_1_119' title='bbox 715 1587 947 1643; x_wconf 59' lang='lat' dir='ltr'><strong>haereses</strong></span> <span class='ocrx_word' id='word_1_120' title='bbox 971 1589 1092 1643; x_wconf 71' lang='lat' dir='ltr'><strong>alia:</strong></span> <span class='ocrx_word' id='word_1_121' title='bbox 1122 1606 1246 1645; x_wconf 91' lang='lat' dir='ltr'><strong>cum</strong></span> <span class='ocrx_word' id='word_1_122' title='bbox 1277 1592 1416 1647; x_wconf 90' lang='lat' dir='ltr'><strong>hanc</strong></span> <span class='ocrx_word' id='word_1_123' title='bbox 1443 1610 1630 1650; x_wconf 88' lang='lat' dir='ltr'><strong>vocem</strong></span> <span class='ocrx_word' id='word_1_124' title='bbox 1669 1597 1898 1652; x_wconf 88' lang='lat' dir='ltr'><strong>audiunt</strong></span> <span class='ocrx_word' id='word_1_125' title='bbox 1921 1641 1935 1667; x_wconf 93' lang='lat'><strong>,</strong></span> <span class='ocrx_word' id='word_1_126' title='bbox 1975 1597 2072 1654; x_wconf 83' lang='grc' dir='ltr'><em>,ιυ-</em></span> 
     </span>
    </p>
   </div>
   <div class='ocr_carea' id='block_1_18' title="bbox 491 1675 2070 1752">
    <p class='ocr_par' dir='ltr' id='par_1_18' title="bbox 491 1675 2070 1752">
     <span class='ocr_line' id='line_1_18' title="bbox 491 1675 2070 1752; baseline 0.013 -25"><span class='ocrx_word' id='word_1_127' title='bbox 491 1675 734 1731; x_wconf 81' lang='lat' dir='ltr'><strong>daeorum</strong></span> <span class='ocrx_word' id='word_1_128' title='bbox 762 1685 972 1748; x_wconf 82' lang='lat' dir='ltr'><strong>patrem</strong></span> <span class='ocrx_word' id='word_1_129' title='bbox 1013 1681 1285 1738; x_wconf 89' lang='lat' dir='ltr'><strong>diabolum</strong></span> <span class='ocrx_word' id='word_1_130' title='bbox 1322 1702 1445 1742; x_wconf 90' lang='lat' dir='ltr'><strong>esse</strong></span> <span class='ocrx_word' id='word_1_131' title='bbox 1469 1687 1688 1752; x_wconf 88' lang='lat' dir='ltr'><strong>dicunt,</strong></span> <span class='ocrx_word' id='word_1_132' title='bbox 1720 1690 1808 1744; x_wconf 92' lang='lat' dir='ltr'><strong>cui</strong></span> <span class='ocrx_word' id='word_1_133' title='bbox 1846 1698 1901 1746; x_wconf 88' lang='lat' dir='ltr'><strong>et</strong></span> <span class='ocrx_word' id='word_1_134' title='bbox 1931 1691 2070 1747; x_wconf 88' lang='lat' dir='ltr'><strong>alius</strong></span> 
     </span>
    </p>
   </div>
   <div class='ocr_carea' id='block_1_19' title="bbox 491 1767 2068 1851">
    <p class='ocr_par' dir='ltr' id='par_1_19' title="bbox 491 1767 2068 1851">
     <span class='ocr_line' id='line_1_19' title="bbox 491 1767 2068 1851; baseline 0.011 -29"><span class='ocrx_word' id='word_1_135' title='bbox 491 1767 565 1822; x_wconf 86' lang='lat' dir='ltr'><strong>sit</strong></span> <span class='ocrx_word' id='word_1_136' title='bbox 590 1778 763 1837; x_wconf 89' lang='lat' dir='ltr'><strong>pater,</strong></span> <span class='ocrx_word' id='word_1_137' title='bbox 783 1771 1019 1843; x_wconf 88' lang='lat' dir='ltr'><strong>huicque</strong></span> <span class='ocrx_word' id='word_1_138' title='bbox 1043 1776 1228 1830; x_wconf 84' lang='lat' dir='ltr'><strong>itidem</strong></span> <span class='ocrx_word' id='word_1_139' title='bbox 1256 1778 1414 1834; x_wconf 92' lang='lat' dir='ltr'><strong>alius.</strong></span> <span class='ocrx_word' id='word_1_140' title='bbox 1444 1778 1550 1833; x_wconf 87' lang='lat' dir='ltr'><strong>Sed</strong></span> <span class='ocrx_word' id='word_1_141' title='bbox 1576 1791 1843 1836; x_wconf 60' lang='lat' dir='ltr'><strong>excaecata</strong></span> <span class='ocrx_word' id='word_1_142' title='bbox 1867 1791 2068 1851; x_wconf 81' lang='lat' dir='ltr'><strong>mente,</strong></span> 
     </span>
    </p>
   </div>
   <div class='ocr_carea' id='block_1_20' title="bbox 2180 583 3761 662">
    <p class='ocr_par' dir='ltr' id='par_1_20' title="bbox 2180 583 3761 662">
     <span class='ocr_line' id='line_1_20' title="bbox 2180 583 3761 662; baseline -0.001 -24"><span class='ocrx_word' id='word_1_143' title='bbox 2180 586 2390 640; x_wconf 79' lang='grc' dir='ltr'><strong>Παλαιὰ</strong></span> <span class='ocrx_word' id='word_1_144' title='bbox 2434 589 2674 661; x_wconf 75' lang='grc' dir='ltr'><em>Διαθήκη</em></span> <span class='ocrx_word' id='word_1_145' title='bbox 2726 592 2923 662; x_wconf 78' lang='grc' dir='ltr'><em>φησίν·</em></span> <span class='ocrx_word' id='word_1_146' title='bbox 2989 588 3454 657; x_wconf 79' lang='grc' dir='ltr'><strong>Ἐπικατάρατος</strong></span> <span class='ocrx_word' id='word_1_147' title='bbox 3505 585 3587 640; x_wconf 86' lang='grc' dir='ltr'><em>σὺ</em></span> <span class='ocrx_word' id='word_1_148' title='bbox 3640 583 3761 639; x_wconf 73' lang='grc' dir='ltr'><strong>ἀπὸ</strong></span> 
     </span>
    </p>
   </div>
   <div class='ocr_carea' id='block_1_21' title="bbox 2176 675 3759 749">
    <p class='ocr_par' dir='ltr' id='par_1_21' title="bbox 2176 675 3759 749">
     <span class='ocr_line' id='line_1_21' title="bbox 2176 675 3759 749; baseline -0.001 -22"><span class='ocrx_word' id='word_1_149' title='bbox 2176 675 2288 744; x_wconf 85' lang='grc' dir='ltr'><em>τῆς</em></span> <span class='ocrx_word' id='word_1_150' title='bbox 2321 677 2454 747; x_wconf 77' lang='grc' dir='ltr'><em>γῆς,</em></span> <span class='ocrx_word' id='word_1_151' title='bbox 2492 678 2624 745; x_wconf 76' lang='grc' dir='ltr'><em>ἣτις</em></span> <span class='ocrx_word' id='word_1_152' title='bbox 2663 680 2844 748; x_wconf 82' lang='grc' dir='ltr'><em>ἕχανε</em></span> <span class='ocrx_word' id='word_1_153' title='bbox 2885 680 2951 734; x_wconf 84' lang='grc' dir='ltr'><em>τὸ</em></span> <span class='ocrx_word' id='word_1_154' title='bbox 2999 683 3194 749; x_wconf 76' lang='grc' dir='ltr'><em>στόμα</em></span> <span class='ocrx_word' id='word_1_155' title='bbox 3237 678 3430 746; x_wconf 81' lang='grc' dir='ltr'><em>αὐτῆς</em></span> <span class='ocrx_word' id='word_1_156' title='bbox 3471 676 3759 741; x_wconf 84' lang='grc' dir='ltr'><em>δέξασθαι</em></span> 
     </span>
    </p>
   </div>
   <div class='ocr_carea' id='block_1_22' title="bbox 2177 764 3755 840">
    <p class='ocr_par' dir='ltr' id='par_1_22' title="bbox 2177 764 3755 840">
     <span class='ocr_line' id='line_1_22' title="bbox 2177 764 3755 840; baseline -0.001 -20"><span class='ocrx_word' id='word_1_157' title='bbox 2177 769 2244 821; x_wconf 86' lang='grc' dir='ltr'><em>τὸ</em></span> <span class='ocrx_word' id='word_1_158' title='bbox 2284 764 2427 838; x_wconf 59' lang='grc' dir='ltr'><em>αἷμα</em></span> <span class='ocrx_word' id='word_1_159' title='bbox 2478 771 2584 825; x_wconf 87' lang='grc' dir='ltr'><em>τοῦ</em></span> <span class='ocrx_word' id='word_1_160' title='bbox 2617 773 2881 840; x_wconf 70' lang='grc' dir='ltr'><em>ἀδελφοῦ</em></span> <span class='ocrx_word' id='word_1_161' title='bbox 2923 789 3038 826; x_wconf 86' lang='grc' dir='ltr'><em>σου</em></span> <span class='ocrx_word' id='word_1_162' title='bbox 3093 771 3161 825; x_wconf 79' lang='grc' dir='ltr'><strong><em>ἐκ</em></strong></span> <span class='ocrx_word' id='word_1_163' title='bbox 3208 770 3320 838; x_wconf 81' lang='grc' dir='ltr'><em>τῆς</em></span> <span class='ocrx_word' id='word_1_164' title='bbox 3373 769 3568 838; x_wconf 69' lang='grc' dir='ltr'><em>χειρός</em></span> <span class='ocrx_word' id='word_1_165' title='bbox 3617 781 3755 820; x_wconf 88' lang='grc' dir='ltr'><em>σου’</em></span> 
     </span>
    </p>
   </div>
   <div class='ocr_carea' id='block_1_23' title="bbox 2178 857 3759 930">
    <p class='ocr_par' dir='ltr' id='par_1_23' title="bbox 2178 857 3759 930">
     <span class='ocr_line' id='line_1_23' title="bbox 2178 857 3759 930; baseline 0.006 -22"><span class='ocrx_word' id='word_1_166' title='bbox 2178 857 2273 909; x_wconf 77' lang='grc' dir='ltr'><strong>καὶ</strong></span> <span class='ocrx_word' id='word_1_167' title='bbox 2339 858 2531 912; x_wconf 81' lang='grc' dir='ltr'><em>πάλιν·</em></span> <span class='ocrx_word' id='word_1_168' title='bbox 2615 861 3076 930; x_wconf 78' lang='grc' dir='ltr'><strong>Ἐπικατάρατος</strong></span> <span class='ocrx_word' id='word_1_169' title='bbox 3127 861 3208 915; x_wconf 86' lang='grc' dir='ltr'><em>σὺ</em></span> <span class='ocrx_word' id='word_1_170' title='bbox 3266 863 3335 914; x_wconf 84' lang='grc' dir='ltr'><em>ἐν</em></span> <span class='ocrx_word' id='word_1_171' title='bbox 3385 860 3509 926; x_wconf 76' lang='grc' dir='ltr'><em>τοῖς</em></span> <span class='ocrx_word' id='word_1_172' title='bbox 3563 859 3759 928; x_wconf 79' lang='grc' dir='ltr'><strong>ἔργοις</strong></span> 
     </span>
    </p>
   </div>
   <div class='ocr_carea' id='block_1_24' title="bbox 2177 950 3755 1023">
    <p class='ocr_par' dir='ltr' id='par_1_24' title="bbox 2177 950 3755 1023">
     <span class='ocr_line' id='line_1_24' title="bbox 2177 950 3755 1023; baseline 0.003 -21"><span class='ocrx_word' id='word_1_173' title='bbox 2177 964 2316 1018; x_wconf 87' lang='grc' dir='ltr'><em>σου,</em></span> <span class='ocrx_word' id='word_1_174' title='bbox 2347 951 2444 1004; x_wconf 84' lang='grc' dir='ltr'><em>καὶ</em></span> <span class='ocrx_word' id='word_1_175' title='bbox 2476 953 2590 1022; x_wconf 79' lang='grc' dir='ltr'><strong>ἔσῃ</strong></span> <span class='ocrx_word' id='word_1_176' title='bbox 2628 953 2860 1007; x_wconf 84' lang='grc' dir='ltr'><em>στένων</em></span> <span class='ocrx_word' id='word_1_177' title='bbox 2901 955 3000 1008; x_wconf 78' lang='grc' dir='ltr'><em>καὶ</em></span> <span class='ocrx_word' id='word_1_178' title='bbox 3049 955 3276 1023; x_wconf 81' lang='grc' dir='ltr'><strong>τρέμων</strong></span> <span class='ocrx_word' id='word_1_179' title='bbox 3315 954 3414 1008; x_wconf 71' lang='grc' dir='ltr'><strong>ἐπὶ</strong></span> <span class='ocrx_word' id='word_1_180' title='bbox 3463 952 3574 1020; x_wconf 78' lang='grc' dir='ltr'><em>τῆς</em></span> <span class='ocrx_word' id='word_1_181' title='bbox 3622 950 3755 1021; x_wconf 77' lang='grc' dir='ltr'><strong>τῆς.</strong></span> 
     </span>
    </p>
   </div>
   <div class='ocr_carea' id='block_1_25' title="bbox 2180 1042 3761 1118">
    <p class='ocr_par' dir='ltr' id='par_1_25' title="bbox 2180 1042 3761 1118">
     <span class='ocr_line' id='line_1_25' title="bbox 2180 1042 3761 1118; baseline 0.003 -24"><span class='ocrx_word' id='word_1_182' title='bbox 2180 1042 2396 1112; x_wconf 74' lang='grc' dir='ltr'><em>Συνῳδὰ</em></span> <span class='ocrx_word' id='word_1_183' title='bbox 2425 1044 2481 1096; x_wconf 85' lang='grc' dir='ltr'><em>δὲ</em></span> <span class='ocrx_word' id='word_1_184' title='bbox 2510 1048 2576 1116; x_wconf 84' lang='grc' dir='ltr'><em>τῇ</em></span> <span class='ocrx_word' id='word_1_185' title='bbox 2603 1046 2817 1117; x_wconf 82' lang='grc' dir='ltr'><em>Παλαιᾷ</em></span> <span class='ocrx_word' id='word_1_186' title='bbox 2847 1045 3090 1118; x_wconf 58' lang='lat' dir='ltr'><strong>suam</strong></span> <span class='ocrx_word' id='word_1_187' title='bbox 3119 1049 3146 1098; x_wconf 90' lang='lat'><strong>6</strong></span> <span class='ocrx_word' id='word_1_188' title='bbox 3169 1045 3373 1117; x_wconf 82' lang='grc' dir='ltr'><em>Κύριος</em></span> <span class='ocrx_word' id='word_1_189' title='bbox 3396 1047 3452 1098; x_wconf 84' lang='grc' dir='ltr'><em>ὲν</em></span> <span class='ocrx_word' id='word_1_190' title='bbox 3476 1043 3554 1114; x_wconf 86' lang='grc' dir='ltr'><em>τῷ</em></span> <span class='ocrx_word' id='word_1_191' title='bbox 3581 1044 3761 1112; x_wconf 85' lang='grc' dir='ltr'><em>Εὐαγ-</em></span> 
     </span>
    </p>
   </div>
   <div class='ocr_carea' id='block_1_26' title="bbox 2177 1135 3754 1208">
    <p class='ocr_par' dir='ltr' id='par_1_26' title="bbox 2177 1135 3754 1208">
     <span class='ocr_line' id='line_1_26' title="bbox 2177 1135 3754 1208; baseline 0.002 -20"><span class='ocrx_word' id='word_1_192' title='bbox 2177 1135 2343 1206; x_wconf 84' lang='grc' dir='ltr'><em>γελίῳ</em></span> <span class='ocrx_word' id='word_1_193' title='bbox 2405 1140 2526 1208; x_wconf 81' lang='grc' dir='ltr'><em>περὶ</em></span> <span class='ocrx_word' id='word_1_194' title='bbox 2580 1139 2770 1192; x_wconf 88' lang='grc' dir='ltr'><em>τούτου</em></span> <span class='ocrx_word' id='word_1_195' title='bbox 2821 1140 2988 1208; x_wconf 82' lang='grc' dir='ltr'><strong>λέγει,</strong></span> <span class='ocrx_word' id='word_1_196' title='bbox 3067 1141 3156 1192; x_wconf 83' lang='grc' dir='ltr'><em>ὅτε</em></span> <span class='ocrx_word' id='word_1_197' title='bbox 3235 1139 3473 1192; x_wconf 86' lang='grc' dir='ltr'><em>Ἰουδαῖοι</em></span> <span class='ocrx_word' id='word_1_198' title='bbox 3540 1137 3754 1206; x_wconf 55' lang='grc' dir='ltr'><em>ἔλεγον</em></span> 
     </span>
    </p>
   </div>
   <div class='ocr_carea' id='block_1_27' title="bbox 2190 1229 3760 1301">
    <p class='ocr_par' dir='ltr' id='par_1_27' title="bbox 2190 1229 3760 1301">
     <span class='ocr_line' id='line_1_27' title="bbox 2190 1229 3760 1301; baseline -0.002 -16"><span class='ocrx_word' id='word_1_199' title='bbox 2190 1229 2381 1299; x_wconf 83' lang='grc' dir='ltr'><strong>Ἡμεῖς</strong></span> <span class='ocrx_word' id='word_1_200' title='bbox 2410 1231 2641 1301; x_wconf 84' lang='grc' dir='ltr'><em>Πατέρα</em></span> <span class='ocrx_word' id='word_1_201' title='bbox 2686 1230 2905 1301; x_wconf 81' lang='grc' dir='ltr'><em>ἔχομεν</em></span> <span class='ocrx_word' id='word_1_202' title='bbox 2948 1232 3056 1285; x_wconf 81' lang='grc' dir='ltr'><em>τὸν</em></span> <span class='ocrx_word' id='word_1_203' title='bbox 3106 1233 3274 1286; x_wconf 62' lang='lat' dir='ltr'><strong>om.</strong></span> <span class='ocrx_word' id='word_1_204' title='bbox 3335 1231 3392 1284; x_wconf 88' lang='grc' dir='ltr'>Ὀ</span> <span class='ocrx_word' id='word_1_205' title='bbox 3446 1230 3503 1284; x_wconf 79' lang='grc' dir='ltr'><em>δὲ</em></span> <span class='ocrx_word' id='word_1_206' title='bbox 3557 1231 3760 1301; x_wconf 79' lang='grc' dir='ltr'><em>Κύριος</em></span> 
     </span>
    </p>
   </div>
   <div class='ocr_carea' id='block_1_28' title="bbox 2179 1320 3759 1396">
    <p class='ocr_par' dir='ltr' id='par_1_28' title="bbox 2179 1320 3759 1396">
     <span class='ocr_line' id='line_1_28' title="bbox 2179 1320 3759 1396; baseline -0.001 -22"><span class='ocrx_word' id='word_1_207' title='bbox 2179 1321 2316 1392; x_wconf 81' lang='grc' dir='ltr'><em>πρὸς</em></span> <span class='ocrx_word' id='word_1_208' title='bbox 2356 1322 2554 1384; x_wconf 81' lang='grc' dir='ltr'><em>αὐτοὺς</em></span> <span class='ocrx_word' id='word_1_209' title='bbox 2602 1320 2735 1392; x_wconf 75' lang='grc' dir='ltr'><strong>ἔφη’</strong></span> <span class='ocrx_word' id='word_1_210' title='bbox 2782 1321 2979 1392; x_wconf 83' lang='grc' dir='ltr'><strong>’Υμεῒς</strong></span> <span class='ocrx_word' id='word_1_211' title='bbox 3034 1324 3155 1376; x_wconf 77' lang='grc' dir='ltr'><em>υἱοί</em></span> <span class='ocrx_word' id='word_1_212' title='bbox 3185 1323 3327 1376; x_wconf 84' lang='grc' dir='ltr'><em>ἐστε</em></span> <span class='ocrx_word' id='word_1_213' title='bbox 3377 1321 3486 1375; x_wconf 86' lang='grc' dir='ltr'><em>τοῦ</em></span> <span class='ocrx_word' id='word_1_214' title='bbox 3538 1320 3759 1396; x_wconf 77' lang='grc' dir='ltr'><em>πατρὸς</em></span> 
     </span>
    </p>
   </div>
   <div class='ocr_carea' id='block_1_29' title="bbox 2177 1413 3760 1484">
    <p class='ocr_par' dir='ltr' id='par_1_29' title="bbox 2177 1413 3760 1484">
     <span class='ocr_line' id='line_1_29' title="bbox 2177 1413 3760 1484; baseline -0.001 -16"><span class='ocrx_word' id='word_1_215' title='bbox 2177 1413 2346 1484; x_wconf 84' lang='grc' dir='ltr'><strong>ὑμῶν</strong></span> <span class='ocrx_word' id='word_1_216' title='bbox 2390 1415 2494 1470; x_wconf 88' lang='grc' dir='ltr'><em>τοῦ</em></span> <span class='ocrx_word' id='word_1_217' title='bbox 2527 1414 2810 1469; x_wconf 78' lang='grc' dir='ltr'><em>διαϐόλου</em></span> <span class='ocrx_word' id='word_1_218' title='bbox 2835 1455 2850 1479; x_wconf 95' lang='grc'><strong>,</strong></span> <span class='ocrx_word' id='word_1_219' title='bbox 2891 1414 2982 1469; x_wconf 85' lang='grc' dir='ltr'><em>ὅτι</em></span> <span class='ocrx_word' id='word_1_220' title='bbox 3030 1416 3306 1484; x_wconf 74' lang='grc' dir='ltr'><em>ψεύστης</em></span> <span class='ocrx_word' id='word_1_221' title='bbox 3348 1414 3541 1468; x_wconf 87' lang='grc' dir='ltr'><em>ἐστίν·</em></span> <span class='ocrx_word' id='word_1_222' title='bbox 3598 1413 3688 1467; x_wconf 83' lang='grc' dir='ltr'><em>ὅτι</em></span> <span class='ocrx_word' id='word_1_223' title='bbox 3726 1415 3760 1466; x_wconf 85' lang='grc' dir='ltr'><em>ὁ</em></span> 
     </span>
    </p>
   </div>
   <div class='ocr_carea' id='block_1_30' title="bbox 2179 1503 3758 1578">
    <p class='ocr_par' dir='ltr' id='par_1_30' title="bbox 2179 1503 3758 1578">
     <span class='ocr_line' id='line_1_30' title="bbox 2179 1503 3758 1578; baseline -0.001 -18"><span class='ocrx_word' id='word_1_224' title='bbox 2179 1507 2374 1576; x_wconf 81' lang='grc' dir='ltr'><em>πατὴρ</em></span> <span class='ocrx_word' id='word_1_225' title='bbox 2424 1506 2611 1561; x_wconf 84' lang='grc' dir='ltr'><em>αὐτοῦ</em></span> <span class='ocrx_word' id='word_1_226' title='bbox 2649 1509 2924 1576; x_wconf 71' lang='grc' dir='ltr'><em>ψεύστης</em></span> <span class='ocrx_word' id='word_1_227' title='bbox 2974 1503 3072 1578; x_wconf 81' lang='grc' dir='ltr'><strong>ἦν.</strong></span> <span class='ocrx_word' id='word_1_228' title='bbox 3135 1507 3402 1573; x_wconf 84' lang='grc' dir='ltr'><em>Ἐκεῖνος</em></span> <span class='ocrx_word' id='word_1_229' title='bbox 3455 1508 3758 1576; x_wconf 80' lang='grc' dir='ltr'><em>ἀνθρωπο-</em></span> 
     </span>
    </p>
   </div>
   <div class='ocr_carea' id='block_1_31' title="bbox 2179 1593 3761 1668">
    <p class='ocr_par' dir='ltr' id='par_1_31' title="bbox 2179 1593 3761 1668">
     <span class='ocr_line' id='line_1_31' title="bbox 2179 1593 3761 1668; baseline -0.005 -16"><span class='ocrx_word' id='word_1_230' title='bbox 2179 1600 2394 1663; x_wconf 82' lang='grc' dir='ltr'><em>κτόνος</em></span> <span class='ocrx_word' id='word_1_231' title='bbox 2425 1593 2523 1668; x_wconf 83' lang='grc' dir='ltr'><em>ἦν,</em></span> <span class='ocrx_word' id='word_1_232' title='bbox 2555 1597 2653 1650; x_wconf 75' lang='grc' dir='ltr'><em>καὶ</em></span> <span class='ocrx_word' id='word_1_233' title='bbox 2679 1596 2748 1650; x_wconf 86' lang='grc' dir='ltr'><em>ἐν</em></span> <span class='ocrx_word' id='word_1_234' title='bbox 2766 1595 2840 1666; x_wconf 77' lang='grc' dir='ltr'><em>τῇ</em></span> <span class='ocrx_word' id='word_1_235' title='bbox 2869 1596 3123 1665; x_wconf 76' lang='grc' dir='ltr'><strong>ἀληθείᾳ</strong></span> <span class='ocrx_word' id='word_1_236' title='bbox 3142 1599 3254 1650; x_wconf 80' lang='grc' dir='ltr'><em>οὐκ</em></span> <span class='ocrx_word' id='word_1_237' title='bbox 3284 1595 3547 1664; x_wconf 74' lang='grc' dir='ltr'><em>ἔμεινεν.</em></span> <span class='ocrx_word' id='word_1_238' title='bbox 3587 1594 3761 1645; x_wconf 87' lang='grc' dir='ltr'><em>Ὅταν</em></span> 
     </span>
    </p>
   </div>
   <div class='ocr_carea' id='block_1_32' title="bbox 2177 1684 3761 1758">
    <p class='ocr_par' dir='ltr' id='par_1_32' title="bbox 2177 1684 3761 1758">
     <span class='ocr_line' id='line_1_32' title="bbox 2177 1684 3761 1758; baseline -0.005 -14"><span class='ocrx_word' id='word_1_239' title='bbox 2177 1689 2373 1754; x_wconf 74' lang='grc' dir='ltr'><em>λαλεῖ,</em></span> <span class='ocrx_word' id='word_1_240' title='bbox 2407 1689 2474 1743; x_wconf 82' lang='grc' dir='ltr'><em>τὸ</em></span> <span class='ocrx_word' id='word_1_241' title='bbox 2507 1687 2737 1758; x_wconf 72' lang='grc' dir='ltr'><em>ψεῦδος</em></span> <span class='ocrx_word' id='word_1_242' title='bbox 2765 1689 2833 1742; x_wconf 77' lang='grc' dir='ltr'><strong>ἐκ</strong></span> <span class='ocrx_word' id='word_1_243' title='bbox 2874 1687 2993 1742; x_wconf 86' lang='grc' dir='ltr'><em>τῶν</em></span> <span class='ocrx_word' id='word_1_244' title='bbox 3025 1687 3194 1742; x_wconf 75' lang='grc' dir='ltr'><em>ἰδίων</em></span> <span class='ocrx_word' id='word_1_245' title='bbox 3241 1685 3452 1741; x_wconf 73' lang='grc' dir='ltr'><em>λαλεῖο</em></span> <span class='ocrx_word' id='word_1_246' title='bbox 3480 1686 3571 1738; x_wconf 88' lang='grc' dir='ltr'><em>ὄτι</em></span> <span class='ocrx_word' id='word_1_247' title='bbox 3601 1684 3698 1738; x_wconf 76' lang='grc' dir='ltr'><strong>καὶ</strong></span> <span class='ocrx_word' id='word_1_248' title='bbox 3728 1686 3761 1737; x_wconf 84' lang='grc' dir='ltr'>ό</span> 
     </span>
    </p>
   </div>
   <div class='ocr_carea' id='block_1_33' title="bbox 2179 1774 3761 1850">
    <p class='ocr_par' dir='ltr' id='par_1_33' title="bbox 2179 1774 3761 1850">
     <span class='ocr_line' id='line_1_33' title="bbox 2179 1774 3761 1850; baseline -0.006 -15"><span class='ocrx_word' id='word_1_249' title='bbox 2179 1782 2376 1850; x_wconf 78' lang='grc' dir='ltr'><em>πατὴρ</em></span> <span class='ocrx_word' id='word_1_250' title='bbox 2407 1779 2595 1835; x_wconf 82' lang='grc' dir='ltr'><em>αὐτοῦ</em></span> <span class='ocrx_word' id='word_1_251' title='bbox 2628 1781 2902 1849; x_wconf 66' lang='grc' dir='ltr'><em>ψεύστης</em></span> <span class='ocrx_word' id='word_1_252' title='bbox 2930 1775 3030 1848; x_wconf 81' lang='grc' dir='ltr'><strong>ἦν.</strong></span> <span class='ocrx_word' id='word_1_253' title='bbox 3065 1778 3228 1831; x_wconf 82' lang='grc' dir='ltr'><em>Ὅθεν</em></span> <span class='ocrx_word' id='word_1_254' title='bbox 3261 1779 3354 1831; x_wconf 75' lang='grc' dir='ltr'><strong>καὶ</strong></span> <span class='ocrx_word' id='word_1_255' title='bbox 3397 1779 3454 1830; x_wconf 85' lang='grc' dir='ltr'><em>αἱ</em></span> <span class='ocrx_word' id='word_1_256' title='bbox 3490 1774 3644 1830; x_wconf 81' lang='grc' dir='ltr'><em>ἄλλαι</em></span> <span class='ocrx_word' id='word_1_257' title='bbox 3675 1776 3761 1827; x_wconf 78' lang='grc' dir='ltr'><strong>αξ-</strong></span> 
     </span>
    </p>
   </div>
   <div class='ocr_carea' id='block_1_34' title="bbox 490 1857 2076 1946">
    <p class='ocr_par' dir='ltr' id='par_1_34' title="bbox 490 1857 2076 1943">
     <span class='ocr_line' id='line_1_34' title="bbox 490 1857 2076 1943; baseline 0.011 -31"><span class='ocrx_word' id='word_1_258' title='bbox 490 1857 862 1934; x_wconf 77' lang='lat' dir='ltr'><strong>cﬂ‘renataque</strong></span> <span class='ocrx_word' id='word_1_259' title='bbox 914 1865 1099 1936; x_wconf 79' lang='lat' dir='ltr'><strong>lingua</strong></span> <span class='ocrx_word' id='word_1_260' title='bbox 1163 1868 1267 1922; x_wconf 90' lang='lat' dir='ltr'><strong>ista</strong></span> <span class='ocrx_word' id='word_1_261' title='bbox 1329 1870 1606 1938; x_wconf 86' lang='lat' dir='ltr'><strong>jactitant.</strong></span> <span class='ocrx_word' id='word_1_262' title='bbox 1662 1870 1942 1943; x_wconf 89' lang='lat' dir='ltr'><strong>Siquidem</strong></span> <span class='ocrx_word' id='word_1_263' title='bbox 2007 1875 2076 1930; x_wconf 90' lang='lat' dir='ltr'><strong>ad</strong></span> 
     </span>
    </p>
   </div>
   <div class='ocr_carea' id='block_1_35' title="bbox 2182 1857 3760 1946">
    <p class='ocr_par' dir='ltr' id='par_1_35' title="bbox 2182 1865 3760 1946">
     <span class='ocr_line' id='line_1_35' title="bbox 2182 1865 3760 1946; baseline -0.005 -20"><span class='ocrx_word' id='word_1_264' title='bbox 2182 1874 2379 1946; x_wconf 88' lang='grc' dir='ltr'><em>ρέσεις,</em></span> <span class='ocrx_word' id='word_1_265' title='bbox 2425 1871 2722 1926; x_wconf 81' lang='grc' dir='ltr'><em>ἀκούουσαι</em></span> <span class='ocrx_word' id='word_1_266' title='bbox 2749 1871 2811 1924; x_wconf 82' lang='grc' dir='ltr'><em>τὸ</em></span> <span class='ocrx_word' id='word_1_267' title='bbox 2844 1871 2995 1942; x_wconf 77' lang='grc' dir='ltr'><strong>ῥῆμα</strong></span> <span class='ocrx_word' id='word_1_268' title='bbox 3044 1868 3222 1936; x_wconf 81' lang='grc' dir='ltr'><em>τοῦτο,</em></span> <span class='ocrx_word' id='word_1_269' title='bbox 3275 1868 3487 1939; x_wconf 81' lang='grc' dir='ltr'><em>πατέρα</em></span> <span class='ocrx_word' id='word_1_270' title='bbox 3523 1866 3621 1938; x_wconf 86' lang='grc' dir='ltr'><strong>μὲν</strong></span> <span class='ocrx_word' id='word_1_271' title='bbox 3652 1865 3760 1918; x_wconf 84' lang='grc' dir='ltr'><em>τῶν</em></span> 
     </span>
    </p>
   </div>
   <div class='ocr_carea' id='block_1_36' title="bbox 492 1952 2076 2028">
    <p class='ocr_par' dir='ltr' id='par_1_36' title="bbox 492 1952 2076 2028">
     <span class='ocr_line' id='line_1_36' title="bbox 492 1952 2076 2028; baseline 0.011 -25"><span class='ocrx_word' id='word_1_272' title='bbox 492 1952 873 2008; x_wconf 85' lang='lat' dir='ltr'><strong>universorum</strong></span> <span class='ocrx_word' id='word_1_273' title='bbox 899 1954 1212 2023; x_wconf 90' lang='lat' dir='ltr'><strong>Dominum,</strong></span> <span class='ocrx_word' id='word_1_274' title='bbox 1243 1975 1306 2015; x_wconf 90' lang='lat' dir='ltr'><strong>ac</strong></span> <span class='ocrx_word' id='word_1_275' title='bbox 1329 1959 1675 2028; x_wconf 71' lang='lat' dir='ltr'><strong>Judzeorum,</strong></span> <span class='ocrx_word' id='word_1_276' title='bbox 1721 1972 1776 2019; x_wconf 90' lang='lat' dir='ltr'><strong>et</strong></span> <span class='ocrx_word' id='word_1_277' title='bbox 1809 1963 2076 2021; x_wconf 87' lang='lat' dir='ltr'><strong>Christia-</strong></span> 
     </span>
    </p>
   </div>
   <div class='ocr_carea' id='block_1_37' title="bbox 493 2047 2076 2126">
    <p class='ocr_par' dir='ltr' id='par_1_37' title="bbox 493 2047 2076 2126">
     <span class='ocr_line' id='line_1_37' title="bbox 493 2047 2076 2126; baseline 0.01 -30"><span class='ocrx_word' id='word_1_278' title='bbox 493 2058 712 2110; x_wconf 89' lang='lat' dir='ltr'><strong>norum,</strong></span> <span class='ocrx_word' id='word_1_279' title='bbox 750 2047 996 2117; x_wconf 83' lang='lat' dir='ltr'><strong>adeoque</strong></span> <span class='ocrx_word' id='word_1_280' title='bbox 1035 2051 1276 2104; x_wconf 91' lang='lat' dir='ltr'><strong>omnium</strong></span> <span class='ocrx_word' id='word_1_281' title='bbox 1308 2052 1478 2107; x_wconf 92' lang='lat' dir='ltr'><strong>Deum</strong></span> <span class='ocrx_word' id='word_1_282' title='bbox 1508 2055 1654 2111; x_wconf 91' lang='lat' dir='ltr'><strong>illius</strong></span> <span class='ocrx_word' id='word_1_283' title='bbox 1692 2057 2076 2126; x_wconf 85' lang='lat' dir='ltr'><strong>cognationem</strong></span> 
     </span>
    </p>
   </div>
   <div class='ocr_carea' id='block_1_38' title="bbox 495 2135 2075 2221">
    <p class='ocr_par' dir='ltr' id='par_1_38' title="bbox 495 2135 2075 2221">
     <span class='ocr_line' id='line_1_38' title="bbox 495 2135 2075 2221; baseline 0.009 -32"><span class='ocrx_word' id='word_1_284' title='bbox 495 2135 778 2192; x_wconf 85' lang='lat' dir='ltr'><strong>referunt:</strong></span> <span class='ocrx_word' id='word_1_285' title='bbox 827 2155 1063 2211; x_wconf 91' lang='lat' dir='ltr'><strong>eumque</strong></span> <span class='ocrx_word' id='word_1_286' title='bbox 1100 2154 1306 2211; x_wconf 87' lang='lat' dir='ltr'><strong>patrem</strong></span> <span class='ocrx_word' id='word_1_287' title='bbox 1340 2161 1464 2200; x_wconf 90' lang='lat' dir='ltr'><strong>esse</strong></span> <span class='ocrx_word' id='word_1_288' title='bbox 1501 2148 1742 2216; x_wconf 86' lang='lat' dir='ltr'><strong>parentis</strong></span> <span class='ocrx_word' id='word_1_289' title='bbox 1791 2149 1943 2206; x_wconf 90' lang='lat' dir='ltr'><strong>illius</strong></span> <span class='ocrx_word' id='word_1_290' title='bbox 1972 2166 2075 2221; x_wconf 92' lang='lat' dir='ltr'><strong>pu-</strong></span> 
     </span>
    </p>
   </div>
   <div class='ocr_carea' id='block_1_39' title="bbox 491 2232 2077 2310">
    <p class='ocr_par' dir='ltr' id='par_1_39' title="bbox 491 2232 2077 2310">
     <span class='ocr_line' id='line_1_39' title="bbox 491 2232 2077 2310; baseline 0.009 -26"><span class='ocrx_word' id='word_1_291' title='bbox 491 2238 630 2295; x_wconf 88' lang='lat' dir='ltr'><strong>tant,</strong></span> <span class='ocrx_word' id='word_1_292' title='bbox 661 2232 754 2300; x_wconf 78' lang='lat' dir='ltr'><strong>qui</strong></span> <span class='ocrx_word' id='word_1_293' title='bbox 796 2232 968 2306; x_wconf 83' lang='lat' dir='ltr'><strong>Moysi</strong></span> <span class='ocrx_word' id='word_1_294' title='bbox 1004 2235 1172 2306; x_wconf 82' lang='lat' dir='ltr'><strong>legem</strong></span> <span class='ocrx_word' id='word_1_295' title='bbox 1205 2240 1636 2310; x_wconf 65' lang='lat' dir='ltr'><strong>praescripserit,</strong></span> <span class='ocrx_word' id='word_1_296' title='bbox 1669 2255 1733 2295; x_wconf 90' lang='lat' dir='ltr'><strong>ac</strong></span> <span class='ocrx_word' id='word_1_297' title='bbox 1765 2249 1875 2296; x_wconf 89' lang='lat' dir='ltr'><strong>tam</strong></span> <span class='ocrx_word' id='word_1_298' title='bbox 1906 2245 2077 2298; x_wconf 87' lang='lat' dir='ltr'><strong>multa</strong></span> 
     </span>
    </p>
   </div>
   <div class='ocr_carea' id='block_1_40' title="bbox 492 2323 2074 2404">
    <p class='ocr_par' dir='ltr' id='par_1_40' title="bbox 492 2323 2074 2404">
     <span class='ocr_line' id='line_1_40' title="bbox 492 2323 2074 2404; baseline 0.009 -30"><span class='ocrx_word' id='word_1_299' title='bbox 492 2323 740 2394; x_wconf 83' lang='lat' dir='ltr'><strong>prodigia</strong></span> <span class='ocrx_word' id='word_1_300' title='bbox 777 2330 1090 2396; x_wconf 88' lang='lat' dir='ltr'><strong>patraverit.</strong></span> <span class='ocrx_word' id='word_1_301' title='bbox 1125 2327 1231 2384; x_wconf 86' lang='lat' dir='ltr'><strong>Sed</strong></span> <span class='ocrx_word' id='word_1_302' title='bbox 1283 2331 1440 2404; x_wconf 83' lang='lat' dir='ltr'><strong>longe</strong></span> <span class='ocrx_word' id='word_1_303' title='bbox 1467 2348 1527 2388; x_wconf 90' lang='lat' dir='ltr'><strong>se</strong></span> <span class='ocrx_word' id='word_1_304' title='bbox 1572 2349 1661 2389; x_wconf 89' lang='lat' dir='ltr'><strong>res</strong></span> <span class='ocrx_word' id='word_1_305' title='bbox 1689 2335 1848 2389; x_wconf 85' lang='lat' dir='ltr'><strong>aliter</strong></span> <span class='ocrx_word' id='word_1_306' title='bbox 1889 2335 2074 2402; x_wconf 85' lang='lat' dir='ltr'><strong>habet,</strong></span> 
     </span>
    </p>
   </div>
   <div class='ocr_carea' id='block_1_41' title="bbox 492 2416 2076 2482">
    <p class='ocr_par' dir='ltr' id='par_1_41' title="bbox 492 2416 2076 2482">
     <span class='ocr_line' id='line_1_41' title="bbox 492 2416 2076 2482; baseline 0.006 -12"><span class='ocrx_word' id='word_1_307' title='bbox 492 2430 528 2470; x_wconf 90' lang='lat'><strong>0</strong></span> <span class='ocrx_word' id='word_1_308' title='bbox 580 2416 924 2473; x_wconf 89' lang='lat' dir='ltr'><strong>cbarissime.</strong></span> <span class='ocrx_word' id='word_1_309' title='bbox 993 2420 1126 2475; x_wconf 88' lang='lat' dir='ltr'><strong>Nam</strong></span> <span class='ocrx_word' id='word_1_310' title='bbox 1173 2423 1408 2480; x_wconf 86' lang='lat' dir='ltr'><strong>subinde</strong></span> <span class='ocrx_word' id='word_1_311' title='bbox 1461 2423 1724 2482; x_wconf 87' lang='lat' dir='ltr'><strong>Dominus</strong></span> <span class='ocrx_word' id='word_1_312' title='bbox 1782 2427 1958 2482; x_wconf 89' lang='lat' dir='ltr'><strong>nostri</strong></span> <span class='ocrx_word' id='word_1_313' title='bbox 2018 2427 2076 2480; x_wconf 89' lang='lat' dir='ltr'><strong>in</strong></span> 
     </span>
    </p>
   </div>
   <div class='ocr_carea' id='block_1_42' title="bbox 493 2509 2076 2588">
    <p class='ocr_par' dir='ltr' id='par_1_42' title="bbox 493 2509 2076 2588">
     <span class='ocr_line' id='line_1_42' title="bbox 493 2509 2076 2588; baseline 0.009 -26"><span class='ocrx_word' id='word_1_314' title='bbox 493 2509 751 2566; x_wconf 77' lang='lat' dir='ltr'><strong>omnibus</strong></span> <span class='ocrx_word' id='word_1_315' title='bbox 803 2528 992 2567; x_wconf 88' lang='lat' dir='ltr'><strong>curam</strong></span> <span class='ocrx_word' id='word_1_316' title='bbox 1023 2530 1247 2585; x_wconf 79' lang='lat' dir='ltr'><strong>gerens,</strong></span> <span class='ocrx_word' id='word_1_317' title='bbox 1301 2533 1370 2573; x_wconf 88' lang='lat' dir='ltr'><strong>ne</strong></span> <span class='ocrx_word' id='word_1_318' title='bbox 1407 2533 1508 2588; x_wconf 92' lang='lat' dir='ltr'><strong>pro</strong></span> <span class='ocrx_word' id='word_1_319' title='bbox 1558 2519 1680 2575; x_wconf 93' lang='lat' dir='ltr'><strong>aliis</strong></span> <span class='ocrx_word' id='word_1_320' title='bbox 1715 2521 1818 2575; x_wconf 89' lang='lat' dir='ltr'><strong>alia</strong></span> <span class='ocrx_word' id='word_1_321' title='bbox 1848 2521 2076 2577; x_wconf 89' lang='lat' dir='ltr'><strong>subdole</strong></span> 
     </span>
    </p>
   </div>
   <div class='ocr_carea' id='block_1_43' title="bbox 496 2599 2076 2678">
    <p class='ocr_par' dir='ltr' id='par_1_43' title="bbox 496 2599 2076 2678">
     <span class='ocr_line' id='line_1_43' title="bbox 496 2599 2076 2678; baseline 0.008 -24"><span class='ocrx_word' id='word_1_322' title='bbox 496 2599 866 2671; x_wconf 86' lang='lat' dir='ltr'><strong>ﬁngeremus,</strong></span> <span class='ocrx_word' id='word_1_323' title='bbox 899 2613 992 2658; x_wconf 88' lang='lat' dir='ltr'><strong>aut</strong></span> <span class='ocrx_word' id='word_1_324' title='bbox 1031 2607 1243 2661; x_wconf 90' lang='lat' dir='ltr'><strong>illorum</strong></span> <span class='ocrx_word' id='word_1_325' title='bbox 1292 2620 1497 2678; x_wconf 86' lang='lat' dir='ltr'><strong>patrem</strong></span> <span class='ocrx_word' id='word_1_326' title='bbox 1548 2627 1735 2666; x_wconf 87' lang='lat' dir='ltr'><strong>revera</strong></span> <span class='ocrx_word' id='word_1_327' title='bbox 1794 2612 2076 2668; x_wconf 83' lang='lat' dir='ltr'><strong>existima—</strong></span> 
     </span>
    </p>
   </div>
   <div class='ocr_carea' id='block_1_44' title="bbox 495 2696 2075 2775">
    <p class='ocr_par' dir='ltr' id='par_1_44' title="bbox 495 2696 2075 2775">
     <span class='ocr_line' id='line_1_44' title="bbox 495 2696 2075 2775; baseline 0.006 -27"><span class='ocrx_word' id='word_1_328' title='bbox 495 2709 681 2749; x_wconf 88' lang='lat' dir='ltr'><strong>remus</strong></span> <span class='ocrx_word' id='word_1_329' title='bbox 711 2710 834 2751; x_wconf 91' lang='lat' dir='ltr'><strong>esse</strong></span> <span class='ocrx_word' id='word_1_330' title='bbox 864 2696 1139 2752; x_wconf 91' lang='lat' dir='ltr'><strong>diabolum</strong></span> <span class='ocrx_word' id='word_1_331' title='bbox 1160 2739 1175 2764; x_wconf 92' lang='lat'><strong>,</strong></span> <span class='ocrx_word' id='word_1_332' title='bbox 1210 2700 1283 2753; x_wconf 89' lang='lat' dir='ltr'><strong>ita</strong></span> <span class='ocrx_word' id='word_1_333' title='bbox 1330 2701 1629 2773; x_wconf 90' lang='lat' dir='ltr'><strong>discipulos</strong></span> <span class='ocrx_word' id='word_1_334' title='bbox 1661 2719 1790 2760; x_wconf 92' lang='lat' dir='ltr'><strong>suos</strong></span> <span class='ocrx_word' id='word_1_335' title='bbox 1840 2705 2075 2775; x_wconf 89' lang='lat' dir='ltr'><strong>alloqui-</strong></span> 
     </span>
    </p>
   </div>
   <div class='ocr_carea' id='block_1_45' title="bbox 493 2785 2075 2864">
    <p class='ocr_par' dir='ltr' id='par_1_45' title="bbox 493 2785 2075 2864">
     <span class='ocr_line' id='line_1_45' title="bbox 493 2785 2075 2864; baseline 0.008 -26"><span class='ocrx_word' id='word_1_336' title='bbox 493 2793 624 2840; x_wconf 82' lang='lat' dir='ltr'><strong>tur:</strong></span> <span class='ocrx_word' id='word_1_337' title='bbox 660 2785 850 2842; x_wconf 81' lang='lat' dir='ltr'><strong>Nonne</strong></span> <span class='ocrx_word' id='word_1_338' title='bbox 893 2791 1162 2844; x_wconf 84' lang='lat' dir='ltr'><strong>duodecim</strong></span> <span class='ocrx_word' id='word_1_339' title='bbox 1202 2808 1289 2846; x_wconf 82' lang='lat' dir='ltr'><strong>vos</strong></span> <span class='ocrx_word' id='word_1_340' title='bbox 1323 2791 1491 2864; x_wconf 84' lang='lat' dir='ltr'><strong>elegi,</strong></span> <span class='ocrx_word' id='word_1_341' title='bbox 1531 2804 1579 2847; x_wconf 87' lang='lat' dir='ltr'><strong>et</strong></span> <span class='ocrx_word' id='word_1_342' title='bbox 1624 2812 1761 2849; x_wconf 90' lang='lat' dir='ltr'><strong>unus</strong></span> <span class='ocrx_word' id='word_1_343' title='bbox 1816 2811 1881 2850; x_wconf 78' lang='lat' dir='ltr'><strong>ea:</strong></span> <span class='ocrx_word' id='word_1_344' title='bbox 1929 2795 2075 2851; x_wconf 84' lang='lat' dir='ltr'><strong>vobis</strong></span> 
     </span>
    </p>
   </div>
   <div class='ocr_carea' id='block_1_46' title="bbox 492 2877 2076 2949">
    <p class='ocr_par' dir='ltr' id='par_1_46' title="bbox 492 2877 2076 2949">
     <span class='ocr_line' id='line_1_46' title="bbox 492 2877 2076 2949; baseline 0.009 -19"><span class='ocrx_word' id='word_1_345' title='bbox 492 2877 736 2934; x_wconf 84' lang='lat' dir='ltr'><strong>diabolus</strong></span> <span class='ocrx_word' id='word_1_346' title='bbox 763 2883 926 2936; x_wconf 68' lang='lat' dir='ltr'><strong>est’?</strong></span> <span class='ocrx_word' id='word_1_347' title='bbox 957 2898 1068 2937; x_wconf 88' lang='lat' dir='ltr'><strong>non</strong></span> <span class='ocrx_word' id='word_1_348' title='bbox 1095 2900 1218 2939; x_wconf 92' lang='lat' dir='ltr'><strong>eum</strong></span> <span class='ocrx_word' id='word_1_349' title='bbox 1252 2894 1448 2940; x_wconf 88' lang='lat' dir='ltr'><strong>natura</strong></span> <span class='ocrx_word' id='word_1_350' title='bbox 1481 2927 1496 2949; x_wconf 89' lang='lat'><strong>,</strong></span> <span class='ocrx_word' id='word_1_351' title='bbox 1537 2888 1630 2944; x_wconf 90' lang='lat' dir='ltr'><strong>sed</strong></span> <span class='ocrx_word' id='word_1_352' title='bbox 1677 2889 1860 2944; x_wconf 89' lang='lat' dir='ltr'><strong>animo</strong></span> <span class='ocrx_word' id='word_1_353' title='bbox 1885 2888 2076 2944; x_wconf 88' lang='lat' dir='ltr'><strong>diabo-</strong></span> 
     </span>
    </p>
   </div>
   <div class='ocr_carea' id='block_1_47' title="bbox 492 2971 2075 3045">
    <p class='ocr_par' dir='ltr' id='par_1_47' title="bbox 492 2971 2075 3045">
     <span class='ocr_line' id='line_1_47' title="bbox 492 2971 2075 3045; baseline 0.006 -21"><span class='ocrx_word' id='word_1_354' title='bbox 492 2971 606 3025; x_wconf 89' lang='lat' dir='ltr'><strong>lum</strong></span> <span class='ocrx_word' id='word_1_355' title='bbox 651 2989 773 3029; x_wconf 82' lang='lat' dir='ltr'><strong>esse</strong></span> <span class='ocrx_word' id='word_1_356' title='bbox 811 2975 1152 3045; x_wconf 82' lang='lat' dir='ltr'><strong>signiﬁcans.</strong></span> <span class='ocrx_word' id='word_1_357' title='bbox 1204 2977 1404 3032; x_wconf 89' lang='lat' dir='ltr'><strong>lterum</strong></span> <span class='ocrx_word' id='word_1_358' title='bbox 1445 2980 1553 3034; x_wconf 90' lang='lat' dir='ltr'><strong>alio</strong></span> <span class='ocrx_word' id='word_1_359' title='bbox 1598 2980 1652 3034; x_wconf 92' lang='lat' dir='ltr'><strong>in</strong></span> <span class='ocrx_word' id='word_1_360' title='bbox 1694 2981 1860 3036; x_wconf 88' lang='lat' dir='ltr'><strong>loco:</strong></span> <span class='ocrx_word' id='word_1_361' title='bbox 1911 2980 2075 3035; x_wconf 87' lang='lat' dir='ltr'><strong>Pater</strong></span> 
     </span>
    </p>
   </div>
   <div class='ocr_carea' id='block_1_48' title="bbox 492 3063 2070 3144">
    <p class='ocr_par' dir='ltr' id='par_1_48' title="bbox 492 3063 2070 3144">
     <span class='ocr_line' id='line_1_48' title="bbox 492 3063 2070 3144; baseline 0.008 -28"><span class='ocrx_word' id='word_1_362' title='bbox 492 3063 716 3119; x_wconf 89' lang='lat' dir='ltr'><strong>Domine</strong></span> <span class='ocrx_word' id='word_1_363' title='bbox 743 3068 859 3121; x_wconf 71' lang='lat' dir='ltr'><strong>caeli</strong></span> <span class='ocrx_word' id='word_1_364' title='bbox 895 3086 957 3122; x_wconf 89' lang='lat' dir='ltr'><strong>ac</strong></span> <span class='ocrx_word' id='word_1_365' title='bbox 987 3079 1138 3124; x_wconf 74' lang='lat' dir='ltr'><strong>terra:</strong></span> <span class='ocrx_word' id='word_1_366' title='bbox 1167 3110 1182 3135; x_wconf 94' lang='lat'><strong>,</strong></span> <span class='ocrx_word' id='word_1_367' title='bbox 1213 3088 1362 3125; x_wconf 86' lang='lat' dir='ltr'><strong>serva</strong></span> <span class='ocrx_word' id='word_1_368' title='bbox 1405 3089 1492 3127; x_wconf 85' lang='lat' dir='ltr'><strong>eos</strong></span> <span class='ocrx_word' id='word_1_369' title='bbox 1522 3089 1652 3144; x_wconf 86' lang='lat' dir='ltr'><strong>quos</strong></span> <span class='ocrx_word' id='word_1_370' title='bbox 1700 3073 1894 3129; x_wconf 83' lang='lat' dir='ltr'><strong>dedisti</strong></span> <span class='ocrx_word' id='word_1_371' title='bbox 1924 3074 2070 3129; x_wconf 86' lang='lat' dir='ltr'><strong>mihi.</strong></span> 
     </span>
    </p>
   </div>
   <div class='ocr_carea' id='block_1_49' title="bbox 2192 1958 3760 2033">
    <p class='ocr_par' dir='ltr' id='par_1_49' title="bbox 2192 1958 3760 2033">
     <span class='ocr_line' id='line_1_49' title="bbox 2192 1958 3760 2033; baseline -0.008 -13"><span class='ocrx_word' id='word_1_372' title='bbox 2192 1965 2459 2021; x_wconf 84' lang='grc' dir='ltr'><strong>Ἰουδαίων</strong></span> <span class='ocrx_word' id='word_1_373' title='bbox 2516 1965 2816 2033; x_wconf 82' lang='grc' dir='ltr'><strong>φάσκουσιν</strong></span> <span class='ocrx_word' id='word_1_374' title='bbox 2869 1958 3009 2017; x_wconf 78' lang='grc' dir='ltr'><em>εἶναι</em></span> <span class='ocrx_word' id='word_1_375' title='bbox 3062 1961 3155 2015; x_wconf 79' lang='grc' dir='ltr'><em>τὸν</em></span> <span class='ocrx_word' id='word_1_376' title='bbox 3205 1961 3470 2023; x_wconf 82' lang='grc' dir='ltr'><em>διάϐολον,</em></span> <span class='ocrx_word' id='word_1_377' title='bbox 3517 1959 3660 2028; x_wconf 74' lang='grc' dir='ltr'><em>ἔχειν</em></span> <span class='ocrx_word' id='word_1_378' title='bbox 3702 1973 3760 2009; x_wconf 89' lang='grc' dir='ltr'><strong>τε</strong></span> 
     </span>
    </p>
   </div>
   <div class='ocr_carea' id='block_1_50' title="bbox 2180 2048 3758 2130">
    <p class='ocr_par' dir='ltr' id='par_1_50' title="bbox 2180 2048 3758 2130">
     <span class='ocr_line' id='line_1_50' title="bbox 2180 2048 3758 2130; baseline -0.008 -18"><span class='ocrx_word' id='word_1_379' title='bbox 2180 2058 2393 2130; x_wconf 82' lang='grc' dir='ltr'><em>πατέρα</em></span> <span class='ocrx_word' id='word_1_380' title='bbox 2419 2057 2596 2120; x_wconf 80' lang='grc' dir='ltr'><em>ἄλλον,</em></span> <span class='ocrx_word' id='word_1_381' title='bbox 2635 2055 2846 2110; x_wconf 75' lang='grc' dir='ltr'><em>καὶτὸν</em></span> <span class='ocrx_word' id='word_1_382' title='bbox 2875 2052 3041 2106; x_wconf 80' lang='grc' dir='ltr'><em>αὑτοῦ</em></span> <span class='ocrx_word' id='word_1_383' title='bbox 3075 2052 3286 2124; x_wconf 81' lang='grc' dir='ltr'><em>πατέρα</em></span> <span class='ocrx_word' id='word_1_384' title='bbox 3328 2050 3492 2103; x_wconf 85' lang='grc' dir='ltr'><em>πάλιν</em></span> <span class='ocrx_word' id='word_1_385' title='bbox 3528 2048 3758 2118; x_wconf 80' lang='grc' dir='ltr'><em>πατέρα.</em></span> 
     </span>
    </p>
   </div>
   <div class='ocr_carea' id='block_1_51' title="bbox 2191 2141 3764 2220">
    <p class='ocr_par' dir='ltr' id='par_1_51' title="bbox 2191 2141 3764 2220">
     <span class='ocr_line' id='line_1_51' title="bbox 2191 2141 3764 2220; baseline -0.009 -16"><span class='ocrx_word' id='word_1_386' title='bbox 2191 2149 2354 2204; x_wconf 80' lang='grc' dir='ltr'><em>Ἀλλὰ</em></span> <span class='ocrx_word' id='word_1_387' title='bbox 2395 2145 2822 2220; x_wconf 81' lang='grc' dir='ltr'><em>ὰθυρογλώττως</em></span> <span class='ocrx_word' id='word_1_388' title='bbox 2874 2145 3223 2215; x_wconf 83' lang='grc' dir='ltr'><em>φθέγγονται,</em></span> <span class='ocrx_word' id='word_1_389' title='bbox 3268 2142 3366 2214; x_wconf 84' lang='grc' dir='ltr'><em>τὴν</em></span> <span class='ocrx_word' id='word_1_390' title='bbox 3398 2141 3639 2195; x_wconf 81' lang='grc' dir='ltr'><em>διάνοιαν</em></span> <span class='ocrx_word' id='word_1_391' title='bbox 3670 2156 3764 2191; x_wconf 81' lang='grc' dir='ltr'><em>τυ-</em></span> 
     </span>
    </p>
   </div>
   <div class='ocr_carea' id='block_1_52' title="bbox 2179 2231 3760 2314">
    <p class='ocr_par' dir='ltr' id='par_1_52' title="bbox 2179 2231 3760 2314">
     <span class='ocr_line' id='line_1_52' title="bbox 2179 2231 3760 2314; baseline -0.005 -20"><span class='ocrx_word' id='word_1_392' title='bbox 2179 2243 2530 2314; x_wconf 85' lang='grc' dir='ltr'><em>φλώττοντες.</em></span> <span class='ocrx_word' id='word_1_393' title='bbox 2565 2241 2675 2293; x_wconf 73' lang='grc' dir='ltr'><strong>Καὶ</strong></span> <span class='ocrx_word' id='word_1_394' title='bbox 2699 2239 2809 2311; x_wconf 84' lang='grc' dir='ltr'><em>γὰρ</em></span> <span class='ocrx_word' id='word_1_395' title='bbox 2837 2239 2930 2292; x_wconf 73' lang='grc' dir='ltr'><strong>ἐπὶ</strong></span> <span class='ocrx_word' id='word_1_396' title='bbox 2957 2237 3047 2290; x_wconf 82' lang='grc' dir='ltr'><em>τὸν</em></span> <span class='ocrx_word' id='word_1_397' title='bbox 3070 2236 3289 2289; x_wconf 82' lang='grc' dir='ltr'><em>πάντων</em></span> <span class='ocrx_word' id='word_1_398' title='bbox 3311 2233 3610 2304; x_wconf 83' lang='grc' dir='ltr'><em>Δεσπότην,</em></span> <span class='ocrx_word' id='word_1_399' title='bbox 3628 2231 3760 2286; x_wconf 83' lang='grc' dir='ltr'><em>Θεὸν</em></span> 
     </span>
    </p>
   </div>
   <div class='ocr_carea' id='block_1_53' title="bbox 2191 2323 3764 2402">
    <p class='ocr_par' dir='ltr' id='par_1_53' title="bbox 2191 2323 3764 2402">
     <span class='ocr_line' id='line_1_53' title="bbox 2191 2323 3764 2402; baseline -0.009 -13"><span class='ocrx_word' id='word_1_400' title='bbox 2191 2335 2459 2390; x_wconf 80' lang='grc' dir='ltr'><em>Ἰουδαίων</em></span> <span class='ocrx_word' id='word_1_401' title='bbox 2486 2350 2547 2386; x_wconf 88' lang='grc' dir='ltr'><strong>τε</strong></span> <span class='ocrx_word' id='word_1_402' title='bbox 2575 2333 2670 2386; x_wconf 70' lang='grc' dir='ltr'><strong>καὶ</strong></span> <span class='ocrx_word' id='word_1_403' title='bbox 2714 2329 3055 2402; x_wconf 84' lang='grc' dir='ltr'><em>Χριστιανῶν</em></span> <span class='ocrx_word' id='word_1_404' title='bbox 3095 2329 3190 2382; x_wconf 74' lang='grc' dir='ltr'><strong>καὶ</strong></span> <span class='ocrx_word' id='word_1_405' title='bbox 3222 2327 3462 2391; x_wconf 85' lang='grc' dir='ltr'><em>πάντων,</em></span> <span class='ocrx_word' id='word_1_406' title='bbox 3495 2323 3594 2395; x_wconf 80' lang='grc' dir='ltr'><em>τὴν</em></span> <span class='ocrx_word' id='word_1_407' title='bbox 3634 2341 3764 2392; x_wconf 83' lang='grc' dir='ltr'><em>συγ-</em></span> 
     </span>
    </p>
   </div>
   <div class='ocr_carea' id='block_1_54' title="bbox 2178 2415 3764 2496">
    <p class='ocr_par' dir='ltr' id='par_1_54' title="bbox 2178 2415 3764 2496">
     <span class='ocr_line' id='line_1_54' title="bbox 2178 2415 3764 2496; baseline -0.008 -16"><span class='ocrx_word' id='word_1_408' title='bbox 2178 2427 2392 2496; x_wconf 85' lang='grc' dir='ltr'><em>γένειαν</em></span> <span class='ocrx_word' id='word_1_409' title='bbox 2419 2425 2612 2496; x_wconf 79' lang='grc' dir='ltr'><em>ἐκείνῳ</em></span> <span class='ocrx_word' id='word_1_410' title='bbox 2645 2426 2664 2456; x_wconf 80' lang='grc'><strong>’⁸</strong></span> <span class='ocrx_word' id='word_1_411' title='bbox 2695 2425 2979 2491; x_wconf 81' lang='grc' dir='ltr'><em>ἀνάγουσι,</em></span> <span class='ocrx_word' id='word_1_412' title='bbox 3013 2420 3199 2476; x_wconf 76' lang='grc' dir='ltr'><em>τοῦτον</em></span> <span class='ocrx_word' id='word_1_413' title='bbox 3245 2419 3462 2488; x_wconf 81' lang='grc' dir='ltr'><em>Πατέρα</em></span> <span class='ocrx_word' id='word_1_414' title='bbox 3494 2415 3588 2469; x_wconf 77' lang='grc' dir='ltr'><em>τοῦ</em></span> <span class='ocrx_word' id='word_1_415' title='bbox 3621 2415 3764 2468; x_wconf 78' lang='grc' dir='ltr'><strong>ἐκεῖ·</strong></span> 
     </span>
    </p>
   </div>
   <div class='ocr_carea' id='block_1_55' title="bbox 2179 2508 3764 2590">
    <p class='ocr_par' dir='ltr' id='par_1_55' title="bbox 2179 2508 3764 2590">
     <span class='ocr_line' id='line_1_55' title="bbox 2179 2508 3764 2590; baseline -0.008 -15"><span class='ocrx_word' id='word_1_416' title='bbox 2179 2539 2271 2576; x_wconf 90' lang='grc' dir='ltr'><strong>νου</strong></span> <span class='ocrx_word' id='word_1_417' title='bbox 2321 2519 2535 2590; x_wconf 82' lang='grc' dir='ltr'><em>Πατρὸς</em></span> <span class='ocrx_word' id='word_1_418' title='bbox 2585 2515 2722 2571; x_wconf 77' lang='grc' dir='ltr'><em>εἶναι</em></span> <span class='ocrx_word' id='word_1_419' title='bbox 2757 2517 3024 2584; x_wconf 80' lang='grc' dir='ltr'><em>λέγοντες,</em></span> <span class='ocrx_word' id='word_1_420' title='bbox 3060 2514 3152 2568; x_wconf 86' lang='grc' dir='ltr'><em>τὸν</em></span> <span class='ocrx_word' id='word_1_421' title='bbox 3196 2512 3633 2584; x_wconf 80' lang='grc' dir='ltr'><em>νομοθετήσαντα</em></span> <span class='ocrx_word' id='word_1_422' title='bbox 3675 2508 3764 2562; x_wconf 67' lang='grc' dir='ltr'><em>διὰ</em></span> 
     </span>
    </p>
   </div>
   <div class='ocr_carea' id='block_1_56' title="bbox 2179 2599 3762 2675">
    <p class='ocr_par' dir='ltr' id='par_1_56' title="bbox 2179 2599 3762 2675">
     <span class='ocr_line' id='line_1_56' title="bbox 2179 2599 3762 2675; baseline -0.008 -9"><span class='ocrx_word' id='word_1_423' title='bbox 2179 2611 2479 2673; x_wconf 82' lang='grc' dir='ltr'><em>Μωῦσέως,</em></span> <span class='ocrx_word' id='word_1_424' title='bbox 2512 2609 2607 2662; x_wconf 74' lang='grc' dir='ltr'><strong>καὶ</strong></span> <span class='ocrx_word' id='word_1_425' title='bbox 2639 2605 2879 2660; x_wconf 78' lang='grc' dir='ltr'><em>τοσαῦτα</em></span> <span class='ocrx_word' id='word_1_426' title='bbox 2931 2604 3208 2675; x_wconf 82' lang='grc' dir='ltr'><em>θαυμάσια</em></span> <span class='ocrx_word' id='word_1_427' title='bbox 3242 2602 3600 2672; x_wconf 87' lang='grc' dir='ltr'><em>πεποιηκότα.</em></span> <span class='ocrx_word' id='word_1_428' title='bbox 3647 2599 3762 2653; x_wconf 80' lang='grc' dir='ltr'><strong>Οὐκ</strong></span> 
     </span>
    </p>
   </div>
   <div class='ocr_carea' id='block_1_57' title="bbox 2179 2695 3764 2768">
    <p class='ocr_par' dir='ltr' id='par_1_57' title="bbox 2179 2695 3764 2768">
     <span class='ocr_line' id='line_1_57' title="bbox 2179 2695 3764 2768; baseline -0.008 -11"><span class='ocrx_word' id='word_1_429' title='bbox 2179 2703 2292 2756; x_wconf 78' lang='grc' dir='ltr'><em>ἔστι</em></span> <span class='ocrx_word' id='word_1_430' title='bbox 2325 2702 2382 2755; x_wconf 86' lang='grc' dir='ltr'><em>δὲ</em></span> <span class='ocrx_word' id='word_1_431' title='bbox 2405 2700 2581 2765; x_wconf 81' lang='grc' dir='ltr'><em>τοῦτο,</em></span> <span class='ocrx_word' id='word_1_432' title='bbox 2624 2695 2670 2754; x_wconf 82' lang='grc' dir='ltr'><strong>ὦ</strong></span> <span class='ocrx_word' id='word_1_433' title='bbox 2702 2699 2954 2768; x_wconf 80' lang='grc' dir='ltr'><em>ἀγαπητέ</em></span> <span class='ocrx_word' id='word_1_434' title='bbox 2984 2699 3028 2752; x_wconf 86' lang='grc'><strong>⁸.</strong></span> <span class='ocrx_word' id='word_1_435' title='bbox 3062 2697 3238 2760; x_wconf 80' lang='grc' dir='ltr'><em>Αὐτὸς</em></span> <span class='ocrx_word' id='word_1_436' title='bbox 3265 2696 3374 2767; x_wconf 80' lang='grc' dir='ltr'><em>γὰρ</em></span> <span class='ocrx_word' id='word_1_437' title='bbox 3405 2695 3567 2758; x_wconf 81' lang='grc' dir='ltr'><em>εὐθύς</em></span> <span class='ocrx_word' id='word_1_438' title='bbox 3598 2710 3764 2764; x_wconf 76' lang='grc' dir='ltr'><em>φησιν</em></span> 
     </span>
    </p>
   </div>
   <div class='ocr_carea' id='block_1_58' title="bbox 2178 2785 3762 2866">
    <p class='ocr_par' dir='ltr' id='par_1_58' title="bbox 2178 2785 3762 2866">
     <span class='ocr_line' id='line_1_58' title="bbox 2178 2785 3762 2866; baseline -0.006 -17"><span class='ocrx_word' id='word_1_439' title='bbox 2178 2798 2206 2849; x_wconf 98' lang='lat'><strong>6</strong></span> <span class='ocrx_word' id='word_1_440' title='bbox 2247 2794 2475 2866; x_wconf 85' lang='grc' dir='ltr'><em>Κύριος,</em></span> <span class='ocrx_word' id='word_1_441' title='bbox 2521 2795 2578 2846; x_wconf 84' lang='grc' dir='ltr'><em>ὲν</em></span> <span class='ocrx_word' id='word_1_442' title='bbox 2624 2793 2827 2846; x_wconf 79' lang='grc' dir='ltr'><em>ἅπασιν</em></span> <span class='ocrx_word' id='word_1_443' title='bbox 2869 2789 3028 2861; x_wconf 82' lang='grc' dir='ltr'><strong>ἡμῶν</strong></span> <span class='ocrx_word' id='word_1_444' title='bbox 3067 2789 3163 2861; x_wconf 85' lang='grc' dir='ltr'><em>τὴν</em></span> <span class='ocrx_word' id='word_1_445' title='bbox 3213 2789 3531 2859; x_wconf 75' lang='grc' dir='ltr'><em>ἐπιμέλειαν</em></span> <span class='ocrx_word' id='word_1_446' title='bbox 3577 2785 3762 2840; x_wconf 78' lang='grc' dir='ltr'><em>ποιού-</em></span> 
     </span>
    </p>
   </div>
   <div class='ocr_carea' id='block_1_59' title="bbox 2181 2880 3763 2959">
    <p class='ocr_par' dir='ltr' id='par_1_59' title="bbox 2181 2880 3763 2959">
     <span class='ocr_line' id='line_1_59' title="bbox 2181 2880 3763 2959; baseline -0.006 -19"><span class='ocrx_word' id='word_1_447' title='bbox 2181 2905 2362 2959; x_wconf 79' lang='grc' dir='ltr'><em>μενος,</em></span> <span class='ocrx_word' id='word_1_448' title='bbox 2401 2888 2489 2941; x_wconf 82' lang='grc' dir='ltr'><em>ἵνα</em></span> <span class='ocrx_word' id='word_1_449' title='bbox 2519 2886 2592 2956; x_wconf 83' lang='grc' dir='ltr'><strong>μὴ</strong></span> <span class='ocrx_word' id='word_1_450' title='bbox 2621 2886 2680 2938; x_wconf 85' lang='grc' dir='ltr'><em>ὲν</em></span> <span class='ocrx_word' id='word_1_451' title='bbox 2714 2883 3053 2954; x_wconf 84' lang='grc' dir='ltr'><em>παρεκϐάσει</em></span> <span class='ocrx_word' id='word_1_452' title='bbox 3103 2881 3387 2954; x_wconf 81' lang='grc' dir='ltr'><em>γενώμεθα</em></span> <span class='ocrx_word' id='word_1_453' title='bbox 3418 2880 3512 2934; x_wconf 78' lang='grc' dir='ltr'><em>τοῦ</em></span> <span class='ocrx_word' id='word_1_454' title='bbox 3542 2897 3763 2951; x_wconf 85' lang='grc' dir='ltr'><em>προκει-</em></span> 
     </span>
    </p>
   </div>
   <div class='ocr_carea' id='block_1_60' title="bbox 2183 2971 3763 3053">
    <p class='ocr_par' dir='ltr' id='par_1_60' title="bbox 2183 2971 3763 3053">
     <span class='ocr_line' id='line_1_60' title="bbox 2183 2971 3763 3053; baseline -0.007 -19"><span class='ocrx_word' id='word_1_455' title='bbox 2183 2981 2369 3053; x_wconf 85' lang='grc' dir='ltr'><em>μένου,</em></span> <span class='ocrx_word' id='word_1_456' title='bbox 2402 2980 2565 3050; x_wconf 72' lang='grc' dir='ltr'><em>ἒτερα</em></span> <span class='ocrx_word' id='word_1_457' title='bbox 2611 2977 2726 3032; x_wconf 84' lang='grc' dir='ltr'><em>ἀνθ’</em></span> <span class='ocrx_word' id='word_1_458' title='bbox 2763 2977 2965 3047; x_wconf 79' lang='grc' dir='ltr'><em>ἐτέρων</em></span> <span class='ocrx_word' id='word_1_459' title='bbox 3005 2975 3348 3046; x_wconf 75' lang='grc' dir='ltr'><em>σοφιζόμενοι</em></span> <span class='ocrx_word' id='word_1_460' title='bbox 3390 2974 3483 3027; x_wconf 78' lang='grc' dir='ltr'><strong>καὶ</strong></span> <span class='ocrx_word' id='word_1_461' title='bbox 3522 2971 3763 3026; x_wconf 86' lang='grc' dir='ltr'><em>διανοού-</em></span> 
     </span>
    </p>
   </div>
   <div class='ocr_carea' id='block_1_61' title="bbox 2182 3061 3766 3144">
    <p class='ocr_par' dir='ltr' id='par_1_61' title="bbox 2182 3061 3766 3144">
     <span class='ocr_line' id='line_1_61' title="bbox 2182 3061 3766 3144; baseline -0.007 -18"><span class='ocrx_word' id='word_1_462' title='bbox 2182 3090 2349 3144; x_wconf 84' lang='grc' dir='ltr'><em>μενοι,</em></span> <span class='ocrx_word' id='word_1_463' title='bbox 2385 3071 2554 3140; x_wconf 87' lang='grc' dir='ltr'><em>λέγει,</em></span> <span class='ocrx_word' id='word_1_464' title='bbox 2594 3070 2805 3139; x_wconf 85' lang='grc' dir='ltr'><em>πατέρα</em></span> <span class='ocrx_word' id='word_1_465' title='bbox 2833 3065 3015 3122; x_wconf 75' lang='grc' dir='ltr'><em>αύτῶν.</em></span> <span class='ocrx_word' id='word_1_466' title='bbox 3054 3061 3194 3119; x_wconf 87' lang='grc' dir='ltr'><em>εἶναι</em></span> <span class='ocrx_word' id='word_1_467' title='bbox 3235 3066 3329 3120; x_wconf 79' lang='grc' dir='ltr'><em>τὸν</em></span> <span class='ocrx_word' id='word_1_468' title='bbox 3373 3063 3635 3128; x_wconf 79' lang='grc' dir='ltr'><em>διάϐολον,</em></span> <span class='ocrx_word' id='word_1_469' title='bbox 3678 3063 3766 3116; x_wconf 84' lang='grc' dir='ltr'><strong>λέ-</strong></span> 
     </span>
    </p>
   </div>
   <div class='ocr_carea' id='block_1_62' title="bbox 492 3153 2076 3264">
    <p class='ocr_par' dir='ltr' id='par_1_62' title="bbox 492 3153 2072 3231">
     <span class='ocr_line' id='line_1_62' title="bbox 492 3153 2072 3231; baseline 0.006 -22"><span class='ocrx_word' id='word_1_470' title='bbox 492 3153 627 3209; x_wconf 87' lang='lat' dir='ltr'><strong>Cum</strong></span> <span class='ocrx_word' id='word_1_471' title='bbox 666 3173 813 3210; x_wconf 74' lang='lat' dir='ltr'><strong>erant</strong></span> <span class='ocrx_word' id='word_1_472' title='bbox 860 3175 977 3212; x_wconf 86' lang='lat' dir='ltr'><strong>cum</strong></span> <span class='ocrx_word' id='word_1_473' title='bbox 1027 3162 1488 3228; x_wconf 84' lang='lat' dir='ltr'><strong>ipsis,servabam</strong></span> <span class='ocrx_word' id='word_1_474' title='bbox 1535 3181 1661 3231; x_wconf 88' lang='lat' dir='ltr'><strong>eos,</strong></span> <span class='ocrx_word' id='word_1_475' title='bbox 1713 3175 1762 3220; x_wconf 90' lang='lat' dir='ltr'><strong>et</strong></span> <span class='ocrx_word' id='word_1_476' title='bbox 1812 3183 1962 3220; x_wconf 89' lang='lat' dir='ltr'><strong>nemo</strong></span> <span class='ocrx_word' id='word_1_477' title='bbox 2007 3181 2072 3218; x_wconf 79' lang='lat' dir='ltr'><strong>ea:</strong></span> 
     </span>
    </p>
   </div>
   <div class='ocr_carea' id='block_1_63' title="bbox 2182 3153 3764 3264">
    <p class='ocr_par' dir='ltr' id='par_1_63' title="bbox 2182 3157 3764 3234">
     <span class='ocr_line' id='line_1_63' title="bbox 2182 3157 3764 3234; baseline -0.003 -17"><span class='ocrx_word' id='word_1_478' title='bbox 2182 3182 2289 3234; x_wconf 88' lang='grc' dir='ltr'><strong>γων</strong></span> <span class='ocrx_word' id='word_1_479' title='bbox 2323 3163 2459 3234; x_wconf 83' lang='grc' dir='ltr'><em>πρὸς</em></span> <span class='ocrx_word' id='word_1_480' title='bbox 2487 3163 2614 3225; x_wconf 74' lang='grc' dir='ltr'><em>τοὺς</em></span> <span class='ocrx_word' id='word_1_481' title='bbox 2661 3160 2942 3231; x_wconf 84' lang='grc' dir='ltr'><em>μαθητάς·</em></span> <span class='ocrx_word' id='word_1_482' title='bbox 2986 3161 3131 3230; x_wconf 82' lang='grc' dir='ltr'><strong>Οὐχὶ</strong></span> <span class='ocrx_word' id='word_1_483' title='bbox 3162 3160 3306 3226; x_wconf 86' lang='grc' dir='ltr'><em>τοὺς</em></span> <span class='ocrx_word' id='word_1_484' title='bbox 3345 3157 3573 3212; x_wconf 81' lang='grc' dir='ltr'><em>δώδεκα</em></span> <span class='ocrx_word' id='word_1_485' title='bbox 3606 3158 3764 3228; x_wconf 79' lang='grc' dir='ltr'><strong>ὑμᾶς</strong></span> 
     </span>
    </p>
   </div>
   <div class='ocr_carea' id='block_1_64' title="bbox 492 3245 2076 3328">
    <p class='ocr_par' dir='ltr' id='par_1_64' title="bbox 492 3249 2071 3328">
     <span class='ocr_line' id='line_1_64' title="bbox 492 3249 2071 3328; baseline 0.006 -26"><span class='ocrx_word' id='word_1_486' title='bbox 492 3249 604 3304; x_wconf 85' lang='lat' dir='ltr'><strong>illis</strong></span> <span class='ocrx_word' id='word_1_487' title='bbox 631 3253 925 3317; x_wconf 81' lang='lat' dir='ltr'><strong>periit,nisi</strong></span> <span class='ocrx_word' id='word_1_488' title='bbox 956 3254 1100 3321; x_wconf 83' lang='lat' dir='ltr'><strong>ﬁlius</strong></span> <span class='ocrx_word' id='word_1_489' title='bbox 1126 3257 1435 3322; x_wconf 83' lang='lat' dir='ltr'><strong>perditionis</strong></span> <span class='ocrx_word' id='word_1_490' title='bbox 1464 3258 1505 3311; x_wconf 72' lang='grc'><strong>⁸.</strong></span> <span class='ocrx_word' id='word_1_491' title='bbox 1524 3258 1670 3315; x_wconf 86' lang='lat' dir='ltr'><strong>Alias</strong></span> <span class='ocrx_word' id='word_1_492' title='bbox 1700 3261 1828 3314; x_wconf 84' lang='lat' dir='ltr'><strong>item</strong></span> <span class='ocrx_word' id='word_1_493' title='bbox 1854 3278 1866 3314; x_wconf 90' lang='lat'><strong>:</strong></span> <span class='ocrx_word' id='word_1_494' title='bbox 1899 3258 2071 3328; x_wconf 85' lang='lat' dir='ltr'><strong>Opor-</strong></span> 
     </span>
    </p>
   </div>
   <div class='ocr_carea' id='block_1_65' title="bbox 2182 3245 3764 3328">
    <p class='ocr_par' dir='ltr' id='par_1_65' title="bbox 2182 3245 3764 3320">
     <span class='ocr_line' id='line_1_65' title="bbox 2182 3245 3764 3320; baseline -0.003 -14"><span class='ocrx_word' id='word_1_495' title='bbox 2182 3250 2575 3320; x_wconf 73' lang='grc' dir='ltr'><em>ὲξελεξὰμην,</em></span> <span class='ocrx_word' id='word_1_496' title='bbox 2644 3251 2742 3303; x_wconf 75' lang='grc' dir='ltr'><em>καὶ</em></span> <span class='ocrx_word' id='word_1_497' title='bbox 2793 3245 2881 3316; x_wconf 84' lang='grc' dir='ltr'><strong>εἷς</strong></span> <span class='ocrx_word' id='word_1_498' title='bbox 2937 3249 3006 3314; x_wconf 81' lang='grc' dir='ltr'><strong>ἐξ</strong></span> <span class='ocrx_word' id='word_1_499' title='bbox 3058 3249 3225 3319; x_wconf 83' lang='grc' dir='ltr'><strong>ὑμῶν</strong></span> <span class='ocrx_word' id='word_1_500' title='bbox 3271 3249 3588 3314; x_wconf 73' lang='grc' dir='ltr'><em>διάϐολοςξ</em></span> <span class='ocrx_word' id='word_1_501' title='bbox 3642 3250 3764 3318; x_wconf 75' lang='grc' dir='ltr'>οὐχὶ</span> 
     </span>
    </p>
   </div>
   <div class='ocr_carea' id='block_1_66' title="bbox 495 3341 2076 3419">
    <p class='ocr_par' dir='ltr' id='par_1_66' title="bbox 495 3341 2070 3419">
     <span class='ocr_line' id='line_1_66' title="bbox 495 3341 2070 3419; baseline 0.006 -24"><span class='ocrx_word' id='word_1_502' title='bbox 495 3350 567 3395; x_wconf 87' lang='lat' dir='ltr'><strong>tet</strong></span> <span class='ocrx_word' id='word_1_503' title='bbox 610 3341 809 3396; x_wconf 78' lang='lat' dir='ltr'><strong>Filium</strong></span> <span class='ocrx_word' id='word_1_504' title='bbox 839 3344 1067 3400; x_wconf 83' lang='lat' dir='ltr'><strong>hominis</strong></span> <span class='ocrx_word' id='word_1_505' title='bbox 1103 3348 1267 3412; x_wconf 86' lang='lat' dir='ltr'><strong>tradi,</strong></span> <span class='ocrx_word' id='word_1_506' title='bbox 1308 3350 1444 3403; x_wconf 86' lang='lat' dir='ltr'><strong>sicut</strong></span> <span class='ocrx_word' id='word_1_507' title='bbox 1490 3353 1745 3419; x_wconf 87' lang='lat' dir='ltr'><strong>scriptum</strong></span> <span class='ocrx_word' id='word_1_508' title='bbox 1783 3360 1861 3405; x_wconf 88' lang='lat' dir='ltr'><strong>est</strong></span> <span class='ocrx_word' id='word_1_509' title='bbox 1896 3351 1960 3405; x_wconf 85' lang='lat' dir='ltr'><strong>de</strong></span> <span class='ocrx_word' id='word_1_510' title='bbox 1989 3366 2070 3405; x_wconf 81' lang='lat' dir='ltr'><strong>eo.</strong></span> 
     </span>
    </p>
   </div>
   <div class='ocr_carea' id='block_1_67' title="bbox 2182 3341 3765 3419">
    <p class='ocr_par' dir='ltr' id='par_1_67' title="bbox 2182 3341 3765 3415">
     <span class='ocr_line' id='line_1_67' title="bbox 2182 3341 3765 3415; baseline -0.004 -17"><span class='ocrx_word' id='word_1_511' title='bbox 2182 3343 2425 3406; x_wconf 83' lang='grc' dir='ltr'><em>διάϐολος</em></span> <span class='ocrx_word' id='word_1_512' title='bbox 2463 3343 2636 3411; x_wconf 83' lang='grc' dir='ltr'><em>λέγων</em></span> <span class='ocrx_word' id='word_1_513' title='bbox 2668 3341 2847 3412; x_wconf 78' lang='grc' dir='ltr'><em>φύσει,</em></span> <span class='ocrx_word' id='word_1_514' title='bbox 2879 3341 3014 3395; x_wconf 82' lang='grc' dir='ltr'><em>ἀλλὰ</em></span> <span class='ocrx_word' id='word_1_515' title='bbox 3043 3343 3181 3396; x_wconf 77' lang='grc' dir='ltr'><em>κατὰ</em></span> <span class='ocrx_word' id='word_1_516' title='bbox 3217 3342 3461 3415; x_wconf 78' lang='grc' dir='ltr'><em>γνώμην.</em></span> <span class='ocrx_word' id='word_1_517' title='bbox 3514 3341 3681 3396; x_wconf 78' lang='grc' dir='ltr'><em>Πάλιν</em></span> <span class='ocrx_word' id='word_1_518' title='bbox 3709 3341 3765 3393; x_wconf 83' lang='grc' dir='ltr'><em>δὲ</em></span> 
     </span>
    </p>
   </div>
   <div class='ocr_carea' id='block_1_68' title="bbox 504 3433 2076 3508">
    <p class='ocr_par' dir='ltr' id='par_1_68' title="bbox 504 3433 2076 3508">
     <span class='ocr_line' id='line_1_68' title="bbox 504 3433 2076 3508; baseline 0.006 -22"><span class='ocrx_word' id='word_1_519' title='bbox 504 3433 594 3488; x_wconf 73' lang='lat' dir='ltr'><em>Vw</em></span> <span class='ocrx_word' id='word_1_520' title='bbox 623 3445 800 3489; x_wconf 83' lang='lat' dir='ltr'><strong>autem</strong></span> <span class='ocrx_word' id='word_1_521' title='bbox 823 3438 871 3490; x_wconf 89' lang='lat' dir='ltr'><strong>ei</strong></span> <span class='ocrx_word' id='word_1_522' title='bbox 905 3453 997 3506; x_wconf 83' lang='lat' dir='ltr'><strong>per</strong></span> <span class='ocrx_word' id='word_1_523' title='bbox 1031 3456 1183 3508; x_wconf 85' lang='lat' dir='ltr'><strong>quem</strong></span> <span class='ocrx_word' id='word_1_524' title='bbox 1226 3441 1487 3496; x_wconf 87' lang='lat' dir='ltr'><strong>tradetur.</strong></span> <span class='ocrx_word' id='word_1_525' title='bbox 1530 3442 1737 3497; x_wconf 84' lang='lat' dir='ltr'><strong>Bonum</strong></span> <span class='ocrx_word' id='word_1_526' title='bbox 1775 3445 1912 3496; x_wconf 87' lang='lat' dir='ltr'><strong>enim</strong></span> <span class='ocrx_word' id='word_1_527' title='bbox 1958 3452 2076 3497; x_wconf 86' lang='lat' dir='ltr'><strong>erat</strong></span> 
     </span>
    </p>
   </div>
   <div class='ocr_carea' id='block_1_69' title="bbox 2182 3433 3764 3508">
    <p class='ocr_par' dir='ltr' id='par_1_69' title="bbox 2183 3433 3764 3506">
     <span class='ocr_line' id='line_1_69' title="bbox 2183 3433 3764 3506; baseline -0.001 -17"><span class='ocrx_word' id='word_1_528' title='bbox 2183 3439 2241 3489; x_wconf 82' lang='grc' dir='ltr'><em>ὲν</em></span> <span class='ocrx_word' id='word_1_529' title='bbox 2288 3435 2460 3506; x_wconf 77' lang='grc' dir='ltr'><em>ἑτέρῳ</em></span> <span class='ocrx_word' id='word_1_530' title='bbox 2500 3434 2652 3504; x_wconf 83' lang='grc' dir='ltr'><em>τόπῳ</em></span> <span class='ocrx_word' id='word_1_531' title='bbox 2696 3433 2876 3503; x_wconf 82' lang='grc' dir='ltr'><em>λέγει’</em></span> <span class='ocrx_word' id='word_1_532' title='bbox 2921 3433 3134 3503; x_wconf 83' lang='grc' dir='ltr'><em>Πάτερ,</em></span> <span class='ocrx_word' id='word_1_533' title='bbox 3156 3437 3333 3503; x_wconf 84' lang='grc' dir='ltr'><em>Κύριε</em></span> <span class='ocrx_word' id='word_1_534' title='bbox 3370 3434 3764 3504; x_wconf 73' lang='grc' dir='ltr'><em>οὐρανοῦ-καὶ</em></span> 
     </span>
    </p>
   </div>
   <div class='ocr_carea' id='block_1_70' title="bbox 491 3523 2076 3598">
    <p class='ocr_par' dir='ltr' id='par_1_70' title="bbox 491 3523 1906 3598">
     <span class='ocr_line' id='line_1_70' title="bbox 491 3523 1906 3598; baseline 0.007 -22"><span class='ocrx_word' id='word_1_535' title='bbox 491 3523 560 3590; x_wconf 87' lang='lat' dir='ltr'><strong>ei,</strong></span> <span class='ocrx_word' id='word_1_536' title='bbox 592 3525 640 3578; x_wconf 87' lang='lat' dir='ltr'><strong>si</strong></span> <span class='ocrx_word' id='word_1_537' title='bbox 673 3538 830 3580; x_wconf 88' lang='lat' dir='ltr'><strong>natus</strong></span> <span class='ocrx_word' id='word_1_538' title='bbox 867 3544 971 3580; x_wconf 87' lang='lat' dir='ltr'><strong>non</strong></span> <span class='ocrx_word' id='word_1_539' title='bbox 1001 3529 1186 3598; x_wconf 82' lang='lat' dir='ltr'><strong>[uisset</strong></span> <span class='ocrx_word' id='word_1_540' title='bbox 1221 3533 1374 3585; x_wconf 84' lang='lat' dir='ltr'><strong>homo</strong></span> <span class='ocrx_word' id='word_1_541' title='bbox 1398 3533 1487 3586; x_wconf 87' lang='lat' dir='ltr'><strong>ille</strong></span> <span class='ocrx_word' id='word_1_542' title='bbox 1517 3534 1561 3598; x_wconf 77' lang='grc'><em>⁸,</em></span> <span class='ocrx_word' id='word_1_543' title='bbox 1602 3541 1657 3589; x_wconf 87' lang='lat' dir='ltr'><strong>et</strong></span> <span class='ocrx_word' id='word_1_544' title='bbox 1691 3543 1906 3589; x_wconf 69' lang='lat' dir='ltr'><strong>caetera.</strong></span> 
     </span>
    </p>
   </div>
   <div class='ocr_carea' id='block_1_71' title="bbox 2182 3523 3767 3598">
    <p class='ocr_par' dir='ltr' id='par_1_71' title="bbox 2183 3523 3767 3598">
     <span class='ocr_line' id='line_1_71' title="bbox 2183 3523 3767 3598; baseline -0.002 -16"><span class='ocrx_word' id='word_1_545' title='bbox 2183 3526 2317 3598; x_wconf 74' lang='grc' dir='ltr'><em>γῆς,</em></span> <span class='ocrx_word' id='word_1_546' title='bbox 2380 3523 2650 3593; x_wconf 82' lang='grc' dir='ltr'><em>τήρησον</em></span> <span class='ocrx_word' id='word_1_547' title='bbox 2699 3525 2953 3590; x_wconf 83' lang='grc' dir='ltr'><em>τούτους</em></span> <span class='ocrx_word' id='word_1_548' title='bbox 3000 3525 3108 3592; x_wconf 75' lang='grc' dir='ltr'><em>οὓς</em></span> <span class='ocrx_word' id='word_1_549' title='bbox 3165 3525 3430 3592; x_wconf 80' lang='grc' dir='ltr'><em>δέδωκάς</em></span> <span class='ocrx_word' id='word_1_550' title='bbox 3477 3545 3600 3595; x_wconf 82' lang='grc' dir='ltr'><em>μοι.</em></span> <span class='ocrx_word' id='word_1_551' title='bbox 3637 3527 3767 3579; x_wconf 83' lang='grc' dir='ltr'><strong>Ὅτε</strong></span> 
     </span>
    </p>
   </div>
   <div class='ocr_carea' id='block_1_72' title="bbox 491 3617 3728 3696">
    <p class='ocr_par' dir='ltr' id='par_1_72' title="bbox 491 3617 3728 3696">
     <span class='ocr_line' id='line_1_72' title="bbox 491 3617 3728 3696; baseline 0.001 -24"><span class='ocrx_word' id='word_1_552' title='bbox 491 3617 656 3688; x_wconf 75' lang='grc' dir='ltr'><em>ἤμην</em></span> <span class='ocrx_word' id='word_1_553' title='bbox 692 3621 820 3688; x_wconf 81' lang='grc' dir='ltr'><em>μετ’</em></span> <span class='ocrx_word' id='word_1_554' title='bbox 865 3622 1082 3691; x_wconf 79' lang='grc' dir='ltr'><em>αὐτῶν,</em></span> <span class='ocrx_word' id='word_1_555' title='bbox 1136 3626 1410 3695; x_wconf 66' lang='grc' dir='ltr'><em>ἐφύλαξα</em></span> <span class='ocrx_word' id='word_1_556' title='bbox 1445 3629 1690 3696; x_wconf 81' lang='grc' dir='ltr'><em>αὐτοὺς,</em></span> <span class='ocrx_word' id='word_1_557' title='bbox 1723 3629 1823 3683; x_wconf 80' lang='grc' dir='ltr'><strong>καὶ</strong></span> <span class='ocrx_word' id='word_1_558' title='bbox 1876 3628 2075 3694; x_wconf 76' lang='grc' dir='ltr'><em>οὐδεὶς</em></span> <span class='ocrx_word' id='word_1_559' title='bbox 2111 3624 2180 3689; x_wconf 79' lang='grc' dir='ltr'><strong>ἐξ</strong></span> <span class='ocrx_word' id='word_1_560' title='bbox 2245 3620 2444 3677; x_wconf 84' lang='grc' dir='ltr'><em>αὐτῶν</em></span> <span class='ocrx_word' id='word_1_561' title='bbox 2477 3621 2771 3687; x_wconf 80' lang='grc' dir='ltr'><em>ἀπώλετο,</em></span> <span class='ocrx_word' id='word_1_562' title='bbox 2805 3623 2858 3674; x_wconf 78' lang='grc' dir='ltr'><strong>ει</strong></span> <span class='ocrx_word' id='word_1_563' title='bbox 2875 3620 2962 3690; x_wconf 79' lang='grc' dir='ltr'><strong>μὴ</strong></span> <span class='ocrx_word' id='word_1_564' title='bbox 2997 3625 3030 3676; x_wconf 83' lang='grc' dir='ltr'><em>ό</em></span> <span class='ocrx_word' id='word_1_565' title='bbox 3083 3621 3214 3688; x_wconf 80' lang='grc' dir='ltr'><em>υἱὸς</em></span> <span class='ocrx_word' id='word_1_566' title='bbox 3252 3621 3360 3690; x_wconf 79' lang='grc' dir='ltr'><em>τῆς</em></span> <span class='ocrx_word' id='word_1_567' title='bbox 3408 3623 3728 3688; x_wconf 75' lang='grc' dir='ltr'><em>ἀπωλείας.</em></span> 
     </span>
    </p>
   </div>
   <div class='ocr_carea' id='block_1_73' title="bbox 491 3711 3729 3790">
    <p class='ocr_par' dir='ltr' id='par_1_73' title="bbox 491 3711 3729 3790">
     <span class='ocr_line' id='line_1_73' title="bbox 491 3711 3729 3790; baseline 0.001 -24"><span class='ocrx_word' id='word_1_568' title='bbox 491 3711 661 3766; x_wconf 83' lang='grc' dir='ltr'><em>Πάλιν</em></span> <span class='ocrx_word' id='word_1_569' title='bbox 699 3711 887 3770; x_wconf 74' lang='grc' dir='ltr'><em>ἄλλοτε</em></span> <span class='ocrx_word' id='word_1_570' title='bbox 931 3717 1102 3787; x_wconf 84' lang='grc' dir='ltr'><em>λέγει,</em></span> <span class='ocrx_word' id='word_1_571' title='bbox 1166 3721 1249 3774; x_wconf 80' lang='grc' dir='ltr'><em>ὅτι</em></span> <span class='ocrx_word' id='word_1_572' title='bbox 1295 3721 1397 3774; x_wconf 86' lang='grc' dir='ltr'><strong>Δεῖ</strong></span> <span class='ocrx_word' id='word_1_573' title='bbox 1417 3721 1523 3775; x_wconf 87' lang='grc' dir='ltr'><em>τὸν</em></span> <span class='ocrx_word' id='word_1_574' title='bbox 1586 3724 1722 3778; x_wconf 81' lang='grc' dir='ltr'><em>Υὶὸν</em></span> <span class='ocrx_word' id='word_1_575' title='bbox 1764 3724 1870 3778; x_wconf 84' lang='grc' dir='ltr'><em>τοῦ</em></span> <span class='ocrx_word' id='word_1_576' title='bbox 1936 3721 2253 3790; x_wconf 78' lang='grc' dir='ltr'><em>ἀνθρώπου</em></span> <span class='ocrx_word' id='word_1_577' title='bbox 2321 3715 2734 3785; x_wconf 78' lang='grc' dir='ltr'><em>παραδοθῆναι</em></span> <span class='ocrx_word' id='word_1_578' title='bbox 2803 3716 2953 3770; x_wconf 84' lang='grc' dir='ltr'><em>κατὰ</em></span> <span class='ocrx_word' id='word_1_579' title='bbox 3017 3717 3084 3772; x_wconf 82' lang='grc' dir='ltr'><em>τὸ</em></span> <span class='ocrx_word' id='word_1_580' title='bbox 3144 3720 3550 3788; x_wconf 59' lang='grc' dir='ltr'><em>γεγραμμένον</em></span> <span class='ocrx_word' id='word_1_581' title='bbox 3597 3718 3729 3786; x_wconf 76' lang='grc' dir='ltr'><em>περὶ</em></span> 
     </span>
    </p>
   </div>
   <div class='ocr_carea' id='block_1_74' title="bbox 492 3804 3388 3886">
    <p class='ocr_par' dir='ltr' id='par_1_74' title="bbox 492 3804 3388 3886">
     <span class='ocr_line' id='line_1_74' title="bbox 492 3804 3388 3886; baseline 0.008 -32"><span class='ocrx_word' id='word_1_582' title='bbox 492 3804 699 3858; x_wconf 81' lang='grc' dir='ltr'><em>αὑτοῦ.</em></span> <span class='ocrx_word' id='word_1_583' title='bbox 756 3807 902 3860; x_wconf 77' lang='grc' dir='ltr'><strong>Οὐαὶ</strong></span> <span class='ocrx_word' id='word_1_584' title='bbox 927 3807 996 3861; x_wconf 83' lang='grc' dir='ltr'><em>δὲ</em></span> <span class='ocrx_word' id='word_1_585' title='bbox 1027 3811 1101 3863; x_wconf 82' lang='grc' dir='ltr'><em>δι’</em></span> <span class='ocrx_word' id='word_1_586' title='bbox 1141 3809 1213 3867; x_wconf 89' lang='grc' dir='ltr'><em>οὗ</em></span> <span class='ocrx_word' id='word_1_587' title='bbox 1244 3813 1743 3885; x_wconf 82' lang='grc' dir='ltr'><em>παραδοθήσεται.</em></span> <span class='ocrx_word' id='word_1_588' title='bbox 1779 3817 2080 3886; x_wconf 66' lang='grc' dir='ltr'><em>Συνέφερε</em></span> <span class='ocrx_word' id='word_1_589' title='bbox 2118 3815 2227 3885; x_wconf 79' lang='grc' dir='ltr'><strong>γὰρ</strong></span> <span class='ocrx_word' id='word_1_590' title='bbox 2257 3811 2416 3876; x_wconf 82' lang='grc' dir='ltr'><em>αὐτῷ</em></span> <span class='ocrx_word' id='word_1_591' title='bbox 2448 3813 2501 3865; x_wconf 81' lang='grc' dir='ltr'><em>ει</em></span> <span class='ocrx_word' id='word_1_592' title='bbox 2529 3812 2640 3864; x_wconf 75' lang='grc' dir='ltr'><strong>οὐκ</strong></span> <span class='ocrx_word' id='word_1_593' title='bbox 2677 3810 2992 3881; x_wconf 77' lang='grc' dir='ltr'><strong>ἐγεννήθη,</strong></span> <span class='ocrx_word' id='word_1_594' title='bbox 3023 3810 3116 3864; x_wconf 66' lang='grc' dir='ltr'>καὶ</span> <span class='ocrx_word' id='word_1_595' title='bbox 3145 3811 3210 3864; x_wconf 71' lang='grc' dir='ltr'><strong>τὰ</strong></span> <span class='ocrx_word' id='word_1_596' title='bbox 3242 3811 3388 3880; x_wconf 72' lang='grc' dir='ltr'><strong>ἑξῆς-</strong></span> 
     </span>
    </p>
   </div>
   <div class='ocr_carea' id='block_1_75' title="bbox 564 3893 2076 3974">
    <p class='ocr_par' dir='ltr' id='par_1_75' title="bbox 564 3893 2076 3974">
     <span class='ocr_line' id='line_1_75' title="bbox 564 3893 2076 3974; baseline 0.007 -24"><span class='ocrx_word' id='word_1_597' title='bbox 564 3893 733 3964; x_wconf 79' lang='grc'><strong>280</strong></span> <span class='ocrx_word' id='word_1_598' title='bbox 771 3895 885 3952; x_wconf 84' lang='grc' dir='ltr'><em>Ηοε</em></span> <span class='ocrx_word' id='word_1_599' title='bbox 924 3899 1089 3970; x_wconf 83' lang='lat' dir='ltr'><strong>igitur</strong></span> <span class='ocrx_word' id='word_1_600' title='bbox 1125 3903 1416 3959; x_wconf 80' lang='lat' dir='ltr'><strong>manifeSte</strong></span> <span class='ocrx_word' id='word_1_601' title='bbox 1441 3907 1796 3974; x_wconf 81' lang='lat' dir='ltr'><strong>cognovimus</strong></span> <span class='ocrx_word' id='word_1_602' title='bbox 1841 3907 1908 3963; x_wconf 91' lang='lat' dir='ltr'><strong>de</strong></span> <span class='ocrx_word' id='word_1_603' title='bbox 1938 3906 2076 3961; x_wconf 75' lang='lat' dir='ltr'><strong>Juda</strong></span> 
     </span>
    </p>
   </div>
   <div class='ocr_carea' id='block_1_76' title="bbox 2182 3893 3766 3974">
    <p class='ocr_par' dir='ltr' id='par_1_76' title="bbox 2256 3901 3766 3974">
     <span class='ocr_line' id='line_1_76' title="bbox 2256 3901 3766 3974; baseline 0 -20"><span class='ocrx_word' id='word_1_604' title='bbox 2256 3903 2399 3973; x_wconf 82' lang='grc' dir='ltr'><em>Ἀρα</em></span> <span class='ocrx_word' id='word_1_605' title='bbox 2423 3902 2553 3971; x_wconf 77' lang='grc' dir='ltr'><em>γοῦν</em></span> <span class='ocrx_word' id='word_1_606' title='bbox 2587 3901 2886 3966; x_wconf 77' lang='grc' dir='ltr'><em>ἐξάπαντος</em></span> <span class='ocrx_word' id='word_1_607' title='bbox 2919 3902 3186 3972; x_wconf 80' lang='grc' dir='ltr'><em>ἔγνωμεν,</em></span> <span class='ocrx_word' id='word_1_608' title='bbox 3211 3901 3286 3964; x_wconf 80' lang='grc' dir='ltr'><em>ὡς</em></span> <span class='ocrx_word' id='word_1_609' title='bbox 3316 3901 3442 3974; x_wconf 76' lang='grc' dir='ltr'><em>περὶ</em></span> <span class='ocrx_word' id='word_1_610' title='bbox 3468 3901 3561 3955; x_wconf 80' lang='grc' dir='ltr'><em>τοῦ</em></span> <span class='ocrx_word' id='word_1_611' title='bbox 3598 3901 3766 3954; x_wconf 75' lang='grc' dir='ltr'><em>Ἰούδα</em></span> 
     </span>
    </p>
   </div>
   <div class='ocr_carea' id='block_1_77' title="bbox 493 3986 2076 4072">
    <p class='ocr_par' dir='ltr' id='par_1_77' title="bbox 493 3986 2076 4072">
     <span class='ocr_line' id='line_1_77' title="bbox 493 3986 2076 4072; baseline 0.01 -33"><span class='ocrx_word' id='word_1_612' title='bbox 493 3986 831 4045; x_wconf 85' lang='lat' dir='ltr'><strong>intellexisse</strong></span> <span class='ocrx_word' id='word_1_613' title='bbox 876 4007 1000 4046; x_wconf 90' lang='lat' dir='ltr'><strong>cum</strong></span> <span class='ocrx_word' id='word_1_614' title='bbox 1045 3992 1248 4051; x_wconf 68' lang='lat' dir='ltr'><strong>Iudaeis</strong></span> <span class='ocrx_word' id='word_1_615' title='bbox 1302 3998 1637 4067; x_wconf 82' lang='lat' dir='ltr'><strong>loqueretur.</strong></span> <span class='ocrx_word' id='word_1_616' title='bbox 1691 4003 1736 4054; x_wconf 86' lang='lat' dir='ltr'><strong>A</strong></span> <span class='ocrx_word' id='word_1_617' title='bbox 1787 4017 1896 4072; x_wconf 94' lang='lat' dir='ltr'><strong>quo</strong></span> <span class='ocrx_word' id='word_1_618' title='bbox 1934 4003 2076 4058; x_wconf 89' lang='lat' dir='ltr'><strong>enim</strong></span> 
     </span>
    </p>
   </div>
   <div class='ocr_carea' id='block_1_78' title="bbox 2182 3986 3766 4072">
    <p class='ocr_par' dir='ltr' id='par_1_78' title="bbox 2184 3987 3766 4066">
     <span class='ocr_line' id='line_1_78' title="bbox 2184 3987 3766 4066; baseline -0.001 -18"><span class='ocrx_word' id='word_1_619' title='bbox 2184 3995 2336 4063; x_wconf 74' lang='grc' dir='ltr'><em>ἔλεγε</em></span> <span class='ocrx_word' id='word_1_620' title='bbox 2380 3997 2493 4058; x_wconf 84' lang='grc' dir='ltr'><em>τοῖς</em></span> <span class='ocrx_word' id='word_1_621' title='bbox 2539 3995 2847 4058; x_wconf 84' lang='grc' dir='ltr'><em>Ἰουδαίοις·</em></span> <span class='ocrx_word' id='word_1_622' title='bbox 2903 3987 2947 4062; x_wconf 83' lang='grc' dir='ltr'>ᾧ</span> <span class='ocrx_word' id='word_1_623' title='bbox 3000 3995 3108 4066; x_wconf 85' lang='grc' dir='ltr'><em>γάρ</em></span> <span class='ocrx_word' id='word_1_624' title='bbox 3168 4012 3251 4058; x_wconf 89' lang='grc' dir='ltr'><strong>τις</strong></span> <span class='ocrx_word' id='word_1_625' title='bbox 3293 3995 3544 4066; x_wconf 76' lang='grc' dir='ltr'><em>ἣττηται,</em></span> <span class='ocrx_word' id='word_1_626' title='bbox 3594 3994 3766 4064; x_wconf 82' lang='grc' dir='ltr'><em>τούτῳ</em></span> 
     </span>
    </p>
   </div>
   <div class='ocr_carea' id='block_1_79' title="bbox 496 4075 2076 4160">
    <p class='ocr_par' dir='ltr' id='par_1_79' title="bbox 496 4075 2076 4158">
     <span class='ocr_line' id='line_1_79' title="bbox 496 4075 2076 4158; baseline 0.011 -30"><span class='ocrx_word' id='word_1_627' title='bbox 496 4075 728 4147; x_wconf 76' lang='lat' dir='ltr'><strong>quisque</strong></span> <span class='ocrx_word' id='word_1_628' title='bbox 753 4092 1043 4152; x_wconf 88' lang='lat' dir='ltr'><strong>superatus</strong></span> <span class='ocrx_word' id='word_1_629' title='bbox 1077 4092 1181 4151; x_wconf 88' lang='lat' dir='ltr'><strong>est,</strong></span> <span class='ocrx_word' id='word_1_630' title='bbox 1216 4085 1378 4157; x_wconf 87' lang='lat' dir='ltr'><strong>hujus</strong></span> <span class='ocrx_word' id='word_1_631' title='bbox 1407 4097 1460 4143; x_wconf 87' lang='lat' dir='ltr'><strong>ct</strong></span> <span class='ocrx_word' id='word_1_632' title='bbox 1491 4105 1682 4146; x_wconf 87' lang='lat' dir='ltr'><strong>servus</strong></span> <span class='ocrx_word' id='word_1_633' title='bbox 1711 4101 1834 4158; x_wconf 78' lang='lat' dir='ltr'><strong>est;</strong></span> <span class='ocrx_word' id='word_1_634' title='bbox 1872 4107 1935 4146; x_wconf 87' lang='lat' dir='ltr'><strong>ac</strong></span> <span class='ocrx_word' id='word_1_635' title='bbox 1964 4092 2076 4146; x_wconf 89' lang='lat' dir='ltr'><strong>cui-</strong></span> 
     </span>
    </p>
   </div>
   <div class='ocr_carea' id='block_1_80' title="bbox 2182 4075 3766 4160">
    <p class='ocr_par' dir='ltr' id='par_1_80' title="bbox 2184 4081 3766 4160">
     <span class='ocr_line' id='line_1_80' title="bbox 2184 4081 3766 4160; baseline -0.003 -14"><span class='ocrx_word' id='word_1_636' title='bbox 2184 4094 2278 4146; x_wconf 68' lang='grc' dir='ltr'><strong>καὶ</strong></span> <span class='ocrx_word' id='word_1_637' title='bbox 2311 4090 2630 4146; x_wconf 80' lang='grc' dir='ltr'><em>δεδούλωται</em></span> <span class='ocrx_word' id='word_1_638' title='bbox 2651 4107 2664 4121; x_wconf 78' lang='grc'><strong>⁸</strong></span> <span class='ocrx_word' id='word_1_639' title='bbox 2699 4091 2791 4144; x_wconf 74' lang='grc' dir='ltr'><strong>καὶ</strong></span> <span class='ocrx_word' id='word_1_640' title='bbox 2823 4081 2872 4158; x_wconf 84' lang='grc' dir='ltr'>ᾧ</span> <span class='ocrx_word' id='word_1_641' title='bbox 2911 4107 2994 4152; x_wconf 84' lang='grc' dir='ltr'><em>τις</em></span> <span class='ocrx_word' id='word_1_642' title='bbox 3024 4088 3289 4153; x_wconf 80' lang='grc' dir='ltr'><em>πείθεται,</em></span> <span class='ocrx_word' id='word_1_643' title='bbox 3321 4088 3510 4142; x_wconf 76' lang='grc' dir='ltr'><em>τοῦτον</em></span> <span class='ocrx_word' id='word_1_644' title='bbox 3556 4089 3766 4160; x_wconf 84' lang='grc' dir='ltr'><em>πατέρα</em></span> 
     </span>
    </p>
   </div>
   <div class='ocr_carea' id='block_1_81' title="bbox 496 4171 2076 4257">
    <p class='ocr_par' dir='ltr' id='par_1_81' title="bbox 496 4171 2076 4251">
     <span class='ocr_line' id='line_1_81' title="bbox 496 4171 2076 4251; baseline 0.011 -33"><span class='ocrx_word' id='word_1_645' title='bbox 496 4181 713 4236; x_wconf 90' lang='lat' dir='ltr'><strong>cunque</strong></span> <span class='ocrx_word' id='word_1_646' title='bbox 749 4171 946 4240; x_wconf 87' lang='lat' dir='ltr'><strong>aliquis</strong></span> <span class='ocrx_word' id='word_1_647' title='bbox 1002 4173 1366 4244; x_wconf 85' lang='lat' dir='ltr'><strong>obsequitur,</strong></span> <span class='ocrx_word' id='word_1_648' title='bbox 1424 4177 1570 4234; x_wconf 89' lang='lat' dir='ltr'><strong>hunc</strong></span> <span class='ocrx_word' id='word_1_649' title='bbox 1631 4191 1683 4236; x_wconf 93' lang='lat' dir='ltr'><strong>et</strong></span> <span class='ocrx_word' id='word_1_650' title='bbox 1731 4182 1902 4251; x_wconf 84' lang='lat' dir='ltr'><strong>patris</strong></span> <span class='ocrx_word' id='word_1_651' title='bbox 1959 4182 2076 4236; x_wconf 91' lang='lat' dir='ltr'><strong>loco</strong></span> 
     </span>
    </p>
   </div>
   <div class='ocr_carea' id='block_1_82' title="bbox 2182 4171 3766 4257">
    <p class='ocr_par' dir='ltr' id='par_1_82' title="bbox 2186 4176 3766 4257">
     <span class='ocr_line' id='line_1_82' title="bbox 2186 4176 3766 4257; baseline -0.004 -18"><span class='ocrx_word' id='word_1_652' title='bbox 2186 4186 2407 4257; x_wconf 74' lang='grc' dir='ltr'><em>ἔσχηκε,</em></span> <span class='ocrx_word' id='word_1_653' title='bbox 2443 4184 2537 4237; x_wconf 72' lang='grc' dir='ltr'><strong>καὶ</strong></span> <span class='ocrx_word' id='word_1_654' title='bbox 2575 4182 2818 4253; x_wconf 84' lang='grc' dir='ltr'><em>ἀρχηγὸν</em></span> <span class='ocrx_word' id='word_1_655' title='bbox 2855 4181 2954 4253; x_wconf 78' lang='grc' dir='ltr'><em>τῆς</em></span> <span class='ocrx_word' id='word_1_656' title='bbox 2991 4179 3154 4233; x_wconf 81' lang='grc' dir='ltr'><em>αὑτοῦ</em></span> <span class='ocrx_word' id='word_1_657' title='bbox 3193 4178 3431 4243; x_wconf 81' lang='grc' dir='ltr'><em>πειθοῦς.</em></span> <span class='ocrx_word' id='word_1_658' title='bbox 3470 4180 3640 4251; x_wconf 72' lang='grc' dir='ltr'><em>Φησὶν</em></span> <span class='ocrx_word' id='word_1_659' title='bbox 3674 4176 3766 4232; x_wconf 76' lang='grc' dir='ltr'><em>οὖν</em></span> 
     </span>
    </p>
   </div>
   <div class='ocr_carea' id='block_1_83' title="bbox 496 4255 2076 4348">
    <p class='ocr_par' dir='ltr' id='par_1_83' title="bbox 496 4255 2076 4342">
     <span class='ocr_line' id='line_1_83' title="bbox 496 4255 2076 4342; baseline 0.012 -33"><span class='ocrx_word' id='word_1_660' title='bbox 496 4255 698 4323; x_wconf 79' lang='lat' dir='ltr'><strong>habet,</strong></span> <span class='ocrx_word' id='word_1_661' title='bbox 731 4268 784 4314; x_wconf 91' lang='lat' dir='ltr'><strong>et</strong></span> <span class='ocrx_word' id='word_1_662' title='bbox 830 4264 1079 4333; x_wconf 87' lang='lat' dir='ltr'><strong>obsequii</strong></span> <span class='ocrx_word' id='word_1_663' title='bbox 1134 4268 1220 4321; x_wconf 92' lang='lat' dir='ltr'><strong>sui</strong></span> <span class='ocrx_word' id='word_1_664' title='bbox 1269 4277 1552 4326; x_wconf 88' lang='lat' dir='ltr'><strong>auctorem</strong></span> <span class='ocrx_word' id='word_1_665' title='bbox 1582 4273 1850 4342; x_wconf 83' lang='lat' dir='ltr'><strong>agnoscit.</strong></span> <span class='ocrx_word' id='word_1_666' title='bbox 1901 4271 2076 4338; x_wconf 87' lang='lat' dir='ltr'><strong>Quare</strong></span> 
     </span>
    </p>
   </div>
   <div class='ocr_carea' id='block_1_84' title="bbox 2182 4255 3766 4348">
    <p class='ocr_par' dir='ltr' id='par_1_84' title="bbox 2186 4255 3766 4348">
     <span class='ocr_line' id='line_1_84' title="bbox 2186 4255 3766 4348; baseline -0.003 -19"><span class='ocrx_word' id='word_1_667' title='bbox 2186 4278 2215 4329; x_wconf 91' lang='lat'><strong>6</strong></span> <span class='ocrx_word' id='word_1_668' title='bbox 2242 4255 2478 4348; x_wconf 67' lang='grc' dir='ltr'><em>Κύριος·</em></span> <span class='ocrx_word' id='word_1_669' title='bbox 2522 4273 2719 4342; x_wconf 84' lang='grc' dir='ltr'><em>Ὑμεῖς</em></span> <span class='ocrx_word' id='word_1_670' title='bbox 2758 4272 2874 4327; x_wconf 78' lang='grc' dir='ltr'><strong>υἱοὶ</strong></span> <span class='ocrx_word' id='word_1_671' title='bbox 2902 4272 3009 4325; x_wconf 86' lang='grc' dir='ltr'><em>τοῦ</em></span> <span class='ocrx_word' id='word_1_672' title='bbox 3051 4269 3275 4339; x_wconf 72' lang='grc' dir='ltr'><em>πατρὸς</em></span> <span class='ocrx_word' id='word_1_673' title='bbox 3312 4269 3479 4340; x_wconf 80' lang='grc' dir='ltr'><em>ὑμῶν</em></span> <span class='ocrx_word' id='word_1_674' title='bbox 3511 4271 3618 4325; x_wconf 86' lang='grc' dir='ltr'><em>τοῦ</em></span> <span class='ocrx_word' id='word_1_675' title='bbox 3645 4271 3766 4325; x_wconf 87' lang='grc' dir='ltr'><em>δια-</em></span> 
     </span>
    </p>
   </div>
   <div class='ocr_carea' id='block_1_85' title="bbox 497 4351 2076 4437">
    <p class='ocr_par' dir='ltr' id='par_1_85' title="bbox 497 4351 2076 4436">
     <span class='ocr_line' id='line_1_85' title="bbox 497 4351 2076 4436; baseline 0.008 -30"><span class='ocrx_word' id='word_1_676' title='bbox 497 4351 620 4406; x_wconf 87' lang='lat' dir='ltr'><strong>ideo</strong></span> <span class='ocrx_word' id='word_1_677' title='bbox 671 4352 802 4408; x_wconf 82' lang='lat' dir='ltr'><strong>iisce</strong></span> <span class='ocrx_word' id='word_1_678' title='bbox 844 4356 1022 4411; x_wconf 85' lang='lat' dir='ltr'><strong>verbis</strong></span> <span class='ocrx_word' id='word_1_679' title='bbox 1068 4357 1331 4417; x_wconf 89' lang='lat' dir='ltr'><strong>Dominus</strong></span> <span class='ocrx_word' id='word_1_680' title='bbox 1378 4363 1582 4418; x_wconf 88' lang='lat' dir='ltr'><strong>utitur:</strong></span> <span class='ocrx_word' id='word_1_681' title='bbox 1638 4363 1740 4419; x_wconf 82' lang='lat' dir='ltr'><strong>Vos</strong></span> <span class='ocrx_word' id='word_1_682' title='bbox 1778 4366 1878 4436; x_wconf 82' lang='lat' dir='ltr'><strong>ﬁlii</strong></span> <span class='ocrx_word' id='word_1_683' title='bbox 1910 4367 2076 4434; x_wconf 84' lang='lat' dir='ltr'><strong>patris</strong></span> 
     </span>
    </p>
   </div>
   <div class='ocr_carea' id='block_1_86' title="bbox 2182 4351 3768 4437">
    <p class='ocr_par' dir='ltr' id='par_1_86' title="bbox 2189 4364 3768 4437">
     <span class='ocr_line' id='line_1_86' title="bbox 2189 4364 3768 4437; baseline -0.004 -14"><span class='ocrx_word' id='word_1_684' title='bbox 2189 4370 2371 4423; x_wconf 71' lang='grc' dir='ltr'><em>δόλου</em></span> <span class='ocrx_word' id='word_1_685' title='bbox 2415 4366 2608 4433; x_wconf 71' lang='grc' dir='ltr'><em>ἑστέσ,</em></span> <span class='ocrx_word' id='word_1_686' title='bbox 2637 4365 2825 4437; x_wconf 80' lang='grc' dir='ltr'><em>ἐπειδὴ</em></span> <span class='ocrx_word' id='word_1_687' title='bbox 2857 4366 2982 4420; x_wconf 74' lang='grc' dir='ltr'><em>ἀντὶ</em></span> <span class='ocrx_word' id='word_1_688' title='bbox 3031 4365 3125 4418; x_wconf 78' lang='grc' dir='ltr'><em>τοῦ</em></span> <span class='ocrx_word' id='word_1_689' title='bbox 3176 4365 3414 4437; x_wconf 83' lang='grc' dir='ltr'><em>Χριστοῦ</em></span> <span class='ocrx_word' id='word_1_690' title='bbox 3465 4364 3543 4436; x_wconf 78' lang='grc' dir='ltr'><em>τῷ</em></span> <span class='ocrx_word' id='word_1_691' title='bbox 3603 4364 3768 4434; x_wconf 69' lang='grc' dir='ltr'><em>Ἰούδᾳ.</em></span> 
     </span>
    </p>
   </div>
   <div class='ocr_carea' id='block_1_87' title="bbox 499 4440 2076 4529">
    <p class='ocr_par' dir='ltr' id='par_1_87' title="bbox 499 4440 2076 4525">
     <span class='ocr_line' id='line_1_87' title="bbox 499 4440 2076 4525; baseline 0.01 -31"><span class='ocrx_word' id='word_1_692' title='bbox 499 4440 660 4494; x_wconf 83' lang='lat' dir='ltr'><strong>vestri</strong></span> <span class='ocrx_word' id='word_1_693' title='bbox 678 4441 880 4496; x_wconf 88' lang='lat' dir='ltr'><strong>diaboli</strong></span> <span class='ocrx_word' id='word_1_694' title='bbox 899 4447 1044 4509; x_wconf 87' lang='lat' dir='ltr'><strong>estis,</strong></span> <span class='ocrx_word' id='word_1_695' title='bbox 1075 4451 1218 4518; x_wconf 91' lang='lat' dir='ltr'><strong>quod</strong></span> <span class='ocrx_word' id='word_1_696' title='bbox 1238 4449 1390 4506; x_wconf 71' lang='lat' dir='ltr'><strong>Juda:</strong></span> <span class='ocrx_word' id='word_1_697' title='bbox 1405 4451 1608 4508; x_wconf 88' lang='lat' dir='ltr'><strong>Christi</strong></span> <span class='ocrx_word' id='word_1_698' title='bbox 1633 4454 1751 4509; x_wconf 92' lang='lat' dir='ltr'><strong>loco</strong></span> <span class='ocrx_word' id='word_1_699' title='bbox 1775 4457 2076 4525; x_wconf 86' lang='lat' dir='ltr'><strong>paruerint,</strong></span> 
     </span>
    </p>
   </div>
   <div class='ocr_carea' id='block_1_88' title="bbox 2182 4440 3767 4529">
    <p class='ocr_par' dir='ltr' id='par_1_88' title="bbox 2189 4453 3767 4529">
     <span class='ocr_line' id='line_1_88' title="bbox 2189 4453 3767 4529; baseline -0.004 -18"><span class='ocrx_word' id='word_1_700' title='bbox 2189 4458 2542 4529; x_wconf 78' lang='grc' dir='ltr'><em>ἐπείσθησαν,</em></span> <span class='ocrx_word' id='word_1_701' title='bbox 2583 4455 2834 4525; x_wconf 86' lang='grc' dir='ltr'><em>καθάπερ</em></span> <span class='ocrx_word' id='word_1_702' title='bbox 2863 4455 2971 4508; x_wconf 83' lang='grc' dir='ltr'><strong>ἀπὸ</strong></span> <span class='ocrx_word' id='word_1_703' title='bbox 3000 4454 3133 4508; x_wconf 80' lang='grc' dir='ltr'><em>Θεοῦ</em></span> <span class='ocrx_word' id='word_1_704' title='bbox 3165 4455 3457 4508; x_wconf 83' lang='grc' dir='ltr'><em>ἐκκλίνασα</em></span> <span class='ocrx_word' id='word_1_705' title='bbox 3485 4457 3517 4524; x_wconf 84' lang='grc' dir='ltr'><strong>ἡ</strong></span> <span class='ocrx_word' id='word_1_706' title='bbox 3555 4453 3665 4507; x_wconf 73' lang='grc' dir='ltr'><strong>Εὕα</strong></span> <span class='ocrx_word' id='word_1_707' title='bbox 3691 4454 3767 4524; x_wconf 85' lang='grc' dir='ltr'><em>τῷ</em></span> 
     </span>
    </p>
   </div>
   <div class='ocr_carea' id='block_1_89' title="bbox 499 4527 2076 4619">
    <p class='ocr_par' dir='ltr' id='par_1_89' title="bbox 499 4535 2076 4605">
     <span class='ocr_line' id='line_1_89' title="bbox 499 4535 2076 4605; baseline 0.011 -20"><span class='ocrx_word' id='word_1_708' title='bbox 499 4535 957 4604; x_wconf 84' lang='lat' dir='ltr'><strong>quemadmodum</strong></span> <span class='ocrx_word' id='word_1_709' title='bbox 991 4541 1117 4595; x_wconf 88' lang='lat' dir='ltr'><strong>olim</strong></span> <span class='ocrx_word' id='word_1_710' title='bbox 1159 4543 1268 4597; x_wconf 85' lang='lat' dir='ltr'><strong>Eva</strong></span> <span class='ocrx_word' id='word_1_711' title='bbox 1303 4560 1332 4598; x_wconf 90' lang='lat' dir='ltr'><strong>a</strong></span> <span class='ocrx_word' id='word_1_712' title='bbox 1369 4544 1599 4602; x_wconf 89' lang='lat' dir='ltr'><strong>Domino</strong></span> <span class='ocrx_word' id='word_1_713' title='bbox 1627 4547 1940 4604; x_wconf 89' lang='lat' dir='ltr'><strong>desciscens</strong></span> <span class='ocrx_word' id='word_1_714' title='bbox 1967 4566 2076 4605; x_wconf 90' lang='lat' dir='ltr'><strong>ser-</strong></span> 
     </span>
    </p>
   </div>
   <div class='ocr_carea' id='block_1_90' title="bbox 2182 4527 3766 4619">
    <p class='ocr_par' dir='ltr' id='par_1_90' title="bbox 2187 4527 3766 4619">
     <span class='ocr_line' id='line_1_90' title="bbox 2187 4527 3766 4619; baseline -0.003 -18"><span class='ocrx_word' id='word_1_715' title='bbox 2187 4549 2305 4617; x_wconf 80' lang='grc' dir='ltr'><em>ὖφει</em></span> <span class='ocrx_word' id='word_1_716' title='bbox 2344 4527 2413 4615; x_wconf 73' lang='grc' dir='ltr'>ἐξ</span> <span class='ocrx_word' id='word_1_717' title='bbox 2441 4545 2616 4619; x_wconf 82' lang='grc' dir='ltr'><em>ἀρχῆς</em></span> <span class='ocrx_word' id='word_1_718' title='bbox 2650 4545 2898 4617; x_wconf 77' lang='grc' dir='ltr'><em>ἐπείσθη.</em></span> <span class='ocrx_word' id='word_1_719' title='bbox 2940 4546 3171 4600; x_wconf 87' lang='grc' dir='ltr'><em>Ἔπειτα</em></span> <span class='ocrx_word' id='word_1_720' title='bbox 3200 4547 3281 4599; x_wconf 85' lang='grc' dir='ltr'><em>ὅτι</em></span> <span class='ocrx_word' id='word_1_721' title='bbox 3307 4546 3401 4600; x_wconf 74' lang='grc' dir='ltr'><strong>καὶ</strong></span> <span class='ocrx_word' id='word_1_722' title='bbox 3435 4545 3673 4615; x_wconf 74' lang='grc' dir='ltr'><em>ψεύστης</em></span> <span class='ocrx_word' id='word_1_723' title='bbox 3699 4540 3766 4615; x_wconf 77' lang='grc' dir='ltr'><em>ἦν</em></span> 
     </span>
    </p>
   </div>
   <div class='ocr_carea' id='block_1_91' title="bbox 500 4627 2081 4709">
    <p class='ocr_par' dir='ltr' id='par_1_91' title="bbox 500 4627 2081 4709">
     <span class='ocr_line' id='line_1_91' title="bbox 500 4627 2081 4709; baseline 0.011 -29"><span class='ocrx_word' id='word_1_724' title='bbox 500 4627 648 4697; x_wconf 90' lang='lat' dir='ltr'><strong>penti</strong></span> <span class='ocrx_word' id='word_1_725' title='bbox 696 4643 902 4684; x_wconf 89' lang='lat' dir='ltr'><strong>morem</strong></span> <span class='ocrx_word' id='word_1_726' title='bbox 934 4633 1123 4702; x_wconf 82' lang='lat' dir='ltr'><strong>gessit.</strong></span> <span class='ocrx_word' id='word_1_727' title='bbox 1161 4635 1369 4693; x_wconf 88' lang='lat' dir='ltr'><strong>Deinde</strong></span> <span class='ocrx_word' id='word_1_728' title='bbox 1397 4640 1540 4709; x_wconf 90' lang='lat' dir='ltr'><strong>quod</strong></span> <span class='ocrx_word' id='word_1_729' title='bbox 1573 4656 1682 4694; x_wconf 92' lang='lat' dir='ltr'><strong>non</strong></span> <span class='ocrx_word' id='word_1_730' title='bbox 1717 4643 1893 4697; x_wconf 92' lang='lat' dir='ltr'><strong>solum</strong></span> <span class='ocrx_word' id='word_1_731' title='bbox 1926 4658 2081 4697; x_wconf 88' lang='lat' dir='ltr'><strong>men-</strong></span> 
     </span>
    </p>
   </div>
   <div class='ocr_carea' id='block_1_92' title="bbox 501 4718 2082 4802">
    <p class='ocr_par' dir='ltr' id='par_1_92' title="bbox 501 4718 2082 4802">
     <span class='ocr_line' id='line_1_92' title="bbox 501 4718 2082 4802; baseline 0.009 -29"><span class='ocrx_word' id='word_1_732' title='bbox 501 4718 610 4773; x_wconf 84' lang='lat' dir='ltr'><strong>dax</strong></span> <span class='ocrx_word' id='word_1_733' title='bbox 635 4728 802 4785; x_wconf 88' lang='lat' dir='ltr'><strong>esset,</strong></span> <span class='ocrx_word' id='word_1_734' title='bbox 831 4723 925 4777; x_wconf 90' lang='lat' dir='ltr'><strong>sed</strong></span> <span class='ocrx_word' id='word_1_735' title='bbox 957 4732 1010 4778; x_wconf 92' lang='lat' dir='ltr'><strong>et</strong></span> <span class='ocrx_word' id='word_1_736' title='bbox 1046 4727 1209 4782; x_wconf 89' lang='lat' dir='ltr'><strong>etiam</strong></span> <span class='ocrx_word' id='word_1_737' title='bbox 1241 4729 1362 4794; x_wconf 83' lang='lat' dir='ltr'><strong>fur;</strong></span> <span class='ocrx_word' id='word_1_738' title='bbox 1405 4745 1504 4800; x_wconf 88' lang='lat' dir='ltr'><strong>pro</strong></span> <span class='ocrx_word' id='word_1_739' title='bbox 1528 4745 1594 4786; x_wconf 87' lang='lat' dir='ltr'><strong>eo</strong></span> <span class='ocrx_word' id='word_1_740' title='bbox 1626 4740 1790 4802; x_wconf 87' lang='lat' dir='ltr'><strong>atque</strong></span> <span class='ocrx_word' id='word_1_741' title='bbox 1817 4732 1873 4786; x_wconf 91' lang='lat' dir='ltr'><strong>in</strong></span> <span class='ocrx_word' id='word_1_742' title='bbox 1901 4731 2082 4787; x_wconf 87' lang='lat' dir='ltr'><strong>Evan-</strong></span> 
     </span>
    </p>
   </div>
   <div class='ocr_carea' id='block_1_93' title="bbox 499 4814 2084 4891">
    <p class='ocr_par' dir='ltr' id='par_1_93' title="bbox 499 4814 2084 4891">
     <span class='ocr_line' id='line_1_93' title="bbox 499 4814 2084 4891; baseline 0.006 -22"><span class='ocrx_word' id='word_1_743' title='bbox 499 4814 642 4884; x_wconf 85' lang='lat' dir='ltr'><strong>gelio</strong></span> <span class='ocrx_word' id='word_1_744' title='bbox 683 4815 912 4886; x_wconf 81' lang='lat' dir='ltr'><strong>legimus</strong></span> <span class='ocrx_word' id='word_1_745' title='bbox 942 4817 962 4848; x_wconf 78' lang='grc'>⁸</span> <span class='ocrx_word' id='word_1_746' title='bbox 999 4837 1013 4871; x_wconf 92' lang='lat'>:</span> <span class='ocrx_word' id='word_1_747' title='bbox 1049 4817 1130 4873; x_wconf 93' lang='lat' dir='ltr'><strong>0b</strong></span> <span class='ocrx_word' id='word_1_748' title='bbox 1181 4821 1234 4875; x_wconf 93' lang='lat' dir='ltr'><strong>id</strong></span> <span class='ocrx_word' id='word_1_749' title='bbox 1295 4822 1504 4879; x_wconf 89' lang='lat' dir='ltr'><strong>loculos</strong></span> <span class='ocrx_word' id='word_1_750' title='bbox 1555 4823 1606 4877; x_wconf 90' lang='lat' dir='ltr'><strong>ei</strong></span> <span class='ocrx_word' id='word_1_751' title='bbox 1659 4824 1973 4891; x_wconf 74' lang='lat' dir='ltr'><strong>commisit,</strong></span> <span class='ocrx_word' id='word_1_752' title='bbox 2014 4840 2084 4879; x_wconf 93' lang='lat' dir='ltr'><strong>ne</strong></span> 
     </span>
    </p>
   </div>
   <div class='ocr_carea' id='block_1_94' title="bbox 501 4909 2085 4980">
    <p class='ocr_par' dir='ltr' id='par_1_94' title="bbox 501 4909 2085 4980">
     <span class='ocr_line' id='line_1_94' title="bbox 501 4909 2085 4980; baseline 0.007 -19"><span class='ocrx_word' id='word_1_753' title='bbox 501 4923 664 4978; x_wconf 86' lang='lat' dir='ltr'><strong>quam</strong></span> <span class='ocrx_word' id='word_1_754' title='bbox 710 4909 934 4966; x_wconf 86' lang='lat' dir='ltr'><strong>haberet</strong></span> <span class='ocrx_word' id='word_1_755' title='bbox 965 4915 1372 4970; x_wconf 82' lang='lat' dir='ltr'><strong>excusationem</strong></span> <span class='ocrx_word' id='word_1_756' title='bbox 1394 4957 1408 4980; x_wconf 94' lang='lat'><strong>,</strong></span> <span class='ocrx_word' id='word_1_757' title='bbox 1443 4932 1570 4971; x_wconf 90' lang='lat' dir='ltr'><strong>cum</strong></span> <span class='ocrx_word' id='word_1_758' title='bbox 1597 4915 1886 4972; x_wconf 89' lang='lat' dir='ltr'><strong>Dominum</strong></span> <span class='ocrx_word' id='word_1_759' title='bbox 1923 4934 2085 4973; x_wconf 89' lang='lat' dir='ltr'><strong>suum</strong></span> 
     </span>
    </p>
   </div>
   <div class='ocr_carea' id='block_1_95' title="bbox 500 4998 2085 5078">
    <p class='ocr_par' dir='ltr' id='par_1_95' title="bbox 500 4998 2085 5078">
     <span class='ocr_line' id='line_1_95' title="bbox 500 4998 2085 5078; baseline 0.007 -26"><span class='ocrx_word' id='word_1_760' title='bbox 500 4998 557 5052; x_wconf 89' lang='lat' dir='ltr'><strong>in</strong></span> <span class='ocrx_word' id='word_1_761' title='bbox 598 4998 878 5053; x_wconf 87' lang='lat' dir='ltr'><strong>hominum</strong></span> <span class='ocrx_word' id='word_1_762' title='bbox 919 5016 1116 5059; x_wconf 89' lang='lat' dir='ltr'><strong>manus</strong></span> <span class='ocrx_word' id='word_1_763' title='bbox 1155 5005 1226 5058; x_wconf 87' lang='lat' dir='ltr'><strong>ob</strong></span> <span class='ocrx_word' id='word_1_764' title='bbox 1264 5009 1506 5075; x_wconf 86' lang='lat' dir='ltr'><strong>pecuniae</strong></span> <span class='ocrx_word' id='word_1_765' title='bbox 1561 5008 1910 5078; x_wconf 87' lang='lat' dir='ltr'><strong>cupiditatem</strong></span> <span class='ocrx_word' id='word_1_766' title='bbox 1965 5018 2085 5063; x_wconf 81' lang='lat' dir='ltr'><strong>tra-</strong></span> 
     </span>
    </p>
   </div>
   <div class='ocr_carea' id='block_1_96' title="bbox 500 5090 2086 5171">
    <p class='ocr_par' dir='ltr' id='par_1_96' title="bbox 500 5090 2086 5171">
     <span class='ocr_line' id='line_1_96' title="bbox 500 5090 2086 5171; baseline 0.009 -29"><span class='ocrx_word' id='word_1_767' title='bbox 500 5090 672 5145; x_wconf 88' lang='lat' dir='ltr'><strong>deret.</strong></span> <span class='ocrx_word' id='word_1_768' title='bbox 705 5092 906 5163; x_wconf 87' lang='lat' dir='ltr'><strong>Ecquis</strong></span> <span class='ocrx_word' id='word_1_769' title='bbox 937 5110 1066 5150; x_wconf 85' lang='lat' dir='ltr'><strong>vero</strong></span> <span class='ocrx_word' id='word_1_770' title='bbox 1097 5104 1251 5166; x_wconf 88' lang='lat' dir='ltr'><strong>pater</strong></span> <span class='ocrx_word' id='word_1_771' title='bbox 1277 5098 1440 5169; x_wconf 85' lang='lat' dir='ltr'><strong>hujus</strong></span> <span class='ocrx_word' id='word_1_772' title='bbox 1469 5100 1610 5155; x_wconf 92' lang='lat' dir='ltr'><strong>alius</strong></span> <span class='ocrx_word' id='word_1_773' title='bbox 1660 5108 1745 5155; x_wconf 87' lang='lat' dir='ltr'><strong>est</strong></span> <span class='ocrx_word' id='word_1_774' title='bbox 1766 5141 1781 5166; x_wconf 95' lang='lat'><strong>,</strong></span> <span class='ocrx_word' id='word_1_775' title='bbox 1816 5101 1908 5171; x_wconf 88' lang='lat' dir='ltr'><strong>qui</strong></span> <span class='ocrx_word' id='word_1_776' title='bbox 1960 5112 2086 5157; x_wconf 90' lang='lat' dir='ltr'><strong>ante</strong></span> 
     </span>
    </p>
   </div>
   <div class='ocr_carea' id='block_1_97' title="bbox 501 5181 2087 5263">
    <p class='ocr_par' dir='ltr' id='par_1_97' title="bbox 501 5181 2087 5263">
     <span class='ocr_line' id='line_1_97' title="bbox 501 5181 2087 5263; baseline 0.009 -29"><span class='ocrx_word' id='word_1_777' title='bbox 501 5181 677 5250; x_wconf 86' lang='lat' dir='ltr'><strong>ipsum</strong></span> <span class='ocrx_word' id='word_1_778' title='bbox 707 5184 940 5240; x_wconf 80' lang='lat' dir='ltr'><strong>mendax</strong></span> <span class='ocrx_word' id='word_1_779' title='bbox 978 5186 1140 5241; x_wconf 86' lang='lat' dir='ltr'><strong>fuerit</strong></span> <span class='ocrx_word' id='word_1_780' title='bbox 1163 5197 1359 5257; x_wconf 66' lang='lat' dir='ltr'><strong>praeter</strong></span> <span class='ocrx_word' id='word_1_781' title='bbox 1401 5191 1630 5246; x_wconf 89' lang='lat' dir='ltr'><strong>Cainum</strong></span> <span class='ocrx_word' id='word_1_782' title='bbox 1655 5233 1669 5258; x_wconf 89' lang='lat'><strong>,</strong></span> <span class='ocrx_word' id='word_1_783' title='bbox 1709 5208 1871 5263; x_wconf 89' lang='lat' dir='ltr'><strong>quem</strong></span> <span class='ocrx_word' id='word_1_784' title='bbox 1919 5191 2087 5248; x_wconf 77' lang='lat' dir='ltr'><strong>ludas</strong></span> 
     </span>
    </p>
   </div>
   <div class='ocr_carea' id='block_1_98' title="bbox 504 5272 2087 5348">
    <p class='ocr_par' dir='ltr' id='par_1_98' title="bbox 504 5272 2087 5348">
     <span class='ocr_line' id='line_1_98' title="bbox 504 5272 2087 5348; baseline 0.007 -22"><span class='ocrx_word' id='word_1_785' title='bbox 504 5272 748 5329; x_wconf 85' lang='lat' dir='ltr'><strong>imitatus</strong></span> <span class='ocrx_word' id='word_1_786' title='bbox 779 5275 900 5329; x_wconf 86' lang='lat' dir='ltr'><strong>est?</strong></span> <span class='ocrx_word' id='word_1_787' title='bbox 927 5275 1019 5331; x_wconf 91' lang='lat' dir='ltr'><strong>Ille</strong></span> <span class='ocrx_word' id='word_1_788' title='bbox 1053 5278 1322 5348; x_wconf 90' lang='lat' dir='ltr'><strong>siquidem</strong></span> <span class='ocrx_word' id='word_1_789' title='bbox 1354 5281 1506 5336; x_wconf 83' lang='lat' dir='ltr'><strong>fratri</strong></span> <span class='ocrx_word' id='word_1_790' title='bbox 1533 5299 1634 5338; x_wconf 91' lang='lat' dir='ltr'><strong>suo</strong></span> <span class='ocrx_word' id='word_1_791' title='bbox 1660 5286 1917 5337; x_wconf 88' lang='lat' dir='ltr'><strong>mentitus</strong></span> <span class='ocrx_word' id='word_1_792' title='bbox 1957 5283 2087 5337; x_wconf 87' lang='lat' dir='ltr'><strong>cha—</strong></span> 
     </span>
    </p>
   </div>
   <div class='ocr_carea' id='block_1_99' title="bbox 502 5359 2086 5444">
    <p class='ocr_par' dir='ltr' id='par_1_99' title="bbox 502 5359 2086 5444">
     <span class='ocr_line' id='line_1_99' title="bbox 502 5359 2086 5444; baseline 0.011 -32"><span class='ocrx_word' id='word_1_793' title='bbox 502 5359 680 5416; x_wconf 87' lang='lat' dir='ltr'><strong>ritatis</strong></span> <span class='ocrx_word' id='word_1_794' title='bbox 725 5377 850 5416; x_wconf 90' lang='lat' dir='ltr'><strong>eum</strong></span> <span class='ocrx_word' id='word_1_795' title='bbox 885 5364 1138 5423; x_wconf 69' lang='lat' dir='ltr'><strong>fraterna:</strong></span> <span class='ocrx_word' id='word_1_796' title='bbox 1176 5372 1358 5440; x_wconf 88' lang='lat' dir='ltr'><strong>specie</strong></span> <span class='ocrx_word' id='word_1_797' title='bbox 1395 5372 1644 5444; x_wconf 87' lang='lat' dir='ltr'><strong>decepit,</strong></span> <span class='ocrx_word' id='word_1_798' title='bbox 1699 5389 1764 5428; x_wconf 90' lang='lat' dir='ltr'><strong>ac</strong></span> <span class='ocrx_word' id='word_1_799' title='bbox 1803 5375 2086 5432; x_wconf 88' lang='lat' dir='ltr'><strong>mendacio</strong></span> 
     </span>
    </p>
   </div>
   <div class='ocr_carea' id='block_1_100' title="bbox 501 5455 2086 5531">
    <p class='ocr_par' dir='ltr' id='par_1_100' title="bbox 501 5455 2086 5531">
     <span class='ocr_line' id='line_1_100' title="bbox 501 5455 2086 5531; baseline 0.012 -28"><span class='ocrx_word' id='word_1_800' title='bbox 501 5455 813 5522; x_wconf 87' lang='lat' dir='ltr'><strong>persuasit;</strong></span> <span class='ocrx_word' id='word_1_801' title='bbox 851 5465 905 5511; x_wconf 92' lang='lat' dir='ltr'><strong>et</strong></span> <span class='ocrx_word' id='word_1_802' title='bbox 935 5458 990 5512; x_wconf 92' lang='lat' dir='ltr'><strong>in</strong></span> <span class='ocrx_word' id='word_1_803' title='bbox 1020 5475 1210 5531; x_wconf 85' lang='lat' dir='ltr'><strong>agrum</strong></span> <span class='ocrx_word' id='word_1_804' title='bbox 1252 5464 1520 5522; x_wconf 88' lang='lat' dir='ltr'><strong>seducens</strong></span> <span class='ocrx_word' id='word_1_805' title='bbox 1561 5466 1828 5522; x_wconf 87' lang='lat' dir='ltr'><strong>violentas</strong></span> <span class='ocrx_word' id='word_1_806' title='bbox 1860 5467 1938 5520; x_wconf 91' lang='lat' dir='ltr'><strong>illi</strong></span> <span class='ocrx_word' id='word_1_807' title='bbox 1972 5483 2086 5522; x_wconf 84' lang='lat' dir='ltr'><strong>ma-</strong></span> 
     </span>
    </p>
   </div>
   <div class='ocr_carea' id='block_1_101' title="bbox 579 5592 1795 5677">
    <p class='ocr_par' dir='ltr' id='par_1_101' title="bbox 579 5592 1795 5677">
     <span class='ocr_line' id='line_1_101' title="bbox 579 5592 1795 5677; baseline 0.012 -31"><span class='ocrx_word' id='word_1_808' title='bbox 579 5597 590 5625; x_wconf 89' lang='grc'>¹</span> <span class='ocrx_word' id='word_1_809' title='bbox 625 5592 860 5677; x_wconf 43' lang='lat' dir='ltr'><strong>gemui,</strong></span> <span class='ocrx_word' id='word_1_810' title='bbox 895 5597 1104 5677; x_wconf 46' lang='grc' dir='ltr'><em>μηιε.</em></span> <span class='ocrx_word' id='word_1_811' title='bbox 1181 5606 1213 5677; x_wconf 77' lang='lat'><strong>&#39;_</strong></span> <span class='ocrx_word' id='word_1_812' title='bbox 1239 5601 1398 5658; x_wconf 82' lang='lat' dir='ltr'><strong>Joan.</strong></span> <span class='ocrx_word' id='word_1_813' title='bbox 1427 5621 1543 5669; x_wconf 79' lang='lat' dir='ltr'><strong>VIII,</strong></span> <span class='ocrx_word' id='word_1_814' title='bbox 1574 5605 1639 5677; x_wconf 66' lang='lat' dir='ltr'><strong>ﬂ</strong></span> <span class='ocrx_word' id='word_1_815' title='bbox 1672 5620 1795 5677; x_wconf 88' lang='lat' dir='ltr'><strong>sqq.</strong></span> 
     </span>
    </p>
   </div>
   <div class='ocr_carea' id='block_1_102' title="bbox 503 5666 1656 5746">
    <p class='ocr_par' dir='ltr' id='par_1_102' title="bbox 503 5666 1656 5746">
     <span class='ocr_line' id='line_1_102' title="bbox 503 5666 1656 5746; baseline 0.009 -28"><span class='ocrx_word' id='word_1_816' title='bbox 503 5679 602 5724; x_wconf 71' lang='lat' dir='ltr'><strong>XII.</strong></span> <span class='ocrx_word' id='word_1_817' title='bbox 632 5667 684 5721; x_wconf 82' lang='grc'><strong>6.</strong></span> <span class='ocrx_word' id='word_1_818' title='bbox 766 5666 860 5724; x_wconf 83' lang='lat' dir='ltr'><strong>&#39;F.</strong></span> <span class='ocrx_word' id='word_1_819' title='bbox 893 5668 1118 5726; x_wconf 81' lang='grc' dir='ltr'><em>ἐκείνου.</em></span> <span class='ocrx_word' id='word_1_820' title='bbox 1195 5674 1216 5705; x_wconf 85' lang='grc'>⁸</span> <span class='ocrx_word' id='word_1_821' title='bbox 1239 5692 1329 5743; x_wconf 78' lang='grc' dir='ltr'><em>γρ.</em></span> <span class='ocrx_word' id='word_1_822' title='bbox 1365 5666 1656 5746; x_wconf 83' lang='grc' dir='ltr'><em>ἀγαπητοί.</em></span> 
     </span>
    </p>
   </div>
   <div class='ocr_carea' id='block_1_103' title="bbox 577 5783 2009 5854">
    <p class='ocr_par' dir='ltr' id='par_1_103' title="bbox 577 5783 2009 5854">
     <span class='ocr_line' id='line_1_103' title="bbox 577 5783 2009 5854; baseline 0.01 -20"><span class='ocrx_word' id='word_1_823' title='bbox 577 5783 712 5851; x_wconf 61' lang='grc' dir='ltr'><strong>(ιγ’)</strong></span> <span class='ocrx_word' id='word_1_824' title='bbox 744 5783 843 5838; x_wconf 85' lang='lat' dir='ltr'><strong>llic</strong></span> <span class='ocrx_word' id='word_1_825' title='bbox 875 5787 1145 5854; x_wconf 76' lang='lat' dir='ltr'><strong>interpres</strong></span> <span class='ocrx_word' id='word_1_826' title='bbox 1175 5789 1379 5848; x_wconf 78' lang='lat' dir='ltr'><strong>aliquid</strong></span> <span class='ocrx_word' id='word_1_827' title='bbox 1407 5792 1614 5846; x_wconf 87' lang='lat' dir='ltr'><strong>omisit.</strong></span> <span class='ocrx_word' id='word_1_828' title='bbox 1643 5791 1801 5848; x_wconf 79' lang='lat' dir='ltr'><strong>Enn.</strong></span> <span class='ocrx_word' id='word_1_829' title='bbox 1839 5793 2009 5851; x_wconf 70' lang='lat' dir='ltr'><strong>Pun.</strong></span> 
     </span>
    </p>
   </div>
   <div class='ocr_carea' id='block_1_104' title="bbox 2188 4637 3767 4710">
    <p class='ocr_par' dir='ltr' id='par_1_104' title="bbox 2188 4637 3767 4710">
     <span class='ocr_line' id='line_1_104' title="bbox 2188 4637 3767 4710; baseline -0.002 -17"><span class='ocrx_word' id='word_1_830' title='bbox 2188 4641 2249 4693; x_wconf 86' lang='grc' dir='ltr'><em>οὐ</em></span> <span class='ocrx_word' id='word_1_831' title='bbox 2286 4640 2466 4710; x_wconf 82' lang='grc' dir='ltr'><em>μόνον,</em></span> <span class='ocrx_word' id='word_1_832' title='bbox 2503 4637 2638 4692; x_wconf 80' lang='grc' dir='ltr'><em>ἀλλὰ</em></span> <span class='ocrx_word' id='word_1_833' title='bbox 2667 4640 2760 4692; x_wconf 77' lang='grc' dir='ltr'><strong>καὶ</strong></span> <span class='ocrx_word' id='word_1_834' title='bbox 2796 4637 3056 4710; x_wconf 80' lang='grc' dir='ltr'><em>κλέπτης,</em></span> <span class='ocrx_word' id='word_1_835' title='bbox 3091 4639 3231 4693; x_wconf 85' lang='grc' dir='ltr'><em>κατὰ</em></span> <span class='ocrx_word' id='word_1_836' title='bbox 3273 4637 3333 4691; x_wconf 78' lang='grc' dir='ltr'><em>τὸ</em></span> <span class='ocrx_word' id='word_1_837' title='bbox 3374 4641 3431 4692; x_wconf 86' lang='grc' dir='ltr'><em>ὲν</em></span> <span class='ocrx_word' id='word_1_838' title='bbox 3476 4638 3555 4708; x_wconf 82' lang='grc' dir='ltr'><em>τῷ</em></span> <span class='ocrx_word' id='word_1_839' title='bbox 3587 4639 3767 4707; x_wconf 76' lang='grc' dir='ltr'><em>Εὐαγ-</em></span> 
     </span>
    </p>
   </div>
   <div class='ocr_carea' id='block_1_105' title="bbox 2189 4728 3766 4803">
    <p class='ocr_par' dir='ltr' id='par_1_105' title="bbox 2189 4728 3766 4803">
     <span class='ocr_line' id='line_1_105' title="bbox 2189 4728 3766 4803; baseline -0.003 -18"><span class='ocrx_word' id='word_1_840' title='bbox 2189 4732 2354 4803; x_wconf 87' lang='grc' dir='ltr'><em>γελίῳ</em></span> <span class='ocrx_word' id='word_1_841' title='bbox 2385 4732 2671 4802; x_wconf 77' lang='grc' dir='ltr'><em>εἰρημένον</em></span> <span class='ocrx_word' id='word_1_842' title='bbox 2693 4747 2705 4759; x_wconf 91' lang='grc'><strong>·</strong></span> <span class='ocrx_word' id='word_1_843' title='bbox 2742 4730 2834 4784; x_wconf 82' lang='grc' dir='ltr'><strong>Διὸ</strong></span> <span class='ocrx_word' id='word_1_844' title='bbox 2869 4731 2964 4784; x_wconf 71' lang='grc' dir='ltr'><strong>καὶ</strong></span> <span class='ocrx_word' id='word_1_845' title='bbox 2992 4731 3142 4802; x_wconf 80' lang='grc' dir='ltr'><em>αὐτῷ</em></span> <span class='ocrx_word' id='word_1_846' title='bbox 3173 4730 3456 4802; x_wconf 81' lang='grc' dir='ltr'><em>παρέδωκε</em></span> <span class='ocrx_word' id='word_1_847' title='bbox 3498 4729 3560 4783; x_wconf 81' lang='grc' dir='ltr'><em>τὸ</em></span> <span class='ocrx_word' id='word_1_848' title='bbox 3586 4728 3766 4798; x_wconf 84' lang='grc' dir='ltr'><em>γλωσ-</em></span> 
     </span>
    </p>
   </div>
   <div class='ocr_carea' id='block_1_106' title="bbox 2192 4821 3767 4898">
    <p class='ocr_par' dir='ltr' id='par_1_106' title="bbox 2192 4821 3767 4898">
     <span class='ocr_line' id='line_1_106' title="bbox 2192 4821 3767 4898; baseline -0.003 -19"><span class='ocrx_word' id='word_1_849' title='bbox 2192 4826 2444 4896; x_wconf 87' lang='grc' dir='ltr'><em>σόκομον,</em></span> <span class='ocrx_word' id='word_1_850' title='bbox 2488 4825 2574 4878; x_wconf 85' lang='grc' dir='ltr'><em>ἵνα</em></span> <span class='ocrx_word' id='word_1_851' title='bbox 2622 4821 3107 4898; x_wconf 85' lang='grc' dir='ltr'><em>ἀναπολόγητοςῇ,</em></span> <span class='ocrx_word' id='word_1_852' title='bbox 3144 4823 3233 4876; x_wconf 86' lang='grc' dir='ltr'><em>διὰ</em></span> <span class='ocrx_word' id='word_1_853' title='bbox 3278 4823 3644 4895; x_wconf 77' lang='grc' dir='ltr'><em>φιλαργυρίαν</em></span> <span class='ocrx_word' id='word_1_854' title='bbox 3679 4824 3767 4876; x_wconf 83' lang='grc' dir='ltr'><em>τὸν</em></span> 
     </span>
    </p>
   </div>
   <div class='ocr_carea' id='block_1_107' title="bbox 2191 4913 3766 4987">
    <p class='ocr_par' dir='ltr' id='par_1_107' title="bbox 2191 4913 3766 4987">
     <span class='ocr_line' id='line_1_107' title="bbox 2191 4913 3766 4987; baseline -0.003 -18"><span class='ocrx_word' id='word_1_855' title='bbox 2191 4917 2320 4971; x_wconf 79' lang='grc' dir='ltr'><em>ἴδιον</em></span> <span class='ocrx_word' id='word_1_856' title='bbox 2349 4916 2628 4987; x_wconf 86' lang='grc' dir='ltr'><em>Δεσπότην</em></span> <span class='ocrx_word' id='word_1_857' title='bbox 2655 4915 2933 4987; x_wconf 80' lang='grc' dir='ltr'><em>παραδοὺς</em></span> <span class='ocrx_word' id='word_1_858' title='bbox 2961 4917 3040 4978; x_wconf 84' lang='grc' dir='ltr'><strong>είς</strong></span> <span class='ocrx_word' id='word_1_859' title='bbox 3067 4919 3255 4986; x_wconf 89' lang='grc' dir='ltr'><em>χεῖρας</em></span> <span class='ocrx_word' id='word_1_860' title='bbox 3301 4913 3624 4985; x_wconf 86' lang='grc' dir='ltr'><em>ἀνθρώπων.</em></span> <span class='ocrx_word' id='word_1_861' title='bbox 3673 4913 3766 4978; x_wconf 84' lang='grc' dir='ltr'><em>Τίς</em></span> 
     </span>
    </p>
   </div>
   <div class='ocr_carea' id='block_1_108' title="bbox 2189 5002 3768 5079">
    <p class='ocr_par' dir='ltr' id='par_1_108' title="bbox 2189 5002 3768 5079">
     <span class='ocr_line' id='line_1_108' title="bbox 2189 5002 3768 5079; baseline -0.003 -19"><span class='ocrx_word' id='word_1_862' title='bbox 2189 5002 2280 5062; x_wconf 78' lang='grc' dir='ltr'><em>οὖν</em></span> <span class='ocrx_word' id='word_1_863' title='bbox 2310 5009 2338 5061; x_wconf 91' lang='lat'><strong>6</strong></span> <span class='ocrx_word' id='word_1_864' title='bbox 2373 5007 2564 5060; x_wconf 85' lang='grc' dir='ltr'><em>τούτου</em></span> <span class='ocrx_word' id='word_1_865' title='bbox 2593 5007 2796 5079; x_wconf 83' lang='grc' dir='ltr'><em>πατὴρ,</em></span> <span class='ocrx_word' id='word_1_866' title='bbox 2827 5009 2855 5061; x_wconf 94' lang='lat'><strong>6</strong></span> <span class='ocrx_word' id='word_1_867' title='bbox 2882 5007 2988 5078; x_wconf 81' lang='grc' dir='ltr'><em>πρὸ</em></span> <span class='ocrx_word' id='word_1_868' title='bbox 3013 5005 3180 5060; x_wconf 77' lang='grc' dir='ltr'><em>αὑτοῦ</em></span> <span class='ocrx_word' id='word_1_869' title='bbox 3213 5005 3453 5076; x_wconf 70' lang='grc' dir='ltr'><em>ψεύστης</em></span> <span class='ocrx_word' id='word_1_870' title='bbox 3486 5005 3768 5076; x_wconf 81' lang='grc' dir='ltr'><em>ὑπάρχων,</em></span> 
     </span>
    </p>
   </div>
   <div class='ocr_carea' id='block_1_109' title="bbox 2187 5091 3772 5168">
    <p class='ocr_par' dir='ltr' id='par_1_109' title="bbox 2187 5091 3772 5168">
     <span class='ocr_line' id='line_1_109' title="bbox 2187 5091 3772 5168; baseline -0.003 -17"><span class='ocrx_word' id='word_1_871' title='bbox 2187 5098 2302 5152; x_wconf 82' lang='grc' dir='ltr'><em>ἀλλ’</em></span> <span class='ocrx_word' id='word_1_872' title='bbox 2343 5097 2376 5168; x_wconf 85' lang='grc' dir='ltr'>ἢ</span> <span class='ocrx_word' id='word_1_873' title='bbox 2421 5099 2449 5151; x_wconf 95' lang='lat'><strong>6</strong></span> <span class='ocrx_word' id='word_1_874' title='bbox 2506 5097 2666 5161; x_wconf 85' lang='grc' dir='ltr'><em>Κάῖν,</em></span> <span class='ocrx_word' id='word_1_875' title='bbox 2721 5091 2781 5150; x_wconf 74' lang='grc' dir='ltr'><em>οὗ</em></span> <span class='ocrx_word' id='word_1_876' title='bbox 2825 5097 3070 5168; x_wconf 81' lang='grc' dir='ltr'><em>μιμητὴς</em></span> <span class='ocrx_word' id='word_1_877' title='bbox 3117 5095 3146 5149; x_wconf 91' lang='lat'><strong>6</strong></span> <span class='ocrx_word' id='word_1_878' title='bbox 3181 5095 3417 5162; x_wconf 82' lang='grc' dir='ltr'><em>Ἰούδας;</em></span> <span class='ocrx_word' id='word_1_879' title='bbox 3478 5095 3627 5147; x_wconf 85' lang='grc' dir='ltr'><strong>Ἐκεῖ</strong></span> <span class='ocrx_word' id='word_1_880' title='bbox 3663 5093 3772 5163; x_wconf 81' lang='grc' dir='ltr'><em>γὰρ</em></span> 
     </span>
    </p>
   </div>
   <div class='ocr_carea' id='block_1_110' title="bbox 2185 5187 3768 5262">
    <p class='ocr_par' dir='ltr' id='par_1_110' title="bbox 2185 5187 3768 5262">
     <span class='ocr_line' id='line_1_110' title="bbox 2185 5187 3768 5262; baseline -0.003 -17"><span class='ocrx_word' id='word_1_881' title='bbox 2185 5191 2528 5262; x_wconf 75' lang='grc' dir='ltr'><em>ψευσάμενος</em></span> <span class='ocrx_word' id='word_1_882' title='bbox 2565 5191 2644 5262; x_wconf 80' lang='grc' dir='ltr'><em>τῷ</em></span> <span class='ocrx_word' id='word_1_883' title='bbox 2669 5190 2906 5262; x_wconf 83' lang='grc' dir='ltr'><em>ἀδελφῷ,</em></span> <span class='ocrx_word' id='word_1_884' title='bbox 2939 5191 3015 5254; x_wconf 83' lang='grc' dir='ltr'><em>ὡς</em></span> <span class='ocrx_word' id='word_1_885' title='bbox 3061 5191 3120 5244; x_wconf 81' lang='grc' dir='ltr'><em>ὲν</em></span> <span class='ocrx_word' id='word_1_886' title='bbox 3149 5189 3468 5261; x_wconf 75' lang='grc' dir='ltr'><em>φιλαδελφία</em></span> <span class='ocrx_word' id='word_1_887' title='bbox 3497 5187 3768 5260; x_wconf 74' lang='grc' dir='ltr'><em>ήπάτησε,</em></span> 
     </span>
    </p>
   </div>
   <div class='ocr_carea' id='block_1_111' title="bbox 2187 5279 3772 5356">
    <p class='ocr_par' dir='ltr' id='par_1_111' title="bbox 2187 5279 3772 5356">
     <span class='ocr_line' id='line_1_111' title="bbox 2187 5279 3772 5356; baseline -0.004 -19"><span class='ocrx_word' id='word_1_888' title='bbox 2187 5285 2281 5337; x_wconf 74' lang='grc' dir='ltr'><strong>καὶ</strong></span> <span class='ocrx_word' id='word_1_889' title='bbox 2314 5283 2618 5356; x_wconf 86' lang='grc' dir='ltr'><em>παρέπεισε</em></span> <span class='ocrx_word' id='word_1_890' title='bbox 2646 5283 2732 5337; x_wconf 81' lang='grc' dir='ltr'><em>διὰ</em></span> <span class='ocrx_word' id='word_1_891' title='bbox 2765 5283 2857 5336; x_wconf 83' lang='grc' dir='ltr'><em>τοῦ</em></span> <span class='ocrx_word' id='word_1_892' title='bbox 2889 5282 3137 5353; x_wconf 71' lang='grc' dir='ltr'><em>ψεύδους,</em></span> <span class='ocrx_word' id='word_1_893' title='bbox 3170 5283 3265 5336; x_wconf 77' lang='grc' dir='ltr'><strong>καὶ</strong></span> <span class='ocrx_word' id='word_1_894' title='bbox 3290 5280 3573 5350; x_wconf 78' lang='grc' dir='ltr'><em>ἐξαγαγὼν</em></span> <span class='ocrx_word' id='word_1_895' title='bbox 3612 5279 3772 5336; x_wconf 80' lang='grc' dir='ltr'><em>αὐτὸν</em></span> 
     </span>
    </p>
   </div>
   <div class='ocr_carea' id='block_1_112' title="bbox 2187 5370 3773 5450">
    <p class='ocr_par' dir='ltr' id='par_1_112' title="bbox 2187 5370 3773 5450">
     <span class='ocr_line' id='line_1_112' title="bbox 2187 5370 3773 5450; baseline -0.007 -17"><span class='ocrx_word' id='word_1_896' title='bbox 2187 5379 2244 5434; x_wconf 77' lang='grc' dir='ltr'><em>ἐν</em></span> <span class='ocrx_word' id='word_1_897' title='bbox 2289 5377 2368 5450; x_wconf 83' lang='grc' dir='ltr'><em>τῷ</em></span> <span class='ocrx_word' id='word_1_898' title='bbox 2417 5377 2606 5448; x_wconf 81' lang='grc' dir='ltr'><em>πεδίῳ,</em></span> <span class='ocrx_word' id='word_1_899' title='bbox 2650 5377 2863 5450; x_wconf 74' lang='grc' dir='ltr'><em>ἐπάρας</em></span> <span class='ocrx_word' id='word_1_900' title='bbox 2909 5375 3007 5447; x_wconf 80' lang='grc' dir='ltr'><em>τὴν</em></span> <span class='ocrx_word' id='word_1_901' title='bbox 3040 5377 3198 5448; x_wconf 86' lang='grc' dir='ltr'><em>χεῖρα</em></span> <span class='ocrx_word' id='word_1_902' title='bbox 3230 5374 3571 5428; x_wconf 82' lang='grc' dir='ltr'><em>ἀπέκτεινεν.</em></span> <span class='ocrx_word' id='word_1_903' title='bbox 3618 5370 3773 5426; x_wconf 81' lang='grc' dir='ltr'><em>Οὕτω</em></span> 
     </span>
    </p>
   </div>
   <div class='ocr_carea' id='block_1_113' title="bbox 2188 5463 3772 5539">
    <p class='ocr_par' dir='ltr' id='par_1_113' title="bbox 2188 5463 3772 5539">
     <span class='ocr_line' id='line_1_113' title="bbox 2188 5463 3772 5539; baseline -0.004 -16"><span class='ocrx_word' id='word_1_904' title='bbox 2188 5471 2281 5524; x_wconf 75' lang='grc' dir='ltr'><strong>καὶ</strong></span> <span class='ocrx_word' id='word_1_905' title='bbox 2312 5469 2341 5520; x_wconf 91' lang='lat'><strong>6</strong></span> <span class='ocrx_word' id='word_1_906' title='bbox 2399 5470 2620 5536; x_wconf 84' lang='grc' dir='ltr'><em>Ἰούδας,</em></span> <span class='ocrx_word' id='word_1_907' title='bbox 2672 5470 2732 5524; x_wconf 86' lang='grc' dir='ltr'><em>Τί</em></span> <span class='ocrx_word' id='word_1_908' title='bbox 2777 5468 2982 5525; x_wconf 82' lang='grc' dir='ltr'><em>θέλετέ</em></span> <span class='ocrx_word' id='word_1_909' title='bbox 3003 5487 3126 5538; x_wconf 84' lang='grc' dir='ltr'><em>μοι,</em></span> <span class='ocrx_word' id='word_1_910' title='bbox 3178 5468 3336 5539; x_wconf 72' lang='grc' dir='ltr'><em>φησὶ,</em></span> <span class='ocrx_word' id='word_1_911' title='bbox 3391 5465 3623 5530; x_wconf 85' lang='grc' dir='ltr'><em>δοῦναι,</em></span> <span class='ocrx_word' id='word_1_912' title='bbox 3671 5463 3772 5517; x_wconf 78' lang='grc' dir='ltr'><strong>καὶ</strong></span> 
     </span>
    </p>
   </div>
   <div class='ocr_carea' id='block_1_114' title="bbox 1889 5599 3767 5678">
    <p class='ocr_par' dir='ltr' id='par_1_114' title="bbox 1889 5599 3767 5678">
     <span class='ocr_line' id='line_1_114' title="bbox 1889 5599 3767 5678; baseline -0.003 -16"><span class='ocrx_word' id='word_1_913' title='bbox 1889 5605 2088 5664; x_wconf 77' lang='lat' dir='ltr'><strong>&#39;Joan.</strong></span> <span class='ocrx_word' id='word_1_914' title='bbox 2121 5626 2197 5676; x_wconf 67' lang='grc' dir='ltr'><em>γι,</em></span> <span class='ocrx_word' id='word_1_915' title='bbox 2225 5609 2309 5665; x_wconf 76' lang='grc' dir='ltr'><em>τι.</em></span> <span class='ocrx_word' id='word_1_916' title='bbox 2387 5610 2408 5643; x_wconf 70' lang='grc' dir='ltr'><strong>δ</strong></span> <span class='ocrx_word' id='word_1_917' title='bbox 2437 5607 2600 5666; x_wconf 85' lang='lat' dir='ltr'><strong>.loan.</strong></span> <span class='ocrx_word' id='word_1_918' title='bbox 2630 5625 2760 5678; x_wconf 77' lang='lat' dir='ltr'><strong>xvu,</strong></span> <span class='ocrx_word' id='word_1_919' title='bbox 2787 5609 2872 5666; x_wconf 71' lang='lat'><strong>12.</strong></span> <span class='ocrx_word' id='word_1_920' title='bbox 2951 5611 2970 5642; x_wconf 83' lang='lat'><strong>&#39;</strong></span> <span class='ocrx_word' id='word_1_921' title='bbox 2996 5607 3184 5665; x_wconf 77' lang='lat' dir='ltr'><strong>Matth.</strong></span> <span class='ocrx_word' id='word_1_922' title='bbox 3218 5623 3364 5672; x_wconf 78' lang='lat' dir='ltr'><strong>xxvi,</strong></span> <span class='ocrx_word' id='word_1_923' title='bbox 3397 5605 3468 5662; x_wconf 68' lang='lat'><strong>24</strong></span> <span class='ocrx_word' id='word_1_924' title='bbox 3565 5604 3585 5635; x_wconf 84' lang='lat'><strong><em>°</em></strong></span> <span class='ocrx_word' id='word_1_925' title='bbox 3610 5599 3767 5658; x_wconf 61' lang='lat' dir='ltr'><strong>toan.</strong></span> 
     </span>
    </p>
   </div>
  </div>
