4154 6404
394 389 500 449 661

1043 386 1420 444 ADVERSUS
1453 383 1799 442 HIERESES
1835 378 1965 438 LIB.
2003 381 2044 437 Ι.
2089 376 2252 434 TOM.
2295 375 2384 431 III.
2424 405 2494 416 ——
2528 369 2803 429 HERES.
2827 366 3114 425 XXXVIII.

3562 356 3672 413 662

392 508 511 576 ἐγὼ
545 504 734 560 αὑτὸν
765 503 1096 574 παραδώσω
1129 505 1307 575 ῠμῒν;
1333 506 1448 572 καὶ,
1481 506 1585 558 Ὃν
1609 505 1686 558 ἂν
1717 502 1978 574 φιλήσω,

2089 515 2192 554 nus
2219 497 2418 553 attulit.
2453 495 2642 566 Neque
2671 494 2826 548 aliter
2852 489 3050 546 Judas:
3087 486 3227 555 Quid
3254 484 3432 576 vultis,
3464 482 3667 552 inquit,

394 600 578 665 αὑτός
607 599 772 652 ἐστι·
821 597 1160 665 κρατήσατε
1195 600 1403 652 αὐτόν.
1439 597 1551 652 Καὶ
1581 594 1752 650 ἐλθὼν
1787 597 1816 648 6
1847 611 1980 666 προ-

393 691 574 762 δότης,
610 691 809 758 Χαῖρε,
870 690 1106 758 Ῥαϐϐὴ,
1157 689 1344 760 ἕλεγε’
1385 692 1498 752 τοῖς
1540 687 1739 759 χείλεσι
1780 685 1976 758 τιμῶν,

399 783 628 856 καρδίαν
654 783 712 835 δὲ
746 784 935 854 πόρῤω
974 783 1287 854 ἀπέχουσαν
1315 780 1450 835 Θεοῦ
1479 780 1834 852 κεκτημένος.

467 959 545 1016 E'.
596 960 739 1030 'Apa
775 957 907 1029 γοῦν
943 949 1098 1022 οὗτος
1120 960 1149 1012 6
1196 957 1419 1023 Ἰούδας,
1458 957 1640 1029 πατὴρ
1681 957 1857 1010 αὐτῶν
1887 974 1980 1026 γε-

395 1048 640 1119 νόμενος,
672 1048 813 1102 κατά
837 1047 935 1119 τὴν
967 1047 1318 1120 άρνησιθεῖαν
1354 1048 1449 1100 καὶ
1488 1047 1770 1118 προδοσίαν
1806 1048 1980 1100 Σατα-

396 1144 494 1207 νᾶς
535 1140 781 1213 ὑπάρξας
835 1141 926 1196 καὶ
976 1140 1240 1204 διάϐολος,
1288 1141 1349 1194 ού
1388 1143 1452 1211 τῇ
1505 1139 1684 1209 φύσει,
1729 1139 1866 1193 ἀλλὰ
1911 1142 1976 1210 τῇ

395 1232 612 1307 γνώμῃ,
637 1233 750 1322 uti);
777 1232 1068 1303 γεγένηται
1097 1227 1251 1296 οὗτος
1281 1232 1375 1286 τοῦ
1407 1233 1546 1287 Κάῖν
1582 1233 1720 1286 κατὰ
1749 1234 1980 1304 μίμησιν

395 1325 490 1378 τοῦ
521 1325 970 1398 ἀνθρωποκτόνου
1019 1327 1114 1379 καὶ
1158 1325 1425 1395 ψεύστου·
1459 1326 1644 1398 ἐπειδὴ
1689 1327 1784 1380 καὶ
1811 1329 1841 1380 6
1874 1345 1977 1381 πα-

396 1413 502 1486 τὴρ
548 1414 713 1468 αὑτοῦ
763 1415 868 1486 πρὸ
910 1415 1074 1469 αὐτοῦ
1125 1415 1368 1487 ψεύστης
1414 1411 1502 1488 ἦν,
1548 1418 1645 1488 οὐχ
1693 1419 1722 1471 6
1786 1418 1976 1489 Ἀδὰμ,

395 1505 511 1559 ἀλλ’
559 1508 588 1560 6
625 1506 873 1570 διάϐολος
895 1523 910 1537 ο
944 1500 1005 1559 οὗ
1043 1507 1142 1578 τὴν
1180 1508 1413 1578 μίμησιν
1445 1509 1602 1579 ἔσχεν
1642 1511 1700 1562 ἐν
1731 1513 1795 1580 τῇ
1826 1510 1980 1564 ἀδελ-

398 1598 678 1669 φοκτονίᾳ,
717 1598 887 1668 μίσει,
918 1597 1013 1651 καὶ
1051 1599 1127 1668 τῷ
1169 1597 1375 1667 ψεύδει,
1427 1601 1520 1653 καὶ
1549 1600 1686 1671 πρὸς
1714 1600 1846 1652 Θεὸν
1892 1602 1980 1654 άν-

2083 590 2213 644 mihi
2241 590 2401 655 dare,
2435 601 2482 643 et
2516 605 2607 660 ego
2641 603 2760 640 eum
2808 583 2951 639 vobis
2987 581 3198 636 tradam
3221 578 3286 632 "2
3335 575 3400 629 Et
3424 616 3439 643 ,
3472 573 3668 640 Quem-

2083 698 2285 753 cunque
2309 681 2580 736 osculatus
2615 680 2765 748 fuero
2796 677 2908 746 ipse
2938 683 3038 741 est,
3067 681 3229 726 tenete
3261 685 3378 724 eum
3399 668 3443 724 ⁸.
3475 667 3540 720 Ει
3578 681 3670 720 ac-

2081 774 2284 829 cedens
2313 773 2575 836 traditor,
2607 771 2713 823 Ave
2734 810 2748 834 ,
2791 766 2987 836 inquit,
3029 763 3196 817 Rabbi
3227 763 3271 826 ⁸,
3307 759 3466 814 labiis
3493 758 3669 812 hono-

2082 882 2212 922 rans
2237 905 2252 928 ,
2282 881 2378 920 cor
2409 872 2590 918 autem
2625 861 2784 932 longe
2808 858 2966 913 aDeo
2999 863 3267 911 remotum
3300 865 3494 922 gerens
3517 851 3560 905 ⁸,

2155 958 2220 1013 ν.
2263 958 2628 1025 Quamobrem
2659 954 2750 1008 hic
2787 948 3060 1006 illeJudas
3094 954 3200 1010 est,
3229 946 3322 1015 qui
3342 955 3394 998 et
3422 943 3666 1012 ipsorum

2080 1066 2304 1122 parens,
2353 1057 2409 1106 et
2451 1058 2676 1120 propter
2699 1043 2955 1099 Numinis
3001 1039 3416 1110 abnegationem
3482 1032 3671 1104 prodi-

2081 1147 2396 1216 tionemque
2420 1145 2652 1200 Satanas
2681 1141 2801 1206 fuit,
2819 1149 2874 1195 et
2897 1137 3174 1193 voluntate
3201 1149 3309 1188 non
3331 1139 3527 1186 natura
3548 1128 3668 1183 dia-

2079 1237 2266 1305 bolus,
2315 1237 2573 1306 idemque
2601 1232 2882 1290 mendacis
2929 1245 2994 1284 ac
3022 1228 3309 1300 parricida:
3337 1224 3496 1281 Caini
3530 1221 3669 1276 dun-

2081 1343 2232 1390 taxat
2269 1333 2576 1388 imitatione
2614 1329 2793 1393 ﬁlius;
2831 1321 3273 1398 quandoquidem
3305 1328 3360 1376 et
3385 1319 3507 1389 ejus
3545 1323 3670 1370 ante

2080 1428 2258 1496 ipsum
2288 1435 2444 1496 pater
2465 1421 2696 1477 mendax
2720 1419 2821 1474 fuit
2849 1433 2956 1473 non
2977 1416 3242 1478 Adamus,
3272 1410 3368 1468 sed
3389 1407 3664 1464 diabolus:

2080 1519 2240 1589 cujus
2273 1519 2326 1572 in
2361 1517 2602 1570 fraterna
2630 1512 2799 1577 caede,
2833 1510 3072 1579 odioque
3102 1521 3166 1561 ac
3200 1501 3490 1559 mendacio
3524 1498 3670 1555 simi-

2079 1613 2366 1668 litudinem
2405 1606 2704 1678 expressit:
2741 1613 2859 1659 tum
2890 1618 2956 1658 eo
2986 1602 3211 1669 insuper
3243 1597 3370 1668 ipso
3400 1591 3547 1664 quod
3581 1591 3667 1646 bis

395 1690 639 1762 τιλογίᾳ,
686 1690 765 1761 τῷ
810 1690 1011 1760 λέγειν,
1038 1691 1135 1761 Μὴ
1176 1691 1380 1762 φύλαξ
1414 1693 1530 1762 είμὶ
1567 1693 1670 1747 τοῦ
1709 1693 1978 1763 ἀδελφοῦ

2089 1705 2259 1761 verbis
2287 1702 2398 1757 Deo
2441 1698 2803 1756 contradixit:
2842 1695 2987 1748 Nam
3019 1701 3192 1747 custos
3229 1689 3412 1760 fratris
3442 1685 3544 1740 mei
3576 1699 3667 1754 ego

395 1800 545 1850 μου;
577 1783 698 1836 Οὐκ
729 1779 861 1836 οἴδα
887 1783 1004 1838 ποῦ
1038 1783 1231 1838 ἔστιν.
1266 1783 1424 1837 Οῦτω
1468 1785 1560 1838 καὶ
1585 1785 1612 1836 6
1635 1784 1878 1849 διάϐολος
1899 1783 1978 1856 τῷ

398 1874 589 1946 κυρίῳ
617 1875 750 1946 φησί
773 1892 786 1905 ·
840 1875 940 1944 Μὴ
972 1875 1200 1944 δωρεὰν
1229 1876 1464 1931 σέϐεται
1512 1878 1641 1932 Ἰὼϐ
1667 1877 1774 1932 τὸν
1803 1879 1980 1945 Θεόν;
2013 1857 2053 1910 Β

410 1966 626 2037 Ἐπειδὴ
661 1967 771 2039 γὰρ
799 1968 962 2032 αὐτὸς
989 1970 1018 2021 6
1053 1968 1296 2032 διάϐολος
1339 1968 1418 2040 τῷ
1446 1968 1626 2038 ψεύδει
1657 1969 1840 2040 ἀπατᾷ
1882 1971 1982 2042 τὴν

398 2054 544 2109 Εῦαν
581 2059 793 2112 καὶτὸν
845 2061 1035 2131 Ἀδὰμ,
1072 2060 1237 2131 ἕτερα
1278 2060 1394 2114 ἀνθ’
1433 2061 1634 2133 ἑτέρων
1662 2062 1855 2132 λέγων,
1887 2062 1982 2116 καὶ

398 2147 582 2216 φιλίαν
614 2151 988 2222 προσποιητὴν
1030 2151 1467 2223 ἐνδεικνύμενος,
1498 2153 1580 2206 ὅτι
1615 2154 1874 2207 Ἕσεσθε
1902 2154 1982 2220 ὡς

397 2241 539 2307 θεοὶ,
583 2242 680 2296 καὶ
727 2245 837 2297 οὐκ
885 2244 1314 2300 ἀποθανεῖσθε·
1355 2244 1544 2299 τοῦτον
1578 2247 1911 2317 μιμούμενος
1953 2250 1981 2300 6

399 2331 552 2398 Κάῖν,
588 2337 938 2407 προσχήματι
975 2337 1323 2406 φιλαδελφίας
1364 2339 1549 2408 ἠπάτα
1591 2339 1681 2392 τὸν
1730 2339 1976 2408 ἀδελφὸν,

397 2424 570 2493 λέγων
591 2441 606 2458 ·
640 2426 972 2497 Διέλθωμεν
999 2431 1084 2494 είς
1113 2428 1179 2482 τὸ
1229 2428 1458 2482 πεδίον.
1501 2431 1599 2482 Διὰ
1646 2430 1801 2485 τοῦτο
1830 2433 1921 2484 καὶ
1953 2433 1981 2484 6

397 2514 552 2584 ἅγιος
591 2517 846 2588 Ἰωάννης
888 2513 1042 2572 εἶπεν
1062 2535 1074 2548 ·
1124 2519 1186 2572 '0
1211 2518 1412 2588 μισῶν
1443 2520 1550 2574 τὸν
1579 2520 1846 2590 ἀδελφὸν
1872 2523 1978 2576 αὐ-

397 2607 526 2672 τοῦ,
562 2603 741 2676 οὗτος
778 2612 849 2663 οὐ
894 2612 1261 2665 τετελείωται
1291 2612 1361 2665 ἐνν
1393 2611 1466 2681 τῇ
1493 2612 1716 2683 ἀγάπῃ,
1739 2615 1876 2669 ἀλλ’
1911 2617 1981 2668 ἐκ

399 2701 507 2756 τοῦ
539 2703 692 2757 Κάιν
713 2704 886 2758 ἐστίν
910 2720 923 2734 ⁸
980 2703 1069 2758 ὅτι
1099 2703 1414 2758 ἀπέκτεινε
1442 2705 1550 2759 τὸν
1579 2704 1847 2776 ἀδελφὸν
1877 2709 1983 2760 αὐ-

399 2793 526 2848 τοῦ.
559 2794 673 2848 Καὶ
699 2794 797 2848 διὰ
839 2795 896 2848 τί
925 2794 1114 2848 αὑτὸν
1148 2795 1500 2850 ἀπέκτεινεν
1523 2814 1535 2826 ο
1571 2798 1700 2850 Ὅτι
1752 2794 1831 2868 ἦν
1875 2812 1979 2852 πο-

398 2884 552 2952 νηρὰ
577 2885 651 2938 τὰ
676 2886 820 2954 ἔργα
842 2887 1030 2940 αὑτοῦ
1053 2904 1068 2918 ·
1121 2887 1217 2940 καὶ⁸
1261 2885 1498 2958 ἐζήλωσε
1539 2888 1606 2941 τὰ
1634 2887 1770 2960 ἔργα
1795 2889 1978 2956 αὐτοῦ,

398 2975 482 3028 ὅτι
505 2971 572 3047 ἦν
609 2977 768 3030 καλά.
813 2977 969 3032 Οὕτω
999 2979 1093 3032 καὶ
1123 2971 1290 3045 οὗτοι,
1324 2979 1878 3050 μᾶλλον-φθονοῦντες
1905 2982 1982 3054 τῷ

404 3064 590 3129 Ἅϐελ,
624 3065 701 3136 τῷ
735 3067 875 3120 καλά
898 3067 1074 3138 ἔχοντι
1119 3069 1278 3140 ἔργα,
1309 3070 1399 3123 τὸν
1435 3070 1489 3124 δὲ
1522 3071 1662 3124 Κάῖν
1696 3073 1980 3144 τιμῶντες,

2081 1800 2240 1853 sum?
2289 1796 2388 1849 Ubi
2429 1795 2497 1848 sit
2538 1793 2767 1848 nescio".
2827 1783 3298 1856 Quemadmodum
3340 1786 3394 1834 et
3435 1776 3668 1831 Domino

2082 1890 2332 1945 diabolus
2373 1887 2614 1958 loquitur
2647 1904 2661 1940 :
2700 1883 2843 1938 Num
2879 1883 3084 1952 frustra
3119 1875 3221 1932 Job
3254 1875 3400 1928 timet
3433 1870 3597 1923 Deum
3621 1867 3670 1958 δῖ)

2083 1980 2351 2047 Quoniam
2376 1956 2522 2033 enim
2557 1975 2810 2030 diabolus
2838 1973 2957 2043 ipse
2989 1969 3156 2022 Evam
3187 1973 3241 2021 et
3257 1961 3522 2017 Adamum
3551 1956 3667 2013 suis

2081 2073 2138 2128 in
2181 2071 2427 2126 fraudem
2473 2066 2780 2122 mendaciis
2830 2062 3148 2134 impulerat,
3191 2058 3326 2112 falsa
3372 2069 3471 2126 pro
3520 2051 3667 2106 veris

2084 2179 2381 2236 usurpans,
2399 2177 2464 2216 ac
2485 2159 2800 2216 simulatam
2829 2153 3126 2210 amicitiam
3150 2149 3444 2220 objiciens:
3474 2143 3665 2206 Eritis,

2083 2259 2279 2330 inquit,
2310 2257 2447 2310 sicut
2476 2252 2573 2318 dii,
2597 2260 2646 2306 et
2674 2266 2779 2303 non
2807 2245 3103 2303 moriemini
3116 2245 3169 2312 9,;
3200 2242 3347 2310 hunc
3380 2237 3668 2294 aemulatus

2081 2326 2218 2406 Cain
2261 2349 2518 2404 fraternae
2547 2341 2834 2399 charitatis
2863 2338 3047 2408 specie
3075 2347 3395 2407 germanum
3430 2326 3666 2396 decepit,

2082 2445 2168 2498 his
2209 2440 2390 2496 verbis
2428 2438 2745 2506 alloquens:
2790 2429 3141 2501 Egrediamur
3179 2422 3410 2494 foras”.
3460 2418 3668 2474 Idcirco

2083 2535 2279 2590 beatus
2307 2531 2546 2586 Joannes
2577 2529 2650 2582 ita
2687 2524 2878 2581 scribit
2920 2541 2932 2576 :
2959 2522 3064 2588 Qui
3090 2518 3198 2574 odit
3238 2517 3460 2585 fratrem
3489 2527 3666 2573 suum,

2083 2626 2242 2696 281
2282 2623 2364 2676 hic
2393 2622 2447 2674 in
2479 2619 2739 2673 charitate
2767 2614 3028 2684 perfectus
3077 2626 3180 2663 non
3210 2616 3310 2670 est,
3358 2602 3446 2657 sed
3498 2609 3576 2656 est
3603 2615 3670 2654 ea:

2083 2695 2290 2780 Caino;
2341 2713 2589 2785 quoniam
2631 2710 2851 2779 fratrem
2899 2721 3053 2760 suum
3087 2699 3298 2754 occidit.
3350 2695 3416 2748 Et
3457 2702 3670 2763 propter

2081 2810 2204 2881 quid
2220 2806 2408 2862 occidit
2424 2806 2578 2859 eum?
2605 2801 2866 2867 Quoniam
2889 2812 3044 2866 opera
3067 2793 3181 2863 ejus
3196 2789 3585 2859 malignaerant
3602 2783 3667 2845 “;

2083 2910 2138 2956 et
2177 2900 2324 2954 illius
2363 2897 2561 2952 invidit
2602 2893 2886 2964 operibus,
2934 2888 3190 2959 quoniam
3235 2890 3391 2938 erant
3418 2881 3666 2934 honesta.

2087 2989 2178 3046 Sic
2200 2991 2276 3045 illi
2310 2990 2480 3045 Abelo
2534 2988 2717 3057 petius
2757 2981 3092 3042 invidentes,
3129 2975 3290 3044 cujus
3325 2986 3490 3042 opera
3528 2971 3668 3022 bona

2086 3089 2237 3145 sunt,
2271 3089 2325 3135 et
2345 3079 2575 3135 Cainum
2609 3076 2965 3135 honorantes,
2999 3083 3180 3123 nonne
3203 3065 3289 3120 vel
3321 3061 3456 3133 ipsis
3481 3058 3672 3113 Salva-

402 3155 520 3220 πῶς
551 3157 673 3211 οὐκ·
694 3157 1029 3229 ἐλέγχονται,
1059 3161 1356 3233 διαρρήδην
1389 3160 1481 3215 τοῦ
1518 3163 1769 3236 Σωτῆρος
1800 3165 1982 3235 λέγονι

2089 3172 2220 3225 toris
2245 3171 2426 3225 verbis
2450 3166 2741 3223 manifeste
2762 3162 3196 3232 redarguuntur:
3231 3154 3322 3225 qui
3351 3153 3406 3207 in
3430 3151 3553 3204 illos
3582 3163 3672 3201 se-

401 3265 513 3312 τος,
567 3250 662 3303 καὶ
701 3250 976 3322 ἀπότομον
1023 3252 1298 3323 ἀπόφασιν
1348 3255 1621 3324 ὁρίζοντος
1672 3257 1873 3323 αὐτοῖς,
1903 3260 1984 3311 ὅτι

401 3342 815 3411 Ζητηθήσεται
863 3345 983 3399 ἀπὸ
1021 3344 1132 3413 τῆς
1177 3345 1388 3415 γενεᾶς
1427 3350 1653 3416 ταύτης
1686 3349 1809 3404 πᾶν
1843 3347 1987 3420 αἷμα

401 3433 641 3491 δίκαιον
671 3435 788 3490 ἀπὸ
845 3438 1014 3491 Ἅϐελ
1043 3437 1151 3492 τοῦ
1185 3437 1420 3492 δικαίου
1455 3440 1518 3493 τὸ
1547 3443 1648 3496 ἀπ’
1675 3440 1869 3511 ἀρχῆς
1890 3443 1988 3495 ἐκ·

403 3525 737 3596 κεχυμένον
769 3527 879 3594 ἕως
904 3530 1201 3598 Ζαχαρίου
1233 3531 1339 3584 τοῦ
1371 3531 1702 3601 προφήτου,
1762 3529 1834 3588 οὗ
1875 3535 1988 3588 ἁπ-

403 3618 702 3672 εκτείνατε
725 3617 921 3689 μέσον
944 3621 1050 3675 τοῦ
1079 3621 1228 3676 ναοῦ
1259 3623 1356 3677 καὶ
1386 3624 1490 3678 τοῦ
1520 3627 1984 3695 θυσιαστηρίου,

406 3712 501 3764 καὶ
528 3711 596 3764 τὰ
622 3711 785 3781 ἐξῆςς
1301 3765 1306 3770 _

479 3804 572 3868 εἷ’.
614 3804 725 3856 Οὐκ
757 3804 864 3874 ἄρα
897 3803 1097 3871 τοίνυν,
1131 3805 1206 3869 ὡς
1235 3798 1382 3860 οὗτοί
1423 3825 1579 3876 φασι,
1613 3809 1700 3862 διὰ
1733 3810 1932 3879 γνῶσιν
1961 3811 1989 3862 6

417 3895 621 3959 Ἰούδας
647 3897 934 3968 παρέδωκε
965 3897 1056 3950 τὸν
1079 3899 1328 3971 Σωτῆρα·
1363 3901 1485 3954 οὐδὲ
1527 3901 1769 3955 Ἰουδαῖοι
1798 3902 1989 3973 μισθὸν

405 3984 588 4055 ἔχουσι
614 3985 1028 4068 σταυρώσαντες
1057 3988 1146 4040 τὸν
1171 3989 1397 4059 Κύριον,
1422 3991 1598 4043 καίτοι
1628 4009 1691 4059 γε
1712 3992 1799 4045 διὰ
1823 4010 1988 4046 σταυ-

408 4079 500 4151 ροῦ
532 4079 766 4150 ἐχόντων
795 4080 952 4151 ἡμῶν
981 4081 1080 4153 τὴν
1109 4083 1404 4154 σωτηρίαν.
1438 4083 1575 4136 Οὔτε
1598 4082 1707 4154 γὰρ
1741 4083 1990 4155 παρέδω-

403 4189 501 4225 κεν
531 4171 695 4224 αὐτὸν
729 4174 757 4225 6
801 4172 1024 4236 Ἰούδας,
1057 4173 1143 4226 ἵνα
1170 4173 1395 4245 γένηται
1423 4175 1556 4245 ἡμῖν
1583 4175 1662 4237 εἰς
1694 4176 1986 4247 σωτηρίανο

404 4263 543 4317 ἀλλὰ
570 4266 691 4316 κατ’
719 4263 962 4334 ἄγνοιαν,
1011 4265 1194 4337 ζῆλον,
1242 4267 1334 4319 καὶ
1365 4266 1729 4339 φιλαργυρίαν
1763 4269 1990 4340 ἀρνησι-

407 4353 576 4418 θεΐας.
617 4354 736 4409 Κᾶν
763 4372 823 4408 τε
851 4356 960 4428 γάρ
989 4357 1116 4428 εἴπῃ
1152 4358 1185 4427 ἡ
1216 4357 1407 4428 Γραφὴ
1447 4357 1538 4409 τὸν
1584 4358 1818 4429 Χριστὸν
1859 4359 1990 4428 μέλ-

405 4443 567 4498 λοντα
597 4443 812 4516 σταυρῷ
835 4445 1245 4516 παραδίδοσθαι,
1275 4444 1307 4517 ἢ
1336 4444 1439 4497 κᾶν
1467 4443 1612 4496 εἴποι
1637 4446 1670 4515 ἡ
1702 4443 1821 4497 Θεία
1845 4445 1989 4516 Γρα-

2091 3278 2214 3317 vere
2257 3277 2321 3315 ac
2369 3262 2486 3316 sine
2534 3259 2644 3312 ulla
2702 3251 3154 3326 tergiversatione
3200 3244 3523 3302 sententiam
3567 3240 3673 3293 hoc

2089 3354 2251 3408 modo
2287 3354 2444 3408 tulit:
2503 3351 2815 3420 Requiretur
2860 3346 2924 3400 ab
2956 3344 3055 3396 hac
3088 3339 3418 3413 generatione
3457 3334 3671 3404 sanguis

2089 3448 2258 3501 onniis
2282 3446 2487 3516 justus,
2513 3444 2604 3514 qui
2631 3443 2828 3511 effusus
2852 3447 2929 3493 est
2959 3437 3022 3491 ab
3042 3435 3172 3489 Abel
3190 3433 3338 3504 justo
3362 3448 3392 3484 a
3414 3427 3673 3500 principio

2089 3554 2252 3609 usque
2283 3535 2351 3590 ad
2381 3535 2702 3588 Zachariam
2728 3529 3060 3600 prophetam,
3085 3541 3238 3593 quem
3259 3521 3524 3578 occidistis
3539 3520 3676 3574 inter

2091 3630 2342 3699 templum
2360 3638 2408 3682 et
2427 3626 2598 3681 altare
2612 3624 2690 3678 “?
2718 3631 2823 3679 etc.

2161 3802 2252 3858 Vl.
2281 3800 2501 3857 Falsum
2532 3801 2700 3872 igitur
2726 3806 2831 3864 est,
2862 3795 3008 3868 quod
3043 3795 3133 3851 isti
3163 3795 3441 3865 iactitant,
3468 3791 3672 3848 Judam

2092 3896 2164 3952 ob
2193 3911 2314 3950 eam
2359 3909 2526 3965 quam
2560 3893 2797 3947 habebat
2841 3889 3132 3946 scientiam
3165 3886 3505 3942 Salvatorem
3546 3900 3676 3954 pro—

2091 3989 2336 4043 didisse:
2375 3987 2624 4055 adeoque
2654 3998 2758 4038 nec
2798 3982 2900 4052 ipsi
2948 3979 3121 4034 Judaei
3164 3979 3388 4034 Christo
3426 3979 3480 4031 in
3511 3990 3676 4032 cruce

2091 4079 2285 4134 sullixo
2335 4077 2644 4132 mercedem
2681 4071 2964 4128 consecuti
3013 4079 3162 4133 sunt,
3205 4069 3456 4140 quamvis
3491 4067 3675 4123 crucis

2093 4171 2261 4226 nobis
2289 4169 2556 4226 beneﬁcio
2594 4167 2746 4222 salus
2775 4165 3079 4221 obvenerit.
3116 4162 3236 4217 Non
3264 4161 3410 4215 enim
3446 4169 3505 4214 ut
3531 4159 3677 4214 salu-

2094 4275 2203 4320 tem
2236 4260 2397 4316 nobis
2420 4257 2660 4322 alierret,
2685 4255 2858 4312 Judas
2887 4256 3040 4310 illum
3068 4253 3325 4320 tradidit;
3360 4250 3455 4307 sed
3477 4251 3675 4322 partim

2093 4350 2428 4422 ignorantia,
2453 4349 2653 4420 partim
2683 4346 2908 4412 invidia,
2932 4354 2986 4400 et
3015 4345 3244 4400 avaritia
3271 4342 3493 4407 ductus,
3511 4356 3676 4412 quam

2095 4459 2221 4498 cum
2256 4441 2750 4512 DeiIabnegatione
2785 4439 3168 4510 conjunxerat.
3204 4436 3420 4491 Etenim
3461 4435 3590 4489 licet
3622 4434 3679 4488 in

407 4537 482 4607 φὴ
517 4536 584 4591 τά
611 4537 699 4590 ἐπ’
734 4536 986 4608 ἐσχάτῳί
1046 4537 1154 4590 τῶν
1188 4537 1410 4610 ἡμερῶν
1429 4539 1496 4591 δι’
1534 4538 1691 4609 ἡμῶν
1717 4539 1987 4594 ἐπιτελού-

2098 4551 2320 4592 crucem
2355 4543 2539 4589 actum
2592 4534 2658 4588 iri
2696 4533 2978 4588 Christum
3015 4531 3298 4601 Scriptura
3331 4526 3677 4600 praedixerit;

411 4646 549 4701 μενα
579 4629 930 4700 ἀτοπήματα,
963 4629 1024 4682 οὐ
1058 4628 1279 4693 πάντως
1309 4629 1457 4701 εὕροι
1486 4629 1550 4684 ἄν
1583 4648 1667 4694 τις
1700 4630 1857 4702 ἡμῶν
1879 4631 1988 4684 τῶν

406 4719 478 4774 τὰ
502 4719 796 4791 παράνομα
818 4718 1165 4790 πραττόντων
1186 4719 1504 4788 ἀπολογίαν,
1529 4719 1628 4791 τὴν
1650 4721 1751 4791 τῆς
1771 4721 1994 4793 Γραφῆς

412 4811 718 4884 μαρτυρίαν
739 4810 1049 4883 προφέρων,
1073 4811 1545 4884 προθεσπιζούσης
1559 4811 1733 4866 ταῦτα
1754 4812 1993 4870 ἔσεσθαι.

409 4904 486 4957 Ob
510 4903 618 4975 γὰρ
645 4904 726 4955 ὅτι
774 4899 925 4955 εἶπεν
964 4905 998 4974 ή
1031 4902 1244 4974 Γραφὴ,
1280 4903 1562 4976 ποιοῦμεν·
1596 4905 1711 4959 ἀλλ’
1736 4906 1818 4960 ὅτι
1847 4907 1999 4978 ἐμέλ-

409 4996 576 5068 λομεν
611 4997 807 5058 ποιεῖν,
839 4997 1098 5066 προεῖπεν
1134 4997 1167 5066 ή
1207 4996 1418 5068 Γραφὴ,
1451 4997 1539 5050 διὰ
1582 4997 1682 5069 τὴν
1720 4997 1814 5052 τοῦ
1864 4999 1998 5053 Θεοῦ

411 5089 746 5160 πρόγνωσιν,
772 5089 867 5140 καὶ
893 5089 979 5141 ἵνα
1005 5087 1160 5151 Θεὸς,
1188 5087 1393 5156 ἀγαθὸς
1414 5090 1697 5161 ὑπάρχων,
1725 5091 2001 5163 ἐπιφέρων

409 5182 467 5235 δὲ
495 5180 597 5252 τὴν
625 5180 796 5251 ὀργὴν
828 5178 970 5233 κατὰ
999 5179 1108 5232 τῶν
1136 5181 1582 5252 ἁμαρτανόντων,
1618 5181 1693 5254 μὴ
1715 5183 2000 5254 ὑποληφθῇ

343 5317 346 5324 .
410 5273 574 5327 πάθει
603 5272 987 5343 συνεχόμενος.
1031 5272 1094 5327 Ἡ
1129 5271 1238 5343 γάρ
1268 5273 1390 5326 καθ’
1423 5273 1652 5329 ἕκαστον
1684 5275 1791 5328 τῶν
1824 5276 2002 5345 ἁμαρ-

410 5365 680 5419 τανόντων
710 5364 863 5436 παρὰ
894 5363 1032 5418 Θεοῦ
1066 5363 1206 5436 ὀργὴ
1238 5365 1338 5419 οὐκ
1366 5365 1474 5420 ἀπὸ
1501 5367 1704 5430 πάθους
1739 5369 1996 5438 ὁρμᾶται.

424 5457 658 5521 Ἀπαθές
694 5458 802 5530 γὰρ
836 5459 896 5511 τὸ
930 5457 1084 5512 Θεῖον
1123 5477 1136 5489 ·
1179 5459 1432 5532 ἐπιφέρει
1468 5460 1524 5512 δέ
1556 5459 1654 5532 τὴν
1683 5461 1852 5531 ὀργὴν
1881 5463 2007 5514 κατ’

414 5549 706 5620 ἄνθρωπον
733 5553 777 5616 ²,
821 5551 881 5604 οὐ
917 5550 1082 5604 πάθει
1132 5552 1337 5624 ληφθὲν
1394 5553 1846 5622 ἀγανακτήσεως,
1881 5551 1999 5605 ούδέ

412 5642 551 5713 ὀργῇ
572 5641 807 5715 ἡττηθὲν
828 5646 921 5698 καὶ
946 5644 1334 5717 κρατούμενον.
1360 5644 1612 5697 Δείκνυσι
1634 5644 1703 5712 γά
1713 5661 1742 5715 ρ
1772 5645 1832 5697 τὸ
1854 5645 1999 5699 άπα-

493 5797 508 5821 ¹
545 5794 603 5848 l“.
645 5797 908 5866 ἐσχάτων.

417 5867 438 5900 ’³
467 5866 603 5924 Gen.
636 5883 709 5939 ιν,
735 5869 792 5925 9.
867 5871 888 5901 ⁸
912 5867 1017 5927 Job
1054 5885 1094 5936 ι,
1120 5870 1175 5926 9.
1252 5866 1286 5903 ’⁸
1303 5869 1439 5928 Gen.
1473 5872 1616 5942 111,4,
1646 5872 1695 5929 5.

981 5798 1088 5871 _'F.
1133 5798 1470 5871 κάνθρώπων.
1558 5800 1795 5856 ’Maltb.
1850 5817 1996 5871 xxw,
2058 5802 2143 5857 15.
2222 5801 2435 5857 ‘Marc.
2491 5813 2602 5863 xiv,
2677 5798 2766 5871 μ.

1803 5873 1858 5937 ,³ο
1889 5861 1987 5929 Cet

2089 5889 2132 5941 ν,
2162 5875 2212 5931 8.
2301 5872 2370 5925 ιιι
2399 5871 2554 5927 Joan.
2589 5861 2656 5935 il,
2685 5868 2743 5925 il
2771 5887 2786 5937 ;
2829 5883 2910 5935 Ill,
2939 5867 3026 5921 I2.
3105 5867 3148 5898 ¹²
3182 5863 3368 5919 Matth.
3410 5879 3564 5926 χχιιι,
3595 5861 3684 5916 55.

2097 4644 2163 4684 ac
2197 4642 2320 4698 quae
2347 4626 2641 4698 postremis
2667 4625 3009 4696 temporibus
3041 4638 3071 4677 a
3100 4622 3258 4678 nobis
3287 4617 3678 4676 committenda

2098 4730 2230 4776 sunt
2257 4721 2464 4775 scelera
2509 4717 2602 4773 diu
2649 4725 2774 4773 ante
2803 4717 3148 4788 signiﬁcarit,
3184 4715 3415 4779 nullam,
3461 4712 3507 4768 si
3538 4710 3682 4765 male

2100 4815 2387 4888 quidpiam
2414 4813 2712 4886 egerimus,
2748 4826 2814 4866 ex
2843 4811 2979 4865 iisce
3003 4807 3300 4879 Scriptura:
3323 4803 3678 4865 testimoniis.

2101 4925 2224 4978 quae
2254 4907 2308 4961 id
2346 4905 2592 4960 futurum
2633 4903 3021 4976 praenuntiant,
3063 4900 3474 4957 excusationem
3517 4896 3675 4951 babe-

2101 5000 2305 5056 bimus.
2360 4997 2550 5069 Neque
2606 4998 2750 5052 enim
2799 4995 2945 5066 quod
3002 4993 3285 5063 Scriptura
3341 4988 3678 5061 praedixerit,

2100 5092 2308 5148 idcirco
2329 5107 2389 5146 ea
2426 5090 2658 5145 facimus
2685 5107 2699 5156 ;
2733 5087 2830 5144 sed
2855 5087 3000 5159 quod
3030 5086 3227 5140 facturi
3260 5098 3502 5148 eramus,
3536 5079 3684 5136 Scri-

2102 5192 2264 5254 ptura
2301 5180 2575 5253 praedixit,
2612 5180 2682 5234 ob
2717 5178 3132 5233 antecedentem
3169 5175 3264 5230 Dei
3298 5173 3554 5228 videlicet
3589 5186 3685 5226 co-

2101 5275 2426 5348 gnitionem,
2456 5281 2619 5343 atque
2661 5280 2721 5326 ut
2745 5270 2892 5325 Deus
2920 5270 3057 5339 ipse,
3086 5269 3179 5338 qui
3217 5267 3398 5322 bonus
3424 5273 3530 5328 est,
3557 5279 3684 5318 cum

2103 5365 2367 5421 adversus
2399 5371 2722 5434 peccatores
2765 5362 2903 5416 iram
2955 5366 3195 5424 exercet,
3244 5373 3356 5412 non
3398 5356 3685 5426 perturba-

2105 5457 2256 5510 tione
2288 5455 2471 5525 aliqua
2503 5461 2811 5509 commotus
2831 5467 2956 5508 esse
2989 5450 3262 5505 videatur.
3290 5448 3387 5504 Dei
3413 5447 3686 5518 siquidem

2109 5549 2375 5604 adversus
2428 5557 2746 5618 peccatores
2789 5546 3066 5618 quoslibet
3103 5543 3405 5614 indignatio
3449 5557 3562 5597 non
3620 5540 3689 5596 ab

2113 5644 2224 5698 ulla
2260 5642 2429 5696 animi
2460 5641 2875 5712 perturbatione
2907 5638 3315 5708 proﬁciscitur;
3347 5643 3498 5693 caret
3542 5635 3689 5691 enim

2845 5797 2867 5828 ⁸
2895 5795 3028 5850 ibid.
3060 5793 3150 5849 45.
3227 5795 3248 5826 ⁸
3286 5793 3389 5848 lsa.
3419 5806 3571 5855 χιιι,
3600 5792 3686 5847 I5.
3749 5799 3752 5802 '
