4154 6404
367 350 472 406 665

979 356 1351 413 ADVERSUS
1390 357 1736 414 Ht-ERESES
1775 357 1906 415 LIB.
1949 357 1968 412 Ξ

2083 356 2202 414 ΟΜ.
2247 355 2334 412 Ill.
2376 387 2445 397 --
2484 353 2768 411 ΗΑΞΒΕΞ.
2810 352 3059 410 XXXIX.

3543 353 3652 410 666

363 484 503 535 μου.
528 466 566 537 ἦ
588 469 928 524 ἀπείπασθε
983 474 1078 526 καὶ
1102 473 1264 526 πάλιν
1293 475 1352 527 ἐν
1380 475 1525 546 ἄλλῳ
1550 477 1822 550 προφήτῃ
1849 475 1958 528 Καὶ

2088 476 2298 529 srael'.
2365 473 2498 529 Item
2550 473 2696 544 apud
2748 471 2915 527 alium
2948 472 3308 543 prophetam:
3345 470 3408 528 Si
3440 473 3649 541 justum
3704 517 3708 519 .

367 560 574 614 ἔδωκαν
604 563 664 615 τὸ
692 563 955 634 ἀργύριον
981 565 1081 634 τὴν
1110 565 1277 638 τιμὴν
1304 567 1397 621 τοῦ
1429 568 1814 639 τετιμημένου.
1847 566 1960 620 Καὶ

368 649 511 706 εἶπεν
547 655 729 719 Κάθες
757 657 889 710 αὐτὸ
915 660 996 722 εἰς
1027 659 1089 712 τὸ
1115 661 1498 732 χωνευτήριον·
1545 661 1620 714 ἴδε
1658 663 1706 714 εἰ
1735 660 1960 731 δόκιμόν

369 745 540 810 ἐστιν,
569 745 645 810 ὡς
670 748 1035 822 ἐδοκιμάσθην
1070 752 1175 804 ὑπὸ
1205 753 1313 806 τῶν
1341 755 1358 784 ¹
1394 753 1527 807 υἱῶν
1569 754 1808 824 Ἰσραήλ.

442 926 522 978 H'.
565 925 677 980 Καὶ
709 926 851 981 πόσα
880 929 1028 983 ἐστὶν
1064 930 1174 985 ἀπὸ
1205 931 1304 1003 τῆς
1335 930 1487 995 θείας
1512 932 1740 1004 Γραφῆς
1770 933 1963 986 συλλέ-

371 1036 490 1087 γειν
527 1018 656 1092 περὶ
685 1019 795 1074 τῶν
823 1021 1221 1078 τελειωθέντων
1258 1027 1318 1078 ἐν
1344 1024 1422 1096 τῷ
1449 1025 1640 1097 Κυρίῳ
1676 1026 1856 1097 ἡμῶν,
1902 1027 1961 1080 οὐ

374 1112 514 1165 κατὰ
541 1113 640 1184 τὴν
675 1112 842 1168 ’ἰούδα
867 1115 1003 1187 πρὸς
1027 1117 1086 1170 τὸ
1109 1118 1312 1188 ἀγαθὸν
1336 1119 1637 1190 ἐνέργειαν,
1664 1119 1800 1173 ἀλλὰ
1821 1120 1965 1173 κατὰ

372 1205 472 1277 τὴν
505 1207 600 1260 τοῦ
637 1209 890 1282 Σωτῆρος
922 1211 1082 1282 ήμῶν
1120 1213 1217 1266 κα)⁸
1256 1213 1466 1286 Κυρίου
1517 1212 1693 1284 Ἰησοῦ
1724 1212 1963 1286 Χριστοῦ

374 1297 470 1350 τοῦ
504 1297 638 1352 Θεοῦ
671 1299 813 1372 ὑπὲρ
839 1301 1016 1373 ἡμῶν,
1049 1303 1111 1357 οὐ
1143 1303 1264 1357 κατ’
1292 1305 1558 1376 ἀνάγκην,
1582 1305 1720 1358 ἀλλὰ
1741 1307 1806 1359 ἐκ
1835 1323 1967 1378 προ-

375 1393 641 1463 αιρέσεως
667 1395 862 1450 ἐαυτοῦ
893 1388 1194 1468 παράδοσιν
1219 1400 1315 1453 καὶ
1341 1398 1654 1469 οἰκονομίαν
1681 1398 1774 1452 τοῦ
1799 1415 1967 1452 σταυ-

379 1484 475 1558 ροῦ
528 1489 668 1559 ὑπὲρ
696 1489 796 1560 τῆς
838 1489 997 1560 ἡμῶν
1044 1491 1359 1562 σωτηρίας;
1407 1486 1539 1546 Οἶδα
1583 1491 1641 1544 δέ
1675 1494 1755 1555 εἰς
1799 1491 1968 1545 πολὺν

376 1581 540 1648 ὄγκον
588 1580 736 1650 ἄγων
778 1582 877 1645 τὰς
922 1583 1252 1653 μαρτυρίαςο
1294 1582 1370 1646 ὡς
1420 1583 1569 1652 λέγει
1617 1582 1778 1636 πάλιν
1813 1583 1970 1648 ἀλλος

380 1674 686 1746 προφήτης·
746 1676 798 1728 Γ
800 1673 1029 1728 ενέσθω
1079 1675 1118 1743 ἡ
1175 1675 1431 1741 ἔπαυλις
1487 1675 1676 1730 αὑτοῦ
1727 1674 1967 1745 ἕρημος,

378 1763 481 1819 καί
535 1764 649 1835 τὴν
703 1766 1051 1836 ἐπισκοπὴν
1108 1768 1296 1823 αὐτοῦ
1356 1766 1529 1822 λάϐοι
1586 1768 1807 1835 ἕτερος.
1873 1770 1971 1833 ’⁸ος

2062 575 2142 619 δεῖ
2191 563 2357 628 vobis,
2412 564 2536 620 date
2590 565 2879 618 mercedem
2929 581 3136 631 meam,
3182 573 3276 616 aut
3320 565 3565 619 abilicate
3605 564 3650 620 ⁸.

2063 657 2195 712 item
2223 657 2365 712 alius
2411 657 2676 726 propheta
2706 675 2718 710 :
2766 654 3045 710 Dederunt
3074 664 3363 726 argentum
3413 657 3650 726 pretium

2063 749 2371 819 appreliati.
2411 749 2477 801 Et
2505 749 2686 803 dixit:
2723 746 2875 803 Mitte
2911 747 2967 801 in
3013 747 3387 811 fundibulum,
3431 757 3485 803 et
3527 747 3654 803 vide

2065 858 2138 897 an
2171 843 2403 911 probum
2431 842 2604 903 sit,ut
2627 841 2893 911 probatus
2915 856 3034 897 sum
3070 856 3101 894 a
3127 841 3254 896 [iliis
3283 839 3473 896 israel.

2137 935 2302 1006 283
2345 934 2483 989 VIII.
2530 933 2706 1002 Quam
2736 934 2902 988 multa
2949 949 3247 1004 possumus
3279 949 3310 988 e
3352 934 3654 1005 Scripturis

2065 1027 2242 1081 sacris
2301 1025 2534 1092 afferre,
2601 1025 2670 1081 de
2736 1025 2804 1081 iis
2859 1041 2985 1096 quae
3033 1026 3088 1079 in
3147 1025 3372 1080 Christo
3426 1023 3656 1079 Domino

2066 1117 2312 1188 perfecta
2367 1126 2527 1184 sunt,
2572 1134 2684 1173 non
2731 1133 2793 1173 ea
2852 1118 3074 1188 quidem
3137 1118 3206 1172 ab
3255 1116 3395 1172 Juda
3435 1133 3504 1172 ex
3548 1118 3657 1174 ulla

2065 1213 2454 1268 commodandi
2498 1214 2782 1268 voluntate
2826 1213 3097 1283 proiecta,
3141 1212 3238 1268 sed
3283 1227 3351 1268 ex
3395 1227 3462 1268 eo
3492 1213 3658 1267 nimi-

2065 1315 2190 1354 rum
2221 1301 2368 1370 quod
2411 1299 2666 1356 Salvator
2701 1310 2888 1357 noster
2912 1316 2975 1356 ac
3007 1300 3270 1357 Dominus
3300 1301 3462 1358 Jesus
3500 1301 3661 1358 Chri~

2069 1401 2188 1448 stus
2221 1392 2364 1448 Deus
2406 1409 2505 1463 pro
2550 1394 2712 1451 nobis
2747 1410 2871 1450 sese
2905 1411 3013 1449 non
3056 1396 3385 1451 necessitate
3415 1397 3663 1469 compul-

2069 1501 2186 1548 sus,
2218 1485 2312 1541 sed
2345 1496 2538 1555 sponte
2565 1479 2667 1542 sua
2708 1487 2958 1551 tradidit,
2989 1494 3043 1541 et
3083 1487 3534 1543 administrandae
3573 1503 3664 1544 sa-

2070 1579 2203 1635 lutis
2245 1587 2448 1635 nostrae
2502 1595 2672 1636 causa
2722 1594 2948 1635 crucem
2994 1580 3184 1635 subiit.
3230 1578 3345 1651 Ego
3381 1595 3511 1636 vero
3551 1596 3664 1636 non

2072 1671 2271 1742 ignoro
2302 1688 2467 1741 quam
2503 1673 2778 1727 intinitum
2804 1673 2877 1727 sit
2909 1672 3226 1728 testimonia
3256 1673 3442 1728 omnia
3477 1688 3664 1744 perse-

2073 1767 2187 1833 qui.
2215 1761 2376 1819 Velut
2407 1765 2553 1836 quod
2579 1767 2647 1821 ab
2667 1766 2773 1821 alio
2805 1766 3345 1836 prophetascriptum
3381 1773 3500 1822 est:
3535 1764 3665 1820 Fiat
3725 1797 3727 1802 -

382 1857 618 1927 πρηνὴς
658 1859 982 1928 γενόμενος
1028 1859 1298 1930 ἐλάκησε
1335 1859 1546 1932 μέσος.
1581 1862 1678 1914 καὶ
1708 1860 1966 1928 ἐξεχύθη

2083 1855 2328 1910 ἰαίνὶιαιὶο
2369 1857 2485 1926 ejus
2516 1857 2756 1920 deserta,
2786 1867 2834 1911 et
2866 1858 3227 1926 episcopatum
3278 1860 3393 1926 ejus
3436 1857 3664 1927 accipiat

380 1949 578 2004 πάντα
601 1949 674 2004 τὰ
706 1951 927 2020 ἔγκατα
958 1953 978 1982 ³
1009 1952 1216 2007 αὐτοῦ.
1267 1954 1378 2007 Καὶ
1418 1953 1480 2006 τὸ
1527 1952 1722 2024 πέρας,
1769 1952 1972 2023 ἀγχόνῃ

379 2042 746 2112 ζνρησάμενος,
781 2041 950 2110 ἔδειξε
983 2043 1042 2096 τὸ
1084 2045 1192 2098 πᾶν
1247 2045 1338 2114 τῆς
1377 2043 1539 2099 αὑτοῦ
1580 2045 1852 2117 σωτηρίας
1885 2045 1967 2098 δι-

379 2131 592 2197 οὶέσας,
615 2134 693 2206 τῷ
712 2136 989 2190 διαπεσεῖν
1011 2137 1109 2208 τῆς
1125 2137 1356 2202 ἐλπίδος.
1380 2139 1522 2192 κατὰ
1536 2137 1632 2210 τὴν
1655 2138 1822 2193 αὑτοῦ
1846 2138 1973 2192 ἄτα-

381 2241 510 2280 κτον
540 2228 634 2280 καὶ
658 2228 907 2301 προπετῆ
943 2228 1086 2282 κατὰ
1122 2227 1218 2283 τοῦ
1251 2231 1525 2284 Δεσπότου
1552 2231 1718 2285 αὑτοῦ
1752 2231 1971 2284 ἐπιϐου-

381 2319 499 2390 λὴν,
523 2321 617 2373 καὶ
645 2319 832 2374 ἕνεκεν
861 2320 1226 2393 φιλαργυρίας
1261 2322 1349 2375 ἐπ’
1381 2322 1755 2394 ἀρνησιθεϊαν·
1782 2323 1857 2387 ὡς
1877 2322 1970 2376 καὶ

379 2414 430 2464 οἱ
464 2412 754 2466 ἀπόστολοι
778 2415 894 2470 ἀντ’
931 2413 1095 2468 αὐτοῦ
1118 2416 1199 2478 είς
1227 2415 1317 2469 τὸν
1345 2415 1525 2470 αὐτῶν
1553 2416 1786 2487 ἀριθμὸν
1814 2419 1970 2470 Ματ-

383 2504 503 2557 θίαν
527 2506 892 2578 κατέστησαν,
916 2507 1185 2577 λέγοντες·
1226 2509 1341 2578 Ἆρ’
1366 2506 1438 2566 οὗ
1465 2510 1690 2578 παρέϐη
1729 2510 1971 2578 Ἰούδας,

382 2596 671 2652 ἀπελθεῖν
697 2601 785 2664 εἰς
811 2599 918 2653 τὸν
944 2601 1132 2654 τόπον
1159 2600 1266 2654 τὸν
1287 2601 1460 2658 ἴδιον.
1492 2603 1650 2658 Ποῖον
1673 2603 1736 2675 δὴ
1761 2604 1973 2665 τοῦτον.

384 2688 499 2741 ἀλλ’
530 2689 562 2760 ἢ
594 2689 653 2742 ὃν
677 2691 998 2763 ἀπεφήνατο
1030 2691 1180 2763 αὐτῷ
1204 2692 1233 2744 ὁ
1259 2693 1468 2766 Σωτὴρ,
1498 2695 1692 2764 λέγων,
1716 2696 1797 2749 ὅτι
1825 2695 1975 2750 ἔστιν

385 2781 495 2846 υἱὸς
522 2783 802 2848 ἀπωλείας
829 2802 844 2851 ;
869 2783 1039 2839 Ἔνθα
1085 2784 1242 2855 ἔσχεν
1266 2786 1387 2839 ἀντὶ
1406 2786 1625 2858 μερίδος
1644 2787 1860 2859 μερίδα,
1882 2787 1976 2841 καὶ

385 2875 506 2928 ἀντὶ
531 2876 838 2945 ἐπισκοπῆς
859 2876 1222 2948 ἀποπολικῆς
1243 2877 1334 2931 τὸν
1358 2879 1522 2933 τόπον
1545 2881 1645 2950 τῆς
1675 2880 1974 2945 ἀπωλείας.

2073 1948 2209 2003 alter
2227 1951 2267 2004 ⁸.
2323 1949 2429 2016 Qui
2466 1965 2752 2018 suspensus
2792 1952 2991 2018 crepuit
3036 1951 3278 2015 medius;
3309 1949 3510 2019 diffusa
3541 1958 3667 2003 sunt

2077 2041 2256 2093 omnia
2306 2041 2505 2094 viscera
2551 2040 2731 2109 ejus’.
2780 2042 2856 2094 Ac
2917 2047 3198 2110 postremo
3246 2039 3442 2110 laqueo
3482 2039 3668 2110 gulam

2076 2128 2357 2203 frangens,
2391 2133 2521 2204 quid
2545 2135 2750 2205 egisset
2779 2132 3043 2198 ostendit,
3071 2148 3197 2187 cum
3225 2133 3374 2186 onmi
3401 2148 3460 2188 se
3491 2131 3669 2186 salute

2077 2225 2391 2295 spoliasset,
2411 2240 2475 2281 eo
2501 2225 2623 2296 ipso
2647 2226 2794 2296 quod
2825 2227 2896 2281 ob
2926 2225 3164 2280 subitam
3197 2225 3344 2279 illam
3377 2239 3441 2278 ac
3465 2231 3670 2278 temere

2079 2326 2395 2390 susceptam
2419 2328 2616 2374 contra
2650 2318 2943 2373 Dominum
2976 2319 3260 2388 perﬁdiam
3289 2317 3358 2373 ab
3391 2317 3670 2373 aeternita-

2079 2409 2151 2465 tis
2183 2426 2281 2481 spe
2320 2412 2375 2466 in
2408 2412 2581 2466 divini
2621 2410 2877 2466 Numinis
2906 2411 3324 2481 ahnegationem
3362 2409 3666 2465 incidisset.

2079 2502 2238 2559 Unde
2275 2516 2330 2562 et
2366 2506 2600 2576 apostoli
2632 2506 2754 2574 ejus
2785 2506 2909 2559 loco
2957 2503 3242 2558 Matthiam
3281 2504 3337 2558 in
3375 2492 3667 2558 nu'merum

2078 2614 2243 2658 suum
2289 2598 2617 2668 allegerunt,
2653 2595 2942 2650 dicentes:
2983 2592 3068 2650 Ea:
3097 2610 3199 2664 quo
3239 2590 3415 2646 ludas
3460 2607 3670 2660 praeva-

2079 2702 2280 2754 ricatus
2313 2704 2412 2763 est,
2458 2705 2516 2749 ut
2559 2694 2728 2749 abiret
2768 2697 2822 2750 in
2863 2696 3036 2748 locum
3073 2693 3300 2748 suum”.
3344 2691 3674 2760 Quemnam,

2088 2793 2361 2857 obsecro;
2415 2787 2525 2843 nisi
2571 2804 2733 2858 quem
2793 2786 3050 2842 Salvator
3094 2787 3273 2843 eidem
3327 2786 3671 2849 ostenderat,

2086 2898 2212 2937 cum
2239 2898 2363 2937 eum
2396 2881 2724 2952 perditionis
2756 2881 2927 2934 lilium
2977 2878 3361 2951 appellavit“?
3398 2877 3497 2933 Hic
3527 2878 3672 2934 enim

387 2968 465 3022 illi
523 2969 848 3039 perditionis
890 2971 1190 3026 attributus
1229 2979 1314 3027 est
1358 2972 1552 3030 locus:
1618 2973 1675 3029 in
1709 2989 1818 3044 quo
1853 2974 2026 3046 partis
2061 2976 2182 3031 loco
2236 2986 2447 3047 partem
2476 2975 2727 3040 alteram,
2770 2973 2876 3030 hoc
2922 2983 3010 3028 est
3050 2973 3197 3027 illam
3232 2986 3332 3043 pro
3373 2971 3677 3042 apostolico

386 3063 706 3133 episcopatu
735 3064 884 3119 exitii
919 3064 1105 3121 sedem
1135 3065 1366 3134 adeptus
1395 3074 1498 3122 est.

460 3157 596 3229 Περὶ
624 3157 816 3212 τούτου
846 3158 902 3212 δὲ
932 3159 1134 3224 ἱκανῶς
1163 3160 1306 3232 ἐχειν
1335 3161 1406 3215 τὰ
1430 3163 1701 3234 εἰρημένα
1728 3165 1978 3234 νομίσαν-

2157 3163 2234 3219 De
2280 3180 2391 3234 quo
2433 3179 2557 3219 cum
2607 3166 2744 3220 satis
2785 3176 3083 3233 superque,
3131 3171 3397 3231 quantum
3452 3160 3673 3231 opinor,

387 3269 499 3316 τες,
532 3251 772 3322 καθεξῆς
816 3253 979 3307 πάλιν
1019 3256 1103 3324 ἐφ’
1133 3255 1328 3326 ἑτέραν
1369 3257 1562 3326 ἴωμεν,
1604 3252 1650 3312 ὦ
1679 3261 1977 3328 ἀγαπητοὶ,

388 3342 458 3394 τὰ
487 3342 676 3396 σκολιὰ
698 3343 862 3398 πάλιν
911 3345 1005 3397 καὶ
1032 3345 1272 3418 θηριώδη
1294 3347 1604 3418 διδάγματα
1627 3348 1648 3380 ³
1678 3351 1773 3403 καὶ
1801 3350 1980 3404 ἰοϐόλα

390 3433 871 3500 ἀποκαλύπτοντες
906 3435 1018 3490 τῶν
1061 3437 1214 3510 παρὰ
1246 3442 1366 3502 ταῖς
1404 3439 1620 3504 λοιπαῖς
1653 3441 1713 3506 ἐξ
1746 3441 1982 3496 ἐπιπλά-

391 3545 520 3582 στου
572 3527 888 3600 διαϐολικῆς
933 3530 1180 3595 ἐπινοίας
1226 3530 1305 3603 τῷ
1355 3531 1545 3604 κόσμῳ
1591 3533 1772 3605 λύμης
1819 3534 1984 3588 ἕνεκα

393 3619 941 3692 ἐμϐεϐροντημένων.
995 3621 1119 3674 Τῶν
1166 3621 1276 3696 γὰρ
1318 3625 1578 3679 τοιούτων
1622 3624 1722 3697 τὴν
1755 3623 1985 3696 γνώμην

393 3712 502 3766 τῶν
533 3711 626 3766 τοῦ
654 3714 894 3785 χείρονος
921 3715 1288 3786 ὀρεγομένων,
1321 3719 1557 3788 ἐῳκυῖαν
1593 3718 1672 3789 τῷ
1708 3719 1855 3788 γένει
1889 3718 1984 3772 τοῦ

396 3805 741 3876 βουπρήστου
774 3806 1048 3878 κανθάρου
1070 3808 1206 3879 (50),
1225 3809 1694 3880 ἀποκαλύψαντες,
1731 3807 1896 3866 οὖσάν
1926 3828 1985 3865 τε

394 3898 665 3970 ἐπιϐλαϐἦ
690 3900 750 3954 ἐν
771 3902 837 3972 τῇ
863 3899 957 3954 τοῦ
984 3901 1119 3954 Θεοῦ
1145 3902 1373 3972 δυνάμει
1403 3904 1864 3969 καταθλάσαντες,
1887 3904 1986 3975 τὴν

395 3992 504 4045 τῶν
528 3992 705 4048 ἄλλων
731 3993 962 4066 ἔρευναν
988 3995 1080 4048 τὸν
1111 3994 1238 4049 νοῦν
1276 3997 1686 4068 ἐπιϐαλόμενοι,
1727 3997 1818 4049 τὸν
1855 3996 1987 4051 Θεὸν

396 4085 612 4156 ἀρωγὸν
641 4086 1119 4160 ἐπικαλεσώμεθα,
1152 4082 1198 4145 ὦ
1221 4089 1460 4157 Χριστοῦ
1494 4088 1700 4153 παῖδες.

887 4381 1081 4435 ΚΑΤΑ
1115 4380 1469 4436 ΣΗΘΙΑΝΩΝ
1482 4424 1498 4449 ,

520 4495 1074 4564 Ἐννεακαιδεκάτη,
1097 4497 1133 4565 ἠ
1155 4495 1256 4550 καί
1283 4498 1608 4565 τριακοστὴ
1637 4495 1880 4564 ervam.

471 4615 552 4668 A'.
589 4612 846 4684 Σηθιανοὶ
876 4613 1038 4669 πάλιν
1073 4613 1287 4686 αἵρεσις
1320 4615 1482 4686 ἑτέρα
1520 4612 1690 4680 ἐστὶν,
1719 4612 1862 4668 οὕτω
1886 4631 1988 4667 κα-

401 4703 660 4776 λουμένη.
697 4705 771 4757 Οὐ
805 4703 1084 4775 πανταχοῦ
1118 4704 1175 4757 δέ
1218 4702 1361 4775 αὕτη
1395 4703 1732 4774 εὑρίσκεται,
1783 4701 1906 4756 οὔτε
1955 4705 1990 4775 ἡ

404 4798 512 4871 πρὸ
541 4797 746 4870 ταύτης
781 4799 814 4869 ἡ
851 4797 963 4851 τῶν
997 4798 1256 4852 Καῖανῶν
1285 4797 1577 4869 λεγομένη.
1614 4797 1768 4868 Τάχα
1799 4796 1856 4848 δέ
1888 4796 1987 4868 ἤδη

405 4893 497 4945 καὶ
525 4893 581 4945 αἱ
608 4891 827 4956 πλείους
858 4892 1064 4945 τούτων
1094 4891 1531 4964 ἐξερῤιζώθησαν
1551 4893 1616 4944 ἐκ
1639 4891 1733 4944 τοῦ
1762 4889 1989 4960 κόσμου.

405 4984 481 5040 Τὸ
518 4984 627 5057 γὰρ
665 4986 764 5039 οὐκ
803 4987 866 5038 ἐκ
891 4985 1028 5039 Θεοῦ
1061 4985 1119 5038 ὃν
1151 4986 1213 5038 οὐ
1250 4986 1604 5056 σταθήσεται,
1651 4984 1789 5038 ἀλλὰ
1817 4982 1994 5056 καιρῷ

408 5081 507 5149 μὲν
547 5079 810 5149 ἀκμάζει,
839 5080 920 5142 είς
952 5077 1014 5130 τὸ
1046 5077 1312 5141 παντελὲς
1344 5079 1401 5132 δέ
1431 5077 1669 5148 διαρκῶς
1695 5078 1794 5130 οὐκ
1819 5078 2000 5146 ἐμπα-

409 5173 656 5245 ραμένει.
691 5173 846 5244 Τάχα
883 5172 940 5226 δέ
977 5169 1133 5243 οἶμαι
1167 5173 1224 5227 ἐν
1256 5175 1322 5244 τῇ
1357 5172 1467 5225 τῶν
1501 5171 1817 5242 Αἰγυπτίων
1846 5168 2001 5241 χώρᾳ

409 5265 870 5336 συντετυχηκέναι
898 5264 994 5318 καὶ
1026 5263 1201 5336 ταύτῃ
1235 5267 1300 5335 τῇ
1336 5263 1566 5336 αἱρέσει.
1597 5262 1671 5316 Οὐ
1700 5261 1810 5332 γὰρ
1835 5262 1997 5333 ἀκρι-

406 5359 518 5424 δὼς
548 5358 648 5431 τὴν
697 5358 880 5429 χώραν
916 5357 1228 5430 μέμνημαι,
1283 5357 1342 5412 ἐν
1385 5351 1637 5430 ¹ἧαὺτοῖς
1681 5353 1998 5424 συνέτυχον.

479 5501 496 5533 ί
528 5516 621 5569 γρ.
643 5498 750 5552 ἀπὸ
780 5498 911 5553 τῶν.
988 5499 1010 5531 ¹
1040 5516 1133 5568 γρ.
1164 5495 1464 5569 σπλᾴγχνα.
1543 5493 1564 5527 ³
1595 5492 1714 5569 Yet.
1734 5493 2009 5565 δήγματα.

413 5569 432 5604 ¹
459 5564 583 5626 Δεῖ.
614 5586 652 5635 t,
681 5569 766 5625 18,
844 5569 868 5601 ⁸
897 5564 1148 5624 ibid.
1224 5569 1245 5598 '
1267 5564 1427 5622 Joan.
1461 5564 1701 5624 “11.19..

485 5688 600 5758 (50)
647 5686 758 5740 Τοῦ
777 5684 1182 5755 ,Βουπτρήστου
1212 5681 1538 5758 κανθᾴροου.
1572 5680 1827 5758 Ajllianus
1852 5680 1891 5758 1.
1919 5695 1996 5746 vt,

413 5777 465 5814 (ι.
495 5751 592 5824 55,
623 5758 836 5812 Plinius
893 5751 1138 5818 lfxtxx,
1173 5772 1224 5811 c.
1262 5756 1294 5810 4
1326 5772 1340 5807 :
1374 5751 1654 5824 Buprestis
1688 5751 1890 5806 animal
1911 5761 2000 5824 est

417 5823 598 5885 rarum
639 5832 691 5884 iu
742 5827 905 5884 Italia
931 5869 945 5892 ,
980 5827 1313 5883 simillimum
1366 5823 1638 5880 διηγοῦ(εο
1677 5823 1942 5885 louqinedi
1980 5841 1997 5876 :

2083 3257 2417 3313 hactenus'a
2452 3255 2615 3311 nobis
2638 3255 2978 3325 disputatum
3011 3254 3102 3316 sit,
3132 3252 3198 3305 ad
3234 3252 3395 3306 aliam
3420 3252 3675 3308 hazrcsim

2082 3356 2434 3405 transeamus
2477 3364 2491 3401 :
2551 3363 2614 3402 ac
2665 3355 2963 3411 tortuosa,
3023 3353 3403 3415 venenataque
3455 3345 3678 3399 illorum

2083 3442 2341 3514 dogmata
2383 3440 2729 3510 detegamus,
2777 3440 2873 3509 qui
2917 3438 3133 3493 caeteris
3166 3438 3221 3492 in
3268 3438 3436 3493 sectis
3479 3437 3682 3492 callido

2083 3533 2350 3589 daemonis
2393 3533 2660 3588 instinctu
2712 3531 2793 3587 sic
2832 3540 3099 3602 tanquam
3163 3529 3396 3585 fulmine
3440 3531 3680 3601 quodam

2084 3626 2306 3697 perciti,
2349 3634 2404 3680 et
2456 3639 2807 3680 communem
2841 3625 2906 3679 ad
2947 3624 3100 3680 orbis
3142 3630 3349 3694 pestem
3394 3637 3458 3678 ac
3495 3624 3682 3694 perni-

2086 3720 2229 3774 ciem
2285 3717 2454 3772 aﬂlati
2516 3725 2667 3772 sunt.
2732 3714 3100 3786 Posteaquam
3159 3717 3306 3772 enim
3367 3715 3678 3772 istiusmodi

2088 3813 2396 3876 hominum,
2421 3811 2517 3882 qui
2549 3809 2920 3866 deterioribus
2950 3809 3267 3880 quibusque
3313 3808 3682 3875 delectantur,

2087 3907 2442 3978 opinionem,
2482 3905 2870 3975 buprestarum
2926 3903 3114 3974 generi
3159 3899 3397 3956 similem
3450 3900 3682 3971 (scara-

2087 4001 2316 4056 beornm
2353 4014 2418 4054 ea
2470 3998 2684 4068 species
2732 3997 2856 4068 est)
2908 3993 3306 4066 patefecimus,
3353 3991 3684 4064 penitusque

2090 4091 2431 4147 mei-tiferam
2479 4089 2666 4145 divina
2715 4104 2818 4159 ope
2862 4087 3329 4151 comminuimus,
3387 4086 3455 4141 ad
3503 4087 3686 4156 inqui-

2090 4185 2291 4239 rendas
2336 4190 2564 4238 caeteras
2607 4182 2880 4244 eamdem,
2919 4197 2952 4235 ο
2997 4180 3204 4235 Christi
3252 4179 3384 4249 lilii,
3428 4178 3685 4235 Numinis

2091 4291 2249 4346 opem
2281 4291 2345 4330 ac
2369 4265 2684 4346 praesidium
2719 4273 3104 4343 imploremus.

2414 4387 2580 4459 234
2626 4385 2911 4443 CONTRA
2951 4383 3366 4453 SETIIIANOS,

2311 4504 2444 4572 Quae
2486 4514 2564 4560 est
2607 4503 2822 4558 hwresis
2862 4498 3005 4556 XIX
3047 4502 3157 4556 sive
3199 4497 3471 4555 XXXIX.

2163 4615 2211 4673 Ι.
2241 4617 2363 4673 Alia
2393 4627 2478 4675 est
2506 4617 2901 4674 Sethianorum
2922 4615 3172 4682 haeresis,
3196 4631 3318 4688 quae
3343 4630 3452 4669 non
3485 4613 3690 4684 ubique

2096 4711 2392 4782 reperitur,
2424 4710 2504 4766 uti
2530 4725 2633 4766 nec
2649 4699 3008 4770 C'aianorum,
3034 4719 3228 4762 contra
3250 4721 3414 4778 quam
3441 4705 3692 4778 proxime

2099 4803 2526 4873 disputavimus.
2555 4803 2635 4857 Ac
2660 4803 2851 4859 nescio
2881 4817 2950 4856 an
2972 4816 3079 4856 non
3105 4801 3378 4871 pleraeque
3411 4807 3690 4854 sectarum

2100 4894 2414 4952 istiusmodi
2478 4896 2743 4951 radicitus
2810 4895 3125 4965 exstirpata:
3194 4895 3324 4950 sint.
3406 4889 3690 4962 Quidquid

2102 4987 2248 5042 enim
2287 5002 2317 5040 a
2354 4985 2464 5042 Deo
2504 5003 2614 5042 non
2643 4994 2771 5052 est,
2825 4986 3134 5042 consistere
3181 4999 3291 5039 non
3332 4990 3548 5053 potest,
3594 4980 3692 5036 sed

2105 5078 2209 5134 etsi
2233 5078 2519 5148 aliquanto
2544 5086 2794 5148 tempore
2821 5078 3023 5149 vigeat,
3059 5089 3302 5147 perenne
3331 5072 3695 5128 nihilominus

2106 5185 2230 5226 esse
2262 5170 2471 5240 nequit.
2497 5169 2657 5236 Quod
2685 5169 2792 5226 nisi
2826 5185 2912 5224 me
2943 5168 3084 5222 fallit
3110 5165 3399 5229 memoria,
3432 5172 3568 5235 puto
3607 5177 3696 5218 me

2106 5280 2232 5319 cum
2274 5265 2331 5318 in
2373 5262 2612 5334 Egypto
2645 5278 2822 5318 essent
2873 5262 2927 5316 in
2971 5275 3092 5316 eam
3137 5259 3374 5314 hmresin
3405 5255 3694 5320 incidisse,

2108 5372 2289 5427 neque
2337 5357 2481 5411 enim
2523 5356 2745 5426 penitus
2781 5354 2887 5409 loci
2935 5352 3223 5417 recordor,
3265 5351 3358 5406 ubi
3398 5365 3523 5407 cum
3572 5349 3696 5406 istis

2088 5490 2111 5520 ⁸
2142 5491 2333 5547 Matth.
2365 5509 2538 5557 xxvu,
2572 5493 2691 5548 5-9.
2769 5492 2790 5524 ⁸
2811 5491 2977 5545 Zach.
3000 5487 3177 5550 “.12.
3255 5487 3435 5542 ‘Psal.
3462 5502 3614 5553 cvm,
3639 5486 3694 5542 8.

2107 5677 2254 5746 fallit
2299 5678 2436 5731 inter
2476 5675 2667 5732 herbas
2715 5677 2893 5732 bat-em
2934 5677 3206 5739 maxime;
3241 5674 3376 5746 unde
3421 5685 3470 5728 et
3511 5687 3699 5725 nomen

2107 5745 2343 5811 invenit,-
2375 5748 2782 5818 devoratumqne
2813 5759 2957 5803 tacto
2987 5747 3109 5818 felle
3145 5748 3222 5801 ita
3261 5745 3564 5818 inﬂammat
3585 5781 3600 5808 ,
3641 5749 3698 5797 ut

2040 5827 2042 5829 ’
2108 5829 2340 5879 rumpa'.
