4156 6358
494 354 597 416 τιῦῖ

1851 370 1864 387 ⁸
1894 366 1952 421 ς.
1992 364 2332 423 EPIPHANII

3658 350 3761 406 668

501 496 834 551 enligrossus
864 498 1010 538 sum.
1039 484 1410 551 Quamobrem
1438 503 1559 559 qua:
1586 486 1653 542 ad
1682 502 1777 542 ets
1807 491 2082 558 pertinent

2199 488 2296 539 Kal.
2322 486 2390 539 te
2411 484 2509 556 μὲν
2534 483 2673 538 κατὰ
2700 482 2942 546 ἱστορίαν
2972 484 3131 549 φύσει
3158 475 3392 546 αὐτοψία
3417 472 3541 539 περὶ
3564 470 3762 541 ταύτης

507 583 699 646 parum
725 576 901 631 oculis
931 577 1066 647 ipsis
1102 580 1732 651 usurpavimus,partim
1767 595 1834 634 ex
1860 580 2078 634 illorum

505 668 853 723 monimentis
876 672 1243 741 percepimus.

575 762 746 832 Igitur
772 761 1017 818 Sethiani
1060 780 1091 818 a
1128 765 1295 820 Sethu
1320 765 1512 820 Adami
1546 765 1657 819 ﬁlio
1685 780 1857 834 genus
1882 780 1941 819 se
1968 772 2082 817 tra-

514 856 655 913 xisse
688 858 1013 927 gloriantur.
1047 856 1218 923 Quem
1260 860 1481 929 quidem
1516 874 1848 930 magnopere
1883 858 2082 928 prazdi-

505 957 666 1012 Lant;
702 949 864 1017 eique
891 964 1013 1018 qua:
1044 951 1111 1003 ad
1137 950 1395 1004 virtutem
1421 965 1485 1003 ac
1506 951 1776 1019 justitiam
1811 952 2085 1020 pertinent

465 1030 711 1103 "Pmnia,
751 1052 1051 1107 earumque
1096 1040 1272 1109 signa,
1317 1055 1379 1092 ac
1427 1048 1624 1095 caitera
1660 1042 1878 1111 generis
1921 1041 2085 1111 hujus

515 1123 832 1179 'ttribuunt.
888 1123 1266 1196 Eumdemque
1316 1127 1597 1183 Christum
1656 1130 1974 1195 nominant,
2032 1140 2085 1185 et

509 1218 805 1281 tpsummet
841 1211 1028 1268 Jesum
1062 1212 1236 1270 fuisse
1271 1215 1616 1272 conﬁrmant.
1640 1217 1818 1287 Atque
1850 1218 1997 1271 hunc
2034 1219 2085 1271 in

513 1304 731 1358 modum
776 1320 937 1360 suum
996 1306 1131 1361 illud
1179 1308 1377 1379 dogma
1418 1309 1721 1364 declarant.
1755 1311 1838 1363 Ab
1880 1309 2087 1379 angelis

514 1398 675 1462 enim,
728 1412 838 1451 non
873 1413 904 1451 a
954 1400 1241 1469 superiore
1278 1401 1352 1468 vi,
1410 1401 1681 1471 producta
1728 1417 1853 1458 esse
1896 1402 2087 1455 dicunt

514 1502 711 1543 Dlllﬂla.

578 1581 645 1638 ΙΙ.
687 1580 821 1636 Nam
854 1597 979 1637 cum
1007 1583 1292 1654 superiore
1318 1582 1649 1638 Caianorum
1673 1584 1867 1639 haeresi
1888 1584 1992 1638 hac
2020 1599 2087 1639 ex

517 1676 663 1745 parte
697 1677 1076 1742 consentiunt,
1117 1676 1265 1747 quod
1310 1686 1600 1740 asserunt,
1638 1676 1779 1732 duos
1815 1678 1884 1732 ab
1931 1678 2089 1733 initio

411 1805 416 1811 ς
516 1768 762 1823 nomines
812 1768 1130 1831 exstitisse,
1180 1783 1211 1821 a
1264 1767 1466 1837 quibus
1514 1767 1722 1823 Cainus
1776 1776 1832 1822 et
1882 1769 2086 1823 Abelus

515 1860 686 1914 exorti
732 1869 879 1915 sunt.
926 1858 1001 1914 De
1031 1860 1233 1929 quibus
1281 1860 1423 1914 inter
1451 1876 1509 1915 se
1549 1860 1881 1915 dissidentes
1910 1861 2089 1931 angeli
2122 1853 2163 1906 Β

513 1960 702 2007 contra
735 1966 794 2007 se
839 1961 1029 2005 mutuo
1063 1959 1330 2005 venerunt
1364 1970 1375 2005 :
1417 1951 1580 2021 idque
1622 1950 1994 2021 perfecerunt,
2031 1957 2091 2004 ut

513 2044 741 2099 Abelum
787 2043 1011 2099 fratrem
1054 2044 1259 2098 Cainus
1309 2044 1606 2098 occideret.
1668 2043 1952 2113 Siquidem
2024 2042 2092 2099 de

512 2137 797 2191 amborum
831 2136 1050 2189 illorum
1084 2135 1367 2189 hominum
1405 2134 1873 2203 generationibus,
1907 2149 1936 2187 a
1970 2134 2093 2205 qui-

512 2229 614 2284 bus
641 2230 848 2284 Cainus
878 2240 931 2283 et
981 2229 1184 2283 Abelus
1226 2227 1479 2298 producti
1531 2235 1681 2292 sunt,
1723 2228 2092 2296 pugnantibus

510 2321 743 2391 angelis,
786 2321 930 2377 acris
975 2329 1059 2376 cst
1102 2328 1291 2375 coorta
1340 2320 1642 2375 contentio.
1699 2318 1804 2374 Sed
1835 2320 1979 2373 enim
2014 2321 2093 2373 vi-

509 2411 685 2464 ctoria
715 2425 883 2479 penes
915 2410 1024 2463 vim
1055 2410 1205 2464 illam
1257 2410 1600 2479 superiorem
1634 2409 1735 2463 fuit
1777 2424 1939 2478 quam
1977 2424 2093 2463 ma-

511 2512 648 2555 trem
696 2517 840 2565 esse,
897 2501 1267 2571 feminamque
1316 2501 1604 2557 deﬁniunt.
1648 2502 1861 2571 Quippe
1892 2511 2093 2557 matres

510 2593 697 2647 abhis
737 2594 791 2647 in
820 2595 983 2661 coelo,
1015 2601 1069 2648 et
1108 2594 1348 2659 femine,
1384 2609 1677 2664 maresque
1712 2595 2091 2660 collocantur;

510 2699 577 2739 ac
611 2686 1007 2755 propemodum
1035 2687 1200 2741 etiam
1224 2686 1438 2754 generis
1471 2687 1930 2751 necessitudines,
1961 2687 2092 2741 stir-

514 2776 777 2845 piumque
805 2778 1007 2847 capita.
1048 2776 1414 2849 Posteaquam
1441 2778 1628 2847 igitur,
1655 2788 1715 2831 ut
1751 2779 1927 2842 aiunt,
1962 2778 2096 2832 vicit

513 2869 603 2922 illa
652 2877 827 2923 mater
860 2885 925 2924 ac
959 2870 1185 2937 femina,
1214 2880 1269 2926 et
1313 2871 1548 2924 Abelum
1582 2870 1927 2925 interfectum
1972 2886 2096 2926 esse

511 2963 789 3032 cognovit,
824 2977 1011 3016 secum
1060 2963 1246 3019 animo
1294 2962 1568 3033 COgitans,
1601 2960 1753 3015 Sethi
1787 2963 2091 3033 generatio-

514 3070 635 3107 nem
669 3056 1009 3123 procuravit,
1042 3055 1201 3126 eique
1236 3055 1344 3109 vim
1388 3071 1544 3111 suam
1592 3055 1813 3110 indidit.
1857 3056 2096 3111 Proinde

512 3145 675 3217 285
707 3147 789 3202 vis
836 3148 981 3201 illius
1023 3148 1328 3218 superioris
1367 3150 1575 3203 semina
1608 3148 1858 3217 quaedam
1905 3162 2096 3218 asper-

2182 578 2449 649 έγνωμεν,
2478 577 2545 631 τὰ
2578 577 2634 631 δὲ
2669 578 2734 630 ἐκ
2764 583 3213 647 συγγραμμάτων

2257 753 2417 813 Οὗτοι
2452 759 2562 830 γάρ
2609 760 2657 812 οἱ
2689 757 2946 828 Σηθιανοὶ
2981 756 3088 809 ἀπὸ
3135 753 3243 826 Σὴθ
3298 751 3391 806 τοῦ
3436 749 3553 804 υἱοῦ
3596 749 3765 819 Ἀδάμ

2188 852 2539 923 σεμνύνονται
2578 851 2639 904 τὸ
2675 850 2831 920 γένος
2868 850 3145 917 κατάγειν.
3179 846 3351 899 Αὐτὸν
3376 844 3431 898 δὲ
3460 842 3763 909 δοξάζουσι,

2186 945 2282 997 καὶ
2323 945 2403 1008 είς
2447 944 2611 997 αὐτὸν
2655 943 2833 995 πάντα
2874 943 3086 1012 ὅσαπερ
3107 939 3309 1010 ἀρετῆς
3355 932 3529 989 εἶναι¹
3565 935 3764 1003 ἀναφέ-

2195 1054 2369 1108 ρουσι,
2402 1036 2470 1090 τά
2504 1053 2563 1088 τε
2600 1034 2701 1104 τῆς
2738 1033 2939 1105 ἀρετῆς
2975 1032 3252 1101 τεκμήρια
3280 1030 3372 1081 καὶ
3397 1026 3764 1094 δικαιοσύνης,

2186 1130 2280 1182 καὶ
2307 1130 2407 1182 ὃσα
2435 1126 2659 1181 τοιαῦτα
2701 1127 2953 1196 ὑπάρχει.
2996 1124 3071 1177 Οὐ
3115 1122 3219 1193 μὴν
3250 1121 3307 1174 δὲ
3344 1120 3480 1175 ἀλλά
3511 1120 3603 1174 καὶ
3631 1120 3767 1190 Χρι-

2191 1222 2311 1275 στὸν
2347 1220 2508 1273 αὐτὸν
2547 1218 2895 1290 ὀνομάζουσι,
2932 1218 3025 1270 καὶ
3054 1216 3215 1269 αὐτὸν
3256 1209 3393 1267 εἶναι
3426 1213 3517 1266 τὸν
3561 1212 3769 1283 Ἰησοῦν

2185 1313 2642 1367 διαϐεϐαιοῦνται.
2675 1311 2993 1365 Διδάσκουσι
3016 1309 3073 1362 δὲ
3101 1308 3281 1362 αὐτῶν
3304 1307 3401 1378 τὴν
3422 1305 3769 1359 διδασκαλίαν

2187 1406 2349 1460 οὕτωσ
2392 1406 2537 1470 Ὅτι,
2584 1406 2736 1476 φησι,
2781 1403 2841 1468 ἐξ
2879 1402 3125 1472 ἀγγέλων
3155 1400 3446 1471 γεγένηται
3476 1398 3544 1452 τά
3568 1397 3767 1462 πάντα,

2189 1499 2282 1551 καὶ
2308 1497 2407 1550 οὐκ
2439 1497 2503 1548 ἐκ
2533 1496 2632 1567 τῆς
2662 1494 2776 1549 ἄνω
2807 1493 3108 1562 δυνάμεως.

2260 1590 2335 1642 B'.
2371 1582 2530 1641 Οὗτοι
2559 1587 2667 1658 γὰρ
2702 1584 2913 1655 συνῳδὰ
2958 1583 3176 1653 λέγουσι
3223 1583 3288 1652 τῇ
3332 1579 3522 1653 πρώτῃ
3562 1579 3770 1649 αἱρέσει

2189 1681 2296 1735 τῶν
2338 1680 2593 1735 Καῖανῶν
2645 1677 2786 1731 κατά
2813 1676 2973 1729 τοῦτο
3015 1674 3076 1728 τὸ
3124 1674 3311 1745 μέρος
3343 1672 3671 1742 γεγενῆσθαι
3714 1673 3771 1739 ἐξ

2193 1774 2447 1845 ὑπαρχῆς
2470 1772 2633 1835 εὐθὺς
2669 1770 2763 1824 δύο
2792 1767 3134 1840 ἀνθρώπους,
3168 1766 3263 1819 καὶ
3293 1768 3357 1819 ἐκ
3379 1765 3485 1819 τῶν
3513 1764 3606 1817 δύο
3634 1759 3771 1817 εῖναι

2191 1867 2282 1920 τὸν
2310 1868 2448 1921 Κάῖν
2481 1867 2576 1920 καὶ
2604 1864 2695 1917 τὸν
2733 1862 2918 1916 Ἀϐελ.
2956 1860 3092 1931 Περὶ
3123 1858 3327 1912 τούτων
3361 1876 3419 1911 τε
3452 1858 3775 1912 στασιάσαν-

2190 1975 2290 2021 τας
2316 1956 2443 2019 τοὺς
2472 1954 2756 2023 ἀγγέλους,
2778 1955 2856 2015 είς
2890 1950 3151 2021 ἀλλήλους
3192 1949 3368 2020 ἥκειν·
3396 1947 3539 2002 οὕτω
3578 1962 3635 2000 τε
3676 1965 3774 1999 πε-

2192 2048 2478 2118 ποιηκέναι
2526 2043 2933 2115 ἀποκτανθῆναι
2971 2044 3063 2096 τὸν
3109 2041 3278 2095 Ἀὄτλ
3323 2040 3429 2095 ὑπὸ
3475 2038 3570 2093 τοῦ
3611 2040 3772 2094 Κάῖν.

2192 2137 2298 2195 Ἦν
2329 2141 2436 2211 γὰρ
2463 2141 2495 2210 ἡ
2532 2138 2719 2201 στάσις
2751 2141 2862 2201 τοῖς
2888 2136 3158 2205 ἀγγέλοις,
3196 2132 3616 2203 ἀγωνιζομένοις
3648 2133 3778 2202 περὶ

2192 2233 2301 2287 τῶν
2333 2232 2535 2302 γενεῶν
2568 2231 2676 2284 τῶν
2712 2229 3016 2302 ἀνθρώπων
3044 2227 3248 2282 τούτων
3276 2227 3386 2280 τῶν
3414 2226 3526 2291 δύο,
3561 2224 3654 2279 τοῦ
3679 2241 3777 2292 γε-

2194 2325 2519 2397 γεννηκότος
2542 2325 2633 2377 τὸν
2654 2325 2796 2378 Κάῖν
2820 2324 2913 2376 καὶ
2939 2322 3032 2376 τοῦ
3061 2320 3453 2391 γεγεννηκότος
3474 2320 3563 2372 τὸν
3589 2318 3775 2371 Ἅϐελ.

2194 2416 2614 2488 Κεκρατηκέναι
2648 2416 2705 2468 δὲ
2734 2415 2831 2486 τὴν
2873 2415 2983 2468 ἀνω
3016 2413 3265 2483 δύναμιν,
3311 2414 3377 2483 ἣν
3416 2411 3645 2483 Μητέρα
3670 2410 3777 2478 φά-

2196 2524 2409 2571 σκουσι,
2438 2508 2530 2560 καὶ
2560 2506 2797 2577 θήλειαν.
2841 2507 2999 2558 Δοκεῖ
3035 2503 3144 2573 γὰρ
3178 2504 3360 2566 αὐτοῖς
3388 2498 3530 2556 εἶναι
3556 2502 3648 2555 καὶ
3676 2519 3780 2572 μη-

2194 2601 2359 2672 τέρας
2389 2600 2520 2662 ἀνω,
2552 2599 2644 2652 καὶ
2676 2598 2914 2669 θηλείας,
2956 2598 3049 2651 καὶ
3082 2598 3336 2668 ἄρσενας·
3369 2594 3550 2664 ὀλίγου
3575 2594 3629 2647 δὲ
3669 2594 3779 2646 δεῖν

2197 2692 2290 2745 καὶ
2337 2692 2657 2761 συγγενείας
2696 2692 2790 2743 καὶ
2835 2690 3201 2763 πατριαρχίας
3246 2690 3443 2758 λέγειν.
3497 2686 3650 2740 Ἐπεὶ
3686 2683 3783 2739 οὖν

2197 2787 2531 2857 κεκράτηκε,
2571 2785 2754 2854 φασιν,
2789 2787 2822 2856 ή
2860 2784 3056 2856 Μήτηρ
3090 2785 3185 2837 καὶ
3225 2783 3413 2854 θήλεια
3446 2780 3779 2850 καλουμένη,

2198 2878 2423 2947 γνοῦσα,
2450 2879 2531 2944 ὅτι
2558 2877 2891 2930 ἀπέκτανται
2921 2875 3106 2942 Ἀϐελ,
3140 2873 3526 2945 ἐνθυμηθεῖσα,
3556 2872 3781 2941 ἐποίησε

2197 2968 2523 3039 γεννηθῆναι
2552 2968 2642 3020 τὸν
2682 2966 2815 3038 Σὴθ,
2854 2966 2948 3019 καὶ
2978 2967 3034 3019 ὲν
3068 2966 3241 3035 τούτῳ
3280 2964 3442 3035 ἔθηκε
3481 2963 3583 3033 τὴν
3612 2963 3784 3031 αὐτῆς

2205 3058 2453 3129 δύναμιν.
2489 3058 2620 3126 ,Kal.
2666 3056 3047 3111 καταλαϐοῦσα
3077 3059 3097 3088 ⁸
3139 3058 3197 3109 ἐν
3226 3055 3365 3125 αὐτῇ
3414 3053 3634 3125 σπέρμα
3682 3051 3784 3121 τῆς

2200 3148 2407 3202 ἀνωθεν
2453 3147 2758 3218 δυνάμεως,
2819 3148 2913 3201 καὶ
2962 3147 3051 3199 τὸν
3108 3146 3381 3216 σπινθῆρα
3429 3144 3518 3197 τὸν
3575 3143 3785 3199 ἀνωθεν

512 3228 606 3304 sit,
645 3254 708 3293 ac
755 3239 1051 3294 scintillam
1095 3239 1345 3307 immisit,
1376 3254 1499 3309 quae
1546 3239 1614 3293 ad
1679 3241 1913 3309 primam
1950 3240 2096 3293 illam

2202 3240 2522 3312 πεμφθέντα
2543 3242 2623 3304 εἰς
2651 3241 2875 3312 πρώτην
2902 3238 3207 3311 καταϐολὴν
3238 3238 3331 3291 τοῦ
3355 3238 3667 3309 σπέρματος
3690 3236 3786 3289 καὶ

512 3332 741 3387 seminis
796 3332 1246 3403 propagationem
1314 3332 1874 3401 constitutionemque
1946 3333 2099 3402 lapsa

513 3422 582 3477 de
617 3423 759 3476 caelo
791 3424 988 3477 fuerat.
1023 3421 1196 3489 Quam
1229 3424 1451 3494 quidem
1484 3424 1714 3494 justitiae
1746 3425 2099 3483 constitutio-

514 3532 637 3571 nem
718 3530 780 3569 ae
828 3517 1054 3571 seminis
1110 3516 1435 3571 electionem
1486 3516 1659 3573 fuisse
1704 3517 1946 3587 jactant,
1991 3533 2100 3587 quo

516 3607 809 3676 utriusque
853 3606 1122 3662 beneﬁcio
1152 3609 1476 3678 angelorum
1522 3609 1669 3664 vires
1703 3617 2100 3673 everterentur,

514 3695 609 3765 qui
658 3703 712 3750 et
762 3695 1024 3749 mundum
1075 3695 1502 3759 fabricaverant,
1554 3703 1609 3750 et
1665 3696 1804 3751 duos
1849 3696 2101 3751 homines

518 3786 674 3841 initio
720 3787 1114 3856 produxerant.
1166 3786 1316 3853 Quas
1361 3788 1432 3842 ob
1478 3802 1678 3843 causas
1721 3788 1876 3843 Sethi
1928 3803 2100 3858 genus

516 3879 814 3949 separatim
868 3880 937 3933 ab
998 3879 1091 3933 illa
1142 3878 1357 3949 origine
1406 3878 1706 3934 deductum
1758 3887 1863 3943 est,
1911 3887 2101 3949 utpote

514 3970 749 4024 electum
786 3978 840 4024 et
893 3969 963 4023 ab
1008 3968 1223 4039 reliqua
1263 3968 1438 4039 stirpe
1483 3969 1815 4038 sejunctum.
1865 3968 2099 4041 Progre-

517 4060 795 4114 dientibus
836 4058 1093 4128 deinceps
1138 4059 1506 4128 temporibus,
1539 4068 1593 4114 et
1633 4067 1865 4129 utraque
1914 4062 2101 4116 sobole

518 4155 574 4207 in
613 4168 783 4207 unum
822 4150 1079 4216 conﬁata,
1125 4151 1231 4205 hoc
1271 4159 1355 4205 est
1396 4150 1572 4205 Caino
1609 4160 1663 4206 et
1691 4152 1860 4207 Abelo
1901 4167 2102 4209 conve-

521 4245 802 4300 nientibus
852 4245 1199 4313 invicemque
1252 4244 1571 4314 permistis,
1621 4244 1868 4298 omnium
1927 4252 2102 4300 mater

520 4354 585 4391 ea
617 4352 676 4391 re
709 4336 1092 4391 animadversa
1138 4336 1352 4406 generis
1386 4335 1611 4389 humani
1645 4336 1855 4389 semina
1889 4336 2099 4405 integra

518 4446 583 4484 ac
615 4430 833 4484 sincera
882 4436 1282 4499 repraisentare
1319 4430 1628 4493 constituit,
1665 4444 1812 4494 cum,
1844 4429 1922 4481 uti
1956 4429 2098 4482 dixi-

520 4536 663 4583 mus,
698 4518 832 4573 Abel
859 4528 1007 4573 esset
1044 4521 1284 4575 occisus.
1330 4518 1385 4572 ln
1430 4518 1658 4573 Scthum
1707 4519 1839 4572 illud
1875 4519 2097 4587 delegit,

516 4619 571 4663 et
595 4610 662 4663 ab
687 4608 835 4662 omni
870 4609 989 4664 labe
1028 4626 1226 4679 purum
1257 4611 1516 4665 ostendit.
1547 4609 1606 4663 In
1639 4627 1878 4681 eumque
1920 4613 2097 4665 solum

518 4700 762 4755 cmlestis
809 4700 959 4755 illius
1005 4702 1089 4756 vis
1124 4717 1238 4758 suae
1293 4718 1356 4756 ac
1404 4702 1740 4758 sinceritatis
1770 4718 1942 4774 genus
1998 4704 2099 4757 im-

520 4794 689 4849 misit.

588 4884 678 4939 lll.
718 4884 957 4940 Rursum
996 4898 1128 4938 vero
1162 4898 1286 4938 cum
1330 4886 1697 4954 promiscuam
1735 4888 2105 4958 perturbatio-

519 4992 663 5041 nem,
698 4986 751 5031 et
777 4979 1097 5048 angelorum
1144 4978 1539 5048 hominumque
1570 4982 1898 5037 temerarios
1932 4982 2105 5052 impe-

520 5081 607 5124 tus
640 5077 913 5133 cerneret,
949 5070 1096 5140 quod
1121 5070 1411 5124 commista
1441 5072 1604 5126 simul
1639 5088 1838 5143 genera
1875 5075 1963 5127 illa
1992 5074 2101 5128 duo

522 5164 918 5233 fuissent,oqua
966 5179 1032 5217 ex
1066 5163 1392 5219 confusione
1437 5180 1576 5219 nova
1621 5166 1869 5235 quaedam
1918 5178 2097 5222 essent

521 5271 720 5328 genera
737 5255 1058 5321 constituta,
1093 5255 1283 5310 eadem
1316 5256 1408 5309 illa
1440 5272 1639 5325 parens
1661 5258 1859 5313 femina
1878 5274 2101 5330 progre-

526 5351 679 5405 diens
710 5363 974 5418 aquarum
1007 5348 1260 5403 eluvione
1293 5350 1626 5403 c0ntrariam
1657 5365 1874 5404 omnem
1908 5350 2103 5405 factio.

524 5457 650 5497 nem
676 5441 921 5496 funditus
938 5442 1222 5509 exstinxit,
1249 5449 1309 5496 ut
1338 5442 1654 5512 incorrupta
1684 5458 1748 5498 ac
1768 5444 1916 5512 justa
1947 5445 2100 5499 Sethi

525 5534 693 5597 stirjs
718 5531 785 5585 ad
818 5532 1042 5586 caeleste
1071 5546 1244 5602 genus
1299 5532 1707 5603 scintillamque
1729 5534 1957 5603 justitiae
1977 5550 2103 5589 con-

525 5622 616 5675 Ην
650 5622 760 5675 Lm
784 5623 837 5676 in
862 5624 1024 5678 terris
1054 5624 1172 5679 sola
1197 5622 1546 5679 retineretur.
1573 5623 1775 5680 Verum
1805 5625 1944 5681 clam
1983 5626 2100 5698 ipsa

602 5776 617 5805 '
646 5772 804 5834 Deest
838 5778 997 5850 ῖοκεῖ,
1028 5779 1110 5837 vcl
1134 5780 1248 5835 ἐστί
1277 5780 1380 5852 lcg.
1456 5780 1476 5813 ²
1506 5778 1566 5835 F.
1598 5781 1996 5840 καταϐαλοῦσα.

2206 3334 2536 3397 συστάσεως.
2576 3334 2686 3385 Kal.
2731 3328 2870 3387 εἶναι
2912 3332 3116 3402 ταύτην
3153 3331 3412 3385 σύστασιν
3443 3330 3543 3401 τῆς
3580 3330 3787 3383 δικαιο-

2205 3428 2391 3498 σύνης,
2432 3426 2528 3480 καὶ
2555 3425 2785 3496 ἐκλογὴν
2809 3426 3127 3497 σπέρματος
3156 3425 3251 3477 καὶ
3276 3424 3483 3493 γένους*
3526 3424 3673 3486 ὅπως
3699 3422 3787 3475 διὰ

2202 3521 2300 3591 τῆς
2325 3519 2531 3590 ταύτης
2570 3519 2901 3583 συστάσεως,
2951 3517 3046 3570 καὶ
3088 3516 3281 3570 τούτου
3328 3515 3420 3569 τοῦ
3467 3515 3787 3586 σπέρματος

2203 3611 2601 3683 καθαιρεθῶσιν
2631 3613 2686 3665 αἱ
2712 3611 2968 3682 δυνάμεις
3001 3610 3108 3663 τῶν
3150 3609 3395 3678 ἀγγέλων
3423 3609 3532 3661 τῶν
3575 3610 3671 3662 τὸν
3691 3609 3786 3663 κό-

2206 3721 2340 3773 σμον
2377 3703 2750 3774 πεποιηκότων
2795 3703 2889 3755 καὶ
2921 3703 3046 3765 τοὺς
3083 3700 3175 3754 δύο
3239 3702 3334 3754 ἀπ’
3367 3701 3542 3771 ἀρχῆς
3578 3699 3787 3771 ἀνθρώ-

2205 3815 2360 3860 πους.
2380 3797 2480 3850 Διά
2497 3797 2702 3867 ταύτην
2725 3790 2819 3849 οὖν
2845 3796 2943 3867 τὴν
2970 3795 3149 3849 αἰτίαν
3173 3795 3267 3848 καὶ
3292 3794 3353 3847 τὸ
3378 3793 3532 3862 γένος
3556 3793 3648 3845 τοῦ
3678 3792 3786 3863 Σὴθ

2204 3887 2495 3959 ἀφορισθέν
2527 3886 2770 3940 ἐντεῦθεν
2795 3887 3113 3954 κατάγεται,
3145 3885 3374 3956 ἐκλογῆς
3398 3883 3457 3937 ὃν
3491 3884 3584 3937 καὶ
3608 3884 3789 3937 διακε-

2206 3981 2467 4051 κριμένον
2511 3978 2603 4031 τοῦ
2652 3977 2813 4032 ἄλλου
2864 3978 3076 4045 γένους.
3132 3976 3545 4046 Προϐαινόντων
3583 3975 3639 4028 δὲ
3677 3975 3787 4027 τῶν

2204 4070 2436 4140 καιρῶν,
2467 4070 2618 4139 φασὶ,
2649 4071 2741 4123 καὶ
2768 4070 2904 4142 ὁμοῦ
2929 4069 3100 4123 ὄντων
3128 4068 3236 4121 τῶν
3261 4067 3354 4121 δύο
3383 4067 3579 4134 γενῶν,
3606 4068 3700 4121 τοῦ
3728 4085 3789 4120 τε

2206 4158 2343 4210 Κάῖν
2371 4158 2464 4210 καὶ
2492 4157 2583 4211 τοῦ
2617 4157 2782 4211 Ἅϐελ
2818 4160 2897 4221 εἰς
2930 4158 2990 4211 τὸ
3016 4157 3148 4209 αὐτὸ
3177 4156 3559 4222 συνελθόντων,
3584 4156 3670 4208 διὰ
3693 4175 3790 4209 κα-

2205 4251 2329 4302 κίαν
2380 4250 2599 4321 πολλὴν,
2658 4252 2751 4305 καὶ
2794 4249 2928 4321 ὁμοῦ
2981 4249 3300 4321 μιχθέντων,
3349 4249 3706 4318 ἀποϐλέψασα
3753 4252 3787 4319 ἡ

2209 4343 2426 4395 πάντων
2442 4344 2661 4413 Μήτηρ,
2700 4343 2939 4415 καθαρὸν
2975 4344 3038 4396 τὸ
3084 4343 3304 4414 σπέρμα
3342 4342 3449 4397 τῶν
3487 4341 3791 4414 ἀνθρώπων

2206 4433 2481 4505 ἠϐουλήθη
2530 4435 2971 4505 ἀπεργάσασθαι,
3021 4434 3096 4497 ὠς
3143 4438 3424 4506 προεῖπον,
3472 4434 3559 4487 διὰ
3596 4435 3657 4486 τὸ
3699 4435 3791 4487 τὸν

2209 4528 2373 4579 ’Ἅϐελ
2409 4528 2764 4581 ἀπεκτάνθαι.
2791 4528 2897 4581 Kal.
2922 4528 3108 4582 τοῦτον
3129 4528 3219 4580 τὸν
3242 4529 3348 4598 Σὴθ
3375 4527 3673 4593 ἐξελέξατο,
3697 4528 3793 4581 καὶ

2210 4621 2448 4692 καθαρὸν
2479 4620 2664 4686 ἔδειξε.
2697 4622 2807 4673 Kal.
2833 4624 2889 4674 ἐν
2915 4620 3086 4689 τούτῳ
3116 4623 3177 4674 τὸ
3204 4623 3358 4689 γένος
3391 4623 3536 4693 μόνῳ
3561 4625 3660 4694 τῆς
3690 4624 3791 4675 αύ-

2207 4714 2304 4783 τῆς
2339 4713 2620 4783 δυνάμεως
2658 4714 2752 4766 καὶ
2790 4713 3160 4786 καθαρότητος
3193 4715 3469 4767 κατέθετο.

2278 4887 2352 4940 I".
2393 4885 2597 4939 ’ἰδοῦσα
2621 4886 2677 4939 δέ
2705 4887 2867 4941 πάλιν
2889 4887 3089 4951 πολλὴν
3117 4888 3416 4958 ἐπιμιξίαν,
3440 4889 3533 4942 καὶ
3557 4889 3792 4942 ἄτακτον

2206 4980 2383 5051 ὁρμὴν
2415 4978 2523 5031 τῶν
2557 4980 2802 5048 ἀγγέλων
2848 4981 2941 5033 καὶ
2987 4980 3094 5033 τῶν
3136 4979 3460 5051 ἀνθρώπων,
3511 4983 3590 5043 εἰς
3642 4979 3793 5051 μίξιν

2208 5070 2316 5123 τῶν
2345 5070 2438 5123 δύο
2463 5071 2635 5139 γενῶν
2667 5071 2950 5135 ἐλθόντων,
2993 5071 3087 5124 καὶ
3120 5072 3404 5134 συστάσεις
3429 5070 3602 5138 γενῶν
3638 5088 3793 5135 τινας

2207 5163 2306 5235 τὴν
2340 5163 2518 5217 αὐτῶν
2543 5162 2768 5227 ἀταξίαν
2796 5164 3190 5235 ἐμποιήσασαν,
3219 5163 3544 5233 πορευθεῖσα
3575 5162 3735 5216 πάλιν
3760 5164 3792 5233 ἡ

2208 5257 2344 5327 αὐτὴ
2375 5258 2575 5329 Μήτηρ
2598 5274 2656 5309 τε
2694 5258 2787 5309 καὶ
2824 5255 3011 5326 θήλεια
3045 5255 3424 5325 κατακλυσμὸν
3448 5256 3669 5326 ἤνεγκε,
3700 5257 3795 5308 καὶ

2207 5349 2456 5403 ἀπώλεσε
2477 5350 2657 5402 πᾶσαν
2688 5350 2874 5403 στάσιν
2900 5347 3186 5419 ἀνθρώπου
3210 5347 3408 5410 παντὸς
3424 5346 3613 5415 γένους
3634 5348 3795 5400 ἐναν-

2206 5442 2324 5495 τίου
2348 5460 2360 5473 ο
2387 5443 2473 5497 ἵνα
2502 5442 2663 5512 δῆθεν
2687 5443 2747 5495 τὸ
2771 5441 3009 5513 καθαρὸν
3030 5442 3186 5509 γένος
3207 5441 3266 5493 τὸ
3287 5441 3393 5494 ἀπὸ
3411 5439 3505 5492 τοῦ
3538 5439 3668 5510 Σὴθ,
3699 5441 3796 5492 καὶ

2206 5534 2433 5599 δίκαιον,
2460 5534 2619 5605 μόνον
2647 5535 2806 5608 μείνῃ
2832 5536 2889 5587 ἐν
2916 5535 3227 5605 κόσμῳ,ζείς
3254 5532 3511 5586 σύστασιν
3538 5532 3632 5585 τοῦ
3655 5533 3796 5586 ἀνω-

2209 5626 2300 5681 θεν
2332 5628 2525 5698 γένους
2555 5627 2743 5702 τεκαὶ
2773 5626 3066 5701 σπινθῆρος
3102 5628 3203 5700 τῆς
3229 5626 3594 5697 δικαιοσύνης.
3630 5625 3796 5681 Ἐλα-
