4156 6358
433 350 539 406 669

1042 345 1422 404 ADV'ERSUS
1459 344 1806 403 ΗΕΒΕὸΕὸ
1842 344 1972 401 LIB.
2015 344 2056 401 1.
2098 345 2262 403 ΤΟΜ.
2295 343 2383 401 llI.
2418 378 2488 387 —
2517 338 2793 401 HIEBES.
2826 328 3068 396 XXXIX.

3594 335 3700 392 670

431 471 524 525 θον
568 471 625 525 δὲ
670 469 841 541 αὐτὴν
891 468 1052 523 πάλιν
1097 471 1145 521 οί
1192 466 1436 537 ἄγγελοι,
1471 467 1566 520 καὶ
1598 466 1884 519 είσέδυσαν
1933 462 2008 519 rbi

2126 478 2326 519 rursus
2359 463 2535 534 angeli
2558 462 2823 517 Chamum
2855 475 2886 515 e
2916 469 3116 529 genere
3144 454 3257 517 [suo
3286 460 3611 525 prognatum
3644 456 3701 508 in

432 563 562 633 Χὰμ
613 563 693 625 είς
740 562 836 633 τὴν
877 559 1130 625 κιϐωτὸν,
1161 560 1292 613 ὄντα
1321 558 1417 624 τοῦ
1451 557 1631 613 αὐτῶν
1681 556 2014 628 σπέρματος.

392 660 399 663 ⁷
443 656 617 710 Ὀκτὼ
641 654 749 726 γὰρ
778 653 965 724 ψυχῶν
1001 651 1275 706 σωθεισῶν
1319 653 1377 705 ὲν
1422 654 1489 722 τῇ
1519 651 1640 703 τότε
1669 650 1898 721 λάρνακι
1923 649 2018 702 τοῦ

430 747 577 811 Νῶε,
607 746 747 799 ἑπτὰ
788 746 889 816 μὲν
928 742 1068 799 εἷναι
1101 744 1195 799 τοῦ
1229 743 1472 817 καθαροῦ
1505 743 1698 812 γένους
1730 742 1863 812 φασί
1883 761 1897 774 σ
1926 742 2018 796 τὸν

429 841 486 893 δὲ
512 840 608 893 ἕνα
630 836 768 894 εἶναι
788 840 877 893 τὸν
898 838 1029 909 Χὰμ
1047 838 1341 909 τῆς⁶άλλης
1365 837 1649 907 δυνάμεως
1679 837 2013 908 ὑπάρχοντα,

429 928 488 982 ὃν
516 928 753 982 εἰσδῦναι
785 928 1017 982 λαθόντα
1060 930 1160 999 τὴν
1208 929 1319 982 ἄνω
1349 928 1598 1000 Μητέρα.
1617 928 1752 980 Ὑπὸ
1779 926 1888 979 τῶν
1915 927 2016 995 ἁγ-

428 1022 603 1090 γέλων
637 1021 694 1075 δὲ
721 1022 782 1075 τὸ
800 1022 1010 1076 τοιοῦτο
1032 1021 1419 1086 συσκευασθὲν,
1448 1021 1622 1086 οὕτως
1650 1020 2016 1090 ἀποτελεσθῆ-

429 1131 534 1168 ναι.
556 1114 773 1186 Ἐπειδὴ
788 1113 1338 1185 γὰρ,φασ“ι,έγνωσαν
1365 1116 1414 1167 oi
1440 1114 1683 1183 ἄγγελοι,
1710 1113 1791 1166 δτι
1825 1112 2012 1184 μέλλει

430 1206 540 1261 πᾶν
572 1206 634 1259 τὸ
667 1205 889 1277 σπέρμα
921 1205 1099 1259 αὐτῶν
1128 1205 1527 1275 άπαλείφεσθαι
1557 1207 1614 1259 ὲν
1635 1203 1713 1275 τῷ
1746 1204 2015 1258 κατακλυ-

432 1296 578 1368 σμῷ,
608 1299 916 1371 πανουργίᾳ
942 1298 1052 1352 τινὶ
1094 1299 1185 1352 τὸν
1212 1298 1611 1371 προειρημένον
1638 1298 1767 1369 Χὰμ
1794 1299 1873 1361 είς
1899 1298 2016 1352 δια-

428 1390 660 1461 τήρησιν
691 1389 785 1443 τοῦ
816 1390 906 1443 ὑπ’
937 1389 1115 1443 αὐτῶν
1139 1390 1447 1453 κτισθέντος
1471 1389 1661 1458 γένους
1690 1391 1788 1460 τῆς
1817 1389 2015 1453 κακίας

430 1480 843 1553 παρεισέϐαλον.
876 1482 984 1534 Καὶ
1033 1484 1097 1535 ὲκ
1138 1481 1328 1534 τούτου
1375 1480 1512 1551 λήθη
1556 1480 1650 1534 καὶ
1678 1480 1855 1551 πλάνη
1886 1481 2015 1550 περὶ

427 1574 555 1638 τοὺς
598 1572 940 1644 ἀνθρώπους,
972 1574 1065 1627 καὶ¹
1097 1574 1319 1628 ἄτακτοι
1368 1574 1532 1645 φοραὶ
1573 1573 2011 1645 ἁμαρτημάτων,

431 1666 522 1718 καὶ
556 1663 849 1735 πολυμιξία
884 1665 1083 1728 κακίας
1119 1666 1177 1718 ὲν
1216 1664 1294 1735 τῷ
1320 1666 1512 1736 κόσμῳ
1554 1665 1866 1736 γεγένηται.
1902 1664 2014 1718 Καὶ

427 1756 600 1821 οὕτως
630 1759 659 1810 6
686 1758 890 1829 κόσμος
923 1761 1004 1822 είς
1030 1758 1092 1811 τὸ
1122 1760 1347 1829 ἀρχαῖον
1374 1758 1472 1827 τῆς
1492 1757 1717 1822 ἀταξίας
1744 1753 1899 1820 αὖθις
1919 1758 2012 1811 ἀν-

2121 568 2306 609 arcam
2350 553 2728 609 introducunt.
2780 550 2913 604 Nam
2966 565 3031 605 ex
3074 555 3200 602 octo
3243 546 3521 616 capitibus
3568 546 3699 609 illis,

2120 664 2243 719 quae
2289 649 2346 702 in
2381 647 2572 702 Noemi
2619 662 2746 701 arca
2804 656 3018 701 servata
3067 647 3344 715 leguntur,
3381 643 3702 699 sincerioris
3768 711 3779 719 .

2119 740 2341 811 generis
2374 748 2600 811 septena
2632 740 2801 795 fuisse
2834 738 3153 809 praedicant,
3178 744 3429 791 octavum
3454 752 3583 791 vero
3608 751 3701 790 no-

2119 832 2271 886 mine
2298 830 2569 885 Chamum
2607 831 2676 885 ab
2706 831 2881 885 aliena
2908 831 2960 884 vi
2992 830 3317 899 productum
3341 829 3565 883 latuisse
3594 842 3704 882 ca:-

2118 921 2311 976 lestem
2346 932 2602 988 matrem,
2628 930 2682 976 et
2712 923 2768 977 in
2790 937 2974 976 arcam
3003 922 3326 992 irrepsisse;
3362 929 3414 976 et
3438 921 3491 975 id
3522 922 3699 990 ipsum

2118 1011 2435 1081 angelorum
2474 1010 2668 1066 fraude
2698 1025 2762 1065 ac
2792 1011 3024 1065 consilio
3055 1025 3178 1065 esse
3206 1009 3527 1081 perfectum.
3560 1009 3699 1071 Cum

2114 1100 2282 1164 enim,
2318 1108 2377 1155 ut
2410 1101 2582 1166 aiunt,
2628 1101 2948 1157 didicissent
2992 1102 3092 1165 illi,
3127 1116 3301 1171 genus
3341 1116 3503 1155 omne
3535 1116 3697 1155 suum

2116 1191 2309 1247 diluvii
2341 1194 2501 1263 aquis
2533 1194 3032 1261 exterminandum,
3066 1195 3205 1247 mira
3236 1193 3554 1256 calliditate,
3588 1208 3699 1261 quo

2116 1284 2246 1338 mali
2277 1285 2517 1353 generis,
2551 1286 2710 1355 cujus
2748 1294 3001 1341 auctores
3033 1295 3208 1351 erant,
3243 1285 3506 1359 reliquias
3532 1282 3701 1337 fove-

2114 1384 2259 1440 rent,
2282 1376 2549 1431 Chamum
2577 1377 2631 1431 in
2662 1392 2844 1432 arcam
2877 1378 3176 1432 inculcant.
3211 1376 3258 1430 A
3281 1392 3390 1447 quo
3420 1376 3472 1430 in
3506 1376 3700 1428 Imma-

2115 1482 2247 1520 num
2293 1483 2465 1537 genus
2498 1482 2674 1531 error,
2714 1474 2770 1523 et
2819 1469 3043 1534 oblivio,
3092 1474 3257 1537 atque
3303 1465 3698 1520 inconsiderati

2114 1555 2450 1628 ﬂagitiorum
2482 1558 2738 1628 impetus,
2765 1566 2819 1614 et
2848 1559 3116 1614 scelerum
3148 1558 3384 1613 varietas
3410 1555 3697 1624 multiplex

2115 1649 2170 1703 in
2212 1651 2400 1706 orbem
2448 1659 2723 1707 terrarum
2764 1652 2965 1722 erupit.
3014 1650 3192 1720 Atque
3235 1650 3310 1703 ita
3344 1647 3582 1710 mundus
3627 1648 3697 1700 ad

2114 1742 2406 1811 pristinam
2459 1744 2924 1813 perturbationem
2964 1743 3130 1813 286
3161 1742 3341 1798 denuo
3392 1740 3695 1801 revolutus,

428 1847 663 1918 έκαμψε,
700 1849 793 1902 καὶ
823 1850 1130 1920 ἐνεπλήσθη
1163 1851 1370 1916 κακῶν,
1403 1851 1477 1914 ὡς
1508 1850 1567 1915 ἐξ
1589 1851 1765 1921 ἀρχῆς
1788 1850 1894 1922 πρὸ
1914 1850 2008 1903 τοῦ

2112 1832 2337 1903 perinde
2379 1842 2543 1903 atque
2596 1843 2723 1888 ante
2762 1833 3053 1897 diluvium,
3105 1833 3373 1886 malorum
3410 1832 3569 1901 copia
3618 1846 3700 1884 re-

427 1939 838 2011 κατακλυσμοῦ.
858 1941 989 1993 Ἀπὸ
1010 1941 1065 1993 δὲ
1089 1940 1182 1994 τοῦ
1206 1941 1313 2011 Σὴθ
1338 1940 1481 1995 κατὰ
1502 1941 1725 2011 σπέρμα
1754 1941 1848 1994 καὶ
1870 1940 2012 1994 κατὰ

424 2032 679 2103 διαδοχὴν
718 2032 907 2101 γένους
940 2035 968 2087 ὁ
990 2034 1225 2104 Χριστὸς
1266 2029 1430 2105 ἦλθεν
1455 2034 1617 2098 αὐτὸς
1639 2031 1868 2106 Ἰησοῦς,
1893 2035 2013 2104 οὐχὶ

424 2125 566 2177 κατὰ
595 2125 748 2195 γένη,
782 2126 916 2179 ἀλλὰ
946 2125 1274 2197 θαυμαστῶς
1299 2129 1357 2180 ὲν
1390 2125 1467 2195 τῷ
1494 2126 1685 2196 κόσμῳ
1713 2126 1969 2198 πεφηνώς
1994 2142 2008 2156 ο

424 2217 482 2279 ὅς
513 2218 659 2269 ἐστιν
688 2218 847 2282 αὐτὸς
875 2220 905 2271 6
935 2217 1064 2291 Σὴθ,
1094 2221 1123 2273 6
1144 2219 1264 2272 τότε
1289 2218 1382 2271 καὶ
1413 2218 1649 2289 Χριστὸς
1676 2217 1771 2272 νῦν
1795 2220 2011 2288 ἐπιφοι-

423 2309 595 2377 τήσας
616 2308 694 2379 τῷ
718 2309 863 2377 γένει
891 2310 1001 2365 τῶν
1030 2310 1353 2381 ἀνθρώπων,
1379 2310 1488 2364 ἀπὸ
1511 2310 1610 2381 τῆς
1644 2308 1848 2381 μητρὸς
1873 2307 2012 2365 ἄνω-

424 2400 515 2452 θεν
544 2400 971 2472 ἀπεσταλμένος.

495 2580 566 2633 Δ’.
609 2577 794 2633 Ταῦτα
819 2578 995 2632 πάντα
1035 2577 1177 2630 οὕτω
1206 2577 1533 2648 γεγενῆσθαί
1582 2594 1745 2646 φασιν
1788 2579 2005 2631 ἐκεῖνοι.

423 2672 599 2742 Μωρὰ
655 2672 730 2737 δὲ,
759 2674 852 2726 καὶ
897 2673 1125 2743 ἀδρανῆ,
1158 2674 1252 2726 καὶ
1300 2674 1634 2742 κενοφωνίας
1687 2673 1897 2744 ἔμπλεα
1940 2672 2010 2726 τὰ

422 2744 644 2818 τοιαῦτα
682 2764 1033 2834 κηρύγματα,
1066 2766 1142 2829 ὡς
1193 2765 1354 2818 παντί
1405 2783 1482 2835 τῳ
1526 2766 1683 2836 δῆλόν
1728 2768 1896 2819 ἐστιν.
1933 2766 2007 2819 Οὐ

421 2856 531 2927 γὰρ
576 2856 668 2910 δύο
718 2857 995 2927 ἄνθρωποι
1046 2857 1417 2929 ἐπλάσθησαν,
1447 2858 1584 2912 ἀλλὰ
1629 2855 1710 2922 εἷς
1758 2858 2004 2929 ὁἈδὰμ,

422 2948 516 3001 καὶ
548 2950 613 3001 ὲκ
640 2946 734 3001 τοῦ
765 2948 940 3018 Ἀδάμ
967 2950 996 3001 ὅ
1020 2966 1079 3002 τε
1104 2949 1243 3003 Κάῐν
1276 2951 1371 3002 καὶ
1410 2950 1595 3015 Ἀϐελ,
1627 2951 1721 3005 καὶ
1743 2951 1872 3021 Σήθ.
1899 2952 2009 3005 Καὶ

420 3030 605 3093 ιὺκέτι
640 3041 703 3092 ὲκ
731 3040 823 3093 δύο
851 3039 1172 3112 ἀνθρώπων,
1209 3041 1322 3094 ἀλλ’
1348 3042 1405 3109 ἐξ
1431 3043 1547 3107 ἐνὸς
1578 3043 1683 3107 ἕως
1715 3044 1809 3097 τοῦ
1834 3062 2005 3098 κατα-

420 3132 666 3203 κλυσμοῦ
700 3133 808 3187 τῶν
833 3133 1006 3202 γενῶν
1040 3134 1176 3187 ὅλων
1200 3133 1293 3188 τοῦ
1316 3136 1487 3205 Ἀδὰμ
1514 3138 1745 3206 ἐχόντων
1768 3138 1866 3201 τὰς
1888 3140 2007 3191 ἑαυ-

421 3218 529 3277 τῶν
565 3219 851 3285 συστάσεις
884 3222 942 3275 ὲν
982 3221 1060 3292 τῷ
1088 3223 1295 3294 κόσμῳ.
1317 3225 1448 3277 Ἀπὸ
1496 3224 1552 3277 δὲ
1592 3226 1683 3279 τοῦ
1732 3228 2031 3281 κατακλυ--

423 3311 563 3381 σμοῦ
605 3312 670 3365 ὲκ
710 3313 803 3366 τοῦ
830 3314 951 3367 Νῶε
984 3314 1147 3368 πάλιν
1169 3316 1263 3369 τοῦ
1293 3316 1410 3380 ἐνὸς
1437 3316 1749 3389 ἀνθρώπου,
1779 3321 1873 3374 καὶ
1903 3321 2005 3373 οὐκ

424 3406 487 3456 ὲκ
514 3404 809 3476 διαφόρων,
842 3406 979 3460 ἀλλὰ
1006 3407 1113 3461 ἀπὸ
1141 3409 1259 3471 ἐνὸς
1287 3409 1380 3463 τοῦ
1406 3409 1550 3475 Νῶε,
1585 3412 1677 3464 τοῦ
1713 3411 1873 3465 κατὰο
1891 3412 2005 3465 δια-

419 3497 580 3568 δοχὴν
603 3499 666 3550 ἐκ
700 3498 1015 3569 σπέρματος
1037 3500 1131 3553 τοῦ
1164 3500 1291 3571 Σὴθ,
1321 3503 1430 3555 πᾶν
1474 3502 1628 3569 γένος
1663 3503 1771 3555 τῶν
1795 3502 2004 3574 ἀνθρώο

420 3606 559 3653 πων,
578 3590 768 3653 οὐκείς
792 3589 885 3643 δύο
911 3592 1233 3662 αἱρούμενον
1260 3592 1299 3655 ί,
1335 3591 1473 3645 ἀλλὰ
1499 3595 1577 3655 είς
1610 3593 1667 3647 ἒν
1692 3594 1866 3662 γένος.
1886 3595 2002 3662 Ἀφ’

421 3673 593 3753 τοῦπερ
623 3683 716 3735 καὶ
736 3683 877 3749 Νῶε,
900 3684 995 3736 καὶ
1022 3685 1054 3754 ἡ
1079 3684 1243 3737 αὐτοῦ
1264 3684 1424 3755 γυνὴ,
1452 3686 1546 3738 καὶ
1568 3686 1707 3756 Σὴμ,
1736 3686 1831 3740 καὶ
1852 3687 2000 3756 Χὰμ,

421 3772 515 3824 καὶ
548 3772 749 3842 Ἰάφεθ,
776 3774 825 3826 oi
867 3773 1058 3827 τούτου
1086 3775 1273 3838 παῖδες
1309 3775 1403 3828 καὶ
1426 3779 1575 3847 τρεῖς
1611 3780 1866 3844 γυναῖκες
1895 3777 2003 3831 τῶν

420 3863 585 3919 αὐτοῦ
623 3865 828 3918 παίδων
858 3865 966 3919 ἀπὸ
995 3866 1088 3920 τοῦ
1124 3866 1229 3937 Σὴθ
1263 3867 1323 3920 τὸ
1359 3867 1511 3935 γένος
1546 3869 1842 3937 κατάγουσι
1870 3871 2005 3923 πάν-

419 3969 533 4020 τες,
563 3957 658 4010 καὶ
694 3958 814 4028 οὐχδ⁹
842 3958 949 4011 ἀπὸ
975 3958 1067 4011 δύο
1090 3959 1392 4029 ἀνθρώπων
1422 3961 1530 4013 τῶν
1580 3960 1655 4031 μὴ
1697 3963 2003 4034 γενομένων

420 4050 561 4104 κατὰ
587 4050 685 4122 τὴν
708 4050 912 4105 τούτων
948 4053 1288 4123 μυθοποιίαν.

491 4223 567 4277 E'.
609 4224 833 4288 Βίϐλους
879 4226 936 4279 δέ
975 4244 1128 4291 τινας
1183 4229 1591 4299 συγγράφοντες
1636 4228 1695 4294 ἐξ
1741 4228 2003 4299 ὀνόματος
2060 4237 2065 4242 “

423 4316 674 4386 μεγάλων
700 4318 932 4389 ἀνδρῶν,
955 4319 1014 4385 ἐξ
1036 4321 1298 4389 ὀνόματος
1328 4321 1426 4391 μὲν
1445 4321 1551 4394 Σὴθ
1582 4322 1722 4376 ἑπτὰ
1754 4322 2002 4391 λέγοντες

419 4403 558 4461 εἶναι
598 4407 846 4477 βίϐλους·
876 4408 1044 4473 ἄλλας
1087 4410 1144 4463 δὲ
1201 4410 1415 4480 βίϐλους
1456 4412 1647 4483 ἑτέρας
1693 4411 2001 4480 ὰλλογενεῖς

418 4499 563 4551 οὕτω
606 4498 862 4553 καλοῦσιν
883 4517 896 4530 ·
932 4499 1099 4570 ἄλλην
1147 4499 1203 4552 δὲ
1251 4500 1307 4567 ἐξ
1340 4501 1601 4571 ὀνόματος
1624 4502 1897 4573 Ἀϐραὰμ,
1931 4504 1998 4573 ἣν

420 4588 903 4660 καὶἈποκάλυψιν
936 4590 1236 4657 φάσκουσιν
1258 4587 1416 4656 εἶναι,
1446 4592 1627 4661 πάσης
1668 4592 1864 4655 κακίας
1904 4593 2000 4663 ἔμ-

419 4682 626 4734 πλεων·
661 4682 851 4752 ἐτέρας
875 4682 932 4735 δὲ
962 4680 1022 4747 ἐξ
1046 4682 1308 4752 ὀνόματος
1332 4681 1425 4736 τοῦ
1460 4683 1759 4749 Μωῦσέως,
1784 4686 1876 4737 καὶ
1907 4685 2002 4739 άλ-

420 4773 517 4837 λας
549 4772 743 4828 ἄλλων.
779 4774 873 4836 El;
908 4773 1119 4845 μωρίαν
1162 4774 1219 4828 δὲ
1263 4775 1462 4847 πολλὴν
1496 4778 1586 4829 τὸν
1626 4777 1750 4830 νοῦν
1796 4777 2003 4832 ἑαυτῶν

420 4866 772 4931 κατάγοντες,
800 4866 1036 4934 γυναῖκά
1056 4884 1180 4921 τινα
1218 4868 1439 4937 Ὠραίαν
1468 4869 1715 4937 λέγουσιν
1739 4864 1878 4923 εἶναι
1907 4870 2001 4924 τοῦ

421 4956 700 5028 Σήθ.Ὄρα
743 4956 801 5010 δέ
835 4975 946 5029 μοι,
990 4959 1262 5030 ἀγαπητὲ,
1301 4959 1400 5030 τὴν
1432 4960 1637 5015 τούτων
1677 4960 1883 5027 ἄνοιαν,
1916 4963 2003 5016 ἵνα

420 5049 561 5103 κατὰ
594 5050 772 5104 πάντα
800 5051 998 5119 τρόπον
1021 5051 1308 5122 καταγνῷς
1336 5054 1434 5124 τῆς
1461 5054 1640 5109 αὐτῶν
1661 5055 2003 5127 δραματουρ-

418 5144 566 5211 γίας,
592 5144 687 5195 καὶ
715 5142 990 5210 μυθώδους
1021 5146 1513 5217 ματαιοφροσύνης,
1544 5148 1638 5202 καὶ
1668 5149 2000 5203 ἐπιπλάστου

417 5234 759 5303 ληρολογίας.
800 5235 923 5288 Εἰσὶ
952 5240 1051 5305 μὲν
1078 5235 1185 5308 γὰρ
1221 5235 1377 5289 ἄλλαι
1406 5238 1550 5301 τινὲς
1580 5238 1837 5309 αἱρέσεις,
1865 5240 2002 5292 αἴτι-

418 5341 509 5389 νες
553 5324 767 5395 δύναμίν
806 5344 927 5379 τινα
961 5322 1099 5379 εἶναι
1127 5326 1395 5395 λέγουσιν,
1428 5328 1495 5399 ἢν
1523 5327 1779 5384 καλοῦσιν
1808 5330 2004 5395 ὀνομα-

419 5416 621 5480 στικῶς
666 5416 903 5488 Ὠραίαν.
928 5418 1039 5489 Τὴν
1072 5420 1202 5483 παρ’
1224 5418 1404 5483 ἄλλοις
1431 5419 1608 5474 τοίνυν
1641 5422 2003 5493 νομιζομένην

416 5507 907 5578 δύναμιν,Ὢραίαν
939 5526 997 5561 τε
1031 5511 1392 5583 καλουμένην,
1431 5510 1573 5565 οὕτω
1624 5516 1856 5581 γυναῖκα
1905 5514 2000 5568 τοῦ

419 5598 527 5668 Σὴο
557 5598 997 5667 λέγουσιν.”υθεν
1022 5602 1296 5674 δυνάμεθα
1330 5621 1388 5659 τε
1422 5603 1719 5674 ἀποδεῖξαι,
1753 5605 1828 5669 ὡς
1863 5607 1999 5674 ῐστε,

500 5780 514 5807 ³
549 5775 675 5832 Cor.
702 5775 1093 5837 διαιρούμενοι.

2114 1923 2401 1979 dundavit.
2461 1924 2733 1981 Caeterum
2790 1940 2820 1978 a
2876 1924 3042 1979 Selho
3105 1926 3422 1978 continuata
3481 1923 3695 1993 generis

2114 2017 2472 2072 successione
2524 2015 2685 2073 Jesus
2714 2017 2969 2073 Christus
3003 2016 3224 2086 prodiit,
3265 2032 3374 2071 non
3420 2016 3538 2085 ipse
3567 2016 3694 2084 qui-

2112 2106 2234 2161 dem
2267 2110 2485 2179 generis
2521 2110 2696 2180 stirpe
2744 2114 3085 2179 procreatu's,
3117 2108 3213 2163 sed
3260 2108 3315 2161 in
3344 2108 3491 2161 hunc
3536 2124 3697 2160 mun—

2111 2198 2242 2253 dum
2282 2200 2680 2256 admirabiliter
2709 2200 3079 2256 introductus.
3108 2198 3252 2255 ldem
3284 2201 3430 2255 enim
3463 2200 3552 2270 qui
3586 2200 3696 2255 illis

2116 2292 2458 2360 temporibus
2484 2292 2686 2347 Sethus
2726 2292 2850 2355 fuit,
2898 2292 3061 2347 modo
3088 2291 3343 2348 Christus
3391 2292 3696 2362 appellatus

2111 2399 2142 2437 a
2173 2386 2385 2441 caelesti
2434 2395 2609 2441 matre
2646 2388 2714 2441 de
2764 2387 2905 2441 caelo
2951 2388 3156 2442 missus
3192 2385 3260 2439 ad
3299 2386 3548 2441 homines
3597 2385 3696 2439 de-

2110 2479 2349 2535 scendit.

2180 2568 2268 2624 ιν.
2296 2569 2411 2625 Hoc
2442 2570 2603 2625 modo
2626 2571 2701 2625 illi
2730 2572 2985 2627 universa
3012 2578 3280 2627 statuunt.
3302 2569 3500 2626 Verum
3527 2585 3691 2639 quam

2111 2661 2332 2727 stolida,
2367 2677 2530 2732 quam
2563 2678 2728 2732 porro
2756 2664 3048 2729 imbecilla,
3082 2678 3147 2719 ac
3172 2679 3310 2717 vana
3345 2664 3456 2719 sint
3480 2680 3600 2734 qua:
3626 2665 3696 2719 ab

2109 2752 2221 2808 illis
2246 2754 2552 2824 jactantur,
2600 2770 2760 2810 nemo
2811 2770 2920 2809 non
2959 2755 3123 2811 videt.
3177 2754 3365 2825 Neque
3406 2756 3550 2809 enim
3585 2755 3694 2809 duo

2109 2845 2318 2900 conditi
2346 2854 2475 2900 sunt
2496 2845 2767 2911 homines,
2805 2847 2898 2901 sed
2933 2863 3075 2902 unus
3106 2847 3370 2902 duntaxat
3404 2848 3645 2902 Adamus
3675 2866 3687 2901 :

2110 2954 2141 2993 a
2173 2954 2284 3008 quo
2318 2937 2478 3002 Cain,
2517 2945 2571 2993 et
2622 2938 2778 3003 Abel,
2822 2937 3130 3009 Setinusque
3168 2941 3355 3011 geniti.
3398 2939 3535 2993 Tum
3570 2940 3692 2993 reli-

2109 3046 2232 3100 qua:
2258 3031 2516 3101 deinceps
2546 3032 2613 3085 ad
2655 3032 2920 3086 diluvium
2963 3048 3137 3101 usque
3166 3032 3544 3103 generationes
3579 3047 3689 3086 non

2112 3138 2140 3175 a
2176 3122 2393 3177 duobus
2428 3124 2760 3187 hominibus,
2794 3123 2888 3179 sed
2918 3140 2981 3179 ex
3030 3140 3139 3178 uno
3166 3125 3341 3179 solum
3376 3125 3571 3193 capite,
3602 3126 3688 3178 ni-

2110 3217 2306 3269 mirum
2334 3217 2563 3280 Adamo,
2597 3217 2839 3286 profecta
2867 3225 3012 3271 sunt.
3044 3216 3150 3273 Sed
3180 3225 3234 3273 et
3264 3218 3332 3274 ab
3361 3234 3470 3271 uno
3496 3233 3689 3274 rursus

2106 3306 2313 3363 Noemo
2342 3319 2465 3380 post
2497 3311 2783 3375 diluvium,
2817 3327 2925 3366 non
2959 3326 2989 3365 a
3013 3312 3247 3367 diversis
3278 3312 3684 3382 insequentium

2103 3402 2256 3473 origo
2286 3402 2616 3468 deducitur;
2669 3418 2699 3456 a
2738 3401 2964 3470 Noemo,
3014 3403 3255 3473 inquam,
3305 3403 3399 3474 qui
3451 3419 3482 3458 e
3536 3402 3687 3457 Sethi

2105 3495 2364 3564 prosapia
2402 3493 2520 3561 fuit,
2551 3511 2724 3565 genus
2754 3495 3037 3555 hominum
3064 3512 3225 3551 omne
3252 3495 3557 3552 derivatum
3582 3504 3687 3559 est,

2104 3602 2213 3641 non
2246 3587 2501 3642 bifariam
2538 3588 2799 3653 divisum,
2843 3591 2936 3645 sed
2968 3606 3074 3643 una
3122 3592 3291 3660 stirpe
3326 3592 3688 3661 comprehen-

2106 3690 2248 3730 sum.
2285 3676 2363 3730 Ex
2392 3693 2497 3747 qua
2526 3686 2636 3732 tam
2669 3678 2930 3742 Noemus,
2955 3694 3118 3748 quam
3151 3680 3272 3748 ejus
3300 3695 3439 3734 uxor
3465 3681 3685 3750 prodiit,

2105 3782 2408 3837 eorumque
2453 3769 2609 3823 liberi
2661 3770 2809 3834 Sem,
2845 3771 3036 3838 Cham,
3078 3770 3276 3841 Japhet
3325 3790 3338 3825 :
3388 3788 3602 3829 necnon
3635 3783 3689 3828 et

2105 3860 2451 3931 singulorum
2496 3863 2799 3934 conjuges;
2835 3864 2925 3933 qui
2971 3862 3193 3933 quidem
3227 3879 3418 3919 omnes
3464 3866 3627 3920 unius
3659 3881 3690 3921 e

2108 3950 2260 4006 Sethi
2310 3968 2510 4023 genere
2550 3956 2819 4023 procreati
2856 3962 3005 4019 sunt,
3041 3970 3152 4009 non
3196 3969 3226 4007 a
3259 3955 3473 4010 duobus
3514 3956 3691 4010 homi-

2104 4047 2264 4101 uibus
2316 4042 2567 4117 prbducti
2602 4066 2613 4102 :
2650 4049 2741 4117 qui
2797 4063 3079 4119 nunquam
3112 4048 3184 4116 in
3217 4050 3384 4104 terris
3438 4048 3686 4113 fuerunt,

2103 4138 2562 4208 quemadmodum
2594 4140 2685 4193 isti
2721 4139 3059 4193 fabulantur.
3428 4122 3431 4127 v

2173 4224 2238 4280 ν.
2280 4229 2349 4281 At
2371 4229 2517 4282 enim
2560 4239 2742 4284 certos
2784 4230 2955 4283 libros
2982 4230 3412 4286 clarissimorum
3444 4244 3685 4285 virorum

2101 4320 2419 4374 nominibus
2447 4321 2746 4390 inser-iptos
2788 4322 3213 4379 circumferunt.
3242 4322 3320 4377 Ex
3353 4325 3554 4393 quibus
3594 4341 3685 4380 se-

2102 4421 2246 4483 ptem
2280 4416 2504 4468 omnino
2534 4412 2700 4469 Setho
2732 4414 3013 4480 tribuunt;
3047 4416 3184 4470 alios
3213 4431 3337 4469 vero
3359 4415 3684 4483 ἀλλογενεϊς,

2104 4508 2206 4561 hoc
2230 4516 2335 4573 est,
2368 4508 2582 4578 generis
2614 4508 2839 4562 alterius
2871 4517 3210 4577 nuncupant.
3236 4507 3333 4562 Est
3359 4516 3412 4563 et
3442 4510 3582 4563 alius
3618 4509 3683 4562 li-

2107 4601 2203 4655 ber
2241 4598 2381 4654 falso
2418 4599 2718 4654 Ahrahami
2749 4600 2991 4665 nomine,
3026 4616 3186 4670 quem
3229 4618 3328 4671 pro
3356 4601 3685 4673 Apocalypsi

2100 4693 2404 4759 venditant,
2439 4693 2589 4747 omni
2619 4694 2860 4763 nequitia
2891 4693 3144 4750 refertus.
3178 4693 3382 4749 Praeter
3411 4712 3573 4765 quem
3606 4696 3683 4749 al-

2098 4795 2277 4841 terum
2311 4801 2342 4839 a
2377 4785 2580 4857 Moyse,
2615 4787 2856 4857 reliquos
2881 4786 2949 4840 ab
3000 4787 3120 4843 aliis
3151 4787 3328 4842 editos
3362 4802 3485 4842 esse
3527 4802 3683 4842 men-

2099 4879 2334 4933 tiuntur.
2366 4878 2447 4932 ΑιΙ
2487 4881 2621 4943 haec,
2656 4894 2777 4949 qua:
2819 4886 2903 4934 est
2942 4880 3159 4934 illorum
3191 4879 3460 4934 stoliditas
3495 4894 3559 4932 ac
3590 4896 3683 4933 ve-

2100 4973 2291 5028 cordia
2313 5015 2326 5040 ,
2356 4990 2585 5030 uxorem
2630 4973 2783 5030 Sethi
2807 4974 3055 5029 Iloraaam
3094 4974 3283 5029 nescio
3315 4988 3481 5045 quam
3507 4973 3685 5027 nomi-

2100 5066 2268 5119 natim
2288 5074 2502 5121 vocant.
2522 5066 2583 5121 In
2613 5083 2722 5137 quo
2758 5066 3126 5137 vide,qu:eso,
3158 5082 3322 5135 quam
3354 5066 3520 5136 inepti
3551 5067 3681 5128 sint,

2101 5165 2161 5210 ut
2202 5156 2419 5211 illorum
2460 5160 2609 5213 velut
2652 5160 2872 5214 scenica
2913 5166 3258 5225 commenta,
3300 5159 3685 5214 stultissimas-

2100 5262 2207 5315 que
2239 5247 2456 5305 fabulas
2500 5265 2563 5305 ac
2597 5258 2803 5307 temere
2832 5252 3070 5307 conficta
3120 5250 3403 5305 mendacia
3439 5250 3585 5303 omni
3615 5265 3683 5305 ex

2101 5349 2255 5409 parte
2294 5343 2649 5399 condemnes.
2688 5343 2822 5397 Nam
2862 5360 2988 5399 cum
3023 5343 3303 5398 nonnulla:
3345 5342 3458 5397 sint
3512 5342 3683 5396 haereo

2100 5446 2190 5487 ses
2224 5448 2345 5502 quae
2380 5434 2488 5487 vim
2550 5434 2845 5504 quamdam
2890 5450 3014 5490 esse
3033 5440 3302 5499 statuunt,
3338 5446 3458 5501 quae
3491 5428 3681 5485 Horren

2100 5523 2462 5579 nominetur:
2499 5526 2576 5579 illi
2612 5526 2718 5581 vim
2768 5527 3061 5596 ejusmodi,
3120 5523 3477 5593 normamque
3529 5518 3679 5577 Sethi

2099 5614 2388 5687 conjugem
2416 5619 2697 5674 exstitisse
2715 5618 3033 5689 praedicant.
3060 5618 3137 5672 Ex
3161 5633 3269 5689 quo
3291 5613 3677 5680 demonstrari,
