4156 6358
525 356 620 410 (ΠΙ

1934 361 1992 418 S.
2036 358 2402 422 EPIPHANII-

3698 384 3805 446 67:!

524 476 584 522 ut
613 466 834 532 videtis,
882 468 1015 524 illud
1072 476 1279 539 potest,
1329 471 1605 528 hominem
1663 474 1835 531 fuisse
1883 477 2110 533 Setinum

2217 483 2512 553 ἀγαπητοὶ,
2539 483 2633 539 καὶ
2680 485 2837 555 φύσει
2885 490 3171 564 ἄνθρωπον
3223 495 3317 550 τὸν
3366 497 3498 569 Σὴθ,
3539 500 3634 553 καὶ
3682 503 3805 574 οὐχὶ

527 560 709 624 illum;
744 572 845 612 nec
869 560 939 614 ab
962 560 1128 631 287
1177 562 1303 619 aliis
1340 564 1553 635 origine
1591 565 1891 635 diversum,
1927 579 2110 640 utpote

2218 574 2425 628 ἄνωθέν
2455 594 2508 629 τι
2542 560 3017 652 παρηλλαγμένον,
3048 586 3276 656 ἀδελφὸν
3300 589 3355 643 δὲ
3378 560 3505 644 ὄντα
3531 592 3689 661 φύσει
3710 560 3804 648 1:35

521 649 676 703 Caini
705 658 759 704 et
792 651 947 706 Abeli
987 668 1331 723 germanum,
1355 657 1422 709 ab
1455 657 1759 727 iisdemque
1792 661 2111 729 parentibus

522 743 575 795 in
616 743 793 797 lucem
818 744 1049 799 editum.
1082 743 1337 816 Cognovit
1365 750 1525 812 enim,
1552 758 1608 804 ut
1639 748 1922 821 Scriptura
1952 753 2110 817 dicit,

502 831 692 886 "Adam
732 848 947 888 uxorem
984 850 1139 887 suam
1173 835 1340 891 Evam
1364 855 1382 901 ;
1406 856 1522 909 qua:
1554 842 1807 909 concepit,
1840 852 1889 896 et
1913 844 2110 913 peperit

518 924 655 977 Cain
692 926 731 978 ι.
769 925 884 980 Hoc
918 926 1063 981 enim
1106 929 1153 982 ei
1180 945 1379 984 nomen
1409 932 1689 1001 imposuit,
1714 933 1857 1003 quod
1890 950 2111 1002 posses-

518 1016 718 1093 sionem
747 1017 1042 1087 signiﬁcat,
1087 1018 1315 1076 dicens:
1346 1021 1569 1076 Possedi
1598 1024 1768 1091 ﬁlium
1803 1041 1895 1093 per
1926 1024 2110 1079 Domi-

517 1092 643 1159 num
674 1106 840 1162 Deum
866 1110 905 1163 ¹.
939 1110 1017 1164 Ac
1048 1128 1242 1167 rursus
1288 1112 1516 1169 Abelnm
1547 1117 1779 1186 peperit.
1804 1092 1811 1093 ί
1834 1118 2108 1187 Cognovit,

518 1197 714 1268 inquit,
756 1200 931 1253 Adam
982 1206 1152 1256 Evam
1213 1205 1485 1275 conjugem
1538 1222 1729 1260 suam:
1762 1224 1880 1277 qua:
1922 1224 2108 1263 conce-

516 1293 615 1359 pit,
642 1302 689 1345 et
733 1296 931 1363 peperit
964 1295 1172 1364 ﬁlium;
1213 1315 1361 1367 quem
1403 1299 1625 1353 Abelum
1671 1300 1936 1355 vocavit’.
1970 1301 2109 1354 Tum

519 1386 708 1440 multis
735 1387 1060 1457 interjectis,
1092 1399 1216 1459 post
1239 1390 1395 1445 Abcli
1417 1402 1676 1447 mortem:
1715 1393 1990 1462 Cognovit,
2024 1394 2110 1447 in-

518 1479 659 1546 quit,
692 1481 863 1534 Adam
908 1498 1123 1537 uxorem
1167 1484 1352 1551 Evam,
1384 1504 1501 1557 qua!
1536 1490 1793 1557 concepit,
1826 1498 1874 1541 et
1912 1492 2109 1557 peperit

518 1574 711 1639 ﬁlium,
746 1584 795 1628 et
824 1578 1022 1631 vocavit
1054 1578 1301 1643 Set/ium,
1331 1582 1477 1650 quod
1516 1585 1990 1650 compensationem
2012 1600 2106 1639 so-

518 1674 630 1717 nat.
666 1665 931 1721 Excitavit
995 1671 1157 1735 enim,
1194 1673 1391 1741 inquit,
1426 1674 1553 1728 mihi
1590 1674 1730 1728 Deus
1765 1676 1981 1739 stirpem
2010 1692 2105 1745 pro

516 1759 697 1825 Abelo,
730 1778 881 1831 quem
915 1763 1176 1832 interfecit
1203 1764 1338 1819 Cain
1364 1766 1406 1817 ⁸.
1436 1764 1556 1820 Jam
1588 1783 1711 1822 cum
1742 1768 1813 1821 ita
1837 1768 2100 1838 loquitur:

2217 667 2356 720 Κάῖν
2399 669 2492 721 καὶ
2522 670 2688 723 Ἀϐελ
2736 671 2795 736 ἐξ
2844 674 2962 738 ἑνὸς
3012 679 3218 749 πατρὸς
3261 682 3355 734 καὶ
3399 684 3528 752 μιᾶς
3577 686 3799 755 μητρός.

2219 759 2412 827 Ἔγνω
2436 760 2565 830 γὰρ,
2593 764 2777 833 φησὶν,
2798 765 2968 837 Ἀδὰμ
2997 771 3162 823 Εὕαν
3181 771 3297 839 τὴν
3316 775 3569 841 γυναῖκα
3593 777 3798 840 αὐτοῦ,

2214 853 2311 905 καὶ
2338 856 2739 910 συλλαϐοῦσα
2772 858 2939 913 ἔτεκε
2975 861 3082 915 τὸν
3103 863 3253 917 Κάϊν
3272 882 3285 895 ·
3322 868 3413 920 καὶ
3450 868 3676 923 ἐπέθετο
3706 872 3797 923 αὐ-

2214 941 2291 1011 τῷ
2336 942 2505 1012 ὄνομα
2551 946 2710 1010 Κὰῖν,
2760 949 2896 1023 ὅπερ
2940 953 3302 1023 ἑρμηνεύεται
3332 958 3546 1025 κτίσις,
3581 960 3757 1029 λέγων
3783 980 3795 992 ·

2226 1034 2611 1116 Ἐκτησάιιην
2642 1038 2778 1092 υἱὸν
2800 1040 2898 1094 διὰ
2934 1044 3155 1111 Κυρίου
3180 1047 3327 1101 Θεου
3348 1064 3362 1080 ·
3395 1050 3488 1103 καὶ
3522 1052 3682 1105 πάλιν
3711 1053 3801 1106 τὸν

2218 1125 2382 1179 Ἀϐελ
2402 1141 2415 1156 ⁸
2449 1129 2644 1197 ἜγνωΔ
2664 1129 2835 1200 Ἀδὰμ
2856 1134 3023 1187 Εὕαν
3051 1135 3165 1203 τὴν
3192 1140 3447 1207 γυναῖκα
3469 1144 3678 1207 αὐτοῦ,
3701 1146 3798 1199 καὶ

2213 1220 2617 1274 συλλαϐοῦσα
2653 1222 2859 1278 ἔτεκεν
2897 1225 3050 1293 υἱὸν,
3080 1230 3177 1283 καὶ
3209 1231 3466 1287 ἐκάλεσε
3515 1234 3580 1288 τὸ
3614 1236 3801 1306 ὄνομα

2212 1310 2400 1365 αὐτοῦ
2428 1314 2620 1368 Ἅϐελ.
2648 1313 2753 1368 Καὶ
2779 1317 2916 1387 μετὰ
2946 1319 3114 1373 πολλὰ
3145 1323 3285 1392 μετὰ
3311 1324 3372 1377 τὸ
3401 1326 3691 1380 ἀποθανεῖν
3710 1327 3800 1381 τὸν

2215 1403 2381 1456 Ἀϐελ
2403 1420 2414 1432 ⁸
2451 1406 2557 1458 Καὶ
2589 1406 2744 1476 ἔγνω
2782 1408 2957 1479 Ἀδὰμ
2980 1410 3146 1467 Εὔαν
3167 1414 3284 1484 τὴν
3306 1419 3559 1488 γυναῖκα
3592 1420 3796 1481 αὐτοῦ,

2211 1494 2309 1547 καὶ
2368 1498 2770 1554 συλλαϐοῦσα
2824 1500 3032 1557 ἔτεκεν
3081 1506 3235 1570 υἱὸν,
3279 1508 3377 1561 καὶ
3428 1510 3686 1565 ἐκάλεσε
3732 1514 3797 1565 τὸ

2213 1586 2400 1655 ὄνομα
2445 1590 2629 1643 αὐτοῦ
2658 1591 2803 1659 Σὴθ,
2835 1594 2971 1664 ὅπερ
3018 1596 3373 1668 ἑρμηνεύεται
3404 1601 3753 1672 ἀπαλλαγή
3778 1619 3794 1635 ·

2224 1677 2542 1747 Ἂνέστησε
2570 1679 2681 1748 γάρ
2701 1700 2803 1751 μοι
2843 1687 2876 1738 ό
2911 1685 3055 1751 Θεὸς
3076 1688 3315 1756 σπέρμα
3347 1689 3481 1744 ἀντὶ
3515 1692 3706 1757 Ἅϐελ,
3726 1693 3799 1746 ὃν

2210 1766 2519 1821 ἀπέκτεινε
2545 1771 2712 1824 Κάϊν.
2747 1773 2818 1826 Τὸ
2850 1774 2928 1840 δὲ,
2947 1776 3323 1847 Ἐκτησάμην
3351 1778 3449 1833 διὰ
3481 1782 3649 1848 Θεοῦ,
3682 1783 3795 1848 καὶ,

517 1846 737 1902 I’ossedi
769 1851 1031 1905 hominem
1052 1868 1143 1921 per
1161 1854 1363 1919 Deum;
1387 1863 1461 1921 et,
1487 1855 1751 1911 Excitavit
1777 1833 2105 1922 milii-Deus;

2226 1858 2543 1927 Ἀνέστησέ
2561 1879 2663 1929 μοι
2690 1866 2721 1915 ὀ
2753 1833 2925 1932 Θεὸς,
2955 1866 3051 1921 ἕνα
3085 1833 3218 1921 (θεὸν
3259 1833 3498 1924 δείκνυσι
3528 1833 3797 1925 τδνῐπάνί

519 1955 685 1990 unum
712 1955 833 1995 esse
871 1940 1035 1996 Deum
1073 1944 1298 2011 indicat,
1334 1946 1426 2015 qui
1459 1957 1511 2002 et
1549 1948 1805 2003 universa
1842 1947 2103 2002 condide-

2214 1968 2317 2034 τῳν
2352 1951 2603 2022 ποιητὴν,
2638 1954 2734 2007 καὶ
2779 1955 2937 2027 δότην
2986 1958 3093 2012 τῶν
3135 1963 3696 2034 γεγεννημένων.”οτι
3737 1963 3796 2016 δὲ

518 2036 607 2089 rit.
634 2040 687 2086 et
714 2049 807 2087 eos
836 2035 985 2104 ipsos
1010 2036 1101 2105 qui
1139 2039 1300 2106 geniti
1336 2050 1465 2094 sunt
1489 2040 1721 2111 benigne
1742 2043 2101 2099 concesserit.

2214 2031 2354 2091 οὗτοι
2383 2038 2539 2109 ἔσχον
2574 2046 2858 2109 γυναῖκας,
2889 2046 2917 2099 ὅ
2942 2064 3001 2099 τε
3032 2049 3171 2102 Κάῖν
3199 2052 3294 2104 καὶ
3327 2031 3512 2125 όννΣὴθ,
3540 2054 3717 2124 δῆλον.
3736 2055 3794 2107 Ὁ

515 2126 670 2190 Quod
705 2142 835 2180 vero
867 2143 1067 2183 uxores
1098 2130 1259 2183 ambo
1300 2130 1399 2195 illi,
1432 2132 1639 2189 Cainus
1667 2149 1731 2188 ac
1753 2132 1976 2199 Sethus,
2008 2135 2105 2188 ha—

2214 2128 2319 2200 γὰρ
2356 2131 2519 2183 Ἀϐελ
2549 2132 2813 2205 νεώτερος
2843 2138 3182 2210 ἀπεκτάνθη,
3225 2144 3452 2215 μηδέπω
3481 2147 3685 2215 γήμας.

518 2218 754 2284 buerint,
784 2222 1008 2277 minime
1036 2231 1117 2276 est
1148 2222 1466 2280 obscurum.
1498 2225 1634 2280 Nam
1658 2228 1863 2284 Abelus
1888 2236 2101 2282 matura
2140 2221 2381 2277 nondum
2414 2232 2574 2281 aetate
2607 2228 2857 2284 sublatus
2887 2240 2970 2285 est
2998 2248 3028 2287 e
3066 2235 3273 2291 medio:
3310 2253 3483 2307 neque
3548 2252 3607 2292 se
3672 2251 3793 2292 ma-

517 2317 773 2371 trimonio
797 2319 1182 2386 conjunxerat.

588 2410 673 2465 Vl.
710 2411 939 2467 Exstant
978 2415 1031 2468 in
1066 2415 1332 2482 Jubilaeis,
1367 2419 1458 2489 qui
1492 2421 1629 2477 liber
1662 2421 1891 2479 Genesis
1929 2422 2103 2477 Parva

517 2502 736 2563 dicitur.
776 2521 1006 2559 uxorum
1062 2506 1219 2562 Caini
1268 2508 1534 2581 Sethique
1580 2515 1838 2581 nomina,
1890 2523 1950 2569 ut
2007 2514 2103 2584 qui

519 2596 777 2650 conﬁctas
826 2598 948 2653 illas
980 2597 1194 2654 fabulas
1238 2602 1294 2655 in
1349 2603 1633 2659 hominum
1678 2607 1845 2660 vitam
1886 2607 2105 2661 invexe-

519 2694 665 2749 rnnt,
725 2688 931 2755 pudore
980 2691 1206 2745 omnino
1262 2693 1669 2751 suﬁ'undantur.
1715 2698 1929 2753 Etenim
1976 2716 2102 2753 cum

519 2778 759 2832 Adamus
812 2780 1098 2849 utriusque
1134 2799 1299 2841 sexus
1340 2787 1542 2843 liberos
1594 2793 1949 2861 suscepisset,
2008 2808 2106 2847 ne-

519 2883 673 2922 cesse
702 2884 798 2937 per
831 2871 919 2923 illa
952 2880 1195 2943 tempora
1226 2876 1347 2943 fuit,
1389 2888 1447 2932 ut
1481 2882 1572 2935 lilii
1605 2884 1948 2938 matrimonia
1978 2899 2102 2938 cum

519 2960 799 3013 sororibus
828 2962 1047 3017 inirent.
1087 2964 1271 3035 Neque
1306 2969 1358 3022 id
1389 2980 1507 3024 erat
1547 2974 1898 3029 interdictum
1928 2996 1940 3029 :
1975 2992 2103 3045 pro-

520 3060 701 3119 pterea
743 3055 885 3122 quod
941 3072 1112 3124 genus
1159 3060 1305 3113 aliud
1358 3072 1476 3116 erat
1532 3064 1811 3119 hominum
1869 3070 2099 3123 nullum.

519 3141 661 3207 Quin
684 3145 847 3197 etiam
870 3146 1113 3202 Adamus
1137 3150 1253 3219 ipse
1271 3167 1393 3206 cum
1428 3170 1546 3221 sua,
1586 3164 1644 3209 ut
1676 3158 1746 3211 ita
1773 3159 1972 3221 dicam,
2001 3161 2105 3213 ﬁlia

519 3236 773 3305 Coujugio
807 3240 1050 3296 sociatus
1098 3252 1201 3308 est,
1230 3262 1392 3315 quam
1434 3248 1502 3303 de
1535 3251 1655 3317 ejus
1700 3268 1929 3322 corpore
1967 3255 2107 3310 Deus

520 3325 800 3382 ellinxerat
833 3349 846 3384 :
887 3330 1039 3386 nefas
1070 3334 1216 3387 enim
1263 3337 1394 3390 illud
1444 3355 1551 3393 non
1596 3349 1732 3395 erat.
1769 3342 1833 3395 Et
1861 3359 1927 3397 ex
1962 3346 2107 3400 illius

522 3417 727 3482 liberis,
759 3420 960 3478 Cainus
986 3440 1230 3481 sororem
1254 3441 1385 3483 natu
1416 3432 1677 3499 majorem
1710 3434 1885 3500 duxit,
1914 3435 2109 3491 Savem

523 3511 760 3566 nomine.
798 3511 1001 3570 Sethus
1045 3519 1436 3586 porroAdanii
1486 3522 1720 3578 ﬁliorum
1755 3528 1950 3581 tertius
1988 3537 2111 3597 post

523 3600 753 3654 Abclum
784 3606 1000 3671 genitus
1032 3623 1154 3660 cum
1202 3610 1303 3662 alia
1337 3626 1525 3667 sorore
1565 3615 1745 3669 Azura
1783 3619 2110 3686 eonjunctus

524 3700 626 3744 est.
670 3691 912 3749 Fuerunt
938 3704 991 3750 et
1024 3699 1115 3752 alii
1160 3701 1373 3756 Adamo
1407 3703 1584 3769 liberi,
1614 3718 1671 3761 ut
1710 3709 1764 3762 in
1814 3709 1985 3765 Parva
2021 3713 2112 3766 illa

526 3782 722 3839 Genesi
789 3789 1059 3857 scriptum
1123 3799 1230 3856 est,
1287 3808 1480 3849 novem
1544 3799 1755 3854 scilicet
1812 3804 2112 3859 secundum

525 3876 737 3944 priores
763 3877 885 3933 illos
909 3887 1042 3944 trcs,
1072 3890 1131 3935 ut
1162 3884 1218 3939 in
1246 3894 1419 3939 totum
1445 3888 1584 3946 ﬁlias
1604 3890 1762 3956 duas,
1783 3909 1962 3950 mares
1986 3895 2116 3951 duo-

527 3968 703 4021 decim
739 3973 1073 4040 susceperit;
1106 3990 1137 4027 e
1170 3976 1371 4045 quibus
1408 3981 1625 4036 occisus
1666 3999 1828 4047 unus,
1864 3986 2113 4041 undecim

528 4063 852 4129 superstites
884 4065 1058 4119 relicti
1084 4077 1231 4122 sunt.
1262 4069 1393 4135 Quae
1418 4074 1603 4126 omnia
1636 4074 1689 4128 in
1719 4072 1903 4131 mundi
1930 4078 2111 4148 Origi-

528 4153 710 4217 nibus,
746 4169 809 4208 ac
849 4158 1027 4224 primo
1055 4157 1221 4215 Mosis
1262 4163 1539 4219 volumine
1572 4166 1656 4221 his
1688 4169 1870 4223 verbis
1907 4170 2116 4241 signiﬁ-

526 4253 765 4298 cantur:
806 4246 873 4299 Et
900 4250 1027 4302 vixit
1071 4251 1246 4305 Adam
1270 4255 1424 4308 annis
1470 4260 1745 4327 nongenti:
1797 4263 2036 4332 triginta,
2064 4272 2115 4317 et

526 4338 707 4405 genuit
734 4339 879 4407 ﬁlios
899 4350 948 4395 et
972 4342 1139 4412 ﬁlias,
1171 4352 1219 4399 et
1260 4355 1499 4402 mortuus
1528 4358 1616 4417 ,εει
1647 4350 1689 4403 ⁵.

601 4601 770 4671 288
794 4600 904 4655 V'll.
936 4602 1201 4661 Caeterum
1230 4610 1561 4679 ampliﬁcato
1581 4612 1863 4670 hominum
1896 4631 2115 4689 genere,

2277 2416 2367 2481 (τ’.
2420 2416 2507 2480 Ὣς
2548 2416 2605 2470 δὲ
2655 2419 2713 2471 ἐν
2740 2420 2853 2481 τοῖς
2878 2418 3210 2491 Ίωὸηλαίοις
3235 2420 3567 2491 εὑρίσκεται,
3597 2423 3661 2492 τῇ
3696 2408 3791 2476 καὶ

2203 2506 2598 2575 Λεπτογενέσει
2630 2510 2796 2563 καλου
2806 2511 2963 2581 μένῃ,
2997 2514 3091 2564 καὶ
3120 2512 3187 2566 τὰ
3214 2512 3451 2583 ὀνόματα
3479 2513 3584 2567 τῶν
3606 2532 3792 2583 γυναι-

2204 2600 2315 2652 κῶν
2345 2600 2436 2653 τοῦ
2470 2619 2527 2654 τε
2556 2604 2694 2656 Κάῖν
2724 2604 2818 2655 καὶ
2849 2604 2942 2656 τοῦ
2974 2604 3080 2675 Σὴθ
3136 2607 3168 2676 ή
3198 2605 3377 2676 βίϐλος
3405 2606 3678 2677 περιέχει·
3703 2608 3792 2662 ἵνα

2205 2693 2349 2746 κατὰ
2395 2693 2573 2747 πάντα
2616 2696 2816 2767 τρόπον
2860 2692 3005 2751 οὗτοι
3052 2698 3539 2767 καταισχυνθῶσιν,
3572 2701 3620 2753 οἱ
3662 2701 3791 2765 τοὺς

2212 2782 2415 2854 μύθους
2460 2784 2538 2855 τῷ
2582 2785 2683 2855 βίῳ
2715 2787 3152 2858 ραψῳδήσαντες.
3184 2788 3289 2841 Τοῦ
3321 2789 3430 2859 γὰρ
3461 2790 3636 2860 Ἀδὰμ.
3666 2808 3791 2859 γεν-

2210 2880 2470 2951 νήσαντος
2505 2880 2651 2943 υἱοὺς
2680 2880 2773 2933 καὶ
2816 2880 3144 2951 θυγατέρας,
3177 2882 3391 2951 ἀνάγκη
3438 2882 3627 2951 γέγονε
3670 2885 3791 2936 κατ’

2209 2970 2384 3023 ἐκεῖνο
2419 2970 2611 3041 καιροῦ
2648 2970 2904 3039 ἀδελφαῖς
2940 2974 3059 3035 ταῖς
3102 2973 3261 3036 ἰδίαις
3295 2972 3631 3045 συναφθῆναι
3669 2975 3795 3037 τοὺς

2212 3062 2426 3125 παῖδας.
2462 3063 2534 3114 Ox)
2567 3061 2675 3133 γὰρ
2704 3058 2771 3133 ἦν
2797 3063 3111 3134 παράνομον
3138 3065 3198 3117 τὸ
3226 3064 3465 3117 τοιοῦτον
3493 3082 3507 3095 ·
3540 3065 3660 3117 ἐπεὶ
3688 3083 3795 3136 μη-

2135 3133 2176 3188 c
2209 3153 2295 3206 δὲν
2321 3156 2505 3226 ἕτερον
2535 3156 2689 3222 γένος
2714 3151 2801 3224 ἦν.
2828 3157 2937 3209 Καὶ
2974 3133 3082 3226 γὰρ
3113 3157 3205 3209 καὶ
3234 3158 3416 3219 αὐτὸς,
3444 3158 3520 3220 ὡς
3553 3133 3795 3220 ἕποςήεί-

2212 3249 2355 3310 πεῖν,
2387 3250 2414 3299 ό
2458 3247 2629 3317 Ἀδὰμ
2654 3250 2719 3317 τῇ
2754 3247 2858 3318 ἰδίᾳ
2892 3246 3122 3318 θυγατρὶ
3152 3247 3335 3317 σχεδὸν
3366 3251 3431 3319 τῇ
3462 3250 3525 3301 ὲκ
3562 3248 3654 3302 τοῦ
3688 3247 3797 3301 σώ-

2214 3355 2380 3415 ματος
2406 3337 2570 3390 αὐτοῦ
2617 3337 2914 3408 πλασθείσῃ
2944 3337 3209 3408 συνήιρθη,
3242 3338 3380 3392 κατὰ
3408 3338 3670 3407 συζυγίαν
3700 3338 3799 3391 αύ-

2210 3428 2288 3499 τῷ
2316 3432 2380 3489 ἐκ
2407 3429 2543 3482 Θεοῦ
2581 3429 2959 3500 πεπλασμένῃ,
2992 3431 3084 3482 καὶ
3113 3431 3212 3483 ούκ
3250 3426 3318 3500 ἦν
3363 3432 3679 3503 παράνομον
3698 3451 3711 3462 ο
3742 3434 3801 3487 οἶ

2211 3541 2270 3575 τε
2298 3523 2487 3575 τούτου
2518 3524 2624 3575 υἱοὶ
2655 3522 3004 3592 συνήφθησαν
3029 3525 3056 3575 ὁ
3096 3523 3192 3592 μὲν
3226 3524 3366 3577 Κάῖν
3401 3528 3466 3595 τῇ
3495 3524 3697 3597 ἀδελφῇ
3727 3530 3796 3597 τῇ

2217 3615 2421 3685 μείζονι
2470 3614 2636 3685 Σαυὴ,
2666 3614 2807 3667 οὕτω
2833 3616 3162 3686 καλουμένῃ,
3192 3619 3220 3670 ὁ
3250 3618 3306 3671 δὲ
3332 3617 3439 3689 Σὴθ
3469 3618 3652 3689 τρίτος
3689 3618 3804 3681 υἱὸς

2220 3707 2362 3779 μετὰ
2390 3708 2480 3762 τὸν
2510 3707 2677 3760 ’Ἅϐελ
2709 3708 2991 3778 γεννηθεὶς
3022 3712 3087 3779 τῇ
3114 3709 3380 3781 λεγομένῃ
3406 3708 3570 3763 αὑτοῦ
3601 3708 3802 3780 ἀδελφῇ

2228 3800 2476 3871 Ἀζουρᾷ.
2511 3801 2771 3868 Γεγόνασι
2800 3801 2856 3853 δὲ
2883 3800 2961 3871 τῷ
2986 3802 3160 3871 Ἀδὰμ
3191 3804 3282 3856 καὶ
3315 3802 3463 3856 ἄλλοι
3496 3804 3625 3865 υἱοὶ,
3659 3802 3733 3864 ὡς
3766 3804 3798 3871 ἡ

2216 3892 2401 3963 Λεπτὴ
2438 3892 2656 3955 Γένεσις
2690 3892 2953 3963 περιέχει,
2986 3894 3142 3946 ἐννέα
3179 3894 3316 3964 μετὰ
3343 3895 3470 3957 τοὺς
3499 3896 3647 3964 τρεῖς
3672 3892 3800 3947 τού-

2218 4000 2342 4046 τους
2363 4001 2375 4013 ·
2410 3984 2485 4047 ὡς
2523 3981 2660 4037 εἶναι
2703 3985 2851 4056 αὐτῷ
2875 3985 2968 4039 δύο
2997 3986 3095 4056 μὲν
3128 3986 3450 4058 θυγατέρας,
3477 3988 3714 4059 ἄρρενας
3742 3987 3803 4040 δὲ

2218 4074 2479 4128 δεκαδύο·
2515 4076 2609 4128 ’ἐνα
2647 4076 2745 4147 μὲν
2778 4078 3209 4142 ἀποκτανθέντα,
3252 4079 3441 4133 ἕνδεκα
3478 4079 3535 4132 δὲ
3571 4079 3779 4151 περιλει

2222 4166 2453 4233 φθέντας
2478 4167 2554 4238 τῷ
2586 4168 2902 4241 βίῳ.’Έχεις
2923 4170 2980 4223 δὲ
3012 4172 3107 4224 καὶ
3138 4171 3343 4225 τούτων
3366 4174 3465 4243 τὴν
3490 4173 3725 4243 ἔμφασιν
3746 4174 3805 4226 ὲν

2220 4260 2286 4328 τῇ
2314 4259 2532 4312 Γενέσει
2561 4260 2652 4312 τοῦ
2680 4261 2912 4333 κόσμου,
2945 4262 3036 4315 καὶ
3065 4263 3256 4334 πρώτῃ
3281 4263 3447 4334 βίϐλῳ
3474 4266 3624 4336 παρά
3648 4266 3806 4319 Μωῦο

2224 4352 2306 4402 σεῖ
2345 4349 2489 4403 οὕτω
2533 4352 2845 4424 φασκούσῃο
2878 4354 2987 4407 Καὶ
3012 4353 3227 4421 ἔζησεν
3267 4354 3439 4423 Ἀδὰμ
3484 4356 3589 4423 ἐτη
3631 4356 3805 4409 ἐννα·

2223 4443 2403 4495 κόσια
2426 4441 2765 4509 τριάκοντα,
2798 4444 2896 4498 καὶ
2923 4444 3256 4514 ἐγέννησεν
3294 4445 3462 4512 υἱοὺς
3501 4446 3597 4498 καὶ
3630 4450 3791 4514 θυγα

2222 4533 2418 4600 τέρας,
2450 4533 2549 4587 καὶ
2587 4533 2869 4589 ἀπέθανε.

2295 4627 2369 4679 ι’.
2412 4625 2833 4679 ΙΙλατυνθέντων
2881 4626 2939 4679 δὲ
2965 4626 3074 4680 τῶν
3101 4626 3401 4698 ἀνθρώπων
3434 4627 3568 4698 (51),
3595 4629 3689 4683 καὶ
3712 4628 3807 4699 τῆς

530 4704 803 4765 auctuque
833 4703 1177 4764 posterorum
1208 4699 1401 4755 Adami
1447 4719 1698 4769 numero,
1742 4706 2110 4765 honestissimi

2225 4719 2416 4786 γενεᾶς
2448 4717 2541 4771 τοῦ
2566 4718 2736 4789 Ἀδὰμ
2761 4720 3236 4791 ὲπεκτεινομένης,
3273 4723 3305 4791 ἡ
3333 4721 3588 4792 ἀκρίϐεια
3613 4722 3645 4792 ὴ
3672 4723 3807 4774 κατὰ

531 4787 864 4841 matrimonii
880 4788 1071 4856 pudori
1088 4794 1521 4850 accuratioribus
1539 4797 1795 4865 paulatim
1811 4800 2019 4869 legibus
2033 4811 2110 4857 est

2226 4785 2316 4863 τὸν
2355 4810 2532 4880 γάμον
2564 4810 2653 4864 τὸν
2689 4785 2883 4881 σεμνὸν
2924 4785 3253 4865 ἐπλατύνετο
3294 4785 3541 4884 ’καθεξῆς
3582 4785 3803 4884 προϐαί-

530 4878 865 4933 consultum.
888 4876 990 4932 Ubi
1019 4881 1160 4934 enim
1180 4882 1389 4938 Adamo
1424 4884 1516 4938 ﬁlii
1555 4902 1618 4941 ac
1646 4897 1871 4958 nepotes
1914 4891 2123 4962 obtige-

533 4982 661 5026 runt
681 4990 694 5039 ;
714 4989 779 5026 ex
816 4972 991 5039 iisque
1011 4973 1132 5029 ﬁlia:
1149 4978 1364 5046 generis
1392 4981 1745 5037 successione
1778 4994 2080 5055 procreatae
2104 5005 2118 5053 ;

532 5070 648 5117 tum
667 5064 884 5118 demum
905 5080 1124 5121 sorores
1148 5068 1202 5121 in
1222 5070 1570 5125 matrimonio
1592 5072 1794 5129 habere
1810 5090 1919 5129 non
1940 5076 2117 5135 licuit.

532 5152 723 5224 Itaque
765 5157 850 5210 vel
881 5163 1007 5211 ante
1034 5158 1297 5229 scriptam
1334 5176 1365 5214 a
1407 5160 1591 5233 Moyse
1618 5162 1817 5235 Legem
1862 5166 2121 5224 honesta-

2228 4917 2413 4952 νουσα.
2444 4900 2553 4953 Καὶ
2581 4902 2811 4973 ἐπείπερ
2854 4903 3109 4970 γεγόνασι
3141 4904 3330 4968 παῖδες
3370 4904 3447 4972 τῷ
3478 4905 3671 4976 Ἀδὰμ,
3716 4903 3809 4957 καὶ

2229 4992 2416 5054 παῖδες
2455 4992 2657 5046 παίδων
2680 5010 2691 5023 ·
2723 4993 3020 5065 θυγατέρες
3051 4989 3108 5049 δὲ
3140 4999 3203 5049 ὲκ
3233 4996 3437 5051 τούτων
3461 4998 3603 5051 κατὰ
3641 4998 3804 5051 διαδο-

2228 5082 2328 5152 χὴν
2366 5081 2555 5150 γένους
2589 5084 2988 5154 ἐγεννήθησαν·
3025 5086 3211 5139 λοιπὸν
3256 5087 3441 5141 οὐκέτι
3485 5092 3585 5151 τὰς
3629 5089 3810 5142 αὐτῶν

2227 5172 2464 5243 ἀδελφὰς
2498 5175 2634 5244 πρὸς
2662 5174 2839 5246 γάμον
2861 5177 3075 5248 ἤγοντο.
3096 5176 3256 5231 Ἀλλὰ
3285 5181 3366 5242 εις
3398 5180 3656 5251 εὐνομίαν
3678 5197 3811 5233 κατ-

607 5312 623 5342 ¹
652 5309 787 5366 Gen.
825 5328 897 5378 tv,
928 5313 980 5369 1.
1056 5316 1077 5346 ⁸
1116 5315 1247 5370 ibid.
1327 5318 1348 5350 ³
1379 5319 1509 5374 ibid.
1544 5321 1597 5376 2.
1673 5322 1695 5355 ⁸
1730 5324 1861 5382 ibid.
1897 5326 1988 5383 25.
2064 5330 2084 5362 ⁸
2108 5328 2242 5387 Gen.
2276 5349 2329 5397 v,
2360 5334 2415 5391 4.

607 5428 718 5510 (fil)
777 5430 1246 5510 ῷῑαζυνθᾷντιον
1301 5433 1368 5510 δὲ
1416 5436 1535 5489 τῶν
1587 5440 1933 5509 ἀνθρώπων.
1985 5444 2109 5500 Hrec

534 5499 755 5584 quidem
798 5499 1085 5570 Epiphanii
1117 5505 1386 5584 sententia
1420 5499 1819 5584 est_,__qu:im__et
1852 5499 2115 5584 Augusti-

540 5585 643 5647 nus
671 5569 764 5647 lib.
804 5569 916 5623 χχιι
947 5582 1090 5629 cont.
1121 5572 1321 5647 faust.
1366 5592 1486 5647 cap.
1512 5569 1604 5641 35;
1634 5589 1688 5635 et
1721 5569 2112 5641 Hieronfcont.

545 5637 754 5691 Helvid.
803 5649 1026 5720 tuentur
1060 5660 1071 5694 :
1106 5637 1699 5720 Abrahami'tempore
1759 5637 2120 5710 nefas'l'uisse

541 5723 760 5783 sorores
804 5726 872 5764 ex
911 5714 1083 5783 altero
1124 5725 1350 5783 parente
1391 5714 1613 5774 ducere.
1660 5720 1767 5775 Sed
1816 5725 2116 5779 reclamant

544 5780 819 5849 plerique,
850 5783 942 5851 qui
977 5780 1168 5839 Saraiu
1198 5785 1490 5843 Abrahami
1523 5805 1767 5847 sororem
1798 5791 1969 5851 fuisse
2000 5811 2111 5853 non

2218 5450 2493 5515 dubitant,
2529 5451 2679 5523 quod
2703 5462 2756 5508 et
2790 5451 3136 5507 Abrahamus
3165 5451 3301 5522 ipse,
3327 5452 3466 5507 Gen.
3488 5469 3582 5523 χι,
3608 5452 3812 5509 diserte

2218 5523 2529 5591 proﬁtetur.
2548 5522 2689 5605 lino
2706 5540 2835 5579 vero
2858 5533 2930 5605 et.
2950 5523 3447 5605 Davidisntempore
3478 5522 3718 5605 fortasse
3746 5527 3811 5576 li-

2218 5593 2349 5648 cuit.
2380 5595 2592 5664 Alioqui
2630 5594 2869 5649 Thamar
2902 5592 3117 5646 Amnon
3176 5593 3331 5646 fratri
3381 5610 3481 5649 suo
3527 5610 3634 5664 non
3663 5594 3807 5647 dice-

2218 5671 2320 5729 ret,
2354 5673 2499 5746 utnse
2521 5663 3157 5746 iconjugenra_parente
3190 5664 3495 5746 postularet
3526 5703 3543 5731 ,
3586 5663 3634 5720 ll
3676 5664 3813 5737 Reg.

2222 5751 2381 5792 χχιιι.
2412 5734 2735 5808 Quanquam
2764 5736 2879 5793 scio
2905 5734 3021 5789 haec
3056 5735 3215 5790 aliter
3244 5735 3443 5808 accipi.
