  <div class='ocr_page' id='page_1' title='image "/cluster/home/n/w/nwhite01/storage/ocr_20150623/41/nnc1.0046978747/380.png"; bbox 0 0 4156 6358; ppageno 0'>
   <div class='ocr_carea' id='block_1_1' title="bbox 362 375 468 429">
    <p class='ocr_par' dir='ltr' id='par_1_1' title="bbox 362 375 468 429">
     <span class='ocr_line' id='line_1_1' title="bbox 362 375 468 429; baseline -0.009 0"><span class='ocrx_word' id='word_1_1' title='bbox 362 375 468 429; x_wconf 76' lang='lat'><strong>673</strong></span> 
     </span>
    </p>
   </div>
   <div class='ocr_carea' id='block_1_2' title="bbox 1002 330 3073 431">
    <p class='ocr_par' dir='ltr' id='par_1_2' title="bbox 1002 330 3073 431">
     <span class='ocr_line' id='line_1_2' title="bbox 1002 330 3073 431; baseline -0.002 0"><span class='ocrx_word' id='word_1_2' title='bbox 1002 374 1376 431; x_wconf 77' lang='lat' dir='ltr'><strong>ADVERSUS</strong></span> <span class='ocrx_word' id='word_1_3' title='bbox 1415 374 1757 431; x_wconf 63' lang='lat' dir='ltr'><strong>liIERESES</strong></span> <span class='ocrx_word' id='word_1_4' title='bbox 1796 370 1925 431; x_wconf 83' lang='lat' dir='ltr'><strong>LIB.</strong></span> <span class='ocrx_word' id='word_1_5' title='bbox 1971 375 2011 430; x_wconf 89' lang='grc' dir='ltr'>Ι.</span> <span class='ocrx_word' id='word_1_6' title='bbox 2051 373 2216 430; x_wconf 83' lang='grc' dir='ltr'>ΤΟΜ.</span> <span class='ocrx_word' id='word_1_7' title='bbox 2256 374 2344 429; x_wconf 84' lang='lat' dir='ltr'><strong>Ill.</strong></span> <span class='ocrx_word' id='word_1_8' title='bbox 2385 404 2454 414; x_wconf 92' lang='lat'><em>—</em></span> <span class='ocrx_word' id='word_1_9' title='bbox 2494 373 2768 431; x_wconf 66' lang='lat' dir='ltr'><strong>HIERES.</strong></span> <span class='ocrx_word' id='word_1_10' title='bbox 2810 372 3057 430; x_wconf 65' lang='lat' dir='ltr'><strong>XXXIX.</strong></span> 
     </span>
    </p>
   </div>
   <div class='ocr_carea' id='block_1_3' title="bbox 3543 373 3657 432">
    <p class='ocr_par' dir='ltr' id='par_1_3' title="bbox 3543 373 3657 432">
     <span class='ocr_line' id='line_1_3' title="bbox 3543 373 3657 432; baseline -0.026 -1"><span class='ocrx_word' id='word_1_11' title='bbox 3543 373 3657 432; x_wconf 55' lang='lat' dir='ltr'><strong>fu</strong></span> 
     </span>
    </p>
   </div>
   <div class='ocr_carea' id='block_1_4' title="bbox 361 485 1962 561">
    <p class='ocr_par' dir='ltr' id='par_1_4' title="bbox 361 486 1962 561">
     <span class='ocr_line' id='line_1_4' title="bbox 361 486 1962 561; baseline -0.001 -17"><span class='ocrx_word' id='word_1_12' title='bbox 361 494 512 559; x_wconf 76' lang='grc' dir='ltr'>έστη,</span> <span class='ocrx_word' id='word_1_13' title='bbox 550 488 645 541; x_wconf 77' lang='grc' dir='ltr'><strong>καὶ</strong></span> <span class='ocrx_word' id='word_1_14' title='bbox 692 486 799 558; x_wconf 79' lang='grc' dir='ltr'><strong>πρδ</strong></span> <span class='ocrx_word' id='word_1_15' title='bbox 848 486 943 542; x_wconf 88' lang='grc' dir='ltr'><strong>τοῦ</strong></span> <span class='ocrx_word' id='word_1_16' title='bbox 986 487 1075 542; x_wconf 81' lang='grc' dir='ltr'>διὰ</span> <span class='ocrx_word' id='word_1_17' title='bbox 1092 489 1390 553; x_wconf 75' lang='grc' dir='ltr'>’Μωῦσέως</span> <span class='ocrx_word' id='word_1_18' title='bbox 1428 490 1708 560; x_wconf 67' lang='grc' dir='ltr'>ἐγγράφου</span> <span class='ocrx_word' id='word_1_19' title='bbox 1741 491 1907 561; x_wconf 88' lang='grc' dir='ltr'>νόμου</span> <span class='ocrx_word' id='word_1_20' title='bbox 1935 492 1962 543; x_wconf 82' lang='grc' dir='ltr'>ὁ</span> 
     </span>
    </p>
   </div>
   <div class='ocr_carea' id='block_1_5' title="bbox 2061 485 3626 561">
    <p class='ocr_par' dir='ltr' id='par_1_5' title="bbox 2068 485 3626 559">
     <span class='ocr_line' id='line_1_5' title="bbox 2068 485 3626 559; baseline 0.003 -18"><span class='ocrx_word' id='word_1_21' title='bbox 2068 504 2190 542; x_wconf 88' lang='lat' dir='ltr'><strong>rum</strong></span> <span class='ocrx_word' id='word_1_22' title='bbox 2223 489 2538 559; x_wconf 91' lang='lat' dir='ltr'><strong>nuptiarum</strong></span> <span class='ocrx_word' id='word_1_23' title='bbox 2589 496 2769 544; x_wconf 79' lang='lat' dir='ltr'><strong>status</strong></span> <span class='ocrx_word' id='word_1_24' title='bbox 2800 489 3022 558; x_wconf 84' lang='lat' dir='ltr'><strong>optimis</strong></span> <span class='ocrx_word' id='word_1_25' title='bbox 3053 485 3286 542; x_wconf 76' lang='lat' dir='ltr'><strong>decretis</strong></span> <span class='ocrx_word' id='word_1_26' title='bbox 3324 488 3626 545; x_wconf 67' lang='lat' dir='ltr'><strong>constituta</strong></span> 
     </span>
    </p>
   </div>
   <div class='ocr_carea' id='block_1_6' title="bbox 361 579 1960 651">
    <p class='ocr_par' dir='ltr' id='par_1_6' title="bbox 361 579 1960 651">
     <span class='ocr_line' id='line_1_6' title="bbox 361 579 1960 651; baseline 0.001 -18"><span class='ocrx_word' id='word_1_27' title='bbox 361 579 503 633; x_wconf 74' lang='grc' dir='ltr'>κατὰ</span> <span class='ocrx_word' id='word_1_28' title='bbox 540 579 634 632; x_wconf 83' lang='grc' dir='ltr'><strong>τὸν</strong></span> <span class='ocrx_word' id='word_1_29' title='bbox 669 579 868 649; x_wconf 82' lang='grc' dir='ltr'>σεμνὸν</span> <span class='ocrx_word' id='word_1_30' title='bbox 891 579 1068 649; x_wconf 80' lang='grc' dir='ltr'>γάμον</span> <span class='ocrx_word' id='word_1_31' title='bbox 1104 580 1305 651; x_wconf 84' lang='grc' dir='ltr'>θεσμός</span> <span class='ocrx_word' id='word_1_32' title='bbox 1325 596 1339 610; x_wconf 72' lang='grc'><strong><em>⁸</em></strong></span> <span class='ocrx_word' id='word_1_33' title='bbox 1372 580 1467 633; x_wconf 78' lang='grc' dir='ltr'><strong>καὶ</strong></span> <span class='ocrx_word' id='word_1_34' title='bbox 1500 582 1564 633; x_wconf 82' lang='grc' dir='ltr'>ὲκ</span> <span class='ocrx_word' id='word_1_35' title='bbox 1592 581 1700 633; x_wconf 87' lang='grc' dir='ltr'><strong>τῶν</strong></span> <span class='ocrx_word' id='word_1_36' title='bbox 1744 598 1960 651; x_wconf 89' lang='grc' dir='ltr'>πατρα-</span> 
     </span>
    </p>
   </div>
   <div class='ocr_carea' id='block_1_7' title="bbox 360 669 1962 743">
    <p class='ocr_par' dir='ltr' id='par_1_7' title="bbox 360 669 1962 743">
     <span class='ocr_line' id='line_1_7' title="bbox 360 669 1962 743; baseline 0.002 -21"><span class='ocrx_word' id='word_1_37' title='bbox 360 670 572 739; x_wconf 64' lang='grc' dir='ltr'>δέλφων</span> <span class='ocrx_word' id='word_1_38' title='bbox 600 670 783 723; x_wconf 84' lang='grc' dir='ltr'>αὐτῶν</span> <span class='ocrx_word' id='word_1_39' title='bbox 826 669 923 734; x_wconf 86' lang='grc' dir='ltr'>τὰς</span> <span class='ocrx_word' id='word_1_40' title='bbox 952 671 1197 741; x_wconf 82' lang='grc' dir='ltr'>γαμετὰς</span> <span class='ocrx_word' id='word_1_41' title='bbox 1223 672 1431 726; x_wconf 80' lang='grc' dir='ltr'>ἑαυτῶν</span> <span class='ocrx_word' id='word_1_42' title='bbox 1461 673 1673 743; x_wconf 72' lang='grc' dir='ltr'>ἤγοντο.</span> <span class='ocrx_word' id='word_1_43' title='bbox 1714 673 1824 725; x_wconf 75' lang='grc' dir='ltr'>Καὶ</span> <span class='ocrx_word' id='word_1_44' title='bbox 1870 673 1962 726; x_wconf 81' lang='grc' dir='ltr'>οὖ-</span> 
     </span>
    </p>
   </div>
   <div class='ocr_carea' id='block_1_8' title="bbox 365 759 1963 835">
    <p class='ocr_par' dir='ltr' id='par_1_8' title="bbox 365 759 1963 835">
     <span class='ocr_line' id='line_1_8' title="bbox 365 759 1963 835; baseline 0.003 -23"><span class='ocrx_word' id='word_1_45' title='bbox 365 779 441 813; x_wconf 91' lang='grc' dir='ltr'><strong>τω</strong></span> <span class='ocrx_word' id='word_1_46' title='bbox 470 759 891 831; x_wconf 84' lang='grc' dir='ltr'>πλατυνομένων</span> <span class='ocrx_word' id='word_1_47' title='bbox 925 763 1049 832; x_wconf 86' lang='grc' dir='ltr'>ἄρτι</span> <span class='ocrx_word' id='word_1_48' title='bbox 1084 763 1191 815; x_wconf 87' lang='grc' dir='ltr'><strong>τῶν</strong></span> <span class='ocrx_word' id='word_1_49' title='bbox 1222 762 1525 835; x_wconf 82' lang='grc' dir='ltr'>ἀνθρώπων</span> <span class='ocrx_word' id='word_1_50' title='bbox 1570 765 1735 835; x_wconf 84' lang='grc' dir='ltr'>ἐμίγη</span> <span class='ocrx_word' id='word_1_51' title='bbox 1776 765 1844 817; x_wconf 85' lang='grc' dir='ltr'>τὰ</span> <span class='ocrx_word' id='word_1_52' title='bbox 1870 765 1963 818; x_wconf 91' lang='grc' dir='ltr'><strong>δύο</strong></span> 
     </span>
    </p>
   </div>
   <div class='ocr_carea' id='block_1_9' title="bbox 362 853 1959 929">
    <p class='ocr_par' dir='ltr' id='par_1_9' title="bbox 362 853 1959 929">
     <span class='ocr_line' id='line_1_9' title="bbox 362 853 1959 929; baseline 0.004 -25"><span class='ocrx_word' id='word_1_53' title='bbox 362 853 516 925; x_wconf 82' lang='grc' dir='ltr'>γένη,</span> <span class='ocrx_word' id='word_1_54' title='bbox 552 854 647 907; x_wconf 92' lang='grc' dir='ltr'><strong>τοῦ</strong></span> <span class='ocrx_word' id='word_1_55' title='bbox 690 871 750 906; x_wconf 87' lang='grc' dir='ltr'><strong>τε</strong></span> <span class='ocrx_word' id='word_1_56' title='bbox 785 855 925 908; x_wconf 85' lang='grc' dir='ltr'>Κάῖν</span> <span class='ocrx_word' id='word_1_57' title='bbox 964 855 1103 927; x_wconf 84' lang='grc' dir='ltr'>πρὸς</span> <span class='ocrx_word' id='word_1_58' title='bbox 1132 856 1193 908; x_wconf 79' lang='grc' dir='ltr'><strong>τὸ</strong></span> <span class='ocrx_word' id='word_1_59' title='bbox 1222 855 1378 925; x_wconf 87' lang='grc' dir='ltr'>γένος</span> <span class='ocrx_word' id='word_1_60' title='bbox 1406 856 1500 910; x_wconf 84' lang='grc' dir='ltr'><strong>τοῦ</strong></span> <span class='ocrx_word' id='word_1_61' title='bbox 1535 858 1669 929; x_wconf 80' lang='grc' dir='ltr'>Σὴθ,</span> <span class='ocrx_word' id='word_1_62' title='bbox 1722 859 1817 910; x_wconf 75' lang='grc' dir='ltr'><strong>καὶ</strong></span> <span class='ocrx_word' id='word_1_63' title='bbox 1865 857 1959 911; x_wconf 88' lang='grc' dir='ltr'><strong>τοῦ</strong></span> 
     </span>
    </p>
   </div>
   <div class='ocr_carea' id='block_1_10' title="bbox 364 944 1963 1020">
    <p class='ocr_par' dir='ltr' id='par_1_10' title="bbox 364 944 1963 1020">
     <span class='ocr_line' id='line_1_10' title="bbox 364 944 1963 1020; baseline 0.004 -23"><span class='ocrx_word' id='word_1_64' title='bbox 364 944 471 1015; x_wconf 82' lang='grc' dir='ltr'>Σὴθ</span> <span class='ocrx_word' id='word_1_65' title='bbox 507 946 644 1016; x_wconf 83' lang='grc' dir='ltr'>πρὸς</span> <span class='ocrx_word' id='word_1_66' title='bbox 672 945 919 1017; x_wconf 90' lang='grc' dir='ltr'>θάτερον,</span> <span class='ocrx_word' id='word_1_67' title='bbox 950 946 1044 1000; x_wconf 73' lang='grc' dir='ltr'><strong>καὶ</strong></span> <span class='ocrx_word' id='word_1_68' title='bbox 1081 946 1150 999; x_wconf 81' lang='grc' dir='ltr'>τὰ</span> <span class='ocrx_word' id='word_1_69' title='bbox 1195 947 1329 1001; x_wconf 80' lang='grc' dir='ltr'>ἄλλα</span> <span class='ocrx_word' id='word_1_70' title='bbox 1356 949 1465 1001; x_wconf 92' lang='grc' dir='ltr'><strong>τῶν</strong></span> <span class='ocrx_word' id='word_1_71' title='bbox 1500 951 1631 1002; x_wconf 82' lang='grc' dir='ltr'><strong>υἱῶν</strong></span> <span class='ocrx_word' id='word_1_72' title='bbox 1669 948 1762 1002; x_wconf 92' lang='grc' dir='ltr'><strong>τοῦ</strong></span> <span class='ocrx_word' id='word_1_73' title='bbox 1790 950 1963 1020; x_wconf 82' lang='grc' dir='ltr'>Ἀδὰμ</span> 
     </span>
    </p>
   </div>
   <div class='ocr_carea' id='block_1_11' title="bbox 364 1035 1963 1113">
    <p class='ocr_par' dir='ltr' id='par_1_11' title="bbox 364 1035 1963 1113">
     <span class='ocr_line' id='line_1_11' title="bbox 364 1035 1963 1113; baseline 0.004 -25"><span class='ocrx_word' id='word_1_74' title='bbox 364 1035 518 1106; x_wconf 83' lang='grc' dir='ltr'>γένη.</span> <span class='ocrx_word' id='word_1_75' title='bbox 538 1036 815 1089; x_wconf 81' lang='grc' dir='ltr'><strong>Ἐντεῦθεν</strong></span> <span class='ocrx_word' id='word_1_76' title='bbox 839 1037 1022 1090; x_wconf 81' lang='grc' dir='ltr'>λοιπὸν</span> <span class='ocrx_word' id='word_1_77' title='bbox 1044 1038 1137 1091; x_wconf 89' lang='grc' dir='ltr'><strong>τοῦ</strong></span> <span class='ocrx_word' id='word_1_78' title='bbox 1161 1039 1551 1110; x_wconf 82' lang='grc' dir='ltr'>κατακλυσμοῦ</span> <span class='ocrx_word' id='word_1_79' title='bbox 1578 1040 1749 1113; x_wconf 75' lang='grc' dir='ltr'>ἄρδην</span> <span class='ocrx_word' id='word_1_80' title='bbox 1771 1042 1830 1095; x_wconf 84' lang='grc' dir='ltr'>τὸ</span> <span class='ocrx_word' id='word_1_81' title='bbox 1854 1044 1963 1095; x_wconf 82' lang='grc' dir='ltr'>πᾶν</span> 
     </span>
    </p>
   </div>
   <div class='ocr_carea' id='block_1_12' title="bbox 364 1126 1955 1201">
    <p class='ocr_par' dir='ltr' id='par_1_12' title="bbox 364 1126 1955 1201">
     <span class='ocr_line' id='line_1_12' title="bbox 364 1126 1955 1201; baseline 0.005 -24"><span class='ocrx_word' id='word_1_82' title='bbox 364 1126 465 1198; x_wconf 78' lang='grc' dir='ltr'><strong>τῆς</strong></span> <span class='ocrx_word' id='word_1_83' title='bbox 495 1126 737 1190; x_wconf 85' lang='grc' dir='ltr'>στάσεως</span> <span class='ocrx_word' id='word_1_84' title='bbox 780 1128 889 1180; x_wconf 89' lang='grc' dir='ltr'><strong>τῶν</strong></span> <span class='ocrx_word' id='word_1_85' title='bbox 940 1128 1245 1201; x_wconf 85' lang='grc' dir='ltr'>ἀνθρώπων</span> <span class='ocrx_word' id='word_1_86' title='bbox 1271 1131 1658 1195; x_wconf 81' lang='grc' dir='ltr'>ἀπολέσαντος,</span> <span class='ocrx_word' id='word_1_87' title='bbox 1684 1132 1955 1200; x_wconf 81' lang='grc' dir='ltr'>διαπεφύ-</span> 
     </span>
    </p>
   </div>
   <div class='ocr_carea' id='block_1_13' title="bbox 366 1217 1963 1294">
    <p class='ocr_par' dir='ltr' id='par_1_13' title="bbox 366 1217 1963 1294">
     <span class='ocr_line' id='line_1_13' title="bbox 366 1217 1963 1294; baseline 0.006 -26"><span class='ocrx_word' id='word_1_88' title='bbox 366 1217 561 1272; x_wconf 86' lang='grc' dir='ltr'>λακται</span> <span class='ocrx_word' id='word_1_89' title='bbox 593 1218 752 1287; x_wconf 87' lang='grc' dir='ltr'>μόνος</span> <span class='ocrx_word' id='word_1_90' title='bbox 777 1219 900 1272; x_wconf 85' lang='grc' dir='ltr'><strong>Νῶε</strong></span> <span class='ocrx_word' id='word_1_91' title='bbox 931 1221 1107 1292; x_wconf 82' lang='grc' dir='ltr'>εὑρὼν</span> <span class='ocrx_word' id='word_1_92' title='bbox 1129 1222 1289 1292; x_wconf 85' lang='grc' dir='ltr'>χάριν</span> <span class='ocrx_word' id='word_1_93' title='bbox 1317 1222 1467 1294; x_wconf 84' lang='grc' dir='ltr'>παρὰ</span> <span class='ocrx_word' id='word_1_94' title='bbox 1491 1222 1569 1293; x_wconf 79' lang='grc' dir='ltr'><strong>τῷ</strong></span> <span class='ocrx_word' id='word_1_95' title='bbox 1595 1223 1733 1294; x_wconf 84' lang='grc' dir='ltr'>Θεῷ,</span> <span class='ocrx_word' id='word_1_96' title='bbox 1754 1224 1963 1287; x_wconf 84' lang='grc' dir='ltr'>δίκαιος</span> 
     </span>
    </p>
   </div>
   <div class='ocr_carea' id='block_1_14' title="bbox 366 1309 1962 1385">
    <p class='ocr_par' dir='ltr' id='par_1_14' title="bbox 366 1309 1962 1385">
     <span class='ocr_line' id='line_1_14' title="bbox 366 1309 1962 1385; baseline 0.004 -25"><span class='ocrx_word' id='word_1_97' title='bbox 366 1309 611 1379; x_wconf 71' lang='grc' dir='ltr'>εὑρεθεὶς</span> <span class='ocrx_word' id='word_1_98' title='bbox 644 1311 703 1362; x_wconf 87' lang='grc' dir='ltr'>ὲν</span> <span class='ocrx_word' id='word_1_99' title='bbox 733 1312 798 1379; x_wconf 81' lang='grc' dir='ltr'>τῇ</span> <span class='ocrx_word' id='word_1_100' title='bbox 829 1310 950 1363; x_wconf 77' lang='grc' dir='ltr'>κατ’</span> <span class='ocrx_word' id='word_1_101' title='bbox 976 1313 1154 1364; x_wconf 79' lang='grc' dir='ltr'>έκεῖνο</span> <span class='ocrx_word' id='word_1_102' title='bbox 1180 1312 1373 1382; x_wconf 80' lang='grc' dir='ltr'>καιροῦ</span> <span class='ocrx_word' id='word_1_103' title='bbox 1404 1316 1586 1385; x_wconf 83' lang='grc' dir='ltr'>γενεᾷ.</span> <span class='ocrx_word' id='word_1_104' title='bbox 1617 1315 1881 1384; x_wconf 85' lang='grc' dir='ltr'>Λάρνακα</span> <span class='ocrx_word' id='word_1_105' title='bbox 1905 1315 1962 1367; x_wconf 81' lang='grc' dir='ltr'>δὲ</span> 
     </span>
    </p>
   </div>
   <div class='ocr_carea' id='block_1_15' title="bbox 366 1402 1962 1476">
    <p class='ocr_par' dir='ltr' id='par_1_15' title="bbox 366 1402 1962 1476">
     <span class='ocr_line' id='line_1_15' title="bbox 366 1402 1962 1476; baseline 0.004 -21"><span class='ocrx_word' id='word_1_106' title='bbox 366 1402 598 1455; x_wconf 79' lang='grc' dir='ltr'>κατὰτὰ</span> <span class='ocrx_word' id='word_1_107' title='bbox 632 1402 735 1473; x_wconf 71' lang='grc' dir='ltr'>ἤδη</span> <span class='ocrx_word' id='word_1_108' title='bbox 771 1404 1034 1474; x_wconf 83' lang='grc' dir='ltr'>πρότερον</span> <span class='ocrx_word' id='word_1_109' title='bbox 1070 1406 1203 1474; x_wconf 79' lang='grc' dir='ltr'>ἡμῖν</span> <span class='ocrx_word' id='word_1_110' title='bbox 1246 1406 1513 1476; x_wconf 76' lang='grc' dir='ltr'>εἰρημένα</span> <span class='ocrx_word' id='word_1_111' title='bbox 1557 1407 1962 1461; x_wconf 85' lang='grc' dir='ltr'>κατεσκεύασεν</span> 
     </span>
    </p>
   </div>
   <div class='ocr_carea' id='block_1_16' title="bbox 367 1493 1959 1569">
    <p class='ocr_par' dir='ltr' id='par_1_16' title="bbox 367 1493 1959 1569">
     <span class='ocr_line' id='line_1_16' title="bbox 367 1493 1959 1569; baseline 0.003 -24"><span class='ocrx_word' id='word_1_112' title='bbox 367 1493 548 1563; x_wconf 79' lang='grc' dir='ltr'>ἑαυτῷ</span> <span class='ocrx_word' id='word_1_113' title='bbox 578 1496 642 1547; x_wconf 83' lang='grc' dir='ltr'>ὲκ</span> <span class='ocrx_word' id='word_1_114' title='bbox 674 1495 1099 1566; x_wconf 85' lang='grc' dir='ltr'>προστάγματος</span> <span class='ocrx_word' id='word_1_115' title='bbox 1140 1495 1297 1560; x_wconf 87' lang='grc' dir='ltr'>Θεοῦ,</span> <span class='ocrx_word' id='word_1_116' title='bbox 1333 1497 1409 1562; x_wconf 90' lang='grc' dir='ltr'><strong>ώς</strong></span> <span class='ocrx_word' id='word_1_117' title='bbox 1436 1498 1654 1569; x_wconf 87' lang='grc' dir='ltr'>ἔχουσιν</span> <span class='ocrx_word' id='word_1_118' title='bbox 1684 1500 1740 1551; x_wconf 85' lang='grc' dir='ltr'>αἱ</span> <span class='ocrx_word' id='word_1_119' title='bbox 1770 1497 1959 1567; x_wconf 80' lang='grc' dir='ltr'>ἀληθι-</span> 
     </span>
    </p>
   </div>
   <div class='ocr_carea' id='block_1_17' title="bbox 365 1579 1964 1659">
    <p class='ocr_par' dir='ltr' id='par_1_17' title="bbox 365 1579 1964 1659">
     <span class='ocr_line' id='line_1_17' title="bbox 365 1579 1964 1659; baseline 0.002 -22"><span class='ocrx_word' id='word_1_120' title='bbox 365 1583 456 1637; x_wconf 73' lang='grc' dir='ltr'>ναὶ</span> <span class='ocrx_word' id='word_1_121' title='bbox 482 1583 718 1655; x_wconf 84' lang='grc' dir='ltr'>Γραφαί,</span> <span class='ocrx_word' id='word_1_122' title='bbox 750 1585 838 1636; x_wconf 87' lang='grc' dir='ltr'><strong>Ἐν</strong></span> <span class='ocrx_word' id='word_1_123' title='bbox 966 1585 1329 1639; x_wconf 78' lang='grc' dir='ltr'>διασεσῶσθαι</span> <span class='ocrx_word' id='word_1_124' title='bbox 1378 1589 1410 1657; x_wconf 88' lang='grc' dir='ltr'><strong>ή</strong></span> <span class='ocrx_word' id='word_1_125' title='bbox 1459 1587 1597 1659; x_wconf 82' lang='grc' dir='ltr'>αὑτὴ</span> <span class='ocrx_word' id='word_1_126' title='bbox 1641 1588 1838 1656; x_wconf 83' lang='grc' dir='ltr'>φάσκει</span> <span class='ocrx_word' id='word_1_127' title='bbox 1863 1588 1964 1657; x_wconf 70' lang='grc' dir='ltr'>τῆς</span> 
     </span>
    </p>
   </div>
   <div class='ocr_carea' id='block_1_18' title="bbox 379 1675 1964 1751">
    <p class='ocr_par' dir='ltr' id='par_1_18' title="bbox 379 1675 1964 1751">
     <span class='ocr_line' id='line_1_18' title="bbox 379 1675 1964 1751; baseline 0.003 -22"><span class='ocrx_word' id='word_1_128' title='bbox 379 1675 662 1745; x_wconf 77' lang='grc' dir='ltr'>Ἀληθείας</span> <span class='ocrx_word' id='word_1_129' title='bbox 694 1676 875 1745; x_wconf 87' lang='grc' dir='ltr'>βίϐλος</span> <span class='ocrx_word' id='word_1_130' title='bbox 905 1677 1067 1729; x_wconf 79' lang='grc' dir='ltr'>αὐτόν</span> <span class='ocrx_word' id='word_1_131' title='bbox 1090 1694 1150 1729; x_wconf 88' lang='grc' dir='ltr'><strong>τε</strong></span> <span class='ocrx_word' id='word_1_132' title='bbox 1180 1677 1274 1729; x_wconf 71' lang='grc' dir='ltr'><strong>καὶ</strong></span> <span class='ocrx_word' id='word_1_133' title='bbox 1302 1678 1405 1740; x_wconf 84' lang='grc' dir='ltr'><strong>τὰς</strong></span> <span class='ocrx_word' id='word_1_134' title='bbox 1432 1681 1840 1751; x_wconf 87' lang='grc' dir='ltr'>προειρημένας</span> <span class='ocrx_word' id='word_1_135' title='bbox 1865 1682 1964 1733; x_wconf 85' lang='grc' dir='ltr'>αὑ-</span> 
     </span>
    </p>
   </div>
   <div class='ocr_carea' id='block_1_19' title="bbox 365 1770 1959 1844">
    <p class='ocr_par' dir='ltr' id='par_1_19' title="bbox 365 1770 1959 1844">
     <span class='ocr_line' id='line_1_19' title="bbox 365 1770 1959 1844; baseline 0.003 -20"><span class='ocrx_word' id='word_1_136' title='bbox 365 1770 443 1841; x_wconf 86' lang='grc' dir='ltr'><strong>τῷ</strong></span> <span class='ocrx_word' id='word_1_137' title='bbox 474 1772 591 1842; x_wconf 84' lang='grc' dir='ltr'>ἆμα</span> <span class='ocrx_word' id='word_1_138' title='bbox 616 1772 754 1823; x_wconf 80' lang='grc' dir='ltr'>ἑπτὰ</span> <span class='ocrx_word' id='word_1_139' title='bbox 784 1770 961 1840; x_wconf 69' lang='grc' dir='ltr'>ψυχάς</span> <span class='ocrx_word' id='word_1_140' title='bbox 984 1788 997 1801; x_wconf 83' lang='grc'><em>’</em></span> <span class='ocrx_word' id='word_1_141' title='bbox 1032 1772 1175 1841; x_wconf 78' lang='grc' dir='ltr'>φημὶ</span> <span class='ocrx_word' id='word_1_142' title='bbox 1212 1772 1269 1825; x_wconf 87' lang='grc' dir='ltr'>δὲ</span> <span class='ocrx_word' id='word_1_143' title='bbox 1305 1773 1403 1844; x_wconf 88' lang='grc' dir='ltr'>τήν</span> <span class='ocrx_word' id='word_1_144' title='bbox 1439 1789 1498 1824; x_wconf 89' lang='grc' dir='ltr'><strong>τε</strong></span> <span class='ocrx_word' id='word_1_145' title='bbox 1538 1774 1675 1826; x_wconf 89' lang='grc' dir='ltr'>ίδίαν</span> <span class='ocrx_word' id='word_1_146' title='bbox 1706 1774 1959 1843; x_wconf 79' lang='grc' dir='ltr'>σύζυγον,</span> 
     </span>
    </p>
   </div>
   <div class='ocr_carea' id='block_1_20' title="bbox 366 1865 1961 1936">
    <p class='ocr_par' dir='ltr' id='par_1_20' title="bbox 366 1865 1961 1936">
     <span class='ocr_line' id='line_1_20' title="bbox 366 1865 1961 1936; baseline 0 -17"><span class='ocrx_word' id='word_1_147' title='bbox 366 1867 462 1921; x_wconf 73' lang='grc' dir='ltr'>καὶ</span> <span class='ocrx_word' id='word_1_148' title='bbox 504 1866 631 1929; x_wconf 77' lang='grc' dir='ltr'>τοὺς</span> <span class='ocrx_word' id='word_1_149' title='bbox 672 1868 823 1935; x_wconf 84' lang='grc' dir='ltr'>τρεῖς</span> <span class='ocrx_word' id='word_1_150' title='bbox 864 1865 1013 1928; x_wconf 78' lang='grc' dir='ltr'>υἱοὺς</span> <span class='ocrx_word' id='word_1_151' title='bbox 1037 1905 1051 1929; x_wconf 93' lang='grc'><strong>,</strong></span> <span class='ocrx_word' id='word_1_152' title='bbox 1091 1866 1356 1933; x_wconf 88' lang='grc' dir='ltr'>γυναῖκάς</span> <span class='ocrx_word' id='word_1_153' title='bbox 1398 1882 1459 1917; x_wconf 90' lang='grc' dir='ltr'><strong>τε</strong></span> <span class='ocrx_word' id='word_1_154' title='bbox 1514 1866 1720 1918; x_wconf 87' lang='grc' dir='ltr'>τούτων</span> <span class='ocrx_word' id='word_1_155' title='bbox 1761 1867 1961 1936; x_wconf 84' lang='grc' dir='ltr'>ὁμοίως</span> 
     </span>
    </p>
   </div>
   <div class='ocr_carea' id='block_1_21' title="bbox 365 1956 1961 2029">
    <p class='ocr_par' dir='ltr' id='par_1_21' title="bbox 365 1956 1961 2029">
     <span class='ocr_line' id='line_1_21' title="bbox 365 1956 1961 2029; baseline 0.001 -17"><span class='ocrx_word' id='word_1_156' title='bbox 365 1959 650 2029; x_wconf 85' lang='grc' dir='ltr'>τρεῖς.Ἐκ</span> <span class='ocrx_word' id='word_1_157' title='bbox 682 1956 872 2010; x_wconf 90' lang='grc' dir='ltr'>τούτου</span> <span class='ocrx_word' id='word_1_158' title='bbox 917 1957 973 2010; x_wconf 80' lang='grc' dir='ltr'>δὲ</span> <span class='ocrx_word' id='word_1_159' title='bbox 1019 1956 1248 2027; x_wconf 81' lang='grc' dir='ltr'>λείψανα</span> <span class='ocrx_word' id='word_1_160' title='bbox 1293 1957 1627 2028; x_wconf 81' lang='grc' dir='ltr'>γεγενῆσθαι</span> <span class='ocrx_word' id='word_1_161' title='bbox 1667 1960 1767 2028; x_wconf 82' lang='grc' dir='ltr'><strong>τῆς</strong></span> <span class='ocrx_word' id='word_1_162' title='bbox 1819 1960 1961 2014; x_wconf 76' lang='grc' dir='ltr'>κατὰ</span> 
     </span>
    </p>
   </div>
   <div class='ocr_carea' id='block_1_22' title="bbox 365 2050 1962 2122">
    <p class='ocr_par' dir='ltr' id='par_1_22' title="bbox 365 2050 1962 2122">
     <span class='ocr_line' id='line_1_22' title="bbox 365 2050 1962 2122; baseline 0.001 -18"><span class='ocrx_word' id='word_1_163' title='bbox 365 2051 457 2104; x_wconf 80' lang='grc' dir='ltr'><strong>τὸν</strong></span> <span class='ocrx_word' id='word_1_164' title='bbox 489 2050 776 2122; x_wconf 83' lang='grc' dir='ltr'>ἄνθρωπον</span> <span class='ocrx_word' id='word_1_165' title='bbox 818 2051 1130 2113; x_wconf 81' lang='grc' dir='ltr'>συστάσεως</span> <span class='ocrx_word' id='word_1_166' title='bbox 1166 2052 1223 2103; x_wconf 84' lang='grc' dir='ltr'>ὲν</span> <span class='ocrx_word' id='word_1_167' title='bbox 1252 2051 1443 2121; x_wconf 78' lang='grc' dir='ltr'>κόσμῳ</span> <span class='ocrx_word' id='word_1_168' title='bbox 1476 2051 1639 2103; x_wconf 87' lang='grc' dir='ltr'>πάλιν</span> <span class='ocrx_word' id='word_1_169' title='bbox 1669 2052 1702 2121; x_wconf 76' lang='grc' dir='ltr'>ἡ</span> <span class='ocrx_word' id='word_1_170' title='bbox 1734 2050 1962 2121; x_wconf 78' lang='grc' dir='ltr'>ἀλήθεια</span> 
     </span>
    </p>
   </div>
   <div class='ocr_carea' id='block_1_23' title="bbox 368 2141 1962 2213">
    <p class='ocr_par' dir='ltr' id='par_1_23' title="bbox 368 2141 1962 2213">
     <span class='ocr_line' id='line_1_23' title="bbox 368 2141 1962 2213; baseline 0.001 -19"><span class='ocrx_word' id='word_1_171' title='bbox 368 2142 704 2212; x_wconf 84' lang='grc' dir='ltr'>συνίστησιν.</span> <span class='ocrx_word' id='word_1_172' title='bbox 734 2141 895 2194; x_wconf 84' lang='grc' dir='ltr'>Ὅθεν</span> <span class='ocrx_word' id='word_1_173' title='bbox 942 2141 1086 2193; x_wconf 84' lang='grc' dir='ltr'>κατὰ</span> <span class='ocrx_word' id='word_1_174' title='bbox 1132 2141 1324 2210; x_wconf 82' lang='grc' dir='ltr'>γενεὰν</span> <span class='ocrx_word' id='word_1_175' title='bbox 1372 2141 1813 2213; x_wconf 86' lang='grc' dir='ltr'>προϐαινόντων,</span> <span class='ocrx_word' id='word_1_176' title='bbox 1866 2144 1962 2196; x_wconf 77' lang='grc' dir='ltr'>καὶ</span> 
     </span>
    </p>
   </div>
   <div class='ocr_carea' id='block_1_24' title="bbox 366 2231 1963 2306">
    <p class='ocr_par' dir='ltr' id='par_1_24' title="bbox 366 2231 1963 2306">
     <span class='ocr_line' id='line_1_24' title="bbox 366 2231 1963 2306; baseline 0.001 -19"><span class='ocrx_word' id='word_1_177' title='bbox 366 2233 510 2287; x_wconf 81' lang='grc' dir='ltr'>κατὰ</span> <span class='ocrx_word' id='word_1_178' title='bbox 539 2233 792 2304; x_wconf 82' lang='grc' dir='ltr'>διαδοχὴν</span> <span class='ocrx_word' id='word_1_179' title='bbox 818 2231 936 2286; x_wconf 81' lang='grc' dir='ltr'>υἱοῦ</span> <span class='ocrx_word' id='word_1_180' title='bbox 964 2233 1177 2306; x_wconf 79' lang='grc' dir='ltr'>πατέρα</span> <span class='ocrx_word' id='word_1_181' title='bbox 1214 2233 1616 2305; x_wconf 88' lang='grc' dir='ltr'>διαδεχομένου,</span> <span class='ocrx_word' id='word_1_182' title='bbox 1646 2235 1728 2297; x_wconf 77' lang='grc' dir='ltr'>εἰς</span> <span class='ocrx_word' id='word_1_183' title='bbox 1768 2234 1963 2301; x_wconf 85' lang='grc' dir='ltr'>γενεὰς</span> 
     </span>
    </p>
   </div>
   <div class='ocr_carea' id='block_1_25' title="bbox 365 2324 1034 2396">
    <p class='ocr_par' dir='ltr' id='par_1_25' title="bbox 365 2324 1034 2396">
     <span class='ocr_line' id='line_1_25' title="bbox 365 2324 1034 2396; baseline 0.001 -18"><span class='ocrx_word' id='word_1_184' title='bbox 365 2326 529 2379; x_wconf 82' lang='grc' dir='ltr'>πέντε</span> <span class='ocrx_word' id='word_1_185' title='bbox 563 2327 591 2379; x_wconf 85' lang='grc' dir='ltr'>ὁ</span> <span class='ocrx_word' id='word_1_186' title='bbox 618 2324 753 2379; x_wconf 76' lang='grc' dir='ltr'>αἰὼν</span> <span class='ocrx_word' id='word_1_187' title='bbox 783 2325 1034 2396; x_wconf 75' lang='grc' dir='ltr'>ὲλήλακε.</span> 
     </span>
    </p>
   </div>
   <div class='ocr_carea' id='block_1_26' title="bbox 437 2415 1961 2487">
    <p class='ocr_par' dir='ltr' id='par_1_26' title="bbox 437 2415 1961 2487">
     <span class='ocr_line' id='line_1_26' title="bbox 437 2415 1961 2487; baseline 0.002 -19"><span class='ocrx_word' id='word_1_188' title='bbox 437 2415 542 2469; x_wconf 75' lang='grc' dir='ltr'><strong>Καὶ</strong></span> <span class='ocrx_word' id='word_1_189' title='bbox 591 2416 781 2484; x_wconf 84' lang='grc' dir='ltr'>γέγονε</span> <span class='ocrx_word' id='word_1_190' title='bbox 836 2418 953 2469; x_wconf 79' lang='grc' dir='ltr'>κατ’</span> <span class='ocrx_word' id='word_1_191' title='bbox 983 2417 1156 2468; x_wconf 81' lang='grc' dir='ltr'>ἐκεῖνο</span> <span class='ocrx_word' id='word_1_192' title='bbox 1199 2415 1394 2487; x_wconf 83' lang='grc' dir='ltr'>καιροῦ</span> <span class='ocrx_word' id='word_1_193' title='bbox 1442 2417 1475 2487; x_wconf 81' lang='grc' dir='ltr'>ἡ</span> <span class='ocrx_word' id='word_1_194' title='bbox 1515 2415 1617 2487; x_wconf 85' lang='grc' dir='ltr'>τῆς</span> <span class='ocrx_word' id='word_1_195' title='bbox 1644 2416 1961 2482; x_wconf 86' lang='grc' dir='ltr'>Βαϐυλῶνος</span> 
     </span>
    </p>
   </div>
   <div class='ocr_carea' id='block_1_27' title="bbox 365 2506 1961 2578">
    <p class='ocr_par' dir='ltr' id='par_1_27' title="bbox 365 2506 1961 2578">
     <span class='ocr_line' id='line_1_27' title="bbox 365 2506 1961 2578; baseline 0.002 -19"><span class='ocrx_word' id='word_1_196' title='bbox 365 2507 545 2570; x_wconf 82' lang='grc' dir='ltr'>κτίσις</span> <span class='ocrx_word' id='word_1_197' title='bbox 572 2507 630 2559; x_wconf 77' lang='grc' dir='ltr'>ἐν</span> <span class='ocrx_word' id='word_1_198' title='bbox 661 2509 729 2578; x_wconf 81' lang='grc' dir='ltr'>τῇ</span> <span class='ocrx_word' id='word_1_199' title='bbox 759 2507 866 2560; x_wconf 90' lang='grc' dir='ltr'><strong>τῶν</strong></span> <span class='ocrx_word' id='word_1_200' title='bbox 896 2506 1201 2578; x_wconf 88' lang='grc' dir='ltr'>Ἀσσυρίων</span> <span class='ocrx_word' id='word_1_201' title='bbox 1228 2510 1322 2578; x_wconf 87' lang='grc' dir='ltr'>γῇ,</span> <span class='ocrx_word' id='word_1_202' title='bbox 1358 2507 1453 2560; x_wconf 76' lang='grc' dir='ltr'><strong>καὶ</strong></span> <span class='ocrx_word' id='word_1_203' title='bbox 1484 2510 1512 2560; x_wconf 88' lang='grc' dir='ltr'>ὁ</span> <span class='ocrx_word' id='word_1_204' title='bbox 1540 2509 1631 2559; x_wconf 78' lang='grc' dir='ltr'>ὑπ’</span> <span class='ocrx_word' id='word_1_205' title='bbox 1661 2508 1843 2562; x_wconf 82' lang='grc' dir='ltr'>αὐτῶν</span> <span class='ocrx_word' id='word_1_206' title='bbox 1880 2510 1961 2562; x_wconf 87' lang='grc' dir='ltr'><strong>οἰ-</strong></span> 
     </span>
    </p>
   </div>
   <div class='ocr_carea' id='block_1_28' title="bbox 366 2595 1961 2671">
    <p class='ocr_par' dir='ltr' id='par_1_28' title="bbox 366 2595 1961 2671">
     <span class='ocr_line' id='line_1_28' title="bbox 366 2595 1961 2671; baseline 0.002 -21"><span class='ocrx_word' id='word_1_207' title='bbox 366 2598 693 2669; x_wconf 77' lang='grc' dir='ltr'>κοδομηθεὶς</span> <span class='ocrx_word' id='word_1_208' title='bbox 742 2598 864 2652; x_wconf 81' lang='grc' dir='ltr'>τότε</span> <span class='ocrx_word' id='word_1_209' title='bbox 911 2595 1330 2671; x_wconf 56' lang='grc' dir='ltr'>πύργοςίἫσαν</span> <span class='ocrx_word' id='word_1_210' title='bbox 1378 2599 1434 2652; x_wconf 83' lang='grc' dir='ltr'><strong>δὲ</strong></span> <span class='ocrx_word' id='word_1_211' title='bbox 1483 2598 1624 2652; x_wconf 83' lang='grc' dir='ltr'>κατὰ</span> <span class='ocrx_word' id='word_1_212' title='bbox 1656 2599 1843 2653; x_wconf 85' lang='grc' dir='ltr'>τοῦτον</span> <span class='ocrx_word' id='word_1_213' title='bbox 1871 2600 1961 2653; x_wconf 80' lang='grc' dir='ltr'>τὸν</span> 
     </span>
    </p>
   </div>
   <div class='ocr_carea' id='block_1_29' title="bbox 365 2688 1959 2761">
    <p class='ocr_par' dir='ltr' id='par_1_29' title="bbox 365 2688 1959 2761">
     <span class='ocr_line' id='line_1_29' title="bbox 365 2688 1959 2761; baseline 0.001 -20"><span class='ocrx_word' id='word_1_214' title='bbox 365 2688 577 2759; x_wconf 71' lang='grc' dir='ltr'>καιρὸν,</span> <span class='ocrx_word' id='word_1_215' title='bbox 616 2689 691 2751; x_wconf 85' lang='grc' dir='ltr'>ὡς</span> <span class='ocrx_word' id='word_1_216' title='bbox 722 2688 821 2759; x_wconf 70' lang='grc' dir='ltr'>ἤδη</span> <span class='ocrx_word' id='word_1_217' title='bbox 853 2689 910 2741; x_wconf 84' lang='grc' dir='ltr'>ὲν</span> <span class='ocrx_word' id='word_1_218' title='bbox 938 2691 1057 2751; x_wconf 88' lang='grc' dir='ltr'>ταῖς</span> <span class='ocrx_word' id='word_1_219' title='bbox 1094 2688 1360 2761; x_wconf 83' lang='grc' dir='ltr'>πρότερον</span> <span class='ocrx_word' id='word_1_220' title='bbox 1401 2688 1647 2758; x_wconf 86' lang='grc' dir='ltr'>αίρέσεσι</span> <span class='ocrx_word' id='word_1_221' title='bbox 1690 2688 1959 2759; x_wconf 82' lang='grc' dir='ltr'>διηγησά-</span> 
     </span>
    </p>
   </div>
   <div class='ocr_carea' id='block_1_30' title="bbox 369 2781 1957 2853">
    <p class='ocr_par' dir='ltr' id='par_1_30' title="bbox 369 2781 1957 2853">
     <span class='ocr_line' id='line_1_30' title="bbox 369 2781 1957 2853; baseline 0.002 -20"><span class='ocrx_word' id='word_1_222' title='bbox 369 2799 499 2853; x_wconf 88' lang='grc' dir='ltr'>μην,</span> <span class='ocrx_word' id='word_1_223' title='bbox 529 2782 671 2835; x_wconf 81' lang='grc' dir='ltr'>κατὰ</span> <span class='ocrx_word' id='word_1_224' title='bbox 698 2782 791 2835; x_wconf 71' lang='grc' dir='ltr'><strong>τὸν</strong></span> <span class='ocrx_word' id='word_1_225' title='bbox 821 2782 1012 2853; x_wconf 81' lang='grc' dir='ltr'>εἱρμὸν</span> <span class='ocrx_word' id='word_1_226' title='bbox 1038 2782 1147 2836; x_wconf 89' lang='grc' dir='ltr'><strong>τῶν</strong></span> <span class='ocrx_word' id='word_1_227' title='bbox 1176 2783 1288 2838; x_wconf 80' lang='grc' dir='ltr'>ἄνω</span> <span class='ocrx_word' id='word_1_228' title='bbox 1322 2799 1413 2852; x_wconf 86' lang='grc' dir='ltr'><strong>μοι</strong></span> <span class='ocrx_word' id='word_1_229' title='bbox 1455 2781 1658 2850; x_wconf 89' lang='grc' dir='ltr'>γενεῶν</span> <span class='ocrx_word' id='word_1_230' title='bbox 1690 2798 1957 2853; x_wconf 71' lang='grc' dir='ltr'>πραγμαο</span> 
     </span>
    </p>
   </div>
   <div class='ocr_carea' id='block_1_31' title="bbox 365 2874 1964 2945">
    <p class='ocr_par' dir='ltr' id='par_1_31' title="bbox 365 2874 1964 2945">
     <span class='ocr_line' id='line_1_31' title="bbox 365 2874 1964 2945; baseline 0.001 -19"><span class='ocrx_word' id='word_1_231' title='bbox 365 2874 660 2928; x_wconf 88' lang='grc' dir='ltr'>τευθεισῶν</span> <span class='ocrx_word' id='word_1_232' title='bbox 689 2876 738 2927; x_wconf 89' lang='grc' dir='ltr'>οἱ</span> <span class='ocrx_word' id='word_1_233' title='bbox 774 2875 975 2938; x_wconf 85' lang='grc' dir='ltr'>πάντες</span> <span class='ocrx_word' id='word_1_234' title='bbox 1009 2874 1473 2945; x_wconf 79' lang='grc' dir='ltr'>ἑϐδομηκονταδύο</span> <span class='ocrx_word' id='word_1_235' title='bbox 1503 2874 1695 2945; x_wconf 81' lang='grc' dir='ltr'>ἄνδρες</span> <span class='ocrx_word' id='word_1_236' title='bbox 1727 2874 1820 2927; x_wconf 83' lang='grc' dir='ltr'><strong>τὸν</strong></span> <span class='ocrx_word' id='word_1_237' title='bbox 1849 2874 1964 2945; x_wconf 86' lang='grc' dir='ltr'>ἀρι-</span> 
     </span>
    </p>
   </div>
   <div class='ocr_carea' id='block_1_32' title="bbox 365 2962 1964 3035">
    <p class='ocr_par' dir='ltr' id='par_1_32' title="bbox 365 2962 1964 3035">
     <span class='ocr_line' id='line_1_32' title="bbox 365 2962 1964 3035; baseline 0 -18"><span class='ocrx_word' id='word_1_238' title='bbox 365 2964 525 3035; x_wconf 77' lang='grc' dir='ltr'>θμὸν,</span> <span class='ocrx_word' id='word_1_239' title='bbox 555 2965 789 3035; x_wconf 82' lang='grc' dir='ltr'>ἁρχηγοί</span> <span class='ocrx_word' id='word_1_240' title='bbox 821 2981 878 3017; x_wconf 91' lang='grc' dir='ltr'><strong>τε</strong></span> <span class='ocrx_word' id='word_1_241' title='bbox 914 2964 1007 3016; x_wconf 78' lang='grc' dir='ltr'><strong>καὶ</strong></span> <span class='ocrx_word' id='word_1_242' title='bbox 1048 2963 1441 3032; x_wconf 83' lang='grc' dir='ltr'>κεφαλαιῶται,</span> <span class='ocrx_word' id='word_1_243' title='bbox 1470 2962 1564 3016; x_wconf 88' lang='grc' dir='ltr'><strong>τοῦ</strong></span> <span class='ocrx_word' id='word_1_244' title='bbox 1595 2964 1692 3033; x_wconf 85' lang='grc' dir='ltr'><strong>μὲν</strong></span> <span class='ocrx_word' id='word_1_245' title='bbox 1721 2964 1852 3035; x_wconf 75' lang='grc' dir='ltr'>Χὰμ</span> <span class='ocrx_word' id='word_1_246' title='bbox 1876 2964 1964 3033; x_wconf 85' lang='grc' dir='ltr'>γέ-</span> 
     </span>
    </p>
   </div>
   <div class='ocr_carea' id='block_1_33' title="bbox 365 3052 1961 3124">
    <p class='ocr_par' dir='ltr' id='par_1_33' title="bbox 365 3052 1961 3124">
     <span class='ocr_line' id='line_1_33' title="bbox 365 3052 1961 3124; baseline 0.003 -21"><span class='ocrx_word' id='word_1_247' title='bbox 365 3069 490 3114; x_wconf 89' lang='grc' dir='ltr'>νους</span> <span class='ocrx_word' id='word_1_248' title='bbox 539 3052 949 3124; x_wconf 88' lang='grc' dir='ltr'>τριακονταδύο,</span> <span class='ocrx_word' id='word_1_249' title='bbox 982 3054 1078 3105; x_wconf 81' lang='grc' dir='ltr'><strong>καὶ</strong></span> <span class='ocrx_word' id='word_1_250' title='bbox 1119 3052 1212 3105; x_wconf 91' lang='grc' dir='ltr'><strong>τοῦ</strong></span> <span class='ocrx_word' id='word_1_251' title='bbox 1248 3053 1368 3124; x_wconf 87' lang='grc' dir='ltr'><strong>Σὴμ</strong></span> <span class='ocrx_word' id='word_1_252' title='bbox 1402 3053 1723 3119; x_wconf 86' lang='grc' dir='ltr'>δεκαπέντε,</span> <span class='ocrx_word' id='word_1_253' title='bbox 1764 3054 1857 3108; x_wconf 93' lang='grc' dir='ltr'><strong>τοῦ</strong></span> <span class='ocrx_word' id='word_1_254' title='bbox 1904 3055 1961 3107; x_wconf 87' lang='grc' dir='ltr'>δὲ</span> 
     </span>
    </p>
   </div>
   <div class='ocr_carea' id='block_1_34' title="bbox 378 3144 1957 3217">
    <p class='ocr_par' dir='ltr' id='par_1_34' title="bbox 378 3144 1957 3217">
     <span class='ocr_line' id='line_1_34' title="bbox 378 3144 1957 3217; baseline 0.001 -20"><span class='ocrx_word' id='word_1_255' title='bbox 378 3144 555 3213; x_wconf 83' lang='grc' dir='ltr'>Ἰὰφεθ</span> <span class='ocrx_word' id='word_1_256' title='bbox 588 3145 926 3199; x_wconf 78' lang='grc' dir='ltr'>εἰκοσιπέντε</span> <span class='ocrx_word' id='word_1_257' title='bbox 946 3144 983 3200; x_wconf 72' lang='grc' dir='ltr'><strong>ί.</strong></span> <span class='ocrx_word' id='word_1_258' title='bbox 1018 3144 1128 3198; x_wconf 75' lang='grc' dir='ltr'>Καὶ</span> <span class='ocrx_word' id='word_1_259' title='bbox 1155 3144 1326 3207; x_wconf 75' lang='grc' dir='ltr'>οὕτως</span> <span class='ocrx_word' id='word_1_260' title='bbox 1357 3147 1384 3198; x_wconf 87' lang='grc' dir='ltr'>ὁ</span> <span class='ocrx_word' id='word_1_261' title='bbox 1414 3145 1624 3216; x_wconf 83' lang='grc' dir='ltr'>πύργος</span> <span class='ocrx_word' id='word_1_262' title='bbox 1663 3146 1757 3199; x_wconf 82' lang='grc' dir='ltr'>καὶ</span> <span class='ocrx_word' id='word_1_263' title='bbox 1786 3147 1819 3217; x_wconf 84' lang='grc' dir='ltr'>ἡ</span> <span class='ocrx_word' id='word_1_264' title='bbox 1852 3147 1957 3199; x_wconf 89' lang='grc' dir='ltr'><strong>Βα-</strong></span> 
     </span>
    </p>
   </div>
   <div class='ocr_carea' id='block_1_35' title="bbox 365 3235 1959 3308">
    <p class='ocr_par' dir='ltr' id='par_1_35' title="bbox 365 3235 1959 3308">
     <span class='ocr_line' id='line_1_35' title="bbox 365 3235 1959 3308; baseline 0.002 -20"><span class='ocrx_word' id='word_1_265' title='bbox 365 3235 542 3288; x_wconf 83' lang='grc' dir='ltr'>ϐυλὼν</span> <span class='ocrx_word' id='word_1_266' title='bbox 587 3237 823 3304; x_wconf 79' lang='grc' dir='ltr'>ἐγένετο.</span> <span class='ocrx_word' id='word_1_267' title='bbox 844 3236 935 3289; x_wconf 83' lang='grc' dir='ltr'>Ἐκ</span> <span class='ocrx_word' id='word_1_268' title='bbox 971 3236 1177 3289; x_wconf 88' lang='grc' dir='ltr'>τούτων</span> <span class='ocrx_word' id='word_1_269' title='bbox 1215 3237 1592 3308; x_wconf 88' lang='grc' dir='ltr'>διεσπάρησαν</span> <span class='ocrx_word' id='word_1_270' title='bbox 1636 3237 1729 3290; x_wconf 73' lang='grc' dir='ltr'>ἐπὶ</span> <span class='ocrx_word' id='word_1_271' title='bbox 1778 3239 1959 3291; x_wconf 78' lang='grc' dir='ltr'>πᾶσαν</span> 
     </span>
    </p>
   </div>
   <div class='ocr_carea' id='block_1_36' title="bbox 364 3328 1962 3402">
    <p class='ocr_par' dir='ltr' id='par_1_36' title="bbox 364 3328 1962 3402">
     <span class='ocr_line' id='line_1_36' title="bbox 364 3328 1962 3402; baseline 0.002 -22"><span class='ocrx_word' id='word_1_272' title='bbox 364 3328 464 3400; x_wconf 82' lang='grc' dir='ltr'><strong>τὴν</strong></span> <span class='ocrx_word' id='word_1_273' title='bbox 492 3328 593 3399; x_wconf 85' lang='grc' dir='ltr'>γῆν</span> <span class='ocrx_word' id='word_1_274' title='bbox 620 3328 783 3396; x_wconf 85' lang='grc' dir='ltr'>φυλαί</span> <span class='ocrx_word' id='word_1_275' title='bbox 817 3347 875 3381; x_wconf 91' lang='grc' dir='ltr'><strong>τε</strong></span> <span class='ocrx_word' id='word_1_276' title='bbox 905 3329 999 3381; x_wconf 80' lang='grc' dir='ltr'><strong>καὶ</strong></span> <span class='ocrx_word' id='word_1_277' title='bbox 1031 3329 1297 3397; x_wconf 88' lang='grc' dir='ltr'>γλῶσσαι.</span> <span class='ocrx_word' id='word_1_278' title='bbox 1332 3330 1443 3383; x_wconf 83' lang='grc' dir='ltr'>Καὶ</span> <span class='ocrx_word' id='word_1_279' title='bbox 1474 3330 1703 3402; x_wconf 80' lang='grc' dir='ltr'>ἐπείπερ</span> <span class='ocrx_word' id='word_1_280' title='bbox 1737 3332 1785 3383; x_wconf 86' lang='grc' dir='ltr'><strong>οί</strong></span> <span class='ocrx_word' id='word_1_281' title='bbox 1813 3331 1962 3383; x_wconf 80' lang='grc' dir='ltr'>ἐϐδο-</span> 
     </span>
    </p>
   </div>
   <div class='ocr_carea' id='block_1_37' title="bbox 368 3419 1962 3492">
    <p class='ocr_par' dir='ltr' id='par_1_37' title="bbox 368 3419 1962 3492">
     <span class='ocr_line' id='line_1_37' title="bbox 368 3419 1962 3492; baseline 0.002 -20"><span class='ocrx_word' id='word_1_282' title='bbox 368 3419 707 3489; x_wconf 83' lang='grc' dir='ltr'>μηκονταδύο</span> <span class='ocrx_word' id='word_1_283' title='bbox 761 3420 881 3474; x_wconf 90' lang='grc' dir='ltr'>τότε</span> <span class='ocrx_word' id='word_1_284' title='bbox 945 3421 1037 3474; x_wconf 86' lang='grc' dir='ltr'><strong>τὸν</strong></span> <span class='ocrx_word' id='word_1_285' title='bbox 1100 3420 1310 3492; x_wconf 89' lang='grc' dir='ltr'>πύργον</span> <span class='ocrx_word' id='word_1_286' title='bbox 1376 3421 1785 3491; x_wconf 73' lang='grc' dir='ltr'>οἰκοδομοῦντες</span> <span class='ocrx_word' id='word_1_287' title='bbox 1840 3425 1962 3489; x_wconf 73' lang='grc' dir='ltr'>ταῖς</span> 
     </span>
    </p>
   </div>
   <div class='ocr_carea' id='block_1_38' title="bbox 366 3510 1962 3585">
    <p class='ocr_par' dir='ltr' id='par_1_38' title="bbox 366 3510 1962 3585">
     <span class='ocr_line' id='line_1_38' title="bbox 366 3510 1962 3585; baseline 0.003 -22"><span class='ocrx_word' id='word_1_288' title='bbox 366 3510 642 3575; x_wconf 85' lang='grc' dir='ltr'>γλώσσαις</span> <span class='ocrx_word' id='word_1_289' title='bbox 666 3511 1127 3583; x_wconf 85' lang='grc' dir='ltr'>διεσκεδάσθησαν</span> <span class='ocrx_word' id='word_1_290' title='bbox 1162 3512 1540 3584; x_wconf 81' lang='grc' dir='ltr'>συγχυθέντες,</span> <span class='ocrx_word' id='word_1_291' title='bbox 1578 3514 1669 3567; x_wconf 78' lang='grc' dir='ltr'><strong>καὶ</strong></span> <span class='ocrx_word' id='word_1_292' title='bbox 1696 3514 1803 3568; x_wconf 83' lang='grc' dir='ltr'>ἀπὸ</span> <span class='ocrx_word' id='word_1_293' title='bbox 1830 3516 1962 3585; x_wconf 83' lang='grc' dir='ltr'>μιᾶς</span> 
     </span>
    </p>
   </div>
   <div class='ocr_carea' id='block_1_39' title="bbox 362 3596 1963 3677">
    <p class='ocr_par' dir='ltr' id='par_1_39' title="bbox 362 3596 1963 3677">
     <span class='ocr_line' id='line_1_39' title="bbox 362 3596 1963 3677; baseline 0.001 -21"><span class='ocrx_word' id='word_1_294' title='bbox 362 3596 432 3672; x_wconf 80' lang='grc' dir='ltr'>ἧς</span> <span class='ocrx_word' id='word_1_295' title='bbox 460 3602 657 3673; x_wconf 75' lang='grc' dir='ltr'>ᾔδεσαν</span> <span class='ocrx_word' id='word_1_296' title='bbox 701 3605 1135 3675; x_wconf 57' lang='grc' dir='ltr'>ὲμῃευσθέντες</span> <span class='ocrx_word' id='word_1_297' title='bbox 1179 3609 1243 3659; x_wconf 82' lang='grc' dir='ltr'>ἐκ</span> <span class='ocrx_word' id='word_1_298' title='bbox 1275 3605 1411 3659; x_wconf 85' lang='grc' dir='ltr'>Θεοῦ</span> <span class='ocrx_word' id='word_1_299' title='bbox 1442 3606 1767 3677; x_wconf 79' lang='grc' dir='ltr'>βουλήσεως,</span> <span class='ocrx_word' id='word_1_300' title='bbox 1805 3606 1963 3670; x_wconf 82' lang='grc' dir='ltr'>ἄλλος</span> 
     </span>
    </p>
   </div>
   <div class='ocr_carea' id='block_1_40' title="bbox 363 3689 1964 3769">
    <p class='ocr_par' dir='ltr' id='par_1_40' title="bbox 363 3689 1964 3769">
     <span class='ocr_line' id='line_1_40' title="bbox 363 3689 1964 3769; baseline 0.004 -24"><span class='ocrx_word' id='word_1_301' title='bbox 363 3692 533 3764; x_wconf 76' lang='grc' dir='ltr'>ἄλλην</span> <span class='ocrx_word' id='word_1_302' title='bbox 558 3694 879 3765; x_wconf 79' lang='grc' dir='ltr'>ἐσχήκασιν.</span> <span class='ocrx_word' id='word_1_303' title='bbox 899 3694 988 3762; x_wconf 80' lang='grc' dir='ltr'>Ἐξ</span> <span class='ocrx_word' id='word_1_304' title='bbox 1008 3689 1193 3767; x_wconf 84' lang='grc' dir='ltr'>ὧνπερ</span> <span class='ocrx_word' id='word_1_305' title='bbox 1217 3697 1313 3749; x_wconf 72' lang='grc' dir='ltr'><strong>καὶ</strong></span> <span class='ocrx_word' id='word_1_306' title='bbox 1336 3697 1497 3767; x_wconf 87' lang='grc' dir='ltr'>μέχρι</span> <span class='ocrx_word' id='word_1_307' title='bbox 1526 3697 1740 3769; x_wconf 81' lang='grc' dir='ltr'>δεῦροή</span> <span class='ocrx_word' id='word_1_308' title='bbox 1772 3698 1964 3751; x_wconf 84' lang='grc' dir='ltr'>σύστα-</span> 
     </span>
    </p>
   </div>
   <div class='ocr_carea' id='block_1_41' title="bbox 364 3785 1960 3862">
    <p class='ocr_par' dir='ltr' id='par_1_41' title="bbox 364 3785 1960 3862">
     <span class='ocr_line' id='line_1_41' title="bbox 364 3785 1960 3862; baseline 0.005 -25"><span class='ocrx_word' id='word_1_309' title='bbox 364 3800 450 3849; x_wconf 87' lang='grc' dir='ltr'><strong>σις</strong></span> <span class='ocrx_word' id='word_1_310' title='bbox 485 3785 594 3839; x_wconf 82' lang='grc' dir='ltr'><strong>τῶν</strong></span> <span class='ocrx_word' id='word_1_311' title='bbox 638 3786 836 3839; x_wconf 88' lang='grc' dir='ltr'>λαλιῶν</span> <span class='ocrx_word' id='word_1_312' title='bbox 877 3787 1197 3859; x_wconf 77' lang='grc' dir='ltr'>ἐνέστηκεν·</span> <span class='ocrx_word' id='word_1_313' title='bbox 1230 3789 1370 3843; x_wconf 86' lang='grc' dir='ltr'>ὥστε</span> <span class='ocrx_word' id='word_1_314' title='bbox 1403 3790 1713 3862; x_wconf 86' lang='grc' dir='ltr'>βουλομένῳ</span> <span class='ocrx_word' id='word_1_315' title='bbox 1750 3791 1960 3847; x_wconf 80' lang='grc' dir='ltr'>ἔνεστιν</span> 
     </span>
    </p>
   </div>
   <div class='ocr_carea' id='block_1_42' title="bbox 368 3878 1959 3954">
    <p class='ocr_par' dir='ltr' id='par_1_42' title="bbox 368 3878 1959 3954">
     <span class='ocr_line' id='line_1_42' title="bbox 368 3878 1959 3954; baseline 0.004 -24"><span class='ocrx_word' id='word_1_316' title='bbox 368 3878 546 3949; x_wconf 84' lang='grc' dir='ltr'>εὑρεῖν</span> <span class='ocrx_word' id='word_1_317' title='bbox 568 3879 796 3934; x_wconf 74' lang='grc' dir='ltr'>ἕκαστον</span> <span class='ocrx_word' id='word_1_318' title='bbox 825 3880 1065 3953; x_wconf 86' lang='grc' dir='ltr'>ἀρχηγὸν</span> <span class='ocrx_word' id='word_1_319' title='bbox 1090 3883 1327 3954; x_wconf 81' lang='grc' dir='ltr'>ἑκάστης</span> <span class='ocrx_word' id='word_1_320' title='bbox 1354 3882 1607 3953; x_wconf 84' lang='grc' dir='ltr'>γλώσσης</span> <span class='ocrx_word' id='word_1_321' title='bbox 1627 3901 1639 3914; x_wconf 87' lang='grc'><strong>·</strong></span> <span class='ocrx_word' id='word_1_322' title='bbox 1670 3884 1745 3947; x_wconf 86' lang='grc' dir='ltr'><strong>ώς</strong></span> <span class='ocrx_word' id='word_1_323' title='bbox 1768 3884 1959 3939; x_wconf 84' lang='grc' dir='ltr'>Ἰωυὰν</span> 
     </span>
    </p>
   </div>
   <div class='ocr_carea' id='block_1_43' title="bbox 370 3968 1958 4046">
    <p class='ocr_par' dir='ltr' id='par_1_43' title="bbox 370 3968 1958 4046">
     <span class='ocr_line' id='line_1_43' title="bbox 370 3968 1958 4046; baseline 0.004 -23"><span class='ocrx_word' id='word_1_324' title='bbox 370 3971 470 4042; x_wconf 85' lang='grc' dir='ltr'><strong>μὲν</strong></span> <span class='ocrx_word' id='word_1_325' title='bbox 523 3970 622 4042; x_wconf 85' lang='grc' dir='ltr'>τὴν</span> <span class='ocrx_word' id='word_1_326' title='bbox 663 3972 943 4043; x_wconf 86' lang='grc' dir='ltr'>Ἑλληνίδα</span> <span class='ocrx_word' id='word_1_327' title='bbox 995 3973 1173 4045; x_wconf 80' lang='grc' dir='ltr'>ἔσχεν,</span> <span class='ocrx_word' id='word_1_328' title='bbox 1207 3976 1266 4039; x_wconf 80' lang='grc' dir='ltr'>ἐξ</span> <span class='ocrx_word' id='word_1_329' title='bbox 1299 3968 1470 4046; x_wconf 75' lang='grc' dir='ltr'>οὗπερ</span> <span class='ocrx_word' id='word_1_330' title='bbox 1511 3977 1605 4029; x_wconf 80' lang='grc' dir='ltr'>καὶ</span> <span class='ocrx_word' id='word_1_331' title='bbox 1638 3978 1825 4040; x_wconf 84' lang='grc' dir='ltr'>Ἴωνες</span> <span class='ocrx_word' id='word_1_332' title='bbox 1864 3978 1958 4032; x_wconf 87' lang='grc' dir='ltr'>κέ-</span> 
     </span>
    </p>
   </div>
   <div class='ocr_carea' id='block_1_44' title="bbox 364 4065 1959 4141">
    <p class='ocr_par' dir='ltr' id='par_1_44' title="bbox 364 4065 1959 4141">
     <span class='ocr_line' id='line_1_44' title="bbox 364 4065 1959 4141; baseline 0.004 -24"><span class='ocrx_word' id='word_1_333' title='bbox 364 4065 612 4136; x_wconf 90' lang='grc' dir='ltr'>κληνται,</span> <span class='ocrx_word' id='word_1_334' title='bbox 633 4067 680 4119; x_wconf 88' lang='grc' dir='ltr'><strong>οί</strong></span> <span class='ocrx_word' id='word_1_335' title='bbox 705 4066 804 4137; x_wconf 85' lang='grc' dir='ltr'><strong>τὴν</strong></span> <span class='ocrx_word' id='word_1_336' title='bbox 832 4066 1070 4120; x_wconf 84' lang='grc' dir='ltr'>παλαιὰν</span> <span class='ocrx_word' id='word_1_337' title='bbox 1098 4068 1350 4137; x_wconf 89' lang='grc' dir='ltr'>γλῶσσαν</span> <span class='ocrx_word' id='word_1_338' title='bbox 1382 4068 1493 4122; x_wconf 89' lang='grc' dir='ltr'><strong>τῶν</strong></span> <span class='ocrx_word' id='word_1_339' title='bbox 1520 4070 1786 4141; x_wconf 85' lang='grc' dir='ltr'>Ἑλλήνων</span> <span class='ocrx_word' id='word_1_340' title='bbox 1812 4069 1959 4140; x_wconf 80' lang='grc' dir='ltr'>έχον-</span> 
     </span>
    </p>
   </div>
   <div class='ocr_carea' id='block_1_45' title="bbox 363 4157 1960 4232">
    <p class='ocr_par' dir='ltr' id='par_1_45' title="bbox 363 4157 1960 4232">
     <span class='ocr_line' id='line_1_45' title="bbox 363 4157 1960 4232; baseline 0.003 -23"><span class='ocrx_word' id='word_1_341' title='bbox 363 4170 491 4219; x_wconf 87' lang='grc' dir='ltr'>τες·</span> <span class='ocrx_word' id='word_1_342' title='bbox 524 4159 707 4228; x_wconf 78' lang='grc' dir='ltr'>Θήρας</span> <span class='ocrx_word' id='word_1_343' title='bbox 755 4157 812 4210; x_wconf 85' lang='grc' dir='ltr'><strong>δὲ</strong></span> <span class='ocrx_word' id='word_1_344' title='bbox 864 4159 974 4212; x_wconf 90' lang='grc' dir='ltr'><strong>τῶν</strong></span> <span class='ocrx_word' id='word_1_345' title='bbox 1006 4160 1268 4231; x_wconf 61' lang='grc' dir='ltr'><strong>Θρᾳκῶν⁸</strong></span> <span class='ocrx_word' id='word_1_346' title='bbox 1302 4161 1488 4231; x_wconf 81' lang='grc' dir='ltr'>Μοσὸχ</span> <span class='ocrx_word' id='word_1_347' title='bbox 1514 4161 1612 4232; x_wconf 84' lang='grc' dir='ltr'>τὴν</span> <span class='ocrx_word' id='word_1_348' title='bbox 1642 4161 1960 4214; x_wconf 86' lang='grc' dir='ltr'>Μωσσυνοί-</span> 
     </span>
    </p>
   </div>
   <div class='ocr_carea' id='block_1_46' title="bbox 366 4250 1957 4325">
    <p class='ocr_par' dir='ltr' id='par_1_46' title="bbox 366 4250 1957 4325">
     <span class='ocr_line' id='line_1_46' title="bbox 366 4250 1957 4325; baseline 0.002 -22"><span class='ocrx_word' id='word_1_349' title='bbox 366 4268 477 4304; x_wconf 89' lang='grc' dir='ltr'><strong>κων</strong></span> <span class='ocrx_word' id='word_1_350' title='bbox 509 4250 761 4319; x_wconf 87' lang='grc' dir='ltr'>γλῶσσαν</span> <span class='ocrx_word' id='word_1_351' title='bbox 783 4270 796 4282; x_wconf 92' lang='grc'><strong>·</strong></span> <span class='ocrx_word' id='word_1_352' title='bbox 830 4252 1018 4304; x_wconf 82' lang='grc' dir='ltr'>Θωϐὲλ</span> <span class='ocrx_word' id='word_1_353' title='bbox 1045 4252 1142 4323; x_wconf 86' lang='grc' dir='ltr'>τὴν</span> <span class='ocrx_word' id='word_1_354' title='bbox 1169 4253 1277 4305; x_wconf 88' lang='grc' dir='ltr'><strong>τῶν</strong></span> <span class='ocrx_word' id='word_1_355' title='bbox 1307 4253 1590 4307; x_wconf 88' lang='grc' dir='ltr'>Θετταλῶν</span> <span class='ocrx_word' id='word_1_356' title='bbox 1609 4270 1623 4283; x_wconf 80' lang='grc'><strong>’</strong></span> <span class='ocrx_word' id='word_1_357' title='bbox 1654 4253 1838 4307; x_wconf 77' lang='grc' dir='ltr'>Ἐλοὺδ</span> <span class='ocrx_word' id='word_1_358' title='bbox 1859 4253 1957 4325; x_wconf 83' lang='grc' dir='ltr'>τὴν</span> 
     </span>
    </p>
   </div>
   <div class='ocr_carea' id='block_1_47' title="bbox 363 4342 1958 4417">
    <p class='ocr_par' dir='ltr' id='par_1_47' title="bbox 363 4342 1958 4417">
     <span class='ocr_line' id='line_1_47' title="bbox 363 4342 1958 4417; baseline 0.003 -23"><span class='ocrx_word' id='word_1_359' title='bbox 363 4342 551 4395; x_wconf 84' lang='grc' dir='ltr'>Λυδῶν</span> <span class='ocrx_word' id='word_1_360' title='bbox 570 4357 583 4371; x_wconf 82' lang='lat'><strong><em>°</em></strong></span> <span class='ocrx_word' id='word_1_361' title='bbox 617 4343 800 4417; x_wconf 74' lang='grc' dir='ltr'>Γεφὰρ</span> <span class='ocrx_word' id='word_1_362' title='bbox 830 4343 928 4415; x_wconf 85' lang='grc' dir='ltr'><strong>τὴν</strong></span> <span class='ocrx_word' id='word_1_363' title='bbox 954 4343 1252 4413; x_wconf 84' lang='grc' dir='ltr'>Γασφηνῶν</span> <span class='ocrx_word' id='word_1_364' title='bbox 1272 4360 1284 4373; x_wconf 94' lang='grc'><strong>·</strong></span> <span class='ocrx_word' id='word_1_365' title='bbox 1322 4344 1581 4415; x_wconf 82' lang='grc' dir='ltr'>Μιστρὲμ</span> <span class='ocrx_word' id='word_1_366' title='bbox 1608 4344 1707 4416; x_wconf 84' lang='grc' dir='ltr'>τὴν</span> <span class='ocrx_word' id='word_1_367' title='bbox 1727 4344 1835 4398; x_wconf 91' lang='grc' dir='ltr'><strong>τῶν</strong></span> <span class='ocrx_word' id='word_1_368' title='bbox 1863 4347 1958 4399; x_wconf 80' lang='grc' dir='ltr'><strong>Αί-</strong></span> 
     </span>
    </p>
   </div>
   <div class='ocr_carea' id='block_1_48' title="bbox 364 4428 1955 4506">
    <p class='ocr_par' dir='ltr' id='par_1_48' title="bbox 364 4428 1955 4506">
     <span class='ocr_line' id='line_1_48' title="bbox 364 4428 1955 4506; baseline 0.004 -26"><span class='ocrx_word' id='word_1_369' title='bbox 364 4428 643 4495; x_wconf 84' lang='grc' dir='ltr'>γυπτίων’</span> <span class='ocrx_word' id='word_1_370' title='bbox 683 4431 836 4495; x_wconf 82' lang='grc' dir='ltr'>Ψοῦς</span> <span class='ocrx_word' id='word_1_371' title='bbox 886 4430 985 4501; x_wconf 83' lang='grc' dir='ltr'>τὴν</span> <span class='ocrx_word' id='word_1_372' title='bbox 1041 4431 1149 4484; x_wconf 85' lang='grc' dir='ltr'><strong>τῶν</strong></span> <span class='ocrx_word' id='word_1_373' title='bbox 1181 4432 1551 4503; x_wconf 84' lang='grc' dir='ltr'>Ἀξουμιτῶν·</span> <span class='ocrx_word' id='word_1_374' title='bbox 1589 4434 1809 4504; x_wconf 86' lang='grc' dir='ltr'>Ἀρμὼτ</span> <span class='ocrx_word' id='word_1_375' title='bbox 1857 4434 1955 4506; x_wconf 83' lang='grc' dir='ltr'>τὴν</span> 
     </span>
    </p>
   </div>
   <div class='ocr_carea' id='block_1_49' title="bbox 2064 577 3657 648">
    <p class='ocr_par' dir='ltr' id='par_1_49' title="bbox 2064 577 3657 648">
     <span class='ocr_line' id='line_1_49' title="bbox 2064 577 3657 648; baseline 0 -15"><span class='ocrx_word' id='word_1_376' title='bbox 2064 587 2170 633; x_wconf 84' lang='lat' dir='ltr'><strong>est.</strong></span> <span class='ocrx_word' id='word_1_377' title='bbox 2206 578 2347 648; x_wconf 87' lang='lat' dir='ltr'><strong>Ergo</strong></span> <span class='ocrx_word' id='word_1_378' title='bbox 2376 579 2739 634; x_wconf 89' lang='lat' dir='ltr'><strong>consobrinas</strong></span> <span class='ocrx_word' id='word_1_379' title='bbox 2768 580 2968 635; x_wconf 85' lang='lat' dir='ltr'><strong>ducere</strong></span> <span class='ocrx_word' id='word_1_380' title='bbox 2994 593 3115 633; x_wconf 93' lang='lat' dir='ltr'><strong>mos</strong></span> <span class='ocrx_word' id='word_1_381' title='bbox 3147 577 3265 632; x_wconf 85' lang='lat' dir='ltr'><strong>fuit.</strong></span> <span class='ocrx_word' id='word_1_382' title='bbox 3301 578 3417 643; x_wconf 79' lang='lat' dir='ltr'><strong>Qua</strong></span> <span class='ocrx_word' id='word_1_383' title='bbox 3444 580 3657 635; x_wconf 75' lang='lat' dir='ltr'><strong>ratione</strong></span> 
     </span>
    </p>
   </div>
   <div class='ocr_carea' id='block_1_50' title="bbox 2066 670 3655 741">
    <p class='ocr_par' dir='ltr' id='par_1_50' title="bbox 2066 670 3655 741">
     <span class='ocr_line' id='line_1_50' title="bbox 2066 670 3655 741; baseline 0.001 -17"><span class='ocrx_word' id='word_1_384' title='bbox 2066 672 2273 725; x_wconf 78' lang='lat' dir='ltr'><strong>factum</strong></span> <span class='ocrx_word' id='word_1_385' title='bbox 2304 678 2496 735; x_wconf 84' lang='lat' dir='ltr'><strong>estut,</strong></span> <span class='ocrx_word' id='word_1_386' title='bbox 2521 672 2895 741; x_wconf 74' lang='lat' dir='ltr'><strong>multiplicatis</strong></span> <span class='ocrx_word' id='word_1_387' title='bbox 2916 670 3250 735; x_wconf 88' lang='lat' dir='ltr'><strong>hominibus,</strong></span> <span class='ocrx_word' id='word_1_388' title='bbox 3278 671 3384 725; x_wconf 92' lang='lat' dir='ltr'><strong>duo</strong></span> <span class='ocrx_word' id='word_1_389' title='bbox 3412 672 3463 725; x_wconf 92' lang='lat' dir='ltr'><strong>in</strong></span> <span class='ocrx_word' id='word_1_390' title='bbox 3484 688 3655 726; x_wconf 91' lang='lat' dir='ltr'><strong>unum</strong></span> 
     </span>
    </p>
   </div>
   <div class='ocr_carea' id='block_1_51' title="bbox 2065 761 3653 832">
    <p class='ocr_par' dir='ltr' id='par_1_51' title="bbox 2065 761 3653 832">
     <span class='ocr_line' id='line_1_51' title="bbox 2065 761 3653 832; baseline 0 -15"><span class='ocrx_word' id='word_1_391' title='bbox 2065 776 2263 832; x_wconf 79' lang='lat' dir='ltr'><strong>genera</strong></span> <span class='ocrx_word' id='word_1_392' title='bbox 2300 763 2686 825; x_wconf 88' lang='lat' dir='ltr'><strong>miscerentur,</strong></span> <span class='ocrx_word' id='word_1_393' title='bbox 2723 761 2880 817; x_wconf 88' lang='lat' dir='ltr'><strong>Caini</strong></span> <span class='ocrx_word' id='word_1_394' title='bbox 2912 762 3163 816; x_wconf 90' lang='lat' dir='ltr'><strong>videlicet</strong></span> <span class='ocrx_word' id='word_1_395' title='bbox 3203 778 3266 817; x_wconf 92' lang='lat' dir='ltr'><strong>ac</strong></span> <span class='ocrx_word' id='word_1_396' title='bbox 3302 762 3488 829; x_wconf 89' lang='lat' dir='ltr'><strong>Sethi;</strong></span> <span class='ocrx_word' id='word_1_397' title='bbox 3537 772 3653 818; x_wconf 90' lang='lat' dir='ltr'><strong>tum</strong></span> 
     </span>
    </p>
   </div>
   <div class='ocr_carea' id='block_1_52' title="bbox 2066 853 3652 924">
    <p class='ocr_par' dir='ltr' id='par_1_52' title="bbox 2066 853 3652 924">
     <span class='ocr_line' id='line_1_52' title="bbox 2066 853 3652 924; baseline 0.003 -18"><span class='ocrx_word' id='word_1_398' title='bbox 2066 853 2329 922; x_wconf 79' lang='lat' dir='ltr'><strong>deinceps</strong></span> <span class='ocrx_word' id='word_1_399' title='bbox 2362 853 2587 924; x_wconf 77' lang='lat' dir='ltr'><strong>reliquae</strong></span> <span class='ocrx_word' id='word_1_400' title='bbox 2621 854 2856 909; x_wconf 78' lang='lat' dir='ltr'><strong>filiorum</strong></span> <span class='ocrx_word' id='word_1_401' title='bbox 2892 854 3083 907; x_wconf 89' lang='lat' dir='ltr'><strong>Adami</strong></span> <span class='ocrx_word' id='word_1_402' title='bbox 3112 855 3310 924; x_wconf 88' lang='lat' dir='ltr'><strong>stirpes</strong></span> <span class='ocrx_word' id='word_1_403' title='bbox 3338 857 3652 924; x_wconf 82' lang='lat' dir='ltr'><strong>promiscue</strong></span> 
     </span>
    </p>
   </div>
   <div class='ocr_carea' id='block_1_53' title="bbox 2060 946 3655 1017">
    <p class='ocr_par' dir='ltr' id='par_1_53' title="bbox 2060 946 3655 1017">
     <span class='ocr_line' id='line_1_53' title="bbox 2060 946 3655 1017; baseline 0.001 -17"><span class='ocrx_word' id='word_1_404' title='bbox 2060 946 2445 1017; x_wconf 87' lang='lat' dir='ltr'><strong>jungerentur.</strong></span> <span class='ocrx_word' id='word_1_405' title='bbox 2489 946 2687 1003; x_wconf 86' lang='lat' dir='ltr'><strong>Postea</strong></span> <span class='ocrx_word' id='word_1_406' title='bbox 2731 963 2855 1002; x_wconf 92' lang='lat' dir='ltr'><strong>cum</strong></span> <span class='ocrx_word' id='word_1_407' title='bbox 2903 962 3168 1017; x_wconf 88' lang='lat' dir='ltr'><strong>aquarum</strong></span> <span class='ocrx_word' id='word_1_408' title='bbox 3212 949 3510 1002; x_wconf 79' lang='lat' dir='ltr'><strong>exundatio</strong></span> <span class='ocrx_word' id='word_1_409' title='bbox 3551 948 3655 1003; x_wconf 84' lang='lat' dir='ltr'><strong>hu-</strong></span> 
     </span>
    </p>
   </div>
   <div class='ocr_carea' id='block_1_54' title="bbox 2065 1038 3653 1108">
    <p class='ocr_par' dir='ltr' id='par_1_54' title="bbox 2065 1038 3653 1108">
     <span class='ocr_line' id='line_1_54' title="bbox 2065 1038 3653 1108; baseline 0.003 -18"><span class='ocrx_word' id='word_1_410' title='bbox 2065 1039 2213 1091; x_wconf 87' lang='lat' dir='ltr'><strong>mani</strong></span> <span class='ocrx_word' id='word_1_411' title='bbox 2253 1039 2469 1108; x_wconf 79' lang='lat' dir='ltr'><strong>generis</strong></span> <span class='ocrx_word' id='word_1_412' title='bbox 2500 1048 2701 1093; x_wconf 87' lang='lat' dir='ltr'><strong>statum</strong></span> <span class='ocrx_word' id='word_1_413' title='bbox 2756 1038 3002 1094; x_wconf 80' lang='lat' dir='ltr'><strong>funditus</strong></span> <span class='ocrx_word' id='word_1_414' title='bbox 3047 1039 3359 1102; x_wconf 87' lang='lat' dir='ltr'><strong>delevisset,</strong></span> <span class='ocrx_word' id='word_1_415' title='bbox 3396 1056 3540 1097; x_wconf 90' lang='lat' dir='ltr'><strong>unus</strong></span> <span class='ocrx_word' id='word_1_416' title='bbox 3587 1059 3653 1095; x_wconf 75' lang='lat' dir='ltr'><strong>ex</strong></span> 
     </span>
    </p>
   </div>
   <div class='ocr_carea' id='block_1_55' title="bbox 2067 1129 3652 1201">
    <p class='ocr_par' dir='ltr' id='par_1_55' title="bbox 2067 1129 3652 1201">
     <span class='ocr_line' id='line_1_55' title="bbox 2067 1129 3652 1201; baseline 0.003 -21"><span class='ocrx_word' id='word_1_417' title='bbox 2067 1131 2323 1185; x_wconf 87' lang='lat' dir='ltr'><strong>omnibus</strong></span> <span class='ocrx_word' id='word_1_418' title='bbox 2360 1129 2600 1185; x_wconf 89' lang='lat' dir='ltr'><strong>Noemus</strong></span> <span class='ocrx_word' id='word_1_419' title='bbox 2630 1139 2881 1186; x_wconf 81' lang='lat' dir='ltr'><strong>servatus</strong></span> <span class='ocrx_word' id='word_1_420' title='bbox 2914 1139 3019 1196; x_wconf 90' lang='lat' dir='ltr'><strong>est,</strong></span> <span class='ocrx_word' id='word_1_421' title='bbox 3065 1132 3156 1201; x_wconf 89' lang='lat' dir='ltr'><strong>qui</strong></span> <span class='ocrx_word' id='word_1_422' title='bbox 3198 1132 3475 1201; x_wconf 83' lang='lat' dir='ltr'><strong>gratiosus</strong></span> <span class='ocrx_word' id='word_1_423' title='bbox 3511 1133 3652 1198; x_wconf 79' lang='lat' dir='ltr'><strong>apud</strong></span> 
     </span>
    </p>
   </div>
   <div class='ocr_carea' id='block_1_56' title="bbox 2067 1217 3659 1289">
    <p class='ocr_par' dir='ltr' id='par_1_56' title="bbox 2067 1217 3659 1289">
     <span class='ocr_line' id='line_1_56' title="bbox 2067 1217 3659 1289; baseline 0.003 -19"><span class='ocrx_word' id='word_1_424' title='bbox 2067 1217 2236 1274; x_wconf 88' lang='lat' dir='ltr'><strong>Deum</strong></span> <span class='ocrx_word' id='word_1_425' title='bbox 2286 1221 2592 1285; x_wconf 82' lang='lat' dir='ltr'><strong>exstiterat,</strong></span> <span class='ocrx_word' id='word_1_426' title='bbox 2652 1221 2795 1289; x_wconf 91' lang='lat' dir='ltr'><strong>quod</strong></span> <span class='ocrx_word' id='word_1_427' title='bbox 2830 1227 2991 1275; x_wconf 68' lang='lat' dir='ltr'><strong>aetate</strong></span> <span class='ocrx_word' id='word_1_428' title='bbox 3037 1236 3134 1274; x_wconf 86' lang='lat' dir='ltr'><strong>sua</strong></span> <span class='ocrx_word' id='word_1_429' title='bbox 3166 1220 3352 1289; x_wconf 92' lang='lat' dir='ltr'><strong>justus</strong></span> <span class='ocrx_word' id='word_1_430' title='bbox 3390 1229 3536 1277; x_wconf 84' lang='lat' dir='ltr'><strong>esset</strong></span> <span class='ocrx_word' id='word_1_431' title='bbox 3579 1222 3659 1275; x_wconf 87' lang='lat' dir='ltr'><strong>in-</strong></span> 
     </span>
    </p>
   </div>
   <div class='ocr_carea' id='block_1_57' title="bbox 2064 1310 3661 1375">
    <p class='ocr_par' dir='ltr' id='par_1_57' title="bbox 2064 1310 3661 1375">
     <span class='ocr_line' id='line_1_57' title="bbox 2064 1310 3661 1375; baseline -0.001 -11"><span class='ocrx_word' id='word_1_432' title='bbox 2064 1320 2278 1366; x_wconf 90' lang='lat' dir='ltr'><strong>ventus.</strong></span> <span class='ocrx_word' id='word_1_433' title='bbox 2315 1312 2436 1375; x_wconf 88' lang='lat' dir='ltr'><strong>Hic,</strong></span> <span class='ocrx_word' id='word_1_434' title='bbox 2467 1320 2526 1365; x_wconf 89' lang='lat' dir='ltr'><strong>ut</strong></span> <span class='ocrx_word' id='word_1_435' title='bbox 2559 1319 2685 1367; x_wconf 87' lang='lat' dir='ltr'><strong>ante</strong></span> <span class='ocrx_word' id='word_1_436' title='bbox 2716 1311 3166 1375; x_wconf 86' lang='lat' dir='ltr'><strong>memoravimus,</strong></span> <span class='ocrx_word' id='word_1_437' title='bbox 3201 1326 3384 1366; x_wconf 89' lang='lat' dir='ltr'><strong>arcam</strong></span> <span class='ocrx_word' id='word_1_438' title='bbox 3417 1312 3519 1366; x_wconf 83' lang='lat' dir='ltr'><strong>sibi</strong></span> <span class='ocrx_word' id='word_1_439' title='bbox 3549 1310 3661 1366; x_wconf 78' lang='lat' dir='ltr'><strong>Deo</strong></span> 
     </span>
    </p>
   </div>
   <div class='ocr_carea' id='block_1_58' title="bbox 2058 1402 3656 1472">
    <p class='ocr_par' dir='ltr' id='par_1_58' title="bbox 2058 1402 3656 1472">
     <span class='ocr_line' id='line_1_58' title="bbox 2058 1402 3656 1472; baseline -0.001 -16"><span class='ocrx_word' id='word_1_440' title='bbox 2058 1403 2291 1472; x_wconf 87' lang='lat' dir='ltr'><strong>jubente</strong></span> <span class='ocrx_word' id='word_1_441' title='bbox 2346 1403 2648 1457; x_wconf 79' lang='lat' dir='ltr'><strong>fabricatus</strong></span> <span class='ocrx_word' id='word_1_442' title='bbox 2697 1411 2816 1469; x_wconf 87' lang='lat' dir='ltr'><strong>est,</strong></span> <span class='ocrx_word' id='word_1_443' title='bbox 2873 1402 3336 1471; x_wconf 88' lang='lat' dir='ltr'><strong>quemadmodum</strong></span> <span class='ocrx_word' id='word_1_444' title='bbox 3396 1417 3656 1472; x_wconf 77' lang='lat' dir='ltr'><strong>germana</strong></span> 
     </span>
    </p>
   </div>
   <div class='ocr_carea' id='block_1_59' title="bbox 2062 1493 3657 1564">
    <p class='ocr_par' dir='ltr' id='par_1_59' title="bbox 2062 1493 3657 1564">
     <span class='ocr_line' id='line_1_59' title="bbox 2062 1493 3657 1564; baseline -0.001 -16"><span class='ocrx_word' id='word_1_445' title='bbox 2062 1494 2261 1548; x_wconf 70' lang='lat' dir='ltr'><strong>divina:</strong></span> <span class='ocrx_word' id='word_1_446' title='bbox 2294 1493 2428 1564; x_wconf 86' lang='lat' dir='ltr'><strong>legis</strong></span> <span class='ocrx_word' id='word_1_447' title='bbox 2478 1494 2819 1549; x_wconf 89' lang='lat' dir='ltr'><strong>monimenta</strong></span> <span class='ocrx_word' id='word_1_448' title='bbox 2870 1501 3163 1549; x_wconf 86' lang='lat' dir='ltr'><strong>testantur.</strong></span> <span class='ocrx_word' id='word_1_449' title='bbox 3196 1494 3309 1561; x_wconf 84' lang='lat' dir='ltr'><strong>Qua</strong></span> <span class='ocrx_word' id='word_1_450' title='bbox 3343 1493 3561 1562; x_wconf 87' lang='lat' dir='ltr'><strong>quidem</strong></span> <span class='ocrx_word' id='word_1_451' title='bbox 3603 1494 3657 1547; x_wconf 89' lang='lat' dir='ltr'><strong>in</strong></span> 
     </span>
    </p>
   </div>
   <div class='ocr_carea' id='block_1_60' title="bbox 2065 1582 3658 1653">
    <p class='ocr_par' dir='ltr' id='par_1_60' title="bbox 2065 1582 3658 1653">
     <span class='ocr_line' id='line_1_60' title="bbox 2065 1582 3658 1653; baseline 0.001 -18"><span class='ocrx_word' id='word_1_452' title='bbox 2065 1598 2189 1637; x_wconf 83' lang='lat' dir='ltr'><strong>arca</strong></span> <span class='ocrx_word' id='word_1_453' title='bbox 2218 1592 2494 1638; x_wconf 89' lang='lat' dir='ltr'><strong>servatum</strong></span> <span class='ocrx_word' id='word_1_454' title='bbox 2523 1582 2787 1637; x_wconf 80' lang='lat' dir='ltr'><strong>Nocmum</strong></span> <span class='ocrx_word' id='word_1_455' title='bbox 2814 1584 2867 1637; x_wconf 90' lang='lat' dir='ltr'><strong>in</strong></span> <span class='ocrx_word' id='word_1_456' title='bbox 2891 1584 3079 1638; x_wconf 90' lang='lat' dir='ltr'><strong>eodem</strong></span> <span class='ocrx_word' id='word_1_457' title='bbox 3106 1585 3332 1639; x_wconf 68' lang='lat' dir='ltr'><strong>sincera:</strong></span> <span class='ocrx_word' id='word_1_458' title='bbox 3356 1584 3658 1653; x_wconf 77' lang='lat' dir='ltr'><strong>Scriptura:</strong></span> 
     </span>
    </p>
   </div>
   <div class='ocr_carea' id='block_1_61' title="bbox 2064 1676 3658 1745">
    <p class='ocr_par' dir='ltr' id='par_1_61' title="bbox 2064 1676 3658 1745">
     <span class='ocr_line' id='line_1_61' title="bbox 2064 1676 3658 1745; baseline -0.002 -16"><span class='ocrx_word' id='word_1_459' title='bbox 2064 1678 2344 1729; x_wconf 80' lang='lat' dir='ltr'><strong>volumine</strong></span> <span class='ocrx_word' id='word_1_460' title='bbox 2392 1676 2669 1745; x_wconf 88' lang='lat' dir='ltr'><strong>proditum</strong></span> <span class='ocrx_word' id='word_1_461' title='bbox 2719 1683 2825 1742; x_wconf 85' lang='lat' dir='ltr'><strong>est,</strong></span> <span class='ocrx_word' id='word_1_462' title='bbox 2861 1690 2987 1730; x_wconf 92' lang='lat' dir='ltr'><strong>cum</strong></span> <span class='ocrx_word' id='word_1_463' title='bbox 3033 1690 3207 1745; x_wconf 89' lang='lat' dir='ltr'><strong>eoque</strong></span> <span class='ocrx_word' id='word_1_464' title='bbox 3262 1684 3489 1745; x_wconf 88' lang='lat' dir='ltr'><strong>septem,</strong></span> <span class='ocrx_word' id='word_1_465' title='bbox 3536 1691 3658 1745; x_wconf 74' lang='lat' dir='ltr'><strong>quae</strong></span> 
     </span>
    </p>
   </div>
   <div class='ocr_carea' id='block_1_62' title="bbox 2066 1769 3657 1840">
    <p class='ocr_par' dir='ltr' id='par_1_62' title="bbox 2066 1769 3657 1840">
     <span class='ocr_line' id='line_1_62' title="bbox 2066 1769 3657 1840; baseline 0.001 -19"><span class='ocrx_word' id='word_1_466' title='bbox 2066 1776 2192 1822; x_wconf 88' lang='lat' dir='ltr'><strong>ante</strong></span> <span class='ocrx_word' id='word_1_467' title='bbox 2224 1769 2653 1831; x_wconf 79' lang='lat' dir='ltr'><strong>nominavimus,</strong></span> <span class='ocrx_word' id='word_1_468' title='bbox 2678 1769 2880 1838; x_wconf 88' lang='lat' dir='ltr'><strong>capita,</strong></span> <span class='ocrx_word' id='word_1_469' title='bbox 2911 1769 3013 1822; x_wconf 90' lang='lat' dir='ltr'><strong>hoc</strong></span> <span class='ocrx_word' id='word_1_470' title='bbox 3053 1776 3137 1824; x_wconf 90' lang='lat' dir='ltr'><strong>est</strong></span> <span class='ocrx_word' id='word_1_471' title='bbox 3168 1769 3455 1840; x_wconf 87' lang='lat' dir='ltr'><strong>conjugem</strong></span> <span class='ocrx_word' id='word_1_472' title='bbox 3483 1769 3657 1838; x_wconf 82' lang='lat' dir='ltr'><strong>ipsius</strong></span> 
     </span>
    </p>
   </div>
   <div class='ocr_carea' id='block_1_63' title="bbox 2064 1860 3654 1924">
    <p class='ocr_par' dir='ltr' id='par_1_63' title="bbox 2064 1860 3654 1924">
     <span class='ocr_line' id='line_1_63' title="bbox 2064 1860 3654 1924; baseline -0.001 -9"><span class='ocrx_word' id='word_1_473' title='bbox 2064 1877 2190 1915; x_wconf 91' lang='lat' dir='ltr'><strong>cum</strong></span> <span class='ocrx_word' id='word_1_474' title='bbox 2249 1862 2426 1916; x_wconf 87' lang='lat' dir='ltr'><strong>tribus</strong></span> <span class='ocrx_word' id='word_1_475' title='bbox 2468 1861 2679 1924; x_wconf 90' lang='lat' dir='ltr'><strong>liberis,</strong></span> <span class='ocrx_word' id='word_1_476' title='bbox 2728 1876 2793 1915; x_wconf 92' lang='lat' dir='ltr'><strong>ac</strong></span> <span class='ocrx_word' id='word_1_477' title='bbox 2847 1860 3073 1915; x_wconf 89' lang='lat' dir='ltr'><strong>t0tidem</strong></span> <span class='ocrx_word' id='word_1_478' title='bbox 3128 1876 3319 1915; x_wconf 91' lang='lat' dir='ltr'><strong>eorum</strong></span> <span class='ocrx_word' id='word_1_479' title='bbox 3369 1861 3654 1915; x_wconf 83' lang='lat' dir='ltr'><strong>uxoribus.</strong></span> 
     </span>
    </p>
   </div>
   <div class='ocr_carea' id='block_1_64' title="bbox 2072 1954 3660 2024">
    <p class='ocr_par' dir='ltr' id='par_1_64' title="bbox 2072 1954 3660 2024">
     <span class='ocr_line' id='line_1_64' title="bbox 2072 1954 3660 2024; baseline -0.001 -16"><span class='ocrx_word' id='word_1_480' title='bbox 2072 1954 2436 2021; x_wconf 77' lang='lat' dir='ltr'><strong>Quamobrem</strong></span> <span class='ocrx_word' id='word_1_481' title='bbox 2464 1956 2680 2024; x_wconf 79' lang='lat' dir='ltr'><strong>generis</strong></span> <span class='ocrx_word' id='word_1_482' title='bbox 2710 1955 2939 2008; x_wconf 89' lang='lat' dir='ltr'><strong>humani</strong></span> <span class='ocrx_word' id='word_1_483' title='bbox 2966 1954 3226 2023; x_wconf 91' lang='lat' dir='ltr'><strong>reliquias</strong></span> <span class='ocrx_word' id='word_1_484' title='bbox 3254 1955 3309 2008; x_wconf 91' lang='lat' dir='ltr'><strong>in</strong></span> <span class='ocrx_word' id='word_1_485' title='bbox 3337 1955 3482 2009; x_wconf 92' lang='lat' dir='ltr'><strong>hunc</strong></span> <span class='ocrx_word' id='word_1_486' title='bbox 3504 1970 3660 2007; x_wconf 90' lang='lat' dir='ltr'><strong>mun-</strong></span> 
     </span>
    </p>
   </div>
   <div class='ocr_carea' id='block_1_65' title="bbox 2062 2044 3653 2115">
    <p class='ocr_par' dir='ltr' id='par_1_65' title="bbox 2062 2044 3653 2115">
     <span class='ocr_line' id='line_1_65' title="bbox 2062 2044 3653 2115; baseline 0.001 -17"><span class='ocrx_word' id='word_1_487' title='bbox 2062 2045 2191 2099; x_wconf 91' lang='lat' dir='ltr'><strong>dum</strong></span> <span class='ocrx_word' id='word_1_488' title='bbox 2226 2060 2256 2097; x_wconf 92' lang='lat' dir='ltr'><strong>a</strong></span> <span class='ocrx_word' id='word_1_489' title='bbox 2287 2044 2494 2098; x_wconf 87' lang='lat' dir='ltr'><strong>Noemo</strong></span> <span class='ocrx_word' id='word_1_490' title='bbox 2521 2045 2815 2115; x_wconf 84' lang='lat' dir='ltr'><strong>productas</strong></span> <span class='ocrx_word' id='word_1_491' title='bbox 2846 2061 2969 2100; x_wconf 90' lang='lat' dir='ltr'><strong>esse</strong></span> <span class='ocrx_word' id='word_1_492' title='bbox 3004 2047 3252 2101; x_wconf 82' lang='lat' dir='ltr'><strong>veritatis</strong></span> <span class='ocrx_word' id='word_1_493' title='bbox 3293 2046 3467 2115; x_wconf 89' lang='lat' dir='ltr'><strong>ipsius</strong></span> <span class='ocrx_word' id='word_1_494' title='bbox 3500 2044 3653 2099; x_wconf 82' lang='lat' dir='ltr'><strong>testi-</strong></span> 
     </span>
    </p>
   </div>
   <div class='ocr_carea' id='block_1_66' title="bbox 2062 2137 3659 2208">
    <p class='ocr_par' dir='ltr' id='par_1_66' title="bbox 2062 2137 3659 2208">
     <span class='ocr_line' id='line_1_66' title="bbox 2062 2137 3659 2208; baseline 0 -18"><span class='ocrx_word' id='word_1_495' title='bbox 2062 2137 2249 2191; x_wconf 91' lang='lat' dir='ltr'><strong>monio</strong></span> <span class='ocrx_word' id='word_1_496' title='bbox 2289 2146 2527 2193; x_wconf 87' lang='lat' dir='ltr'><strong>constat.</strong></span> <span class='ocrx_word' id='word_1_497' title='bbox 2576 2137 2655 2191; x_wconf 69' lang='lat' dir='ltr'><strong>Et</strong></span> <span class='ocrx_word' id='word_1_498' title='bbox 2698 2153 2808 2207; x_wconf 91' lang='lat' dir='ltr'><strong>quo</strong></span> <span class='ocrx_word' id='word_1_499' title='bbox 2848 2138 3209 2207; x_wconf 87' lang='lat' dir='ltr'><strong>multiplicata</strong></span> <span class='ocrx_word' id='word_1_500' title='bbox 3248 2138 3421 2207; x_wconf 90' lang='lat' dir='ltr'><strong>prole,</strong></span> <span class='ocrx_word' id='word_1_501' title='bbox 3466 2152 3659 2208; x_wconf 86' lang='lat' dir='ltr'><strong>perpe-</strong></span> 
     </span>
    </p>
   </div>
   <div class='ocr_carea' id='block_1_67' title="bbox 2065 2229 3656 2301">
    <p class='ocr_par' dir='ltr' id='par_1_67' title="bbox 2065 2229 3656 2301">
     <span class='ocr_line' id='line_1_67' title="bbox 2065 2229 3656 2301; baseline -0.001 -20"><span class='ocrx_word' id='word_1_502' title='bbox 2065 2236 2272 2297; x_wconf 91' lang='lat' dir='ltr'><strong>tuaque</strong></span> <span class='ocrx_word' id='word_1_503' title='bbox 2306 2229 2514 2284; x_wconf 87' lang='lat' dir='ltr'><strong>sobolis</strong></span> <span class='ocrx_word' id='word_1_504' title='bbox 2551 2229 2905 2284; x_wconf 89' lang='lat' dir='ltr'><strong>successione</strong></span> <span class='ocrx_word' id='word_1_505' title='bbox 2954 2230 3199 2301; x_wconf 88' lang='lat' dir='ltr'><strong>quinque</strong></span> <span class='ocrx_word' id='word_1_506' title='bbox 3238 2229 3293 2283; x_wconf 91' lang='lat' dir='ltr'><strong>in</strong></span> <span class='ocrx_word' id='word_1_507' title='bbox 3323 2229 3485 2284; x_wconf 85' lang='lat' dir='ltr'><strong>terris</strong></span> <span class='ocrx_word' id='word_1_508' title='bbox 3523 2229 3656 2283; x_wconf 80' lang='lat' dir='ltr'><strong>stir-</strong></span> 
     </span>
    </p>
   </div>
   <div class='ocr_carea' id='block_1_68' title="bbox 2060 2320 2833 2390">
    <p class='ocr_par' dir='ltr' id='par_1_68' title="bbox 2060 2320 2833 2390">
     <span class='ocr_line' id='line_1_68' title="bbox 2060 2320 2833 2390; baseline 0.003 -18"><span class='ocrx_word' id='word_1_509' title='bbox 2060 2320 2209 2390; x_wconf 91' lang='lat' dir='ltr'><strong>pium</strong></span> <span class='ocrx_word' id='word_1_510' title='bbox 2236 2327 2368 2375; x_wconf 92' lang='lat' dir='ltr'><strong>sunt</strong></span> <span class='ocrx_word' id='word_1_511' title='bbox 2401 2320 2541 2374; x_wconf 77' lang='lat' dir='ltr'><strong>facta</strong></span> <span class='ocrx_word' id='word_1_512' title='bbox 2573 2321 2833 2375; x_wconf 90' lang='lat' dir='ltr'><strong>divortia.</strong></span> 
     </span>
    </p>
   </div>
   <div class='ocr_carea' id='block_1_69' title="bbox 2132 2411 3659 2484">
    <p class='ocr_par' dir='ltr' id='par_1_69' title="bbox 2132 2411 3659 2484">
     <span class='ocr_line' id='line_1_69' title="bbox 2132 2411 3659 2484; baseline 0.002 -20"><span class='ocrx_word' id='word_1_513' title='bbox 2132 2411 2252 2476; x_wconf 84' lang='lat' dir='ltr'><strong>Quo</strong></span> <span class='ocrx_word' id='word_1_514' title='bbox 2276 2420 2523 2481; x_wconf 89' lang='lat' dir='ltr'><strong>tempore</strong></span> <span class='ocrx_word' id='word_1_515' title='bbox 2552 2411 2793 2483; x_wconf 86' lang='lat' dir='ltr'><strong>Babylon</strong></span> <span class='ocrx_word' id='word_1_516' title='bbox 2835 2414 2891 2467; x_wconf 89' lang='lat' dir='ltr'><strong>in</strong></span> <span class='ocrx_word' id='word_1_517' title='bbox 2934 2411 3285 2484; x_wconf 57' lang='lat' dir='ltr'><strong>Assyriai’ab</strong></span> <span class='ocrx_word' id='word_1_518' title='bbox 3316 2412 3509 2467; x_wconf 89' lang='lat' dir='ltr'><strong>iisdem</strong></span> <span class='ocrx_word' id='word_1_519' title='bbox 3545 2412 3659 2467; x_wconf 85' lang='lat' dir='ltr'><strong>illis</strong></span> 
     </span>
    </p>
   </div>
   <div class='ocr_carea' id='block_1_70' title="bbox 2063 2502 3657 2574">
    <p class='ocr_par' dir='ltr' id='par_1_70' title="bbox 2063 2502 3657 2574">
     <span class='ocr_line' id='line_1_70' title="bbox 2063 2502 3657 2574; baseline 0.003 -19"><span class='ocrx_word' id='word_1_520' title='bbox 2063 2509 2368 2566; x_wconf 79' lang='lat' dir='ltr'><strong>exstructa,</strong></span> <span class='ocrx_word' id='word_1_521' title='bbox 2424 2502 2516 2572; x_wconf 90' lang='lat' dir='ltr'><strong>qui</strong></span> <span class='ocrx_word' id='word_1_522' title='bbox 2565 2510 2619 2557; x_wconf 91' lang='lat' dir='ltr'><strong>et</strong></span> <span class='ocrx_word' id='word_1_523' title='bbox 2674 2504 2873 2557; x_wconf 89' lang='lat' dir='ltr'><strong>turrim</strong></span> <span class='ocrx_word' id='word_1_524' title='bbox 2932 2504 3322 2559; x_wconf 88' lang='lat' dir='ltr'><strong>condiderunt.</strong></span> <span class='ocrx_word' id='word_1_525' title='bbox 3376 2503 3657 2574; x_wconf 86' lang='lat' dir='ltr'><strong>Erantque</strong></span> 
     </span>
    </p>
   </div>
   <div class='ocr_carea' id='block_1_71' title="bbox 2062 2592 3657 2665">
    <p class='ocr_par' dir='ltr' id='par_1_71' title="bbox 2062 2592 3657 2665">
     <span class='ocr_line' id='line_1_71' title="bbox 2062 2592 3657 2665; baseline 0.003 -20"><span class='ocrx_word' id='word_1_526' title='bbox 2062 2601 2203 2656; x_wconf 92' lang='lat' dir='ltr'><strong>tum,</strong></span> <span class='ocrx_word' id='word_1_527' title='bbox 2236 2593 2313 2646; x_wconf 91' lang='lat' dir='ltr'><strong>uti</strong></span> <span class='ocrx_word' id='word_1_528' title='bbox 2338 2594 2391 2647; x_wconf 92' lang='lat' dir='ltr'><strong>in</strong></span> <span class='ocrx_word' id='word_1_529' title='bbox 2422 2592 2805 2663; x_wconf 88' lang='lat' dir='ltr'><strong>superioribus</strong></span> <span class='ocrx_word' id='word_1_530' title='bbox 2829 2594 3127 2650; x_wconf 71' lang='lat' dir='ltr'><strong>baeresibus</strong></span> <span class='ocrx_word' id='word_1_531' title='bbox 3149 2612 3213 2649; x_wconf 83' lang='lat' dir='ltr'><strong>ex</strong></span> <span class='ocrx_word' id='word_1_532' title='bbox 3239 2598 3657 2665; x_wconf 83' lang='lat' dir='ltr'><strong>generationum</strong></span> 
     </span>
    </p>
   </div>
   <div class='ocr_carea' id='block_1_72' title="bbox 2064 2683 3657 2750">
    <p class='ocr_par' dir='ltr' id='par_1_72' title="bbox 2064 2683 3657 2750">
     <span class='ocr_line' id='line_1_72' title="bbox 2064 2683 3657 2750; baseline 0.003 -13"><span class='ocrx_word' id='word_1_533' title='bbox 2064 2698 2095 2737; x_wconf 91' lang='lat' dir='ltr'><strong>a</strong></span> <span class='ocrx_word' id='word_1_534' title='bbox 2126 2683 2287 2738; x_wconf 91' lang='lat' dir='ltr'><strong>nobis</strong></span> <span class='ocrx_word' id='word_1_535' title='bbox 2322 2684 2571 2738; x_wconf 91' lang='lat' dir='ltr'><strong>instituta</strong></span> <span class='ocrx_word' id='word_1_536' title='bbox 2620 2685 2763 2739; x_wconf 89' lang='lat' dir='ltr'><strong>serie</strong></span> <span class='ocrx_word' id='word_1_537' title='bbox 2790 2684 3223 2740; x_wconf 83' lang='lat' dir='ltr'><strong>demonstratum</strong></span> <span class='ocrx_word' id='word_1_538' title='bbox 3253 2693 3359 2750; x_wconf 91' lang='lat' dir='ltr'><strong>est,</strong></span> <span class='ocrx_word' id='word_1_539' title='bbox 3404 2687 3657 2741; x_wconf 87' lang='lat' dir='ltr'><strong>homines</strong></span> 
     </span>
    </p>
   </div>
   <div class='ocr_carea' id='block_1_73' title="bbox 2062 2775 3651 2847">
    <p class='ocr_par' dir='ltr' id='par_1_73' title="bbox 2062 2775 3651 2847">
     <span class='ocr_line' id='line_1_73' title="bbox 2062 2775 3651 2847; baseline 0.003 -18"><span class='ocrx_word' id='word_1_540' title='bbox 2062 2775 2233 2831; x_wconf 83' lang='lat' dir='ltr'><strong>ferme</strong></span> <span class='ocrx_word' id='word_1_541' title='bbox 2259 2790 2404 2829; x_wconf 78' lang='lat' dir='ltr'><strong>uxn</strong></span> <span class='ocrx_word' id='word_1_542' title='bbox 2429 2776 2681 2846; x_wconf 89' lang='lat' dir='ltr'><strong>stirpium</strong></span> <span class='ocrx_word' id='word_1_543' title='bbox 2707 2783 2981 2841; x_wconf 88' lang='lat' dir='ltr'><strong>auctores,</strong></span> <span class='ocrx_word' id='word_1_544' title='bbox 3002 2785 3056 2831; x_wconf 85' lang='lat' dir='ltr'><strong>et</strong></span> <span class='ocrx_word' id='word_1_545' title='bbox 3074 2777 3275 2847; x_wconf 90' lang='lat' dir='ltr'><strong>capita.</strong></span> <span class='ocrx_word' id='word_1_546' title='bbox 3300 2777 3568 2832; x_wconf 87' lang='lat' dir='ltr'><strong>Nimirum</strong></span> <span class='ocrx_word' id='word_1_547' title='bbox 3587 2796 3651 2833; x_wconf 75' lang='lat' dir='ltr'><strong>ex</strong></span> 
     </span>
    </p>
   </div>
   <div class='ocr_carea' id='block_1_74' title="bbox 2060 2867 3652 2939">
    <p class='ocr_par' dir='ltr' id='par_1_74' title="bbox 2060 2867 3652 2939">
     <span class='ocr_line' id='line_1_74' title="bbox 2060 2867 3652 2939; baseline 0.001 -18"><span class='ocrx_word' id='word_1_548' title='bbox 2060 2867 2251 2921; x_wconf 83' lang='lat' dir='ltr'><strong>Cbami</strong></span> <span class='ocrx_word' id='word_1_549' title='bbox 2281 2868 2535 2938; x_wconf 83' lang='lat' dir='ltr'><strong>progenie</strong></span> <span class='ocrx_word' id='word_1_550' title='bbox 2566 2884 2714 2922; x_wconf 70' lang='grc' dir='ltr'>χχιιι</span> <span class='ocrx_word' id='word_1_551' title='bbox 2736 2886 2754 2936; x_wconf 86' lang='grc'><strong>;</strong></span> <span class='ocrx_word' id='word_1_552' title='bbox 2775 2883 2805 2923; x_wconf 91' lang='lat' dir='ltr'><strong>e</strong></span> <span class='ocrx_word' id='word_1_553' title='bbox 2828 2879 3025 2938; x_wconf 79' lang='lat' dir='ltr'><strong>genere</strong></span> <span class='ocrx_word' id='word_1_554' title='bbox 3054 2870 3201 2936; x_wconf 91' lang='lat' dir='ltr'><strong>Sem,</strong></span> <span class='ocrx_word' id='word_1_555' title='bbox 3235 2886 3334 2936; x_wconf 80' lang='lat' dir='ltr'><strong>xv;</strong></span> <span class='ocrx_word' id='word_1_556' title='bbox 3374 2884 3405 2925; x_wconf 93' lang='lat' dir='ltr'><strong>e</strong></span> <span class='ocrx_word' id='word_1_557' title='bbox 3438 2869 3652 2939; x_wconf 76' lang='lat' dir='ltr'><strong>Japlieti</strong></span> 
     </span>
    </p>
   </div>
   <div class='ocr_carea' id='block_1_75' title="bbox 2061 2960 3661 3032">
    <p class='ocr_par' dir='ltr' id='par_1_75' title="bbox 2061 2960 3661 3032">
     <span class='ocr_line' id='line_1_75' title="bbox 2061 2960 3661 3032; baseline 0.003 -19"><span class='ocrx_word' id='word_1_558' title='bbox 2061 2975 2191 3014; x_wconf 89' lang='lat' dir='ltr'><strong>vero</strong></span> <span class='ocrx_word' id='word_1_559' title='bbox 2223 2960 2393 3029; x_wconf 89' lang='lat' dir='ltr'><strong>stirpe</strong></span> <span class='ocrx_word' id='word_1_560' title='bbox 2419 2976 2544 3023; x_wconf 82' lang='lat' dir='ltr'><strong>xxv,</strong></span> <span class='ocrx_word' id='word_1_561' title='bbox 2580 2976 2703 3015; x_wconf 90' lang='lat' dir='ltr'><strong>cum</strong></span> <span class='ocrx_word' id='word_1_562' title='bbox 2731 2961 2902 3016; x_wconf 89' lang='lat' dir='ltr'><strong>turris</strong></span> <span class='ocrx_word' id='word_1_563' title='bbox 2934 2961 3025 3014; x_wconf 89' lang='lat' dir='ltr'><strong>illa</strong></span> <span class='ocrx_word' id='word_1_564' title='bbox 3061 2976 3186 3016; x_wconf 88' lang='lat' dir='ltr'><strong>cum</strong></span> <span class='ocrx_word' id='word_1_565' title='bbox 3219 2961 3495 3032; x_wconf 87' lang='lat' dir='ltr'><strong>Babylone</strong></span> <span class='ocrx_word' id='word_1_566' title='bbox 3520 2978 3661 3017; x_wconf 85' lang='lat' dir='ltr'><strong>con-</strong></span> 
     </span>
    </p>
   </div>
   <div class='ocr_carea' id='block_1_76' title="bbox 2062 3052 3653 3109">
    <p class='ocr_par' dir='ltr' id='par_1_76' title="bbox 2062 3052 3653 3109">
     <span class='ocr_line' id='line_1_76' title="bbox 2062 3052 3653 3109; baseline 0.003 -4"><span class='ocrx_word' id='word_1_567' title='bbox 2062 3052 2307 3107; x_wconf 90' lang='lat' dir='ltr'><strong>deretur.</strong></span> <span class='ocrx_word' id='word_1_568' title='bbox 2338 3053 2421 3106; x_wconf 84' lang='lat' dir='ltr'><strong>Ab</strong></span> <span class='ocrx_word' id='word_1_569' title='bbox 2464 3052 2551 3108; x_wconf 87' lang='lat' dir='ltr'><strong>his</strong></span> <span class='ocrx_word' id='word_1_570' title='bbox 2583 3054 2637 3106; x_wconf 91' lang='lat' dir='ltr'><strong>in</strong></span> <span class='ocrx_word' id='word_1_571' title='bbox 2669 3052 2988 3108; x_wconf 87' lang='lat' dir='ltr'><strong>universum</strong></span> <span class='ocrx_word' id='word_1_572' title='bbox 3020 3054 3210 3108; x_wconf 91' lang='lat' dir='ltr'><strong>orbem</strong></span> <span class='ocrx_word' id='word_1_573' title='bbox 3254 3055 3506 3109; x_wconf 90' lang='lat' dir='ltr'><strong>nationes</strong></span> <span class='ocrx_word' id='word_1_574' title='bbox 3533 3070 3653 3109; x_wconf 89' lang='lat' dir='ltr'><strong>om-</strong></span> 
     </span>
    </p>
   </div>
   <div class='ocr_carea' id='block_1_77' title="bbox 2064 3144 3656 3219">
    <p class='ocr_par' dir='ltr' id='par_1_77' title="bbox 2064 3144 3656 3219">
     <span class='ocr_line' id='line_1_77' title="bbox 2064 3144 3656 3219; baseline 0.001 -20"><span class='ocrx_word' id='word_1_575' title='bbox 2064 3161 2163 3201; x_wconf 83' lang='lat' dir='ltr'><strong>nes</strong></span> <span class='ocrx_word' id='word_1_576' title='bbox 2194 3160 2259 3200; x_wconf 89' lang='lat' dir='ltr'><strong>ac</strong></span> <span class='ocrx_word' id='word_1_577' title='bbox 2303 3144 2505 3214; x_wconf 63' lang='lat' dir='ltr'><strong>linguae</strong></span> <span class='ocrx_word' id='word_1_578' title='bbox 2542 3146 2821 3216; x_wconf 69' lang='lat' dir='ltr'><strong>dissipata:</strong></span> <span class='ocrx_word' id='word_1_579' title='bbox 2851 3156 3000 3201; x_wconf 88' lang='lat' dir='ltr'><strong>sunt.</strong></span> <span class='ocrx_word' id='word_1_580' title='bbox 3031 3145 3396 3217; x_wconf 85' lang='lat' dir='ltr'><strong>Posteaquam</strong></span> <span class='ocrx_word' id='word_1_581' title='bbox 3430 3158 3656 3219; x_wconf 79' lang='lat' dir='ltr'><strong>septua-</strong></span> 
     </span>
    </p>
   </div>
   <div class='ocr_carea' id='block_1_78' title="bbox 2014 3235 3655 3308">
    <p class='ocr_par' dir='ltr' id='par_1_78' title="bbox 2014 3235 3655 3308">
     <span class='ocr_line' id='line_1_78' title="bbox 2014 3235 3655 3308; baseline 0.007 -21"><span class='ocrx_word' id='word_1_582' title='bbox 2014 3235 2029 3253; x_wconf 87' lang='lat'><strong><em>’</em></strong></span> <span class='ocrx_word' id='word_1_583' title='bbox 2064 3237 2214 3306; x_wconf 83' lang='lat' dir='ltr'><strong>ginta</strong></span> <span class='ocrx_word' id='word_1_584' title='bbox 2262 3237 2340 3291; x_wconf 89' lang='lat' dir='ltr'><strong>illi</strong></span> <span class='ocrx_word' id='word_1_585' title='bbox 2395 3238 2526 3301; x_wconf 92' lang='lat' dir='ltr'><strong>duo,</strong></span> <span class='ocrx_word' id='word_1_586' title='bbox 2575 3238 2669 3308; x_wconf 89' lang='lat' dir='ltr'><strong>qui</strong></span> <span class='ocrx_word' id='word_1_587' title='bbox 2722 3239 2915 3292; x_wconf 87' lang='lat' dir='ltr'><strong>turrim</strong></span> <span class='ocrx_word' id='word_1_588' title='bbox 2968 3240 3354 3306; x_wconf 88' lang='lat' dir='ltr'><strong>moliebantur,</strong></span> <span class='ocrx_word' id='word_1_589' title='bbox 3407 3241 3655 3298; x_wconf 78' lang='lat' dir='ltr'><strong>confusis</strong></span> 
     </span>
    </p>
   </div>
   <div class='ocr_carea' id='block_1_79' title="bbox 2063 3329 3660 3406">
    <p class='ocr_par' dir='ltr' id='par_1_79' title="bbox 2063 3329 3660 3406">
     <span class='ocr_line' id='line_1_79' title="bbox 2063 3329 3660 3406; baseline 0.005 -25"><span class='ocrx_word' id='word_1_590' title='bbox 2063 3329 2410 3399; x_wconf 84' lang='lat' dir='ltr'><strong>linguis,huc</strong></span> <span class='ocrx_word' id='word_1_591' title='bbox 2435 3331 2672 3400; x_wconf 87' lang='lat' dir='ltr'><strong>illucque</strong></span> <span class='ocrx_word' id='word_1_592' title='bbox 2700 3331 2935 3402; x_wconf 89' lang='lat' dir='ltr'><strong>dispersi</strong></span> <span class='ocrx_word' id='word_1_593' title='bbox 2968 3341 3098 3388; x_wconf 89' lang='lat' dir='ltr'><strong>sunt</strong></span> <span class='ocrx_word' id='word_1_594' title='bbox 3146 3341 3200 3388; x_wconf 92' lang='lat' dir='ltr'><strong>et</strong></span> <span class='ocrx_word' id='word_1_595' title='bbox 3234 3349 3330 3404; x_wconf 88' lang='lat' dir='ltr'><strong>pro</strong></span> <span class='ocrx_word' id='word_1_596' title='bbox 3359 3349 3464 3388; x_wconf 86' lang='lat' dir='ltr'><strong>una</strong></span> <span class='ocrx_word' id='word_1_597' title='bbox 3488 3350 3660 3406; x_wconf 87' lang='lat' dir='ltr'><strong>quam</strong></span> 
     </span>
    </p>
   </div>
   <div class='ocr_carea' id='block_1_80' title="bbox 2062 3421 3656 3479">
    <p class='ocr_par' dir='ltr' id='par_1_80' title="bbox 2062 3421 3656 3479">
     <span class='ocr_line' id='line_1_80' title="bbox 2062 3421 3656 3479; baseline 0.004 -6"><span class='ocrx_word' id='word_1_598' title='bbox 2062 3421 2335 3476; x_wconf 89' lang='lat' dir='ltr'><strong>callebant</strong></span> <span class='ocrx_word' id='word_1_599' title='bbox 2374 3422 2516 3475; x_wconf 90' lang='lat' dir='ltr'><strong>alius</strong></span> <span class='ocrx_word' id='word_1_600' title='bbox 2564 3423 2725 3476; x_wconf 89' lang='lat' dir='ltr'><strong>aliam</strong></span> <span class='ocrx_word' id='word_1_601' title='bbox 2756 3440 2818 3478; x_wconf 80' lang='lat' dir='ltr'><strong>ex</strong></span> <span class='ocrx_word' id='word_1_602' title='bbox 2866 3423 3046 3478; x_wconf 83' lang='lat' dir='ltr'><strong>amatu</strong></span> <span class='ocrx_word' id='word_1_603' title='bbox 3109 3422 3201 3479; x_wconf 89' lang='lat' dir='ltr'><strong>Dei</strong></span> <span class='ocrx_word' id='word_1_604' title='bbox 3269 3438 3332 3478; x_wconf 88' lang='lat' dir='ltr'><strong>ac</strong></span> <span class='ocrx_word' id='word_1_605' title='bbox 3372 3426 3656 3479; x_wconf 74' lang='lat' dir='ltr'><strong>voluntate</strong></span> 
     </span>
    </p>
   </div>
   <div class='ocr_carea' id='block_1_81' title="bbox 2064 3513 3653 3588">
    <p class='ocr_par' dir='ltr' id='par_1_81' title="bbox 2064 3513 3653 3588">
     <span class='ocr_line' id='line_1_81' title="bbox 2064 3513 3653 3588; baseline 0.002 -20"><span class='ocrx_word' id='word_1_606' title='bbox 2064 3514 2291 3569; x_wconf 86' lang='lat' dir='ltr'><strong>sortitus</strong></span> <span class='ocrx_word' id='word_1_607' title='bbox 2334 3522 2438 3569; x_wconf 87' lang='lat' dir='ltr'><strong>est.</strong></span> <span class='ocrx_word' id='word_1_608' title='bbox 2472 3513 2549 3568; x_wconf 80' lang='lat' dir='ltr'><strong>Ex</strong></span> <span class='ocrx_word' id='word_1_609' title='bbox 2580 3530 2691 3585; x_wconf 88' lang='lat' dir='ltr'><strong>quo</strong></span> <span class='ocrx_word' id='word_1_610' title='bbox 2736 3516 2801 3569; x_wconf 90' lang='lat' dir='ltr'><strong>ad</strong></span> <span class='ocrx_word' id='word_1_611' title='bbox 2854 3516 2995 3570; x_wconf 85' lang='lat' dir='ltr'><strong>hanc</strong></span> <span class='ocrx_word' id='word_1_612' title='bbox 3036 3531 3213 3587; x_wconf 89' lang='lat' dir='ltr'><strong>usque</strong></span> <span class='ocrx_word' id='word_1_613' title='bbox 3246 3517 3387 3572; x_wconf 91' lang='lat' dir='ltr'><strong>diem</strong></span> <span class='ocrx_word' id='word_1_614' title='bbox 3438 3518 3653 3588; x_wconf 79' lang='lat' dir='ltr'><strong>lingua-</strong></span> 
     </span>
    </p>
   </div>
   <div class='ocr_carea' id='block_1_82' title="bbox 2062 3606 3659 3683">
    <p class='ocr_par' dir='ltr' id='par_1_82' title="bbox 2062 3606 3659 3683">
     <span class='ocr_line' id='line_1_82' title="bbox 2062 3606 3659 3683; baseline 0.003 -24"><span class='ocrx_word' id='word_1_615' title='bbox 2062 3621 2183 3660; x_wconf 91' lang='lat' dir='ltr'><strong>rum</strong></span> <span class='ocrx_word' id='word_1_616' title='bbox 2238 3608 2420 3661; x_wconf 89' lang='lat' dir='ltr'><strong>omnis</strong></span> <span class='ocrx_word' id='word_1_617' title='bbox 2462 3616 2548 3663; x_wconf 90' lang='lat' dir='ltr'><strong>est</strong></span> <span class='ocrx_word' id='word_1_618' title='bbox 2602 3606 2833 3662; x_wconf 85' lang='lat' dir='ltr'><strong>conﬂata</strong></span> <span class='ocrx_word' id='word_1_619' title='bbox 2882 3609 3152 3673; x_wconf 86' lang='lat' dir='ltr'><strong>varietas,</strong></span> <span class='ocrx_word' id='word_1_620' title='bbox 3205 3625 3438 3680; x_wconf 90' lang='lat' dir='ltr'><strong>quarum</strong></span> <span class='ocrx_word' id='word_1_621' title='bbox 3485 3612 3659 3683; x_wconf 76' lang='lat'><strong>289</strong></span> 
     </span>
    </p>
   </div>
   <div class='ocr_carea' id='block_1_83' title="bbox 2062 3699 3651 3775">
    <p class='ocr_par' dir='ltr' id='par_1_83' title="bbox 2062 3699 3651 3775">
     <span class='ocr_line' id='line_1_83' title="bbox 2062 3699 3651 3775; baseline 0.004 -22"><span class='ocrx_word' id='word_1_622' title='bbox 2062 3699 2506 3770; x_wconf 84' lang='lat' dir='ltr'><strong>uniuscujusque</strong></span> <span class='ocrx_word' id='word_1_623' title='bbox 2538 3701 2664 3755; x_wconf 91' lang='lat' dir='ltr'><strong>licet</strong></span> <span class='ocrx_word' id='word_1_624' title='bbox 2703 3708 2984 3756; x_wconf 86' lang='lat' dir='ltr'><strong>auctorem</strong></span> <span class='ocrx_word' id='word_1_625' title='bbox 3012 3703 3164 3757; x_wconf 88' lang='lat' dir='ltr'><strong>nullo</strong></span> <span class='ocrx_word' id='word_1_626' title='bbox 3196 3704 3413 3773; x_wconf 88' lang='lat' dir='ltr'><strong>negotio</strong></span> <span class='ocrx_word' id='word_1_627' title='bbox 3454 3704 3651 3775; x_wconf 74' lang='lat' dir='ltr'><strong>depre-</strong></span> 
     </span>
    </p>
   </div>
   <div class='ocr_carea' id='block_1_84' title="bbox 2065 3791 3653 3865">
    <p class='ocr_par' dir='ltr' id='par_1_84' title="bbox 2065 3791 3653 3865">
     <span class='ocr_line' id='line_1_84' title="bbox 2065 3791 3653 3865; baseline 0.004 -20"><span class='ocrx_word' id='word_1_628' title='bbox 2065 3791 2319 3847; x_wconf 88' lang='lat' dir='ltr'><strong>hendere.</strong></span> <span class='ocrx_word' id='word_1_629' title='bbox 2387 3791 2481 3847; x_wconf 92' lang='lat' dir='ltr'><strong>Sic</strong></span> <span class='ocrx_word' id='word_1_630' title='bbox 2523 3794 2666 3848; x_wconf 90' lang='lat' dir='ltr'><strong>enim</strong></span> <span class='ocrx_word' id='word_1_631' title='bbox 2710 3792 2881 3847; x_wconf 81' lang='lat' dir='ltr'><strong>Javan</strong></span> <span class='ocrx_word' id='word_1_632' title='bbox 2953 3792 3129 3848; x_wconf 59' lang='lat' dir='ltr'><strong>Graeci</strong></span> <span class='ocrx_word' id='word_1_633' title='bbox 3182 3796 3454 3851; x_wconf 88' lang='lat' dir='ltr'><strong>sermonis</strong></span> <span class='ocrx_word' id='word_1_634' title='bbox 3503 3798 3653 3865; x_wconf 86' lang='lat' dir='ltr'><strong>priu-</strong></span> 
     </span>
    </p>
   </div>
   <div class='ocr_carea' id='block_1_85' title="bbox 2060 3884 3653 3960">
    <p class='ocr_par' dir='ltr' id='par_1_85' title="bbox 2060 3884 3653 3960">
     <span class='ocr_line' id='line_1_85' title="bbox 2060 3884 3653 3960; baseline 0.006 -24"><span class='ocrx_word' id='word_1_635' title='bbox 2060 3896 2192 3952; x_wconf 88' lang='lat' dir='ltr'><strong>ceps</strong></span> <span class='ocrx_word' id='word_1_636' title='bbox 2226 3884 2461 3952; x_wconf 83' lang='lat' dir='ltr'><strong>exstitit,</strong></span> <span class='ocrx_word' id='word_1_637' title='bbox 2498 3901 2529 3939; x_wconf 92' lang='lat' dir='ltr'><strong>a</strong></span> <span class='ocrx_word' id='word_1_638' title='bbox 2564 3901 2674 3955; x_wconf 89' lang='lat' dir='ltr'><strong>quo</strong></span> <span class='ocrx_word' id='word_1_639' title='bbox 2703 3893 2833 3940; x_wconf 87' lang='lat' dir='ltr'><strong>sunt</strong></span> <span class='ocrx_word' id='word_1_640' title='bbox 2866 3885 3035 3941; x_wconf 77' lang='lat' dir='ltr'><strong>Jones</strong></span> <span class='ocrx_word' id='word_1_641' title='bbox 3065 3890 3453 3958; x_wconf 73' lang='lat' dir='ltr'><strong>cognominati,</strong></span> <span class='ocrx_word' id='word_1_642' title='bbox 3482 3906 3653 3960; x_wconf 81' lang='lat' dir='ltr'><strong>penes</strong></span> 
     </span>
    </p>
   </div>
   <div class='ocr_carea' id='block_1_86' title="bbox 2060 3978 3651 4049">
    <p class='ocr_par' dir='ltr' id='par_1_86' title="bbox 2060 3978 3651 4049">
     <span class='ocr_line' id='line_1_86' title="bbox 2060 3978 3651 4049; baseline 0.005 -20"><span class='ocrx_word' id='word_1_643' title='bbox 2060 3990 2199 4045; x_wconf 90' lang='lat' dir='ltr'><strong>quos</strong></span> <span class='ocrx_word' id='word_1_644' title='bbox 2227 3980 2432 4033; x_wconf 89' lang='lat' dir='ltr'><strong>veteris</strong></span> <span class='ocrx_word' id='word_1_645' title='bbox 2465 3986 2550 4033; x_wconf 91' lang='lat' dir='ltr'><strong>est</strong></span> <span class='ocrx_word' id='word_1_646' title='bbox 2576 3978 2780 4032; x_wconf 55' lang='lat' dir='ltr'><strong>Graeca</strong></span> <span class='ocrx_word' id='word_1_647' title='bbox 2822 3978 3022 4048; x_wconf 82' lang='lat' dir='ltr'><strong>linguae</strong></span> <span class='ocrx_word' id='word_1_648' title='bbox 3053 3981 3349 4049; x_wconf 86' lang='lat' dir='ltr'><strong>possessio.</strong></span> <span class='ocrx_word' id='word_1_649' title='bbox 3388 3981 3434 4033; x_wconf 88' lang='lat' dir='ltr'><strong>A</strong></span> <span class='ocrx_word' id='word_1_650' title='bbox 3469 3980 3651 4037; x_wconf 69' lang='lat' dir='ltr'><strong>Thcra</strong></span> 
     </span>
    </p>
   </div>
   <div class='ocr_carea' id='block_1_87' title="bbox 2062 4065 3652 4139">
    <p class='ocr_par' dir='ltr' id='par_1_87' title="bbox 2062 4065 3652 4139">
     <span class='ocr_line' id='line_1_87' title="bbox 2062 4065 3652 4139; baseline 0.006 -22"><span class='ocrx_word' id='word_1_651' title='bbox 2062 4065 2336 4120; x_wconf 88' lang='lat' dir='ltr'><strong>Thracum</strong></span> <span class='ocrx_word' id='word_1_652' title='bbox 2360 4068 2544 4137; x_wconf 84' lang='lat' dir='ltr'><strong>lingua</strong></span> <span class='ocrx_word' id='word_1_653' title='bbox 2567 4068 2810 4137; x_wconf 80' lang='lat' dir='ltr'><strong>profecta</strong></span> <span class='ocrx_word' id='word_1_654' title='bbox 2842 4076 2945 4134; x_wconf 91' lang='lat' dir='ltr'><strong>est,</strong></span> <span class='ocrx_word' id='word_1_655' title='bbox 2981 4068 3449 4139; x_wconf 73' lang='lat' dir='ltr'><strong>Mossyncecorum</strong></span> <span class='ocrx_word' id='word_1_656' title='bbox 3482 4086 3509 4123; x_wconf 88' lang='lat' dir='ltr'><strong>a</strong></span> <span class='ocrx_word' id='word_1_657' title='bbox 3543 4070 3652 4126; x_wconf 84' lang='lat' dir='ltr'><strong>Mo—</strong></span> 
     </span>
    </p>
   </div>
   <div class='ocr_carea' id='block_1_88' title="bbox 2060 4157 3652 4233">
    <p class='ocr_par' dir='ltr' id='par_1_88' title="bbox 2060 4157 3652 4233">
     <span class='ocr_line' id='line_1_88' title="bbox 2060 4157 3652 4233; baseline 0.005 -22"><span class='ocrx_word' id='word_1_658' title='bbox 2060 4157 2230 4211; x_wconf 85' lang='lat' dir='ltr'><strong>socho</strong></span> <span class='ocrx_word' id='word_1_659' title='bbox 2262 4176 2274 4212; x_wconf 94' lang='lat'>:</span> <span class='ocrx_word' id='word_1_660' title='bbox 2311 4173 2339 4211; x_wconf 90' lang='lat' dir='ltr'><strong>a</strong></span> <span class='ocrx_word' id='word_1_661' title='bbox 2378 4158 2631 4215; x_wconf 85' lang='lat' dir='ltr'><strong>Tbobese</strong></span> <span class='ocrx_word' id='word_1_662' title='bbox 2661 4159 3073 4215; x_wconf 86' lang='lat' dir='ltr'><strong>Thessalorum.</strong></span> <span class='ocrx_word' id='word_1_663' title='bbox 3104 4161 3241 4215; x_wconf 84' lang='lat' dir='ltr'><strong>Elud</strong></span> <span class='ocrx_word' id='word_1_664' title='bbox 3283 4177 3447 4231; x_wconf 89' lang='lat' dir='ltr'><strong>porro</strong></span> <span class='ocrx_word' id='word_1_665' title='bbox 3472 4162 3652 4233; x_wconf 85' lang='lat' dir='ltr'><strong>Lydo-</strong></span> 
     </span>
    </p>
   </div>
   <div class='ocr_carea' id='block_1_89' title="bbox 2059 4248 3648 4321">
    <p class='ocr_par' dir='ltr' id='par_1_89' title="bbox 2059 4248 3648 4321">
     <span class='ocr_line' id='line_1_89' title="bbox 2059 4248 3648 4321; baseline 0.004 -21"><span class='ocrx_word' id='word_1_666' title='bbox 2059 4262 2181 4301; x_wconf 89' lang='lat' dir='ltr'><strong>rum</strong></span> <span class='ocrx_word' id='word_1_667' title='bbox 2211 4250 2479 4303; x_wconf 88' lang='lat' dir='ltr'><strong>sermonis</strong></span> <span class='ocrx_word' id='word_1_668' title='bbox 2496 4258 2687 4304; x_wconf 86' lang='lat' dir='ltr'><strong>auctor</strong></span> <span class='ocrx_word' id='word_1_669' title='bbox 2714 4250 2815 4304; x_wconf 80' lang='lat' dir='ltr'><strong>fuit</strong></span> <span class='ocrx_word' id='word_1_670' title='bbox 2838 4268 2852 4316; x_wconf 92' lang='lat'>;</span> <span class='ocrx_word' id='word_1_671' title='bbox 2875 4251 2951 4303; x_wconf 93' lang='lat' dir='ltr'><strong>uti</strong></span> <span class='ocrx_word' id='word_1_672' title='bbox 2979 4248 3391 4319; x_wconf 89' lang='lat' dir='ltr'><strong>Gasphenorum</strong></span> <span class='ocrx_word' id='word_1_673' title='bbox 3408 4250 3648 4321; x_wconf 82' lang='lat' dir='ltr'><strong>GepLar,</strong></span> 
     </span>
    </p>
   </div>
   <div class='ocr_carea' id='block_1_90' title="bbox 2059 4339 3651 4410">
    <p class='ocr_par' dir='ltr' id='par_1_90' title="bbox 2059 4339 3651 4410">
     <span class='ocr_line' id='line_1_90' title="bbox 2059 4339 3651 4410; baseline 0.004 -17"><span class='ocrx_word' id='word_1_674' title='bbox 2059 4339 2445 4410; x_wconf 63' lang='lat' dir='ltr'><strong>Egyptiorum</strong></span> <span class='ocrx_word' id='word_1_675' title='bbox 2484 4340 2750 4405; x_wconf 82' lang='lat' dir='ltr'><strong>Mistrem,</strong></span> <span class='ocrx_word' id='word_1_676' title='bbox 2806 4340 2948 4397; x_wconf 90' lang='lat' dir='ltr'><strong>Psus</strong></span> <span class='ocrx_word' id='word_1_677' title='bbox 2999 4341 3413 4407; x_wconf 79' lang='lat' dir='ltr'><strong>Axumitarum,</strong></span> <span class='ocrx_word' id='word_1_678' title='bbox 3456 4345 3651 4401; x_wconf 83' lang='lat' dir='ltr'><strong>Armot</strong></span> 
     </span>
    </p>
   </div>
   <div class='ocr_carea' id='block_1_91' title="bbox 2057 4430 3649 4504">
    <p class='ocr_par' dir='ltr' id='par_1_91' title="bbox 2057 4430 3649 4504">
     <span class='ocr_line' id='line_1_91' title="bbox 2057 4430 3649 4504; baseline 0.003 -21"><span class='ocrx_word' id='word_1_679' title='bbox 2057 4430 2334 4497; x_wconf 83' lang='lat' dir='ltr'><strong>Arabum;</strong></span> <span class='ocrx_word' id='word_1_680' title='bbox 2375 4446 2440 4485; x_wconf 90' lang='lat' dir='ltr'><strong>ac</strong></span> <span class='ocrx_word' id='word_1_681' title='bbox 2480 4432 2762 4501; x_wconf 91' lang='lat' dir='ltr'><strong>deinceps,</strong></span> <span class='ocrx_word' id='word_1_682' title='bbox 2793 4448 2859 4486; x_wconf 91' lang='lat' dir='ltr'><strong>ne</strong></span> <span class='ocrx_word' id='word_1_683' title='bbox 2908 4432 3227 4503; x_wconf 84' lang='lat' dir='ltr'><strong>singillatim</strong></span> <span class='ocrx_word' id='word_1_684' title='bbox 3272 4450 3649 4504; x_wconf 88' lang='lat' dir='ltr'><strong>percenseam,</strong></span> 
     </span>
    </p>
   </div>
   <div class='ocr_carea' id='block_1_92' title="bbox 368 4521 1962 4601">
    <p class='ocr_par' dir='ltr' id='par_1_92' title="bbox 368 4521 1955 4597">
     <span class='ocr_line' id='line_1_92' title="bbox 368 4521 1955 4597; baseline 0.005 -24"><span class='ocrx_word' id='word_1_685' title='bbox 368 4521 479 4573; x_wconf 88' lang='grc' dir='ltr'><strong>τῶν</strong></span> <span class='ocrx_word' id='word_1_686' title='bbox 505 4522 751 4593; x_wconf 87' lang='grc' dir='ltr'>Ἀράϐων</span> <span class='ocrx_word' id='word_1_687' title='bbox 771 4541 785 4555; x_wconf 88' lang='grc'><strong>·</strong></span> <span class='ocrx_word' id='word_1_688' title='bbox 819 4526 913 4578; x_wconf 80' lang='grc' dir='ltr'><strong>καὶ</strong></span> <span class='ocrx_word' id='word_1_689' title='bbox 959 4524 1067 4578; x_wconf 91' lang='grc' dir='ltr'><strong>τῶν</strong></span> <span class='ocrx_word' id='word_1_690' title='bbox 1109 4525 1311 4577; x_wconf 87' lang='grc' dir='ltr'>λοιπῶν</span> <span class='ocrx_word' id='word_1_691' title='bbox 1349 4525 1600 4589; x_wconf 73' lang='grc' dir='ltr'>ἕκαστος,</span> <span class='ocrx_word' id='word_1_692' title='bbox 1628 4526 1717 4579; x_wconf 83' lang='grc' dir='ltr'>ἵνα.</span> <span class='ocrx_word' id='word_1_693' title='bbox 1751 4526 1825 4597; x_wconf 85' lang='grc' dir='ltr'>μὴ</span> <span class='ocrx_word' id='word_1_694' title='bbox 1856 4545 1955 4581; x_wconf 82' lang='grc' dir='ltr'>κα-</span> 
     </span>
    </p>
   </div>
   <div class='ocr_carea' id='block_1_93' title="bbox 2061 4521 3647 4601">
    <p class='ocr_par' dir='ltr' id='par_1_93' title="bbox 2061 4523 3647 4598">
     <span class='ocr_line' id='line_1_93' title="bbox 2061 4523 3647 4598; baseline 0.003 -20"><span class='ocrx_word' id='word_1_695' title='bbox 2061 4539 2172 4578; x_wconf 70' lang='lat' dir='ltr'><strong>sua:</strong></span> <span class='ocrx_word' id='word_1_696' title='bbox 2195 4524 2463 4594; x_wconf 86' lang='lat' dir='ltr'><strong>cujusque</strong></span> <span class='ocrx_word' id='word_1_697' title='bbox 2484 4525 2684 4595; x_wconf 68' lang='lat' dir='ltr'><strong>lingua:</strong></span> <span class='ocrx_word' id='word_1_698' title='bbox 2708 4525 2937 4595; x_wconf 91' lang='lat' dir='ltr'><strong>reliquis</strong></span> <span class='ocrx_word' id='word_1_699' title='bbox 2965 4536 3050 4581; x_wconf 91' lang='lat' dir='ltr'><strong>est</strong></span> <span class='ocrx_word' id='word_1_700' title='bbox 3080 4528 3355 4598; x_wconf 87' lang='lat' dir='ltr'><strong>impertita</strong></span> <span class='ocrx_word' id='word_1_701' title='bbox 3392 4523 3647 4584; x_wconf 85' lang='lat' dir='ltr'><strong>scicntia.</strong></span> 
     </span>
    </p>
   </div>
   <div class='ocr_carea' id='block_1_94' title="bbox 367 4613 1962 4689">
    <p class='ocr_par' dir='ltr' id='par_1_94' title="bbox 367 4613 1962 4689">
     <span class='ocr_line' id='line_1_94' title="bbox 367 4613 1962 4689; baseline 0.004 -23"><span class='ocrx_word' id='word_1_702' title='bbox 367 4613 497 4668; x_wconf 82' lang='grc' dir='ltr'>θένα</span> <span class='ocrx_word' id='word_1_703' title='bbox 554 4615 719 4684; x_wconf 82' lang='grc' dir='ltr'>λέγω,</span> <span class='ocrx_word' id='word_1_704' title='bbox 766 4616 902 4672; x_wconf 76' lang='grc' dir='ltr'>ἰδίαν</span> <span class='ocrx_word' id='word_1_705' title='bbox 948 4617 1278 4689; x_wconf 85' lang='grc' dir='ltr'>ὲνεπνεύσθη</span> <span class='ocrx_word' id='word_1_706' title='bbox 1313 4619 1583 4687; x_wconf 53' lang='grc' dir='ltr'>γλῶσσανε</span> <span class='ocrx_word' id='word_1_707' title='bbox 1634 4619 1744 4673; x_wconf 79' lang='grc' dir='ltr'><strong>Καὶ</strong></span> <span class='ocrx_word' id='word_1_708' title='bbox 1790 4618 1962 4684; x_wconf 71' lang='grc' dir='ltr'>οὕτως</span> 
     </span>
    </p>
   </div>
   <div class='ocr_carea' id='block_1_95' title="bbox 365 4704 1958 4779">
    <p class='ocr_par' dir='ltr' id='par_1_95' title="bbox 365 4704 1958 4779">
     <span class='ocr_line' id='line_1_95' title="bbox 365 4704 1958 4779; baseline 0.004 -24"><span class='ocrx_word' id='word_1_709' title='bbox 365 4704 602 4776; x_wconf 80' lang='grc' dir='ltr'>ἑκάστης</span> <span class='ocrx_word' id='word_1_710' title='bbox 628 4704 878 4777; x_wconf 75' lang='grc' dir='ltr'>γλώσσης</span> <span class='ocrx_word' id='word_1_711' title='bbox 913 4709 946 4778; x_wconf 84' lang='grc' dir='ltr'>ἡ</span> <span class='ocrx_word' id='word_1_712' title='bbox 979 4706 1197 4779; x_wconf 84' lang='grc' dir='ltr'>διαδοχὴ</span> <span class='ocrx_word' id='word_1_713' title='bbox 1234 4710 1291 4760; x_wconf 81' lang='grc' dir='ltr'>ὲν</span> <span class='ocrx_word' id='word_1_714' title='bbox 1321 4707 1399 4778; x_wconf 86' lang='grc' dir='ltr'><strong>τῷ</strong></span> <span class='ocrx_word' id='word_1_715' title='bbox 1434 4708 1624 4779; x_wconf 75' lang='grc' dir='ltr'>κόσμῳ</span> <span class='ocrx_word' id='word_1_716' title='bbox 1655 4706 1958 4761; x_wconf 68' lang='grc' dir='ltr'><strong>πεπλέιτυν⁴</strong></span> 
     </span>
    </p>
   </div>
   <div class='ocr_carea' id='block_1_96' title="bbox 364 4811 472 4848">
    <p class='ocr_par' dir='ltr' id='par_1_96' title="bbox 364 4811 472 4848">
     <span class='ocr_line' id='line_1_96' title="bbox 364 4811 472 4848; baseline 0 -2"><span class='ocrx_word' id='word_1_717' title='bbox 364 4811 472 4848; x_wconf 82' lang='grc' dir='ltr'>ται.</span> 
     </span>
    </p>
   </div>
   <div class='ocr_carea' id='block_1_97' title="bbox 436 4881 1954 4960">
    <p class='ocr_par' dir='ltr' id='par_1_97' title="bbox 436 4881 1954 4960">
     <span class='ocr_line' id='line_1_97' title="bbox 436 4881 1954 4960; baseline 0.004 -23"><span class='ocrx_word' id='word_1_718' title='bbox 436 4882 516 4938; x_wconf 86' lang='lat' dir='ltr'><strong>H&#39;.</strong></span> <span class='ocrx_word' id='word_1_719' title='bbox 559 4884 738 4939; x_wconf 81' lang='grc' dir='ltr'>Πόθεν</span> <span class='ocrx_word' id='word_1_720' title='bbox 759 4886 937 4939; x_wconf 79' lang='grc' dir='ltr'>τοίνυν</span> <span class='ocrx_word' id='word_1_721' title='bbox 972 4881 1116 4942; x_wconf 78' lang='grc' dir='ltr'>οὗτοι</span> <span class='ocrx_word' id='word_1_722' title='bbox 1162 4887 1614 4960; x_wconf 72' lang='grc' dir='ltr'>ὲψευδηγόρησαν</span> <span class='ocrx_word' id='word_1_723' title='bbox 1659 4890 1841 4943; x_wconf 84' lang='grc' dir='ltr'>αὐτῶν</span> <span class='ocrx_word' id='word_1_724' title='bbox 1883 4890 1954 4944; x_wconf 82' lang='grc' dir='ltr'>τὰ</span> 
     </span>
    </p>
   </div>
   <div class='ocr_carea' id='block_1_98' title="bbox 366 4977 1953 5051">
    <p class='ocr_par' dir='ltr' id='par_1_98' title="bbox 366 4977 1953 5051">
     <span class='ocr_line' id='line_1_98' title="bbox 366 4977 1953 5051; baseline 0.005 -23"><span class='ocrx_word' id='word_1_725' title='bbox 366 4977 607 5046; x_wconf 76' lang='grc' dir='ltr'>ῥήματα,</span> <span class='ocrx_word' id='word_1_726' title='bbox 634 4977 997 5049; x_wconf 86' lang='grc' dir='ltr'>παρενθέντες</span> <span class='ocrx_word' id='word_1_727' title='bbox 1023 4980 1121 5051; x_wconf 76' lang='grc' dir='ltr'><strong>τὴν</strong></span> <span class='ocrx_word' id='word_1_728' title='bbox 1148 4981 1355 5034; x_wconf 81' lang='grc' dir='ltr'>ἑαυτῶν</span> <span class='ocrx_word' id='word_1_729' title='bbox 1389 4982 1715 5051; x_wconf 87' lang='grc' dir='ltr'>μυθοποιίαν</span> <span class='ocrx_word' id='word_1_730' title='bbox 1746 5000 1953 5051; x_wconf 84' lang='grc' dir='ltr'>φαντα-</span> 
     </span>
    </p>
   </div>
   <div class='ocr_carea' id='block_1_99' title="bbox 365 5069 1950 5145">
    <p class='ocr_par' dir='ltr' id='par_1_99' title="bbox 365 5069 1950 5145">
     <span class='ocr_line' id='line_1_99' title="bbox 365 5069 1950 5145; baseline 0.006 -25"><span class='ocrx_word' id='word_1_731' title='bbox 365 5069 602 5139; x_wconf 75' lang='grc' dir='ltr'>ζόμενοι,</span> <span class='ocrx_word' id='word_1_732' title='bbox 649 5070 742 5122; x_wconf 78' lang='grc' dir='ltr'><strong>καὶ</strong></span> <span class='ocrx_word' id='word_1_733' title='bbox 780 5072 1255 5141; x_wconf 87' lang='grc' dir='ltr'>ὀνειροπολοῦντες</span> <span class='ocrx_word' id='word_1_734' title='bbox 1293 5073 1362 5125; x_wconf 78' lang='grc' dir='ltr'>τὰ</span> <span class='ocrx_word' id='word_1_735' title='bbox 1413 5074 1487 5145; x_wconf 83' lang='grc' dir='ltr'>μὴ</span> <span class='ocrx_word' id='word_1_736' title='bbox 1522 5074 1652 5127; x_wconf 75' lang='grc' dir='ltr'>ὄντα</span> <span class='ocrx_word' id='word_1_737' title='bbox 1682 5074 1757 5138; x_wconf 86' lang='grc' dir='ltr'>ὡς</span> <span class='ocrx_word' id='word_1_738' title='bbox 1799 5076 1950 5141; x_wconf 76' lang='grc' dir='ltr'>ὄντα,</span> 
     </span>
    </p>
   </div>
   <div class='ocr_carea' id='block_1_100' title="bbox 362 5160 1950 5231">
    <p class='ocr_par' dir='ltr' id='par_1_100' title="bbox 362 5160 1950 5231">
     <span class='ocr_line' id='line_1_100' title="bbox 362 5160 1950 5231; baseline 0.003 -18"><span class='ocrx_word' id='word_1_739' title='bbox 362 5161 458 5213; x_wconf 80' lang='grc' dir='ltr'>καὶ</span> <span class='ocrx_word' id='word_1_740' title='bbox 503 5160 572 5213; x_wconf 78' lang='grc' dir='ltr'>τὰ</span> <span class='ocrx_word' id='word_1_741' title='bbox 614 5160 744 5215; x_wconf 79' lang='grc' dir='ltr'>ὄντα</span> <span class='ocrx_word' id='word_1_742' title='bbox 783 5161 882 5231; x_wconf 85' lang='grc' dir='ltr'>τῆς</span> <span class='ocrx_word' id='word_1_743' title='bbox 920 5161 1128 5214; x_wconf 79' lang='grc' dir='ltr'>ἑαυτῶν</span> <span class='ocrx_word' id='word_1_744' title='bbox 1169 5161 1404 5227; x_wconf 88' lang='grc' dir='ltr'>διανοίας</span> <span class='ocrx_word' id='word_1_745' title='bbox 1440 5163 1950 5230; x_wconf 86' lang='grc' dir='ltr'>διασκεδαννύντες;</span> 
     </span>
    </p>
   </div>
   <div class='ocr_carea' id='block_1_101' title="bbox 374 5253 1958 5325">
    <p class='ocr_par' dir='ltr' id='par_1_101' title="bbox 374 5253 1958 5325">
     <span class='ocr_line' id='line_1_101' title="bbox 374 5253 1958 5325; baseline 0.001 -19"><span class='ocrx_word' id='word_1_746' title='bbox 374 5254 536 5307; x_wconf 82' lang='grc' dir='ltr'>Ἀλλά</span> <span class='ocrx_word' id='word_1_747' title='bbox 567 5253 627 5307; x_wconf 83' lang='grc' dir='ltr'><strong>τὸ</strong></span> <span class='ocrx_word' id='word_1_748' title='bbox 662 5257 770 5307; x_wconf 85' lang='grc' dir='ltr'>πᾶν</span> <span class='ocrx_word' id='word_1_749' title='bbox 808 5254 902 5307; x_wconf 87' lang='grc' dir='ltr'><strong>τοῦ</strong></span> <span class='ocrx_word' id='word_1_750' title='bbox 946 5253 1195 5307; x_wconf 87' lang='grc' dir='ltr'>διαϐόλου</span> <span class='ocrx_word' id='word_1_751' title='bbox 1245 5254 1493 5325; x_wconf 83' lang='grc' dir='ltr'>βούλημα</span> <span class='ocrx_word' id='word_1_752' title='bbox 1535 5255 1697 5308; x_wconf 89' lang='grc' dir='ltr'>τοῦτο</span> <span class='ocrx_word' id='word_1_753' title='bbox 1748 5255 1958 5308; x_wconf 83' lang='grc' dir='ltr'>ὲνεκίσ-</span> 
     </span>
    </p>
   </div>
   <div class='ocr_carea' id='block_1_102' title="bbox 362 5344 1953 5416">
    <p class='ocr_par' dir='ltr' id='par_1_102' title="bbox 362 5344 1953 5416">
     <span class='ocr_line' id='line_1_102' title="bbox 362 5344 1953 5416; baseline 0.002 -18"><span class='ocrx_word' id='word_1_754' title='bbox 362 5364 495 5416; x_wconf 87' lang='grc' dir='ltr'>σησε</span> <span class='ocrx_word' id='word_1_755' title='bbox 528 5349 647 5408; x_wconf 87' lang='grc' dir='ltr'>ταῖς</span> <span class='ocrx_word' id='word_1_756' title='bbox 674 5346 783 5399; x_wconf 88' lang='grc' dir='ltr'><strong>τῶν</strong></span> <span class='ocrx_word' id='word_1_757' title='bbox 814 5344 1381 5416; x_wconf 46' lang='grc' dir='ltr'>άνθρώπωφψυχαῖς.</span> <span class='ocrx_word' id='word_1_758' title='bbox 1414 5347 1568 5399; x_wconf 86' lang='grc' dir='ltr'>Ἔστι</span> <span class='ocrx_word' id='word_1_759' title='bbox 1603 5346 1660 5399; x_wconf 88' lang='grc' dir='ltr'>δὲ</span> <span class='ocrx_word' id='word_1_760' title='bbox 1699 5346 1829 5400; x_wconf 82' lang='grc' dir='ltr'>ίδεῖν</span> <span class='ocrx_word' id='word_1_761' title='bbox 1857 5348 1953 5401; x_wconf 78' lang='grc' dir='ltr'><strong>καὶ</strong></span> 
     </span>
    </p>
   </div>
   <div class='ocr_carea' id='block_1_103' title="bbox 2067 4617 3649 4691">
    <p class='ocr_par' dir='ltr' id='par_1_103' title="bbox 2067 4617 3649 4691">
     <span class='ocr_line' id='line_1_103' title="bbox 2067 4617 3649 4691; baseline 0.004 -22"><span class='ocrx_word' id='word_1_762' title='bbox 2067 4617 2243 4687; x_wconf 86' lang='lat' dir='ltr'><strong>Atque</strong></span> <span class='ocrx_word' id='word_1_763' title='bbox 2291 4618 2368 4671; x_wconf 91' lang='lat' dir='ltr'><strong>ita</strong></span> <span class='ocrx_word' id='word_1_764' title='bbox 2418 4618 2759 4689; x_wconf 87' lang='lat' dir='ltr'><strong>singularum</strong></span> <span class='ocrx_word' id='word_1_765' title='bbox 2818 4619 3100 4673; x_wconf 86' lang='lat' dir='ltr'><strong>successio</strong></span> <span class='ocrx_word' id='word_1_766' title='bbox 3155 4628 3238 4675; x_wconf 91' lang='lat' dir='ltr'><strong>est</strong></span> <span class='ocrx_word' id='word_1_767' title='bbox 3271 4622 3530 4691; x_wconf 86' lang='lat' dir='ltr'><strong>paulatim</strong></span> <span class='ocrx_word' id='word_1_768' title='bbox 3590 4622 3649 4676; x_wconf 84' lang='lat' dir='ltr'><strong>in</strong></span> 
     </span>
    </p>
   </div>
   <div class='ocr_carea' id='block_1_104' title="bbox 2064 4709 3164 4781">
    <p class='ocr_par' dir='ltr' id='par_1_104' title="bbox 2064 4709 3164 4781">
     <span class='ocr_line' id='line_1_104' title="bbox 2064 4709 3164 4781; baseline 0.003 -19"><span class='ocrx_word' id='word_1_769' title='bbox 2064 4709 2197 4765; x_wconf 87' lang='lat' dir='ltr'><strong>orbe</strong></span> <span class='ocrx_word' id='word_1_770' title='bbox 2220 4709 2469 4776; x_wconf 87' lang='lat' dir='ltr'><strong>dilatata,</strong></span> <span class='ocrx_word' id='word_1_771' title='bbox 2500 4724 2901 4781; x_wconf 86' lang='lat' dir='ltr'><strong>progressaque</strong></span> <span class='ocrx_word' id='word_1_772' title='bbox 2929 4711 3164 4781; x_wconf 87' lang='lat' dir='ltr'><strong>longius.</strong></span> 
     </span>
    </p>
   </div>
   <div class='ocr_carea' id='block_1_105' title="bbox 2132 4881 3642 4959">
    <p class='ocr_par' dir='ltr' id='par_1_105' title="bbox 2132 4881 3642 4959">
     <span class='ocr_line' id='line_1_105' title="bbox 2132 4881 3642 4959; baseline 0.005 -23"><span class='ocrx_word' id='word_1_773' title='bbox 2132 4881 2268 4939; x_wconf 78' lang='lat' dir='ltr'><strong>Vill.</strong></span> <span class='ocrx_word' id='word_1_774' title='bbox 2321 4884 2453 4951; x_wconf 81' lang='lat' dir='ltr'><strong>Quae</strong></span> <span class='ocrx_word' id='word_1_775' title='bbox 2481 4898 2606 4939; x_wconf 92' lang='lat' dir='ltr'><strong>cum</strong></span> <span class='ocrx_word' id='word_1_776' title='bbox 2637 4885 2709 4939; x_wconf 90' lang='lat' dir='ltr'><strong>ita</strong></span> <span class='ocrx_word' id='word_1_777' title='bbox 2746 4885 2877 4951; x_wconf 90' lang='lat' dir='ltr'><strong>sint,</strong></span> <span class='ocrx_word' id='word_1_778' title='bbox 2918 4887 3083 4952; x_wconf 88' lang='lat' dir='ltr'><strong>unde,</strong></span> <span class='ocrx_word' id='word_1_779' title='bbox 3132 4904 3343 4959; x_wconf 63' lang='lat' dir='ltr'><strong>quaaso,</strong></span> <span class='ocrx_word' id='word_1_780' title='bbox 3390 4889 3642 4945; x_wconf 86' lang='lat' dir='ltr'><strong>Sethiani</strong></span> 
     </span>
    </p>
   </div>
   <div class='ocr_carea' id='block_1_106' title="bbox 2060 4976 3646 5051">
    <p class='ocr_par' dir='ltr' id='par_1_106' title="bbox 2060 4976 3646 5051">
     <span class='ocr_line' id='line_1_106' title="bbox 2060 4976 3646 5051; baseline 0.005 -21"><span class='ocrx_word' id='word_1_781' title='bbox 2060 4976 2228 5031; x_wconf 81' lang='lat' dir='ltr'><strong>falsas</strong></span> <span class='ocrx_word' id='word_1_782' title='bbox 2266 4977 2389 5032; x_wconf 90' lang='lat' dir='ltr'><strong>illas</strong></span> <span class='ocrx_word' id='word_1_783' title='bbox 2420 4979 2769 5035; x_wconf 87' lang='lat' dir='ltr'><strong>narrationes</strong></span> <span class='ocrx_word' id='word_1_784' title='bbox 2821 4990 3173 5051; x_wconf 90' lang='lat' dir='ltr'><strong>acceperunt,</strong></span> <span class='ocrx_word' id='word_1_785' title='bbox 3203 4982 3330 5036; x_wconf 90' lang='lat' dir='ltr'><strong>dum</strong></span> <span class='ocrx_word' id='word_1_786' title='bbox 3377 4991 3432 5037; x_wconf 90' lang='lat' dir='ltr'><strong>et</strong></span> <span class='ocrx_word' id='word_1_787' title='bbox 3490 4984 3646 5039; x_wconf 82' lang='lat' dir='ltr'><strong>ﬁctas</strong></span> 
     </span>
    </p>
   </div>
   <div class='ocr_carea' id='block_1_107' title="bbox 2057 5068 3645 5146">
    <p class='ocr_par' dir='ltr' id='par_1_107' title="bbox 2057 5068 3645 5146">
     <span class='ocr_line' id='line_1_107' title="bbox 2057 5068 3645 5146; baseline 0.006 -24"><span class='ocrx_word' id='word_1_788' title='bbox 2057 5068 2272 5125; x_wconf 83' lang='lat' dir='ltr'><strong>fabulas</strong></span> <span class='ocrx_word' id='word_1_789' title='bbox 2302 5071 2627 5136; x_wconf 89' lang='lat' dir='ltr'><strong>obtrudunt,</strong></span> <span class='ocrx_word' id='word_1_790' title='bbox 2660 5081 2714 5126; x_wconf 93' lang='lat' dir='ltr'><strong>et</strong></span> <span class='ocrx_word' id='word_1_791' title='bbox 2746 5089 2867 5143; x_wconf 65' lang='lat' dir='ltr'><strong>quae</strong></span> <span class='ocrx_word' id='word_1_792' title='bbox 2896 5090 3173 5144; x_wconf 86' lang='lat' dir='ltr'><strong>nunquam</strong></span> <span class='ocrx_word' id='word_1_793' title='bbox 3212 5075 3352 5129; x_wconf 84' lang='lat' dir='ltr'><strong>facta</strong></span> <span class='ocrx_word' id='word_1_794' title='bbox 3381 5082 3510 5129; x_wconf 91' lang='lat' dir='ltr'><strong>sunt</strong></span> <span class='ocrx_word' id='word_1_795' title='bbox 3544 5093 3645 5146; x_wconf 84' lang='lat' dir='ltr'><strong>pro</strong></span> 
     </span>
    </p>
   </div>
   <div class='ocr_carea' id='block_1_108' title="bbox 2058 5162 3641 5232">
    <p class='ocr_par' dir='ltr' id='par_1_108' title="bbox 2058 5162 3641 5232">
     <span class='ocr_line' id='line_1_108' title="bbox 2058 5162 3641 5232; baseline 0.006 -17"><span class='ocrx_word' id='word_1_796' title='bbox 2058 5162 2208 5216; x_wconf 83' lang='lat' dir='ltr'><strong>veris</strong></span> <span class='ocrx_word' id='word_1_797' title='bbox 2232 5164 2379 5218; x_wconf 82' lang='lat' dir='ltr'><strong>velut</strong></span> <span class='ocrx_word' id='word_1_798' title='bbox 2421 5166 2761 5220; x_wconf 90' lang='lat' dir='ltr'><strong>somniantes</strong></span> <span class='ocrx_word' id='word_1_799' title='bbox 2797 5166 3091 5221; x_wconf 78' lang='lat' dir='ltr'><strong>eﬂ‘utiunt?</strong></span> <span class='ocrx_word' id='word_1_800' title='bbox 3119 5166 3251 5232; x_wconf 74' lang='lat' dir='ltr'><strong>Quae</strong></span> <span class='ocrx_word' id='word_1_801' title='bbox 3296 5176 3477 5222; x_wconf 89' lang='lat' dir='ltr'><strong>autem</strong></span> <span class='ocrx_word' id='word_1_802' title='bbox 3512 5186 3641 5224; x_wconf 80' lang='lat' dir='ltr'><strong>vera</strong></span> 
     </span>
    </p>
   </div>
   <div class='ocr_carea' id='block_1_109' title="bbox 2059 5256 3643 5331">
    <p class='ocr_par' dir='ltr' id='par_1_109' title="bbox 2059 5256 3643 5331">
     <span class='ocr_line' id='line_1_109' title="bbox 2059 5256 3643 5331; baseline 0.004 -22"><span class='ocrx_word' id='word_1_803' title='bbox 2059 5256 2349 5327; x_wconf 89' lang='lat' dir='ltr'><strong>solidaque</strong></span> <span class='ocrx_word' id='word_1_804' title='bbox 2391 5265 2540 5320; x_wconf 90' lang='lat' dir='ltr'><strong>sunt,</strong></span> <span class='ocrx_word' id='word_1_805' title='bbox 2592 5259 2845 5328; x_wconf 91' lang='lat' dir='ltr'><strong>procula</strong></span> <span class='ocrx_word' id='word_1_806' title='bbox 2889 5260 3005 5314; x_wconf 88' lang='lat' dir='ltr'><strong>suis</strong></span> <span class='ocrx_word' id='word_1_807' title='bbox 3037 5259 3139 5329; x_wconf 87' lang='lat' dir='ltr'><strong>ipsi</strong></span> <span class='ocrx_word' id='word_1_808' title='bbox 3188 5261 3465 5316; x_wconf 85' lang='lat' dir='ltr'><strong>mentibus</strong></span> <span class='ocrx_word' id='word_1_809' title='bbox 3515 5263 3643 5331; x_wconf 75' lang='lat' dir='ltr'><strong>reji-</strong></span> 
     </span>
    </p>
   </div>
   <div class='ocr_carea' id='block_1_110' title="bbox 2056 5346 3641 5405">
    <p class='ocr_par' dir='ltr' id='par_1_110' title="bbox 2056 5346 3641 5405">
     <span class='ocr_line' id='line_1_110' title="bbox 2056 5346 3641 5405; baseline 0.003 -5"><span class='ocrx_word' id='word_1_810' title='bbox 2056 5348 2231 5401; x_wconf 90' lang='lat' dir='ltr'><strong>ciunt.</strong></span> <span class='ocrx_word' id='word_1_811' title='bbox 2264 5346 2372 5402; x_wconf 87' lang='lat' dir='ltr'><strong>Sed</strong></span> <span class='ocrx_word' id='word_1_812' title='bbox 2404 5349 2663 5402; x_wconf 92' lang='lat' dir='ltr'><strong>nimirum</strong></span> <span class='ocrx_word' id='word_1_813' title='bbox 2705 5357 2881 5404; x_wconf 83' lang='lat' dir='ltr'><strong>totum</strong></span> <span class='ocrx_word' id='word_1_814' title='bbox 2912 5349 3059 5403; x_wconf 88' lang='lat' dir='ltr'><strong>istud</strong></span> <span class='ocrx_word' id='word_1_815' title='bbox 3086 5366 3153 5404; x_wconf 79' lang='lat' dir='ltr'><strong>ex</strong></span> <span class='ocrx_word' id='word_1_816' title='bbox 3181 5351 3307 5404; x_wconf 89' lang='lat' dir='ltr'><strong>mali</strong></span> <span class='ocrx_word' id='word_1_817' title='bbox 3357 5352 3641 5405; x_wconf 85' lang='lat' dir='ltr'><strong>voluntate</strong></span> 
     </span>
    </p>
   </div>
   <div class='ocr_carea' id='block_1_111' title="bbox 360 5437 1962 5515">
    <p class='ocr_par' dir='ltr' id='par_1_111' title="bbox 360 5437 1950 5511">
     <span class='ocr_line' id='line_1_111' title="bbox 360 5437 1950 5511; baseline -0.001 -18"><span class='ocrx_word' id='word_1_818' title='bbox 360 5440 638 5511; x_wconf 87' lang='grc' dir='ltr'>θαυμάσαι</span> <span class='ocrx_word' id='word_1_819' title='bbox 665 5438 802 5510; x_wconf 71' lang='grc'><strong>(52),</strong></span> <span class='ocrx_word' id='word_1_820' title='bbox 836 5438 913 5501; x_wconf 86' lang='grc' dir='ltr'>ὡς</span> <span class='ocrx_word' id='word_1_821' title='bbox 959 5439 1017 5490; x_wconf 84' lang='grc' dir='ltr'>ὲν</span> <span class='ocrx_word' id='word_1_822' title='bbox 1067 5437 1285 5499; x_wconf 87' lang='grc' dir='ltr'>πολλοῖς</span> <span class='ocrx_word' id='word_1_823' title='bbox 1332 5438 1429 5508; x_wconf 80' lang='grc' dir='ltr'><strong>μὲν</strong></span> <span class='ocrx_word' id='word_1_824' title='bbox 1478 5438 1803 5507; x_wconf 85' lang='grc' dir='ltr'>ἀτοπήμασι</span> <span class='ocrx_word' id='word_1_825' title='bbox 1854 5438 1950 5492; x_wconf 87' lang='grc' dir='ltr'><strong>τὸν</strong></span> 
     </span>
    </p>
   </div>
   <div class='ocr_carea' id='block_1_112' title="bbox 2061 5437 3639 5515">
    <p class='ocr_par' dir='ltr' id='par_1_112' title="bbox 2061 5440 3639 5515">
     <span class='ocr_line' id='line_1_112' title="bbox 2061 5440 3639 5515; baseline 0.003 -20"><span class='ocrx_word' id='word_1_826' title='bbox 2061 5440 2317 5498; x_wconf 78' lang='lat' dir='ltr'><strong>daemonis</strong></span> <span class='ocrx_word' id='word_1_827' title='bbox 2363 5441 2657 5511; x_wconf 84' lang='lat' dir='ltr'><strong>aﬂlatuque</strong></span> <span class='ocrx_word' id='word_1_828' title='bbox 2707 5452 3038 5513; x_wconf 89' lang='lat' dir='ltr'><strong>conceptum</strong></span> <span class='ocrx_word' id='word_1_829' title='bbox 3088 5443 3345 5499; x_wconf 86' lang='lat' dir='ltr'><strong>humanis</strong></span> <span class='ocrx_word' id='word_1_830' title='bbox 3407 5444 3639 5515; x_wconf 84' lang='lat' dir='ltr'><strong>ingeniis</strong></span> 
     </span>
    </p>
   </div>
   <div class='ocr_carea' id='block_1_113' title="bbox 431 5577 2155 5649">
    <p class='ocr_par' dir='ltr' id='par_1_113' title="bbox 431 5577 2155 5649">
     <span class='ocr_line' id='line_1_113' title="bbox 431 5577 2155 5649; baseline -0.002 -14"><span class='ocrx_word' id='word_1_831' title='bbox 431 5580 447 5611; x_wconf 85' lang='grc'>¹</span> <span class='ocrx_word' id='word_1_832' title='bbox 482 5579 611 5635; x_wconf 87' lang='lat' dir='ltr'><strong>Cor.</strong></span> <span class='ocrx_word' id='word_1_833' title='bbox 647 5578 741 5633; x_wconf 89' lang='grc' dir='ltr'><strong>τοῦ</strong></span> <span class='ocrx_word' id='word_1_834' title='bbox 779 5579 836 5633; x_wconf 81' lang='grc' dir='ltr'><strong>δὲ</strong></span> <span class='ocrx_word' id='word_1_835' title='bbox 881 5578 1059 5649; x_wconf 66' lang='grc' dir='ltr'>Ἰάῳεθ</span> <span class='ocrx_word' id='word_1_836' title='bbox 1087 5577 1405 5642; x_wconf 82' lang='grc' dir='ltr'>δεκαπέντε,</span> <span class='ocrx_word' id='word_1_837' title='bbox 1436 5578 1528 5631; x_wconf 87' lang='grc' dir='ltr'><strong>τοῦ</strong></span> <span class='ocrx_word' id='word_1_838' title='bbox 1562 5577 1617 5630; x_wconf 86' lang='grc' dir='ltr'><strong>δὲ</strong></span> <span class='ocrx_word' id='word_1_839' title='bbox 1654 5577 1773 5649; x_wconf 80' lang='grc' dir='ltr'><strong>Σὴμ</strong></span> <span class='ocrx_word' id='word_1_840' title='bbox 1794 5577 2155 5632; x_wconf 74' lang='grc' dir='ltr'>εἰκοσιπέντε.</span> 
     </span>
    </p>
   </div>
   <div class='ocr_carea' id='block_1_114' title="bbox 450 5691 1962 5766">
    <p class='ocr_par' dir='ltr' id='par_1_114' title="bbox 450 5691 1944 5766">
     <span class='ocr_line' id='line_1_114' title="bbox 450 5691 1944 5766; baseline -0.003 -15"><span class='ocrx_word' id='word_1_841' title='bbox 450 5696 542 5764; x_wconf 72' lang='grc'><strong>52)</strong></span> <span class='ocrx_word' id='word_1_842' title='bbox 588 5698 757 5750; x_wconf 83' lang='grc' dir='ltr'>Ἔστι</span> <span class='ocrx_word' id='word_1_843' title='bbox 786 5694 855 5747; x_wconf 88' lang='grc' dir='ltr'>δὲ</span> <span class='ocrx_word' id='word_1_844' title='bbox 898 5693 1046 5748; x_wconf 80' lang='grc' dir='ltr'>ιδεῖν</span> <span class='ocrx_word' id='word_1_845' title='bbox 1081 5692 1180 5766; x_wconf 61' lang='grc' dir='ltr'>καὶ</span> <span class='ocrx_word' id='word_1_846' title='bbox 1209 5692 1548 5766; x_wconf 70' lang='grc' dir='ltr'>θαυμάσαι.</span> <span class='ocrx_word' id='word_1_847' title='bbox 1588 5691 1713 5747; x_wconf 63' lang='lat' dir='ltr'><strong>Haec</strong></span> <span class='ocrx_word' id='word_1_848' title='bbox 1742 5692 1810 5746; x_wconf 81' lang='lat' dir='ltr'><strong>de</strong></span> 
     </span>
    </p>
   </div>
   <div class='ocr_carea' id='block_1_115' title="bbox 2061 5691 3634 5766">
    <p class='ocr_par' dir='ltr' id='par_1_115' title="bbox 2061 5692 3634 5766">
     <span class='ocr_line' id='line_1_115' title="bbox 2061 5692 3634 5766; baseline 0.001 -20"><span class='ocrx_word' id='word_1_849' title='bbox 2061 5692 2187 5750; x_wconf 85' lang='lat' dir='ltr'><strong>Vide</strong></span> <span class='ocrx_word' id='word_1_850' title='bbox 2221 5694 2420 5751; x_wconf 89' lang='lat' dir='ltr'><strong>Euseb.</strong></span> <span class='ocrx_word' id='word_1_851' title='bbox 2451 5697 2657 5754; x_wconf 78' lang='lat' dir='ltr'><strong>Histor.</strong></span> <span class='ocrx_word' id='word_1_852' title='bbox 2685 5698 2779 5755; x_wconf 89' lang='lat' dir='ltr'><strong>lib.</strong></span> <span class='ocrx_word' id='word_1_853' title='bbox 2815 5716 2887 5766; x_wconf 88' lang='lat' dir='ltr'><strong>tv,</strong></span> <span class='ocrx_word' id='word_1_854' title='bbox 2911 5714 2963 5757; x_wconf 92' lang='lat' dir='ltr'><strong>c.</strong></span> <span class='ocrx_word' id='word_1_855' title='bbox 2994 5697 3082 5754; x_wconf 79' lang='grc'><strong>17.</strong></span> <span class='ocrx_word' id='word_1_856' title='bbox 3106 5697 3238 5764; x_wconf 74' lang='lat' dir='ltr'><strong>Qua:</strong></span> <span class='ocrx_word' id='word_1_857' title='bbox 3262 5708 3444 5755; x_wconf 81' lang='lat' dir='ltr'><strong>tamen</strong></span> <span class='ocrx_word' id='word_1_858' title='bbox 3471 5695 3634 5766; x_wconf 84' lang='lat' dir='ltr'><strong>vulgo</strong></span> 
     </span>
    </p>
   </div>
   <div class='ocr_carea' id='block_1_116' title="bbox 356 5763 1937 5833">
    <p class='ocr_par' dir='ltr' id='par_1_116' title="bbox 356 5763 1937 5833">
     <span class='ocr_line' id='line_1_116' title="bbox 356 5763 1937 5833; baseline -0.006 -9"><span class='ocrx_word' id='word_1_859' title='bbox 356 5763 615 5824; x_wconf 84' lang='lat' dir='ltr'><strong>monibus</strong></span> <span class='ocrx_word' id='word_1_860' title='bbox 664 5766 936 5821; x_wconf 89' lang='lat' dir='ltr'><strong>sententia</strong></span> <span class='ocrx_word' id='word_1_861' title='bbox 992 5780 1022 5817; x_wconf 89' lang='lat' dir='ltr'><strong>a</strong></span> <span class='ocrx_word' id='word_1_862' title='bbox 1077 5764 1296 5819; x_wconf 88' lang='lat' dir='ltr'><strong>Justino</strong></span> <span class='ocrx_word' id='word_1_863' title='bbox 1344 5764 1582 5833; x_wconf 90' lang='lat' dir='ltr'><strong>primum</strong></span> <span class='ocrx_word' id='word_1_864' title='bbox 1639 5763 1937 5833; x_wconf 73' lang='lat' dir='ltr'><strong>manavit:</strong></span> 
     </span>
    </p>
   </div>
   <div class='ocr_carea' id='block_1_117' title="bbox 356 5832 1937 5909">
    <p class='ocr_par' dir='ltr' id='par_1_117' title="bbox 356 5832 1937 5909">
     <span class='ocr_line' id='line_1_117' title="bbox 356 5832 1937 5909; baseline -0.003 -17"><span class='ocrx_word' id='word_1_865' title='bbox 356 5853 588 5908; x_wconf 83' lang='lat' dir='ltr'><strong>eamque</strong></span> <span class='ocrx_word' id='word_1_866' title='bbox 615 5845 807 5909; x_wconf 82' lang='lat' dir='ltr'><strong>postea</strong></span> <span class='ocrx_word' id='word_1_867' title='bbox 838 5835 1075 5891; x_wconf 85' lang='lat' dir='ltr'><strong>lrenaeus</strong></span> <span class='ocrx_word' id='word_1_868' title='bbox 1102 5832 1386 5905; x_wconf 79' lang='lat' dir='ltr'><strong>amplexus</strong></span> <span class='ocrx_word' id='word_1_869' title='bbox 1421 5842 1505 5890; x_wconf 85' lang='lat' dir='ltr'><strong>est</strong></span> <span class='ocrx_word' id='word_1_870' title='bbox 1551 5834 1645 5891; x_wconf 91' lang='lat' dir='ltr'><strong>lib.</strong></span> <span class='ocrx_word' id='word_1_871' title='bbox 1681 5850 1733 5901; x_wconf 81' lang='grc' dir='ltr'><strong>ν,</strong></span> <span class='ocrx_word' id='word_1_872' title='bbox 1766 5848 1816 5890; x_wconf 91' lang='lat' dir='ltr'><strong>c.</strong></span> <span class='ocrx_word' id='word_1_873' title='bbox 1846 5832 1937 5887; x_wconf 72' lang='lat'><strong>26.</strong></span> 
     </span>
    </p>
   </div>
   <div class='ocr_carea' id='block_1_118' title="bbox 2051 5769 2479 5823">
    <p class='ocr_par' dir='ltr' id='par_1_118' title="bbox 2051 5769 2479 5823">
     <span class='ocr_line' id='line_1_118' title="bbox 2051 5769 2479 5823; baseline 0.007 -3"><span class='ocrx_word' id='word_1_874' title='bbox 2051 5780 2163 5823; x_wconf 88' lang='lat' dir='ltr'><strong>non</strong></span> <span class='ocrx_word' id='word_1_875' title='bbox 2197 5769 2479 5823; x_wconf 75' lang='lat' dir='ltr'><strong>urebatur.</strong></span> 
     </span>
    </p>
   </div>
  </div>
