  <div class='ocr_page' id='page_1' title='image "/cluster/home/n/w/nwhite01/storage/ocr_20150623/41/nnc1.0046978747/381.png"; bbox 0 0 4156 6358; ppageno 0'>
   <div class='ocr_carea' id='block_1_1' title="bbox 512 376 620 434">
    <p class='ocr_par' dir='ltr' id='par_1_1' title="bbox 512 376 620 434">
     <span class='ocr_line' id='line_1_1' title="bbox 512 376 620 434; baseline 0.019 -2"><span class='ocrx_word' id='word_1_1' title='bbox 512 376 620 434; x_wconf 74' lang='lat'><strong>675</strong></span> 
     </span>
    </p>
   </div>
   <div class='ocr_carea' id='block_1_2' title="bbox 1924 356 2370 419">
    <p class='ocr_par' dir='ltr' id='par_1_2' title="bbox 1924 356 2370 419">
     <span class='ocr_line' id='line_1_2' title="bbox 1924 356 2370 419; baseline -0.016 -1"><span class='ocrx_word' id='word_1_2' title='bbox 1924 363 1981 419; x_wconf 90' lang='lat' dir='ltr'><strong>S.</strong></span> <span class='ocrx_word' id='word_1_3' title='bbox 2024 356 2370 416; x_wconf 79' lang='lat' dir='ltr'><strong>EPIPHANII</strong></span> 
     </span>
    </p>
   </div>
   <div class='ocr_carea' id='block_1_3' title="bbox 3674 344 3782 403">
    <p class='ocr_par' dir='ltr' id='par_1_3' title="bbox 3674 344 3782 403">
     <span class='ocr_line' id='line_1_3' title="bbox 3674 344 3782 403; baseline 0.019 -2"><span class='ocrx_word' id='word_1_4' title='bbox 3674 344 3782 403; x_wconf 66' lang='lat'><em>6&#39;36</em></span> 
     </span>
    </p>
   </div>
   <div class='ocr_carea' id='block_1_4' title="bbox 511 466 2120 559">
    <p class='ocr_par' dir='ltr' id='par_1_4' title="bbox 511 484 2099 559">
     <span class='ocr_line' id='line_1_4' title="bbox 511 484 2099 559; baseline -0.009 -6"><span class='ocrx_word' id='word_1_5' title='bbox 511 494 764 553; x_wconf 63' lang='lat' dir='ltr'><strong>adhaesit.</strong></span> <span class='ocrx_word' id='word_1_6' title='bbox 807 504 996 559; x_wconf 63' lang='lat' dir='ltr'><strong>quam</strong></span> <span class='ocrx_word' id='word_1_7' title='bbox 1030 504 1092 545; x_wconf 87' lang='lat' dir='ltr'><strong>re</strong></span> <span class='ocrx_word' id='word_1_8' title='bbox 1127 505 1236 543; x_wconf 83' lang='lat' dir='ltr'><strong>non</strong></span> <span class='ocrx_word' id='word_1_9' title='bbox 1255 489 1442 543; x_wconf 89' lang='lat' dir='ltr'><strong>minus</strong></span> <span class='ocrx_word' id='word_1_10' title='bbox 1472 485 1935 543; x_wconf 75' lang='lat' dir='ltr'><strong>considerandum</strong></span> <span class='ocrx_word' id='word_1_11' title='bbox 1965 484 2099 539; x_wconf 89' lang='lat' dir='ltr'><strong>illud</strong></span> 
     </span>
    </p>
   </div>
   <div class='ocr_carea' id='block_1_5' title="bbox 2223 466 3780 559">
    <p class='ocr_par' dir='ltr' id='par_1_5' title="bbox 2223 466 3780 548">
     <span class='ocr_line' id='line_1_5' title="bbox 2223 466 3780 548; baseline -0.007 -17"><span class='ocrx_word' id='word_1_12' title='bbox 2223 478 2496 548; x_wconf 81' lang='grc' dir='ltr'>ίνθρωπον</span> <span class='ocrx_word' id='word_1_13' title='bbox 2523 473 2795 545; x_wconf 75' lang='grc' dir='ltr'>ήπάτησε,</span> <span class='ocrx_word' id='word_1_14' title='bbox 2818 471 2914 525; x_wconf 78' lang='grc' dir='ltr'>καὶ</span> <span class='ocrx_word' id='word_1_15' title='bbox 2947 472 3023 535; x_wconf 76' lang='grc' dir='ltr'><strong>εἰς</strong></span> <span class='ocrx_word' id='word_1_16' title='bbox 3047 467 3393 542; x_wconf 79' lang='grc' dir='ltr'><strong>παρανομίαν</strong></span> <span class='ocrx_word' id='word_1_17' title='bbox 3414 466 3780 529; x_wconf 83' lang='grc' dir='ltr'>κατέσπασεν,</span> 
     </span>
    </p>
   </div>
   <div class='ocr_carea' id='block_1_6' title="bbox 513 581 2099 661">
    <p class='ocr_par' dir='ltr' id='par_1_6' title="bbox 513 581 2099 661">
     <span class='ocr_line' id='line_1_6' title="bbox 513 581 2099 661; baseline -0.007 -19"><span class='ocrx_word' id='word_1_18' title='bbox 513 603 677 661; x_wconf 87' lang='lat' dir='ltr'><strong>quam</strong></span> <span class='ocrx_word' id='word_1_19' title='bbox 721 584 1102 641; x_wconf 88' lang='lat' dir='ltr'><strong>admirandum</strong></span> <span class='ocrx_word' id='word_1_20' title='bbox 1148 584 1314 644; x_wconf 90' lang='lat' dir='ltr'><strong>venit,</strong></span> <span class='ocrx_word' id='word_1_21' title='bbox 1352 581 1811 651; x_wconf 83' lang='lat' dir='ltr'><strong>quemadmodum</strong></span> <span class='ocrx_word' id='word_1_22' title='bbox 1854 581 1943 633; x_wconf 90' lang='lat' dir='ltr'><strong>ille</strong></span> <span class='ocrx_word' id='word_1_23' title='bbox 1971 593 2099 632; x_wconf 91' lang='lat' dir='ltr'><strong>cum</strong></span> 
     </span>
    </p>
   </div>
   <div class='ocr_carea' id='block_1_7' title="bbox 515 662 2102 736">
    <p class='ocr_par' dir='ltr' id='par_1_7' title="bbox 515 662 2102 736">
     <span class='ocr_line' id='line_1_7' title="bbox 515 662 2102 736; baseline -0.008 -9"><span class='ocrx_word' id='word_1_24' title='bbox 515 675 766 728; x_wconf 86' lang='lat' dir='ltr'><strong>homines</strong></span> <span class='ocrx_word' id='word_1_25' title='bbox 798 671 853 724; x_wconf 93' lang='lat' dir='ltr'><strong>in</strong></span> <span class='ocrx_word' id='word_1_26' title='bbox 884 669 1126 724; x_wconf 83' lang='lat' dir='ltr'><strong>absurda</strong></span> <span class='ocrx_word' id='word_1_27' title='bbox 1155 668 1487 736; x_wconf 89' lang='lat' dir='ltr'><strong>indignaque</strong></span> <span class='ocrx_word' id='word_1_28' title='bbox 1515 664 1920 735; x_wconf 79' lang='lat' dir='ltr'><strong>quamplurima</strong></span> <span class='ocrx_word' id='word_1_29' title='bbox 1950 662 2102 716; x_wconf 87' lang='lat' dir='ltr'><strong>frau-</strong></span> 
     </span>
    </p>
   </div>
   <div class='ocr_carea' id='block_1_8' title="bbox 514 746 2099 825">
    <p class='ocr_par' dir='ltr' id='par_1_8' title="bbox 514 746 2099 825">
     <span class='ocr_line' id='line_1_8' title="bbox 514 746 2099 825; baseline -0.008 -14"><span class='ocrx_word' id='word_1_30' title='bbox 514 758 769 811; x_wconf 89' lang='lat' dir='ltr'><strong>dulenter</strong></span> <span class='ocrx_word' id='word_1_31' title='bbox 812 753 1130 825; x_wconf 80' lang='lat' dir='ltr'><strong>pellexerit,</strong></span> <span class='ocrx_word' id='word_1_32' title='bbox 1187 760 1349 820; x_wconf 85' lang='lat' dir='ltr'><strong>atque</strong></span> <span class='ocrx_word' id='word_1_33' title='bbox 1403 751 1456 802; x_wconf 94' lang='lat' dir='ltr'><strong>in</strong></span> <span class='ocrx_word' id='word_1_34' title='bbox 1507 750 1687 804; x_wconf 80' lang='lat' dir='ltr'><strong>scelus</strong></span> <span class='ocrx_word' id='word_1_35' title='bbox 1738 746 2099 818; x_wconf 80' lang='lat' dir='ltr'><strong>pertraxerit,</strong></span> 
     </span>
    </p>
   </div>
   <div class='ocr_carea' id='block_1_9' title="bbox 518 828 2101 907">
    <p class='ocr_par' dir='ltr' id='par_1_9' title="bbox 518 828 2101 907">
     <span class='ocr_line' id='line_1_9' title="bbox 518 828 2101 907; baseline -0.007 -16"><span class='ocrx_word' id='word_1_36' title='bbox 518 846 708 907; x_wconf 89' lang='lat' dir='ltr'><strong>stupra</strong></span> <span class='ocrx_word' id='word_1_37' title='bbox 742 836 1019 897; x_wconf 91' lang='lat' dir='ltr'><strong>videlicet,</strong></span> <span class='ocrx_word' id='word_1_38' title='bbox 1053 833 1344 896; x_wconf 90' lang='lat' dir='ltr'><strong>adulteria,</strong></span> <span class='ocrx_word' id='word_1_39' title='bbox 1377 831 1651 891; x_wconf 85' lang='lat' dir='ltr'><strong>libidines,</strong></span> <span class='ocrx_word' id='word_1_40' title='bbox 1701 828 1968 881; x_wconf 80' lang='lat' dir='ltr'><strong>idolorum</strong></span> <span class='ocrx_word' id='word_1_41' title='bbox 2006 841 2101 881; x_wconf 92' lang='lat' dir='ltr'><strong>su-</strong></span> 
     </span>
    </p>
   </div>
   <div class='ocr_carea' id='block_1_10' title="bbox 517 918 2101 996">
    <p class='ocr_par' dir='ltr' id='par_1_10' title="bbox 517 918 2101 996">
     <span class='ocr_line' id='line_1_10' title="bbox 517 918 2101 996; baseline -0.008 -16"><span class='ocrx_word' id='word_1_42' title='bbox 517 927 869 996; x_wconf 87' lang='lat' dir='ltr'><strong>perstitiones</strong></span> <span class='ocrx_word' id='word_1_43' title='bbox 916 939 980 978; x_wconf 91' lang='lat' dir='ltr'><strong>ac</strong></span> <span class='ocrx_word' id='word_1_44' title='bbox 1010 923 1341 993; x_wconf 68' lang='lat' dir='ltr'><strong>praastigias,</strong></span> <span class='ocrx_word' id='word_1_45' title='bbox 1368 920 1719 991; x_wconf 89' lang='lat' dir='ltr'><strong>profusiones</strong></span> <span class='ocrx_word' id='word_1_46' title='bbox 1748 918 2101 987; x_wconf 89' lang='lat' dir='ltr'><strong>sanguinum,</strong></span> 
     </span>
    </p>
   </div>
   <div class='ocr_carea' id='block_1_11' title="bbox 519 1009 2105 1090">
    <p class='ocr_par' dir='ltr' id='par_1_11' title="bbox 519 1009 2105 1090">
     <span class='ocr_line' id='line_1_11' title="bbox 519 1009 2105 1090; baseline -0.008 -15"><span class='ocrx_word' id='word_1_47' title='bbox 519 1021 743 1090; x_wconf 84' lang='lat' dir='ltr'><strong>rapinas</strong></span> <span class='ocrx_word' id='word_1_48' title='bbox 803 1028 857 1073; x_wconf 91' lang='lat' dir='ltr'><strong>et</strong></span> <span class='ocrx_word' id='word_1_49' title='bbox 887 1016 1225 1071; x_wconf 87' lang='lat' dir='ltr'><strong>insatiabiles</strong></span> <span class='ocrx_word' id='word_1_50' title='bbox 1253 1012 1603 1082; x_wconf 79' lang='lat' dir='ltr'><strong>cupiditates,</strong></span> <span class='ocrx_word' id='word_1_51' title='bbox 1641 1011 1838 1073; x_wconf 89' lang='lat' dir='ltr'><strong>aleam,</strong></span> <span class='ocrx_word' id='word_1_52' title='bbox 1892 1009 2105 1063; x_wconf 89' lang='lat' dir='ltr'><strong>voraci-</strong></span> 
     </span>
    </p>
   </div>
   <div class='ocr_carea' id='block_1_12' title="bbox 522 1104 2104 1180">
    <p class='ocr_par' dir='ltr' id='par_1_12' title="bbox 522 1104 2104 1180">
     <span class='ocr_line' id='line_1_12' title="bbox 522 1104 2104 1180; baseline -0.008 -11"><span class='ocrx_word' id='word_1_53' title='bbox 522 1123 710 1177; x_wconf 91' lang='lat' dir='ltr'><strong>tatem,</strong></span> <span class='ocrx_word' id='word_1_54' title='bbox 745 1112 959 1180; x_wconf 88' lang='lat' dir='ltr'><strong>aliaque</strong></span> <span class='ocrx_word' id='word_1_55' title='bbox 1006 1108 1056 1162; x_wconf 89' lang='lat' dir='ltr'><strong>id</strong></span> <span class='ocrx_word' id='word_1_56' title='bbox 1091 1123 1264 1177; x_wconf 91' lang='lat' dir='ltr'><strong>genus</strong></span> <span class='ocrx_word' id='word_1_57' title='bbox 1309 1104 1536 1175; x_wconf 85' lang='lat' dir='ltr'><strong>ﬂagitia,</strong></span> <span class='ocrx_word' id='word_1_58' title='bbox 1593 1117 1873 1171; x_wconf 88' lang='lat' dir='ltr'><strong>nunquam</strong></span> <span class='ocrx_word' id='word_1_59' title='bbox 1921 1109 2104 1156; x_wconf 88' lang='lat' dir='ltr'><strong>tamen</strong></span> 
     </span>
    </p>
   </div>
   <div class='ocr_carea' id='block_1_13' title="bbox 523 1194 2104 1259">
    <p class='ocr_par' dir='ltr' id='par_1_13' title="bbox 523 1194 2104 1259">
     <span class='ocr_line' id='line_1_13' title="bbox 523 1194 2104 1259; baseline -0.009 -2"><span class='ocrx_word' id='word_1_60' title='bbox 523 1212 649 1258; x_wconf 89' lang='lat' dir='ltr'><strong>ante</strong></span> <span class='ocrx_word' id='word_1_61' title='bbox 688 1201 895 1255; x_wconf 81' lang='lat' dir='ltr'><strong>Christi</strong></span> <span class='ocrx_word' id='word_1_62' title='bbox 936 1196 1246 1252; x_wconf 89' lang='lat' dir='ltr'><strong>Servatoris</strong></span> <span class='ocrx_word' id='word_1_63' title='bbox 1277 1196 1595 1259; x_wconf 86' lang='lat' dir='ltr'><strong>adventum,</strong></span> <span class='ocrx_word' id='word_1_64' title='bbox 1648 1194 2104 1248; x_wconf 85' lang='lat' dir='ltr'><strong>contumeliosam</strong></span> 
     </span>
    </p>
   </div>
   <div class='ocr_carea' id='block_1_14' title="bbox 524 1286 2108 1358">
    <p class='ocr_par' dir='ltr' id='par_1_14' title="bbox 524 1286 2108 1358">
     <span class='ocr_line' id='line_1_14' title="bbox 524 1286 2108 1358; baseline -0.008 -7"><span class='ocrx_word' id='word_1_65' title='bbox 524 1298 580 1351; x_wconf 92' lang='lat' dir='ltr'><strong>in</strong></span> <span class='ocrx_word' id='word_1_66' title='bbox 618 1294 901 1349; x_wconf 90' lang='lat' dir='ltr'><strong>Dominum</strong></span> <span class='ocrx_word' id='word_1_67' title='bbox 940 1306 1098 1347; x_wconf 89' lang='lat' dir='ltr'><strong>suum</strong></span> <span class='ocrx_word' id='word_1_68' title='bbox 1124 1291 1333 1358; x_wconf 82' lang='lat' dir='ltr'><strong>jactare</strong></span> <span class='ocrx_word' id='word_1_69' title='bbox 1380 1303 1590 1351; x_wconf 83' lang='lat' dir='ltr'><strong>vocem,</strong></span> <span class='ocrx_word' id='word_1_70' title='bbox 1631 1287 1714 1340; x_wconf 92' lang='lat' dir='ltr'><strong>vel</strong></span> <span class='ocrx_word' id='word_1_71' title='bbox 1745 1286 2010 1339; x_wconf 87' lang='lat' dir='ltr'><strong>rebellare</strong></span> <span class='ocrx_word' id='word_1_72' title='bbox 2036 1286 2108 1340; x_wconf 89' lang='lat' dir='ltr'><strong>sit</strong></span> 
     </span>
    </p>
   </div>
   <div class='ocr_carea' id='block_1_15' title="bbox 526 1379 2108 1455">
    <p class='ocr_par' dir='ltr' id='par_1_15' title="bbox 526 1379 2108 1455">
     <span class='ocr_line' id='line_1_15' title="bbox 526 1379 2108 1455; baseline -0.008 -12"><span class='ocrx_word' id='word_1_73' title='bbox 526 1404 715 1445; x_wconf 90' lang='lat' dir='ltr'><strong>ausus.</strong></span> <span class='ocrx_word' id='word_1_74' title='bbox 749 1384 1118 1455; x_wconf 81' lang='lat' dir='ltr'><strong>Exspectahat</strong></span> <span class='ocrx_word' id='word_1_75' title='bbox 1146 1382 1416 1451; x_wconf 87' lang='lat' dir='ltr'><strong>siquidem</strong></span> <span class='ocrx_word' id='word_1_76' title='bbox 1444 1381 1573 1435; x_wconf 90' lang='lat' dir='ltr'><strong>dum</strong></span> <span class='ocrx_word' id='word_1_77' title='bbox 1605 1379 1860 1434; x_wconf 81' lang='lat' dir='ltr'><strong>Christus</strong></span> <span class='ocrx_word' id='word_1_78' title='bbox 1886 1379 2108 1433; x_wconf 84' lang='lat' dir='ltr'><strong>adveni-</strong></span> 
     </span>
    </p>
   </div>
   <div class='ocr_carea' id='block_1_16' title="bbox 526 1470 2107 1547">
    <p class='ocr_par' dir='ltr' id='par_1_16' title="bbox 526 1470 2107 1547">
     <span class='ocr_line' id='line_1_16' title="bbox 526 1470 2107 1547; baseline -0.007 -13"><span class='ocrx_word' id='word_1_79' title='bbox 526 1490 629 1544; x_wconf 80' lang='lat' dir='ltr'><strong>ret,</strong></span> <span class='ocrx_word' id='word_1_80' title='bbox 667 1488 725 1534; x_wconf 93' lang='lat' dir='ltr'><strong>ut</strong></span> <span class='ocrx_word' id='word_1_81' title='bbox 756 1480 841 1533; x_wconf 85' lang='lat' dir='ltr'><strong>vel</strong></span> <span class='ocrx_word' id='word_1_82' title='bbox 890 1480 1004 1547; x_wconf 90' lang='lat' dir='ltr'><strong>ipse</strong></span> <span class='ocrx_word' id='word_1_83' title='bbox 1036 1476 1340 1546; x_wconf 89' lang='lat' dir='ltr'><strong>profitetur,</strong></span> <span class='ocrx_word' id='word_1_84' title='bbox 1394 1475 1479 1529; x_wconf 87' lang='lat' dir='ltr'><strong>his</strong></span> <span class='ocrx_word' id='word_1_85' title='bbox 1511 1473 1693 1527; x_wconf 81' lang='lat' dir='ltr'><strong>verbis</strong></span> <span class='ocrx_word' id='word_1_86' title='bbox 1726 1491 1737 1526; x_wconf 93' lang='lat'><strong>:</strong></span> <span class='ocrx_word' id='word_1_87' title='bbox 1770 1470 1845 1525; x_wconf 92' lang='lat' dir='ltr'><strong>De</strong></span> <span class='ocrx_word' id='word_1_88' title='bbox 1892 1480 1941 1526; x_wconf 92' lang='lat' dir='ltr'><strong>te</strong></span> <span class='ocrx_word' id='word_1_89' title='bbox 1973 1471 2107 1525; x_wconf 83' lang='lat' dir='ltr'><strong>scri-</strong></span> 
     </span>
    </p>
   </div>
   <div class='ocr_carea' id='block_1_17' title="bbox 528 1564 2111 1639">
    <p class='ocr_par' dir='ltr' id='par_1_17' title="bbox 528 1564 2111 1639">
     <span class='ocr_line' id='line_1_17' title="bbox 528 1564 2111 1639; baseline -0.004 -16"><span class='ocrx_word' id='word_1_90' title='bbox 528 1578 679 1639; x_wconf 93' lang='lat' dir='ltr'><strong>ptum</strong></span> <span class='ocrx_word' id='word_1_91' title='bbox 710 1577 795 1624; x_wconf 90' lang='lat' dir='ltr'><strong>est</strong></span> <span class='ocrx_word' id='word_1_92' title='bbox 821 1588 835 1623; x_wconf 91' lang='lat'>:</span> <span class='ocrx_word' id='word_1_93' title='bbox 862 1568 1127 1633; x_wconf 78' lang='lat' dir='ltr'><strong>Quoniam</strong></span> <span class='ocrx_word' id='word_1_94' title='bbox 1159 1566 1357 1636; x_wconf 74' lang='lat' dir='ltr'><strong>angelis</strong></span> <span class='ocrx_word' id='word_1_95' title='bbox 1388 1565 1500 1619; x_wconf 78' lang='lat' dir='ltr'><strong>suis</strong></span> <span class='ocrx_word' id='word_1_96' title='bbox 1544 1564 1817 1617; x_wconf 82' lang='lat' dir='ltr'><strong>mandabit</strong></span> <span class='ocrx_word' id='word_1_97' title='bbox 1864 1564 1929 1616; x_wconf 86' lang='lat' dir='ltr'><strong>de</strong></span> <span class='ocrx_word' id='word_1_98' title='bbox 1964 1573 2033 1625; x_wconf 82' lang='lat' dir='ltr'><strong>te,</strong></span> <span class='ocrx_word' id='word_1_99' title='bbox 2060 1574 2111 1617; x_wconf 85' lang='lat' dir='ltr'><strong>et</strong></span> 
     </span>
    </p>
   </div>
   <div class='ocr_carea' id='block_1_18' title="bbox 527 1656 2112 1729">
    <p class='ocr_par' dir='ltr' id='par_1_18' title="bbox 527 1656 2112 1729">
     <span class='ocr_line' id='line_1_18' title="bbox 527 1656 2112 1729; baseline -0.004 -15"><span class='ocrx_word' id='word_1_100' title='bbox 527 1666 581 1715; x_wconf 81' lang='lat' dir='ltr'><strong>in</strong></span> <span class='ocrx_word' id='word_1_101' title='bbox 630 1660 873 1714; x_wconf 81' lang='lat' dir='ltr'><strong>manibus</strong></span> <span class='ocrx_word' id='word_1_102' title='bbox 904 1659 1189 1729; x_wconf 82' lang='lat' dir='ltr'><strong>portabunt</strong></span> <span class='ocrx_word' id='word_1_103' title='bbox 1239 1668 1289 1711; x_wconf 83' lang='lat' dir='ltr'><strong>te</strong></span> <span class='ocrx_word' id='word_1_104' title='bbox 1318 1659 1355 1709; x_wconf 70' lang='grc' dir='ltr'>ι.</span> <span class='ocrx_word' id='word_1_105' title='bbox 1410 1656 1546 1710; x_wconf 85' lang='lat' dir='ltr'><strong>Illud</strong></span> <span class='ocrx_word' id='word_1_106' title='bbox 1586 1656 1730 1710; x_wconf 92' lang='lat' dir='ltr'><strong>enim</strong></span> <span class='ocrx_word' id='word_1_107' title='bbox 1780 1664 2039 1725; x_wconf 88' lang='lat' dir='ltr'><strong>perpetuo</strong></span> <span class='ocrx_word' id='word_1_108' title='bbox 2081 1671 2112 1709; x_wconf 87' lang='lat' dir='ltr'><strong>a</strong></span> 
     </span>
    </p>
   </div>
   <div class='ocr_carea' id='block_1_19' title="bbox 530 1746 2113 1823">
    <p class='ocr_par' dir='ltr' id='par_1_19' title="bbox 530 1746 2113 1823">
     <span class='ocr_line' id='line_1_19' title="bbox 530 1746 2113 1823; baseline -0.003 -17"><span class='ocrx_word' id='word_1_109' title='bbox 530 1752 810 1823; x_wconf 81' lang='lat' dir='ltr'><strong>prophetis</strong></span> <span class='ocrx_word' id='word_1_110' title='bbox 839 1751 1149 1804; x_wconf 89' lang='lat' dir='ltr'><strong>nuntiatum</strong></span> <span class='ocrx_word' id='word_1_111' title='bbox 1182 1749 1452 1811; x_wconf 87' lang='lat' dir='ltr'><strong>audierat,</strong></span> <span class='ocrx_word' id='word_1_112' title='bbox 1491 1747 1693 1802; x_wconf 85' lang='lat' dir='ltr'><strong>Christi</strong></span> <span class='ocrx_word' id='word_1_113' title='bbox 1728 1746 1941 1801; x_wconf 89' lang='lat' dir='ltr'><strong>Domini</strong></span> <span class='ocrx_word' id='word_1_114' title='bbox 1979 1762 2113 1817; x_wconf 68' lang='lat' dir='ltr'><strong>pra:-</strong></span> 
     </span>
    </p>
   </div>
   <div class='ocr_carea' id='block_1_20' title="bbox 2202 558 3758 637">
    <p class='ocr_par' dir='ltr' id='par_1_20' title="bbox 2202 558 3758 637">
     <span class='ocr_line' id='line_1_20' title="bbox 2202 558 3758 637; baseline -0.007 -16"><span class='ocrx_word' id='word_1_115' title='bbox 2202 569 2283 631; x_wconf 86' lang='grc' dir='ltr'><strong>είς</strong></span> <span class='ocrx_word' id='word_1_116' title='bbox 2314 585 2374 620; x_wconf 90' lang='grc' dir='ltr'><strong>τε</strong></span> <span class='ocrx_word' id='word_1_117' title='bbox 2402 565 2659 637; x_wconf 84' lang='grc' dir='ltr'>πορνείας</span> <span class='ocrx_word' id='word_1_118' title='bbox 2684 565 2779 617; x_wconf 75' lang='grc' dir='ltr'>καὶ</span> <span class='ocrx_word' id='word_1_119' title='bbox 2815 562 3084 634; x_wconf 86' lang='grc' dir='ltr'>μοιχείας,</span> <span class='ocrx_word' id='word_1_120' title='bbox 3114 562 3207 613; x_wconf 73' lang='grc' dir='ltr'>καὶ</span> <span class='ocrx_word' id='word_1_121' title='bbox 3233 559 3541 627; x_wconf 82' lang='grc' dir='ltr'><strong>ἀσελγείας,</strong></span> <span class='ocrx_word' id='word_1_122' title='bbox 3574 558 3758 610; x_wconf 88' lang='grc' dir='ltr'>είδωλο</span> 
     </span>
    </p>
   </div>
   <div class='ocr_carea' id='block_1_21' title="bbox 2207 650 3777 731">
    <p class='ocr_par' dir='ltr' id='par_1_21' title="bbox 2207 650 3777 731">
     <span class='ocr_line' id='line_1_21' title="bbox 2207 650 3777 731; baseline -0.007 -19"><span class='ocrx_word' id='word_1_123' title='bbox 2207 658 2405 731; x_wconf 83' lang='grc' dir='ltr'>μανίας</span> <span class='ocrx_word' id='word_1_124' title='bbox 2432 674 2492 709; x_wconf 90' lang='grc' dir='ltr'><strong>τε</strong></span> <span class='ocrx_word' id='word_1_125' title='bbox 2534 657 2627 709; x_wconf 65' lang='grc' dir='ltr'><strong>καὶ¹</strong></span> <span class='ocrx_word' id='word_1_126' title='bbox 2669 655 2945 724; x_wconf 78' lang='grc' dir='ltr'><strong>γοητείας,</strong></span> <span class='ocrx_word' id='word_1_127' title='bbox 2979 654 3073 707; x_wconf 72' lang='grc' dir='ltr'>καὶ</span> <span class='ocrx_word' id='word_1_128' title='bbox 3110 650 3564 722; x_wconf 80' lang='grc' dir='ltr'>αἱματεκχυσίας,</span> <span class='ocrx_word' id='word_1_129' title='bbox 3604 651 3777 720; x_wconf 84' lang='grc' dir='ltr'>ἁρπα-</span> 
     </span>
    </p>
   </div>
   <div class='ocr_carea' id='block_1_22' title="bbox 2205 739 3783 816">
    <p class='ocr_par' dir='ltr' id='par_1_22' title="bbox 2205 739 3783 816">
     <span class='ocr_line' id='line_1_22' title="bbox 2205 739 3783 816; baseline -0.008 -15"><span class='ocrx_word' id='word_1_130' title='bbox 2205 748 2307 816; x_wconf 88' lang='grc' dir='ltr'><strong>γάς</strong></span> <span class='ocrx_word' id='word_1_131' title='bbox 2337 763 2396 799; x_wconf 89' lang='grc' dir='ltr'><strong>τε</strong></span> <span class='ocrx_word' id='word_1_132' title='bbox 2440 745 2534 798; x_wconf 77' lang='grc' dir='ltr'>καὶ</span> <span class='ocrx_word' id='word_1_133' title='bbox 2577 744 2917 813; x_wconf 83' lang='grc' dir='ltr'>ἀπληστίας,</span> <span class='ocrx_word' id='word_1_134' title='bbox 2950 742 3173 804; x_wconf 85' lang='grc' dir='ltr'>κυϐείας</span> <span class='ocrx_word' id='word_1_135' title='bbox 3216 758 3275 794; x_wconf 88' lang='grc' dir='ltr'><strong>τε</strong></span> <span class='ocrx_word' id='word_1_136' title='bbox 3320 741 3413 793; x_wconf 72' lang='grc' dir='ltr'>καὶ</span> <span class='ocrx_word' id='word_1_137' title='bbox 3453 739 3783 808; x_wconf 81' lang='grc' dir='ltr'>ἀδηφαγίας,</span> 
     </span>
    </p>
   </div>
   <div class='ocr_carea' id='block_1_23' title="bbox 2205 825 3785 902">
    <p class='ocr_par' dir='ltr' id='par_1_23' title="bbox 2205 825 3785 902">
     <span class='ocr_line' id='line_1_23' title="bbox 2205 825 3785 902; baseline -0.007 -12"><span class='ocrx_word' id='word_1_138' title='bbox 2205 838 2299 891; x_wconf 71' lang='grc' dir='ltr'>καὶ</span> <span class='ocrx_word' id='word_1_139' title='bbox 2328 836 2427 888; x_wconf 80' lang='grc' dir='ltr'>ὅσα</span> <span class='ocrx_word' id='word_1_140' title='bbox 2477 833 2733 886; x_wconf 87' lang='grc' dir='ltr'>τοιαῦτα·</span> <span class='ocrx_word' id='word_1_141' title='bbox 2773 832 3009 902; x_wconf 80' lang='grc' dir='ltr'><strong>οὐδαμοῦ</strong></span> <span class='ocrx_word' id='word_1_142' title='bbox 3054 832 3111 884; x_wconf 79' lang='grc' dir='ltr'>δὲ</span> <span class='ocrx_word' id='word_1_143' title='bbox 3144 830 3249 902; x_wconf 78' lang='grc' dir='ltr'>πρὸ</span> <span class='ocrx_word' id='word_1_144' title='bbox 3277 832 3374 900; x_wconf 81' lang='grc' dir='ltr'>τῆς</span> <span class='ocrx_word' id='word_1_145' title='bbox 3409 828 3501 882; x_wconf 89' lang='grc' dir='ltr'><strong>τοῦ</strong></span> <span class='ocrx_word' id='word_1_146' title='bbox 3552 825 3785 899; x_wconf 76' lang='grc' dir='ltr'><strong>Χριστοῦ</strong></span> 
     </span>
    </p>
   </div>
   <div class='ocr_carea' id='block_1_24' title="bbox 2206 919 3790 999">
    <p class='ocr_par' dir='ltr' id='par_1_24' title="bbox 2206 919 3790 999">
     <span class='ocr_line' id='line_1_24' title="bbox 2206 919 3790 999; baseline -0.007 -18"><span class='ocrx_word' id='word_1_147' title='bbox 2206 926 2509 999; x_wconf 81' lang='grc' dir='ltr'>παρουσίας</span> <span class='ocrx_word' id='word_1_148' title='bbox 2541 926 2840 995; x_wconf 82' lang='grc' dir='ltr'>ἐτόλμησεν</span> <span class='ocrx_word' id='word_1_149' title='bbox 2872 926 2949 986; x_wconf 91' lang='grc' dir='ltr'><strong>εἰς</strong></span> <span class='ocrx_word' id='word_1_150' title='bbox 2970 923 3061 975; x_wconf 82' lang='grc' dir='ltr'>τὸν</span> <span class='ocrx_word' id='word_1_151' title='bbox 3092 921 3289 975; x_wconf 88' lang='grc' dir='ltr'>ἐαυτοῦ</span> <span class='ocrx_word' id='word_1_152' title='bbox 3322 922 3599 991; x_wconf 88' lang='grc' dir='ltr'>Δεσπότην</span> <span class='ocrx_word' id='word_1_153' title='bbox 3625 919 3790 989; x_wconf 78' lang='grc' dir='ltr'>φθέγ-</span> 
     </span>
    </p>
   </div>
   <div class='ocr_carea' id='block_1_25' title="bbox 2209 1010 3788 1089">
    <p class='ocr_par' dir='ltr' id='par_1_25' title="bbox 2209 1010 3788 1089">
     <span class='ocr_line' id='line_1_25' title="bbox 2209 1010 3788 1089; baseline -0.003 -16"><span class='ocrx_word' id='word_1_154' title='bbox 2209 1019 2403 1086; x_wconf 81' lang='grc' dir='ltr'>ξασθαι</span> <span class='ocrx_word' id='word_1_155' title='bbox 2433 1017 2752 1089; x_wconf 77' lang='grc' dir='ltr'>βλάσφημόν</span> <span class='ocrx_word' id='word_1_156' title='bbox 2787 1033 2908 1068; x_wconf 89' lang='grc' dir='ltr'>τινα</span> <span class='ocrx_word' id='word_1_157' title='bbox 2939 1014 3117 1083; x_wconf 85' lang='grc' dir='ltr'>λόγον,</span> <span class='ocrx_word' id='word_1_158' title='bbox 3154 1014 3186 1083; x_wconf 82' lang='grc' dir='ltr'>ἢ</span> <span class='ocrx_word' id='word_1_159' title='bbox 3217 1014 3474 1084; x_wconf 87' lang='grc' dir='ltr'>ᾶνταρσιν</span> <span class='ocrx_word' id='word_1_160' title='bbox 3517 1010 3788 1082; x_wconf 83' lang='grc' dir='ltr'>ἐννοῆσαι.</span> 
     </span>
    </p>
   </div>
   <div class='ocr_carea' id='block_1_26' title="bbox 2221 1104 3787 1182">
    <p class='ocr_par' dir='ltr' id='par_1_26' title="bbox 2221 1104 3787 1182">
     <span class='ocr_line' id='line_1_26' title="bbox 2221 1104 3787 1182; baseline -0.006 -17"><span class='ocrx_word' id='word_1_161' title='bbox 2221 1112 2477 1182; x_wconf 83' lang='grc' dir='ltr'>Ἀνέμενε</span> <span class='ocrx_word' id='word_1_162' title='bbox 2505 1110 2615 1181; x_wconf 85' lang='grc' dir='ltr'>γὰρ</span> <span class='ocrx_word' id='word_1_163' title='bbox 2645 1109 2745 1179; x_wconf 83' lang='grc' dir='ltr'>τὴν</span> <span class='ocrx_word' id='word_1_164' title='bbox 2771 1106 2865 1160; x_wconf 88' lang='grc' dir='ltr'><strong>τοῦ</strong></span> <span class='ocrx_word' id='word_1_165' title='bbox 2890 1106 3126 1178; x_wconf 80' lang='grc' dir='ltr'>Χριστοῦ</span> <span class='ocrx_word' id='word_1_166' title='bbox 3158 1106 3481 1175; x_wconf 84' lang='grc' dir='ltr'>παρουσίαν,</span> <span class='ocrx_word' id='word_1_167' title='bbox 3512 1106 3586 1167; x_wconf 81' lang='grc' dir='ltr'>ὡς</span> <span class='ocrx_word' id='word_1_168' title='bbox 3608 1104 3787 1172; x_wconf 85' lang='grc' dir='ltr'>λέγει·</span> 
     </span>
    </p>
   </div>
   <div class='ocr_carea' id='block_1_27' title="bbox 2208 1196 3791 1272">
    <p class='ocr_par' dir='ltr' id='par_1_27' title="bbox 2208 1196 3791 1272">
     <span class='ocr_line' id='line_1_27' title="bbox 2208 1196 3791 1272; baseline -0.005 -15"><span class='ocrx_word' id='word_1_169' title='bbox 2208 1204 2349 1271; x_wconf 79' lang='grc' dir='ltr'>Περὶ</span> <span class='ocrx_word' id='word_1_170' title='bbox 2402 1201 2521 1255; x_wconf 83' lang='grc' dir='ltr'><strong>σοῦ</strong></span> <span class='ocrx_word' id='word_1_171' title='bbox 2569 1202 2925 1272; x_wconf 63' lang='grc' dir='ltr'>γέγραπται,</span> <span class='ocrx_word' id='word_1_172' title='bbox 2968 1200 3055 1252; x_wconf 80' lang='grc' dir='ltr'>ὅτι</span> <span class='ocrx_word' id='word_1_173' title='bbox 3103 1199 3229 1265; x_wconf 82' lang='grc' dir='ltr'>τοῖς</span> <span class='ocrx_word' id='word_1_174' title='bbox 3277 1200 3552 1269; x_wconf 79' lang='grc' dir='ltr'><strong>ἀγγέλοις</strong></span> <span class='ocrx_word' id='word_1_175' title='bbox 3605 1196 3791 1251; x_wconf 86' lang='grc' dir='ltr'>αὐτοῦ</span> 
     </span>
    </p>
   </div>
   <div class='ocr_carea' id='block_1_28' title="bbox 2206 1289 3789 1361">
    <p class='ocr_par' dir='ltr' id='par_1_28' title="bbox 2206 1289 3789 1361">
     <span class='ocr_line' id='line_1_28' title="bbox 2206 1289 3789 1361; baseline -0.006 -12"><span class='ocrx_word' id='word_1_176' title='bbox 2206 1294 2533 1349; x_wconf 82' lang='grc' dir='ltr'>ἐντελεῖται</span> <span class='ocrx_word' id='word_1_177' title='bbox 2562 1294 2697 1361; x_wconf 81' lang='grc' dir='ltr'>περὶ</span> <span class='ocrx_word' id='word_1_178' title='bbox 2736 1292 2875 1355; x_wconf 83' lang='grc' dir='ltr'>σοῦ,</span> <span class='ocrx_word' id='word_1_179' title='bbox 2913 1292 3013 1345; x_wconf 77' lang='grc' dir='ltr'>καὶ</span> <span class='ocrx_word' id='word_1_180' title='bbox 3041 1292 3140 1344; x_wconf 78' lang='grc' dir='ltr'>ἐπὶ</span> <span class='ocrx_word' id='word_1_181' title='bbox 3184 1290 3399 1359; x_wconf 79' lang='grc' dir='ltr'>χειρῶν</span> <span class='ocrx_word' id='word_1_182' title='bbox 3442 1289 3661 1358; x_wconf 83' lang='grc' dir='ltr'>ἀροῦσί</span> <span class='ocrx_word' id='word_1_183' title='bbox 3696 1305 3789 1341; x_wconf 88' lang='grc' dir='ltr'><strong>σε.</strong></span> 
     </span>
    </p>
   </div>
   <div class='ocr_carea' id='block_1_29' title="bbox 2216 1381 3795 1456">
    <p class='ocr_par' dir='ltr' id='par_1_29' title="bbox 2216 1381 3795 1456">
     <span class='ocr_line' id='line_1_29' title="bbox 2216 1381 3795 1456; baseline -0.004 -17"><span class='ocrx_word' id='word_1_184' title='bbox 2216 1388 2419 1439; x_wconf 84' lang='grc' dir='ltr'>Ἤκουε</span> <span class='ocrx_word' id='word_1_185' title='bbox 2450 1385 2558 1456; x_wconf 86' lang='grc' dir='ltr'><strong>γὰρ</strong></span> <span class='ocrx_word' id='word_1_186' title='bbox 2599 1386 2686 1437; x_wconf 73' lang='grc' dir='ltr'>ἀεὶ</span> <span class='ocrx_word' id='word_1_187' title='bbox 2724 1383 2831 1436; x_wconf 84' lang='grc' dir='ltr'>τῶν</span> <span class='ocrx_word' id='word_1_188' title='bbox 2861 1383 3154 1453; x_wconf 81' lang='grc' dir='ltr'>προφητῶν</span> <span class='ocrx_word' id='word_1_189' title='bbox 3185 1381 3662 1451; x_wconf 86' lang='grc' dir='ltr'>καταγγελλόντων</span> <span class='ocrx_word' id='word_1_190' title='bbox 3695 1382 3795 1451; x_wconf 79' lang='grc' dir='ltr'>τὴν</span> 
     </span>
    </p>
   </div>
   <div class='ocr_carea' id='block_1_30' title="bbox 2212 1473 3795 1549">
    <p class='ocr_par' dir='ltr' id='par_1_30' title="bbox 2212 1473 3795 1549">
     <span class='ocr_line' id='line_1_30' title="bbox 2212 1473 3795 1549; baseline -0.004 -17"><span class='ocrx_word' id='word_1_191' title='bbox 2212 1478 2452 1549; x_wconf 79' lang='grc' dir='ltr'>Χριστοῦ</span> <span class='ocrx_word' id='word_1_192' title='bbox 2490 1476 2812 1548; x_wconf 79' lang='grc' dir='ltr'>παρουσίαν,</span> <span class='ocrx_word' id='word_1_193' title='bbox 2841 1475 3108 1546; x_wconf 82' lang='grc' dir='ltr'>λύτρωσιν</span> <span class='ocrx_word' id='word_1_194' title='bbox 3148 1475 3413 1545; x_wconf 76' lang='grc' dir='ltr'>ἐσομένην</span> <span class='ocrx_word' id='word_1_195' title='bbox 3461 1473 3568 1526; x_wconf 83' lang='grc' dir='ltr'>τῶν</span> <span class='ocrx_word' id='word_1_196' title='bbox 3614 1475 3795 1545; x_wconf 86' lang='grc' dir='ltr'>ἁμαρ-</span> 
     </span>
    </p>
   </div>
   <div class='ocr_carea' id='block_1_31' title="bbox 2212 1564 3794 1640">
    <p class='ocr_par' dir='ltr' id='par_1_31' title="bbox 2212 1564 3794 1640">
     <span class='ocr_line' id='line_1_31' title="bbox 2212 1564 3794 1640; baseline -0.004 -18"><span class='ocrx_word' id='word_1_197' title='bbox 2212 1570 2517 1640; x_wconf 85' lang='grc' dir='ltr'>τησάντων,</span> <span class='ocrx_word' id='word_1_198' title='bbox 2554 1568 2649 1621; x_wconf 75' lang='grc' dir='ltr'>καὶ</span> <span class='ocrx_word' id='word_1_199' title='bbox 2685 1566 2773 1619; x_wconf 86' lang='grc' dir='ltr'>διὰ</span> <span class='ocrx_word' id='word_1_200' title='bbox 2815 1564 3053 1637; x_wconf 81' lang='grc' dir='ltr'>Χριστοῦ</span> <span class='ocrx_word' id='word_1_201' title='bbox 3100 1564 3506 1635; x_wconf 79' lang='grc' dir='ltr'>μετανοούντων</span> <span class='ocrx_word' id='word_1_202' title='bbox 3528 1580 3540 1592; x_wconf 89' lang='grc'><strong>·</strong></span> <span class='ocrx_word' id='word_1_203' title='bbox 3577 1565 3794 1636; x_wconf 77' lang='grc' dir='ltr'>ἐνόμιζέ</span> 
     </span>
    </p>
   </div>
   <div class='ocr_carea' id='block_1_32' title="bbox 2214 1654 3797 1727">
    <p class='ocr_par' dir='ltr' id='par_1_32' title="bbox 2214 1654 3797 1727">
     <span class='ocr_line' id='line_1_32' title="bbox 2214 1654 3797 1727; baseline -0.004 -13"><span class='ocrx_word' id='word_1_204' title='bbox 2214 1680 2274 1714; x_wconf 87' lang='grc' dir='ltr'><strong>τε</strong></span> <span class='ocrx_word' id='word_1_205' title='bbox 2307 1660 2602 1727; x_wconf 78' lang='grc' dir='ltr'>τεύξασθαί</span> <span class='ocrx_word' id='word_1_206' title='bbox 2630 1676 2776 1722; x_wconf 88' lang='grc' dir='ltr'>τινος</span> <span class='ocrx_word' id='word_1_207' title='bbox 2802 1658 2999 1721; x_wconf 82' lang='grc' dir='ltr'>ἐλέους.</span> <span class='ocrx_word' id='word_1_208' title='bbox 3036 1658 3165 1711; x_wconf 84' lang='grc' dir='ltr'><strong>Ὅτε</strong></span> <span class='ocrx_word' id='word_1_209' title='bbox 3198 1658 3255 1710; x_wconf 84' lang='grc' dir='ltr'>δὲ</span> <span class='ocrx_word' id='word_1_210' title='bbox 3286 1654 3422 1710; x_wconf 83' lang='grc' dir='ltr'>εἶδεν</span> <span class='ocrx_word' id='word_1_211' title='bbox 3460 1659 3488 1709; x_wconf 87' lang='lat'><strong>6</strong></span> <span class='ocrx_word' id='word_1_212' title='bbox 3514 1657 3680 1719; x_wconf 82' lang='grc' dir='ltr'>τάλας</span> <span class='ocrx_word' id='word_1_213' title='bbox 3704 1658 3797 1709; x_wconf 84' lang='grc' dir='ltr'>τὸν</span> 
     </span>
    </p>
   </div>
   <div class='ocr_carea' id='block_1_33' title="bbox 2216 1748 3801 1823">
    <p class='ocr_par' dir='ltr' id='par_1_33' title="bbox 2216 1748 3801 1823">
     <span class='ocr_line' id='line_1_33' title="bbox 2216 1748 3801 1823; baseline -0.005 -16"><span class='ocrx_word' id='word_1_214' title='bbox 2216 1752 2451 1823; x_wconf 84' lang='grc' dir='ltr'>Χριστὸν</span> <span class='ocrx_word' id='word_1_215' title='bbox 2483 1751 2557 1821; x_wconf 80' lang='grc' dir='ltr'>μὴ</span> <span class='ocrx_word' id='word_1_216' title='bbox 2590 1750 2883 1821; x_wconf 80' lang='grc' dir='ltr'>δεξάμενον</span> <span class='ocrx_word' id='word_1_217' title='bbox 2909 1748 3073 1802; x_wconf 83' lang='grc' dir='ltr'>αὑτοῦ</span> <span class='ocrx_word' id='word_1_218' title='bbox 3097 1749 3192 1819; x_wconf 78' lang='grc' dir='ltr'><strong>τήν</strong></span> <span class='ocrx_word' id='word_1_219' title='bbox 3220 1748 3349 1819; x_wconf 70' lang='grc' dir='ltr'>περὶ</span> <span class='ocrx_word' id='word_1_220' title='bbox 3383 1748 3654 1819; x_wconf 85' lang='grc' dir='ltr'>σωτηρίας</span> <span class='ocrx_word' id='word_1_221' title='bbox 3680 1750 3801 1800; x_wconf 80' lang='grc' dir='ltr'>ἐπι-</span> 
     </span>
    </p>
   </div>
   <div class='ocr_carea' id='block_1_34' title="bbox 528 1838 2120 1914">
    <p class='ocr_par' dir='ltr' id='par_1_34' title="bbox 528 1838 2109 1910">
     <span class='ocr_line' id='line_1_34' title="bbox 528 1838 2109 1910; baseline -0.004 -10"><span class='ocrx_word' id='word_1_222' title='bbox 528 1844 760 1901; x_wconf 88' lang='lat' dir='ltr'><strong>sentiam</strong></span> <span class='ocrx_word' id='word_1_223' title='bbox 793 1857 983 1898; x_wconf 88' lang='lat' dir='ltr'><strong>eorum</strong></span> <span class='ocrx_word' id='word_1_224' title='bbox 1007 1841 1437 1910; x_wconf 88' lang='lat' dir='ltr'><strong>redemptionem</strong></span> <span class='ocrx_word' id='word_1_225' title='bbox 1469 1838 1602 1902; x_wconf 88' lang='lat' dir='ltr'><strong>fore,</strong></span> <span class='ocrx_word' id='word_1_226' title='bbox 1639 1840 1731 1909; x_wconf 91' lang='lat' dir='ltr'><strong>qui</strong></span> <span class='ocrx_word' id='word_1_227' title='bbox 1769 1851 2109 1909; x_wconf 82' lang='lat' dir='ltr'><strong>peccassent,</strong></span> 
     </span>
    </p>
   </div>
   <div class='ocr_carea' id='block_1_35' title="bbox 2223 1838 3800 1914">
    <p class='ocr_par' dir='ltr' id='par_1_35' title="bbox 2223 1839 3800 1914">
     <span class='ocr_line' id='line_1_35' title="bbox 2223 1839 3800 1914; baseline -0.003 -19"><span class='ocrx_word' id='word_1_228' title='bbox 2223 1842 2476 1914; x_wconf 71' lang='grc' dir='ltr'>στροφὴν,</span> <span class='ocrx_word' id='word_1_229' title='bbox 2510 1841 2727 1906; x_wconf 78' lang='grc' dir='ltr'>ἀνοίξας</span> <span class='ocrx_word' id='word_1_230' title='bbox 2759 1843 2820 1895; x_wconf 84' lang='grc' dir='ltr'>τὸ</span> <span class='ocrx_word' id='word_1_231' title='bbox 2844 1842 3018 1913; x_wconf 86' lang='grc' dir='ltr'>στόμα</span> <span class='ocrx_word' id='word_1_232' title='bbox 3048 1842 3188 1894; x_wconf 87' lang='grc' dir='ltr'><strong>κατά</strong></span> <span class='ocrx_word' id='word_1_233' title='bbox 3222 1842 3316 1893; x_wconf 87' lang='grc' dir='ltr'><strong>τοῦ</strong></span> <span class='ocrx_word' id='word_1_234' title='bbox 3348 1841 3476 1894; x_wconf 78' lang='grc' dir='ltr'>ἰδίου</span> <span class='ocrx_word' id='word_1_235' title='bbox 3503 1839 3800 1903; x_wconf 87' lang='grc' dir='ltr'>Δεσπότου,</span> 
     </span>
    </p>
   </div>
   <div class='ocr_carea' id='block_1_36' title="bbox 529 1932 2117 2009">
    <p class='ocr_par' dir='ltr' id='par_1_36' title="bbox 529 1932 2117 2009">
     <span class='ocr_line' id='line_1_36' title="bbox 529 1932 2117 2009; baseline -0.006 -15"><span class='ocrx_word' id='word_1_236' title='bbox 529 1955 594 1994; x_wconf 90' lang='lat' dir='ltr'><strong>ac</strong></span> <span class='ocrx_word' id='word_1_237' title='bbox 629 1938 1005 2009; x_wconf 71' lang='lat' dir='ltr'><strong>pmnitentiam</strong></span> <span class='ocrx_word' id='word_1_238' title='bbox 1056 1936 1419 2004; x_wconf 89' lang='lat' dir='ltr'><strong>susciperent.</strong></span> <span class='ocrx_word' id='word_1_239' title='bbox 1452 1933 1634 1999; x_wconf 86' lang='lat' dir='ltr'><strong>Quare</strong></span> <span class='ocrx_word' id='word_1_240' title='bbox 1666 1941 1719 1987; x_wconf 87' lang='lat' dir='ltr'><strong>et</strong></span> <span class='ocrx_word' id='word_1_241' title='bbox 1756 1933 1871 2002; x_wconf 85' lang='lat' dir='ltr'><strong>ipse</strong></span> <span class='ocrx_word' id='word_1_242' title='bbox 1901 1932 2117 1987; x_wconf 91' lang='lat' dir='ltr'><strong>miseri-</strong></span> 
     </span>
    </p>
   </div>
   <div class='ocr_carea' id='block_1_37' title="bbox 531 2021 2116 2101">
    <p class='ocr_par' dir='ltr' id='par_1_37' title="bbox 531 2021 2116 2101">
     <span class='ocr_line' id='line_1_37' title="bbox 531 2021 2116 2101; baseline -0.004 -18"><span class='ocrx_word' id='word_1_243' title='bbox 531 2030 732 2085; x_wconf 84' lang='lat' dir='ltr'><strong>cordiae</strong></span> <span class='ocrx_word' id='word_1_244' title='bbox 761 2028 1009 2083; x_wconf 88' lang='lat' dir='ltr'><strong>nonnihil</strong></span> <span class='ocrx_word' id='word_1_245' title='bbox 1046 2042 1104 2081; x_wconf 89' lang='lat' dir='ltr'><strong>se</strong></span> <span class='ocrx_word' id='word_1_246' title='bbox 1138 2032 1564 2080; x_wconf 88' lang='lat' dir='ltr'><strong>consecuturum</strong></span> <span class='ocrx_word' id='word_1_247' title='bbox 1598 2024 1870 2101; x_wconf 82' lang='lat' dir='ltr'><strong>sperabat.</strong></span> <span class='ocrx_word' id='word_1_248' title='bbox 1914 2021 2116 2077; x_wconf 68' lang='lat' dir='ltr'><strong>Verum</strong></span> 
     </span>
    </p>
   </div>
   <div class='ocr_carea' id='block_1_38' title="bbox 532 2116 2118 2177">
    <p class='ocr_par' dir='ltr' id='par_1_38' title="bbox 532 2116 2118 2177">
     <span class='ocr_line' id='line_1_38' title="bbox 532 2116 2118 2177; baseline -0.006 0"><span class='ocrx_word' id='word_1_249' title='bbox 532 2122 625 2177; x_wconf 87' lang='lat' dir='ltr'><strong>ubi</strong></span> <span class='ocrx_word' id='word_1_250' title='bbox 659 2136 815 2177; x_wconf 88' lang='lat' dir='ltr'><strong>suam</strong></span> <span class='ocrx_word' id='word_1_251' title='bbox 869 2120 936 2172; x_wconf 90' lang='lat' dir='ltr'><strong>ad</strong></span> <span class='ocrx_word' id='word_1_252' title='bbox 978 2118 1329 2173; x_wconf 86' lang='lat' dir='ltr'><strong>obtinendam</strong></span> <span class='ocrx_word' id='word_1_253' title='bbox 1369 2116 1600 2171; x_wconf 86' lang='lat' dir='ltr'><strong>salutem</strong></span> <span class='ocrx_word' id='word_1_254' title='bbox 1636 2117 2051 2170; x_wconf 79' lang='lat' dir='ltr'><strong>conversionem</strong></span> <span class='ocrx_word' id='word_1_255' title='bbox 2087 2129 2118 2167; x_wconf 91' lang='lat' dir='ltr'><strong>a</strong></span> 
     </span>
    </p>
   </div>
   <div class='ocr_carea' id='block_1_39' title="bbox 532 2206 2120 2282">
    <p class='ocr_par' dir='ltr' id='par_1_39' title="bbox 532 2206 2120 2282">
     <span class='ocr_line' id='line_1_39' title="bbox 532 2206 2120 2282; baseline -0.004 -14"><span class='ocrx_word' id='word_1_256' title='bbox 532 2215 756 2269; x_wconf 78' lang='lat' dir='ltr'><strong>Christo</strong></span> <span class='ocrx_word' id='word_1_257' title='bbox 812 2210 1087 2282; x_wconf 85' lang='lat' dir='ltr'><strong>repudiari</strong></span> <span class='ocrx_word' id='word_1_258' title='bbox 1152 2208 1337 2263; x_wconf 80' lang='lat' dir='ltr'><strong>infelix</strong></span> <span class='ocrx_word' id='word_1_259' title='bbox 1391 2206 1799 2270; x_wconf 85' lang='lat' dir='ltr'><strong>animadvertit,</strong></span> <span class='ocrx_word' id='word_1_260' title='bbox 1863 2222 1927 2261; x_wconf 85' lang='lat' dir='ltr'><strong>os</strong></span> <span class='ocrx_word' id='word_1_261' title='bbox 1972 2207 2120 2261; x_wconf 88' lang='lat' dir='ltr'><strong>illico</strong></span> 
     </span>
    </p>
   </div>
   <div class='ocr_carea' id='block_1_40' title="bbox 531 2298 2119 2371">
    <p class='ocr_par' dir='ltr' id='par_1_40' title="bbox 531 2298 2119 2371">
     <span class='ocr_line' id='line_1_40' title="bbox 531 2298 2119 2371; baseline -0.004 -12"><span class='ocrx_word' id='word_1_262' title='bbox 531 2312 721 2359; x_wconf 89' lang='lat' dir='ltr'><strong>contra</strong></span> <span class='ocrx_word' id='word_1_263' title='bbox 758 2303 1043 2357; x_wconf 90' lang='lat' dir='ltr'><strong>Dominum</strong></span> <span class='ocrx_word' id='word_1_264' title='bbox 1076 2300 1309 2371; x_wconf 86' lang='lat' dir='ltr'><strong>aperuit,</strong></span> <span class='ocrx_word' id='word_1_265' title='bbox 1334 2314 1396 2353; x_wconf 92' lang='lat' dir='ltr'><strong>ac</strong></span> <span class='ocrx_word' id='word_1_266' title='bbox 1430 2298 1866 2352; x_wconf 86' lang='lat' dir='ltr'><strong>maledicentiam</strong></span> <span class='ocrx_word' id='word_1_267' title='bbox 1902 2314 2119 2352; x_wconf 89' lang='lat' dir='ltr'><strong>omnem</strong></span> 
     </span>
    </p>
   </div>
   <div class='ocr_carea' id='block_1_41' title="bbox 532 2388 2117 2460">
    <p class='ocr_par' dir='ltr' id='par_1_41' title="bbox 532 2388 2117 2460">
     <span class='ocr_line' id='line_1_41' title="bbox 532 2388 2117 2460; baseline -0.007 -7"><span class='ocrx_word' id='word_1_268' title='bbox 532 2396 795 2453; x_wconf 76' lang='lat' dir='ltr'><strong>evomuit.</strong></span> <span class='ocrx_word' id='word_1_269' title='bbox 826 2394 969 2460; x_wconf 85' lang='lat' dir='ltr'><strong>Quin</strong></span> <span class='ocrx_word' id='word_1_270' title='bbox 1006 2407 1124 2447; x_wconf 92' lang='lat' dir='ltr'><strong>eam</strong></span> <span class='ocrx_word' id='word_1_271' title='bbox 1160 2401 1395 2446; x_wconf 89' lang='lat' dir='ltr'><strong>mentem</strong></span> <span class='ocrx_word' id='word_1_272' title='bbox 1440 2389 1753 2443; x_wconf 92' lang='lat' dir='ltr'><strong>hominibus</strong></span> <span class='ocrx_word' id='word_1_273' title='bbox 1799 2388 2007 2457; x_wconf 89' lang='lat' dir='ltr'><strong>injecit,</strong></span> <span class='ocrx_word' id='word_1_274' title='bbox 2038 2397 2117 2452; x_wconf 90' lang='lat' dir='ltr'><strong>ut,</strong></span> 
     </span>
    </p>
   </div>
   <div class='ocr_carea' id='block_1_42' title="bbox 534 2482 2122 2555">
    <p class='ocr_par' dir='ltr' id='par_1_42' title="bbox 534 2482 2122 2555">
     <span class='ocr_line' id='line_1_42' title="bbox 534 2482 2122 2555; baseline -0.005 -12"><span class='ocrx_word' id='word_1_275' title='bbox 534 2506 664 2546; x_wconf 88' lang='lat' dir='ltr'><strong>vero</strong></span> <span class='ocrx_word' id='word_1_276' title='bbox 691 2496 1007 2555; x_wconf 91' lang='lat' dir='ltr'><strong>contempto</strong></span> <span class='ocrx_word' id='word_1_277' title='bbox 1042 2485 1173 2547; x_wconf 91' lang='lat' dir='ltr'><strong>Deo,</strong></span> <span class='ocrx_word' id='word_1_278' title='bbox 1222 2484 1389 2536; x_wconf 89' lang='lat' dir='ltr'><strong>alium</strong></span> <span class='ocrx_word' id='word_1_279' title='bbox 1427 2482 1519 2552; x_wconf 92' lang='lat' dir='ltr'><strong>qui</strong></span> <span class='ocrx_word' id='word_1_280' title='bbox 1569 2483 1819 2551; x_wconf 88' lang='lat' dir='ltr'><strong>nuspiam</strong></span> <span class='ocrx_word' id='word_1_281' title='bbox 1851 2491 1996 2536; x_wconf 88' lang='lat' dir='ltr'><strong>esset</strong></span> <span class='ocrx_word' id='word_1_282' title='bbox 2039 2482 2122 2535; x_wconf 85' lang='lat' dir='ltr'><strong>in-</strong></span> 
     </span>
    </p>
   </div>
   <div class='ocr_carea' id='block_1_43' title="bbox 536 2572 2113 2651">
    <p class='ocr_par' dir='ltr' id='par_1_43' title="bbox 536 2572 2113 2651">
     <span class='ocr_line' id='line_1_43' title="bbox 536 2572 2113 2651; baseline -0.006 -17"><span class='ocrx_word' id='word_1_283' title='bbox 536 2581 837 2651; x_wconf 90' lang='lat' dir='ltr'><strong>quirerent.</strong></span> <span class='ocrx_word' id='word_1_284' title='bbox 873 2576 987 2631; x_wconf 87' lang='lat' dir='ltr'><strong>Hoc</strong></span> <span class='ocrx_word' id='word_1_285' title='bbox 1033 2573 1389 2645; x_wconf 84' lang='lat' dir='ltr'><strong>igitur_modo</strong></span> <span class='ocrx_word' id='word_1_286' title='bbox 1425 2572 1718 2627; x_wconf 85' lang='lat' dir='ltr'><strong>Setbianos</strong></span> <span class='ocrx_word' id='word_1_287' title='bbox 1764 2577 1818 2626; x_wconf 91' lang='lat' dir='ltr'><strong>in</strong></span> <span class='ocrx_word' id='word_1_288' title='bbox 1867 2573 2113 2627; x_wconf 90' lang='lat' dir='ltr'><strong>fraudem</strong></span> 
     </span>
    </p>
   </div>
   <div class='ocr_carea' id='block_1_44' title="bbox 536 2662 2120 2739">
    <p class='ocr_par' dir='ltr' id='par_1_44' title="bbox 536 2662 2120 2739">
     <span class='ocr_line' id='line_1_44' title="bbox 536 2662 2120 2739; baseline -0.005 -15"><span class='ocrx_word' id='word_1_289' title='bbox 536 2670 803 2739; x_wconf 87' lang='lat' dir='ltr'><strong>impulsos</strong></span> <span class='ocrx_word' id='word_1_290' title='bbox 831 2681 954 2721; x_wconf 88' lang='lat' dir='ltr'><strong>esse</strong></span> <span class='ocrx_word' id='word_1_291' title='bbox 986 2666 1347 2733; x_wconf 88' lang='lat' dir='ltr'><strong>nndequaque</strong></span> <span class='ocrx_word' id='word_1_292' title='bbox 1381 2664 1676 2717; x_wconf 86' lang='lat' dir='ltr'><strong>constabit.</strong></span> <span class='ocrx_word' id='word_1_293' title='bbox 1718 2663 1996 2732; x_wconf 90' lang='lat' dir='ltr'><strong>Siquidem</strong></span> <span class='ocrx_word' id='word_1_294' title='bbox 2030 2662 2120 2716; x_wconf 84' lang='lat' dir='ltr'><strong>Se-</strong></span> 
     </span>
    </p>
   </div>
   <div class='ocr_carea' id='block_1_45' title="bbox 534 2753 2119 2824">
    <p class='ocr_par' dir='ltr' id='par_1_45' title="bbox 534 2753 2119 2824">
     <span class='ocr_line' id='line_1_45' title="bbox 534 2753 2119 2824; baseline -0.004 -10"><span class='ocrx_word' id='word_1_295' title='bbox 534 2761 664 2816; x_wconf 80' lang='lat' dir='ltr'><strong>thus</strong></span> <span class='ocrx_word' id='word_1_296' title='bbox 707 2760 835 2813; x_wconf 87' lang='lat' dir='ltr'><strong>olim</strong></span> <span class='ocrx_word' id='word_1_297' title='bbox 888 2763 1138 2811; x_wconf 91' lang='lat' dir='ltr'><strong>mortuus</strong></span> <span class='ocrx_word' id='word_1_298' title='bbox 1189 2761 1293 2819; x_wconf 87' lang='lat' dir='ltr'><strong>est,</strong></span> <span class='ocrx_word' id='word_1_299' title='bbox 1337 2762 1574 2823; x_wconf 78' lang='lat' dir='ltr'><strong>suntque</strong></span> <span class='ocrx_word' id='word_1_300' title='bbox 1623 2753 1742 2824; x_wconf 86' lang='lat' dir='ltr'><strong>ejus</strong></span> <span class='ocrx_word' id='word_1_301' title='bbox 1784 2756 1960 2809; x_wconf 65' lang='lat' dir='ltr'><strong>aetatis</strong></span> <span class='ocrx_word' id='word_1_302' title='bbox 1990 2754 2119 2808; x_wconf 90' lang='lat' dir='ltr'><strong>anni</strong></span> 
     </span>
    </p>
   </div>
   <div class='ocr_carea' id='block_1_46' title="bbox 535 2847 2117 2925">
    <p class='ocr_par' dir='ltr' id='par_1_46' title="bbox 535 2847 2117 2925">
     <span class='ocr_line' id='line_1_46' title="bbox 535 2847 2117 2925; baseline -0.003 -17"><span class='ocrx_word' id='word_1_303' title='bbox 535 2851 846 2925; x_wconf 91' lang='lat' dir='ltr'><strong>perscripti.</strong></span> <span class='ocrx_word' id='word_1_304' title='bbox 876 2848 1012 2902; x_wconf 88' lang='lat' dir='ltr'><strong>Nam</strong></span> <span class='ocrx_word' id='word_1_305' title='bbox 1046 2863 1169 2903; x_wconf 91' lang='lat' dir='ltr'><strong>cum</strong></span> <span class='ocrx_word' id='word_1_306' title='bbox 1204 2861 1376 2903; x_wconf 85' lang='lat' dir='ltr'><strong>annos</strong></span> <span class='ocrx_word' id='word_1_307' title='bbox 1404 2847 1629 2902; x_wconf 81' lang='lat' dir='ltr'><strong>vixisset</strong></span> <span class='ocrx_word' id='word_1_308' title='bbox 1655 2862 1729 2899; x_wconf 82' lang='lat' dir='ltr'><strong>xu</strong></span> <span class='ocrx_word' id='word_1_309' title='bbox 1754 2863 1916 2916; x_wconf 88' lang='lat' dir='ltr'><strong>supra</strong></span> <span class='ocrx_word' id='word_1_310' title='bbox 1932 2864 2117 2914; x_wconf 75' lang='lat' dir='ltr'><strong>acccc,</strong></span> 
     </span>
    </p>
   </div>
   <div class='ocr_carea' id='block_1_47' title="bbox 2215 1930 3800 2005">
    <p class='ocr_par' dir='ltr' id='par_1_47' title="bbox 2215 1930 3800 2005">
     <span class='ocr_line' id='line_1_47' title="bbox 2215 1930 3800 2005; baseline -0.001 -18"><span class='ocrx_word' id='word_1_311' title='bbox 2215 1936 2315 2005; x_wconf 82' lang='grc' dir='ltr'>τὴν</span> <span class='ocrx_word' id='word_1_312' title='bbox 2346 1936 2698 2005; x_wconf 77' lang='grc' dir='ltr'>βλασφημίαν</span> <span class='ocrx_word' id='word_1_313' title='bbox 2737 1934 3004 2005; x_wconf 79' lang='grc' dir='ltr'>ἐξήμεσε,</span> <span class='ocrx_word' id='word_1_314' title='bbox 3045 1936 3157 1995; x_wconf 87' lang='grc' dir='ltr'>τοῖς</span> <span class='ocrx_word' id='word_1_315' title='bbox 3194 1930 3502 2004; x_wconf 81' lang='grc' dir='ltr'>ἀνθρώποις</span> <span class='ocrx_word' id='word_1_316' title='bbox 3547 1933 3800 1985; x_wconf 83' lang='grc' dir='ltr'>ὑπόνοιαν</span> 
     </span>
    </p>
   </div>
   <div class='ocr_carea' id='block_1_48' title="bbox 2217 2023 3801 2097">
    <p class='ocr_par' dir='ltr' id='par_1_48' title="bbox 2217 2023 3801 2097">
     <span class='ocr_line' id='line_1_48' title="bbox 2217 2023 3801 2097; baseline -0.003 -18"><span class='ocrx_word' id='word_1_317' title='bbox 2217 2026 2493 2096; x_wconf 84' lang='grc' dir='ltr'>ἐμϐαλὼν,</span> <span class='ocrx_word' id='word_1_318' title='bbox 2524 2026 2806 2097; x_wconf 81' lang='grc' dir='ltr'>ἀρνεῖσθαι</span> <span class='ocrx_word' id='word_1_319' title='bbox 2840 2027 2937 2097; x_wconf 77' lang='grc' dir='ltr'>μὲν</span> <span class='ocrx_word' id='word_1_320' title='bbox 2973 2026 3067 2080; x_wconf 82' lang='grc' dir='ltr'>τὸν</span> <span class='ocrx_word' id='word_1_321' title='bbox 3115 2025 3281 2089; x_wconf 75' lang='grc' dir='ltr'>ὄντα,</span> <span class='ocrx_word' id='word_1_322' title='bbox 3330 2024 3422 2076; x_wconf 86' lang='grc' dir='ltr'>τὸν</span> <span class='ocrx_word' id='word_1_323' title='bbox 3460 2024 3516 2077; x_wconf 87' lang='grc' dir='ltr'>δὲ</span> <span class='ocrx_word' id='word_1_324' title='bbox 3552 2024 3628 2094; x_wconf 87' lang='grc' dir='ltr'>μὴ</span> <span class='ocrx_word' id='word_1_325' title='bbox 3672 2023 3801 2075; x_wconf 75' lang='grc' dir='ltr'>ὄντα</span> 
     </span>
    </p>
   </div>
   <div class='ocr_carea' id='block_1_49' title="bbox 2218 2112 3804 2191">
    <p class='ocr_par' dir='ltr' id='par_1_49' title="bbox 2218 2112 3804 2191">
     <span class='ocr_line' id='line_1_49' title="bbox 2218 2112 3804 2191; baseline -0.003 -20"><span class='ocrx_word' id='word_1_326' title='bbox 2218 2118 2421 2191; x_wconf 79' lang='grc' dir='ltr'>ζητεῖν.</span> <span class='ocrx_word' id='word_1_327' title='bbox 2478 2120 2633 2172; x_wconf 72' lang='grc' dir='ltr'>Οὕτω</span> <span class='ocrx_word' id='word_1_328' title='bbox 2704 2120 2878 2173; x_wconf 85' lang='grc' dir='ltr'>τοίνυν</span> <span class='ocrx_word' id='word_1_329' title='bbox 2927 2119 3022 2171; x_wconf 75' lang='grc' dir='ltr'>καὶ</span> <span class='ocrx_word' id='word_1_330' title='bbox 3086 2112 3233 2171; x_wconf 79' lang='grc' dir='ltr'>οῦτοι</span> <span class='ocrx_word' id='word_1_331' title='bbox 3292 2117 3607 2186; x_wconf 80' lang='grc' dir='ltr'>ἐλέγχονται</span> <span class='ocrx_word' id='word_1_332' title='bbox 3661 2115 3804 2169; x_wconf 80' lang='grc' dir='ltr'>κατὰ</span> 
     </span>
    </p>
   </div>
   <div class='ocr_carea' id='block_1_50' title="bbox 2220 2208 3804 2284">
    <p class='ocr_par' dir='ltr' id='par_1_50' title="bbox 2220 2208 3804 2284">
     <span class='ocr_line' id='line_1_50' title="bbox 2220 2208 3804 2284; baseline -0.004 -20"><span class='ocrx_word' id='word_1_333' title='bbox 2220 2212 2400 2265; x_wconf 87' lang='grc' dir='ltr'>πάντα</span> <span class='ocrx_word' id='word_1_334' title='bbox 2431 2214 2633 2284; x_wconf 83' lang='grc' dir='ltr'>τρόπον</span> <span class='ocrx_word' id='word_1_335' title='bbox 2660 2211 3024 2283; x_wconf 71' lang='grc' dir='ltr'>ἠπατημένοι.</span> <span class='ocrx_word' id='word_1_336' title='bbox 3064 2210 3123 2264; x_wconf 81' lang='grc'><strong>’0</strong></span> <span class='ocrx_word' id='word_1_337' title='bbox 3158 2209 3265 2280; x_wconf 80' lang='grc' dir='ltr'><strong>γάρ</strong></span> <span class='ocrx_word' id='word_1_338' title='bbox 3298 2208 3402 2280; x_wconf 81' lang='grc' dir='ltr'><strong>Σὴθ</strong></span> <span class='ocrx_word' id='word_1_339' title='bbox 3430 2208 3679 2279; x_wconf 86' lang='grc' dir='ltr'>τέθνηκε,</span> <span class='ocrx_word' id='word_1_340' title='bbox 3710 2208 3804 2259; x_wconf 66' lang='grc' dir='ltr'>καὶ</span> 
     </span>
    </p>
   </div>
   <div class='ocr_carea' id='block_1_51' title="bbox 2218 2298 3804 2373">
    <p class='ocr_par' dir='ltr' id='par_1_51' title="bbox 2218 2298 3804 2373">
     <span class='ocr_line' id='line_1_51' title="bbox 2218 2298 3804 2373; baseline -0.004 -18"><span class='ocrx_word' id='word_1_341' title='bbox 2218 2303 2286 2355; x_wconf 82' lang='grc' dir='ltr'>τὰ</span> <span class='ocrx_word' id='word_1_342' title='bbox 2321 2302 2415 2372; x_wconf 78' lang='grc' dir='ltr'><strong>ἐτη</strong></span> <span class='ocrx_word' id='word_1_343' title='bbox 2452 2302 2616 2356; x_wconf 80' lang='grc' dir='ltr'>αὑτοῦ</span> <span class='ocrx_word' id='word_1_344' title='bbox 2648 2304 3087 2373; x_wconf 82' lang='grc' dir='ltr'>ἀναγέγραπται.</span> <span class='ocrx_word' id='word_1_345' title='bbox 3122 2301 3333 2363; x_wconf 85' lang='grc' dir='ltr'>Βιώσας</span> <span class='ocrx_word' id='word_1_346' title='bbox 3366 2298 3474 2369; x_wconf 81' lang='grc' dir='ltr'><strong>γὰρ</strong></span> <span class='ocrx_word' id='word_1_347' title='bbox 3512 2298 3606 2369; x_wconf 78' lang='grc' dir='ltr'><strong>ἐτη</strong></span> <span class='ocrx_word' id='word_1_348' title='bbox 3649 2299 3804 2350; x_wconf 87' lang='grc' dir='ltr'>ἐννα-</span> 
     </span>
    </p>
   </div>
   <div class='ocr_carea' id='block_1_52' title="bbox 2220 2394 3804 2466">
    <p class='ocr_par' dir='ltr' id='par_1_52' title="bbox 2220 2394 3804 2466">
     <span class='ocr_line' id='line_1_52' title="bbox 2220 2394 3804 2466; baseline -0.002 -18"><span class='ocrx_word' id='word_1_349' title='bbox 2220 2396 2377 2449; x_wconf 77' lang='grc' dir='ltr'>κόσια</span> <span class='ocrx_word' id='word_1_350' title='bbox 2407 2396 2655 2460; x_wconf 80' lang='grc' dir='ltr'>δεκαδύο,</span> <span class='ocrx_word' id='word_1_351' title='bbox 2683 2395 2743 2448; x_wconf 85' lang='grc' dir='ltr'>τὸ</span> <span class='ocrx_word' id='word_1_352' title='bbox 2788 2394 2966 2466; x_wconf 87' lang='grc' dir='ltr'>χρεὼν</span> <span class='ocrx_word' id='word_1_353' title='bbox 3021 2395 3296 2455; x_wconf 84' lang='grc' dir='ltr'>ἀπέδωκε,</span> <span class='ocrx_word' id='word_1_354' title='bbox 3339 2395 3607 2464; x_wconf 85' lang='grc' dir='ltr'>γεννήσας</span> <span class='ocrx_word' id='word_1_355' title='bbox 3656 2394 3804 2455; x_wconf 73' lang='grc' dir='ltr'>υἱοὺς</span> 
     </span>
    </p>
   </div>
   <div class='ocr_carea' id='block_1_53' title="bbox 2219 2483 3805 2559">
    <p class='ocr_par' dir='ltr' id='par_1_53' title="bbox 2219 2483 3805 2559">
     <span class='ocr_line' id='line_1_53' title="bbox 2219 2483 3805 2559; baseline -0.004 -19"><span class='ocrx_word' id='word_1_356' title='bbox 2219 2488 2313 2540; x_wconf 77' lang='grc' dir='ltr'><strong>καὶ</strong></span> <span class='ocrx_word' id='word_1_357' title='bbox 2340 2486 2669 2559; x_wconf 80' lang='grc' dir='ltr'>θυγατέρας,</span> <span class='ocrx_word' id='word_1_358' title='bbox 2704 2486 2779 2550; x_wconf 84' lang='grc' dir='ltr'>ὥς</span> <span class='ocrx_word' id='word_1_359' title='bbox 2826 2504 2992 2557; x_wconf 81' lang='grc' dir='ltr'>φησιν</span> <span class='ocrx_word' id='word_1_360' title='bbox 3024 2488 3057 2557; x_wconf 85' lang='grc' dir='ltr'><strong>ή</strong></span> <span class='ocrx_word' id='word_1_361' title='bbox 3090 2486 3210 2538; x_wconf 85' lang='grc' dir='ltr'>Θεία</span> <span class='ocrx_word' id='word_1_362' title='bbox 3252 2486 3463 2556; x_wconf 74' lang='grc' dir='ltr'>Γραφή.</span> <span class='ocrx_word' id='word_1_363' title='bbox 3502 2483 3661 2537; x_wconf 83' lang='grc' dir='ltr'><strong>Κατά</strong></span> <span class='ocrx_word' id='word_1_364' title='bbox 3688 2485 3805 2536; x_wconf 89' lang='grc' dir='ltr'>δια-</span> 
     </span>
    </p>
   </div>
   <div class='ocr_carea' id='block_1_54' title="bbox 2216 2574 3803 2651">
    <p class='ocr_par' dir='ltr' id='par_1_54' title="bbox 2216 2574 3803 2651">
     <span class='ocr_line' id='line_1_54' title="bbox 2216 2574 3803 2651; baseline -0.004 -19"><span class='ocrx_word' id='word_1_365' title='bbox 2216 2580 2375 2651; x_wconf 77' lang='grc' dir='ltr'>δοχὴν</span> <span class='ocrx_word' id='word_1_366' title='bbox 2415 2581 2470 2633; x_wconf 79' lang='grc' dir='ltr'>δὲ</span> <span class='ocrx_word' id='word_1_367' title='bbox 2493 2583 2521 2633; x_wconf 96' lang='lat'><strong>6</strong></span> <span class='ocrx_word' id='word_1_368' title='bbox 2549 2580 2738 2632; x_wconf 83' lang='grc' dir='ltr'>τούτου</span> <span class='ocrx_word' id='word_1_369' title='bbox 2777 2583 2904 2641; x_wconf 81' lang='grc' dir='ltr'>παῖς</span> <span class='ocrx_word' id='word_1_370' title='bbox 2952 2579 3140 2647; x_wconf 71' lang='grc' dir='ltr'>(Ἑνὼς</span> <span class='ocrx_word' id='word_1_371' title='bbox 3157 2579 3212 2630; x_wconf 78' lang='grc' dir='ltr'>δὲ</span> <span class='ocrx_word' id='word_1_372' title='bbox 3251 2574 3317 2649; x_wconf 79' lang='grc' dir='ltr'>ἦν</span> <span class='ocrx_word' id='word_1_373' title='bbox 3358 2578 3531 2647; x_wconf 82' lang='grc' dir='ltr'>τούτῳ</span> <span class='ocrx_word' id='word_1_374' title='bbox 3575 2575 3803 2644; x_wconf 76' lang='grc' dir='ltr'>ὄνομα),</span> 
     </span>
    </p>
   </div>
   <div class='ocr_carea' id='block_1_55' title="bbox 2226 2668 3807 2743">
    <p class='ocr_par' dir='ltr' id='par_1_55' title="bbox 2226 2668 3807 2743">
     <span class='ocr_line' id='line_1_55' title="bbox 2226 2668 3807 2743; baseline -0.004 -17"><span class='ocrx_word' id='word_1_375' title='bbox 2226 2674 2320 2726; x_wconf 75' lang='grc' dir='ltr'>καὶ</span> <span class='ocrx_word' id='word_1_376' title='bbox 2354 2673 2517 2735; x_wconf 82' lang='grc' dir='ltr'>αὐτὸς</span> <span class='ocrx_word' id='word_1_377' title='bbox 2568 2671 2769 2743; x_wconf 83' lang='grc' dir='ltr'>βιώσας</span> <span class='ocrx_word' id='word_1_378' title='bbox 2823 2672 2917 2741; x_wconf 81' lang='grc' dir='ltr'><strong>ἐτη</strong></span> <span class='ocrx_word' id='word_1_379' title='bbox 2961 2672 3249 2724; x_wconf 80' lang='grc' dir='ltr'>ἐννακόσια</span> <span class='ocrx_word' id='word_1_380' title='bbox 3301 2671 3482 2731; x_wconf 82' lang='grc' dir='ltr'>πέντε,</span> <span class='ocrx_word' id='word_1_381' title='bbox 3532 2668 3807 2739; x_wconf 80' lang='grc' dir='ltr'>ὑπήλλαξε</span> 
     </span>
    </p>
   </div>
   <div class='ocr_carea' id='block_1_56' title="bbox 2226 2761 3805 2837">
    <p class='ocr_par' dir='ltr' id='par_1_56' title="bbox 2226 2761 3805 2837">
     <span class='ocr_line' id='line_1_56' title="bbox 2226 2761 3805 2837; baseline -0.004 -18"><span class='ocrx_word' id='word_1_382' title='bbox 2226 2766 2318 2819; x_wconf 80' lang='grc' dir='ltr'>τὸν</span> <span class='ocrx_word' id='word_1_383' title='bbox 2343 2766 2461 2819; x_wconf 85' lang='grc' dir='ltr'>καθ’</span> <span class='ocrx_word' id='word_1_384' title='bbox 2501 2768 2648 2837; x_wconf 82' lang='grc' dir='ltr'>ἡμᾶς</span> <span class='ocrx_word' id='word_1_385' title='bbox 2680 2765 2813 2834; x_wconf 82' lang='grc' dir='ltr'>βίον,</span> <span class='ocrx_word' id='word_1_386' title='bbox 2843 2766 3110 2834; x_wconf 83' lang='grc' dir='ltr'>γεννήσας</span> <span class='ocrx_word' id='word_1_387' title='bbox 3150 2766 3299 2827; x_wconf 75' lang='grc' dir='ltr'>υἱοὺς</span> <span class='ocrx_word' id='word_1_388' title='bbox 3338 2765 3433 2817; x_wconf 78' lang='grc' dir='ltr'>καὶ</span> <span class='ocrx_word' id='word_1_389' title='bbox 3475 2761 3805 2833; x_wconf 86' lang='grc' dir='ltr'>θυγατέρας,</span> 
     </span>
    </p>
   </div>
   <div class='ocr_carea' id='block_1_57' title="bbox 2231 2856 3343 2929">
    <p class='ocr_par' dir='ltr' id='par_1_57' title="bbox 2231 2856 3343 2929">
     <span class='ocr_line' id='line_1_57' title="bbox 2231 2856 3343 2929; baseline 0 -20"><span class='ocrx_word' id='word_1_390' title='bbox 2231 2858 2306 2921; x_wconf 81' lang='grc' dir='ltr'>ὡς</span> <span class='ocrx_word' id='word_1_391' title='bbox 2339 2858 2449 2928; x_wconf 73' lang='grc' dir='ltr'>ἔχει</span> <span class='ocrx_word' id='word_1_392' title='bbox 2483 2862 2515 2929; x_wconf 88' lang='grc' dir='ltr'><strong>ή</strong></span> <span class='ocrx_word' id='word_1_393' title='bbox 2556 2860 2691 2927; x_wconf 75' lang='grc' dir='ltr'>αὑτὴ</span> <span class='ocrx_word' id='word_1_394' title='bbox 2722 2857 2899 2927; x_wconf 84' lang='grc' dir='ltr'>βίϐλος</span> <span class='ocrx_word' id='word_1_395' title='bbox 2933 2858 3031 2927; x_wconf 81' lang='grc' dir='ltr'>τῆς</span> <span class='ocrx_word' id='word_1_396' title='bbox 3060 2856 3343 2928; x_wconf 82' lang='grc' dir='ltr'>ἀληθείας.</span> 
     </span>
    </p>
   </div>
   <div class='ocr_carea' id='block_1_58' title="bbox 534 2941 3810 3020">
    <p class='ocr_par' dir='ltr' id='par_1_58' title="bbox 534 2941 3810 3020">
     <span class='ocr_line' id='line_1_58' title="bbox 534 2941 3810 3020; baseline -0.002 -18"><span class='ocrx_word' id='word_1_397' title='bbox 534 2964 602 3003; x_wconf 82' lang='lat' dir='ltr'><strong>ex</strong></span> <span class='ocrx_word' id='word_1_398' title='bbox 638 2947 740 3000; x_wconf 90' lang='lat' dir='ltr'><strong>hac</strong></span> <span class='ocrx_word' id='word_1_399' title='bbox 782 2947 889 2999; x_wconf 87' lang='lat' dir='ltr'><strong>vita</strong></span> <span class='ocrx_word' id='word_1_400' title='bbox 925 2942 1200 3006; x_wconf 90' lang='lat' dir='ltr'><strong>discessit,</strong></span> <span class='ocrx_word' id='word_1_401' title='bbox 1227 2941 1314 2994; x_wconf 90' lang='lat' dir='ltr'><strong>ubi</strong></span> <span class='ocrx_word' id='word_1_402' title='bbox 1338 2956 1504 2995; x_wconf 83' lang='lat' dir='ltr'><strong>sexus</strong></span> <span class='ocrx_word' id='word_1_403' title='bbox 1545 2941 1831 3012; x_wconf 88' lang='lat' dir='ltr'><strong>utriusque</strong></span> <span class='ocrx_word' id='word_1_404' title='bbox 1856 2943 2059 3001; x_wconf 88' lang='lat' dir='ltr'><strong>liberos</strong></span> <span class='ocrx_word' id='word_1_405' title='bbox 2082 2950 2349 3020; x_wconf 82' lang='lat' dir='ltr'><strong>suscepit,</strong></span> <span class='ocrx_word' id='word_1_406' title='bbox 2386 2962 2442 3005; x_wconf 88' lang='lat' dir='ltr'><strong>ut</strong></span> <span class='ocrx_word' id='word_1_407' title='bbox 2475 2953 2674 3006; x_wconf 87' lang='lat' dir='ltr'><strong>divinis</strong></span> <span class='ocrx_word' id='word_1_408' title='bbox 2712 2950 3223 3020; x_wconf 89' lang='lat' dir='ltr'><strong>Litterisproditum</strong></span> <span class='ocrx_word' id='word_1_409' title='bbox 3258 2957 3359 3003; x_wconf 90' lang='lat' dir='ltr'><strong>est.</strong></span> <span class='ocrx_word' id='word_1_410' title='bbox 3397 2948 3677 3002; x_wconf 85' lang='lat' dir='ltr'><strong>Successit</strong></span> <span class='ocrx_word' id='word_1_411' title='bbox 3712 2960 3810 3015; x_wconf 86' lang='lat' dir='ltr'><strong>pa-</strong></span> 
     </span>
    </p>
   </div>
   <div class='ocr_carea' id='block_1_59' title="bbox 537 3033 3813 3113">
    <p class='ocr_par' dir='ltr' id='par_1_59' title="bbox 537 3033 3813 3113">
     <span class='ocr_line' id='line_1_59' title="bbox 537 3033 3813 3113; baseline -0 -21"><span class='ocrx_word' id='word_1_412' title='bbox 537 3038 611 3113; x_wconf 49' lang='lat' dir='ltr'><strong>tri</strong></span> <span class='ocrx_word' id='word_1_413' title='bbox 646 3038 808 3101; x_wconf 85' lang='lat' dir='ltr'><strong>filius,</strong></span> <span class='ocrx_word' id='word_1_414' title='bbox 841 3035 1006 3105; x_wconf 80' lang='lat'><strong>290</strong></span> <span class='ocrx_word' id='word_1_415' title='bbox 1052 3035 1193 3088; x_wconf 84' lang='lat' dir='ltr'><strong>Enos</strong></span> <span class='ocrx_word' id='word_1_416' title='bbox 1276 3033 1494 3088; x_wconf 91' lang='lat' dir='ltr'><strong>nomine</strong></span> <span class='ocrx_word' id='word_1_417' title='bbox 1526 3050 1540 3087; x_wconf 74' lang='grc' dir='ltr'><strong>ε</strong></span> <span class='ocrx_word' id='word_1_418' title='bbox 1577 3033 1671 3103; x_wconf 91' lang='lat' dir='ltr'><strong>qui</strong></span> <span class='ocrx_word' id='word_1_419' title='bbox 1713 3048 1886 3088; x_wconf 89' lang='lat' dir='ltr'><strong>annos</strong></span> <span class='ocrx_word' id='word_1_420' title='bbox 1932 3037 2069 3091; x_wconf 82' lang='lat' dir='ltr'><strong>vixit</strong></span> <span class='ocrx_word' id='word_1_421' title='bbox 2106 3055 2291 3107; x_wconf 83' lang='lat' dir='ltr'><strong>ncccv,</strong></span> <span class='ocrx_word' id='word_1_422' title='bbox 2340 3050 2395 3095; x_wconf 92' lang='lat' dir='ltr'><strong>ct</strong></span> <span class='ocrx_word' id='word_1_423' title='bbox 2435 3044 2585 3113; x_wconf 86' lang='lat' dir='ltr'><strong>prole</strong></span> <span class='ocrx_word' id='word_1_424' title='bbox 2640 3059 2803 3099; x_wconf 83' lang='lat' dir='ltr'><strong>sexus</strong></span> <span class='ocrx_word' id='word_1_425' title='bbox 2855 3044 3145 3113; x_wconf 84' lang='lat' dir='ltr'><strong>utriusque</strong></span> <span class='ocrx_word' id='word_1_426' title='bbox 3195 3042 3447 3097; x_wconf 83' lang='lat' dir='ltr'><strong>similiter</strong></span> <span class='ocrx_word' id='word_1_427' title='bbox 3500 3050 3694 3095; x_wconf 89' lang='lat' dir='ltr'><strong>auctus</strong></span> <span class='ocrx_word' id='word_1_428' title='bbox 3735 3041 3813 3091; x_wconf 86' lang='lat' dir='ltr'><strong>vi-</strong></span> 
     </span>
    </p>
   </div>
   <div class='ocr_carea' id='block_1_60' title="bbox 548 3124 2416 3197">
    <p class='ocr_par' dir='ltr' id='par_1_60' title="bbox 548 3124 2416 3197">
     <span class='ocr_line' id='line_1_60' title="bbox 548 3124 2416 3197; baseline 0.001 -13"><span class='ocrx_word' id='word_1_429' title='bbox 548 3130 709 3187; x_wconf 90' lang='lat' dir='ltr'><strong>vendi</strong></span> <span class='ocrx_word' id='word_1_430' title='bbox 744 3129 906 3183; x_wconf 86' lang='lat' dir='ltr'><strong>finem</strong></span> <span class='ocrx_word' id='word_1_431' title='bbox 941 3126 1090 3191; x_wconf 84' lang='lat' dir='ltr'><strong>fecit,</strong></span> <span class='ocrx_word' id='word_1_432' title='bbox 1129 3133 1187 3178; x_wconf 93' lang='lat' dir='ltr'><strong>nt</strong></span> <span class='ocrx_word' id='word_1_433' title='bbox 1217 3124 1406 3179; x_wconf 84' lang='lat' dir='ltr'><strong>eadem</strong></span> <span class='ocrx_word' id='word_1_434' title='bbox 1442 3124 1531 3177; x_wconf 92' lang='lat' dir='ltr'><strong>illa</strong></span> <span class='ocrx_word' id='word_1_435' title='bbox 1564 3124 1847 3179; x_wconf 89' lang='lat' dir='ltr'><strong>verissima</strong></span> <span class='ocrx_word' id='word_1_436' title='bbox 1883 3128 2087 3197; x_wconf 90' lang='lat' dir='ltr'><strong>scripta</strong></span> <span class='ocrx_word' id='word_1_437' title='bbox 2124 3139 2416 3185; x_wconf 84' lang='lat' dir='ltr'><strong>testantur.</strong></span> 
     </span>
    </p>
   </div>
   <div class='ocr_carea' id='block_1_61' title="bbox 610 3217 2120 3297">
    <p class='ocr_par' dir='ltr' id='par_1_61' title="bbox 610 3220 2120 3293">
     <span class='ocr_line' id='line_1_61' title="bbox 610 3220 2120 3293; baseline -0.002 -14"><span class='ocrx_word' id='word_1_438' title='bbox 610 3225 699 3280; x_wconf 80' lang='lat' dir='ltr'><strong>IX.</strong></span> <span class='ocrx_word' id='word_1_439' title='bbox 740 3224 1002 3291; x_wconf 72' lang='lat' dir='ltr'><strong>Quaenam</strong></span> <span class='ocrx_word' id='word_1_440' title='bbox 1043 3237 1173 3293; x_wconf 91' lang='lat' dir='ltr'><strong>ergo</strong></span> <span class='ocrx_word' id='word_1_441' title='bbox 1210 3220 1350 3273; x_wconf 79' lang='lat' dir='ltr'><strong>ratio</strong></span> <span class='ocrx_word' id='word_1_442' title='bbox 1401 3222 1608 3291; x_wconf 86' lang='lat' dir='ltr'><strong>patitur</strong></span> <span class='ocrx_word' id='word_1_443' title='bbox 1659 3220 1885 3275; x_wconf 88' lang='lat' dir='ltr'><strong>Scthum</strong></span> <span class='ocrx_word' id='word_1_444' title='bbox 1935 3224 2120 3289; x_wconf 87' lang='lat' dir='ltr'><strong>istum,</strong></span> 
     </span>
    </p>
   </div>
   <div class='ocr_carea' id='block_1_62' title="bbox 2223 3217 3813 3297">
    <p class='ocr_par' dir='ltr' id='par_1_62' title="bbox 2300 3217 3813 3297">
     <span class='ocr_line' id='line_1_62' title="bbox 2300 3217 3813 3297; baseline -0.001 -18"><span class='ocrx_word' id='word_1_445' title='bbox 2300 3228 2375 3281; x_wconf 79' lang='lat'><strong>8&#39;.</strong></span> <span class='ocrx_word' id='word_1_446' title='bbox 2412 3228 2582 3279; x_wconf 82' lang='grc' dir='ltr'>Ποθεν</span> <span class='ocrx_word' id='word_1_447' title='bbox 2618 3244 2794 3280; x_wconf 87' lang='grc' dir='ltr'>τοινυν</span> <span class='ocrx_word' id='word_1_448' title='bbox 2824 3228 2851 3279; x_wconf 91' lang='lat'><strong>6</strong></span> <span class='ocrx_word' id='word_1_449' title='bbox 2886 3226 2993 3297; x_wconf 79' lang='grc' dir='ltr'><strong>Σὴθ</strong></span> <span class='ocrx_word' id='word_1_450' title='bbox 3029 3227 3056 3277; x_wconf 93' lang='lat'><strong>6</strong></span> <span class='ocrx_word' id='word_1_451' title='bbox 3085 3225 3205 3278; x_wconf 86' lang='grc' dir='ltr'>τότε</span> <span class='ocrx_word' id='word_1_452' title='bbox 3235 3224 3588 3294; x_wconf 77' lang='grc' dir='ltr'>τελευτήσας,</span> <span class='ocrx_word' id='word_1_453' title='bbox 3622 3217 3684 3276; x_wconf 80' lang='grc' dir='ltr'><strong>οῦ</strong></span> <span class='ocrx_word' id='word_1_454' title='bbox 3717 3226 3813 3277; x_wconf 76' lang='grc' dir='ltr'>καὶ</span> 
     </span>
    </p>
   </div>
   <div class='ocr_carea' id='block_1_63' title="bbox 539 3312 2127 3387">
    <p class='ocr_par' dir='ltr' id='par_1_63' title="bbox 539 3312 2127 3387">
     <span class='ocr_line' id='line_1_63' title="bbox 539 3312 2127 3387; baseline -0.002 -16"><span class='ocrx_word' id='word_1_455' title='bbox 539 3317 633 3387; x_wconf 85' lang='lat' dir='ltr'><strong>qui</strong></span> <span class='ocrx_word' id='word_1_456' title='bbox 670 3323 724 3371; x_wconf 90' lang='lat' dir='ltr'><strong>et</strong></span> <span class='ocrx_word' id='word_1_457' title='bbox 758 3317 851 3369; x_wconf 91' lang='lat' dir='ltr'><strong>illo</strong></span> <span class='ocrx_word' id='word_1_458' title='bbox 891 3322 1137 3385; x_wconf 86' lang='lat' dir='ltr'><strong>tempore</strong></span> <span class='ocrx_word' id='word_1_459' title='bbox 1186 3323 1435 3368; x_wconf 88' lang='lat' dir='ltr'><strong>mortuus</strong></span> <span class='ocrx_word' id='word_1_460' title='bbox 1464 3319 1567 3377; x_wconf 89' lang='lat' dir='ltr'><strong>est,</strong></span> <span class='ocrx_word' id='word_1_461' title='bbox 1598 3320 1652 3367; x_wconf 92' lang='lat' dir='ltr'><strong>et</strong></span> <span class='ocrx_word' id='word_1_462' title='bbox 1690 3312 1830 3369; x_wconf 88' lang='lat' dir='ltr'><strong>filios</strong></span> <span class='ocrx_word' id='word_1_463' title='bbox 1870 3316 2127 3385; x_wconf 84' lang='lat' dir='ltr'><strong>reliquit,</strong></span> 
     </span>
    </p>
   </div>
   <div class='ocr_carea' id='block_1_64' title="bbox 540 3404 2128 3481">
    <p class='ocr_par' dir='ltr' id='par_1_64' title="bbox 540 3404 2128 3481">
     <span class='ocr_line' id='line_1_64' title="bbox 540 3404 2128 3481; baseline -0.004 -16"><span class='ocrx_word' id='word_1_464' title='bbox 540 3413 635 3481; x_wconf 87' lang='lat' dir='ltr'><strong>qui</strong></span> <span class='ocrx_word' id='word_1_465' title='bbox 680 3424 838 3465; x_wconf 90' lang='lat' dir='ltr'><strong>suum</strong></span> <span class='ocrx_word' id='word_1_466' title='bbox 870 3423 1086 3477; x_wconf 90' lang='lat' dir='ltr'><strong>quoque</strong></span> <span class='ocrx_word' id='word_1_467' title='bbox 1116 3406 1241 3459; x_wconf 66' lang='lat' dir='ltr'><strong>vita:</strong></span> <span class='ocrx_word' id='word_1_468' title='bbox 1273 3413 1490 3474; x_wconf 90' lang='lat' dir='ltr'><strong>tempus</strong></span> <span class='ocrx_word' id='word_1_469' title='bbox 1534 3404 1813 3468; x_wconf 89' lang='lat' dir='ltr'><strong>obierunt,</strong></span> <span class='ocrx_word' id='word_1_470' title='bbox 1845 3405 2128 3461; x_wconf 81' lang='lat' dir='ltr'><strong>Christum</strong></span> 
     </span>
    </p>
   </div>
   <div class='ocr_carea' id='block_1_65' title="bbox 542 3496 2132 3569">
    <p class='ocr_par' dir='ltr' id='par_1_65' title="bbox 542 3496 2132 3569">
     <span class='ocr_line' id='line_1_65' title="bbox 542 3496 2132 3569; baseline -0.004 -10"><span class='ocrx_word' id='word_1_471' title='bbox 542 3520 664 3559; x_wconf 89' lang='lat' dir='ltr'><strong>esse</strong></span> <span class='ocrx_word' id='word_1_472' title='bbox 700 3501 1013 3562; x_wconf 90' lang='lat' dir='ltr'><strong>Dominum,</strong></span> <span class='ocrx_word' id='word_1_473' title='bbox 1044 3499 1137 3569; x_wconf 91' lang='lat' dir='ltr'><strong>qui</strong></span> <span class='ocrx_word' id='word_1_474' title='bbox 1174 3496 1630 3567; x_wconf 69' lang='lat' dir='ltr'><strong>reprazsentandae</strong></span> <span class='ocrx_word' id='word_1_475' title='bbox 1675 3497 1958 3551; x_wconf 90' lang='lat' dir='ltr'><strong>hominum</strong></span> <span class='ocrx_word' id='word_1_476' title='bbox 2006 3500 2132 3553; x_wconf 60' lang='lat' dir='ltr'><strong>vitae</strong></span> 
     </span>
    </p>
   </div>
   <div class='ocr_carea' id='block_1_66' title="bbox 543 3584 2127 3655">
    <p class='ocr_par' dir='ltr' id='par_1_66' title="bbox 543 3584 2127 3655">
     <span class='ocr_line' id='line_1_66' title="bbox 543 3584 2127 3655; baseline -0.003 -7"><span class='ocrx_word' id='word_1_477' title='bbox 543 3610 609 3648; x_wconf 87' lang='lat' dir='ltr'><strong>ac</strong></span> <span class='ocrx_word' id='word_1_478' title='bbox 665 3591 861 3647; x_wconf 89' lang='lat' dir='ltr'><strong>salutis</strong></span> <span class='ocrx_word' id='word_1_479' title='bbox 905 3587 1179 3643; x_wconf 88' lang='lat' dir='ltr'><strong>desiderio</strong></span> <span class='ocrx_word' id='word_1_480' title='bbox 1215 3587 1282 3641; x_wconf 88' lang='lat' dir='ltr'><strong>de</strong></span> <span class='ocrx_word' id='word_1_481' title='bbox 1312 3584 1536 3655; x_wconf 78' lang='lat' dir='ltr'><strong>Virgine</strong></span> <span class='ocrx_word' id='word_1_482' title='bbox 1596 3586 1668 3639; x_wconf 88' lang='lat' dir='ltr'><strong>sit</strong></span> <span class='ocrx_word' id='word_1_483' title='bbox 1727 3585 1894 3640; x_wconf 84' lang='lat' dir='ltr'><strong>Maria</strong></span> <span class='ocrx_word' id='word_1_484' title='bbox 1943 3597 2127 3654; x_wconf 86' lang='lat' dir='ltr'><strong>natus,</strong></span> 
     </span>
    </p>
   </div>
   <div class='ocr_carea' id='block_1_67' title="bbox 545 3677 2128 3750">
    <p class='ocr_par' dir='ltr' id='par_1_67' title="bbox 545 3677 2128 3750">
     <span class='ocr_line' id='line_1_67' title="bbox 545 3677 2128 3750; baseline -0.001 -11"><span class='ocrx_word' id='word_1_485' title='bbox 545 3701 669 3740; x_wconf 89' lang='lat' dir='ltr'><strong>cum</strong></span> <span class='ocrx_word' id='word_1_486' title='bbox 700 3684 843 3738; x_wconf 89' lang='lat' dir='ltr'><strong>idem</strong></span> <span class='ocrx_word' id='word_1_487' title='bbox 877 3693 1003 3737; x_wconf 90' lang='lat' dir='ltr'><strong>ante</strong></span> <span class='ocrx_word' id='word_1_488' title='bbox 1032 3695 1195 3735; x_wconf 90' lang='lat' dir='ltr'><strong>omne</strong></span> <span class='ocrx_word' id='word_1_489' title='bbox 1218 3688 1434 3748; x_wconf 84' lang='lat' dir='ltr'><strong>tempus</strong></span> <span class='ocrx_word' id='word_1_490' title='bbox 1462 3687 1608 3734; x_wconf 90' lang='lat' dir='ltr'><strong>esset</strong></span> <span class='ocrx_word' id='word_1_491' title='bbox 1635 3694 1665 3733; x_wconf 88' lang='lat' dir='ltr'><strong>a</strong></span> <span class='ocrx_word' id='word_1_492' title='bbox 1695 3677 1855 3735; x_wconf 88' lang='lat' dir='ltr'><strong>Patre</strong></span> <span class='ocrx_word' id='word_1_493' title='bbox 1890 3682 2128 3750; x_wconf 89' lang='lat' dir='ltr'><strong>genitus.</strong></span> 
     </span>
    </p>
   </div>
   <div class='ocr_carea' id='block_1_68' title="bbox 546 3770 2132 3847">
    <p class='ocr_par' dir='ltr' id='par_1_68' title="bbox 546 3770 2132 3847">
     <span class='ocr_line' id='line_1_68' title="bbox 546 3770 2132 3847; baseline -0.001 -16"><span class='ocrx_word' id='word_1_494' title='bbox 546 3778 689 3847; x_wconf 89' lang='lat' dir='ltr'><strong>apud</strong></span> <span class='ocrx_word' id='word_1_495' title='bbox 720 3791 880 3847; x_wconf 85' lang='lat' dir='ltr'><strong>quem</strong></span> <span class='ocrx_word' id='word_1_496' title='bbox 912 3783 1173 3845; x_wconf 93' lang='lat' dir='ltr'><strong>perpetuo</strong></span> <span class='ocrx_word' id='word_1_497' title='bbox 1198 3780 1402 3835; x_wconf 87' lang='lat' dir='ltr'><strong>manet,</strong></span> <span class='ocrx_word' id='word_1_498' title='bbox 1436 3770 1579 3825; x_wconf 87' lang='lat' dir='ltr'><strong>Deus</strong></span> <span class='ocrx_word' id='word_1_499' title='bbox 1614 3772 1750 3841; x_wconf 91' lang='lat' dir='ltr'><strong>ipse,</strong></span> <span class='ocrx_word' id='word_1_500' title='bbox 1787 3771 2132 3845; x_wconf 78' lang='lat' dir='ltr'><strong>Verbuinque</strong></span> 
     </span>
    </p>
   </div>
   <div class='ocr_carea' id='block_1_69' title="bbox 547 3864 2130 3936">
    <p class='ocr_par' dir='ltr' id='par_1_69' title="bbox 547 3864 2130 3936">
     <span class='ocr_line' id='line_1_69' title="bbox 547 3864 2130 3936; baseline -0.004 -9"><span class='ocrx_word' id='word_1_501' title='bbox 547 3869 895 3927; x_wconf 89' lang='lat' dir='ltr'><strong>subsistens?</strong></span> <span class='ocrx_word' id='word_1_502' title='bbox 953 3866 1055 3933; x_wconf 88' lang='lat' dir='ltr'><strong>Qui</strong></span> <span class='ocrx_word' id='word_1_503' title='bbox 1126 3864 1418 3936; x_wconf 81' lang='lat' dir='ltr'><strong>postremis</strong></span> <span class='ocrx_word' id='word_1_504' title='bbox 1474 3865 1813 3933; x_wconf 86' lang='lat' dir='ltr'><strong>temporibus</strong></span> <span class='ocrx_word' id='word_1_505' title='bbox 1869 3867 2016 3919; x_wconf 83' lang='lat' dir='ltr'><strong>venit</strong></span> <span class='ocrx_word' id='word_1_506' title='bbox 2079 3868 2130 3920; x_wconf 87' lang='lat' dir='ltr'><strong>in</strong></span> 
     </span>
    </p>
   </div>
   <div class='ocr_carea' id='block_1_70' title="bbox 547 3956 2132 4029">
    <p class='ocr_par' dir='ltr' id='par_1_70' title="bbox 547 3956 2132 4029">
     <span class='ocr_line' id='line_1_70' title="bbox 547 3956 2132 4029; baseline -0.004 -11"><span class='ocrx_word' id='word_1_507' title='bbox 547 3963 837 4024; x_wconf 88' lang='lat' dir='ltr'><strong>mundum,</strong></span> <span class='ocrx_word' id='word_1_508' title='bbox 886 3968 942 4017; x_wconf 88' lang='lat' dir='ltr'><strong>et</strong></span> <span class='ocrx_word' id='word_1_509' title='bbox 989 3976 1055 4015; x_wconf 82' lang='lat' dir='ltr'><strong>ex</strong></span> <span class='ocrx_word' id='word_1_510' title='bbox 1103 3958 1345 4029; x_wconf 78' lang='lat' dir='ltr'><strong>Virginis</strong></span> <span class='ocrx_word' id='word_1_511' title='bbox 1396 3956 1585 4012; x_wconf 82' lang='lat' dir='ltr'><strong>Matris</strong></span> <span class='ocrx_word' id='word_1_512' title='bbox 1622 3968 1774 4011; x_wconf 89' lang='lat' dir='ltr'><strong>utero</strong></span> <span class='ocrx_word' id='word_1_513' title='bbox 1809 3958 1983 4012; x_wconf 83' lang='lat' dir='ltr'><strong>eliieta</strong></span> <span class='ocrx_word' id='word_1_514' title='bbox 2028 3960 2132 4012; x_wconf 88' lang='lat' dir='ltr'><strong>sibi</strong></span> 
     </span>
    </p>
   </div>
   <div class='ocr_carea' id='block_1_71' title="bbox 546 4050 2131 4124">
    <p class='ocr_par' dir='ltr' id='par_1_71' title="bbox 546 4050 2131 4124">
     <span class='ocr_line' id='line_1_71' title="bbox 546 4050 2131 4124; baseline -0.004 -15"><span class='ocrx_word' id='word_1_515' title='bbox 546 4070 714 4109; x_wconf 84' lang='lat' dir='ltr'><strong>carne</strong></span> <span class='ocrx_word' id='word_1_516' title='bbox 739 4063 905 4124; x_wconf 92' lang='lat' dir='ltr'><strong>atque</strong></span> <span class='ocrx_word' id='word_1_517' title='bbox 927 4050 1260 4107; x_wconf 88' lang='lat' dir='ltr'><strong>circumfusa</strong></span> <span class='ocrx_word' id='word_1_518' title='bbox 1278 4090 1293 4114; x_wconf 93' lang='lat'><strong>,</strong></span> <span class='ocrx_word' id='word_1_519' title='bbox 1323 4058 1436 4105; x_wconf 91' lang='lat' dir='ltr'><strong>tum</strong></span> <span class='ocrx_word' id='word_1_520' title='bbox 1461 4058 1741 4118; x_wconf 90' lang='lat' dir='ltr'><strong>assumpta</strong></span> <span class='ocrx_word' id='word_1_521' title='bbox 1766 4051 1928 4104; x_wconf 88' lang='lat' dir='ltr'><strong>simul</strong></span> <span class='ocrx_word' id='word_1_522' title='bbox 1952 4051 2131 4104; x_wconf 88' lang='lat' dir='ltr'><strong>anima</strong></span> 
     </span>
    </p>
   </div>
   <div class='ocr_carea' id='block_1_72' title="bbox 548 4142 2133 4203">
    <p class='ocr_par' dir='ltr' id='par_1_72' title="bbox 548 4142 2133 4203">
     <span class='ocr_line' id='line_1_72' title="bbox 548 4142 2133 4203; baseline -0.002 -2"><span class='ocrx_word' id='word_1_523' title='bbox 548 4147 792 4203; x_wconf 86' lang='lat' dir='ltr'><strong>numeris</strong></span> <span class='ocrx_word' id='word_1_524' title='bbox 819 4146 1074 4201; x_wconf 88' lang='lat' dir='ltr'><strong>omnibus</strong></span> <span class='ocrx_word' id='word_1_525' title='bbox 1110 4144 1395 4199; x_wconf 80' lang='lat' dir='ltr'><strong>absolutus</strong></span> <span class='ocrx_word' id='word_1_526' title='bbox 1432 4143 1594 4197; x_wconf 89' lang='lat' dir='ltr'><strong>homo</strong></span> <span class='ocrx_word' id='word_1_527' title='bbox 1630 4143 1804 4198; x_wconf 86' lang='lat' dir='ltr'><strong>factus</strong></span> <span class='ocrx_word' id='word_1_528' title='bbox 1836 4151 1937 4198; x_wconf 88' lang='lat' dir='ltr'><strong>est.</strong></span> <span class='ocrx_word' id='word_1_529' title='bbox 1976 4142 2133 4198; x_wconf 86' lang='lat' dir='ltr'><strong>Post-</strong></span> 
     </span>
    </p>
   </div>
   <div class='ocr_carea' id='block_1_73' title="bbox 548 4236 2131 4309">
    <p class='ocr_par' dir='ltr' id='par_1_73' title="bbox 548 4236 2131 4309">
     <span class='ocr_line' id='line_1_73' title="bbox 548 4236 2131 4309; baseline -0.001 -16"><span class='ocrx_word' id='word_1_530' title='bbox 548 4255 613 4293; x_wconf 88' lang='lat' dir='ltr'><strong>ea</strong></span> <span class='ocrx_word' id='word_1_531' title='bbox 663 4255 794 4295; x_wconf 91' lang='lat' dir='ltr'><strong>vero</strong></span> <span class='ocrx_word' id='word_1_532' title='bbox 843 4254 1004 4309; x_wconf 93' lang='lat' dir='ltr'><strong>quam</strong></span> <span class='ocrx_word' id='word_1_533' title='bbox 1051 4238 1175 4292; x_wconf 65' lang='lat' dir='ltr'><strong>vita:</strong></span> <span class='ocrx_word' id='word_1_534' title='bbox 1220 4238 1378 4293; x_wconf 91' lang='lat' dir='ltr'><strong>nobis</strong></span> <span class='ocrx_word' id='word_1_535' title='bbox 1428 4236 1686 4307; x_wconf 88' lang='lat' dir='ltr'><strong>mysteria</strong></span> <span class='ocrx_word' id='word_1_536' title='bbox 1748 4238 2131 4306; x_wconf 67' lang='lat' dir='ltr'><strong>praadicasset&#39;,</strong></span> 
     </span>
    </p>
   </div>
   <div class='ocr_carea' id='block_1_74' title="bbox 548 4328 2129 4401">
    <p class='ocr_par' dir='ltr' id='par_1_74' title="bbox 548 4328 2129 4401">
     <span class='ocr_line' id='line_1_74' title="bbox 548 4328 2129 4401; baseline 0 -17"><span class='ocrx_word' id='word_1_537' title='bbox 548 4332 776 4401; x_wconf 69' lang='lat' dir='ltr'><strong>justitize</strong></span> <span class='ocrx_word' id='word_1_538' title='bbox 811 4331 866 4385; x_wconf 90' lang='lat' dir='ltr'><strong>in</strong></span> <span class='ocrx_word' id='word_1_539' title='bbox 898 4329 1108 4400; x_wconf 88' lang='lat' dir='ltr'><strong>agendo</strong></span> <span class='ocrx_word' id='word_1_540' title='bbox 1155 4330 1398 4383; x_wconf 90' lang='lat' dir='ltr'><strong>cultores</strong></span> <span class='ocrx_word' id='word_1_541' title='bbox 1443 4328 1745 4397; x_wconf 86' lang='lat' dir='ltr'><strong>discipulus</strong></span> <span class='ocrx_word' id='word_1_542' title='bbox 1797 4330 2085 4384; x_wconf 85' lang='lat' dir='ltr'><strong>constituit</strong></span> <span class='ocrx_word' id='word_1_543' title='bbox 2117 4349 2129 4384; x_wconf 89' lang='lat'><strong>:</strong></span> 
     </span>
    </p>
   </div>
   <div class='ocr_carea' id='block_1_75' title="bbox 554 4418 2135 4491">
    <p class='ocr_par' dir='ltr' id='par_1_75' title="bbox 554 4418 2135 4491">
     <span class='ocr_line' id='line_1_75' title="bbox 554 4418 2135 4491; baseline -0.002 -18"><span class='ocrx_word' id='word_1_544' title='bbox 554 4438 617 4476; x_wconf 86' lang='lat' dir='ltr'><strong>ac</strong></span> <span class='ocrx_word' id='word_1_545' title='bbox 646 4433 756 4475; x_wconf 93' lang='lat' dir='ltr'><strong>tum</strong></span> <span class='ocrx_word' id='word_1_546' title='bbox 787 4436 884 4491; x_wconf 89' lang='lat' dir='ltr'><strong>per</strong></span> <span class='ocrx_word' id='word_1_547' title='bbox 918 4436 1059 4481; x_wconf 88' lang='lat' dir='ltr'><strong>sese,</strong></span> <span class='ocrx_word' id='word_1_548' title='bbox 1088 4429 1202 4473; x_wconf 91' lang='lat' dir='ltr'><strong>tum</strong></span> <span class='ocrx_word' id='word_1_549' title='bbox 1237 4434 1333 4487; x_wconf 89' lang='lat' dir='ltr'><strong>per</strong></span> <span class='ocrx_word' id='word_1_550' title='bbox 1364 4418 1485 4471; x_wconf 91' lang='lat' dir='ltr'><strong>illos</strong></span> <span class='ocrx_word' id='word_1_551' title='bbox 1519 4419 1815 4471; x_wconf 90' lang='lat' dir='ltr'><strong>humanum</strong></span> <span class='ocrx_word' id='word_1_552' title='bbox 1847 4435 2019 4487; x_wconf 86' lang='lat' dir='ltr'><strong>genus</strong></span> <span class='ocrx_word' id='word_1_553' title='bbox 2052 4418 2135 4471; x_wconf 90' lang='lat' dir='ltr'><strong>di-</strong></span> 
     </span>
    </p>
   </div>
   <div class='ocr_carea' id='block_1_76' title="bbox 552 4508 2134 4582">
    <p class='ocr_par' dir='ltr' id='par_1_76' title="bbox 552 4508 2134 4582">
     <span class='ocr_line' id='line_1_76' title="bbox 552 4508 2134 4582; baseline -0.003 -15"><span class='ocrx_word' id='word_1_554' title='bbox 552 4513 794 4582; x_wconf 74' lang='lat' dir='ltr'><strong>sciplinae</strong></span> <span class='ocrx_word' id='word_1_555' title='bbox 828 4528 941 4567; x_wconf 72' lang='lat' dir='ltr'><strong>suae</strong></span> <span class='ocrx_word' id='word_1_556' title='bbox 972 4512 1321 4566; x_wconf 89' lang='lat' dir='ltr'><strong>documentis</strong></span> <span class='ocrx_word' id='word_1_557' title='bbox 1351 4509 1571 4565; x_wconf 89' lang='lat' dir='ltr'><strong>erudiit.</strong></span> <span class='ocrx_word' id='word_1_558' title='bbox 1612 4508 1798 4579; x_wconf 89' lang='lat' dir='ltr'><strong>Neque</strong></span> <span class='ocrx_word' id='word_1_559' title='bbox 1828 4519 2007 4564; x_wconf 89' lang='lat' dir='ltr'><strong>tamen</strong></span> <span class='ocrx_word' id='word_1_560' title='bbox 2042 4520 2134 4563; x_wconf 88' lang='lat' dir='ltr'><strong>aut</strong></span> 
     </span>
    </p>
   </div>
   <div class='ocr_carea' id='block_1_77' title="bbox 2233 3316 3811 3389">
    <p class='ocr_par' dir='ltr' id='par_1_77' title="bbox 2233 3316 3811 3389">
     <span class='ocr_line' id='line_1_77' title="bbox 2233 3316 3811 3389; baseline -0.001 -17"><span class='ocrx_word' id='word_1_561' title='bbox 2233 3321 2338 3372; x_wconf 79' lang='grc' dir='ltr'>υίοὶ</span> <span class='ocrx_word' id='word_1_562' title='bbox 2380 3320 2521 3373; x_wconf 86' lang='grc' dir='ltr'>κατὰ</span> <span class='ocrx_word' id='word_1_563' title='bbox 2561 3320 2811 3389; x_wconf 83' lang='grc' dir='ltr'>διαδοχὴν</span> <span class='ocrx_word' id='word_1_564' title='bbox 2856 3320 3154 3389; x_wconf 82' lang='grc' dir='ltr'>βιώσαντες</span> <span class='ocrx_word' id='word_1_565' title='bbox 3188 3318 3279 3370; x_wconf 83' lang='grc' dir='ltr'><strong>τοῦ</strong></span> <span class='ocrx_word' id='word_1_566' title='bbox 3332 3317 3448 3388; x_wconf 79' lang='grc' dir='ltr'>βίου</span> <span class='ocrx_word' id='word_1_567' title='bbox 3479 3316 3811 3380; x_wconf 79' lang='grc' dir='ltr'>ἐπαύσαντο,</span> 
     </span>
    </p>
   </div>
   <div class='ocr_carea' id='block_1_78' title="bbox 2233 3410 3813 3484">
    <p class='ocr_par' dir='ltr' id='par_1_78' title="bbox 2233 3410 3813 3484">
     <span class='ocr_line' id='line_1_78' title="bbox 2233 3410 3813 3484; baseline -0.002 -19"><span class='ocrx_word' id='word_1_568' title='bbox 2233 3414 2587 3484; x_wconf 74' lang='grc' dir='ltr'>εὑρεθήσεται</span> <span class='ocrx_word' id='word_1_569' title='bbox 2641 3412 2845 3483; x_wconf 81' lang='grc' dir='ltr'>Κύριος</span> <span class='ocrx_word' id='word_1_570' title='bbox 2897 3415 2925 3465; x_wconf 92' lang='lat'><strong>6</strong></span> <span class='ocrx_word' id='word_1_571' title='bbox 2971 3413 3078 3465; x_wconf 87' lang='grc' dir='ltr'>ἀπὸ</span> <span class='ocrx_word' id='word_1_572' title='bbox 3123 3412 3341 3481; x_wconf 81' lang='grc' dir='ltr'>Μαρίας</span> <span class='ocrx_word' id='word_1_573' title='bbox 3378 3410 3659 3480; x_wconf 73' lang='grc' dir='ltr'>γεννηθεὶς</span> <span class='ocrx_word' id='word_1_574' title='bbox 3713 3411 3813 3480; x_wconf 86' lang='grc' dir='ltr'>τῆς</span> 
     </span>
    </p>
   </div>
   <div class='ocr_carea' id='block_1_79' title="bbox 2234 3503 3814 3576">
    <p class='ocr_par' dir='ltr' id='par_1_79' title="bbox 2234 3503 3814 3576">
     <span class='ocr_line' id='line_1_79' title="bbox 2234 3503 3814 3576; baseline -0.001 -18"><span class='ocrx_word' id='word_1_575' title='bbox 2234 3506 2594 3576; x_wconf 84' lang='grc' dir='ltr'>ἀειπαρθένου</span> <span class='ocrx_word' id='word_1_576' title='bbox 2615 3546 2629 3567; x_wconf 95' lang='grc'><strong>,</strong></span> <span class='ocrx_word' id='word_1_577' title='bbox 2670 3505 2971 3573; x_wconf 76' lang='grc' dir='ltr'>εὐδοκήσας</span> <span class='ocrx_word' id='word_1_578' title='bbox 3016 3506 3108 3557; x_wconf 83' lang='grc' dir='ltr'>ἐπὶ</span> <span class='ocrx_word' id='word_1_579' title='bbox 3142 3507 3253 3574; x_wconf 73' lang='grc' dir='ltr'><strong>ζωῇ</strong></span> <span class='ocrx_word' id='word_1_580' title='bbox 3291 3504 3398 3556; x_wconf 82' lang='grc' dir='ltr'>τῶν</span> <span class='ocrx_word' id='word_1_581' title='bbox 3432 3503 3760 3575; x_wconf 84' lang='grc' dir='ltr'>ἀνθρώπων,</span> <span class='ocrx_word' id='word_1_582' title='bbox 3786 3507 3814 3556; x_wconf 95' lang='lat'><strong>6</strong></span> 
     </span>
    </p>
   </div>
   <div class='ocr_carea' id='block_1_80' title="bbox 2233 3596 3813 3668">
    <p class='ocr_par' dir='ltr' id='par_1_80' title="bbox 2233 3596 3813 3668">
     <span class='ocr_line' id='line_1_80' title="bbox 2233 3596 3813 3668; baseline 0 -19"><span class='ocrx_word' id='word_1_583' title='bbox 2233 3597 2515 3666; x_wconf 80' lang='grc' dir='ltr'>γεννηθεὶς</span> <span class='ocrx_word' id='word_1_584' title='bbox 2547 3598 2814 3668; x_wconf 83' lang='grc' dir='ltr'>ἀχρόνως,</span> <span class='ocrx_word' id='word_1_585' title='bbox 2846 3599 2874 3649; x_wconf 92' lang='grc' dir='ltr'><strong>ό</strong></span> <span class='ocrx_word' id='word_1_586' title='bbox 2906 3596 2981 3648; x_wconf 84' lang='grc' dir='ltr'>ὣν</span> <span class='ocrx_word' id='word_1_587' title='bbox 3028 3597 3164 3667; x_wconf 82' lang='grc' dir='ltr'>πρὸς</span> <span class='ocrx_word' id='word_1_588' title='bbox 3199 3596 3289 3649; x_wconf 83' lang='grc' dir='ltr'>τὸν</span> <span class='ocrx_word' id='word_1_589' title='bbox 3326 3598 3549 3667; x_wconf 82' lang='grc' dir='ltr'>Πατέρα</span> <span class='ocrx_word' id='word_1_590' title='bbox 3579 3598 3687 3661; x_wconf 70' lang='grc' dir='ltr'>ἀεὶ,</span> <span class='ocrx_word' id='word_1_591' title='bbox 3725 3600 3813 3650; x_wconf 83' lang='grc' dir='ltr'><strong>ὲν-</strong></span> 
     </span>
    </p>
   </div>
   <div class='ocr_carea' id='block_1_81' title="bbox 2235 3680 3814 3760">
    <p class='ocr_par' dir='ltr' id='par_1_81' title="bbox 2235 3680 3814 3760">
     <span class='ocr_line' id='line_1_81' title="bbox 2235 3680 3814 3760; baseline -0.001 -18"><span class='ocrx_word' id='word_1_592' title='bbox 2235 3680 2536 3752; x_wconf 83' lang='grc' dir='ltr'>υπόστατος</span> <span class='ocrx_word' id='word_1_593' title='bbox 2577 3690 2708 3751; x_wconf 81' lang='grc' dir='ltr'>Θεὸς</span> <span class='ocrx_word' id='word_1_594' title='bbox 2746 3690 2954 3756; x_wconf 78' lang='grc' dir='ltr'>Λόγος,</span> <span class='ocrx_word' id='word_1_595' title='bbox 2990 3689 3160 3742; x_wconf 81' lang='grc' dir='ltr'>ἐλθὼν</span> <span class='ocrx_word' id='word_1_596' title='bbox 3208 3690 3264 3742; x_wconf 84' lang='grc' dir='ltr'>δὲ</span> <span class='ocrx_word' id='word_1_597' title='bbox 3313 3692 3398 3741; x_wconf 87' lang='grc' dir='ltr'><strong>ἐπ’</strong></span> <span class='ocrx_word' id='word_1_598' title='bbox 3435 3690 3659 3760; x_wconf 83' lang='grc' dir='ltr'>ἐσχάτου</span> <span class='ocrx_word' id='word_1_599' title='bbox 3706 3690 3814 3741; x_wconf 81' lang='grc' dir='ltr'>τῶν</span> 
     </span>
    </p>
   </div>
   <div class='ocr_carea' id='block_1_82' title="bbox 2235 3781 3815 3855">
    <p class='ocr_par' dir='ltr' id='par_1_82' title="bbox 2235 3781 3815 3855">
     <span class='ocr_line' id='line_1_82' title="bbox 2235 3781 3815 3855; baseline 0 -21"><span class='ocrx_word' id='word_1_600' title='bbox 2235 3782 2486 3855; x_wconf 79' lang='grc' dir='ltr'>ἡμερῶν,</span> <span class='ocrx_word' id='word_1_601' title='bbox 2548 3784 2642 3835; x_wconf 61' lang='grc' dir='ltr'><strong>καλ⁵</strong></span> <span class='ocrx_word' id='word_1_602' title='bbox 2698 3784 2777 3846; x_wconf 87' lang='grc' dir='ltr'><strong>είς</strong></span> <span class='ocrx_word' id='word_1_603' title='bbox 2837 3781 3027 3835; x_wconf 78' lang='grc' dir='ltr'>ἑαυτὸν</span> <span class='ocrx_word' id='word_1_604' title='bbox 3076 3782 3132 3834; x_wconf 89' lang='grc' dir='ltr'>δὲ</span> <span class='ocrx_word' id='word_1_605' title='bbox 3200 3782 3654 3854; x_wconf 83' lang='grc' dir='ltr'>ἀναπλασάμενος</span> <span class='ocrx_word' id='word_1_606' title='bbox 3708 3785 3815 3836; x_wconf 78' lang='grc' dir='ltr'>ἀπὸ</span> 
     </span>
    </p>
   </div>
   <div class='ocr_carea' id='block_1_83' title="bbox 2236 3874 3813 3947">
    <p class='ocr_par' dir='ltr' id='par_1_83' title="bbox 2236 3874 3813 3947">
     <span class='ocr_line' id='line_1_83' title="bbox 2236 3874 3813 3947; baseline 0.002 -21"><span class='ocrx_word' id='word_1_607' title='bbox 2236 3876 2447 3944; x_wconf 77' lang='grc' dir='ltr'>μήτρας</span> <span class='ocrx_word' id='word_1_608' title='bbox 2488 3874 2827 3944; x_wconf 78' lang='grc' dir='ltr'>παρθενικῆς</span> <span class='ocrx_word' id='word_1_609' title='bbox 2883 3874 3083 3945; x_wconf 84' lang='grc' dir='ltr'>σάρκα,</span> <span class='ocrx_word' id='word_1_610' title='bbox 3112 3875 3205 3926; x_wconf 77' lang='grc' dir='ltr'><strong>καὶ</strong></span> <span class='ocrx_word' id='word_1_611' title='bbox 3250 3875 3427 3945; x_wconf 73' lang='grc' dir='ltr'>ψυχήν</span> <span class='ocrx_word' id='word_1_612' title='bbox 3471 3876 3569 3945; x_wconf 83' lang='grc' dir='ltr'>τὴν</span> <span class='ocrx_word' id='word_1_613' title='bbox 3602 3875 3813 3947; x_wconf 85' lang='grc' dir='ltr'>ἀνθρω-</span> 
     </span>
    </p>
   </div>
   <div class='ocr_carea' id='block_1_84' title="bbox 2235 3965 3810 4038">
    <p class='ocr_par' dir='ltr' id='par_1_84' title="bbox 2235 3965 3810 4038">
     <span class='ocr_line' id='line_1_84' title="bbox 2235 3965 3810 4038; baseline 0.001 -20"><span class='ocrx_word' id='word_1_614' title='bbox 2235 3967 2393 4019; x_wconf 81' lang='grc' dir='ltr'>πείαν</span> <span class='ocrx_word' id='word_1_615' title='bbox 2428 3965 2686 4035; x_wconf 79' lang='grc' dir='ltr'>εἰληφὼς,</span> <span class='ocrx_word' id='word_1_616' title='bbox 2722 3965 2897 4029; x_wconf 73' lang='grc' dir='ltr'>οὕτως</span> <span class='ocrx_word' id='word_1_617' title='bbox 2928 3966 3317 4038; x_wconf 80' lang='grc' dir='ltr'>ἐνηνθρώπησε</span> <span class='ocrx_word' id='word_1_618' title='bbox 3348 3968 3683 4029; x_wconf 89' lang='grc' dir='ltr'>τελειότατα,</span> <span class='ocrx_word' id='word_1_619' title='bbox 3713 3984 3810 4036; x_wconf 87' lang='grc' dir='ltr'>κη-</span> 
     </span>
    </p>
   </div>
   <div class='ocr_carea' id='block_1_85' title="bbox 2237 4059 3816 4133">
    <p class='ocr_par' dir='ltr' id='par_1_85' title="bbox 2237 4059 3816 4133">
     <span class='ocr_line' id='line_1_85' title="bbox 2237 4059 3816 4133; baseline 0.001 -21"><span class='ocrx_word' id='word_1_620' title='bbox 2237 4060 2403 4131; x_wconf 80' lang='grc' dir='ltr'>ρύξας</span> <span class='ocrx_word' id='word_1_621' title='bbox 2434 4064 2564 4130; x_wconf 86' lang='grc' dir='ltr'>ἡμῖν</span> <span class='ocrx_word' id='word_1_622' title='bbox 2594 4059 2740 4130; x_wconf 74' lang='grc' dir='ltr'>ζωῆς</span> <span class='ocrx_word' id='word_1_623' title='bbox 2770 4060 2838 4113; x_wconf 76' lang='grc' dir='ltr'><strong>τά</strong></span> <span class='ocrx_word' id='word_1_624' title='bbox 2873 4063 3168 4132; x_wconf 81' lang='grc' dir='ltr'>μυστήρια,</span> <span class='ocrx_word' id='word_1_625' title='bbox 3199 4062 3547 4131; x_wconf 76' lang='grc' dir='ltr'>δικαιοσύνης</span> <span class='ocrx_word' id='word_1_626' title='bbox 3565 4079 3625 4113; x_wconf 89' lang='grc' dir='ltr'><strong>τε</strong></span> <span class='ocrx_word' id='word_1_627' title='bbox 3652 4063 3816 4133; x_wconf 82' lang='grc' dir='ltr'>ἐργά-</span> 
     </span>
    </p>
   </div>
   <div class='ocr_carea' id='block_1_86' title="bbox 2235 4151 3813 4225">
    <p class='ocr_par' dir='ltr' id='par_1_86' title="bbox 2235 4151 3813 4225">
     <span class='ocr_line' id='line_1_86' title="bbox 2235 4151 3813 4225; baseline 0 -21"><span class='ocrx_word' id='word_1_628' title='bbox 2235 4170 2332 4216; x_wconf 85' lang='grc' dir='ltr'><strong>τας</strong></span> <span class='ocrx_word' id='word_1_629' title='bbox 2366 4154 2491 4216; x_wconf 80' lang='grc' dir='ltr'>τοὺς</span> <span class='ocrx_word' id='word_1_630' title='bbox 2520 4153 2684 4206; x_wconf 83' lang='grc' dir='ltr'>αὑτοῦ</span> <span class='ocrx_word' id='word_1_631' title='bbox 2716 4152 2961 4223; x_wconf 83' lang='grc' dir='ltr'>μαθητάς</span> <span class='ocrx_word' id='word_1_632' title='bbox 2998 4154 3371 4224; x_wconf 81' lang='grc' dir='ltr'>καταστήσας,</span> <span class='ocrx_word' id='word_1_633' title='bbox 3400 4154 3495 4206; x_wconf 83' lang='grc' dir='ltr'>καὶ</span> <span class='ocrx_word' id='word_1_634' title='bbox 3526 4152 3623 4225; x_wconf 79' lang='grc' dir='ltr'>τὴν</span> <span class='ocrx_word' id='word_1_635' title='bbox 3650 4151 3813 4205; x_wconf 81' lang='grc' dir='ltr'>αὑτοῦ</span> 
     </span>
    </p>
   </div>
   <div class='ocr_carea' id='block_1_87' title="bbox 2233 4244 3816 4306">
    <p class='ocr_par' dir='ltr' id='par_1_87' title="bbox 2233 4244 3816 4306">
     <span class='ocr_line' id='line_1_87' title="bbox 2233 4244 3816 4306; baseline 0 -9"><span class='ocrx_word' id='word_1_636' title='bbox 2233 4244 2584 4298; x_wconf 88' lang='grc' dir='ltr'>διδασκαλίαν</span> <span class='ocrx_word' id='word_1_637' title='bbox 2629 4244 2695 4297; x_wconf 74' lang='grc' dir='ltr'>δι’</span> <span class='ocrx_word' id='word_1_638' title='bbox 2738 4246 2929 4298; x_wconf 78' lang='grc' dir='ltr'>ἑαυτοῦ</span> <span class='ocrx_word' id='word_1_639' title='bbox 2967 4264 3025 4298; x_wconf 91' lang='grc' dir='ltr'><strong>τε</strong></span> <span class='ocrx_word' id='word_1_640' title='bbox 3061 4248 3153 4299; x_wconf 74' lang='grc' dir='ltr'>καὶ</span> <span class='ocrx_word' id='word_1_641' title='bbox 3185 4247 3252 4299; x_wconf 88' lang='grc' dir='ltr'><strong>δι’</strong></span> <span class='ocrx_word' id='word_1_642' title='bbox 3298 4246 3477 4299; x_wconf 68' lang='grc' dir='ltr'>αὐτῶν</span> <span class='ocrx_word' id='word_1_643' title='bbox 3522 4245 3816 4306; x_wconf 85' lang='grc' dir='ltr'>παιδεύσας</span> 
     </span>
    </p>
   </div>
   <div class='ocr_carea' id='block_1_88' title="bbox 2234 4337 3816 4409">
    <p class='ocr_par' dir='ltr' id='par_1_88' title="bbox 2234 4337 3816 4409">
     <span class='ocr_line' id='line_1_88' title="bbox 2234 4337 3816 4409; baseline 0.001 -22"><span class='ocrx_word' id='word_1_644' title='bbox 2234 4338 2295 4389; x_wconf 83' lang='grc' dir='ltr'>τὸ</span> <span class='ocrx_word' id='word_1_645' title='bbox 2329 4337 2483 4404; x_wconf 86' lang='grc' dir='ltr'>γένος</span> <span class='ocrx_word' id='word_1_646' title='bbox 2518 4338 2625 4389; x_wconf 85' lang='grc' dir='ltr'>τῶν</span> <span class='ocrx_word' id='word_1_647' title='bbox 2656 4337 2992 4409; x_wconf 85' lang='grc' dir='ltr'>ἀνθρώπων;</span> <span class='ocrx_word' id='word_1_648' title='bbox 3019 4339 3080 4390; x_wconf 84' lang='grc' dir='ltr'>οὐ</span> <span class='ocrx_word' id='word_1_649' title='bbox 3117 4337 3185 4390; x_wconf 82' lang='grc' dir='ltr'><strong>τά</strong></span> <span class='ocrx_word' id='word_1_650' title='bbox 3221 4340 3331 4391; x_wconf 83' lang='grc' dir='ltr'>τῶν</span> <span class='ocrx_word' id='word_1_651' title='bbox 3366 4338 3646 4408; x_wconf 84' lang='grc' dir='ltr'>Σηθιανῶν</span> <span class='ocrx_word' id='word_1_652' title='bbox 3680 4339 3816 4390; x_wconf 88' lang='grc' dir='ltr'>ἀπο-</span> 
     </span>
    </p>
   </div>
   <div class='ocr_carea' id='block_1_89' title="bbox 2236 4424 3811 4500">
    <p class='ocr_par' dir='ltr' id='par_1_89' title="bbox 2236 4424 3811 4500">
     <span class='ocr_line' id='line_1_89' title="bbox 2236 4424 3811 4500; baseline 0.001 -20"><span class='ocrx_word' id='word_1_653' title='bbox 2236 4428 2480 4497; x_wconf 71' lang='grc' dir='ltr'>καλύψας</span> <span class='ocrx_word' id='word_1_654' title='bbox 2502 4469 2516 4490; x_wconf 99' lang='grc'><strong>,</strong></span> <span class='ocrx_word' id='word_1_655' title='bbox 2556 4429 2677 4481; x_wconf 77' lang='grc' dir='ltr'>οὐδὲ</span> <span class='ocrx_word' id='word_1_656' title='bbox 2711 4429 2818 4499; x_wconf 77' lang='grc' dir='ltr'><strong>Σὴθ</strong></span> <span class='ocrx_word' id='word_1_657' title='bbox 2856 4429 3047 4483; x_wconf 76' lang='grc' dir='ltr'>ἐαυτὸν</span> <span class='ocrx_word' id='word_1_658' title='bbox 3098 4430 3401 4500; x_wconf 80' lang='grc' dir='ltr'>ὀνομάσας·</span> <span class='ocrx_word' id='word_1_659' title='bbox 3431 4430 3506 4493; x_wconf 84' lang='grc' dir='ltr'>ὡς</span> <span class='ocrx_word' id='word_1_660' title='bbox 3536 4424 3682 4483; x_wconf 78' lang='grc' dir='ltr'>οῦτοι</span> <span class='ocrx_word' id='word_1_661' title='bbox 3713 4429 3811 4499; x_wconf 83' lang='grc' dir='ltr'>λη-</span> 
     </span>
    </p>
   </div>
   <div class='ocr_carea' id='block_1_90' title="bbox 2240 4520 3812 4591">
    <p class='ocr_par' dir='ltr' id='par_1_90' title="bbox 2240 4520 3812 4591">
     <span class='ocr_line' id='line_1_90' title="bbox 2240 4520 3812 4591; baseline -0.001 -19"><span class='ocrx_word' id='word_1_662' title='bbox 2240 4520 2477 4590; x_wconf 87' lang='grc' dir='ltr'>ροῦντες,</span> <span class='ocrx_word' id='word_1_663' title='bbox 2518 4520 2612 4572; x_wconf 74' lang='grc' dir='ltr'>καὶ</span> <span class='ocrx_word' id='word_1_664' title='bbox 2657 4520 2796 4591; x_wconf 78' lang='grc' dir='ltr'>μέθῃ</span> <span class='ocrx_word' id='word_1_665' title='bbox 2831 4520 2939 4573; x_wconf 69' lang='grc' dir='ltr'>τινὶ</span> <span class='ocrx_word' id='word_1_666' title='bbox 2978 4520 3356 4591; x_wconf 88' lang='grc' dir='ltr'>συνεχόμενοι,</span> <span class='ocrx_word' id='word_1_667' title='bbox 3397 4520 3507 4573; x_wconf 83' lang='grc' dir='ltr'>άπὸ</span> <span class='ocrx_word' id='word_1_668' title='bbox 3544 4521 3641 4591; x_wconf 85' lang='grc' dir='ltr'>τῆς</span> <span class='ocrx_word' id='word_1_669' title='bbox 3678 4520 3812 4591; x_wconf 86' lang='grc' dir='ltr'>άλη-</span> 
     </span>
    </p>
   </div>
   <div class='ocr_carea' id='block_1_91' title="bbox 554 4602 2120 4676">
    <p class='ocr_par' dir='ltr' id='par_1_91' title="bbox 554 4602 2120 4672">
     <span class='ocr_line' id='line_1_91' title="bbox 554 4602 2120 4672; baseline -0.001 -13"><span class='ocrx_word' id='word_1_670' title='bbox 554 4604 940 4659; x_wconf 82' lang='lat' dir='ltr'><strong>Scthianorum</strong></span> <span class='ocrx_word' id='word_1_671' title='bbox 984 4604 1075 4657; x_wconf 92' lang='lat' dir='ltr'><strong>illa</strong></span> <span class='ocrx_word' id='word_1_672' title='bbox 1129 4602 1381 4672; x_wconf 81' lang='lat' dir='ltr'><strong>dogmata</strong></span> <span class='ocrx_word' id='word_1_673' title='bbox 1431 4602 1678 4665; x_wconf 90' lang='lat' dir='ltr'><strong>tradidit,</strong></span> <span class='ocrx_word' id='word_1_674' title='bbox 1734 4613 1828 4655; x_wconf 89' lang='lat' dir='ltr'><strong>aut</strong></span> <span class='ocrx_word' id='word_1_675' title='bbox 1883 4603 1987 4657; x_wconf 86' lang='lat' dir='ltr'><strong>sibi</strong></span> <span class='ocrx_word' id='word_1_676' title='bbox 2029 4604 2120 4671; x_wconf 63' lang='lat' dir='ltr'><strong>ips‘</strong></span> 
     </span>
    </p>
   </div>
   <div class='ocr_carea' id='block_1_92' title="bbox 2223 4602 2823 4676">
    <p class='ocr_par' dir='ltr' id='par_1_92' title="bbox 2239 4612 2823 4676">
     <span class='ocr_line' id='line_1_92' title="bbox 2239 4612 2823 4676; baseline 0.003 -12"><span class='ocrx_word' id='word_1_677' title='bbox 2239 4612 2387 4676; x_wconf 87' lang='grc' dir='ltr'>θείας</span> <span class='ocrx_word' id='word_1_678' title='bbox 2414 4612 2823 4666; x_wconf 82' lang='grc' dir='ltr'>ἐκπεπτώκασι.</span> 
     </span>
    </p>
   </div>
   <div class='ocr_carea' id='block_1_93' title="bbox 555 4695 2132 4765">
    <p class='ocr_par' dir='ltr' id='par_1_93' title="bbox 555 4695 2132 4765">
     <span class='ocr_line' id='line_1_93' title="bbox 555 4695 2132 4765; baseline -0.002 -14"><span class='ocrx_word' id='word_1_679' title='bbox 555 4697 707 4751; x_wconf 86' lang='lat' dir='ltr'><strong>Sethi</strong></span> <span class='ocrx_word' id='word_1_680' title='bbox 736 4712 935 4751; x_wconf 90' lang='lat' dir='ltr'><strong>nomen</strong></span> <span class='ocrx_word' id='word_1_681' title='bbox 964 4696 1221 4764; x_wconf 82' lang='lat' dir='ltr'><strong>imposuit</strong></span> <span class='ocrx_word' id='word_1_682' title='bbox 1250 4714 1261 4749; x_wconf 96' lang='lat'>:</span> <span class='ocrx_word' id='word_1_683' title='bbox 1296 4695 1347 4749; x_wconf 91' lang='lat' dir='ltr'><strong>id</strong></span> <span class='ocrx_word' id='word_1_684' title='bbox 1374 4695 1520 4764; x_wconf 90' lang='lat' dir='ltr'><strong>quod</strong></span> <span class='ocrx_word' id='word_1_685' title='bbox 1553 4695 1759 4749; x_wconf 88' lang='lat' dir='ltr'><strong>strenui</strong></span> <span class='ocrx_word' id='word_1_686' title='bbox 1792 4696 1866 4747; x_wconf 92' lang='lat' dir='ltr'><strong>illi</strong></span> <span class='ocrx_word' id='word_1_687' title='bbox 1902 4705 2132 4765; x_wconf 88' lang='lat' dir='ltr'><strong>nugato-</strong></span> 
     </span>
    </p>
   </div>
   <div class='ocr_carea' id='block_1_94' title="bbox 553 4785 1917 4854">
    <p class='ocr_par' dir='ltr' id='par_1_94' title="bbox 553 4785 1917 4854">
     <span class='ocr_line' id='line_1_94' title="bbox 553 4785 1917 4854; baseline -0.004 -11"><span class='ocrx_word' id='word_1_688' title='bbox 553 4804 662 4851; x_wconf 87' lang='lat' dir='ltr'><strong>res,</strong></span> <span class='ocrx_word' id='word_1_689' title='bbox 705 4803 769 4841; x_wconf 94' lang='lat' dir='ltr'><strong>ac</strong></span> <span class='ocrx_word' id='word_1_690' title='bbox 802 4788 950 4841; x_wconf 91' lang='lat' dir='ltr'><strong>velut</strong></span> <span class='ocrx_word' id='word_1_691' title='bbox 982 4787 1119 4841; x_wconf 88' lang='lat' dir='ltr'><strong>ebrii</strong></span> <span class='ocrx_word' id='word_1_692' title='bbox 1150 4786 1568 4840; x_wconf 88' lang='lat' dir='ltr'><strong>mendacissime</strong></span> <span class='ocrx_word' id='word_1_693' title='bbox 1599 4785 1917 4854; x_wconf 66' lang='lat' dir='ltr'><strong>praedicant.</strong></span> 
     </span>
    </p>
   </div>
   <div class='ocr_carea' id='block_1_95' title="bbox 626 4874 2135 4942">
    <p class='ocr_par' dir='ltr' id='par_1_95' title="bbox 626 4874 2135 4942">
     <span class='ocr_line' id='line_1_95' title="bbox 626 4874 2135 4942; baseline -0.003 -10"><span class='ocrx_word' id='word_1_694' title='bbox 626 4877 827 4932; x_wconf 76' lang='lat' dir='ltr'><strong>Verum</strong></span> <span class='ocrx_word' id='word_1_695' title='bbox 856 4891 979 4930; x_wconf 91' lang='lat' dir='ltr'><strong>cum</strong></span> <span class='ocrx_word' id='word_1_696' title='bbox 1012 4874 1173 4929; x_wconf 89' lang='lat' dir='ltr'><strong>hodie</strong></span> <span class='ocrx_word' id='word_1_697' title='bbox 1200 4889 1469 4929; x_wconf 87' lang='lat' dir='ltr'><strong>summam</strong></span> <span class='ocrx_word' id='word_1_698' title='bbox 1502 4874 1569 4927; x_wconf 87' lang='lat' dir='ltr'><strong>ad</strong></span> <span class='ocrx_word' id='word_1_699' title='bbox 1605 4875 1931 4942; x_wconf 89' lang='lat' dir='ltr'><strong>paucitatem</strong></span> <span class='ocrx_word' id='word_1_700' title='bbox 1962 4875 2135 4927; x_wconf 62' lang='lat' dir='ltr'><strong>haere-</strong></span> 
     </span>
    </p>
   </div>
   <div class='ocr_carea' id='block_1_96' title="bbox 556 4964 2135 5031">
    <p class='ocr_par' dir='ltr' id='par_1_96' title="bbox 556 4964 2135 5031">
     <span class='ocr_line' id='line_1_96' title="bbox 556 4964 2135 5031; baseline -0.005 -5"><span class='ocrx_word' id='word_1_701' title='bbox 556 4970 635 5026; x_wconf 82' lang='lat' dir='ltr'><strong>sis</strong></span> <span class='ocrx_word' id='word_1_702' title='bbox 664 4970 769 5023; x_wconf 88' lang='lat' dir='ltr'><strong>ista</strong></span> <span class='ocrx_word' id='word_1_703' title='bbox 802 4967 1021 5021; x_wconf 90' lang='lat' dir='ltr'><strong>redacta</strong></span> <span class='ocrx_word' id='word_1_704' title='bbox 1063 4967 1154 5031; x_wconf 88' lang='lat' dir='ltr'><strong>sit,</strong></span> <span class='ocrx_word' id='word_1_705' title='bbox 1188 4981 1296 5018; x_wconf 93' lang='lat' dir='ltr'><strong>non</strong></span> <span class='ocrx_word' id='word_1_706' title='bbox 1342 4979 1567 5019; x_wconf 87' lang='lat' dir='ltr'><strong>necesse</strong></span> <span class='ocrx_word' id='word_1_707' title='bbox 1596 4964 1761 5017; x_wconf 88' lang='lat' dir='ltr'><strong>habui</strong></span> <span class='ocrx_word' id='word_1_708' title='bbox 1798 4966 2035 5019; x_wconf 91' lang='lat' dir='ltr'><strong>uberiori</strong></span> <span class='ocrx_word' id='word_1_709' title='bbox 2069 4966 2135 5018; x_wconf 90' lang='lat' dir='ltr'><strong>il-</strong></span> 
     </span>
    </p>
   </div>
   <div class='ocr_carea' id='block_1_97' title="bbox 555 5058 2133 5127">
    <p class='ocr_par' dir='ltr' id='par_1_97' title="bbox 555 5058 2133 5127">
     <span class='ocr_line' id='line_1_97' title="bbox 555 5058 2133 5127; baseline -0.003 -11"><span class='ocrx_word' id='word_1_710' title='bbox 555 5063 660 5116; x_wconf 89' lang='lat' dir='ltr'><strong>lam</strong></span> <span class='ocrx_word' id='word_1_711' title='bbox 700 5062 949 5115; x_wconf 88' lang='lat' dir='ltr'><strong>oratione</strong></span> <span class='ocrx_word' id='word_1_712' title='bbox 993 5060 1275 5123; x_wconf 76' lang='lat' dir='ltr'><strong>refellere;</strong></span> <span class='ocrx_word' id='word_1_713' title='bbox 1326 5058 1664 5127; x_wconf 90' lang='lat' dir='ltr'><strong>proindeqne</strong></span> <span class='ocrx_word' id='word_1_714' title='bbox 1707 5072 1828 5125; x_wconf 67' lang='lat' dir='ltr'><strong>quae</strong></span> <span class='ocrx_word' id='word_1_715' title='bbox 1866 5058 2133 5113; x_wconf 87' lang='lat' dir='ltr'><strong>hactenus</strong></span> 
     </span>
    </p>
   </div>
   <div class='ocr_carea' id='block_1_98' title="bbox 556 5149 2132 5219">
    <p class='ocr_par' dir='ltr' id='par_1_98' title="bbox 556 5149 2132 5219">
     <span class='ocr_line' id='line_1_98' title="bbox 556 5149 2132 5219; baseline -0.006 -7"><span class='ocrx_word' id='word_1_716' title='bbox 556 5165 684 5212; x_wconf 89' lang='lat' dir='ltr'><strong>sunt</strong></span> <span class='ocrx_word' id='word_1_717' title='bbox 709 5154 853 5209; x_wconf 90' lang='lat' dir='ltr'><strong>dicta</strong></span> <span class='ocrx_word' id='word_1_718' title='bbox 877 5152 1166 5208; x_wconf 70' lang='lat' dir='ltr'><strong>subiciant.</strong></span> <span class='ocrx_word' id='word_1_719' title='bbox 1199 5149 1506 5204; x_wconf 71' lang='lat' dir='ltr'><strong>Prmscrtim</strong></span> <span class='ocrx_word' id='word_1_720' title='bbox 1531 5149 1676 5219; x_wconf 91' lang='lat' dir='ltr'><strong>quod</strong></span> <span class='ocrx_word' id='word_1_721' title='bbox 1702 5151 1917 5204; x_wconf 90' lang='lat' dir='ltr'><strong>illorum</strong></span> <span class='ocrx_word' id='word_1_722' title='bbox 1947 5166 2132 5204; x_wconf 88' lang='lat' dir='ltr'><strong>amen-</strong></span> 
     </span>
    </p>
   </div>
   <div class='ocr_carea' id='block_1_99' title="bbox 555 5242 2133 5319">
    <p class='ocr_par' dir='ltr' id='par_1_99' title="bbox 555 5242 2133 5319">
     <span class='ocr_line' id='line_1_99' title="bbox 555 5242 2133 5319; baseline -0.005 -14"><span class='ocrx_word' id='word_1_723' title='bbox 555 5253 630 5305; x_wconf 90' lang='lat' dir='ltr'><strong>tia</strong></span> <span class='ocrx_word' id='word_1_724' title='bbox 662 5248 960 5319; x_wconf 81' lang='lat' dir='ltr'><strong>expugnari</strong></span> <span class='ocrx_word' id='word_1_725' title='bbox 991 5245 1149 5299; x_wconf 81' lang='lat' dir='ltr'><strong>facile</strong></span> <span class='ocrx_word' id='word_1_726' title='bbox 1179 5252 1381 5315; x_wconf 90' lang='lat' dir='ltr'><strong>potest,</strong></span> <span class='ocrx_word' id='word_1_727' title='bbox 1412 5260 1578 5313; x_wconf 90' lang='lat' dir='ltr'><strong>seque</strong></span> <span class='ocrx_word' id='word_1_728' title='bbox 1614 5242 1748 5297; x_wconf 89' lang='lat' dir='ltr'><strong>adeo</strong></span> <span class='ocrx_word' id='word_1_729' title='bbox 1793 5244 1966 5313; x_wconf 80' lang='lat' dir='ltr'><strong>ipsmn</strong></span> <span class='ocrx_word' id='word_1_730' title='bbox 2000 5260 2133 5298; x_wconf 90' lang='lat' dir='ltr'><strong>con-</strong></span> 
     </span>
    </p>
   </div>
   <div class='ocr_carea' id='block_1_100' title="bbox 554 5336 2133 5409">
    <p class='ocr_par' dir='ltr' id='par_1_100' title="bbox 554 5336 2133 5409">
     <span class='ocr_line' id='line_1_100' title="bbox 554 5336 2133 5409; baseline -0.002 -14"><span class='ocrx_word' id='word_1_731' title='bbox 554 5343 725 5396; x_wconf 87' lang='lat' dir='ltr'><strong>vincit</strong></span> <span class='ocrx_word' id='word_1_732' title='bbox 774 5356 838 5394; x_wconf 92' lang='lat' dir='ltr'><strong>ac</strong></span> <span class='ocrx_word' id='word_1_733' title='bbox 891 5339 1135 5409; x_wconf 89' lang='lat' dir='ltr'><strong>detegit:</strong></span> <span class='ocrx_word' id='word_1_734' title='bbox 1174 5352 1283 5391; x_wconf 91' lang='lat' dir='ltr'><strong>non</strong></span> <span class='ocrx_word' id='word_1_735' title='bbox 1331 5336 1507 5390; x_wconf 90' lang='lat' dir='ltr'><strong>solum</strong></span> <span class='ocrx_word' id='word_1_736' title='bbox 1553 5336 1698 5405; x_wconf 88' lang='lat' dir='ltr'><strong>quod</strong></span> <span class='ocrx_word' id='word_1_737' title='bbox 1748 5336 1814 5390; x_wconf 90' lang='lat' dir='ltr'><strong>ad</strong></span> <span class='ocrx_word' id='word_1_738' title='bbox 1866 5336 2133 5392; x_wconf 88' lang='lat' dir='ltr'><strong>educendi</strong></span> 
     </span>
    </p>
   </div>
   <div class='ocr_carea' id='block_1_101' title="bbox 554 5428 2130 5498">
    <p class='ocr_par' dir='ltr' id='par_1_101' title="bbox 554 5428 2130 5498">
     <span class='ocr_line' id='line_1_101' title="bbox 554 5428 2130 5498; baseline -0.003 -11"><span class='ocrx_word' id='word_1_739' title='bbox 554 5432 759 5488; x_wconf 85' lang='lat' dir='ltr'><strong>Christi</strong></span> <span class='ocrx_word' id='word_1_740' title='bbox 799 5432 1061 5486; x_wconf 85' lang='lat' dir='ltr'><strong>rationem</strong></span> <span class='ocrx_word' id='word_1_741' title='bbox 1096 5430 1289 5484; x_wconf 88' lang='lat' dir='ltr'><strong>attinet</strong></span> <span class='ocrx_word' id='word_1_742' title='bbox 1335 5428 1821 5498; x_wconf 74' lang='lat' dir='ltr'><strong>nienissimamque</strong></span> <span class='ocrx_word' id='word_1_743' title='bbox 1860 5428 2005 5483; x_wconf 84' lang='lat' dir='ltr'><strong>illam</strong></span> <span class='ocrx_word' id='word_1_744' title='bbox 2036 5446 2130 5485; x_wconf 66' lang='lat' dir='ltr'><strong>ca-</strong></span> 
     </span>
    </p>
   </div>
   <div class='ocr_carea' id='block_1_102' title="bbox 632 5613 1075 5677">
    <p class='ocr_par' dir='ltr' id='par_1_102' title="bbox 632 5613 1075 5677">
     <span class='ocr_line' id='line_1_102' title="bbox 632 5613 1075 5677; baseline 0.011 -12"><span class='ocrx_word' id='word_1_745' title='bbox 632 5613 647 5643; x_wconf 84' lang='grc'>¹</span> <span class='ocrx_word' id='word_1_746' title='bbox 690 5613 831 5671; x_wconf 86' lang='lat' dir='ltr'><strong>Psal.</strong></span> <span class='ocrx_word' id='word_1_747' title='bbox 870 5631 954 5677; x_wconf 77' lang='lat' dir='ltr'><strong>xc.</strong></span> <span class='ocrx_word' id='word_1_748' title='bbox 988 5616 1075 5670; x_wconf 79' lang='grc' dir='ltr'>Η.</span> 
     </span>
    </p>
   </div>
   <div class='ocr_carea' id='block_1_103' title="bbox 2302 4878 3811 4954">
    <p class='ocr_par' dir='ltr' id='par_1_103' title="bbox 2302 4878 3811 4954">
     <span class='ocr_line' id='line_1_103' title="bbox 2302 4878 3811 4954; baseline 0.002 -24"><span class='ocrx_word' id='word_1_749' title='bbox 2302 4878 2382 4930; x_wconf 87' lang='grc' dir='ltr'>Τὰ</span> <span class='ocrx_word' id='word_1_750' title='bbox 2427 4887 2484 4932; x_wconf 82' lang='grc' dir='ltr'><strong>όε</strong></span> <span class='ocrx_word' id='word_1_751' title='bbox 2521 4898 2615 4931; x_wconf 91' lang='grc' dir='ltr'><strong>νυν</strong></span> <span class='ocrx_word' id='word_1_752' title='bbox 2652 4887 2933 4952; x_wconf 83' lang='grc' dir='ltr'>συντόμως</span> <span class='ocrx_word' id='word_1_753' title='bbox 2978 4883 3089 4953; x_wconf 83' lang='grc'><strong>(55)</strong></span> <span class='ocrx_word' id='word_1_754' title='bbox 3143 4882 3308 4954; x_wconf 70' lang='grc' dir='ltr'>οῦσης</span> <span class='ocrx_word' id='word_1_755' title='bbox 3358 4883 3459 4953; x_wconf 80' lang='grc' dir='ltr'>τῆς</span> <span class='ocrx_word' id='word_1_756' title='bbox 3509 4882 3811 4953; x_wconf 80' lang='grc' dir='ltr'>αἱρέσεως,</span> 
     </span>
    </p>
   </div>
   <div class='ocr_carea' id='block_1_104' title="bbox 2232 4970 3812 5046">
    <p class='ocr_par' dir='ltr' id='par_1_104' title="bbox 2232 4970 3812 5046">
     <span class='ocr_line' id='line_1_104' title="bbox 2232 4970 3812 5046; baseline 0.004 -25"><span class='ocrx_word' id='word_1_757' title='bbox 2232 4970 2332 5022; x_wconf 79' lang='grc' dir='ltr'>οὐκ</span> <span class='ocrx_word' id='word_1_758' title='bbox 2364 4972 2635 5041; x_wconf 72' lang='grc' dir='ltr'>ἐνδεηθεὶς</span> <span class='ocrx_word' id='word_1_759' title='bbox 2684 4974 2993 5027; x_wconf 84' lang='grc' dir='ltr'>ἐπεκτεῖναι</span> <span class='ocrx_word' id='word_1_760' title='bbox 3046 4976 3139 5027; x_wconf 85' lang='grc' dir='ltr'>τὸν</span> <span class='ocrx_word' id='word_1_761' title='bbox 3185 4978 3307 5030; x_wconf 84' lang='grc' dir='ltr'>κατ’</span> <span class='ocrx_word' id='word_1_762' title='bbox 3346 4976 3518 5046; x_wconf 80' lang='grc' dir='ltr'>αὐτῆς</span> <span class='ocrx_word' id='word_1_763' title='bbox 3558 4976 3812 5045; x_wconf 74' lang='grc' dir='ltr'>ἔλεγχον,</span> 
     </span>
    </p>
   </div>
   <div class='ocr_carea' id='block_1_105' title="bbox 2232 5065 3815 5139">
    <p class='ocr_par' dir='ltr' id='par_1_105' title="bbox 2232 5065 3815 5139">
     <span class='ocr_line' id='line_1_105' title="bbox 2232 5065 3815 5139; baseline 0.003 -22"><span class='ocrx_word' id='word_1_764' title='bbox 2232 5065 2506 5135; x_wconf 83' lang='grc' dir='ltr'>ἀρκοῦμαι</span> <span class='ocrx_word' id='word_1_765' title='bbox 2570 5069 2685 5129; x_wconf 84' lang='grc' dir='ltr'>τοῖς</span> <span class='ocrx_word' id='word_1_766' title='bbox 2743 5068 2979 5139; x_wconf 87' lang='grc' dir='ltr'>παροῦσι</span> <span class='ocrx_word' id='word_1_767' title='bbox 3037 5069 3237 5139; x_wconf 88' lang='grc' dir='ltr'>μόνοις.</span> <span class='ocrx_word' id='word_1_768' title='bbox 3282 5067 3565 5139; x_wconf 77' lang='grc' dir='ltr'>Εύτρωτος</span> <span class='ocrx_word' id='word_1_769' title='bbox 3614 5068 3723 5138; x_wconf 85' lang='grc' dir='ltr'>γὰρ</span> <span class='ocrx_word' id='word_1_770' title='bbox 3780 5068 3815 5136; x_wconf 83' lang='grc' dir='ltr'><strong>ἡ</strong></span> 
     </span>
    </p>
   </div>
   <div class='ocr_carea' id='block_1_106' title="bbox 2230 5157 3817 5237">
    <p class='ocr_par' dir='ltr' id='par_1_106' title="bbox 2230 5157 3817 5237">
     <span class='ocr_line' id='line_1_106' title="bbox 2230 5157 3817 5237; baseline 0.001 -28"><span class='ocrx_word' id='word_1_771' title='bbox 2230 5157 2437 5210; x_wconf 79' lang='grc' dir='ltr'>τούτων</span> <span class='ocrx_word' id='word_1_772' title='bbox 2471 5157 2647 5222; x_wconf 76' lang='grc' dir='ltr'>ἄνοια,</span> <span class='ocrx_word' id='word_1_773' title='bbox 2689 5161 2784 5212; x_wconf 77' lang='grc' dir='ltr'>καὶ</span> <span class='ocrx_word' id='word_1_774' title='bbox 2819 5161 3016 5237; x_wconf 79' lang='grc' dir='ltr'>ἑαυτὴν</span> <span class='ocrx_word' id='word_1_775' title='bbox 3043 5160 3316 5231; x_wconf 84' lang='grc' dir='ltr'>δυναμένη</span> <span class='ocrx_word' id='word_1_776' title='bbox 3365 5178 3422 5213; x_wconf 89' lang='grc' dir='ltr'><strong>τε</strong></span> <span class='ocrx_word' id='word_1_777' title='bbox 3461 5159 3675 5227; x_wconf 81' lang='grc' dir='ltr'>ἐλέγξαι</span> <span class='ocrx_word' id='word_1_778' title='bbox 3722 5160 3817 5212; x_wconf 77' lang='grc' dir='ltr'>καὶ</span> 
     </span>
    </p>
   </div>
   <div class='ocr_carea' id='block_1_107' title="bbox 2232 5250 3816 5324">
    <p class='ocr_par' dir='ltr' id='par_1_107' title="bbox 2232 5250 3816 5324">
     <span class='ocr_line' id='line_1_107' title="bbox 2232 5250 3816 5324; baseline 0.003 -23"><span class='ocrx_word' id='word_1_779' title='bbox 2232 5250 2516 5320; x_wconf 83' lang='grc' dir='ltr'>φωράσαι·</span> <span class='ocrx_word' id='word_1_780' title='bbox 2562 5252 2623 5303; x_wconf 84' lang='grc' dir='ltr'>οὺ</span> <span class='ocrx_word' id='word_1_781' title='bbox 2661 5252 2821 5322; x_wconf 90' lang='grc' dir='ltr'>μόνον</span> <span class='ocrx_word' id='word_1_782' title='bbox 2857 5253 2985 5324; x_wconf 79' lang='grc' dir='ltr'>περὶ</span> <span class='ocrx_word' id='word_1_783' title='bbox 3030 5254 3130 5322; x_wconf 83' lang='grc' dir='ltr'>τῆς</span> <span class='ocrx_word' id='word_1_784' title='bbox 3162 5253 3253 5305; x_wconf 85' lang='grc' dir='ltr'><strong>τοῦ</strong></span> <span class='ocrx_word' id='word_1_785' title='bbox 3286 5252 3524 5324; x_wconf 87' lang='grc' dir='ltr'>Χριστοῦ</span> <span class='ocrx_word' id='word_1_786' title='bbox 3570 5252 3816 5321; x_wconf 83' lang='grc' dir='ltr'>ἀγωγῆς,</span> 
     </span>
    </p>
   </div>
   <div class='ocr_carea' id='block_1_108' title="bbox 2233 5342 3819 5415">
    <p class='ocr_par' dir='ltr' id='par_1_108' title="bbox 2233 5342 3819 5415">
     <span class='ocr_line' id='line_1_108' title="bbox 2233 5342 3819 5415; baseline -0.001 -22"><span class='ocrx_word' id='word_1_787' title='bbox 2233 5342 2328 5394; x_wconf 75' lang='grc' dir='ltr'>καὶ</span> <span class='ocrx_word' id='word_1_788' title='bbox 2364 5344 2914 5415; x_wconf 81' lang='grc' dir='ltr'>σεσυκοφαντημένης</span> <span class='ocrx_word' id='word_1_789' title='bbox 2949 5344 3294 5406; x_wconf 80' lang='grc' dir='ltr'>διδασκαλίας</span> <span class='ocrx_word' id='word_1_790' title='bbox 3327 5343 3419 5397; x_wconf 89' lang='grc' dir='ltr'><strong>τοῦ</strong></span> <span class='ocrx_word' id='word_1_791' title='bbox 3446 5343 3536 5396; x_wconf 84' lang='grc' dir='ltr'>τὸν</span> <span class='ocrx_word' id='word_1_792' title='bbox 3578 5342 3684 5412; x_wconf 79' lang='grc' dir='ltr'><strong>Σὴθ</strong></span> <span class='ocrx_word' id='word_1_793' title='bbox 3721 5342 3819 5393; x_wconf 80' lang='grc' dir='ltr'><strong>αὐ-</strong></span> 
     </span>
    </p>
   </div>
   <div class='ocr_carea' id='block_1_109' title="bbox 2231 5429 3818 5503">
    <p class='ocr_par' dir='ltr' id='par_1_109' title="bbox 2231 5429 3818 5503">
     <span class='ocr_line' id='line_1_109' title="bbox 2231 5429 3818 5503; baseline 0.001 -18"><span class='ocrx_word' id='word_1_794' title='bbox 2231 5434 2322 5486; x_wconf 83' lang='grc' dir='ltr'>τὸν</span> <span class='ocrx_word' id='word_1_795' title='bbox 2352 5435 2593 5503; x_wconf 76' lang='grc' dir='ltr'>νομίζειν</span> <span class='ocrx_word' id='word_1_796' title='bbox 2630 5453 2689 5488; x_wconf 89' lang='grc' dir='ltr'><strong>τε</strong></span> <span class='ocrx_word' id='word_1_797' title='bbox 2726 5437 2820 5490; x_wconf 75' lang='grc' dir='ltr'>καὶ</span> <span class='ocrx_word' id='word_1_798' title='bbox 2868 5435 3312 5490; x_wconf 82' lang='grc' dir='ltr'>διαϐεϐαιοῦσθαι</span> <span class='ocrx_word' id='word_1_799' title='bbox 3344 5429 3506 5500; x_wconf 78' lang='grc' dir='ltr'>εἶναι,</span> <span class='ocrx_word' id='word_1_800' title='bbox 3547 5433 3685 5489; x_wconf 81' lang='grc' dir='ltr'>ἀλλά</span> <span class='ocrx_word' id='word_1_801' title='bbox 3724 5432 3818 5486; x_wconf 73' lang='grc' dir='ltr'>καὶ</span> 
     </span>
    </p>
   </div>
   <div class='ocr_carea' id='block_1_110' title="bbox 630 5764 2120 5845">
    <p class='ocr_par' dir='ltr' id='par_1_110' title="bbox 630 5770 2120 5845">
     <span class='ocr_line' id='line_1_110' title="bbox 630 5770 2120 5845; baseline 0 -20"><span class='ocrx_word' id='word_1_802' title='bbox 630 5770 743 5841; x_wconf 72' lang='lat'><strong>(5&#39;5)</strong></span> <span class='ocrx_word' id='word_1_803' title='bbox 792 5773 865 5826; x_wconf 82' lang='grc' dir='ltr'><em>Τὰ</em></span> <span class='ocrx_word' id='word_1_804' title='bbox 900 5773 966 5827; x_wconf 83' lang='grc' dir='ltr'>δὲ</span> <span class='ocrx_word' id='word_1_805' title='bbox 991 5774 1109 5829; x_wconf 77' lang='grc' dir='ltr'><em>νῦν</em></span> <span class='ocrx_word' id='word_1_806' title='bbox 1142 5777 1474 5845; x_wconf 82' lang='grc' dir='ltr'>συντόμως.</span> <span class='ocrx_word' id='word_1_807' title='bbox 1516 5772 1717 5831; x_wconf 90' lang='lat' dir='ltr'><strong>Decsse</strong></span> <span class='ocrx_word' id='word_1_808' title='bbox 1747 5771 2026 5843; x_wconf 83' lang='lat' dir='ltr'><strong>quidpiam</strong></span> <span class='ocrx_word' id='word_1_809' title='bbox 2067 5771 2120 5825; x_wconf 72' lang='lat' dir='ltr'><strong>ac</strong></span> 
     </span>
    </p>
   </div>
   <div class='ocr_carea' id='block_1_111' title="bbox 2223 5764 3173 5845">
    <p class='ocr_par' dir='ltr' id='par_1_111' title="bbox 2223 5764 3173 5840">
     <span class='ocr_line' id='line_1_111' title="bbox 2223 5764 3173 5840; baseline -0.008 -16"><span class='ocrx_word' id='word_1_810' title='bbox 2223 5768 2335 5840; x_wconf 73' lang='lat' dir='ltr'><strong>Jjus</strong></span> <span class='ocrx_word' id='word_1_811' title='bbox 2370 5766 2474 5823; x_wconf 90' lang='lat' dir='ltr'><strong>loci</strong></span> <span class='ocrx_word' id='word_1_812' title='bbox 2508 5767 2879 5838; x_wconf 74' lang='lat' dir='ltr'><strong>integritatem</strong></span> <span class='ocrx_word' id='word_1_813' title='bbox 2921 5764 3173 5834; x_wconf 84' lang='lat' dir='ltr'><strong>suspicor</strong></span> 
     </span>
    </p>
   </div>
  </div>
