4156 6358
408 360 512 415 C77

1085 356 1455 414 ADVERSUS
1490 357 1832 413 lleRESES
1870 356 1998 411 LIB.
2032 356 2073 412 l.
2116 357 2279 414 TOM.
2325 358 2486 415 lll.——
2510 359 2790 416 HIERES.
2828 361 2937 417 XL.

3574 379 3680 436 678

409 478 490 539 είς
524 488 624 546 την
664 475 794 546 περὶ
826 473 935 527 τῶν
983 474 1076 527 δυο
1122 473 1428 544 ἀνθρώπων
1464 473 1746 527 ὑπόθεσιν.
1790 476 1854 528 Εἰ
1895 478 1998 547 γὰρ

2111 477 2330 531 lumniaz
2355 477 2688 540 doctrinam,
2718 493 2825 546 qua
2858 476 3087 533 Sethum
3118 481 3370 536 eumdem
3414 496 3539 537 esse
3575 493 3617 536 :2‘.
3643 499 3695 535 m

408 571 467 622 αἱ
520 570 782 639 δυνάμεις
828 569 1034 622 ἄνωθεν
1088 567 1356 637 ἐσχήκασι
1402 567 1500 636 τὴν
1540 567 1748 637 ἀρχὴν,
1785 567 1885 619 οὐκ
1933 565 2000 619 ἂν

409 664 539 716 ἄνευ
563 663 666 732 τῆς
703 663 850 725 huic,
872 661 1025 731 ἢν.δὴ
1049 662 1141 713 καὶ
1168 660 1401 731 Μητέρα
1429 662 1697 729 φάσκουσι
1724 662 1831 715 τῶν
1863 661 1998 715 ὅλων

411 749 571 813 εἶναι,
611 752 830 821 ἐγένετό
852 769 911 804 τε
949 752 1043 805 καὶ
1074 752 1323 823 ἐπράχθη
1360 752 1428 804 τὰ
1458 754 1564 805 ὑπὸ
1588 753 1696 805 τῶν
1726 753 1819 806 δύο
1856 772 1997 824 πρα-

410 844 629 915 χθέντα.
675 844 1008 914 Εὑρίσκεται
1043 844 1153 915 γὰρ
1193 847 1226 916 ἡ
1265 846 1362 915 μία
1397 845 1543 898 αίτία
1570 844 1677 898 τῶν
1709 845 1802 898 δύο
1836 844 1995 898 δυνά-

414 954 581 1007 μεων,
622 937 718 989 καὶ
745 935 873 989 ἄνευ
920 936 1089 1005 αὐτῆς
1130 936 1296 1007 μηδὲν
1333 937 1442 988 τῶν
1486 937 1792 1007 γενομένων
1832 954 1996 1005 γεγο-

410 1029 580 1081 νέναι.
636 1028 745 1081 Καὶ
786 1027 1227 1099 ἀναδραμοῦνται
1280 1028 1442 1081 πάλιν
1481 1029 1573 1081 ἐπὶ
1616 1029 1677 1079 τὸ
1714 1028 1999 1098 ὁμολογεῖν

408 1120 505 1174 ἕνα
558 1116 698 1175 εἷναι
744 1121 1012 1190 δεσπότην
1065 1120 1173 1173 τῶν
1221 1121 1460 1183 πάντων,
1506 1120 1599 1174 καὶ
1644 1120 1996 1191 δημιουργὸν,

410 1214 504 1266 καὶ
523 1213 747 1284 κτίστην
775 1212 883 1266 τῶν
914 1213 1073 1277 ὅλων,
1094 1212 1243 1277 arma
1269 1215 1395 1283 μιᾶς
1414 1213 1774 1283 δεικνυμένης
1802 1212 1995 1283 ἀρχῆς.

422 1305 583 1358 Ἀλλά
614 1306 709 1359 καὶ
746 1306 876 1376 περὶ
911 1304 1117 1375 ταύτης
1146 1305 1246 1376 τῆς
1284 1306 1550 1376 αἱρέσεως
1582 1304 1756 1358 ταῦτα
1791 1304 2001 1373 φήσαν-

407 1414 518 1462 τες,
538 1400 631 1452 καὶ
649 1396 1102 1467 ἀποκαλύψαντες
1120 1397 1212 1449 τὸν
1236 1397 1313 1450 ίὸν
1342 1398 1441 1468 τῆς
1458 1398 1483 1450 ἐ
1490 1396 1797 1467 ρπετώδους
1817 1394 1996 1449 αὐτῶν

409 1494 474 1544 ἐκ
502 1492 690 1559 γένους
734 1490 976 1545 ἀσπίδων
1016 1490 1202 1559 γονῆς,
1234 1490 1319 1559 ἐφ’
1356 1490 1549 1562 ἑτέραν
1596 1490 1759 1543 πάλιν
1800 1488 1994 1559 ῐωμεν,

409 1586 703 1655 ἀγαπητοὶ,
737 1588 802 1656 τῇ
845 1585 981 1655 αύτῇ
1013 1582 1308 1654 ἀκολουθίᾳ
1347 1585 1445 1656 τῆς
1483 1584 1885 1657 πραγματείας.

2106 567 2329 622 Christo
2367 574 2654 629 statuunt,
2703 580 2769 620 ac
2814 569 3254 637 pertinacissime
3298 579 3526 626 tuentur
3558 587 3572 623 :
3603 588 3694 626 Ve-

2107 673 2228 711 rum
2264 657 2427 713 etiam
2460 657 2606 727 quod
2639 657 2705 711 de
2727 656 2944 713 duobus
2980 659 3089 715 illis
3138 661 3453 715 hominibus
3484 676 3699 719 assevev

2105 758 2253 804 rant.
2318 749 2454 803 Nam
2493 750 2539 804 si
2575 761 2789 804 mentes
2834 752 2960 816 illae,
3001 768 3140 822 quas
3183 753 3437 823 δυνάμεις
3474 763 3695 819 vocant,

2106 843 2445 911 superiorem
2501 842 2741 911 aliquam
2775 842 3042 907 originem
3087 854 3415 913 agnoscunt,
3445 844 3695 916 profecto

2104 951 2225 1003 quae
2259 950 2289 989 a
2320 934 2535 989 duabus
2573 942 2702 989 sunt
2735 943 2909 1006 gesta,
2946 951 3055 991 non
3091 937 3210 992 sine
3255 939 3422 992 unius
3467 940 3692 1005 auxilio,

2104 1044 2267 1098 quam
2298 1028 2542 1081 omnium
2578 1035 2806 1082 matrem
2851 1043 2972 1083 esse
3016 1029 3307 1096 definiunt,
3345 1030 3461 1085 ﬁeri
3532 1031 3689 1100 perli-

2103 1121 2263 1190 eique
2294 1127 2610 1191 potuerunt.
2666 1121 2748 1175 Ab
2795 1136 2903 1174 una
2940 1120 3143 1191 quippe
3182 1135 3349 1177 causa
3386 1121 3558 1176 ambae
3589 1123 3697 1177 illae

2104 1220 2316 1268 mentes
2348 1211 2610 1282 profecta:
2642 1220 2790 1277 sunt,
2827 1213 2946 1268 sine
2975 1228 3082 1282 qua
3109 1213 3247 1266 nihil
3281 1214 3503 1267 omnino
3531 1229 3597 1269 ex
3625 1215 3694 1270 iis

2104 1320 2224 1374 qua-
2258 1310 2387 1358 sunt
2435 1302 2663 1373 produci
2694 1303 2892 1373 potuit.
2951 1303 3031 1357 Ita
3070 1303 3288 1359 tandem
3324 1319 3390 1359 eo
3438 1320 3695 1361 necessa-

2105 1397 2190 1450 rio
2223 1404 2527 1459 recurrent,
2564 1411 2732 1450 unum
2766 1403 2825 1449 ut
2860 1395 3150 1450 Dominum
3184 1411 3369 1450 rerum
3420 1397 3691 1459 omnium,

2103 1496 2157 1542 et
2192 1494 2494 1554 auctorem,
2547 1501 2611 1541 ac
2663 1486 3004 1541 conditorem
3058 1487 3439 1542 universorum
3494 1488 3692 1542 admit-

2104 1585 2241 1641 tant,
2273 1578 2366 1631 ubi
2394 1576 2917 1646 semelprincipium
2947 1578 3173 1632 unicum
3204 1592 3329 1633 esse
3360 1580 3693 1649 comproba-

411 1684 525 1730 tum
557 1675 737 1730 fuerit.
793 1674 890 1731 His
922 1674 1186 1730 adversus
1213 1674 1355 1729 hanc
1387 1676 1640 1732 haeresim
1674 1674 1991 1746 disputatis,
2023 1685 2087 1725 ac
2118 1668 2381 1740 pestifero
2421 1669 2641 1722 illorum
2671 1668 2820 1723 velut
2874 1669 3129 1738 aspidum
3191 1683 3402 1724 veneno
3436 1670 3687 1728 detecto.

410 1769 477 1822 ad
513 1767 675 1821 aliam
704 1766 985 1839 deinceps,
1031 1782 1144 1839 quo
1172 1783 1275 1824 nos
1316 1768 1554 1823 instituti
1602 1770 1788 1840 operis
1820 1766 1993 1822 series
2030 1769 2212 1827 vocat,
2246 1758 2613 1815 convertenda
2644 1775 2838 1814 rursus
2867 1760 3067 1815 oratio.

848 1903 1039 1956 ΚΑΤΑ
1075 1902 1564 1969 ΑΡΧΟΝΤΙΚΩΝ,

692 2036 956 2106 Είκοστὴ
981 2076 996 2103 ,
1024 2038 1062 2105 ἡ
1094 2054 1192 2092 και
1228 2037 1710 2107 τεσσαρακοστῇ.

478 2147 557 2201 A'.
588 2148 951 2219 Ἀρχοντικῶν
978 2167 1062 2213 τις
1087 2151 1297 2221 αἵρεσις
1318 2152 1526 2215 τούτοις
1553 2153 1745 2205 ἕπεται
1764 2167 1779 2182 '
1809 2153 1909 2205 ούκ
1938 2154 1995 2205 ἐν

413 2240 627 2302 πολλοῖς
654 2240 712 2293 δὲ
744 2240 930 2303 τόποις
966 2238 1106 2310 αὕτη
1141 2241 1412 2311 φαίνεται,
1454 2242 1487 2312 ἢ
1520 2242 1676 2312 μόνον
1703 2244 1761 2295 ἐν
1790 2245 1857 2312 τῇ
1883 2243 1996 2295 Πα-

412 2332 694 2387 λαιστίνων
740 2333 1003 2405 ἐπαρχίᾳ.
1050 2336 1405 2406 Μετήνεγκαν
1452 2334 1509 2387 δὲ
1558 2335 1650 2387 τὸν
1706 2334 1882 2387 αὐτῶν
1919 2335 1995 2387 ίὸν

410 2425 511 2497 ἤδη
545 2442 648 2478 που
679 2425 771 2478 καὶ
798 2428 877 2489 εἰς
921 2429 1021 2498 τὴν
1060 2428 1303 2498 μεγάλην
1348 2427 1657 2497 Ἀρμενίαν.
1705 2427 1865 2481 Ἀλλὰ
1903 2430 1996 2480 καὶ

410 2520 467 2571 ἐν
494 2519 559 2588 τῆ
600 2520 771 2590 μικρᾷ
813 2519 1071 2591 Ἀρμενίᾳ
1104 2520 1260 2572 τοῦτο
1282 2520 1343 2572 τὸ
1379 2518 1618 2583 ζιζάνιον
1649 2520 1748 2591 ἤδη
1788 2520 1997 2591 ἐσπαρ-

409 2626 497 2661 ται
529 2609 634 2661 ὑπὸ
666 2610 858 2681 ἀνδρὸς
887 2628 1030 2673 τινος
1060 2611 1501 2682 ἐπιδημήσαντος
1522 2614 1587 2682 τῇ
1622 2610 1995 2664 Παλαιστίνων

410 2704 480 2771 γῇ
509 2700 633 2761 ἀπὸ,
655 2701 943 2773 Ἀρμενίας
977 2704 1033 2755 ἐν
1063 2703 1276 2773 χρόνοις
1308 2704 1707 2768 Κωνσταντίου,
1741 2704 1869 2773 περὶ
1895 2702 1994 2773 τὴν

412 2793 576 2847 αὑτοῦ
611 2795 887 2866 τελευτὴν,
923 2774 1490 2866 Εύτάκτοιρόνόματι,
1530 2796 1728 2867 μᾶλλον
1771 2796 1827 2849 δὲ
1863 2796 1995 2850 ἀτά-

412 2902 540 2938 κτου
568 2885 657 2937 τὸν
694 2885 916 2955 τρόπον,
945 2885 1038 2938 καὶ
1073 2885 1336 2956 μαθόντος
1365 2884 1464 2956 τὴν
1501 2883 1991 2939 κακοδιδασκαλίαν

408 2976 634 3048 ταύτην,
664 2972 783 3030 εἶτα
816 2978 1198 3042 ἐπανελθόντος
1225 2979 1303 3040 είς
1336 2978 1405 3031 τὰ
1430 2979 1601 3031 οἰκεῖα
1632 2978 1725 3031 καὶ
1752 2977 1997 3045 διδάξαν-

411 3084 522 3131 τος.
555 3067 834 3120 Μετέλαὸε
860 3067 916 3121 δὲ
940 3110 956 3135 ,
1001 3068 1076 3130 ὡς
1124 3067 1260 3139 ἔφην
1283 3109 1297 3132 ,
1325 3069 1384 3120 ἐν
1410 3068 1743 3139 Παλαιστίνῃ
1785 3069 1860 3132 ὡς
1890 3068 1995 3121 ὑπὸ

412 3155 633 3218 ἀσπίδος
687 3156 763 3209 ἱὸν
811 3157 921 3209 ἀπὸ
973 3157 1178 3228 Πέτρου
1215 3157 1359 3221 τινὸς
1408 3157 1664 3228 γέροντος
1692 3199 1707 3223 ,
1762 3158 1994 3223 ἀναξίως

2324 1893 2483 1965 291
2529 1892 2904 1950 ADVERSUS
2948 1894 3462 1966 ARCHONTICOS,

2444 2028 2575 2096 Qua:
2611 2039 2689 2085 est
2718 2031 2934 2086 haeresis
2968 2030 3076 2085 XX
3114 2033 3194 2088 vel
3237 2033 3355 2089 XL.

2168 2140 2210 2194 Ι.
2254 2139 2514 2195 Proxima
2544 2141 2673 2196 huic
2698 2153 2783 2197 est
2800 2142 3263 2199 Archonticorum
3294 2146 3540 2215 haeresis,
3564 2164 3686 2220 qua:

2100 2240 2283 2287 tamen
2333 2231 2477 2286 haud
2527 2233 2807 2303 plerisque
2850 2243 3007 2289 extra
3058 2234 3408 2292 Palazstinam
3451 2240 3505 2293 in
3552 2241 3689 2296 locis

2098 2324 2361 2379 cernitur.
2398 2323 2722 2395 Quanquam
2754 2325 2907 2382 virus
2942 2342 3102 2382 suum
3135 2329 3188 2382 in
3214 2329 3479 2397 majorem
3519 2333 3684 2387 etiam

2099 2414 2413 2469 Armeniam
2462 2414 2818 2470 diffuderunt.
2856 2415 2968 2471 lmo
2995 2426 3049 2471 et
3093 2418 3150 2471 in
3193 2418 3450 2473 Armenia
3478 2421 3691 2477 minore

2101 2506 2292 2559 lolium
2326 2505 2468 2559 istud
2493 2516 2643 2560 certo
2671 2506 2740 2560 ab
2773 2507 2993 2562 homine
3015 2506 3431 2564 disseminatum
3460 2522 3565 2578 est,
3597 2518 3690 2585 qui

2100 2597 2262 2666 paulo
2294 2606 2421 2651 ante
2450 2597 2759 2651 Constantii
2792 2598 3136 2667 imperatoris
3161 2602 3369 2656 obitum
3400 2619 3466 2657 ex
3500 2608 3691 2661 Arme-

2098 2690 2190 2741 nia
2219 2689 2274 2741 in
2310 2686 2654 2744 Palmstinam
2701 2689 2981 2759 profectus
3011 2701 3115 2756 est,
3149 2692 3413 2749 Eutactus
3443 2697 3687 2763 nomine,

2100 2782 2214 2838 sive
2261 2782 2489 2837 Atactus
2536 2782 2737 2851 potius,
2770 2783 2876 2837 hoc
2912 2793 2996 2839 est
3023 2786 3267 2840 moribus
3308 2788 3685 2856 perturbatus.

2098 2873 2201 2939 Qui
2244 2888 2368 2927 cum
2410 2872 2599 2927 infelix
2626 2874 2757 2928 illud
2815 2876 3014 2946 dogma
3065 2878 3446 2942 combibisset,
3499 2880 3555 2934 in
3596 2897 3694 2951 pa-

2098 2965 2258 3017 triam
2321 2979 2576 3019 reversus
2635 2964 2878 3033 profiteri
2952 2968 3121 3035 etrapit
3178 2970 3325 3038 quod
3397 2970 3684 3026 didicerat-

2098 3053 2384 3125 Ejusmodi
2430 3071 2595 3125 porro
2628 3058 2775 3110 velut
2818 3058 2886 3112 ab
2921 3058 3110 3127 aspide
3146 3076 3434 3125 venenum,
3488 3078 3517 3116 a
3559 3079 3691 3117 sene

2098 3147 2336 3217 quodam
2382 3146 2660 3213 hauserat,
2700 3151 2921 3203 neruine
2967 3150 3151 3216 Petro,
3186 3152 3280 3205 sed
3325 3152 3554 3207 minime
3586 3154 3689 3209 hac

413 3247 619 3317 Πέτρου
661 3246 997 3317 καλουμένου
1029 3286 1044 3310 ,
1082 3248 1141 3311 ὃς
1194 3247 1432 3319 κατῴκει
1475 3250 1533 3301 ἐν
1577 3251 1640 3319 τῇ
1676 3249 1775 3319 τῆς
1820 3248 1998 3301 Ἐλευ-

2102 3240 2464 3311 appellatione
2497 3240 2664 3310 digno
2699 3260 2709 3293 :
2758 3242 2852 3311 qui
2886 3242 2941 3295 in
2976 3243 3430 3313 Eleutheropolis,
3467 3252 3520 3299 et
3554 3244 3686 3300 Ilie-

412 3336 748 3411 θεροπόλεως
815 3339 1168 3411 Ἰερουσαλὴμ
1220 3341 1234 3372 ⁸
1294 3341 1478 3413 ἐνορίᾳ
1509 3382 1523 3405 ,
1585 3340 1840 3396 ἐπέκεινα
1896 3342 1997 3412 τῆς

413 3429 640 3501 Χεϐρὼν
664 3430 775 3502 (54)
802 3433 1049 3504 σημείοις
1074 3433 1242 3503 τρισὶ,
1265 3434 1666 3506 Καϐαρὸαριχὰ
1683 3434 1782 3505 τὴν
1806 3435 1959 3489 πόλιν
1976 3437 1996 3466 ²

421 3519 696 3572 καλοῦσιν.
744 3513 916 3584 Οὗτος
953 3522 981 3574 ό
1024 3520 1201 3594 γέρων
1251 3522 1321 3576 τά
1360 3509 1553 3594 πρῶτα
1605 3522 1810 3594 ἔνδυμα
1853 3521 1998 3594 εἶχεν

418 3611 758 3683 ἔκπληκτον,
820 3613 1158 3685 ὑποκρίσεως
1209 3614 1399 3685 γέμον.
1455 3615 1693 3681 Ἔξωθεν
1748 3616 1846 3686 μὲν
1889 3616 1997 3688 γὰρ

412 3701 629 3773 ἀληθῶς
690 3702 883 3757 κώδιον
939 3703 1211 3774 προϐάτου
1269 3703 1540 3775 ἠμφίεστο
1562 3747 1577 3771 ,
1632 3707 1879 3775 ἠγνοεῖτο
1939 3707 1997 3760 δὲ

412 3793 623 3847 ἔνδοθεν
676 3793 840 3855 λύκος
894 3794 1156 3865 ὑπάρχων
1204 3795 1408 3867 ἅρπαξ.
1456 3796 1841 3869 Ἀναχωρητὴς
1889 3797 1998 3867 γὰρ

412 3886 586 3939 ἐδόκει
613 3884 774 3948 εἶναι,
808 3887 865 3939 ἐν
908 3886 1160 3957 σπηλαίῳ
1192 3887 1298 3939 τινί
1328 3886 1709 3957 καθεζόμενος.
1743 3888 1838 3951 Ὃς
1868 3886 1996 3940 πολ-

413 3979 539 4041 λοὺς
561 3977 721 4049 δῆθεν
750 3979 1055 4048 συνήγαγεν
1080 3980 1160 4041 είς
1190 3977 1452 4043 ἀπόταξιν
1472 3996 1484 4008 ·
1510 3980 1605 4032 καὶ
1630 3980 1812 4052 πατὴρ
1837 3978 1998 4051 δῆθεν

414 4073 505 4125 διά
536 4089 597 4124 τε
624 4071 685 4124 τὸ
722 4070 901 4142 γῆρας
936 4071 1030 4123 καὶ
1064 4070 1125 4123 τὸ
1167 4071 1352 4142 σχῆμα
1396 4072 1674 4124 ἐκαλεῖτο·
1706 4073 1775 4126 τά
1804 4089 1862 4125 τε
1895 4073 1997 4124 αὑ-

415 4164 508 4217 τοῦ
555 4164 872 4234 ὑπάρχοντα
914 4165 1153 4232 πτωχοῖς
1190 4162 1452 4232 διένειμε,
1487 4162 1579 4215 καὶ
1628 4162 1749 4215 καθ’
1784 4163 1997 4233 ἡμέραν

419 4255 787 4326 ἐλεημοσύνας
819 4255 1011 4307 ἐποίει.
1052 4256 1138 4306 Ἐν
1171 4253 1228 4306 δὲ
1264 4256 1328 4324 τῇ
1363 4253 1553 4325 πρώτῃ
1604 4254 1789 4324 ἡλικίᾳ
1830 4253 1996 4306 αύτοῦ

417 4349 476 4399 ἐν
510 4346 735 4409 πολλαῖς
764 4345 1038 4416 αἱρέσεσιν
1068 4341 1361 4413 ἐξητάσθη.
1406 4344 1527 4396 Ἐπὶ
1566 4344 1775 4395 Ἀετίου
1807 4344 1864 4396 δὲ
1901 4344 1995 4397 τοῦ

416 4436 717 4492 ἐπισκόπου
747 4432 1166 4505 κατηγορηθεὶς,
1196 4431 1289 4485 καὶ
1320 4432 1596 4502 ἐλεγχθεὶς
1620 4432 1741 4484 τότε
1763 4433 1860 4504 τὴν
1890 4433 1997 4487 τῶν

418 4527 736 4580 Γνωστικῶν
776 4525 976 4596 μετιὼν
1010 4525 1240 4595 αἵρεσιν,
1274 4523 1553 4597 καθῃρέθη
1591 4524 1700 4577 ἀπὸ
1737 4523 1830 4576 τοῦ
1864 4542 1996 4595 πρε-

2099 3334 2503 3407 rosolymorum
2533 3333 3062 3403 linihus_habitabat,
3115 3337 3278 3390 tertio
3326 3337 3395 3391 ab
3436 3335 3691 3394 Hebrone

2099 3423 2299 3493 lapide,
2330 3422 2530 3493 oppido
2560 3424 2706 3493 quod
2745 3422 3152 3479 Cabarbaricha
3192 3426 3502 3481 nominant.
3549 3427 3689 3483 Huic

2098 3529 2263 3584 porro
2290 3515 2407 3569 seni
2443 3516 2678 3569 vestitus
2712 3524 2830 3569 erat
2871 3516 3030 3571 initio
3074 3517 3373 3587 asperitate
3406 3519 3524 3588 ipsa
3557 3520 3690 3575 bor-

2099 3608 2301 3672 ribilis,
2343 3615 2397 3663 et
2431 3606 2496 3661 ad
2543 3610 2948 3664 simulationem
2976 3610 3267 3666 alfectatus
3301 3631 3313 3667 :
3349 3627 3413 3667 ac
3439 3630 3562 3669 cum
3592 3632 3689 3671 ex-

2098 3699 2379 3754 trinsecus
2409 3699 2528 3753 ovis
2570 3700 2710 3769 pelle
2740 3710 2883 3755 esset
2912 3701 3159 3766 indutus,
3198 3704 3361 3773 lupus
3397 3715 3515 3760 erat
3538 3707 3691 3762 intus

2101 3793 2495 3863 rapacissimus
2536 3800 2588 3847 et
2624 3794 2895 3848 occultus.
2935 3794 3281 3850 Anachoreta
3314 3799 3517 3869 quippe
3561 3816 3687 3857 esse

2097 3885 2386 3941 videbatur
2418 3886 2469 3938 in
2504 3886 2766 3955 spelunca
2817 3886 3040 3957 degens.
3075 3887 3179 3954 Qui
3221 3890 3442 3960 quidem
3478 3893 3686 3961 pleros-

2099 3993 2207 4048 que
2240 3979 2511 4034 abdicatis
2543 3978 2782 4033 fortunis
2831 3980 3089 4036 omnibus
3122 3983 3189 4037 ad
3228 3999 3349 4040 sese
3392 3989 3685 4054 pertraxit,

2098 4068 2368 4139 Paterque
2414 4069 2574 4139 vulgo
2608 4083 2733 4123 cum
2783 4069 2856 4124 ob
2887 4076 3121 4137 :etatem,
3162 4079 3276 4127 tum
3322 4075 3393 4129 ob
3437 4076 3685 4133 habitum

2101 4158 2279 4228 ipsum
2312 4157 2576 4226 appellari
2611 4158 2840 4213 solebat.
2880 4158 3024 4213 ldem
3057 4162 3324 4233 quidquid
3354 4165 3587 4221 habebat
3625 4170 3680 4222 iu

2099 4268 2299 4323 egenos
2321 4252 2676 4318 distribuere,
2700 4268 2763 4306 ac
2805 4255 3049 4322 quotidie
3072 4258 3268 4326 stipem
3301 4274 3546 4331 erogare.
3575 4262 3684 4319 Sed

2100 4344 2169 4398 ab
2215 4345 2440 4398 ineunte
2488 4350 2647 4397 aatate
2692 4344 2860 4399 variis
2912 4360 2971 4399 se
3020 4345 3325 4405 haeresibus
3375 4351 3681 4410 addixerat.

2098 4436 2295 4491 Postea
2344 4436 2409 4490 ad
2444 4436 2659 4490 Aetium
2704 4438 3025 4507 episcopum
3080 4439 3318 4508 delatus,
3367 4458 3430 4498 ac
3463 4444 3686 4501 Gnosti-

2100 4544 2289 4583 eorum
2325 4528 2551 4582 hazresis
2584 4528 2891 4595 convictus,
2919 4544 2947 4581 a
2974 4531 3280 4586 sacerdotio
3299 4542 3685 4592 exauctoratus

420 4618 724 4688 σϐυτερίου.
750 4613 857 4669 Ἦν
897 4615 1006 4688 γὰρ
1043 4615 1404 4679 κατασταθείς
1448 4632 1580 4669 ποτε
1626 4617 1995 4688 πρεσϐύτερος

2101 4628 2206 4675 est.
2266 4617 2414 4676 Illius
2475 4622 2679 4690 quippe
2719 4619 2827 4673 loci
2878 4632 3099 4679 creatus
3152 4625 3281 4678 olim
3345 4625 3522 4682 fuerat
3560 4644 3685 4698 pre.

415 4710 511 4763 τοῦ
543 4709 644 4780 (τε)
675 4710 865 4763 τόπου.

486 4798 642 4853 Μετά
697 4799 754 4852 δὲ
801 4798 893 4853 τὸν
939 4796 1160 4866 ἔλεγχον
1207 4796 1312 4850 ὑπὸ
1342 4797 1551 4851 Ἀετίου
1601 4797 1854 4869 ἐδιώχθη,
1904 4798 2000 4850 καὶ

310 4930 316 4935 ο
417 4891 667 4946 ἀπελθὼν
694 4890 1014 4960 κατῴκησεν
1050 4891 1106 4941 ἐν
1134 4891 1201 4960 τῇ
1237 4889 1466 4962 Ἀραϐίᾳ
1500 4892 1558 4942 ἐν
1583 4892 1845 4962 Κωχάϐῃ,
1872 4890 2001 4944 ἔνθα

418 4987 472 5038 αἱ
510 4983 620 5036 τῶν
647 4982 979 5035 Ἐϐιωναίων
1024 4997 1085 5033 τε
1126 4983 1222 5034 καὶ
1263 4981 1600 5052 Ναζωραίων
1641 4982 1788 5053 ῥίζαι
1832 4984 1997 5054 ἐνήρ-

419 5076 597 5143 ξαντο,
629 5074 703 5138 ὡς
743 5075 837 5127 καὶ
872 5075 929 5126 ἐν
968 5075 1189 5138 πολλαῖς
1240 5074 1485 5145 αἱρέσεσι
1520 5076 1649 5145 περὶ
1689 5075 1783 5129 τοῦ
1828 5077 1996 5129 τόπου

416 5169 606 5222 τούτου
633 5168 902 5239 ἐσήμανα.
930 5167 1197 5237 ’Ύστερον
1222 5165 1399 5238 saga;
1432 5166 1819 5239 σωφρονισθείς
1861 5166 1999 5237 πρὸς

415 5261 478 5314 τὸ
506 5261 704 5331 γῆρας,
742 5258 904 5312 πάλιν
934 5258 1205 5329 ἐπανῆλθε
1238 5257 1418 5328 φέρων
1453 5257 1629 5328 ἐαυτῷ
1668 5258 1871 5330 ταύτην
1902 5258 2000 5329 τὴν

420 5353 654 5406 ίοϐολίαν
687 5351 946 5424 κρύϐδην.
980 5351 1092 5403 Καὶ
1112 5350 1262 5421 παρὰ
1288 5351 1453 5403 πᾶσιν
1479 5351 1864 5421 ἀγνοούμενος,
1895 5352 2000 5415 ἓως

415 5445 506 5499 ὅτε
554 5446 634 5508 εἰς
683 5444 931 5514 ἔσχατον,
974 5442 1068 5512 ἀφ’
1114 5435 1191 5498 ὧν
1233 5443 1313 5506 είς
1347 5435 1464 5496 ὦτά
1512 5458 1674 5495 τινων
1720 5442 2001 5514 ἐψιθύρισε

492 5622 509 5653 ⁸
536 5619 599 5676 F.
627 5638 721 5674 και
758 5622 983 5692 Ἱερουσ.
1062 5622 1081 5652 ²
1119 5620 1240 5677 Vet.
1273 5622 1368 5677 καὶ
1398 5618 1714 5691 Βαρϐαριχὰ
1738 5619 1837 5691 τὴν
1864 5621 2079 5693 κώμην.

2099 4711 2304 4765 sbvter.

2169 4802 2560 4874 Deprehensus
2613 4805 2820 4876 itaque,
2863 4813 2917 4861 et
2963 4807 3034 4862 ab
3068 4806 3224 4861 Aetio
3246 4809 3461 4878 pulsus,
3492 4811 3550 4865 in
3576 4809 3684 4866 (Σοου

2096 4893 2310 4950 chaben
2354 4895 2570 4950 Arabia:
2609 4898 2867 4968 oppidum
2914 4898 3192 4968 profectus
3215 4908 3299 4957 est
3334 4919 3348 4955 :
3386 4902 3477 4957 ubi
3517 4902 3685 4957 Ebio—

2097 5002 2338 5042 nieorum
2388 5003 2453 5043 ac
2502 4987 2888 5045 Nazoraaorum
2942 4993 3154 5047 semina
3191 4993 3461 5063 pullulare
3500 5010 3675 5067 cmpe-

2102 5088 2247 5145 rant,
2280 5089 2341 5135 ut
2373 5082 2429 5135 in
2466 5082 2652 5137 multis
2684 5083 2986 5139 refutandis
3038 5085 3340 5142 haeresibus
3374 5097 3534 5142 antea
3566 5104 3679 5143 mo-

2098 5172 2342 5227 nuimus.
2363 5170 2649 5229 Postremo
2673 5177 2821 5230 velut
2843 5178 3019 5232 aetatis
3044 5179 3358 5234 maturitate
3381 5180 3673 5249 sapientior

2099 5262 2300 5328 factus,
2333 5267 2673 5335 postliminio
2719 5270 2902 5335 rediit,
2954 5270 3196 5325 abditum
3242 5270 3376 5325 illud
3424 5272 3577 5327 virus
3626 5274 3681 5327 in

2099 5366 2320 5427 pectore
2360 5359 2561 5422 ferens,
2591 5368 2646 5415 et
2674 5362 2895 5431 ignotus
2921 5362 3204 5428 omnibus,
3244 5361 3420 5417 donec
3464 5363 3680 5418 tandem

2099 5448 2380 5504 nonnullis
2416 5464 2447 5504 e
2474 5451 2844 5523 sermonibus,
2894 5469 3034 5525 quos
3072 5454 3130 5509 in
3170 5453 3479 5523 aliquorum
3516 5468 3685 5510 aures

490 5780 601 5846 (54)
648 5777 960 5835 Ἐπέκεινα
992 5779 1105 5851 τῆς
1131 5781 1386 5851 Χεϐρών.
1406 5783 1658 5840 Chebron
1683 5782 1998 5854 Eleutherot

2100 5797 2119 5839 5
2156 5781 2319 5854 vulgo
2341 5794 2464 5839 esse
2484 5780 2750 5839 creditur.
