4156 6358
512 385 577 440 ‘79
1885 380 1940 434 S.
1983 376 2323 432 EPIPHANII

3635 376 3742 431 680

476 500 886 564 insusurrabat,
935 514 1036 572 pro
1075 498 1332 555 haeretico
1373 507 1687 569 compertus
1721 513 1751 552 a
1787 498 1945 554 nobis
1966 514 2062 553 cx-

2171 497 2446 569 ρημάτων,
2486 495 2759 565 ἐλεγχθεὶς
2799 493 3038 558 τοιοῦτος
3078 495 3168 564 ὑφ’
3216 493 3370 564 ἡμῶν
3418 493 3745 562 ἀνεθεματί-

474 593 934 658 communicatus,
967 599 1022 648 et
1056 590 1450 646 mediocritatis
1494 600 1698 645 nostra:
1727 605 1892 660 opera
1925 604 2062 643 con-

477 687 656 740 victus
684 691 787 740 est.
829 681 982 738 Unde
1017 683 1070 736 in
1106 684 1423 752 speluncam
1461 681 1719 752 deinceps
1770 679 2060 744 abscessit,

479 777 723 830 onmium
753 777 1134 830 exsecratione
1163 774 1476 836 damnatus,
1506 781 1560 828 et
1595 783 1702 827 tam
1736 788 1764 826 a
1794 771 2061 826 fratribus

481 868 796 931 derelictus,
849 867 1009 937 292
1043 881 1205 935 quam
1252 880 1281 918 a
1329 865 1603 934 plerisque
1666 879 1694 918 a
1735 865 1935 934 quibus
1968 880 2066 921 ne—

476 960 720 1016 cessaria
757 961 881 1014 vita:
931 959 1182 1029 praasidia
1232 959 1614 1027 suppetebant.
1662 957 1742 1012 Ad
1780 959 1925 1012 hunc
1960 960 2064 1013 ita-

477 1069 583 1124 que
613 1068 797 1108 senem
827 1051 938 1116 ille,
971 1066 1132 1121 quem
1162 1050 1298 1114 dixi,
1328 1049 1615 1114 Eutaclus,
1641 1050 1686 1102 si
1716 1049 1819 1104 hoc
1845 1051 2064 1105 nomine

477 1145 755 1199 vocandus
783 1151 888 1209 est,
923 1159 1047 1197 cum
1097 1159 1159 1196 ex
1198 1141 1440 1214 [Egypto
1470 1142 1732 1207 venisset,
1767 1142 1835 1197 ab
1886 1158 2063 1212 eoque

477 1237 663 1308 impiis
711 1236 1057 1305 dogmatibus
1107 1245 1251 1288 esset
1305 1235 1572 1298 imbutus,
1645 1235 1804 1288 talem
1855 1243 2063 1304 pestem

480 1327 627 1381 velut
654 1326 960 1395 exquisitas
997 1339 1207 1379 merces
1238 1339 1423 1378 secum
1460 1325 1512 1378 in
1563 1325 1795 1394 patriam
1835 1325 2061 1378 revexit.

479 1418 610 1472 Erat
640 1419 774 1479 lure.
805 1425 866 1472 ut
895 1418 1155 1483 diximus,
1183 1418 1437 1473 Armenia
1465 1421 1647 1473 minor
1672 1421 1725 1474 in
1758 1421 1937 1474 vicina
1973 1419 2068 1474 Sa-

477 1510 600 1564 talze
630 1510 871 1580 regione.
916 1508 1038 1574 Quo
1078 1523 1202 1562 cum
1248 1516 1392 1563 esset
1431 1525 1707 1570 reversus,
1740 1510 2065 1579 contagione

478 1619 577 1659 sua
611 1601 1046 1673 quamplurimas
1101 1602 1212 1656 illic
1243 1603 1447 1656 infecit.
1484 1601 1618 1655 Nam
1651 1618 1708 1656 se
1746 1602 1799 1655 in
1827 1603 2066 1671 locuple-

479 1703 593 1748 tum
655 1693 1052 1764 quorumdam,
1110 1707 1173 1747 ac
1228 1693 1489 1747 senatorii
1543 1692 1752 1748 ordinis
1811 1693 2062 1757 femina,

479 1786 825 1854 aliorumque
873 1784 1258 1854 primariorum
1295 1783 1592 1835 amicitiam
1631 1783 1936 1847 insinuans,
1969 1797 2066 1852 per

2165 590 2291 660 σθη,
2317 590 2408 642 καὶ
2437 588 2758 659 ἑλήλεγκται
2789 587 2878 641 διὰ
2910 588 3012 657 τῆς
3041 586 3200 657 ήμῶν
3227 585 3585 657 βραχύτητος.
3632 586 3744 638 Καὶ

2164 667 2507 735 ἑκάθισενὲν
2532 679 2610 750 τῷ
2637 679 2884 750 σπηλαίῳ
2915 678 3099 732 λοιπὸν
3127 677 3437 747 βδελυχθεὶς
3467 675 3573 729 ὑπὸ
3611 676 3744 728 πάν-

2163 794 2290 841 των,
2337 776 2432 830 καὶ
2480 775 2742 846 μονωθεὶς
2786 774 2894 827 ἀπὸ
2929 773 3029 841 τῆς
3068 772 3463 841 ἀδελφότητος,
3499 770 3595 823 καὶ
3635 768 3745 822 ἀπὸ

2165 867 2432 920 πλείστων
2491 867 2599 919 τῶν
2651 866 2753 935 τῆς
2802 864 2947 934 ζωῆς
3011 863 3221 916 ἑαυτῶν
3279 863 3741 933 ἐπιμελουμένων.

2166 958 2309 1029 Πρὸς
2338 956 2526 1010 τοῦτον
2559 957 2649 1010 τὸν
2689 956 2919 1027 γέροντα
2955 955 3248 1025 καταχθεὶς
3285 957 3312 1008 ὁ
3346 954 3743 1026 προειρημένος

2164 1045 2461 1109 Εὑτακτος,
2487 1046 2601 1112 είγε
2638 1045 2931 1109 Εὑτακτος,
2960 1047 3067 1098 ἀπὸ
3095 1047 3194 1116 τῆς
3234 1045 3511 1113 Αἰγύπτου
3537 1045 3744 1116 διερχό-

2169 1155 2347 1209 μενος,
2373 1139 2467 1192 καὶ
2489 1137 2810 1208 μεταλαϐὼν
2833 1141 2929 1209 τῆς
2955 1138 3049 1191 τοῦ
3073 1139 3328 1208 γέροντος
3353 1138 3747 1191 κακοδιδασκα-

2165 1228 2304 1292 λίας.
2340 1229 2414 1292 ὡς
2453 1228 2695 1298 μεγάλην
2723 1229 2993 1299 ἐμπορίαν
3014 1229 3074 1282 τὸ
3111 1229 3434 1300 δηλητήριον
3462 1228 3618 1281 τοῦτο
3652 1229 3747 1281 λα-

2165 1319 2294 1384 ϐὼν,
2314 1322 2393 1383 εἰς
2417 1321 2512 1389 τὴν
2535 1320 2727 1374 ἑαυτοῦ
2741 1321 2986 1392 ’πατρίδα
3006 1321 3362 1392 ἀπεκόμισεν.
3381 1318 3488 1373 Ἦν
3510 1321 3618 1390 γάρ
3639 1321 3745 1373 ἀπὸ

2164 1417 2263 1485 τῆς
2283 1416 2485 1485 μικρᾶς
2509 1415 2823 1486 Ἀρμενίας,
2849 1415 2924 1478 ὡς
2956 1414 3114 1485 ἔφην,
3151 1413 3488 1485 ὁρμώμενος,
3512 1414 3621 1466 τῶν
3645 1415 3748 1466 Σα-

2165 1507 2332 1577 τάλης
2381 1506 2606 1578 πλησίον
2663 1507 2865 1560 τόπων.
2908 1505 3250 1559 Ἐπανελθὼν
3293 1507 3373 1569 είς
3416 1507 3515 1576 τὴν
3551 1505 3745 1560 ἑαυτοῦ

2168 1600 2423 1670 πατρίδα,
2459 1599 2685 1663 πολλοὺς
2721 1600 2916 1671 ἔχρανε
2955 1599 3056 1668 τῆς
3096 1599 3264 1669 αὐτῆς
3301 1601 3502 1670 μικρᾶς
3543 1599 3747 1668 Ἀρμε-

2166 1691 2304 1757 νίας,
2339 1692 2708 1764 προσφθαρείς
2731 1710 2840 1746 τισι
2865 1691 3161 1754 πλουσίοις,
3190 1691 3524 1762 συγκλητικῇ
3559 1693 3619 1744 τέ
3641 1709 3748 1743 τινι

2168 1787 2262 1837 καὶ
2316 1784 2498 1848 ἄλλοις
2548 1784 2958 1857 περιϐλέπτοις,
3001 1783 3067 1836 δι’
3111 1777 3186 1836 ὧν
3229 1782 3500 1852 διαφανῶν
3539 1782 3749 1852 ἀνδρῶν

477 1893 573 1933 eos
601 1885 788 1948 utpote
822 1877 1100 1947 principes
1140 1877 1290 1930 viros
1324 1874 1554 1928 infinitis
1598 1875 1916 1929 hominibus
1950 1875 2066 1928 exi-

2171 1875 2398 1939 πολλοὺς
2436 1854 2632 1929 ἑκεῖσε-
2664 1877 2932 1930 ἀπώλεσε.
2957 1877 3155 1946 Τάχιον
3195 1875 3251 1927 δὲ
3291 1875 3451 1928 αὑτὸν
3476 1876 3505 1927 ὁ
3543 1875 3747 1946 Κύριος

478 1971 615 2024 tium
657 1968 858 2022 attulit.
902 1967 1008 2022 Sed
1050 1983 1174 2022 eum
1213 1965 1480 2021 Dominus
1523 1967 1774 2021 celeriter
1810 1981 1842 2021 e
1889 1966 2068 2020 medio

477 2062 721 2125 sustulit,
755 2075 880 2115 cum
907 2059 1019 2129 jam
1053 2059 1261 2113 zizania
1293 2075 1390 2113 sua
1430 2059 1747 2129 sparsisset.

545 2154 611 2211 ll.
671 2155 942 2210 Craterum
1004 2153 1095 2208 isti
1160 2151 1503 2222 apocryphos
1560 2151 1829 2222 quosdam
1899 2151 2067 2206 libros

479 2250 773 2304 ﬁnxerunt.
791 2246 829 2299 E
844 2246 1041 2317 quibus
1059 2245 1168 2300 duo
1186 2252 1315 2299 sunt
1338 2242 1672 2315 Symphoniw
1690 2243 1932 2306 nomine,
1952 2258 2069 2296 ma-

474 2345 563 2412 jor
587 2341 844 2396 videlicet
876 2354 941 2394 ac
966 2339 1165 2392 minor.
1200 2336 1407 2392 Praeter
1435 2352 1575 2407 quos
1601 2336 1899 2390 nonnullos
1930 2337 2069 2392 alios

478 2432 546 2486 iis
581 2433 908 2502 quibuscum
945 2432 1123 2499 'agunt
1175 2443 1501 2499 percensere
1540 2429 1738 2493 solent,
1802 2438 1861 2482 ut
1913 2444 2068 2482 erro-

477 2539 593 2578 rem
638 2538 799 2578 suum
839 2522 1027 2576 multis
1068 2521 1489 2575 auctoritatibus
1517 2519 1790 2573 allirmare
1841 2535 1903 2573 ac
1941 2535 2067 2588 pro-

479 2618 608 2671 bare
662 2616 972 2670 videantur.
1011 2613 1220 2668 llabcnt
1273 2622 1324 2668 et
1372 2628 1511 2682 quos
1572 2612 1926 2680 Ἀλλογενεῖς,
1963 2613 2066 2664 hoc

476 2717 563 2766 est
598 2707 923 2777 alienigenas
953 2714 1172 2768 vocant,
1206 2706 1287 2760 sic
1322 2706 1619 2774 inscriptos
1655 2705 1889 2758 libellos.
1937 2703 2065 2757 Item

477 2816 542 2856 ex
581 2800 889 2854 Anabatico
919 2797 1092 2862 lsaim,
1141 2805 1195 2851 et
1242 2797 1296 2851 id
1344 2813 1514 2867 genus
1550 2796 1877 2866 apocryphis
1907 2811 2068 2863 argn-

479 2900 662 2948 menta
709 2891 1056 2962 depromunt.
1114 2888 1220 2945 Sed
1277 2905 1343 2944 eo
1393 2889 1554 2952 libro,
1593 2889 1680 2941 cui
1734 2887 2068 2957 Symp/lonia:

480 2995 679 3040 nomen
707 2992 811 3049 est,
842 2984 920 3036 uti
956 2982 1302 3052 potissimum
1341 2982 1521 3035 solent
1550 2999 1562 3034 :
1598 2983 1652 3034 in
1686 2996 1796 3048 quo
1815 2980 2068 3033 caelestes

479 3073 642 3129 orbes
690 3082 816 3128 octo
849 3074 931 3129 vel
981 3085 1187 3142 septem
1240 3087 1363 3128 esse
1411 3071 1701 3125 definiunt.
1759 3069 1966 3123 llorum
2012 3070 2064 3121 'm

479 3166 712 3236 singulis
739 3165 982 3221 residere
1013 3165 1291 3235 principes
1319 3183 1332 3218 :
1361 3165 1434 3217 ita
1471 3172 1529 3218 ut
1559 3180 1656 3234 per
1686 3173 1939 3233 septenos
1969 3178 2064 3215 or-

483 3259 579 3313 bes
603 3257 886 3311 distributi
920 3259 1054 3323 sint,
1086 3265 1250 3326 atque
1277 3273 1420 3311 unus
1445 3258 1497 3311 in
1531 3257 1779 3327 quolibet
1808 3257 2064 3326 princeps

479 3349 738 3404 exsistat.
771 3348 966 3404 Certos
1016 3364 1182 3418 porro
1231 3350 1526 3419 unicuique
1569 3349 1801 3418 principi
1849 3347 2070 3403 ordines

479 3457 604 3499 esse
632 3443 960 3513 descriptos.
999 3441 1174 3511 Supra
1208 3456 1350 3511 quos
1378 3455 1569 3496 omnes
1598 3451 1796 3494 octavo
1838 3439 1892 3494 in
1929 3439 2070 3492 cmlo

485 3533 723 3588 lucidam
767 3533 992 3588 Matrem
1040 3543 1360 3586 caeterarum
1416 3532 1697 3587 haereseon
1738 3546 1888 3584 more
1934 3546 2070 3584 con—

484 3625 740 3682 stituunt.
793 3623 899 3679 Sed
933 3639 1124 3679 eorum
1175 3624 1342 3692 aliqui
1391 3622 1709 3678 fmdissimis
1748 3622 2069 3677 libidinibus

484 3730 714 3785 corpora
759 3730 859 3770 sua
903 3715 1301 3769 contaminant.
1337 3714 1441 3767 Alii
1489 3713 1695 3782 jejunia
1747 3714 2071 3768 simulantes

486 3807 883 3859 monachorum
923 3807 1107 3875 specie
1143 3805 1571 3874 simplicioribus
1609 3804 1866 3866 illudunt,
1903 3822 1966 3860 ac
2013 3822 2072 3860 se

487 3897 755 3951 bonorum
789 3899 1033 3951 omnium
1080 3896 1427 3950 abdicatione
1456 3897 1759 3950 venditant.
1791 3895 1910 3951 Jam
1943 3913 2072 3952 vero

487 3989 543 4042 in
587 4003 939 4059 unoquoque,
995 3997 1055 4041 ut
1102 3989 1309 4042 dictum
1365 4001 1468 4051 est,
1509 3989 1648 4042 cmlo
1687 3990 1990 4058 principem
2019 3999 2074 4042 et

487 4089 812 4150 potestatem
848 4095 973 4134 cum
1009 4081 1216 4151 angelis
1251 4081 1458 4149 aliquot
1498 4081 1908 4150 apparitoribus
1954 4084 2071 4136 col-

489 4173 694 4226 locant.
749 4169 1057 4235 Quemlibet
1099 4171 1243 4224 enim
1288 4171 1592 4241 principem
1645 4187 1778 4226 suos
1829 4172 1933 4227 sibi
1981 4187 2074 4242 ge-

487 4265 677 4319 nuisse
754 4277 819 4317 ac
868 4277 1189 4332 procreasse
1240 4263 1528 4318 satellites.
1587 4263 1822 4319 Carnem
1873 4273 2075 4336 negant

488 4369 797 4426 resurgere,
835 4354 998 4424 idque
1045 4354 1146 4408 soli
1189 4355 1385 4409 animae
1418 4356 1687 4410 tribuunt.
1733 4355 2070 4427 Baptismum

487 4445 754 4500 damnant
787 4460 799 4495 :
841 4445 1058 4499 tametsi
1087 4445 1230 4499 inter
1257 4460 1351 4500 eos
1389 4445 1501 4500 sint
1551 4447 1644 4516 qui
1674 4447 1946 4518 baptismo
1974 4465 2074 4504 an-

487 4545 575 4592 tea
611 4536 808 4590 initiati
841 4535 1067 4590 fuerint.
1106 4536 1486 4606 Mysteriorum
1516 4541 1960 4595 communionem
1999 4545 2072 4596 'ac

489 4630 788 4685 bonitatem
838 4629 1151 4698 repudiarit,
1201 4639 1458 4699 tanquam
1495 4631 1750 4695 alienam,
1787 4639 1841 4686 et
1876 4633 1928 4686 in
1967 4647 2070 4686 no-

491 4720 638 4775 mine
690 4718 852 4788 293
905 4717 1144 4772 Sabaoth
1189 4727 1483 4788 repertam.
1518 4719 1675 4775 Hunc
1710 4723 1875 4788 enim,
1911 4731 1970 4777 ut
2018 4733 2073 4779 et

491 4811 613 4866 aliae
661 4813 908 4880 quaadam
943 4810 1198 4871 haereses,
1236 4811 1466 4879 septimo
1500 4811 1554 4864 in
1584 4811 1716 4866 orbe
1743 4813 1971 4879 versari,
2007 4829 2072 4868 ac

494 4901 838 4973 tyrannidem
889 4915 1144 4954 exercere
1203 4901 1524 4970 praedicant,
1571 4911 1908 4973 cazterosque
1957 4905 2072 4959 vio—

495 4993 666 5047 lenter
694 4992 1024 5062 opprimere.
1066 4990 1480 5062 Principatuum
1523 5001 1966 5066 potestatumque
1993 4997 2073 5051 ci-

494 5086 621 5139 bum
669 5086 907 5139 animam
947 5085 1248 5155 appellant,
1282 5087 1402 5140 sine
1435 5102 1541 5157 qua
1572 5088 1755 5143 vivere
1800 5089 1922 5144 illos
1961 5106 2070 5144 non

493 5190 674 5245 posse,
707 5176 853 5247 quod
894 5192 924 5230 a
959 5177 1170 5233 cmlesti
1215 5193 1338 5234 rore
1377 5187 1660 5248 procreata
1703 5189 1913 5250 vegetet
1949 5183 2073 5238 illos

495 5282 558 5322 9c
586 5267 783 5323 foveat.
813 5268 944 5334 Quae
972 5284 1098 5323 cum
1135 5268 1201 5323 ad
1233 5271 1600 5339 cognitionem
1637 5272 1965 5342 pervenerit,
2008 5288 2074 5327 ac

495 5359 829 5430 baptismum
881 5360 1136 5414 Ecclesia:
1183 5377 1494 5432 nomenque
1537 5361 1800 5429 Sabaoth,
1847 5364 1939 5432 qui
1975 5379 2076 5417 au-

491 5464 614 5506 (.tCl'
664 5452 800 5523 legis
844 5462 950 5522 est,
1003 5454 1273 5524 effugerit,
1309 5455 1375 5508 ad
1425 5455 1670 5526 singulos
1705 5456 1924 5512 evolare
1965 5471 2076 5512 coe-

570 5633 588 5664 ⁸
612 5631 672 5686 F.
701 5631 951 5703 βεϐαίων.
1031 5637 1053 5669 ¹
1083 5633 1143 5689 F.
1171 5638 1571 5707 κεχραμμένοι.

573 5805 686 5868 {55)
711 5809 947 5866 Είὸέναι
975 5811 1044 5866 δὲ
1069 5814 1199 5869 καθ’
1231 5814 1511 5873 ἕκαστον.
1543 5815 1604 5871 F.
1637 5833 1798 5873 ειναι.

2166 1964 2260 2016 τοῦ
2296 1965 2410 2035 βίου
2436 1965 2704 2037 ἐξήλειψε,
2739 1965 2877 2038 πλὴν
2911 1967 2992 2019 ὅτι
3027 1965 3246 2035 ἔσπειρε
3275 1966 3336 2018 τὸ
3363 1963 3560 2019 ἑαυτοῦ
3601 1964 3753 2029 ζιζά-

2168 2071 2298 2110 νιον.

2239 2147 2315 2201 Β’.
2344 2147 2455 2201 Καὶ
2484 2141 2627 2202 οὗτοι
2672 2147 2728 2201 δὲ
2781 2149 2931 2219 ὅμως
2973 2147 3186 2218 βίϐλους
3225 2148 3439 2210 ἑαυτοῖς
3483 2145 3750 2200 ἑπλαστοα

2168 2241 2458 2310 γράφησάν
2507 2256 2660 2302 τινας
2704 2238 3077 2310 ἀποκρύφους,
3109 2231 3183 2292 ὧν
3222 2238 3294 2291 τὰ
3340 2237 3583 2307 ὀνόματά
3631 2238 3749 2289 ἑστι

2168 2331 2358 2385 ταῦτα.
2380 2332 2453 2384 Τὸ
2482 2333 2578 2402 μὲν
2609 2331 2719 2404 γάρ
2749 2333 3127 2400 Συμφωνίαν,
3149 2331 3344 2402 μικρὸν
3362 2331 3522 2400 δῆθεν
3547 2330 3748 2400 βιϐλίον

2169 2420 2416 2484 καλοῦσι,
2444 2422 2504 2473 τὸ
2534 2421 2587 2473 δὲ
2621 2421 2766 2492 μέγα
2788 2421 3132 2491 Συμφωνίαν.
3161 2421 3322 2475 Ἀλλά
3345 2422 3439 2473 καὶ
3464 2421 3598 2474 ἄλλα
3628 2421 3750 2473 τινὰ

2171 2512 2350 2583 βιϐλία
2383 2513 2594 2574 ἑαυτοῖς
2641 2512 3091 2582 ἑπισωρεύουσιν,
3129 2507 3210 2575 οἷς
3248 2513 3344 2566 ἐὰν
3393 2512 3747 2580 συντύχωσιν,

2172 2607 2258 2658 ἵνα
2287 2605 2480 2672 δόξωσι
2515 2605 2610 2677 τὴν
2629 2605 2841 2658 ’ἑαυτῶν
2865 2605 3072 2675 πλάνην
3097 2604 3184 2658 διὰ
3220 2604 3429 2658 πολλῶν
3461 2603 3710 2673 βεϐαιοῦν
3729 2605 3746 2635 ί

2173 2697 2745 2770 ἑπισυνεισφέρεσθαι.
2784 2697 2924 2766 Ἤδη
2973 2697 3029 2748 δὲ
3074 2698 3168 2750 καὶ
3214 2701 3323 2760 τοῖς
3358 2697 3750 2765 ’Λλλογενέσι

2170 2789 2522 2857 καλουμένοις
2564 2788 2887 2858 κέχρηνταιο
2944 2773 3114 2858 ᾗϐλοι
3155 2789 3262 2860 γάρ
3299 2792 3436 2842 εἰσιν
3473 2787 3616 2841 οῦτω
3654 2805 3752 2842 κα-

2168 2881 2446 2951 λούμεναι.
2470 2883 2824 2951 Λαμϐάνουσι
2858 2881 2913 2934 δὲ
2949 2882 3118 2946 λαϐάς
3142 2882 3250 2936 ἀπὸ
3276 2881 3370 2935 τοῦ
3393 2881 3748 2935 Ἀναϐατικοῦ

2183 2974 2404 3026 Ἡσαΐου
2426 2991 2440 3004 ο
2473 2973 2553 3025 ἔτι
2582 2973 2636 3026 δὲ
2669 2976 2761 3026 καὶ
2789 2975 2963 3027 ἄλλων
3007 2973 3169 3028 τινῶν
3199 2975 3533 3046 ἀποκρύφων
3555 2993 3566 3004 ·
3595 2975 3656 3027 τὸ
3692 2975 3751 3027 δὲ

2171 3069 2278 3120 πᾶν
2319 3069 2384 3120 ἐκ
2435 3066 2526 3120 τοῦ
2564 3069 2885 3134 Συμςςωνία
2929 3066 3265 3137 καλουμένου
3317 3067 3557 3136 βιϐλίου*
3610 3069 3666 3118 ἑν
3705 3060 3752 3134 ᾧ

2170 3160 2399 3226 ὀγδοάδα
2452 3159 2576 3211 τινὰ
2609 3159 2859 3227 λέγουσιν
2881 3155 3022 3212 εἶναι
3053 3161 3301 3232 οὐρανὸν,
3329 3161 3424 3212 καλ⁴
3457 3159 3746 3230 ἑϐδομάδα.

2174 3252 2380 3305 Εἰδέναι
2408 3251 2463 3304 δὲ
2493 3252 2615 3305 καθ’
2643 3251 2874 3305 ’ἑκαστον
2905 3252 3016 3322 (55)
3047 3253 3274 3323 οὐρανὸν
3315 3254 3582 3323 ἄρχοντας
3602 3268 3614 3282 ⁸
3658 3252 3751 3305 καὶ

2169 3347 2296 3407 τους
2333 3344 2431 3414 μὲν
2457 3339 2596 3397 εἶναι
2619 3347 2745 3407 τοὺς
2779 3345 2916 3397 ἑπτὰ
2941 3345 3227 3416 οὐρανοὺς,
3255 3345 3374 3398 καθ’
3407 3347 3501 3398 ἕνα
3521 3347 3753 3416 οὐρανὸν

2169 3437 2263 3488 ἕνα
2295 3437 2563 3507 ἄρχοντα·
2609 3435 2788 3500 τάξεις
2825 3435 2882 3488 δὲ
2913 3433 3054 3491 εἶναι
3097 3438 3313 3508 ἑκάστῳ
3352 3437 3594 3509 ἄρχοντι.
3643 3441 3755 3498 Καὶ

2169 3528 2267 3598 τὴν
2305 3530 2533 3600 Μητέρα
2572 3529 2668 3600 τὴν
2721 3531 2990 3600 φωτεινὴν
3043 3530 3305 3583 ἀνωτάτω
3346 3533 3404 3584 ἑν
3451 3531 3531 3602 τῷ
3581 3531 3755 3601 ὀγδόῳ

2171 3615 2346 3687 εἶναι,
2393 3621 2646 3692 καθάπερ
2682 3623 2737 3673 αἱ
2789 3621 2946 3674 ἄλλαι
2994 3622 3252 3694 αἱρέσεις.
3304 3625 3412 3676 Καὶ
3465 3623 3611 3685 τινες
3655 3625 3754 3694 μὲν

2171 3713 2351 3766 αὐτῶν
2401 3713 2540 3766 κατά
2599 3714 2670 3766 τά
2719 3713 2950 3783 σώματα
3005 3715 3443 3786 κεχραμμένων²
3494 3715 3754 3787 ἀσελγείᾳ

2171 3810 2565 3876 τυγχάνουσιν
2603 3805 2752 3858 ἄλλοι
2797 3805 2853 3857 δὲ
2884 3805 3044 3874 δῆθεν
3078 3807 3455 3877 προσποιητὴν
3499 3807 3752 3877 νηστείαν

2171 3898 2589 3969 ὑποκρίνονται·
2631 3896 2883 3951 ἀπατῶσι
2925 3897 2980 3950 δὲ
3027 3899 3154 3961 τοὺς
3205 3899 3598 3970 άφελεστέρους
3655 3900 3753 3951 ἀν·-

2174 3986 2427 4060 θρώπους
2478 3988 2828 4058 προσχήματι
2867 3988 3240 4056 μοναζόντων,
3287 3990 3587 4054 ἀποταξίαν
3633 3990 3757 4043 τινὰ

2175 4079 2583 4151 σεμνυνόμενοι.
2622 4080 2759 4131 Φασὶ
2805 4080 2860 4131 δὲ
2894 4076 3034 4132 εἶναι
3074 4081 3196 4134 καθ’
3229 4083 3458 4134 ἕκαστον
3503 4083 3753 4153 οὐρανὸν,

2173 4173 2249 4236 ὡς
2283 4175 2580 4243 προεῖπον,
2633 4171 2808 4243 ἀρχὴν
2853 4173 2949 4225 καὶ
3002 4171 3283 4237 ἐξουσίαν,
3316 4174 3412 4227 καὶ
3459 4175 3757 4244 ἀγγελικάς

2173 4279 2325 4325 τινας
2359 4262 2691 4335 ὑπηρεσίας,
2717 4265 2948 4317 ἑκάστου
2981 4263 3240 4336 ἄρχοντος
3277 4264 3457 4334 ἑαυτῷ
3496 4283 3757 4338 γεγεννη-

2175 4354 2332 4418 κότος
2363 4356 2458 4408 καὶ
2489 4355 2848 4426 πεποιηκότος
2888 4356 3214 4428 ὑπηρεσίαν.
3248 4359 3339 4429 Μή
3368 4356 3504 4412 εἶναι
3537 4359 3594 4412 δὲ
3627 4377 3758 4431 σαρ-

2176 4448 2270 4511 κὸς
2310 4448 2627 4514 ἀνάστασιν,
2667 4449 2806 4502 ἀλλά
2841 4449 2999 4519 μόνον
3041 4450 3238 4521 ψυχῆς.
3269 4451 3757 4523 Ἀναθεματίζουσί

2175 4558 2235 4594 τε
2269 4540 2329 4593 τὸ
2360 4540 2603 4612 λουτρὸν,
2632 4543 2734 4595 κάν
2761 4559 2818 4594 τε
2852 4538 2964 4596 εἶέν
2993 4561 3136 4607 τινες
3156 4545 3215 4596 ὲν
3241 4544 3424 4608 αὐτοῖς
3453 4546 3755 4616 προειλημ-

2180 4630 2331 4701 μένοι
2385 4633 2480 4684 καὶ
2528 4632 2965 4704 βεϐαπτισμένοι.
3008 4635 3121 4705 Τήν
3167 4651 3227 4687 τε
3279 4635 3389 4689 τῶν
3441 4637 3758 4707 μυστηρίων

2183 4725 2418 4796 μετοχὴν
2467 4727 2561 4778 καὶ
2612 4725 2926 4797 ἀγαθότητα
2979 4726 3296 4794 ἀθετοῦσιν,
3339 4729 3415 4792 ὼς
3469 4729 3757 4801 ἀλλοτρίαν

2176 4813 2360 4883 οὖσαν,
2401 4819 2494 4871 καὶ
2541 4816 2622 4881 εἰς
2655 4818 2824 4890 ὅνομα
2865 4819 3091 4873 Σαϐαὼθ
3121 4822 3542 4892 γεγενημένηνν
3569 4823 3757 4876 τοῦτον

2177 4908 2286 4980 γάρ
2315 4908 2560 4962 θέλουσιν
2599 4907 2737 4963 εἶναι
2769 4912 2912 4965 κατά
2949 4930 3100 4976 τινας
3128 4913 3236 4967 τῶν
3274 4914 3451 4968 ἄλλων
3493 4915 3758 4986 αἱρέσεων

2181 5000 2239 5051 ἑν
2273 4998 2347 5069 τῷ
2373 4999 2584 5070 ἑϐδόμῳ
2636 5001 2850 5072 οὖρανῷ
2887 5003 3254 5074 τυραννοῦντα
3277 5045 3292 5070 ,
3326 5005 3420 5058 καὶ
3465 5007 3610 5060 κατὰ
3650 5006 3758 5059 τῶν

2177 5090 2350 5144 ἄλλων
2380 5091 2758 5161 κατισχύοντα.
2785 5093 2990 5165 Βρῶμα
3019 5095 3076 5146 δὲ
3116 5095 3363 5164 λέγουσιν
3393 5093 3532 5150 εἶναι
3572 5098 3758 5167 ἀρχῶν

2176 5182 2270 5234 καὶ
2295 5181 2553 5246 ἐξουσιῶν
2570 5183 2669 5254 τὴν
2699 5186 2897 5256 ψυχήν.
2925 5187 3086 5239 Ἄνευ
3114 5187 3172 5240 δὲ
3200 5189 3364 5241 αὐτοῦ
3396 5190 3471 5260 μὴ
3497 5190 3759 5243 δύνασθαι

2175 5275 2372 5339 αὐτοὺς
2400 5276 2518 5346 ζῇν,
2552 5275 2638 5328 διὰ
2673 5277 2733 5330 τὸ
2780 5279 2888 5332 ἀπὸ
2929 5279 3028 5348 τῆς
3067 5279 3276 5333 ἄνωθεν
3321 5281 3548 5350 ἰκμάδος
3585 5281 3758 5352 αὐτὴν

2181 5364 2340 5434 εἶναι,
2368 5369 2464 5421 καὶ
2507 5369 2736 5441 δύναμιν
2777 5372 2961 5437 αὐτοῖς
2998 5373 3280 5445 πφέχειν.
3328 5374 3415 5426 Ἐν
3455 5372 3657 5440 γνώσει
3702 5375 3758 5427 δὲ
3813 5367 3829 5379 ”

2179 5458 2384 5528 ταύτην
2409 5461 2726 5534 γενομένην,
2777 5464 2871 5517 καὶ
2914 5464 3193 5534 φυγοῦσαν
3229 5467 3289 5520 τὸ
3339 5465 3621 5538 Βάπτισμα
3666 5468 3759 5537 τῆς
