4156 6358
321 370 419 428 681

994 370 1364 427 ADVERSUS
1405 371 1740 426 ll/ERESES
1778 370 1908 427 LIB.
1950 371 1993 427 1.
2039 369 2205 427 ΤΟΝΙ.
2248 370 2335 426 lll.
2361 401 2430 410 ——
2471 368 2743 425 ll/ERES.
2781 369 2896 425 XL.

3496 368 3607 427 682

335 481 684 552 Ἐκκλησίας.
716 483 810 537 καὶ
835 483 895 537 τὸ
929 483 1101 554 ὄνομα
1129 484 1224 538 τοῦ
1261 484 1484 538 Σαϐαὼθ
1520 485 1611 537 τοῦ
1640 485 1729 537 τὸν
1750 485 1910 554 νόμον

2028 494 2182 538 .cstrs
2210 485 2391 548 orbes,
2430 500 2595 553 seque
2623 484 2764 552 apud
2792 500 3234 556 unamquamque
3273 493 3602 561 potestatem

325 576 637 639 δεδωκότος,
671 577 878 630 ἀνιέναι
908 577 1030 630 καθ’
1064 578 1296 630 ἕκαστον
1340 578 1589 648 οὐρανὸν,
1646 578 1738 630 καὶ
1771 580 1906 632 ἀπο-

325 667 512 736 λογίαν
554 668 753 721 διδόναι
792 669 996 740 ἑκάστη
1023 668 1271 741 ἐξουσίᾳ·
1305 670 1402 723 καὶ
1441 669 1614 734 οῦτως
1647 669 1907 741 ὐπερὸαίυ

326 779 439 814 νειν
470 762 606 833 πρὸς
656 763 755 832 τὴν
801 763 1080 834 ἀνωτέραν
1125 763 1355 835 Μητέρα
1403 763 1499 815 καὶ
1542 763 1763 833 Πατέρα
1801 761 1909 814 τῶν

325 853 483 916 ὅλων,
513 855 635 907 ὅθεν
680 855 742 925 δὴ
779 855 1046 924 κατῆλθεν
1087 856 1166 918 εἰς
1198 855 1349 907 τόνδε
1379 855 1470 907 τὸν
1505 855 1729 925 κόσμον.
1769 853 1906 924 Ἤδη

322 945 384 998 δέ
413 940 588 1009 εἷπον,
615 946 690 1010 ὼς
716 947 1172 1017 ἀναθεματίζουσι
1199 947 1260 1000 τὸ
1299 947 1598 1017 βάπτισμα.
1633 947 1715 1012 ὡς
1742 945 1911 1015 μυῖαι

328 1039 696 1094 θανατοῦσαι
728 1041 1097 1110 σαπριοῦσαι
1139 1041 1484 1094 σκευασίαν
1522 1040 1733 1093 ἐλαίου
1770 1039 1912 1107 ἡδύ-

326 1144 590 1198 σματος·
635 1129 712 1192 ὡς
750 1131 842 1182 ἐπὶ
877 1129 1084 1183 τούτων
1133 1131 1228 1184 καὶ
1261 1130 1370 1183 τῶν
1415 1131 1615 1200 ὁμοίων
1659 1131 1844 1193 αὐτοῖς
1877 1132 1911 1201 ἡ

327 1221 616 1292 παραϐολὴ
648 1221 726 1292 τῷ
749 1222 1150 1295 Ἐκκλησιαστῇ
1183 1224 1418 1294 εἴρηται.
1439 1224 1610 1276 Μυῖαι
1637 1223 1745 1292 γάρ
1775 1225 1912 1276 εἰσιν

327 1313 546 1383 ἀληθῶς
597 1313 953 1376 θανατοῦσαι,
1005 1315 1100 1368 καὶ
1143 1314 1371 1368 θάνατον
1423 1315 1778 1385 ἐμποιοῦσαι,
1817 1316 1916 1369 καὶ

331 1405 689 1476 σαπρίζουσαι
718 1406 780 1459 τὸ
814 1406 1116 1476 μυρεψικὸν
1139 1407 1318 1460 ἔλαιον
1349 1408 1445 1461 τοῦ
1478 1408 1811 1478 ἡδύσματος,
1846 1409 1916 1460 τὰ

328 1498 461 1566 am
492 1501 588 1552 τοῦ
618 1498 754 1552 Θεοῦ
793 1500 1069 1571 μυστήρια
1114 1500 1182 1552 τὰ
1210 1503 1267 1553 ἐν
1294 1499 1373 1570 τῷ
1418 1499 1631 1569 λουτρῷ
1669 1501 1800 1570 ἡμῖν
1834 1502 1913 1564 εἰς

329 1589 522 1657 ἄφεσιν
548 1588 833 1661 ἁμαρτιῶν
864 1590 1260 1662 κεχαρισμένα.
1579 1575 1582 1578 ’

400 1682 474 1733 Γ’.
515 1681 827 1752 Θαυμάσειε
865 1682 909 1735 δ’
945 1681 1010 1734 ἄν
1046 1699 1129 1744 τις
1155 1680 1331 1752 εὑρὼν
1363 1681 1456 1735 καὶ
1487 1682 1636 1752 παρά
1673 1683 1785 1744 τοῖς
1815 1699 1916 1750 φυ-

2011 593 2333 632 cxcusare:
2387 577 2578 645 sicque
2641 575 2705 628 ad
2765 592 3081 646 supremam
3152 577 3378 632 Matrem
3441 588 3604 649 atque

2016 671 2265 724 omnium
2300 670 2588 739 pervenire
2610 667 2924 735 Parentcm,
2955 685 2982 724 a
3019 686 3130 740 quo
3164 673 3220 726 in
3266 673 3414 726 [tunc
3443 689 3572 726 mun
3595 707 3608 714 -

2013 762 2140 815 dum
2197 763 2418 832 delapsa
2464 762 2554 816 sit.
2598 760 2848 816 Diximus
2891 762 3227 832 baptismum
3265 764 3332 816 ab
3364 764 3474 817 illis
3517 779 3607 818 re-

2010 854 2128 923 jici.
2169 853 2310 906 Nam
2341 870 2534 907 must
2568 855 2846 908 mmientes
2875 854 3098 924 perdunt
3149 858 3463 910 suavitatem
3503 874 3606 932 un.-

2011 944 2190 1013 guenti
2222 959 2238 996 :
2271 945 2414 1013 quod
2443 943 2510 998 de
2541 943 2659 997 istis
2681 987 2694 1009 ,
2729 960 3030 1014 eorumque
3064 945 3337 1001 similibus
3377 961 3608 1016 prover-

2017 1036 2092 1090 bii
2147 1037 2330 1105 specie
2354 1035 2712 1091 Ecclesiastes
2748 1038 3131 1105 pronuntiat'.
3178 1036 3377 1093 Musca:
3400 1040 3604 1109 quippe

2011 1136 2144 1185 sunt
2199 1128 2515 1190 mortiferae,
2569 1145 2690 1198 quae
2718 1130 2998 1183 conditum
3045 1146 3075 1183 τι
3124 1129 3457 1200 seplasiariis
3505 1147 3607 1184 un-

2017 1225 2278 1288 guentum
2334 1216 2607 1282 inﬁciunt,
2659 1217 2843 1271 divina
2887 1217 3139 1272 videlicet
3175 1220 3452 1289 mysteria,
3488 1235 3610 1300 quin

2017 1309 2083 1362 ad
2129 1317 2483 1378 peccatorum
2526 1309 2989 1364 condonationcm
3040 1311 3200 1367 nobis
3235 1313 3287 1366 in
3333 1311 3608 1382 baptismo

2017 1401 2215 1455 collata
2253 1411 2401 1457 sunt.

2090 1681 2174 1735 Ill.
2246 1681 2536 1736 Enimvero
2601 1682 2789 1735 mirari
2846 1684 3118 1754 quispiam
3187 1687 3322 1739 illud
3384 1691 3608 1756 poterit,

332 1780 596 1849 σιολόγοις
627 1779 750 1832 τινὰ
776 1780 1044 1850 ὠφελείας
1067 1778 1300 1850 ἔμπλεα,
1333 1777 1688 1841 ἀπεικασθεὶς
1720 1781 1785 1848 τῇ
1818 1778 1917 1848 τῆς

2028 1789 2184 1844 quam
2223 1774 2392 1826 multa
2426 1773 2478 1826 in
2515 1775 2848 1827 naturalium
2879 1791 3062 1829 rerum
3096 1777 3467 1847 scriptoribus
3505 1783 3612 1837 uti-

332 1843 591 1944 μελίττης
641 1843 897 1938 συνέσει,
935 1873 1033 1940 τῆς
1067 1843 1152 1941 ἐφ’
1184 1871 1400 1925 ἅπαντα
1437 1870 1534 1942 μὲν
1565 1869 1633 1922 τὰ
1683 1843 1916 1939 βλαστῆ-

2028 1843 2193 1922 litatis
2221 1867 2381 1937 plena
2415 1866 2669 1937 reperiat,
2705 1867 2750 1921 si
2782 1868 2904 1937 apis
2929 1869 3060 1923 velit
3111 1843 3316 1926 imitari
3367 1873 3610 1942 pruden-

335 1981 484 2034 ματα
517 1962 916 2035 ὲφιζανούσης,
979 1963 1052 2016 τὰ
1083 1965 1334 2034 χρήσιμα
1379 1962 1438 2015 δέ
1488 1964 1654 2032 ἑαυτῇ
1702 1963 1920 2014 ἐπισυν-

329 2055 590 2126 αγούσης.
635 2054 698 2110 Ὀ
745 2054 853 2127 γάρ
894 2055 1112 2118 συνετὸς
1151 2054 1436 2126 ἄνθρωπος
1471 2053 1768 2125 οὐδαμόθεν
1821 2053 1919 2126 ζη-

335 2146 554 2217 μιοῦται
576 2186 590 2210 ,
625 2145 742 2200 ἀλλ’
767 2147 802 2213 ἢ
847 2145 1184 2215 πανταχόθεν
1212 2145 1525 2217 κερδαίνει·
1562 2145 1822 2208 ἀσύνετος
1865 2144 1921 2196 δέ

333 2237 744 2310 ζημιωθήσεται
763 2279 779 2305 ,
807 2239 884 2302 ὡς
916 2238 1012 2292 καὶ
1049 2240 1078 2291 ὁ
1099 2236 1256 2306 ἅγιος
1287 2239 1573 2309 προφήτης
1603 2237 1789 2306 λέγει·
1828 2237 1924 2302 Τίς

332 2331 611 2397 συνετὸς,
643 2331 744 2385 καί
769 2329 1031 2399 συνήσει
1050 2329 1272 2394 ταῦτα;
1295 2331 1394 2383 καὶ
1427 2333 1460 2383 ό
1487 2330 1670 2398 λόγος
1697 2329 1922 2397 Κυρίου

327 2419 507 2487 ἐστὶ,
542 2421 642 2475 καὶ
680 2420 972 2492 γνώσεται
1022 2419 1214 2482 αὐτὰ,
1269 2420 1361 2473 ὅτι
1418 2419 1640 2473 εὐθεῖαι
1691 2422 1751 2472 αἱ
1797 2418 1924 2472 ὁδοὶ

335 2513 560 2580 Κυρίου
583 2532 596 2543 ·
649 2513 889 2579 ἀσεϐεῖς
926 2511 995 2565 δὲ
1047 2511 1508 2579 ἀσθενήσουσιν
1556 2512 1628 2564 ἐν
1677 2509 1924 2575 αὺταῒς;

337 2607 586 2678 Εὖρομεν
635 2604 744 2677 γὰρ
779 2605 874 2659 καὶ
912 2603 1065 2677 παρά
1116 2607 1228 2668 τοῖς
1267 2604 1624 2676 καλουμένοις
1675 2602 1926 2672 φυσιολό-

335 2717 488 2770 γοις,
543 2697 744 2768 μᾶλλον
793 2697 850 2750 δὲ
899 2698 1060 2768 ἡμεῖς
1092 2697 1247 2750 αὐτοὶ
1293 2696 1549 2770 ὁρῶμεν,
1599 2696 1675 2759 ὡς
1719 2696 1782 2748 τὸ
1817 2695 1926 2749 τῶν

335 2792 629 2865 κανθάρων
659 2791 816 2859 γένος
851 2790 964 2861 (56)
991 2790 1053 2842 τὸ
1080 2790 1233 2861 παρά
1259 2807 1368 2843 τισι
1409 2788 1641 2860 βυλάρον
1667 2787 1930 2860 καλούμε-

338 2902 429 2938 νον
449 2924 463 2947 ,
507 2883 795 2955 συνήθειαν
843 2883 956 2953 ἔχει
992 2884 1050 2936 ἐν
1080 2886 1146 2954 τῇ
1177 2882 1412 2953 δυσωδίᾳ
1441 2883 1536 2937 καὶ
1571 2883 1761 2956 κόπρῳ
1791 2884 1926 2936 ἀνα-

339 2977 664 3042 κυλίεσθαι,
701 2977 796 3030 καὶ
829 2975 966 3047 αὕτη
1001 2976 1186 3039 αὐτοῖς
1214 2977 1386 3047 τροφή
1415 2993 1475 3028 τε
1514 2977 1611 3029 καὶ
1655 2976 1887 3049 ἐργασία
1911 2992 1925 3005 ’

337 3071 520 3135 ἄλλοις
571 3069 629 3124 δὲ
674 3069 774 3142 τὴν
814 3069 987 3140 αὐτὴν
1019 3067 1212 3121 τούτου
1248 3066 1559 3139 βορϐορὼδη
1586 3067 1812 3140 τροφὴν,
1850 3069 1929 3132 εἰς

343 3163 442 3234 μὲν
492 3161 788 3233 ἐπάχθειαν
837 3160 934 3214 καὶ
986 3160 1301 3230 δυσοδμίαν.
1342 3160 1454 3214 Καὶ
1507 3160 1792 3232 μελίσσαις
1830 3161 1928 3232 μὲν
1957 3190 1999 3247 C

339 3256 550 3328 αῦτηή
599 3255 802 3326 κόπρος
851 3254 945 3308 καὶ
993 3253 1226 3307 δυσωδία
1265 3252 1528 3318 θάνατος,
1570 3253 1824 3325 βυλάροις
1873 3253 1931 3307 δέ

342 3353 488 3402 ἐστιν
520 3347 754 3420 ἐργασία
802 3348 897 3400 καὶ
927 3346 1100 3419 τροφὴ
1155 3345 1250 3400 καὶ
1283 3347 1660 3418 πραγματεία.
1699 3348 1834 3410 Ταῖς
1872 3347 1930 3401 δὲ

345 3443 630 3514 μελίσσαις
663 3441 969 3495 τούναντίον
997 3442 1029 3509 ἡ
1060 3438 1283 3510 εὐοδμία
1315 3440 1409 3492 καὶ
1432 3439 1501 3491 τὰ
1532 3438 1666 3510 ἄνθη
1688 3480 1703 3505 ,
1745 3439 1838 3492 καὶ
1864 3439 1931 3492 τὰ

345 3535 496 3605 μύρα
547 3536 628 3598 είς
659 3531 973 3602 ἀναψυχὴν,
1011 3531 1187 3584 κτίσιν
1215 3546 1275 3582 τε
1324 3529 1420 3582 καὶ
1459 3528 1658 3600 ἐδωδὴν
1681 3571 1696 3595 ,
1731 3532 1810 3592 είς
1841 3530 1932 3599 ἐρ-

340 3626 541 3695 γασίαν
574 3641 634 3677 τε
664 3625 759 3677 καὶ
798 3621 1185 3696 πραγματείαν
1204 3635 1219 3652 ⁸
1259 3621 1373 3684 τοῖς
1403 3619 1459 3672 δὲ
1489 3619 1783 3691 κανθάροις
1819 3621 1933 3682 τοῖς

342 3716 766 3789 προειρημένοις
790 3755 804 3780 ,
835 3716 932 3768 εἴτ’
961 3711 1055 3769 οὖν
1085 3715 1372 3787 βυλάροις,
1408 3713 1627 3766 ἐναντία
1653 3711 1722 3764 τὰ
1749 3711 1933 3765 τοιαῦ-

342 3827 432 3864 τα.
473 3811 533 3862 '0
568 3809 676 3880 γὰρ
709 3807 1030 3880 βουλόμενος
1058 3807 1282 3871 τούτους
1314 3805 1628 3878 δοκιμάσαι,
1663 3803 1740 3868 ὥς
1769 3821 1933 3873 φασιν

341 3904 395 3956 οί
419 3901 764 3972 φυσιολόγοι,
798 3901 906 3954 ἀπὸ
942 3901 1114 3972 μύρου
1135 3942 1150 3966 ,
1195 3917 1268 3970 φη
1278 3900 1338 3970 μὶ
1363 3899 1420 3952 δὲ
1448 3897 1832 3968 ὀποϐαλσάμου
1854 3936 1868 3960 ,
1897 3897 1931 3968 ἢ

345 3995 540 4068 νάρδου
564 3993 766 4054 λαϐὼν.
798 3993 891 4046 καὶ
922 3992 1296 4062 προσενέγκας
1323 3993 1436 4054 τοῖς
1477 3989 1770 4062 κανθάροις
1793 4029 1808 4053 ,
1839 3987 1932 4041 θά-

346 4104 504 4142 νατον
534 4086 717 4147 αὐτοῖς
740 4086 978 4155 ἐμποιεῖ.
1020 4083 1198 4148 Εὐθὺς
1226 4085 1336 4155 γάρ
1373 4082 1688 4144 τελευτῶσι,
1733 4082 1808 4152 μὴ
1840 4081 1933 4150 φέ-

349 4195 534 4251 ροντες
561 4177 660 4249 τὴν
686 4176 934 4229 εὐωδίαν.
972 4175 1129 4229 Οὕτω
1159 4175 1254 4228 καὶ
1291 4167 1458 4238 οῦτοι,
1492 4173 1592 4244 τῆς
1634 4172 1734 4243 μὲν
1764 4173 1932 4241 γαλή-

345 4289 443 4341 νης
477 4273 518 4338 ¹,
552 4270 648 4323 καὶ
676 4268 933 4340 πορνείας
957 4307 972 4332 ,
1000 4268 1096 4322 καὶ
1124 4267 1324 4332 κακίας
1365 4267 1684 4339 ὀρεγόμενοι
1697 4275 1724 4330 ',
1755 4267 1834 4329 είς
1864 4265 1934 4318 τὰ

344 4363 561 4434 πονηρά
592 4362 774 4432 έχουσι
801 4361 898 4433 τὴν
944 4360 1151 4416 ἑαυτῶν
1176 4361 1368 4415 ἐλπίδα
1387 4377 1400 4391 ·
1439 4361 1838 4431 πλησιάσαντες
1875 4358 1934 4413 δέ

343 4454 420 4523 τῷ
451 4453 590 4522 ἁγίῳ
617 4452 826 4524 λουτρῷ
846 4452 942 4504 καὶ
962 4453 1028 4522 τῇ
1059 4450 1306 4522 εὐοδμίᾳ,
1341 4450 1777 4521 ἀποθνήσκουσιν
1801 4489 1816 4512 ,
1851 4450 1932 4510 εἰς

2021 1959 2174 2015 tiam.
2210 1974 2333 2026 qua:
2380 1957 2624 2012 ﬂosculis
2672 1959 2932 2014 omnibus
2967 1959 3211 2017 insidens
3246 1961 3614 2036 undecunque

2023 2049 2126 2104 sibi
2158 2049 2311 2104 utilia
2349 2049 2573 2118 colligit.
2606 2049 2821 2104 Etenim
2855 2050 2937 2103 vir
2969 2052 3210 2121 prudens
3229 2067 3293 2108 ac
3323 2056 3614 2126 perspicax

2024 2143 2173 2196 nulla
2205 2159 2271 2197 ex
2301 2157 2362 2197 re
2391 2142 2782 2197 detrimentum
2817 2143 2984 2214 capit,
3024 2145 3118 2199 sed
3167 2162 3233 2200 ex
3277 2148 3428 2202 omni
3460 2164 3615 2204 occa-

2021 2236 2177 2291 sione
2223 2235 2511 2302 lueratur;
2583 2234 2904 2305 imprudens
2975 2244 3164 2292 contra
3201 2238 3613 2295 incommodum

2026 2343 2089 2382 ac
2117 2330 2381 2382 damnum
2408 2327 2660 2398 percipit,
2696 2331 3016 2383 utisanctus
3044 2330 3305 2400 praplteta
3335 2341 3570 2388 testatur
3596 2352 3612 2389 :

2027 2421 2160 2487 Quis
2182 2423 2412 2489 sapiens.
2455 2431 2502 2474 et
2528 2421 2780 2490 intelliget
2805 2421 2914 2475 lucc
2934 2424 2958 2475 ?
2977 2434 3024 2476 et
3047 2426 3254 2476 verbum
3285 2423 3499 2478 Domini
3515 2437 3612 2489 est,

2027 2523 2072 2565 et
2101 2520 2371 2580 cognoscet
2393 2513 2546 2568 ista!
2580 2515 2830 2582 quoniam
2873 2523 3028 2567 recta:
3071 2515 3168 2568 via:
3193 2514 3406 2570 Domini
3430 2533 3446 2570 :
3470 2519 3618 2586 impii

2027 2614 2202 2658 autem
2225 2603 2640 2674 inﬁrmabantur
2669 2608 2723 2659 in
2744 2607 2818 2660 eis
2837 2605 2898 2658 ’?
2928 2606 3087 2676 Apud
3113 2608 3236 2664 illos
3266 2609 3452 2679 igitur,
3477 2627 3616 2681 quos

2029 2699 2164 2765 dixi,
2199 2699 2532 2753 naturalium
2594 2715 2781 2753 rerum
2832 2701 3134 2771 scriptores
3171 2702 3505 2768 invenimus,
3533 2704 3617 2758 vel

2031 2791 2248 2860 ipsimet
2278 2793 2462 2861 potius
2490 2792 2798 2858 cernimus;
2824 2791 3229 2846 scarabaaorum
3257 2808 3449 2864 genus,
3470 2795 3617 2864 quod

2031 2899 2062 2937 a
2097 2882 2430 2953 quibusdam
2481 2883 2732 2954 bylarum
2781 2891 3034 2949 vocatur,
3071 2884 3124 2938 in
3161 2884 3332 2940 fetore
3377 2901 3443 2940 ac
3477 2895 3620 2942 ster-

2030 2991 2158 3030 core
2183 2976 2418 3030 volutari
2451 2977 2652 3042 solere,
2679 2977 2995 3046 unicunque
3022 2977 3130 3031 illis
3156 2978 3289 3048 ipsis
3311 2987 3366 3034 et
3387 2979 3618 3034 alimen-

2030 3076 2146 3122 tum
2178 3076 2232 3122 et
2261 3084 2398 3136 Opus
2426 3085 2570 3132 esse,
2603 3084 2728 3123 cum
2767 3071 2891 3126 aliis
2921 3071 3079 3127 dirus
3125 3087 3189 3126 ac
3224 3071 3480 3128 sordidus
3529 3071 3621 3129 ille
3677 3134 3682 3137 _

2032 3162 2191 3217 cibus
2220 3163 2524 3226 molestiam
2565 3179 2629 3216 ac
2665 3180 2925 3220 nauseam
2961 3164 3158 3235 pariat.
3192 3163 3329 3218 Nam
3362 3165 3455 3235 qui
3491 3180 3621 3236 apes

2037 3255 2197 3309 ﬁmus
2233 3271 2298 3309 ac
2351 3255 2493 3310 fetor
2531 3255 2812 3318 interﬁcit,
2868 3255 3162 3311 scarabaais
3201 3256 3519 3311 alimentum
3554 3273 3619 3312 ac

2034 3348 2318 3403 materiam
2364 3349 2571 3419 praebet
2623 3349 2829 3419 operis,
2861 3359 2920 3403 ut
2954 3349 3063 3405 illis
3095 3348 3256 3405 ﬂores
3294 3360 3348 3404 et
3387 3351 3619 3405 odorum

2037 3441 2358 3512 fragrantia,
2412 3452 2577 3512 atque
2631 3449 3036 3512 unguentorum
3097 3444 3386 3499 suavitas:
3422 3443 3622 3514 quibus

2035 3533 2292 3588 omnibus
2315 3533 2382 3587 ad
2410 3535 2856 3599 oblectationem,
2886 3543 2941 3590 et
2963 3534 3319 3598 melliﬁcium,
3353 3550 3416 3588 ac
3437 3535 3644 3590 cibum-

2035 3636 2090 3679 et
2140 3626 2321 3696 cperis
2373 3626 2820 3680 exercitationem
2875 3633 3125 3681 utuntur.
3161 3625 3466 3682 Scarabaeis
3493 3643 3623 3682 vero

2035 3718 2195 3788 longe
2240 3718 2354 3772 liazc
2401 3718 2681 3772 contraria
2719 3725 2867 3772 sunt.
2902 3719 3067 3791 294
3095 3719 3198 3786 Qui
3228 3722 3374 3775 enim
3406 3721 3624 3792 pericu-

2034 3808 2146 3862 lum
2209 3807 2390 3863 facere
2432 3808 2686 3871 voluerit,
2721 3816 2780 3861 ut
2826 3808 3130 3880 physiologi
3163 3810 3406 3875 tradunt,
3443 3811 3488 3866 si
3520 3827 3624 3864 uu-

2035 3909 2317 3970 gnentum,
2356 3908 2488 3970 puta
2536 3902 2975 3970 opobalsamum,
3008 3911 3102 3956 aut
3146 3904 3377 3957 nardum
3430 3919 3618 3957 scara«

2034 3991 2168 4045 bazis
2224 3992 2550 4055 admoveat,
2624 3994 2789 4048 letum
2847 3995 2956 4048 illis
3005 3993 3180 4048 alTert.
3228 3993 3424 4048 Statim
3474 3995 3622 4050 enim

2036 4082 2308 4136 suavitate
2339 4083 2526 4139 odoris
2555 4092 2874 4139 cnecantur.
2897 4085 2990 4139 Sic
3018 4086 3259 4141 haaretici
3286 4087 3360 4140 illi
3396 4095 3620 4158 stupro-

2034 4187 2156 4226 rum
2191 4187 2254 4227 ac
2283 4173 2592 4237 libidinum,
2639 4180 2696 4230 et
2742 4174 3000 4244 nequitia:
3049 4175 3230 4231 omnis
3279 4184 3619 4246 appetentes,

2034 4265 2288 4334 pessimis
2315 4265 2371 4319 in
2396 4267 2560 4321 rebus
2588 4283 2738 4337 spem
2769 4283 2924 4322 suam
2946 4268 3254 4333 collocant;
3286 4284 3410 4324 mox
3439 4277 3620 4325 autem

2038 4361 2096 4406 ut
2131 4354 2198 4408 ad
2231 4370 2448 4410 sacrum
2496 4357 2828 4426 baptismum
2859 4365 2914 4411 et
2945 4357 3297 4430 lragrantiam
3341 4359 3489 4414 illam
3526 4375 3622 4414 ac-

2036 4447 2324 4511 cesserint,
2361 4445 2694 4514 moriuntur,
2731 4451 3176 4520 blasphemantes
3210 4451 3400 4515 Deum,
3435 4469 3497 4506 ac
3532 4456 3624 4509 do-

346 4547 436 4598 τθιν
467 4545 600 4597 Θεὸν
635 4542 1080 4615 βλασφημοῦντες
1103 4583 1117 4605 ,
1170 4543 1262 4596 καὶ
1296 4543 1393 4614 τὴν
1424 4542 1603 4596 αὐτῶν
1635 4542 1926 4613 κυριότητα

2037 4535 2396 4592 minationem
2428 4537 2550 4608 ejus
2584 4547 2927 4610 spernentes.

346 4637 686 4700 ἀθετοῦντες.

419 4733 493 4783 Δ’.
551 4730 645 4782 Ἐκ
683 4731 810 4800 μιᾶς
856 4729 913 4781 δέ
941 4729 972 4800 ἢ
1000 4728 1092 4780 δύο
1127 4727 1442 4801 μαρτυριῶν
1472 4725 1671 4788 αὐτοὺς
1699 4725 1931 4798 ἀνατρέ-

345 4824 539 4892 ψομεν.
591 4821 654 4873 Εἰ
701 4821 808 4892 γάρ
850 4821 943 4874 καὶ
989 4821 1155 4891 ἀρχαὶ
1188 4820 1280 4874 καὶ
1311 4818 1548 4886 ἐξουσίαι
1575 4817 1927 4889 καλούμεναι,

346 4917 446 4967 οὐκ
475 4913 631 4976 ἐκτὸς
663 4913 798 4966 Θεοῦ
836 4907 994 4966 αῦται
1024 4913 1279 4982 γεγόνασι
1305 4952 1320 4976 ,
1355 4911 1588 4982 μάλιστα
1625 4915 1681 4965 ἐν
1707 4915 1817 4976 τοῖς
1843 4913 1932 4965 οὐ-

350 5007 553 5075 ρανοῖς.
596 5001 717 5057 υἷδε
744 5003 852 5074 γὰρ
883 5006 916 5074 ἡ
940 5005 1129 5074 Γραφὴ
1166 5003 1344 5072 λέγειν
1384 5002 1650 5071 ἀγγέλους
1683 5004 1777 5058 καὶ
1801 5004 1936 5074 ἀρχ-

349 5097 615 5166 αγγέλους
639 5139 654 5162 ,
699 5098 800 5150 οὐκ
851 5098 932 5160 εἰς
969 5096 1321 5168 ἐναντιότητα
1354 5095 1723 5166 τεταγμένους
1747 5139 1761 5161 ,
1799 5096 1934 5148 ἀλλά

347 5188 695 5261 λειτουργικὰ
736 5188 1025 5258 πνεύματα
1067 5190 1148 5252 εἰς
1184 5187 1459 5240 διακονίαν
1492 5187 1935 5257 ἀποστελλόμενα

347 5283 434 5336 διὰ
465 5284 590 5344 τοὺς
626 5281 916 5350 μέλλοντας
949 5279 1305 5352 κληρονομεῖν
1327 5278 1623 5350 σωτηρίαν.
1669 5279 1779 5331 Καὶ
1824 5279 1933 5348 γάρ

350 5375 438 5427 ἐπὶ
469 5375 567 5444 τῆς
600 5375 702 5444 γῆς
757 5372 878 5426 καθ’
909 5373 1149 5443 ἑκάστην
1193 5371 1470 5441 βασιλείαν
1515 5370 1706 5424 πολλαὶ
1742 5373 1929 5442 ἀρχαὶ,

425 5532 440 5560 ¹
469 5531 734 5600 Suspecta
758 5531 892 5585 mihi
914 5545 1018 5585 vox
1038 5538 1123 5586 est
1149 5529 1413 5601 γαλήνης.
1490 5531 1511 5561 ¹
1547 5527 1730 5586 Eccle.
1768 5545 1823 5593 x,
1855 5530 1908 5585 1.

2110 4720 2197 4776 IV.
2240 4721 2390 4790 Quos
2417 4707 2634 4794 quidem
2660 4742 2768 4780 uno
2799 4727 2879 4780 vel
2912 4728 3084 4782 altero
3117 4728 3432 4783 testimonio
3457 4728 3624 4800 jugu-

2042 4815 2297 4869 Ianimus.
2331 4816 2464 4869 Nam
2494 4819 2538 4871 si
2573 4835 2712 4889 quos
2737 4821 3078 4891 principatus
3103 4837 3167 4876 ac
3196 4829 3489 4891 potestates
3520 4837 3618 4877 vo-

2040 4923 2252 4972 camus,
2292 4909 2414 4964 sine
2467 4909 2579 4964 Deo
2615 4912 2838 4967 minime
2867 4916 3305 4978 constituuntur,
3343 4915 3393 4967 id
3419 4915 3473 4968 in
3511 4930 3621 4969 cm—

2041 5003 2106 5057 lis
2134 5003 2268 5073 ipsis
2301 5005 2478 5059 locum
2506 5007 2708 5062 habere
2739 5007 2976 5062 maxime
3001 5008 3180 5064 debet.
3218 5009 3451 5078 Angelos
3474 5008 3619 5062 enim

2040 5103 2090 5149 et
2127 5094 2487 5169 areliangelos
2538 5099 2822 5169 Scriptura
2865 5109 3275 5162 commemorat,
3311 5117 3420 5153 non
3471 5100 3620 5168 ejus-

2040 5189 2182 5242 modi
2236 5197 2293 5242 ut
2342 5192 2602 5244 contrarii
2641 5191 2751 5247 Deo
2788 5193 2899 5247 sint
2933 5212 2946 5246 :
2985 5194 3079 5248 sed
3117 5192 3620 5247 administratorios

2036 5281 2264 5350 spiritus
2293 5282 2361 5336 ad
2394 5283 2754 5338 ministerium
2788 5287 3008 5350 missos,
3042 5295 3262 5354 propter
3283 5301 3375 5340 eos
3396 5286 3488 5354 qui
3519 5285 3620 5338 Inc-

2035 5374 2319 5430 reditatem
2358 5377 2585 5446 capiunt
2628 5379 2823 5433 salutis
2853 5388 2892 5433 '.
2934 5379 2990 5434 Si
3015 5379 3232 5450 quidem
3275 5390 3328 5432 et
3378 5380 3432 5431 in
3472 5387 3619 5432 terra

1994 5530 2014 5561 ³
2045 5529 2168 5586 Ose.
2196 5548 2308 5598 xw,
2333 5532 2422 5588 l0.
2501 5532 2522 5561 ‘
2548 5532 2712 5588 Hebr.
2748 5551 2788 5598 ι,
2824 5535 2910 5588 Η.

422 5688 534 5764 (illi)
585 5688 682 5750 Ὠς
699 5687 763 5738 τὸ
796 5685 915 5764 τῶν
948 5683 1262 5753 κανθάρων
1291 5687 1486 5760 γένος.
1540 5687 1658 5742 Non
1681 5685 1926 5757 displicet

2028 5686 2207 5743 >rnarii
2243 5687 2425 5756 lectio,
2458 5689 2553 5760 qui
2610 5689 2974 5746 Philolai-ium
3015 5692 3163 5763 legit.
3191 5692 3328 5747 Nam
3376 5691 3614 5764 Βύλαρον

350 5757 482 5810 illud
511 5776 612 5811 non
642 5759 888 5822 expedio.

673 5850 939 5908 Pnnoc.
980 5851 1094 5908 Gn.
1134 5849 1298 5910 XLI.

3209 5852 3290 5912 22
