4156 6358
502 360 609 418 C85
1914 358 1973 414 S.
2014 350 2361 413 EPIPIIANII
3680 359 3786 415 68$

503 479 787 550 quodlibet
821 496 1050 553 regnum
1073 481 1262 553 plures
1280 481 1447 540 habet
1475 481 1819 554 principatus
1851 481 1945 535 uni
1977 477 2092 548 regi

2208 479 2343 534 ἀλλὰ
2383 480 2488 539 ὑπὸ
2526 481 2626 536 ἕνα
2667 481 2910 554 βασιλέα.
2943 483 3011 535 At
3057 479 3169 552 γὰρ
3198 475 3378 536 οὖσαι
3419 477 3692 544 ἐξουσίαι
3718 480 3788 531 ἐκ

504 572 806 640 subjectos.
828 574 961 640 Quae
987 575 1126 628 enim
1153 584 1436 644 potestates
1466 584 1612 638 sunt,
1633 592 1666 628 a
1693 573 1798 628 Deo
1828 572 2094 626 ordinata:

503 671 647 723 sunt,
676 663 750 716 ait
768 664 1118 732 Apostolus‘.
1139 663 1326 734 Itaque
1351 665 1443 735 qui
1469 663 1719 734 potestati
1751 662 1974 723 resistit,
2001 659 2095 712 Dei

505 751 837 809 ordinationi
871 757 1090 810 resistit.
1130 756 1274 811 Nam
1313 758 1576 826 principes
1613 773 1717 810 non
1760 763 1881 809 sunt
1912 761 2096 806 contra

507 845 722 912 bonum,
761 848 848 901 sed
876 866 972 918 pro
1009 848 1180 902 bono:
1215 866 1375 920 neque
1408 859 1529 902 sunt
1569 858 1755 903 contra
1799 847 2094 905 veritatem,

507 936 600 991 sed
629 955 724 1005 pro
760 941 992 992 veritate.
1045 937 1128 992 Vis
1160 950 1332 993 autem
1378 956 1482 992 non
1534 941 1710 993 timere
1743 938 2097 1007 potestatem?

510 1029 718 1084 Bonum
753 1031 862 1101 fac,
885 1042 933 1085 et
964 1032 1176 1086 habebis
1203 1033 1413 1086 laudem
1441 1047 1506 1085 ea:
1535 1032 1652 1085 illa.
1681 1028 1802 1083 Non
1826 1031 1965 1084 enim
1986 1030 2099 1083 sine

510 1139 674 1176 causa
690 1122 929 1193 gladium
947 1133 1145 1193 portat.
1173 1123 1268 1177 Dei
1291 1127 1429 1178 enim
1455 1125 1694 1176 minister
1714 1120 1782 1176 ad
1805 1121 1900 1176 hoc
1924 1123 2097 1189 ipsum

511 1213 760 1267 adversus
782 1215 1031 1268 scelerate
1055 1215 1324 1282 quidpiam
1355 1224 1618 1283 gerentem
1649 1230 1681 1265 a
1705 1211 1814 1265 Deo
1844 1211 2101 1263 constitu-

511 1313 618 1359 tas.
653 1303 892 1360 Videsne
919 1315 976 1358 ut
1007 1307 1119 1359 lure
1150 1305 1336 1359 mundi
1370 1313 1614 1374 potestas
1645 1318 1674 1356 a
1712 1304 1819 1356 Deo
1854 1301 2098 1355 stabilita

511 1398 603 1460 sit,
637 1397 912 1467 gladiique
937 1398 1032 1466 jus
1065 1397 1348 1451 obtineat?
1375 1397 1560 1465 Neque
1593 1409 1723 1449 vero
1769 1393 1824 1448 id
1853 1391 2098 1453 aliunde,

511 1507 673 1560 quam
705 1506 734 1544 a
770 1490 878 1545 Deo
907 1491 972 1543 ad
1007 1490 1394 1543 vindicandum
1421 1489 1636 1556 accipit.
1656 1485 1926 1540 Czeterum
1951 1481 2099 1554 quod

511 1581 779 1652 ejusmodi
830 1583 940 1637 sint
981 1586 1034 1635 in
1077 1581 1280 1635 mundo
1310 1581 1649 1652 principatus
1680 1594 1744 1633 ac
1777 1583 2099 1648 potestates,

512 1689 672 1728 nemo
705 1675 922 1728 illorum
961 1690 1140 1744 regem
1171 1681 1456 1743 propterea
1490 1688 1670 1743 regem
1707 1686 1832 1726 esse
1865 1684 2101 1739 negave—

512 1769 620 1834 rit;
657 1767 751 1823 sed
777 1767 848 1821 ita
880 1767 1221 1837 principatus
1252 1768 1376 1822 illos
1407 1781 1469 1820 ac
1497 1773 1796 1836 potestates
1819 1764 1872 1817 in
1899 1762 2102 1830 mundo

2202 572 2351 625 Θεοῦ
2398 573 2746 642 τεταγγιέναι
2773 615 2788 639 ,
2824 574 2900 637 ὼς
2944 573 3096 640 λέγει
3142 575 3170 626 ό
3219 570 3558 634 Ἀπόστολος.
3613 571 3791 624 Ὥστε

2203 656 2318 715 οὖν
2360 667 2394 717 ὀ
2426 664 2866 734 ἀνθιστάμενος
2914 664 2989 733 τῇ
3039 665 3326 732 ἐξουσίᾳ,
3376 662 3451 732 τῇ
3496 661 3605 716 τοῦ
3639 661 3790 715 Θεοῦ

2201 756 2453 828 διαταγῇ
2486 758 2880 823 ἀνθέστηκεν.
2933 761 2997 810 Ol
3032 759 3141 828 γὰρ
3177 758 3466 826 ὔρχοντες
3512 756 3624 808 οὐκ
3671 751 3790 807 εἰσὶ

2201 849 2352 904 κατὰ
2406 849 2513 903 τοῦ
2547 850 2806 919 ἀγαθοῦ,
2859 850 2998 903 ἀλλ’
3040 849 3193 917 ὑπὲρ
3240 847 3346 902 τοῦ
3383 845 3611 916 ἀςτιθοῦ
3639 863 3654 878 ’
3691 844 3789 897 καὶ

2201 943 2312 994 οὐκ
2348 941 2469 995 εἰσὶ
2503 941 2654 995 κατὰ
2685 940 2796 1010 τῆς
2825 944 3146 1012 ἀληθείας,
3171 943 3310 997 ἀλλ’
3338 939 3493 1007 ὑπὲρ
3516 937 3626 1006 τῆς
3645 938 3792 1004 ἀλη-

2203 1035 2386 1098 θείας.
2426 1033 2630 1100 Θέλεις
2659 1033 2728 1086 δὲ
2751 1075 2765 1096 ,
2803 1035 2937 1104 φησὶ
2961 1074 2978 1099 ,
3018 1033 3134 1102 τὴν
3161 1033 3454 1098 ἐξουσίαν
3475 1028 3562 1099 μὴ
3593 1026 3790 1097 φοϐεῖ-

2201 1131 2379 1186 Utlat;
2420 1127 2488 1178 Τὸ
2521 1124 2750 1193 ἀγαθὸν
2779 1127 2799 1156 ¹
2841 1127 2996 1179 ποίει
3017 1164 3036 1191 ,
3099 1125 3198 1178 καὶ
3239 1123 3396 1188 ἕξεις
3431 1121 3686 1175 ἔπαινον
3721 1116 3793 1182 ἐξ

2201 1217 2412 1282 αὐτῆς.
2458 1218 2540 1270 Οὐ
2577 1216 2686 1286 γὰρ
2724 1215 2855 1284 είκῆ
2883 1215 3058 1285 φορεῖ
3084 1215 3199 1284 τὴν
3225 1213 3548 1284 μάχαιραν.
3584 1209 3791 1264 Διὰκο-

2202 1325 2308 1371 νος
2340 1307 2450 1376 γάρ
2479 1308 2652 1360 ἐστιν
2695 1309 2783 1372 εἰς
2812 1307 2960 1361 αὐτὸ
3006 1307 3183 1361 τοῦτο
3221 1307 3288 1359 ἐκ
3329 1305 3478 1358 Θεοῦ
3518 1299 3794 1370 τεταγμέ-

2202 1419 2308 1466 νος
2338 1399 2418 1465 τῷ
2445 1399 2509 1453 τό
2537 1401 2725 1454 κακὸν
2757 1399 3096 1467 πράττοντι.
3132 1399 3241 1452 Καὶ
3263 1399 3394 1469 όρᾷς
3422 1437 3437 1459 ,
3472 1395 3547 1458 ὡς
3574 1397 3608 1465 ἡ
3637 1393 3792 1457 ἐξου-

2205 1494 2296 1548 σία
2329 1493 2468 1564 αὕτη
2503 1497 2535 1559 ἡ
2571 1495 2811 1566 κοσμικὴ
2843 1496 2907 1549 ἐκ
2934 1495 3069 1548 Θεοῦ
3090 1493 3370 1554 τέτακται,
3399 1491 3492 1544 καὶ
3518 1488 3792 1559 μαχαίρας

2204 1583 2363 1638 ἔλαϐε
2397 1584 2495 1656 τὴν
2531 1583 2810 1650 ἐξουσίαν;
2853 1585 2968 1637 Οὐκ
2998 1581 3292 1652 ἀλλαχόθεν
3335 1579 3393 1632 δέ
3437 1577 3600 1631 ποθεν
3625 1615 3641 1638 ,
3677 1573 3792 1628 ἀλλ’

2205 1677 2269 1728 ἐκ
2307 1675 2482 1738 Θεοῦ,
2533 1678 2612 1738 εἰς
2666 1676 2966 1746 ἐκδίκησιν.
3002 1675 3111 1726 Καὶ
3157 1673 3218 1724 οὐ
3261 1668 3538 1740 δυνάμεθα
3587 1667 3790 1735 λέγειν,

2205 1769 2292 1822 διὰ
2320 1770 2379 1822 τὸ
2400 1768 2540 1822 εἶναι
2575 1767 2748 1840 ἀρχὰς
2774 1769 2868 1822 καὶ
2901 1766 3146 1831 ἐξουσίας
3174 1768 3229 1817 ἐν
3265 1765 3484 1834 κόσμῳ,
3517 1762 3608 1814 τὸν
3642 1759 3794 1829 βασι·

511 1874 634 1915 essc
661 1859 944 1921 latebitur,
978 1869 1037 1912 ut
1068 1861 1285 1913 interim
1322 1859 1540 1913 illorum
1567 1873 1691 1912 esse
1720 1872 1900 1927 regem
1936 1870 2105 1926 agno-

2208 1861 2303 1914 λέα
2329 1861 2534 1914 τούτων
2575 1861 2650 1932 μὴ
2686 1856 2826 1914 εἶναι
2859 1860 3084 1930 βασιλέα
3109 1876 3123 1889 ·
3157 1858 3292 1912 ἀλλὰ
3321 1853 3459 1910 εἶναι
3493 1854 3592 1918 τὰς
3619 1852 3795 1923 ἀρχὰς

511 1960 650 2006 scat.
685 1950 853 2021 Igitur
876 1951 979 2004 hoc
1016 1951 1216 2021 ipsum,
1251 1950 1397 2021 quod
1448 1950 1502 2003 in
1557 1950 1719 2004 terris
1747 1947 1970 2010 accidit,
2007 1947 2104 2000 de-

512 2043 974 2107 monstravimus;
999 2058 1107 2095 ιιοη
1129 2057 1253 2097 esse
1274 2043 1382 2112 regi
1410 2041 1749 2112 principatus
1769 2040 2100 2102 contrarios,

512 2136 608 2191 sed
651 2135 718 2188 ad
774 2135 985 2206 imperii
1035 2135 1203 2189 totius
1253 2134 1784 2190 administrationem
1832 2143 2103 2202 terraique

513 2226 941 2280 moderationem
998 2225 1318 2295 subjectos;
1357 2226 1447 2280 ubi
1503 2223 1681 2280 caedes
1733 2223 1990 2278 videlicet
2039 2237 2105 2276 ac

513 2317 698 2389 praelia
735 2318 864 2380 sint,
892 2317 1323 2388 ignorantiaeque
1357 2333 1420 2370 ac
1447 2317 1771 2387 disciplima,
1792 2315 2104 2370 observatio

511 2411 749 2481 denique
784 2412 961 2482 legum
1000 2426 1064 2464 ac
1093 2410 1480 2481 transgressio.
1499 2411 1671 2480 Cujus
1697 2410 1772 2463 rei
1802 2409 1976 2478 gratia
2005 2424 2104 2477 po-

514 2511 736 2557 testates
776 2504 1039 2557 instituta:
1093 2513 1244 2566 sunt,
1277 2512 1336 2556 ut
1381 2502 1446 2555 ad
1503 2511 1680 2570 aptam
1737 2501 1906 2554 totius
1950 2499 2102 2554 orbis

513 2599 983 2664 compositamque
1010 2595 1464 2666 gubernationem
1499 2594 1760 2664 praeclare
1781 2607 1812 2645 a
1838 2595 1946 2647 Deo
1968 2607 2104 2646 con-

514 2687 815 2742 stituantur
869 2702 933 2739 ac
977 2696 1238 2756 regantur
1278 2687 1552 2740 universa.
1591 2683 1735 2739 Idem
1769 2693 1823 2738 et
1866 2685 1922 2738 in
1963 2685 2104 2737 coelo

515 2792 733 2848 quoque
781 2778 1099 2848 contingere
1142 2794 1368 2832 necesse
1397 2786 1481 2831 est
1511 2792 1687 2846 coque
1725 2776 1922 2847 magis,
1958 2774 2104 2845 quod

516 2871 629 2924 illic
665 2886 763 2923 nec
794 2870 1019 2932 invidie,
1058 2886 1155 2924 nec
1185 2871 1488 2934 aemulatio,
1524 2885 1700 2939 neque
1728 2869 1906 2940 legum
1942 2869 2108 2923 viola-

515 2962 616 3023 tio,
651 2977 750 3015 nec
799 2961 997 3014 seditio
1046 2962 1152 3014 ulla
1198 2962 1304 3027 sit;
1355 2976 1463 3015 non
1514 2961 1932 3030 jusjurandum,
1987 2974 2102 3014 non

516 3049 680 3122 295
711 3053 922 3128 rapina,
957 3066 1063 3104 non
1099 3051 1301 3120 aliquid
1337 3051 1630 3119 ejusmodi.
1667 3051 1847 3117 Quare
1876 3051 2104 3105 alterius

517 3141 719 3211 negotii
773 3156 936 3195 causa
988 3136 1284 3210 potestates
1332 3143 1586 3196 stabilitas
1617 3150 1765 3198 sunt.
1803 3141 2102 3212 Cujusnam

517 3235 684 3288 vero?
718 3233 982 3286 Nimirum
1021 3243 1239 3304 propter
1271 3234 1579 3288 divinarum
1614 3234 1833 3287 laudum
1869 3247 2108 3286 concen-

521 3335 656 3389 tum,
694 3335 747 3380 et
776 3327 1138 3380 immortalem
1173 3327 1320 3380 illam
1354 3327 1600 3382 numinis
1643 3326 2108 3396 praedicationem.

518 3419 690 3488 Cujus
731 3418 908 3488 gratia
946 3433 1198 3472 summus
1231 3418 1320 3472 ille
1358 3419 1498 3472 Deus
1531 3434 1595 3472 ac
1627 3419 1882 3488 princeps
1931 3418 2110 3472 omnis

519 3523 716 3578 expers
739 3508 952 3561 invidia:
972 3523 1131 3562 suum
1162 3509 1361 3578 cuique
1393 3509 1633 3572 illorum,
1659 3525 1799 3579 quos
1827 3510 2108 3580 produxit,

519 3607 902 3652 ornamentum
968 3614 1032 3652 ac
1091 3598 1261 3655 decus
1321 3600 1594 3667 attribuit,
1633 3609 1691 3654 ut
1750 3601 1966 3670 imperii
2022 3602 2110 3659 sui

521 3690 801 3760 Splendor.
835 3699 998 3760 atque
1033 3691 1363 3759 sempiterna
1394 3693 1936 3764 dignitas,perpetuo
1969 3696 2111 3748 cele-

519 3783 728 3837 bretur.
761 3781 1030 3846 Quocirca
1089 3782 1437 3835 vehementer
1468 3793 1672 3848 errant
1713 3786 1824 3847 isti,
1877 3786 1969 3854 qui
2013 3783 2110 3840 Dei

521 3874 754 3946 gratiam
796 3874 1073 3944 ignorant.

597 3963 658 4018 V.
708 3965 840 4018 Illud
868 3980 998 4018 vero
1032 3965 1256 4035 insuper
1286 3963 1578 4029 allirmant,
1611 3966 1756 4035 quod
1786 3983 1814 4020 a
1841 3983 1928 4022 me
1949 3977 2109 4024 antea

520 4056 728 4110 dictum
779 4064 884 4116 est.
915 4057 1194 4111 diabolum
1242 4057 1487 4126 septimae
1534 4058 1841 4126 potestatis.
1881 4059 1984 4114 hoc
2026 4070 2112 4116 est

524 4149 784 4213 Sabaoth,
819 4164 944 4203 esse
975 4149 1162 4202 lilium.
1184 4148 1424 4203 Sabaoth
1456 4164 1620 4219 porro
1645 4148 1957 4206 Iudaeorum
1988 4169 2109 4208 esse

523 4241 717 4307 Deum,
751 4241 910 4310 cujus
940 4241 1115 4296 malus
1144 4239 1285 4294 ﬁlius
1317 4241 1387 4295 sit
1417 4240 1668 4296 diabolus
1699 4261 1712 4295 τ
1747 4244 1841 4312 qui
1877 4245 1930 4299 in
1962 4253 2107 4299 terra

524 4333 835 4387 consistens
882 4330 1102 4385 Parcnti
1157 4346 1258 4385 suo
1311 4330 1629 4386 reluctetur.
1669 4329 1931 4388 Eumdem
1981 4351 2108 4389 vero

525 4409 813 4480 i’arentem
862 4441 1040 4494 neque
1085 4423 1378 4492 ejusmodi,
1412 4425 1515 4478 hoc
1563 4434 1647 4480 est
1699 4427 1924 4490 malum,
1961 4443 2104 4492 esse,

527 4531 704 4586 neque
753 4514 918 4569 Deum
963 4525 1142 4569 tamen
1194 4515 1346 4568 illum
1396 4531 1536 4579 esse,
1575 4517 1667 4585 qui
1718 4517 2106 4586 comprehendi
2139 4548 2186 4602 ι)

526 4613 784 4677 nequeat.
837 4605 942 4661 Sed
994 4608 1062 4663 ad
1111 4606 1389 4660 sinistram
1436 4615 1761 4674 potestatem
1814 4610 2105 4678 pertinere.

529 4699 752 4753 Addunt
805 4706 859 4752 et
905 4698 1065 4750 aliam
1094 4698 1402 4753 istiusmodi
1437 4699 1697 4754 fabulam.
1727 4697 2011 4755 Diabolum
2042 4702 2110 4755 ad

528 4790 697 4845 Evam
730 4791 1077 4846 accedentem
1110 4806 1236 4844 cum
1271 4807 1332 4845 ea
1376 4792 1598 4861 perinde
1632 4808 1695 4846 ac
1726 4793 1809 4846 vir
1844 4811 1968 4848 cum
2000 4812 2112 4850 mu-

528 4883 665 4938 liere
701 4883 858 4945 solet,
887 4882 1341 4937 consuetudinem
1385 4883 1645 4938 habuisse
1685 4885 1860 4956 deque
1891 4903 1952 4941 ea
1987 4887 2114 4942 Cai-

529 4991 662 5029 num
708 4984 761 5030 et
803 4977 1031 5030 Abelum
1081 4977 1411 5046 suscepisse.
1449 4975 1526 5030 Ex
1563 4993 1671 5046 quo
1715 4978 1919 5034 factum
1954 4997 2111 5037 asse-

530 5076 679 5130 runt,
716 5074 775 5120 ut
806 5067 858 5120 in
893 5067 1123 5121 alterum
1159 5084 1299 5123 unus
1326 5069 1652 5138 insurgeret,
1690 5087 1786 5139 pro
1817 5087 1880 5126 ea
1919 5073 2110 5129 videli-

530 5169 618 5212 cet
654 5158 877 5220 invidia,
897 5174 1005 5229 qua
1041 5159 1096 5212 in
1131 5174 1189 5214 se
1220 5169 1410 5214 mutuo
1435 5162 1970 5218 concitabanturzac
1999 5183 2109 5221 non

531 5252 654 5306 ideo
689 5253 832 5321 quod
867 5251 1068 5307 Abelus
1115 5251 1224 5307 Deo
1273 5262 1420 5308 esset
1462 5257 1770 5323 acceptior;
1822 5257 1899 5310 uti
1931 5272 1989 5312 se
2017 5273 2109 5315 res

527 5341 726 5406 habet;
747 5345 852 5398 sed
886 5359 1028 5396 novo
1060 5343 1296 5413 quodam
1320 5344 1602 5399 mendacio
1632 5347 1912 5402 veritatem
1940 5347 2108 5404 dissi-

529 5437 760 5488 mulant.
780 5436 982 5491 Ambos
1012 5439 1155 5492 enim
1189 5437 1342 5491 aiunt
1371 5438 1580 5494 sororis
1607 5454 1792 5494 amore
1819 5439 2101 5512 ﬂagrasse.

529 5525 656 5581 Ideo
682 5527 916 5581 Cainum
965 5528 1019 5582 in
1067 5528 1294 5583 Abelum
1330 5529 1664 5584 concitatum
1697 5533 1870 5601 ipsum
1903 5533 2105 5588 intere-

603 5704 622 5735 ¹
651 5703 812 5784 Rom:
852 5720 975 5772 xm,
1007 5705 1034 5762 1
1063 5719 1184 5777 sqq.
1271 5709 1292 5740 ³
1327 5703 1451 5762 Vat.
1482 5704 1542 5760 τὺ
1572 5706 1738 5763 καλόν
1836 5708 1857 5740 ³
1899 5706 1998 5764 Vet
2049 5709 2104 5764 δέ

2208 5728 2311 5767 ira:
2349 5715 2475 5784 γάρ.

532 5769 692 5828 Carr.
744 5775 866 5843 γῆς.

2211 1953 2302 2007 καὶ
2323 1952 2423 2016 τὰς
2451 1953 2698 2018 ἐξουσίας
2730 1954 2788 2005 ἐν
2827 1953 3016 2023 κόσμῳ
3035 1994 3050 2016 ,
3086 1947 3225 2005 εἶναι
3253 1950 3311 2003 δὲ
3346 1949 3438 2002 καὶ
3475 1948 3565 2001 τὸν
3589 1946 3794 1999 τούτων

2208 2045 2450 2115 βασιλέα.
2495 2045 2580 2106 Ὠς
2631 2041 2723 2098 οὖν
2755 2045 2848 2098 ἐπὶ
2901 2045 3003 2114 γῆς
3053 2043 3267 2114 όρῶμεν
3311 2041 3615 2112 (δέδεικται
3646 2039 3665 2070 ³
3694 2039 3796 2091 οὐκ

2205 2137 2455 2199 ἐναντίας
2485 2137 2584 2200 τὰς
2637 2137 2811 2208 ἀρχὰς
2842 2137 2920 2207 τῷ
2969 2135 3216 2206 βασιλεῖ,
3273 2134 3388 2188 ἀλλ’
3419 2130 3795 2200 ὑποτεταγμέ-

2206 2246 2302 2291 νας
2330 2229 2408 2291 είς
2431 2228 2696 2298 διοίκησιν
2724 2227 2929 2290 παντὸς
2956 2225 3050 2280 τοῦ
3081 2225 3348 2296 βασιλείου
3368 2264 3383 2288 ,
3413 2224 3507 2278 καὶ
3533 2224 3612 2286 είς
3637 2222 3796 2274 εὐτα-

2207 2321 2327 2386 ξίαν
2349 2323 2451 2393 γῆς
2471 2337 2485 2351 ·
2523 2320 2651 2375 ἔνθα
2682 2321 2833 2390 φόνοι
2860 2360 2874 2384 ,
2905 2320 3000 2373 καὶ
3029 2320 3197 2390 μάχαι
3224 2359 3238 2382 ,
3266 2317 3477 2386 ἄγνοιαι
3507 2333 3568 2368 τε
3597 2314 3690 2369 καὶ
3715 2314 3796 2367 διο

2203 2413 2492 2467 δασκαλίαι
2519 2453 2534 2475 ,
2562 2413 2812 2482 εὐνομίαι
2844 2429 2904 2464 τε
2936 2411 3030 2464 καὶ
3061 2409 3432 2481 παρανομίαι·
3467 2407 3564 2462 καὶ
3603 2406 3795 2460 τούτου

2205 2507 2364 2577 χάριν
2396 2506 2534 2560 εἰσὶν
2561 2506 2839 2571 ἐξουσίαι,
2877 2505 2966 2558 ἵνα
3001 2505 3080 2567 εἰς
3119 2503 3378 2556 εὔτακτον
3410 2501 3660 2567 σύνταξιν
3694 2500 3796 2567 τῆς

2204 2599 2298 2652 τοῦ
2330 2599 2530 2661 παντὸς
2554 2599 2762 2668 κόσμου
2787 2597 3108 2667 διοικήσεως
3139 2595 3208 2648 τὰ
3240 2595 3417 2648 πάντα
3445 2595 3509 2646 ἐκ
3533 2591 3667 2646 Θεοῦ
3704 2607 3797 2643 κα-

2206 2692 2314 2755 λῶς
2339 2690 2654 2761 καταταχθῇ
2679 2691 2774 2743 καὶ
2814 2689 3146 2760 οἱκονομηθῇ
3167 2689 3184 2757 )
3205 2727 3220 2751 ,
3249 2687 3392 2740 οὓτω
3430 2685 3524 2738 καὶ
3547 2686 3604 2737 ἐν
3629 2683 3796 2754 οὐρα-

2207 2782 2282 2853 νῷ
2307 2822 2320 2845 ,
2355 2782 2589 2853 μάλιστα
2622 2781 2680 2834 δὲ
2713 2779 3006 2850 ἐξαιρέτως
3044 2781 3162 2832 ἐκεῖ
3185 2797 3197 2807 ⁸
3230 2777 3356 2830 ἔνθα
3379 2777 3439 2830 οὑ
3467 2775 3658 2846 φθόνος
3682 2816 3695 2836 .
3731 2774 3793 2827 οὐ

2207 2873 2368 2945 ζῆλος
2391 2914 2406 2936 ,
2443 2875 2503 2927 οὐ
2538 2871 2856 2945 παρανομία
2882 2912 2896 2936 ,
2933 2873 3033 2924 οὐκ
3083 2872 3394 2940 ἐναντιότης
3419 2907 3434 2930 ,
3477 2868 3538 2921 οὺ
3581 2867 3792 2930 στάσις,

2206 2965 2304 3036 οὐχ
2325 2967 2514 3036 ὅρκος.
2545 2965 2643 3034 οὐχ
2671 2964 2931 3035 ἁρπαγὴ,
2959 2963 3079 3017 οὐδέ
3100 2981 3151 3015 τι
3174 2963 3361 3034 ἕτερον
3384 2961 3489 3013 τῶν
3514 2959 3794 3020 τοιούτων,

2207 3057 2446 3124 ἐξουσίαι
2500 3056 2834 3127 τεταγμέναι
2887 3057 2995 3109 εἰσὶ
3042 3055 3108 3109 δι’
3162 3055 3329 3123 ἄλλην
3388 3051 3791 3124 πραγματείαν.

2212 3149 2377 3202 Ποίαν
2428 3149 2484 3202 δέ
2539 3167 2715 3220 φημι,
2748 3149 2862 3202 ἀλλ’
2905 3148 2938 3218 ἢ
2972 3147 3061 3201 διὰ
3097 3146 3186 3200 τὸν
3215 3145 3420 3217 ῥυθμὸν
3471 3142 3564 3197 τοῦ
3599 3142 3793 3212 ὕμνου,

2213 3241 2301 3296 διὰ
2328 3243 2428 3311 τὴν
2465 3241 2577 3296 ἄνω
2606 3242 2884 3311 ἀκήρατον
2908 3239 3218 3307 δοξολογίαν
3239 3277 3254 3302 ,
3285 3237 3351 3290 δι’
3385 3238 3450 3309 ἢν
3478 3234 3742 3306 ⁴ιπθέλησεν
3763 3233 3797 3285 ὁ

2213 3337 2442 3407 ἄφθονος
2466 3335 2622 3407 ἡμῶν
2651 3335 2784 3398 Θεὸς
2820 3334 2914 3387 καὶ
2939 3333 3196 3404 βασιλεὺς
3222 3331 3552 3404 χαρίσασθαι
3580 3329 3796 3399 ἑκάστῳ

2213 3429 2321 3482 τῶν
2370 3429 2462 3482 ὑπ’
2517 3425 2682 3481 αὐτοῦ
2732 3424 3144 3496 γεγεννημένων
3176 3423 3332 3490 δόξαν
3376 3423 3649 3494 προσήκου
3663 3434 3792 3473 τανο

2213 3520 2301 3573 ἴνα
2333 3521 2430 3590 τῆς
2464 3519 2629 3572 αὑτοῦ
2660 3515 2937 3587 βασιλείας
2971 3515 3033 3569 τὸ
3060 3514 3286 3586 φαιδρὸν
3324 3513 3423 3567 καὶ
3472 3513 3794 3581 ἀκατάπλη-

2213 3631 2341 3668 κτον
2389 3614 2409 3645 ⁸
2440 3613 2528 3666 ἀεὶ
2562 3609 2888 3681 δοξάζηται;
2923 3609 3117 3678 Σαφῶς
3149 3609 3328 3662 τοίνυν
3360 3609 3557 3661 ἐκεῖνοι
3590 3606 3800 3660 πεπλά-

2211 3722 2420 3776 νηνται,
2454 3704 2552 3758 τὴν
2581 3703 2740 3772 χάριν
2774 3701 2869 3754 τοῦ
2894 3699 3030 3754 Θεοῦ
3057 3701 3444 3770 ἀγνοήσαντες.

2279 3987 2358 4043 Ε’.
2396 3988 2533 4042 Φασὶ
2577 3983 2634 4039 δὲ
2659 3981 2834 4054 οὗτοι,
2867 3987 2943 4050 ὡς
2973 3985 3068 4039 καὶ
3094 3985 3207 4039 ἄνω
3239 4001 3329 4054 μοι
3371 3982 3795 4054 προδεοηιωται,

2210 4089 2302 4142 τὴν
2334 4089 2579 4142 διάϐολον
2609 4085 2749 4142 εἶναι
2791 4086 2904 4141 υἱὸν
2941 4087 3040 4158 τῆς
3067 4086 3302 4156 ἑϐδόμης
3330 4083 3578 4147 ἐξουσίας
3601 4125 3615 4145 ,
3644 4099 3799 4134 τουτ-

2211 4181 2322 4235 έστι
2378 4180 2470 4234 τοῦ
2521 4178 2770 4234 Σαϐαὼθ.
2822 4174 2976 4232 Εἶναι
3027 4177 3086 4230 δὲ
3131 4176 3221 4230 τὸν
3256 4173 3483 4229 Σαϐαὼθ
3518 4173 3627 4227 τῶν
3669 4175 3796 4226 Ἰουο

2209 4287 2374 4340 δαίων
2397 4303 2409 4316 ·
2446 4285 2541 4339 τὸν
2569 4285 2624 4339 δέ
2651 4285 2895 4339 διάϐολον
2931 4282 3169 4354 πονηρὸν
3202 4281 3368 4336 αὑτοῦ
3403 4280 3546 4334 υἱόν’
3583 4280 3712 4332 ὄντα
3739 4277 3798 4331 δὲ

2211 4391 2302 4444 ἐπὶ
2332 4393 2431 4461 τῆς
2462 4391 2483 4421 ⁸
2536 4387 2911 4443 ἐναντιοῦσθαι
2943 4386 3020 4457 τῷ
3053 4385 3166 4456 ἰδίῳ
3203 4385 3397 4455 Πατρί.
3433 4385 3542 4437 Καὶ
3585 4384 3673 4436 τὸν
3702 4383 3799 4436 αὺ-

2211 4495 2305 4548 τοῦ
2345 4494 2564 4564 Πατέρα
2598 4495 2734 4564 μήτε
2772 4491 3010 4545 τοιοῦτον
3057 4487 3194 4545 εἶναι
3222 4531 3239 4556 ,
3283 4492 3421 4563 μήτε
3453 4490 3615 4543 πάλιν
3659 4487 3797 4542 εἶναι

2213 4587 2303 4639 τὸν
2329 4586 2710 4657 ἀκατάληπτον
2738 4584 2982 4649 Θεὸν,,ὂν
3013 4583 3230 4655 Πατέρα
3269 4582 3433 4651 φασίν
3457 4599 3471 4612 ·
3503 4581 3638 4635 ἀλλὰ
3681 4583 3799 4653 άρι·

2217 4679 2412 4748 στερᾶς
2445 4673 2584 4728 εἶναι
2613 4675 2878 4740 ἐξουσίας,
2908 4675 3132 4744 Ἕτερον
3158 4675 3215 4726 δὲ
3243 4673 3400 4726 πάλιν
3422 4672 3588 4742 μῦθον
3610 4672 3801 4739 λέγου-

2217 4785 2299 4818 σιν
2336 4769 2385 4820 οἱ
2442 4767 2711 4820 τοιοῦτοι·
2759 4770 2880 4819 "Ott
2907 4807 2921 4830 ,
2984 4767 3149 4837 φησὶν
3176 4807 3190 4832 ,
3229 4768 3256 4818 ὀ
3305 4765 3578 4828 διάϐολος,
3632 4761 3799 4816 ἐλθὼν

2215 4858 2352 4930 πρὸς
2399 4859 2496 4930 τὴν
2531 4859 2715 4922 Εὕαν,
2756 4858 2998 4930 συνῆφθη
3045 4859 3182 4929 αὐτῇ
3237 4859 3312 4919 ὼς
3363 4857 3499 4928 ἀνὴρ
3557 4858 3798 4925 γυναικὶ,

2217 4951 2312 5004 καὶ
2344 4951 2630 5021 ἐγέννησεν
2661 4950 2720 5015 ἐξ
2771 4950 2936 5004 αὑτοῦ
2969 4951 3059 5003 τόν
3092 4967 3151 5002 τε
3186 4948 3320 5002 Κάῖν
3354 4950 3448 5001 καὶ
3473 4951 3565 5000 τὶν
3612 4949 3796 5002 Ἅϐελ.

2219 5043 2309 5096 Διὸ
2349 5043 2623 5114 ἐπανέστη
2658 5045 2686 5096 ό
2719 5038 2798 5106 εἷς
2831 5042 2908 5114 τῷ
2937 5043 3017 5098 ἐνὶ
3059 5042 3146 5095 διὰ
3186 5041 3346 5112 ζῆλον
3385 5041 3443 5094 ὃν
3478 5037 3623 5111 εἶχον
3666 5042 3802 5113 πρὸς

2215 5147 2478 5219 ἀλλήλους
2502 5187 2516 5211 ,
2542 5147 2662 5218 οὐχὶ
2693 5146 2780 5200 διὰ
2807 5148 2868 5200 τὸ
2901 5147 3023 5222 [ὡς]
3052 5148 3484 5221 εὺηρεστηκέναι
3517 5150 3609 5202 τὸν
3637 5149 3802 5201 ’Λϐελ

2214 5239 2366 5310 Θεῷ,
2403 5241 2478 5302 ὼς
2525 5239 2640 5310 ἔχει
2675 5241 2708 5311 ἡ
2752 5240 3010 5311 ἀλήθεια,
3042 5241 3179 5294 ἀλλὰ
3227 5242 3414 5312 ἕτερον
3462 5241 3800 5312 πλαζόμενον

2214 5327 2368 5396 λόγον
2395 5328 2660 5396 λέγουσιν.
2705 5330 2950 5400 Ἐπειδὴ,
2985 5332 3147 5400 φασὶν
3174 5372 3188 5394 ,
3239 5331 3473 5402 ἐρῶντες
3515 5329 3656 5404 ἦσαν
3695 5337 3804 5404 άμ-

2215 5432 2430 5502 φότεροι
2463 5433 2561 5502 τῆς
2596 5432 2832 5502 ἀδελφῆς
2862 5432 3042 5486 αὐτῶν
3079 5435 3180 5505 τῆς
3214 5436 3350 5498 ἰδίας
3374 5477 3387 5500 ,
3419 5435 3612 5489 τούτου
3642 5441 3803 5507 χάριν

2213 5536 2483 5609 ἐπανέστη
2515 5541 2543 5592 ὁ
2572 5539 2714 5592 Κάῖν
2743 5537 2821 5608 τῷ
2873 5538 3038 5592 ’Λϐελ
3061 5581 3075 5605 ,
3125 5541 3218 5594 καὶ
3260 5541 3584 5594 ἀπέκτεινεν
3616 5541 3800 5594 αὐτόν.

2589 5723 2609 5747 ⁸
2641 5715 2703 5770 F.
2736 5717 3134 5788 ἀκατάληκτον,
3219 5719 3240 5749 ⁸
3272 5717 3389 5774 Vct.
3428 5721 3516 5772 ἐπὶ
3545 5719 3643 5790 τῆς
3675 5719 3794 5788 σῆς.

4129 1457 4156 1568 is
