4156 6358
438 410 544 467 δεῖς

1132 406 1499 463 ADVERSUS
1539 406 1879 463 IUERESES
1918 405 2044 461 LIB.
2081 405 2119 459 l.
2162 406 2324 460 ΤΟΜ.
2366 406 2539 459 lll.—
2577 406 2847 463 IMSRES.
2890 406 3000 461 XL.

3593 407 3702 464 685

436 530 598 584 Φύσει
636 526 745 596 γὰρ
778 525 971 590 αὐτούς
999 543 1161 595 φασιν
1184 530 1254 581 ἑκ
1291 528 1385 581 τοῦ
1424 528 1737 599 σπέρματος
1772 526 1866 580 τοῦ
1906 526 2021 580 δια-

2132 526 2318 579 misse.
2352 526 2484 579 Nam
2519 535 2811 598 utrumque
2839 526 3040 582 diaboli
3075 542 3105 581 e
3136 526 3305 597 stirpe
3330 536 3700 598 procreatum,

433 620 591 673 ϐόλου
619 660 633 682 ,
666 616 740 679 ὼς
762 618 1052 685 προεῖπον,
1083 617 1462 688 γεγεννῆσθαι.

505 710 736 780 Φέρουσι
783 707 841 761 δὲ
901 707 1237 778 μαρτυρίας,
1294 710 1423 762 ὅταν
1458 708 1758 778 θελήσωσιν
1806 710 2020 780 ἀπατᾷν

436 820 588 865 τινας
608 841 622 864 ,
653 800 762 853 ἀπὸ
791 800 901 854 τῶν
932 800 1089 853 θείων
1118 799 1336 870 βιϐλίων
1366 841 1380 866 ,
1418 801 1493 864 ὼς
1537 802 1632 854 καὶ
1662 801 1721 855 ἐν
1759 801 1892 874 ἄλλῃ
1931 820 2020 871 μοι

435 896 646 965 αἱρέσει
702 892 859 946 τοῦτο
912 892 1165 963 εἴρηται·
1207 894 1235 945 6
1274 893 1463 964 Σωτὴρ
1517 895 1651 964 πρὸς
1701 894 1827 957 τοὺς
1892 896 2025 947 Ἰου-

432 987 620 1048 δαίους
652 987 836 1054 ἔλεγεν
860 1002 874 1015 °
921 985 1107 1054 Ὑμεῖς
1153 985 1221 1038 ἐκ
1268 984 1374 1038 τοῦ
1402 985 1640 1039 Σατανᾶ
1676 986 1849 1038 ἐστε·
1903 986 2017 1047 καὶ,

436 1078 618 1131 Ὅταν
649 1075 812 1146 λαλῇ
844 1076 909 1129 τὸ
936 1075 1165 1145 ψεῦδος
1186 1116 1201 1139 ,
1236 1077 1303 1129 ἐκ
1336 1075 1458 1130 τῶν
1496 1075 1659 1129 ἰδίων
1687 1074 1895 1129 λαλεῖ·
1933 1073 2022 1127 ὅτι

434 1170 535 1224 καὶ
566 1173 599 1223 ὁ
624 1170 820 1237 πατὴρ
846 1169 1032 1223 αὐτοῦ
1062 1169 1339 1236 ψεύστης
1362 1165 1441 1238 ἦν
1459 1184 1471 1197 ⁸
1504 1168 1589 1221 ἵνα
1613 1167 1775 1236 δῆθεν
1803 1166 2020 1231 εἴπωσι,

429 1261 525 1316 τὸν
574 1262 818 1315 διάϐολον
869 1258 1006 1315 εἶναι
1056 1261 1148 1315 τὸν
1200 1261 1367 1314 Κάῖνο
1411 1260 1597 1330 ἐπειδὴ
1650 1262 1905 1333 εἴρηκεν,
1939 1260 2021 1311 ὅτι

449 1353 565 1406 Ἀπ’
588 1352 780 1422 ἀρχῆς
804 1351 1293 1421 ἀνθρωποκτόνος
1358 1346 1438 1419 ἦν
1457 1366 1470 1380 ⁸
1502 1351 1596 1402 καῖ¹
1630 1350 1716 1403 ἵνα
1739 1349 1888 1423 δείξῃ
1917 1368 2022 1402 πα-

433 1443 571 1515 τέρα
599 1445 697 1513 μὲν
734 1441 898 1497 αὐτοῦ
952 1441 1091 1495 εἶναι
1124 1442 1214 1495 τὸν
1251 1441 1495 1495 διάϐολον
1514 1455 1529 1469 ’
1559 1441 1653 1493 τοῦ
1685 1441 1741 1494 δὲ
1772 1442 2019 1495 διαϐόλου

436 1532 577 1590 εἶναι
610 1538 820 1609 πατέρα
852 1538 942 1590 τὸν
982 1537 1217 1608 ἄρχοντα
1241 1535 1333 1589 τὸν
1374 1535 1614 1607 ψεύστην
1642 1576 1657 1599 ,
1692 1536 1750 1589 ὂν
1782 1536 2021 1607 βλασφη-

433 1628 669 1700 μοῦντες
695 1628 837 1682 κατὰ
876 1629 974 1699 τῆς
1004 1628 1209 1682 ἑαυτῶν
1237 1627 1481 1698 κεφαλῆς
1502 1670 1516 1693 ,
1550 1628 1714 1695 φασὶν
1742 1627 1905 1680 αὑτὸν
1938 1622 2019 1679 εἷ-

435 1738 524 1773 ναι
555 1721 647 1774 τὸν
674 1719 900 1774 Σαϐαὼθ
948 1722 999 1774 οἱ
1038 1720 1255 1792 ἀνόητοι
1282 1761 1297 1783 ,
1333 1719 1646 1791 νομίζοντες
1677 1719 1849 1789 ὄνομα
1883 1715 2020 1772 εἶναι

430 1812 530 1867 *τοῦ
569 1812 706 1866 Θεοῦ
740 1812 884 1877 τινὲς
928 1814 946 1845 ²
994 1813 1085 1866 τδν
1135 1812 1363 1867 Σαϐαὼθ
1392 1853 1406 1878 ,
1434 1812 1509 1876 ὼς
1546 1812 1647 1883 ἤδη
1693 1811 1787 1865 καλ⁹
1814 1812 1871 1863 ὲν
1900 1813 2025 1883 ταῖς

436 1906 702 1977 πρότερον
745 1904 990 1977 αἱρέσεσι
1020 1904 1108 1958 διὰ
1140 1905 1377 1970 πλάτους
1407 1909 1539 1977 ἡμῖν
1589 1903 2020 1975 πεπραγμάτευ-

435 2015 525 2050 ται
556 1997 683 2068 περὶ
717 1996 1009 2067 ἑρμηνείας
1039 1996 1133 2049 τοῦ
1166 1997 1391 2051 Σαϐαὼθ
1417 2037 1431 2056 ,
1463 1996 1559 2050 καὶ
1598 1994 1772 2050 ἄλλων
1820 1994 2020 2065 ὀνομα-

437 2088 588 2152 σιῶν,
628 2087 721 2141 τοῦ
751 2106 810 2140 τε
849 2090 979 2142 Ἠλὶ
1020 2090 1112 2142 καὶ
1137 2088 1228 2142 τοῦ
1263 2089 1437 2142 Ἑλωῒ
1461 2130 1476 2155 ,
1516 2086 1611 2141 τοῦ
1638 2105 1697 2140 τε
1747 2086 2015 2154 Ἰσραὴλ,

428 2179 532 2234 καὶ
579 2179 673 2232 τοῦ
710 2179 928 2244 Σαδαῒ,
956 2179 1047 2234 τοῦ
1077 2197 1136 2232 τε
1173 2179 1417 2233 Ἐλλιὼν
1441 2219 1455 2243 ,
1501 2177 1593 2232 τοῦ
1618 2195 1677 2230 τε
1725 2178 2016 2243 Ῥαϐϐωνὶ,

427 2269 529 2323 τοῦ
556 2287 613 2322 τε
658 2271 753 2333 Ἰὰ,
786 2268 881 2322 τοῦ
910 2288 969 2323 τε
1017 2271 1258 2324 Ἀδωναῒ
1281 2310 1295 2335 ,
1334 2268 1429 2323 τοῦ
1462 2286 1520 2322 τε
1556 2268 1697 2323 Ἰἁϐε
1736 2269 1870 2339 (57).
1934 2268 2022 2330 Ὠς

434 2362 719 2433 ὀνομασίαι
770 2362 878 2415 εἰσὶ
934 2361 1252 2431 δοξολογιῶν
1305 2361 1515 2414 ἆπασαι
1564 2359 2021 2431 ὲρμηνευόμεναι,

432 2456 533 2509 ’καὶ
566 2455 665 2509 οὐκ
702 2454 945 2525 ὀνόματά
976 2455 1099 2507 ἐστὶ
1146 2453 1309 2521 θετὰ,
1342 2453 1417 2517 ὡς
1455 2454 1629 2506 εἰπεῖν
1658 2492 1674 2517 ,
1712 2454 1781 2523 τῇ
1820 2450 2025 2521 Θεότη-

434 2564 509 2599 τι.
551 2547 743 2599 ’Δτινα
770 2548 863 2599 καὶ
896 2545 1144 2601 ἐνταυθοῖ
1177 2544 1677 2616 σπουδασθήσονται
1700 2586 1716 2612 ,
1753 2546 2023 2617 ἑρμηνευ-

426 2635 598 2690 θὲντα
630 2638 844 2692 κεῖσθαι
867 2654 881 2664 ·
916 2640 978 2692 τὸ
1029 2638 1270 2707 Ἰσραὴλ
1316 2638 1476 2703 Θεὸς,
1508 2638 1570 2691 τὸ
1618 2638 1863 2707 Έλωεὶμ
1892 2637 2026 2701 Θεὸς

436 2728 524 2781 ἀεὶ
550 2768 565 2792 ,
600 2729 660 2781 τὸ
706 2729 837 2785 Ἠλὶ
874 2731 1008 2794 Θεός
1051 2748 1187 2802 μου,
1243 2730 1305 2784 τδ
1348 2730 1571 2784 Σαδδαῒ
1621 2731 1649 2781 6
1688 2730 1867 2794 ἱκανὸς
1893 2770 1909 2795 ,
1964 2729 2026 2782 τὸ

448 2821 723 2875 Ῥαϐϐωνὶ
767 2824 795 2875 6
834 2823 1074 2895 Κύριος,
1119 2824 1182 2877 τὸ
1220 2823 1304 2878 Ἰὰ
1332 2821 1567 2894 Κύριος,
1613 2822 1673 2875 τὸ
1716 2822 1965 2877 Ἀδωναῒ
1998 2824 2027 2875 6

436 2911 514 2966 ὼν
544 2914 777 2984 Κύριος,
808 2915 868 2968 τὸ
915 2914 1084 2981 Ἰάϐε,
1118 2915 1175 2978 ὃς
1198 2910 1268 2987 ἦν
1296 2917 1388 2969 καὶ
1410 2915 1524 2968 ἐστι
1564 2916 1660 2968 καὶ
1683 2915 1769 2968 ἀεὶ
1806 2914 1880 2968 ὢν
1900 2932 1913 2946 ·
1950 2915 2026 2979 ὡς

436 3007 733 3079 ἑρμηνεύει
768 3008 847 3079 τῷ
873 3010 1083 3081 Μωῦσῇ
1105 3050 1119 3074 ,
1174 3011 1225 3062 '0
1256 3007 1342 3062 ὢν
1372 3009 1721 3064 ἀπέσταλκέ
1737 3027 1815 3080 με
1835 3051 1849 3072 .
1872 3010 2026 3080 ἐρεῖς

437 3101 589 3165 πρὸς
608 3101 831 3167 αὐτούς
852 3117 866 3131 ’
903 3102 998 3154 καὶ
1034 3103 1095 3155 τὸ
1129 3101 1384 3156 Ἐλλιὼν
1421 3101 1663 3172 ὕψιστος,
1700 3104 1795 3157 καὶ
1826 3102 1887 3155 τὸ
1915 3107 2027 3159 Σα-

2130 625 2188 670 υῑ
2229 618 2491 685 diximus,
2529 620 2819 674 aliirmant.

2195 706 2380 777 Neque
2408 710 2606 764 desunt
2631 711 2741 764 illis
2762 711 3072 765 testimonia
3100 711 3273 766 sacris
3305 726 3335 765 e
3360 709 3579 765 Litteris
3610 711 3703 763 dc-

2123 808 2398 868 prompta,
2442 802 2641 871 quibus
2673 802 2739 855 ad
2773 803 3077 858 illudendos
3111 805 3358 859 homines
3380 804 3698 859 abutuntur.

2125 888 2446 958 Cujusmodi
2482 892 2628 946 istud
2659 900 2743 948 est
2771 894 2825 947 in
2856 894 2961 947 alia
2989 910 3017 947 a
3044 910 3132 949 me
3154 895 3347 949 haeresi
3373 910 3702 950 commemo-

2124 988 2327 1043 ratum,
2363 984 2507 1052 quod
2541 983 2743 1039 Judzeis
2769 985 3017 1039 Salvator
3052 986 3188 1040 dixit
3226 1005 3240 1041 :
3289 987 3388 1041 Vos
3405 1003 3469 1040 ea;
3493 986 3703 1041 Satana

2123 1074 2249 1127 estis
2283 1074 2325 1127 ⁸.
2360 1074 2424 1128 Et
2454 1093 2467 1128 :
2504 1064 2728 1140 Quando
2752 1078 2982 1148 loquitur
3004 1080 3354 1143 mendacium,
3386 1094 3451 1133 ea:
3474 1080 3704 1149 propriis

2128 1165 2360 1234 loquitur
2378 1184 2399 1221 :
2421 1171 2671 1237 quoniam
2695 1180 2743 1225 et
2773 1181 2925 1241 pater
2950 1172 3062 1241 ejus
3085 1172 3319 1225 mendax
3338 1181 3418 1226 est
3445 1172 3485 1228 ⁸.
3520 1173 3593 1229 Ut
3620 1172 3706 1226 ni-

2125 1258 2324 1311 mirum
2358 1260 2633 1315 diabolum
2668 1278 2791 1318 esse
2817 1263 3045 1318 Cainum
3076 1264 3337 1331 eﬂiciant;
3366 1280 3431 1319 ex
3467 1279 3532 1319 eo
3559 1264 3707 1335 quod

2127 1350 2327 1406 dixerit
2350 1370 2362 1406 :
2385 1353 2673 1408 Homicida
2690 1365 2769 1409 est
2790 1356 2859 1408 ab
2887 1358 3044 1410 initio
3061 1358 3080 1387 "
3111 1376 3123 1410 :
3161 1364 3324 1427 atque
3350 1365 3559 1427 patrem
3585 1358 3706 1427 ejus

2126 1458 2247 1499 esse
2276 1445 2552 1501 diabolum
2578 1449 2908 1516 ostendant;
2941 1450 3143 1505 diaboli
3172 1466 3296 1505 vero
3326 1460 3533 1521 patrem
3562 1466 3708 1505 men-

2124 1535 2316 1591 dacem
2338 1538 2485 1593 illum
2512 1541 2837 1612 principem,
2908 1558 3069 1611 quem
3103 1543 3155 1597 in
3191 1551 3356 1613 caput
3397 1559 3556 1598 suum
3587 1543 3708 1598 ωε.-

2128 1629 2477 1699 Sphemantes
2504 1632 2680 1703 ipsum
2716 1648 2836 1689 esse
2884 1632 3123 1688 Sabaoth
3156 1634 3497 1690 stolidissimi
3530 1635 3707 1688 homi-

2126 1736 2226 1776 nes
2276 1729 2499 1790 putant;
2546 1725 2692 1793 quod
2740 1740 2940 1779 nomen
2975 1724 3070 1780 Dei
3105 1726 3389 1794 cujusdam
3420 1727 3705 1796 proprium

2124 1829 2249 1869 esse
2277 1816 2488 1870 volunt.
2523 1814 2597 1871 De
2639 1832 2745 1886 qua
2792 1832 2851 1872 re
2886 1819 2940 1871 in
2975 1819 3354 1888 superioribus
3408 1819 3708 1874 baeresibus

2123 1904 2339 1960 abunde
2356 1906 2787 1977 disputavimus;
2808 1910 2899 1964 ubi
2925 1917 2978 1964 et
3001 1908 3241 1965 Sabaoth
3260 1911 3600 1981 aliorumque
3616 1926 3709 1965 no-

2121 1996 2327 2050 minum
2348 1997 2852 2070 interpretationem
2876 2002 3179 2066 attulimus,
3197 2002 3341 2056 velut
3365 2001 3470 2066 Eli,
3491 2009 3545 2057 et
3563 2000 3703 2063 Eloi,

2122 2088 2289 2159 296
2314 2089 2504 2154 Israel,
2543 2090 2804 2155 Sadadai,
2841 2091 3039 2160 Elliou,
3066 2092 3328 2157 Rabbani,
3368 2092 3455 2157 la,
3480 2092 3706 2158 Adonai,

2125 2175 2271 2231 labe.
2305 2177 2453 2244 Quas
2496 2180 2714 2248 quidem
2765 2197 2931 2238 voces
2979 2184 3025 2238 si
3072 2191 3220 2239 recte
3260 2184 3701 2253 interpretemur,

2123 2269 2307 2325 varias
2354 2271 2422 2325 ad
2475 2273 2877 2341 praedicandam
2910 2274 3004 2330 Dei
3044 2276 3275 2345 gloriam
3320 2277 3711 2347 appellationes

2123 2376 2266 2423 esse,
2301 2377 2409 2416 non
2453 2362 2556 2432 ipsi
2591 2363 2863 2419 divinitati
2920 2366 3295 2436 signiﬁcanda:
3321 2368 3576 2438 imposita
3606 2382 3709 2422 no-

2126 2453 2275 2507 mina
2306 2455 2613 2511 docuimus.
2644 2457 2723 2511 Ac
2748 2473 2847 2512 nos
2876 2458 2998 2513 illas
3042 2459 3239 2513 iterum
3267 2459 3370 2514 hoc
3401 2460 3520 2513 loco
3549 2474 3711 2528 repe-

2126 2549 2322 2598 temus.
2341 2548 2434 2599 Est
2462 2546 2628 2615 igitur
2646 2546 2819 2600 Israel
2853 2547 3031 2603 Deus:
3060 2547 3253 2613 Eloim,
3282 2547 3425 2603 Deus
3448 2564 3668 2618 semper
3693 2566 3711 2605 ι

2127 2629 2240 2698 Eli,
2264 2632 2406 2689 Deus
2429 2651 2583 2691 meus
2613 2654 2626 2690 :
2656 2635 2884 2699 Saddai,
2911 2636 3193 2692 sufﬁciens
3224 2654 3235 2688 :
3265 2636 3501 2690 Rabboni
3530 2636 3713 2690 Domi-

2128 2740 2234 2781 nus
2264 2742 2278 2780 :
2309 2724 2376 2780 Ia
2406 2726 2670 2783 Dominus
2699 2746 2710 2781 :
2744 2727 2953 2782 Adonai
2978 2728 3068 2798 qui
3106 2735 3190 2783 est
3225 2727 3490 2782 Dominus
3516 2746 3528 2781 :
3553 2726 3710 2793 Jabe,

2129 2818 2222 2887 qui
2251 2825 2390 2883 erat,
2422 2828 2476 2874 et
2504 2826 2608 2885 est,
2643 2828 2699 2874 et
2724 2836 2937 2890 semper
2957 2820 3210 2885 exsistit;
3249 2819 3713 2890 quemadmodum.

2129 2908 2302 2980 Moysi
2332 2909 2449 2979 ipse
2483 2910 2725 2966 declarat
2758 2929 2772 2965 :
2807 2911 2910 2979 Qui
2929 2920 3014 2967 est
3044 2913 3189 2966 misit
3216 2928 3296 2966 me
3329 2911 3398 2965 ad
3426 2928 3536 2976 vos,
3571 2911 3713 2967 dices

2128 3001 2197 3054 ad
2227 3001 2349 3055 illos
2374 3002 2397 3033 ⁸
2424 3021 2436 3056 :
2472 3001 2649 3057 Elliou
2686 3002 3015 3058 altissimum
3046 3010 3206 3056 sonat
3235 3021 3247 3056 :
3285 3001 3541 3067 Sabaoth,
3563 3017 3714 3056 eser-

2128 3096 2359 3151 cituum.
2397 3097 2577 3163 Quare
2626 3097 2882 3152 Dominus
2915 3097 3172 3161 Sabaoth,
3212 3098 3356 3153 idem
3386 3107 3472 3155 est
3512 3114 3576 3153 ac
3606 3098 3714 3153 Do-

432 3190 594 3243 6’ac‘o0
634 3190 917 3263 δυνάμεων
962 3193 1344 3265 ἑρμηνεύεται.
1370 3193 1589 3263 Κύριος
1625 3188 1719 3248 οῦν
1756 3194 2021 3259 Σαϐαὼθ,

2132 3190 2314 3245 minus
2351 3190 2715 3245 exercituum.
2748 3190 2880 3257 Quae
2910 3206 3016 3246 vox
3047 3190 3327 3256 Dominus,
3356 3191 3481 3246 addi
3519 3206 3716 3262 perpe-

437 3282 641 3354 Κύριος
673 3283 782 3338 τῶν
813 3284 1115 3355 δυνάμεων.
1147 3285 1319 3340 Παντὶ
1349 3287 1369 3315 ²
1404 3285 1515 3358 γὰρ
1540 3286 1863 3358 πρόσκειται
1890 3288 2022 3340 ὃπου

2126 3290 2224 3361 tuo
2270 3280 2428 3343 solet,
2458 3280 2770 3351 ubicunque
2813 3280 3057 3336 Sabaoth
3109 3295 3313 3337 nomen
3363 3282 3709 3346 exprimitur.

435 3376 530 3429 τοῦ
560 3376 788 3430 Σαϐαὼθ
819 3378 989 3448 ὄνομα
1013 3378 1160 3447 λέγει
1188 3381 1221 3445 ὴ
1255 3379 1469 3450 Γραφή.
1494 3377 1571 3433 Οὐ
1606 3378 1766 3449 μόνον
1798 3379 1818 3409 ³
1849 3381 2028 3448 ἐκφω-

436 3471 518 3522 νεῖ
539 3470 773 3538 λέγουσα
792 3487 808 3501 ο
832 3466 969 3523 Εἷπέ
1001 3488 1091 3541 μοι
1115 3469 1340 3525 Σαϐαὼθ
1363 3488 1376 3501 ·
1405 3471 1459 3539 ἦ,
1497 3470 1755 3540 Ἐλάλησε
1778 3469 2022 3523 Σαϐαώθο

435 3560 552 3615 ἀλλ’
606 3560 767 3625 εὐθὺς
822 3560 1012 3629 λέγει,
1068 3559 1272 3632 Κύριος
1328 3559 1577 3615 Σαϐαὼθ.
1624 3559 1781 3613 Οὕτω
1824 3560 1933 3630 γὰρ
1991 3562 2024 3630 ἡ

422 3654 423 3657 “
448 3650 669 3721 Ἐϐραῖς
702 3651 936 3720 φάσκει·
988 3648 1216 3703 Ἀδωναῒ
1244 3648 1474 3703 Σαϐαὼθ
1502 3666 1514 3678 '
1558 3650 1699 3721 ὅπερ
1729 3649 2026 3721 ἑρμηνεύε-

430 3760 525 3799 ται
554 3733 757 3812 Κύριος
782 3741 891 3793 τῶν
918 3740 1222 3809 δυνάμεων.

511 3838 601 3903 (τ’.
636 3835 748 3888 Καὶ
779 3835 918 3905 μετὰ
941 3834 1038 3905 τὴν
1060 3834 1081 3864 ⁸
1106 3835 1234 3907 παρ’
1267 3834 1451 3897 αὐτοῖς
1474 3851 1534 3886 τε
1559 3834 1653 3886 καὶ
1672 3836 1785 3898 τοῖς
1819 3834 2024 3904 ὁμοίοις

436 3927 582 3983 κατὰ
627 3927 725 3998 τὴν
770 3926 1047 3996 τύφλωσιν
1084 3926 1182 3995 τῆς
1214 3925 1454 3989 διανοίας
1499 3925 1680 3979 αὐτῶν
1726 3925 1797 3978 τὰ
1842 3925 2024 3988 καλῶς

438 4019 705 4090 εἰρημένα
727 4019 1163 4087 συκοφαντεῖται.
1202 4015 1338 4069 Οὔτε
1369 4017 1477 4086 γὰρ
1508 4018 1637 4089 περὶ
1669 4016 1916 4070 διαϐόλου
1946 4008 2025 4088 τῷ

438 4112 654 4183 Σωτῆρι
700 4112 757 4163 ὲν
803 4109 880 4181 τῷ
929 4109 1066 4181 πρὸς
1119 4109 1407 4172 Ἰουδαίους
1459 4109 1604 4180 λόγῳ
1652 4110 1866 4181 εἴρηται
1891 4151 1906 4173 ,
1949 4110 2024 4174 ὡς

439 4201 600 4255 παντί
647 4218 725 4271 τῳ
757 4200 926 4269 σαφὲς
958 4201 1274 4270 εὑρίσκεται
1320 4199 1398 4270 τῷ
1432 4202 1496 4271 τῇ
1525 4200 1750 4272 ἀληθείᾳ
1799 4201 2025 4254 ἀκολου-

431 4290 647 4344 θοῦντι·
693 4290 829 4344 ἀλλὰ
870 4290 960 4344 διὰ
986 4291 1077 4343 τὸν
1120 4290 1323 4343 Ἰούδαν
1358 4291 1540 4354 αὐτοῖς
1573 4290 1730 4360 ἔλεγε
1755 4291 1815 4344 τὸ
1849 4293 2019 4363 ῥῆμα.

433 4384 553 4436 Οὐκ
583 4380 723 4455 ἦσαν
749 4384 857 4454 γὰρ
880 4384 1044 4435 τέκνα
1071 4381 1165 4435 τοῦ
1214 4382 1485 4453 Ἀϐραὰμ,
1513 4381 1607 4434 τοῦ
1638 4383 1801 4435 αὐτὸν
1831 4384 2025 4436 ἀποδε-

439 4475 672 4547 ξαμένου
715 4476 820 4529 ὑπὸ
852 4476 949 4546 τὴν
978 4475 1109 4547 δρῦν
1138 4476 1237 4546 τὴν
1268 4474 1509 4546 Μαμϐρῆ
1560 4475 1666 4546 πρὸ
1697 4475 1796 4546 τῆς
1826 4476 2022 4546 ἐνσάρ-

2127 3368 2248 3424 Non
2295 3371 2438 3425 enim
2493 3370 2608 3426 sola
2640 3369 2879 3426 Sabaoth
2909 3370 3078 3425 dictio
3101 3370 3344 3440 ponitur,
3378 3380 3530 3442 puta,
3566 3373 3714 3427 Dixit

2128 3464 2260 3517 mihi
2279 3463 2519 3519 Sabaoth
2547 3484 2558 3519 :
2596 3463 2957 3531 aut,Locutus
2986 3470 3069 3519 est
3093 3462 3365 3530 Sabaoth;
3401 3465 3497 3520 sed
3527 3466 3713 3520 statim

2130 3554 2465 3627 adjungitur,
2497 3553 2759 3611 Dominus
2808 3554 3071 3609 Sabaoth.
3120 3554 3199 3608 lta
3251 3556 3396 3611 enim
3449 3554 3714 3610 Hebraice

2129 3645 2416 3714 scriptum,
2454 3644 2665 3699 Adonai
2704 3643 2965 3711 Sabaoth,
3007 3645 3112 3700 hoc
3159 3654 3246 3701 est
3300 3645 3562 3702 Dominus
3612 3645 3713 3700 Sa-

2129 3737 2316 3792 baoth.

2198 3828 2290 3882 Vl.
2335 3828 2441 3884 Sed
2470 3845 2591 3899 qua:
2618 3830 2879 3900 praeclare
2909 3830 3134 3885 omnino
3164 3829 3308 3885 dicta
3334 3837 3482 3895 sunt,
3506 3828 3620 3884 haec
3645 3829 3715 3883 ab

2129 3919 2259 3983 illis,
2284 3928 2337 3975 et
2366 3921 2583 3974 illorum
2607 3921 2882 3976 similibus
2904 3919 3112 3976 frustra
3136 3936 3248 3990 pra:
3271 3922 3439 3975 animi
3469 3921 3715 3975 caecitate

2128 4029 2226 4083 per
2272 4013 2605 4067 calumniam
2658 4027 2725 4067 ac
2772 4013 3037 4067 malitiam
3085 4014 3474 4083 depravantur.
3502 4010 3713 4067 Etenim

2130 4104 2381 4158 Salvator
2407 4111 2595 4158 noster
2629 4104 2685 4157 in
2716 4118 2783 4159 eo
2823 4119 2985 4174 quem
3013 4104 3081 4159 ad
3109 4103 3329 4160 Judaeos
3364 4105 3555 4159 habuit
3594 4118 3713 4157 ser-

2127 4211 2309 4261 mone,
2345 4209 2691 4265 nequaquam
2718 4195 2786 4250 de
2814 4195 3033 4249 diabolo
3066 4195 3283 4250 locutus
3318 4203 3422 4263 est,
3455 4202 3514 4249 ut
3551 4210 3714 4249 nemo

2127 4305 2238 4344 non
2283 4297 2471 4359 aperte
2519 4288 2688 4355 videt,
2750 4290 2842 4360 qui
2879 4289 3149 4343 inhaerere
3190 4289 3411 4344 veritati
3457 4287 3711 4354 studeat;

2127 4382 2223 4437 sed
2271 4391 2494 4453 propter
2540 4379 2737 4436 ludam
2789 4383 2842 4436 id
2891 4383 2959 4437 ab
2998 4397 3063 4436 eo
3102 4391 3427 4451 usurpatum
3463 4386 3569 4437 est.
3593 4379 3711 4434 Non

2126 4478 2269 4531 enim
2311 4476 2607 4531 Abrahami
2626 4475 2721 4529 lilii
2750 4483 2927 4539 erant,
2955 4474 3046 4545 qui
3080 4489 3141 4529 se
3164 4481 3458 4543 antequam
3490 4489 3712 4529 carnem

434 4585 534 4620 κου
569 4568 732 4621 αὐτοῦ
757 4568 1062 4638 παρουσίας
1082 4586 1097 4601 ο
1131 4566 1267 4620 ἀλλὰ
1296 4568 1444 4630 υἱοὺς
1478 4568 1701 4630 ἑαυτοὺς
1732 4567 2022 4621 κατεδίκα-

2129 4568 2380 4624 indueret
2409 4569 2513 4624 sub
2556 4569 2647 4622 illa
2687 4565 2929 4623 Mambre
2974 4582 3179 4637 quercu
3224 4566 3355 4621 olim
3401 4575 3711 4636 exceperat,

441 4679 540 4714 σαν
570 4660 820 4729 γενέσθαι
849 4661 946 4731 τῆς
970 4659 1064 4713 τοῦ
1097 4660 1269 4714 Ἰούδα
1292 4659 1585 4732 προδοσίας
1604 4700 1617 4721 ,
1655 4658 1750 4711 τοῦ
1792 4660 1898 4713 ὑπὸ
1934 4660 2026 4713 τοῦ

440 4752 645 4824 Κυρίου
674 4753 889 4805 Σατανᾶ
938 4752 1031 4805 καὶ
1064 4752 1309 4805 διαϐόλου
1357 4749 1758 4821 ὀνομαζομένου
1779 4793 1793 4816 ,
1835 4750 1910 4814 ὡς
1942 4751 2027 4803 λέ-

438 4861 554 4912 γει·
592 4845 737 4914 Οὐχὶ
778 4844 1007 4897 δώδεκα
1039 4842 1195 4913 ὑμᾶς
1226 4842 1634 4913 ἐξελεξάμην,
1671 4842 1768 4897 καὶ
1818 4838 1907 4909 εἷς
1954 4844 2025 4908 ἐξ

437 4933 607 5002 ὑμῶν
650 4935 781 4987 ἐστι
816 4933 1133 5000 διάϐολος;
1188 4935 1297 4987 Καὶ
1343 4934 1535 4987 τούτου
1589 4934 1755 4988 ἕνεκα
1808 4936 1877 4987 τὰ
1922 4934 2025 5004 τῆς

440 5027 605 5080 αὐτοῦ
640 5029 1006 5098 κακοτροπίας
1041 5030 1068 5081 6
1098 5026 1299 5097 Κύριος
1337 5027 1654 5099 ἑρμηνεύων
1689 5028 1905 5096 ἔλεγεν,
1939 5028 2021 5081 ὅτι.

438 5118 628 5172 ⁴Ὅταν
659 5118 823 5187 λαλῇ
853 5119 919 5171 τὸ
950 5119 1206 5188 ψεῦδος,
1243 5120 1311 5172 ἐκ
1352 5119 1470 5172 τῶν
1501 5120 1666 5172 ἰδίων
1688 5119 1901 5173 λαλεῖ·
1944 5119 2020 5183 ὡς

440 5210 534 5263 καὶ
581 5211 814 5281 ἀλλαχοῦ
870 5211 930 5263 τὸ
964 5211 1292 5280 Εύαγγέλιον
1340 5210 1526 5278 λέγει⁶
1571 5211 1700 5263 ’Ότι
1752 5211 2020 5278 κλέπτης

437 5299 553 5373 ἦν,
597 5303 694 5355 καὶ
734 5303 803 5355 τὸ
848 5306 1285 5374 γλωσσόκομον
1320 5302 1503 5369 αὐτὸς
1534 5299 1876 5363 ἐϐάσταζεν.
1914 5298 2019 5357 Οὗ-

437 5409 529 5455 τος
552 5389 645 5447 οῦν
671 5395 699 5446 6
725 5394 969 5458 διάϐολος
1003 5393 1223 5465 κληθεὶς
1260 5392 1460 5456 Ἰούδας
1484 5435 1499 5460 ,
1528 5392 1742 5464 πατέρα
1772 5392 1896 5465 ἔσχε
1926 5393 2019 5446 τὸν

527 5573 549 5604 ³
575 5572 732 5627 Corr.
774 5573 935 5637 τινός.
988 5642 1003 5643 ψ
1032 5576 1052 5605 ⁸
1090 5572 1150 5626 F.
1179 5573 1378 5643 πάντη.
1515 5572 1536 5643 ξ
1561 5569 1621 5626 F.
1660 5571 1695 5643 ἢ
1723 5571 1784 5624 οὐ
1817 5589 1926 5643 μοι.

436 5640 464 5675 ⁸
488 5642 659 5698 Exod.
697 5660 780 5709 Ill,
806 5646 860 5702 4.
933 5646 953 5677 ⁸
976 5642 1135 5698 Joan.
1164 5659 1239 5708 vt,
1274 5640 1360 5697 71'.
1440 5643 1484 5675 ³ο
1508 5640 1793 5711 Ιοιιιι.ἰιι,
1820 5640 1855 5696 6

507 5801 624 5875 (57)
656 5804 768 5859 Τοῦ
790 5820 853 5859 τε
904 5802 1072 5861 Ἰάόε.
1099 5801 1207 5859 Pro
1229 5801 1451 5859 Jehova.

2019 5573 2044 5606 ⁸
2072 5572 2225 5631 Corr.
2262 5575 2467 5648 μάτην.

2126 4661 2221 4717 sed
2256 4660 2496 4731 perﬁdize
2536 4659 2690 4714 Iudae
2722 4659 2885 4724 ﬁlios,
2917 4666 2979 4714 ut
3022 4648 3103 4714 ita
3131 4658 3331 4723 dicam,
3359 4675 3459 4715 sua
3498 4674 3558 4715 se
3588 4675 3712 4713 sen-

2126 4754 2293 4807 tentia
2338 4753 2772 4819 declaraverant,
2819 4767 2982 4822 quem
3028 4750 3295 4808 Dominus
3345 4751 3604 4807 Satanam
3648 4768 3713 4806 ac

2124 4845 2401 4899 diabolum
2435 4846 2703 4909 nominat,
2737 4844 2823 4900 his
2857 4844 3078 4901 verbis:
3111 4842 3300 4897 Nonne
3326 4842 3601 4896 duodecim
3623 4859 3710 4895 vos

2120 4937 2271 5007 elegi,
2300 4946 2349 4990 et
2397 4952 2533 4990 unus
2579 4951 2644 4990 ea:
2685 4935 2831 4990 vobis
2876 4935 3118 4989 diabolus
3158 4934 3313 4988 est“?
3342 4933 3512 5003 Cujus
3545 4934 3710 4988 etiam

2122 5031 2197 5083 rei
2234 5042 2400 5082 causa
2443 5027 2708 5082 Dominus
2752 5026 2999 5097 ejusdem
3040 5026 3445 5096 improbitatem
3481 5040 3711 5095 exagge-

2119 5132 2249 5172 rans
2278 5135 2291 5171 :
2318 5117 2450 5172 Cum
2487 5118 2736 5187 loquitur,
2767 5117 2965 5187 inquit,
2990 5116 3340 5181 mendacium,
3379 5114 3443 5168 de
3481 5117 3710 5183 propriis

2119 5210 2373 5280 loquitur.
2406 5209 2525 5276 Quo
2553 5210 2790 5280 pertinet
2841 5208 2995 5274 illud,
3026 5207 3171 5278 quod
3203 5207 3259 5261 in
3292 5206 3400 5261 alio
3430 5205 3707 5277 Evangelii

2119 5301 2240 5356 loco
2267 5301 2529 5371 scriptum
2567 5308 2672 5366 est,
2711 5301 2959 5370 quoniam
2992 5298 3083 5368 [ur
3106 5305 3241 5365 erat,
3270 5306 3320 5351 et
3350 5297 3549 5351 loculos
3584 5313 3712 5365 pore

2120 5395 2269 5448 tabat
2293 5396 2367 5451 ὀ.
2387 5392 2485 5450 Hic
2512 5393 2680 5467 igitur
2709 5393 2910 5449 diaboli
2943 5392 3242 5464 insignitus
3275 5390 3499 5446 nomine
3536 5389 3709 5445 Judas

3515 5567 3535 5599 ⁷
3566 5560 3700 5619 ibid.

2627 5575 2650 5608 '
2673 5573 2832 5631 Joan.
2866 5588 2987 5643 vut,
3020 5571 3111 5629 Η.
3220 5577 3256 5650 με
3285 5566 3423 5624 ibid.

3444 5769 3479 5795 ς
