4156 6358
421 367 524 424 687

1854 351 1913 408 S.
1955 348 2294 406 EPIPllANlI

3596 352 3702 414 688

425 481 657 537 Cainum
704 483 912 548 patrem
963 471 1170 537 habuit,
1199 469 1290 541 qui
1329 468 1558 524 Abelum
1589 466 1814 522 fratrem
1863 483 2018 521 men-

2141 467 2261 520 {ci’tv
2286 507 2301 530 ,
2341 465 2428 519 διὰ
2451 466 2679 536 ψεύδους
2716 467 3074 539 ἀπατήσαντα
3123 467 3214 523 τὸν
3257 469 3486 539 ἀδελφὸν
3535 471 3732 548 αὑτοῦ,

425 571 584 628 dacio
614 583 714 623 suo
749 563 1205 634 circumscripsit,
1242 568 1297 616 et
1339 560 1562 614 occidit.
1595 557 1700 624 Qui
1729 557 1894 612 etiam
1926 555 2014 610 in-

424 658 724 729 terroganti
757 656 987 710 Domino
1015 673 1028 709 :
1079 653 1177 707 Ubi
1207 662 1283 708 est
1317 651 1444 704 Abel
1473 648 1640 719 frater
1667 649 1835 702 tuus?
1864 661 2018 700 men-

429 752 564 805 titus
596 747 878 820 respondit
911 764 924 800 :
959 743 1206 798 Nescio‘.
1241 741 1436 796 Merito
1472 740 1657 811 itaque
1695 738 1861 794 etiam
1890 737 2014 800 iste,

430 845 523 914 qui
561 858 747 898 verum
795 840 1073 896 diabolum
1123 835 1370 891 moribus
1402 841 1488 888 est
1516 832 1784 898 imitatus,
1809 831 1930 900 ejus
1954 829 2018 883 li-

432 934 538 988 lius
576 931 787 987 Domini
819 946 913 986 ore
943 928 1350 1000 pronuntiatur.
1387 923 1431 977 A
1460 939 1570 994 quo
1606 922 1751 977 enim
1779 921 2018 992 quisque

433 1032 724 1095 superatus
772 1033 878 1084 est,
915 1022 963 1075 ei
1002 1026 1056 1073 et
1085 1018 1277 1074 servit.
1308 1016 1384 1069 Ac
1416 1029 1518 1068 nos
1552 1014 1687 1067 adeo
1728 1012 2018 1083 quodcun-

433 1132 541 1189 que
569 1116 788 1170 demum
819 1111 1115 1181 egerimus,
1151 1123 1248 1163 eos
1283 1114 1468 1177 patres
1497 1103 1845 1166 habebimus,
1879 1117 2020 1172 quo-

435 1223 558 1265 rum
582 1205 826 1274 exempla
856 1201 1050 1257 iisdem
1079 1199 1239 1280 laqtis
1268 1192 1846 1266 expressimus.297
1873 1191 2023 1258 Quo-

435 1302 583 1356 circa
613 1297 902 1369 perspicue
925 1293 1036 1361 jam
1081 1279 1172 1345 illa
1218 1287 1436 1343 Domini
1478 1293 1564 1342 est
1593 1285 1874 1339 declarata
1899 1300 2027 1339 sen-

434 1393 642 1450 tentia:
689 1387 786 1443 Vos
833 1387 958 1441 estis
1005 1384 1105 1453 ﬁlii
1148 1379 1371 1435 diaboli.
1414 1378 1570 1441 Item,
1605 1377 1739 1432 Cum
1796 1377 2027 1446 loquitur

437 1483 788 1545 mendacium,
823 1495 888 1532 ea:
916 1477 1139 1547 propriis
1172 1475 1422 1544 loquitur,
1445 1472 1690 1542 quoniam
1714 1480 1864 1538 pater
1911 1467 2025 1537 ejus

437 1575 666 1631 mendax
699 1582 797 1628 est.
831 1572 1043 1637 Quibus
1071 1567 1255 1622 verbis
1283 1563 1482 1619 ludam
1519 1571 1570 1615 et
1602 1561 1833 1614 Caluum
1861 1560 2026 1614 intel-

438 1668 577 1736 ligit.
613 1663 746 1719 Illud
774 1677 904 1717 vero
934 1681 947 1716 :
987 1658 1129 1712 Nam
1160 1667 1210 1712 et
1240 1667 1390 1724 pater
1414 1655 1530 1725 ejus
1559 1652 1786 1706 mendax
1829 1663 1928 1716 est,
1961 1653 2028 1708 ad

439 1759 712 1813 diabolum
744 1755 1090 1810 referendum
1117 1760 1223 1814 est,
1248 1747 1394 1819 quod
1420 1747 1487 1800 ad
1519 1746 1641 1814 ejus
1670 1745 2029 1798 imitationem

442 1851 510 1906 ab
537 1851 646 1905 illis
691 1849 803 1905 sint
845 1853 1155 1918 perpetrata
1192 1843 1475 1898 nonnulla.
1518 1855 1805 1914 διᾳιιιαθιιι
1841 1852 2028 1909 peros

443 1940 715 2014 serpentis
759 1939 1038 2008 inspirans
1089 1935 1340 1990 diabolus
1391 1934 1525 1989 falsa
1583 1933 1766 1988 omnia
1814 1931 2028 1983 locutus

443 2044 528 2089 est
557 2053 569 2087 :
603 2033 790 2102 sicque
820 2040 949 2084 tunc
992 2031 1157 2084 Evam
1190 2027 1401 2083 fefellit.
1438 2028 1616 2098 Atque
1643 2025 1789 2079 hunc
1829 2023 1880 2076 in
1912 2036 2030 2074 mo-

445 2129 574 2182 dum
601 2135 715 2181 tota
741 2125 810 2178 ab
837 2124 957 2179 istis
992 2121 1225 2176 conllcta
1257 2121 1442 2175 fabula
1480 2120 1696 2190 penitus
1729 2114 2024 2172 evanescit.

443 2219 602 2285 Quod
635 2233 766 2272 vero
789 2217 856 2271 de
885 2215 1056 2270 Caino
1096 2212 1380 2284 Scriptura
1426 2219 1682 2273 testatur,
1718 2210 1870 2264 illum
1919 2205 2026 2259 fra-

444 2323 583 2367 trem
630 2309 903 2365 occidisse
955 2322 1137 2368 smnn,
1175 2306 1320 2376 quod
1375 2314 1522 2360 esset
1575 2321 1641 2359 ex
1688 2303 1926 2364 diabolo,
1978 2301 2029 2356 id

445 2405 673 2459 omnino
722 2403 1156 2457 demonstratum
1207 2406 1320 2463 est;
1371 2415 1478 2453 non
1535 2415 1600 2453 ex
1652 2396 1854 2450 diaboli
1908 2402 2029 2450 satu

448 2507 771 2566 conceptum
795 2495 862 2548 ab
887 2495 996 2547 Eva
1024 2492 1195 2546 fuisse
1225 2491 1392 2546 fetum
1428 2493 1696 2562 aliquem;
1733 2493 1804 2543 ita
1838 2499 1895 2543 nt
1923 2489 2032 2541 vel-

447 2596 509 2643 ut
539 2587 792 2656 conjugio
824 2582 1061 2656 quodam
1089 2584 1404 2653 congressis
1435 2583 1814 2652 copulatisque
1835 2595 2033 2650 corpo—

448 2683 602 2736 ribus
634 2680 864 2734 Cainmn
901 2685 953 2730 et
971 2676 1200 2732 Abelum
1230 2675 1525 2746 pepererit,
1560 2682 1618 2728 ut
1641 2674 1763 2728 istis
1794 2672 2030 2743 placuit;

451 2772 545 2827 sed
582 2771 652 2826 ob
680 2783 891 2822 morum
927 2763 1366 2831 similitudinem,
1403 2779 1831 2834 expressamque
1859 2763 2034 2817 imita-

451 2866 599 2919 tione
627 2861 829 2915 diaboli
862 2858 1160 2929 nequitiam
1198 2857 1365 2911 lilium
1401 2856 1523 2927 ejus
1554 2855 1836 2926 appellari.

523 2955 637 3009 VII.
679 2952 820 3020 Quin
854 2951 985 3006 illud
1011 2951 1173 3006 etiam
1201 2948 1271 3002 ab
1305 2948 1429 3002 istis
1450 2947 1736 3010 asseritur,
1765 2944 2034 2998 Adatnum

451 3065 515 3104 ex
555 3047 662 3100 Eva
695 3045 927 3115 conjuge
960 3042 1186 3098 Setinum
1229 3055 1545 3112 germanam
1607 3039 1918 3107 suscepisse
1945 3053 2032 3090 so-

2118 556 2210 608 τὸν
2253 555 2419 608 Ἀϐελ
2443 535 2475 621 ,ί
2511 557 2604 610 καὶ
2632 535 3049 612 ἀποκτείναντα.
3093 559 3189 621 ’ος
3220 559 3314 612 καὶ
3346 535 3705 630 ἐρωτώμενος
3730 535 3752 598 ’ί

2119 647 2225 699 ὑπὸ
2247 647 2341 699 τοῦ
2372 647 2578 718 Κυρίου
2615 665 2629 678 ο
2672 647 2795 701 Ποῦ
2829 647 3002 701 Ἅϐελ
3031 651 3062 701 ό
3091 647 3358 718 ἀδελφός
3389 665 3539 714 σου;
3571 649 3704 719 ψευ-

2119 741 2342 812 δόμενος
2383 741 2569 810 ἔλεγεν
2595 757 2608 770 ·
2649 743 2768 795 Οὐκ
2809 737 2960 795 οῖδα.
3003 741 3241 806 Εἰκότως
3274 738 3366 796 οὖν
3394 744 3486 796 καὶ
3527 735 3701 807 οὗτος,

2119 832 2210 886 τὸν
2258 831 2417 901 φύσει
2448 831 2694 886 διάϐολον
2727 833 3105 903 μιμησάμενος
3138 837 3249 896 τοῖς
3284 835 3507 905 τρόποις
3533 875 3546 898 ,
3593 836 3705 899 υἱὸς

2121 921 2284 976 αὐτοῦ
2317 924 2438 976 κατ’
2468 921 2625 987 ἀξίαν
2665 922 3032 994 ¹ἀνηγόρευται
3077 922 3182 976 ὑπὸ
3211 923 3304 977 τοῦ
3332 925 3602 996 Σωτῆρος.
3639 921 3708 997 ’ῼ

2123 1016 2232 1086 γὰρ
2275 1014 2504 1085 ἤττηταί
2549 1031 2633 1077 τις
2654 1056 2668 1079 ,
2707 1013 2883 1084 τούτῳ
2917 1014 3008 1067 καὶ
3036 1014 3377 1069 δεδούλωται.
3417 1017 3529 1070 Kal.
3554 1018 3710 1087 ἡμῶν

2123 1107 2180 1160 δὲ
2202 1106 2431 1170 ἕκαστος
2449 1147 2463 1170 ,
2495 1105 2670 1159 ὁτιοῦν
2701 1105 2766 1159 ἂν
2799 1107 3085 1178 ἐπιτελέσῃ
3109 1150 3124 1173 ,
3153 1109 3278 1171 τοὺς
3302 1107 3464 1161 τοῦτο
3504 1125 3714 1179 προτε-

2124 1196 2411 1259 τελεκότας
2438 1196 2680 1267 πατέρας
2720 1194 2831 1259 ἕξει
2878 1197 3278 1268 μιμησάμενος.
3309 1197 3504 1266 Σαφῶς
3532 1198 3712 1250 τοίνυν

2126 1288 2424 1360 ὲφράσθηή
2453 1288 2601 1360 παρὰ
2615 1288 2708 1341 τοῦ
2722 1289 2924 1360 Κυρίου
2941 1289 3192 1361 λεχθεῖσα
3215 1292 3390 1360 ῥῆσις·
3414 1291 3497 1342 ὅτι
3527 1289 3715 1360 Ὑμεῖς

2129 1381 2313 1434 τέχνα
2344 1379 2486 1433 ἐστὲ
2521 1379 2626 1432 τοῦ
2659 1378 2943 1433 διαϐόλου
2971 1397 2983 1410 ·
3019 1381 3112 1433 καὶ
3141 1382 3302 1452 πᾴλιν
3327 1397 3340 1410 ·
3383 1380 3570 1434 Ὅταν
3605 1385 3715 1435 ,ια-

2127 1471 2210 1538 λῇ
2238 1470 2302 1524 τὸ
2332 1471 2558 1539 ψεῦδος
2579 1510 2592 1534 ,
2623 1470 2691 1523 ἐκ
2732 1468 2851 1522 τῶν
2898 1469 3064 1523 ἰδίων
3088 1470 3294 1524 λαλεῖ·
3333 1469 3422 1523 ὅτι
3457 1473 3490 1524 ό
3519 1469 3717 1540 πατὴρ

2129 1563 2315 1617 αὐτοῦ
2348 1564 2621 1630 ψεύστης
2647 1563 2818 1615 ἐστίν
2841 1580 2853 1593 ·
2886 1562 2972 1616 ἵνα
2998 1564 3125 1633 εἴπῃ
3168 1562 3368 1616 Ἰούδαν
3410 1564 3504 1616 καὶ
3530 1563 3668 1615 Κάῐν
3693 1577 3708 1589 ⁸

2132 1654 2282 1716 εἶτα,
2327 1659 2431 1710 Καὶ
2458 1659 2578 1726 ’γὰρ
2631 1660 2662 1710 ό
2713 1655 2909 1722 πατὴρ
2953 1655 3140 1708 αὑτοῦ
3197 1657 3470 1724 ψεύστης
3520 1655 3713 1714 ἐστὶν,

2134 1747 2222 1801 ἵνα
2250 1747 2375 1817 εἴπῃ
2415 1747 2575 1798 αὑτὸν
2605 1747 2694 1799 τὸν
2743 1746 2986 1798 διάϐολον
3009 1787 3022 1804 ,
3054 1746 3142 1798 διὰ
3182 1746 3248 1798 τὰ
3279 1747 3475 1816 ὁμοίως
3504 1762 3717 1813 πεπρα-

2065 1818 2104 1870 B
2134 1839 2491 1910 γματευμένα
2518 1841 2736 1908 ἑκάστῳ
2763 1839 2986 1892 τούτων.
3007 1838 3347 1907 Ἑμπνευσας
3373 1839 3480 1909 γὰρ
3510 1840 3566 1891 ἐν
3600 1839 3720 1890 στόο

2134 1950 2262 2002 ματι
2285 1933 2376 1985 τοῦ
2408 1933 2584 2002 ὄφεως
2608 1972 2622 1994 ,
2667 1933 2836 2004 ψευδῆ
2868 1933 3044 1986 πάντα
3071 1933 3363 2002 λελάληκεν
3389 1934 3417 1984 ὁ
3447 1932 3715 1996 διάϐολος*

2131 2027 2224 2078 καὶ
2257 2024 2428 2088 οὕτως
2458 2025 2574 2078 τότε
2617 2027 2928 2096 ἐξηπάτησε
2967 2029 3066 2097 τὴν
3097 2025 3264 2079 Εὕαν.
3312 2027 3420 2079 Καὶ
3447 2027 3720 2097 ἀνῄρηται

2131 2116 2283 2187 παρὰ
2323 2116 2532 2181 τούτοις
2563 2119 2594 2186 ἡ
2645 2117 3033 2188 πεπλανημένη
3073 2119 3380 2188 μυθοποιία.
3413 2118 3535 2171 Κᾶν
3571 2118 3720 2187 λέγει

2130 2210 2162 2279 ἡ
2198 2209 2386 2280 Γρασὴ
2410 2249 2423 2268 ,
2452 2207 2527 2272 ὡς
2554 2211 2582 2262 ό
2626 2209 2764 2262 Κὰῐν
2795 2211 3081 2262 ἀπέκτεινε
3118 2210 3206 2263 τὸν
3254 2209 3481 2280 ἀδελφὸν
3529 2209 3717 2272 αὐτοῦ,

2131 2300 2212 2352 ὅτι
2256 2301 2320 2352 ἐκ
2368 2301 2461 2352 τοῦ
2511 2299 2756 2353 διαϐόλου
2804 2298 2900 2374 ἦν·
2940 2303 3150 2372 ἐδείχθη
3194 2303 3303 2372 γὰρ
3353 2301 3718 2364 παντάπασιν,

2131 2391 2251 2460 οὐχὶ
2281 2390 2368 2444 διὰ
2398 2391 2459 2443 τὸ
2491 2392 2590 2463 τὴν
2621 2391 2761 2444 Εὕαν
2793 2397 2854 2446 ὲκ
2890 2393 2980 2446 τοῦ
3024 2394 3332 2465 σπέρματος
3356 2391 3449 2446 τοῦ
3475 2391 3721 2444 διαϐόλου

2135 2481 2550 2546 συλλαϐοῦσαν,
2599 2484 2674 2548 ὡς
2720 2484 2858 2538 κατὰ
2908 2485 3168 2554 συζυγίαν
3218 2485 3397 2556 γάμου
3447 2485 3544 2538 καὶ
3599 2501 3724 2535 συν-

2136 2574 2330 2642 άφεια-ι
2351 2574 2616 2643 σωμάτων
2629 2577 3015 2646 γεγεννηκέναι
3039 2579 3127 2629 τὸν
3147 2578 3282 2629 Κάῖν
3307 2576 3399 2628 καὶ
3423 2576 3514 2630 τὸν
3536 2573 3722 2640 Ἀϐελ,

2135 2668 2209 2731 ὡς
2242 2665 2450 2730 τούτοις
2480 2666 2657 2731 ἔδοξεν
2682 2684 2694 2697 ·
2753 2670 2888 2722 ἀλλὰ
2935 2671 3023 2724 διὰ
3057 2671 3117 2722 τὸ
3152 2672 3452 2742 ὁμότροπον
3485 2672 3578 2724 καὶ
3635 2669 3726 2740 μί-

2141 2777 2295 2830 μημα
2348 2759 2445 2828 τῆς
2502 2759 2596 2810 τοῦ
2655 2761 2900 2814 διαϐόλου
2967 2763 3335 2832 κακοτροπίας
3396 2763 3509 2827 υἱὸς
3562 2760 3724 2815 αὐτοῦ

2137 2849 2360 2920 ἤκουσε.

2195 2937 2268 2992 Ζ’.
2286 2940 2450 2992 Πάλιν
2469 2939 2523 2992 δὲ
2541 2939 2786 3008 λέγουσιν
2806 2941 2852 2991 οἱ
2873 2941 3043 3002 αὐτοὶ,
3063 2941 3154 2994 τὸν
3170 2941 3359 3012 Ἀδὰμ,
3390 2940 3730 3010 συναφθέντα.

2139 3031 2205 3100 τῇ
2239 3029 2351 3101 Εῦᾳ
2377 3033 2441 3101 τῇ
2472 3031 2577 3102 ἰδίᾳ
2605 3033 2839 3101 γαμετῇ,
2875 3031 3259 3102 γεγεννηκέναι
3283 3032 3373 3083 τὸν
3404 3029 3532 3102 Σὴθ,
3569 3030 3730 3098 φύσει

453 3139 653 3194 bolem.
689 3135 827 3189 Tum
863 3147 993 3188 vero
1021 3145 1330 3201 supremam
1364 3129 1511 3182 illam
1545 3129 1807 3181 virtutem
1847 3126 2025 3180 fet'ttnl

2147 3121 2278 3174 ἴδιον
2312 3123 2476 3175 αὑτοῦ
2512 3123 2645 3175 υἱόν.
2680 3125 2789 3176 Καὶ
2813 3124 2929 3176 τότε
2955 3124 3086 3192 φασὶ
3114 3123 3210 3192 τὴν
3235 3124 3346 3176 ἄνω
3374 3123 3604 3193 δύναμιν
3632 3122 3731 3174 σὺν

454 3249 579 3288 cum
642 3228 982 3283 administris
1053 3224 1143 3278 Dei
1208 3224 1451 3277 melioris
1501 3223 1710 3292 angelis
1759 3221 2036 3289 delapsam

458 3323 682 3379 Sethtnu
716 3322 891 3390 ipsum
924 3317 1194 3386 rapuisse,
1215 3303 1376 3384 quein
1401 3321 1455 3368 et
1471 3312 1756 3382 ἀλλογενῆ,
1810 3312 1913 3364 hoc
1957 3319 2041 3364 est

458 3415 808 3482 alienigenam
839 3417 1055 3464 vocant.
1095 3408 1265 3474 Quem
1315 3422 1439 3460 cum
1477 3422 1697 3460 sursum
1730 3403 2040 3473 aliqncmin

461 3509 638 3562 locum
671 3503 1008 3560 sustulisset.
1058 3515 1122 3553 ac
1153 3501 1417 3553 diuturno
1474 3505 1739 3564 tempore,
1785 3513 1851 3550 ne
1903 3495 2043 3548 forte

462 3596 878 3657 interficeretur,
915 3594 1162 3654 aluisset,
1193 3592 1353 3660 longo
1391 3589 1609 3645 demum
1660 3587 1948 3643 intervallo
1986 3587 2039 3640 in

463 3694 610 3748 hunc
635 3692 823 3744 orbem
876 3687 1164 3747 intulisse,
1209 3685 1483 3755 simulque
1543 3693 1597 3739 ct
1643 3683 1944 3753 spiritalem
1993 3690 2046 3736 et

463 3799 788 3856 corporeum
851 3780 1194 3838 reddidisse.
1258 3793 1325 3832 ne
1387 3793 1417 3829 a
1460 3777 1672 3840 Caino,
1703 3777 1786 3830 vel
1831 3777 2046 3830 czeteris

461 3877 778 3932 Conditoris
833 3874 1020 3927 mundi
1092 3871 1456 3942 potestatibus
1525 3885 1587 3923 ac
1650 3870 2048 3940 principatibus

465 3968 884 4038 opprimeretur.
948 3964 1210 4018 Eumdem
1278 3978 1443 4032 porro
1489 3960 1807 4016 Creatorem
1887 3971 2048 4030 atque

467 4060 727 4129 Opilicem
762 4057 994 4112 desiisse
1025 4057 1293 4117 venerari,
1322 4063 1373 4108 et
1416 4055 1564 4108 illam
1599 4053 1891 4125 agnovisse
1925 4050 2049 4105 Vir-

469 4157 663 4212 tutem,
695 4163 816 4216 quae
839 4145 989 4199 nullo
1017 4142 1409 4213 comprehendi
1441 4143 1662 4196 nomine
1690 4148 1869 4211 potest
1896 4155 1911 4192 :
1949 4156 2050 4194 nec

469 4255 579 4294 non
608 4238 872 4292 adversus
911 4245 1188 4290 auctorem
1209 4235 1418 4298 mundi,
1439 4234 1668 4304 ejusque
1702 4233 2050 4304 principatus

468 4337 522 4380 et
563 4335 864 4397 potestates
896 4325 1152 4394 pleraque
1182 4323 1474 4377 detexisse.
1515 4320 1651 4374 llinc
1683 4323 1846 4375 etiam
1882 4323 2051 4374 libros

473 4420 680 4489 aliquot
722 4417 1010 4473 edidertmt
1067 4416 1217 4470 Sethi
1276 4415 1496 4469 nomine
1557 4415 1873 4480 inscriptos,
1913 4430 2051 4482 quos

2144 3218 2257 3279 τοῖς
2292 3217 2586 3284 ὑπουργοῖς
2620 3216 2710 3268 τοῦ
2743 3216 2946 3283 ἀγαθοῦ
2978 3216 3110 3268 Θεοῦ
3141 3216 3390 3284 ἀγγέλοις
3425 3201 3731 3285 καταϐεϐηιί

2145 3304 2320 3367 κέναι,
2349 3306 2444 3359 καὶ
2470 3307 2776 3377 ἡρπακέναι
2813 3307 2973 3360 αὑτὸν
2998 3309 3087 3358 τὸν
3109 3308 3235 3378 Σὴθ,
3259 3307 3318 3358 ὃν
3345 3307 3438 3358 καὶ
3463 3305 3731 3374 ἁλλογενῆ

2147 3398 2388 3452 καλοῦσι.
2434 3400 2542 3452 Kal.
2575 3400 2952 3469 ἀνενηνοχέναι
2990 3401 3100 3452 ἄνω
3141 3417 3260 3461 που,
3306 3400 3396 3451 καὶ
3427 3397 3733 3468 ἀναθρέψαι

2148 3491 2323 3560 Χρόνῳ
2367 3490 2554 3559 ἶκανῷν
2591 3491 2677 3544 ἵνα
2713 3491 2787 3560 μὴ
2837 3491 3180 3559 ἀποκτανῡῇ·
3223 3490 3316 3542 καὶ
3362 3489 3499 3558 μετά
3541 3489 3736 3560 χρόνον

2150 3582 2320 3634 πολὺν
2343 3582 2762 3654 κατενηνοχέναι
2787 3583 2865 3645 εἰς
2896 3582 3040 3635 τόνδε
3074 3586 3163 3633 τ“.ν
3185 3582 3406 3650 κόσμον,
3449 3583 3541 3635 καὶ
3572 3599 3736 3634 πνευ-

2153 3673 2383 3743 ματικὸν
2427 3673 2845 3745 ἀπεργάσασθαι
2895 3675 3076 3728 αὑτὸν,
3129 3675 3220 3725 καὶ
3266 3672 3598 3743 σωματικὸν,
3654 3675 3736 3736 είς

2149 3766 2209 3817 τὸ
2238 3767 2310 3835 μὴ
2342 3766 2656 3836 κατισχύειν
2687 3765 2776 3817 τόν
2820 3782 2875 3817 τε
2906 3767 3024 3818 κατ’
3055 3763 3216 3816 αὑτοῦ
3241 3766 3282 3824 ³,
3313 3765 3405 3816 καὶ
3438 3762 3536 3826 τὰς
3569 3764 3737 3828 ἄλλας

2149 3855 2418 3920 ἐξουσίας,
2466 3857 2559 3908 καὶ¹
2601 3855 2775 3927 ἀρχὰς
2821 3855 2916 3907 τοῦ
2955 3855 3285 3925 κοσμοποιοῦ
3311 3853 3470 3909 Θεοῦ.
3518 3855 3737 3926 Μηκέτι

2151 3949 2206 4002 δὲ
2241 3950 2402 4004 αὐτόν
2447 3967 2576 4016 φασι
2606 3948 3024 4020 λελατρευκέναι
3061 3949 3136 4017 τῷ
3168 3949 3375 4019 Ποιητῇ
3411 3965 3470 4000 τε
3507 3949 3602 4001 καὶ
3635 3950 3740 4019 Δη-

2155 4061 2275 4113 μιου
2286 4043 2416 4114 ργῴ,
2445 4043 2813 4111 ἐπεγνωκέναι
2836 4041 2889 4094 δὲ
2914 4041 3010 4112 τὴν
3034 4041 3471 4110 ἀκατονόμαστον
3487 4041 3740 4113 δύναμιν,

2154 4137 2247 4186 καὶ
2282 4135 2371 4186 τὸν
2398 4135 2508 4186 ἄνω
2538 4133 2740 4200 ἀγαυὸν
2772 4133 2934 4185 Θεόν·
2983 4133 3140 4186 τοῦτο
3165 4133 3602 4204 λελατρευκέναι,
3645 4133 3741 4187 καὶ

2155 4227 2294 4279 κατᾶ
2327 4227 2417 4278 τοῦ
2456 4227 2675 4296 ποιητοῦ
2704 4225 2794 4278 τοῦ
2827 4227 3052 4296 κόσμου,
3084 4227 3177 4280 καὶ
3205 4211 3412 4297 ἀρχῶν,
3452 4228 3550 4280 καὶ
3583 4226 3738 4293 ἐξου-

2156 4320 2284 4371 σιῶν
2316 4319 2482 4372 πολλὰ
2510 4319 3002 4387 ἁποκεκαλυφέναι.
3047 4313 3115 4389 ’ᾮ
3135 4319 3197 4389 δὴ
3230 4321 3323 4372 καὶ
3353 4319 3568 4388 βίϐλους
3588 4319 3741 4382 τινὲις

2155 4412 2498 4475 ἐξετύπωσαν
2543 4413 2621 4472 εἰς
2650 4412 2820 4479 όνομα
2849 4411 3012 4462 αὑτοῦ
3056 4409 3148 4462 τοῦ
3180 4411 3287 4480 Σὴθ
3319 4409 3738 4481 γεγραμμένας,

473 4512 543 4566 ab
580 4526 645 4565 eo
682 4511 911 4564 traditos
935 4524 997 4562 ac
1032 4510 1252 4562 relictos
1284 4506 1575 4560 allirmant.
1596 4507 1726 4558 ltetn
1757 4507 1894 4559 alios
1925 4520 2037 4557 cntr

2159 4506 2286 4575 παρ’
2319 4503 2479 4556 αὐτοῦ
2525 4504 2690 4564 αὑτὰς
2723 4503 2966 4556 δεδόσθαι
3008 4504 3276 4570 λέγοντες.
3333 4503 3531 4564 Ἀλλας
3563 4502 3620 4555 δὲ
3663 4504 3741 4564 είς

475 4602 656 4664 illius,
702 4607 818 4651 tum
857 4607 1064 4667 septem
1099 4597 1219 4665 ejus
1262 4594 1561 4649 liberorum
1623 4593 1864 4647 nomine.
1899 4592 2053 4644 'l‘oti-

475 4694 597 4745 dem
635 4691 776 4745 enim
830 4689 898 4742 ab
959 4704 1025 4743 eo
1076 4695 1391 4757 procreatos
1443 4687 1666 4750 volunt,
1719 4700 1855 4754 quos
1899 4683 2056 4737 ἁλλο-

474 4785 652 4851 γενείς
729 4781 1034 4845 nominant,
1077 4789 1133 4831 nt
1169 4779 1220 4832 in
1255 4777 1376 4832 aliis
1419 4776 1722 4833 haeresibus
1753 4819 1768 4843 ,
1830 4775 2051 4830 Gnosti-

475 4891 669 4931 corum
751 4873 996 4934 scilicet,
1075 4885 1138 4923 ac
1190 4870 1620 4933 Sethianorum,
1686 4870 2053 4924 ostendimus.

475 4969 746 5021 Caeterum
775 4965 861 5018 isti
890 4963 1180 5033 prophetas
1211 4962 1348 5016 alios
1401 4971 1860 5023 commemorant;
1910 4960 2054 5014 Mar—

478 5057 676 5111 tiadem
695 5056 882 5110 nes.-io
910 5068 1097 5122 quem,
1116 5062 1171 5108 et
1204 5051 1558 5113 Marsianum.
1605 5069 1744 5124 quos
1777 5053 1831 5106 in
1854 5054 2052 5108 coelum

479 5156 669 5217 raptos
697 5148 862 5200 tertio
903 5145 992 5199 die
1049 5144 1404 5199 descendisse
1465 5145 1693 5216 lingunt.
1752 5145 1974 5200 Addunt
2005 5153 2055 5198 et

483 5242 619 5294 alias
649 5240 938 5310 plerasque
981 5237 1388 5292 commentitias
1419 5251 1483 5292 ac
1518 5237 1782 5293 ridiculas
1816 5237 2055 5302 fabulas,

479 5341 536 5388 et
571 5333 626 5386 in
655 5346 844 5386 verum
893 5339 1054 5399 atque
1085 5329 1512 5397 omnipotentem
1546 5329 1715 5400 298
1752 5329 1921 5385 Deum
1952 5329 2057 5384 Pa-

481 5433 622 5479 trem
675 5423 887 5477 Domini
941 5422 1116 5478 nostri
1177 5420 1308 5476 Jesu
1387 5420 1596 5478 Christi
1659 5423 2059 5479 contumeliose

485 5517 658 5571 multa
709 5515 986 5584 jactitant.
1025 5513 1334 5584 Principem
1399 5513 1570 5580 hunc,
1611 5522 1668 5569 et
1716 5515 2056 5570 inventorem

485 5609 665 5662 Omnis
701 5623 820 5661 esse
860 5606 1134 5676 nequitiae,
1187 5612 1248 5659 ut
1289 5606 1376 5661 vel
1408 5607 1527 5676 ipsa
1580 5623 1678 5662 sua
1710 5607 2056 5664 confessione

490 5695 822 5766 iugulentur.

566 5807 584 5838 ⁸
617 5807 750 5864 Gen.
779 5826 851 5874 tv,
881 5811 931 5866 9.
1007 5812 1026 5840 ²
1049 5805 1108 5861 F.
1143 5807 1300 5862 Κάῖν.

2159 4599 2329 4667 ὄνομα
2358 4596 2541 4659 αὑτοῦ,
2581 4597 2674 4649 καὶ
2717 4595 2824 4649 τῶν
2857 4595 2996 4649 ἑπτὰ
3033 4594 3163 4648 υἱῶν
3210 4594 3395 4648 αὐτοῦ.
3454 4595 3592 4647 Φασὶ
3635 4593 3743 4665 γὰρ

2160 4689 2321 4742 αὑτὸν
2381 4687 2765 4756 γεγεννηκέναι
2820 4688 2959 4740 ἑπτὰ
3006 4688 3310 4756 ἁλλογενεῒς
3355 4686 3744 4757 καλουμένους,

2160 4779 2234 4843 ὡς
2286 4781 2378 4832 καὶ
2417 4781 2474 4830 ὲν
2500 4778 2686 4842 ἄλλαις
2737 4779 3012 4848 αἱρέσεσιν
3054 4779 3377 4850 εἰρήκαμεν,
3423 4778 3744 4831 Γνωστικῶν

2164 4890 2306 4943 φημι
2336 4873 2429 4925 καὶ
2460 4871 2758 4944 Σηθιανῶν.
2816 4867 2974 4924 Οὗτοι
3002 4870 3058 4923 δὲ
3104 4871 3198 4924 καὶ
3229 4871 3420 4933 ἄλλους
3458 4872 3744 4941 προφήτας

2165 4965 2328 5034 φασὶν
2357 4963 2516 5028 εἶναι,
2550 4964 2871 5035 Μαρτιάδην
2904 4965 3045 5024 τινὰ,
3076 4962 3170 5015 καὶ
3200 4961 3534 5034 Μαρσιανὸν,
3568 4962 3744 5032 ἅρπαι

2165 5057 2360 5124 γέντας
2383 5056 2463 5120 εἰς
2488 5056 2614 5118 τοὺς
2629 5055 2912 5126 οὐρανοὺς,
2930 5055 3023 5108 καὶ
3045 5055 3132 5108 διὰ
3150 5053 3372 5125 ἡμερῶν
3388 5053 3556 5124 τριῶν
3575 5069 3744 5105 κατα-

2167 5147 2487 5219 ϐεϐηκότας.
2540 5146 2650 5200 Καὶ
2686 5145 2857 5200 πολλὰ
2891 5149 3038 5200 ἐστιν
3079 5146 3116 5200 ἃ
3164 5145 3583 5217 μυθοποιοῦντες
3622 5157 3746 5200 πλαι-

2169 5241 2308 5305 στῶς
2356 5239 2650 5293 ἐκτυποῦσι
2685 5238 2984 5311 βλάσφημά
3020 5256 3079 5292 τε
3127 5240 3453 5303 πλάττοντες
3488 5239 3630 5292 κατὰ
3656 5239 3747 5292 τοῦ

2166 5333 2318 5398 ὄντος
2345 5333 2478 5385 Θεοῦ
2509 5334 2966 5405 παντοκράτορος,
2998 5332 3212 5405 Πατρὺς
3235 5332 3325 5386 τοῦ
3357 5334 3564 5404 Κυρίου
3593 5333 3747 5404 ήμῶτ

2181 5424 2354 5497 Ἰησοῦ
2401 5424 2660 5496 Χριστοῦ,
2709 5425 2785 5488 ὡς
2828 5426 3086 5496 ἄρχοντος
3122 5425 3296 5492 ὄντος,
3344 5426 3440 5480 καὶ
3487 5426 3749 5496 πονηρίαι

2169 5515 2413 5588 εὑρετοῦ,
2455 5515 2529 5581 ὠς
2557 5516 2653 5570 ἀπ’
2683 5516 2862 5571 αὐτῶν
2903 5515 3011 5570 τῶν
3046 5519 3174 5587 παρ’
3213 5518 3397 5580 αὐτοῖς
3431 5515 3606 5584 λόγων
3629 5515 3746 5568 ἁλί-

2172 5623 2406 5662 σκονται.
