4156 6358
436 360 539 416 689

1146 368 1516 425 ADVi-ZRSUS
1551 364 1892 423 HAERESES
1931 365 2058 420 LIB.
2098 364 2136 421 Ι.
2170 365 2333 424 ΤΟΜ.
2377 369 2462 425 ill.
2500 404 2569 412 —
2609 372 2880 429 IIAERES.
2924 373 3035 430 XL.

3613 373 3719 429 6°C)

515 485 577 538 Et
603 485 711 558 γὰρ
736 487 992 560 πονηρῶν
1021 490 1168 542 ἐστιν
1191 489 1419 561 εὑρετὴς
1446 489 1542 543 καὶ
1563 487 1877 550 κακοποιὸς,
1910 485 2008 538 πῶς

2203 490 2336 546 Nam
2387 494 2432 548 si
2467 494 2732 548 maiorum
2783 493 3037 548 inventor
3078 494 3125 550 is
3170 509 3234 549 ac
3286 494 3569 550 malelirus
3609 513 3715 558 est,

439 579 603 643 εὐθὺς
657 582 757 635 οὐκ
797 581 1000 650 ἀγαθὸς
1056 583 1328 656 εὑρεθείη,
1379 584 1457 648 ὡς
1480 583 1574 636 καὶ
1607 584 1663 636 ἐν
1692 584 1811 645 ταῖς
1835 581 2023 643 ἄλλαις

436 673 711 742 αἱρέσεσιν
744 673 996 744 εἴπαμεν,
1024 675 1166 728 κατά
1196 675 1478 746 πορνείας,
1510 675 1604 728 καὶ
1639 673 1904 746 μοιχείας,
1930 673 2024 726 καὶ

436 764 717 836 ἁρπαγῆς,
766 765 862 819 καὶ
915 765 1228 832 πλεονεξίας
1285 769 1685 839 νομοθετήσας;
1744 767 1875 820 Θεὸν
1915 766 2025 835 γὰρ

433 855 594 908 αὑτὸν
635 855 744 909 τῶν
787 856 1058 911 Ἰουδαίων
1100 858 1194 911 καὶ
1242 859 1398 912 αὐτοὶ⁴
1437 858 1676 928 λέγουσι.
1730 858 1855 922 Τοῖς
1896 859 2027 911 Ἰου-

434 947 605 1012 δαίοις
639 948 697 1002 δὲ
727 949 818 1002 τὸν
855 949 1018 1021 νόμον
1058 949 1280 1018 ἔδωκεν,
1320 952 1377 1004 ἐν
1402 943 1447 1020 ᾧ
1486 953 1662 1006 πάντα
1701 951 1874 1006 ταῦτα
1914 953 2023 1005 ἀπ-

435 1041 755 1112 ηγόρευσεν,
781 1035 856 1095 ὧν
890 1042 1118 1114 εὑρετὴν
1151 1043 1313 1098 αὐτὸν
1339 1043 1590 1113 λέγουσιν
1618 1042 1775 1099 εἶναι.
1813 1044 1939 1108 Πῶς
1967 1045 2024 1098 δὲ

436 1133 619 1204 πατὴρ
647 1133 740 1186 τοῦ
761 1135 976 1188 Σατανᾶ
1007 1135 1254 1207 κληθείη,
1287 1139 1314 1191 6
1346 1140 1468 1190 κατ’
1498 1137 1662 1190 αὑτοῦ
1690 1137 1759 1191 τά
1788 1137 2026 1191 τοσαῦτα

435 1224 724 1290 ὑποδείξας
756 1227 851 1280 καὶ
885 1227 933 1280 εί
966 1228 1242 1301 ἀλλότριος
1278 1233 1394 1282 ἐστι
1424 1229 1518 1282 τοῦ
1549 1229 1660 1284 ἄνω
1690 1231 1818 1301 παρ’
1842 1231 2026 1294 αὐτοῖς

435 1315 730 1386 λεγομένου
753 1316 909 1383 Θεοῦ,
941 1319 1034 1371 καὶ
1063 1319 1163 1373 οὐκ
1187 1320 1348 1384 αὐτός
1380 1321 1530 1372 ἐστιν
1559 1322 1586 1372 6
1611 1319 1743 1384 Θεὸς
1767 1320 1796 1372 6
1827 1336 2025 1372 παντο-

437 1410 680 1481 κράτωρ,
715 1411 744 1462 6
778 1409 1029 1481 βασιλεὺς
1057 1413 1152 1467 καὶ
1175 1411 1379 1483 Κύριος
1402 1413 1563 1483 ἡμῶν
1606 1412 1848 1484 [Ἰησοῦς
1883 1413 2024 1484 Χρι-

437 1499 616 1573 στὸς],
649 1501 678 1552 ὁ
705 1501 762 1553 ἐν
793 1501 964 1572 νόμῳ,
1010 1502 1104 1555 καὶ
1142 1503 1202 1554 ὲν
1231 1501 1608 1570 Εὐαγγελίοις,
1655 1502 1750 1554 καὶ
1793 1503 1850 1554 ὲν
1887 1519 2024 1574 προ-

432 1593 652 1664 φήταις,
682 1593 776 1646 καὶ
807 1594 1124 1658 ἀποστόλοις
1149 1595 1314 1659 αὐτὸς
1333 1594 1477 1662 Θεὸς
1493 1596 1726 1665 Κύριος,
1742 1596 1947 1664 Πατὴρ
1959 1594 2027 1648 δὲ

440 1685 773 1754 τοῦΚυρίου
789 1685 960 1755 ἡμῶν
995 1686 1196 1754 Ἰησοῦ
1208 1688 1488 1757 Χριστοῦ;
1503 1689 1578 1752 ὼς
1600 1689 1761 1754 αὐτὸς
1785 1689 2026 1745 διδάσκει

431 1779 620 1848 σαφῶς
647 1781 796 1850 ἡμᾶς
834 1782 863 1834 6
892 1779 1097 1852 Κύριος
1127 1783 1184 1835 ὲν
1213 1781 1554 1851 Εὐαγγελίῳ,
1584 1783 1785 1852 λέγων·
1827 1786 2024 1853 Εὐχα-

422 1870 614 1939 ριστῶ
653 1888 771 1937 σοι,
818 1870 1005 1940 Πάτερ
1072 1873 1247 1941 Κύριε
1288 1871 1562 1942 οὐρανῶν
1599 1874 1695 1928 καὶ
1730 1874 1876 1945 τῆς·
1934 1876 2022 1929 ἵνα

426 1961 576 2034 δείξῃ
604 1963 695 2016 τὸν
724 1963 889 2017 αὑτοῦ
917 1964 1141 2036 Πατέρα
1174 1963 1307 2018 Θεὸν
1338 1965 1432 2019 τὸν
1461 1967 1698 2020 πάντων.

497 2053 580 2107 H’.
610 2056 722 2108 Καὶ
758 2055 890 2128 περὶ
919 2056 1128 2127 νεκρῶν
1158 2057 1510 2122 ἀναστάσεως
1552 2058 1868 2128 ὑποφαίνων
1898 2057 2018 2111 έσε-

429 2145 575 2210 σθαι,
618 2146 780 2200 πάλιν
829 2147 997 2219 φησί’
1042 2149 1282 2203 Λύσατε
1324 2151 1430 2218 τὸν
1461 2148 1613 2203 ναὸν
1645 2149 1881 2215 τοῦτον,
1918 2150 2013 2204 καί

424 2239 496 2293 ἐν
523 2239 723 2308 τρισὶν
756 2239 1006 2310 ἡμέραις
1049 2240 1230 2310 ἐγερῶ
1265 2243 1472 2296 αὐτόν.
1524 2241 1671 2295 Ναὸν
1699 2241 1756 2294 δὲ
1781 2242 1931 2311 ἔλεγε
1956 2243 2018 2296 τὸ

424 2331 558 2384 ἴδιον
611 2331 788 2403 σῶμα,
826 2332 1082 2403 λυόμενον
1143 2333 1242 2403 μὲν
1290 2332 1380 2386 διὰ
1433 2334 1637 2404 χειρῶν
1686 2333 2012 2405 ἀνθρώπων,

422 2423 702 2478 τουτέστιν
734 2424 1210 2497 ἀποκτεινόμενον.
1252 2425 1327 2478 Τὸ
1353 2425 1410 2478 δὲ
1452 2425 1526 2496 μὴ
1563 2424 1622 2479 ὃν
1667 2426 1846 2497 σῶμα,
1877 2427 2013 2480 ἀλλά

422 2515 642 2589 δοκήσει
672 2517 1017 2588 φαινόμενον,
1047 2518 1122 2582 ῶς
1151 2512 1296 2572 οῦτοι
1330 2519 1492 2573 πάλιν
1517 2519 1793 2588 λέγουσιν,
1819 2522 1921 2573 οὐκ
1945 2520 2012 2575 ἂν

421 2608 654 2678 ἠδύνατο
687 2611 766 2674 είς
795 2613 980 2682 χεῖρας
1023 2609 1298 2682 ἔρχεσθαι,
1329 2610 1636 2683 ἐγείρεσθαί
1667 2629 1727 2665 τε
1756 2614 1822 2683 τῇ
1851 2613 2011 2686 τρίτῃ

419 2703 628 2775 ἡμέρᾳ,
666 2703 844 2767 καθὼς
882 2705 1264 2774 ἐπηγγείλατο.
1307 2705 1584 2759 Δέδεικται
1607 2707 1785 2760 τοίνυν
1820 2707 2010 2776 σαφῶς

419 2794 510 2848 διὰ
539 2796 640 2866 τῆς
666 2795 923 2867 τοιαύτης
951 2797 1265 2866 οἰκονομίας
1295 2798 1687 2870 ἀναντίρρητος
1712 2801 1744 2870 ὴ
1781 2798 1891 2852 τῶν
1920 2816 2009 2852 νε-

421 2885 568 2956 κρῶν
587 2887 881 2952 ἀνάστασις
901 2903 912 2913 ⁸
951 2888 1046 2941 καὶ¹
1075 2886 1200 2940 οὔτε
1238 2889 1395 2959 χρεία
1435 2891 1584 2942 ἐστὶν
1618 2891 1914 2960 ἀπολογίας
1939 2895 2006 2962 τῇ

418 2979 588 3051 ψυκῇν
643 2981 730 3033 ἵνα
769 2979 979 3053 λαλήσῃ
1025 2980 1161 3050 πρὸς
1203 2981 1443 3052 ἑκάστην
1490 2980 1775 3046 ἐξουσίαν·
1834 2983 2006 3036 πλάτ-

417 3089 600 3125 τονται
627 3074 736 3143 γὰρ
756 3066 902 3126 οὗτοι
927 3076 1022 3128 καὶ
1044 3075 1222 3140 τοῦτο,
1250 3076 1326 3140 ὡς
1347 3077 1594 3148 εἴρηται·
1632 3074 1767 3130 ἀλλὰ
1792 3075 1880 3129 διὰ
1906 3075 2008 3140 τῆς

2133 599 2322 642 nonne
2354 587 2532 643 bonus
2575 588 2656 643 vel
2683 603 2752 643 eo
2785 589 2906 659 ipso
2955 588 3402 657 comprobabitnr
3428 627 3442 652 ,
3479 597 3542 642 ut
3591 588 3718 643 aliis

2132 675 2440 730 haeresibus
2474 676 2805 745 obiecimus,
2839 676 2985 748 quod
3018 685 3210 732 contra
3245 686 3458 746 stupra,
3500 676 3716 730 adulte-

2131 766 2234 827 ria,
2257 769 2482 836 rapinas
2507 782 2571 821 ac
2601 768 2935 839 cupiditates
2954 775 3007 823 et
3029 769 3264 837 injurias
3286 769 3506 824 decreta
3545 770 3714 823 multa

2135 860 2486 915 condiderit?
2514 860 2647 915 Nam
2682 859 2996 916 Judmorum
3038 861 3191 915 illum
3226 877 3350 917 esse
3379 860 3548 915 Deum
3578 876 3714 914 con-

2136 952 2382 1009 ﬁtentur.
2405 951 2610 1008 Iudaeis
2647 968 2811 1022 porro
2855 953 3029 1023 legem
3076 953 3223 1007 illam
3259 955 3406 1020 tulit,
3440 969 3547 1023 qua
3583 963 3713 1008 sunt

2129 1061 2192 1101 ea
2219 1043 2404 1102 omnia
2431 1048 2728 1116 prohibita,
2756 1063 2987 1118 quorum
3043 1047 3296 1104 inventor
3323 1047 3390 1102 ab
3415 1047 3523 1100 illis
3563 1060 3714 1100 asse-

2139 1137 2304 1193 ritur.
2355 1138 2570 1195 Satanae
2625 1158 2758 1198 vero
2813 1153 2973 1216 pater
3014 1145 3108 1214 qui
3154 1142 3372 1196 demum
3447 1139 3709 1210 appellari

2133 1239 2334 1298 potest,
2355 1234 2447 1303 qui
2477 1245 2586 1289 tam
2618 1237 2788 1291 multa
2818 1237 3084 1291 adversus
3119 1236 3270 1289 illum
3299 1233 3553 1296 ediderit,
3571 1232 3617 1286 si
3641 1231 3710 1284 ab

2135 1322 2229 1376 illo
2292 1339 2530 1391 summo,
2587 1343 2750 1397 quem
2801 1327 2972 1384 Deum
3009 1328 3318 1389 nominant,
3353 1325 3565 1379 alienus
3589 1330 3708 1386 est;

2131 1431 2232 1470 nec
2271 1417 2415 1472 idem
2447 1427 2529 1472 est
2552 1421 2900 1492 omnipotens
2936 1422 3026 1476 ille
3058 1421 3223 1482 Deus,
3283 1434 3382 1474 rex
3428 1425 3484 1472 et
3520 1415 3709 1470 Domi-

2129 1523 2236 1563 nus
2274 1518 2480 1573 noster,
2504 1511 2595 1580 qui
2632 1512 2685 1565 in
2727 1513 2860 1583 lege,
2887 1520 2942 1568 et
2976 1511 3283 1582 Evangeliis
3313 1525 3376 1564 ac
3401 1508 3705 1579 prophetis,

2127 1610 2184 1652 et
2215 1601 2284 1655 ab
2311 1604 2577 1672 apostolis
2594 1606 2921 1670 celebratur,
2943 1605 3196 1659 Dominus
3259 1602 3416 1665 Deus,
3457 1619 3519 1656 ac
3543 1601 3710 1656 Pater

2137 1694 2357 1751 Domini
2389 1697 2559 1752 nostri
2603 1696 2736 1753 Iesu
2765 1697 3042 1754 Christi‘?
3071 1708 3130 1755 ut
3168 1697 3312 1753 idem
3351 1706 3536 1767 aperte
3556 1695 3709 1749 Chri-

2127 1797 2248 1844 stus
2269 1789 2323 1842 in
2359 1787 2652 1860 Evangelio
2680 1797 2915 1845 testatur
2940 1789 3028 1844 his
3053 1789 3273 1844 verbis:
3298 1785 3565 1856 Conﬁteor
3589 1787 3704 1851 tibi,

2125 1879 2292 1935 Pater
2331 1879 2558 1935 Domine
2582 1879 2698 1934 caeli
2724 1897 2788 1934 ac
2817 1882 3032 1943 ωτι-ω’,
3068 1879 3270 1950 quibus
3301 1877 3515 1933 Patrem
3545 1892 3706 1932 suum

2124 1971 2510 2028 universorum
2543 1970 2712 2028 Deum
2736 1987 2858 2028 esse
2896 1971 3192 2042 signiﬁcat.

2197 2060 2331 2117 Vill.
2380 2062 2722 2118 Mortuorum
2783 2078 2913 2118 vero
2977 2061 3440 2118 resurrectionem
3517 2067 3708 2130 aperte

2123 2154 2364 2211 futuram
2394 2157 2704 2222 denuntiat,
2747 2172 2872 2212 cum
2901 2156 2976 2210 ita
3004 2157 3288 2226 loquitur:
3319 2153 3516 2209 Solvite
3569 2163 3704 2207 ten:-

2119 2249 2268 2319 plum
2301 2250 2418 2316 hoc,
2449 2259 2498 2305 et
2539 2250 2594 2302 in
2625 2249 2795 2303 tribus
2825 2248 3008 2303 diebus
3033 2248 3276 2302 excitabo
3309 2247 3442 2300 illud
3468 2248 3508 2302 ³.
3538 2247 3704 2303 Tem-

2116 2345 2267 2414 plum
2297 2344 2443 2398 enim
2483 2356 2688 2412 corpus
2743 2356 2902 2397 suum
2955 2340 3206 2404 vocabat,
3240 2339 3385 2410 quod
3415 2339 3702 2394 hominum

2119 2436 2373 2492 manibus
2404 2435 2778 2496 evertebatur,
2812 2433 2917 2487 hoc
2943 2441 3029 2488 est
3082 2430 3536 2487 interﬁciebatur.
3564 2430 3701 2484 Nam

2115 2531 2262 2600 quod
2297 2545 2484 2585 verum
2521 2543 2724 2597 corpus
2753 2542 2862 2582 non
2882 2535 3049 2590 esset,
3077 2526 3173 2580 sed
3211 2526 3395 2594 specie
3428 2525 3702 2579 duntaxat

2115 2629 2426 2692 appareret,
2463 2620 2773 2692 cujusmodi
2816 2620 2896 2674 illi
2929 2620 3102 2675 fuisse
3165 2627 3438 2682 statuunt,
3493 2632 3701 2687 nequa-

2114 2729 2278 2783 quam
2307 2713 2546 2769 bostium
2563 2713 2618 2766 in
2640 2727 2836 2768 manus
2858 2711 3066 2774 venire,
3083 2719 3199 2774 aut,
3220 2718 3282 2766 ut
3303 2709 3693 2780 pollicebatur,

2113 2808 2343 2861 excitari
2374 2806 2464 2862 die
2491 2805 2654 2861 tertia
2695 2805 2984 2877 potuisset.
3036 2803 3163 2859 llaec
3190 2804 3359 2874 igitur
3386 2802 3484 2859 Dei
3515 2801 3698 2866 admi—

2110 2898 2368 2953 nistratio
2398 2898 2689 2968 perspicue
2721 2897 3252 2962 declarat,mortuos
3274 2895 3344 2950 ad
3376 2895 3544 2950 vitam
3572 2909 3694 2948 sme

2111 2992 2219 3046 ulla
2280 2992 2666 3046 controversia
2699 2990 2956 3055 restitui;
2989 3004 3089 3044 nec
3131 2989 3328 3042 animae
3371 2987 3699 3059 purgatione

2109 3083 2221 3136 ulla
2250 3097 2390 3152 opus
2417 3097 2560 3145 esse,
2587 3089 2683 3136 aut
2705 3081 2847 3152 apud
2866 3081 3112 3150 singulas
3140 3087 3438 3150 potestates
3467 3093 3696 3133 causam

417 3163 513 3216 τοῦ
549 3165 751 3236 Κυρίου
791 3166 1112 3238 εὐεργεσίας
1150 3169 1249 3239 τῆς
1288 3166 1378 3220 διὰ
1412 3167 1521 3220 τῶν
1551 3167 1746 3236 ἔργων,
1783 3168 2006 3238 καὶτῆς

2116 3175 2190 3229 illi
2214 3189 2371 3230 suam
2416 3189 2539 3230 esse
2569 3174 2964 3246 perorandzam:
3016 3171 3163 3243 quod
3219 3173 3332 3236 isti,
3366 3171 3446 3226 uti
3481 3171 3693 3225 dictum

419 3255 654 3320 πίστεως
677 3258 1095 3328 συνισταμένης,
1119 3260 1196 3322 ὡς
1222 3259 1370 3328 λέγει
1395 3262 1422 3312 6
1447 3259 1751 3328 ἀγιώτατος
1774 3259 2002 3324 Παῦλος,

418 3350 645 3421 γράφων
672 3350 920 3421 Τιμοθέῳ
951 3350 1040 3404 διὰ
1070 3350 1273 3404 τούτων
1302 3351 1412 3405 τῶν
1453 3352 1626 3421 λόγων
1652 3369 1665 3382 ·
1699 3353 1891 3417 Ὅπως
1919 3371 2005 3422 γι-

415 3439 676 3507 νώσκοις
696 3442 821 3508 πῶς
841 3443 933 3496 δεῖ
954 3444 1024 3496 ἐν
1047 3443 1192 3510 οἴκῳ
1216 3445 1440 3513 Κυρίου
1469 3445 1836 3514 περιπατεῖν,
1871 3444 2004 3513 ἥτις

414 3535 586 3588 ἐστὶν
635 3537 960 3605 Ἐκκλησία
1013 3537 1162 3592 Θεοῦ
1207 3539 1313 3593 τοῦ
1350 3538 1588 3606 ζῶντος,
1636 3541 1864 3605 στύλος
1903 3539 2003 3592 καὶ

413 3629 710 3699 ἑδραίωμα
751 3629 863 3698 τῆς
901 3630 1219 3698 ἀληθείας’
1258 3630 1338 3698 ’ἣν
1374 3635 1428 3686 οἱ
1460 3633 1679 3686 πολλοὶ
1723 3633 1999 3702 ἀφέντες,

415 3723 504 3788 είς
533 3722 799 3792 μύθους,
847 3722 945 3776 καὶ
993 3724 1366 3794 μωρολογίας
1403 3724 1864 3793 ἐξετράπησαν,
1914 3726 2000 3796 μὴ

413 3813 700 3879 νοοῦντες
727 3813 882 3884 μήτε
907 3813 946 3868 d
972 3814 1246 3885 λέγουσι,
1268 3814 1421 3884 μήτε
1443 3817 1575 3885 περὶ
1609 3821 1790 3870 τίνων
1807 3817 1999 3872 διαϐε-

414 3903 752 3958 ϐαιοῦνταιο
812 3898 900 3959 ὧν
946 3905 1079 3960 ἐστι
1119 3907 1426 3977 Φύγελλος
1463 3909 1563 3962 καὶ
1617 3908 1997 3979 Ἑρμογένης.

426 3995 583 4048 ’Λλλᾶ
605 3997 700 4050 καὶ
728 3999 786 4050 ὲν
831 3999 898 4069 τῇ
944 3997 1170 4070 δευτέρα
1219 3999 1527 4072 Ἐπιστολῇ,
1579 4000 1865 4074 Ὑμέναιον
1905 4005 2000 4056 καὶ

410 4089 635 4159 Φιλητὸν
659 4091 788 4161 περὶ
814 4090 910 4162 τὴν
933 4091 1192 4162 ἀλήθειαν
1213 4092 1574 4164 ἡστοχηκέναι
1594 4093 1743 4164 λέγει
1763 4114 1776 4125 ο
1803 4095 1999 4160 οἵτινες

411 4183 507 4236 καὶ
529 4183 682 4236 αὐτοὶ
701 4186 766 4254 τῇ
801 4185 1010 4254 αἱρέσει
1036 4185 1488 4256 ὲξηκολούθησαν,
1511 4186 1668 4241 ἄλλον
1697 4188 1829 4244 Θεὸν
1862 4207 1997 4243 κατ-

411 4274 768 4344 αγγέλλοντες
806 4278 899 4330 καὶ
923 4277 1275 4346 γενεαλογίας
1311 4280 1672 4348 ἀπεράντους,
1717 4281 1812 4334 καὶ
1855 4281 1995 4335 πλά-

411 4383 510 4436 νην
547 4367 960 4440 ὲπισπείροντες
1003 4371 1116 4432 τοῖς
1154 4369 1483 4442 ἀνθρώποις,
1512 4374 1607 4425 καὶ
1635 4372 1886 4441 λέγοντες
1919 4375 1994 4446 μὴ

412 4458 476 4510 ὲκ
506 4457 641 4511 Θεοῦ
675 4460 1002 4530 γεγενῆσθαι
1023 4461 1114 4515 τὸν
1135 4463 1359 4534 κόσμον,
1391 4463 1526 4517 ἀλλὰ
1553 4463 1659 4517 ὑπὸ
1685 4465 1870 4537 ἀρχῶν
1898 4468 1993 4521 καὶ

411 4549 689 4617 ἐξουσιῶν.
733 4552 844 4624 Τὴν
869 4553 925 4606 δὲ
951 4553 1246 4608 ἀνάστασιν
1273 4555 1373 4627 ἤδη
1408 4555 1734 4627 γεγενῆσθαι
1773 4558 1861 4612 διὰ
1882 4559 1993 4614 τῶν

410 4643 716 4715 γενομένων
739 4644 944 4698 τέκνων
972 4645 1077 4700 ὑπὸ
1106 4646 1337 4701 ἑκάστου
1370 4647 1480 4700 τῶν
1507 4648 1839 4716 γεννώντων.
1881 4651 1990 4723 Τὴν

410 4733 468 4788 δὲ
495 4733 606 4790 τῶν
631 4736 840 4806 νεκρῶν
871 4737 931 4789 οὐ
955 4737 1203 4807 λέγουσιν
1232 4737 1470 4793 ἔσεσθαι.
1503 4741 1611 4794 Καὶ
1639 4743 1821 4813 ὁρᾶτε,
1841 4744 1994 4797 ἀδελ-

411 4825 522 4894 φοῖ,
569 4824 662 4880 τὸν
693 4829 1016 4900 χαρακτῆρα
1058 4829 1156 4900 τῆς
1190 4829 1467 4900 ἀληθείας,
1508 4834 1601 4886 καὶ
1649 4835 1738 4888 τὸν
1771 4835 1992 4907 ἔλεγχον

408 4916 506 4988 τῆς
529 4917 732 4973 τούτων
758 4922 1124 4994 παρανομίας.

2113 3275 2222 3330 est,
2254 3277 2456 3322 temere
2481 3265 2818 3336 prmdicant;
2855 3266 2951 3322 sed
2986 3281 3096 3319 uno
3123 3265 3215 3318 Dei
3249 3264 3516 3320 beneﬁcio
3549 3263 3694 3317 dun-

2110 3359 2546 3430 taxatindigere,
2567 3375 2675 3427 quo
2701 3374 2826 3413 cum
2863 3359 2965 3412 lide
2991 3369 3137 3411 recte
3175 3355 3316 3410 facta
3353 3357 3688 3426 conjungat:

2111 3461 2170 3504 ut
2192 3452 2260 3506 ad
2285 3450 2635 3507 Timotheum
2686 3452 2938 3507 scribens
2981 3451 3276 3520 Apostolus
3318 3450 3466 3505 hisce
3505 3450 3693 3506 verbis

2111 3551 2343 3599 testatur
2369 3563 2382 3598 :
2411 3541 2480 3596 Ut
2503 3545 2644 3598 scias
2675 3543 2940 3614 quomodo
2979 3551 3024 3596 te
3051 3550 3291 3610 oporteat
3323 3544 3377 3594 in
3409 3541 3566 3594 domo
3593 3541 3692 3595 Dei

2107 3637 2404 3700 ambulare,
2453 3651 2572 3706 quia
2623 3645 2700 3690 est
2748 3635 2991 3692 Ecclesia
3045 3635 3143 3689 Dei
3197 3636 3316 3696 rivi,
3360 3635 3605 3688 columna
3640 3644 3692 3689 et

2107 3729 2503 3798 [irritamentum
2532 3727 2837 3782 veritatis‘;
2851 3743 3010 3794 quam
3043 3726 3197 3780 multi
3230 3725 3600 3795 relinquentes,
3622 3726 3691 3778 ad

2103 3821 2319 3891 fabulas
2339 3831 2390 3875 et
2417 3822 2644 3892 ineptias
2665 3819 3024 3874 diverterunt’
3055 3839 3066 3872 :
3098 3835 3201 3874 non
3223 3818 3571 3889 intelligentes
3597 3835 3689 3872 nec

2103 3930 2219 3985 qua:
2252 3913 2457 3977 dicunt,
2486 3929 2578 3968 nec
2610 3912 2674 3966 de
2706 3912 2897 3984 quibus
2917 3911 3255 3981 affirmant“;
3288 3925 3355 3964 ea:
3381 3909 3570 3981 quibus
3607 3922 3687 3963 est

2106 4005 2394 4078 Phygellus
2418 4015 2468 4062 et
2502 4005 2919 4077 Hermogenes".
2953 4004 3060 4060 Sed
3091 4011 3148 4060 et
3183 4004 3240 4058 in
3279 4003 3523 4060 secunda
3562 4002 3690 4073 Epi—

2104 4101 2244 4155 stola
2281 4099 2632 4171 Hymenaeum
2675 4115 2739 4153 ac
2784 4097 3057 4153 Philetum
3089 4098 3367 4155 excidi-sse
3389 4113 3422 4151 a
3451 4096 3687 4152 veritate

2105 4191 2371 4246 scribit“:
2417 4190 2508 4260 qui
2562 4190 2784 4259 quidem
2817 4198 2870 4244 et
2905 4190 3009 4259 ipsi
3067 4189 3122 4242 in
3164 4188 3400 4245 lneresin
3437 4187 3681 4259 prolapsi

2102 4293 2264 4349 sunt;
2300 4285 2464 4338 alium
2499 4282 2667 4353 299
2717 4283 3079 4352 praedicantes
3116 4279 3306 4347 Deum,
3341 4294 3408 4336 ac
3434 4280 3684 4350 genealo-

2100 4378 2220 4448 gias
2271 4376 2760 4440 interminabiles',
2815 4388 3169 4443 erroremque
3224 4373 3368 4427 inter
3431 4371 3683 4426 homines

2099 4470 2523 4528 disseminantes
2553 4483 2677 4522 cum
2701 4483 2732 4521 a
2761 4467 2870 4522 Deo
2903 4474 3167 4540 negarent
3201 4465 3526 4520 fabricatum
3558 4479 3682 4519 esse

2100 4563 2388 4626 mundum,
2419 4560 2513 4617 sed
2546 4574 2576 4613 a
2602 4558 2999 4630 principatibus
3021 4573 3084 4611 ac
3102 4557 3464 4628 potestatibus
3489 4555 3682 4609 condi-

2103 4663 2217 4708 tum
2249 4659 2580 4709 assererem.
2615 4649 3100 4705 Resurrectionem
3149 4648 3371 4733 demum
3407 4645 3679 4701 accidisse

2095 4747 2210 4818 jam
2237 4746 2505 4809 dicerent,
2541 4742 2650 4798 illis
2701 4741 2838 4811 ipsis
2889 4738 3260 4811 producendis
3305 4738 3512 4802 liberis,
3537 4749 3677 4805 quos

2101 4846 2394 4912 parentum
2432 4837 2668 4907 quisque
2696 4833 3008 4906 genuisset;
3041 4835 3169 4902 {nec
3229 4831 3393 4885 aliam
3428 4837 3677 4883 mortuo-

2102 4951 2224 4992 rum
2252 4927 2682 5000 exspectandam
2705 4941 2830 4982 esse
2861 4921 3467 4981 resurrectionem.Vos
3491 4930 3675 4974 autem

372 5040 374 5048 ι
410 5027 618 5082 quaeso,
652 5013 873 5082 fratres,
905 5017 1343 5088 animadvertite,
1389 5021 1701 5092 cuiusmodi
1756 5029 1982 5100 propria
2010 5034 2083 5091 sit
2108 5028 2364 5089 veritatis
2423 5035 2576 5089 nota,
2626 5032 2680 5078 et
2709 5021 2778 5077 ad
2814 5021 3036 5077 illorum
3081 5016 3516 5075 convincendum
3569 5015 3674 5068 im-

411 5105 737 5176 probitatem
760 5117 908 5163 certa
938 5111 1096 5167 ratio.

490 5227 892 5316 ΪΥπολαμὸάνω
909 5231 966 5285 δὲ
988 5233 1085 5286 καὶ
1108 5235 1239 5304 περὶ
1263 5232 1468 5290 τούτων
1491 5237 1692 5304 ἱκανῶς
1717 5242 1990 5316 είρῆσθαι.

2167 5239 2438 5311 Equidem
2474 5235 2609 5292 satis
2633 5249 2911 5305 superque
2961 5231 3225 5287 adversus
3271 5229 3395 5283 illos
3422 5226 3674 5296 disputa-

408 5313 573 5368 Ὅθεν
604 5316 809 5388 ταύτην
845 5321 1192 5391 παραλιπὼν,
1223 5325 1316 5378 ἐπὶ
1347 5328 1445 5390 τὰς
1473 5327 1602 5398 ἑξῆς
1637 5332 1737 5402 τὴν
1769 5313 1994 5406 πορείαν

2119 5349 2208 5388 um
2251 5350 2282 5386 a
2341 5345 2428 5385 me
2454 5345 2577 5403 esse
2598 5329 2807 5398 judico.
2841 5326 3022 5393 Quare
3051 5326 3155 5379 hac
3183 5325 3388 5379 omissa
3434 5324 3675 5391 reliquas

408 5409 729 5478 ποιήσομαι,
751 5410 928 5465 ἐκεῖνο
950 5414 1111 5484 μόνον
1130 5415 1322 5482 εἰπὼν,
1348 5417 1423 5482 ὡς
1443 5420 1584 5474 πάνυ
1610 5423 1858 5490 φαίνεται
1889 5427 1993 5479 ἑοι-

405 5499 532 5550 κυῖα
568 5498 706 5570 αῦτη
730 5501 819 5555 διὰ
839 5504 940 5574 τῆς
962 5506 1317 5580 πολυωνύμου
1343 5511 1670 5583 ἁρχοντικῆς
1697 5515 1992 5585 ὀνομασίας

406 5591 468 5660 τῇ
530 5592 852 5668 πολυπλὸκῳ
896 5597 1175 5672 ὲρπετώδῃ
1229 5601 1542 5675 κοκοηθείςι.
1611 5605 1822 5675 Τρὸπον
1883 5609 1990 5678 γάρ

481 5749 720 5834 ’_|'_thor.
749 5755 872 5834 LE.
1001 5755 1188 5834 l_\_la_t_t_h.
1223 5776 1300 5822 χι,
1329 5760 1417 5834 ἓξ.
1490 5759 1689 5834 ?.l_oa_n.
1724 5779 1802 5826 ιιι,
1838 5767 1922 5821 l9.
2001 5766 2008 5794 ³

2114 5766 2250 5822 Tim.
2285 5783 2364 5834 tu,
2395 5767 2483 5823 15.

410 5820 508 5878 ἰι
537 5819 678 5878 Tim.
717 5827 874 5888 1.15.
950 5819 1419 5896 ⁸ΠΤὶιιι.ιι,17.
1496 5819 1898 5900 mrum“)

2093 5439 2415 5496 persequar,
2445 5430 2500 5478 et
2540 5422 2596 5477 id
2620 5437 2790 5476 unum
2813 5427 3073 5482 attexam,
3101 5419 3248 5472 illam
3283 5417 3414 5471 mihi
3442 5416 3674 5470 haeresi]:

2090 5517 2162 5571 ob
2197 5515 2555 5584 multiplicem
2585 5512 3035 5568 archonticorum
3060 5510 3478 5580 appellationem
3506 5508 3674 5560 varia:

2091 5623 2156 5664 ac
2191 5623 2274 5678 pet
2291 5607 2462 5678 plene
2501 5613 2816 5677 serpentum
2872 5603 3210 5676 improbitati
3257 5617 3420 5674 quam
3460 5599 3674 5654 similli-

2579 5771 2599 5803 ⁵
2638 5763 2678 5821 ll
2745 5763 2884 5820 'ltm.
2940 5781 3015 5830 IV,
3065 5767 3116 5819 4.
3227 5763 3288 5816 ⁸1
3323 5760 3466 5816 Tim.
3526 5777 3566 5826 ι,
3615 5761 3668 5815 7.
