  <div class='ocr_page' id='page_1' title='image "/cluster/home/n/w/nwhite01/storage/ocr_20150623/41/nnc1.0046978747/389.png"; bbox 0 0 4156 6358; ppageno 0'>
   <div class='ocr_carea' id='block_1_1' title="bbox 479 355 3739 429">
    <p class='ocr_par' dir='ltr' id='par_1_1' title="bbox 479 355 3739 429">
     <span class='ocr_line' id='line_1_1' title="bbox 479 355 3739 429; baseline -0.002 -9"><span class='ocrx_word' id='word_1_1' title='bbox 479 355 574 410; x_wconf 61' lang='lat' dir='ltr'><strong>59i</strong></span> <span class='ocrx_word' id='word_1_2' title='bbox 1879 363 1935 419; x_wconf 86' lang='lat' dir='ltr'><strong>S.</strong></span> <span class='ocrx_word' id='word_1_3' title='bbox 1980 363 2346 429; x_wconf 65' lang='lat' dir='ltr'><strong>EPIPlIANll,</strong></span> <span class='ocrx_word' id='word_1_4' title='bbox 3627 356 3739 412; x_wconf 61' lang='grc' dir='ltr'>ϐίη</span> 
     </span>
    </p>
   </div>
   <div class='ocr_carea' id='block_1_2' title="bbox 478 475 2059 561">
    <p class='ocr_par' dir='ltr' id='par_1_2' title="bbox 478 475 2046 554">
     <span class='ocr_line' id='line_1_2' title="bbox 478 475 2046 554; baseline 0.007 -28"><span class='ocrx_word' id='word_1_5' title='bbox 478 489 617 529; x_wconf 88' lang='lat' dir='ltr'><strong>mam</strong></span> <span class='ocrx_word' id='word_1_6' title='bbox 644 475 841 532; x_wconf 71' lang='lat' dir='ltr'><strong>videri.</strong></span> <span class='ocrx_word' id='word_1_7' title='bbox 886 475 1084 532; x_wconf 81' lang='lat' dir='ltr'><strong>Nescio</strong></span> <span class='ocrx_word' id='word_1_8' title='bbox 1115 477 1258 532; x_wconf 89' lang='lat' dir='ltr'><strong>enim</strong></span> <span class='ocrx_word' id='word_1_9' title='bbox 1316 495 1426 549; x_wconf 92' lang='lat' dir='ltr'><strong>quo</strong></span> <span class='ocrx_word' id='word_1_10' title='bbox 1455 490 1617 550; x_wconf 88' lang='lat' dir='ltr'><strong>pacto</strong></span> <span class='ocrx_word' id='word_1_11' title='bbox 1660 483 1739 537; x_wconf 88' lang='lat' dir='ltr'><strong>sic</strong></span> <span class='ocrx_word' id='word_1_12' title='bbox 1785 492 2046 554; x_wconf 84' lang='lat' dir='ltr'><strong>tanquam</strong></span> 
     </span>
    </p>
   </div>
   <div class='ocr_carea' id='block_1_3' title="bbox 2166 475 3736 561">
    <p class='ocr_par' dir='ltr' id='par_1_3' title="bbox 2166 479 3736 561">
     <span class='ocr_line' id='line_1_3' title="bbox 2166 479 3736 561; baseline -0.005 -19"><span class='ocrx_word' id='word_1_13' title='bbox 2166 507 2281 543; x_wconf 85' lang='grc' dir='ltr'>τινα</span> <span class='ocrx_word' id='word_1_14' title='bbox 2311 493 2374 544; x_wconf 80' lang='grc' dir='ltr'>ἐκ</span> <span class='ocrx_word' id='word_1_15' title='bbox 2407 489 2614 542; x_wconf 77' lang='grc' dir='ltr'>πολλῶν</span> <span class='ocrx_word' id='word_1_16' title='bbox 2652 487 2894 561; x_wconf 79' lang='grc' dir='ltr'><strong>ἑρπετῶν</strong></span> <span class='ocrx_word' id='word_1_17' title='bbox 2931 486 3130 557; x_wconf 62' lang='grc' dir='ltr'>ἀναμίξ</span> <span class='ocrx_word' id='word_1_18' title='bbox 3167 485 3265 554; x_wconf 83' lang='grc' dir='ltr'>τῆς</span> <span class='ocrx_word' id='word_1_19' title='bbox 3292 479 3498 537; x_wconf 84' lang='grc' dir='ltr'><strong>ἑαυτῶν</strong></span> <span class='ocrx_word' id='word_1_20' title='bbox 3525 480 3736 550; x_wconf 84' lang='grc' dir='ltr'>πλάνης</span> 
     </span>
    </p>
   </div>
   <div class='ocr_carea' id='block_1_4' title="bbox 478 567 2051 645">
    <p class='ocr_par' dir='ltr' id='par_1_4' title="bbox 478 567 2051 645">
     <span class='ocr_line' id='line_1_4' title="bbox 478 567 2051 645; baseline 0.008 -26"><span class='ocrx_word' id='word_1_21' title='bbox 478 567 665 623; x_wconf 89' lang='lat' dir='ltr'><strong>multis</strong></span> <span class='ocrx_word' id='word_1_22' title='bbox 695 584 762 624; x_wconf 80' lang='lat' dir='ltr'><strong>ex</strong></span> <span class='ocrx_word' id='word_1_23' title='bbox 789 569 1060 640; x_wconf 75' lang='lat' dir='ltr'><strong>anguibus</strong></span> <span class='ocrx_word' id='word_1_24' title='bbox 1076 570 1324 626; x_wconf 77' lang='lat' dir='ltr'><strong>confusis</strong></span> <span class='ocrx_word' id='word_1_25' title='bbox 1342 574 1395 627; x_wconf 91' lang='lat' dir='ltr'><strong>in</strong></span> <span class='ocrx_word' id='word_1_26' title='bbox 1425 591 1592 628; x_wconf 92' lang='lat' dir='ltr'><strong>unum</strong></span> <span class='ocrx_word' id='word_1_27' title='bbox 1619 590 1681 630; x_wconf 89' lang='lat' dir='ltr'><strong>ac</strong></span> <span class='ocrx_word' id='word_1_28' title='bbox 1701 578 2051 645; x_wconf 89' lang='lat' dir='ltr'><strong>promiscuis,</strong></span> 
     </span>
    </p>
   </div>
   <div class='ocr_carea' id='block_1_5' title="bbox 481 660 2051 730">
    <p class='ocr_par' dir='ltr' id='par_1_5' title="bbox 481 660 2051 730">
     <span class='ocr_line' id='line_1_5' title="bbox 481 660 2051 730; baseline 0.006 -15"><span class='ocrx_word' id='word_1_29' title='bbox 481 660 722 730; x_wconf 78' lang='lat' dir='ltr'><strong>pestiferi</strong></span> <span class='ocrx_word' id='word_1_30' title='bbox 761 660 912 718; x_wconf 90' lang='lat' dir='ltr'><strong>illius</strong></span> <span class='ocrx_word' id='word_1_31' title='bbox 945 664 1154 719; x_wconf 87' lang='lat' dir='ltr'><strong>erroris</strong></span> <span class='ocrx_word' id='word_1_32' title='bbox 1186 681 1394 719; x_wconf 82' lang='lat' dir='ltr'><strong>venena</strong></span> <span class='ocrx_word' id='word_1_33' title='bbox 1433 669 1670 722; x_wconf 85' lang='lat' dir='ltr'><strong>conﬂata</strong></span> <span class='ocrx_word' id='word_1_34' title='bbox 1708 678 1866 727; x_wconf 65' lang='lat' dir='ltr'><strong>sunt.</strong></span> <span class='ocrx_word' id='word_1_35' title='bbox 1897 669 1966 724; x_wconf 90' lang='lat' dir='ltr'><strong>Ut</strong></span> <span class='ocrx_word' id='word_1_36' title='bbox 1997 671 2051 724; x_wconf 90' lang='lat' dir='ltr'><strong>in</strong></span> 
     </span>
    </p>
   </div>
   <div class='ocr_carea' id='block_1_6' title="bbox 479 753 2053 835">
    <p class='ocr_par' dir='ltr' id='par_1_6' title="bbox 479 753 2053 835">
     <span class='ocr_line' id='line_1_6' title="bbox 479 753 2053 835; baseline 0.008 -29"><span class='ocrx_word' id='word_1_37' title='bbox 479 753 588 808; x_wconf 86' lang='lat' dir='ltr'><strong>illis</strong></span> <span class='ocrx_word' id='word_1_38' title='bbox 616 755 814 824; x_wconf 78' lang='lat' dir='ltr'><strong>partim</strong></span> <span class='ocrx_word' id='word_1_39' title='bbox 844 755 1102 812; x_wconf 86' lang='lat' dir='ltr'><strong>draconis</strong></span> <span class='ocrx_word' id='word_1_40' title='bbox 1152 759 1283 814; x_wconf 91' lang='lat' dir='ltr'><strong>insit</strong></span> <span class='ocrx_word' id='word_1_41' title='bbox 1329 759 1585 824; x_wconf 87' lang='lat' dir='ltr'><strong>audacia,</strong></span> <span class='ocrx_word' id='word_1_42' title='bbox 1618 763 1816 831; x_wconf 83' lang='lat' dir='ltr'><strong>partim</strong></span> <span class='ocrx_word' id='word_1_43' title='bbox 1843 764 2053 835; x_wconf 87' lang='lat' dir='ltr'><strong>physali</strong></span> 
     </span>
    </p>
   </div>
   <div class='ocr_carea' id='block_1_7' title="bbox 487 846 2054 926">
    <p class='ocr_par' dir='ltr' id='par_1_7' title="bbox 487 846 2054 926">
     <span class='ocr_line' id='line_1_7' title="bbox 487 846 2054 926; baseline 0.006 -25"><span class='ocrx_word' id='word_1_44' title='bbox 487 846 772 910; x_wconf 75' lang='lat' dir='ltr'><strong>calliditas,</strong></span> <span class='ocrx_word' id='word_1_45' title='bbox 806 849 1002 917; x_wconf 80' lang='lat' dir='ltr'><strong>partim</strong></span> <span class='ocrx_word' id='word_1_46' title='bbox 1044 849 1276 918; x_wconf 83' lang='lat' dir='ltr'><strong>spiritus</strong></span> <span class='ocrx_word' id='word_1_47' title='bbox 1302 866 1422 919; x_wconf 87' lang='lat' dir='ltr'><strong>quae</strong></span> <span class='ocrx_word' id='word_1_48' title='bbox 1461 861 1545 906; x_wconf 88' lang='lat' dir='ltr'><strong>est</strong></span> <span class='ocrx_word' id='word_1_49' title='bbox 1574 853 1628 906; x_wconf 90' lang='lat' dir='ltr'><strong>in</strong></span> <span class='ocrx_word' id='word_1_50' title='bbox 1677 853 1887 910; x_wconf 69' lang='lat' dir='ltr'><strong>bzntone</strong></span> <span class='ocrx_word' id='word_1_51' title='bbox 1919 873 2054 926; x_wconf 88' lang='lat' dir='ltr'><strong>sup-</strong></span> 
     </span>
    </p>
   </div>
   <div class='ocr_carea' id='block_1_8' title="bbox 482 938 2055 1015">
    <p class='ocr_par' dir='ltr' id='par_1_8' title="bbox 482 938 2055 1015">
     <span class='ocr_line' id='line_1_8' title="bbox 482 938 2055 1015; baseline 0.01 -28"><span class='ocrx_word' id='word_1_52' title='bbox 482 938 714 1006; x_wconf 87' lang='lat' dir='ltr'><strong>pressio,</strong></span> <span class='ocrx_word' id='word_1_53' title='bbox 749 939 944 1007; x_wconf 86' lang='lat' dir='ltr'><strong>partim</strong></span> <span class='ocrx_word' id='word_1_54' title='bbox 979 941 1208 996; x_wconf 76' lang='lat' dir='ltr'><strong>acontia:</strong></span> <span class='ocrx_word' id='word_1_55' title='bbox 1258 943 1496 1012; x_wconf 79' lang='lat' dir='ltr'><strong>agilitas,</strong></span> <span class='ocrx_word' id='word_1_56' title='bbox 1533 945 1729 1015; x_wconf 85' lang='lat' dir='ltr'><strong>partim</strong></span> <span class='ocrx_word' id='word_1_57' title='bbox 1778 947 2055 1002; x_wconf 83' lang='lat' dir='ltr'><strong>ostracitae</strong></span> 
     </span>
    </p>
   </div>
   <div class='ocr_carea' id='block_1_9' title="bbox 481 1029 2055 1108">
    <p class='ocr_par' dir='ltr' id='par_1_9' title="bbox 481 1029 2055 1108">
     <span class='ocr_line' id='line_1_9' title="bbox 481 1029 2055 1108; baseline 0.008 -27"><span class='ocrx_word' id='word_1_58' title='bbox 481 1043 650 1098; x_wconf 91' lang='lat' dir='ltr'><strong>prona</strong></span> <span class='ocrx_word' id='word_1_59' title='bbox 681 1029 986 1085; x_wconf 86' lang='lat' dir='ltr'><strong>lubricitas.</strong></span> <span class='ocrx_word' id='word_1_60' title='bbox 1029 1030 1277 1097; x_wconf 86' lang='lat' dir='ltr'><strong>Quorum</strong></span> <span class='ocrx_word' id='word_1_61' title='bbox 1309 1035 1554 1088; x_wconf 88' lang='lat' dir='ltr'><strong>omnium</strong></span> <span class='ocrx_word' id='word_1_62' title='bbox 1586 1036 1727 1091; x_wconf 89' lang='lat' dir='ltr'><strong>eliso</strong></span> <span class='ocrx_word' id='word_1_63' title='bbox 1751 1039 1950 1108; x_wconf 82' lang='lat' dir='ltr'><strong>capite,</strong></span> <span class='ocrx_word' id='word_1_64' title='bbox 1990 1055 2055 1094; x_wconf 90' lang='lat' dir='ltr'><strong>ac</strong></span> 
     </span>
    </p>
   </div>
   <div class='ocr_carea' id='block_1_10' title="bbox 483 1117 2049 1195">
    <p class='ocr_par' dir='ltr' id='par_1_10' title="bbox 483 1117 2049 1195">
     <span class='ocr_line' id='line_1_10' title="bbox 483 1117 2049 1195; baseline 0.009 -26"><span class='ocrx_word' id='word_1_65' title='bbox 483 1117 730 1173; x_wconf 81' lang='lat' dir='ltr'><strong>veritatis</strong></span> <span class='ocrx_word' id='word_1_66' title='bbox 774 1118 1021 1174; x_wconf 90' lang='lat' dir='ltr'><strong>doctrina</strong></span> <span class='ocrx_word' id='word_1_67' title='bbox 1068 1122 1332 1186; x_wconf 90' lang='lat' dir='ltr'><strong>contrito,</strong></span> <span class='ocrx_word' id='word_1_68' title='bbox 1379 1125 1444 1178; x_wconf 93' lang='lat' dir='ltr'><strong>ad</strong></span> <span class='ocrx_word' id='word_1_69' title='bbox 1505 1126 1749 1195; x_wconf 85' lang='lat' dir='ltr'><strong>reliquas</strong></span> <span class='ocrx_word' id='word_1_70' title='bbox 1793 1130 2049 1183; x_wconf 86' lang='lat' dir='ltr'><strong>transibi-</strong></span> 
     </span>
    </p>
   </div>
   <div class='ocr_carea' id='block_1_11' title="bbox 481 1209 2056 1289">
    <p class='ocr_par' dir='ltr' id='par_1_11' title="bbox 481 1209 2056 1289">
     <span class='ocr_line' id='line_1_11' title="bbox 481 1209 2056 1289; baseline 0.009 -29"><span class='ocrx_word' id='word_1_71' title='bbox 481 1223 624 1271; x_wconf 85' lang='lat' dir='ltr'><strong>mus,</strong></span> <span class='ocrx_word' id='word_1_72' title='bbox 651 1223 713 1262; x_wconf 92' lang='lat' dir='ltr'><strong>ac</strong></span> <span class='ocrx_word' id='word_1_73' title='bbox 738 1209 1075 1278; x_wconf 88' lang='lat' dir='ltr'><strong>singularum</strong></span> <span class='ocrx_word' id='word_1_74' title='bbox 1114 1210 1406 1268; x_wconf 82' lang='lat' dir='ltr'><strong>falsitatem</strong></span> <span class='ocrx_word' id='word_1_75' title='bbox 1443 1230 1669 1286; x_wconf 83' lang='lat' dir='ltr'><strong>arguere</strong></span> <span class='ocrx_word' id='word_1_76' title='bbox 1708 1215 1822 1274; x_wconf 89' lang='lat' dir='ltr'><strong>Deo</strong></span> <span class='ocrx_word' id='word_1_77' title='bbox 1867 1219 2056 1289; x_wconf 88' lang='lat' dir='ltr'><strong>opitu-</strong></span> 
     </span>
    </p>
   </div>
   <div class='ocr_carea' id='block_1_12' title="bbox 482 1301 988 1355">
    <p class='ocr_par' dir='ltr' id='par_1_12' title="bbox 482 1301 988 1355">
     <span class='ocr_line' id='line_1_12' title="bbox 482 1301 988 1355; baseline 0.002 -3"><span class='ocrx_word' id='word_1_78' title='bbox 482 1301 622 1355; x_wconf 80' lang='lat' dir='ltr'><strong>tante</strong></span> <span class='ocrx_word' id='word_1_79' title='bbox 645 1301 988 1355; x_wconf 83' lang='lat' dir='ltr'><strong>conabimur.</strong></span> 
     </span>
    </p>
   </div>
   <div class='ocr_carea' id='block_1_13' title="bbox 817 1411 1719 1485">
    <p class='ocr_par' dir='ltr' id='par_1_13' title="bbox 817 1411 1719 1485">
     <span class='ocr_line' id='line_1_13' title="bbox 817 1411 1719 1485; baseline 0.012 -21"><span class='ocrx_word' id='word_1_80' title='bbox 817 1411 1188 1468; x_wconf 80' lang='lat' dir='ltr'><strong>ADVERSUS</strong></span> <span class='ocrx_word' id='word_1_81' title='bbox 1209 1414 1719 1485; x_wconf 77' lang='lat' dir='ltr'><strong>CERDONIANOS,</strong></span> 
     </span>
    </p>
   </div>
   <div class='ocr_carea' id='block_1_14' title="bbox 769 1526 1773 1592">
    <p class='ocr_par' dir='ltr' id='par_1_14' title="bbox 769 1526 1773 1592">
     <span class='ocr_line' id='line_1_14' title="bbox 769 1526 1773 1592; baseline 0.009 -13"><span class='ocrx_word' id='word_1_82' title='bbox 769 1526 902 1592; x_wconf 72' lang='lat' dir='ltr'><strong>Qua:</strong></span> <span class='ocrx_word' id='word_1_83' title='bbox 944 1538 1022 1582; x_wconf 76' lang='lat' dir='ltr'><strong>est</strong></span> <span class='ocrx_word' id='word_1_84' title='bbox 1052 1529 1266 1584; x_wconf 74' lang='lat' dir='ltr'><strong>Itwresis</strong></span> <span class='ocrx_word' id='word_1_85' title='bbox 1311 1531 1451 1585; x_wconf 80' lang='lat' dir='ltr'><strong><em>XXI</em></strong></span> <span class='ocrx_word' id='word_1_86' title='bbox 1495 1535 1572 1587; x_wconf 77' lang='lat' dir='ltr'><strong>vel</strong></span> <span class='ocrx_word' id='word_1_87' title='bbox 1622 1533 1773 1588; x_wconf 83' lang='lat' dir='ltr'><strong><em>XLI.</em></strong></span> 
     </span>
    </p>
   </div>
   <div class='ocr_carea' id='block_1_15' title="bbox 551 1636 2056 1716">
    <p class='ocr_par' dir='ltr' id='par_1_15' title="bbox 551 1636 2056 1716">
     <span class='ocr_line' id='line_1_15' title="bbox 551 1636 2056 1716; baseline 0.011 -27"><span class='ocrx_word' id='word_1_88' title='bbox 551 1637 589 1689; x_wconf 95' lang='grc' dir='ltr'>Ι.</span> <span class='ocrx_word' id='word_1_89' title='bbox 629 1636 762 1691; x_wconf 88' lang='lat' dir='ltr'><strong>Tam</strong></span> <span class='ocrx_word' id='word_1_90' title='bbox 799 1639 885 1694; x_wconf 90' lang='lat' dir='ltr'><strong>bis</strong></span> <span class='ocrx_word' id='word_1_91' title='bbox 914 1656 1079 1710; x_wconf 91' lang='lat' dir='ltr'><strong>quam</strong></span> <span class='ocrx_word' id='word_1_92' title='bbox 1113 1640 1436 1699; x_wconf 85' lang='lat' dir='ltr'><strong>Heracleoni</strong></span> <span class='ocrx_word' id='word_1_93' title='bbox 1468 1646 1690 1716; x_wconf 91' lang='lat' dir='ltr'><strong>quidam</strong></span> <span class='ocrx_word' id='word_1_94' title='bbox 1720 1646 1898 1703; x_wconf 89' lang='lat' dir='ltr'><strong>Cerdo</strong></span> <span class='ocrx_word' id='word_1_95' title='bbox 1927 1663 2056 1704; x_wconf 90' lang='lat' dir='ltr'><strong>suc-</strong></span> 
     </span>
    </p>
   </div>
   <div class='ocr_carea' id='block_1_16' title="bbox 479 1731 2057 1806">
    <p class='ocr_par' dir='ltr' id='par_1_16' title="bbox 479 1731 2057 1806">
     <span class='ocr_line' id='line_1_16' title="bbox 479 1731 2057 1806; baseline 0.008 -23"><span class='ocrx_word' id='word_1_96' title='bbox 479 1732 667 1793; x_wconf 85' lang='lat' dir='ltr'><strong>cessit,</strong></span> <span class='ocrx_word' id='word_1_97' title='bbox 704 1731 774 1786; x_wconf 90' lang='lat' dir='ltr'><strong>ab</strong></span> <span class='ocrx_word' id='word_1_98' title='bbox 801 1733 990 1789; x_wconf 83' lang='lat' dir='ltr'><strong>eadem</strong></span> <span class='ocrx_word' id='word_1_99' title='bbox 1017 1735 1208 1790; x_wconf 85' lang='lat' dir='ltr'><strong>schola</strong></span> <span class='ocrx_word' id='word_1_100' title='bbox 1240 1736 1544 1806; x_wconf 76' lang='lat' dir='ltr'><strong>profectus,</strong></span> <span class='ocrx_word' id='word_1_101' title='bbox 1579 1749 1632 1793; x_wconf 88' lang='lat' dir='ltr'><strong>et</strong></span> <span class='ocrx_word' id='word_1_102' title='bbox 1681 1756 1708 1792; x_wconf 91' lang='lat' dir='ltr'><strong>a</strong></span> <span class='ocrx_word' id='word_1_103' title='bbox 1745 1740 1967 1796; x_wconf 87' lang='lat' dir='ltr'><strong>Simone</strong></span> <span class='ocrx_word' id='word_1_104' title='bbox 1992 1755 2057 1796; x_wconf 89' lang='lat' dir='ltr'><strong>ac</strong></span> 
     </span>
    </p>
   </div>
   <div class='ocr_carea' id='block_1_17' title="bbox 2164 571 3739 651">
    <p class='ocr_par' dir='ltr' id='par_1_17' title="bbox 2164 571 3739 651">
     <span class='ocr_line' id='line_1_17' title="bbox 2164 571 3739 651; baseline -0.006 -19"><span class='ocrx_word' id='word_1_105' title='bbox 2164 581 2490 651; x_wconf 75' lang='grc' dir='ltr'><strong>συνηγμένη,</strong></span> <span class='ocrx_word' id='word_1_106' title='bbox 2527 581 2674 632; x_wconf 79' lang='grc' dir='ltr'>ἐστὶν</span> <span class='ocrx_word' id='word_1_107' title='bbox 2709 582 2742 650; x_wconf 90' lang='grc' dir='ltr'><strong>ή</strong></span> <span class='ocrx_word' id='word_1_108' title='bbox 2789 579 3028 632; x_wconf 81' lang='grc' dir='ltr'>ίοϐολία·</span> <span class='ocrx_word' id='word_1_109' title='bbox 3077 571 3186 629; x_wconf 77' lang='grc' dir='ltr'>οἷον</span> <span class='ocrx_word' id='word_1_110' title='bbox 3235 574 3297 626; x_wconf 83' lang='grc' dir='ltr'><strong>τὸ</strong></span> <span class='ocrx_word' id='word_1_111' title='bbox 3341 572 3512 643; x_wconf 80' lang='grc' dir='ltr'>θρασὺ</span> <span class='ocrx_word' id='word_1_112' title='bbox 3541 573 3739 641; x_wconf 74' lang='grc' dir='ltr'>ἔχουσα</span> 
     </span>
    </p>
   </div>
   <div class='ocr_carea' id='block_1_18' title="bbox 2156 665 3737 744">
    <p class='ocr_par' dir='ltr' id='par_1_18' title="bbox 2156 665 3737 744">
     <span class='ocr_line' id='line_1_18' title="bbox 2156 665 3737 744; baseline -0.007 -18"><span class='ocrx_word' id='word_1_113' title='bbox 2156 673 2250 726; x_wconf 86' lang='grc' dir='ltr'><strong>τοῦ</strong></span> <span class='ocrx_word' id='word_1_114' title='bbox 2275 673 2589 743; x_wconf 85' lang='grc' dir='ltr'>δράκοντος,</span> <span class='ocrx_word' id='word_1_115' title='bbox 2610 673 2675 725; x_wconf 82' lang='grc' dir='ltr'><strong>τὸ</strong></span> <span class='ocrx_word' id='word_1_116' title='bbox 2696 671 2913 744; x_wconf 83' lang='grc' dir='ltr'>δολερὸν</span> <span class='ocrx_word' id='word_1_117' title='bbox 2942 668 3036 724; x_wconf 87' lang='grc' dir='ltr'><strong>τοῦ</strong></span> <span class='ocrx_word' id='word_1_118' title='bbox 3058 668 3315 740; x_wconf 82' lang='grc' dir='ltr'>φυσάλου,</span> <span class='ocrx_word' id='word_1_119' title='bbox 3347 667 3446 737; x_wconf 79' lang='grc' dir='ltr'>τὴν</span> <span class='ocrx_word' id='word_1_120' title='bbox 3478 665 3737 717; x_wconf 87' lang='grc' dir='ltr'>ἀνθέλκυ-</span> 
     </span>
    </p>
   </div>
   <div class='ocr_carea' id='block_1_19' title="bbox 2161 759 3734 837">
    <p class='ocr_par' dir='ltr' id='par_1_19' title="bbox 2161 759 3734 837">
     <span class='ocr_line' id='line_1_19' title="bbox 2161 759 3734 837; baseline -0.006 -18"><span class='ocrx_word' id='word_1_121' title='bbox 2161 784 2243 819; x_wconf 87' lang='grc' dir='ltr'><strong>σιν</strong></span> <span class='ocrx_word' id='word_1_122' title='bbox 2275 767 2374 837; x_wconf 86' lang='grc' dir='ltr'><strong>τῆς</strong></span> <span class='ocrx_word' id='word_1_123' title='bbox 2404 766 2573 836; x_wconf 81' lang='grc' dir='ltr'>πνοῆς</span> <span class='ocrx_word' id='word_1_124' title='bbox 2601 764 2694 818; x_wconf 89' lang='grc' dir='ltr'><strong>τοῦ</strong></span> <span class='ocrx_word' id='word_1_125' title='bbox 2723 765 2998 834; x_wconf 84' lang='grc' dir='ltr'>βαίτωνος,</span> <span class='ocrx_word' id='word_1_126' title='bbox 3025 764 3086 816; x_wconf 80' lang='grc' dir='ltr'>τὸ</span> <span class='ocrx_word' id='word_1_127' title='bbox 3113 760 3316 832; x_wconf 84' lang='grc' dir='ltr'>γαῦρον</span> <span class='ocrx_word' id='word_1_128' title='bbox 3337 760 3429 812; x_wconf 89' lang='grc' dir='ltr'><strong>τοῦ</strong></span> <span class='ocrx_word' id='word_1_129' title='bbox 3463 759 3734 819; x_wconf 82' lang='grc' dir='ltr'>ἀκοντίου,</span> 
     </span>
    </p>
   </div>
   <div class='ocr_carea' id='block_1_20' title="bbox 2156 850 3736 930">
    <p class='ocr_par' dir='ltr' id='par_1_20' title="bbox 2156 850 3736 930">
     <span class='ocr_line' id='line_1_20' title="bbox 2156 850 3736 930; baseline -0.008 -17"><span class='ocrx_word' id='word_1_130' title='bbox 2156 859 2216 913; x_wconf 69' lang='grc' dir='ltr'>τὸ</span> <span class='ocrx_word' id='word_1_131' title='bbox 2257 861 2525 930; x_wconf 80' lang='grc' dir='ltr'>προπετὲς</span> <span class='ocrx_word' id='word_1_132' title='bbox 2554 858 2647 913; x_wconf 88' lang='grc' dir='ltr'><strong>τοῦ</strong></span> <span class='ocrx_word' id='word_1_133' title='bbox 2689 859 3030 930; x_wconf 83' lang='grc' dir='ltr'>ὀστρακίτου.</span> <span class='ocrx_word' id='word_1_134' title='bbox 3084 856 3297 908; x_wconf 82' lang='grc' dir='ltr'>Τούτων</span> <span class='ocrx_word' id='word_1_135' title='bbox 3317 853 3373 906; x_wconf 80' lang='grc' dir='ltr'>δὲ</span> <span class='ocrx_word' id='word_1_136' title='bbox 3397 852 3613 906; x_wconf 87' lang='grc' dir='ltr'>πάντων</span> <span class='ocrx_word' id='word_1_137' title='bbox 3636 850 3736 920; x_wconf 76' lang='grc' dir='ltr'><strong>τὴν</strong></span> 
     </span>
    </p>
   </div>
   <div class='ocr_carea' id='block_1_21' title="bbox 2159 942 3743 1022">
    <p class='ocr_par' dir='ltr' id='par_1_21' title="bbox 2159 942 3743 1022">
     <span class='ocr_line' id='line_1_21' title="bbox 2159 942 3743 1022; baseline -0.011 -13"><span class='ocrx_word' id='word_1_138' title='bbox 2159 952 2402 1021; x_wconf 74' lang='grc' dir='ltr'>κεφαλὴν</span> <span class='ocrx_word' id='word_1_139' title='bbox 2437 953 2918 1022; x_wconf 83' lang='grc' dir='ltr'>καταπατήσαντες</span> <span class='ocrx_word' id='word_1_140' title='bbox 2947 952 3014 1020; x_wconf 79' lang='grc' dir='ltr'>τῇ</span> <span class='ocrx_word' id='word_1_141' title='bbox 3040 949 3137 1018; x_wconf 74' lang='grc' dir='ltr'>τῆς</span> <span class='ocrx_word' id='word_1_142' title='bbox 3170 945 3423 1018; x_wconf 75' lang='grc' dir='ltr'><strong>ἀληθείας</strong></span> <span class='ocrx_word' id='word_1_143' title='bbox 3458 942 3743 1003; x_wconf 67' lang='grc' dir='ltr'>ὑποθέσει,</span> 
     </span>
    </p>
   </div>
   <div class='ocr_carea' id='block_1_22' title="bbox 2157 1037 3734 1112">
    <p class='ocr_par' dir='ltr' id='par_1_22' title="bbox 2157 1037 3734 1112">
     <span class='ocr_line' id='line_1_22' title="bbox 2157 1037 3734 1112; baseline -0.006 -16"><span class='ocrx_word' id='word_1_144' title='bbox 2157 1044 2250 1096; x_wconf 75' lang='grc' dir='ltr'><strong>ἐπὶ</strong></span> <span class='ocrx_word' id='word_1_145' title='bbox 2275 1044 2377 1106; x_wconf 80' lang='grc' dir='ltr'>τὰς</span> <span class='ocrx_word' id='word_1_146' title='bbox 2421 1043 2612 1106; x_wconf 74' lang='grc' dir='ltr'>λοιπὰς</span> <span class='ocrx_word' id='word_1_147' title='bbox 2649 1042 2968 1112; x_wconf 79' lang='grc' dir='ltr'><strong>διέλθωμεν,</strong></span> <span class='ocrx_word' id='word_1_148' title='bbox 3007 1039 3346 1109; x_wconf 76' lang='grc' dir='ltr'>ἐπιπόθητοι,</span> <span class='ocrx_word' id='word_1_149' title='bbox 3369 1037 3467 1090; x_wconf 57' lang='grc' dir='ltr'>τὴν</span> <span class='ocrx_word' id='word_1_150' title='bbox 3499 1037 3734 1102; x_wconf 79' lang='grc' dir='ltr'><strong>ἑκάστης</strong></span> 
     </span>
    </p>
   </div>
   <div class='ocr_carea' id='block_1_23' title="bbox 2160 1131 3348 1206">
    <p class='ocr_par' dir='ltr' id='par_1_23' title="bbox 2160 1131 3348 1206">
     <span class='ocr_line' id='line_1_23' title="bbox 2160 1131 3348 1206; baseline -0.005 -17"><span class='ocrx_word' id='word_1_151' title='bbox 2160 1136 2367 1206; x_wconf 81' lang='grc' dir='ltr'>πλάνην</span> <span class='ocrx_word' id='word_1_152' title='bbox 2391 1135 2739 1204; x_wconf 73' lang='grc' dir='ltr'>ἀποκαλύψαι</span> <span class='ocrx_word' id='word_1_153' title='bbox 2767 1136 2824 1187; x_wconf 84' lang='grc' dir='ltr'>ὲν</span> <span class='ocrx_word' id='word_1_154' title='bbox 2853 1133 2970 1204; x_wconf 83' lang='grc' dir='ltr'>Θεῷ</span> <span class='ocrx_word' id='word_1_155' title='bbox 2999 1131 3348 1204; x_wconf 83' lang='grc' dir='ltr'>πειρώμενοι.</span> 
     </span>
    </p>
   </div>
   <div class='ocr_carea' id='block_1_24' title="bbox 2580 1417 3315 1483">
    <p class='ocr_par' dir='ltr' id='par_1_24' title="bbox 2580 1417 3315 1483">
     <span class='ocr_line' id='line_1_24' title="bbox 2580 1417 3315 1483; baseline 0 -13"><span class='ocrx_word' id='word_1_156' title='bbox 2580 1419 2764 1470; x_wconf 79' lang='grc' dir='ltr'><strong>ΚΑΤΑ</strong></span> <span class='ocrx_word' id='word_1_157' title='bbox 2813 1417 3315 1483; x_wconf 72' lang='grc' dir='ltr'><strong>ΚΕΡΔΩΝΙΑΝΩΝ,</strong></span> 
     </span>
    </p>
   </div>
   <div class='ocr_carea' id='block_1_25' title="bbox 2240 1528 3629 1600">
    <p class='ocr_par' dir='ltr' id='par_1_25' title="bbox 2240 1528 3629 1600">
     <span class='ocr_line' id='line_1_25' title="bbox 2240 1528 3629 1600; baseline -0.006 -12"><span class='ocrx_word' id='word_1_158' title='bbox 2240 1531 2504 1599; x_wconf 79' lang='grc' dir='ltr'>Εἰκοστὴ</span> <span class='ocrx_word' id='word_1_159' title='bbox 2531 1531 2730 1600; x_wconf 84' lang='grc' dir='ltr'>πρώτη</span> <span class='ocrx_word' id='word_1_160' title='bbox 2756 1531 2794 1596; x_wconf 75' lang='grc' dir='ltr'>ἡ</span> <span class='ocrx_word' id='word_1_161' title='bbox 2826 1531 2922 1583; x_wconf 78' lang='grc' dir='ltr'>καὶ</span> <span class='ocrx_word' id='word_1_162' title='bbox 2949 1528 3407 1598; x_wconf 83' lang='grc' dir='ltr'>τεσσαρακοστὴ</span> <span class='ocrx_word' id='word_1_163' title='bbox 3431 1528 3629 1597; x_wconf 78' lang='grc' dir='ltr'>πρώτη</span> 
     </span>
    </p>
   </div>
   <div class='ocr_carea' id='block_1_26' title="bbox 2229 1642 3743 1719">
    <p class='ocr_par' dir='ltr' id='par_1_26' title="bbox 2229 1642 3743 1719">
     <span class='ocr_line' id='line_1_26' title="bbox 2229 1642 3743 1719; baseline -0.005 -18"><span class='ocrx_word' id='word_1_164' title='bbox 2229 1649 2306 1703; x_wconf 83' lang='grc' dir='ltr'><strong>Α’.</strong></span> <span class='ocrx_word' id='word_1_165' title='bbox 2349 1648 2570 1719; x_wconf 83' lang='grc' dir='ltr'>Κέρδων</span> <span class='ocrx_word' id='word_1_166' title='bbox 2594 1665 2677 1710; x_wconf 88' lang='grc' dir='ltr'><strong>τις</strong></span> <span class='ocrx_word' id='word_1_167' title='bbox 2705 1647 2928 1710; x_wconf 79' lang='grc' dir='ltr'>τούτους</span> <span class='ocrx_word' id='word_1_168' title='bbox 2961 1648 3051 1699; x_wconf 79' lang='grc' dir='ltr'>καὶ</span> <span class='ocrx_word' id='word_1_169' title='bbox 3079 1647 3172 1699; x_wconf 77' lang='grc' dir='ltr'><strong>τὸν</strong></span> <span class='ocrx_word' id='word_1_170' title='bbox 3197 1644 3546 1715; x_wconf 84' lang='grc' dir='ltr'>Ἡρακλέωνα</span> <span class='ocrx_word' id='word_1_171' title='bbox 3569 1642 3743 1696; x_wconf 85' lang='grc' dir='ltr'>διαδέ-</span> 
     </span>
    </p>
   </div>
   <div class='ocr_carea' id='block_1_27' title="bbox 2160 1735 3736 1811">
    <p class='ocr_par' dir='ltr' id='par_1_27' title="bbox 2160 1735 3736 1811">
     <span class='ocr_line' id='line_1_27' title="bbox 2160 1735 3736 1811; baseline -0.003 -18"><span class='ocrx_word' id='word_1_172' title='bbox 2160 1757 2335 1811; x_wconf 86' lang='grc' dir='ltr'>χεται,</span> <span class='ocrx_word' id='word_1_173' title='bbox 2370 1743 2433 1794; x_wconf 86' lang='grc' dir='ltr'>ὲκ</span> <span class='ocrx_word' id='word_1_174' title='bbox 2464 1743 2563 1811; x_wconf 82' lang='grc' dir='ltr'><strong>τῆς</strong></span> <span class='ocrx_word' id='word_1_175' title='bbox 2590 1739 2766 1794; x_wconf 78' lang='grc' dir='ltr'>αὐτῶν</span> <span class='ocrx_word' id='word_1_176' title='bbox 2807 1739 2998 1809; x_wconf 83' lang='grc' dir='ltr'>σχολῆς</span> <span class='ocrx_word' id='word_1_177' title='bbox 3025 1737 3120 1802; x_wconf 85' lang='grc' dir='ltr'><strong>ὢν,</strong></span> <span class='ocrx_word' id='word_1_178' title='bbox 3147 1738 3256 1791; x_wconf 77' lang='grc' dir='ltr'><strong>ἀπὸ</strong></span> <span class='ocrx_word' id='word_1_179' title='bbox 3286 1737 3525 1806; x_wconf 87' lang='grc' dir='ltr'>Σίμωνός</span> <span class='ocrx_word' id='word_1_180' title='bbox 3549 1753 3608 1788; x_wconf 87' lang='grc' dir='ltr'><strong>τε</strong></span> <span class='ocrx_word' id='word_1_181' title='bbox 3641 1735 3736 1788; x_wconf 72' lang='grc' dir='ltr'>καὶ</span> 
     </span>
    </p>
   </div>
   <div class='ocr_carea' id='block_1_28' title="bbox 481 1818 2059 1904">
    <p class='ocr_par' dir='ltr' id='par_1_28' title="bbox 481 1818 2052 1902">
     <span class='ocr_line' id='line_1_28' title="bbox 481 1818 2052 1902; baseline 0.008 -30"><span class='ocrx_word' id='word_1_182' title='bbox 481 1818 758 1875; x_wconf 83' lang='lat' dir='ltr'><strong>Saturnilo</strong></span> <span class='ocrx_word' id='word_1_183' title='bbox 810 1823 1015 1878; x_wconf 88' lang='lat' dir='ltr'><strong>erroris</strong></span> <span class='ocrx_word' id='word_1_184' title='bbox 1068 1833 1264 1880; x_wconf 88' lang='lat' dir='ltr'><strong>nactus</strong></span> <span class='ocrx_word' id='word_1_185' title='bbox 1295 1826 1474 1881; x_wconf 81' lang='lat' dir='ltr'><strong>initia.</strong></span> <span class='ocrx_word' id='word_1_186' title='bbox 1539 1828 1793 1894; x_wconf 81' lang='lat' dir='ltr'><strong>Quicum</strong></span> <span class='ocrx_word' id='word_1_187' title='bbox 1831 1847 1861 1886; x_wconf 91' lang='lat' dir='ltr'><strong>e</strong></span> <span class='ocrx_word' id='word_1_188' title='bbox 1895 1829 2052 1902; x_wconf 88' lang='lat' dir='ltr'><strong>Syria</strong></span> 
     </span>
    </p>
   </div>
   <div class='ocr_carea' id='block_1_29' title="bbox 2166 1818 3736 1904">
    <p class='ocr_par' dir='ltr' id='par_1_29' title="bbox 2166 1824 3736 1904">
     <span class='ocr_line' id='line_1_29' title="bbox 2166 1824 3736 1904; baseline -0.004 -20"><span class='ocrx_word' id='word_1_189' title='bbox 2166 1831 2476 1904; x_wconf 87' lang='grc' dir='ltr'>Σατορνίλου</span> <span class='ocrx_word' id='word_1_190' title='bbox 2503 1830 2684 1884; x_wconf 86' lang='grc' dir='ltr'>λαϐὼν</span> <span class='ocrx_word' id='word_1_191' title='bbox 2711 1830 2808 1894; x_wconf 72' lang='grc' dir='ltr'><strong>τὰς</strong></span> <span class='ocrx_word' id='word_1_192' title='bbox 2834 1830 3155 1900; x_wconf 70' lang='grc' dir='ltr'>προφάσεις.</span> <span class='ocrx_word' id='word_1_193' title='bbox 3189 1824 3355 1892; x_wconf 74' lang='grc' dir='ltr'>Οὗτος</span> <span class='ocrx_word' id='word_1_194' title='bbox 3394 1828 3736 1898; x_wconf 78' lang='grc' dir='ltr'>μετανάστης</span> 
     </span>
    </p>
   </div>
   <div class='ocr_carea' id='block_1_30' title="bbox 482 1911 2053 1989">
    <p class='ocr_par' dir='ltr' id='par_1_30' title="bbox 482 1911 2053 1989">
     <span class='ocr_line' id='line_1_30' title="bbox 482 1911 2053 1989; baseline 0.008 -25"><span class='ocrx_word' id='word_1_195' title='bbox 482 1911 707 1966; x_wconf 73' lang='lat' dir='ltr'><strong>Romam</strong></span> <span class='ocrx_word' id='word_1_196' title='bbox 741 1917 1124 1986; x_wconf 75' lang='lat' dir='ltr'><strong>peregrinandi</strong></span> <span class='ocrx_word' id='word_1_197' title='bbox 1177 1931 1346 1973; x_wconf 82' lang='lat' dir='ltr'><strong>causa</strong></span> <span class='ocrx_word' id='word_1_198' title='bbox 1379 1921 1546 1975; x_wconf 91' lang='lat' dir='ltr'><strong>miser</strong></span> <span class='ocrx_word' id='word_1_199' title='bbox 1579 1924 1928 1989; x_wconf 80' lang='lat' dir='ltr'><strong>accessisset,</strong></span> <span class='ocrx_word' id='word_1_200' title='bbox 1969 1924 2053 1978; x_wconf 87' lang='lat' dir='ltr'><strong>sui</strong></span> 
     </span>
    </p>
   </div>
   <div class='ocr_carea' id='block_1_31' title="bbox 480 2004 2057 2084">
    <p class='ocr_par' dir='ltr' id='par_1_31' title="bbox 480 2004 2057 2084">
     <span class='ocr_line' id='line_1_31' title="bbox 480 2004 2057 2084; baseline 0.01 -29"><span class='ocrx_word' id='word_1_201' title='bbox 480 2004 629 2071; x_wconf 78' lang='lat' dir='ltr'><strong>iuxta</strong></span> <span class='ocrx_word' id='word_1_202' title='bbox 685 2021 750 2060; x_wconf 91' lang='lat' dir='ltr'><strong>ac</strong></span> <span class='ocrx_word' id='word_1_203' title='bbox 790 2016 1122 2064; x_wconf 81' lang='lat' dir='ltr'><strong>sectatorum</strong></span> <span class='ocrx_word' id='word_1_204' title='bbox 1191 2027 1419 2066; x_wconf 85' lang='lat' dir='ltr'><strong>suorum</strong></span> <span class='ocrx_word' id='word_1_205' title='bbox 1486 2013 1638 2070; x_wconf 88' lang='lat' dir='ltr'><strong>labes</strong></span> <span class='ocrx_word' id='word_1_206' title='bbox 1687 2015 1936 2084; x_wconf 63' lang='lat' dir='ltr'><strong>quaedam</strong></span> <span class='ocrx_word' id='word_1_207' title='bbox 1992 2030 2057 2070; x_wconf 89' lang='lat' dir='ltr'><strong>ac</strong></span> 
     </span>
    </p>
   </div>
   <div class='ocr_carea' id='block_1_32' title="bbox 481 2098 2059 2174">
    <p class='ocr_par' dir='ltr' id='par_1_32' title="bbox 481 2098 2059 2174">
     <span class='ocr_line' id='line_1_32' title="bbox 481 2098 2059 2174; baseline 0.005 -24"><span class='ocrx_word' id='word_1_208' title='bbox 481 2098 751 2166; x_wconf 89' lang='lat' dir='ltr'><strong>pernicies</strong></span> <span class='ocrx_word' id='word_1_209' title='bbox 800 2099 922 2156; x_wconf 78' lang='lat' dir='ltr'><strong>fuit.</strong></span> <span class='ocrx_word' id='word_1_210' title='bbox 975 2101 1286 2156; x_wconf 80' lang='lat' dir='ltr'><strong>Miserrima</strong></span> <span class='ocrx_word' id='word_1_211' title='bbox 1339 2105 1543 2174; x_wconf 89' lang='lat' dir='ltr'><strong>quippe</strong></span> <span class='ocrx_word' id='word_1_212' title='bbox 1589 2113 1721 2159; x_wconf 90' lang='lat' dir='ltr'><strong>tunc</strong></span> <span class='ocrx_word' id='word_1_213' title='bbox 1753 2114 1837 2160; x_wconf 82' lang='lat' dir='ltr'><strong>est</strong></span> <span class='ocrx_word' id='word_1_214' title='bbox 1878 2106 2059 2159; x_wconf 84' lang='lat' dir='ltr'><strong>homi-</strong></span> 
     </span>
    </p>
   </div>
   <div class='ocr_carea' id='block_1_33' title="bbox 480 2190 2058 2263">
    <p class='ocr_par' dir='ltr' id='par_1_33' title="bbox 480 2190 2058 2263">
     <span class='ocr_line' id='line_1_33' title="bbox 480 2190 2058 2263; baseline 0.006 -23"><span class='ocrx_word' id='word_1_215' title='bbox 480 2203 609 2241; x_wconf 87' lang='lat' dir='ltr'><strong>num</strong></span> <span class='ocrx_word' id='word_1_216' title='bbox 642 2198 859 2252; x_wconf 89' lang='lat' dir='ltr'><strong>natura,</strong></span> <span class='ocrx_word' id='word_1_217' title='bbox 894 2206 1018 2245; x_wconf 90' lang='lat' dir='ltr'><strong>eum</strong></span> <span class='ocrx_word' id='word_1_218' title='bbox 1048 2190 1142 2247; x_wconf 88' lang='lat' dir='ltr'><strong>Dei</strong></span> <span class='ocrx_word' id='word_1_219' title='bbox 1183 2193 1326 2246; x_wconf 88' lang='lat' dir='ltr'><strong>viam</strong></span> <span class='ocrx_word' id='word_1_220' title='bbox 1358 2194 1698 2263; x_wconf 86' lang='lat' dir='ltr'><strong>relinquens,</strong></span> <span class='ocrx_word' id='word_1_221' title='bbox 1740 2204 1794 2250; x_wconf 90' lang='lat' dir='ltr'><strong>et</strong></span> <span class='ocrx_word' id='word_1_222' title='bbox 1817 2211 1846 2248; x_wconf 91' lang='lat' dir='ltr'><strong>a</strong></span> <span class='ocrx_word' id='word_1_223' title='bbox 1871 2195 2058 2250; x_wconf 78' lang='lat' dir='ltr'><strong>divina</strong></span> 
     </span>
    </p>
   </div>
   <div class='ocr_carea' id='block_1_34' title="bbox 479 2281 2057 2353">
    <p class='ocr_par' dir='ltr' id='par_1_34' title="bbox 479 2281 2057 2353">
     <span class='ocr_line' id='line_1_34' title="bbox 479 2281 2057 2353; baseline 0.005 -19"><span class='ocrx_word' id='word_1_224' title='bbox 479 2295 539 2334; x_wconf 88' lang='lat' dir='ltr'><strong>se</strong></span> <span class='ocrx_word' id='word_1_225' title='bbox 569 2281 860 2336; x_wconf 78' lang='lat' dir='ltr'><strong>vocatione</strong></span> <span class='ocrx_word' id='word_1_226' title='bbox 907 2297 1224 2352; x_wconf 79' lang='lat' dir='ltr'><strong>segregans,</strong></span> <span class='ocrx_word' id='word_1_227' title='bbox 1261 2283 1481 2353; x_wconf 81' lang='lat' dir='ltr'><strong>longius</strong></span> <span class='ocrx_word' id='word_1_228' title='bbox 1541 2286 1788 2340; x_wconf 92' lang='lat' dir='ltr'><strong>aberrat.</strong></span> <span class='ocrx_word' id='word_1_229' title='bbox 1842 2285 2057 2353; x_wconf 86' lang='lat' dir='ltr'><strong>Quibus</strong></span> 
     </span>
    </p>
   </div>
   <div class='ocr_carea' id='block_1_35' title="bbox 480 2370 2056 2448">
    <p class='ocr_par' dir='ltr' id='par_1_35' title="bbox 480 2370 2056 2448">
     <span class='ocr_line' id='line_1_35' title="bbox 480 2370 2056 2448; baseline 0.006 -25"><span class='ocrx_word' id='word_1_230' title='bbox 480 2370 612 2425; x_wconf 93' lang='lat' dir='ltr'><strong>illud</strong></span> <span class='ocrx_word' id='word_1_231' title='bbox 633 2371 701 2427; x_wconf 93' lang='lat' dir='ltr'><strong>de</strong></span> <span class='ocrx_word' id='word_1_232' title='bbox 730 2372 886 2428; x_wconf 86' lang='lat' dir='ltr'><strong>canis</strong></span> <span class='ocrx_word' id='word_1_233' title='bbox 916 2372 1099 2428; x_wconf 82' lang='lat' dir='ltr'><strong>fabula</strong></span> <span class='ocrx_word' id='word_1_234' title='bbox 1129 2375 1416 2446; x_wconf 90' lang='lat' dir='ltr'><strong>contingit,</strong></span> <span class='ocrx_word' id='word_1_235' title='bbox 1451 2376 1545 2445; x_wconf 88' lang='lat' dir='ltr'><strong>qui</strong></span> <span class='ocrx_word' id='word_1_236' title='bbox 1581 2377 1635 2430; x_wconf 93' lang='lat' dir='ltr'><strong>in</strong></span> <span class='ocrx_word' id='word_1_237' title='bbox 1672 2379 1793 2447; x_wconf 88' lang='lat' dir='ltr'><strong>ejus</strong></span> <span class='ocrx_word' id='word_1_238' title='bbox 1827 2379 1972 2448; x_wconf 92' lang='lat' dir='ltr'><strong>quod</strong></span> <span class='ocrx_word' id='word_1_239' title='bbox 2005 2380 2056 2432; x_wconf 91' lang='lat' dir='ltr'><strong>in</strong></span> 
     </span>
    </p>
   </div>
   <div class='ocr_carea' id='block_1_36' title="bbox 479 2465 2056 2542">
    <p class='ocr_par' dir='ltr' id='par_1_36' title="bbox 479 2465 2056 2542">
     <span class='ocr_line' id='line_1_36' title="bbox 479 2465 2056 2542; baseline 0.005 -26"><span class='ocrx_word' id='word_1_240' title='bbox 479 2479 573 2518; x_wconf 89' lang='lat' dir='ltr'><strong>ore</strong></span> <span class='ocrx_word' id='word_1_241' title='bbox 605 2465 853 2536; x_wconf 78' lang='lat' dir='ltr'><strong>gestabat</strong></span> <span class='ocrx_word' id='word_1_242' title='bbox 880 2466 1130 2520; x_wconf 89' lang='lat' dir='ltr'><strong>umbram</strong></span> <span class='ocrx_word' id='word_1_243' title='bbox 1170 2466 1438 2531; x_wconf 90' lang='lat' dir='ltr'><strong>intentus,</strong></span> <span class='ocrx_word' id='word_1_244' title='bbox 1465 2477 1519 2523; x_wconf 88' lang='lat' dir='ltr'><strong>et</strong></span> <span class='ocrx_word' id='word_1_245' title='bbox 1555 2470 1610 2522; x_wconf 93' lang='lat' dir='ltr'><strong>in</strong></span> <span class='ocrx_word' id='word_1_246' title='bbox 1639 2485 1838 2539; x_wconf 86' lang='lat' dir='ltr'><strong>aquam</strong></span> <span class='ocrx_word' id='word_1_247' title='bbox 1866 2471 2056 2542; x_wconf 90' lang='lat' dir='ltr'><strong>despi-</strong></span> 
     </span>
    </p>
   </div>
   <div class='ocr_carea' id='block_1_37' title="bbox 479 2554 2059 2628">
    <p class='ocr_par' dir='ltr' id='par_1_37' title="bbox 479 2554 2059 2628">
     <span class='ocr_line' id='line_1_37' title="bbox 479 2554 2059 2628; baseline 0.006 -21"><span class='ocrx_word' id='word_1_248' title='bbox 479 2555 654 2618; x_wconf 87' lang='lat' dir='ltr'><strong>ciens,</strong></span> <span class='ocrx_word' id='word_1_249' title='bbox 695 2554 826 2610; x_wconf 92' lang='lat' dir='ltr'><strong>dum</strong></span> <span class='ocrx_word' id='word_1_250' title='bbox 872 2556 1064 2611; x_wconf 90' lang='lat' dir='ltr'><strong>eodem</strong></span> <span class='ocrx_word' id='word_1_251' title='bbox 1115 2557 1241 2611; x_wconf 90' lang='lat' dir='ltr'><strong>cibo</strong></span> <span class='ocrx_word' id='word_1_252' title='bbox 1291 2573 1454 2628; x_wconf 90' lang='lat' dir='ltr'><strong>quem</strong></span> <span class='ocrx_word' id='word_1_253' title='bbox 1518 2560 1800 2616; x_wconf 85' lang='lat' dir='ltr'><strong>mordicus</strong></span> <span class='ocrx_word' id='word_1_254' title='bbox 1852 2560 2059 2616; x_wconf 77' lang='lat' dir='ltr'><strong>ferebat</strong></span> 
     </span>
    </p>
   </div>
   <div class='ocr_carea' id='block_1_38' title="bbox 481 2645 2053 2719">
    <p class='ocr_par' dir='ltr' id='par_1_38' title="bbox 481 2645 2053 2719">
     <span class='ocr_line' id='line_1_38' title="bbox 481 2645 2053 2719; baseline 0.006 -23"><span class='ocrx_word' id='word_1_255' title='bbox 481 2645 745 2713; x_wconf 87' lang='lat' dir='ltr'><strong>majorem</strong></span> <span class='ocrx_word' id='word_1_256' title='bbox 794 2647 1045 2702; x_wconf 89' lang='lat' dir='ltr'><strong>umbram</strong></span> <span class='ocrx_word' id='word_1_257' title='bbox 1079 2663 1203 2704; x_wconf 86' lang='lat' dir='ltr'><strong>esse</strong></span> <span class='ocrx_word' id='word_1_258' title='bbox 1236 2650 1571 2719; x_wconf 85' lang='lat' dir='ltr'><strong>suspicatur,</strong></span> <span class='ocrx_word' id='word_1_259' title='bbox 1624 2650 1848 2706; x_wconf 92' lang='lat' dir='ltr'><strong>diducto</strong></span> <span class='ocrx_word' id='word_1_260' title='bbox 1903 2652 2053 2707; x_wconf 89' lang='lat' dir='ltr'><strong>rictu</strong></span> 
     </span>
    </p>
   </div>
   <div class='ocr_carea' id='block_1_39' title="bbox 480 2736 2059 2816">
    <p class='ocr_par' dir='ltr' id='par_1_39' title="bbox 480 2736 2059 2816">
     <span class='ocr_line' id='line_1_39' title="bbox 480 2736 2059 2816; baseline 0.006 -26"><span class='ocrx_word' id='word_1_261' title='bbox 480 2736 632 2790; x_wconf 86' lang='lat' dir='ltr'><strong>illum</strong></span> <span class='ocrx_word' id='word_1_262' title='bbox 673 2738 854 2808; x_wconf 78' lang='lat' dir='ltr'><strong>ipsum</strong></span> <span class='ocrx_word' id='word_1_263' title='bbox 879 2740 972 2810; x_wconf 82' lang='lat' dir='ltr'><strong>qui</strong></span> <span class='ocrx_word' id='word_1_264' title='bbox 992 2754 1155 2796; x_wconf 87' lang='lat' dir='ltr'><strong>verus</strong></span> <span class='ocrx_word' id='word_1_265' title='bbox 1185 2751 1305 2796; x_wconf 90' lang='lat' dir='ltr'><strong>erat</strong></span> <span class='ocrx_word' id='word_1_266' title='bbox 1329 2742 1584 2812; x_wconf 88' lang='lat' dir='ltr'><strong>perdidit.</strong></span> <span class='ocrx_word' id='word_1_267' title='bbox 1608 2742 1700 2798; x_wconf 87' lang='lat' dir='ltr'><strong>Sic</strong></span> <span class='ocrx_word' id='word_1_268' title='bbox 1733 2745 1811 2798; x_wconf 92' lang='lat' dir='ltr'><strong>illi</strong></span> <span class='ocrx_word' id='word_1_269' title='bbox 1842 2753 2059 2816; x_wconf 91' lang='lat' dir='ltr'><strong>reperta</strong></span> 
     </span>
    </p>
   </div>
   <div class='ocr_carea' id='block_1_40' title="bbox 481 2827 2059 2903">
    <p class='ocr_par' dir='ltr' id='par_1_40' title="bbox 481 2827 2059 2903">
     <span class='ocr_line' id='line_1_40' title="bbox 481 2827 2059 2903; baseline 0.006 -23"><span class='ocrx_word' id='word_1_270' title='bbox 481 2827 587 2888; x_wconf 79' lang='lat' dir='ltr'><strong>via,</strong></span> <span class='ocrx_word' id='word_1_271' title='bbox 631 2827 760 2883; x_wconf 91' lang='lat' dir='ltr'><strong>dum</strong></span> <span class='ocrx_word' id='word_1_272' title='bbox 801 2829 921 2899; x_wconf 85' lang='lat' dir='ltr'><strong>ejus</strong></span> <span class='ocrx_word' id='word_1_273' title='bbox 971 2831 1212 2897; x_wconf 70' lang='lat' dir='ltr'><strong>umbrae,</strong></span> <span class='ocrx_word' id='word_1_274' title='bbox 1259 2847 1423 2901; x_wconf 82' lang='lat' dir='ltr'><strong>quam</strong></span> <span class='ocrx_word' id='word_1_275' title='bbox 1472 2834 1537 2886; x_wconf 86' lang='lat' dir='ltr'><strong>in.</strong></span> <span class='ocrx_word' id='word_1_276' title='bbox 1596 2833 1735 2888; x_wconf 84' lang='lat' dir='ltr'><strong>falsa</strong></span> <span class='ocrx_word' id='word_1_277' title='bbox 1800 2835 2059 2903; x_wconf 91' lang='lat' dir='ltr'><strong>opinione</strong></span> 
     </span>
    </p>
   </div>
   <div class='ocr_carea' id='block_1_41' title="bbox 479 2917 2067 2990">
    <p class='ocr_par' dir='ltr' id='par_1_41' title="bbox 479 2917 2067 2990">
     <span class='ocr_line' id='line_1_41' title="bbox 479 2917 2067 2990; baseline 0.004 -18"><span class='ocrx_word' id='word_1_278' title='bbox 479 2917 875 2975; x_wconf 66' lang='lat' dir='ltr'><strong>circumferunt</strong></span> <span class='ocrx_word' id='word_1_279' title='bbox 909 2929 1190 2990; x_wconf 89' lang='lat' dir='ltr'><strong>compotes</strong></span> <span class='ocrx_word' id='word_1_280' title='bbox 1249 2921 1364 2976; x_wconf 81' lang='lat' dir='ltr'><strong>ﬁeri</strong></span> <span class='ocrx_word' id='word_1_281' title='bbox 1436 2922 1692 2987; x_wconf 75' lang='lat' dir='ltr'><strong>student,</strong></span> <span class='ocrx_word' id='word_1_282' title='bbox 1742 2938 1853 2978; x_wconf 88' lang='lat' dir='ltr'><strong>non</strong></span> <span class='ocrx_word' id='word_1_283' title='bbox 1897 2925 2067 2980; x_wconf 91' lang='lat' dir='ltr'><strong>modo</strong></span> 
     </span>
    </p>
   </div>
   <div class='ocr_carea' id='block_1_42' title="bbox 479 3009 2058 3085">
    <p class='ocr_par' dir='ltr' id='par_1_42' title="bbox 479 3009 2058 3085">
     <span class='ocr_line' id='line_1_42' title="bbox 479 3009 2058 3085; baseline 0.004 -20"><span class='ocrx_word' id='word_1_284' title='bbox 479 3009 747 3068; x_wconf 86' lang='lat' dir='ltr'><strong>divinitus</strong></span> <span class='ocrx_word' id='word_1_285' title='bbox 777 3027 1107 3068; x_wconf 84' lang='lat' dir='ltr'><strong>concessum</strong></span> <span class='ocrx_word' id='word_1_286' title='bbox 1163 3014 1319 3079; x_wconf 93' lang='lat' dir='ltr'><strong>illud,</strong></span> <span class='ocrx_word' id='word_1_287' title='bbox 1360 3015 1507 3085; x_wconf 91' lang='lat' dir='ltr'><strong>quod</strong></span> <span class='ocrx_word' id='word_1_288' title='bbox 1547 3015 1711 3085; x_wconf 80' lang='lat'><strong>300</strong></span> <span class='ocrx_word' id='word_1_289' title='bbox 1754 3032 1868 3081; x_wconf 91' lang='lat' dir='ltr'><strong>ore,</strong></span> <span class='ocrx_word' id='word_1_290' title='bbox 1895 3027 1956 3071; x_wconf 93' lang='lat' dir='ltr'><strong>ut</strong></span> <span class='ocrx_word' id='word_1_291' title='bbox 1985 3018 2058 3072; x_wconf 90' lang='lat' dir='ltr'><strong>ita</strong></span> 
     </span>
    </p>
   </div>
   <div class='ocr_carea' id='block_1_43' title="bbox 480 3100 2057 3180">
    <p class='ocr_par' dir='ltr' id='par_1_43' title="bbox 480 3100 2057 3180">
     <span class='ocr_line' id='line_1_43' title="bbox 480 3100 2057 3180; baseline 0.005 -26"><span class='ocrx_word' id='word_1_292' title='bbox 480 3100 732 3169; x_wconf 78' lang='lat' dir='ltr'><strong>dixerim,</strong></span> <span class='ocrx_word' id='word_1_293' title='bbox 759 3102 961 3168; x_wconf 80' lang='lat' dir='ltr'><strong>ferunt,</strong></span> <span class='ocrx_word' id='word_1_294' title='bbox 991 3105 1310 3161; x_wconf 89' lang='lat' dir='ltr'><strong>alimentum</strong></span> <span class='ocrx_word' id='word_1_295' title='bbox 1345 3108 1670 3172; x_wconf 87' lang='lat' dir='ltr'><strong>amiserunt,</strong></span> <span class='ocrx_word' id='word_1_296' title='bbox 1703 3110 1798 3164; x_wconf 80' lang='lat' dir='ltr'><strong>sed</strong></span> <span class='ocrx_word' id='word_1_297' title='bbox 1830 3109 2057 3180; x_wconf 89' lang='lat' dir='ltr'><strong>insuper</strong></span> 
     </span>
    </p>
   </div>
   <div class='ocr_carea' id='block_1_44' title="bbox 481 3194 1372 3265">
    <p class='ocr_par' dir='ltr' id='par_1_44' title="bbox 481 3194 1372 3265">
     <span class='ocr_line' id='line_1_44' title="bbox 481 3194 1372 3265; baseline 0.002 -17"><span class='ocrx_word' id='word_1_298' title='bbox 481 3194 708 3248; x_wconf 79' lang='lat' dir='ltr'><strong>exitium</strong></span> <span class='ocrx_word' id='word_1_299' title='bbox 738 3195 842 3250; x_wconf 88' lang='lat' dir='ltr'><strong>sibi</strong></span> <span class='ocrx_word' id='word_1_300' title='bbox 887 3195 1372 3265; x_wconf 88' lang='lat' dir='ltr'><strong>ipsis&#39;attulerunt.</strong></span> 
     </span>
    </p>
   </div>
   <div class='ocr_carea' id='block_1_45' title="bbox 557 3282 2056 3362">
    <p class='ocr_par' dir='ltr' id='par_1_45' title="bbox 557 3282 2056 3362">
     <span class='ocr_line' id='line_1_45' title="bbox 557 3282 2056 3362; baseline 0.007 -27"><span class='ocrx_word' id='word_1_301' title='bbox 557 3282 730 3354; x_wconf 88' lang='lat' dir='ltr'><strong>Igitur</strong></span> <span class='ocrx_word' id='word_1_302' title='bbox 756 3284 936 3340; x_wconf 88' lang='lat' dir='ltr'><strong>Cerdo</strong></span> <span class='ocrx_word' id='word_1_303' title='bbox 964 3285 1160 3358; x_wconf 80' lang='lat' dir='ltr'><strong>Hygini</strong></span> <span class='ocrx_word' id='word_1_304' title='bbox 1193 3304 1348 3358; x_wconf 73' lang='lat' dir='ltr'><strong>papae</strong></span> <span class='ocrx_word' id='word_1_305' title='bbox 1367 3291 1705 3361; x_wconf 88' lang='lat' dir='ltr'><strong>temporibus</strong></span> <span class='ocrx_word' id='word_1_306' title='bbox 1731 3291 1850 3355; x_wconf 79' lang='lat' dir='ltr'><strong>fuit,</strong></span> <span class='ocrx_word' id='word_1_307' title='bbox 1875 3293 1968 3362; x_wconf 91' lang='lat' dir='ltr'><strong>qui</strong></span> <span class='ocrx_word' id='word_1_308' title='bbox 2003 3293 2056 3347; x_wconf 94' lang='lat' dir='ltr'><strong>in</strong></span> 
     </span>
    </p>
   </div>
   <div class='ocr_carea' id='block_1_46' title="bbox 483 3377 2062 3452">
    <p class='ocr_par' dir='ltr' id='par_1_46' title="bbox 483 3377 2062 3452">
     <span class='ocr_line' id='line_1_46' title="bbox 483 3377 2062 3452; baseline 0.003 -21"><span class='ocrx_word' id='word_1_309' title='bbox 483 3379 858 3448; x_wconf 87' lang='lat' dir='ltr'><strong>apostolorum</strong></span> <span class='ocrx_word' id='word_1_310' title='bbox 881 3377 1096 3444; x_wconf 85' lang='lat' dir='ltr'><strong>Jacobi,</strong></span> <span class='ocrx_word' id='word_1_311' title='bbox 1121 3392 1175 3435; x_wconf 87' lang='lat' dir='ltr'><strong>et</strong></span> <span class='ocrx_word' id='word_1_312' title='bbox 1211 3380 1358 3436; x_wconf 89' lang='lat' dir='ltr'><strong>Petri</strong></span> <span class='ocrx_word' id='word_1_313' title='bbox 1407 3381 1672 3452; x_wconf 88' lang='lat' dir='ltr'><strong>Paulique</strong></span> <span class='ocrx_word' id='word_1_314' title='bbox 1705 3383 2062 3438; x_wconf 86' lang='lat' dir='ltr'><strong>successione</strong></span> 
     </span>
    </p>
   </div>
   <div class='ocr_carea' id='block_1_47' title="bbox 483 3469 2062 3544">
    <p class='ocr_par' dir='ltr' id='par_1_47' title="bbox 483 3469 2062 3544">
     <span class='ocr_line' id='line_1_47' title="bbox 483 3469 2062 3544; baseline 0.004 -22"><span class='ocrx_word' id='word_1_315' title='bbox 483 3483 690 3523; x_wconf 88' lang='lat' dir='ltr'><strong>nonum</strong></span> <span class='ocrx_word' id='word_1_316' title='bbox 741 3469 922 3524; x_wconf 92' lang='lat' dir='ltr'><strong>locum</strong></span> <span class='ocrx_word' id='word_1_317' title='bbox 949 3473 1188 3527; x_wconf 88' lang='lat' dir='ltr'><strong>tenebat.</strong></span> <span class='ocrx_word' id='word_1_318' title='bbox 1230 3474 1404 3543; x_wconf 88' lang='lat' dir='ltr'><strong>Cujus</strong></span> <span class='ocrx_word' id='word_1_319' title='bbox 1439 3474 1636 3544; x_wconf 88' lang='lat' dir='ltr'><strong>dogma</strong></span> <span class='ocrx_word' id='word_1_320' title='bbox 1663 3489 1791 3528; x_wconf 89' lang='lat' dir='ltr'><strong>cum</strong></span> <span class='ocrx_word' id='word_1_321' title='bbox 1820 3475 2062 3544; x_wconf 85' lang='lat' dir='ltr'><strong>reliquo-</strong></span> 
     </span>
    </p>
   </div>
   <div class='ocr_carea' id='block_1_48' title="bbox 486 3564 2064 3634">
    <p class='ocr_par' dir='ltr' id='par_1_48' title="bbox 486 3564 2064 3634">
     <span class='ocr_line' id='line_1_48' title="bbox 486 3564 2064 3634; baseline 0.004 -22"><span class='ocrx_word' id='word_1_322' title='bbox 486 3573 630 3624; x_wconf 87' lang='lat' dir='ltr'><strong>rum,</strong></span> <span class='ocrx_word' id='word_1_323' title='bbox 657 3574 797 3629; x_wconf 91' lang='lat' dir='ltr'><strong>quos</strong></span> <span class='ocrx_word' id='word_1_324' title='bbox 825 3564 1289 3626; x_wconf 89' lang='lat' dir='ltr'><strong>enumeravimus,</strong></span> <span class='ocrx_word' id='word_1_325' title='bbox 1323 3564 1708 3618; x_wconf 86' lang='lat' dir='ltr'><strong>haereticorum</strong></span> <span class='ocrx_word' id='word_1_326' title='bbox 1735 3567 1897 3634; x_wconf 89' lang='lat' dir='ltr'><strong>nugis</strong></span> <span class='ocrx_word' id='word_1_327' title='bbox 1935 3580 2064 3619; x_wconf 89' lang='lat' dir='ltr'><strong>con-</strong></span> 
     </span>
    </p>
   </div>
   <div class='ocr_carea' id='block_1_49' title="bbox 483 3652 2062 3721">
    <p class='ocr_par' dir='ltr' id='par_1_49' title="bbox 483 3652 2062 3721">
     <span class='ocr_line' id='line_1_49' title="bbox 483 3652 2062 3721; baseline 0.003 -15"><span class='ocrx_word' id='word_1_328' title='bbox 483 3652 728 3708; x_wconf 87' lang='lat' dir='ltr'><strong>sentiens</strong></span> <span class='ocrx_word' id='word_1_329' title='bbox 754 3654 880 3709; x_wconf 93' lang='lat' dir='ltr'><strong>licet</strong></span> <span class='ocrx_word' id='word_1_330' title='bbox 925 3653 1072 3708; x_wconf 85' lang='lat' dir='ltr'><strong>idem</strong></span> <span class='ocrx_word' id='word_1_331' title='bbox 1115 3671 1238 3710; x_wconf 87' lang='lat' dir='ltr'><strong>esse</strong></span> <span class='ocrx_word' id='word_1_332' title='bbox 1269 3654 1543 3721; x_wconf 85' lang='lat' dir='ltr'><strong>videatur,</strong></span> <span class='ocrx_word' id='word_1_333' title='bbox 1582 3656 1837 3710; x_wconf 89' lang='lat' dir='ltr'><strong>nonnihil</strong></span> <span class='ocrx_word' id='word_1_334' title='bbox 1877 3666 2062 3712; x_wconf 88' lang='lat' dir='ltr'><strong>tamen</strong></span> 
     </span>
    </p>
   </div>
   <div class='ocr_carea' id='block_1_50' title="bbox 483 3747 1350 3819">
    <p class='ocr_par' dir='ltr' id='par_1_50' title="bbox 483 3747 1350 3819">
     <span class='ocr_line' id='line_1_50' title="bbox 483 3747 1350 3819; baseline -0.002 -15"><span class='ocrx_word' id='word_1_335' title='bbox 483 3750 780 3819; x_wconf 88' lang='lat' dir='ltr'><strong>discrepat,</strong></span> <span class='ocrx_word' id='word_1_336' title='bbox 804 3757 859 3805; x_wconf 91' lang='lat' dir='ltr'><strong>et</strong></span> <span class='ocrx_word' id='word_1_337' title='bbox 893 3756 979 3804; x_wconf 89' lang='lat' dir='ltr'><strong>est</strong></span> <span class='ocrx_word' id='word_1_338' title='bbox 1011 3747 1350 3819; x_wconf 90' lang='lat' dir='ltr'><strong>hujusmodi.</strong></span> 
     </span>
    </p>
   </div>
   <div class='ocr_carea' id='block_1_51' title="bbox 555 3926 2065 3998">
    <p class='ocr_par' dir='ltr' id='par_1_51' title="bbox 555 3926 2065 3998">
     <span class='ocr_line' id='line_1_51' title="bbox 555 3926 2065 3998; baseline 0.002 -18"><span class='ocrx_word' id='word_1_339' title='bbox 555 3927 673 3982; x_wconf 89' lang='lat' dir='ltr'><strong>Duo</strong></span> <span class='ocrx_word' id='word_1_340' title='bbox 703 3926 929 3998; x_wconf 80' lang='lat' dir='ltr'><strong>perinde</strong></span> <span class='ocrx_word' id='word_1_341' title='bbox 961 3934 1126 3997; x_wconf 88' lang='lat' dir='ltr'><strong>atque</strong></span> <span class='ocrx_word' id='word_1_342' title='bbox 1157 3926 1249 3980; x_wconf 89' lang='lat' dir='ltr'><strong>alii</strong></span> <span class='ocrx_word' id='word_1_343' title='bbox 1283 3927 1552 3997; x_wconf 88' lang='lat' dir='ltr'><strong>principia</strong></span> <span class='ocrx_word' id='word_1_344' title='bbox 1585 3930 1798 3992; x_wconf 87' lang='lat' dir='ltr'><strong>statuit,</strong></span> <span class='ocrx_word' id='word_1_345' title='bbox 1840 3943 1907 3983; x_wconf 86' lang='lat' dir='ltr'><strong>ac</strong></span> <span class='ocrx_word' id='word_1_346' title='bbox 1932 3928 2065 3984; x_wconf 91' lang='lat' dir='ltr'><strong>deos</strong></span> 
     </span>
    </p>
   </div>
   <div class='ocr_carea' id='block_1_52' title="bbox 484 4017 2064 4088">
    <p class='ocr_par' dir='ltr' id='par_1_52' title="bbox 484 4017 2064 4088">
     <span class='ocr_line' id='line_1_52' title="bbox 484 4017 2064 4088; baseline -0.001 -16"><span class='ocrx_word' id='word_1_347' title='bbox 484 4018 738 4074; x_wconf 80' lang='lat' dir='ltr'><strong>videlicet</strong></span> <span class='ocrx_word' id='word_1_348' title='bbox 775 4019 914 4073; x_wconf 85' lang='lat' dir='ltr'><strong>duos</strong></span> <span class='ocrx_word' id='word_1_349' title='bbox 953 4037 966 4072; x_wconf 90' lang='lat'>:</span> <span class='ocrx_word' id='word_1_350' title='bbox 997 4019 1202 4072; x_wconf 91' lang='lat' dir='ltr'><strong>bonum</strong></span> <span class='ocrx_word' id='word_1_351' title='bbox 1241 4017 1498 4081; x_wconf 89' lang='lat' dir='ltr'><strong>alterum,</strong></span> <span class='ocrx_word' id='word_1_352' title='bbox 1529 4026 1582 4073; x_wconf 89' lang='lat' dir='ltr'><strong>et</strong></span> <span class='ocrx_word' id='word_1_353' title='bbox 1613 4021 1857 4088; x_wconf 87' lang='lat' dir='ltr'><strong>ignotum</strong></span> <span class='ocrx_word' id='word_1_354' title='bbox 1886 4020 2064 4073; x_wconf 90' lang='lat' dir='ltr'><strong>omni-</strong></span> 
     </span>
    </p>
   </div>
   <div class='ocr_carea' id='block_1_53' title="bbox 487 4107 2063 4180">
    <p class='ocr_par' dir='ltr' id='par_1_53' title="bbox 487 4107 2063 4180">
     <span class='ocr_line' id='line_1_53' title="bbox 487 4107 2063 4180; baseline -0.001 -15"><span class='ocrx_word' id='word_1_355' title='bbox 487 4111 613 4172; x_wconf 89' lang='lat' dir='ltr'><strong>bus,</strong></span> <span class='ocrx_word' id='word_1_356' title='bbox 653 4125 816 4180; x_wconf 89' lang='lat' dir='ltr'><strong>quem</strong></span> <span class='ocrx_word' id='word_1_357' title='bbox 858 4117 915 4165; x_wconf 87' lang='lat' dir='ltr'><strong>et</strong></span> <span class='ocrx_word' id='word_1_358' title='bbox 967 4108 1186 4163; x_wconf 82' lang='lat' dir='ltr'><strong>Patrem</strong></span> <span class='ocrx_word' id='word_1_359' title='bbox 1238 4107 1369 4164; x_wconf 81' lang='lat' dir='ltr'><strong>Jesu</strong></span> <span class='ocrx_word' id='word_1_360' title='bbox 1432 4109 1735 4165; x_wconf 89' lang='lat' dir='ltr'><strong>nominavit</strong></span> <span class='ocrx_word' id='word_1_361' title='bbox 1758 4128 1792 4176; x_wconf 89' lang='lat'><strong>;,</strong></span> <span class='ocrx_word' id='word_1_362' title='bbox 1827 4111 2063 4164; x_wconf 88' lang='lat' dir='ltr'><strong>alterum</strong></span> 
     </span>
    </p>
   </div>
   <div class='ocr_carea' id='block_1_54' title="bbox 487 4201 2060 4272">
    <p class='ocr_par' dir='ltr' id='par_1_54' title="bbox 487 4201 2060 4272">
     <span class='ocr_line' id='line_1_54' title="bbox 487 4201 2060 4272; baseline 0 -16"><span class='ocrx_word' id='word_1_363' title='bbox 487 4211 816 4268; x_wconf 86' lang='lat' dir='ltr'><strong>creatorem,</strong></span> <span class='ocrx_word' id='word_1_364' title='bbox 845 4203 1051 4256; x_wconf 90' lang='lat' dir='ltr'><strong>malum</strong></span> <span class='ocrx_word' id='word_1_365' title='bbox 1089 4211 1144 4256; x_wconf 92' lang='lat' dir='ltr'><strong>et</strong></span> <span class='ocrx_word' id='word_1_366' title='bbox 1165 4201 1478 4270; x_wconf 86' lang='lat' dir='ltr'><strong>cognitum:</strong></span> <span class='ocrx_word' id='word_1_367' title='bbox 1511 4201 1603 4271; x_wconf 92' lang='lat' dir='ltr'><strong>qui</strong></span> <span class='ocrx_word' id='word_1_368' title='bbox 1636 4210 1691 4256; x_wconf 90' lang='lat' dir='ltr'><strong>et</strong></span> <span class='ocrx_word' id='word_1_369' title='bbox 1731 4201 1788 4254; x_wconf 91' lang='lat' dir='ltr'><strong>in</strong></span> <span class='ocrx_word' id='word_1_370' title='bbox 1828 4202 1946 4272; x_wconf 83' lang='lat' dir='ltr'><strong>lege</strong></span> <span class='ocrx_word' id='word_1_371' title='bbox 1979 4203 2060 4256; x_wconf 88' lang='lat' dir='ltr'><strong>lo-</strong></span> 
     </span>
    </p>
   </div>
   <div class='ocr_carea' id='block_1_55' title="bbox 486 4293 2064 4365">
    <p class='ocr_par' dir='ltr' id='par_1_55' title="bbox 486 4293 2064 4365">
     <span class='ocr_line' id='line_1_55' title="bbox 486 4293 2064 4365; baseline 0 -16"><span class='ocrx_word' id='word_1_372' title='bbox 486 4305 668 4358; x_wconf 86' lang='lat' dir='ltr'><strong>cutus,</strong></span> <span class='ocrx_word' id='word_1_373' title='bbox 693 4303 746 4350; x_wconf 91' lang='lat' dir='ltr'><strong>et</strong></span> <span class='ocrx_word' id='word_1_374' title='bbox 770 4295 1048 4365; x_wconf 89' lang='lat' dir='ltr'><strong>prophetis</strong></span> <span class='ocrx_word' id='word_1_375' title='bbox 1078 4295 1354 4365; x_wconf 90' lang='lat' dir='ltr'><strong>apparuit,</strong></span> <span class='ocrx_word' id='word_1_376' title='bbox 1377 4309 1442 4348; x_wconf 84' lang='lat' dir='ltr'><strong>ac</strong></span> <span class='ocrx_word' id='word_1_377' title='bbox 1468 4309 1528 4348; x_wconf 90' lang='lat' dir='ltr'><strong>se</strong></span> <span class='ocrx_word' id='word_1_378' title='bbox 1561 4293 1860 4348; x_wconf 89' lang='lat' dir='ltr'><strong>videndum</strong></span> <span class='ocrx_word' id='word_1_379' title='bbox 1889 4309 2064 4364; x_wconf 75' lang='lat' dir='ltr'><strong>saepe-</strong></span> 
     </span>
    </p>
   </div>
   <div class='ocr_carea' id='block_1_56' title="bbox 486 4384 2066 4457">
    <p class='ocr_par' dir='ltr' id='par_1_56' title="bbox 486 4384 2066 4457">
     <span class='ocr_line' id='line_1_56' title="bbox 486 4384 2066 4457; baseline -0.001 -17"><span class='ocrx_word' id='word_1_380' title='bbox 486 4400 716 4441; x_wconf 87' lang='lat' dir='ltr'><strong>numero</strong></span> <span class='ocrx_word' id='word_1_381' title='bbox 751 4386 1003 4455; x_wconf 59' lang='lat' dir='ltr'><strong>praebuit.</strong></span> <span class='ocrx_word' id='word_1_382' title='bbox 1035 4384 1322 4442; x_wconf 87' lang='lat' dir='ltr'><strong>Christum</strong></span> <span class='ocrx_word' id='word_1_383' title='bbox 1346 4395 1561 4457; x_wconf 89' lang='lat' dir='ltr'><strong>negata</strong></span> <span class='ocrx_word' id='word_1_384' title='bbox 1591 4385 1762 4440; x_wconf 76' lang='lat' dir='ltr'><strong>Maria</strong></span> <span class='ocrx_word' id='word_1_385' title='bbox 1799 4388 2066 4456; x_wconf 90' lang='lat' dir='ltr'><strong>genitum,</strong></span> 
     </span>
    </p>
   </div>
   <div class='ocr_carea' id='block_1_57' title="bbox 2157 1919 3737 1995">
    <p class='ocr_par' dir='ltr' id='par_1_57' title="bbox 2157 1919 3737 1995">
     <span class='ocr_line' id='line_1_57' title="bbox 2157 1919 3737 1995; baseline -0.003 -18"><span class='ocrx_word' id='word_1_386' title='bbox 2157 1926 2367 1994; x_wconf 85' lang='grc' dir='ltr'>γίνεται</span> <span class='ocrx_word' id='word_1_387' title='bbox 2387 1925 2493 1978; x_wconf 79' lang='grc' dir='ltr'><strong>ἀπὸ</strong></span> <span class='ocrx_word' id='word_1_388' title='bbox 2515 1925 2613 1994; x_wconf 85' lang='grc' dir='ltr'>τῆς</span> <span class='ocrx_word' id='word_1_389' title='bbox 2631 1924 2847 1995; x_wconf 79' lang='grc' dir='ltr'>Συρίας,</span> <span class='ocrx_word' id='word_1_390' title='bbox 2868 1925 2962 1976; x_wconf 73' lang='grc' dir='ltr'><strong>καὶ</strong></span> <span class='ocrx_word' id='word_1_391' title='bbox 2979 1924 3069 1976; x_wconf 70' lang='grc' dir='ltr'><strong>ἐπὶ</strong></span> <span class='ocrx_word' id='word_1_392' title='bbox 3083 1922 3181 1992; x_wconf 83' lang='grc' dir='ltr'>τὴν</span> <span class='ocrx_word' id='word_1_393' title='bbox 3197 1921 3413 1991; x_wconf 81' lang='grc' dir='ltr'>Ῥώμην</span> <span class='ocrx_word' id='word_1_394' title='bbox 3431 1919 3621 1984; x_wconf 77' lang='grc' dir='ltr'>ἐλθὼν,</span> <span class='ocrx_word' id='word_1_395' title='bbox 3644 1919 3737 1972; x_wconf 86' lang='grc' dir='ltr'>λυ-</span> 
     </span>
    </p>
   </div>
   <div class='ocr_carea' id='block_1_58' title="bbox 2161 2013 3740 2088">
    <p class='ocr_par' dir='ltr' id='par_1_58' title="bbox 2161 2013 3740 2088">
     <span class='ocr_line' id='line_1_58' title="bbox 2161 2013 3740 2088; baseline -0.004 -18"><span class='ocrx_word' id='word_1_396' title='bbox 2161 2017 2304 2088; x_wconf 81' lang='grc' dir='ltr'>μεὼν</span> <span class='ocrx_word' id='word_1_397' title='bbox 2325 2035 2406 2080; x_wconf 88' lang='grc' dir='ltr'><strong>τις</strong></span> <span class='ocrx_word' id='word_1_398' title='bbox 2423 2018 2665 2088; x_wconf 82' lang='grc' dir='ltr'>πέφηνεν</span> <span class='ocrx_word' id='word_1_399' title='bbox 2701 2016 2876 2086; x_wconf 81' lang='grc' dir='ltr'>ἑαυτῷ</span> <span class='ocrx_word' id='word_1_400' title='bbox 2900 2034 2960 2069; x_wconf 90' lang='grc' dir='ltr'><strong>τε</strong></span> <span class='ocrx_word' id='word_1_401' title='bbox 2978 2017 3071 2070; x_wconf 59' lang='grc' dir='ltr'><strong>καὶ¹</strong></span> <span class='ocrx_word' id='word_1_402' title='bbox 3093 2019 3205 2078; x_wconf 89' lang='grc' dir='ltr'>τοῖς</span> <span class='ocrx_word' id='word_1_403' title='bbox 3226 2014 3373 2085; x_wconf 83' lang='grc' dir='ltr'>αὐτῷ</span> <span class='ocrx_word' id='word_1_404' title='bbox 3395 2013 3740 2080; x_wconf 82' lang='grc' dir='ltr'>πειθομένοις</span> 
     </span>
    </p>
   </div>
   <div class='ocr_carea' id='block_1_59' title="bbox 2156 2102 3738 2177">
    <p class='ocr_par' dir='ltr' id='par_1_59' title="bbox 2156 2102 3738 2177">
     <span class='ocr_line' id='line_1_59' title="bbox 2156 2102 3738 2177; baseline -0.003 -17"><span class='ocrx_word' id='word_1_405' title='bbox 2156 2110 2184 2159; x_wconf 85' lang='grc' dir='ltr'><strong>ὁ</strong></span> <span class='ocrx_word' id='word_1_406' title='bbox 2196 2107 2572 2171; x_wconf 78' lang='grc' dir='ltr'>ὲλεεινότατος.</span> <span class='ocrx_word' id='word_1_407' title='bbox 2591 2106 2824 2177; x_wconf 82' lang='grc' dir='ltr'>Ἐλεεινὴ</span> <span class='ocrx_word' id='word_1_408' title='bbox 2836 2107 2905 2174; x_wconf 86' lang='grc' dir='ltr'><strong>γὰ</strong></span> <span class='ocrx_word' id='word_1_409' title='bbox 2915 2124 2942 2177; x_wconf 92' lang='grc' dir='ltr'><strong>ρ</strong></span> <span class='ocrx_word' id='word_1_410' title='bbox 2955 2109 2987 2176; x_wconf 88' lang='grc' dir='ltr'><strong>ή</strong></span> <span class='ocrx_word' id='word_1_411' title='bbox 3005 2106 3160 2174; x_wconf 87' lang='grc' dir='ltr'>φύσις</span> <span class='ocrx_word' id='word_1_412' title='bbox 3171 2105 3277 2157; x_wconf 85' lang='grc' dir='ltr'><strong>τῶν</strong></span> <span class='ocrx_word' id='word_1_413' title='bbox 3291 2104 3386 2157; x_wconf 82' lang='grc' dir='ltr'><strong>ἀνθ</strong></span> <span class='ocrx_word' id='word_1_414' title='bbox 3395 2102 3738 2175; x_wconf 78' lang='grc' dir='ltr'>ρώπων.ὄταν</span> 
     </span>
    </p>
   </div>
   <div class='ocr_carea' id='block_1_60' title="bbox 2158 2194 3747 2269">
    <p class='ocr_par' dir='ltr' id='par_1_60' title="bbox 2158 2194 3747 2269">
     <span class='ocr_line' id='line_1_60' title="bbox 2158 2194 3747 2269; baseline -0.004 -17"><span class='ocrx_word' id='word_1_415' title='bbox 2158 2198 2530 2267; x_wconf 71' lang='grc' dir='ltr'>καταλείψασα</span> <span class='ocrx_word' id='word_1_416' title='bbox 2558 2198 2657 2269; x_wconf 80' lang='grc' dir='ltr'>τὴν</span> <span class='ocrx_word' id='word_1_417' title='bbox 2676 2197 2769 2251; x_wconf 90' lang='grc' dir='ltr'><strong>τοῦ</strong></span> <span class='ocrx_word' id='word_1_418' title='bbox 2783 2198 2918 2250; x_wconf 84' lang='grc' dir='ltr'>Θεοῦ</span> <span class='ocrx_word' id='word_1_419' title='bbox 2943 2198 3058 2250; x_wconf 79' lang='grc' dir='ltr'>ὁδὸν</span> <span class='ocrx_word' id='word_1_420' title='bbox 3076 2197 3362 2259; x_wconf 80' lang='grc' dir='ltr'>πλανᾶται,</span> <span class='ocrx_word' id='word_1_421' title='bbox 3385 2196 3479 2247; x_wconf 70' lang='grc' dir='ltr'><strong>καὶ</strong></span> <span class='ocrx_word' id='word_1_422' title='bbox 3506 2194 3614 2248; x_wconf 77' lang='grc' dir='ltr'><strong>ἀπὸ</strong></span> <span class='ocrx_word' id='word_1_423' title='bbox 3639 2194 3747 2264; x_wconf 80' lang='grc' dir='ltr'>τῆς</span> 
     </span>
    </p>
   </div>
   <div class='ocr_carea' id='block_1_61' title="bbox 2157 2286 3739 2361">
    <p class='ocr_par' dir='ltr' id='par_1_61' title="bbox 2157 2286 3739 2361">
     <span class='ocr_line' id='line_1_61' title="bbox 2157 2286 3739 2361; baseline -0.004 -17"><span class='ocrx_word' id='word_1_424' title='bbox 2157 2291 2252 2344; x_wconf 87' lang='grc' dir='ltr'><strong>τοῦ</strong></span> <span class='ocrx_word' id='word_1_425' title='bbox 2287 2291 2422 2344; x_wconf 84' lang='grc' dir='ltr'>Θεοῦ</span> <span class='ocrx_word' id='word_1_426' title='bbox 2445 2290 2689 2360; x_wconf 81' lang='grc' dir='ltr'>κλήσεως</span> <span class='ocrx_word' id='word_1_427' title='bbox 2713 2290 2911 2360; x_wconf 79' lang='grc' dir='ltr'>ἑαυτὴν</span> <span class='ocrx_word' id='word_1_428' title='bbox 2931 2289 3255 2361; x_wconf 83' lang='grc' dir='ltr'>ἁφορίσασα.</span> <span class='ocrx_word' id='word_1_429' title='bbox 3287 2289 3360 2339; x_wconf 92' lang='grc' dir='ltr'><strong>Συ</strong></span> <span class='ocrx_word' id='word_1_430' title='bbox 3369 2286 3608 2358; x_wconf 86' lang='grc' dir='ltr'>μϐέϐηκε</span> <span class='ocrx_word' id='word_1_431' title='bbox 3630 2287 3739 2355; x_wconf 82' lang='grc' dir='ltr'>γὰρ</span> 
     </span>
    </p>
   </div>
   <div class='ocr_carea' id='block_1_62' title="bbox 2157 2377 3738 2452">
    <p class='ocr_par' dir='ltr' id='par_1_62' title="bbox 2157 2377 3738 2452">
     <span class='ocr_line' id='line_1_62' title="bbox 2157 2377 3738 2452; baseline -0.004 -17"><span class='ocrx_word' id='word_1_432' title='bbox 2157 2386 2268 2447; x_wconf 85' lang='grc' dir='ltr'>τοῖς</span> <span class='ocrx_word' id='word_1_433' title='bbox 2293 2381 2553 2446; x_wconf 84' lang='grc' dir='ltr'>τοιούτοις</span> <span class='ocrx_word' id='word_1_434' title='bbox 2569 2383 2681 2452; x_wconf 82' lang='lat'><strong>(58)</strong></span> <span class='ocrx_word' id='word_1_435' title='bbox 2718 2385 2751 2452; x_wconf 87' lang='grc' dir='ltr'>ἡ</span> <span class='ocrx_word' id='word_1_436' title='bbox 2780 2381 2874 2435; x_wconf 89' lang='grc' dir='ltr'><strong>τοῦ</strong></span> <span class='ocrx_word' id='word_1_437' title='bbox 2897 2381 3056 2444; x_wconf 81' lang='grc' dir='ltr'>κυνὸς</span> <span class='ocrx_word' id='word_1_438' title='bbox 3088 2379 3376 2450; x_wconf 87' lang='grc' dir='ltr'>παροιμία,</span> <span class='ocrx_word' id='word_1_439' title='bbox 3421 2379 3478 2440; x_wconf 84' lang='grc' dir='ltr'>ὃς</span> <span class='ocrx_word' id='word_1_440' title='bbox 3509 2380 3574 2448; x_wconf 82' lang='grc' dir='ltr'><strong>τῇ</strong></span> <span class='ocrx_word' id='word_1_441' title='bbox 3610 2377 3738 2447; x_wconf 81' lang='grc' dir='ltr'>σκιᾷ</span> 
     </span>
    </p>
   </div>
   <div class='ocr_carea' id='block_1_63' title="bbox 2159 2467 3740 2546">
    <p class='ocr_par' dir='ltr' id='par_1_63' title="bbox 2159 2467 3740 2546">
     <span class='ocr_line' id='line_1_63' title="bbox 2159 2467 3740 2546; baseline -0.004 -20"><span class='ocrx_word' id='word_1_442' title='bbox 2159 2475 2448 2546; x_wconf 84' lang='grc' dir='ltr'>προσέχων</span> <span class='ocrx_word' id='word_1_443' title='bbox 2477 2467 2537 2528; x_wconf 79' lang='grc' dir='ltr'><strong>οῦ</strong></span> <span class='ocrx_word' id='word_1_444' title='bbox 2567 2476 2816 2543; x_wconf 85' lang='grc' dir='ltr'>κατεῖχεν</span> <span class='ocrx_word' id='word_1_445' title='bbox 2859 2475 2916 2526; x_wconf 82' lang='grc' dir='ltr'><strong>έν</strong></span> <span class='ocrx_word' id='word_1_446' title='bbox 2952 2472 3027 2544; x_wconf 82' lang='grc' dir='ltr'><strong>τῷ</strong></span> <span class='ocrx_word' id='word_1_447' title='bbox 3059 2473 3302 2542; x_wconf 85' lang='grc' dir='ltr'>στόματι,</span> <span class='ocrx_word' id='word_1_448' title='bbox 3342 2469 3630 2540; x_wconf 81' lang='grc' dir='ltr'>ἐμϐλέπων</span> <span class='ocrx_word' id='word_1_449' title='bbox 3659 2469 3740 2531; x_wconf 83' lang='grc' dir='ltr'><strong>είς</strong></span> 
     </span>
    </p>
   </div>
   <div class='ocr_carea' id='block_1_64' title="bbox 2161 2556 3737 2638">
    <p class='ocr_par' dir='ltr' id='par_1_64' title="bbox 2161 2556 3737 2638">
     <span class='ocr_line' id='line_1_64' title="bbox 2161 2556 3737 2638; baseline -0.006 -18"><span class='ocrx_word' id='word_1_450' title='bbox 2161 2567 2327 2638; x_wconf 80' lang='grc' dir='ltr'>ὕδωρ,</span> <span class='ocrx_word' id='word_1_451' title='bbox 2361 2568 2455 2620; x_wconf 74' lang='grc' dir='ltr'><strong>καὶ</strong></span> <span class='ocrx_word' id='word_1_452' title='bbox 2484 2566 2712 2636; x_wconf 83' lang='grc' dir='ltr'>νομίσας</span> <span class='ocrx_word' id='word_1_453' title='bbox 2748 2565 2824 2635; x_wconf 84' lang='grc' dir='ltr'>τῷ</span> <span class='ocrx_word' id='word_1_454' title='bbox 2853 2564 3004 2618; x_wconf 72' lang='grc' dir='ltr'>ὕδατι</span> <span class='ocrx_word' id='word_1_455' title='bbox 3036 2563 3193 2618; x_wconf 88' lang='grc' dir='ltr'>σκιὰν</span> <span class='ocrx_word' id='word_1_456' title='bbox 3225 2562 3445 2633; x_wconf 78' lang='grc' dir='ltr'>μείζονα</span> <span class='ocrx_word' id='word_1_457' title='bbox 3477 2556 3618 2614; x_wconf 77' lang='grc' dir='ltr'>εἶναι</span> <span class='ocrx_word' id='word_1_458' title='bbox 3641 2559 3737 2628; x_wconf 74' lang='grc' dir='ltr'>τῆς</span> 
     </span>
    </p>
   </div>
   <div class='ocr_carea' id='block_1_65' title="bbox 2160 2649 3741 2726">
    <p class='ocr_par' dir='ltr' id='par_1_65' title="bbox 2160 2649 3741 2726">
     <span class='ocr_line' id='line_1_65' title="bbox 2160 2649 3741 2726; baseline -0.005 -17"><span class='ocrx_word' id='word_1_459' title='bbox 2160 2658 2218 2709; x_wconf 81' lang='grc' dir='ltr'>ἐν</span> <span class='ocrx_word' id='word_1_460' title='bbox 2244 2655 2321 2726; x_wconf 82' lang='grc' dir='ltr'>τῷ</span> <span class='ocrx_word' id='word_1_461' title='bbox 2347 2655 2572 2726; x_wconf 90' lang='grc' dir='ltr'>στόματι</span> <span class='ocrx_word' id='word_1_462' title='bbox 2616 2653 2779 2707; x_wconf 84' lang='grc' dir='ltr'>αὑτοῦ</span> <span class='ocrx_word' id='word_1_463' title='bbox 2813 2653 3038 2722; x_wconf 79' lang='grc' dir='ltr'>ἐδωδῆς,</span> <span class='ocrx_word' id='word_1_464' title='bbox 3085 2651 3300 2716; x_wconf 78' lang='grc' dir='ltr'>ἀνοίξας</span> <span class='ocrx_word' id='word_1_465' title='bbox 3329 2652 3389 2703; x_wconf 86' lang='grc' dir='ltr'><strong>τὸ</strong></span> <span class='ocrx_word' id='word_1_466' title='bbox 3417 2649 3611 2719; x_wconf 82' lang='grc' dir='ltr'>στόμα,</span> <span class='ocrx_word' id='word_1_467' title='bbox 3645 2649 3741 2702; x_wconf 80' lang='grc' dir='ltr'>καὶ</span> 
     </span>
    </p>
   </div>
   <div class='ocr_carea' id='block_1_66' title="bbox 2159 2739 3738 2818">
    <p class='ocr_par' dir='ltr' id='par_1_66' title="bbox 2159 2739 3738 2818">
     <span class='ocr_line' id='line_1_66' title="bbox 2159 2739 3738 2818; baseline -0.004 -18"><span class='ocrx_word' id='word_1_468' title='bbox 2159 2748 2256 2818; x_wconf 84' lang='grc' dir='ltr'>τὴν</span> <span class='ocrx_word' id='word_1_469' title='bbox 2294 2743 2457 2801; x_wconf 83' lang='grc' dir='ltr'>οὖσαν</span> <span class='ocrx_word' id='word_1_470' title='bbox 2500 2745 2802 2799; x_wconf 83' lang='grc' dir='ltr'>ἀπώλεσεν.</span> <span class='ocrx_word' id='word_1_471' title='bbox 2860 2745 3017 2798; x_wconf 81' lang='grc' dir='ltr'>υῦτω</span> <span class='ocrx_word' id='word_1_472' title='bbox 3048 2745 3142 2798; x_wconf 75' lang='grc' dir='ltr'><strong>καὶ</strong></span> <span class='ocrx_word' id='word_1_473' title='bbox 3169 2739 3335 2804; x_wconf 77' lang='grc' dir='ltr'>οῦτοι,</span> <span class='ocrx_word' id='word_1_474' title='bbox 3372 2742 3470 2814; x_wconf 80' lang='grc' dir='ltr'><strong>τήν</strong></span> <span class='ocrx_word' id='word_1_475' title='bbox 3501 2742 3618 2794; x_wconf 79' lang='grc' dir='ltr'>ὁδὸν</span> <span class='ocrx_word' id='word_1_476' title='bbox 3645 2741 3738 2794; x_wconf 80' lang='grc' dir='ltr'>εὑ-</span> 
     </span>
    </p>
   </div>
   <div class='ocr_carea' id='block_1_67' title="bbox 2165 2827 3736 2908">
    <p class='ocr_par' dir='ltr' id='par_1_67' title="bbox 2165 2827 3736 2908">
     <span class='ocr_line' id='line_1_67' title="bbox 2165 2827 3736 2908; baseline -0.008 -19"><span class='ocrx_word' id='word_1_477' title='bbox 2165 2836 2368 2908; x_wconf 88' lang='grc' dir='ltr'>ρόντες,</span> <span class='ocrx_word' id='word_1_478' title='bbox 2389 2835 2481 2888; x_wconf 71' lang='grc' dir='ltr'>καὶ</span> <span class='ocrx_word' id='word_1_479' title='bbox 2514 2832 2823 2904; x_wconf 85' lang='grc' dir='ltr'>βουλόμενοι</span> <span class='ocrx_word' id='word_1_480' title='bbox 2857 2833 3012 2894; x_wconf 75' lang='grc' dir='ltr'>σκιᾶς</span> <span class='ocrx_word' id='word_1_481' title='bbox 3042 2828 3421 2902; x_wconf 87' lang='grc' dir='ltr'>περιγενέσθαι</span> <span class='ocrx_word' id='word_1_482' title='bbox 3453 2827 3553 2896; x_wconf 82' lang='grc' dir='ltr'><strong>τῆς</strong></span> <span class='ocrx_word' id='word_1_483' title='bbox 3586 2829 3643 2879; x_wconf 83' lang='grc' dir='ltr'>ὲν</span> <span class='ocrx_word' id='word_1_484' title='bbox 3671 2828 3736 2896; x_wconf 82' lang='grc' dir='ltr'>τῇ</span> 
     </span>
    </p>
   </div>
   <div class='ocr_carea' id='block_1_68' title="bbox 2165 2917 3740 2998">
    <p class='ocr_par' dir='ltr' id='par_1_68' title="bbox 2165 2917 3740 2998">
     <span class='ocr_line' id='line_1_68' title="bbox 2165 2917 3740 2998; baseline -0.007 -18"><span class='ocrx_word' id='word_1_485' title='bbox 2165 2927 2388 2998; x_wconf 77' lang='grc' dir='ltr'>ὑπονοίᾳ</span> <span class='ocrx_word' id='word_1_486' title='bbox 2417 2926 2596 2980; x_wconf 78' lang='grc' dir='ltr'>αὐτῶν</span> <span class='ocrx_word' id='word_1_487' title='bbox 2625 2925 2942 2994; x_wconf 83' lang='grc' dir='ltr'>γενομένης,</span> <span class='ocrx_word' id='word_1_488' title='bbox 2976 2922 3075 2992; x_wconf 77' lang='grc' dir='ltr'><strong>τὴν</strong></span> <span class='ocrx_word' id='word_1_489' title='bbox 3114 2918 3276 2974; x_wconf 80' lang='grc' dir='ltr'>οὖσαν</span> <span class='ocrx_word' id='word_1_490' title='bbox 3305 2922 3363 2973; x_wconf 85' lang='grc' dir='ltr'><strong>ὲν</strong></span> <span class='ocrx_word' id='word_1_491' title='bbox 3399 2919 3476 2990; x_wconf 80' lang='grc' dir='ltr'><strong>τῷ</strong></span> <span class='ocrx_word' id='word_1_492' title='bbox 3511 2917 3740 2987; x_wconf 86' lang='grc' dir='ltr'>στόματι</span> 
     </span>
    </p>
   </div>
   <div class='ocr_carea' id='block_1_69' title="bbox 2163 3006 3738 3080">
    <p class='ocr_par' dir='ltr' id='par_1_69' title="bbox 2163 3006 3738 3080">
     <span class='ocr_line' id='line_1_69' title="bbox 2163 3006 3738 3080; baseline -0.004 -15"><span class='ocrx_word' id='word_1_493' title='bbox 2163 3012 2364 3076; x_wconf 83' lang='grc' dir='ltr'>αὐτῶν,</span> <span class='ocrx_word' id='word_1_494' title='bbox 2398 3013 2474 3075; x_wconf 83' lang='grc' dir='ltr'>ὡς</span> <span class='ocrx_word' id='word_1_495' title='bbox 2512 3014 2706 3076; x_wconf 77' lang='grc' dir='ltr'>εἰπεῖν,</span> <span class='ocrx_word' id='word_1_496' title='bbox 2740 3014 2804 3064; x_wconf 79' lang='grc' dir='ltr'>ἐκ</span> <span class='ocrx_word' id='word_1_497' title='bbox 2837 3011 2972 3063; x_wconf 87' lang='grc' dir='ltr'>Θεοῦ</span> <span class='ocrx_word' id='word_1_498' title='bbox 3007 3011 3222 3080; x_wconf 77' lang='grc' dir='ltr'>τροφὴν</span> <span class='ocrx_word' id='word_1_499' title='bbox 3244 3009 3648 3078; x_wconf 81' lang='grc' dir='ltr'>κεχαρισμένην</span> <span class='ocrx_word' id='word_1_500' title='bbox 3677 3006 3738 3058; x_wconf 86' lang='grc' dir='ltr'>οὺ</span> 
     </span>
    </p>
   </div>
   <div class='ocr_carea' id='block_1_70' title="bbox 2166 3096 3742 3173">
    <p class='ocr_par' dir='ltr' id='par_1_70' title="bbox 2166 3096 3742 3173">
     <span class='ocr_line' id='line_1_70' title="bbox 2166 3096 3742 3173; baseline -0.005 -17"><span class='ocrx_word' id='word_1_501' title='bbox 2166 3103 2328 3173; x_wconf 88' lang='grc' dir='ltr'>μόνον</span> <span class='ocrx_word' id='word_1_502' title='bbox 2353 3102 2661 3166; x_wconf 85' lang='grc' dir='ltr'>ἀπώλεσαν,</span> <span class='ocrx_word' id='word_1_503' title='bbox 2696 3100 2830 3154; x_wconf 87' lang='grc' dir='ltr'><strong>ἀλλά</strong></span> <span class='ocrx_word' id='word_1_504' title='bbox 2866 3102 2959 3153; x_wconf 80' lang='grc' dir='ltr'><strong>καὶ</strong></span> <span class='ocrx_word' id='word_1_505' title='bbox 3001 3099 3220 3170; x_wconf 74' lang='grc' dir='ltr'>ὄλεθρον</span> <span class='ocrx_word' id='word_1_506' title='bbox 3251 3099 3460 3160; x_wconf 79' lang='grc' dir='ltr'>ἑαυτοῖς</span> <span class='ocrx_word' id='word_1_507' title='bbox 3499 3096 3742 3150; x_wconf 76' lang='grc' dir='ltr'>ἐπεσπά-</span> 
     </span>
    </p>
   </div>
   <div class='ocr_carea' id='block_1_71' title="bbox 2131 3210 2346 3247">
    <p class='ocr_par' dir='ltr' id='par_1_71' title="bbox 2131 3210 2346 3247">
     <span class='ocr_line' id='line_1_71' title="bbox 2131 3210 2346 3247; baseline 0.005 -1"><span class='ocrx_word' id='word_1_508' title='bbox 2131 3220 2134 3221; x_wconf 73' lang='lat'><strong><em>&#39;</em></strong></span> <span class='ocrx_word' id='word_1_509' title='bbox 2163 3210 2346 3247; x_wconf 87' lang='grc' dir='ltr'>σαντο.</span> 
     </span>
    </p>
   </div>
   <div class='ocr_carea' id='block_1_72' title="bbox 2275 3281 3742 3355">
    <p class='ocr_par' dir='ltr' id='par_1_72' title="bbox 2275 3281 3742 3355">
     <span class='ocr_line' id='line_1_72' title="bbox 2275 3281 3742 3355; baseline -0.004 -16"><span class='ocrx_word' id='word_1_510' title='bbox 2275 3281 2401 3348; x_wconf 77' lang='grc' dir='ltr'>ῦτος</span> <span class='ocrx_word' id='word_1_511' title='bbox 2426 3285 2601 3339; x_wconf 87' lang='grc' dir='ltr'>τοίνυν</span> <span class='ocrx_word' id='word_1_512' title='bbox 2635 3285 2664 3336; x_wconf 83' lang='grc' dir='ltr'><strong>ό</strong></span> <span class='ocrx_word' id='word_1_513' title='bbox 2691 3283 2912 3355; x_wconf 83' lang='grc' dir='ltr'>Κέρδων</span> <span class='ocrx_word' id='word_1_514' title='bbox 2940 3283 2996 3335; x_wconf 83' lang='grc' dir='ltr'>ὲν</span> <span class='ocrx_word' id='word_1_515' title='bbox 3025 3283 3235 3354; x_wconf 84' lang='grc' dir='ltr'>χρόνοις</span> <span class='ocrx_word' id='word_1_516' title='bbox 3280 3283 3495 3352; x_wconf 83' lang='grc' dir='ltr'>Ὑγῐνου</span> <span class='ocrx_word' id='word_1_517' title='bbox 3521 3282 3742 3351; x_wconf 77' lang='grc' dir='ltr'>γέγονεν</span> 
     </span>
    </p>
   </div>
   <div class='ocr_carea' id='block_1_73' title="bbox 2162 3373 3743 3446">
    <p class='ocr_par' dir='ltr' id='par_1_73' title="bbox 2162 3373 3743 3446">
     <span class='ocr_line' id='line_1_73' title="bbox 2162 3373 3743 3446; baseline -0.002 -16"><span class='ocrx_word' id='word_1_518' title='bbox 2162 3377 2480 3439; x_wconf 74' lang='grc' dir='ltr'>ἐπισκόπου,</span> <span class='ocrx_word' id='word_1_519' title='bbox 2514 3375 2608 3428; x_wconf 85' lang='grc' dir='ltr'><strong>τοῦ</strong></span> <span class='ocrx_word' id='word_1_520' title='bbox 2641 3375 2736 3429; x_wconf 75' lang='grc' dir='ltr'>ἕνα</span> <span class='ocrx_word' id='word_1_521' title='bbox 2764 3375 2888 3428; x_wconf 81' lang='grc' dir='ltr'>τὸν¹</span> <span class='ocrx_word' id='word_1_522' title='bbox 2915 3373 3234 3445; x_wconf 79' lang='grc' dir='ltr'>κλῆρον(59)</span> <span class='ocrx_word' id='word_1_523' title='bbox 3269 3376 3492 3442; x_wconf 87' lang='grc' dir='ltr'>ἄγοντος</span> <span class='ocrx_word' id='word_1_524' title='bbox 3517 3376 3622 3430; x_wconf 83' lang='grc' dir='ltr'><strong>ἀπὸ</strong></span> <span class='ocrx_word' id='word_1_525' title='bbox 3645 3377 3743 3446; x_wconf 77' lang='grc' dir='ltr'>τῆς</span> 
     </span>
    </p>
   </div>
   <div class='ocr_carea' id='block_1_74' title="bbox 2161 3464 3743 3537">
    <p class='ocr_par' dir='ltr' id='par_1_74' title="bbox 2161 3464 3743 3537">
     <span class='ocr_line' id='line_1_74' title="bbox 2161 3464 3743 3537; baseline 0 -19"><span class='ocrx_word' id='word_1_526' title='bbox 2161 3467 2270 3518; x_wconf 84' lang='grc' dir='ltr'><strong>τῶν</strong></span> <span class='ocrx_word' id='word_1_527' title='bbox 2297 3467 2425 3537; x_wconf 74' lang='grc' dir='ltr'>περὶ</span> <span class='ocrx_word' id='word_1_528' title='bbox 2452 3464 2704 3519; x_wconf 87' lang='grc' dir='ltr'>Ἰάκωϐον</span> <span class='ocrx_word' id='word_1_529' title='bbox 2732 3466 2825 3516; x_wconf 75' lang='grc' dir='ltr'><strong>καὶ</strong></span> <span class='ocrx_word' id='word_1_530' title='bbox 2847 3465 3050 3535; x_wconf 86' lang='grc' dir='ltr'>Πέτρον</span> <span class='ocrx_word' id='word_1_531' title='bbox 3074 3464 3167 3517; x_wconf 63' lang='grc' dir='ltr'><strong>καὶ⁸</strong></span> <span class='ocrx_word' id='word_1_532' title='bbox 3189 3464 3399 3517; x_wconf 74' lang='grc' dir='ltr'>Παῦλον</span> <span class='ocrx_word' id='word_1_533' title='bbox 3431 3465 3743 3518; x_wconf 84' lang='grc' dir='ltr'>ἀποστόλων</span> 
     </span>
    </p>
   </div>
   <div class='ocr_carea' id='block_1_75' title="bbox 2162 3555 3742 3629">
    <p class='ocr_par' dir='ltr' id='par_1_75' title="bbox 2162 3555 3742 3629">
     <span class='ocr_line' id='line_1_75' title="bbox 2162 3555 3742 3629; baseline -0.001 -19"><span class='ocrx_word' id='word_1_534' title='bbox 2162 3558 2430 3627; x_wconf 82' lang='grc' dir='ltr'>διαδοχῆς.</span> <span class='ocrx_word' id='word_1_535' title='bbox 2485 3557 2558 3610; x_wconf 85' lang='grc' dir='ltr'><strong>Τὸ</strong></span> <span class='ocrx_word' id='word_1_536' title='bbox 2583 3557 2640 3610; x_wconf 74' lang='grc' dir='ltr'><strong>δὲ</strong></span> <span class='ocrx_word' id='word_1_537' title='bbox 2670 3557 2932 3627; x_wconf 81' lang='grc' dir='ltr'>κήρυγμα</span> <span class='ocrx_word' id='word_1_538' title='bbox 2971 3555 3158 3620; x_wconf 80' lang='grc' dir='ltr'>αὑτοῦ,</span> <span class='ocrx_word' id='word_1_539' title='bbox 3188 3557 3286 3627; x_wconf 82' lang='grc' dir='ltr'>τῆς</span> <span class='ocrx_word' id='word_1_540' title='bbox 3332 3557 3439 3609; x_wconf 81' lang='grc' dir='ltr'><strong>τῶν</strong></span> <span class='ocrx_word' id='word_1_541' title='bbox 3481 3575 3742 3629; x_wconf 83' lang='grc' dir='ltr'>προειρη-</span> 
     </span>
    </p>
   </div>
   <div class='ocr_carea' id='block_1_76' title="bbox 2168 3647 3749 3720">
    <p class='ocr_par' dir='ltr' id='par_1_76' title="bbox 2168 3647 3749 3720">
     <span class='ocr_line' id='line_1_76' title="bbox 2168 3647 3749 3720; baseline 0 -18"><span class='ocrx_word' id='word_1_542' title='bbox 2168 3651 2342 3720; x_wconf 86' lang='grc' dir='ltr'>μένων</span> <span class='ocrx_word' id='word_1_543' title='bbox 2385 3647 2746 3720; x_wconf 84' lang='grc' dir='ltr'>αἱρεσιαρχῶν</span> <span class='ocrx_word' id='word_1_544' title='bbox 2790 3647 3057 3717; x_wconf 80' lang='grc' dir='ltr'>φλυαρίας</span> <span class='ocrx_word' id='word_1_545' title='bbox 3096 3648 3344 3717; x_wconf 88' lang='grc' dir='ltr'>μετέχον,</span> <span class='ocrx_word' id='word_1_546' title='bbox 3398 3648 3457 3700; x_wconf 82' lang='grc' dir='ltr'><strong>τὸ</strong></span> <span class='ocrx_word' id='word_1_547' title='bbox 3494 3650 3624 3701; x_wconf 77' lang='grc' dir='ltr'>αὐτὸ</span> <span class='ocrx_word' id='word_1_548' title='bbox 3645 3651 3749 3719; x_wconf 80' lang='grc' dir='ltr'><strong>μὲν</strong></span> 
     </span>
    </p>
   </div>
   <div class='ocr_carea' id='block_1_77' title="bbox 2165 3737 3745 3811">
    <p class='ocr_par' dir='ltr' id='par_1_77' title="bbox 2165 3737 3745 3811">
     <span class='ocr_line' id='line_1_77' title="bbox 2165 3737 3745 3811; baseline 0 -18"><span class='ocrx_word' id='word_1_549' title='bbox 2165 3737 2304 3794; x_wconf 80' lang='grc' dir='ltr'>εἶναι</span> <span class='ocrx_word' id='word_1_550' title='bbox 2348 3740 2514 3804; x_wconf 84' lang='grc' dir='ltr'>δοκεῖ,</span> <span class='ocrx_word' id='word_1_551' title='bbox 2553 3739 2933 3810; x_wconf 81' lang='grc' dir='ltr'>παρήλλακται</span> <span class='ocrx_word' id='word_1_552' title='bbox 2961 3738 3017 3792; x_wconf 83' lang='grc' dir='ltr'><strong>δὲ</strong></span> <span class='ocrx_word' id='word_1_553' title='bbox 3064 3739 3194 3810; x_wconf 81' lang='grc' dir='ltr'>παρ’</span> <span class='ocrx_word' id='word_1_554' title='bbox 3233 3738 3382 3810; x_wconf 80' lang='grc' dir='ltr'>αύτῷ</span> <span class='ocrx_word' id='word_1_555' title='bbox 3406 3739 3592 3792; x_wconf 84' lang='grc' dir='ltr'>τοῦτον</span> <span class='ocrx_word' id='word_1_556' title='bbox 3621 3739 3745 3811; x_wconf 78' lang='grc' dir='ltr'>ἔχον</span> 
     </span>
    </p>
   </div>
   <div class='ocr_carea' id='block_1_78' title="bbox 2164 3829 2502 3899">
    <p class='ocr_par' dir='ltr' id='par_1_78' title="bbox 2164 3829 2502 3899">
     <span class='ocr_line' id='line_1_78' title="bbox 2164 3829 2502 3899; baseline 0.003 -19"><span class='ocrx_word' id='word_1_557' title='bbox 2164 3829 2256 3881; x_wconf 85' lang='grc' dir='ltr'><strong>τὸν</strong></span> <span class='ocrx_word' id='word_1_558' title='bbox 2281 3829 2502 3899; x_wconf 86' lang='grc' dir='ltr'>τρόπον.</span> 
     </span>
    </p>
   </div>
   <div class='ocr_carea' id='block_1_79' title="bbox 2237 3913 3746 3990">
    <p class='ocr_par' dir='ltr' id='par_1_79' title="bbox 2237 3913 3746 3990">
     <span class='ocr_line' id='line_1_79' title="bbox 2237 3913 3746 3990; baseline 0.001 -18"><span class='ocrx_word' id='word_1_559' title='bbox 2237 3920 2340 3972; x_wconf 87' lang='grc' dir='ltr'>Δύο</span> <span class='ocrx_word' id='word_1_560' title='bbox 2378 3921 2474 3972; x_wconf 70' lang='grc' dir='ltr'>καὶ</span> <span class='ocrx_word' id='word_1_561' title='bbox 2505 3913 2658 3983; x_wconf 77' lang='grc' dir='ltr'>οὗτος</span> <span class='ocrx_word' id='word_1_562' title='bbox 2687 3919 2860 3990; x_wconf 78' lang='grc' dir='ltr'>ἀρχὰς</span> <span class='ocrx_word' id='word_1_563' title='bbox 2902 3920 3172 3990; x_wconf 82' lang='grc' dir='ltr'>κεκήρυχε</span> <span class='ocrx_word' id='word_1_564' title='bbox 3212 3918 3292 3989; x_wconf 82' lang='grc' dir='ltr'><strong>τῷ</strong></span> <span class='ocrx_word' id='word_1_565' title='bbox 3323 3919 3443 3990; x_wconf 83' lang='grc' dir='ltr'>βίῳ,</span> <span class='ocrx_word' id='word_1_566' title='bbox 3473 3921 3565 3972; x_wconf 74' lang='grc' dir='ltr'><strong>καὶ</strong></span> <span class='ocrx_word' id='word_1_567' title='bbox 3585 3919 3746 3989; x_wconf 70' lang='grc' dir='ltr'>δῆθεν</span> 
     </span>
    </p>
   </div>
   <div class='ocr_carea' id='block_1_80' title="bbox 2168 4011 3740 4081">
    <p class='ocr_par' dir='ltr' id='par_1_80' title="bbox 2168 4011 3740 4081">
     <span class='ocr_line' id='line_1_80' title="bbox 2168 4011 3740 4081; baseline -0.001 -15"><span class='ocrx_word' id='word_1_568' title='bbox 2168 4012 2324 4076; x_wconf 83' lang='grc' dir='ltr'>θεοὺς</span> <span class='ocrx_word' id='word_1_569' title='bbox 2351 4011 2464 4076; x_wconf 87' lang='grc' dir='ltr'>δύο,</span> <span class='ocrx_word' id='word_1_570' title='bbox 2491 4012 2585 4064; x_wconf 73' lang='grc' dir='ltr'><strong>ἕνα</strong></span> <span class='ocrx_word' id='word_1_571' title='bbox 2615 4011 2838 4081; x_wconf 77' lang='grc' dir='ltr'>ἀγαθὸν,</span> <span class='ocrx_word' id='word_1_572' title='bbox 2870 4011 2965 4062; x_wconf 77' lang='grc' dir='ltr'>καὶ</span> <span class='ocrx_word' id='word_1_573' title='bbox 2997 4012 3092 4064; x_wconf 79' lang='grc' dir='ltr'>’ένα</span> <span class='ocrx_word' id='word_1_574' title='bbox 3117 4011 3393 4078; x_wconf 81' lang='grc' dir='ltr'>ἄγνωστον</span> <span class='ocrx_word' id='word_1_575' title='bbox 3415 4014 3525 4075; x_wconf 80' lang='grc' dir='ltr'>τοῖς</span> <span class='ocrx_word' id='word_1_576' title='bbox 3551 4014 3740 4076; x_wconf 79' lang='grc' dir='ltr'>πᾶσιν,</span> 
     </span>
    </p>
   </div>
   <div class='ocr_carea' id='block_1_81' title="bbox 2168 4101 3744 4174">
    <p class='ocr_par' dir='ltr' id='par_1_81' title="bbox 2168 4101 3744 4174">
     <span class='ocr_line' id='line_1_81' title="bbox 2168 4101 3744 4174; baseline 0.001 -18"><span class='ocrx_word' id='word_1_577' title='bbox 2168 4104 2226 4156; x_wconf 85' lang='grc' dir='ltr'>ὃν</span> <span class='ocrx_word' id='word_1_578' title='bbox 2261 4104 2354 4157; x_wconf 74' lang='grc' dir='ltr'><strong>καὶ</strong></span> <span class='ocrx_word' id='word_1_579' title='bbox 2382 4103 2602 4172; x_wconf 77' lang='grc' dir='ltr'>Πατέρα</span> <span class='ocrx_word' id='word_1_580' title='bbox 2625 4102 2717 4155; x_wconf 86' lang='grc' dir='ltr'><strong>τοῦ</strong></span> <span class='ocrx_word' id='word_1_581' title='bbox 2749 4103 2924 4174; x_wconf 84' lang='grc' dir='ltr'>Ἰησοῦ</span> <span class='ocrx_word' id='word_1_582' title='bbox 2952 4101 3190 4172; x_wconf 86' lang='grc' dir='ltr'>κέκληκε</span> <span class='ocrx_word' id='word_1_583' title='bbox 3209 4118 3223 4131; x_wconf 82' lang='grc'><em>’</em></span> <span class='ocrx_word' id='word_1_584' title='bbox 3273 4102 3367 4155; x_wconf 73' lang='grc' dir='ltr'><strong>καὶ</strong></span> <span class='ocrx_word' id='word_1_585' title='bbox 3392 4102 3496 4155; x_wconf 75' lang='grc' dir='ltr'>ἕνα</span> <span class='ocrx_word' id='word_1_586' title='bbox 3518 4103 3606 4154; x_wconf 76' lang='grc' dir='ltr'><strong>τὸν</strong></span> <span class='ocrx_word' id='word_1_587' title='bbox 3639 4106 3744 4173; x_wconf 82' lang='grc' dir='ltr'><strong>Δη-</strong></span> 
     </span>
    </p>
   </div>
   <div class='ocr_carea' id='block_1_82' title="bbox 2173 4196 3750 4270">
    <p class='ocr_par' dir='ltr' id='par_1_82' title="bbox 2173 4196 3750 4270">
     <span class='ocr_line' id='line_1_82' title="bbox 2173 4196 3750 4270; baseline -0.002 -20"><span class='ocrx_word' id='word_1_588' title='bbox 2173 4199 2429 4270; x_wconf 84' lang='grc' dir='ltr'>μιουργὸν</span> <span class='ocrx_word' id='word_1_589' title='bbox 2472 4197 2706 4268; x_wconf 83' lang='grc' dir='ltr'>πονηρὸν</span> <span class='ocrx_word' id='word_1_590' title='bbox 2756 4197 2884 4250; x_wconf 75' lang='grc' dir='ltr'>ὄντα</span> <span class='ocrx_word' id='word_1_591' title='bbox 2928 4197 3020 4250; x_wconf 76' lang='grc' dir='ltr'>καὶ</span> <span class='ocrx_word' id='word_1_592' title='bbox 3063 4196 3304 4264; x_wconf 79' lang='grc' dir='ltr'>γνωστὸν</span> <span class='ocrx_word' id='word_1_593' title='bbox 3341 4196 3645 4268; x_wconf 81' lang='grc' dir='ltr'>λαλήσαντα</span> <span class='ocrx_word' id='word_1_594' title='bbox 3689 4198 3750 4248; x_wconf 83' lang='grc' dir='ltr'><strong>ἐν</strong></span> 
     </span>
    </p>
   </div>
   <div class='ocr_carea' id='block_1_83' title="bbox 2174 4289 3748 4364">
    <p class='ocr_par' dir='ltr' id='par_1_83' title="bbox 2174 4289 3748 4364">
     <span class='ocr_line' id='line_1_83' title="bbox 2174 4289 3748 4364; baseline -0.001 -20"><span class='ocrx_word' id='word_1_595' title='bbox 2174 4291 2253 4362; x_wconf 84' lang='grc' dir='ltr'>τῷ</span> <span class='ocrx_word' id='word_1_596' title='bbox 2289 4293 2461 4363; x_wconf 83' lang='grc' dir='ltr'>νόμῳ,</span> <span class='ocrx_word' id='word_1_597' title='bbox 2485 4291 2579 4344; x_wconf 76' lang='grc' dir='ltr'>καὶ</span> <span class='ocrx_word' id='word_1_598' title='bbox 2598 4292 2656 4345; x_wconf 84' lang='grc' dir='ltr'>ὲν</span> <span class='ocrx_word' id='word_1_599' title='bbox 2684 4294 2794 4354; x_wconf 86' lang='grc' dir='ltr'>τοῖς</span> <span class='ocrx_word' id='word_1_600' title='bbox 2821 4292 3125 4364; x_wconf 81' lang='grc' dir='ltr'>προφήταις</span> <span class='ocrx_word' id='word_1_601' title='bbox 3148 4291 3406 4359; x_wconf 82' lang='grc' dir='ltr'>φανέντα.</span> <span class='ocrx_word' id='word_1_602' title='bbox 3438 4290 3532 4343; x_wconf 68' lang='grc' dir='ltr'><strong>καὶ</strong></span> <span class='ocrx_word' id='word_1_603' title='bbox 3555 4289 3748 4361; x_wconf 76' lang='grc' dir='ltr'>ὁρατὸν</span> 
     </span>
    </p>
   </div>
   <div class='ocr_carea' id='block_1_84' title="bbox 2171 4378 3742 4454">
    <p class='ocr_par' dir='ltr' id='par_1_84' title="bbox 2171 4378 3742 4454">
     <span class='ocr_line' id='line_1_84' title="bbox 2171 4378 3742 4454; baseline -0.003 -18"><span class='ocrx_word' id='word_1_604' title='bbox 2171 4382 2428 4447; x_wconf 90' lang='grc' dir='ltr'>πολλάκις</span> <span class='ocrx_word' id='word_1_605' title='bbox 2455 4385 2762 4453; x_wconf 87' lang='grc' dir='ltr'>γενόμενον.</span> <span class='ocrx_word' id='word_1_606' title='bbox 2781 4383 2871 4454; x_wconf 83' lang='grc' dir='ltr'><strong>Μὴ</strong></span> <span class='ocrx_word' id='word_1_607' title='bbox 2893 4378 3029 4435; x_wconf 76' lang='grc' dir='ltr'>εἶναι</span> <span class='ocrx_word' id='word_1_608' title='bbox 3058 4382 3114 4435; x_wconf 78' lang='grc' dir='ltr'>δὲ</span> <span class='ocrx_word' id='word_1_609' title='bbox 3139 4383 3231 4435; x_wconf 81' lang='grc' dir='ltr'><strong>τὸν</strong></span> <span class='ocrx_word' id='word_1_610' title='bbox 3246 4383 3478 4454; x_wconf 86' lang='grc' dir='ltr'>Χριστὸν</span> <span class='ocrx_word' id='word_1_611' title='bbox 3495 4399 3742 4452; x_wconf 74' lang='grc' dir='ltr'>γεγεννηο</span> 
     </span>
    </p>
   </div>
   <div class='ocr_carea' id='block_1_85' title="bbox 487 4473 2059 4576">
    <p class='ocr_par' dir='ltr' id='par_1_85' title="bbox 487 4475 2059 4545">
     <span class='ocr_line' id='line_1_85' title="bbox 487 4475 2059 4545; baseline -0.001 -14"><span class='ocrx_word' id='word_1_612' title='bbox 487 4487 581 4532; x_wconf 81' lang='lat' dir='ltr'><strong>aut</strong></span> <span class='ocrx_word' id='word_1_613' title='bbox 621 4492 788 4532; x_wconf 90' lang='lat' dir='ltr'><strong>carne</strong></span> <span class='ocrx_word' id='word_1_614' title='bbox 842 4491 1030 4532; x_wconf 89' lang='lat' dir='ltr'><strong>revera</strong></span> <span class='ocrx_word' id='word_1_615' title='bbox 1074 4476 1246 4532; x_wconf 81' lang='lat' dir='ltr'><strong>fuisse</strong></span> <span class='ocrx_word' id='word_1_616' title='bbox 1297 4477 1575 4532; x_wconf 88' lang='lat' dir='ltr'><strong>vestitum.</strong></span> <span class='ocrx_word' id='word_1_617' title='bbox 1629 4475 1736 4530; x_wconf 91' lang='lat' dir='ltr'><strong>Sed</strong></span> <span class='ocrx_word' id='word_1_618' title='bbox 1792 4476 2059 4545; x_wconf 90' lang='lat' dir='ltr'><strong>ejusmodi</strong></span> 
     </span>
    </p>
   </div>
   <div class='ocr_carea' id='block_1_86' title="bbox 2166 4473 3751 4576">
    <p class='ocr_par' dir='ltr' id='par_1_86' title="bbox 2177 4473 3751 4548">
     <span class='ocr_line' id='line_1_86' title="bbox 2177 4473 3751 4548; baseline -0.003 -19"><span class='ocrx_word' id='word_1_619' title='bbox 2177 4476 2334 4546; x_wconf 87' lang='grc' dir='ltr'>μένον</span> <span class='ocrx_word' id='word_1_620' title='bbox 2357 4478 2421 4529; x_wconf 79' lang='grc' dir='ltr'>ἐκ</span> <span class='ocrx_word' id='word_1_621' title='bbox 2450 4476 2687 4548; x_wconf 83' lang='grc' dir='ltr'>Μαρίας,</span> <span class='ocrx_word' id='word_1_622' title='bbox 2723 4475 2859 4545; x_wconf 77' lang='grc' dir='ltr'>μηδὲ</span> <span class='ocrx_word' id='word_1_623' title='bbox 2884 4477 2942 4528; x_wconf 80' lang='grc' dir='ltr'><strong>ἐν</strong></span> <span class='ocrx_word' id='word_1_624' title='bbox 2969 4474 3132 4546; x_wconf 75' lang='grc' dir='ltr'>σαρκὶ</span> <span class='ocrx_word' id='word_1_625' title='bbox 3161 4474 3478 4544; x_wconf 85' lang='grc' dir='ltr'>πεφηνέναι,</span> <span class='ocrx_word' id='word_1_626' title='bbox 3505 4473 3640 4526; x_wconf 82' lang='grc' dir='ltr'><strong>ἀλλά</strong></span> <span class='ocrx_word' id='word_1_627' title='bbox 3665 4475 3751 4526; x_wconf 86' lang='grc' dir='ltr'>δο-</span> 
     </span>
    </p>
   </div>
   <div class='ocr_carea' id='block_1_87' title="bbox 491 4569 2066 4640">
    <p class='ocr_par' dir='ltr' id='par_1_87' title="bbox 491 4569 2066 4640">
     <span class='ocr_line' id='line_1_87' title="bbox 491 4569 2066 4640; baseline -0.001 -16"><span class='ocrx_word' id='word_1_628' title='bbox 491 4569 675 4640; x_wconf 88' lang='lat' dir='ltr'><strong>specie</strong></span> <span class='ocrx_word' id='word_1_629' title='bbox 724 4577 883 4624; x_wconf 88' lang='lat' dir='ltr'><strong>tenus</strong></span> <span class='ocrx_word' id='word_1_630' title='bbox 943 4569 1245 4633; x_wconf 74' lang='lat' dir='ltr'><strong>exstitisse,</strong></span> <span class='ocrx_word' id='word_1_631' title='bbox 1288 4579 1342 4624; x_wconf 90' lang='lat' dir='ltr'><strong>et</strong></span> <span class='ocrx_word' id='word_1_632' title='bbox 1399 4569 1722 4639; x_wconf 85' lang='lat' dir='ltr'><strong>apparuisse</strong></span> <span class='ocrx_word' id='word_1_633' title='bbox 1775 4569 1938 4623; x_wconf 92' lang='lat' dir='ltr'><strong>talem</strong></span> <span class='ocrx_word' id='word_1_634' title='bbox 2003 4584 2066 4622; x_wconf 89' lang='lat' dir='ltr'><strong>ac</strong></span> 
     </span>
    </p>
   </div>
   <div class='ocr_carea' id='block_1_88' title="bbox 490 4660 2065 4732">
    <p class='ocr_par' dir='ltr' id='par_1_88' title="bbox 490 4660 2065 4732">
     <span class='ocr_line' id='line_1_88' title="bbox 490 4660 2065 4732; baseline -0.003 -16"><span class='ocrx_word' id='word_1_635' title='bbox 490 4663 674 4732; x_wconf 83' lang='lat' dir='ltr'><strong>specie</strong></span> <span class='ocrx_word' id='word_1_636' title='bbox 701 4661 818 4716; x_wconf 83' lang='lat' dir='ltr'><strong>sola</strong></span> <span class='ocrx_word' id='word_1_637' title='bbox 845 4661 1102 4715; x_wconf 88' lang='lat' dir='ltr'><strong>universa</strong></span> <span class='ocrx_word' id='word_1_638' title='bbox 1133 4660 1353 4717; x_wconf 77' lang='lat' dir='ltr'><strong>fecisse.</strong></span> <span class='ocrx_word' id='word_1_639' title='bbox 1390 4660 1536 4716; x_wconf 87' lang='lat' dir='ltr'><strong>idem</strong></span> <span class='ocrx_word' id='word_1_640' title='bbox 1566 4675 1860 4730; x_wconf 86' lang='lat' dir='ltr'><strong>corporqu</strong></span> <span class='ocrx_word' id='word_1_641' title='bbox 1883 4674 2065 4713; x_wconf 89' lang='lat' dir='ltr'><strong>resur-</strong></span> 
     </span>
    </p>
   </div>
   <div class='ocr_carea' id='block_1_89' title="bbox 489 4750 2066 4822">
    <p class='ocr_par' dir='ltr' id='par_1_89' title="bbox 489 4750 2066 4822">
     <span class='ocr_line' id='line_1_89' title="bbox 489 4750 2066 4822; baseline -0.001 -13"><span class='ocrx_word' id='word_1_642' title='bbox 489 4755 786 4810; x_wconf 90' lang='lat' dir='ltr'><strong>rectionem</strong></span> <span class='ocrx_word' id='word_1_643' title='bbox 824 4753 1110 4822; x_wconf 82' lang='lat' dir='ltr'><strong>repudiat;</strong></span> <span class='ocrx_word' id='word_1_644' title='bbox 1135 4751 1303 4808; x_wconf 83' lang='lat' dir='ltr'><strong>Vetus</strong></span> <span class='ocrx_word' id='word_1_645' title='bbox 1331 4751 1774 4817; x_wconf 81' lang='lat' dir='ltr'><strong>Testamentum,</strong></span> <span class='ocrx_word' id='word_1_646' title='bbox 1803 4750 1946 4822; x_wconf 87' lang='lat' dir='ltr'><strong>quod</strong></span> <span class='ocrx_word' id='word_1_647' title='bbox 1967 4767 2066 4821; x_wconf 89' lang='lat' dir='ltr'><strong>per</strong></span> 
     </span>
    </p>
   </div>
   <div class='ocr_carea' id='block_1_90' title="bbox 491 4834 2067 4917">
    <p class='ocr_par' dir='ltr' id='par_1_90' title="bbox 491 4834 2067 4917">
     <span class='ocr_line' id='line_1_90' title="bbox 491 4834 2067 4917; baseline -0.001 -17"><span class='ocrx_word' id='word_1_648' title='bbox 491 4847 740 4917; x_wconf 81' lang='lat' dir='ltr'><strong>Moysen,</strong></span> <span class='ocrx_word' id='word_1_649' title='bbox 778 4860 843 4898; x_wconf 90' lang='lat' dir='ltr'><strong>ac</strong></span> <span class='ocrx_word' id='word_1_650' title='bbox 863 4844 1163 4914; x_wconf 87' lang='lat' dir='ltr'><strong>prophetas</strong></span> <span class='ocrx_word' id='word_1_651' title='bbox 1200 4845 1460 4898; x_wconf 89' lang='lat' dir='ltr'><strong>traditum</strong></span> <span class='ocrx_word' id='word_1_652' title='bbox 1501 4851 1618 4907; x_wconf 85' lang='lat' dir='ltr'><strong>est,</strong></span> <span class='ocrx_word' id='word_1_653' title='bbox 1648 4834 1908 4913; x_wconf 86' lang='lat' dir='ltr'><strong>tanquam</strong></span> <span class='ocrx_word' id='word_1_654' title='bbox 1934 4845 2067 4898; x_wconf 84' lang='lat' dir='ltr'><strong>alie-</strong></span> 
     </span>
    </p>
   </div>
   <div class='ocr_carea' id='block_1_91' title="bbox 490 4934 2054 5005">
    <p class='ocr_par' dir='ltr' id='par_1_91' title="bbox 490 4934 2054 5005">
     <span class='ocr_line' id='line_1_91' title="bbox 490 4934 2054 5005; baseline -0.002 -12"><span class='ocrx_word' id='word_1_655' title='bbox 490 4954 621 4993; x_wconf 90' lang='lat' dir='ltr'><strong>num</strong></span> <span class='ocrx_word' id='word_1_656' title='bbox 673 4953 709 4991; x_wconf 72' lang='lat' dir='ltr'><strong>a-</strong></span> <span class='ocrx_word' id='word_1_657' title='bbox 762 4935 872 4992; x_wconf 88' lang='lat' dir='ltr'><strong>Deo</strong></span> <span class='ocrx_word' id='word_1_658' title='bbox 906 4935 1104 5005; x_wconf 91' lang='lat' dir='ltr'><strong>rejicit.</strong></span> <span class='ocrx_word' id='word_1_659' title='bbox 1149 4934 1431 4990; x_wconf 90' lang='lat' dir='ltr'><strong>Christum</strong></span> <span class='ocrx_word' id='word_1_660' title='bbox 1481 4951 1512 4990; x_wconf 92' lang='lat' dir='ltr'><strong>e</strong></span> <span class='ocrx_word' id='word_1_661' title='bbox 1550 4937 1711 4999; x_wconf 76' lang='lat' dir='ltr'><strong>cmlo,</strong></span> <span class='ocrx_word' id='word_1_662' title='bbox 1764 4943 1928 5005; x_wconf 89' lang='lat' dir='ltr'><strong>atque</strong></span> <span class='ocrx_word' id='word_1_663' title='bbox 1986 4937 2054 4990; x_wconf 92' lang='lat' dir='ltr'><strong>ab</strong></span> 
     </span>
    </p>
   </div>
   <div class='ocr_carea' id='block_1_92' title="bbox 492 5027 2066 5101">
    <p class='ocr_par' dir='ltr' id='par_1_92' title="bbox 492 5027 2066 5101">
     <span class='ocr_line' id='line_1_92' title="bbox 492 5027 2066 5101; baseline -0.003 -15"><span class='ocrx_word' id='word_1_664' title='bbox 492 5034 678 5101; x_wconf 78' lang='lat' dir='ltr'><strong>ignoto</strong></span> <span class='ocrx_word' id='word_1_665' title='bbox 710 5029 868 5084; x_wconf 86' lang='lat' dir='ltr'><strong>Patre</strong></span> <span class='ocrx_word' id='word_1_666' title='bbox 895 5027 1245 5084; x_wconf 82' lang='lat' dir='ltr'><strong>descendisse</strong></span> <span class='ocrx_word' id='word_1_667' title='bbox 1277 5029 1403 5083; x_wconf 28' lang='lat' dir='ltr'><strong>ideo,</strong></span> <span class='ocrx_word' id='word_1_668' title='bbox 1444 5037 1634 5098; x_wconf 88' lang='lat' dir='ltr'><strong>putat,</strong></span> <span class='ocrx_word' id='word_1_669' title='bbox 1669 5037 1734 5082; x_wconf 78' lang='lat' dir='ltr'><strong>ut</strong></span> <span class='ocrx_word' id='word_1_670' title='bbox 1759 5029 1846 5084; x_wconf 87' lang='lat' dir='ltr'><strong>hic</strong></span> <span class='ocrx_word' id='word_1_671' title='bbox 1880 5028 2066 5083; x_wconf 91' lang='lat' dir='ltr'><strong>mundi</strong></span> 
     </span>
    </p>
   </div>
   <div class='ocr_carea' id='block_1_93' title="bbox 491 5121 2066 5193">
    <p class='ocr_par' dir='ltr' id='par_1_93' title="bbox 491 5121 2066 5193">
     <span class='ocr_line' id='line_1_93' title="bbox 491 5121 2066 5193; baseline -0.001 -15"><span class='ocrx_word' id='word_1_672' title='bbox 491 5123 796 5178; x_wconf 85' lang='lat' dir='ltr'><strong>conditoris</strong></span> <span class='ocrx_word' id='word_1_673' title='bbox 839 5129 1002 5191; x_wconf 87' lang='lat' dir='ltr'><strong>atque</strong></span> <span class='ocrx_word' id='word_1_674' title='bbox 1050 5121 1262 5191; x_wconf 80' lang='lat' dir='ltr'><strong>Opiﬁcis</strong></span> <span class='ocrx_word' id='word_1_675' title='bbox 1305 5121 1591 5190; x_wconf 92' lang='lat' dir='ltr'><strong>imperium</strong></span> <span class='ocrx_word' id='word_1_676' title='bbox 1620 5136 1685 5175; x_wconf 89' lang='lat' dir='ltr'><strong>ac</strong></span> <span class='ocrx_word' id='word_1_677' title='bbox 1718 5122 2066 5193; x_wconf 87' lang='lat' dir='ltr'><strong>tyrannidem</strong></span> 
     </span>
    </p>
   </div>
   <div class='ocr_carea' id='block_1_94' title="bbox 491 5213 2064 5285">
    <p class='ocr_par' dir='ltr' id='par_1_94' title="bbox 491 5213 2064 5285">
     <span class='ocr_line' id='line_1_94' title="bbox 491 5213 2064 5285; baseline -0.002 -13"><span class='ocrx_word' id='word_1_678' title='bbox 491 5221 792 5272; x_wconf 89' lang='lat' dir='ltr'><strong>everteret:</strong></span> <span class='ocrx_word' id='word_1_679' title='bbox 825 5214 878 5268; x_wconf 92' lang='lat' dir='ltr'><strong>id</strong></span> <span class='ocrx_word' id='word_1_680' title='bbox 912 5213 1057 5284; x_wconf 80' lang='lat' dir='ltr'><strong>quod</strong></span> <span class='ocrx_word' id='word_1_681' title='bbox 1114 5214 1235 5268; x_wconf 61' lang='lat' dir='ltr'><strong>alia:</strong></span> <span class='ocrx_word' id='word_1_682' title='bbox 1261 5213 1533 5285; x_wconf 86' lang='lat' dir='ltr'><strong>pleraeque</strong></span> <span class='ocrx_word' id='word_1_683' title='bbox 1584 5215 1820 5270; x_wconf 82' lang='lat' dir='ltr'><strong>haereses</strong></span> <span class='ocrx_word' id='word_1_684' title='bbox 1871 5215 2064 5272; x_wconf 80' lang='lat' dir='ltr'><strong>existi-</strong></span> 
     </span>
    </p>
   </div>
   <div class='ocr_carea' id='block_1_95' title="bbox 564 5370 1006 5427">
    <p class='ocr_par' dir='ltr' id='par_1_95' title="bbox 564 5370 1006 5427">
     <span class='ocr_line' id='line_1_95' title="bbox 564 5370 1006 5427; baseline -0.005 0"><span class='ocrx_word' id='word_1_685' title='bbox 564 5375 581 5404; x_wconf 82' lang='lat'><strong>’</strong></span> <span class='ocrx_word' id='word_1_686' title='bbox 610 5371 767 5427; x_wconf 87' lang='lat' dir='ltr'><strong>Corr.</strong></span> <span class='ocrx_word' id='word_1_687' title='bbox 800 5370 1006 5425; x_wconf 77' lang='grc' dir='ltr'>ἔνατον.</span> 
     </span>
    </p>
   </div>
   <div class='ocr_carea' id='block_1_96' title="bbox 563 5489 2072 5564">
    <p class='ocr_par' dir='ltr' id='par_1_96' title="bbox 563 5489 2072 5564">
     <span class='ocr_line' id='line_1_96' title="bbox 563 5489 2072 5564; baseline 0.001 -18"><span class='ocrx_word' id='word_1_688' title='bbox 563 5493 676 5564; x_wconf 83' lang='lat'><strong>(58)</strong></span> <span class='ocrx_word' id='word_1_689' title='bbox 702 5491 1040 5564; x_wconf 62' lang='grc' dir='ltr'>Συμόέϐηκε</span> <span class='ocrx_word' id='word_1_690' title='bbox 1060 5491 1167 5564; x_wconf 51' lang='lat' dir='ltr'><strong>mp</strong></span> <span class='ocrx_word' id='word_1_691' title='bbox 1193 5493 1457 5564; x_wconf 61' lang='grc' dir='ltr'>τούτους.</span> <span class='ocrx_word' id='word_1_692' title='bbox 1484 5489 1738 5551; x_wconf 69' lang='grc' dir='ltr'>ιωηαξιιε,</span> <span class='ocrx_word' id='word_1_693' title='bbox 1770 5493 1885 5564; x_wconf 77' lang='lat' dir='ltr'><strong>Lit,</strong></span> <span class='ocrx_word' id='word_1_694' title='bbox 1909 5509 1958 5547; x_wconf 87' lang='lat' dir='ltr'><strong>c.</strong></span> <span class='ocrx_word' id='word_1_695' title='bbox 1984 5493 2072 5560; x_wconf 74' lang='grc'><strong>12,</strong></span> 
     </span>
    </p>
   </div>
   <div class='ocr_carea' id='block_1_97' title="bbox 493 5559 1905 5632">
    <p class='ocr_par' dir='ltr' id='par_1_97' title="bbox 493 5559 1905 5632">
     <span class='ocr_line' id='line_1_97' title="bbox 493 5559 1905 5632; baseline -0.001 -15"><span class='ocrx_word' id='word_1_696' title='bbox 493 5559 742 5632; x_wconf 71' lang='lat' dir='ltr'><strong>euiriderli</strong></span> <span class='ocrx_word' id='word_1_697' title='bbox 769 5559 1484 5632; x_wconf 75' lang='lat' dir='ltr'><strong>apologumValentinianis</strong></span> <span class='ocrx_word' id='word_1_698' title='bbox 1509 5563 1905 5616; x_wconf 86' lang='lat' dir='ltr'><strong>accommodat.</strong></span> 
     </span>
    </p>
   </div>
   <div class='ocr_carea' id='block_1_98' title="bbox 566 5629 2071 5698">
    <p class='ocr_par' dir='ltr' id='par_1_98' title="bbox 566 5629 2071 5698">
     <span class='ocr_line' id='line_1_98' title="bbox 566 5629 2071 5698; baseline 0.004 -16"><span class='ocrx_word' id='word_1_699' title='bbox 566 5631 679 5698; x_wconf 65' lang='lat'><strong>(59)</strong></span> <span class='ocrx_word' id='word_1_700' title='bbox 716 5629 822 5683; x_wconf 84' lang='grc' dir='ltr'>Τοῦ</span> <span class='ocrx_word' id='word_1_701' title='bbox 853 5629 963 5683; x_wconf 74' lang='grc' dir='ltr'><strong>ἕνα</strong></span> <span class='ocrx_word' id='word_1_702' title='bbox 995 5631 1100 5685; x_wconf 72' lang='grc' dir='ltr'><strong>τὸν</strong></span> <span class='ocrx_word' id='word_1_703' title='bbox 1132 5629 1378 5698; x_wconf 73' lang='grc' dir='ltr'>κλῆρον.</span> <span class='ocrx_word' id='word_1_704' title='bbox 1411 5633 1728 5687; x_wconf 89' lang='lat' dir='ltr'><strong>Certissima</strong></span> <span class='ocrx_word' id='word_1_705' title='bbox 1769 5642 1851 5688; x_wconf 88' lang='lat' dir='ltr'><strong>cst</strong></span> <span class='ocrx_word' id='word_1_706' title='bbox 1884 5649 2071 5688; x_wconf 90' lang='lat' dir='ltr'><strong>emen-</strong></span> 
     </span>
    </p>
   </div>
   <div class='ocr_carea' id='block_1_99' title="bbox 496 5701 2072 5772">
    <p class='ocr_par' dir='ltr' id='par_1_99' title="bbox 496 5701 2072 5772">
     <span class='ocr_line' id='line_1_99' title="bbox 496 5701 2072 5772; baseline 0.003 -21"><span class='ocrx_word' id='word_1_707' title='bbox 496 5702 644 5772; x_wconf 81' lang='lat' dir='ltr'><strong>datio</strong></span> <span class='ocrx_word' id='word_1_708' title='bbox 685 5707 893 5764; x_wconf 85' lang='lat' dir='ltr'><strong>nostra,</strong></span> <span class='ocrx_word' id='word_1_709' title='bbox 936 5701 1124 5766; x_wconf 77' lang='grc' dir='ltr'>ἔνατος</span> <span class='ocrx_word' id='word_1_710' title='bbox 1153 5717 1248 5769; x_wconf 90' lang='lat' dir='ltr'><strong>pro</strong></span> <span class='ocrx_word' id='word_1_711' title='bbox 1282 5703 1375 5755; x_wconf 78' lang='grc' dir='ltr'><strong>ἕνα</strong></span> <span class='ocrx_word' id='word_1_712' title='bbox 1400 5703 1510 5754; x_wconf 88' lang='grc' dir='ltr'>τόν.</span> <span class='ocrx_word' id='word_1_713' title='bbox 1544 5703 1732 5757; x_wconf 84' lang='lat' dir='ltr'><strong>Nonus</strong></span> <span class='ocrx_word' id='word_1_714' title='bbox 1761 5707 1904 5758; x_wconf 89' lang='lat' dir='ltr'><strong>enim</strong></span> <span class='ocrx_word' id='word_1_715' title='bbox 1933 5721 2072 5772; x_wconf 90' lang='lat' dir='ltr'><strong>pon-</strong></span> 
     </span>
    </p>
   </div>
   <div class='ocr_carea' id='block_1_100' title="bbox 500 5770 2070 5844">
    <p class='ocr_par' dir='ltr' id='par_1_100' title="bbox 500 5770 2070 5844">
     <span class='ocr_line' id='line_1_100' title="bbox 500 5770 2070 5844; baseline 0.005 -23"><span class='ocrx_word' id='word_1_716' title='bbox 500 5770 706 5823; x_wconf 76' lang='lat' dir='ltr'><strong>tilicum</strong></span> <span class='ocrx_word' id='word_1_717' title='bbox 739 5772 1110 5826; x_wconf 75' lang='lat' dir='ltr'><strong>Romanorum</strong></span> <span class='ocrx_word' id='word_1_718' title='bbox 1129 5772 1321 5827; x_wconf 84' lang='lat' dir='ltr'><strong>ordine</strong></span> <span class='ocrx_word' id='word_1_719' title='bbox 1356 5773 1458 5828; x_wconf 84' lang='lat' dir='ltr'><strong>fuit</strong></span> <span class='ocrx_word' id='word_1_720' title='bbox 1485 5772 1754 5844; x_wconf 75' lang='lat' dir='ltr'><strong>Hyginus,</strong></span> <span class='ocrx_word' id='word_1_721' title='bbox 1783 5776 1826 5830; x_wconf 84' lang='lat' dir='ltr'><strong>si</strong></span> <span class='ocrx_word' id='word_1_722' title='bbox 1860 5770 2070 5831; x_wconf 75' lang='lat' dir='ltr'><strong>Clétutn</strong></span> 
     </span>
    </p>
   </div>
   <div class='ocr_carea' id='block_1_101' title="bbox 2175 4564 3748 4639">
    <p class='ocr_par' dir='ltr' id='par_1_101' title="bbox 2175 4564 3748 4639">
     <span class='ocr_line' id='line_1_101' title="bbox 2175 4564 3748 4639; baseline -0.003 -17"><span class='ocrx_word' id='word_1_723' title='bbox 2175 4571 2332 4639; x_wconf 85' lang='grc' dir='ltr'>κήσει</span> <span class='ocrx_word' id='word_1_724' title='bbox 2361 4569 2512 4632; x_wconf 66' lang='grc' dir='ltr'>ἄντα,</span> <span class='ocrx_word' id='word_1_725' title='bbox 2544 4569 2638 4620; x_wconf 74' lang='grc' dir='ltr'>καὶ</span> <span class='ocrx_word' id='word_1_726' title='bbox 2667 4566 2885 4636; x_wconf 88' lang='grc' dir='ltr'>δοκήσει</span> <span class='ocrx_word' id='word_1_727' title='bbox 2912 4566 3211 4635; x_wconf 84' lang='grc' dir='ltr'>πεφηνότα,</span> <span class='ocrx_word' id='word_1_728' title='bbox 3235 4565 3450 4635; x_wconf 86' lang='grc' dir='ltr'>δοκήσει</span> <span class='ocrx_word' id='word_1_729' title='bbox 3475 4564 3530 4616; x_wconf 82' lang='grc' dir='ltr'><strong>δὲ</strong></span> <span class='ocrx_word' id='word_1_730' title='bbox 3556 4564 3624 4616; x_wconf 85' lang='grc' dir='ltr'>τὰ</span> <span class='ocrx_word' id='word_1_731' title='bbox 3652 4564 3748 4617; x_wconf 80' lang='grc' dir='ltr'><strong>ὅλα</strong></span> 
     </span>
    </p>
   </div>
   <div class='ocr_carea' id='block_1_102' title="bbox 2175 4653 3747 4730">
    <p class='ocr_par' dir='ltr' id='par_1_102' title="bbox 2175 4653 3747 4730">
     <span class='ocr_line' id='line_1_102' title="bbox 2175 4653 3747 4730; baseline -0.003 -17"><span class='ocrx_word' id='word_1_732' title='bbox 2175 4658 2532 4730; x_wconf 87' lang='grc' dir='ltr'>πεποιηκότα.</span> <span class='ocrx_word' id='word_1_733' title='bbox 2565 4657 2675 4710; x_wconf 70' lang='grc' dir='ltr'><strong>Καὶ</strong></span> <span class='ocrx_word' id='word_1_734' title='bbox 2698 4655 2858 4718; x_wconf 80' lang='grc' dir='ltr'>αὐτὸς</span> <span class='ocrx_word' id='word_1_735' title='bbox 2884 4655 3085 4726; x_wconf 86' lang='grc' dir='ltr'>σαρκὸς</span> <span class='ocrx_word' id='word_1_736' title='bbox 3106 4654 3400 4708; x_wconf 88' lang='grc' dir='ltr'>ἀνάστασιν</span> <span class='ocrx_word' id='word_1_737' title='bbox 3427 4653 3747 4708; x_wconf 84' lang='grc' dir='ltr'>ἀπωθεῖται.</span> 
     </span>
    </p>
   </div>
   <div class='ocr_carea' id='block_1_103' title="bbox 2175 4745 3749 4820">
    <p class='ocr_par' dir='ltr' id='par_1_103' title="bbox 2175 4745 3749 4820">
     <span class='ocr_line' id='line_1_103' title="bbox 2175 4745 3749 4820; baseline -0.006 -13"><span class='ocrx_word' id='word_1_738' title='bbox 2175 4753 2418 4809; x_wconf 83' lang='grc' dir='ltr'>Παλαιὰν</span> <span class='ocrx_word' id='word_1_739' title='bbox 2460 4751 2516 4804; x_wconf 82' lang='grc' dir='ltr'><strong>δὲ</strong></span> <span class='ocrx_word' id='word_1_740' title='bbox 2550 4749 2881 4820; x_wconf 88' lang='grc' dir='ltr'>ἀπαγορεύει</span> <span class='ocrx_word' id='word_1_741' title='bbox 2911 4747 3188 4816; x_wconf 82' lang='grc' dir='ltr'>Διαθήκην</span> <span class='ocrx_word' id='word_1_742' title='bbox 3207 4762 3220 4776; x_wconf 77' lang='grc'><strong>⁸</strong></span> <span class='ocrx_word' id='word_1_743' title='bbox 3264 4745 3361 4815; x_wconf 80' lang='grc' dir='ltr'><strong>τὴν</strong></span> <span class='ocrx_word' id='word_1_744' title='bbox 3393 4745 3447 4796; x_wconf 74' lang='grc' dir='ltr'>δὲ</span> <span class='ocrx_word' id='word_1_745' title='bbox 3473 4745 3560 4797; x_wconf 70' lang='grc' dir='ltr'>διὰ</span> <span class='ocrx_word' id='word_1_746' title='bbox 3581 4746 3749 4798; x_wconf 66' lang='lat' dir='ltr'><strong>Mori}-</strong></span> 
     </span>
    </p>
   </div>
   <div class='ocr_carea' id='block_1_104' title="bbox 2177 4832 3751 4914">
    <p class='ocr_par' dir='ltr' id='par_1_104' title="bbox 2177 4832 3751 4914">
     <span class='ocr_line' id='line_1_104' title="bbox 2177 4832 3751 4914; baseline -0.007 -15"><span class='ocrx_word' id='word_1_747' title='bbox 2177 4848 2313 4909; x_wconf 85' lang='grc' dir='ltr'>σέως</span> <span class='ocrx_word' id='word_1_748' title='bbox 2331 4845 2439 4914; x_wconf 84' lang='lat'><strong>(60)</strong></span> <span class='ocrx_word' id='word_1_749' title='bbox 2459 4842 2554 4896; x_wconf 68' lang='grc' dir='ltr'><strong>καὶ</strong></span> <span class='ocrx_word' id='word_1_750' title='bbox 2575 4843 2682 4895; x_wconf 85' lang='grc' dir='ltr'><strong>τῶν</strong></span> <span class='ocrx_word' id='word_1_751' title='bbox 2702 4839 2994 4912; x_wconf 86' lang='grc' dir='ltr'>προφητῶν</span> <span class='ocrx_word' id='word_1_752' title='bbox 3013 4838 3088 4902; x_wconf 83' lang='grc' dir='ltr'><strong>ὡς</strong></span> <span class='ocrx_word' id='word_1_753' title='bbox 3110 4837 3393 4908; x_wconf 86' lang='grc' dir='ltr'>ἀλλοτρίαν</span> <span class='ocrx_word' id='word_1_754' title='bbox 3410 4832 3573 4888; x_wconf 79' lang='grc' dir='ltr'>οὖσαν</span> <span class='ocrx_word' id='word_1_755' title='bbox 3591 4834 3751 4888; x_wconf 88' lang='grc' dir='ltr'>Θεοῦ.</span> 
     </span>
    </p>
   </div>
   <div class='ocr_carea' id='block_1_105' title="bbox 2188 4925 3752 5005">
    <p class='ocr_par' dir='ltr' id='par_1_105' title="bbox 2188 4925 3752 5005">
     <span class='ocr_line' id='line_1_105' title="bbox 2188 4925 3752 5005; baseline -0.006 -17"><span class='ocrx_word' id='word_1_756' title='bbox 2188 4933 2530 5005; x_wconf 86' lang='grc' dir='ltr'>Ἐληλυθέναι</span> <span class='ocrx_word' id='word_1_757' title='bbox 2563 4931 2620 4984; x_wconf 85' lang='grc' dir='ltr'>δὲ</span> <span class='ocrx_word' id='word_1_758' title='bbox 2659 4932 2750 4984; x_wconf 84' lang='grc' dir='ltr'><strong>τὸν</strong></span> <span class='ocrx_word' id='word_1_759' title='bbox 2775 4930 3009 5002; x_wconf 87' lang='grc' dir='ltr'>Χριστὸν</span> <span class='ocrx_word' id='word_1_760' title='bbox 3043 4928 3150 4982; x_wconf 80' lang='grc' dir='ltr'><strong>ἀπὺ</strong></span> <span class='ocrx_word' id='word_1_761' title='bbox 3181 4927 3289 4980; x_wconf 86' lang='grc' dir='ltr'>τῶν</span> <span class='ocrx_word' id='word_1_762' title='bbox 3329 4926 3533 4980; x_wconf 75' lang='grc' dir='ltr'>ἀνωθεν</span> <span class='ocrx_word' id='word_1_763' title='bbox 3565 4927 3630 4978; x_wconf 81' lang='grc' dir='ltr'><strong>ἐκ</strong></span> <span class='ocrx_word' id='word_1_764' title='bbox 3658 4925 3752 4978; x_wconf 84' lang='grc' dir='ltr'><strong>τοῦ</strong></span> 
     </span>
    </p>
   </div>
   <div class='ocr_carea' id='block_1_106' title="bbox 2171 5019 3752 5096">
    <p class='ocr_par' dir='ltr' id='par_1_106' title="bbox 2171 5019 3752 5096">
     <span class='ocr_line' id='line_1_106' title="bbox 2171 5019 3752 5096; baseline -0.007 -15"><span class='ocrx_word' id='word_1_765' title='bbox 2171 5027 2448 5096; x_wconf 85' lang='grc' dir='ltr'>ἀγνώστου</span> <span class='ocrx_word' id='word_1_766' title='bbox 2489 5025 2725 5096; x_wconf 86' lang='grc' dir='ltr'>Πατρὸς,</span> <span class='ocrx_word' id='word_1_767' title='bbox 2773 5024 2853 5086; x_wconf 88' lang='grc' dir='ltr'>εἰς</span> <span class='ocrx_word' id='word_1_768' title='bbox 2879 5022 3135 5092; x_wconf 86' lang='grc' dir='ltr'>ἀθέτησιν</span> <span class='ocrx_word' id='word_1_769' title='bbox 3167 5021 3264 5091; x_wconf 82' lang='grc' dir='ltr'>τῆς</span> <span class='ocrx_word' id='word_1_770' title='bbox 3295 5020 3389 5074; x_wconf 89' lang='grc' dir='ltr'><strong>τοῦ</strong></span> <span class='ocrx_word' id='word_1_771' title='bbox 3424 5019 3752 5090; x_wconf 85' lang='grc' dir='ltr'>κοσμοποιοῦ</span> 
     </span>
    </p>
   </div>
   <div class='ocr_carea' id='block_1_107' title="bbox 2175 5112 3750 5190">
    <p class='ocr_par' dir='ltr' id='par_1_107' title="bbox 2175 5112 3750 5190">
     <span class='ocr_line' id='line_1_107' title="bbox 2175 5112 3750 5190; baseline -0.007 -16"><span class='ocrx_word' id='word_1_772' title='bbox 2175 5120 2266 5174; x_wconf 75' lang='grc' dir='ltr'><strong>καὶ</strong></span> <span class='ocrx_word' id='word_1_773' title='bbox 2282 5116 2623 5190; x_wconf 83' lang='grc' dir='ltr'>Δημιουργοῦ</span> <span class='ocrx_word' id='word_1_774' title='bbox 2645 5115 2897 5179; x_wconf 81' lang='grc' dir='ltr'>ἐνταῦθα,</span> <span class='ocrx_word' id='word_1_775' title='bbox 2923 5116 3074 5186; x_wconf 79' lang='grc' dir='ltr'>φησὶ,</span> <span class='ocrx_word' id='word_1_776' title='bbox 3096 5116 3270 5186; x_wconf 80' lang='grc' dir='ltr'>ἀρχῆς</span> <span class='ocrx_word' id='word_1_777' title='bbox 3291 5113 3386 5166; x_wconf 76' lang='grc' dir='ltr'>καὶ</span> <span class='ocrx_word' id='word_1_778' title='bbox 3409 5112 3721 5184; x_wconf 84' lang='grc' dir='ltr'>τυραννίδος</span> <span class='ocrx_word' id='word_1_779' title='bbox 3737 5130 3750 5142; x_wconf 72' lang='grc' dir='ltr'><strong><em>ο</em></strong></span> 
     </span>
    </p>
   </div>
   <div class='ocr_carea' id='block_1_108' title="bbox 2172 5205 3754 5284">
    <p class='ocr_par' dir='ltr' id='par_1_108' title="bbox 2172 5205 3754 5284">
     <span class='ocr_line' id='line_1_108' title="bbox 2172 5205 3754 5284; baseline -0.006 -16"><span class='ocrx_word' id='word_1_780' title='bbox 2172 5213 2361 5284; x_wconf 84' lang='grc' dir='ltr'>ὥσπερ</span> <span class='ocrx_word' id='word_1_781' title='bbox 2409 5211 2604 5283; x_wconf 87' lang='grc' dir='ltr'>ἀμέλει</span> <span class='ocrx_word' id='word_1_782' title='bbox 2667 5209 2761 5263; x_wconf 72' lang='grc' dir='ltr'>καὶ</span> <span class='ocrx_word' id='word_1_783' title='bbox 2807 5207 3000 5262; x_wconf 77' lang='grc' dir='ltr'>πολλαὶ</span> <span class='ocrx_word' id='word_1_784' title='bbox 3046 5207 3155 5259; x_wconf 84' lang='grc' dir='ltr'><strong>τῶν</strong></span> <span class='ocrx_word' id='word_1_785' title='bbox 3207 5205 3471 5278; x_wconf 85' lang='grc' dir='ltr'>αἱρέσεων</span> <span class='ocrx_word' id='word_1_786' title='bbox 3515 5205 3754 5273; x_wconf 80' lang='grc' dir='ltr'>ὲξεῐπαν.</span> 
     </span>
    </p>
   </div>
   <div class='ocr_carea' id='block_1_109' title="bbox 2181 5475 3757 5550">
    <p class='ocr_par' dir='ltr' id='par_1_109' title="bbox 2181 5475 3757 5550">
     <span class='ocr_line' id='line_1_109' title="bbox 2181 5475 3757 5550; baseline -0.012 -4"><span class='ocrx_word' id='word_1_787' title='bbox 2181 5504 2457 5546; x_wconf 72' lang='lat' dir='ltr'><strong>numeres.</strong></span> <span class='ocrx_word' id='word_1_788' title='bbox 2520 5488 2589 5540; x_wconf 84' lang='lat' dir='ltr'><strong>At</strong></span> <span class='ocrx_word' id='word_1_789' title='bbox 2637 5487 2873 5540; x_wconf 71' lang='lat' dir='ltr'><strong>lrenmus</strong></span> <span class='ocrx_word' id='word_1_790' title='bbox 2927 5477 3513 5550; x_wconf 17' lang='lat' dir='ltr'><strong>Hyginumioctavum</strong></span> <span class='ocrx_word' id='word_1_791' title='bbox 3579 5475 3757 5550; x_wconf 63' lang='lat' dir='ltr'><strong>Roma</strong></span> 
     </span>
    </p>
   </div>
   <div class='ocr_carea' id='block_1_110' title="bbox 2181 5548 3758 5632">
    <p class='ocr_par' dir='ltr' id='par_1_110' title="bbox 2181 5548 3758 5632">
     <span class='ocr_line' id='line_1_110' title="bbox 2181 5548 3758 5632; baseline -0.015 -16"><span class='ocrx_word' id='word_1_792' title='bbox 2181 5565 2500 5632; x_wconf 88' lang='lat' dir='ltr'><strong>episcopum</strong></span> <span class='ocrx_word' id='word_1_793' title='bbox 2555 5559 2806 5612; x_wconf 84' lang='lat' dir='ltr'><strong>nominat</strong></span> <span class='ocrx_word' id='word_1_794' title='bbox 2847 5553 2884 5606; x_wconf 91' lang='lat' dir='ltr'><strong>l.</strong></span> <span class='ocrx_word' id='word_1_795' title='bbox 2929 5548 3170 5619; x_wconf 36' lang='lat' dir='ltr'><strong>In,&#39;cap.</strong></span> <span class='ocrx_word' id='word_1_796' title='bbox 3213 5549 3282 5617; x_wconf 71' lang='lat'><strong>4;</strong></span> <span class='ocrx_word' id='word_1_797' title='bbox 3333 5549 3428 5605; x_wconf 84' lang='lat' dir='ltr'><strong>sed</strong></span> <span class='ocrx_word' id='word_1_798' title='bbox 3479 5549 3593 5606; x_wconf 59' lang='lat' dir='ltr'><strong>hanc</strong></span> <span class='ocrx_word' id='word_1_799' title='bbox 3634 5548 3758 5601; x_wconf 70' lang='lat' dir='ltr'><strong>alin:</strong></span> 
     </span>
    </p>
   </div>
   <div class='ocr_carea' id='block_1_111' title="bbox 2177 5634 3756 5827">
    <p class='ocr_par' dir='ltr' id='par_1_111' title="bbox 2177 5634 3756 5827">
     <span class='ocr_line' id='line_1_111' title="bbox 2177 5634 3756 5827; baseline -0.008 -73"><span class='ocrx_word' id='word_1_800' title='bbox 2177 5634 2604 5827; x_wconf 43' lang='grc' dir='ltr'><strong>ἓιῖϐᾎῗδῆτήνδε</strong></span> <span class='ocrx_word' id='word_1_801' title='bbox 2657 5695 2779 5753; x_wconf 60' lang='grc' dir='ltr'>διὰί</span> <span class='ocrx_word' id='word_1_802' title='bbox 2805 5692 3121 5761; x_wconf 78' lang='grc' dir='ltr'>Μωῦσέως.</span> <span class='ocrx_word' id='word_1_803' title='bbox 3173 5690 3302 5763; x_wconf 81' lang='lat' dir='ltr'><strong>ch.</strong></span> <span class='ocrx_word' id='word_1_804' title='bbox 3346 5689 3624 5762; x_wconf 82' lang='grc' dir='ltr'>ΔιαΘήκην</span> <span class='ocrx_word' id='word_1_805' title='bbox 3665 5683 3756 5757; x_wconf 62' lang='grc' dir='ltr'><strong>τὴν</strong></span> 
     </span>
     <span class='ocr_line' id='line_1_112' title="bbox 2211 5781 2424 5827; baseline -0.014 0"><span class='ocrx_word' id='word_1_806' title='bbox 2211 5792 2226 5827; x_wconf 88' lang='grc' dir='ltr'><strong>ι</strong></span> <span class='ocrx_word' id='word_1_807' title='bbox 2263 5805 2288 5827; x_wconf 90' lang='grc'>-.</span> <span class='ocrx_word' id='word_1_808' title='bbox 2320 5781 2424 5827; x_wconf 82' lang='lat' dir='ltr'><strong>e&#39;c.</strong></span> 
     </span>
    </p>
   </div>
   <div class='ocr_carea' id='block_1_112' title="bbox 2211 5781 2424 5842">
    <p class='ocr_par' dir='ltr' id='par_1_112' title="bbox 2211 5781 2424 5842">
     <span class='ocr_line' id='line_1_113' title="bbox 2211 5781 2424 5842; baseline -0.019 -14"><span class='ocrx_word' id='word_1_809' title='bbox 2211 5781 2288 5842; x_wconf 71' lang='grc' dir='ltr'><strong>ια,</strong></span> <span class='ocrx_word' id='word_1_810' title='bbox 2320 5781 2424 5827; x_wconf 81' lang='lat' dir='ltr'><strong>e&#39;c.</strong></span> 
     </span>
    </p>
   </div>
  </div>
