4156 6358
414 309 519 365 693

1099 310 1468 368 ADVERSUS
1505 311 1844 371 HIERESES
1883 314 2011 372 LIB.
2052 320 2098 373 ι.
2138 317 2301 373 ΤΟΜ.
2341 317 2427 372 IlI.
2467 348 2536 360 —-
2572 316 2846 374 HASRES.
2883 322 3018 376 XLI.

3568 325 3669 379 09.5

426 430 621 497 Ὀλίγῳ
644 427 699 480 δὲ
722 428 798 496 τῷ
826 427 999 498 χρόνῳ
1023 423 1175 491 οὗτος
1197 431 1255 482 ὲν
1282 430 1475 506 Ῥώμῃ
1494 434 1804 505 γενόμενος,
1833 455 1991 509 μετα-

2096 444 2266 491 mant.
2293 436 2479 493 Romae
2513 439 2679 510 igitur
2708 439 2858 495 brevi
2892 440 2984 495 ille
3030 448 3271 510 tempore
3302 451 3670 496 commoratus

412 520 642 573 δέδωκεν
687 518 852 594 adeo?»
901 518 991 572 τὸν
1035 520 1110 573 ίὺν
1154 522 1460 593 Μαρκίωνι.
1518 526 1717 599 Διόπερ
1753 527 1938 583 τοῦτον
1966 530 1995 582 6

412 611 679 680 Μαρκίων
708 610 994 674 διεδέξατο.

484 702 557 751 B'.
597 700 706 770 Τῆς
736 700 792 751 δὲ
833 700 1095 771 αἱρέσεως
1126 702 1388 768 ὡσαύτως
1434 708 1697 779 φωρατῆς
1718 706 1904 781 οὔσης,
1935 712 1994 765 ὲν

414 791 661 861 συντόμῳ
702 792 829 863 περὶ
872 791 1076 862 ταύτης
1123 795 1252 863 ἡμῖν
1287 794 1437 849 ἔσται
1463 795 1640 866 λόγος.
1695 799 1995 871 Ἀρξόμεθα

412 884 468 936 δὲ
496 883 657 936 πάλιν
695 887 795 953 τῆς
836 886 956 937 κατ’
1004 886 1169 938 αὑτοῦ
1202 886 1512 959 ἀνατροπῆς
1556 890 1651 943 ἀπ’
1678 892 1856 945 αὐτῶν
1886 892 1994 948 τῶν

413 978 543 1047 παρ’
574 975 736 1028 αὑτοῦ
763 975 1094 1047 λεγομένων.
1130 979 1250 1031 Ὅτι
1274 980 1371 1049 μὲν
1402 980 1511 1051 γὰρ
1552 981 1645 1035 δύο
1669 984 1843 1054 ἀρχὰς
1874 986 1994 1039 ὲπι-

411 1069 606 1121 τοαυτὸ
633 1064 769 1121 εἶναι
787 1069 1061 1135 ἀδύνατον,
1086 1071 1264 1141 δῆλον.
1289 1074 1350 1125 Ei
1377 1074 1392 1104 ⁸
1421 1073 1530 1146 γὰρ
1562 1076 1618 1129 αἱ
1647 1076 1738 1130 δύο
1770 1078 1835 1130 ὲκ
1862 1080 1994 1149 μιᾶς

412 1158 517 1210 eici
543 1176 703 1223 τινος,
740 1160 772 1231 ἢ
800 1163 832 1231 ἡ
876 1163 971 1231 μὲν
1011 1161 1127 1215 ἔστι
1159 1162 1406 1236 δευτέρα,
1439 1167 1472 1235 ἡ
1507 1165 1563 1218 δὲ
1610 1167 1710 1237 τῆς
1735 1168 1992 1240 δευτέρας

409 1248 559 1300 αἰτία
589 1250 682 1301 καὶ
710 1249 874 1320 ἀρχή.
912 1250 1285 1322 Ζητηθήσεται
1309 1248 1400 1306 οὖν
1426 1254 1543 1325 ἦτοι
1572 1254 1718 1307 αίτία
1738 1257 1847 1310 τῶν
1874 1257 1988 1325 δύο,

407 1340 441 1412 ἣ
470 1342 702 1411 ὁποτέρα
750 1342 954 1431 τούτων
992 1345 1134 1416 ἀρχὴ
1168 1341 1302 1399 οὖσα
1341 1347 1441 1418 τῆς
1465 1347 1679 1418 ἑτέρας,
1711 1349 1787 1412 ὼς
1815 1349 1951 1423 έφην
1973 1368 1989 1384 υ

407 1434 501 1486 καὶ
524 1432 697 1498 οὕτως
723 1435 787 1489 ὲκ
824 1437 1023 1500 παντὸς
1055 1438 1258 1509 τρόπου
1284 1439 1376 1493 ἐπὶ
1414 1440 1514 1512 τὴν
1568 1442 1696 1511 μίαν
1728 1443 1989 1498 ἀνακτέον

405 1525 503 1597 τὴν
529 1526 785 1593 διάνοιαν,
821 1530 918 1600 τὴν
945 1531 1342 1604 εύρισκομένην
1374 1532 1615 1605 πρώτην,
1643 1535 1701 1602 ἐξ
1723 1531 1790 1608 ἧς
1830 1537 1924 1591 καὶ
1951 1539 1985 1609 ἡ

402 1617 653 1690 δευτέρα,
685 1621 802 1691 ἢτοι
829 1620 1161 1692 ἀμφότεραι,
1197 1621 1380 1687 καθὼς
1410 1624 1696 1690 δέδεικται,
1727 1630 1803 1691 ὡς
1829 1628 1984 1699 ἔφην.

417 1709 738 1763 Ἐπιτοαυτὸ
752 1711 809 1764 δὲ
830 1711 1090 1767 ἀδύνατον
1110 1713 1209 1777 τὰς
1233 1713 1326 1767 δύο
1350 1716 1527 1786 ἀρχάς
1547 1717 1814 1789 ὑπάρχειν
1828 1735 1842 1750 ·
1873 1720 1990 1773 ἀλλ’

2096 541 2254 582 suum
2288 526 2719 585 Marcionivirus
2746 528 3000 599 aspersit,
3036 544 3199 599 quem
3248 531 3411 585 etiam
3455 547 3669 585 succes-

2095 634 2276 675 sorem
2310 620 2520 677 habuit.

2167 707 2231 762 ll.
2258 709 2456 764 Verum
2495 724 2618 765 cum
2666 725 2779 765 non
2838 710 3023 765 minus
3071 711 3282 766 caeteris
3311 711 3539 769 haeresis
3568 716 3669 769 ista

2095 800 2429 871 deprehendi
2485 817 2549 858 ac
2593 802 2848 874 redargui
2880 801 3041 858 facile
3096 803 3291 871 possit,
3334 807 3523 873 paucis
3552 821 3669 875 quae

2094 889 2162 944 ad
2182 906 2300 945 eam
2330 890 2608 962 pertinent
2632 893 2988 962 complectar,
3012 892 3240 962 ejusque
3260 892 3571 949 refellendaa
3604 897 3670 950 ab

2092 980 2351 1051 illisipsis
2380 996 2567 1035 eorum
2598 981 2831 1037 decretis
2891 981 3103 1036 initium
3137 995 3431 1036 arcessam.
3462 981 3668 1037 Etenim

2093 1070 2202 1125 duo
2219 1072 2380 1126 simul
2410 1087 2599 1127 rerum
2632 1088 2755 1129 esse
2796 1072 3068 1142 principia
3101 1089 3445 1144 nequaquam
3504 1089 3669 1143 posse

2094 1164 2443 1220 manifestum
2484 1173 2591 1221 est.
2634 1164 2773 1218 Na
2814 1172 2909 1219 aut
2967 1165 3078 1219 duo
3114 1166 3183 1220 ab
3217 1180 3326 1219 uno
3379 1173 3670 1220 manarunt

2092 1257 2295 1327 aliquo,
2333 1264 2428 1312 aut
2454 1273 2625 1313 unum
2679 1257 2982 1313 secundum
3027 1266 3132 1320 est,
3174 1258 3407 1313 alterum
3442 1258 3668 1313 secundi

2092 1360 2260 1401 causa
2325 1362 2517 1402 rursus
2578 1361 2641 1401 ac
2704 1347 3058 1417 principium.
3101 1344 3466 1412 Quaerendum
3506 1348 3671 1416 igitur

2090 1444 2195 1503 est,
2226 1453 2474 1508 quasnam
2510 1437 2792 1492 amborum
2828 1453 2995 1493 causa
3018 1438 3109 1501 sit,
3153 1446 3247 1491 aut
3276 1438 3423 1508 quod
3456 1454 3522 1494 ex
3562 1439 3671 1494 illis

2092 1527 2423 1598 principium
2467 1529 2539 1584 sit
2601 1529 2850 1595 alterius,
2908 1536 2968 1582 ut
3016 1528 3296 1597 diximus;
3356 1529 3548 1600 sicque
3601 1531 3667 1584 ad

2091 1636 2258 1675 unum
2285 1620 2509 1675 omnino
2552 1620 2838 1677 referenda
2894 1605 3175 1693 cogitatio,
3232 1623 3380 1695 quod
3431 1623 3666 1693 primum

2091 1713 2354 1775 occurrit,
2380 1727 2411 1766 a
2440 1728 2550 1783 quo
2568 1716 2895 1786 secundum,
2928 1724 3021 1771 aut
3069 1716 3231 1771 ambo
3279 1716 3371 1771 illa
3397 1716 3669 1786 prolicisci

403 1794 526 1846 οὐδὲ
562 1793 911 1868 διαφέρεσθαι
939 1796 1036 1869 τὴν
1084 1798 1213 1869 μίαν
1246 1799 1384 1870 πρὸς
1414 1802 1513 1871 τὴν
1552 1800 1718 1871 ἀλλην
1740 1802 1983 1858 δυνατόν.

2094 1801 2607 1861 demonstravimus.
2667 1803 2785 1860 Duo
2834 1822 3001 1876 porro
3062 1806 3227 1862 simul
3281 1814 3343 1859 ut
3402 1805 3671 1877 principia

403 1890 467 1943 Et
490 1890 599 1963 γὰρ
625 1890 1000 1963 διαφέρονται,
1037 1894 1145 1945 εἰσὶ
1174 1892 1272 1963 μὲν
1297 1892 1411 1947 δύο.
1450 1893 1543 1965 Τῷ
1567 1895 1624 1948 δὲ
1652 1894 1746 1948 δύο
1770 1895 1988 1967 ἀριθμῷ

403 1982 808 2053 εύρισκόμεναι,
844 1983 936 2036 τὸν
986 1984 1081 2037 ἕνα
1125 1983 1362 2055 ἀριθμὸν
1404 1984 1837 2057 ὑπερϐεϐήκασι.
1881 1986 1986 2039 Τοῦ

401 2073 459 2125 δὲ
497 2074 614 2137 ἑνὸς
645 2075 739 2126 καὶ
775 2073 993 2146 πρώτου
1036 2074 1270 2146 ἀριθμοῦ
1311 2075 1665 2148 ζητουμένου,
1701 2079 1756 2131 αἱ
1792 2077 1885 2131 δύο
1910 2076 1988 2149 τῷ

401 2166 486 2219 ἐνὶ
512 2166 727 2238 ἀριθμῷ
766 2168 859 2220 καὶ
908 2167 1166 2239 ἀνωτέρω
1210 2168 1529 2222 ὑπόκεινται
1567 2169 1644 2240 τῷ
1688 2169 1848 2241 αἰτίῳ
1879 2171 1987 2224 τῶν

400 2258 495 2311 δύο
524 2259 655 2311 όντι.
714 2259 788 2313 Ού
815 2257 923 2330 γὰρ
967 2260 1022 2311 αἱ
1054 2258 1147 2311 δύο
1174 2260 1231 2312 αἱ
1261 2260 1398 2331 μετά
1421 2260 1517 2313 τὸν
1544 2260 1641 2315 ἕνα
1662 2260 1915 2332 ἀριθμὸν,
1953 2261 1986 2332 ἢ

401 2353 501 2421 τὴν
539 2352 666 2421 μίαν
694 2351 871 2423 ἀρχὴν
898 2353 991 2407 καὶ
1020 2351 1266 2424 πρώτην,
1300 2352 1469 2406 αἰτίαι
1500 2353 1708 2407 ἑαυτῶν
1734 2353 1987 2407 δύνανται

400 2443 573 2498 εἶναι·
620 2445 712 2499 τοῦ
740 2444 918 2498 ἑνικοῦ
966 2444 1202 2517 ἀριθμοῦ
1238 2446 1330 2499 καὶ
1363 2446 1640 2499 ἀνωτάτου
1677 2446 1764 2499 ἀεὶ
1795 2444 1988 2516 ζητου-

296 2580 303 2585 .
405 2537 590 2609 μένου.
624 2538 687 2589 Εί
713 2537 822 2609 γὰρ
857 2539 912 2590 αἱ
948 2537 1042 2590 δύο
1070 2536 1457 2609 εὑρεθήσονται
1501 2539 1629 2607 μιᾶς
1658 2536 1823 2608 οῠσης
1852 2554 1989 2605 συμ-

406 2628 631 2696 φωνίας,
676 2629 769 2681 καὶ
814 2629 1227 2699 συγχαίρουσαι,
1268 2631 1364 2682 καὶ
1404 2630 1790 2699 συμφωνοῦσαι
1823 2630 1987 2700 ἀλλή-

401 2719 542 2783 λαις,
574 2722 631 2772 ὲν
658 2720 737 2792 τῷ
766 2721 868 2792 τὴν
901 2720 1000 2792 μὲν
1034 2721 1161 2790 μίαν
1187 2720 1525 2792 παραμένειν
1553 2722 1650 2791 τῆς
1684 2720 1875 2791 ἐτέρας
1900 2722 1989 2772 εύ-

401 2810 686 2882 δοκούσης,
722 2811 817 2864 καὶ
849 2812 947 2883 τῆς
987 2810 1153 2881 ἄλλης
1187 2810 1243 2863 δὲ
1289 2809 1606 2882 χαιρούσης,
1647 2812 1712 2880 τῇ
1747 2811 1846 2880 τῆς
1873 2810 1988 2862 ἑτέ-

403 2920 503 2973 ρας
519 2902 769 2973 συζυγίᾳ,
784 2906 818 2974 ἡ
842 2904 1029 2966 στάσις
1043 2904 1127 2967 τίς
1144 2905 1293 2956 ἐστιν
1310 2901 1583 2973 ἀναμέσον
1600 2903 1925 2972 ἀμφοτέρων
1943 2904 1983 2956 ³.

402 2995 466 3047 Εἰ
516 2994 571 3047 δὲ
625 2995 973 3060 στασιάζουσι
1033 2995 1129 3048 καὶ
1189 2994 1460 3065 ἰσχύουσιν
1513 2996 1630 3066 ἅμα
1680 2995 1987 3065 ἀμφότεραι

402 3084 541 3158 πρὶς
575 3088 807 3159 ἀλλήλας
843 3089 931 3141 ἐπ’
963 3087 1105 3158 ἴσης,
1150 3088 1335 3141 οὐκέτι
1368 3087 1602 3159 Χριστὸς
1635 3087 1664 3137 6
1694 3085 1863 3139 ἐλθὼν
1899 3086 1987 3138 διὰ

401 3180 501 3251 τὴν
532 3179 786 3251 ἀθέτησιν
811 3182 909 3252 τῆς
935 3182 1063 3251 μιᾶς
1091 3180 1378 3251 δυνήσεται
1412 3178 1713 3233 καταλῦσαι
1733 3177 1830 3249 τὴν
1857 3178 1989 3230 ταύ-

402 3289 500 3342 την
520 3272 827 3343 τυραννίδα,
852 3273 1020 3342 αὐτῆς
1040 3272 1391 3342 ἀντεχούσης,
1417 3272 1509 3323 καὶ
1528 3270 1832 3341 δυναμένης
1854 3269 1988 3341 πρὸς

401 3366 501 3435 τὴν
542 3363 655 3416 ἄνω
697 3365 925 3435 ἀόρατον
976 3365 1072 3417 καὶ
1114 3363 1557 3433 ἀκατονόμαστον
1602 3361 1984 3430 ἀγωνίζεσθαι,

402 3456 647 3525 ἀντέχειν
685 3474 744 3508 τε
785 3457 878 3509 καὶ
914 3456 1180 3527 μηδέποτε
1219 3453 1478 3507 δύνασθαι
1508 3452 1889 3507 καταλύεσθαι.

2090 1894 2222 1959 sint,
2257 1893 2374 1949 ﬁeri
2410 1897 2630 1965 penitus
2665 1911 2773 1951 non
2800 1904 2979 1969 potest
3006 1915 3020 1964 ;
3046 1897 3141 1952 sed
3169 1911 3272 1952 nec
3302 1912 3470 1951 unum
3494 1904 3672 1966 potest

2089 1984 2160 2039 ab
2193 1985 2362 2040 altero
2394 1985 2632 2043 dilferre.
2658 1985 2715 2041 Si
2749 1987 2895 2043 enim
2922 1987 3206 2055 diﬂ‘erunt,
3232 1988 3342 2045 duo
3366 1988 3478 2043 sint
3507 2003 3674 2060 opor-

2088 2082 2191 2129 tet.
2224 2074 2343 2130 Duo
2365 2092 2493 2133 vero
2521 2079 2566 2132 si
2596 2086 2973 2143 numerentur,
3017 2080 3350 2151 singularem
3380 2094 3670 2137 numerum

2088 2168 2378 2223 excedunt.
2413 2170 2548 2224 Cum
2582 2181 2759 2226 autem
2785 2172 2984 2227 unicus
3013 2172 3116 2228 iste
3151 2187 3215 2227 ac
3236 2172 3448 2244 primus
3476 2189 3670 2228 nume-

2087 2274 2182 2315 rus
2216 2270 2513 2330 quaeratur,
2554 2263 2712 2333 301
2736 2264 2849 2319 duo
2885 2265 2975 2319 illa
3003 2264 3273 2336 principia
3323 2265 3419 2320 uni
3480 2280 3544 2321 ac
3576 2281 3673 2320 su-

2088 2368 2275 2421 premo
2309 2354 2692 2423 subjicientur,
2722 2372 2751 2409 a
2787 2373 2898 2427 quo
2936 2359 3083 2413 velut
3123 2372 3153 2411 a
3187 2372 3358 2412 causa
3394 2356 3510 2412 duo
3535 2357 3667 2412 reli-

2088 2459 2195 2514 qua
2220 2446 2512 2515 pendeant.
2541 2445 2729 2517 Neque
2744 2452 2889 2503 enim
2927 2449 3037 2504 duo
3055 2450 3145 2503 illa
3179 2457 3303 2518 post
3338 2448 3670 2519 singularem

2088 2552 2397 2601 numerum,
2435 2549 2596 2609 atque
2648 2541 2873 2595 unicum
2925 2541 3276 2611 primumque
3332 2541 3665 2611 principium

2087 2628 2174 2682 sui
2202 2642 2325 2683 esse
2361 2643 2527 2683 causa
2559 2640 2789 2699 possunt
2817 2631 3088 2700 ipsorum,
3116 2646 3241 2685 cum
3272 2631 3567 2701 singularis
3606 2645 3671 2685 ac

2090 2734 2380 2788 supremus
2400 2720 2759 2776 nihilominus
2794 2737 3057 2776 numerus
3103 2722 3434 2792 inquiratur.
3466 2719 3667 2791 Finga-

2089 2812 2381 2865 musenim
2415 2810 2686 2881 ejusmodi
2744 2829 2873 2869 esse
2922 2814 3032 2868 duo
3063 2823 3125 2866 ut
3180 2814 3325 2868 inter
3376 2828 3498 2869 sese
3539 2828 3671 2867 con-

2088 2903 2348 2963 sentiant,
2372 2917 2436 2956 ac
2467 2905 2832 2959 communiter
2863 2904 3157 2988 gaudeant.
3197 2905 3413 2974 sibique
3440 2918 3673 2958 consen-

2088 3001 2247 3048 tanea
2301 2994 2413 3048 sint
2442 2994 2708 3049 invicem:
2739 2996 2813 3048 ita
2853 3004 2911 3049 ut
2942 3010 3051 3049 uno
3090 2996 3306 3049 volente
3346 3010 3411 3048 ac
3460 2995 3666 3049 libente

2090 3085 2363 3141 adhtercat
2401 3088 2630 3142 alterum
2665 3106 2680 3153 ;
2723 3089 2977 3158 etipsum
3018 3104 3237 3158 quoque
3268 3088 3496 3143 alterius
3539 3102 3673 3140 con-

2092 3180 2375 3247 junctione
2420 3179 2757 3242 delectetur,
2802 3195 3051 3249 quaenam
3112 3197 3233 3236 esse
3288 3188 3466 3251 potest
3531 3180 3679 3233 inter

2099 3279 2389 3340 utrumque
2434 3271 2748 3325 dissensio?
2810 3272 2905 3325 Sin
2950 3280 3142 3324 mttttto
3186 3272 3558 3335 reluctantur,
3609 3284 3676 3325 ac

2098 3364 2198 3418 sibi
2223 3365 2506 3433 :cqualiter
2542 3364 2830 3427 resistunt,
2892 3379 3001 3418 non
3038 3365 3234 3434 poterit
3267 3363 3541 3427 Christus,
3573 3362 3671 3433 qui

2094 3455 2408 3524 adjalterum
2423 3455 2877 3525 exstinguendum
2895 3455 3151 3517 accessit.
3171 3455 3513 3526 tyrannicum
3554 3454 3678 3523 ejus

404 3547 744 3600 dominatum
776 3558 1054 3602 evertere:
1082 3555 1269 3616 utpote
1304 3548 1451 3617 quod
1480 3547 1684 3601 acriter
1708 3547 1962 3609 obsistat,
1997 3553 2053 3599 et
2112 3547 2382 3603 adversus
2429 3563 2745 3618 supremum
2797 3548 2951 3613 illud,
3010 3545 3155 3618 quod
3200 3562 3300 3601 nec
3347 3544 3538 3611 videri,
3573 3561 3675 3602 nec

406 3643 680 3699 nominari
715 3652 915 3714 potest,
976 3644 1057 3697 sic
1105 3650 1327 3714 pugnet,
1357 3657 1422 3696 ac
1448 3641 1773 3712 refragetur,
1812 3641 1960 3695 nulla
1991 3651 2049 3696 ut
2071 3642 2125 3697 vi
2146 3642 2306 3712 dejici
2325 3657 2447 3698 sese
2479 3642 2736 3713 patiatur.

471 3740 545 3794 I".
591 3741 753 3809 Λέγει
798 3740 855 3793 δὲ
896 3740 923 3792 6
973 3738 1181 3810 ἠλίθιος
1226 3739 1321 3791 καὶ
1367 3738 1457 3792 τὸν
1499 3738 1662 3808 νόμον
1720 3737 1816 3791 καὶ
1861 3737 1991 3800 τοὺς

403 3834 687 3903 προφήτας
720 3832 819 3901 τῆς
853 3830 1063 3900 φαύλης
1098 3831 1192 3882 καὶ
1226 3828 1471 3891 ἐναντίας
1510 3822 1647 3881 εἶναι
1677 3828 1869 3899 ἀρχῆς,
1899 3828 1991 3880 τὸν

402 3923 459 3980 δὲ
490 3923 719 3995 Χριστὸν
752 3923 850 3993 τῆς
898 3921 1128 3991 ἀγαθῆς.
1179 3920 1349 3975 Πόθεν
1393 3916 1487 3974 οὖν
1529 3919 1579 3972 οἱ
1621 3921 1893 3991 προφῆται
1924 3920 1992 3973 τά

404 4017 485 4078 είς
514 4016 746 4087 Χριστὸν
772 4014 1135 4084 τετυπωμένα
1175 4012 1661 4084 προανεφώνησαν,
1701 4013 1748 4065 εί
1784 4013 1858 4083 μὴ
1892 4012 1990 4081 μία

406 4102 475 4180 ἦν
510 4108 604 4161 καί
643 4110 676 4178 ἡ
725 4107 863 4178 αὑτὴ
905 4106 1152 4176 δύναμις,
1200 4107 1233 4176 ἡ
1270 4104 1551 4175 λαλήσασα
1596 4106 1654 4156 ὲν
1698 4103 1848 4173 νόμῳ
1896 4104 1991 4156 καὶ

408 4200 468 4252 ὲν
520 4201 825 4271 προφήταις
871 4199 964 4251 καὶ
1006 4196 1388 4265 Εὐαγγελίοις;
1439 4194 1691 4266 καθάπερ
1719 4193 1895 4261 λέγει·
1938 4192 1993 4244 Ὁ

408 4291 616 4346 λαλῶν·
656 4292 725 4344 ἐν
768 4289 895 4356 τοῖς
927 4292 1259 4357 προφήταις
1308 4286 1437 4341 ἰδοὺ
1478 4285 1735 4354 πάρειμι,
1786 4285 1881 4338 καὶ
1927 4283 1995 4337 τά

409 4384 558 4452 ἑξῆς.
591 4382 759 4435 Πόθεν
795 4382 852 4435 δὲ
895 4381 988 4434 καὶ
1019 4383 1046 4433 6
1080 4378 1281 4450 Κύριος
1310 4380 1366 4430 ὲν
1403 4376 1481 4447 τῷ
1511 4375 1824 4445 Εὑαγγελίῳ
1860 4391 1995 4445 προ-

2168 3736 2257 3791 ιιι.
2298 3737 2456 3803 Quod
2513 3746 2694 3793 autem
2736 3737 2966 3791 insanus
3014 3736 3104 3790 ille
3154 3748 3323 3805 legem
3353 3750 3413 3788 ac
3443 3748 3676 3804 pr0pne-

2096 3841 2183 3887 tas
2226 3830 2501 3885 existimat
2543 3846 2574 3885 a
2617 3830 2874 3884 deteriori
2912 3844 2977 3882 ac
3007 3829 3293 3883 contrario
3325 3843 3446 3882 esse
3471 3828 3677 3896 princi-

2098 3923 2210 3993 pio,
2246 3937 2277 3974 a
2310 3921 2534 3976 meliore
2584 3937 2715 3975 vero
2766 3921 3080 3985 Christum;
3144 3920 3187 3972 si
3237 3919 3289 3971 id
3338 3934 3525 3972 rerum
3569 3927 3674 3981 est,

2060 4014 2373 4093 .quomodo
2425 4030 2549 4084 quae
2607 4014 2675 4067 ad
2724 4012 3023 4067 Christum-
3059 4011 3360 4063 attinebant
3403 4012 3680 4080 prapltelie

2094 4106 2261 4159 certis
2301 4104 2600 4175 ﬁgurarum
2640 4104 2938 4158 involucris
2975 4096 3188 4156 obtecta
3217 4102 3491 4154 vaticinati
3525 4109 3675 4165 sunt,

2099 4194 2207 4249 nisi
2248 4210 2355 4247 una
2401 4193 2704 4262 eademque
2744 4194 2825 4246 vis
2874 4200 3039 4255 esset,
3080 4204 3206 4260 quae
3240 4194 3291 4244 in
3328 4190 3441 4259 lege
3476 4192 3677 4259 pariter

2101 4301 2167 4341 ac
2210 4285 2523 4357 prophetis,
2575 4294 2739 4354 atque
2771 4281 3079 4352 Evangeliis
3114 4283 3295 4335 locuta
3325 4282 3434 4335 sit?
3472 4282 3673 4346 Quem-

2100 4379 2393 4434 admodum
2450 4376 2625 4431 dicit:
2659 4375 2763 4441 Qui
2816 4376 3171 4456 toqueburpin
3215 4373 3477 4441 prophetis
3505 4412 3519 4435 ,
3563 4389 3677 4426 ecce

410 4475 674 4545 ανεφώνει
697 4514 712 4536 ,
775 4474 948 4542 λέγων
972 4491 985 4503 ·
1035 4474 1104 4525 El
1159 4470 1407 4524 Μωϋσεῖ
1458 4469 1834 4531 ἐπιστεύετε,
1897 4467 1991 4520 καὶ

2101 4470 2291 4524 adsum
2321 4469 2371 4534 ’⁵,
2411 4477 2519 4524 etc.
2568 4466 2840 4523 Praeterea
2884 4483 2980 4521 cur
3010 4466 3274 4521 Dominus
3304 4466 3357 4518 in
3387 4463 3679 4533 Evangelio

408 4568 536 4639 ἐμοὶ
566 4566 643 4622 ἂν
667 4568 1013 4621 ἐπιστεύετε
1032 4578 1046 4594 ⁸
1077 4564 1305 4629 ἐκεῖνος
1333 4565 1444 4632 γὰρ
1472 4561 1604 4631 περὶ
1647 4560 1792 4629 ἐμοῦ
1826 4560 1997 4630 Enca-

407 4662 527 4729 ψε;
567 4659 672 4714 Καὶ
718 4658 890 4713 πολλά
946 4675 1036 4728 μοι
1091 4656 1205 4709 ἔστι
1257 4657 1387 4726 περὶ
1432 4652 1746 4725 μαρτυριῶν
1791 4652 1991 4720 λέγειν,

409 4751 593 4816 καθὼς
651 4751 976 4821 συναγείρας
1029 4748 1224 4819 σχολὴν
1278 4745 1458 4817 ἐαυτῷ
1510 4745 1764 4815 ἐποίησεν
1814 4746 1842 4796 6
1902 4744 1997 4796 ἐπὶ

413 4845 798 4915 συγκυρήματι
838 4841 1059 4912 πονηρῷ
1100 4840 1178 4911 τῷ
1216 4839 1405 4909 κόσμῳ
1439 4837 1863 4908 ὲπιϐλαστήσας,
1904 4835 1999 4889 καὶ

413 4933 693 5003 πλανήσας
734 4932 859 4996 τοὺς
893 4933 984 4985 ὑπ’
1026 4929 1188 4984 αὐτοῦ
1224 4927 1691 4997 πεπλανημένους.
1729 4924 1999 4997 Παρελεύ-

416 5042 581 5095 σομαι
620 5025 677 5078 δὲ
727 5025 822 5078 καὶ
862 5023 1085 5093 ταύτην,
1112 5022 1243 5075 ὡσεὶ
1289 5020 1533 5091 μέμυκος
1565 5020 1586 5050 ³
1614 5019 1709 5072 καὶ
1745 5035 2001 5088 πεμφρη-

413 5116 561 5180 δόνος
599 5116 710 5186 (61)
754 5115 862 5169 τῶν
907 5116 1230 5168 όδυνοποιῶν
1277 5116 1341 5167 ἐκ
1395 5112 1658 5164 πετεινῶν
1714 5108 1999 5163 κνωδάλων

488 5254 505 5284 ι
532 5251 594 5307 F.
628 5253 684 5323 ἦ.
761 5252 783 5282 ¹
810 5250 944 5306 Cum
968 5250 1392 5321 interrogatione
1418 5250 1518 5320 leg.
1554 5248 1909 5320 ἀμφοτέρως
1980 5246 1991 5278 ³

2094 5290 2101 5303 .
2132 5250 2441 5320 μύρμηκος.

487 5368 598 5436 (61)
646 5366 806 5421 Ὠσεὶ
847 5368 1136 5436 μέμυκος,
1196 5366 1295 5418 καὶ
1342 5364 1780 5436 πεμρρηδόνος.
1840 5361 1994 5436 Quod

418 5440 613 5494 insecti
642 5453 818 5507 genus
852 5435 935 5490 isit
978 5436 1158 5507 μέμυξ
1191 5435 1425 5490 viderint
1472 5437 1692 5489 eruditi.
1738 5435 2003 5507 Suspicor

417 5511 524 5578 leg.
559 5503 834 5578 βέρῖϐυκος
865 5524 878 5537 ο
914 5503 1064 5578 quod
1100 5507 1425 5578 vocabulum
1451 5522 1575 5578 cum
1604 5503 2005 5575 pemphredone

417 5524 524 5578 leg.
559 5524 834 5578 ρεμουκος
865 5524 878 5537 ⁸
954 5524 1059 5561 uou
1100 5524 1421 5561 vocanumut
1451 5524 1557 5558 cun

416 5578 708 5649 conjungit
740 5524 1011 5634 Nicander
1046 5576 1290 5646 Alexiph.
1321 5593 1373 5639 v,
1408 5576 1510 5630 185
1544 5594 1557 5629 :

423 5738 815 5809 Πεμφρηδὼν,
844 5737 1079 5808 σφῆκές
1118 5755 1179 5792 τε
1222 5665 1764 5803 καὶῡῗέἲὲἕῗόἐύκες
1803 5732 2002 5800 ὅρειαι.

2100 4561 2463 4633 pmdicaret?
2497 4558 2558 4614 Si
2588 4558 2761 4629 Moysi
2798 4558 3097 4622 crederetis,
3131 4557 3413 4611 crederetis
3446 4558 3678 4627 forsitan

2101 4665 2151 4710 et
2182 4654 2350 4709 mihi:
2382 4653 2445 4708 de
2471 4670 2553 4707 me
2576 4653 2714 4706 enim
2762 4652 2853 4705 ille
2895 4652 3107 4719 scripsit
3134 4652 3177 4705 ⁵.
3226 4650 3389 4705 Plura
3425 4651 3677 4720 equidem

2103 4747 2171 4802 de
2197 4746 2471 4816 ejusmodi
2502 4744 2833 4800 testimoniis
2860 4744 2915 4798 in
2940 4744 3178 4798 medium
3211 4744 3406 4797 alTerre
3435 4756 3677 4812 possem,

2103 4839 2302 4910 quibus
2350 4836 2709 4893 accumulatis
2739 4836 2983 4890 scholam
3015 4835 3107 4890 ille
3139 4835 3243 4889 sibi
3274 4834 3549 4897 conflavit,
3584 4834 3678 4902 qui

2104 4930 2310 4986 infelici
2366 4929 2608 4999 quodam
2660 4928 2773 4983 fato
2822 4942 3167 4983 communem
3218 4926 3285 4979 ad
3325 4927 3473 4981 orbis
3506 4928 3682 4995 perni-

2104 5020 2242 5074 ciem
2274 5019 2528 5084 efﬂoruit,
2582 5035 2646 5074 ac
2674 5026 2973 5074 sectatores
3017 5033 3149 5072 suos
3191 5018 3244 5069 in
3284 5017 3528 5071 fraudem
3574 5017 3679 5068 im-

2106 5112 2263 5182 pulit.
2318 5112 2425 5166 Sed
2457 5114 2599 5167 hanc
2642 5128 2746 5183 ego
2788 5128 3006 5182 quoque
3050 5112 3482 5181 pnetermittam,
3536 5120 3681 5179 post-

2521 5249 2542 5280 ‘
2570 5247 2671 5305 lsa.
2712 5265 2806 5316 LII,
2833 5248 2886 5303 6.
2964 5249 2985 5279 ⁸
3012 5244 3164 5300 Joan.
3198 5262 3251 5307 v,
3287 5246 3376 5300 46.

2104 5362 2239 5417 Vide
2270 5363 2632 5417 Scholiastcn.
2664 5360 2766 5426 Qui
2802 5360 3050 5430 βέηϐυκα
3079 5359 3393 5430 σφηκοειδὲς
3426 5359 3680 5426 quiddam

2103 5450 2226 5487 esse
2254 5436 2407 5495 dicit,
2438 5434 2605 5504 μέλαν
2636 5434 2774 5485 κατὰ
2805 5433 2902 5502 τὴν
2930 5434 3140 5504 χροιὰν,
3170 5431 3379 5504 κέντρῳ
3405 5430 3684 5504 χρώμενον

2103 5505 2179 5566 ὡς
2202 5506 2249 5556 οἱ
2281 5500 2505 5573 σφῆκες.
2544 5502 2647 5557 Sed
2688 5510 2741 5573 et
2769 5500 2867 5573 τὴν
2913 5500 3240 5573 τενθρήνην,
3295 5502 3412 5573 sive
3461 5500 3685 5573 τενθρη-

2102 5574 2230 5626 δόνα
2268 5591 2295 5624 a
2328 5570 2623 5630 nonnullis
2672 5570 2920 5644 βέμϐυκα
2966 5570 3168 5626 vocari.
3197 5570 3322 5625 Hac
3372 5570 3685 5640 Stephanus

2106 5644 2160 5699 in
2191 5645 2473 5700 Thesauro.
