4156 6358
410 267 514 325 695
1829 264 1884 319 S.
1920 264 2278 326 EPIPHANII,
3568 267 3674 324 6'15

411 404 575 458 quam
622 401 741 441 eam
790 384 1053 454 iuemycis
1103 384 1416 453 cujusdam,
1456 399 1521 454 ap
1563 381 1987 454 pempliredouis

2125 385 2430 457 ρμωμένων
2481 385 2584 439 ὑπὸ
2631 387 2760 456 μίαν
2794 385 2950 456 θῆξιν
2978 385 3423 439 ἐκπετασθέντων
3459 386 3557 456 τὴν
3588 388 3677 440 ἀν-

413 477 584 549 (quod
642 490 817 544 vespae
861 491 1034 546 genus
1077 476 1180 544 est)
1232 477 1426 541 instar,
1466 491 1586 546 qua:
1615 481 1669 528 et
1695 473 1806 530 ictu
1837 477 1992 530 dolo-

415 586 528 624 rem
557 569 829 622 incutiunt
849 608 864 633 ,
889 576 942 621 et
963 583 1025 622 ex
1052 579 1412 638 pennatorum
1441 568 1773 624 insectorum
1796 583 1993 637 genere

417 669 568 724 sunt,
613 675 722 713 uno
755 667 1012 713 contactu
1044 660 1359 730 obtrituque
1392 661 1694 732 profligari,
1729 660 1993 717 eﬂicacis-

419 755 554 806 sima
586 750 676 806 Dei
711 751 814 805 ﬁde
845 767 906 805 ac
941 751 1169 806 salutari
1199 751 1418 806 Domini
1457 756 1631 808 nostri
1669 753 1800 809 Jesu
1844 753 1997 807 Chri-

419 845 792 916 sti‘doctrina
844 844 1134 910 subnixus,
1189 845 1284 916 qui
1325 845 1503 903 dixit:
1550 845 1727 900 Videte
1765 862 1827 899 ne
1856 845 1997 898 deci-

420 909 642 1005 piainini
687 935 728 990 ¹.
783 934 945 989 Multi
1008 909 1146 988 enim
1207 909 1412 990 henient
1469 937 1993 1006 pseudoprophetaz‘.

421 1027 667 1097 Cumque
699 1035 751 1082 et
779 1027 1075 1098 Apostolus
1117 1027 1184 1083 de
1227 1029 1421 1083 iisdem
1465 1030 1742 1084 emcntitis
1769 1028 1998 1083 christis

422 1134 487 1172 ac
519 1119 816 1189 magistris,
875 1119 1136 1189 falsisque
1171 1118 1438 1173 fratribus
1468 1120 1683 1174 locutus
1717 1119 1995 1172 cautiores

421 1225 526 1266 nos
557 1209 878 1274 reddideiit,
917 1210 982 1264 ad
1011 1210 1272 1278 reliquas,
1308 1219 1469 1279 prout
1497 1211 1690 1264 ordine
1722 1227 1841 1266 sese
1871 1210 2000 1264 olfe—

423 1308 574 1366 runt,
606 1299 989 1357 transferenda
1020 1301 1180 1355 nobis
1207 1309 1292 1356 est
1315 1301 1513 1354 oratio.

697 1431 1142 1506 302CONTRA
1190 1432 1722 1497 MARCIONISTAS,

637 1547 770 1613 Qua:
828 1556 904 1600 est
965 1546 1180 1602 hazrest's
1245 1543 1422 1598 XXII
1471 1545 1549 1599 vel
1602 1544 1787 1600 XLII.

497 1657 539 1712 Ι.
583 1657 849 1721 Marcion,
898 1673 928 1712 a
959 1673 1068 1729 quo
1114 1655 1481 1711 Marcionistae
1538 1657 1804 1710 nominati
1853 1665 2003 1719 sunt,

2094 477 2294 530 ἀλωσιν
2329 477 2692 547 ποιησάμενος
2719 477 2808 530 διὰ
2849 478 2949 546 τῆς
2987 476 3078 529 τοῦ
3118 475 3252 528 Θεοῦ
3281 477 3676 547 ἐνεργεστὰτης

2095 569 2330 630 πίστεώς
2357 588 2415 622 τε
2451 573 2544 624 καὶ
2576 570 2948 640 σωτηριώδους
2973 570 3319 632 διδασκαλίας
3347 569 3440 622 τοῦ
3471 571 3678 639 Κυρίου

2097 662 2254 732 ήμῶν
2293 661 2466 732 Ἰησοῦ
2529 661 2798 732 Χριστοῦ,
2849 661 2940 714 τοῦ
2984 661 3258 724 εἰπόντος’
3294 660 3558 713 Βλέπετε
3589 659 3676 728 μὴ

2096 753 2464 822 πλανηθῆτε.
2511 753 2736 806 Πολλοὶ
2791 753 2901 822 γὴρ
2951 753 3302 807 ἐλεύσονται
3346 751 3680 820 ψευδοπρο-

2098 847 2296 917 φῆται.
2331 847 2441 900 Καὶ
2471 845 2566 900 τοῦ
2610 845 2930 899 Ἀποστόλου
2965 847 3094 916 περὶ
3133 845 3240 897 τῶν
3271 845 3451 898 αὐτῶν
3487 843 3679 913 ψευδο-

2099 940 2353 1010 χρίστων,
2379 943 2470 991 καὶ
2495 937 3012 1007 ψευδοδιδασκάλων,
3044 936 3136 989 καὶ
3163 936 3541 1004 ψευδαδέλφων
3573 937 3678 1004 φή-

2103 1048 2315 1096 σαντος,
2342 1030 2435 1082 καὶ
2457 1032 2604 1100 ἡμᾶς
2623 1028 3086 1098 ἀσφαλισαμένου,
3118 1027 3210 1079 ἐπὶ
3237 1026 3335 1089 τὰς
3364 1026 3512 1095 ἑξῆς,
3542 1023 3682 1077 κατὰ

2101 1122 2198 1191 τὴν
2233 1120 2553 1175 ἀκολουθίαν
2585 1119 2986 1191 προϐαινόντων
3021 1121 3126 1171 τῶν
3163 1119 3354 1181 ἄλλων,
3387 1118 3683 1186 ποιήσομαι

2101 1214 2198 1282 τὴν
2227 1214 2519 1282 ὑφήγησιν.

2513 1436 2702 1488 ΚΑΤΑ
2738 1434 3283 1496 ΜΑΡΚΙΩΝΙΣΤΩΝ,

2103 1550 2364 1619 Εἰκοστὴ
2401 1549 2672 1618 δευτέρα,
2708 1552 2746 1619 ἡ
2787 1551 2885 1603 καὶ
2925 1546 3385 1616 τεσσαρακοστὴ
3419 1546 3687 1614 δευτέρα.

2180 1662 2258 1714 A’.
2295 1660 2579 1733 Μαρκίων,
2620 1660 2710 1728 ἀφ’
2743 1655 2912 1730 οὗπερ
2939 1657 3372 1729 Μαρκιωνισταὶ,
3403 1660 3466 1710 ὲκ
3501 1656 3700 1710 τούτου·

429 1765 460 1804 a
485 1751 731 1805 Cerdoue
757 1751 849 1805 illo
871 1751 996 1804 novi
1028 1750 1303 1819 dogmatis
1334 1750 1682 1803 occasionem
1714 1749 2005 1818 arripiens,

2120 1752 2203 1806 τοῦ
2237 1753 2633 1825 προειρημένου
2675 1752 2954 1824 mpsim;
2987 1752 3084 1820 τὴν
3117 1751 3389 1820 πρότασιν
3434 1747 3694 1818 εἰληφὼς,

432 1841 628 1910 ingens
660 1847 714 1894 et
739 1840 855 1908 ipse
882 1838 1108 1893 coluber
1136 1837 1191 1892 in
1227 1838 1413 1893 orbem
1450 1846 1719 1893 terrarum
1763 1838 2009 1893 invectus

430 1937 538 1984 est.
604 1927 706 1993 Qui
739 1928 950 1981 infinita
983 1928 1265 1984 hominum
1300 1928 1650 1983 multitudine
1691 1929 1857 1983 variis
1888 1930 2014 1980 arti-

431 2020 536 2076 bus
572 2020 640 2074 ad
690 2020 793 2074 hoc
841 2034 1018 2089 usque
1072 2029 1289 2090 tempus
1339 2020 1524 2085 illusa,
1574 2021 1760 2075 ludum
1805 2023 2012 2074 erroris

433 2113 668 2182 aperuit.
701 2113 881 2182 Atque
912 2114 1026 2167 haec
1060 2113 1287 2168 haeresis
1315 2113 1476 2170 hodie
1500 2131 1607 2169 nou
1639 2113 1801 2168 modo
1827 2113 2013 2169 Roma:

433 2212 489 2259 et
521 2205 574 2258 in
604 2203 758 2258 Italia
803 2207 1098 2276 reperitur,
1149 2208 1246 2263 sed
1276 2215 1331 2262 et
1358 2207 1654 2279 Aigyptum
1684 2224 1748 2262 ac
1777 2207 2014 2262 Paiwsti-

432 2312 584 2360 nam,
626 2314 727 2354 nec
772 2315 881 2354 non
946 2300 1201 2356 Arabiam
1256 2317 1321 2358 ac
1369 2301 1607 2374 Syriam,
1670 2304 1908 2374 Cyprum
1949 2320 2014 2360 ac

433 2387 792 2456 Thebaidem,
836 2391 949 2444 imo
987 2393 1150 2447 etiam
1185 2393 1489 2460 Persidem,
1543 2397 1788 2466 aliasque
1832 2399 2012 2467 regio-

433 2497 534 2536 nes
587 2483 745 2552 longe
797 2491 883 2538 est
914 2485 1132 2556 lateque
1176 2497 1484 2558 pervagata.
1536 2490 1748 2555 Quibus
1791 2492 1844 2545 in
1879 2492 2015 2546 locis

435 2573 730 2644 plurimum
776 2575 1152 2645 nequissimus
1199 2579 1412 2636 daemon
1449 2582 1745 2638 calliditate
1802 2598 1901 2637 sua
1953 2599 2016 2638 ac

436 2665 810 2719 fraudulentia
845 2668 1100 2737 profecit.

509 2774 632 2830 Fuit
663 2777 765 2832 iste
801 2793 997 2849 genere
1023 2778 1306 2844 Ponticus,
1355 2799 1418 2837 ex
1453 2799 1516 2838 ea
1561 2794 1712 2854 parte
1751 2803 1871 2856 qure
1917 2785 2020 2839 lle-

436 2867 768 2937 ?enopontus
803 2870 1027 2931 dicitur,
1061 2873 1264 2942 oppido
1303 2873 1526 2943 Sinope,
1559 2878 2015 2944 quemadmodum

439 2958 712 3028 frequenti
768 2961 836 3016 de
874 2977 940 3016 eo
987 2963 1126 3017 fama
1169 2966 1504 3034 percrebuit.
1557 2966 1661 3032 Qui
1711 2969 1864 3022 initio
1899 2971 2020 3022 vita:

441 3053 650 3108 scilicet
688 3057 994 3109 castitatem
1047 3073 1156 3126 prae
1187 3073 1246 3112 se
1282 3058 1466 3114 ferens
1510 3061 1907 3114 monachorum
1943 3062 2021 3115 in-

443 3144 632 3198 stituta
655 3143 937 3214 professus
963 3121 1066 3210 est,
1104 3156 1329 3216 parente
1353 3157 1514 3205 natus
1550 3151 1835 3207 catholicae
1870 3169 2021 3207 com-
2047 3121 2088 3178 ϐ

446 3238 726 3292 munionis
776 3240 1058 3309 episcopo.
1112 3239 1309 3296 Postea
1358 3257 1482 3295 cum
1539 3243 1802 3314 virginem
1835 3246 2022 3315 quani-

443 3327 567 3380 dam
623 3329 956 3392 adamasset,
994 3345 1059 3386 ac
1113 3331 1398 3388 fraudibus
1444 3335 1774 3403 pellexisset,
1822 3338 1891 3392 ab
1929 3355 2024 3403 spe

442 3419 571 3474 vita:
609 3420 854 3475 caelestis
891 3421 1039 3474 illam
1066 3421 1225 3490 juxta
1278 3439 1342 3477 ac
1387 3425 1744 3492 semetipsum
1793 3426 2014 3496 dejecit.

444 3509 528 3566 Ob
561 3513 706 3565 hunc
742 3513 910 3582 igitur
941 3515 1209 3568 incestum
1245 3514 1490 3570 Ecclesia
1529 3518 1598 3572 ab
1641 3519 1760 3588 ipso
1801 3529 2026 3589 parente

445 3604 640 3672 pulsus
681 3613 764 3660 est
787 3649 800 3670 ,
861 3607 975 3660 viro
1010 3607 1328 3676 comprimis
1370 3609 1649 3678 religioso,
1683 3626 1747 3665 ac
1780 3613 2024 3667 veritatis

448 3707 640 3749 amore
673 3693 1125 3766 ﬂagrantissimo,
1164 3710 1217 3752 et
1248 3697 1303 3750 in
1339 3697 1442 3752 hac
1477 3700 1804 3773 episcOpalis
1840 3721 2027 3757 mune-

445 3785 525 3839 ris
557 3784 1034 3841 administratione
1068 3789 1372 3856 prrestanti.
1405 3789 1502 3842 Cui
1544 3807 1667 3844 cum
1702 3791 1904 3848 Marcio
1932 3794 2026 3848 diu

448 3875 792 3944 multumque
828 3878 1222 3946 supplicasset,
1275 3893 1340 3932 ac
1395 3880 1774 3947 pmnitentiam
1835 3893 2026 3953 postu-

448 3966 657 4030 lasset,
726 3967 866 4021 ltanc
922 3983 950 4020 a
1004 3976 1158 4036 patre
1232 3969 1488 4038 precibus
1544 3972 1707 4027 nullis
1765 3973 2022 4031 obtinuit.

451 4057 840 4114 Vehementem
879 4061 1146 4130 siquidem
1193 4079 1261 4116 ex
1297 4078 1360 4117 ea
1402 4079 1459 4116 re
1501 4062 1744 4117 dolorem
1785 4066 2027 4135 optimtis

451 4166 618 4206 senex
667 4159 722 4206 et
764 4153 1058 4222 episcopus
1103 4163 1366 4222 coeperat,
1398 4155 1545 4225 quod
1585 4170 1691 4209 non
1724 4155 1816 4209 ille
1845 4158 2025 4211 solum

450 4242 784 4305 excidisset,
848 4241 944 4297 sed
997 4252 1052 4297 et
1105 4243 1462 4314 ignominiam
1515 4245 1618 4300 sibi
1673 4261 1738 4299 ac
1789 4245 2028 4302 dedecus

451 4331 830 4403 imposuisset.
885 4333 1027 4405 Ergo
1069 4336 1163 4390 ubi
1213 4353 1272 4392 se
1302 4338 1470 4393 nullis
1509 4338 1726 4392 artibus
1757 4339 2028 4393 eblandiri

450 4438 617 4492 posse
693 4424 838 4493 quod
902 4434 1126 4494 cuperet
1191 4428 1618 4490 animadvertit,
1677 4429 2024 4498 popularium

451 4532 675 4572 suorum
709 4517 905 4585 probra
940 4532 1005 4571 ac
1035 4518 1270 4573 ludibria
1306 4535 1416 4574 non
1453 4519 1756 4583 sustinens,
1787 4521 1928 4575 clam
1960 4521 2030 4575 ab

453 4605 654 4675 oppido
676 4607 922 4668 secessit,
955 4622 1019 4662 ac
1047 4606 1272 4661 Romam
1325 4618 1449 4679 post
1492 4607 1687 4680 Hygini
1724 4625 1875 4678 papa:
1921 4610 2032 4664 obi-

454 4705 568 4750 tum
622 4712 743 4750 sese
777 4697 1034 4760 contulit,
1069 4697 1218 4765 quia
1247 4697 1409 4754 Petro
1447 4697 1728 4768 Pauloque
1765 4697 2030 4767 apostolis

455 4802 636 4841 nonus
673 4784 932 4842 Ecclesia:
982 4787 1292 4857 praefuerat.
1339 4789 1415 4843 Eo
1463 4790 1649 4844 statim
1682 4805 1746 4844 ac
1788 4790 2030 4844 Marcion

455 4879 703 4948 pervenit
755 4876 822 4931 ad
875 4879 1123 4934 seniores
1172 4879 1384 4945 adiens,
1429 4879 1524 4950 qui
1557 4880 1626 4934 ab
1657 4881 2030 4948 apostolorum

453 4970 740 5037 discipulis
781 4971 957 5024 edocti
1005 4970 1187 5024 adhuc
1227 4981 1569 5040 supererant,
1608 4980 1666 5026 ut
1700 4973 1756 5025 in
1785 4987 2031 5026 commu-

463 5060 684 5114 nionem
732 5058 1108 5114 admitteretur
1149 5061 1218 5115 ab
1260 5061 1328 5116 iis
1374 5061 1578 5116 frustra
1617 5062 1790 5132 petiit.
1825 5062 2031 5128 Quam-

452 5151 642 5206 obrem
671 5153 1057 5208 exstimulatus
1086 5152 1289 5207 invidia
1311 5197 1325 5221 ,
1376 5154 1526 5222 quod
1564 5170 1676 5209 non
1728 5155 2031 5225 principem

529 5306 544 5335 ³
578 5305 710 5360 Luc.
746 5321 862 5370 xxx,
888 5306 942 5362 8.
1017 5309 1038 5340 ²
1068 5306 1233 5363 Marc.
1266 5325 1382 5374 xui,
1410 5307 1501 5363 22.

498 5480 642 5560 ,(62)
681 5477 970 5560 Οὗτος-ζό
1001 5484 1196 5560 γένος.
1233 5486 1493 5560 Ponticus
1523 5503 1720 5558 genere
1769 5487 1867 5560 fuit
1900 5489 2039 5560 Mar.

461 5555 584 5620 cion
615 5569 650 5620 g7
685 5569 845 5620 quem
879 5555 999 5608 ideo
1043 5557 1302 5611 Ποντικὸν
1353 5555 1716 5612 λύκον’νοοειι
1770 5557 2037 5613 Eusebius

465 5617 502 5668 l.
541 5635 572 5696 _v
606 5617 768 5699 "ish,
820 5638 868 5675 c.
910 5625 985 5699 ﬁ?
1024 5625 1126 5699 hoc
1180 5637 1270 5699 est
1312 5627 1592 5699 Ponticum
1652 5629 1850 5699 lupum.
1901 5626 2037 5699 Male

465 5692 609 5742 enim
645 5692 911 5762 interpres
944 5692 1222 5750 Ponticum
1255 5697 1448 5765 lycum.
1479 5692 1716 5770 Scripsit
1742 5706 1922 5754 autem
1950 5697 2037 5751 ad-

2115 1847 2209 1900 καὶ
2237 1846 2399 1909 αὐτὸς
2429 1846 2603 1916 μέγας
2631 1845 2754 1915 δφις
2783 1844 3021 1914 προῆλθε
3050 1843 3126 1912 τῷ
3157 1842 3274 1912 βίῳ.
3309 1842 3450 1896 Πολὺ
3477 1842 3533 1894 δὲ
3558 1840 3692 1910 πλῆ-

2114 1936 2204 2000 θος
2243 1937 2587 2006 ἐξαπατήσας
2634 1936 2714 1989 ἔτι
2761 1939 2840 1998 είς
2877 1934 3035 2006 δεῦρο
3077 1938 3156 1997 εἰς
3197 1933 3422 1995 πολλοὺς
3461 1932 3697 2000 τρόπους

2115 2029 2488 2098 προεστήσατο
2516 2026 2903 2079 διδασκαλεῖον.
2939 2026 3002 2077 Ἦ
3025 2025 3082 2077 δὲ
3110 2025 3319 2095 αἵρεσις
3348 2022 3426 2074 ἔτι
3456 2023 3550 2074 καὶ
3577 2020 3695 2082 νῦν,

2115 2118 2172 2171 ἐν
2195 2136 2253 2170 τε
2294 2117 2480 2188 Ῥώμῃ
2523 2119 2616 2171 καὶ⁵
2655 2121 2712 2170 ὲν
2753 2121 2817 2188 τῇ
2862 2117 3081 2187 Ἰταλίᾳ,
3107 2117 3164 2169 ὲν
3197 2115 3456 2184 Αἰγύπτῳ
3489 2132 3550 2166 τε
3603 2112 3699 2166 καὶ

2116 2213 2173 2262 ἐν
2203 2209 2552 2280 Παλαιστίνῃ,
2601 2211 2658 2261 ἐν
2701 2208 2929 2279 Ἀραϐίᾳ
2965 2225 3024 2260 τε
3063 2207 3160 2260 καὶ
3212 2209 3268 2258 ὲν
3311 2209 3377 2276 τῇ
3418 2206 3604 2276 Συρίᾳ,
3638 2207 3698 2258 ἐν

2117 2302 2326 2374 Κύπρῳ
2360 2319 2416 2354 τε
2455 2302 2549 2354 καὶ
2578 2301 2823 2372 Θηϐαΐδι,
2854 2301 2914 2352 οὑ
2949 2301 3054 2372 μὴν
3085 2300 3219 2354 ἀλλά
3251 2300 3343 2353 καὶ
3384 2302 3440 2351 ἐν
3478 2301 3542 2368 τῇ
3569 2299 3702 2367 Περ-

2089 2449 2092 2454 ,
2120 2395 2242 2455 σίδι,
2271 2395 2363 2446 καὶ
2393 2397 2450 2446 ὲν
2481 2393 2660 2455 ἄλλοις
2702 2393 2886 2456 τόποις
2914 2393 3246 2463 εὑρίσκεται.
3293 2391 3561 2459 Μεγάλως
3591 2389 3700 2460 γὰρ

2119 2489 2147 2537 ὁ
2181 2487 2410 2557 πονηρὸς
2444 2488 2500 2537 ἐν
2535 2487 2724 2546 αὑταῖς
2757 2485 3051 2555 κατίσχυσε
3085 2484 3182 2554 τὴν
3213 2484 3428 2555 ἀπάτην

2189 2766 2358 2836 Οὗτος
2406 2773 2465 2824 τὸ
2516 2771 2670 2840 γένος
2720 2770 2832 2840 (6‘2)
2876 2767 3136 2830 Ποντικὸς
3191 2767 3454 2836 ὑπῆρχεν,
3495 2763 3703 2816 Ἕλενο-

2123 2867 2319 2918 πόντου
2351 2865 2408 2917 δέ
2437 2881 2601 2934 φημι,
2634 2861 2879 2932 Σινώπης
2914 2861 2970 2913 δὲ
3012 2860 3238 2922 πόλεως,
3269 2858 3343 2920 ὡς
3372 2857 3536 2918 πολὺς
3573 2855 3706 2926 περὶ

2123 2958 2287 3012 αὐτοῦ
2318 2959 2502 3029 ᾅδεται
2532 2956 2707 3024 λόγος.
2737 2955 2839 3008 Τὸν
2883 2955 2938 3006 δὲ
2983 2952 3196 3023 πρῶτον
3229 2949 3392 3003 αὐτοῦ
3421 2949 3531 3018 βίον
3560 2965 3696 3016 παρ-

2123 3053 2302 3105 θενίαν
2329 3051 2489 3121 δῆθεν
2534 3051 2725 3120 ήσκει·
2763 3047 3007 3116 μονάζων
3052 3044 3161 3116 γὰρ
3202 3043 3434 3114 ὑπῆρχε,
3464 3041 3558 3092 καὶ
3592 3039 3704 3100 υίὸς

2125 3143 2424 3198 ἐπισκόπου
2474 3139 2571 3210 τῆς
2621 3137 2894 3209 ἡμετέρας
2947 3136 3106 3204 ἁγίας
3151 3133 3439 3203 καθολικῆς
3475 3131 3707 3198 Ἐκκλη-

2127 3237 2266 3298 σίας.
2315 3234 2522 3304 Χρόνου
2569 3233 2625 3284 δὲ
2669 3231 2946 3301 προϊόντος
2991 3227 3415 3298 προσφθείρεται
3458 3224 3713 3295 παρθένῳ

2124 3329 2251 3393 τινὶ,
2289 3327 2382 3380 καὶ
2410 3325 2758 3394 ἐξαπατήσας
2789 3323 2888 3394 τὴν
2925 3322 3212 3392 παρθένον,
3244 3321 3351 3372 ἀπο
3376 3319 3474 3389 τῆς
3497 3317 3711 3378 ἐλπίδος

2127 3421 2298 3492 αὑτήν
2341 3435 2401 3471 τε
2445 3419 2539 3470 καὶ
2584 3419 2772 3470 ἑαυτὸν
2825 3415 3168 3467 κατέσπασε⁶
3225 3413 3319 3466 καὶ
3357 3412 3455 3482 τὴν
3504 3409 3710 3479 φθορὰν

2126 3509 2615 3581 ἀπεργασάμενος,
2667 3504 2911 3568 ὲξεοῠται
2953 3505 3051 3573 τῆς
3093 3501 3415 3570 Ἐκκλησίας
3465 3499 3569 3552 ὑπὸ
3615 3498 3714 3550 τοῦ

2131 3603 2260 3656 ἰδίου
2293 3600 2518 3672 πατρός.
2557 3594 2666 3651 Ἦν
2700 3598 2809 3667 γὰρ
2847 3596 3010 3650 αὑτοῦ
3042 3599 3068 3647 ό
3097 3595 3280 3664 πατὴρ
3311 3595 3376 3644 δι’
3407 3592 3714 3663 ὑπερϐολὴν

2128 3690 2413 3753 εὐλαϐείας
2445 3690 2551 3742 τῶν
2583 3686 2874 3756 διαφανῶν,
2925 3686 3020 3738 καὶ
3068 3685 3273 3755 σφόδρα
3317 3685 3414 3751 τῆς
3457 3683 3714 3752 ἀληθείας

2127 3775 2555 3849 ἐπιμελομένων,
2579 3773 2892 3843 διαπρέπων
2932 3775 2989 3824 ἐν
3026 3775 3092 3842 τῇ
3137 3771 3236 3838 τῆς
3279 3771 3582 3839 ἐπισκοπῆς
3608 3770 3717 3822 λει-

2128 3867 2375 3940 τουργίᾳ.
2408 3865 2584 3919 Πολλά
2613 3865 2771 3935 δῆθεν
2800 3868 2828 3917 ό
2865 3865 3133 3934 Μαρκίων
3176 3862 3588 3925 καθικετεύσας,
3624 3863 3716 3914 καὶ

2128 3964 2359 4034 αἰτήσας
2394 3960 2704 4031 μετάνοιαν,
2735 3959 2834 4012 οὐκ
2881 3957 3072 4028 εἴληφε
3119 3957 3268 4026 παρὰ
3310 3957 3401 4009 τοῦ
3449 3957 3576 4008 ἰδίου
3612 3974 3714 4010 πα-

2131 4055 2275 4126 τρός.
2331 4053 2497 4115 Πόνος
2546 4051 2655 4122 γὰρ
2700 4045 2813 4120 εἶχε
2869 4050 2960 4102 τὸν
3001 4049 3276 4116 ἀξιόλογον
3331 4050 3562 4120 γέροντα
3621 4049 3716 4100 καὶ

2131 4147 2446 4206 ἐπίσκοπον,
2480 4145 2560 4196 δτι
2605 4144 2666 4194 οὐ
2717 4142 2876 4211 μόνον
2923 4141 3177 4206 ἐξέπεσεν
3222 4140 3449 4203 ἐκεῖνος,
3479 4139 3593 4193 ἀλλ’
3633 4141 3716 4194 ὅτι

2133 4237 2226 4290 καὶ
2274 4233 2420 4304 αὐτῷ
2452 4233 2513 4285 τὸ
2561 4228 2748 4302 αἶσχος
2799 4231 3012 4301 ἔφερεν.
3057 4231 3144 4293 Ὠς
3190 4231 3368 4284 τοίνυν
3411 4233 3510 4284 οὐκ
3558 4232 3717 4302 ἔτυχε

2133 4329 2257 4398 παρ’
2286 4324 2450 4378 αὐτοῦ
2499 4323 2585 4376 διὰ⁹
2619 4324 2718 4393 τῆς
2766 4322 3056 4385 κολακείας
3085 4316 3160 4374 ὧν
3196 4320 3392 4388 ἐδέετο,
3427 4322 3500 4392 μὴ
3535 4323 3718 4392 φέρων

2134 4419 2229 4491 τὴν
2256 4419 2363 4472 ἀπὸ
2402 4417 2510 4471 τῶν
2554 4416 2766 4470 πολλῶν
2800 4415 3018 4486 χλεύην,
3069 4415 3456 4486 ἀποδιδράσκει
3492 4416 3592 4485 τῆς
3622 4416 3719 4469 πό-

2063 4482 2104 4536 D
2134 4512 2270 4573 λεως
2300 4511 2400 4580 τῆς
2428 4510 2618 4580 αὐτῆς,
2645 4508 2739 4562 καὶ
2768 4509 2972 4563 ἄνεισιν
3013 4509 3095 4572 εἰς
3137 4508 3234 4579 τὴν
3274 4507 3488 4580 Ῥώμην
3525 4508 3718 4580 αὐτὴν,

2140 4601 2275 4672 μετὰ
2313 4601 2373 4652 τὸ
2413 4600 2732 4670 τελευτῆσαι
2769 4600 2980 4668 ’Υγίνον
3022 4600 3113 4652 τὸν
3147 4600 3442 4653 ἐπίσκοπον
3475 4599 3717 4670 Ῥώμης.

2137 4689 2306 4756 υῦτος
2330 4693 2387 4745 δὲ
2419 4691 2606 4753 ἔνατος
2629 4687 2696 4762 ἦν
2727 4691 2833 4744 ἀπὸ
2861 4692 3064 4762 Πέτρου
3093 4693 3186 4745 καὶ
3215 4691 3427 4745 Παύλου
3454 4691 3560 4744 τῶν
3586 4693 3722 4744 ἀπο-

2141 4787 2369 4839 στόλωνο
2399 4785 2492 4838 καὶ
2541 4789 2655 4849 τοῖς
2694 4785 2773 4837 ἔτι
2823 4785 3154 4856 πρεσϐύταις
3177 4784 3443 4857 περιοῦσι,
3485 4785 3579 4838 καὶ
3613 4785 3722 4838 ἀπὸ

2137 4880 2244 4932 τῶν
2296 4878 2553 4951 μαθητῶν
2608 4879 2716 4932 τῶν
2761 4879 3071 4934 ἀποστόλων
3122 4878 3466 4950 ὁρμωμένοις
3512 4879 3722 4948 συμϐα-

2138 4970 2266 5034 λὼν,
2317 4972 2434 5041 ᾔτει
2490 4969 2852 5040 συναχθῆναι,
2895 4969 2987 5023 καὶ
3028 4969 3203 5033 οὐδεὶς
3245 4969 3394 5040 αὐτῷ
3453 4969 3722 5040 συγκεχώ-

2143 5080 2308 5134 ρηκε’
2339 5063 2485 5133 ζήλῳ
2511 5061 2695 5115 λοιπὸν
2740 5061 3018 5132 ἐπαρθεὶς,
3059 5061 3133 5124 ὡς
3173 5062 3274 5114 οὐκ
3321 5061 3587 5132 ἀπείληφε
3622 5062 3722 5125 τὴν

2145 5157 2433 5228 προεδρίαν
2464 5175 2520 5210 τε
2557 5157 2667 5227 (63)
2703 5158 2797 5209 καὶ
2828 5157 2926 5226 τήν
2959 5155 3194 5208 εἶσδυσιν
3235 5155 3334 5228 τῆς
3375 5155 3718 5227 Ἐκκλησίας,

2145 5503 2336 5542 versus
2361 5487 2650 5542 nefandum
2698 5490 2840 5544 hunc
2894 5491 3204 5545 haeretieum
3245 5509 3277 5544 ν
3312 5493 3479 5546 libros
3507 5489 3714 5544 Tertul.

2146 5557 2279 5681 tVide
2301 5574 2421 5627 quae
2447 5559 2513 5613 de
2537 5560 2656 5628 ejus
2685 5569 2928 5631 tempore
2950 5563 3016 5615 ad
3049 5563 3178 5615 haer.
3205 5578 3346 5624 xui,
3378 5579 3431 5615 ιι.
3454 5562 3503 5627 1,
3530 5564 3719 5631 dispu-

2171 5643 2348 5682 allIlIS.

2216 5699 2326 5767 (ϋῦ)
2359 5702 2454 5765 Ὠς
2499 5701 2610 5753 οὐκ
2653 5702 2961 5772 ἀπείληφε
2984 5701 3098 5771 τὴν
3125 5702 3444 5771 προεδρίαν
3471 5718 3557 5756 τε.
3580 5702 3720 5773 Προ-

4125 261 4156 608 ἰ

4151 573 4156 814 Ι
