4156 6358
485 339 588 391 637

1156 336 1526 392 ADVERSUS
1558 336 1897 392 "IERESES
1938 336 2063 391 LIB.
2108 341 2150 394 Ι.
2192 338 2356 395 ΤΟΜ.
2400 340 2487 396 lll.
2528 371 2597 380 —
2636 338 2913 394 HERES.
2959 337 3113 390 XLII.

3651 335 3760 391 698

488 457 693 508 ἐπινοεῖ
744 455 925 520 ἐαυτῷ
986 458 1080 511 καὶ
1126 458 1463 528 προσφεύγει
1506 461 1571 529 τῇ
1617 456 1711 511 τοῦ
1767 458 2079 520 ἁπατεῶνος

2187 460 2296 517 illic
2334 460 2538 525 locum,
2575 472 2641 513 ac
2673 474 2745 514 ne
2790 456 3048 511 Ecclesiae
3081 452 3303 524 quidem
3336 451 3543 505 aditum
3584 451 3760 522 impe-

487 547 772 618 Κέρδωνος
796 549 1028 619 αἱρέσει.

560 721 632 772 B’.
676 722 781 774 Καὶ
821 720 1069 792 ἄρχεται,
1102 723 1176 786 ὡς
1212 726 1407 787 εἰπεῖν,
1440 723 1500 788 ἐξ
1546 725 1716 791 αὐτῆς
1760 725 1861 795 τῆς
1901 724 2079 795 ἀρχῆς

488 814 582 864 καὶ
620 813 696 875 ὡς
733 813 841 865 ἀπὸ
887 814 1065 886 θυρῶν
1098 812 1208 867 τῶν
1250 812 1580 884 ζητημάτων
1620 813 1922 885 προτείνειν
1967 815 2079 875 τοῖς

487 905 608 957 κατ’
654 906 830 957 ἐκεῖνο
876 904 1069 976 καιροῦ
1112 905 1507 976 πρεσϐυτέροις
1552 905 1711 958 τοῦτο
1754 905 1815 958 τὸ
1858 904 2079 977 ζήτημα

485 996 684 1064 λέγων·
723 997 923 1049 Εἴπατέ
964 1015 1073 1067 μοι,
1114 997 1165 1049 τί
1213 1000 1328 1051 ἐστι
1365 997 1456 1062 τὸ,
1495 1000 1577 1051 Οὐ
1609 997 1965 1062 ,ϐάλλουσιν
1993 994 2078 1050 οἷ-

484 1106 597 1141 νον
627 1089 771 1141 νέον
813 1092 900 1153 εἱς
943 1088 1175 1154 ἀσκοὺς
1225 1089 1543 1154 παλαιοὺς,
1582 1088 1727 1141 οὐδὲ
1778 1089 2080 1157 ἐπίϐλημα

483 1188 711 1258 ῥάκους
745 1188 1022 1258 ἀγνάφου
1058 1189 1155 1241 ἐπὶ
1187 1189 1392 1257 ίματίῳ
1421 1186 1656 1252 παλαιῷ
1676 1203 1687 1214 ·
1722 1189 1775 1239 εὶ
1806 1186 1873 1238 δὲ
1899 1186 2076 1255 μήγε,

484 1281 585 1333 καὶ
628 1280 696 1333 τὸ
740 1279 1033 1347 πλήρωμα
1079 1279 1252 1347 αἴρει,
1292 1279 1390 1331 καὶ
1430 1278 1506 1344 τῷ
1546 1277 1779 1343 παλαίῷ
1818 1279 1889 1330 οὐ
1929 1293 2081 1344 συμ-

483 1369 771 1437 φωνήσει.
811 1368 1022 1429 Μεῖζον
1056 1369 1165 1438 γὰρ
1197 1369 1515 1439 γενήσεται
1559 1370 1793 1437 σχίσμα
1812 1384 1831 1431 ;
1868 1367 1971 1420 Καὶ
2002 1368 2077 1429 ὡς

481 1461 641 1514 τοῦτο
675 1462 914 1532 ἥκουσαν
960 1463 1010 1514 οἰ
1059 1463 1322 1523 ἐπιεικεῖς
1364 1462 1459 1514 καὶ
1500 1462 1757 1529 πανάγιοι
1786 1461 1885 1531 τῆς
1920 1460 2081 1529 ἁγίας

481 1554 578 1607 τοῦ
624 1553 758 1606 Θεοῦ
810 1553 1137 1623 Ἐκκλησίας
1180 1552 1543 1624 πρεσϐύτεροι
1602 1554 1695 1606 καὶ
1746 1551 2075 1615 διδάσκαλοι,

480 1645 575 1698 τὸν
609 1645 709 1714 τῆς
740 1645 1062 1707 ἀκολουθίας
1102 1644 1198 1697 καὶ
1229 1643 1493 1715 ἁρμονίας
1527 1643 1867 1707 ἀποδιδόντες
1896 1642 2076 1711 λόγον,

483 1736 577 1791 καὶ
607 1736 906 1810 φράζοντες
931 1735 1080 1807 αὐτῷ
1111 1735 1249 1807 μετὰ
1280 1736 1600 1801 ἐπιεικείας,
1628 1736 1832 1804 ἔλεγονο
1854 1736 2076 1799 Τέκνον,

480 1828 643 1881 τοῦτό
684 1831 833 1882 ἐστιν
878 1829 1038 1883 ἀσκοὶ
1078 1829 1322 1892 παλαιοὶ,
1359 1831 1416 1882 αἱ
1457 1830 1568 1882 τῶν
1597 1828 1908 1895 Φαρισαίων
1942 1845 2080 1899 καρ-
2109 1816 2153 1871 Β

484 1922 590 1974 δίαι
624 1922 717 1974 καλ⁸
754 1922 1153 1993 γραμματέων,
1190 1922 1579 1976 παλαιωθείσαι
1608 1923 1664 1973 ἐν
1693 1921 2077 1991 ἁμαρτήμασι,

486 2014 575 2067 καὶ
598 2007 690 2085 ’μὴ
734 2014 1023 2084 δεξάμεναι
1055 2014 1118 2067 τὸ
1150 2016 1415 2086 κήρυγμα
1448 2012 1542 2066 τοῦ
1576 2012 1942 2081 Εύαγγελίου’
1989 2013 2081 2066 καὶ

491 2106 542 2158 τὸ
578 2105 792 2175 ἱμάτιον
836 2106 897 2158 τὸ
949 2106 1214 2171 παλαιὸν,
1268 2106 1346 2171 ὼς
1386 2106 1481 2159 καὶ
1518 2107 1546 2160 ὁ
1593 2105 1793 2169 Ἰούδας
1841 2104 2083 2158 παλαιω-

484 2196 599 2259 θεὶς
625 2199 684 2248 ἐν
716 2196 1053 2267 φιλαργυρίᾳ
1090 2196 1189 2248 ούκ
1216 2195 1433 2260 ἐδέξατο
1461 2193 1556 2248 τοῦ
1579 2193 1768 2249 καινοῦ
1800 2193 1895 2247 καὶ
1925 2194 2079 2262 ἁγίου

485 2290 577 2343 καὶ
611 2288 934 2359 ἐπουρανίου
973 2288 1272 2360 μυστηρίου
1305 2290 1589 2359 κήρυγμα,
1622 2286 1682 2340 τὸ
1712 2286 1811 2356 τῆς
1846 2285 2078 2349 ἐλπίδος.

484 2379 676 2433 Καίτοι
704 2379 997 2449 συναφθεὶς
1018 2383 1131 2444 τοῖς
1153 2380 1345 2433 ἕνδεκα
1373 2378 1715 2442 ἀποστόλοις,
1740 2378 1834 2431 καὶ
1862 2378 2084 2447 κληθεὶς

484 2468 575 2522 ὄπ’
618 2469 783 2523 αὑτοῦ
836 2469 931 2523 τοῦ
979 2470 1225 2541 Κυρίου,
1272 2468 1659 2542 περισσότερον
1702 2468 1909 2539 κτίσμα
1955 2468 2081 2539 ἔσχε

484 2560 549 2613 δι’
574 2561 793 2626 ἑαυτοῦ,
825 2562 1055 2633 μηδενὸς
1100 2562 1250 2634 αὐτῷ
1296 2562 1474 2617 αίτίου
1527 2561 1854 2633 γενομένου·
1890 2562 2081 2635 ἐπειδὴ

489 2655 517 2725 ἡ
548 2653 757 2707 διάνοια
790 2653 956 2707 αὑτοῦ
998 2655 1059 2707 ού
1097 2653 1504 2725 συμπεφώνηκε
1534 2656 1600 2725 τῇ
1636 2654 1749 2708 ἄνω
1780 2653 1956 2707 ἐλπίδι
1986 2654 2083 2708 καὶ

484 2746 791 2817 ἐπουρανίῳ
825 2745 1015 2816 κλήσει
1060 2746 1169 2800 τῶν
1202 2746 1503 2817 μελλόντων
1539 2744 1782 2814 ἀγαθῶν,
1818 2746 1939 2799 ἀντὶ
1973 2745 2082 2799 τῶν

486 2838 719 2892 ἐνταῦθα
748 2838 1050 2909 χρημάτων
1084 2855 1144 2891 τε
1192 2839 1286 2891 καὶ
1318 2839 1553 2909 κόμπου,
1583 2838 1677 2892 καὶ
1708 2837 1891 2908 φιλίας
1931 2856 2078 2911 παρ-

485 2928 790 2999 ερχομένης
816 2928 1029 2991 ἐλπίδος
1053 2945 1114 2980 τε
1144 2930 1238 2982 καὶ
1264 2928 1479 2999 ἡδονῆς.

569 3021 628 3074 'U
664 3022 741 3085 δὲ,
779 3022 892 3091 Οὐχ
940 3020 1134 3085 οὕτως,
1184 3022 1369 3091 φησὶν,
1402 3020 1538 3073 ἁλλὰ
1589 3021 1725 3079 ἄλλα
1772 3022 1888 3075 ἐστὶ
1928 3018 2083 3091 παρὰ

486 3113 679 3177 ταῦτα,
712 3114 1010 3183 ἀντιλέγων
1057 3116 1086 3167 ὁ
1134 3114 1397 3184 Μαρκίων
1419 3129 1431 3141 ·
1466 3113 1654 3185 ἐπειδὴ
1697 3114 1771 3186 μὴ
1808 3114 2081 3184 ἠθέλησαν

2178 558 2403 618 trasset,
2440 551 2508 605 ad
2537 550 2699 621 303
2730 547 3051 618 impostoris
3078 543 3346 601 Cerdonis
3379 543 3614 598 haeresin
3634 558 3763 599 con-

2179 645 2369 715 fugere
2400 646 2453 699 in
2487 646 2731 699 animum
2774 642 3010 697 induxit.
3766 628 3769 637 λ

2257 735 2324 790 ll.
2366 735 2507 789 Tum
2543 735 2611 789 ab
2652 735 2771 805 ipso
2804 733 3076 803 principio
3103 731 3368 801 ipsisque,
3408 738 3470 784 ut
3501 730 3574 784 ita
3604 729 3762 784 dixe-

2181 827 2308 891 rim,
2343 826 2713 896 quaestionum
2750 824 2965 879 foribus
2998 838 3251 884 exorsus,
3288 822 3642 892 presbyteris,
3670 823 3763 891 qui

2183 925 2309 971 tunc
2354 916 2618 986 temporis
2644 921 2803 969 erant
2837 916 3003 984 coepit
3046 914 3152 968 ista
3202 928 3550 983 proponere:
3593 912 3762 975 Cedo,

2179 1011 2383 1080 inquit,
2410 1010 2540 1079 quid
2580 1009 2686 1063 hoc
2730 1008 2834 1062 sibi
2874 1008 2989 1063 vult
3022 1027 3035 1062 :
3070 1005 3195 1061 Non
3224 1008 3439 1061 mittunt
3466 1006 3640 1059 vinum
3670 1022 3766 1059 no-

2182 1121 2300 1158 vum
2332 1104 2387 1157 in
2417 1112 2562 1157 utres
2596 1112 2793 1157 veteres
2834 1117 2995 1171 neque
3032 1100 3436 1154 commissuram
3478 1098 3641 1167 panni
3673 1114 3768 1150 ru-

2182 1197 2265 1249 dis
2316 1196 2370 1248 in
2414 1195 2783 1249 vestimentum
2832 1201 3000 1255 vetus,
3034 1190 3239 1261 alioqui
3297 1189 3432 1244 tollit
3476 1186 3768 1258 plenitudi-

2182 1303 2320 1347 nem,
2369 1302 2531 1355 neque
2574 1285 2735 1339 veteri
2775 1291 3025 1353 congruet
3064 1299 3081 1336 :
3124 1282 3301 1350 major
3352 1280 3491 1334 enim
3531 1280 3768 1332 scissura

2180 1380 2241 1447 ﬁl
2272 1379 2330 1430 ’ζ’
2363 1378 2508 1448 quod
2563 1376 2782 1432 candidi
2816 1376 2892 1430 illi
2916 1391 2980 1429 ac
3008 1373 3349 1428 sanctissimi
3380 1371 3473 1426 Dei
3509 1370 3769 1425 Ecclesia:

2181 1469 2490 1541 presbyteri
2536 1483 2601 1523 ac
2631 1469 2888 1523 doctores
2930 1466 3240 1527 audientes,
3278 1464 3425 1517 hunc
3456 1464 3512 1516 in
3545 1461 3767 1516 modum

2183 1550 2632 1633 respondebant:
2664 1560 2790 1626 Fili,
2839 1568 3052 1614 veteres
3105 1558 3182 1611 illi
3224 1564 3377 1611 utres
3433 1555 3569 1609 nihil
3620 1554 3769 1608 aliud

2180 1662 2329 1719 sunt,
2372 1670 2534 1723 quam
2594 1651 3023 1715 Pharisaaorum,
3083 1649 3518 1716 Scribarumquc
3572 1646 3760 1711 corda,

2182 1762 2305 1816 quae
2337 1746 2581 1815 peccatis
2629 1744 3096 1805 inveteraverant,
3125 1755 3227 1794 nec
3255 1738 3536 1808 Evangelii
3562 1737 3770 1790 doctri-

2183 1854 2309 1893 nam
2342 1837 2705 1891 admiserant.
2739 1834 3055 1904 Eodemque
3088 1839 3248 1887 vetus
3289 1830 3423 1885 illud
3471 1830 3768 1884 vestimen-

2183 1939 2296 1984 tum
2345 1930 2604 1998 pertinet.
2677 1926 3000 1998 Cujusmodi
3044 1923 3217 1979 Judas
3271 1923 3505 1987 exstitit,
3559 1922 3653 1992 qui
3711 1920 3769 1974 in

2182 2020 2427 2075 avaritia:
2477 2028 2740 2089 tanquam
2787 2026 3060 2073 vetustate
3104 2017 3339 2088 quadam
3388 2013 3768 2079 obsoleverat;

2182 2124 2363 2179 neque
2403 2110 2535 2163 novi
2585 2124 2651 2163 ac
2695 2105 3033 2164 sanctissimi
3109 2104 3464 2171 cmlestisque
3520 2101 3770 2172 mysterii

2183 2201 2627 2272 praedicationem
2670 2199 2920 2270 accepit;
2956 2196 3177 2252 tametsi
3222 2195 3288 2249 ad
3334 2195 3587 2250 undecim
3635 2208 3770 2262 apo-

2184 2295 2359 2349 stolos
2409 2299 2559 2349 esset
2607 2300 2957 2363 aggregatus,
2997 2298 3053 2344 et
3093 2289 3160 2343 ab
3189 2289 3308 2358 ipso
3342 2286 3577 2340 Domino
3608 2299 3773 2338 voca-

2184 2395 2310 2450 tus,
2369 2400 2434 2440 ex
2486 2400 2595 2455 quo
2648 2384 2911 2453 majorem
2953 2383 3256 2437 scissuram
3305 2395 3416 2433 non
3467 2378 3576 2431 alio
3608 2391 3772 2446 quam

2184 2478 2420 2549 ipsomet
2476 2477 2583 2532 sibi
2641 2485 2870 2531 auctore
2930 2473 3560 2542 conscivit:propterea
3622 2467 3771 2538 quod

2184 2570 2305 2640 ejus
2347 2569 2567 2624 animus
2611 2566 2839 2622 caducis
2870 2567 2957 2621 his
2985 2564 3183 2635 Opibus
3218 2579 3282 2618 ac
3318 2563 3485 2625 fastu,
3518 2559 3777 2629 ﬂuxaque

2183 2662 2470 2717 hominum
2494 2660 2760 2726 amicitia,
2791 2674 2854 2714 ac
2882 2674 2979 2729 spe
3004 2658 3395 2727 voluptateqne
3422 2653 3774 2721 contemptis,

2184 2769 2534 2827 nequaquam
2585 2770 2646 2809 se
2695 2753 2977 2808 coalestem
3012 2751 3080 2804 ad
3130 2765 3308 2819 spem,
3358 2763 3423 2802 ac
3461 2747 3775 2801 futurorum

2184 2849 2456 2906 bonorum
2516 2845 2863 2901 vocationem
2898 2840 3437 2898 accommodaverat.

2260 3029 2341 3084 Ad
2389 3028 2508 3082 lirec
2551 3024 2937 3081 contradicere
2983 3020 3254 3084 Marcion,
3306 3034 3371 3073 ac
3420 3018 3581 3088 longe
3613 3032 3777 3073 secus

2187 3123 2241 3178 id
2296 3122 2499 3177 habere
2547 3134 2606 3175 se
2654 3120 2861 3181 dicere,
2907 3131 3009 3186 pro
3054 3130 3120 3170 eo
3160 3112 3310 3185 quod
3335 3111 3623 3165 admittere
3655 3125 3780 3166 sese

486 3206 650 3259 αὑτὸν
699 3204 954 3269 δέξασθαι
1013 3204 1183 3258 Τοῦτο
1228 3202 1320 3258 οὖν
1368 3204 1617 3276 φανερῶς
1656 3205 1842 3266 αὐτοῖς
1886 3204 2075 3271 ἔλεγε·

2187 3215 2602 3269 detrectassent.
2627 3208 2808 3276 Quare
2835 3175 3012 3278 palam
3035 3220 3132 3261 eos
3166 3175 3452 3275 alloquens
3478 3222 3489 3257 :
3523 3202 3635 3256 Cur
3664 3215 3773 3267 me,

487 3301 553 3355 Τί
583 3301 655 3373 μὴ
677 3302 979 3372 ἠθελήσατε
1014 3319 1082 3371 με
1111 3301 1503 3367 ύποδέξασθαι;
1534 3298 1653 3351 Τῶν
1687 3299 1746 3351 δὲ
1789 3299 2079 3367 λεγόντων,

489 3393 572 3445 ὅτι
619 3395 693 3445 UL‘:
745 3392 1020 3462 δυνάμεθα
1076 3394 1204 3446 ἄνευ
1253 3393 1352 3462 τῆς
1396 3392 1703 3462 ἐπιτροπῆς
1758 3390 1850 3443 τοῦ
1899 3390 2081 3461 τιμίου

495 3486 701 3557 πατρός
744 3503 836 3538 σου
870 3485 1027 3538 τοῦτο
1062 3486 1305 3555 ποιῆσαι.
1344 3484 1459 3537 Μία
1497 3485 1607 3554 γάρ
1631 3486 1776 3537 ἐστιν
1816 3484 1848 3553 ἡ
1880 3482 2081 3545 πίστις,

495 3577 590 3629 xa‘t
626 3576 724 3646 μία
753 3576 997 3646 ὁμόνοια,
1030 3577 1123 3628 καὶ
1171 3576 1227 3627 ού
1281 3575 1556 3645 δυνάμεθα
1580 3574 1974 3643 ἐναντιωθῆναι
2007 3573 2085 3644 τῷ

494 3667 643 3738 καλῷ
678 3667 1096 3739 συλλειτουργῷ,
1140 3668 1308 3739 πατρὶ
1339 3667 1395 3720 δὲ
1440 3666 1537 3738 σῷ.
1579 3666 1838 3736 Ζηλώσας
1878 3666 2083 3731 λοιπὸν,

496 3763 587 3815 καὶ
638 3762 718 3823 εἰς
772 3758 946 3830 μέγαν
995 3759 1181 3831 ἀρθεὶς
1221 3758 1395 3828 θυμὸν
1434 3757 1529 3811 καὶ
1575 3756 1973 3828 ὑπερηφανίαν,
2026 3755 2088 3808 τὸ

494 3848 699 3919 σχίσμα
751 3845 1043 3918 ἐργάζεται
1096 3848 1125 3898 ὁ
1176 3844 1449 3909 τοιοῦτος,
1501 3844 1680 3915 ἐαυτῷ
1729 3845 1826 3914 τὴν
1875 3846 2087 3916 αἵρεσιν

492 3940 965 4012 προστησάμενος,
989 3939 1085 3992 καὶ
1112 3937 1300 4003 εἰπὼν,
1324 3939 1405 3991 ὅτι
1443 3936 1585 4006 Ἐγὼ
1623 3937 1792 4006 σχίσω
1821 3938 1919 4008 τὴν
1961 3938 2086 3990 Ἐκ-

494 4036 720 4107 κλησίαν
761 4033 941 4105 ὑμῶν,
978 4035 1073 4087 καὶ
1118 4033 1264 4103 βαλῶ
1320 4032 1524 4102 σχίσμα
1569 4034 1627 4083 ὲν
1682 4032 1820 4103 αὐτῇ
1867 4032 1948 4094 εἰς
1995 4032 2087 4085 τὸν

493 4126 687 4181 αἰῶνα.
728 4127 816 4188 Ὠς
852 4123 1060 4195 τάληθῆ
1113 4124 1211 4194 μὲν
1256 4122 1464 4200 σχίσμα
1513 4121 1705 4174 ἔϐαλεν
1756 4122 1816 4173 ού
1871 4120 2085 4192 μικρὸν,

494 4220 554 4271 ού
575 4218 674 4289 τὴν
711 4216 1041 4287 Ἐκκλησίαν
1070 4216 1281 4287 σχίσας,
1306 4215 1419 4267 ἀλλ’
1448 4215 1639 4266 ἑαυτὸν
1668 4214 1762 4267 καὶ
1789 4215 1915 4276 τοὺς
1940 4212 2088 4285 αὐτῷ

494 4309 840 4373 πεισθέντας.

564 4403 639 4455 Γ’.
676 4401 876 4454 Ἐλαϐε
906 4401 963 4453 δὲ
1000 4399 1097 4471 τὴν
1132 4399 1403 4471 πρόφασιν
1448 4400 1512 4451 ἐκ
1555 4395 1649 4449 τοῦ
1686 4395 2084 4470 προειρημένου

495 4491 795 4564 Κέρδωνος,
821 4492 1021 4564 γόητος
1039 4492 1134 4543 καὶ
1158 4488 1459 4561 ἀπατηλοῦ.
1504 4491 1616 4542 Καὶ
1653 4489 1817 4551 αὐτὸς
1852 4489 1949 4559 μὲν
1977 4488 2087 4560 γὰρ

494 4584 588 4640 δύο
610 4582 871 4655 κηρύττει
896 4582 1091 4653 ἀρχάς.
1122 4580 1385 4651 Προσθεὶς
1419 4580 1475 4633 δὲ
1502 4581 1665 4634 πάλιν
1692 4580 1906 4650 ἐκείνῳ,
1943 4582 2088 4651 φημὶ

495 4674 574 4747 τῷ
609 4676 874 4747 Κέρδωνι,
903 4675 1087 4746 ἕτερόν
1126 4692 1179 4726 τι
1223 4674 1351 4744 παρ’
1400 4674 1611 4727 ἐκείνου
1646 4674 1661 4704 ¹
1693 4672 1955 4739 δείκνυσι,
2000 4673 2089 4725 λέ-

495 4784 608 4835 γων
636 4770 785 4839 τρεῖς
814 4763 951 4819 εἶναι
990 4767 1202 4837 ἀρχάς,
1238 4766 1365 4837 μίαν
1394 4766 1492 4836 μὲν
1531 4766 1631 4837 τὴν
1668 4766 1781 4820 ἄνω
1826 4767 2090 4821 ἀκατονό-

499 4876 704 4929 μαστον
733 4860 827 4911 καὶ
862 4858 1126 4928 ἀόρατον,
1178 4856 1243 4926 ἣν
1287 4859 1381 4911 καὶ
1420 4858 1624 4925 ἀγαθὸν
1670 4858 1801 4912 Θεὸν
1842 4858 2092 4929 βούλεται

495 4948 696 5018 λέγειν,
731 4949 895 5020 μηδὲν
933 4949 989 5002 δὲ
1022 4949 1129 5002 τῶν
1160 4952 1216 5002 ἐν
1258 4949 1336 5019 τῷ
1364 4950 1551 5021 κόσμῳ
1578 4950 1860 5007 κτίσασαν.
1898 4951 2091 5005 νΑλλον

496 5042 554 5095 δὲ
595 5038 735 5095 εἶναι
769 5042 963 5113 ὁρατὸν
988 5042 1141 5109 Θεὸν,
1185 5042 1277 5095 καὶ
1328 5042 1571 5114 κτίστην,
1609 5044 1705 5096 καὶ
1734 5043 2087 5117 δημιουργόν.

499 5134 754 5188 Διάϐολον
797 5135 855 5187 δὲ
892 5135 1095 5204 τρίτον,
1134 5134 1208 5197 ὼ,
1256 5137 1455 5200 εἰπεῖν,
1504 5137 1598 5188 καὶ
1648 5136 1811 5206 μέσον
1853 5138 1961 5190 τῶν
2001 5138 2095 5191 δύο

498 5227 725 5292 τούτων,
781 5226 878 5280 τοῦ
922 5244 981 5280 τε
1038 5225 1236 5297 ὁρατοῦ
1286 5228 1381 5280 καὶ
1434 5226 1525 5279 τοῦ
1567 5228 1839 5297 ἀοράτου.
1887 5228 1991 5281 Τὸν
2036 5229 2093 5283 δὲ

499 5320 725 5391 κτίστην
761 5322 854 5374 καὶ
885 5319 1213 5390 δημιουργὸν
1254 5319 1348 5372 καὶ
1394 5320 1611 5389 ὁρατὸν,
1652 5320 1786 5373 Θεὸν
1810 5317 1951 5374 εἶναι
1984 5321 2093 5373 τῶν

509 5405 968 5477 Ἶουδαίων,εἷναι
1000 5408 1058 5462 δὲ
1098 5409 1260 5461 αὑτὸν
1309 5410 1517 5480 κριτήν.
1562 5411 1701 5480 Παρ’
1740 5411 1888 5480 αὐτῷ
1926 5412 1980 5465 δὲ
2014 5412 2091 5481 τῷ

570 5563 589 5598 ¹
624 5562 682 5619 F.
708 5567 936 5620 ἐκεῖνον.
1012 5567 1034 5596 ³
1083 5562 1275 5618 Matth.
1302 5582 1375 5628 ix,
1422 5566 1507 5627 lli,
1550 5564 1629 5618 Π.

495 5719 684 5803 ςδρίαν
732 5721 1273 5801 ad'communionem
1331 5720 1658 5803 clericorum
1723 5717 1921 5803 refero,
1973 5730 2095 5782 quae

502 5790 657 5848 hiem
716 5793 1030 5863 opponitur,
1055 5810 1175 5862 qua:
1211 5802 1268 5847 ut
1295 5794 1370 5846 ait
1411 5792 1662 5847 Balsama
1696 5790 1761 5843 ad
1806 5803 1928 5842 can.
1984 5802 2089 5840 ιιι

2186 3309 2386 3380 inquit,
2434 3306 2682 3376 recipere
2716 3301 3013 3359 noluistis?
3044 3298 3469 3370 Responderunt
3512 3296 3589 3350 illi
3619 3315 3632 3349 :
3671 3293 3781 3349 No-

2185 3404 2270 3459 bis
2310 3402 2528 3472 injussu
2575 3397 2871 3453 venerandi
2916 3396 3093 3466 patris
3150 3394 3231 3447 tui
3279 3393 3464 3447 facere
3490 3386 3636 3444 istud
3666 3402 3780 3442 non

2187 3498 2335 3552 licet.
2387 3493 2508 3549 Una
2558 3492 2832 3563 siquidem
2886 3489 3022 3544 ﬁdes
3066 3493 3171 3551 est,
3217 3493 3271 3541 et
3318 3484 3629 3538 animorum
3670 3495 3781 3534 una

2187 3587 2511 3653 consensio,
2553 3601 2732 3655 neque
2761 3590 2955 3639 contra
2998 3577 3467 3652 spectatissimum
3512 3573 3781 3642 collegam

2188 3689 2401 3753 patrem
2453 3689 2606 3733 tuum
2648 3674 2833 3731 moliri
2874 3671 3156 3744 quidpiam
3204 3663 3651 3753 possumus.rAt
3681 3663 3781 3753 ille

2190 3751 2572 3824 vehementius
2620 3763 3071 3824 excaudescens,
3121 3773 3186 3812 ac
3236 3755 3495 3827 superbia
3543 3751 3781 3807 invidia-

2190 3877 2297 3933 que
2324 3859 2569 3930 percitus
2597 3856 2839 3912 schisma
2868 3850 3148 3915 conﬂavit,
3175 3863 3241 3902 ac
3268 3846 3524 3917 privatim
3547 3841 3779 3897 haaresin

2190 3953 2583 4007 architectatus
2629 3954 2713 4002 est
2741 3964 2755 4000 :
2786 3952 2840 3999 et
2884 3943 3208 4003 Ecclesiam,
3254 3939 3353 3999 ait,
3397 3943 3637 3990 vestram
3678 3946 3784 4000 ego

2192 4041 2531 4104 dissociabo,
2582 4038 2635 4092 in
2670 4051 2903 4106 eamque
2947 4032 3186 4088 schisma
3234 4028 3628 4098 sempiternum
3672 4023 3779 4076 im-

2193 4136 2431 4188 mittam.
2485 4128 2644 4195 Quod
2707 4129 2798 4181 ille
2841 4140 3032 4180 revera
3082 4136 3185 4175 nec
3235 4118 3511 4173 mediocre
3558 4113 3781 4183 quidem

2192 4224 2381 4294 injecit
2410 4242 2423 4276 ε
2454 4236 2564 4275 non
2596 4220 2669 4273 ita
2703 4226 2889 4270 tamen
2925 4223 2983 4269 ut
3012 4210 3337 4273 Ecclesiam,
3375 4206 3472 4262 sed
3503 4213 3562 4258 ut
3587 4217 3647 4259 se
3676 4215 3780 4271 p0-

2192 4317 2305 4371 tius
2337 4331 2401 4369 ac
2424 4329 2555 4369 suos
2584 4308 2941 4366 diseinderet.

2269 4402 2361 4457 ιιι.
2404 4402 2580 4472 Cujus
2607 4400 2658 4455 ei
2693 4396 3011 4454 schismatis
3042 4396 3428 4463 argumentum
3460 4384 3665 4440 nebulo
3691 4382 3788 4437 ille

2199 4506 2253 4554 et
2290 4498 2555 4566 impostor
2583 4490 2763 4548 Cerdo
2784 4487 3037 4560 praebuit.
3069 4482 3205 4537 Nam
3239 4491 3293 4536 et
3317 4479 3427 4534 duo
3472 4478 3590 4548 ipse
3629 4475 3785 4545 prin-

2196 4589 2343 4659 cipia
2374 4584 2690 4642 constituit.
2724 4581 2793 4635 At
2820 4577 2984 4651 304
3015 4575 3222 4631 Marcio
3257 4573 3478 4627 tertium
3518 4568 3586 4623 ad
3632 4566 3786 4620 illius

2194 4658 2393 4749 dogma
2446 4674 2778 4747 principium
2824 4668 3062 4739 adjecit,
3120 4674 3180 4720 ut
3234 4663 3463 4718 omnino
3510 4660 3616 4713 tria
3648 4658 3779 4721 sint,

2191 4783 2428 4842 quorum
2459 4782 2630 4821 unum
2670 4764 2741 4819 sit
2778 4776 3118 4832 supremum,
3163 4758 3309 4828 quod
3349 4767 3526 4824 neque
3558 4752 3785 4805 nomine

2191 4859 2621 4931 comprehendi,
2674 4872 2853 4926 neque
2895 4854 3018 4909 visu
3064 4849 3269 4922 percipi
3310 4846 3507 4918 possit,
3535 4857 3699 4914 quem
3727 4849 3782 4897 et

2192 4953 2395 5007 bonum
2426 4953 2593 5005 Deum
2639 4948 2901 5017 appellat,
2940 4959 2972 4997 a
3001 4958 3111 5013 quo
3142 4940 3279 4995 nihil
3312 4938 3386 4994 sit
3424 4949 3615 4991 eorum
3661 4948 3781 5000 qua:

2197 5044 2252 5097 in
2286 5041 2496 5097 mundo
2526 5050 2655 5095 sunt
2678 5036 2984 5091 conditum.
3014 5036 3261 5088 Alterum
3293 5042 3427 5083 vero
3458 5026 3628 5081 Deum
3659 5038 3790 5077 esse-

2194 5134 2330 5187 dicit
2375 5129 2765 5200 aSpectabilem
2798 5140 2863 5179 ac
2895 5132 3226 5179 creatorem.
3261 5117 3509 5172 Tertium
3540 5114 3783 5183 denique

2192 5222 2475 5280 diabolum
2514 5220 2658 5274 inter
2703 5218 2897 5271 ainbos
2943 5215 3091 5276 illos,
3124 5208 3514 5280 aspectabilem
3549 5204 3780 5267 scilicet,

2190 5330 2243 5374 et
2286 5332 2413 5373 eum
2458 5315 2553 5385 qui
2608 5312 2780 5382 aspici
2828 5309 3021 5379 nequit
3065 5305 3433 5374 interjectum.
3472 5298 3553 5353 Ex
3595 5298 3662 5352 iis
3691 5297 3780 5365 qui

2190 5422 2411 5466 creator
2427 5419 2513 5463 est
2528 5414 2583 5462 et
2602 5404 2785 5477 upifex
2811 5403 3091 5470 viderique
3110 5404 3309 5468 potest,
3325 5392 3639 5449 Judzeorum
3662 5406 3783 5444 esse

2201 5712 2410 5771 Basilii,
2444 5710 2675 5765 dabatur
2726 5708 2884 5764 laicis
2922 5708 3079 5770 ἐκτὸς
3099 5706 3201 5760 τοῦ
3229 5707 3491 5775 βήματος.
3533 5702 3621 5775 illa
3653 5715 3782 5775 vero

2204 5782 2660 5846 é~/~:6;.Crcdibile
2676 5788 2759 5837 est
2786 5780 2932 5837 enim
2956 5773 3564 5834 Marcionemclericum
3587 5773 3777 5829 fuisse.
