4156 6358
418 341 524 399 699

1822 340 1880 398 S.
1922 338 2267 395 EPIPHANII

3594 338 3696 395 703

418 452 613 517 Deum,
646 450 1008 521 eamdemque
1034 451 1300 521 judicem.
1339 451 1609 509 Car-terum
1645 453 1936 523 virginitas
1971 470 2001 507 a

2129 453 2196 506 ιία
2207 452 2396 524 ρκίωνι
2426 452 2521 505 καὶ
2547 450 2816 523 παρθενία
2839 448 3194 522 κηρύσσεται.
3220 451 3494 524 Νηστείαν
3519 454 3575 508 δὲ
3604 457 3695 508 καὶ

420 543 697 599 Marciane
742 543 1094 613 praedicatur.
1129 542 1407 613 Jejunium
1432 553 1487 599 et
1518 544 1758 599 Sabbato
1805 545 2000 601 obser-

396 615 536 691 ‘vari
564 633 832 705 prmeipit.
886 632 1144 705 Mysteria
1188 634 1598 689 catechumcnis
1647 636 2001 690 cernentibus

422 724 568 796 apud
630 724 782 778 illum
842 725 1208 779 celebrantur.
1266 724 1346 780 Ad
1397 727 1512 779 haec
1570 741 1695 780 vero
1744 728 2000 797 mysteria

422 832 622 889 aquam
665 818 907 872 adhibet.
956 817 1198 872 Sabbato
1229 818 1302 872 ob
1334 833 1453 872 eam
1484 834 1705 873 causam
1731 820 2000 889 jejunium

423 911 623 967 sanxit.
674 909 809 964 Cum
847 910 1015 973 enim,
1058 912 1154 973 ait,
1199 908 1511 964 Judasorum
1566 911 1681 973 Dei,
1723 912 1814 981 qui
1855 912 2002 966 hunc

424 1004 691 1059 mundum
741 1002 1050 1068 fabricavit,
1106 1002 1199 1055 illa
1231 1003 1301 1057 sit
1346 1004 1587 1073 requies,
1633 1018 1758 1056 cum
1808 1002 1895 1081 die
1926 1018 2001 1056 vn

425 1095 777 1166 requieverit,
811 1094 998 1149 eadem
1056 1109 1159 1149 nos
1212 1094 1458 1164 jejunare
1510 1096 1872 1157 instituimus,
1937 1110 2005 1149 ne

424 1185 741 1241 Judteorum
779 1184 872 1239 Dei
916 1185 1112 1239 ritibus
1144 1185 1221 1238 uti
1250 1186 1553 1240 videamur.
1581 1186 1813 1241 Carnem
1844 1192 2005 1256 negat

424 1291 737 1345 resurgere,
783 1274 946 1345 idque
990 1275 1153 1329 habet
1211 1276 1486 1346 plerisque
1532 1293 1655 1330 cum
1704 1277 2005 1331 hagresibns

424 1384 732 1423 commune.
766 1368 975 1421 Animae
1032 1368 1300 1422 duntaxat
1344 1371 1801 1425 resurrectionem
1829 1386 1891 1424 ac
1927 1372 2005 1424 vi-

425 1469 536 1513 tam
567 1460 733 1513 unius
754 1469 808 1513 et
848 1459 1079 1513 salutem
1113 1462 1329 1516 asserit.

498 1552 776 1622 Baptismo
811 1568 917 1606 non
940 1553 1128 1616 semel,
1157 1553 1251 1607 sed
1278 1555 1440 1609 tertio
1465 1555 1607 1625 apud
1640 1555 1761 1611 illos
1785 1556 2005 1610 initian-

427 1653 535 1697 tur.
573 1644 726 1710 Quod
754 1645 866 1696 fieri
893 1644 1098 1698 idcirco
1143 1647 1439 1710 concessit,
1484 1647 1629 1717 quod
1662 1662 1691 1699 a
1721 1647 2006 1716 discipulis

426 1738 565 1797 suis,
607 1737 807 1805 quibus
850 1734 1028 1788 fuerat
1058 1738 1335 1805 cognitus,
1366 1739 1436 1792 ob
1463 1738 1721 1793 delictum
1760 1738 1913 1801 illud,
1944 1754 2007 1792 ac

2107 544 2170 598 τὸ
2204 543 2478 599 Σάϐϐατον
2509 543 2618 613 (64)
2647 542 2922 614 κηρύττει.
2956 543 3247 615 Μυστήρια
3289 545 3345 598 δὲ
3377 546 3535 616 δῆθεν
3568 550 3696 619 παρ’

2109 635 2260 705 αὐτῷ
2327 634 2695 698 ἐπιτελεῖται,
2754 633 2863 686 τῶν
2934 633 3356 704 κατηχουμένων
3425 636 3696 707 ὁρώντων.

2111 727 2305 779 ’Ύδατι
2344 726 2401 779 δὲ
2452 720 2606 789 οὗτος
2658 728 2716 779 ἐν
2766 728 2878 787 τοῖς
2919 725 3240 797 μυστηρίοις
3277 726 3494 796 χρῆται.
3537 727 3609 777 Τὸ
3640 727 3695 778 δὲ

2112 819 2391 873 Σάϐϐατον
2454 818 2705 887 νηστεύει
2764 818 2851 871 διά
2897 818 3154 888 τοιαύτην
3214 818 3413 870 αἰτίαν.
3454 816 3695 888 Ἐπειδὴ,

2112 914 2264 981 φησὶ,
2290 912 2383 964 τοῦ
2410 912 2544 964 Θεοῦ
2573 911 2681 964 τῶν
2717 910 2987 963 Ἰουδαίων
3018 910 3163 962 ἐστὶν
3194 911 3226 979 ἡ
3266 910 3569 971 ἀνάπαυσις
3602 906 3698 961 τοῦ

2112 1004 2473 1073 πεποιηκότος
2512 1003 2603 1056 τὸν
2650 1004 2875 1073 κόσμον,
2920 1002 3014 1055 καὶ
3048 1003 3104 1053 ὲν
3146 1004 3213 1071 τῇ
3264 1000 3465 1071 ἑϐδόμη
3512 1000 3700 1070 ἡμέρᾳ.

2112 1095 2594 1166 ἀνα-παυσαμένου,
2624 1097 2783 1165 ἡμεῖς
2822 1092 3207 1165 νηστεύσωμεν
3242 1091 3468 1161 ταύτην,
3502 1092 3586 1143 ἵνα
3625 1090 3699 1160 μὴ

2111 1189 2172 1242 τὸ
2225 1189 2465 1259 καθῆκον
2516 1188 2609 1241 τοῦ
2658 1188 2794 1241 Θεοῦ
2851 1188 2958 1240 τῶν
2995 1187 3263 1239 Ἰουδαίων
3314 1183 3699 1256 ἐργαζώμεθα.

2113 1281 2225 1352 Τὴν
2256 1284 2355 1351 τῆς
2387 1280 2588 1351 σαρκὸς
2622 1280 2678 1332 δὲ
2713 1279 2893 1332 ἀθετεῖ
2923 1279 3236 1334 ἀνάστασιν,
3273 1278 3524 1347 καθάπερ
3568 1275 3700 1328 πολ-

2112 1372 2200 1427 λαὶ
2226 1372 2333 1425 τῶν
2363 1372 2644 1443 αἱρέσεων.
2684 1370 2877 1441 Ψυχῆς
2915 1371 2972 1424 δὲ
3024 1370 3321 1423 ἀνάστασιν
3362 1365 3501 1421 εἶναι
3532 1367 3698 1435 λέγει,

2116 1466 2208 1519 καὶ
2236 1464 2383 1533 ζωὴν
2417 1465 2509 1516 καὶ
2540 1463 2811 1533 σωτηρίαν
2839 1462 3026 1532 μόνης.

2187 1558 2262 1609 Ού
2297 1557 2455 1627 μόνον
2498 1557 2553 1609 δὲ
2588 1556 2714 1627 παρ’
2757 1554 2904 1625 αὐτῷ
2942 1554 2999 1605 ἓν
3040 1552 3263 1624 λουτρὸν
3308 1552 3530 1608 δίδοται,
3566 1547 3702 1601 ἀλλά

2117 1652 2210 1703 καὶ
2238 1649 2342 1711 ἓως
2374 1647 2540 1718 τριῶν
2571 1644 2830 1715 λουτρῶν,
2863 1645 2955 1697 καὶ
2999 1644 3255 1696 ἐπέκεινα
3288 1641 3462 1705 ἔξεστι
3502 1638 3702 1692 διδόναι

2116 1742 2247 1812 παρ’
2282 1742 2462 1802 αὐτοῖς
2498 1738 2576 1809 τῷ
2608 1733 2933 1807 βουλομένῳ,
2980 1737 3055 1799 ὼς
3108 1736 3259 1805 παρά
3314 1733 3521 1786 πολλῶν
3560 1732 3698 1802 ἀκή-

425 1828 653 1897 virginis
682 1836 957 1895 stuprum,
995 1828 1231 1881 ludibrio
1264 1838 1411 1883 esset
1439 1830 1681 1883 habitus.
1718 1829 1852 1882 Nam
1881 1845 2006 1883 cum

2129 1852 2238 1888 ιοα.
2275 1833 2599 1903 Συμϐέϐηκε
2626 1832 2681 1884 δὲ
2710 1830 2867 1883 τοῦτο
2894 1828 3143 1897 γενέσθαι
3173 1826 3345 1897 αύτῷ,
3369 1827 3429 1878 τὸ
3456 1825 3703 1894 ἐφίεσθαι

425 1915 689 1983 virginem
755 1915 808 1967 in
883 1918 1059 1983 patria
1127 1923 1581 1983 constuprasset,
1645 1924 1699 1970 et
1766 1916 2003 1985 ingentis

426 2003 612 2073 ﬂagitii
677 2004 964 2058 convictus
1050 2003 1395 2074 aufugisset,
1453 2007 1682 2059 alterum
1735 2008 1836 2060 sibi
1892 2008 2003 2059 cir-

424 2097 817 2152 cumforaneus
895 2098 998 2151 iste
1085 2099 1415 2168 baptismum
1509 2098 1746 2165 ascivit;
1841 2098 2005 2153 licere

430 2191 797 2258 pronuntians
828 2198 911 2243 ter
932 2191 1159 2245 omnino
1200 2192 1403 2260 aliquis
1442 2192 1573 2255 elui,
1616 2206 1681 2246 ac
1732 2192 2006 2262 baptismo

429 2289 780 2349 peccatorum
825 2280 890 2333 ad
929 2281 1387 2336 condonationem
1438 2284 1644 2352 expiari
1678 2304 1689 2338 :
1720 2293 1777 2336 ut
1805 2284 1848 2337 si
1881 2285 2006 2353 quis

428 2379 553 2439 post
603 2380 926 2440 usurpatum
965 2374 1201 2442 priorem
1236 2376 1571 2443 peccaverit,
1604 2375 1669 2427 ad
1706 2378 2005 2429 secundum

428 2478 551 2516 cum
588 2464 904 2533 ptenitentia
940 2465 1239 2534 confugiat,
1278 2465 1637 2535 similiterque
1678 2468 1919 2530 tertium,
1961 2467 2005 2521 si

431 2564 555 2626 post
632 2556 934 2609 secundum
996 2558 1192 2611 iterum
1248 2572 1307 2612 se
1351 2558 1567 2611 delictis
1633 2558 2006 2615 obstrinxerit.

429 2645 586 2711 Quod
629 2646 696 2699 ad
742 2646 980 2699 infamiae
1031 2662 1143 2701 suae
1181 2647 1480 2700 remedium
1521 2649 1871 2717 excogitavit,
1902 2664 2011 2717 quo

430 2752 491 2792 se
516 2752 734 2791 rursum
785 2746 909 2807 post
935 2736 1152 2792 facinus
1199 2746 1512 2807 purgatura,
1563 2746 1618 2791 et
1667 2739 1809 2792 inter
1852 2739 2008 2792 inno-

432 2838 620 2886 centes
660 2830 1064 2884 numerandum
1116 2845 1238 2885 esse
1291 2830 1668 2900 persuaderet.
1735 2832 1817 2885 Ad
1869 2833 2013 2905 quod

432 2922 598 2974 etiam
661 2920 799 2974 falso
857 2921 1233 2976 testimonium
1286 2922 1559 2991 quoddam
1616 2926 2012 2990 accommodat,

434 3012 578 3080 quod
610 3013 793 3081 specie
828 3012 944 3081 ipsa
1004 3013 1287 3082 probabile
1319 3014 1493 3084 possit
1526 3013 1699 3069 videri
1736 3034 1750 3069 :
1778 3018 1879 3071 etsi
1907 3034 2015 3073 non

434 3118 502 3159 eo
548 3119 656 3174 quo
708 3105 819 3157 vult
847 3106 1113 3173 pertineat
1144 3124 1158 3160 :
1190 3107 1270 3159 sic
1298 3106 1442 3160 enim
1467 3108 1696 3162 asserit:
1730 3106 2014 3164 Dominum

436 3200 723 3261 postquam
761 3209 790 3245 a
812 3190 1024 3246 Joanne
1068 3193 1379 3262 baptizatus
1411 3201 1516 3254 est,
1543 3194 1749 3249 dixisse
1772 3195 2016 3263 discipu-

2129 3227 2187 3262 πε
2198 3210 2247 3279 ρὶ
2295 3208 2484 3261 τούτου
2528 3204 2881 3276 ψευδηγορῶν

438 3281 508 3335 Iis
537 3300 549 3335 :
578 3282 854 3350 Baptisma
909 3282 1073 3335 habeo
1123 3282 1405 3350 baptizari,
1442 3291 1491 3335 et
1534 3283 1659 3352 quid
1696 3284 1811 3337 volo
1836 3285 1937 3335 nisi
1966 3292 2023 3336 ut

438 3376 711 3445 perﬁciam
751 3377 993 3444 ipsum‘?
1030 3375 1190 3445 305
1234 3376 1313 3429 Ac
1355 3390 1615 3429 rursum:
1655 3375 1885 3429 Calicem
1930 3375 2026 3429 Ita-

441 3469 534 3521 beo
583 3469 793 3521 bibere:
828 3478 878 3523 et
927 3468 1051 3522 auid
1085 3469 1219 3527 volo.
1283 3468 1385 3520 nisi
1436 3475 1494 3520 ut
1551 3468 1796 3534 impleam
1831 3468 2027 3521 illum?

443 3558 600 3613 Unde
641 3559 826 3629 plures
854 3560 977 3613 illos
1012 3557 1314 3627 baptismos
1342 3568 1691 3613 commentus
1723 3566 1828 3612 est.

2110 1927 2234 1997 τρια
2275 1925 2473 1997 λουτρά
2520 1923 2776 1983 δίδοσθαι,
2818 1922 2885 1974 δι’
2937 1923 3003 1991 ῆν
3052 1922 3241 1989 ὑπεῖχε
3293 1918 3495 1987 χλεύην
3552 1916 3703 1985 παρά

2111 2019 2220 2072 τῶν
2259 2018 2418 2071 αὑτὸν
2462 2015 2778 2084 ἐγνωκότων
2812 2013 3069 2084 μαθητῶν
3098 2011 3264 2064 αὑτοῦ
3301 2013 3365 2063 ἐκ
3397 2007 3701 2078 παραπτώ-

2117 2111 2284 2181 ματός
2314 2126 2372 2161 τε
2404 2108 2497 2161 καὶ
2530 2106 2736 2177 φθορᾶς
2757 2106 2856 2175 τῆς
2878 2108 2957 2166 εἰς
2983 2104 3080 2172 τὴν
3105 2103 3374 2173 παρθένον
3399 2098 3704 2168 γεγενημέ-

2113 2219 2231 2273 νης.
2270 2200 2486 2269 Ἐπειδὴ
2535 2198 2763 2268 φθείρας
2801 2200 2857 2249 ὲν
2894 2199 2959 2267 τῇ
2988 2194 3184 2248 ἑαυτοῦ
3232 2194 3383 2247 πόλει
3423 2192 3521 2263 τὴν
3563 2206 3702 2260 παρ-

2116 2295 2287 2354 θένον,
2317 2293 2409 2346 καὶ
2449 2290 2760 2361 άπώράσας
2792 2289 2890 2359 μὲν
2938 2291 2995 2340 ἐν
3038 2286 3443 2357 παραπτώματι
3482 2284 3701 2355 μεγάλῳ

2115 2387 2335 2456 εὑρέθη,
2379 2385 2669 2455 ἐπενόησεν
2710 2386 2737 2435 ὁ
2776 2383 3019 2454 ἀγύρτης
3064 2374 3260 2450 έαυτιῖῖ
3280 2379 3529 2449 δεύτερον
3578 2378 3702 2428 λου-

2115 2478 2263 2548 τρὸν,
2298 2478 2495 2546 φήσας,
2526 2475 2605 2526 ὃτι
2648 2473 2894 2536 Ἔξεστιν
2934 2472 3037 2534 ἕως
3065 2469 3229 2541 τριῶν
3259 2467 3519 2538 λουτρῶν,
3551 2482 3702 2517 τουτ-

2118 2569 2233 2622 έστι
2266 2568 2432 2639 τριῶν
2488 2563 2833 2635 βαπτισμῶν,
2879 2565 2959 2626 εἰς
3000 2564 3189 2630 ἄφεσιν
3237 2558 3519 2630 ἁμαρτιῶν
3567 2556 3703 2609 δίδο-

2120 2663 2244 2715 σθαι
2268 2678 2281 2690 ·
2316 2662 2382 2713 ἵν’
2413 2660 2568 2722 εἴτις
2596 2658 2905 2729 παρέπεσεν
2940 2658 3018 2717 εἰς
3046 2655 3107 2706 τὸ
3137 2653 3372 2722 πρῶτον,
3397 2651 3539 2722 λάϐῃ
3579 2647 3701 2701 δεύο

2118 2770 2275 2825 τερον
2307 2753 2662 2822 μετανοήσας,
2686 2751 2779 2803 καὶ
2808 2748 2989 2819 τρίτον
3014 2745 3295 2807 ὡσαύτως,
3324 2743 3418 2796 ὲάν
3442 2744 3499 2795 ὲν
3526 2756 3705 2812 παρα-

2122 2843 2377 2914 πτώματι
2428 2843 2565 2912 μετά
2603 2842 2662 2895 τὸ
2700 2840 2954 2911 δεύτερον
2988 2839 3231 2907 γένηται.
3258 2835 3415 2905 Φέρει
3447 2834 3503 2887 δὲ
3525 2832 3705 2904 δῆθεν,

2124 2935 2211 2986 ἵνα
2241 2934 2338 3003 τὴν
2370 2932 2561 2985 ἑαυτοῦ
2599 2931 2796 3001 χλεύην
2837 2927 3093 2999 ἀνασώσῃ
3128 2929 3206 2989 εἰς
3238 2925 3582 2997 παράστασιν
3619 2922 3711 2976 αὑο

2123 3024 2217 3078 τοῦ
2236 3040 2249 3053 ⁸
2289 3026 2371 3078 ὃτι
2394 3024 2454 3076 τὸ
2484 3024 2620 3095 μετά
2646 3023 2706 3076 τὸ
2748 3020 2912 3074 αὐτοῦ
2940 3020 3292 3091 παράπτωμα
3322 3016 3486 3069 πάλιν
3509 3014 3713 3068 ἐκαθα-

2131 3117 2308 3188 ρίσθη,
2357 3117 2453 3169 καὶ
2498 3115 2680 3168 λοιπὸν
2728 3115 2784 3165 ἐν
2835 3111 3031 3174 ἀθώοις
3078 3110 3342 3179 ὑπάρχει,
3408 3104 3716 3178 μαρτυρίαν

2920 3244 2935 3268 ,
2985 3203 3061 3266 ὼς
3105 3200 3364 3270 πιθανὴν,
3412 3197 3719 3267 δυναμένην

2133 3299 2495 3368 ἐξαπατῆσαι,
2521 3298 2582 3350 οὐ
2604 3296 2760 3349 τοῦτο
2784 3295 2838 3347 δὲ
2866 3294 3258 3364 σημαίνουσαν,
3290 3290 3317 3343 δ
3340 3289 3502 3351 αὐτὸς
3544 3288 3716 3355 λέγει,

2132 3394 2212 3445 ὃτι
2256 3390 2418 3460 φησί·
2469 3388 2793 3451 Βαπτισθεὶς
2840 3388 2867 3439 ὁ
2913 3385 3113 3455 Κύριος
3166 3382 3272 3436 ὑπὸ
3317 3380 3410 3434 τοῦ
3450 3380 3721 3441 Ἰωάννου,

2134 3484 2287 3551 ἔλεγε
2315 3485 2426 3544 τοῖς
2459 3479 2751 3552 μαθηταῖς·
2786 3477 3103 3545 Βάπτισμα
3129 3476 3247 3544 ἔχω
3265 3469 3682 3537 βαπτισθῆναι
3703 3485 3714 3496 ’

2140 3575 2239 3628 καὶ
2288 3575 2346 3627 τί
2387 3572 2541 3627 θέλω
2580 3575 2630 3625 εὶ
2675 3571 2792 3639 ἤδη
2836 3568 3119 3623 τετέλεκα
3167 3565 3346 3627 αὑτό;
3391 3564 3485 3616 καὶ
3524 3562 3724 3616 πάλι-ιο

440 3659 737 3729 Ποτήριον
764 3661 880 3730 ἔχω
917 3660 1102 3715 .1er-
1148 3660 1248 3714 καὶ
1294 3663 1352 3715 τί
1390 3661 1540 3717 θέλω
1575 3662 1691 3731 ἤδη
1731 3662 2031 3731 πληρὼσω
2068 3667 2261 3732 αὐτό;
2292 3668 2386 3719 καὶ
2450 3665 2595 3719 οῦτω
2632 3664 2693 3717 τὸ
2765 3662 2965 3716 διδόναι
3008 3660 3180 3713 πλείω
3224 3657 3574 3727 βαπτίσματα
3614 3651 3727 3706 ἐδο-

442 3753 730 3823 γμάτισεν.

518 3840 609 3896 IV.
640 3839 912 3895 Praeterea
938 3841 1110 3911 legem
1146 3855 1209 3895 ac
1268 3842 1563 3911 prophetas
1595 3857 1787 3898 omnes
1813 3843 2033 3914 abjicit;

445 3947 588 4004 quos
629 3933 895 4003 principis
936 3933 1082 3987 illius
1115 3932 1322 3997 afﬂatu,
1360 3937 1450 4003 qui
1492 3935 1638 3988 hunc
1680 3936 1867 3991 orbem
1904 3950 2037 3988 con-

449 4028 610 4095 didit,
644 4029 975 4083 vaticinatos
1001 4028 1303 4083 existimat.
1335 4030 1619 4084 Christum
1655 4045 1785 4084 vero
1817 4030 1939 4084 ideo
1970 4031 2039 4084 de

447 4121 589 4174 coelo
649 4118 931 4188 delapsum
978 4118 1069 4171 illo
1105 4133 1134 4171 a
1172 4117 1421 4182 Parente,
1456 4120 1550 4188 qui
1581 4133 1682 4173 nec
1722 4118 1893 4173 videri
1942 4134 2043 4173 nec

449 4210 724 4266 nominari
756 4217 959 4279 potest,
991 4218 1050 4263 ut
1080 4218 1133 4264 et
1164 4210 1377 4265 animas
1412 4211 1693 4277 liberaret,
1730 4221 1784 4266 et
1817 4211 2039 4267 Judaeu-

449 4318 574 4357 rum
623 4317 687 4356 ac
734 4302 887 4372 legis,
939 4309 995 4356 et
1044 4301 1459 4371 praphetarum,
1514 4311 1679 4373 atque
1727 4302 2036 4359 istiusmodi

452 4402 775 4449 cancrorum
806 4394 971 4448 Deum
994 4395 1378 4464 redargueret.
1406 4393 1518 4449 lmo
1537 4395 1601 4448 ad
1635 4395 1839 4450 inferos
1865 4411 2038 4465 usque

2215 3849 2289 3900 A'.
2315 3850 2389 3902 Ού
2415 3849 2572 3919 μόνον
2601 3847 2656 3899 δὲ
2671 3843 2990 3909 τοῦτο,ἁλλά
3018 3840 3214 3895 καὶτὸν
3237 3842 3397 3909 νόμον
3413 3834 3727 3897 ἀποϐάλλει,

2141 3941 2236 3993 καὶ
2266 3941 2471 4003 πάντας
2529 3938 2832 4008 προψήτας,
2876 3934 3048 4002 λέγων
3087 3934 3151 3984 ὲκ
3187 3929 3282 3983 τοῦ
3342 3928 3599 3998 ἄρχοντος
3636 3922 3730 3978 τοῦ

2143 4032 2234 4084 τὸν
2273 4032 2477 4100 κόσμον
2507 4028 2865 4098 πεποιηκότος
2893 4027 3018 4088 τοὺς
3041 4024 3318 4086 τοιούτους
3352 4036 3715 4091 προπεφητευν

2146 4120 2321 4173 κέναι.
2359 4118 2593 4188 Χριστὸν
2621 4117 2677 4169 δὲ
2712 4116 2859 4183 λέγει
2890 4114 3094 4168 ἄνωθεν
3127 4112 3234 4165 ἀπὸ
3258 4110 3352 4163 τοῦ
3383 4110 3616 4180 ἀοράτου
3640 4108 3730 4161 κα’ι

2148 4211 2589 4281 ἀκατονομάστου
2640 4208 2853 4277 Πατρὸς
2885 4204 3322 4275 καταϐεϐηκέναι
3366 4203 3459 4256 ἐπὶ
3492 4200 3732 4272 σωτηρίᾳ

2144 4303 2252 4355 τῶν
2279 4302 2485 4373 ψυχῶν,
2508 4302 2601 4354 καὶ
2633 4301 2725 4352 ἐπὶ
2755 4298 2959 4368 ἐλέγχῳ
2984 4295 3077 4350 τοῦ
3110 4295 3245 4348 Θεοῦ
3279 4294 3385 4347 τῶν
3440 4292 3733 4354 Ἰουδαίων,

2146 4394 2470 4468 καινόμουη
2486 4392 2579 4445 καὶ
2618 4389 2931 4463 προφητῶν,
2947 4390 3040 4441 καὶ
3054 4387 3163 4440 τῶν
3178 4385 3454 4439 τοιούτων.
3478 4385 3587 4437 Καὶ
3609 4382 3733 4452 ἄχρι

451 4484 806 4539 descendisse
842 4484 1152 4547 Dominum,
1182 4494 1242 4538 ut
1270 4494 1325 4539 et
1347 4484 1542 4549 Caino,
1572 4494 1625 4539 et
1651 4485 1811 4548 Core,
1837 4501 1901 4539 ac
1933 4484 2020 4538 Da-

2139 4485 2267 4555 ᾅδου
2298 4482 2734 4553 καταϐεϐηκέναι
2771 4481 2862 4533 τὸν
2896 4479 3121 4549 Κύριον,
3154 4478 3241 4531 ῖνα
3260 4476 3409 4546 σώσῃ
3436 4475 3561 4536 τοὺς,
3609 4472 3733 4539 περὶ

452 4575 632 4638 tbani,
678 4582 733 4629 et
770 4575 1020 4639 Abironi,
1067 4590 1168 4630 nec
1218 4591 1329 4630 non
1380 4575 1561 4642 Esau,
1611 4593 1676 4632 ac
1721 4580 2040 4634 nationibus

454 4664 735 4728 omnibus,
772 4664 977 4733 quibus
1028 4663 1342 4719 Iudaeorum
1392 4666 1539 4722 Deus
1581 4667 1759 4721 fuerat
1798 4669 2038 4739 ignotus,

455 4757 692 4815 salutem
718 4756 953 4811 afferret.
982 4757 1213 4812 Abelqu
1249 4774 1397 4823 vero,
1422 4759 1728 4824 Enochum,
1755 4759 2041 4825 Noemum,

456 4849 851 4913 Abrahamum,
877 4849 1144 4914 Isaacum,
1167 4849 1454 4917 Jacobum,
1490 4850 1751 4922 Moysen),
1785 4852 2045 4907 Davidem

459 4957 526 4998 ae
568 4941 914 4997 Salomonem
963 4942 1076 4996 illic
1120 4944 1380 5012 relictos;
1436 4947 1691 5015 quoniam
1733 4946 2044 5001 Judceorum

460 5033 658 5098 Deum,
689 5034 968 5103 inquiunt,
1004 5046 1366 5105 agnoverunt,
1400 5038 1491 5107 qui
1519 5038 1894 5093 universitatis
1915 5054 2049 5091 con-

460 5127 609 5181 ditor
639 5139 704 5179 ac
740 5125 1043 5181 fabricator
1088 5136 1195 5191 est,
1229 5128 1462 5198 ejusque
1510 5131 1656 5201 leges
1694 5139 1749 5186 et
1800 5132 2050 5186 instituta

463 5217 641 5273 secuti
674 5226 839 5272 sunt:
872 5232 937 5271 ac
980 5232 1088 5272 non
1135 5235 1195 5274 se
1224 5223 1405 5290 potius
1453 5222 1609 5277 alteri
1658 5224 1738 5277 illi
1777 5223 1907 5287 Deo,
1957 5222 2053 5292 qui

463 5307 637 5361 videri
682 5307 860 5362 oculis
899 5310 1112 5379 nequit,
1158 5310 1506 5368 addixerunt.
1555 5312 1676 5367 .Iam
1715 5315 2054 5370 mulierculis

467 5398 784 5469 baptizandi
831 5409 1161 5471 potestatem
1213 5403 1363 5460 facit.
1409 5405 1553 5460 Nihil
1588 5416 1673 5465 est
1721 5408 1869 5463 enim
1910 5410 2057 5480 apud

545 5551 563 5583 ί
592 5553 726 5609 Luc.
767 5569 865 5619 xu,
892 5554 982 5611 50.

2151 4577 2417 4638 Κάῐν,κα“ι
2439 4572 2711 4644 Κορὲ,κα“ι
2738 4571 2931 4632 Δαθάν,
2948 4571 3042 4623 καὶ
3065 4566 3332 4639 Ἀϐηρὼν,
3349 4563 3518 4618 Ἠσαῦ
3537 4581 3596 4616 τε
3641 4563 3736 4616 καὶ

2152 4671 2328 4723 πάντα
2358 4668 2428 4720 τὰ
2466 4666 2591 4735 ἔθνη
2624 4665 2692 4718 τά
2724 4664 2798 4735 μὴ
2824 4662 3174 4732 ἐπεγνωκότα
3194 4661 3285 4713 τὸν
3308 4658 3439 4712 Θεὸν
3463 4656 3570 4709 τῶν
3607 4657 3713 4709 Ἰου

2151 4761 2336 4815 δαίων.
2363 4759 2501 4822 Τοὺς
2524 4758 2578 4810 δὲ
2610 4757 2739 4827 περὶ
2767 4755 2953 4818 Ἀϐελ,
2988 4754 3083 4806 καὶ
3118 4751 3309 4821 Ἑνὼχ,
3346 4750 3439 4802 καὶ
3468 4748 3615 4812 Νῶε,
3648 4746 3737 4800 καλ

2167 4851 2435 4926 Ἀϐραάμ,
2465 4849 2558 4901 καὶ
2594 4847 2797 4911 Ἰσαάκ,
2835 4846 2929 4899 καὶ
2963 4843 3181 4907 Ἰακὼϐ,
3218 4843 3311 4895 καὶ
3339 4840 3598 4904 Μωῦσέα,
3630 4841 3738 4889 Δα-

2156 4946 2241 4999 ϐίδ
2285 4962 2345 4996 τε
2396 4940 2832 5010 καλκΣαλομῶνα
2891 4938 3006 4990 ἐκεῖ
3066 4932 3548 4989 καταλελοιπέναι·
3606 4930 3738 4983 διότι

2157 5037 2492 5105 ἐπέγνωσαν,
2547 5033 2701 5102 φησὶ,
2766 5031 2855 5083 τὸν
2907 5030 3039 5083 Θεὸν
3093 5027 3204 5082 τῶν
3282 5024 3565 5087 Ἰουδαίων,
3615 5022 3740 5076 ὄντα

2159 5129 2389 5199 ποιητὴν
2438 5125 2532 5179 καὶ
2576 5124 2822 5192 κτίστην,
2861 5121 2957 5174 καὶ
3004 5120 3073 5173 τά
3106 5119 3417 5189 καθήκοντα
3447 5114 3615 5169 αὑτοῦ
3645 5132 3714 5168 πε

2161 5226 2421 5291 ποιήκασι
2452 5218 2544 5271 καὶ
2575 5215 2696 5286 οὐχὶ
2724 5215 2801 5285 τῷ
2825 5213 2946 5285 Θεῷ
2977 5212 3057 5283 τῷ
3077 5211 3294 5283 ἀοράτῳ
3315 5207 3543 5269 ἑαυτοὺς
3574 5224 3742 5278 προσ-

2163 5314 2433 5368 ανέθεντο.
2488 5311 2681 5364 Δίδωσι
2731 5309 2821 5361 καὶ
2857 5305 3159 5378 ἐπιτροπὴν
3198 5300 3414 5372 γυναιξὶ
3455 5300 3749 5369 βάπτισμα

2164 5407 2383 5461 διδόναι.
2426 5403 2561 5475 Παρ⁹
2598 5403 2779 5463 αὐτοῖς
2812 5400 2921 5470 γὰρ
2950 5399 3124 5453 πάντα
3158 5394 3355 5467 χλεύης
3382 5391 3622 5463 ἔμπλεα,
3654 5391 3750 5443 καὶ

549 5705 663 5775 (64)
698 5710 999 5784 Νηστεζαγ
1025 5708 1247 5784 δεῖ-καὶΔ
1278 5708 1343 5764 τό
1370 5709 1695 5767 Σάϐϐατον.
1731 5709 1857 5784 Leg.
1910 5726 2020 5765 ttat:

2129 5734 2132 5743 ι
2161 5711 2292 5769 Σάϐ.
2326 5710 2458 5767 Nam
2493 5710 2737 5768 Sabbato
2766 5709 3005 5781 jejunari
3032 5715 3222 5765 contra
3246 5704 3539 5763 Orientalis
3566 5700 3749 5757 Eccle-

480 5776 578 5834 uiae
605 5791 807 5834 morem
833 5780 1061 5850 jubebat
1084 5778 1307 5836 Marcio.
