4156 6358
477 313 572 371 701

1118 314 1487 373 ADVERSUS
1527 317 1872 375 llrERESES
1909 318 2035 373 LIB.
2086 318 2126 372 Ι.
2171 317 2336 376 ΤΟΜ.
2382 317 2472 372 lll.
2512 349 2583 359 —
2621 315 2900 373 HEBES.
2937 315 3096 372 XLll.

3633 321 3745 377 702

473 436 624 489 οὐδὲν
645 435 829 504 ἕτερον
853 451 866 463 ⁸
899 431 1058 486 ὁπότε
1098 434 1192 487 καὶ
1228 434 1296 487 τὰ
1341 435 1617 504 μυστήρια
1655 435 1885 489 ἐνώπιον
1923 454 2038 490 κατ·

2160 437 2284 491 illos
2335 436 2441 493 nisi
2485 437 2724 493 ludibrio
2772 452 2838 492 ac
2882 438 2999 493 risu
3044 438 3456 509 dignissimum,
3505 455 3628 495 cum
3661 443 3748 499 vel

470 527 791 598 ηχουμενων
842 525 1112 578 ἐπιτελεῖν
1143 525 1438 595 τολμῶσιν.
1500 526 1821 580 Ἀνάστασιν
1851 527 1936 595 δὲ,
1981 528 2057 591 ὡς

468 620 642 685 εἶπον,
678 612 832 682 οὗτος
883 617 1032 686 λέγει
1066 617 1187 687 οὐχὶ
1221 619 1512 690 σωμάτων,
1543 619 1680 672 ἀλλὰ
1710 619 1898 690 ψυχῶν
1918 639 1933 653 ο
1961 621 2056 674 καὶ

469 709 744 779 σωτηρίαν
793 707 1019 772 ταύταις
1078 707 1340 778 ὁρίζεται,
1385 708 1506 778 οὐχὶ
1533 712 1646 772 τοῖς
1673 709 1907 780 σώμασι.
1946 710 2056 763 Καὶ

469 796 878 864 μεταγγισμοὺς
937 795 1137 865 ὁμοίως
1171 795 1280 848 τῶν
1321 795 1531 866 ψυχῶν,
1565 799 1658 851 καὶ
1703 816 2056 870 μετενσωμα-

463 884 659 948 τώσεις
696 885 804 938 ἀπὸ
831 886 1100 958 σωμάτων
1131 889 1212 950 είς
1242 886 1469 958 σώματα
1505 891 1724 958 φάσκει.

530 1061 610 1114 E'.
644 1060 991 1131 Πανταχόθεν
1045 1062 1105 1115 δὲ
1152 1062 1340 1114 πίπτει
1368 1064 1400 1133 ἡ
1431 1063 1596 1116 αὐτοῦ
1651 1065 1858 1135 ματαία
1895 1083 2052 1118 κενο-

461 1151 661 1221 φωνίας
688 1152 764 1216 ὡς
801 1153 900 1224 ἤδη
948 1171 1036 1224 μοι
1082 1156 1140 1207 ἐν
1180 1154 1368 1217 ἄλλαις
1415 1156 1658 1226 αἱρέσεσι
1718 1160 2050 1230 πεπραγμά-

458 1261 664 1300 τευται.
700 1244 824 1308 Πῶς
841 1245 947 1315 γὰρ
976 1247 1342 1317 ἀναστήσεται
1371 1249 1403 1316 ἡ
1437 1247 1509 1318 μὴ
1536 1252 1856 1303 πεπτωκυῖα
1871 1251 2046 1322 ψυχή;

472 1333 790 1398 Ἀνὰστασις
820 1336 877 1388 δὲ
924 1334 1041 1400 πῶς
1084 1339 1254 1408 αὐτῆς
1303 1338 1656 1409 κληθήσεται,
1680 1341 1780 1410 τῆς
1833 1343 1907 1413 μὴ
1954 1360 2050 1397 πε-

460 1426 662 1497 σούσης
683 1426 900 1498 ψυχῆς;
948 1430 1064 1482 Πᾶν
1097 1431 1206 1502 γὰρ
1239 1431 1298 1483 τὸ
1328 1431 1525 1483 πίπτον
1558 1432 1905 1498 ἀναστάσεως
1939 1436 2048 1490 δεῖ·

455 1535 567 1571 ται.
609 1519 806 1573 Πίπτει
843 1519 900 1572 δὲ
928 1520 1025 1590 οὐχ
1051 1524 1083 1590 ή
1112 1522 1281 1593 ψυχὴ,
1329 1521 1465 1575 ἀλλὰ
1520 1524 1700 1596 σῶμα.
1737 1527 1898 1579 Ὅθεν
1954 1529 2050 1582 καὶ

454 1609 679 1674 δικαίως
713 1609 913 1682 πτῶμα
952 1612 1147 1684 αύτὺή
1187 1616 1444 1687 συνήθεια
1492 1618 1650 1671 εἴωθε
1698 1608 1903 1684 καλεῖν,
1951 1621 2048 1673 καὶ

454 1702 616 1766 αὐτὸς
663 1703 692 1754 ό
729 1703 932 1773 Κύριος
971 1704 1162 1771 εἰπὼν,
1207 1708 1506 1764 ὃτιὍπου
1534 1710 1601 1764 τὸ
1647 1710 1875 1779 πτῶμα,
1921 1712 2051 1766 ἐκεῖ

2164 529 2444 599 mysteriis
2494 529 2628 598 ipsis
2678 531 2991 587 astantibus
3047 531 3479 596 catechumenis,
3530 535 3748 603 operari

2163 635 2272 672 non
2298 618 2571 674 dubitent.
2599 619 2757 686 Quod
2785 620 2851 674 ad
2875 622 3333 677 resurrectionem
3357 625 3570 690 attinet,
3604 626 3746 682 hanc

2164 710 2256 763 ille
2287 725 2583 780 corporum
2627 728 2749 768 esse
2784 721 2966 783 negat,
3015 712 3094 766 uti
3143 715 3497 771 monuimus:
3532 718 3747 772 anima-

2163 817 2283 856 rum
2315 803 2589 866 concedit,
2623 803 2828 874 quibus
2859 804 2991 860 solis
3029 805 3281 870 salutem,
3320 823 3429 864 non
3463 810 3590 866 item
3621 827 3747 866 cor-

2162 894 2390 963 poribus
2427 895 2856 951 circumscribit.
2894 896 3216 952 Animarum
3252 898 3488 970 denique
3518 903 3588 958 ab
3620 905 3742 963 aliis

2161 984 2215 1038 in
2251 986 2355 1037 alia
2392 1001 2626 1054 corpora
2654 986 3011 1057 migrationes
3038 1001 3102 1040 ac
3133 989 3402 1044 transitus
3441 994 3654 1046 statuit».

2233 1071 2516 1128 V.\'crum
2560 1074 2742 1127 inanis
2779 1088 2843 1127 ac
2874 1073 3105 1128 ridicula
3135 1073 3253 1128 haec
3283 1075 3468 1144 opinio
3495 1078 3643 1131 omni
3673 1094 3743 1132 ex

2161 1171 2316 1233 parte
2356 1162 2619 1228 concidit,
2655 1171 2715 1217 ut
2751 1162 2804 1216 in
2847 1163 2972 1218 aliis
3007 1163 3310 1220 liwresibus
3354 1175 3515 1222 antea
3553 1167 3744 1225 docui-

2159 1273 2304 1311 mus.
2339 1255 2442 1322 Qui
2475 1256 2620 1311 enim
2667 1270 2959 1326 resurgere
3009 1256 3190 1309 anima
3238 1257 3329 1311 illa
3373 1267 3574 1328 potest,
3619 1277 3742 1332 quae

2159 1363 2437 1415 nunquam
2470 1345 2712 1401 corruit?
2743 1345 3049 1411 Quomodo,
3085 1347 3306 1416 inquam
3332 1389 3348 1411 ,
3381 1349 3451 1413 ei,
3479 1366 3598 1418 qua:
3629 1369 3738 1409 non

2157 1440 2376 1504 cecidit,
2415 1438 2748 1494 resurrectio
2771 1437 3066 1492 tribuetur?
3086 1436 3360 1507 Quidquid
3391 1441 3534 1493 enim
3567 1443 3734 1505 cadit,

2157 1529 2567 1584 resurrectione
2593 1542 2734 1598 opus
2760 1527 2944 1580 habet.
2979 1522 3141 1579 Cadit
3171 1535 3356 1580 autem
3394 1541 3504 1580 non
3534 1529 3736 1594 anima,

2156 1621 2252 1676 sed
2291 1636 2511 1690 corpus.
2563 1619 2718 1686 Quod
2755 1619 2960 1674 idcirco
2987 1618 3206 1689 πτῶμα.
3235 1619 3339 1673 hoc
3375 1629 3458 1676 est
3487 1619 3735 1687 cadaver,

2167 1714 2504 1768 consuetudo
2545 1711 2854 1766 communis
2901 1711 3157 1780 appellat,
3192 1711 3436 1782 adeoque
3473 1712 3736 1767 Dominus

451 1792 949 1863 συναχθήσονται
1006 1797 1106 1849 καὶ
1168 1801 1224 1852 οἱ
1263 1799 1446 1855 ἀετοί.
1507 1801 1618 1855 Καί
1671 1801 1781 1872 γὰρ
1821 1805 1879 1855 ὲν
1936 1805 2038 1866 τοῖς

2157 1804 2292 1874 ipse,
2326 1820 2452 1858 cum
2490 1804 2570 1858 sic
2619 1803 2900 1872 loquitur:
2941 1800 3246 1872 Ubicunque
3293 1811 3370 1856 est
3413 1803 3634 1874 πτῶμα,
3681 1803 3734 1857 id

454 1885 734 1957 μνήμασιν
762 1886 821 1940 ού
846 1889 1246 1961 κατακλείομεν
1276 1890 1455 1962 ψυχὰς
1481 1892 1618 1962 (65),
1649 1893 1787 1946 ἀλλὰ
1817 1892 2044 1963 σώματα

451 1980 878 2052 κατατιθέαμεν,
908 1983 966 2035 ὲν
993 1984 1064 2052 γῇ
1110 1981 1549 2053 καταχώσαντες,
1573 1976 1648 2037 ὧν
1687 1989 1719 2052 ἡ
1748 1985 2045 2055 ἀνᾲστασις

449 2071 530 2133 είς
568 2070 762 2127 ἐλπίδα
811 2071 924 2143 ἔχει
977 2073 1038 2126 τὸ
1064 2074 1346 2144 κήρυγμα,
1385 2075 1640 2148 καθάπερ
1674 2077 1703 2128 ὁ
1734 2075 1828 2128 τοῦ
1895 2076 2041 2128 σίτου

449 2163 681 2227 κόκκος·
731 2164 808 2228 ὡς
840 2165 934 2218 καὶ
975 2168 1003 2219 ὁ
1054 2165 1212 2235 ἅγιος
1254 2167 1574 2230 Ἀπόστολος
1603 2169 1701 2239 τὴν
1740 2168 2043 2240 μαρτυρίαν

449 2256 648 2325 ἤνεγκε
668 2257 904 2329 περὶτοῦ
925 2258 1126 2311 κόκκου
1148 2258 1243 2311 τοῦ
1267 2259 1412 2312 σίτου
1431 2259 1526 2312 καὶ
1551 2259 1659 2314 τῶν
1688 2259 1863 2313 ἄλλων
1883 2277 2044 2330 σπερ-

449 2348 665 2407 μάτων·
707 2349 802 2403 καὶ
836 2350 999 2414 αὐτὸς
1022 2351 1077 2403 δὲ
1116 2341 1144 2404 ό
1167 2351 1371 2422 Κύριος
1397 2351 1454 2402 ἐν
1477 2349 1554 2420 τῷ
1582 2351 1899 2422 Εὐαγγελίῳ
1916 2369 1931 2382 ο
1958 2352 2041 2405 ὅτι

458 2441 601 2495 Ἐὰν
631 2440 840 2495 πεσὼν
873 2445 907 2496 ὁ
938 2444 1160 2509 κόκκος
1186 2444 1294 2497 τοῦ
1325 2445 1501 2498 σίτου
1525 2444 1824 2513 ἀποθάνῃ,
1849 2446 2040 2514 μόνος

439 2531 629 2601 μένει.
669 2533 728 2586 Ὀ
770 2534 828 2587 δὲ
885 2533 1040 2603 ἅγιος
1090 2535 1414 2598 Ἀπόστολός
1431 2553 1595 2608 φησιν
1619 2553 1631 2565 ·
1684 2536 1896 2608 ἄφρονα
1930 2536 2040 2608 γὰρ

446 2623 600 2677 καλεῖ
623 2624 714 2677 τὸν
748 2624 976 2679 ἄπιστον
1022 2627 1115 2679 τὸν
1150 2626 1287 2691 ὅλως
1348 2627 1784 2698 ἀμφιϐάλλοντα,
1826 2627 1922 2682 καὶ
1945 2627 2036 2680 λέ-

445 2731 641 2783 γονταο
701 2715 837 2783 Πῶς
870 2718 909 2786 ἡ
957 2717 1298 2784 ἀνάστασις
1333 2719 1592 2788 γίνεται;
1637 2720 1786 2785 ποίῳ
1823 2719 1892 2772 δὲ
1930 2717 2040 2772 σώ-

444 2825 582 2867 ματι
607 2807 930 2877 ἕρχονται;
967 2811 1077 2863 Καὶ
1112 2811 1274 2875 εὐθὺς
1305 2811 1440 2883 πρὸς
1473 2813 1599 2875 τοὺς
1627 2811 1900 2874 τοιούτους
1935 2829 2037 2883 φη-

369 2965 377 2971 _
444 2900 557 2952 aiV'
600 2901 848 2969 Ἄφρων,
875 2901 957 2955 σὺ
980 2901 1011 2954 ὃ
1037 2904 1310 2970 σπείρεις
1331 2905 1402 2956 οὺ
1426 2900 1812 2971 ζὶυογονεῖται,
1830 2901 2033 2971 ἐὰνμὴ

441 2990 741 3059 ἀποθάνῃ.
805 2995 915 3047 Καὶ¹
983 2993 1289 3058 ὲξάπαντος
1347 2995 1547 3061 ἔδειξεν
1601 2997 1633 3065 ὴ
1692 2993 1884 3064 Γραφὴ
1939 2991 2033 3046 τοῦ

441 3085 795 3147 πεπτωκότος
847 3086 1072 3148 κόκκου,
1109 3088 1355 3139 τουτέστι
1389 3086 1482 3139 τοῦ
1538 3085 1792 3156 σώματος
1813 3085 1906 3138 τοῦ
1936 3085 2033 3138 θα-

2147 1903 2232 1950 est
2267 1911 2478 1964 corpus,
2521 1892 2632 1946 illic
2673 1892 3131 1962 congregabantur
3164 1902 3214 1945 et
3255 1892 3450 1961 aquila:
3477 1893 3515 1946 ί.
3549 1891 3735 1960 Neque

2145 1984 2292 2036 enim
2348 1983 2620 2054 sepulcris
2675 1983 2895 2036 animas
2949 1980 3305 2046 includimus,
3359 1981 3453 2036 sed
3502 1996 3734 2051 corpora

2145 2073 2298 2127 lnnni
2352 2073 2572 2128 defossa
2612 2073 2996 2142 componimus
3039 2089 3052 2125 :
3091 2072 3293 2140 quibus
3329 2072 3498 2125 divini
3539 2065 3736 2140 praedii

2143 2168 2359 2222 eatione
2382 2167 2532 2221 verbi
2557 2181 2682 2234 spes
2713 2165 3142 2219 resurrectionis
3165 2164 3509 2220 ostenditur:
3544 2180 3736 2232 que-

2143 2260 2437 2314 admodum
2475 2261 2529 2312 in
2563 2257 2822 2313 frumenti
2848 2273 3042 2328 grano,
3075 2258 3400 2327 caeterisque
3429 2259 3732 2314 seminibus

2142 2352 2385 2406 accidit:
2422 2367 2485 2405 ex
2537 2350 2738 2421 quibus
2774 2348 3072 2418 Apostolus
3117 2350 3183 2403 ad
3225 2349 3382 2403 fidem
3427 2348 3731 2404 faciendam

2141 2443 2388 2512 exempla
2422 2441 2695 2510 producit,
2743 2450 2802 2496 ut
2831 2449 2886 2497 et
2920 2441 3148 2512 ipsemet
3195 2441 3250 2495 in
3289 2441 3582 2511 Evangelia
3623 2443 3734 2498 Do-

2141 2537 2323 2590 minus
2357 2553 2370 2588 :
2405 2533 2550 2598 Nisi,
2577 2535 2777 2604 inquit,
2809 2551 3032 2604 granum
3058 2533 3310 2602 frumenti
3336 2533 3528 2588 cadens
3557 2535 3610 2588 in
3637 2544 3734 2588 ter-

2140 2645 2257 2681 ram
2284 2636 2548 2680 mortuum
2571 2628 2753 2695 fuerit,
2780 2629 2953 2696 ipsum
2992 2626 3164 2681 solum
3198 2637 3373 2681 manet
3396 2629 3436 2681 '.
3465 2627 3628 2699 306
3665 2631 3734 2682 At

2140 2719 2442 2788 Apostolus
2475 2734 2600 2773 cum
2639 2719 2779 2774 idem
2817 2727 3203 2788 argumentum
3239 2728 3560 2788 pertractat,
3597 2722 3735 2774 iusi-

2140 2811 2376 2880 pienlem
2414 2826 2540 2864 eum
2571 2811 2826 2880 appellat,
2866 2811 2961 2881 qui
3001 2826 3108 2865 non
3148 2811 3346 2875 credit,
3383 2819 3477 2865 aut
3507 2813 3733 2866 omnino

2139 2903 2402 2957 hwsitans
2433 2903 2765 2972 interrogat:
2799 2902 3077 2966 Quomodo
3107 2903 3167 2971 ﬁt
3203 2903 3733 2974 resurrectio?quah’

2138 3005 2314 3047 autem
2353 3009 2568 3061 corpore
2615 2995 2860 3049 venient?
2893 2993 2968 3046 Ac
3013 2995 3198 3048 statim
3251 3003 3442 3048 contra
3497 2995 3616 3049 illos
3650 2996 3731 3050 sic

2138 3085 2418 3154 disputat:
2459 3085 2743 3155 lnsipiens,
2778 3096 2834 3138 tu
2862 3087 3000 3155 quod
3030 3088 3259 3140 seminus
3281 3103 3383 3139 non
3409 3088 3727 3154 vivi/icatur,

440 3176 733 3246 πτομένου,
791 3178 885 3229 καὶ
951 3179 1010 3230 ού
1051 3177 1228 3248 ψυχῆς
1271 3179 1370 3248 τὴν
1418 3180 1716 3232 ἀνάστασιν
1765 3177 2030 3246 γίνεσθαι.

2141 3176 2239 3229 nisi
2258 3175 2406 3242 prius
2437 3177 2700 3228 moriatur
2725 3177 2771 3228 ³.
2807 3175 2927 3241 Qua
2960 3191 3026 3230 ex
3069 3175 3369 3244 Scriptura:
3403 3181 3731 3232 auctoritate

440 3269 564 3332 Πῶς
613 3269 671 3321 δὲ
724 3269 871 3341 ψυχὴ
928 3269 1208 3323 ἐλεύσεται
1268 3272 1435 3341 μόνη;
1483 3271 1601 3334 πῶς
1632 3271 1689 3323 δὲ
1725 3269 2030 3340 βασιλεύσει

441 3359 630 3430 μόνηὴ
659 3360 794 3431 ὁμοῦ
825 3362 920 3413 σὺν
945 3359 1158 3430 σώματι
1187 3362 1538 3432 ἐργασαμένη
1563 3361 1622 3413 τὸ
1647 3361 1854 3414 δίκαιον
1901 3359 1932 3430 ἢ
1969 3359 2030 3412 τὸ

439 3451 674 3518 (patilo);
706 3450 860 3504 ἔσται
889 3453 998 3523 γὰρ
1032 3452 1252 3505 ἐναντία
1287 3454 1380 3506 καὶ
1411 3454 1472 3505 ού
1505 3452 1694 3506 δικαία
1746 3454 1780 3523 ἡ
1820 3453 2023 3524 κρίσις.

2140 3266 2298 3336 plane
2353 3265 2487 3320 illud
2542 3267 2926 3337 intelligimus,
2969 3282 3142 3338 grano
3193 3267 3272 3320 illi
3311 3267 3462 3338 quod
3505 3269 3728 3333 cecidit,

2140 3357 2243 3411 hoc
2272 3366 2357 3412 est
2390 3358 2716 3426 consepulto
2751 3360 2991 3428 corpori,
3044 3374 3152 3412 non
3206 3361 3423 3424 animaa,
3477 3375 3729 3416 resurre-

2137 3452 2372 3504 ctionem
2405 3464 2530 3505 esse
2557 3450 2971 3506 vindicandam.
3000 3450 3214 3506 Etenim
3241 3452 3516 3521 quomodo
3544 3452 3728 3506 anima

436 3545 552 3599 sola
587 3547 818 3607 veniret,
868 3555 963 3599 aut
1014 3562 1244 3616 regnare
1299 3547 1414 3602 sola
1469 3555 1678 3618 posset,
1736 3563 1859 3619 qua:
1928 3562 2052 3601 cum
2095 3561 2330 3615 corpore
2369 3546 2516 3614 quod
2550 3546 2759 3616 justum
2795 3548 2892 3616 _vel
2940 3547 3146 3603 malum
3200 3553 3286 3602 est
3363 3547 3730 3603 communiter

435 3642 715 3696 exercuit?
758 3642 918 3696 Esset
956 3642 1158 3712 quippe
1200 3643 1431 3712 justitize
1478 3643 1706 3699 minime
1733 3653 2167 3699 consentaneum
2205 3650 2262 3696 et
2293 3642 2555 3697 alienum.

507 3739 599 3804 ς’.
631 3736 756 3800 Πῶς
785 3737 843 3790 δὲ
874 3737 1273 3809 συσταθήσεται
1307 3741 1334 3792 ὁ
1365 3741 1492 3810 παρ’
1544 3739 1692 3811 αύτῷ
1737 3739 2025 3810 Μαρκίωνι

433 3826 603 3898 τριῶν
641 3827 825 3900 ἀρχῶν
853 3828 1045 3897 λόγοςς
1112 3829 1238 3893 Πῶς
1278 3829 1335 3882 δὲ
1373 3832 1400 3883 ὀ
1429 3830 1632 3898 ἀγαθὸς
1670 3830 2025 3903 εὑρεθήσεται

435 3922 494 3974 ὲν
529 3924 640 3984 τοῖς
661 3920 756 3974 τοῦ
795 3922 1001 3990 φαύλου
1037 3923 1258 3994 μέρεσιν
1301 3923 1460 3994 ἔργον
1485 3925 1749 3978 ἐπιτελῶν
1781 3925 1814 3996 ἢ
1845 3943 2022 3996 σωτη-

436 4013 578 4086 ρίας,
614 4013 647 4085 ἢ
700 4013 812 4068 τῶν
865 4014 1079 4081 ἄλλων;
1111 4017 1174 4069 Εἰ
1219 4015 1328 4086 γὰρ
1353 4018 1456 4070 οὐκ
1505 4017 1670 4070 αὑτοῦ
1700 4019 1959 4088 τυγχάνει
1995 4018 2024 4070 ὁ

432 4106 657 4177 κόσμος,
702 4107 991 4161 ἀπέστειλε
1055 4109 1112 4162 δὲ
1163 4109 1330 4164 αὑτοῦ
1379 4112 1470 4163 τὸν
1513 4109 1793 4180 Μονογενῆ
1819 4113 1900 4174 εις
1928 4111 2022 4166 τὸν

431 4199 638 4270 κόσμον
650 4199 837 4252 λαϐεῖν
855 4202 919 4253 ἐκ
937 4199 1030 4252 τοῦ
1053 4199 1260 4272 κόσμου
1273 4199 1368 4254 τοῦ
1387 4200 1690 4272 ἀλλοτρίου,
1713 4201 1750 4254 ἃ.
1769 4200 1843 4272 μὴ
1859 4201 2022 4266 αὐτὸς

431 4292 676 4364 ἔσπειρε,
705 4292 841 4363 μηδὲ
864 4291 1140 4364 ἐποίησενο
1168 4293 1572 4366 εὑρεθήσεταιῆ
1593 4293 1702 4348 τῶν
1727 4293 2022 4366 ἀλλοτρίων

431 4384 790 4454 ὲφιέμενος,ἢ
821 4385 1014 4438 πενίαν
1043 4385 1434 4456 ὑφιστάμενος,
1474 4387 1568 4440 καὶ
1597 4386 1703 4440 ἴδια
1747 4387 1820 4458 μὴ
1857 4387 2017 4458 ἔχων,

430 4475 526 4528 ἐπὶ
557 4474 628 4528 τὰ
659 4474 917 4547 ἀλλότρια
939 4475 1132 4528 ἑαυτὸν
1162 4477 1448 4540 ἐπιδιδοὺς,
1475 4478 1624 4541 ὅπως
1649 4477 1828 4548 ἐαυτῷ
1856 4495 2023 4549 προσ-

2208 3735 2299 3790 τι.
2347 3737 2484 3791 Nam
2529 3738 2726 3809 triplex
2772 3737 2905 3792 illud
2948 3737 3242 3792 Marcmnis
3273 3737 3600 3808 principium
3631 3752 3724 3792 co-

2135 3825 2343 3881 haerere
2377 3843 2489 3897 quo
2517 3828 2738 3882 demum
2773 3834 2937 3896 pacto
2969 3827 3206 3896 poterit?
3242 3826 3347 3891 Qui
3391 3835 3572 3881 autem
3607 3825 3723 3881 ﬁeri

2134 3924 2340 3986 potest,
2370 3925 2430 3972 ut
2456 3919 2554 3988 qui
2585 3918 2763 3972 bonus
2793 3918 2886 3982 sit,
2920 3917 2973 3970 in
2998 3917 3290 3973 deterioris
3314 3918 3560 3988 partibus
3583 3933 3722 3988 opus

2132 4010 2392 4064 moliatur
2423 4011 2615 4076 ullum,
2656 4011 2802 4080 quod
2835 4010 2902 4064 ad
2940 4011 3172 4064 salutem
3215 4020 3271 4065 et
3308 4012 3360 4065 id
3414 4027 3588 4082 genus
3616 4011 3722 4066 alia

2131 4100 2439 4168 pertineat?
2480 4098 2537 4154 Si
2572 4100 2717 4154 enim
2756 4115 2866 4154 non
2903 4099 3078 4169 ipsius
3110 4100 3408 4169 peculiaris
3439 4109 3521 4156 est
3557 4117 3721 4156 mun-

2131 4191 2256 4254 dus,
2287 4201 2342 4247 et
2371 4193 2424 4245 in
2451 4192 2705 4247 eumdem
2736 4193 3026 4262 unigenam
3043 4207 3202 4247 suum
3232 4191 3592 4248 nihilominus
3619 4194 3722 4247 im-

2131 4283 2302 4347 misit,
2341 4293 2401 4338 ut
2435 4300 2501 4339 ex
2547 4284 2726 4339 alieno
2771 4283 2978 4338 mundo
3024 4285 3170 4354 quod
3217 4301 3316 4340 nec
3347 4297 3581 4352 severat,
3617 4305 3720 4345 nec

2129 4375 2358 4440 fecerat,
2392 4376 2635 4432 auferret
2668 4397 2681 4433 :
2721 4393 2953 4434 necesse
2986 4385 3071 4433 est
3105 4378 3258 4432 illum
3294 4381 3380 4435 vel
3411 4381 3720 4436 alienorum

2128 4470 2445 4540 cupiditate,
2489 4471 2575 4526 vel
2620 4471 2849 4540 penuria
2889 4471 3142 4527 laborare
3175 4491 3189 4526 :
3231 4482 3291 4526 ut
3325 4489 3448 4528 cum
3481 4474 3718 4544 propriis

429 4572 726 4642 πορίσηται
743 4571 778 4625 ἃ
796 4571 868 4642 μὴ
889 4572 1154 4643 πρότερον
1173 4571 1306 4642 ἔχει.
1329 4571 1452 4637 Πῶς
1468 4572 1523 4625 δὲ
1549 4571 1742 4643 κριτὴς
1753 4571 2025 4642 ἀναμέσον

2141 4570 2336 4629 careat,
2383 4563 2436 4617 in
2467 4577 2530 4618 ea
2562 4579 2686 4634 quae
2721 4563 2949 4621 alterius
2994 4572 3146 4630 sunt,
3191 4580 3387 4621 manus
3434 4567 3715 4630 immittat,

431 4665 757 4736 ἀμφοτέρων
781 4667 1124 4736 γενήσεταιὸ
1155 4665 1525 4737 Δημιουργός;
1555 4659 1689 4718 Εἶτα
1727 4664 1876 4728 τίνας
1910 4663 2024 4734 ἔχει

430 4759 648 4828 κρῖναις
680 4758 744 4810 Ei
777 4757 887 4828 γὰρ
935 4757 1046 4811 τῶν
1074 4757 1184 4811 ἀπὸ
1227 4757 1322 4811 τοῦ
1364 4758 1476 4811 ἄνω
1525 4756 1735 4811 σκευῶν
1761 4755 2022 4825 δικαστὴς

430 4849 850 4922 προκαθέζεται,
886 4850 1059 4921 ἰσχύει
1082 4852 1222 4922 ὑπὲρ
1251 4851 1341 4904 τὸν
1364 4851 1506 4904 ἄνω·
1531 4850 1718 4922 ἐπειδὴ
1752 4848 1908 4922 φέρει
1939 4850 2020 4913 εἰς

431 4939 596 5010 μέσον
622 4939 733 4992 τῶν
768 4939 935 4994 αὑτοῦ
966 4941 1266 5011 κριτηρίων
1289 4940 1360 4994 τὰ
1391 4941 1488 4994 τοῦ
1531 4941 1645 4996 ἄνω
1674 4941 2014 5011 ὑπάρχοντα,

425 5028 500 5091 ὡς
540 5028 620 5098 τῷ
664 5029 952 5101 Μαρκίωνι
993 5029 1162 5096 ἔδοξε.
1193 5031 1302 5083 Καὶ
1343 5032 1390 5082 εί
1424 5031 1561 5094 ὅλως
1589 5031 1782 5103 κριτὴς
1813 5031 2042 5100 τυγχάη

426 5136 529 5181 νει,
559 5120 767 5185 δίκαιός
798 5122 933 5176 ἐστι.
960 5122 1234 5192 Δείξωμεν
1255 5122 1312 5175 δὲ
1341 5121 1555 5176 ἀπὸτοῦ
1583 5122 1792 5176 δικαίου
1819 5121 2016 5192 ὀνόμα-

425 5228 539 5275 τος,
569 5214 651 5266 ὅτι
673 5214 868 5268 ταυτόν
884 5215 1001 5268 ἐστι
1024 5215 1086 5267 τὸ
1111 5214 1314 5283 ἀγαθὸν
1332 5217 1426 5268 καὶ
1457 5215 1518 5268 τὺ
1532 5215 1758 5268 δίκαιον.
1776 5215 1891 5268 Πᾶν
1911 5213 2017 5284 γὰρ

425 5301 456 5354 ὃ
478 5302 685 5356 δίκαιόν
704 5305 841 5367 ἐστι,
869 5302 1027 5357 τοῦτο
1061 5305 1154 5358 καὶ
1194 5303 1424 5373 ἀγαθόν.
1477 5304 1610 5357 Ἀπὸ
1634 5304 1742 5376 γὰρ
1755 5303 1851 5357 τοῦ
1881 5305 2018 5370 ἁγα-

429 5391 521 5446 θὸν
570 5390 711 5448 εἶναι
756 5395 817 5448 τὺ
838 5395 1044 5464 ἀγαθὸν
1083 5397 1370 5468 χαρίζεται
1412 5397 1639 5461 δικαίως
1693 5396 1830 5468 μετὰ
1885 5396 2017 5466 ἄλη-

2127 4670 2238 4726 quo
2272 4655 2375 4710 sibi
2409 4670 2530 4726 qua:
2565 4665 2729 4712 antea
2760 4671 2872 4711 non
2903 4656 3140 4713 habebat
3168 4667 3421 4727 usurpet.
3451 4658 3718 4713 Conditor

2125 4766 2290 4822 porro
2326 4750 2604 4821 quomodo
2643 4751 2791 4806 inter
2827 4758 3092 4824 utrosque
3125 4751 3416 4821 judicabit,
3452 4761 3547 4806 aut
3579 4768 3717 4816 (ιιιο-

2124 4856 2246 4894 rum
2292 4839 2520 4894 omnino
2556 4855 2780 4896 causam
2826 4839 3194 4911 disceptabit?
3245 4840 3303 4894 Si
3349 4841 3494 4895 enim
3524 4840 3591 4895 de
3621 4842 3712 4906 iis,

2121 4947 2246 5003 quae
2276 4932 2330 4986 in
2365 4931 2613 5002 supremi
2660 4932 2812 4988 illius
2855 4932 3204 5004 possessione
3249 4941 3400 4996 sunt,
3444 4931 3714 4998 judicium

2123 5033 2398 5086 exerceat,
2431 5023 2537 5079 erit
2571 5039 2829 5092 supremo
2878 5024 2972 5079 illo
3014 5023 3332 5094 potentior:
3378 5031 3566 5094 utpote
3619 5023 3713 5094 qui

2125 5132 2247 5187 qua
2281 5116 2400 5184 ejus
2442 5124 2573 5173 sunt
2613 5131 2775 5171 suum
2821 5117 2889 5172 ad
2940 5115 3183 5170 tribunal
3235 5115 3715 5186 cognitionemque

2127 5209 2452 5276 transferat,
2503 5219 2564 5264 ut
2599 5209 2822 5281 quidem
2873 5208 3138 5264 Marciani
3188 5208 3420 5262 videtur.
3467 5205 3624 5272 Quod
3666 5206 3711 5261 si

2119 5301 2290 5372 judex
2320 5309 2426 5367 est,
2462 5303 2688 5358 omnino
2722 5303 2907 5373 justus
2939 5300 3132 5356 itidem
3169 5300 3243 5356 sit
3270 5306 3504 5371 oportet.
3541 5297 3708 5366 Atqui

2125 5409 2193 5449 ex
2236 5395 2358 5466 ipso
2394 5395 2532 5466 justi
2576 5396 2800 5452 nomine
2830 5395 3034 5451 bonum
3066 5409 3131 5450 ac
3156 5393 3367 5464 justum
3404 5391 3552 5450 idem
3589 5405 3713 5448 esse

503 5509 520 5539 ¹
582 5509 717 5565 Luc.
755 5525 890 5576 xvii,
920 5512 1012 5568 57.
1090 5515 1110 5544 ⁸
1137 5510 1299 5568 Joan.
1331 5528 1430 5577 xu,
1459 5511 1550 5567 9.4.
1626 5511 1648 5543 ³
1673 5510 1691 5564 ι
1714 5511 1841 5566 Cor.
1870 5527 1961 5578 xv,
1997 5511 2090 5575 55,
2119 5511 2208 5570 56.

504 5623 616 5695 (65)
657 5627 739 5680 οὐ
765 5626 1198 5696 κατακλείομεν
1221 5625 1446 5696 ψυχάς.
1483 5625 1638 5692 Quod
1660 5623 1865 5681 ethnici
1902 5624 2036 5679 certi

2141 5623 2302 5682 ilibus
2330 5625 2620 5680 faciebant.
2657 5623 2793 5681 Hinc
2828 5640 2887 5680 ιιι
2916 5623 3134 5679 Eueni.
3162 5637 3184 5678 λ

2016 5713 2367 5786 Animamqne
2410 5715 2656 5771 seruili-ro

1601 5781 1901 5837 Conditum.
