4156 6358
437 394 543 450 ros
1122 353 1129 360 ’
1752 364 1756 369 ’
1865 393 1922 448 s.
1967 393 2019 446 ιιι

2126 393 2310 447 ΙΙΑΝΠ
3609 387 3716 444 704

438 510 963 567 demonstrabimus.
1025 507 1299 580 Quidquid
1353 508 1498 563 enim
1544 509 1752 578 justum
1811 521 1916 575 est,
1973 511 2019 564 id

2133 510 2281 572 θείας
2307 508 2384 579 τῷ
2414 506 2594 575 ἀγαθά
2624 508 2885 578 δράσαντι
2905 524 2918 537 ⁸
2963 508 3057 560 καὶ
3088 505 3272 559 οὐκέτι
3299 503 3448 558 ἔσται
3497 503 3634 575 πρὸς
3654 500 3716 556 τὸ

393 642 398 646 -
438 605 604 658 etiam
645 611 730 659 est
761 603 988 659 bonum.
1029 601 1105 655 Ex
1152 617 1220 657 eo
1253 601 1456 672 quippe
1497 601 1642 670 quod
1693 603 1896 656 bonum
1936 605 2027 668 sit,

440 695 543 749 hoc
581 695 764 761 habet,
804 701 864 748 ut
909 695 959 749 ei
997 695 1089 763 qui
1131 693 1272 747 bona
1321 693 1535 756 fecerit,
1565 693 1714 762 juste
1754 709 1817 748 ac
1850 695 2028 764 reipsa

437 789 642 842 bonum
675 785 957 857 rependat.
985 785 1167 851 Quare
1195 784 1338 855 quod
1368 784 1571 838 bonum
1604 792 1688 839 est
1720 784 1864 839 bono
1893 801 2026 838 con-

438 880 670 933 trarium
703 893 815 932 non
845 880 984 946 erit;
1018 877 1151 933 illud
1184 878 1418 942 scilicet,
1469 878 1611 947 quod
1660 886 1715 931 et
1749 877 1894 932 bono
1932 877 2029 931 bo-

438 986 569 1059 num
597 985 663 1023 ex
702 970 916 1040 justitia
966 971 1198 1032 tribuat,
1235 979 1287 1024 ct
1325 969 1468 1022 malo
1493 968 1706 1022 debitas
1737 983 1928 1038 positas
1962 982 2026 1020 ac

438 1063 709 1133 supplicia
757 1064 1076 1118 constituat.
1128 1060 1386 1116 Vicissim
1421 1076 1552 1114 vero
1586 1076 1686 1115 nec
1724 1061 1812 1115 ille
1849 1061 2026 1117 bonus

436 1155 565 1216 erit,
604 1153 697 1222 qui
729 1169 856 1209 eum
897 1154 989 1223 qui
1027 1152 1205 1206 malus
1237 1153 1309 1206 sit
1338 1153 1393 1205 in
1425 1152 1528 1206 fine
1564 1151 1804 1222 przetniis
1838 1151 2022 1218 adicit,

437 1246 545 1300 nisi
576 1244 716 1300 forte
750 1246 1077 1316 resipuerit;
1111 1245 1363 1314 quamvis
1403 1243 1567 1298 modo
1594 1259 1751 1312 super
1777 1245 1936 1298 bonos
1965 1262 2027 1297 ac

436 1337 609 1391 malos
642 1338 773 1391 oriri
805 1337 968 1391 solem
1014 1353 1168 1390 suum
1202 1336 1390 1405 faciat,
1421 1346 1574 1406 atque
1611 1336 1832 1389 imbrem
1873 1352 2025 1388 suum

439 1428 702 1498 largiatur
737 1431 751 1460 ¹
793 1448 806 1484 :
839 1436 1065 1500 prOpter
1097 1445 1216 1482 eam
1252 1444 1374 1498 qua:
1409 1429 1462 1482 in
1504 1428 1664 1483 malis
1699 1428 1926 1498 perinde
1961 1443 2025 1481 ac

436 1522 600 1580 bonis
623 1523 870 1577 cernitur
897 1521 1110 1575 arbitrii
1137 1521 1470 1575 liber-tatem.
1501 1518 1688 1589 Neque
1711 1520 1855 1574 enim
1881 1520 2023 1573 bona

435 1615 556 1684 ejus
583 1631 704 1670 esse
737 1623 934 1668 natura
967 1622 1166 1684 potest,
1197 1613 1289 1682 qui
1323 1612 1378 1666 in
1410 1611 1596 1665 futuro
1623 1613 1823 1666 sreculo
1852 1612 2025 1666 scele-

434 1717 557 1762 rato
589 1709 827 1777 cuipiam
860 1706 1166 1759 mercedem
1201 1705 1396 1759 salutis
1427 1703 1698 1763 conferat.
1733 1720 1835 1758 nec
1866 1704 2025 1774 quid-

435 1797 567 1870 quid
597 1799 796 1852 malum
828 1803 912 1853 est
947 1796 1130 1866 potius
1168 1805 1504 1849 exsecretur.
1548 1793 1683 1847 Nam
1722 1793 1882 1864 307
1917 1803 2026 1848 ter—

2135 601 2341 670 ἀγαθὸν
2392 601 2647 663 ἐναντίως
2710 599 2790 671 τῷ
2835 599 3045 669 ἀγαθῷ,
3083 599 3225 652 κατά
3269 595 3617 665 δικαιοσύνην
3657 595 3717 649 τὺ

2135 693 2338 762 ἀγαθὸν
2368 691 2449 759 τῷ
2482 689 2670 760 ἀγαθῷ
2700 690 2980 762 παρέχων,
3024 690 3118 743 καὶ
3155 688 3234 760 τῷ
3263 687 3451 757 φαύλῳ
3477 685 3575 756 τὴν
3597 687 3717 738 ὲπι-

2134 781 2325 851 τιμίαν
2375 781 2475 851 τῆς
2536 780 2829 850 τιμωρίας.
2873 781 3011 832 Οὐδὲ
3062 778 3222 831 πάλιν
3254 775 3454 844 ἀγαθὸς
3483 774 3548 829 ἂν
3573 775 3658 841 εἴη
3687 775 3716 825 ό

2129 873 2216 943 τῷ
2263 871 2484 943 πονηρῷ
2517 871 2609 924 τὸν
2647 871 2855 939 ἀγαθὸν
2893 870 3082 942 μισθὸν
3126 871 3218 922 ἐπὶ
3249 869 3327 938 τῷ
3357 867 3496 920 τέλει
3529 865 3718 920 ἀποδι-

2131 965 2275 1029 δοὺς,
2310 965 2383 1035 μὴ
2413 964 2764 1033 μετανοοῦντι
2787 981 2798 994 ·
2843 966 2890 1016 εί
2917 963 3011 1016 καὶ
3045 965 3100 1016 ἐν
3122 961 3198 1032 τῷ
3222 960 3450 1030 παρόντι
3473 956 3719 1012 ἀνατέλ-

2128 1061 2224 1111 λοι
2270 1057 2455 1111 αὐτοῦ
2498 1058 2607 1111 τὸν
2637 1058 2816 1124 ἥλιον
2857 1058 2953 1110 ἐπὶ
3001 1055 3262 1124 ἀγαθοὺς
3292 1054 3384 1105 καί
3420 1054 3713 1120 φαύλους,

2129 1149 2227 1202 καὶ
2279 1149 2385 1202 τὸν
2424 1151 2602 1202 ὑετόν
2622 1151 2808 1203 αὐτοῦ
2833 1148 3102 1218 παρέχοι,
3139 1147 3224 1200 διὰ
3246 1148 3306 1200 τὸ
3330 1147 3423 1199 νῦν
3459 1145 3714 1209 αὐτεξού-

2131 1259 2265 1303 σιον,
2293 1244 2408 1305 τοῖς
2433 1260 2492 1294 τε
2517 1245 2772 1314 πονηροῖς
2797 1243 2888 1294 καὶ
2914 1241 3136 1309 ἀγαθοῖς
3158 1239 3482 1311 ἀνθρώποις.
3515 1239 3714 1310 Ἀγαθὴ

2128 1333 2238 1405 γὰρ
2257 1334 2438 1387 οὐκέτι
2466 1334 2617 1388 ἔσται
2637 1335 2820 1405 φύσις,
2841 1337 2934 1388 καὶ
2951 1334 3132 1387 δικαία
3150 1333 3243 1386 τοῦ
3266 1333 3342 1403 τῷ
3364 1332 3584 1402 πονηρῷ
3622 1350 3712 1401 μι-

2131 1427 2254 1480 σθὸν
2286 1429 2342 1480 ὲν
2376 1426 2452 1498 τῷ
2490 1428 2736 1499 μέλλοντι
2759 1428 2912 1481 αἰῶνι
2946 1427 3216 1498 σωτηρίας
3241 1426 3592 1496 παρέχοντος,
3618 1426 3714 1478 καὶ

2127 1519 2188 1572 οὑ
2226 1519 2428 1590 μᾶλλον
2477 1521 2765 1590 μισοῦντες
2811 1521 2870 1573 τὸ
2902 1519 3138 1590 πονηρὸν
3178 1521 3272 1573 καὶ
3306 1518 3528 1588 φαῦλον.
3570 1518 3626 1570 Ὀ
3655 1517 3714 1571 δὲ

2125 1611 2308 1681 τρίτος
2337 1613 2724 1684 εὑρισκόμενος
2759 1615 2886 1684 παρ’
2913 1612 3060 1683 αὑτῷ
3105 1611 3360 1682 πονηρὸς,
3393 1611 3440 1663 εἰ
3475 1611 3587 1680 ἔχει
3614 1609 3713 1680 τὴν

2129 1704 2380 1770 ἐξουσίαν
2409 1706 2474 1758 τὰ
2515 1706 2727 1776 πονηρά
2759 1706 3110 1778 ἐργάζεσθαι.
3140 1706 3232 1757 καὶ
3264 1702 3579 1774 κατισχύειν
3604 1702 3714 1756 τῶν

2129 1797 2186 1847 ἐν
2240 1795 2320 1866 τῷ
2377 1797 2588 1866 κόσμῳ,
2623 1797 2655 1868 ἢ
2687 1796 2795 1849 τῶν
2825 1795 3033 1850 ἄνωθεν
3065 1795 3306 1862 ἀγαθῶν,
3356 1797 3388 1864 ἢ
3419 1795 3512 1846 τοῦ
3545 1793 3713 1863 μέσον

437 1892 551 1944 tius
602 1889 713 1954 ille,
763 1888 856 1958 qui
905 1902 933 1941 a
985 1885 1263 1940 Marcione
1298 1885 1520 1955 ponitur
1560 1885 1760 1950 malus,
1803 1886 1847 1940 si
1886 1885 2019 1937 male

2127 1886 2358 1947 δικαίου,
2390 1887 2746 1957 εὑρεθήσεται
2781 1888 3128 1957 ἰσχυρότερος
3151 1880 3304 1948 οὗτος
3329 1884 3422 1936 δύο
3456 1883 3714 1938 θεῶντῶν

440 1981 637 2053 agendi
675 1988 946 2051 potestate
1003 1979 1264 2050 praeditus
1316 1987 1420 2041 est,
1473 1985 1636 2047 atque
1688 1993 1782 2032 eos
1831 1977 1924 2046 qui
1970 1977 2023 2030 in

437 2073 644 2130 mundo
673 2082 822 2136 sunt,
868 2079 962 2125 aut
995 2087 1025 2126 e
1056 2073 1200 2125 coelo
1239 2071 1449 2141 delapsi
1500 2080 1647 2135 sunt,
1704 2071 1898 2135 honos,
1931 2079 2024 2123 aut

434 2167 772 2222 mediocrem
801 2166 1012 2235 justum
1050 2179 1367 2234 expugnare
1407 2170 1606 2232 potest,
1648 2163 1865 2218 duobus
1898 2167 2024 2216 reli-

433 2259 558 2330 quis
594 2257 700 2312 diis
736 2257 840 2312 erit
878 2255 1171 2326 potentior,
1211 2255 1414 2324 quippe
1450 2255 1542 2324 qui
1577 2255 1752 2309 aliena
1787 2271 1881 2324 per
1914 2255 2020 2306 vim

432 2350 605 2418 possit
636 2348 863 2417 eripere.
899 2346 989 2400 Isti
1037 2361 1184 2408 vero,
1228 2347 1275 2400 si
1321 2361 1446 2400 eum
1486 2345 1578 2398 illo
1609 2355 2018 2414 comparentur,

2127 1980 2278 2050 παρὰ
2323 1979 2610 2050 Μαρκίωνι
2655 1979 3000 2048 λεγομένων⁸
3043 1977 3228 2047 ἐπειδὴ
3273 1977 3575 2042 ἐξουσιάζει
3623 1977 3716 2047 ἀρ-

2126 2072 2318 2136 πάζειν
2339 2071 2414 2124 τὰ
2456 2071 2733 2142 ἀλλότρια.
2773 2073 2882 2125 Καὶ
2915 2072 3165 2141 ἀδρανεῖς
3194 2069 3378 2122 λοιπὸν
3399 2069 3714 2138 καταπίοι-

2126 2162 2414 2231 σθήσονται
2445 2163 2493 2213 οἰ
2530 2160 2622 2213 δύο
2653 2161 2803 2233 παρὰ
2847 2160 2939 2212 τὸν
2963 2161 3059 2212 ἒνα
3096 2159 3354 2228 πονηρὸν,
3379 2159 3430 2209 oi
3459 2158 3532 2228 μὴ
3553 2156 3716 2210 δυνά-

2126 2271 2275 2324 μενοι
2333 2254 2600 2324 ἀντέχειν.
2653 2254 2748 2305 καὶ
2795 2251 3020 2324 ῥύεσθαι
3066 2251 3174 2304 ἀπὸ
3225 2250 3319 2302 τοῦ
3370 2248 3713 2320 ἁρπάζοντος

2121 2344 2188 2397 τὰ
2232 2343 2411 2396 αὑτῶν
2436 2344 2586 2406 ὄντα,
2614 2344 2706 2395 καὶ
2735 2346 2813 2406 είς
2846 2343 3110 2414 πονηρίαν
3141 2340 3570 2413 μεταϐάλλοντος

432 2443 613 2514 ignavi
643 2450 696 2497 et
728 2440 1292 2496 imbecilles-habendi
1325 2451 1496 2495 sunt:
1532 2442 1625 2511 qui
1661 2443 1880 2512 quidem
1920 2443 2178 2496 resistere
2232 2449 2528 2509 nequeant,
2587 2456 2794 2511 suaque
2849 2440 2918 2494 ab
2949 2441 3115 2505 illius,
3159 2439 3254 2509 qui
3301 2452 3364 2492 ea
3409 2437 3618 2508 rapiat,
3659 2445 3714 2493 et

430 2535 598 2590 insita
639 2535 740 2590 sibi
773 2535 1038 2604 pravitate
1065 2545 1402 2603 corrumpat,
1439 2533 1639 2602 injuria
1671 2532 1975 2587 vindicare.

503 2625 617 2680 VII.
653 2625 856 2681 Verum
888 2635 945 2680 ut
979 2626 1212 2696 improbi
1244 2626 1535 2680 nebulonis
1564 2627 1755 2680 inanes
1790 2640 1853 2678 ac
1885 2625 2018 2678 ridi-

431 2723 586 2777 culas
617 2723 828 2791 fabulas
859 2723 1031 2792 magis
1059 2723 1342 2792 magisque
1368 2723 1703 2787 refellamus,
1731 2723 1836 2776 alia
1870 2720 2014 2775 istud

429 2817 644 2872 ratione
667 2816 1132 2870 considerandum
1158 2826 1261 2871 est.
1291 2815 1501 2868 Etenim
1533 2815 1576 2869 si
1603 2815 1778 2870 malus
1804 2816 1894 2869 ille
1924 2831 2016 2884 pc—

429 2911 579 2964 nitus
617 2909 792 2962 malus
817 2922 921 2974 est,
958 2918 1011 2962 ct
1051 2924 1079 2961 a
1118 2910 1258 2962 bono
1306 2907 1664 2963 nihilominus
1714 2908 1883 2962 bonos
1916 2924 2014 2961 au-

431 3003 591 3066 ferat,
632 3003 810 3070 justos
853 3019 883 3056 a
940 3004 1114 3070 justo,
1151 3001 1299 3054 solos
1333 3000 1417 3054 sui
1465 3001 1672 3054 similes
1719 3001 2014 3069 relinquat,

432 3096 619 3164 utique
648 3095 824 3148 malus
853 3109 975 3148 esse
1007 3092 1244 3154 desinet,
1279 3093 1370 3162 qui
1413 3093 1592 3146 malus
1631 3092 1855 3156 dicitur,
1891 3107 2014 3145 cum

2201 2615 2274 2669 Z'.
2305 2617 2516 2680 Ἀλλως
2540 2618 2594 2671 δὲ
2626 2617 2787 2671 πάλιν
2817 2619 3118 2689 νοήσωμεν,
3147 2616 3234 2669 ἵνα
3260 2617 3360 2688 τὴν
3397 2616 3595 2687 χλεύην
3618 2615 3714 2670 τοῦ

2127 2709 2367 2779 ἀγύρτου
2411 2711 2756 2780 φωράσωμεν
2797 2709 2898 2780 τῆς
2957 2709 3452 2781 ματαιοιρροσύνης.
3508 2712 3566 2762 Et
3602 2710 3712 2781 γὰρ

2125 2800 2261 2864 ὅλως
2301 2805 2328 2853 ό
2365 2802 2598 2872 πονηρὸς
2651 2801 2906 2872 ὑπάρχει,
2951 2802 3187 2872 ἁρπάζει
3224 2801 3282 2854 δὲ
3323 2803 3448 2860 τοὺς
3477 2801 3713 2870 ἀγαθοὺς

2125 2894 2236 2946 ἀπὸ
2279 2893 2373 2946 τοῦ
2410 2893 2640 2962 ἀγαθοῦ,
2675 2896 2768 2946 καὶ
2797 2895 2922 2957 τοὺς
2946 2893 3189 2956 δικαίους
3223 2894 3330 2946 ἀπὸ
3357 2895 3450 2946 τοῦ
3479 2894 3707 2955 δικαίου,

2130 2986 2290 3048 ἰδίους
2314 2986 2368 3038 δὲ
2394 2987 2492 3056 οὑχ
2518 2985 2751 3056 ἁρπάζει
2779 2986 2971 3056 μόνους
2995 3003 3009 3017 ο
3037 2986 3392 3056 εὑρεθήσεται
3424 2986 3452 3037 ό
3478 2985 3712 3057 πονηρὸς

2124 3078 2308 3130 οὐκέτι
2348 3078 2600 3149 πονηρὸς,
2642 3079 2750 3130 τῶν
2796 3077 3016 3146 ἀγαθῶν
3048 3077 3396 3148 ὀρεγόμενος,
3458 3079 3552 3131 καὶ
3592 3081 3713 3130 επι-

430 3187 700 3241 honorum
736 3185 1010 3240 desiderio
1048 3192 1318 3248 teneatur,
1354 3182 1689 3254 eosdemque
1717 3183 1820 3239 sibi
1858 3186 2019 3255 quasi

2126 3168 2480 3240 δικαζόμενος
2536 3169 2611 3232 ὡς
2682 3169 2990 3239 βελτιόνων.
3041 3169 3102 3220 Εἰ
3153 3169 3338 3222 δὲκαὶ
3377 3170 3503 3232 τοὺς
3549 3167 3711 3230 ἰδίους

432 3280 689 3332 meliores
727 3293 978 3332 asserere
1015 3278 1256 3331 studeat.
1304 3274 1403 3329 Sin
1434 3274 1501 3330 de
1531 3275 1648 3331 suis
1678 3289 1898 3344 quoque
1931 3274 2020 3342 ju-

431 3370 640 3422 (licium
684 3369 958 3430 instituat,
1011 3368 1080 3422 ab
1128 3369 1305 3436 iisque
1353 3365 1445 3435 qui
1491 3365 1751 3435 iujuriam
1794 3365 2020 3420 fecerint

432 3479 625 3535 patrias
657 3463 856 3532 exigat,
887 3479 994 3517 non
1025 3463 1138 3532 jam
1178 3464 1357 3518 malus
1390 3463 1498 3516 erit
1528 3471 1717 3533 utpote
1749 3463 2018 3516 malorqu

426 3557 593 3627 judex
635 3576 646 3610 :
683 3564 846 3624 atque
893 3556 998 3609 hoc
1043 3555 1210 3609 modo
1263 3563 1376 3608 tota
1428 3555 1576 3610 illius
1623 3554 1875 3609 doctrina
1924 3569 2021 3623 per

431 3662 552 3700 sese
603 3647 819 3714 penitus
869 3645 1138 3699 labefacta
1185 3645 1457 3700 concidet.
1502 3644 1656 3700 Nunc
1695 3645 1828 3699 illud
1859 3645 2018 3699 velim

433 3739 566 3793 mihi
609 3737 968 3808 respondeas,
1012 3738 1158 3793 unde
1194 3740 1295 3791 tria
1334 3739 1424 3792 illa
1466 3738 1736 3808 principia
1780 3737 2017 3809 idipsqu

433 3829 578 3898 quod
609 3839 736 3883 sum
764 3829 1102 3883 obtinuerint
1128 3847 1139 3880 :
1169 3836 1262 3882 aut
1285 3830 1409 3897 quis
1437 3829 1650 3899 singula
1675 3827 1791 3882 suis
1820 3828 2021 3883 finibus

435 3938 500 3976 ac
530 3923 849 3993 regionibus
880 3919 1255 3990 descripserit.
1284 3920 1416 3975 Nam
1443 3919 1487 3977 si
1527 3921 1753 3975 deorum
1796 3921 2021 3990 quilibet

435 4031 537 4069 suo
579 4016 699 4069 loco
738 4015 1018 4080 delinitur,
1061 4031 1169 4069 non
1221 4015 1454 4083 amplius
1489 4012 1730 4082 perfecta
1779 4014 1871 4067 illa
1915 4015 2021 4068 tria

435 4116 751 4169 censentur.
773 4123 895 4174 quae
917 4108 1086 4162 certis
1117 4107 1513 4177 comprehensa
1541 4114 1664 4161 sunt
1692 4121 1756 4160 ac
1790 4107 2027 4161 circurn-

434 4199 640 4268 scripta
683 4199 878 4269 spatiis
911 4216 925 4252 :
957 4207 1151 4269 estque
1198 4199 1435 4268 idipsum
1483 4196 1630 4268 quod
1673 4198 1918 4252 continet
1956 4213 2020 4252 eo

433 4292 579 4360 quod
605 4293 916 4346 continetur
932 4292 1141 4361 majus;
1166 4307 1342 4362 neque
1359 4291 1502 4360 quod
1523 4290 1791 4359 ejusmodi
1813 4291 2020 4345 ambitu

433 4383 692 4453 cingitur,
743 4383 836 4437 Dei
880 4382 1302 4452 appellationem
1342 4389 1604 4445 tueretur,
1647 4379 1744 4436 sed
1780 4381 2018 4450 spatium

434 4473 568 4528 illud
587 4477 795 4542 utique,
822 4490 930 4543 quo
963 4477 1080 4529 suis
1108 4475 1286 4546 ipsum
1320 4472 1588 4527 limitibus
1611 4471 2015 4541 complectitur.

430 4566 500 4622 At
518 4569 660 4621 enim
684 4582 807 4620 Clﬂl]
829 4568 881 4621 in
909 4585 1076 4622 unum
1103 4565 1628 4635 coiissent,separati
1650 4575 1836 4635 postea
1858 4565 2016 4620 sedes

430 4674 560 4714 suas
593 4669 958 4730 occuparunt,
993 4675 1055 4713 ac
1082 4660 1301 4730 propria
1334 4659 1569 4729 quisque
1600 4663 1894 4712 contentus
1920 4671 2016 4710 ne-

430 4764 706 4817 quaquam
766 4749 970 4803 invadit
1023 4751 1075 4804 in
1127 4750 1382 4812 alterum,
1443 4756 1537 4801 aut
1596 4747 2014 4817 impressionem

432 4837 583 4895 facit.
628 4837 796 4908 Igitur
841 4855 950 4892 non
999 4839 1236 4908 amplius
1269 4835 1547 4890 contraria
1587 4834 1822 4890 invicem
1855 4840 2018 4888 erunt

431 4929 524 4983 illa
560 4931 852 5000 principia,
882 4945 983 4984 nec
1012 4929 1182 4982 ullum
1230 4943 1354 4983 esse
1397 4926 1598 4980 malum
1637 4928 1857 4998 poterit,
1888 4941 2014 4980 cum

429 5033 561 5074 suas
595 5035 683 5074 res
711 5017 941 5073 comiter
965 5035 1032 5073 ex
1064 5033 1220 5088 aequo
1249 5018 1503 5087 bonoque
1542 5032 1608 5070 ac
1636 5031 1850 5071 summa
1876 5031 2014 5070 con~

430 5106 630 5159 stantia
667 5107 1004 5169 moderetur,
1066 5122 1167 5161 nec
1200 5106 1343 5159 ultra
1370 5105 1621 5177 progredi
1648 5121 1810 5175 quam
1836 5104 1918 5161 fas
1941 5106 2014 5160 sit

430 5205 668 5265 appetat.
711 5196 817 5252 Sed
861 5197 906 5252 si
950 5197 1127 5251 malus
1159 5212 1189 5249 a
1226 5212 1485 5266 supremo
1512 5197 1777 5260 vincitur,
1805 5212 1869 5250 ac
1893 5196 2012 5252 vio-

431 5284 606 5341 lenter
634 5289 998 5358 opprimitur;
1051 5301 1182 5342 eum‘
1218 5295 1272 5342 et
1305 5288 1374 5343 ab
1412 5304 1480 5344 eo
1517 5289 1802 5357 sejunctas
1833 5288 1926 5352 sit,
1957 5295 2012 5344 et

431 5378 708 5448 propriam
733 5380 917 5435 sedem
946 5379 1212 5448 obtineat,
1243 5394 1365 5448 qua:
1395 5380 1523 5437 boni
1553 5381 1700 5435 illius
1731 5395 1795 5434 ac
1826 5395 2014 5449 supre-

433 5467 507 5520 mi
556 5469 691 5522 ni‘i.l
740 5470 977 5536 intersit,
1028 5487 1208 5542 neque
1249 5471 1548 5544 quidquam
1590 5474 1645 5528 in
1689 5489 1751 5527 ea
1791 5489 1912 5544 qure
1954 5474 2008 5527 in

2126 3262 2320 3332 κρίνει,
2349 3261 2619 3332 τιμωρίαν
2631 3261 2687 3314 δὲ
2708 3262 2836 3325 τοὺς
2857 3262 3224 3331 ἀδικήσαντας
3240 3262 3488 3314 ἀπαιτεῖ·
3521 3259 3710 3314 οὐκέτι

2125 3354 2358 3424 πονηρὸς
2414 3354 2565 3406 ἔσται
2609 3355 2636 3406 ὁ
2678 3352 2928 3424 πονηρῶν
2970 3352 3232 3424 δικαστὴς
3272 3353 3566 3424 ὑπάρχωνο
3613 3354 3708 3406 καὶ

2123 3447 2476 3517 εὑρεθητεται
2527 3445 2668 3498 κατά
2716 3445 2894 3497 πάντα
2943 3445 3142 3516 τρόπον
3175 3447 3208 3516 ὴ
3244 3444 3409 3497 αὑτοῦ
3452 3443 3712 3508 ὑπόθεσις

2123 3538 2323 3606 ἑαυτὴν
2362 3537 2760 3608 ἀνατρέπουσα.
2795 3537 2968 3589 Πόθεν
3007 3536 3062 3589 δὲ
3093 3537 3346 3608 εἰλήφασι
3378 3535 3441 3588 τὸ
3479 3531 3617 3589 εἶναι
3650 3535 3712 3590 αἱ

2123 3633 2268 3698 τρεῖς
2325 3631 2508 3698 ἀρχαὶ,
2562 3629 2722 3682 πάλιν
2765 3629 2890 3698 λέγε
2917 3645 2930 3660 ·
2970 3629 3056 3692 τίς
3085 3629 3141 3682 δὲ
3171 3629 3198 3680 ό
3225 3629 3448 3692 ταύταις
3480 3629 3708 3701 ὁρισμὸν

2125 3717 2563 3786 συστησάμενος;
2606 3719 2666 3770 Εἰ
2695 3719 2792 3788 μὲν
2823 3721 2932 3790 γὰρ
2963 3718 3190 3782 ἕκαστος
3218 3719 3275 3771 ἐν
3307 3718 3385 3789 τῷ
3416 3720 3531 3791 ἰδίῳ
3559 3722 3707 3791 τόπῳ

2124 3807 2520 3879 περιορίζεται,
2550 3810 2732 3863 οὐκέτι
2750 3810 2928 3863 τέλεια
2962 3810 3032 3863 τὰ
3062 3811 3186 3881 τρία
3219 3810 3572 3881 εὑρεθήσεται
3597 3814 3698 3882 ὁρι-

2125 3899 2350 3970 ζόμενος
2380 3901 2398 3930 ¹
2449 3901 2505 3953 ἐν
2547 3918 2657 3954 τισι
2697 3904 3066 3972 περιεκτικοίς
3102 3902 3321 3965 τόποις·
3349 3901 3708 3973 εὑρεθήσεται

2122 3991 2178 4044 δὲ
2222 3991 2282 4043 τὸ
2344 3992 2693 4064 περιεκτικόν
2755 3993 2942 4064 μεῖζον
2983 3991 3078 4046 τοῦ
3139 3994 3572 4065 περιεχομένου·
3617 3995 3705 4046 καὶ

2123 4083 2306 4136 οὐκέτι
2325 4083 2385 4136 τὺ
2419 4084 2811 4156 περιεχόμενον
2827 4083 2960 4147 Θεὸς
2989 4084 3056 4138 ἂν
3077 4084 3325 4156 κληθείη,
3351 4085 3486 4138 ἀλλά
3513 4086 3704 4156 μᾶλλοι

2131 4178 2165 4248 ή
2196 4178 2519 4249 περιεκτικὴ
2543 4177 2811 4251 όροθεσία.
2846 4179 2909 4232 Et
2934 4177 2991 4231 δὲ
3021 4180 3115 4231 καὶ
3139 4181 3220 4242 εἰς
3241 4179 3438 4232 ταυτὸν
3461 4179 3704 4250 ἀλλήλοις

2124 4270 2405 4341 γενόμενοι
2462 4271 2691 4333 ἕκαστος
2724 4269 2864 4324 κατὰ
2918 4270 3086 4324 δίεσιν
3127 4271 3218 4324 τὸν
3260 4270 3390 4325 ἴδιον
3422 4271 3702 4344 ὲκληρώθτ

2122 4362 2307 4425 τόπον,
2354 4362 2449 4415 καὶ
2497 4362 2748 4426 ἕκαστος,
2790 4363 2848 4416 ἐν
2898 4361 2976 4431 τῷ
3009 4362 3124 4433 ἰδίῳ
3168 4363 3263 4424 ὢν,
3301 4361 3379 4432 τῷ
3408 4362 3578 4436 ἑτέρῳ
3610 4363 3709 4416 οὑκ

2127 4454 2454 4525 ἐντρίϐεται.
2508 4453 2626 4506 οὑδὲ
2671 4452 2995 4524 έπέρχεται’
3030 4452 3215 4506 οὐκέτι
3247 4454 3303 4506 αἱ
3337 4454 3503 4524 ἀρχαὶ
3540 4453 3708 4522 ἀλλή-

2125 4544 2246 4607 λαις
2286 4545 2553 4608 ὲναντίαι,
2607 4543 2729 4596 οὑδέ
2774 4561 2859 4606 τις
2895 4543 3076 4597 αὑτῶν
3119 4545 3298 4616 φαύλη
3332 4544 3709 4616 εὑρεθήσεται,

2122 4633 2210 4686 διὰ
2256 4633 2318 4686 τὸ
2357 4634 2499 4686 κατά
2535 4633 2596 4686 τὸ
2643 4634 2873 4699 δίκαιον,
2932 4634 3025 4688 καὶ
3054 4635 3278 4706 ἥσυχον,
3309 4638 3404 4689 καὶ
3447 4636 3711 4700 εὐσταθὲς

2123 4727 2232 4780 τῶν
2283 4727 2427 4780 ἰδίων
2478 4727 2850 4797 ἐπιμέλεσθαι,
2888 4729 2981 4781 καὶ
3028 4727 3102 4800 μὴ
3144 4729 3457 4800 περαιτέρω
3505 4729 3712 4800 βαίνειν

2124 4819 2572 4890 ἐπιϐαλλόμενον.
2623 4821 2686 4873 Εἰ
2745 4819 2802 4872 δὲ
2831 4822 2858 4874 ό
2894 4821 2994 4892 μὲν
3045 4821 3280 4893 πονηρὸς
3312 4822 3418 4876 ὑπὸ
3463 4822 3560 4876 τοῦ
3597 4822 3712 4876 ἀνω

2124 4910 2499 4981 κατισχύεται,
2552 4911 2647 4964 καὶ
2674 4911 2937 4982 βιάζεται,
2977 4914 3071 4965 καὶ
3102 4914 3486 4966 καταπονεῖται
3534 4930 3709 4984 μεμε-

2127 5000 2379 5072 ρισμένος
2427 5000 2525 5068 ὣν,
2565 5001 2661 5054 καὶ
2709 5003 2768 5054 ὲν
2801 5000 2915 5072 ἰδίῳ
2940 5001 3092 5072 τόπῳ
3125 5001 3408 5072 ὑπάρχων,
3443 4993 3505 5055 οὗ
3541 5003 3710 5056 τόπου

2121 5093 2198 5164 τῷ
2255 5093 2368 5147 ἀνω
2426 5092 2616 5164 ἀγαθῷ
2667 5093 2815 5147 οὐδὲν
2845 5094 3133 5164 προσήκει,
3173 5094 3295 5147 οὑδέ
3329 5111 3383 5148 τι
3419 5095 3512 5149 ὑπ’
3541 5095 3711 5150 αὑτοῦ

2120 5184 2419 5257 κεκτῆσθαι
2481 5184 2592 5238 τῶν
2645 5183 2882 5239 ἐνταῦθα
2929 5183 3074 5254 λέγω
3117 5187 3175 5238 ἐν
3205 5185 3284 5257 τῷ
3319 5185 3416 5240 τοῦ
3469 5188 3709 5259 πονηροῦ

2119 5275 2303 5346 τόπῳ·
2347 5273 2817 5346 τυραννικώτερος
2861 5275 3060 5345 μᾶλλον
3102 5275 3458 5348 εὑρεθήσεται
3513 5279 3541 5331 ὁ
3575 5279 3709 5343 ἀνω,

2119 5367 2212 5419 καὶ
2236 5365 2418 5418 οὐκέτι
2435 5366 2659 5436 ἀγαθὸς,
2675 5367 2765 5420 τὸν
2781 5367 2910 5421 ίδιον
2931 5367 3079 5435 Υἱὺν,
3097 5368 3272 5423 εἴτουν
3292 5369 3551 5440 Χριστὸν,
3584 5371 3714 5423 ἀπο-

2122 5457 2360 5524 οτιίλας,
2386 5458 2474 5512 ἶνα
2497 5457 2566 5511 τὰ
2586 5457 2840 5530 ἀλλότρια
2877 5457 3034 5531 λάϐῃ.

432 5563 561 5617 mali
597 5564 882 5620 domicilio
913 5575 1062 5635 sunt,
1087 5567 1233 5636 juris
1267 5567 1486 5636 habeat,
1549 5572 1853 5642 tyrannicis
1913 5573 2089 5644 magis
2127 5574 2233 5629 erit
2257 5576 2504 5633 moribus
2537 5591 2827 5646 supremus
2863 5574 2954 5631 ille
2993 5575 3329 5646 minimeque
3369 5575 3571 5640 bonus,
3615 5575 3707 5644 qui

431 5653 627 5711 Filium
654 5675 837 5726 suum,
865 5676 1059 5731 nempe
1082 5661 1363 5716 Christum
1388 5663 1686 5730 miserit,ut
1724 5667 2214 5736 usurparetaliena.

502 5851 525 5886 ⁸
556 5851 744 5910 Matth.
777 5875 826 5926 ν,
860 5859 943 5915 45.
1023 5862 1042 5893 ³
1073 5841 1136 5917 F.
1172 5860 1481 5934 ὁριζόμενα.
