4156 6358
397 369 504 429 705

1069 367 1435 427 ADVERSUS
1472 371 1814 428 HERESES
1843 373 1973 430 LIB.
2014 375 2056 429 Ι.
2098 375 2265 431 TOM.
2307 373 2484 430 lll.-——
2523 373 2799 432 HIERES.
2846 373 3004 430 XLII.

3548 385 3654 434 700

464 487 574 539 Kal.
599 487 704 542 ποῦ
737 488 766 541 6
793 487 918 559 ὄρος
955 486 989 540 ὑ
1017 486 1269 560 διορίζων
1309 487 1411 552 τὰς
1451 493 1600 561 τρεῖς
1633 491 1805 563 ἀρχάς
1836 493 1971 546 κατά

2145 493 2312 564 308
2356 491 2475 559 Quo
2519 493 2738 562 quidem
2785 494 3107 557 constituto,
3142 494 3235 549 ubi
3263 493 3354 550 ille
3385 496 3655 555 terminub

397 581 482 634 τὸν
515 578 608 633 τοῦ
641 581 878 650 ἀγύρτου
917 579 1016 650 τῆς
1041 579 1350 644 ὑποθέσεως
1375 580 1566 649 λόγονς
1595 585 1969 657 Ζητηθήσεται

405 669 502 740 γὰρ
541 669 799 740 τέταρτος
821 686 905 733 τις
941 670 1368 735 ἐπιεικέστατος,
1411 672 1644 725 καὶτῶν
1670 672 1837 744 τριῶν
1881 691 1970 726 σο-

399 758 658 833 φώτερος,
683 759 1031 831 ὁριογνὼμων
1052 779 1111 814 τε
1127 763 1223 815 καὶ
1238 764 1575 834 ἐπιστήμων,
1608 763 1666 827 ὂς
1698 765 1768 818 τὰ
1798 765 1972 836 μέτρα

399 854 612 924 ἑκάστῳ
669 853 906 923 διένειμέ
961 872 1020 907 τε
1055 857 1148 910 καὶ
1183 859 1310 921 τοὺς
1352 858 1502 928 τρεῖς
1534 859 1967 928 εἰρηνοποίησεν.

400 945 459 996 Εἰ
489 944 544 996 δέ
597 945 671 1014 μὴ
702 946 716 974 ¹
751 945 1100 1000 στασιάσαιεν
1145 949 1280 1020 πρὸς
1327 949 1612 1019 ἀλλήλους,
1649 951 1782 1020 μηδὲ
1806 953 1885 1014 εἰς
1904 951 1972 1004 τὰ

397 1033 557 1086 ἄλλου
582 1034 739 1097 ἄλλος
788 1035 1125 1090 ἀποστέλλει.
1158 1039 1266 1091 Καὶ
1299 1032 1452 1103 οὗτος
1485 1040 1607 1109 μὲν,
1649 1041 1842 1104 πείσας
1875 1041 1972 1106 τὰς

398 1126 544 1195 τρεῖς
597 1124 790 1196 ἀρχὰς,
834 1126 1188 1198 εὑρεθήσεται
1226 1130 1484 1201 τέταρτος
1517 1132 1610 1184 καὶ
1645 1130 1969 1202 σοφώτερος,

398 1216 490 1268 καὶ
520 1216 924 1288 ἐπιεικέστερος
944 1233 958 1249 ο
994 1219 1089 1272 καὶ
1113 1219 1274 1282 αὐτὸς
1307 1220 1364 1272 δέ
1407 1223 1463 1273 ἐν
1493 1220 1606 1291 ἰδίῳ
1638 1220 1788 1291 τόπῳ
1813 1221 1972 1274 πάλιν

399 1303 804 1375 ζητηθήσεται,
841 1307 933 1376 ἀφ’
967 1302 1138 1379 οὗπερ
1162 1310 1240 1372 είς
1273 1309 1434 1380 μέσον
1485 1305 1614 1380 ἦλθε
1643 1310 1752 1363 τῶν
1781 1310 1969 1381 τριῶν,

397 1397 490 1448 καὶ
533 1396 746 1466 ἑκάστῳ
792 1398 854 1450 τὸ
909 1398 1071 1471 μέρος
1124 1399 1304 1469 σοφῶς
1353 1399 1623 1471 διώρισεν,
1655 1402 1742 1455 ἵνα
1781 1401 1855 1474 μὴ
1893 1404 1972 1467 εἰς

397 1489 658 1561 ἀλλήλους
705 1490 957 1545 ἀδικοῖεν.
995 1493 1056 1544 Εί
1098 1492 1154 1545 δέ
1210 1495 1267 1545 ἐν
1291 1495 1402 1556 τοῖς
1433 1493 1527 1546 τοῦ
1559 1494 1697 1558 ἐνὸς,
1741 1493 1884 1562 λέγω
1908 1495 1972 1565 δὴ

397 1581 491 1634 τοῦ
521 1581 875 1653 δημιουργοῦ,
906 1583 962 1636 αἱ
985 1582 1076 1635 δύο
1101 1582 1268 1653 ἀρχαί
1296 1584 1432 1636 εἰσιν
1459 1583 1969 1654 ἐμπολιτευόμεναι,

397 1672 424 1724 ὂ
457 1691 515 1724 τε
561 1673 794 1743 πονηρὸς
825 1675 883 1726 ὲν
911 1676 1023 1736 τοῖς
1053 1673 1146 1726 τοῦ
1188 1673 1517 1745 δημιουργοῦ
1551 1675 1756 1747 χώραις
1787 1693 1844 1728 τε
1881 1677 1974 1729 καὶ

398 1759 614 1834 χώροις,
675 1764 770 1817 καὶ
821 1766 849 1817 6
902 1763 995 1817 τοῦ
1050 1765 1252 1834 ἀγαθοῦ
1311 1764 1543 1837 Χριστὸς
1596 1768 1968 1838 ἐπιδημήσας*

2073 586 2180 639 erit
2209 601 2239 638 a
2271 601 2382 656 quo
2415 600 2482 639 ex
2529 585 2849 654 impostoris
2881 585 3028 641 illius
3075 587 3333 656 opinione
3379 589 3484 641 tria
3525 599 3655 644 sunt

2074 678 2167 732 illa
2218 678 2489 748 principia
2543 679 2833 746 separata?
2888 677 3226 744 Quaerendus
3260 680 3515 734 nimirum
3549 671 3685 734 erit

2074 779 2305 837 quartus
2352 768 2552 837 aliquis
2597 770 2969 837 aequissimus,
3028 786 3091 824 ac
3123 771 3299 825 tribus
3332 773 3652 840 sapientior,

2073 863 2222 916 velut
2263 863 2494 915 limitum
2548 861 2850 932 ﬁniumque
2895 865 3257 932 regendorum
3299 870 3524 932 peritus,
3559 868 3650 935 qui

2076 967 2234 1004 suum
2270 952 2469 1021 cuique
2500 955 2721 1006 modum
2756 953 3026 1014 attribuit,
3060 969 3123 1006 ac
3150 969 3336 1022 pacem
3365 956 3505 1006 inter
3533 957 3652 1009 illos

2075 1041 2362 1106 stabilivit,
2419 1049 2477 1094 ut
2525 1057 2594 1096 ne
2638 1042 2876 1112 amplius
2910 1059 2941 1096 a
2981 1059 3041 1098 se
3073 1052 3262 1098 mutuo
3298 1045 3652 1108 dissiderent,

2075 1140 2170 1184 aut
2204 1134 2343 1186 alter
2380 1133 2650 1188 satellites
2683 1148 2815 1188 suos
2843 1134 2898 1188 in
2931 1134 3224 1189 stationem
3274 1135 3504 1190 alterius
3553 1137 3671 1188 im-.

2074 1227 2314 1278 mitteret
2341 1242 2355 1280 :
2380 1234 2542 1296 atque
2570 1225 2658 1280 ille
2685 1224 2905 1295 quidem
2937 1240 3068 1294 pace
3095 1226 3238 1280 inter
3262 1227 3366 1280 tria
3390 1229 3654 1297 principia

2074 1315 2376 1370 constituta
2403 1323 2634 1385 quartus
2665 1317 3061 1378 numerabitur,
3095 1320 3309 1373 ueteris
3338 1321 3654 1388 prudentior

2075 1421 2139 1461 ac
2172 1407 2411 1476 justior;
2443 1415 2497 1462 et
2526 1407 2668 1462 idem
2708 1419 2889 1462 tamen
2931 1407 3046 1476 ipse
3079 1410 3300 1478 proprio
3327 1423 3393 1463 ac
3423 1421 3570 1464 certo
3599 1411 3654 1465 in

2075 1498 2198 1553 loco
2228 1499 2555 1568 quaerendus
2592 1507 2697 1558 est,
2735 1515 2765 1552 a
2797 1513 2907 1569 quo
2938 1501 3103 1552 trium
3152 1499 3206 1552 in
3246 1499 3483 1553 medium
3520 1517 3652 1569 pro-

2075 1605 2298 1660 gressus
2331 1590 2632 1659 unicuique
2660 1599 2868 1660 partem
2903 1606 3058 1644 suam
3099 1591 3236 1644 scite
3267 1605 3329 1645 ac
3354 1592 3527 1661 perite
3555 1593 3655 1646 tri-

2075 1679 2277 1743 buerit,
2317 1694 2386 1734 ne
2417 1685 2608 1733 mutuo
2647 1679 2750 1734 sibi
2801 1678 3058 1749 injuriam
3107 1679 3486 1748 importarent.
3533 1678 3652 1733 .Iam

2077 1785 2203 1825 vero
2248 1769 2293 1824 si
2345 1770 2399 1823 in
2447 1769 2610 1824 unius
2659 1777 2788 1839 puta
2836 1770 3104 1824 creaturis
3152 1770 3501 1839 possessione
3545 1770 3654 1823 duo

397 1855 579 1908 οὐκέτι
599 1856 702 1923 ἄρα
734 1856 924 1927 κριτὴς
943 1857 1036 1909 καὶ
1061 1857 1388 1928 δημιουργὸς
1414 1859 1567 1930 μόνον
1596 1860 1969 1930 εὑρεθήσεται,

2075 1857 2341 1927 principia
2372 1865 2701 1922 versentur;
2739 1857 2914 1913 malus
2948 1860 3231 1920 nimirum,
3274 1859 3362 1928 qui
3401 1860 3453 1911 in
3489 1859 3653 1928 hujus

397 1947 532 2002 ἀλλὰ
589 1949 681 2000 καὶ
735 1949 959 2015 ἀγαθὸς,
1008 1950 1306 2020 συγχωρῶν
1337 1953 1449 2013 τοῖς
1478 1951 1628 2003 δυσὶν
1653 1954 1731 2014 εἰς
1761 1951 1830 2003 τὰ
1865 1953 1972 2005 ἴδια

399 2041 573 2091 ποιεῖν
607 2038 634 2090 ὃ
677 2037 982 2105 βούλονται·
1017 2038 1048 2107 ἢ
1094 2038 1328 2109 ἀδρανὴς
1360 2039 1734 2108 εὑρεθήσεται,
1776 2043 1868 2092 καὶ
1898 2041 1972 2112 μὴ

403 2128 600 2200 ἰσχύων
634 2127 873 2182 κωλῦσαι
907 2128 1014 2181 τῶν
1046 2129 1188 2182 ἰδίων
1207 2131 1329 2192 τοὺς
1354 2129 1664 2200 ἀλλοτρίους
1695 2131 1969 2202 ἅρπαγας.

398 2222 532 2277 mat
561 2223 653 2276 καὶ
677 2223 860 2293 ήσσων
879 2225 943 2293 τῇ
971 2223 1196 2292 δυνάμει
1220 2223 1389 2285 ἐστὶν,
1409 2223 1590 2276 οὐκέτι
1619 2223 1972 2295 εὑρεθήσεται

401 2317 432 2386 ή
480 2315 808 2385 δημιουργία
876 2313 1222 2366 συνεστῶσα·
1273 2313 1386 2365 ἀλλ’
1446 2313 1690 2377 ἐξέλιπεν
1739 2311 1972 2365 έκπαλαι

401 2404 825 2477 ἀναρπαζομένη
879 2403 1001 2457 καθ’
1066 2403 1299 2475 ἑκάστην
1350 2404 1564 2474 ἡμέραν
1613 2403 1716 2456 ὑπό
1762 2421 1820 2456 τε
1878 2403 1970 2456 τοῦ

401 2495 638 2567 πονηροῦ
683 2497 762 2558 εἰς
791 2493 853 2546 τὸ
897 2493 1026 2546 ἴδιον
1059 2493 1247 2564 μέρος,
1279 2493 1374 2544 καὶ
1403 2492 1508 2545 ὑπὸ
1529 2490 1622 2545 τοῦ
1659 2491 1862 2560 ἀγαθοῦ
1894 2494 1971 2556 είς

399 2587 466 2640 τὰ
496 2587 627 2640 ἅνω.
674 2587 784 2638 Καὶ
829 2584 931 2637 ποῦ
962 2584 1040 2636 ἔτι
1068 2586 1101 2654 ή
1137 2582 1468 2654 δημιουργία
1519 2583 1874 2654 σταθήσεται;
1910 2585 1972 2636 Εἰ

399 2679 456 2731 δέ
486 2679 567 2730 ὅτι
599 2678 777 2748 χρόνῳ
807 2677 980 2746 λήξει,
1003 2676 1202 2745 λέγεις,
1238 2675 1331 2727 καὶ
1358 2673 1585 2728 δυνατὸν
1612 2673 1814 2747 ταύτην
1837 2675 1974 2738 ὅλως

400 2768 586 2838 λήγειν
613 2769 699 2821 διὰ.
759 2769 855 2837 τῆς
899 2765 989 2819 τοῦ
1032 2765 1236 2835 ἀγαθοῦ
1284 2765 1631 2834 ἐπιμελείας·
1697 2765 1888 2819 οὐκοῦν
1945 2767 1974 2818 ὁ

399 2863 603 2930 ἀγαθὸς
631 2861 800 2923 αἴτιος
822 2861 920 2930 τῆς
952 2857 1154 2928 βλάϐης
1178 2857 1331 2910 ἔσται
1361 2859 1389 2909 ὁ
1415 2857 1487 2928 μὴ
1515 2857 1682 2911 πάλαι
1715 2859 1970 2928 ποιήσας,

399 2955 533 3024 ὅπερ
589 2955 812 3024 ὕστερον
875 2952 1076 3022 ἀγαθὸν
1129 2951 1305 3018 ἔδοξεν
1360 2950 1645 3013 ἐπιτελεῖν,
1686 2951 1821 3021 μήτε
1869 2949 1972 3020 μὴν

399 3044 716 3113 πεποιηκὼς
763 3044 870 3097 ἀπὸ
908 3044 1016 3096 τῶν
1069 3044 1355 3108 ἀνέκαθεν,
1383 3045 1569 3114 πρὶνῆ
1605 3045 1730 3106 τοὺς
1758 3044 1974 3107 πλείους

400 3135 742 3204 ἀδικηθῆναι,
797 3135 891 3187 καὶ
954 3133 1236 3201 ἐγκαθέξει
1284 3136 1305 3164 ³
1360 3134 1557 3198 αὐτοὺς
1595 3133 1846 3203 γενέσθαι
1879 3133 1970 3186 τοῦ

329 3265 331 3268 .
401 3224 611 3294 κριτοῦ,
648 3223 742 3276 καὶ
773 3225 920 3278 κάτω
961 3224 1345 3294 μεμενηκέναι.

2075 1947 2394 2017 regionibus
2423 1947 2668 2016 locisque
2701 1947 2958 2013 resideat,
3002 1958 3056 2003 et
3083 1964 3110 2002 a
3141 1950 3282 2002 bono
3317 1949 3514 2003 missus
3544 1950 3650 2004 ibi-

2074 2039 2306 2109 demque
2334 2054 2685 2093 commorans
2722 2038 3006 2104 Christus;
3038 2056 3379 2110 consequens
3409 2048 3513 2106 est,
3544 2057 3653 2096 non

2073 2129 2224 2183 illum
2258 2129 2420 2184 modo
2450 2131 2693 2198 judicem
2727 2145 2791 2183 ac
2825 2131 3186 2195 conditorem,
3223 2131 3315 2185 sed
3358 2139 3411 2186 et
3450 2132 3651 2185 bonum

2074 2237 2216 2286 esse,
2251 2223 2345 2290 qui
2381 2221 2649 2275 ambobus
2695 2220 3065 2293 quodcunque
3109 2222 3254 2293 apud
3299 2239 3358 2278 se
3393 2233 3654 2292 cuperent

2074 2329 2233 2384 agere
2256 2313 2570 2384 permiserit
2590 2332 2604 2381 ;
2630 2321 2726 2367 aut
2755 2330 2886 2368 sane
2907 2330 3169 2384 perquam
3194 2315 3298 2368 erit
3319 2315 3650 2380 imbecillus,

2075 2405 2168 2475 qui
2210 2405 2514 2459 alienorum
2555 2404 2864 2473 direptores
2898 2420 3156 2459 coercere
3189 2407 3518 2475 nequiverit.
3549 2405 3656 2476 lgi-

2075 2505 2164 2550 tur
2209 2496 2402 2551 demus
2447 2496 2601 2550 illum
2646 2497 2862 2550 viribus
2899 2499 3161 2566 imparem
3197 2515 3338 2565 esse,
3382 2514 3653 2567 nusquam

2075 2587 2400 2641 fabricatum
2439 2600 2576 2654 Opus
2618 2586 2685 2638 ab
2735 2601 2796 2638 eo
2832 2596 3091 2640 constare
3126 2588 3357 2656 poterit;
3396 2590 3488 2642 sed
3514 2589 3657 2657 jam-

2074 2677 2286 2747 pridem
2338 2677 2678 2730 iuterciderit
2732 2684 2969 2744 oportet,
3021 2692 3142 2730 cum
3189 2677 3382 2732 diebus
3427 2678 3658 2749 singulis

2074 2751 2389 2836 decerptum
2417 2766 2656 2821 indidem
2687 2767 2890 2836 aliquid
2926 2769 3124 2836 partim
3159 2784 3189 2822 a
3215 2770 3356 2822 malo
3377 2770 3655 2839 propriam

2075 2861 2132 2916 in
2161 2862 2463 2931 regionem,
2499 2860 2696 2930 partim
2735 2874 2762 2911 a
2819 2859 2962 2913 bono
3016 2861 3069 2912 in
3107 2861 3391 2928 superiora
3423 2860 3661 2916 transfe-

2074 2959 2248 3007 ratur.
2304 2950 2537 3005 Ubinam
2583 2965 2712 3019 ergo
2744 2949 2962 3003 demum
2997 2951 3126 3004 illud
3159 2951 3434 3020 opificium
3464 2951 3654 3006 consi-

2076 3044 2215 3098 stet?
2245 3043 2302 3097 Si
2333 3043 2593 3112 paulatim
2648 3043 2955 3097 desiturum
3004 3042 3363 3112 respondeas,
3415 3058 3478 3096 ac
3529 3043 3659 3098 boui

2075 3151 2207 3190 cura
2262 3135 2556 3205 studioque
2614 3134 2774 3190 ﬁnem
2837 3136 3135 3205 aliquando
3192 3143 3660 3202 consecuturum;

2002 3218 2047 3278 C
2080 3239 2263 3278 nonne
2293 3225 2429 3278 illati
2465 3225 2650 3278 damni
2689 3225 2904 3294 culpam
2941 3225 3122 3279 bonus
3167 3225 3270 3280 iste
3322 3227 3660 3280 sustinebit:

399 3322 492 3389 qui
539 3322 680 3390 quod
733 3320 860 3374 boni
913 3318 1112 3372 fecisse
1156 3327 1346 3388 postea
1391 3319 1542 3374 visus
1586 3325 1692 3381 est,
1734 3333 1844 3372 non
1875 3317 1964 3371 diu
2006 3329 2150 3381 ante,
2209 3318 2455 3387 adeoque
2495 3319 2650 3371 initio
2690 3317 3002 3387 perfecerit,
3061 3325 3354 3388 antequam
3420 3321 3665 3389 plerique

401 3415 658 3483 injuriam
692 3413 1023 3482 acciperent,
1055 3420 1104 3464 et
1137 3411 1188 3463 in
1211 3410 1410 3479 judicis
1440 3421 1710 3481 potestate
1741 3411 1967 3471 detenti,
2011 3409 2274 3464 inferiore
2309 3410 2430 3465 loco
2463 3410 2845 3465 remanerent-1'

472 3502 554 3556 H'.
578 3503 744 3556 Πάλιν
771 3503 826 3555 δὲ
851 3501 919 3554 τὰ
950 3502 1049 3572 τῆς
1081 3499 1231 3566 θείας
1264 3503 1488 3574 Γραφῆς
1513 3503 1614 3555 οὑκ
1639 3501 1814 3573 ὀρθῶς
1842 3501 1977 3555 νοῶν

401 3595 688 3668 προφέρει,
745 3595 838 3647 καὶ
869 3595 995 3657 τοὺς
1041 3594 1332 3665 ἀκεραίους
1359 3591 1604 3666 ἐξαπατᾷ
1640 3595 1976 3666 διαστρέφων

397 3687 458 3739 τὸ
490 3685 582 3739 τοῦ
633 3684 954 3748 ’Λποστὰλου
1011 3685 1206 3756 ῥητὸν,
1267 3685 1347 3737 ὅτι
1396 3684 1652 3752 Χριστὸς
1681 3682 1840 3753 ἡμᾶς
1873 3684 1972 3749 ἐξ·

399 3779 701 3848 ητόρασέν
730 3778 798 3830 ἐκ
831 3776 938 3845 τῆς
971 3775 1229 3845 κατάρας
1261 3775 1368 3829 τοῦ
1407 3776 1617 3844 νόμου,
1657 3778 1975 3846 γενόμενος

398 3869 551 3938 ὑπὲρ
579 3868 750 3937 ἡμῶν
779 3867 1024 3936 κατάρα.
1049 3867 1159 3921 Καί
1187 3885 1348 3938 φησιν
1367 3883 1382 3899 ο
1401 3867 1466 3920 Εἰ
1493 3863 1634 3937 ἦμεν
1668 3867 1971 3930 abeat-1,06):

398 3958 466 4012 ἂν
513 3959 572 4011 τὸ
604 3958 797 4012 ἑαυτοῦ
849 3958 1139 4030 ἠγόραζεν,
1185 3956 1486 4027 Ἀγοράσας
1509 3957 1564 4009 δὲ
1589 3957 1667 4019 εἰς
1697 3955 1972 4036 άλλότριςν

398 4051 599 4122 κόσμον
631 4047 794 4122 ἦλθεν
819 4053 965 4121 ἡμᾶς
1006 4050 1272 4120 ἀγοράσαι
1308 4048 1434 4110 τοὺς
1468 4048 1566 4100 οὑκ
1595 4046 1753 4109 (tv-ca;
1782 4046 1968 4100 αὑτοῦ.

398 4143 614 4213 Ποίημα
637 4143 746 4212 γὰρ
775 4137 913 4212 ἦμεν
944 4142 1151 4211 ἐτέρου,
1188 4142 1280 4194 καὶ
1309 4138 1396 4192 διά
1433 4137 1590 4190 τοῦτο
1621 4139 1768 4209 ἡμᾶς
1798 4139 1978 4202 αὑτὸς,

398 4232 666 4302 ἠγόραζεν
725 4233 800 4295 είς
855 4231 950 4302 τὴν
1008 4228 1202 4283 ἑαυτοῦ
1243 4229 1408 4300 ζωήν.
1445 4229 1741 4298 Ἀγνοεῖδέ
1775 4230 1911 4294 ὅλως
1949 4232 1977 4282 6

398 4325 604 4395 ἠλίθιος
620 4365 634 4388 ,
661 4326 743 4378 ὅτι
765 4323 887 4377 οὔτε
911 4323 1141 4395 Χριστὸς
1157 4325 1401 4394 κατάραν
1425 4323 1524 4393 τὴν
1555 4322 1642 4376 διὰ
1662 4325 1760 4392 τῆς
1791 4324 1974 4394 ἀμαρ-

398 4417 516 4481 τίας
582 4417 732 4488 ήμῶν
763 4416 1000 4484 ἀφεῖλεν,
1059 4416 1246 4468 ἐαυτὸν
1305 4414 1645 4486 σταυρώσας,
1688 4416 1782 4467 καὶ
1824 4414 1974 4482 γενό-

403 4525 561 4578 μενος
605 4507 834 4570 θάνατος
872 4507 1086 4577 θανάτῳ
1115 4507 1203 4560 διά
1238 4506 1337 4569 τὰς
1368 4506 1642 4577 ἁμαρτίας
1668 4505 1845 4576 ήμῶν,
1878 4506 1974 4558 καὶ

2160 3497 2296 3554 Vlll.
2332 3499 2451 3553 Jam
2509 3501 2658 3568 quod
2709 3515 2739 3555 e
2789 3499 2965 3556 sacris
3023 3499 3405 3571 depromptum
3441 3499 3664 3556 Litteris

2082 3591 2260 3656 alTert,
2291 3608 2356 3647 eo
2390 3608 2678 3662 perperam
2715 3591 3020 3659 intellecto,
3062 3600 3226 3662 atque
3274 3592 3523 3662 Apostoli
3569 3591 3666 3648 de-

2078 3694 2305 3754 pravata
2347 3687 2640 3750 sententia,
2686 3685 3007 3740 rudioribus
3042 3684 3228 3738 fucum
3266 3685 3457 3754 objicit
3491 3703 3506 3738 :
3537 3699 3664 3738 cum

2077 3778 2152 3831 ita
2195 3778 2441 3848 loquitur
2487 3778 2786 3848 Apostolus
2822 3795 2835 3830 :
2877 3775 3121 3830 Christus
3168 3791 3262 3828 nos
3309 3792 3340 3826 a
3383 3772 3666 3828 maledicto

2077 3868 2315 3932 redemit,
2341 3883 2436 3936 pro
2464 3868 2612 3921 nobis
2640 3869 2814 3937 factus
2848 3865 3250 3920 maledictum‘.
3281 3865 3357 3918 Ex
3387 3880 3494 3934 quo
3517 3864 3665 3918 istud

2079 3960 2315 4028 colligit;
2353 3959 2396 4013 si
2433 3958 2607 4028 ipsius
2660 3973 2932 4018 essemus,
2983 3971 3092 4009 non
3140 3955 3328 4024 utique
3369 3952 3515 4023 quod
3549 3953 3662 4022 jam

2079 4067 2240 4105 suum
2271 4059 2389 4104 erat
2421 4048 2832 4117 redempturum
2875 4047 3068 4102 fuisse.
3115 4043 3250 4099 Cum
3295 4045 3464 4116 igitur
3504 4046 3664 4100 rede-

2074 4145 2242 4198 misse
2272 4143 2510 4204 dicatur,
2542 4155 2770 4194 necesse
2800 4149 2884 4193 est
2911 4141 3148 4192 alienum
3182 4139 3238 4192 in
3269 4140 3534 4192 mundum
3568 4153 3664 4208 pe-

2082 4236 2203 4289 dem
2233 4234 2505 4303 posuisse,
2540 4239 2600 4284 ιιι
2633 4247 2733 4285 nos
2764 4232 2856 4300 qui
2891 4231 3034 4284 il:ius
3068 4243 3176 4282 non
3210 4244 3478 4295 essemus,
3517 4229 3665 4283 redi-

2082 4333 2272 4380 meret.
2315 4322 2466 4394 Opus
2517 4324 2661 4378 enim
2713 4338 2938 4377 eramus
2991 4322 3242 4385 alterius,
3297 4321 3528 4390 ideoque
3563 4335 3666 4375 nos

2078 4419 2243 4471 vitam
2269 4418 2335 4470 ad
2358 4430 2511 4469 suam
2531 4413 2986 4484 transportandos
3019 4413 3266 4467 redemit.
3299 4410 3499 4467 Verum
3530 4411 3664 4465 illud

2077 4508 2360 4563 hominum
2410 4506 2806 4562 stolidissimus
2853 4506 3090 4575 ignorat,
3133 4519 3476 4574 nequaquam
3509 4503 3668 4558 Chric

400 4598 612 4666 κατάρα
665 4596 828 4659 αὐτὸς
874 4599 938 4666 τῇ
983 4597 1198 4666 κατάρᾳ
1246 4596 1554 4665 γενόμενος.
1599 4595 1689 4648 Διὸ
1729 4597 1830 4648 οὐκ
1859 4596 1971 4650 ἐστι

2082 4608 2225 4653 stum
2257 4597 2609 4652 maledictum
2647 4597 2840 4660 fuisse,
2868 4597 3010 4652 absit
3038 4605 3096 4651 ut
3117 4595 3664 4667 ejusmodiquiddam

399 4689 632 4760 Χριστὸς
689 4690 922 4759 κατάρα,
961 4688 1096 4740 ἀλλά
1117 4689 1215 4757 τῆς
1255 4689 1500 4758 κατάρας
1543 4689 1724 4752 λύσις⁹
1754 4689 1972 4759 εὐλογία

398 4780 456 4834 δέ
482 4783 615 4835 πᾶσι
655 4785 765 4845 τοῖς
794 4783 872 4846 είς
909 4782 1069 4835 αὑτὸν
1096 4782 1308 4853 ἀληθῶς
1346 4785 1784 4837 πεπιστευκόσιν.
1817 4785 1973 4838 Οὕτω

408 4875 502 4926 καὶ
524 4874 600 4936 τὺ,
630 4874 1020 4944 ἐξηγόρασεν,
1050 4875 1146 4927 οὐκ
1163 4871 1333 4940 εἶπεν,
1365 4877 1690 4943 ἠγόρασεν.
1711 4876 1845 4929 Οὖτε
1863 4879 1972 4948 γὰρ

401 4967 482 5029 είς
533 4965 810 5038 ἀλλότριον
848 4963 1008 5037 ἦλθεν
1061 4967 1303 5038 ἁρπάσαι
1342 4968 1373 5037 ἣ
1423 4970 1710 5038 ἀγοράσαι.
1754 4970 1815 5022 Εἰ
1864 4971 1972 5038 γάρ

397 5058 688 5130 ἠγόρασεν,
725 5058 798 5129 μή
853 5057 989 5128 ἔχων
1029 5059 1294 5130 ήγόρασε,
1345 5059 1438 5111 καὶ
1479 5059 1554 5122 ὡς
1585 5061 1797 5129 πτωχὸς
1823 5059 1859 5113 ἃ
1897 5062 1971 5130 μὴ

400 5145 544 5220 εἶχεν
569 5151 856 5221 ἐκτήσατο.
903 5151 1012 5204 Καὶ
1035 5150 1062 5202 ὃ
1083 5152 1102 5183 ³
1131 5152 1466 5222 κεκτημένος
1489 5154 1636 5221 ἡμᾶς
1665 5153 1967 5222 πέπρακεν,

399 5239 682 5310 ἀπορήσας
708 5238 1012 5310 πέπρακεν,
1044 5239 1151 5294 ἀπό
1180 5257 1322 5302 τινος
1365 5240 1472 5310 ἄρα
1505 5240 1782 5292 δανειστοῦ
1816 5240 1975 5293 ἐλαυ-

403 5331 648 5400 νόμενος.
668 5331 805 5385 Ἀλλ’
835 5333 934 5385 οὐκ
961 5331 1072 5402 ἔχει
1100 5329 1293 5392 οὕτως.
1325 5329 1460 5383 Oli-ts
1495 5327 1798 5402 γάρεῖπεν,
1840 5331 1972 5400 ἠγό-

402 5439 587 5492 ρασεν,
622 5421 760 5486 ἀλλ’,
797 5424 1187 5492 ἐξηγόρασεν.
1227 5422 1449 5492 Ὅμοιον
1473 5421 1530 5474 δέ
1551 5421 1723 5491 τούτῳ
1753 5422 1782 5473 ὁ
1811 5423 1972 5485 αὐτὸς

401 5513 554 5580 ἅγιος
617 5515 935 5578 Ἀπόστολός
1001 5532 1164 5586 φησιν
1191 5531 1207 5547 ο
1291 5511 1812 5584 Ἐξαγοραζᾌιιενοι
1863 5513 1973 5567 τὸν

401 5601 628 5667 καιρὸν,
661 5600 749 5654 ὅτι
773 5605 833 5656 αι
864 5601 1074 5672 ἡμέραι
1109 5604 1366 5670 πονηραί
1398 5604 1538 5655 εἱσι.
1566 5601 1676 5655 Καὶ
1703 5602 1802 5672 οὑχ
1827 5603 1966 5673 ἡμέ-

2078 4690 2444 4754 arbitremur;
2482 4688 2577 4744 sed
2625 4703 2748 4742 cum
2786 4689 2930 4742 ultro
2976 4704 3191 4743 crucem
3230 4689 3506 4752 subiisset,
3535 4701 3668 4741 con-

2083 4790 2315 4836 tractum
2345 4796 2375 4835 a
2413 4781 2572 4836 nobis
2602 4797 2667 4835 ex
2707 4790 2932 4851 peccato
2965 4780 3312 4834 maledictum
3352 4779 3665 4839 abstulisse,

2079 4873 2242 4943 309
2273 4883 2330 4926 ut
2363 4887 2511 4927 mors
2540 4872 2943 4942 quodammodo
2976 4873 3168 4926 mortis
3201 4879 3346 4926 esset
3383 4871 3540 4937 culpa
3569 4884 3667 4923 no-

2081 4978 2194 5020 SIra
2249 4975 2548 5034 susceptze,
2616 4965 2897 5035 ipsiusque
2963 4963 3236 5018 maledicti
3293 4962 3662 5016 maledictum.

2081 5055 2261 5122 Quare
2294 5057 2644 5111 maledictum
2674 5057 2926 5112 Christus
2958 5071 3067 5109 non
3107 5068 3208 5119 est,
3244 5055 3338 5109 sed
3379 5054 3665 5109 dissolutio

2081 5147 2388 5215 maledicti;
2439 5155 2630 5202 contra
2683 5163 2815 5202 vero
2863 5148 3168 5202 benedictio
3209 5146 3462 5200 omnibus
3491 5153 3575 5200 est
3609 5145 3664 5199 in

2080 5253 2202 5291 eum
2242 5253 2368 5293 vere
2397 5252 2462 5292 ac
2504 5238 2716 5293 sincere
2760 5239 3130 5293 credentibus.
3175 5235 3330 5291 Unde
3357 5244 3412 5291 et
3446 5239 3662 5290 redemit

2078 5331 2343 5400 scriptum
2397 5339 2523 5397 est,
2573 5347 2682 5385 non
2728 5334 2873 5385 emit.
2928 5329 3112 5399 Neque
3143 5330 3286 5384 enim
3327 5329 3382 5383 in
3429 5329 3661 5383 alienam

2079 5426 2482 5493 possessionem
2541 5425 2829 5496 diripiendi
2890 5428 2973 5480 vel
3030 5426 3242 5480 emendi
3292 5423 3464 5495 gratia
3491 5423 3660 5478 venit.

2077 5513 2212 5568 Nam
2246 5517 2291 5570 si
2325 5526 2548 5582 emeret,
2590 5517 2736 5588 quod
2774 5525 2900 5572 ante
2929 5533 3037 5573 non
3075 5517 3329 5582 habebat,
3351 5525 3573 5577 emeret,
3600 5530 3664 5569 ac

2079 5606 2315 5661 mendici
2371 5607 2546 5663 instar
2591 5609 2792 5681 quibus
2838 5618 3088 5667 caruerat
3143 5609 3246 5665 sibi
3300 5617 3660 5678 compat‘dlt'l.

473 5752 489 5782 ³
525 5748 582 5806 F.
614 5751 698 5804 ἵνα
732 5753 826 5820 μή.
904 5754 923 5784 ⁸
957 5751 1016 5806 F.
1045 5755 1101 5807 ὲν
1136 5751 1372 5816 καθέξει.
1450 5753 1468 5784 ³
1491 5749 1615 5809 Cor.
1649 5753 1733 5815 ὃς.
1809 5751 1831 5785 ⁸
1859 5753 2036 5813 Galat.
2073 5761 2155 5821 iu,
2194 5756 2280 5810 15.
