4156 6358
443 385 546 444 ’ἔθῚ

1843 378 1900 435 S.
1942 376 2279 432 El‘ll’llAMl

3604 372 3708 429 763

441 501 613 569 Cujus
649 506 829 553 autem
877 497 933 553 in
984 497 1200 567 peculio
1232 511 1475 560 eramus,
1525 495 1748 550 omnino
1787 506 2029 567 egestate

2141 517 2230 570 ρας
2267 495 2635 569 ἀγοράζομεν,
2670 496 2789 549 οὐδὲ
2824 495 2987 566 τιμὴν
3027 493 3250 565 ἡμερῶν
3292 492 3534 563 δίδομεν·
3573 494 3707 545 ἀλλά

444 608 545 645 nos
574 605 873 660 oppressus
904 589 1087 659 aliqua
1115 588 1479 653 vendidisset;
1508 587 1667 656 quasi
1696 602 1723 639 a
1751 588 2026 643 creditore

444 683 699 753 quopiam
731 690 978 737 coactus.
1016 680 1202 751 Longe
1234 694 1364 734 vero
1397 694 1519 733 sese
1544 679 1703 732 aliter
1728 692 1815 732 res
1841 678 2022 732 habet.

443 772 560 827 Non
604 773 751 827 enim
790 772 1002 827 emendi
1036 771 1203 826 verbo
1249 784 1382 825 usus
1413 776 1519 833 est,
1555 768 1649 824 sed
1700 768 2025 823 redimendi.

443 865 546 918 Cui
583 865 762 919 simile
790 873 873 919 est
902 864 1058 928 illud,
1093 862 1239 934 quod
1272 863 1412 917 idem
1453 862 1746 933 Apostolus
1773 863 1879 917 alio
1909 864 2027 917 loco

446 956 614 1010 dixit:
652 954 981 1010 Redimenm
1009 966 1232 1024 tempus,
1263 955 1513 1026 quoniam
1541 954 1650 1008 dies
1682 955 1811 1007 ntali
1842 957 2024 1011 sunt‘.

446 1048 609 1116 Atqui
647 1062 823 1117 neque
870 1048 989 1103 dies
1039 1057 1299 1103 emuntur
1344 1061 1376 1100 a
1423 1046 1603 1111 nobis,
1642 1062 1740 1101 nec
1773 1062 1872 1116 pro
1921 1048 2029 1103 illis

448 1140 681 1209 pretium
714 1140 883 1192 ullum
913 1139 1295 1208 persolvimus,
1338 1138 1433 1193 sed
1473 1138 1539 1191 ad
1581 1139 1921 1209 patientiam,
1966 1156 2030 1195 ac

450 1234 816 1297 tolerantiam,
871 1231 1149 1301 animique
1204 1231 1564 1285 constantiam
1615 1231 2025 1301 exprimendam

447 1339 568 1378 eam
617 1322 875 1392 loquendi
931 1322 1198 1376 rationem
1244 1322 1511 1375 adhibuit.
1565 1319 1834 1387 Quocirca
1882 1322 2026 1376 redi-

448 1414 629 1468 mendi
666 1412 887 1467 verbum
920 1420 1091 1465 totum
1128 1411 1259 1466 illud
1294 1412 1536 1481 suscepti
1571 1426 1670 1481 pro
1717 1411 1888 1465 salute
1925 1427 2029 1466 no-

449 1514 562 1559 stra
613 1504 884 1573 corporis,
942 1503 1321 1574 adventusque
1384 1504 1659 1574 negotium
1720 1502 2028 1573 significat;

448 1612 559 1666 quo
595 1596 813 1666 quidem
865 1597 975 1665 pati
1018 1603 1206 1651 nostra
1251 1610 1418 1651 causa
1458 1595 1713 1666 dignatus
1744 1605 1828 1651 est
1860 1596 2026 1661 Deus,

448 1690 543 1759 qui
579 1691 692 1761 pati
723 1689 858 1743 nihil
892 1688 1095 1759 alioqui
1136 1695 1369 1759 poterat,
1419 1703 1543 1742 cum
1573 1688 1629 1742 in
1658 1688 1847 1743 eodem
1880 1697 2025 1744 statu

2129 590 2190 643 τὸ
2221 590 2287 643 δι’
2335 588 2630 659 ὑπομονὴν,
2664 590 2755 640 καὶ
2784 588 2844 640 τὸ
2870 586 3189 657 μελλητικόν
3226 603 3285 638 τε
3318 584 3701 656 μακροθυμίας

2132 681 2431 752 σημαίνων,
2452 680 2609 732 τοῦτο
2625 679 2749 749 ἔφη.
2770 679 2930 731 ’Ὧστε
2969 678 3047 741 τὸ,
3091 677 3439 745 ἐξηγόρασε,
3463 677 3560 747 τὴν
3580 675 3709 729 ὑπό-ο

2130 771 2279 825 θεσιν
2336 772 2577 841 ἀπέφηνε
2607 769 2706 839 τῆς
2745 768 2883 839 ὑπὲρ
2919 765 3076 838 ἡμῶν
3116 767 3380 837 ἀναὼχῆς
3418 768 3475 819 ἐν
3517 766 3710 835 κόσμῳ

2131 864 2395 933 ἑνσάρκου
2417 862 2717 933 παρουσίας
2733 878 2745 890 ·
2770 855 2839 933 ἦς
2860 859 3146 927 ἀνεδέξατο
3173 860 3314 931 ὑπὲρ
3330 860 3485 929 ἡμῶν
3518 858 3711 910 παθεῖν

2129 958 2158 1009 ὁ
2204 955 2419 1025 ἀπαθὴς
2463 954 2537 1007 ὢν
2584 954 2736 1017 Θεὸς,
2785 954 2962 1025 μένων
3001 956 3057 1006 ὲν
3096 955 3161 1023 τῇ
3204 952 3309 1023 ίδίᾳ
3344 950 3583 1021 ἀπαθείᾳ
3612 950 3708 1019 τῆς

2132 1047 2300 1101 αὐτοῦ
2351 1048 2629 1117 θεότητος·
2674 1046 2768 1099 καὶ
2816 1045 2950 1099 αὐτὸ
2984 1044 3012 1097 ὃ
3056 1042 3342 1107 ἀνεδέξατο
3381 1042 3520 1112 ὑπὲρ
3552 1039 3710 1109 ἡμῶν

2133 1139 2346 1204 παθεῖν,
2381 1140 2478 1191 οὐκ
2507 1137 2792 1209 ἀγοράζων
2817 1138 2964 1207 ἡμᾶς
2989 1135 3083 1189 ἀπ’
3114 1135 3430 1206 ἀλλοτρίων,
3457 1131 3594 1185 ἀλλά
3614 1134 3712 1201 τὴν

2135 1230 2389 1283 ὑπόθεσιν
2438 1230 2577 1301 ὑπὲρ
2634 1229 2791 1300 ἡμῶν
2856 1227 2951 1281 τοῦ
3019 1225 3253 1297 σταυροῦ
3318 1222 3713 1293 ἀναδεξάμενος

2136 1324 2474 1393 προαιρέσει,
2514 1323 2608 1376 καὶ
2658 1321 2717 1374 οὺ
2747 1322 2863 1391 μετ’
2893 1320 3156 1389 ἀνάγκης.
3188 1316 3350 1371 Ὅθεν
3386 1315 3712 1387 ὲλήλεγκται

2137 1413 2281 1467 κατὰ
2302 1414 2476 1467 πάντα
2499 1414 2591 1467 τοῦ
2629 1415 2955 1486 Μαρκίωνος
2997 1415 3025 1466 ὁ
3058 1413 3231 1481 λόγος.
3263 1410 3373 1465 Καὶ
3397 1407 3569 1461 πολλά
3597 1409 3714 1459 ἐστι

2138 1505 2208 1558 τά
2258 1506 2395 1576 πρὸς
2428 1506 2741 1577 ἀνατροπὴν
2787 1505 2883 1575 τῆς
2916 1502 3107 1557 τούτου
3146 1501 3393 1572 μηχανῆς
3428 1498 3521 1552 καὶ
3544 1512 3715 1568 τραγ-

2135 1598 2299 1668 ῳδίας
2320 1640 2334 1662 ,
2363 1596 2422 1661 ἐξ
2456 1596 2714 1661 εὐσεϐοῦς
2740 1595 2998 1665 λογισμοῦ
3040 1594 3133 1648 καὶ
3169 1593 3391 1660 εὐλόγου
3417 1589 3714 1662 ὁρμώμενα

2135 1688 2425 1759 ἐμφάσεως
2450 1690 2505 1741 ὲν
2536 1690 2601 1757 τῇ
2630 1688 2763 1759 πρὸς
2794 1687 2954 1740 αὐτὸν
2992 1686 3309 1756 ἀντιρῤήσει

448 1786 779 1851 divinitatis,
804 1785 1045 1856 patiendi
1079 1784 1353 1848 videlicet,
1386 1783 1747 1841 nihilominus
1770 1785 2110 1853 persisteret.
2136 1784 2293 1851 Quod
2322 1800 2451 1839 vero
2506 1783 2717 1854 perpeti
2746 1783 2949 1854 aliquid
3009 1798 3108 1852 pro
3161 1782 3322 1836 nobis
3368 1778 3563 1839 voluit,
3605 1791 3713 1829 non

458 1881 511 1934 id
536 1877 751 1934 emendi
780 1877 951 1931 nostri
980 1878 1155 1949 gratia
1183 1876 1455 1946 praestitit,
1484 1878 1644 1947 quasi
1677 1877 1855 1931 alieno
1908 1878 2182 1949 mancipio
2210 1887 2551 1943 tenerentur;
2581 1877 2676 1931 sed
2710 1892 2818 1930 uno
2870 1877 3133 1930 duntaxat
3196 1872 3371 1927 nostri
3434 1869 3615 1924 studio
3664 1867 3719 1922 el

450 1987 636 2025 amore
700 1970 899 2023 ductus
944 1970 1129 2023 crucis
1177 1968 1506 2037 supplicium
1562 1982 1671 2021 non
1723 1968 2051 2022 necessitate
2101 1968 2232 2032 ulla,
2284 1969 2380 2023 sed
2434 1968 2711 2021 voluntate
2768 1967 3049 2022 sustinuit.
3106 1964 3185 2018 Ex
3254 1980 3362 2034 quo
3416 1961 3706 2015 Marcionis

447 2071 563 2117 tota
614 2062 702 2116 illa
750 2062 889 2115 ratio
926 2060 1169 2114 funditus
1211 2059 1595 2114 labefactatur.
1643 2058 1749 2114 Sed
1797 2061 1864 2115 ad
1912 2062 2033 2131 ejus
2062 2063 2371 2117 machinam
2395 2078 2610 2117 omnem
2641 2077 2705 2117 ac
2763 2060 3086 2132 tragtediam
3133 2058 3506 2121 evertendam,
3547 2055 3717 2109 multa

451 2166 580 2210 sunt
604 2172 632 2209 a
663 2157 821 2210 nobis
847 2157 899 2208 in
933 2154 1078 2209 illius
1105 2155 1488 2210 refutationem
1514 2164 1797 2227 congesta,
1819 2157 2122 2229 eademque
2151 2159 2409 2230 religiosa
2427 2174 2495 2213 ex
2522 2166 2728 2225 mente,
2752 2158 3031 2227 animique
3053 2163 3203 2211 recta
3251 2155 3463 2209 ratione
3508 2150 3718 2223 praediti

452 2252 849 2322 Slgnificatione
883 2249 1147 2320 profecta.

524 2344 618 2399 IX.
656 2343 776 2398 Jam
816 2348 961 2398 enim
994 2344 1060 2397 ad
1092 2344 1213 2412 ejus
1247 2344 1484 2413 scripta,
1519 2344 1606 2399 vel
1645 2344 1828 2413 potius
1854 2344 2031 2398 scele-

2207 2340 2284 2392 Θ’.
2325 2340 2647 2411 Ἐλεύσομαι
2690 2339 2745 2393 δὲ
2780 2341 2857 2403 εἰς
2905 2339 2972 2392 τὰ
3021 2338 3111 2391 ὑπ’
3142 2339 3306 2392 αὑτοῦ
3336 2343 3717 2413 γεγραμμέναι

451 2449 571 2494 rate
601 2439 896 2493 commissa
919 2478 932 2500 ,
967 2454 1051 2489 me
1082 2436 1329 2490 confero.
1364 2434 1499 2489 Nam
1535 2437 1635 2491 iste
1661 2438 1840 2490 solum
1877 2436 2035 2488 Luem

453 2531 804 2601 Evangelium
850 2528 1229 2597 amplectitur,
1256 2538 1538 2597 amputato
1570 2536 1752 2601 tamen
1774 2527 1897 2597 ejus
1932 2528 2038 2580 ini-

453 2625 552 2686 tio,
589 2600 731 2692 quod
768 2620 842 2673 ibi
874 2618 1174 2673 Salvatoris
1221 2619 1276 2671 in
1321 2626 1475 2673 utero
1509 2600 1916 2691 generationem
1940 2660 1955 2685 ,
1983 2625 2038 2672 et

452 2712 698 2782 ejusdem
726 2709 1016 2764 adventum
1043 2724 1167 2762 cum
1201 2723 1432 2778 corpore
1465 2711 1755 2779 perspicue
1794 2724 2039 2765 comme-

454 2814 649 2861 moret.
690 2804 799 2858 Nec
842 2802 1057 2856 initium
1109 2800 1269 2855 modo
1316 2801 1752 2872 circumscripsit
1810 2802 1899 2856 ille
1953 2802 2037 2857 sui

454 2900 638 2968 potius
667 2911 829 2966 quam
873 2894 1147 2963 Evangelii
1184 2900 1503 2962 corruptor;
1538 2893 1633 2948 sed
1685 2902 1739 2947 et
1782 2909 1847 2947 ex
1884 2892 2039 2947 initio

456 2991 660 3062 pariter
688 3003 751 3041 ac
786 2988 962 3041 medio
997 2988 1285 3054 plerasque
1312 2986 1563 3040 veritatis
1586 2988 1885 3041 sententias
1916 3002 2040 3041 sus-

455 3082 615 3144 tulit,
684 3080 929 3149 aliasque
979 3094 1077 3147 pro
1132 3078 1240 3132 illis
1295 3078 1600 3132 substituit.
1670 3078 1821 3133 llanc
1876 3094 2038 3131 unam

457 3190 622 3245 porto
656 3171 929 3241 Evangelii
978 3171 1245 3234 fortnam,
1294 3170 1440 3240 quod
1499 3186 1528 3223 a
1584 3169 1729 3224 Luca
1775 3172 2039 3240 scriptum

458 3267 714 3319 admittit.
752 3264 1024 3333 Epistolas
1056 3270 1315 3331 prmterea
1345 3261 1499 3315 Pauli
1547 3262 1778 3331 apostoli
1817 3262 2039 3325 decem,

456 3357 656 3428 quibus
696 3356 829 3410 solis
885 3356 1077 3417 utitur,
1128 3371 1228 3409 nec
1281 3356 1348 3410 iis
1387 3354 1606 3425 quidem
1650 3356 1911 3425 integris,
1948 3354 2041 3407 sed

456 3448 563 3501 alia
590 3462 655 3500 ex
688 3445 796 3499 illis
841 3444 1019 3513 capita
1054 3445 1324 3509 detrahit,
1359 3445 1465 3497 alia
1495 3454 1818 3498 commutat.
1864 3445 2044 3513 Atque

458 3515 583 3594 hos.
616 3537 754 3591 duos
803 3536 971 3589 libros
1027 3535 1290 3590 duntaxat
1330 3551 1429 3605 pro
1481 3536 1771 3589 canonicis
1822 3536 1983 3589 habet
2026 3554 2038 3588 :

458 3640 652 3704 printer
682 3644 820 3701 quos
846 3630 950 3681 alia
987 3628 1209 3698 insuper
1234 3643 1264 3681 a
1296 3643 1353 3681 se
1409 3628 1729 3681 elucubrata
1762 3628 2040 3680 volumina

458 3723 665 3779 erroris
696 3722 859 3791 310
892 3720 975 3774 sui
1012 3720 1276 3774 studiosis
1320 3720 1575 3773 obtrusit.
1610 3719 1862 3788 Epistula:
1888 3734 2039 3783 vero,

459 3831 579 3885 quae
598 3814 773 3867 abillo
793 3812 1113 3882 probantur,
1129 3811 1355 3866 haesunt
1376 3833 1386 3865 :
1409 3812 1577 3880 prima
1598 3820 1681 3864 est
1705 3810 1771 3863 ad
1789 3810 2039 3875 Galatas;

462 3923 501 3960 ιι
531 3905 599 3959 ad
634 3904 951 3959 Corinthios
984 3903 1192 3972 prima;
1235 3919 1293 3957 Ill
1318 3903 1381 3956 ad
1420 3902 1735 3956 Corinthios
1768 3902 2040 3967 secunda;

463 4017 516 4054 tv
542 3999 607 4052 ad
625 3996 934 4062 Romanos;
953 4012 985 4048 v
1010 3993 1081 4049 ad
1108 3993 1629 4048 Thessalonicenscs
1655 3994 1824 4063 prima
1848 4011 1861 4059 ;
1895 4009 1947 4045 vi
1973 3991 2042 4045 ad

460 4091 981 4146 Thcssalonicences
1014 4088 1291 4150 secunda;
1326 4103 1399 4140 vn
1431 4086 1495 4139 ad
1528 4086 1825 4155 Ephesios;
1855 4102 1948 4139 vni
1974 4086 2041 4139 ad

461 4183 843 4248 Colossenses;
895 4197 949 4234 ιιι
990 4179 1057 4233 ad
1086 4179 1489 4243 Philemonem;
1541 4194 1571 4230 x
1604 4178 1671 4231 ad
1722 4176 2042 4246 Philippen-

464 4291 573 4329 ses.
613 4274 783 4327 Habet
824 4283 879 4326 et
926 4273 993 4325 ad
1039 4270 1403 4324 Laodicenses
1444 4270 1701 4339 Epistola:
1744 4270 2041 4339 particulas

463 4366 690 4432 aliquot.
743 4362 859 4427 Qua
905 4378 972 4417 ex
1026 4362 1177 4430 ipsa,
1235 4375 1397 4429 quam
1459 4360 1693 4423 retinet,
1729 4358 2061 4429 Evangelii,

463 4452 939 4521 Epistolarumqnc
984 4450 1195 4514 forma,
1242 4450 1462 4518 planum
1513 4450 1658 4505 hunc
1686 4457 1740 4506 et
1782 4452 2043 4520 imposto-

465 4566 579 4604 rem
630 4563 754 4603 esse
792 4549 1171 4603 demonstrare
1206 4545 1317 4601 Deo
1356 4547 1656 4616 opitulante
1708 4562 2038 4615 possumus,

464 4640 889 4712 plenissimeque
921 4638 1188 4693 refellere.
1232 4637 1446 4692 Etenim
1479 4653 1543 4691 ex
1585 4637 1652 4692 iis
1687 4638 1820 4707 ipsis
1852 4639 2004 4693 libris
2025 4679 2039 4703 ,

462 4748 603 4803 quos
653 4746 939 4801 germanos
987 4745 1109 4783 esse
1163 4730 1473 4791 conﬁtetur,
1516 4731 1704 4796 procul
1741 4730 1910 4783 dubio
1957 4747 2042 4784 re-

463 4825 779 4892 darguetur.
828 4820 903 4872 Ex
949 4820 1016 4873 iis
1051 4820 1271 4888 inquam
1300 4836 1437 4888 quas
1462 4820 1721 4873 adsciscit
1764 4836 1825 4873 ac
1862 4832 2040 4875 servat

464 4914 767 4984 Evangelii,
805 4912 1280 4981 Epistolarumqnc
1310 4912 1577 4980 reliquiis,
1607 4912 1747 4979 apud
1778 4927 1873 4967 eos
1917 4914 2041 4982 qui-

2115 2431 2339 2503 μάλλον
2370 2431 2424 2483 δὲ
2455 2432 2976 2503 ἐρρᾳδιουργημένα.
3009 2427 3176 2495 Οὗτος
3205 2432 3313 2503 γὰρ
3338 2432 3699 2503 έχειἘύαγγέη

2140 2524 2249 2576 λιον
2283 2525 2439 2593 μόνον
2470 2526 2529 2577 τὸ
2557 2525 2696 2577 κατά
2730 2526 2966 2588 Λουκᾶν,
2998 2525 3469 2595 περικεκομμένον
3494 2527 3601 2579 ἀπὸ
3625 2529 3716 2598 τῆς

2140 2616 2312 2685 ἀρχῆς
2342 2616 2428 2667 διὰ
2460 2617 2557 2685 τὴν
2590 2616 2683 2667 τοῦ
2716 2617 2966 2688 Σωτῆρος
2998 2615 3257 2685 σύλληψιν
3292 2619 3385 2670 καὶ
3406 2619 3505 2689 τὴν
3533 2618 3696 2690 ἔνσαρ

2141 2724 2233 2758 κον
2255 2707 2416 2759 αὑτοῦ
2443 2710 2767 2777 παρουσίαν.
2802 2711 2875 2761 Οὐ
2917 2710 3073 2779 μόνον
3102 2710 3155 2762 δὲ
3181 2710 3279 2781 τὴν
3313 2712 3485 2782 ἀρχὴν
3516 2714 3705 2766 ἀπέτε·

2144 2818 2243 2870 μεν
2274 2801 2302 2851 ὁ
2325 2801 2705 2871 λυμηνάμενος
2734 2801 2921 2853 ἑαυτὸν
2948 2803 3090 2873 ἥπερ
3119 2801 3178 2852 τὸ
3201 2803 3527 2871 Εὐαγγέλιον
3549 2822 3561 2833 ·
3588 2806 3717 2858 ἀλλά

2142 2894 2235 2946 καὶ
2268 2894 2358 2946 τοῦ
2389 2894 2575 2956 τέλους
2606 2895 2698 2947 καὶ
2723 2894 2829 2946 τῶν
2862 2897 3042 2963 μέσων
3088 2895 3258 2947 πολλά
3292 2898 3585 2967 περιέκοψε
3613 2900 3725 2953 τῶν

2141 2985 2241 3054 τῆς
2274 2985 2528 3054 ἀληθείας
2560 2984 2731 3053 λόγων
2752 3003 2764 3015 ’
2793 2986 2927 3039 ἄλλα
2968 2987 3024 3039 δὲ
3075 2988 3227 3058 παρὰ
3268 2988 3337 3043 τὰ
3364 2993 3724 3062 γεγραμμένα

2143 3076 2515 3146 προστέθεικε.
2545 3078 2706 3145 Μὸνῳ
2733 3078 2789 3130 δὲ
2814 3079 3077 3148 κέχρηται
3105 3079 3279 3149 τούτῳ
3308 3080 3386 3150 τῷ
3416 3085 3723 3153 χαρακτῆρι

2142 3170 2220 3239 τῷ
2255 3168 2393 3221 κατά
2427 3171 2637 3223 Λουκᾶν
2670 3172 3242 3243 Εὐαγγε).ίῳ.Ἔχειδὲ
3270 3176 3363 3227 καὶ
3409 3177 3726 3240 Ἐπιστολάς

2146 3260 2274 3331 παρ’
2308 3260 2454 3331 αὐτῴ
2504 3261 2597 3314 τοῦ
2644 3263 2799 3330 ἁγίου
2843 3263 3166 3316 Ἀποστόλου
3218 3264 3368 3330 δέκα,
3394 3259 3482 3329 αἷς
3537 3266 3725 3335 μόναις

2145 3352 2430 3423 κέχρηται,
2460 3354 2520 3405 οὐ
2561 3358 2693 3407 πᾶσι
2732 3356 2789 3407 δὲ
2834 3359 2942 3418 τοῖς
2984 3358 3041 3409 ἐν
3084 3357 3271 3421 αὐταῖς
3298 3359 3723 3429 γεγραμμένοις,

2146 3442 2282 3495 ἀλλά
2308 3461 2428 3497 τινα
2458 3444 2635 3498 αὐτῶν
2664 3446 3024 3516 περιτέμνων,
3062 3449 3182 3501 τινὰ
3211 3450 3267 3502 δὲ
3297 3448 3593 3512 ἀλλοιώσας
3636 3468 3727 3502 κε-

2148 3534 2368 3602 φάλαια.
2394 3536 2631 3599 Ταύταις
2661 3537 2716 3589 δὲ
2741 3541 2860 3600 ταῖς
2886 3539 3006 3590 δυσὶ
3032 3539 3231 3608 βίϐλοις
3262 3540 3727 3611 κέχρηται.Ἀλ>.α

2146 3626 2203 3678 δὲ
2244 3627 2597 3698 συντάγματα
2645 3630 2736 3698 ἀφ’
2762 3630 2954 3683 ἑαυτοῦ
2993 3632 3245 3696 συνέταξε
3289 3636 3400 3696 τοῖς
3435 3635 3530 3686 ἀπ’
3561 3633 3727 3685 αὑτοῦ

2149 3718 2538 3789 πλανωμένοις.
2564 3722 2630 3774 Ai
2657 3721 2711 3773 δὲ
2747 3722 3057 3775 Ἐπιστολαὶ
3087 3724 3142 3775 αί
3175 3725 3304 3795 παρ’
3334 3724 3481 3795 αὑτῷ
3509 3725 3727 3795 λεγόμε-

2147 3810 2234 3863 ναί
2295 3813 2437 3864 εἰσι·
2492 3812 2682 3885 πρώτη
2730 3814 2828 3884 μὲν
2878 3815 3015 3884 πρὸς
3082 3816 3349 3881 Γαλάτας,
3398 3818 3623 3887 δευτέρα
3671 3820 3728 3870 δὲ

2148 3900 2284 3971 πρὸς
2328 3902 2663 3974 Κορινθίους,
2735 3906 2890 3977 τρίτη
2936 3907 3068 3975 πρὸς
3122 3907 3441 3978 Κορινθίους
3473 3908 3719 3979 δευτέρα,

2148 3994 2377 4063 τετάρτη
2440 3994 2575 4064 πρὸς
2633 3993 2935 4064 Ῥωμαίους
2965 4034 2980 4059 ,
3038 3997 3261 4067 πέμπτη
3320 3999 3458 4069 πρὸς
3519 4000 3726 4052 Θεσσαο

2147 4080 2397 4150 λονικεῖς,
2456 4087 2585 4158 ἕκτη
2613 4127 2628 4151 ,
2674 4089 2810 4161 πρὸς
2853 4089 3273 4152 Θεσσαλονικεῖς
3304 4090 3551 4161 δευτέρα,
3580 4092 3727 4144 ἑϐδό-

2150 4181 2375 4253 μηπρὸς
2424 4181 2744 4249 Ἐφεσίους,
2822 4184 2983 4252 ὀγδόη
3051 4185 3186 4255 πρὸς
3249 4186 3589 4251 Κολωσσεῖς,
3640 4189 3724 4237 ἐν-

2147 4276 2279 4345 νάτη
2324 4274 2461 4344 πρὸς
2509 4275 2805 4344 Φιλήμονα,
2858 4276 3058 4347 δεκάτη
3116 4276 3251 4347 πρὸς
3305 4276 3718 4349 Φιλιππησίους.

2151 4368 2303 4436 Ἔχει
2335 4367 2391 4419 δὲ
2437 4366 2531 4418 καὶ
2563 4366 2663 4435 τῆς
2694 4368 2829 4438 πρὸς
2871 4369 3190 4431 Λαοδικείας
3228 4370 3529 4441 λεγομένης
3560 4372 3722 4442 μέρη.

2159 4461 2248 4525 Ἐξ
2290 4452 2459 4530 οὗπερ
2490 4459 2833 4529 χαρακτῆρος
2881 4459 2974 4512 τοῦ
3026 4462 3154 4530 παρ’
3184 4460 3346 4513 αὐτοῦ
3394 4460 3725 4531 σωζομένου,

2144 4550 2237 4603 τοῦ
2266 4568 2323 4603 τε
2356 4549 2704 4617 Εὐαγγελίου,
2736 4549 2829 4601 καὶ
2862 4548 2971 4601 τῶν
2999 4548 3328 4602 Ἐπιστολῶν
3350 4552 3443 4604 τοῦ
3468 4552 3728 4604 Ἀποστό-

2144 4642 2257 4705 λου,
2297 4641 2464 4703 δεῖξαι
2491 4639 2650 4692 αὑτὸν
2690 4641 2747 4691 ὲν
2791 4638 2907 4708 Θεῷ
2954 4638 3148 4709 ἔχομεν
3188 4640 3479 4693 ἀπατεῶνα
3508 4641 3603 4694 καὶ
3636 4659 3727 4691 πε-

2148 4732 2505 4803 πλανημένον,
2538 4731 2631 4784 καὶ
2668 4730 2944 4802 ἀκρότατα
2986 4730 3272 4799 διελέγξαι.
3292 4732 3379 4798 Ἐξ
3405 4732 3584 4785 αὐτῶν
3616 4735 3724 4804 γὰρ

2144 4829 2246 4880 ἀνα
2255 4826 2526 4897 μφιεόλως
2554 4823 2662 4877 τῶν
2685 4826 2816 4894 παρ’
2838 4823 3001 4876 αὑτοῦ
3023 4825 3470 4894 ὁμολογουμένων
3498 4826 3727 4896 ἀνατρα-

2146 4917 2512 4990 πήσεται.Ὲκ
2553 4917 2661 4988 γὰρ
2706 4917 2814 4970 τῶν
2862 4916 3041 4969 αὐτῶν
3079 4917 3156 4969 ἔτι
3193 4917 3319 4988 παρ’
3349 4915 3514 4969 αὐτοῦ
3545 4916 3726 4987 λειψά-

462 5007 619 5065 dem,
665 5004 757 5073 qui
794 5002 1072 5071 sapientiae
1102 5001 1381 5069 paululum
1433 5001 1704 5067 habeant,
1756 5003 2036 5058 maniieste

2146 5029 2272 5076 νων,
2302 5010 2394 5063 τοῦ
2423 5028 2481 5062 τε
2508 5009 2841 5078 Εὑαγγελίου
2866 5010 2957 5061 καὶ
2985 5007 3091 5060 τῶν
3120 5008 3455 5061 Ἐπιστολῶν
3484 5010 3726 5080 εὑρισκο-

465 5095 861 5165 probabimus,
924 5106 1268 5161 nequaquam
1328 5105 1359 5143 a
1425 5091 1620 5145 Vetere
1693 5090 2045 5147 Testamento

463 5189 776 5248 Christum,
810 5193 903 5237 aut
933 5184 999 5237 ab
1026 5200 1091 5238 eo
1126 5198 1250 5236 cum
1285 5196 1448 5237 carne
1481 5185 1731 5237 veniente
1755 5183 2046 5251 prophetas

465 5279 781 5331 abhorrere.
804 5273 944 5339 Quin
962 5274 1125 5327 etiam
1147 5274 1601 5328 resurrectionem
1648 5288 1938 5341 corporum
1976 5274 2045 5326 ab

463 5367 723 5436 Apostolo
755 5364 1076 5433 praedicari,
1106 5371 1161 5419 et
1190 5366 1245 5418 in
1289 5380 1479 5419 eorum
1514 5364 1607 5433 qui
1640 5364 1873 5418 salutem
1907 5379 2044 5417 con-

464 5464 767 5526 sequuntur
818 5471 1105 5509 numerum
1171 5456 1539 5511 Abrahamum
1601 5456 1669 5509 ab
1731 5459 1919 5509 eodem
1986 5465 2039 5509 et

465 5549 706 5602 lsaacutn
736 5546 1108 5616 Jacobumque
1138 5547 1369 5615 referri;
1414 5564 1515 5603 nec
1549 5563 1657 5602 non
1694 5548 1900 5617 reliqua
1939 5547 2036 5603 de-

467 5637 915 5691 monstrabuntur
974 5638 1179 5706 omnia,
1233 5654 1353 5709 quae
1396 5646 1585 5695 sancta
1642 5638 1736 5695 Dei
1792 5638 2034 5695 Ecclesia

548 5789 563 5818 ι
596 5788 799 5855 Ephes.
831 5805 885 5855 γ,
918 5791 1006 5844 16.

2147 5102 2343 5171 μένων,
2375 5101 2715 5170 δειχθήσεται
2748 5104 2776 5153 ό
2807 5100 3037 5171 Χριστὸς
3066 5103 3177 5162 τοῖς
3204 5103 3444 5162 συνετοῖς
3475 5100 3549 5171 μὴ
3580 5101 3728 5153 dif/r3-

2142 5207 2291 5259 τριος
2332 5186 2471 5242 εἶναι
2518 5189 2763 5252 Παλαιᾶς
2789 5190 3083 5259 Διαθήκης,
3114 5190 3209 5242 καὶ⁵
3242 5190 3291 5241 οἱ
3323 5192 3600 5259 προφῆται
3632 5188 3726 5244 οὖν

2142 5280 2240 5330 οὐκ
2264 5277 2528 5347 ἀλλότριοι
2560 5278 2712 5339 ὅντες
2744 5278 2841 5346 τῆς
2869 5278 2961 5330 τοῦ
2992 5278 3192 5349 Κυρίου
3220 5278 3341 5348 ἐνδη
3353 5279 3501 5347 μίας,
3526 5280 3619 5331 καὶ
3644 5282 3725 5332 ὅτι

2142 5368 2434 5420 ἀνάστασιν
2455 5367 2654 5437 σαρκὸς
2677 5368 2705 5418 ὁ
2723 5367 3042 5430 Ἀπόστολος
3068 5367 3345 5436 κηρύττει,
3366 5368 3458 5419 καὶ
3484 5367 3726 5429 δικαίους

2144 5461 2269 5522 τοὺς
2300 5461 2583 5529 προφήτας
2602 5458 2875 5527 ὀνομάζει»
2909 5458 2999 5510 καὶ
3025 5460 3081 5510 ὲν
3113 5457 3439 5529 σωζομένοις
3462 5459 3725 5530 ὑπάρχω

2143 5568 2242 5614 τας
2278 5553 2402 5614 τοὺς
2437 5551 2561 5620 περὶ
2589 5549 2860 5620 Ἀϐραὰμ,
2890 5552 2985 5604 καί
3016 5550 3221 5613 Ἰσαάκ,
3260 5551 3355 5604 καὶ
3386 5550 3601 5613 Ἰακὼϐ,
3629 5550 3724 5605 καὶΙ

2144 5642 2319 5695 πάντα
2352 5644 2448 5696 ὅσα
2477 5641 2592 5694 ἐστὶ
2626 5639 2722 5708 τῆς
2762 5640 2921 5707 ἁγίας
2957 5640 3048 5694 τοῦ
3089 5640 3224 5694 Θεοῦ
3260 5640 3588 5712 Ἐκκλησίας
3615 5639 3723 5712 (τε)
