4156 6358
448 388 552 446 709

1143 384 1522 443 ADVERSUS
1561 386 1905 442 il/ERESES
1943 386 2042 440 Llﬁ

2150 428 2155 440 .
2197 385 2361 442 TOM.
2403 383 2489 440 ΙΙΙ.
2531 417 2601 428 -
2632 383 2906 442 ΗᾸίΙὶΕΞ.
2934 384 3097 441 XLII.

3633 388 3742 447 ’ῐξθ

448 501 694 573 σωτήρια
723 499 818 552 καὶ
845 499 976 568 am
1008 498 1102 552 καὶ
1131 501 1196 553 ἐκ
1220 499 1352 554 Θεοῦ
1385 501 1788 572 ἐστηριγμένα,
1819 502 1877 556 ἒν
1900 519 1957 556 τε
1984 505 2042 572 τῇ

2159 503 2468 572 proﬁtetur,
2505 500 2769 555 salutaria
2801 501 2892 555 illa
2923 501 3167 572 quidem,
3197 513 3263 556 ac
3305 501 3750 576 sancta,Deique

445 594 626 647 πίστει
654 592 748 645 καὶ
779 592 839 645 ὲν
869 594 936 662 τῇ
966 589 1186 660 γνώσει,
1215 592 1307 645 καὶ
1343 594 1402 645 ἐν
1435 592 1630 657 ἐλπίδι,
1662 594 1756 646 καὶ
1789 594 2045 647 διδασκα-

449 685 564 756 λία.

520 779 576 832 l'.
611 777 1015 848 Παραθὴσομαι
1041 775 1093 828 δὲ
1114 777 1208 830 καὶ
1243 776 1310 848 ἢν
1333 777 1689 851 ἐποιησάμην
1724 781 1847 833 κατ’
1879 778 2044 833 αὑτοῦ

448 869 856 939 πραγματείαν,
913 869 1043 938 πρὶν
1087 869 1180 921 τοῦ
1223 869 1434 940 ταύτην
1485 888 1587 941 μου
1633 873 1732 942 τὴν
1793 872 2046 936 σύνταξιν

448 959 842 1012 ἐσπουδακέναι
873 958 958 1011 διὰ
987 959 1087 1029 τῆς
1119 959 1275 1030 ὑμῶν
1299 959 1410 1013 τῶν
1444 961 1690 1031 ἀδελφῶν
1730 964 2048 1034 προτροπῆς

449 1049 778 1122 ποιήσασθαι
817 1050 950 1102 Ἀπὸ
965 1050 1101 1103 ἐτῶν
1133 1052 1333 1105 ἱκανῶν
1357 1054 1448 1105 ἁνε
1460 1053 1663 1124 ρευνῶν
1683 1054 1699 1083 ¹
1729 1055 1827 1124 τὴν
1853 1055 2045 1106 τούτου

449 1142 544 1197 τοῦ
580 1142 905 1213 Μαρκίωνος
930 1144 1362 1215 ἐπινενοημένην
1407 1145 1776 1215 ψευδηγορίαν
1814 1146 1909 1198 καὶ
1958 1146 2047 1215 λη-

457 1236 597 1307 ρώδη
624 1235 990 1300 διδασκαλίαν,
1021 1237 1191 1299 αὐτὲις
1229 1236 1294 1307 δὴ
1344 1237 1443 1300 τὰς
1492 1237 1586 1290 τοῦ
1642 1237 2042 1309 προειρημένου

456 1329 694 1400 βίϐλους,
729 1329 795 1392 ἃς
826 1329 1089 1400 κέκτηται
1116 1329 1255 1399 μετὰ
1284 1333 1470 1402 χεῖρας
1503 1330 1704 1394 λαϐὼν,
1739 1330 1799 1382 τό
1821 1347 1880 1382 τε
1914 1331 2044 1400 παρ’

451 1421 633 1474 αὐτῶν
663 1419 954 1490 λεγόμενον
989 1421 1319 1490 Εὑαγγέλιον
1346 1423 1441 1474 καὶ
1466 1422 1823 1476 ἀποστολικὸν
1857 1421 2047 1474 καλού-

457 1530 618 1584 μενον
660 1514 790 1583 παρ’
819 1512 986 1583 αὐτῷ,
1018 1513 1462 1584 ἐξανθισάμενος,
1510 1515 1602 1566 καὶ
1648 1514 2044 1583 ἀναλεξάμενος

453 1605 574 1658 καθ’
602 1605 796 1676 εἱρμὸν
831 1605 940 1657 ἀπὸ
978 1604 1086 1656 τῶν
1133 1605 1548 1676 προειρημένων
1595 1607 1687 1658 δύο
1723 1605 1942 1676 βιϐλίων
1975 1605 2044 1658 τὰ

452 1697 670 1766 ἐλέγξαι
695 1697 858 1750 αὑτὸν
876 1697 1174 1768 δυνάμενα,
1208 1697 1426 1766 ὲδάφιόν
1455 1716 1507 1750 τι
1535 1697 1842 1763 συντάξεως
1866 1701 2045 1767 ἐποιη-

455 1790 658 1859 εάμην,
693 1788 1001 1851 ἀκολούθως
1045 1789 1210 1853 τάξας
1247 1790 1543 1858 κεφαλαια,
1594 1791 1689 1843 καὶ
1731 1790 2042 1861 ἐπιγράψας

2153 593 2483 647 auctoritate
2515 592 2795 654 roborata,
2839 607 2961 662 qua:
2993 591 3272 646 communi
3306 591 3443 665 ﬁdei,
3479 597 3709 650 scientia
3729 637 3746 661 ,

2160 701 2280 754 spe,
2310 685 2671 754 doctrinaque
2697 683 3132 754 comprehendit.

2225 777 2291 832 Χ.
2339 777 2496 834 Libet
2523 795 2652 835 vero
2680 779 3107 848 disputationem
3142 776 3436 850 quamdam
3467 777 3558 832 hic
3592 777 3742 833 inse-

2151 887 2303 935 rere,
2345 886 2509 941 quam
2552 871 2818 927 adversus
2870 871 3184 925 haereticum
3232 871 3398 925 istum
3454 869 3746 924 elucubra-

2151 979 2368 1026 veram,
2400 969 2696 1032 antequam
2731 977 2870 1033 Opus
2902 962 3048 1016 istud
3095 961 3317 1016 hortatu
3351 969 3536 1016 vestro
3565 961 3745 1016 susci-

2153 1068 2356 1121 perem.
2407 1052 2541 1107 Nam
2597 1068 2722 1106 cum
2767 1054 2955 1108 multis
2992 1052 3194 1107 abhinc
3249 1052 3410 1108 annis
3451 1051 3746 1106 Marcionis

2150 1146 2315 1216 hujus
2339 1145 2746 1200 commentitias
2777 1144 3011 1208 fabulas,
3037 1155 3091 1200 et
3122 1145 3446 1199 inanissima
3481 1144 3738 1215 dogmata

2148 1228 2528 1308 perscrutatus
2572 1253 2751 1292 essem
2776 1278 2792 1302 ,
2829 1252 3077 1308 quosque
3113 1238 3200 1292 ille
3233 1237 3402 1291 libros
3439 1251 3540 1306 pro
3571 1251 3742 1292 cauo--

2148 1331 2287 1386 nicis
2338 1329 2696 1400 comprobat;
2737 1338 2864 1399 puta
2909 1329 3270 1399 Evangelium
3317 1328 3464 1396 quod
3511 1328 3614 1398 ipsi
3651 1343 3748 1383 vo-

2147 1429 2314 1483 cant,
2341 1427 2397 1474 et
2430 1420 2793 1489 apostolicum
2843 1419 2911 1473 ab
2951 1417 3144 1472 iisdem
3199 1417 3540 1471 nominatum
3595 1416 3746 1472 evol-

2147 1527 2301 1576 vens,
2341 1511 2627 1567 selectiora
2664 1511 2790 1565 inde
2826 1511 3088 1564 nonnulla
3113 1551 3127 1575 ,
3163 1525 3286 1580 quae
3311 1510 3377 1564 ad
3410 1509 3562 1563 illum
3593 1509 3745 1563 refu-

2148 1605 2372 1659 tandqu
2410 1605 2717 1674 pertinent,
2768 1603 3086 1658 continuata
3121 1601 3261 1658 serie
3307 1601 3743 1672 decerpsisscm,

2147 1696 2420 1752 uberioris
2471 1695 2759 1764 eujusdam
2812 1696 2994 1765 operis
3047 1695 3404 1750 fundamenta
3445 1694 3640 1764 posui;
3681 1708 3747 1748 ac

2147 1789 2489 1856 singulorum
2527 1789 2768 1858 capitum
2812 1786 3060 1843 ordinem
3099 1787 3173 1840 ita
3207 1786 3498 1850 distribui,
3529 1792 3587 1838 ut
3622 1786 3746 1838 uui-

455 1881 658 1954 ἑκάστῃ
691 1881 849 1952 ῥήσει
874 1879 1114 1952 πρώτην,
1151 1882 1438 1953 δευτέραν,
1472 1882 1696 1953 τρίτην·
1741 1885 1836 1936 κα)⁸
1873 1882 2042 1946 οὕτως

2150 1880 2347 1949 cuique
2391 1879 2709 1942 sententia},
2764 1879 2972 1949 prima,
3022 1877 3296 1944 secunda,
3332 1877 3492 1932 tertia
3515 1917 3528 1939 ,
3563 1892 3627 1930 ac
3665 1877 3746 1932 sic

455 1973 556 2036 ἕως
597 1974 784 2036 τέλους
825 1973 1124 2042 διεξῆλθον,
1155 1976 1213 2026 ἐν
1254 1970 1336 2037 οἷς
1382 1975 1634 2043 φαίνεται
1663 1974 1886 2043 ἠλιθίως
1915 1973 2037 2027 καθ’

455 2064 644 2118 ἑαυτοῦ
680 2065 772 2117 ἐπὶ
805 2064 1005 2127 ταύτας
1045 2065 1143 2128 τὰς
1195 2065 1746 2136 παραμεινάσας-τοῦ
1777 2084 1836 2118 τε
1865 2066 2040 2132 Σωτῆο

457 2172 546 2228 ρος
572 2156 666 2209 καὶ
706 2154 798 2208 τοῦ
817 2156 1140 2209 Ἀποστὸλου
1169 2157 1343 2221 λέξεις
1370 2159 1677 2226 φυλάττων.
1708 2160 1772 2210 Αἱ
1808 2158 1907 2227 μὲν
1930 2159 2039 2229 γὰρ

455 2244 631 2301 αὐτῶν
660 2243 1126 2316 παρηλλαγμένως
1166 2246 1257 2298 ὑπ’
1277 2247 1446 2300 αὐτοῦ
1475 2247 2038 2319 ὲρῤᾳδιουργήθησαν,

454 2339 546 2391 καὶ
575 2337 651 2400 ὡς
681 2338 780 2389 οὐκ
811 2334 924 2407 εἶχε
957 2337 1036 2408 τῷ
1072 2338 1212 2390 κατὰ
1245 2339 1460 2392 Λουκᾶν
1503 2340 1822 2410 Εὑαγγελίῳ
1849 2339 1911 2392 τὸ
1948 2340 2042 2392 ἀν-

452 2427 737 2498 τίγραφον,
768 2425 891 2479 οὔτε
921 2429 953 2498 ἡ
979 2427 1074 2480 τοῦ
1102 2429 1460 2482 ἀποστολικοῦ
1490 2431 1839 2500 χαρακτῆρος
1867 2429 2041 2500 ἔμφα-

453 2535 565 2580 σις’
598 2518 734 2573 ἄλλα
761 2518 818 2572 δὲ
849 2517 1010 2587 φύσει
1035 2519 1110 2583 ὡς
1139 2519 1250 2591 ἔχει
1289 2522 1384 2574 καὶ
1426 2522 1488 2574 τὸ
1521 2523 1853 2592 Εὑαγγέλιον
1884 2524 1976 2576 καὶ
2011 2523 2038 2572 δ

466 2609 807 2676 Ἀπῦστολος,
846 2611 921 2682 μὴ
971 2611 1276 2680 ἀλλαγέντα
1326 2614 1416 2666 ὑπ’
1452 2614 1639 2679 αὑτοῦ,
1685 2615 1959 2685 δυνάμενα
1984 2615 2039 2666 δὲ.

452 2703 616 2756 αὑτὸν
651 2702 968 2772 διελέγχειν,
1019 2702 1086 2755 δι’
1113 2698 1190 2756 ὧν
1218 2703 1490 2759 δείκνυται
1539 2707 1749 2760 Παλαιὰ
1795 2707 2038 2779 Διαθήκη

455 2794 821 2866 συμφωνοῦσα
867 2795 1003 2865 πρὸς
1029 2794 1129 2866 τὴν
1162 2797 1328 2856 Νέαν.
1366 2798 1458 2850 καὶ
1488 2799 1521 2868 ἡ
1551 2801 1724 2870 Καινὴ
1770 2800 1906 2870 πρὸς
1939 2801 2039 2872 τὴν

453 2887 698 2941 Παλαιὰν
733 2886 1227 2957 Διαθήκην.”Λλλαι
1254 2888 1311 2942 δὲ
1341 2889 1502 2943 πάλιν
1532 2892 1707 2955 λέξεις
1728 2893 1837 2945 τῶν
1857 2893 2038 2947 αὐτῶν

454 2977 678 3049 βιϐλίων
714 2978 1071 3046 ὑποφαίνουσι
1121 2979 1354 3050 Χριστὸν
1409 2982 1466 3032 ὲν
1509 2981 1672 3052 σαρκὶ
1698 2981 2035 3052 ἐληλυθέναι,

453 3071 548 3123 καὶ
575 3070 632 3121 ἐν
659 3069 788 3140 ἡμῖν
816 3069 1035 3132 τελείως
1065 3071 1570 3142 ὲνηνθρωπηκέναι.
1589 3073 1749 3127 Ἀλλὰ
1769 3076 1862 3128 καὶ
1884 3075 2039 3129 ἄλλαι

454 3159 617 3214 πάλιν
650 3159 1008 3230 ὁμολογοῦσαι
1053 3161 1150 3232 τὴν
1191 3162 1298 3216 τῶν
1346 3163 1556 3234 νεκρῶν
1589 3165 1904 3230 ἀνάστασιν,
1943 3169 2038 3221 καὶ

2149 1972 2408 2041 deinceps
2440 1972 2853 2040 praascriberem
2890 1978 2983 2026 :et
3011 1971 3078 2024 ad
3118 1971 3277 2024 ﬁnem
3319 1986 3492 2039 usque
3529 1970 3744 2038 singula

2153 2073 2442 2131 notarem,
2488 2065 2543 2119 in
2577 2065 2776 2134 quibus
2830 2066 2964 2119 istas
3006 2063 3308 2117 Salvatoris
3352 2070 3447 2116 aut
3498 2061 3744 2131 Apostnli

2150 2158 2454 2213 sententias
2482 2167 2672 2212 contra
2719 2174 2775 2211 se
2815 2157 3030 2211 videtur
3065 2156 3392 2211 stultissime
3420 2155 3738 2210 retinuisse.

2150 2247 2406 2311 Quaedam
2442 2249 2587 2302 enim
2626 2262 2690 2301 ex
2745 2249 2852 2302 illis
2901 2249 2969 2300 ab
2999 2263 3064 2300 eo
3103 2253 3451 2301 commutata:
3484 2246 3746 2316 deprava-

2152 2348 2326 2408 twque
2363 2349 2522 2403 sunt;
2567 2339 2725 2408 311
2770 2356 2876 2392 non
2910 2354 2972 2392 ea
3017 2338 3118 2392 ﬁde
3158 2346 3598 2408 reprazsentataz,
3635 2353 3744 2406 qua

2153 2440 2246 2486 aut
2293 2434 2346 2484 iu
2393 2431 2672 2501 Evangelii
2733 2429 3031 2484 secundum
3089 2429 3287 2482 Lucam
3337 2429 3743 2498 exemplaribus

2151 2525 2425 2595 leguntur,
2469 2531 2561 2578 aut
2610 2523 2944 2592 apostolicus
2998 2522 3113 2590 ipse
3163 2521 3338 2592 stylus
3374 2537 3485 2590 pra?
3519 2538 3576 2576 se
3603 2519 3743 2576 ferre

2149 2617 2420 2671 videatur.
2456 2617 2607 2669 Alias
2661 2616 2903 2682 integras
2958 2624 3011 2666 et
3067 2615 3417 2682 iucorruptas
3473 2613 3740 2681 reliquit;

2149 2706 2462 2778 cujusmodi
2508 2707 2724 2760 sim-ero
2757 2706 2810 2758 in
2843 2705 3133 2774 Evangelio
3178 2711 3233 2756 et
3280 2705 3543 2774 Apostolo
3587 2720 3745 2774 repe-

2150 2803 2407 2866 riuntur;
2439 2816 2507 2855 ex
2556 2800 2759 2869 quibus
2801 2799 2949 2850 illius
2988 2796 3242 2849 convinci
3278 2795 3562 2850 mendacia
3616 2811 3743 2865 pos-

2150 2899 2312 2956 sunt;
2351 2897 2540 2959 utpote
2577 2904 2696 2958 quae
2731 2886 2940 2941 Veteris
2997 2885 3332 2940 Testamenti
3382 2903 3506 2940 cum
3551 2884 3740 2948 Novo,

2151 2983 2317 3052 hujus
2363 2981 2605 3035 Vicissim
2646 2998 2769 3033 cum
2799 2979 2892 3032 illo
2925 2980 3344 3033 consensionem
3395 2993 3458 3032 ac
3511 2993 3744 3030 concor-

2151 3077 2295 3130 diam
2349 3074 2649 3127 declarant.
2710 3071 2899 3126 lnsuut
2941 3071 2994 3123 in
3048 3071 3134 3125 his
3181 3069 3333 3123 libris
3366 3076 3420 3122 ct
3452 3069 3554 3122 alia
3588 3070 3738 3133 loca,

2149 3167 2351 3234 quibus
2370 3170 2650 3233 aSsumpta
2673 3177 2838 3216 carne
2864 3161 3081 3215 venisse
3095 3160 3372 3214 Christum
3396 3159 3738 3233 ostendatur,

452 3253 546 3305 τὸν
590 3253 724 3305 Θεὸν
773 3254 868 3306 ἕνα
915 3253 1058 3306 ὅντα·
1089 3253 1290 3323 Κύριον
1338 3255 1554 3308 πάντων
1602 3259 2038 3331 παντοκράτορα.

2150 3274 2213 3312 ac
2245 3259 2542 3326 perlectum
2592 3255 2734 3307 inter
2764 3268 2864 3308 nos
2901 3253 3172 3305 hominem
3215 3251 3386 3304 fuisse
3436 3259 3733 3304 versatum.

453 3344 617 3399 αὑτὸν
653 3345 878 3416 ποιητὴν
909 3345 1139 3416 οὐρανοῦ
1168 3347 1262 3398 καὶ
1287 3347 1410 3416 γῆς,
1442 3349 1536 3400 καὶ
1564 3349 1780 3402 πάντων
1810 3351 1919 3405 τῶν
1953 3353 2043 3405 ἐπὶ

451 3437 557 3506 γῆς
621 3437 928 3507 γενομένων
956 3477 970 3499 ,
1031 3439 1124 3489 καὶ
1177 3437 1301 3490 οὔτε
1369 3443 1891 3512 παραχαράσσουσαι
1948 3445 2042 3496 τοῦ

453 3525 790 3595 Εὑαγγελίου
841 3527 939 3598 τὴν
991 3527 1204 3596 κλῆσιν,
1245 3527 1371 3581 οὔτε
1420 3535 1527 3602 μὴν
1575 3533 1904 3607 ἀρνούμεναι
1954 3537 2046 3588 τὸν

455 3621 688 3692 ποιητὴν
716 3621 808 3672 καὶ
841 3619 1171 3691 δημιουργὸν
1214 3621 1323 3673 τῶν
1358 3623 1596 3687 πάντων,
1630 3625 1766 3679 ἀλλὰ
1789 3626 2046 3698 δηλοῦσαι

454 3711 547 3765 τὸν
592 3711 777 3780 σαφῶς
809 3710 1232 3782 ὡμολογημένον
1281 3713 1386 3766 ὑπὸ
1431 3717 1526 3770 τοῦ
1574 3723 1918 3793 χαρακτῆρος
1950 3723 2045 3776 τοῦ

454 3802 814 3857 ἀποστολικοῦ
857 3803 1078 3857 καὶτοῦ
1126 3806 1486 3875 εὑαγγελικοῦ
1514 3809 1888 3881 κηρύγματος.
1937 3816 2048 3868 Καὶ

456 3893 573 3948 ἐστι
602 3895 670 3948 τὰ
694 3897 825 3966 ἡμῖν
853 3898 1407 3969 πεπραγματευμένα
1439 3901 1496 3953 ἐν
1521 3901 1906 3974 ὑποκειμένοις
1936 3925 2048 3960 πα-

457 3988 814 4061 ρατιθέμενα,
849 3987 1006 4043 ἅτινά
1036 3990 1152 4043 ἐστι
1185 3991 1336 4046 τάδε.

546 4274 864 4340 Προοιμιον
886 4270 997 4345 τῆς
1021 4273 1156 4342 περὶ
1179 4273 1298 4326 τῶν
1326 4277 1676 4345 Μαρκίωνος
1695 4280 1870 4344 eum
1873 4299 1955 4334 ων

812 4342 1156 4410 ὑποθέσεως
1182 4361 1247 4397 τε
1282 4346 1382 4398 καὶ
1406 4342 1681 4417 ἐλέγχοι).

528 4455 630 4511 IA'.
667 4456 818 4527 ’Ὁτῳ
847 4457 999 4525 φίλον
1037 4459 1154 4511 ἐστὶ
1195 4457 1296 4522 τὰς
1331 4460 1423 4513 τοῦ
1463 4462 1745 4534 ἀπατηλοῦ
1778 4467 2044 4538 Μαρκίω-

2151 3347 2434 3402 Accedunt
2469 3361 2531 3399 ea
2566 3360 2812 3416 quoque,
2843 3344 3047 3414 quibus
3098 3349 3439 3395 mortuorum
3475 3341 3743 3409 praedica-

2154 3449 2241 3494 tur
2287 3437 2578 3503 excitatio;
2631 3435 2884 3504 idemque
2928 3433 3070 3488 Deus
3118 3442 3172 3486 et
3217 3433 3595 3485 universorum
3635 3430 3738 3481 Do-

2151 3532 2335 3586 minus
2357 3531 2735 3599 omuipoteus,
2763 3529 2888 3584 caeli
2923 3543 2985 3580 ac
3021 3535 3178 3580 terrm
3197 3565 3210 3588 ,
3244 3531 3595 3594 cluniumque
3622 3536 3742 3591 qua

2153 3635 2280 3683 sunt
2315 3627 2368 3680 iu
2416 3636 2559 3680 terra
2598 3625 2850 3679 conditur
2884 3622 3218 3692 perhibetur.
3268 3622 3399 3686 Qua:
3436 3635 3536 3672 nec
3568 3634 3742 3672 evau-

2152 3721 2377 3790 gelicam
2420 3720 2760 3771 vocationem
2800 3714 3143 3778 adulterant,
3171 3727 3270 3766 nec
3309 3712 3479 3765 tonus
3516 3711 3742 3764 univer-

2151 3811 2332 3866 sitatis
2377 3816 2658 3862 auctorem
2689 3822 2753 3861 ac
2785 3808 3090 3860 molitorem
3137 3807 3436 3872 abnegaut;
3465 3805 3556 3858 sed
3588 3820 3744 3856 eum-

2151 3905 2273 3958 dem
2305 3903 2484 3972 ipsum
2523 3899 2769 3954 referunt
2797 3940 2812 3964 ,
2838 3899 3055 3968 qualem
3086 3905 3138 3950 et
3170 3898 3502 3966 apostolicus
3533 3897 3741 3966 stylus,

2152 4005 2205 4051 et
2237 3993 2552 4063 evangelica
2573 3990 2887 4061 praedicatio
2911 3988 3214 4060 proﬁtetur.
3241 3987 3371 4052 Qua:
3402 3988 3563 4057 igitur
3593 3989 3742 4042 hunc

2152 4088 2206 4141 in
2238 4084 2460 4139 modum
2512 4080 2916 4136 elaboravimus
2955 4079 3072 4132 suis
3120 4079 3454 4149 argumentis
3493 4076 3737 4147 digesta,

2153 4179 2415 4248 deinceps
2449 4172 2802 4244 proponenda
2829 4180 2978 4226 sunt.

2230 4293 2308 4347 De
2357 4289 2649 4345 Marcionis
2692 4287 2842 4343 libris
2882 4287 3153 4368 opusculi,
3185 4286 3292 4340 sive
3329 4285 3667 4354 refulatioms

2785 4374 3115 4427 prownuum.

2225 4474 2316 4531 XI.
2346 4473 2404 4529 Si
2433 4474 2559 4544 quis
2589 4471 2898 4526 adulterina
2929 4469 3218 4524 Marcionis
3245 4469 3462 4522 inventa
3493 4481 3740 4534 cmupreo

454 4568 547 4616 νος
575 4549 760 4615 νόθους
798 4551 1040 4614 ἐπινοίας
1068 4552 1351 4622 ἀκριϐοῦν,
1396 4557 1490 4609 καὶ
1531 4557 1630 4620 τὰς
1681 4560 2042 4624 ἐπιπλάστους

2153 4567 2392 4623 bendere
2425 4565 2643 4636 penitus
2675 4563 2894 4629 studet,
2931 4577 2995 4616 ac
3027 4560 3255 4631 pecudis
3290 4559 3438 4614 illius
3465 4558 3740 4614 versutia:

457 4642 551 4698 τοῦ
582 4642 746 4696 αὑτοῦ
781 4642 1126 4714 βοσκήματος
1159 4645 1410 4714 μηχανὰς
1441 4647 1821 4716 διαγινώσκειν
1848 4655 2044 4723 τουτῳῒ

459 4738 536 4806 τῷ
565 4735 974 4806 συλλελεγμένῳ
1004 4740 1138 4809 πονὴ
1149 4755 1277 4809 ματι
1311 4739 1554 4809 ἐντυχεῖν
1584 4742 1658 4811 μὴ
1689 4745 2040 4799 κατοκνείτω.

475 4827 566 4880 Ἐκ
600 4827 709 4897 γὰρ
749 4827 844 4879 τοῦ
884 4829 1012 4897 παρ’
1038 4827 1204 4881 αὑτοῦ
1234 4829 1566 4897 Εὑαγγελίου
1592 4830 1660 4883 τὰ
1691 4832 1827 4903 πρὸς
1860 4834 2045 4906 ἀντίρ-

459 4921 616 4990 ρησιν
647 4919 745 4989 τῆς
778 4918 1085 4989 πανούργου
1114 4919 1282 4972 αὐτοῦ
1323 4921 1671 4991 ῥᾳδιουργίας
1707 4924 2044 4978 σπουδάσαν-

455 5028 548 5074 τες
581 5010 962 5082 παρεθέμεθαο
1015 5011 1080 5063 ἵν’
1109 5012 1158 5063 οἱ
1210 5011 1288 5082 τῷ
1334 5013 1610 5082 πονὴματι
1654 5016 1895 5085 ἐντυχεῖν
1926 5017 2044 5070 ἐθέ-

457 5103 661 5168 λοντες,
681 5104 846 5174 ἔχωσι
867 5102 1025 5156 τοῦτο
1045 5104 1345 5174 γυμνάσιον
1377 5105 1635 5178 ὀξύτητος
1665 5107 1803 5180 πρὸς
1821 5108 2041 5180 ἔλεγχον

457 5195 564 5249 τῶν
597 5195 688 5249 ὑπ’
719 5195 884 5249 αὐτοῦ
912 5197 1347 5267 ἐπινενοημένων
1378 5197 1708 5265 ξενολεξιῶν.
1728 5201 1785 5253 Ὀ
1818 5203 1916 5272 μέν
1935 5201 2044 5271 γὰρ

459 5287 741 5360 χαρακτὴρ
765 5287 860 5340 τοῦ
894 5287 1037 5342 κατὰ
1068 5289 1283 5342 Λουκᾶν
1314 5291 1570 5360 σημαίνει
1597 5291 1655 5343 τὸ
1685 5293 2040 5362 Εὐαγγέλιον·

457 5379 532 5440 ῶς
556 5379 612 5431 δὲ
637 5377 1086 5450 ἡκρωτηρίασται
1119 5382 1254 5449 μήτε
1296 5381 1473 5450 ἀρχὴν
1507 5379 1668 5450 ἔχων.
1704 5385 1842 5452 μήτε
1874 5385 2042 5453 μέσα,

461 5473 598 5540 μήτε
630 5469 803 5533 τέλος,
836 5471 1051 5540 ἱματίου
1086 5469 1430 5541 βεϐρωμένου
1467 5472 1571 5524 ὑπὸ
1605 5472 1816 5525 πολλῶν
1862 5475 2043 5545 σητῶν

457 5563 643 5632 ἐπέχει
671 5562 763 5616 τὶν
795 5562 1014 5635 τρόπον.
1042 5562 1218 5641 Εὐθὺς
1247 5564 1345 5633 μὲν
1380 5562 1487 5635 γὰρ
1517 5566 1576 5616 ὲν
1597 5567 1661 5635 τῇ
1693 5565 1832 5636 ἀρχῇ
1866 5567 2042 5618 πάντα

455 5653 524 5707 τὰ
547 5651 641 5705 ἀπ’
660 5651 837 5722 ἀρχῆς
861 5651 940 5721 τῷ
959 5652 1142 5724 Λουκᾷ
1170 5655 1731 5726 πεπραγματευμένα,
1763 5657 2042 5709 τουτέστιν

530 5831 546 5864 ‘
573 5829 698 5886 Fur.
732 5829 929 5884 ἱκανῶν
958 5831 1079 5902 γάρ.

2149 4674 2341 4714 omnes
2370 4665 2425 4712 et
2461 4655 2691 4710 artiﬁcia
2726 4666 3081 4723 cognoscere,
3112 4650 3217 4705 hoc
3250 4649 3394 4719 quod
3424 4663 3454 4702 a
3491 4663 3576 4702 me
3601 4663 3738 4700 con-

2148 4751 2431 4805 cinnatum
2464 4762 2605 4817 opus
2655 4751 2741 4798 est
2787 4749 3094 4812 percurrat.
3145 4738 3280 4793 Nam
3311 4755 3375 4794 ex
3409 4738 3528 4808 ejus
3562 4737 3740 4790 Evan-

2148 4844 2288 4914 gelio
2317 4855 2438 4912 qua)
2481 4847 2670 4893 contra
2709 4834 3061 4890 calliditatem
3096 4832 3272 4902 ipsius
3302 4831 3508 4886 scelere
3556 4828 3739 4897 impli-

2147 4945 2324 4988 catam
2377 4928 2578 5001 opponi
2629 4932 2834 4997 queant
2883 4923 3131 4980 studiose
3175 4922 3504 4991 selegimus,
3542 4926 3602 4973 ut
3641 4917 3736 4987 qui

2147 5030 2394 5078 nostram
2425 5021 2567 5074 hanc
2627 5014 3162 5070 lucubratiunculam
3199 5013 3254 5066 in
3295 5026 3490 5065 manus
3521 5027 3742 5070 sumere

2148 5113 2451 5174 voluerint,
2483 5109 2538 5162 in
2572 5122 2636 5163 ea
2663 5104 2958 5177 quamdam
2985 5102 3258 5157 acuminis
3287 5101 3735 5156 exercitationem

2151 5205 2422 5266 habeant,
2457 5216 2566 5270 quo
2589 5199 3001 5269 peregrinarum
3037 5209 3230 5249 vocum
3271 5195 3340 5247 ab
3371 5193 3463 5247 illo
3497 5201 3738 5262 reperta-

2153 5311 2271 5350 rum
2324 5294 2618 5348 novitatcm
2671 5291 3024 5360 redarguant.
3074 5287 3140 5340 Et
3185 5285 3405 5356 quidem
3439 5283 3737 5339 Marcionis

2153 5387 2243 5440 ille
2288 5385 2426 5438 liber
2467 5381 2821 5452 Evangelium
2853 5377 3156 5432 secundum
3200 5375 3402 5430 Lucam
3440 5375 3582 5445 stylo
3616 5376 3736 5444 ipso

2153 5477 2358 5532 referre
2387 5474 2621 5536 videtur,
2654 5480 2713 5526 ut
2743 5479 2925 5526 autem
2971 5470 3040 5523 ab
3064 5485 3130 5524 eo
3159 5468 3443 5523 mutilatus
3489 5473 3574 5522 est
3593 5505 3609 5525 .
3633 5466 3735 5522 ini-

2153 5569 2252 5628 tio,
2313 5564 2494 5620 medio
2532 5579 2596 5618 ac
2639 5563 2746 5618 ﬁne
2773 5561 3107 5626 decurtatis,
3137 5559 3346 5614 corrosi
3383 5573 3412 5612 a
3443 5557 3606 5614 tineis
3634 5573 3736 5610 un-

2153 5657 2318 5727 dique
2361 5653 2670 5712 vestimenti
2704 5652 3016 5709 simillimus
3071 5660 3174 5707 est.
3237 5650 3449 5704 Ειυιιίιιι
3491 5650 3559 5713 ab
3616 5661 3737 5720 ipso
