4156 6358
427 403 519 455 ’711

1831 399 1894 455 S.
1938 395 2285 452 EI’II’IIANH

3599 401 3704 456 712

425 515 609 565 statim
643 509 820 574 initio,
843 526 906 564 ea
935 511 1080 566 unde
1103 509 1282 567 Lucas
1309 525 1543 567 exorsus
1572 521 1679 574 est,
1703 512 1961 566 nimirum
1993 532 2008 568 :

2116 510 2186 574 ὡς
2220 511 2394 578 λέγει·
2443 509 2789 580 Ἐπειδιὶπερ
2819 513 3036 566 πολλοὶ
3065 513 3490 582 ἐπεχείρησαν,
3515 516 3608 566 καὶ
3636 517 3705 568 τὰ

425 603 690 667 Quoniam
717 602 926 673 quidem
975 603 1128 657 multi
1160 606 1338 657 conati
1366 614 1490 658 sunt
1536 604 1788 659 ordinare
1829 622 2017 659 narra-

426 698 617 748 tionem
638 735 652 759 ,
684 704 788 749 etc.
813 697 852 759 ¹,
888 711 993 749 una
1028 711 1150 750 cum
1180 695 1508 751 Elizabethas
1539 704 1593 750 et
1625 697 1805 766 angeli
1835 696 2017 749 Maria:

431 784 632 854 Virgini
665 787 918 840 nuntium
948 786 1222 841 alierentis
1247 787 1508 850 historia,
1532 787 1762 842 Joannis
1795 789 1921 842 item
1953 802 2016 840 ac

423 876 888 948 Zacharimﬁlz
902 878 1146 947 adeoque
1163 880 1271 932 nati
1289 880 1431 948 apud
1449 879 1760 934 Bethlehem
1777 879 2012 944 Domini,

424 982 547 1018 cum
599 967 844 1036 ejusdem
881 969 1226 1038 genealogia,
1252 983 1315 1022 εις
1345 970 1669 1038 baptismate
1709 987 1722 1023 :
1758 970 1893 1032 haec,
1935 970 2016 1023 in-

421 1074 617 1125 quam,
657 1059 840 1112 omnia
885 1057 1292 1112 circumcidens
1345 1074 1410 1113 ac
1472 1059 1826 1122 transiliens,
1893 1059 2017 1114 inde

423 1151 774 1219 Evangelium
813 1150 1113 1213 exorditur,
1155 1152 1306 1204 Anno
1339 1168 1408 1205 sv
1441 1151 1640 1206 Tiberii
1697 1149 1928 1206 Ca'saris
1957 1155 2012 1214 ',

421 1250 528 1296 etc.
582 1242 695 1295 Hoc
753 1242 922 1312 igitur
976 1229 1124 1296 illitis
1165 1243 1384 1297 initium
1431 1252 1534 1298 est.
1593 1243 1778 1313 Neque
1836 1254 2014 1297 tamen

423 1339 618 1384 cielera
643 1332 836 1385 ordine
861 1333 1125 1401 pertexit;
1150 1349 1340 1387 verum
1369 1332 1642 1404 quaedam,
1669 1345 1729 1389 ut
1755 1335 2015 1396 diximus.

424 1431 708 1494 amputat,
744 1425 895 1479 addit
939 1427 1078 1492 alia,
1121 1443 1325 1500 susque
1371 1429 1584 1499 deque,
1639 1429 1783 1500 quod
1828 1431 2014 1492 aiunt,

421 1514 606 1566 «ninnia
646 1518 976 1580 perturbans
1000 1557 1013 1579 ,
1049 1533 1150 1571 nec
1192 1527 1341 1573 recta
1393 1521 1682 1590 gradiens,
1718 1520 1812 1574 sed
1852 1520 2011 1573 mali-

419 1607 562 1660 tiose
599 1607 705 1659 huc
737 1607 976 1677 illul-que
1007 1609 1307 1664 cursitans.
1351 1611 1426 1664 Ea
1467 1626 1632 1680 porro
1665 1621 2014 1680 sequuntur:

494 1697 545 1750 1.
572 1696 765 1751 Abiens
808 1699 1020 1752 ostende
1064 1709 1110 1753 te
1153 1701 1449 1762 sacerdoti,
1470 1709 1519 1753 et
1549 1702 1682 1769 o/fer
1715 1716 1810 1764 pro
1837 1701 2018 1766 expia-

421 1789 561 1840 tione
603 1799 725 1856 tua,
766 1791 900 1843 sicut
935 1793 1178 1859 prwcepit
1210 1790 1443 1861 Moyses,
1483 1802 1540 1844 ut
1576 1793 1644 1845 sit
1667 1792 1762 1845 hoc
1784 1793 2019 1844 testimo-

2118 603 2272 670 ἑξῆς*
2326 603 2420 655 καὶ
2461 603 2530 655 τὰ
2573 603 2701 672 περὶ
2744 603 2844 673 τῆς
2873 603 3175 668 Ἑλισάϐετ,
3208 606 3300 657 καὶ
3342 605 3434 658 τοῦ
3469 605 3702 674 ἀγγέλου

2118 692 2601 763 εὐαγγελιζομένου
2648 693 2748 766 τὴν
2788 695 3005 767 Μαρίαν
3039 695 3335 770 Παρθένον,
3355 697 3603 750 Ἰωάννου
3643 713 3705 750 τε

2118 785 2214 837 καὶ
2243 786 2535 857 Ζαχαρίου,
2563 786 2656 838 καὶ
2681 786 2778 857 τῆς
2814 789 2872 840 ὲν
2905 787 3154 859 Βηθλεὲμ
3181 790 3484 859 γεννήσεως
3511 805 3703 857 γενεα-

2118 876 2323 945 λογίας,
2363 879 2457 930 xui.
2488 879 2590 948 τῆς
2640 878 2733 932 τοῦ
2758 878 3132 950 βαπτίσματος
3156 880 3498 943 ὑποθέσεως·
3532 879 3703 934 ταῦτα

2119 971 2298 1024 πάντα
2331 971 2633 1043 περικόψας
2667 973 3008 1044 ἀπεπήδησε,
3056 971 3152 1024 καὶ
3198 971 3370 1044 ἀρχὴν
3403 971 3496 1025 τοῦ
3523 973 3702 1040 Εὐαγ-

2115 1062 2297 1130 γελίου
2334 1061 2491 1128 ἔταξε
2528 1063 2762 1134 ταύτην·
2808 1065 2905 1116 Ἐν
2939 1063 3020 1128 τῷ
3045 1063 3550 1128 πεντεκαιδεκάτῳ
3586 1063 3704 1117 ἔτει

2124 1156 2382 1222 Τιϐερίου
2406 1156 2728 1223 Καίσαρος,
2753 1154 2846 1208 καὶ
2870 1155 2938 1208 τὰ
2961 1154 3106 1224 ἑξῆς.
3127 1154 3404 1208 Ἐντεῦθεν
3430 1150 3522 1206 οὖν
3546 1149 3700 1217 οὗτος

2118 1243 2370 1314 ἄρχεται,
2410 1244 2502 1296 καὶ
2534 1244 2594 1295 οὺ
2627 1243 2748 1296 καθ’
2777 1243 2968 1314 εἱρμὸν
3003 1244 3162 1297 πάλιν
3191 1243 3458 1313 ἐπιμένει,
3481 1243 3615 1297 ἀλλὰ
3635 1244 3705 1295 τὰ

2122 1337 2240 1404 μὲν,
2274 1335 2349 1397 ὡς
2394 1338 2676 1406 προεῖπον,
2726 1335 3089 1405 παρακόπτει,
3119 1333 3187 1387 τὰ
3237 1335 3294 1387 δὲ
3345 1334 3695 1405 προστίθησιν

2118 1425 2230 1477 ἄνω
2266 1425 2433 1486 κάτω,
2465 1425 2566 1476 οὐκ
2597 1424 2771 1495 ὀρθῶς
2799 1425 3050 1494 βαδίζων,
3085 1424 3222 1477 ἀλλὰ
3247 1425 3704 1498 ὲρῤᾳδιουργημὲ-

2120 1533 2226 1578 νως
2262 1517 2438 1569 πάντα
2472 1517 2888 1586 περινοστεύων.
2923 1518 3034 1570 Καὶ
3065 1517 3243 1570 ἔστιν·

2191 1697 2260 1744 α’.
2288 1690 2346 1743 ’Λ
2357 1689 2597 1744 πελθὼν
2614 1690 2816 1754 δεῖξοι⁴
2836 1693 3098 1745 σεαυτιῗλν
3121 1690 3198 1756 τῷ
3217 1692 3375 1761 ἱερεῖ,
3400 1692 3494 1745 καὶ
3517 1705 3702 1760 προσ-

2120 1781 2326 1852 ένεγκε
2369 1782 2502 1850 περὶ
2556 1782 2662 1833 τοῦ
2701 1785 3072 1852 καθαρισμοῦ
3119 1802 3256 1846 σου,
3289 1785 3480 1851 καθὼς
3514 1801 3701 1854 προσ-

423 1880 568 1932 nium
611 1881 788 1945 vobis,
821 1897 918 1949 pro
952 1898 1016 1937 eo
1049 1881 1194 1951 quod
1249 1897 1281 1935 a
1329 1880 1617 1938 Salvatore
1657 1883 1866 1938 dictum
1901 1891 2012 1946 est,

2117 1875 2293 1937 ἐταξε
2329 1873 2611 1940 Μωῦσῆς.
2643 1876 2744 1927 ἵνα
2825 1877 3152 1944 μαρτύριον
3181 1876 3353 1929 τοῦτο
3378 1877 3535 1946 ὑμῖν.
3558 1878 3698 1930 Ἀνο’

420 1973 476 2025 in
512 1974 868 2026 testimonium
893 1975 1022 2042 ipsis
1052 1975 1092 2028 ³.

491 2063 546 2115 2.
585 2063 652 2116 Ut
692 2073 868 2117 autem
897 2065 1114 2129 sciatis,
1147 2066 1271 2134 quia
1304 2074 1617 2134 potestatem
1645 2064 1799 2119 habet
1840 2064 2016 2118 Filius

422 2155 649 2208 hominis
675 2155 981 2210 dimittendi
1010 2166 1226 2225 peccata
1249 2159 1302 2210 in
1337 2166 1479 2210 terra
1502 2158 1545 2209 δ.

496 2249 550 2303 5.
580 2247 840 2301 Dominus
871 2258 948 2302 est
987 2247 1166 2302 Filius
1190 2250 1419 2302 hominis
1447 2251 1608 2302 etiam
1637 2248 1856 2304 Sabbati
1875 2257 1908 2302 ⁸.

492 2431 548 2483 4.
578 2427 779 2483 ludam
812 2428 1163 2484 Iscariothem
1185 2470 1200 2494 ,
1237 2432 1329 2501 qui
1371 2431 1475 2499 fuit
1519 2432 1786 2501 proditor.
1817 2431 1924 2486 Pro
1951 2446 2018 2486 eo

421 2521 565 2588 quod
601 2532 721 2582 est,
769 2519 1052 2574 Descendit
1087 2537 1206 2573 cum
1230 2522 1391 2590 ipsis,
1424 2523 1587 2576 habet
1629 2522 1911 2577 Descendit
1960 2524 2017 2577 in

419 2610 565 2678 ipsos
588 2609 632 2661 ⁸.

493 2701 547 2752 5.
584 2699 651 2752 Et
675 2701 845 2754 omnis
874 2701 1030 2753 turba
1062 2701 1328 2770 quwrebat
1367 2719 1486 2756 eum
1518 2713 1731 2774 tangere
1758 2705 1800 2760 ".

490 2789 547 2844 6.
593 2789 660 2842 Et
686 2791 796 2858 ipse
822 2791 1038 2844 elevatis
1088 2792 1256 2845 oculis
1285 2794 1419 2846 suis.
1451 2793 1749 2848 Secundum
1780 2795 1892 2850 haec
1923 2813 2014 2850 ea-

417 2894 540 2934 uem
569 2879 837 2951 faciebant
865 2881 1132 2951 prophetis
1161 2893 1339 2952 patres
1374 2887 1532 2940 vestri
1556 2886 1599 2941 '.

495 3066 546 3118 7.
575 3064 708 3119 Dico
733 3073 910 3120 autem
936 3076 959 3119 :
991 3062 1220 3118 Tantam
1260 3065 1419 3135 ﬁdem
1444 3082 1606 3137 neque
1633 3067 1688 3120 in
1737 3065 1912 3121 Israel
1935 3067 2018 3120 in-

421 3158 540 3212 veni
565 3160 606 3211 ’.

2122 1959 2184 2019 οὗ
2211 1962 2362 2018 εἶπεν
2390 1969 2418 2018 ὁ
2446 1967 2658 2036 Σωτὴρ,
2685 1969 2770 2032 εις
2796 1968 3127 2035 μαρτύριον
3159 1968 3382 2034 αὐτοῖς.

2191 2055 2256 2125 β’.
2299 2055 2433 2110 Ἵνα
2461 2055 2531 2108 δὲ
2565 2055 2782 2123 εἰδῆτε,
2803 2055 2890 2108 ὅτι
2913 2057 3203 2120 ἐξουσίαν
3225 2057 3348 2124 ἔχει
3375 2061 3408 2110 ό
3441 2057 3573 2122 Υἱὸς
3593 2059 3699 2113 τοῦ

2117 2145 2433 2216 ἀνθρώπου
2466 2147 2705 2216 ἀφιέναι
2732 2149 3020 2217 ἁμαρτίας
3042 2150 3138 2201 ἐπὶ
3171 2149 3279 2217 τῆς
3307 2151 3437 2220 γῆς.

2189 2247 2258 2309 γ’.
2301 2241 2524 2308 Κύριός
2554 2241 2725 2293 ἐστιν
2753 2243 2786 2293 ό
2826 2243 2958 2306 Υἱὸς
2988 2241 3094 2294 τοῦ
3124 2241 3436 2310 ἀνθρώπου
3470 2244 3566 2296 και
3594 2243 3709 2298 τοῦ

2119 2330 2442 2384 Σαϐϐάτου.

2189 2425 2250 2477 δ’.
2291 2423 2520 2478 Ἰούδαν
2573 2422 2922 2490 Ἰσκαριὼθ,
2977 2421 3045 2489 ὃς
3098 2423 3330 2493 ἐγένετο
3386 2425 3697 2494 προδότης.

2131 2513 2276 2566 Ἀντὶ
2315 2511 2487 2578 τοῦδε,
2513 2512 2741 2578 Κατέϐη
2764 2513 2893 2580 μετ’
2923 2510 3141 2575 αὐτῶν,
3190 2513 3322 2582 ἔχει,
3363 2515 3584 2582 Kurd-6n
3630 2516 3700 2569 ἐν

2119 2602 2345 2668 αὐτοῖς.

2190 2692 2251 2748 ε’.
2294 2693 2404 2747 Kal
2434 2692 2553 2760 πᾶς
2582 2696 2614 2746 ό
2641 2694 2826 2762 ὄχλος
2853 2692 3041 2762 ἐζήτει
3067 2693 3356 2749 ἅπτεσθαι
3387 2697 3591 2749 αὐτοῦ.

2193 2791 2267 2849 ς’.
2307 2785 2415 2838 Καὶ
2448 2784 2632 2849 αὐτὸς
2663 2783 2894 2852 ἐπάρας
2936 2784 3078 2850 τοὺς
3111 2786 3455 2855 ὀφθαλμοὺς
3487 2784 3696 2841 αὐτοῦ.

2123 2877 2280 2933 Κατὰ
2309 2877 2381 2930 τὰ
2412 2875 2566 2930 αὐτὰ
2589 2876 2840 2929 ἐποίουν
2865 2876 2990 2942 τοῖς
3015 2877 3346 2946 προφήταις
3374 2881 3426 2932 ol
3450 2878 3693 2946 πατέρες

2118 2968 2305 3037 ὑμῶν.

2189 3058 2255 3125 ζ’.
2300 3060 2464 3130 Λέγω
2489 3059 2557 3113 δέ
2578 3075 2592 3090 ·
2631 3059 2940 3128 Τοσαύτην
2972 3059 3181 3115 πίστιν
3208 3059 3350 3114 οὐδὲ
3377 3061 3446 3114 ἐν
3474 3061 3553 3126 τῷ
3583 3063 3694 3116 Ἰσ·

2112 3153 2278 3220 ρα-ὴλ
2303 3149 2504 3219 εὗρον.

492 3252 546 3308 8.
583 3253 942 3323 Depravatum
987 3260 1072 3308 est
1102 3252 1174 3308 ab
1200 3267 1266 3308 eo
1300 3253 1536 3307 :Beatus
1572 3255 1663 3324 qui
1709 3271 1813 3308 non
1856 3255 2012 3324 fuerit

2191 3251 2260 3314 η’.
2304 3242 2764 3314 Παρηλλαγμένον
2822 3241 2882 3295 τὸ
2911 3283 2926 3308 ,
2984 3241 3281 3310 Μακάριος
3337 3242 3405 3308 ὃς
3452 3241 3558 3294 ἐὰν
3608 3242 3696 3311 μὴ

422 3343 826 3398 scandalizatus
875 3347 932 3398 in
963 3361 1044 3398 me
1073 3347 1142 3399 ¹⁰.

495 3433 547 3484 9.
579 3431 712 3485 Nam
735 3434 801 3487 ad
831 3433 1099 3490 Joannem
1124 3437 1229 3491 ista
1265 3436 1542 3492 referebat
1568 3455 1580 3489 :
1612 3438 1712 3493 Hic
1729 3439 1887 3493 estde
1915 3457 2016 3510 quo

425 3523 674 3590 scriptum
699 3533 816 3576 est:
845 3523 980 3579 Ecce
1001 3542 1094 3596 ego
1121 3527 1271 3580 mitto
1301 3531 1546 3599 angelum
1579 3546 1752 3584 meum
1785 3539 1908 3584 ante
1939 3531 2018 3600 fa-

422 3614 553 3664 ciem
587 3622 735 3664 tuam
757 3615 822 3666 “.

496 3704 582 3758 10.
623 3701 694 3756 Et
734 3705 1001 3774 ingressus
1049 3707 1105 3759 in
1156 3707 1372 3762 domum
1418 3709 1685 3764 Pharistei
1724 3710 2013 3766 discubuit.

423 3789 622 3846 Mulier
663 3810 782 3848 vero
817 3807 966 3848 stans
1009 3805 1149 3850 retro
1170 3837 1185 3864 ,
1219 3800 1489 3867 peccatrix
1532 3816 1681 3854 secus
1709 3801 1900 3868 pedes,
1934 3802 2015 3856 la-

422 3886 616 3953 crymis
649 3886 802 3954 pedes
828 3887 1037 3956 rigavit,
1069 3898 1118 3942 et
1152 3891 1326 3955 unxit,
1360 3901 1409 3944 et
1435 3893 1677 3947 osculata
1706 3903 1791 3948 est
1812 3895 1876 3949 η.

499 4057 584 4110 11.
617 4057 682 4112 Ει
715 4074 908 4116 rursus
932 4079 946 4115 :
970 4061 1099 4117 llwc
1129 4063 1382 4134 lacrymis
1413 4067 1606 4137 rigavit
1629 4067 1794 4136 'pedes
1833 4085 1973 4124 meos
1995 4111 2010 4136 ,

421 4156 474 4199 et
502 4149 676 4212 unxit,
706 4157 757 4202 et
795 4150 1037 4204 osculata
1076 4162 1153 4205 est
1182 4153 1247 4206 ¹³.

499 4238 585 4290 1‘2.
639 4237 757 4292 Non
821 4241 982 4295 habet
1035 4243 1139 4296 ista
1183 4261 1196 4296 ε
1237 4241 1414 4297 Mater
1466 4245 1629 4318 ipsius
1657 4285 1672 4310 ,
1718 4257 1768 4300 et
1815 4247 2010 4316 fratres

424 4329 623 4396 ipsius;
653 4331 747 4385 sed
782 4333 883 4386 hoc
912 4333 1087 4388 solum
1123 4352 1136 4387 :
1169 4333 1344 4390 Mater
1384 4346 1478 4389 tua
1522 4347 1571 4391 et
1602 4338 1796 4407 fratres
1829 4342 1906 4394 tui
1943 4342 2006 4396 ν’.

499 4513 586 4568 15.
621 4512 1007 4586 Narigantibus
1043 4519 1171 4587 ipsis
1201 4517 1538 4575 obdormivit.
1570 4519 1639 4573 At
1669 4519 1760 4574 ille
1789 4537 2006 4591 surgens

421 4607 711 4676 increpavit
741 4620 947 4662 ventum
970 4620 1020 4663 et
1053 4627 1198 4664 mare
1226 4613 1293 4666 ¹⁸.

495 4696 657 4766 313
693 4698 777 4751 14.
811 4697 880 4751 Et
907 4701 1122 4770 contigit
1152 4701 1278 4755 dum
1323 4703 1444 4768 iret,
1489 4714 1546 4757 ut
1576 4722 1609 4759 a
1645 4705 1811 4760 turbis
1855 4723 2002 4760 com—

423 4789 762 4855 primeretur.
798 4787 866 4841 Et
898 4791 1089 4844 mulier
1131 4809 1250 4846 cum
1293 4796 1548 4866 tetigisset
1582 4798 1774 4866 ipsum,
1809 4807 2002 4851 sanata

425 4889 505 4932 est
551 4897 582 4932 a
624 4879 776 4947 ﬂuxu
822 4883 1117 4951 sanguinis.
1161 4883 1229 4937 Et
1278 4887 1352 4939 ait
1394 4886 1702 4942 Dominus:
1741 4889 1873 4953 Quis
1921 4906 2002 4944 me

318 4978 324 4985 '
423 4971 632 5040 tetigit?
671 4970 750 5024 Ac
794 4987 1012 5027 rursum
1052 4993 1064 5028 :
1117 4974 1305 5047 Tetigit
1350 4996 1430 5033 me
1471 4980 1686 5049 aliquis.
1732 4979 1874 5034 Nam
1906 4999 2000 5052 ego

425 5062 544 5113 novi
571 5062 813 5114 virtutem
842 5061 907 5115 de
940 5079 1020 5116 me
1051 5066 1223 5120 exisse
1256 5069 1323 5120 η.

497 5153 582 5208 1b.
619 5153 920 5236 Suspiciens
951 5155 1006 5210 in
1034 5158 1223 5212 calum
1255 5159 1585 5214 benedicebat
1616 5162 1746 5230 ipsis
1783 5165 1848 5216 "’.

496 5335 582 5391 16.
614 5338 806 5392 Dicens
836 5355 854 5392 :
885 5338 1102 5407 Oportet
1144 5339 1346 5393 Filium
1382 5340 1611 5396 hominis
1658 5345 1826 5398 multa
1861 5347 1994 5412 pati,

420 5439 472 5484 et
507 5430 694 5494 occidi,
729 5439 777 5484 et
811 5441 928 5501 post
963 5441 1065 5486 tres
1089 5431 1199 5486 dies
1229 5450 1496 5506 resurgere
1525 5436 1592 5490 ¹⁸ο

453 5734 541 5806 ξὶί).
619 5738 803 5794 ’Luc.
855 5758 950 5806 vn,
982 5745 1036 5798 9.
1114 5745 1158 5775 ιο
1201 5745 1448 5800 ibid.25.
1530 5750 1570 5778 ιι
1606 5734 1736 5802 ibid.
1773 5751 1860 5803 Ξῖ.

431 5802 472 5832 ¹⁶
501 5801 628 5857 Luc.
669 5825 782 5874 \‘Ill,
811 5801 1000 5865 41-16.
1082 5813 1123 5844 "’
1158 5813 1291 5869 Luc.
1334 5832 1406 5881 Ix,
1445 5816 1532 5870 16.
1613 5819 1656 5850 ¹³
1687 5801 1818 5874 ibid.
1849 5801 1939 5877 92.

501 5668 519 5749 ζ
553 5667 687 5749 [me
711 5686 747 5732 ι,
790 5674 838 5726 1.
917 5675 937 5705 ²
973 5673 1232 5749 Ιέιιεηιιι,Δ
1260 5676 1317 5749 _1_.
1366 5673 1572 5749 _'Lue.
1605 5695 1657 5737 γ,
1695 5679 1782 5734 11.
1861 5681 1882 5712 ⁸
1911 5682 2012 5738 ibid

2117 5688 2168 5740 5.
2247 5689 2266 5718 ⁵
2298 5688 2428 5741 Luc.
2461 5705 2534 5749 vr,
2566 5689 2618 5742 5.

1917 5756 1982 5784 ·¹²
2027 5757 2157 5813 ibid.
2195 5757 2281 5812 56.
2361 5760 2403 5790 ¹³
2445 5759 2575 5813 ibid.
2601 5759 2690 5812 44.
2766 5759 2812 5790 ³⁸
2842 5757 2975 5812 Luc.
3024 5774 3140 5824 vm,
3170 5760 3258 5812 29.

2119 3335 2545 3404 σκανδαλισθῇ
2583 3336 2654 3389 ἐν
2681 3335 2835 3405 ἐμοί.

2189 3426 2254 3479 θ’.
2297 3422 2424 3496 Εἶχε
2458 3425 2568 3496 γὰρ
2591 3425 2667 3488 ὡς
2691 3424 2827 3495 πρὸς
2857 3424 3109 3495 Ἰωάννην
3127 3441 3142 3454 ·
3172 3425 3362 3489 Αὐτός
3392 3425 3520 3477 ἐστι
3562 3426 3696 3494 περί

2118 3515 2191 3573 οὗ
2223 3517 2573 3588 γέγραπταιο
2603 3517 2760 3570 Ἰδοὺ
2793 3516 2905 3585 ἐγὼ
2935 3516 3286 3570 ἀποστέλλω
3314 3517 3419 3569 τὸν
3437 3517 3694 3587 ἄγγελόν

2112 3628 2231 3679 μου
2262 3609 2377 3678 πρὸ
2403 3607 2728 3678 προσώπου
2756 3625 2892 3663 σου.

2193 3711 2244 3757 ι’.
2284 3703 2392 3757 Kal
2425 3703 2718 3758 εἰσελθὼν
2768 3706 2854 3768 είς
2903 3701 3010 3754 τὸν
3042 3698 3209 3756 οἶκον
3239 3700 3340 3754 τοῦ
3367 3703 3692 3768 Φαρισαίου

2118 3796 2544 3862 κατεκλίθη.Ἠ
2589 3794 2657 3847 δὲ
2694 3794 2870 3863 γυνὴ,
2907 3795 3109 3848 στᾶσα
3137 3795 3322 3847 ὀπίσω
3361 3795 3397 3860 ἡ
3425 3794 3692 3862 ἁμαρτω-

2115 3889 2224 3953 λὸς
2250 3888 2411 3956 παρὰ
2441 3887 2583 3952 τοὺς
2609 3886 2820 3951 πόδας,
2857 3885 3060 3953 ἔϐρεξε
3103 3885 3224 3950 τοῖς
3261 3884 3510 3952 δάκρυσι
3546 3884 3694 3950 τοὺς

2119 3981 2326 4046 πόδας,
2359 3981 2456 4033 καὶ
2485 3979 2722 4047 ﬁla/3,93,
2760 3978 2858 4031 καὶ
2890 3979 3208 4046 κατεφίλει.

2193 4078 2281 4125 ια’.
2324 4073 2436 4124 Καὶ
2470 4070 2630 4123 πάλιν
2652 4086 2664 4098 ’
2701 4070 2860 4138 Αὕτη
2887 4070 3010 4135 τοῖς
3035 4069 3326 4138 δάκρυσιν
3351 4068 3550 4136 ἕϐρεεέ
3570 4087 3690 4139 μου

2062 4148 2066 4152 ’
2115 4159 2256 4225 τοὺς
2279 4159 2489 4223 πόδας,
2520 4160 2617 4211 καὶ
2653 4157 2890 4226 ἤλειφε,
2921 4159 3019 4210 καὶ
3064 4157 3386 4224 κατεφίλει.

2189 4251 2275 4320 ιβ’.
2313 4249 2427 4303 Οὐκ
2450 4245 2624 4319 εἶχεν·
2672 4249 2742 4302 Ἡ
2773 4249 2966 4315 μήτηρ
2998 4248 3182 4301 αὐτοῦ
3213 4248 3309 4299 καὶ
3345 4250 3398 4300 οὶ
3439 4247 3687 4316 ἀδελφοὶ

2112 4342 2320 4406 αὐτοῦ,
2349 4341 2487 4394 ἀλλά
2516 4341 2706 4411 μόνον·
2756 4341 2816 4394 Ἠ
2847 4339 3046 4409 μήτηρ
3082 4355 3197 4393 σου
3226 4340 3321 4392 καὶ
3355 4343 3408 4393 οἱ
3440 4341 3688 4409 ἀδελφοί

2111 4446 2247 4485 σου.

2184 4530 2272 4590 ιγ’.
2317 4523 2634 4576 Πλεόντων
2678 4521 2879 4576 αὐτῶν
2916 4522 3299 4590 ἀφύπνωσεν.
3328 4523 3379 4574 Ὁ
3413 4521 3480 4574 δὲ
3522 4522 3684 4591 ἐγερ-

2037 4589 2081 4644 D
2110 4589 2232 4678 θεὶς
2265 4614 2588 4681 ἐπετίμησε
2617 4611 2696 4677 τῷ
2727 4611 2922 4680 ἀνέμῳ
2957 4589 3054 4666 καὶ
3089 4611 3162 4679 τῇ
3189 4612 3466 4680 θαλάσσῃ

2182 4703 2240 4759 ιδ’
2247 4747 2258 4759 .
2319 4704 2583 4775 Ἐγένετο
2644 4703 2711 4756 δὲ
2759 4705 2828 4756 ἐν
2882 4704 2962 4769 τῷ
3003 4705 3254 4774 ὑπάγειν
3298 4704 3482 4757 αὑτὸν
3533 4721 3683 4758 συν-

2105 4797 2353 4867 έπνιγον
2375 4795 2564 4849 αὐτὸν
2589 4799 2639 4849 οἱ
2663 4796 2852 4862 ὄχλοι.
2881 4795 2988 4847 Kal
3021 4795 3174 4864 γυνὴ
3201 4796 3474 4864 ἁψαμένη
3499 4796 3681 4848 αὑτοῦ

2106 4889 2239 4956 ἰάθη
2278 4889 2385 4942 τοῦ
2436 4889 2703 4957 αἵματος.
2736 4887 2846 4939 Καὶ
2875 4883 3044 4940 εἶπεν·
3085 4890 3118 4939 ό
3164 4889 3402 4953 Κύριοςυ
3439 4888 3531 4950 Τίς
3563 4904 3680 4955 μου

2105 4979 2344 5048 ἣψατο;
2391 4979 2484 5032 καὶ
2533 4977 2728 5031 πάλιν
2785 4978 3012 5043 Ἥψατό
3067 4978 3186 5044 μού
3237 4993 3357 5041 τις;
3413 4978 3520 5030 Καὶ
3574 4976 3678 5045 γὰρ

2107 5071 2298 5138 ἐγννων
2325 5069 2580 5137 δύναμιν
2603 5066 2975 5130 ἐξελθοῦσαι·
3000 5066 3102 5119 ἀπ’
3130 5065 3293 5133 ἐμοῦ.

2181 5166 2259 5213 ιε’.
2316 5158 2690 5226 Ἀναϐλέψας
2739 5162 2826 5221 εἰς
2880 5157 2985 5210 τὸν
3028 5157 3289 5224 οίιρανὸν
3342 5159 3674 5226 εὐλόγησεν

2106 5252 2199 5303 ἐπ’
2233 5252 2472 5316 αὐτούς.

2181 5347 2274 5405 ις’.
2303 5340 2522 5410 Λέγων·
2552 5340 2651 5394 Δεῖ
2680 5339 2783 5392 τὸν
2821 5337 2956 5391 Υίόν
2995 5338 3102 5392 τοῦ
3135 5339 3446 5408 ἀνθρώπου
3479 5339 3672 5393 πολλὰ

2104 5432 2338 5495 παθεῖν,
2384 5432 2484 5484 καὶ
2515 5431 2994 5501 ἀποκτανθῆναι,
3027 5433 3123 5485 καὶ
3161 5431 3312 5501 μετὰ
3350 5431 3501 5499 τρεῖς
3532 5429 3668 5498 ἠμέ-

2097 5539 2207 5590 ρας
2243 5523 2579 5592 ἐγερθῆναι.

2715 5688 2735 5719 ⁶
2765 5687 2897 5742 ibid.
2939 5687 3024 5744 16.
3097 5689 3115 5718 ⁷
3153 5688 3281 5742 ibid.
3313 5688 3399 5743 19.
3488 5688 3508 5717 ⁸
3541 5685 3664 5741 ibid.

2766 5759 2812 5790 ³⁸
2842 5757 2975 5812 Luc.
3024 5774 3139 5814 vm.
3170 5760 3258 5812 29.
3336 5760 3378 5791 “‘
3414 5759 3541 5814 ibid.
3577 5759 3649 5812 94

3414 5775 3541 5813 IDIU.
