4156 6358
390 375 498 430 715

1077 373 1447 431 ADVERSUS
1486 374 1830 432 [MERESES
1865 377 1987 431 LIB.

2117 375 2258 431 TOM
2299 374 2462 430 lll.——
2484 374 2758 428 HAiRES.
2803 375 2962 429 XL".

3562 373 3674 431 75-3

468 494 552 557 ις’.
603 495 709 549 Καὶ
765 494 893 548 ἰδοὺ
937 495 1046 549 δύο
1111 496 1328 564 ἄνδρες
1375 496 1765 551 συνελάλουν
1797 498 1978 563 αὐτῷ,

2164 499 2245 550 Π.
2281 497 2348 550 lit
2375 514 2488 552 ecce
2515 499 2620 551 dno
2648 499 2744 551 viri
2780 497 3129 567 loquebantur
3158 514 3275 550 cum
3311 513 3370 550 eo
3391 537 3404 559 ,
3442 496 3591 551 Elius
3623 507 3670 550 rt

407 585 615 651 Ἠλίας
643 587 740 639 καὶ
778 587 1039 654 Μωϋσῆς
1066 588 1134 639 ἐν
1156 588 1330 656 δόξῃ.

469 683 559 747 ιη’.
600 677 694 729 Ἐκ
723 676 828 745 τῆς
856 679 1120 747 iege..th
1145 679 1336 748 φωνή·
1363 675 1554 746 Οὗτός
1583 681 1756 734 ἐστιν
1783 683 1817 734 ὁ
1851 682 1982 746 Υἱός

390 786 511 838 μου
540 771 574 823 ό
604 771 932 839 ἀγαπητός.

471 862 554 917 ιϐ’.
603 862 893 930 Ἐδεήθην
923 861 1043 916 τῶν
1072 862 1360 932 μαθητῶν
1386 881 1526 919 σου.
1571 859 1703 936 Εἶχε
1745 865 1803 917 δὲ
1835 864 1984 937 παρὰ

395 957 490 1024 τὸ,
531 959 652 1012 Οὐκ
703 957 1104 1026 ἠδυνήθησαν
1154 959 1432 1013 ἐκϐαλεῖν
1479 961 1646 1014 αὑτό.
1683 962 1794 1014 Καὶ
1825 961 1976 1028 πρὸς

387 1051 641 1116 αὐτούς·
676 1045 752 1102 Ὦ
782 1048 958 1119 γενεὰ
985 1049 1276 1116 ἄπιστος]
1300 1051 1411 1117 ἕως
1434 1051 1719 1122 ἀνέξομαι
1750 1050 1917 1121 ὑμῶν
1932 1069 1952 1117 ;

467 1239 537 1286 κ’.
578 1231 633 1285 Ὁ
668 1230 780 1300 τὰρ
823 1231 956 1297 mg
989 1231 1096 1285 τοῦ
1143 1229 1461 1298 ἀνθρώπου
1496 1230 1708 1300 μέλλει
1735 1229 1985 1298 παραδί-

391 1326 607 1380 δοσθαι
639 1326 726 1390 εἰς
760 1323 963 1393 χεῖρας
992 1323 1336 1391 ἀνθρώπων.

470 1416 576 1472 κα⁹.
625 1417 779 1471 Οὐδὲ
825 1417 1003 1471 τοῦτο
1048 1417 1368 1486 ἀνέγνωτε,
1401 1418 1458 1470 τί
1497 1417 1751 1485 ἐποίησε
1783 1416 1978 1471 Δαϐίδ·

399 1505 705 1575 Εἰσῆλθεν
734 1509 823 1573 εὶς
852 1507 959 1559 τόν
989 1502 1158 1562 οἷκον
1180 1507 1286 1562 τοῦ
1317 1508 1483 1562 Θεοῦ.

468 1596 572 1668 κβ’.
605 1595 960 1667 Εὑχαριστῶ
992 1615 1125 1665 σοι,
1175 1596 1357 1667 Κύριε
1398 1599 1506 1654 τοῦ
1545 1600 1826 1668 οὐρανοῦ.
1871 1601 1984 1654 Οὐκ

392 1684 509 1760 εἶχε
541 1689 632 1754 δὲ,
679 1689 779 1743 καὶ
819 1689 930 1758 τῆς
963 1689 1095 1760 γῆς.
1127 1690 1263 1746 Οὔτε
1283 1735 1298 1758 ,
1328 1691 1553 1762 Πάτερ,
1588 1689 1751 1765 εἶχεν.
1802 1695 1984 1764 Ἐλέγ-

393 1802 552 1855 χεται
583 1784 668 1837 δέ·
702 1783 854 1838 κάτω
877 1785 988 1856 γὰρ
1013 1782 1179 1856 εἶχεν,
1213 1786 1325 1840 Ναὶ
1351 1789 1384 1840 ὁ
1411 1786 1635 1856 Πατήρ.

2087 590 2296 660 Moyses
2334 594 2384 643 in
2411 592 2581 660 gloria
2617 591 2654 642 ¹.

2163 685 2246 738 t8.
2281 682 2326 734 Ε
2357 683 2489 737 nube
2522 699 2620 737 voa:
2649 699 2666 736 :
2696 683 2799 736 Hic
2819 693 2894 736 est
2928 681 3106 735 Filius
3136 698 3279 735 meus
3306 682 3528 736 dilectus
3552 685 3592 734 '.

2160 869 2252 924 19.
2283 867 2482 938 Rogavi
2524 867 2816 938 discipulos
2862 875 3000 921 tuos.
3051 863 3209 932 Quod
3244 865 3299 918 in
3347 864 3534 918 codice
3568 879 3669 918 suo

2087 961 2342 1025 habebat,
2375 969 2738 1030 praeterquam
2761 979 2774 1014 :
2807 957 2859 1011 Ν
2865 975 2931 1012 on.
2953 967 3235 1026 potuerunt
3260 956 3446 1026 ejicere
3471 957 3665 1024 ipsum.

2093 1050 2157 1104 Et
2203 1053 2278 1105 ait
2325 1051 2394 1105 ad
2439 1053 2582 1122 ipsos
2623 1069 2640 1105 :
2683 1050 2729 1104 0
2767 1049 3035 1119 generatio
3080 1047 3390 1102 incredula!
3431 1044 3668 1117 quandiu

2087 1161 2173 1198 vos
2209 1144 2476 1199 sustinebo
2500 1145 2520 1176 ³
2551 1146 2576 1197 ?

2157 1235 2245 1289 20.
2288 1235 2465 1289 Filius
2506 1236 2644 1289 enim
2685 1233 2912 1287 hominis
2953 1229 3247 1285 trddendus
3285 1239 3363 1283 est
3398 1231 3452 1282 in
3481 1244 3668 1282 manus

2085 1329 2355 1381 hominum
2381 1329 2421 1380 ‘.

2155 1422 2246 1475 2|.
2281 1420 2462 1491 Neque
2507 1420 2602 1474 hoc
2647 1419 2873 1489 legistis,
2919 1416 3046 1488 quid
3091 1417 3270 1486 fecerit
3320 1413 3536 1468 David:
3575 1413 3670 1467 In-

2085 1528 2293 1581 gressus
2319 1520 2397 1565 est
2427 1512 2480 1563 in
2507 1509 2722 1563 domum
2757 1509 2852 1563 Dei
2880 1510 2922 1561 ⁵.
3556 1505 3558 1507 ’

2155 1604 2246 1658 22.
2279 1604 2494 1658 Gratias
2527 1620 2625 1674 ago
2659 1602 2772 1665 tibi,
2802 1601 3024 1655 Domine
3057 1602 3172 1654 coeti
3191 1617 3210 1664 ;
3241 1599 3455 1664 deerat,
3479 1607 3530 1654 et
3562 1609 3670 1652 ter-

2086 1713 2199 1760 rw;
2233 1698 2326 1752 sed
2361 1706 2414 1750 et
2446 1713 2571 1762 vox,
2607 1693 2792 1758 Pater,
2833 1694 3038 1748 aberat.
3070 1691 3177 1746 Sed
3202 1708 3267 1746 ex
3295 1707 3362 1745 eo
3392 1689 3671 1762 redargui-

2087 1798 2198 1854 tur,
2229 1788 2372 1860 quod
2400 1787 2564 1858 paulo
2591 1794 2713 1856 post
2739 1785 2959 1848 habeat,
2998 1783 3174 1837 Etiam
3206 1782 3370 1836 Pater
3393 1784 3432 1835 ⁸.

467 1883 571 1944 κγ’.
628 1871 765 1929 Eine
799 1876 877 1949 τῷ
917 1877 1163 1950 νομικῷο
1215 1881 1318 1932 Ἐν
1360 1878 1441 1944 τῷ
1487 1879 1649 1949 νόμῳ
1678 1881 1737 1935 τί
1773 1881 1981 1950 γέγρα-

2155 1858 2261 1935 25.
2279 1880 2426 1934 Dixit
2469 1877 2783 1948 legisperito
2816 1897 2828 1932 :
2864 1875 2932 1930 In
2968 1876 3078 1948 lege
3113 1875 3238 1947 quid
3266 1875 3522 1944 scriptum
3553 1877 3671 1930 est?

390 1983 574 2031 :rtat;
603 1969 711 2022 Καὶ
741 1969 1104 2037 ἀποκριθείς.
1138 1969 1295 2024 Μετὰ
1312 1969 1411 2041 τὴν
1444 1971 1736 2043 ἀπόκρισιν
1767 1973 1862 2026 τοῦ
1896 1990 1983 2026 νο-

397 2058 561 2128 μικοῦ
596 2055 747 2112 εἶπεν
766 2076 778 2090 ο
821 2060 1030 2127 Ὀρθῶς
1054 2057 1238 2127 εἶπες.
1273 2059 1453 2116 Τοῦτο
1482 2063 1659 2125 ποίει,
1687 2061 1786 2116 καὶ
1808 2063 1982 2132 ζήσῃ.

467 2151 563 2205 κδ’.
599 2151 711 2205 Καὶ
737 2148 858 2205 εἷπε
879 2170 894 2184 ο
935 2153 1030 2218 Τίς
1061 2153 1131 2218 ἐξ
1164 2153 1332 2223 ὑμῶν
1361 2153 1483 2218 ἔξει
1512 2155 1717 2224 φίλον,
1745 2156 1844 2210 καὶ
1877 2173 1988 2211 πο-

392 2243 676 2311 ρεύσεται
727 2244 879 2312 πρὸς
925 2245 1116 2299 αὐτὸν
1149 2247 1590 2315 μεσονυκτίου,
1624 2248 1806 2301 αἰτῶν
1831 2249 1989 2317 τρεῖς

393 2334 654 2401 ἅρτους;
683 2336 778 2388 καὶ
799 2335 987 2388 λοιπόν
1008 2352 1022 2365 ·
1059 2335 1305 2399 Αἰτεῖτε,
1333 2335 1436 2390 καὶ
1471 2336 1812 2403 δοθήσεται.
1851 2340 1989 2393 Τίνα

398 2430 509 2495 γὰρ
538 2427 607 2492 ἐξ
639 2427 808 2498 ὑμῶν
838 2429 948 2481 τὸν
984 2429 1208 2498 πατέρα
1241 2429 1371 2495 υίὸς
1398 2428 1632 2496 αἰτήσει
1661 2431 1856 2498 ίχθὺν,
1889 2432 1988 2484 καὶ

397 2517 535 2572 ἀντὶ
586 2520 792 2588 ἰχθύος
840 2519 981 2588 ὅφιν
1023 2519 1303 2574 ἐπιδώσει
1349 2519 1546 2585 αὐτῷ;
1599 2521 1637 2589 ἢ
1688 2521 1823 2576 ἀντὶ
1869 2522 1988 2577 ὼοῦ

398 2616 733 2678 σκορπίον;
765 2615 837 2665 Et
882 2609 996 2668 οὖν
1027 2612 1216 2682 ὑμεῖς,
1259 2614 1510 2682 πονηροὶ
1547 2614 1749 2682 ὄντες,
1788 2615 1988 2670 οἴδατε

394 2701 630 2770 δόματα
648 2703 863 2772 ἀγαθὰ,
894 2706 1066 2772 πόσῳ
1089 2702 1333 2774 μᾶλλον
1361 2709 1392 2759 ό
1427 2705 1669 2774 Πατήρ;

471 2801 569 2847 κε’.
604 2796 1005 2867 Περικὲκοπται
1051 2797 1114 2849 τὸ
1164 2798 1294 2869 περὶ
1351 2799 1506 2851 Ἰωνᾶ
1552 2796 1645 2851 τοῦ
1683 2799 1984 2869 προφήτου.

400 2882 531 2956 Εἶχε
565 2886 675 2957 γάρ
695 2903 709 2918 ⁶
748 2887 811 2941 Ἠ
851 2887 1026 2958 γενεὰ
1051 2888 1208 2955 αὕτη
1229 2928 1243 2950 ,
1276 2887 1531 2956 σημεῖον
1571 2888 1643 2942 οὐ
1668 2887 1988 2954 δοθήσεται

397 2975 576 3046 αὐτῇ.
611 2978 726 3031 Οὐκ
761 2975 875 3048 εἷχε
906 2978 971 3050 δὴ
1014 2978 1142 3050 περὶ
1174 2979 1378 3049 Νινευῆ
1425 2979 1520 3032 καὶ
1557 2977 1874 3049 βασιλίσσης
1905 2981 1987 3033 νόν

399 3083 515 3130 του,
549 3067 643 3119 καὶ
670 3067 1012 3138 Σαλομῶνος.

470 3167 582 3225 σις’.
643 3161 788 3214 Ἀντὶ
836 3160 968 3223 τοῦ,
1021 3165 1402 3231 Παρέρχεσθε
1453 3181 1569 3231 την
1622 3180 1827 3232 κρισιν
1880 3165 1987 3218 τοῦ

401 3251 572 3316 Θεοῦ,
604 3249 738 3323 εἶχε,
771 3252 1150 3323 Παρέρχεσθε
1180 3254 1298 3322 τὴν
1328 3253 1554 3323 κλῆσιν
1580 3255 1688 3309 τοῦ
1717 3255 1887 3309 Θεοῦ.

469 3344 574 3409 κζ’.
609 3346 754 3399 Οὐαὶ
783 3347 946 3415 ὑμῖν,
972 3348 1060 3400 ὅτι
1087 3348 1447 3418 οἰκοδομεῖτε
1472 3349 1544 3402 τὰ
1564 3350 1847 3418 μνήματα
1870 3347 1990 3400 τῶν

401 3435 746 3506 προφητῶν,
784 3439 882 3492 καὶ
916 3441 970 3492 οἱ
995 3439 1253 3508 πατέρες
1291 3437 1461 3509 ὑμῶν
1488 3439 1850 3494 ἀπέκτειναν
1881 3441 1988 3492 αὐ-

397 3530 563 3596 τούς.

469 3630 578 3693 κη’.
625 3625 739 3678 Οὐκ
789 3620 924 3694 εἶχε·
975 3627 1080 3679 Διά
1133 3625 1309 3678 τούτο
1354 3620 1525 3678 εἶπεν
1571 3629 1608 3693 η
1661 3627 1851 3695 Σοφία
1882 3623 1989 3678 τοῦ

399 3716 576 3781 Θεοῦ,
605 3716 954 3771 Ἀποστελῶ
990 3719 1078 3783 είς
1118 3717 1342 3783 αὐτοὺς
1375 3716 1708 3786 προφήταςο
1741 3719 1835 3772 καὶ
1863 3718 1990 3788 περὶ

398 3809 634 3879 αἵματος
689 3809 959 3881 Ζαχαρίου
1007 3811 1104 3864 καὶ
1134 3810 1302 3863 Ἀϐελ
1347 3809 1457 3863 τῶν
1490 3809 1818 3881 προφητῶνο
1860 3810 1991 3864 ’Ὅτι

396 3901 861 3970 ἐκζητηθήσεται
889 3902 958 3954 ἐκ
987 3900 1101 3970 τῆς
1125 3900 1338 3970 γενεᾶς
1371 3903 1614 3969 ταύτης.

417 3987 419 3990 ’
472 3992 578 4046 κθ’.
609 3992 774 4062 Λέγω
818 3992 945 4059 τοῖς
977 3994 1180 4062 φίλοις
1209 4011 1330 4063 μου
1352 4009 1366 4024 ·
1399 3991 1497 4061 Μὴ
1542 3991 1844 4061 φοϐηθῆτε
1869 3992 1989 4047 ἀπὸ
2023 4031 2034 4042 .

398 4085 519 4140 τῶν
547 4087 1030 4141 ἀποκτεινόντων
1074 4085 1140 4139 τὸ
1189 4085 1390 4156 σῶμα’
1440 4087 1739 4156 φοϐηθῆτε
1779 4085 1848 4139 δὲ
1884 4087 1991 4140 τὸν

393 4178 546 4248 μετὰ
561 4179 640 4235 ,τὸ
671 4179 1020 4233 ἀποκτεῖναι
1063 4178 1285 4248 ἔχοντα
1321 4178 1615 4243 ἐξουσίαν
1641 4178 1864 4243 ,βαλεῖν
1902 4181 1990 4243 εἰς

400 4269 676 4340 γέενναν.
707 4269 820 4322 Οὐκ
855 4265 968 4340 εἶχε
1005 4269 1063 4323 δὲ
1083 4285 1094 4296 ’
1133 4268 1282 4338 Οὐχὶ
1330 4269 1512 4323 πέντε
1552 4271 1841 4338 στρουθιά
1880 4271 1989 4324 ἁσ-

394 4361 630 4430 σαρίων
674 4360 785 4415 δύο
831 4361 1211 4424 πωλοῦνται;
1262 4360 1360 4413 καὶ
1405 4359 1476 4413 ἓν
1519 4360 1588 4425 ἐξ
1637 4360 1835 4414 αὐτῶν
1877 4363 1988 4414 οὐκ

399 4452 574 4505 ἔστιν
595 4451 1078 4521 ἐπιλελησμένον
1105 4451 1362 4505 ἐνώπιον
1393 4451 1498 4504 τοῦ
1534 4450 1701 4505 Θεοῦ.

469 4543 536 4598 λ’.
578 4544 726 4596 Ἀντὶ
765 4542 892 4607 τοῦ,
935 4543 1330 4614 Ὀμολογήσει
1377 4542 1633 4598 ἐνώπιον
1674 4542 1794 4596 τῶν
1816 4543 1988 4612 ἀγγέ-

399 4636 526 4688 λων
558 4633 666 4688 τοῦ
691 4633 864 4697 Θεοῦ,
894 4632 1151 4688 ἐνώπιον
1174 4633 1280 4688 τοῦ
1309 4633 1459 4687 Θεοῦ
1492 4633 1659 4703 λέγει.

471 4725 570 4782 λα’.
605 4727 719 4779 Οὐκ
746 4725 859 4796 ἔχει
897 4726 991 4780 τόο
1037 4727 1098 4779 '0
1134 4726 1277 4792 Θεὸς
1321 4725 1687 4796 ἀμφιέννυσι
1716 4726 1822 4780 τὸν
1848 4729 1986 4796 χόρ-

399 4835 526 4873 τον.

471 4911 573 4983 λβ’.
617 4910 811 4982 ’Υμῶν
843 4911 912 4965 δὲ
948 4914 982 4965 ὁ
1015 4909 1219 4980 Πατὴρ
1257 4907 1442 4978 οἶδεν,
1475 4911 1566 4965 ὅτι
1592 4911 1833 4981 χρῇζετε
1857 4912 1992 4965 τοὺ-

400 5022 553 5058 των·
588 5005 698 5058 τῶν
730 5003 1008 5076 σαρκικῶν
1034 5004 1121 5076 δή.

447 5097 572 5167 .λγ’.
603 5098 841 5166 Ζητεῖτε
882 5096 958 5165 δὴ
1005 5097 1120 5166 τὴν
1157 5097 1488 5162 ,βασιλείαν
1522 5096 1630 5154 τοῦ
1662 5095 1818 5152 Θεοῦ
1839 5139 1854 5162 ,
1891 5095 1989 5148 καὶ

401 5189 588 5244 ταῦτα
625 5189 826 5244 πάντα
858 5191 1336 5260 προστεθήσεται
1363 5190 1526 5260 ὑμῖν.

470 5279 565 5336 λδ’.
617 5281 763 5334 Ἀντὶ
793 5281 911 5346 τοῦ,
949 5285 980 5335 ό
1031 5280 1235 5349 Πατὴρ
1277 5279 1464 5349 ὑμῶν,
1495 5280 1753 5349 ὀΠατὴρ
1800 5275 1967 5351 εἶχεν.

468 5464 564 5516 λε’.
608 5461 758 5539 Ἀντὶ-
787 5460 905 5526 τοῦ,
948 5460 1196 5529 δευτέρᾳ
1231 5459 1268 5528 ἢ
1307 5461 1471 5530 τρίτῃ
1514 5459 1786 5529 φυλακῇ,
1817 5458 1984 5530 εἶχεν,

401 5552 734 5622 ἐσπερινήν
754 5553 1060 5621 φυλακήν.

2088 1973 2159 2027 Et
2204 1975 2542 2042 respondens.
2589 1970 2719 2025 Post
2767 1969 3063 2040 legisperiti
3099 1983 3454 2038 responsum,
3492 1967 3666 2022 dixit:

2087 2066 2244 2122 Recte
2270 2066 2479 2120 dixisti.
2518 2064 2634 2120 Hoc
2667 2065 2774 2133 fac,
2807 2072 2855 2117 et
2896 2063 3028 2116 vives
3059 2063 3099 2114 ⁷.

2157 2155 2250 2210 24.
2299 2155 2364 2209 Ει
2411 2157 2549 2210 dixit
2583 2175 2595 2209 :
2633 2154 2764 2220 Quis
2806 2162 3036 2207 vestrum
3079 2151 3286 2206 habebit
3316 2153 3578 2216 amicum,
3620 2161 3670 2205 et

2087 2249 2186 2303 ibit
2215 2249 2288 2303 ad
2314 2249 2463 2302 illum
2496 2247 2670 2301 media
2705 2255 2876 2306 nocte,
2911 2246 3192 2313 postulans
3228 2258 3332 2298 tres
3357 2246 3562 2314 panes?
3597 2246 3672 2296 At:

2089 2341 2350 2411 deinceps
2385 2359 2397 2394 :
2437 2339 2606 2394 Petite
2636 2349 2685 2393 et
2711 2338 2951 2392 dabitur.
2985 2338 3117 2405 Quis
3144 2339 3284 2392 enim
3324 2354 3389 2392 ea:
3419 2337 3561 2392 vobis
3593 2346 3671 2392 est

2086 2443 2260 2502 pater,
2292 2449 2324 2486 a
2354 2449 2456 2504 quo
2487 2433 2630 2502 ﬁlius
2658 2440 2798 2502 petat
2827 2432 3040 2500 piscem,
3070 2441 3119 2485 et
3149 2447 3246 2500 pro
3283 2431 3425 2498 pisce
3460 2445 3671 2499 serpen-

2090 2535 2193 2580 tem
2225 2525 2376 2579 dabit
2408 2525 2531 2578 illi?
2558 2535 2650 2578 aut
2689 2539 2784 2593 pro
2811 2540 2905 2578 ovo
2940 2524 3310 2592 scorpionem?
3336 2522 3396 2577 Si
3427 2539 3550 2593 ergo
3583 2541 3671 2576 vus

2089 2632 2209 2670 cum
2233 2617 2353 2670 sitis
2380 2615 2532 2680 mali,
2569 2615 2736 2670 nostis
2768 2614 2911 2670 dona
2942 2615 3108 2681 bona,
3136 2623 3334 2684 quanto
3362 2616 3530 2684 magis
3562 2613 3672 2668 Pu-

2089 2719 2168 2763 ter
2190 2709 2249 2764 8?

2159 2801 2249 2857 25.
2282 2802 2576 2870 Amputata
2623 2807 2782 2854 erant
2827 2813 2894 2854 ea
2938 2813 3061 2868 quae
3093 2797 3161 2852 ad
3193 2795 3387 2852 Jonam
3436 2799 3670 2868 pertine-

2089 2892 2242 2948 bant.
2278 2891 2369 2947 Sic
2400 2893 2548 2948 enim
2576 2892 2812 2948 habebat
2849 2909 2861 2946 :
2896 2890 3176 2946 Generatio
3201 2890 3676 2961 haec,signumnms

2089 2982 2310 3036 dabitur
2353 2983 2400 3036 ei
2429 2984 2471 3036 ⁸.
2503 2981 2969 3038 Desiderabantur
3011 2983 3173 3037 etiam
3226 2983 3339 3040 illa.
3373 2982 3574 3052 quibus
3607 2981 3671 3037 de

2092 3075 2306 3140 Ninive,
2343 3084 2398 3131 et
2430 3077 2617 3147 regina
2643 3075 2852 3141 Austri,
2883 3090 2946 3129 an
2983 3074 3280 3130 Salomone
3315 3075 3375 3128 ﬁt
3407 3075 3636 3129 mentio-

2161 3168 2254 3224 26.
2302 3168 2409 3223 Pro
2454 3169 2543 3224 his
2587 3169 2793 3234 verbis,
2831 3168 3127 3223 Prwteritis
3177 3167 3276 3222 Dei
3307 3166 3573 3236 judicium
3607 3168 3671 3234 “,

2093 3259 2470 3328 rescripserat.
2504 3258 2800 3313 Prtrteritis
2833 3259 2929 3313 Dei
2956 3259 3295 3313 vocationem.

2160 3347 2252 3401 27.
2289 3347 2377 3402 Va:
2409 3349 2573 3416 vobis,
2605 3351 2854 3420 quoniam
2880 3350 3160 3420 wdiﬁcatis
3188 3352 3429 3424 sepulcra
3454 3355 3670 3425 prophe-

2093 3451 2292 3506 tarum,
2331 3451 2382 3496 et
2408 3454 2590 3507 patres
2617 3444 2777 3498 vestri
2804 3445 3105 3499 occiderunt
3138 3447 3262 3500 illos
3295 3447 3362 3500 η.

2160 3621 2250 3676 28.
2282 3620 2508 3677 Deerat:
2539 3622 2828 3692 Propterea
2851 3634 2900 3678 et
2932 3623 3210 3692 Sapientia
3238 3623 3333 3680 Dei
3361 3624 3497 3680 dixit
3517 3626 3670 3682 :Hit.

2093 3722 2201 3766 tam
2237 3714 2305 3767 ad
2335 3715 2455 3769 illos
2485 3715 2768 3785 prophetas
2801 3719 2841 3747 ¹²
2872 3735 2884 3770 :
2917 3724 2971 3771 et
2999 3718 3067 3773 de
3100 3719 3365 3790 sanguine
3392 3718 3672 3777 Zacharitr

2089 3813 2146 3860 et
2177 3805 2310 3860 Abel
2343 3807 2766 3877 prophetarum:
2813 3807 2980 3880 314
3007 3810 3271 3875 Quoniam
3314 3812 3610 3882 requiretur
3639 3831 3672 3865 σ

2090 3898 2425 3965 generatione
2450 3899 2570 3952 hac.

2161 3985 2255 4041 29.
2284 3987 2415 4040 Dico
2449 3989 2633 4042 amicis
2669 3988 2799 4043 meis
2843 4003 2862 4042 :
2897 3988 3084 4044 Nolite
3115 3990 3297 4046 timere
3323 4008 3434 4054 eos,
3465 3993 3556 4062 qui
3586 4008 3663 4046 oc-

2089 4080 2274 4133 cidunt
2299 4096 2526 4150 corpus;
2570 4083 2745 4136 timete
2789 4097 2908 4135 vero
2943 4098 3065 4135 eum
3103 4085 3193 4152 qui
3226 4092 3503 4153 postquam
3537 4087 3664 4138 occi-

2090 4171 2247 4239 derit,
2276 4173 2426 4227 habet
2457 4181 2765 4242 potestatem
2799 4173 3043 4227 mittendi
3070 4174 3126 4227 in
3151 4175 3437 4245 gehennam
3461 4177 3525 4230 “.
3565 4176 3671 4232 Nec

2092 4265 2325 4319 habebat
2354 4263 2484 4318 illud
2517 4282 2530 4319 :
2558 4262 2747 4318 Nonne
2776 4266 3002 4334 quinque
3041 4282 3277 4334 passeres
3326 4276 3546 4322 veneunt
3577 4267 3665 4322 di-

2089 4355 2306 4424 pondio,
2332 4365 2381 4409 et
2415 4372 2551 4409 unus
2578 4371 2648 4410 ex
2675 4355 2804 4424 ipsis
2840 4372 2944 4409 non
2980 4365 3059 4410 est
3104 4359 3160 4410 in
3206 4357 3461 4414 oblivione
3488 4375 3670 4414 coram

2090 4445 2201 4500 Deo
2231 4446 2315 4499 1“Y

2163 4539 2252 4594 50.
2292 4537 2398 4593 Pro
2450 4539 2535 4596 his
2585 4540 2803 4608 verbis,
2845 4540 3198 4611 Conﬁtebitur
3246 4558 3427 4598 coram
3472 4547 3670 4618 angelis

2090 4632 2211 4697 Dei,
2244 4634 2518 4698 rescribit,
2542 4649 2725 4687 coram
2755 4634 2866 4689 Deo
2900 4636 2966 4690 ’⁵.
3472 4697 3479 4704 _

2159 4725 2249 4778 5i.
2285 4723 2404 4778 Non
2435 4725 2598 4780 habet
2629 4726 2734 4780 ista
2767 4742 2779 4777 :
2810 4726 2954 4782 Deus
2983 4728 3135 4781 vestit
3161 4729 3339 4798 fenum
3373 4731 3437 4783 ιε.

2159 4903 2250 4959 52.
2295 4903 2460 4958 Pater
2511 4913 2678 4957 vester
2709 4899 2884 4967 novit,
2927 4903 3177 4973 quoniam
3224 4901 3305 4954 his
3348 4919 3477 4972 opus
3511 4901 3670 4956 Imbe-

2093 4997 2160 5050 tis
2188 4998 2259 5061 ¹⁷;
2291 4996 2436 5050 haud
2461 4996 2624 5050 dubie
2653 5011 2774 5066 quze
2799 4996 2868 5051 ad
2897 5011 3118 5050 carnem
3151 4997 3404 5050 attinent.

2157 5089 2246 5146 55.
2283 5089 2520 5154 Quwrite
2550 5099 2725 5142 autem
2753 5104 2970 5158 regnum
3001 5087 3122 5153 Dei,
3151 5097 3201 5141 et
3228 5087 3339 5141 ha'c
3365 5087 3543 5140 omnia
3575 5087 3670 5139 ad-

2085 5180 2339 5250 jicientur
2367 5180 2509 5234 vobis
2536 5181 2597 5232 ‘3.

2162 5274 2251 5328 5-4.
2283 5272 2388 5328 Pro
2426 5290 2492 5330 eo
2531 5275 2677 5345 quod
2707 5282 2811 5343 est,
2844 5273 3009 5329 Pater
3051 5283 3235 5338 vester,
3269 5273 3526 5338 habebat,
3555 5273 3666 5328 Pa-

2093 5379 2171 5420 ter
2191 5369 2252 5418 ³³.

2163 5462 2250 5516 55.
2300 5459 2404 5516 Pro
2449 5462 2536 5517 his
2583 5479 2736 5526 vero.
2783 5467 3015 5519 secunda
3060 5471 3153 5516 aut
3201 5461 3359 5515 tertia
3400 5457 3665 5524 custodio,

2093 5553 2466 5618 substituerat,
2495 5557 2840 5622 vespertinam
2871 5555 3171 5610 custodiam
3202 5552 3269 5606 ’°.

479 5716 493 5746 ³
529 5713 760 5779 Luc.lx,
800 5713 888 5766 5|.
952 5716 972 5744 ¹
1010 5713 1138 5767 ibid.
1165 5713 1254 5766 55.
1323 5713 1344 5744 ³
1376 5712 1507 5766 ibid.
1543 5712 1630 5767 40.
1708 5713 1730 5743 ⁸
1763 5710 1894 5766 ibid.
1931 5709 1987 5764 44

2141 5706 2275 5761 Luc.
2310 5723 2385 5779 vi.
2413 5708 2465 5779 ᾇ.
2517 5707 2536 5736 ⁶
2573 5705 2706 5763 Luc.
2747 5727 2801 5772 ι,
2827 5712 2918 5766 2i.
2990 5719 3010 5748 ⁷
3043 5714 3176 5769 ibid.
3202 5715 3294 5771 27.
3373 5717 3394 5749 ⁸
3426 5717 3558 5772 Luc.
3589 5730 3665 5777 XI.

402 5784 582 5854 5sqq.
655 5784 964 5838 ’ibid.50.
1060 5783 1386 5840 '°ibiil.42.
1487 5782 1815 5854 ιιίυίάηιῖ,

742 5970 1018 6029 Parum...
1063 5968 1179 6029 Gn.
1220 5969 1384 6031 XLI.

1909 5781 1954 5810 η
1981 5779 2050 5810 {hi

403 5784 582 5854 5sqq.
655 5784 964 5838 ’ibid.50.
1060 5783 1386 5840 '°ibii|.42.
1487 5785 1526 5814 ιι
1558 5782 1690 5838 ibid.
1723 5782 1815 5835 t7.
1909 5779 2231 5834 "ibimto.
2333 5779 2348 5808 ι

403 5855 452 5887 ιε
479 5858 612 5913 ibid.
639 5857 730 5912 es.
809 5857 852 5886 ιτ
879 5854 1012 5909 ibid.
1049 5854 1138 5908 50.
1220 5854 1546 5912 ηηηαλι.
1626 5854 1667 5887 ιο
1702 5853 1835 5909 ibid.
1874 5851 1964 5907 50.
2043 5847 2355 5904 '°ibid.'58.

2956 5786 3000 5821 “
3027 5784 3160 5839 ibid.
3197 5787 3230 5831 l’

2333 5777 2378 5808 ¹³
2412 5777 2544 5851 Luc;
2576 5791 2681 5864 xu!
2707 5779 2762 5846 4,
2799 5783 2853 5838 5.
2956 5786 3000 5821 ⁸⁸
3027 5784 3160 5839 ibid.
3197 5787 3230 5831 l’
3364 5789 3407 5819 "‘
3447 5791 3575 5845 ibid.
3613 5787 3664 5840 8.

2884 5984 2926 5998 κ
3277 5975 3354 6033 23
