4156 6358
502 355 604 409 715

497 575 546 620 et
579 571 780 634 partem
805 560 917 630 ejus
945 566 1098 628 ponet
1132 572 1249 610 cum
1277 552 1577 623 infidelibus
1603 551 1642 602 ¹.

571 744 659 798 57.
695 741 775 796 Ne
809 741 944 810 forte
989 737 1163 792 trahat
1197 746 1244 790 te
1283 734 1351 789 ad
1385 732 1651 804 judicent;
1679 737 1727 782 et
1749 726 1918 797 judea:
1960 735 2071 777 tra-

497 835 591 888 dat
623 843 669 888 te
701 831 935 887 exactori
963 831 1006 883 ².

571 926 659 980 38.
696 923 1001 977 Sustulerat
1027 935 1092 974 ex
1120 918 1212 973 illo
1243 917 1395 971 loco:
1421 913 1682 969 Venerunt
1707 906 1918 975 quidam
1946 922 2075 959 mm-

505 1019 697 1073 tiantes
731 1017 833 1084 ipsi
860 1017 921 1068 de
951 1011 1223 1068 Galila’is.
1251 1023 1473 1080 quorum
1515 1003 1821 1074 sanguinem
1852 1000 2075 1054 miscue-

505 1117 591 1161 rat
616 1106 826 1159 Pilatus
854 1120 969 1156 cum
1007 1098 1288 1168 sacriﬁciis
1318 1111 1520 1160 eorum,
1551 1105 1724 1160 usque
1747 1089 1812 1143 ad
1839 1102 1923 1146 ea.
1954 1085 2076 1155 qui-

506 1199 608 1253 bus
639 1199 705 1253 de
734 1195 1034 1251 octodecim
1067 1192 1174 1247 illis
1219 1198 1303 1244 est
1343 1201 1545 1245 sermo.
1580 1181 1671 1254 qui
1709 1180 1862 1236 ruina
1905 1175 2076 1233 turris

507 1287 754 1358 Oppressi
787 1292 934 1342 sunt.
966 1280 1119 1344 Item,
1162 1278 1282 1333 Nisi
1326 1275 1682 1346 paenitentiam
1721 1271 1955 1342 egeritis,
1986 1285 2077 1324 us-

508 1395 614 1444 que
665 1377 730 1431 ad
779 1373 1090 1446 parabolam
1140 1370 1302 1431 licus,
1348 1367 1415 1423 de
1456 1382 1562 1438 qua
1609 1364 1745 1419 dixit
1789 1361 2074 1432 agricola:

512 1464 771 1532 Fodiam,
807 1475 857 1521 et
884 1466 1094 1520 mittam
1125 1472 1358 1519 stercora
1389 1476 1407 1514 :
1436 1471 1485 1514 et
1518 1458 1565 1513 si
1594 1473 1697 1511 non
1742 1451 1951 1524 fecerit,
1989 1466 2081 1505 ex-

511 1560 625 1616 cide
647 1561 690 1615 ⁸.

580 1653 668 1707 59.
723 1653 877 1705 Hanc
926 1655 1101 1702 autem
1146 1645 1318 1716 filiam
1366 1639 1590 1698 Abrahae
1638 1636 1874 1708 alligavit
1923 1632 2082 1689 Sata-

510 1759 606 1796 nas
632 1741 674 1796 ⁸.

705 1832 835 1886 Item
869 1829 1000 1884 illud
1045 1825 1245 1882 ademit
1272 1844 1285 1880 :
1312 1823 1458 1878 Tunc
1504 1819 1746 1876 videbitis
1785 1816 2076 1876 Abraham,
2113 1793 2131 1850 Ι

512 1923 690 1985 Isaac,
722 1933 773 1978 et
803 1921 992 1983 Iacob,
1021 1929 1067 1974 et
1097 1935 1273 1973 omnes
1308 1913 1583 1987 prophetas
1624 1913 1680 1965 in
1717 1926 1873 1980 regno
1914 1907 2009 1960 Dei
2035 1906 2075 1960 '.

509 2017 617 2074 Pro
647 2032 754 2088 quo
796 2014 1116 2084 rescripsit:
1153 2010 1285 2065 Cum
1330 2024 1506 2062 omnes
1538 2006 1715 2074 justas
1760 2001 1995 2056 videritis
2025 1998 2080 2051 in

511 2129 670 2182 regno
701 2109 819 2164 Dei.
856 2124 943 2161 vos
980 2117 1152 2158 autent
1184 2103 1444 2156 exclusos.
1477 2096 1693 2166 Adjecit
1724 2107 1873 2156 vero,
1903 2090 2082 2144 deteno

513 2213 592 2258 tos
615 2202 770 2274 foris,
798 2208 872 2268 et,
889 2199 1002 2252 illic
1028 2206 1104 2251 est
1135 2195 1312 2263 fletus.
1341 2202 1388 2246 et
1421 2188 1618 2244 stridor
1645 2185 1903 2240 dentium.

584 2462 674 2517 Η.
717 2457 848 2515 Item
897 2456 1030 2513 illud
1083 2454 1306 2512 sustulit
1350 2469 1364 2503 :
1413 2442 1627 2505 Venieiit
1669 2449 1731 2503 ab
1779 2447 1990 2504 Oriente
2034 2455 2081 2500 et

515 2552 817 2610 Occidente,
849 2560 899 2604 et
933 2546 1227 2603 recumbent
1257 2545 1310 2598 in
1339 2558 1516 2612 regno.
1545 2542 1680 2594 Tum
1713 2539 1840 2593 illud
1873 2557 1884 2592 :
1913 2539 2081 2592 Erunt

513 2643 786 2701 novissimi
817 2642 992 2711 primi.
1027 2637 1190 2693 Item:
1227 2640 1569 2690 Accesserant
1606 2632 1870 2685 Pltaristci
1900 2630 2081 2682 dicass-

515 2748 590 2792 tes
616 2751 632 2789 :
665 2734 769 2788 Exi
789 2743 836 2788 et
859 2732 1006 2795 uade,
1027 2730 1274 2802 quoniam
1303 2725 1534 2782 Herodes
1557 2723 1667 2778 vult
1694 2733 1740 2776 te
1769 2722 2078 2788 interficere.

510 2828 736 2885 Necnon
780 2833 834 2881 et
883 2823 1028 2880 istud
1072 2841 1086 2878 :
1137 2821 1285 2876 Dixit
1346 2836 1364 2874 :
1412 2817 1671 2872 Abeuntes
1718 2815 1875 2868 dicite
1920 2813 2082 2884 315

513 2923 658 2991 vulpi
695 2921 834 2983 huic,
869 2931 1041 2986 usque
1075 2913 1140 2968 ad
1177 2928 1270 2973 ea.
1312 2910 1432 2965 Non
1477 2911 1615 2977 capit
1653 2907 1951 2976 prophetam
1998 2924 2083 2960 oc-

515 3016 621 3072 cidi
655 3022 807 3069 extra
835 3009 1188 3066 Hierusalem.
1208 3006 1344 3060 Illud
1369 3007 1530 3058 etiam
1553 3023 1565 3058 :
1588 3003 1940 3058 Hierusalem.
1967 3004 2087 3057 Hie-

1885 335 1946 389 S.
1985 326 2328 387 EPIPIIANH

569 470 659 529 36.
698 469 877 525 Veniet
929 463 1180 520 Dominus
1222 461 1356 518 servi
1387 461 1566 523 istius,
1601 467 1649 512 et
1690 455 1884 511 secabit
1925 470 2064 517 eum,

2239 451 2348 515 λς’.
2383 447 2550 511 Ἥξει
2598 447 2630 497 ό
2682 441 2896 509 Κύριος
2926 431 3033 488 τοῦ
3062 431 3286 485 δούλου
3332 424 3596 488 ἐκείνου,

3620 306 3727 362 ’116

3641 421 3738 476 καὶ

2171 538 2552 611 διχοτομήσει
2577 534 2782 597 αὑτὸν,
2812 526 2912 583 καὶ
2943 527 3007 580 τὸ
3034 524 3213 595 μέρος
3241 516 3426 576 αὐτοῦ
3448 515 3598 589 μετὰ
3623 516 3742 570 τῶν

2169 632 2442 686 ἀπίστων
2464 627 2655 691 θήσει.

2248 906 2351 975 λη’.
2386 899 2498 956 ’Ἦν
2554 893 3044 968 παρακεκομμένον
3082 888 3190 945 ἀπὸ
3226 887 3340 941 τοῦο
3386 880 3415 938 Ἴ

2175 1016 2280 1065 νες
2329 993 2804 1063 ἀναγγέλλοντες
2849 984 3008 1050 αὐτῷ
3051 981 3182 1050 περὶ
3220 979 3340 1035 τῶν
3381 976 3740 1042 Γαλιλαίων,

2175 1062 2269 1146 ὧν
2290 1091 2356 1144 τὸ
2386 1062 2530 1157 αἷμα
2562 1081 2848 1152 συνέμιξε
2891 1075 3144 1140 Πιλᾶτος
3185 1071 3334 1142 μετὰ
3375 1068 3495 1122 τῶν
3521 1062 3746 1122 θυσιῶν

2178 1181 2397 1240 αὐτῶν.
2429 1180 2534 1240 ἕως
2565 1178 2700 1230 ὅπου
2735 1171 2883 1240 λέγει
2925 1167 3052 1237 περὶ
3085 1164 3192 1218 τῶν
3223 1163 3279 1215 ὲν
3308 1159 3384 1230 τῷ
3416 1157 3633 1227 Σιλωὰμ
3658 1157 3746 1210 δε-

2180 1272 2398 1330 καοκτὼ
2433 1267 2808 1324 ἀποθανόντων
2847 1263 2904 1315 ὲν
2951 1258 3028 1330 τῷ
3071 1255 3293 1327 πύργῳο
3341 1252 3435 1305 καὶ
3482 1252 3562 1304 ὅτι
3607 1246 3751 1302 Ἐὰν

2175 1365 2261 1436 μὴ
2289 1361 2736 1435 μετανοήσητε.
2766 1353 2863 1408 καὶ
2903 1351 3008 1414 ἕως
3035 1349 3133 1418 τῆς
3174 1340 3487 1416 παραϐολῆς
3529 1336 3629 1410 τῆς

2181 1424 2314 1525 νῆις,
2365 1452 2493 1523 περὶ
2535 1424 2789 1521 ἦςέῒπεν
2819 1444 2848 1496 ὁ
2878 1438 3154 1510 γεωργὸς,
3191 1434 3272 1525 δτι
3319 1429 3602 1522 Σκάπτω,
3650 1424 3746 1480 καὶ

2176 1518 2393 1612 ,βάλλω
2421 1518 2636 1608 κόπρια
2654 1553 2668 1567 ·
2699 1534 2796 1589 καὶ
2823 1532 2931 1586 ἐὰν
2959 1528 3038 1596 μὴ
3065 1524 3312 1591 ποιήσῃ.
3339 1518 3625 1586 ἔκκοψον.

2253 1638 2353 1691 λθ’.
2407 1606 2636 1698 Ταύτην
2687 1627 2755 1681 δὲ
2806 1620 3097 1696 θυγατέρα
3145 1613 3401 1683 Ἀϐραὰμ
3442 1609 3668 1678 ἔδησεν
3716 1606 3751 1659 ὁ

2185 1721 2473 1789 Σατανᾶς.

2259 1829 2331 1891 μ’.
2363 1815 2647 1886 Παρὲκοψε
2689 1811 2869 1866 πάλιν·
2902 1807 3036 1862 Τότε
3064 1802 3289 1871 ὄψεσθε
3330 1795 3608 1863 Ἀϐραὰμ,
3652 1788 3748 1843 καὶ

2180 1883 2414 1971 Ἰσαὰκ,
2443 1883 2539 1961 καὶ
2572 1905 2810 1965 Ἰακὼϐ,
2855 1899 2953 1953 καὶ
2999 1896 3231 1958 πάντας
3267 1889 3406 1955 τοὺς
3445 1883 3753 1953 προφήτας

2179 2003 2249 2056 ἐν
2292 1998 2366 2067 τῇ
2394 1995 2677 2062 βασιλείᾳ
2709 1991 2814 2046 τοῦ
2856 1988 3021 2044 Θεοῦ.
3065 1983 3210 2038 ’Λντὶ
3250 1982 3306 2033 δὲ
3337 1977 3524 2032 τούτου
3568 1973 3753 2040 ὲποὶη-

2183 2111 2272 2148 σεν
2291 2108 2304 2123 ’
2336 2065 2469 2143 Ὅτε
2497 2087 2727 2150 πάντας
2757 2081 2898 2148 τοὺς
2934 2078 3203 2136 δικαίους
3235 2074 3396 2138 Ῐδητε
3433 2069 3504 2122 ἐν
3538 2065 3613 2132 τῇ
3635 2065 3750 2128 βα·-

2190 2181 2507 2251 σιλείατοῦ
2538 2179 2704 2244 Θεοῦ,
2734 2175 2888 2245 ὑμᾶς
2915 2173 2983 2225 δὲ
3007 2164 3506 2233 ἐκϐαλλομένους.
3535 2156 3754 2224 Ἐποίη-

2183 2294 2241 2329 σε
2305 2248 2399 2336 δὲ’,
2460 2268 2902 2340 κρατουμένους
2957 2263 3102 2326 ἔξω·
3176 2257 3291 2317 καὶ,
3342 2253 3472 2308 ἐκεῖ
3506 2251 3674 2306 ἐστιν
3720 2248 3755 2300 ὁ

2185 2365 2491 2434 κλαυθμάς
2519 2361 2617 2416 καὶ
2653 2363 2684 2414 ὁ
2708 2355 2978 2427 ,βρυγμὸς
3002 2353 3118 2407 τῶν
3145 2350 3424 2403 ὀδόντων.

2257 2464 2364 2528 μα’.
2401 2453 2688 2524 Παρὲκοψε
2726 2449 2886 2504 πάλιν
2926 2447 3015 2500 τό·
3049 2443 3337 2506 Ἦξοιησιν
3382 2437 3500 2492 ἀπὸ
3545 2435 3754 2488 ἀνατο-

2182 2525 2309 2605 λῶν
2345 2548 2438 2602 καὶ
2468 2543 2742 2614 δυσμῶν,
2778 2540 2875 2595 καὶ
2908 2535 3414 2599 ἀνακλιθήσονται
3447 2530 3518 2582 ἐν
3543 2525 3619 2594 τῇ
3639 2525 3754 2589 βα-

2183 2641 2418 2707 σιλείᾳ·
2449 2639 2544 2691 καὶ⁷
2578 2636 2666 2688 τό·
2697 2637 2760 2688 Ol
2803 2632 3049 2701 ἔσχατοι
3091 2628 3333 2681 ἔσονται
3377 2620 3621 2686 πρῶτοι·
3661 2615 3755 2670 καὶ

2184 2737 2275 2790 τό·
2311 2729 2667 2800 Προσῆλθον
2712 2729 2765 2780 οἱ
2811 2721 3120 2791 Φαρισαῖοι
3166 2717 3477 2786 λέγοντεςο
3507 2709 3756 2772 Ἔξελθε

2185 2825 2283 2880 καὶ
2327 2823 2620 2892 πορεύου,
2660 2819 2748 2872 ὅτι
2793 2815 3047 2884 Ἡρώδης
3077 2827 3150 2866 σε
3190 2809 3347 2864 θέλει
3383 2801 3754 2859 ἀποκτεῖναι·

2187 2918 2279 2972 καὶ
2327 2916 2418 2969 τόο
2469 2909 2648 2968 Εἶπε·
2698 2905 3092 2975 Πορευθέντες
3143 2903 3345 2956 εῐπατε
3388 2896 3464 2964 τῇ
3496 2893 3754 2948 ἀλώπεκι

2187 3011 2391 3076 ταύτῃ,
2431 3007 2536 3070 ἕως
2565 3007 2687 3059 ὅτου
2723 2997 2877 3056 εἶπεν
2901 3019 2914 3032 ·
2955 3001 3075 3052 Οὐκ
3102 2995 3403 3058 ἐνδέχεται
3446 2985 3753 3055 προφήτην

514 3107 778 3166 rusalem,
812 3119 928 3173 qute
975 3100 1171 3155 occidis
1221 3097 1520 3168 prophetas,
1552 3104 1600 3150 el
1633 3093 1840 3162 lapidas
1872 3110 1960 3147 eos
1995 3095 2081 3163 qui

2187 3100 2516 3158 ἀπολέσθαι
2547 3097 2662 3161 ἔξω
2705 3090 3106 3162 Ἰερουσαλήμ.
3145 3089 3188 3121 ¹¹
3217 3089 3278 3141 Ἡ
3317 3081 3754 3138 ἀποκτείνουσα

517 3201 584 3254 ad
625 3207 672 3251 te
703 3195 852 3249 missi
884 3202 1027 3247 sunt.
1063 3191 1192 3246 Item
1222 3205 1235 3242 :
1273 3188 1419 3254 Saepe
1449 3187 1587 3241 volui
1623 3201 1958 3256 congregare,
1988 3187 2086 3238 sis-

515 3299 575 3344 ut
600 3289 800 3359 gallina
838 3285 1010 3354 pullos
1043 3299 1199 3345 suos;
1239 3287 1320 3341 et,
1355 3278 1692 3347 Relinquetur
1721 3279 1864 3331 vobis
1898 3276 2085 3330 domus

515 3389 720 3444 vestra;
761 3387 835 3442 et,
878 3375 999 3430 Non
1033 3391 1114 3428 me
1149 3371 1411 3430 videbitis,
1450 3369 1612 3424 donec
1651 3370 1878 3433 dicatis,
1918 3368 2083 3422 Bene-

515 3473 690 3528 dictus
722 3470 765 3522 ⁸.

587 3647 677 3701 42.
710 3645 791 3702 Ad
839 3644 955 3699 haec
988 3644 1252 3714 integram
1306 3637 1538 3697 abscidit
1585 3637 1814 3692 duorum
1850 3635 2084 3691 ﬁliorum

516 3739 854 3812 parabolam,
877 3736 997 3805 ejus
1015 3734 1286 3797 videlicet,
1319 3732 1409 3802 qui
1440 3731 1704 3787 bonorum
1729 3736 1934 3799 partem
1961 3728 2087 3782 abs-

516 3832 736 3888 tulerat.
771 3835 825 3883 et
849 3827 1073 3882 alterius
1101 3826 1144 3879 ".

587 3923 678 3978 ιδ.
716 3919 825 3974 Lex
857 3929 906 3974 et
943 3918 1204 3986 prophetae
1236 3930 1398 3986 usque
1424 3913 1494 3968 ad
1518 3912 1800 3974 Joannem,
1839 3919 1887 3964 et
1918 3910 2086 3963 omnis

515 4014 574 4069 in
610 4012 745 4067 illud
783 4012 885 4065 vim
927 4011 1055 4077 facit
1085 4009 1129 4064 ⁸.

588 4106 675 4160 44.
714 4103 787 4158 De
817 4102 1015 4167 divite,
1066 4108 1118 4155 et
1162 4099 1371 4152 Lazaro
1417 4099 1702 4162 mendico,
1733 4096 2086 4167 quemadmo-

516 4197 648 4254 dum
682 4195 893 4250 delatus
925 4200 1008 4247 est
1038 4192 1106 4246 ab
1135 4190 1340 4261 angelis
1374 4190 1428 4243 in
1457 4190 1637 4243 sinum
1671 4188 1963 4242 Abrahami
1987 4189 2030 4242 °.

588 4369 679 4424 45.
715 4366 872 4422 Nunc
910 4383 1026 4420 vero
1066 4366 1148 4418 hic
1185 4366 1488 4419 consolatur
1528 4362 1766 4416 Lazarus
1858 4401 1875 4417 .

585 4545 676 4601 ἇϐ.
730 4545 871 4598 Dixit
904 4543 1174 4595 Abraham
1209 4558 1220 4592 :
1261 4540 1467 4595 Habent
1511 4539 1744 4609 Moysem
1783 4548 1833 4592 et
1869 4541 2089 4607 prophe-

2188 3191 2330 3258 τοὺς
2358 3188 2684 3258 προφήτας,
2716 3184 2814 3239 καὶ
2848 3179 3246 3238 λιθοϐολοῦσα
3281 3174 3421 3238 τοὺς
3451 3170 3752 3225 ἀπεσταλ-

2181 3257 2436 3352 μένους·
2468 3257 2563 3334 nui.
2599 3277 2659 3331 τό
2679 3293 2692 3307 ·
2722 3272 3024 3338 Πολλάκις
3061 3267 3333 3335 ήθέλησα
3374 3257 3754 3318 ἐπισυνάξαι.

2187 3344 2267 3436 tiu:
2297 3344 2459 3438 ὅρνις
2500 3368 2571 3421 τὰ
2613 3367 2797 3420 τέκνα
2839 3376 2985 3415 σοιν
3022 3358 3116 3412 καὶ
3149 3355 3227 3415 τὸ,
3263 3352 3524 3420 Ἀφίεται
3557 3344 3700 3412 ὑμῖν
3726 3345 3753 3395 ε·

2187 3435 2344 3525 οἶκος
2373 3457 2571 3527 ὑμῶν’
2604 3453 2699 3508 καὶ
2728 3452 2809 3518 τὸ,
2843 3451 2925 3504 Οὐ
2956 3447 3042 3519 μὴ
3072 3443 3235 3510 ῑδητέ
3259 3458 3354 3511 με,
3384 3439 3494 3502 ἕως
3530 3435 3753 3500 εἵπητε·

2195 3547 2632 3618 Εὐλογημένος.

2263 3611 2377 3711 μβν.
2400 3611 2568 3692 Πάλιν
2597 3631 2836 3702 ἀπέκοψε
2869 3630 2968 3698 τὴν
2995 3623 3306 3696 παραϐολὴν
3332 3621 3509 3673 πᾶσαν
3531 3615 3636 3668 τῶν
3667 3611 3752 3665 δύο

2189 3704 2342 3795 vidui,
2371 3729 2466 3783 τοῦ
2511 3725 2788 3797 εἰληφότος
2815 3722 2874 3776 τὺ
2911 3721 3071 3792 μέρος
3117 3716 3226 3768 τῶν
3266 3709 3633 3782 ὖπαρχόντων,
3665 3704 3753 3758 καὶ

2187 3824 2279 3878 τοῦ
2309 3822 2487 3877 ἄλλου.

2261 3923 2371 3986 μγ.
2412 3914 2467 3966 '0
2511 3910 2695 3979 νόμος
2727 3906 2823 3960 καὶ
2867 3907 2920 3957 oi
2969 3898 3260 3968 προφῆται
3301 3895 3409 3959 ἕως
3452 3889 3754 3953 Ἰωάννου,

2141 4010 2150 4022 ⁸
2187 4007 2284 4066 καὶ
2311 4007 2427 4070 πᾶς
2451 4007 2537 4069 είς
2561 3999 2754 4066 αὐτὴν
2777 3995 3060 4063 βιάζεται.

2264 4096 2366 4168 μδν.
2398 4069 2534 4164 Περὶ
2559 4092 2652 4144 τοῦ
2686 4085 2970 4146 πλουσίου,
3001 4083 3095 4136 καὶ
3118 4079 3364 4148 Λαζάρου
3394 4073 3485 4129 τοῦ
3519 4069 3753 4140 πτωχοῦ.

2187 4159 2276 4242 ὅτι.
2297 4159 2576 4254 damn-fier;
2622 4178 2727 4232 ὑπὸ
2755 4176 2862 4231 τῶν
2895 4174 3142 4242 ἀγγέλων
3171 4172 3253 4232 εἰς
3296 4168 3386 4222 τὸν
3433 4165 3632 4219 κόλπον
3664 4159 3754 4214 τοῦ

2200 4279 2293 4331 Ἀϐ
2303 4277 2467 4348 ραάμ.

2264 4344 2362 4440 με’.
2401 4367 2528 4422 Νῦν
2574 4364 2641 4417 δὲ
2673 4359 2789 4416 ὦδε
2832 4355 3258 4427 παρακαλεῖται
3289 4355 3322 4405 d
3362 4349 3544 4414 αὐτὸς
3580 4344 3756 4408 Adfa-

2124 4469 2165 4522 D
2185 4480 2314 4532 ρος.

2270 4557 2385 4622 μς¹.
2422 4544 2590 4603 Εἶπεν
2629 4545 2896 4616 Ἀϐραάμ·
2933 4543 3186 4609 Ἔχουσι
3213 4531 3464 4590 Μωυσέα
3496 4528 3593 4583 καὶ
3617 4526 3753 4590 τοὺς

518 4650 623 4703 tas,
663 4638 804 4706 ipsos
843 4635 1064 4686 audiant
1105 4651 1121 4687 :
1161 4631 1581 4702 quandoquidem
1622 4647 1784 4700 neque
1821 4633 1867 4684 si
1903 4632 2019 4700 quis
2059 4649 2081 4684 ιι

2196 4618 2522 4708 προφήτας·
2559 4635 2996 4690 ἀκουσάτωσαν
3026 4628 3245 4691 αὐτούς
3263 4640 3277 4655 ·
3320 4620 3450 4676 ἐπεὶ
3479 4618 3619 4673 οὐδέ
3651 4633 3757 4670 του

515 4729 737 4786 mortuis
777 4726 1136 4790 resurrexerit,
1179 4724 1390 4778 audient
1432 4726 1496 4777 ¹¹.

585 4816 676 4869 47.
717 4813 949 4868 Sustulit
985 4813 1087 4866 ista
1122 4829 1133 4862 :
1175 4812 1384 4866 Dicite:
1412 4812 1675 4879 Quoniam
1709 4813 1844 4868 servi
1871 4812 2083 4867 inutiles

517 4921 732 4968 sumus;
765 4904 901 4974 quod
929 4905 1201 4958 debuimus
1234 4905 1426 4972 facere,
1463 4903 1674 4972 fecimus
1705 4905 1764 4958 ".

585 4998 674 5052 48.
730 4995 959 5063 Quando
1005 5005 1361 5050 occurrerunt
1405 4994 1624 5063 leprosi.
1681 4994 1798 5060 Quo
1855 4997 1910 5050 in
1966 4998 2086 5052 loco

515 5093 685 5146 multa
741 5089 1024 5145 resecuit:
1073 5096 1236 5158 atque
1285 5089 1356 5143 ita
1400 5088 1664 5158 scripsit:
1718 5090 1782 5144 Et
1811 5093 1957 5146 misit
1997 5109 2084 5146 eos

503 5183 694 5237 ‘direns
726 5198 742 5234 :
774 5182 1043 5236 Ostendite
1091 5198 1179 5236 vos
1209 5181 1572 5237 sacerdotibus
1606 5183 1648 5214 ¹³
1679 5201 1692 5235 :
1732 5198 1795 5236 ac
1832 5199 1928 5253 pro
1963 5186 2085 5242 aliis

513 5277 618 5331 alia
651 5276 904 5339 subjecit,
938 5275 1008 5329 ita
1044 5275 1358 5334 concipiens
1390 5292 1403 5327 :
1445 5275 1602 5329 Multi
1627 5288 1780 5329 erant
1809 5280 1999 5346 Ieprnu'
2032 5282 2084 5335 in

513 5367 692 5421 diebus
744 5367 921 5421 Elistei
969 5367 1264 5436 prophetm,
1302 5377 1354 5421 et
1403 5385 1550 5422 nemo
1596 5381 1813 5425 curatus
1860 5381 1938 5426 est
1984 5374 2088 5428 nisi

515 5457 766 5512 Naaman
797 5456 963 5526 Syrus
998 5458 1062 5512 ".

2193 4727 2567 4800 ἐγειρομένου
2599 4725 2667 4778 ἐκ
2693 4721 2924 4789 νεκρῶν
2950 4719 3300 4775 ἀκούουσιν.

2269 4821 2373 4894 μζ.
2411 4817 2693 4889 Παρὲκοψε
2739 4818 2832 4871 τότ
2878 4814 3117 4883 Λέγετεο
3150 4812 3270 4862 Ὅτι
3298 4803 3520 4874 ἀχρεῖοι
3551 4799 3758 4855 δοῦλοί

2189 4915 2393 4983 ἐσμεν·
2434 4911 2464 4964 ὃ
2497 4911 2827 4978 ὠφείλομεν
2858 4905 3105 4971 ποιῆσαι
3135 4897 3560 4964 πεποιήκαμεν.

2265 4980 2372 5076 μην.
2407 5003 2536 5056 Ὅτε
2585 5001 2920 5070 συνήντησαν
2964 4997 3013 5048 οἱ
3057 4994 3188 5046 δέκα
3233 4987 3441 5059 λεπροι.
3492 4980 3756 5049 Ἀπὲκοψε

2191 5073 2474 5156 δὲνπολλὰ,
2523 5093 2618 5145 καὶ
2652 5091 2932 5160 ἐποίησεν·
2967 5086 3353 5141 Ἀπέστειλεν
3397 5076 3616 5142 αὐτοὺς
3661 5073 3756 5126 λέ-

2188 5203 2341 5257 γων·
2390 5184 2627 5248 Δείξατε
2691 5179 2941 5244 ἑαυτοὺς
2992 5176 3115 5240 τοῖς
3175 5171 3428 5239 ἱερεῦσιο
3479 5166 3572 5219 καὶ
3621 5163 3756 5218 ἄλλα

2191 5255 2312 5334 ἀντὶ
2362 5278 2534 5331 ἄλλων
2588 5275 2840 5346 ἐποίησε,
2894 5271 3102 5337 λέγων,
3146 5267 3228 5320 ὅτι
3276 5260 3498 5318 Πολλοὶ
3547 5255 3754 5323 λεπροὶ

2189 5367 2352 5440 ἦσαν
2397 5369 2462 5424 ἐν
2492 5345 2737 5437 ήμέραις
2773 5362 3122 5419 Ἐλισσαίου
3149 5357 3256 5411 τοῦ
3293 5351 3622 5424 προφήτου,
3657 5345 3752 5404 καί

2190 5463 2302 5516 οὐκ
2328 5461 2686 5529 ἐκαθαρίσθη
2713 5459 2763 5512 ει
2786 5456 2871 5526 μὴ
2904 5451 3134 5522 Νεεμὰν
3169 5453 3202 5505 δ
3233 5449 3440 5516 Σύρος.

585 5635 602 5666 ¹
640 5634 767 5689 I-uc.
807 5652 904 5693 xu.
933 5636 1021 5689 46.
1097 5638 1117 5666 ’
1146 5633 1278 5689 ibid.
1314 5634 1401 5687 ΕΟ.
1482 5637 1500 5668 ³
1534 5635 1666 5692 Luc.
1703 5654 1825 5697 xm,
1861 5640 1912 5694 I.
1988 5641 2008 5672 ’⁸
2039 5642 2081 5694 il‘

2202 5641 2289 5695 to.
2364 5636 2667 5692 ³ἰ1ιῐι1.28.
2745 5629 3143 5688 'ihid.29.33.
3221 5624 3395 5679 "I.uc.
3427 5640 3517 5689 xv,
3547 5621 3747 5697 tam.

515 5701 539 5734 ⁸
570 5701 699 5756 Luc.
735 5721 843 5761 xvi,
883 5705 970 5759 16,

516 5783 590 5840 tv,
619 5773 708 5828 27.

1071 5707 1092 5736 ’
1122 5703 1252 5757 ibid.
1281 5704 1469 5758 22-24.

783 5776 824 5806 ¹⁸
857 5775 1006 5831 Adde
1051 5772 1417 5843 Ἰερουσαλήμ.

1565 5709 1608 5740 ¹⁰
1637 5708 1770 5764 ibid.
1800 5711 1890 5765 25.

1992 5711 2031 5742 "
2057 5709 2186 5766 ibid.
2213 5711 2304 5766 29.

2407 5688 2776 5768 liii-Lucium,
2805 5705 2891 5759 10.
2993 5701 3035 5732 ¹³
3065 5697 3174 5758 tlt'ul
3233 5697 3297 5753 l2
3323 5710 3421 5748 san
3545 5692 3588 5723 “
3619 5688 3731 5742 [me
