4156 6358
340 389 445 446 717

343 601 495 655 ἰδεῖν
519 601 668 670 μίαν
701 599 819 654 τῶν
852 599 1090 670 ἡμερῶν
1122 601 1229 655 τοῦ
1274 600 1412 655 Υίοῦ
1440 602 1547 655 τοῦ
1592 600 1929 670 ἀνθρώπου.

282 738 292 753 ,
413 700 478 747 ν’.
511 689 651 747 Εῖπέ
703 710 788 756 τις
841 694 980 765 πρὸς
1030 695 1220 749 αὐτόν’
1264 693 1599 748 Διδάσκαλε
1642 693 1845 765 ἀγαθὲ,
1878 695 1936 748 τί

343 785 609 851 ποιήσας
641 784 795 854 ζωὴν
824 784 1068 841 αἰώνιον
1102 788 1578 857 κληρονομήσωξ
1604 788 1701 856 Μή
1723 805 1800 857 με
1835 787 1935 842 λέ-

343 893 477 945 γετε
504 876 750 945 ἀγαθόν.
783 872 891 943 Εἷς
918 877 1090 930 ἐστιν
1120 878 1360 947 ἀγαθός.
1392 878 1708 950 Προσέθηκε
1738 878 1820 940 τὸ,
1852 878 1934 930 ὅτι

344 969 380 1020 ό
407 966 629 1036 Πατήρ.
661 967 771 1021 Καὶ
806 967 927 1020 ἀντὶ
963 968 1082 1034 τοῦ,
1120 970 1231 1035 Τὰς
1261 969 1514 1036 ἐντολὰς
1551 965 1737 1035 οἶδας,
1765 969 1932 1038 λέγει,

349 1062 463 1124 Τὰς
486 1058 740 1125 ἐντολὰς
764 1056 916 1113 οἶδα.

416 1157 516 1205 να’.
554 1152 827 1221 Ἐγένετο
854 1150 921 1203 δὲ
937 1151 1023 1222 εέν
1059 1149 1139 1217 τῷ
1168 1150 1419 1222 ἐγγίζειν
1447 1151 1522 1220 τῆ
1558 1151 1800 1222 Ἰεριχὼ,
1841 1170 1937 1205 τυ-

342 1242 503 1311 φλὸς
548 1243 688 1296 ἐϐόα
710 1258 725 1273 ⁸
773 1243 978 1312 Ἰησοῦ
1008 1242 1102 1298 υἱὲ
1147 1244 1343 1312 Δαϐὶδ,
1387 1246 1649 1313 ἐλέησόν
1683 1263 1778 1315 με.
1826 1244 1934 1300 Kal

344 1334 448 1388 ὅτε
477 1333 631 1403 ἰάθη,
664 1336 859 1405 φησίν
879 1351 893 1365 ο
941 1336 1004 1393 Ἠ
1027 1337 1232 1403 πίστις
1263 1351 1380 1391 σου
1408 1336 1648 1391 σέσωκέ
1676 1353 1768 1391 σε.

417 1511 517 1584 νβ’.
547 1512 836 1585 Παρέκοψε
870 1512 959 1566 τό*
987 1513 1359 1581 Παραλαϐὼν
1387 1514 1530 1580 τοὺς
1555 1513 1788 1571 δώδεκα
1813 1514 1937 1570 ἕλε-

344 1618 475 1676 τεν’
520 1604 678 1660 Ἰδοὺ
711 1605 1114 1675 ἀναϐαίνομεν
1150 1608 1237 1672 είς
1274 1607 1675 1676 Ἰεροσόλυμα,
1709 1608 1807 1662 καὶ
1839 1625 1934 1661 τε-

346 1698 713 1765 λεσθήσεται
750 1697 948 1753 πάντα
984 1699 1058 1752 τὰ
1103 1699 1481 1769 γεγραμμένα
1524 1700 1595 1753 ἐν
1632 1700 1757 1766 τοῖς
1791 1717 1935 1768 προ-

344 1792 564 1860 φήταις
595 1791 727 1859 περὶ
763 1792 871 1845 τοῦ
908 1790 1045 1845 Υἱοῦ
1074 1791 1182 1846 τοῦ
1216 1791 1532 1859 ἀνθρώπου
1553 1809 1566 1824 ο
1600 1792 1936 1860 παραδοθή-

345 1897 538 1946 σεται,
574 1880 1115 1948 ἀποκτανθήσεται,
1144 1881 1243 1935 καὶ
1275 1879 1351 1950 τῆ
1387 1881 1551 1950 τρίτῃ
1580 1880 1771 1952 ἡμέρᾳ
1793 1883 1936 1937 ἀνα-
1969 1860 2009 1914 Β

345 1972 657 2039 στήσεται.
696 1974 836 2027 Ὅλα
868 1973 1041 2027 ταῦτα
1078 1973 1377 2044 παρέκοψε.

420 2072 517 2133 νγ’.
557 2065 841 2136 Παρέκοψε
889 2066 951 2119 τὸ
1000 2065 1293 2135 κεφάλαιον
1341 2065 1439 2134 τῆς
1469 2065 1614 2130 ὄνου,
1662 2067 1759 2119 udi.
1792 2066 1935 2137 Βηο-

347 2153 519 2225 φαγὴ,
560 2156 656 2208 καὶ
699 2156 760 2209 τὸ
804 2157 931 2227 περὶ
959 2158 1058 2228 τῆς
1100 2156 1327 2221 πόλεως,
1361 2156 1455 2209 καὶ
1485 2154 1581 2209 τοῦ
1614 2156 1782 2227 ἱεροῦο
1814 2158 1936 2212 Ὅτι

343 2246 757 2316 γεγραμμένον
788 2245 870 2319 ἦν
888 2266 902 2279 ο
943 2250 997 2301 Ὀ
1031 2249 1197 2315 οἶκός
1220 2266 1338 2319 μου
1365 2244 1535 2314 οἶκος
1563 2250 1933 2320 προσευχῆς⁶

346 2338 445 2392 καὶ
483 2337 703 2391 ποιεῖτε
732 2339 921 2393 αὐτὸν
947 2340 1255 2406 σπήλαιον
1282 2336 1551 2407 λῃστῶν.

418 2429 511 2484 νδν.
544 2430 656 2484 Καὶ
682 2428 984 2499 strumam/-
1010 2432 1319 2487 ἐπιϐαλεῖν
1348 2430 1441 2485 ἐπ’
1466 2430 1661 2486 αὐτὸν
1688 2432 1798 2500 τὰς
1825 2432 1938 2504 χεῖ-

342 2540 476 2590 ρας,
511 2524 609 2577 καὶ
638 2523 1049 2593 ἐφοϐήθησαν.

418 2622 511 2669 νε’.
544 2616 712 2670 Πάλιν
751 2617 999 2688 ἀπέκοψε
1030 2618 1129 2688 τὴν
1172 2619 1267 2672 τοῦ
1310 2621 1634 2692 ἀμπελῶνος
1676 2624 1694 2654 ¹
1723 2621 1818 2677 τοῦ
1848 2626 1939 2677 ὲκ-

346 2707 629 2779 δεδομένου
650 2714 935 2780 γεωργοῖς.
976 2712 1087 2764 Καὶ
1111 2712 1171 2763 τὸ
1189 2752 1204 2777 ,
1238 2713 1299 2767 Τί
1332 2712 1444 2768 οὗν
1473 2714 1606 2769 ἐστι
1629 2717 1699 2769 τό
1717 2732 1732 2747 ⁸
1757 2717 1939 2771 Λίθον

348 2799 423 2853 ὃν
455 2801 915 2871 ἀπεδοκίμασαν
942 2806 997 2857 οἱ
1021 2804 1513 2874 οἰκοδομοῦντεςς

420 2899 528 2956 νς’.
575 2895 842 2965 Ἀπέκοψε
875 2896 967 2949 τό’
1002 2896 1124 2949 Ὅτι
1159 2896 1227 2949 δὲ
1271 2898 1599 2968 ἐγείρονται
1627 2903 1682 2954 οι
1714 2901 1936 2969 νεκροὶ,

349 2985 916 3057 Μωῢσῆςοέμήνυσε
957 2989 1090 3057 περὶ
1124 2989 1236 3058 τῆς
1263 2990 1479 3055 βάτου,
1513 2992 1708 3059 καθὼς
1741 2992 1935 3061 λέγει·

354 3074 576 3145 Κύριον
605 3068 884 3133 τὸνθεόν
910 3080 1191 3149 Ἀϐραὰμ,
1222 3081 1320 3133 καὶ
1355 3080 1564 3136 Ἰσαὰκ
1589 3083 1688 3136 καὶ
1720 3082 1934 3137 Ἰακώϐ.

351 3170 498 3236 Θεὸς
529 3170 597 3225 δέ
626 3172 758 3225 ἐστι
786 3171 1036 3237 ζώντων,
1064 3173 1163 3225 καὶ
1194 3173 1331 3242 οὐχὶ
1364 3172 1613 3242 νεκρῶν.

420 3258 518 3325 νζ’.
553 3263 668 3316 Οὐκ
711 3258 826 3333 εἶχε
874 3262 1081 3315 ταῦτα·
1115 3263 1237 3316 Ὅτι
1276 3263 1346 3317 δὲ
1384 3264 1713 3337 ἐγείρονται
1757 3268 1811 3317 οἱ
1842 3282 1940 3318 νε-

352 3349 634 3417 κροὶ,.καὶ
666 3346 933 3422 Μωϋσῆςτ
951 3353 1241 3423 ἐμήνυσε,
1268 3352 1464 3424 λέγων
1493 3357 1641 3410 Θεὸν
1669 3357 1936 3425 Ἀϐραὰμ,

350 3440 451 3493 καὶ
484 3440 635 3495 Θεὸν
671 3444 897 3507 Ἰσαὰκ,
929 3444 1026 3497 καὶ
1060 3444 1211 3498 Θεὸν
1252 3445 1475 3509 Ἰακὼϐ,
1511 3448 1659 3499 Θεὸν
1686 3446 1934 3507 ζώντων.

420 3534 524 3605 νη’.
560 3536 731 3589 Πάλιν
780 3534 1059 3606 παρέκυψε
1101 3536 1194 3588 τό’
1228 3536 1369 3605 Θρὶξ
1401 3536 1471 3589 ἐκ
1511 3535 1621 3605 τῆς
1666 3538 1939 3608 κεφαλῆς

350 3623 521 3693 ὑμῶν
546 3630 618 3679 οὺ
635 3627 723 3695 μὴ
758 3628 1076 3695 ἀπόληται.

422 3716 517 3769 νο’.
552 3717 722 3769 Πάλιν
754 3718 1032 3789 παρέκυψε
1070 3715 1273 3770 ταῦτα’
1310 3717 1447 3770 Τότε
1486 3720 1540 3769 οἱ
1574 3719 1643 3770 ἐν
1681 3717 1756 3787 τῇ
1794 3719 1939 3775 Ἰου-

350 3803 489 3872 δαίᾳ
517 3805 907 3875 φευγέτωσαν
930 3809 1021 3873 είς
1055 3809 1128 3860 τὰ
1159 3807 1264 3874 ὅρη
1283 3847 1296 3870 ,
1328 3807 1422 3859 καὶ
1467 3808 1535 3862 τὰ
1575 3809 1699 3878 ἑξῆς
1722 3825 1734 3838 ·
1765 3810 1853 3862 διὰ
1880 3809 1940 3861 τὸ

350 3896 763 3968 ἐπιφερόμενον·
788 3899 898 3963 ἕως
921 3898 1207 3967 πληρωθῇ
1231 3898 1427 3953 πάντα
1450 3901 1523 3954 τὰ
1544 3902 1936 3971 γεγραμμένα.

423 3988 484 4055 ξ’.
518 3988 916 4057 Συνελάλησε
955 3990 1079 4053 τοῖς
1120 3989 1503 4060 στρατηγοῖς.
1546 3992 1655 4044 Καὶ
1695 3992 1775 4057 τὸ,
1806 3991 1940 4058 Πῶς

350 4078 537 4132 αὑτὸν
565 4078 813 4148 παραδῷ
841 4081 1064 4145 αὐτοῖς.

424 4168 524 4232 ξω.
554 4172 663 4224 Καὶ
689 4168 820 4225 εἷπε
846 4172 927 4236 τῷ
956 4172 1157 4241 Πέτρῳ
1184 4174 1281 4227 καὶ
1307 4174 1434 4240 τοῖς
1457 4174 1715 4240 λοιποῖς·
1747 4174 1941 4229 Ἀπελ-

351 4261 561 4328 θόντες
588 4263 964 4333 ἑτοιμάσατε,
1000 4265 1101 4318 ἵνα
1133 4266 1414 4335 φάγωμεν
1444 4266 1509 4319 τὸ
1535 4265 1766 4333 πάσχα.

421 4351 519 4422 ἒβη
551 4354 661 4408 Καὶ
689 4356 971 4419 ἀνέπεσε,
998 4358 1098 4410 καὶ
1125 4360 1179 4410 οἱ
1208 4357 1435 4411 δώδεκα
1459 4358 1787 4411 ἀπόστολοι
1817 4358 1941 4411 σὺν

347 4443 529 4508 αὐτῷ’
564 4445 663 4498 καὶ
693 4442 889 4499 εἶπεν·
932 4449 1247 4518 Ἐπιθυμίᾳ
1281 4449 1631 4517 ἐπεθύμησα
1661 4449 1838 4502 τοῦτο
1872 4450 1938 4502 τὸ

222 4542 237 4552 ‘
349 4535 561 4604 πάσχα
599 4539 811 4608 φαγεῖν
835 4543 962 4608 μεθ’
990 4539 1176 4610 ὑμῶν,
1208 4540 1322 4608 πρὸ
1355 4541 1459 4594 τοῦ
1484 4558 1562 4609 με
1595 4540 1824 4594 παθεῖν.

423 4630 522 4699 ξγ’.
560 4633 844 4703 Παρέκοψε
872 4635 931 4686 τό
952 4651 966 4664 ⁸
994 4634 1158 4705 Λέγω
1191 4634 1303 4705 γὰρ
1347 4634 1509 4703 ὑμῖν,
1542 4637 1624 4687 Οὐ
1653 4633 1740 4703 μὴ
1768 4633 1934 4703 φάγω

352 4724 499 4776 αὐτὸ
533 4723 630 4775 ἀπ’
661 4724 812 4793 ἄρτι,
842 4726 951 4792 ἕως
984 4708 1270 4795 πληρωθῇ
1302 4727 1373 4779 ἐν
1399 4726 1473 4795 τῆ
1500 4727 1793 4794 ,βασιλείᾳ
1827 4725 1935 4780 τοῦ

355 4816 523 4869 Θεοῦ.

423 4906 516 4972 ξδ’.
549 4908 835 4979 Παρέκοψε
868 4910 948 4962 τό·
980 4911 1117 4963 Ὅτε
1149 4911 1480 4965 ἀπέστειλα
1520 4910 1710 4980 ὑμᾶς,
1736 4910 1822 4979 μή
1856 4928 1938 4965 τι-

352 5014 456 5064 νος
483 4999 899 5065 ὐστερήσατε;
930 5001 1024 5055 καὶ
1051 5002 1120 5054 τὰ
1163 5001 1319 5071 ἑξῆς·
1351 5001 1438 5055 διὰ
1470 5003 1531 5055 τό
1554 5020 1569 5035 ·
1612 5002 1722 5055 Καὶ
1762 5003 1940 5057 τοῦτο

352 5090 418 5143 τὸ
467 5091 876 5160 γεγραμμένον
927 5092 1021 5145 δεῖ
1058 5091 1440 5160 τελεσθῆναι,
1493 5093 1577 5157 τὸ,
1628 5092 1739 5148 Καὶ
1787 5093 1939 5162 μετὰ

353 5183 589 5250 ἀνόμων
616 5185 1048 5252 συνελογίσθη.
1494 5230 1497 5233 η

422 5274 513 5340 ξε,
554 5274 938 5344 Ἁπεσπάσθη
982 5278 1082 5330 ἀπ’
1112 5276 1313 5329 αὐτῶν
1341 5276 1485 5329 ὡσεὶ
1533 5276 1710 5331 λίθου
1744 5276 1933 5344 βολὴ,

354 5365 451 5417 καὶ
486 5366 610 5432 θεὶς
637 5367 708 5419 τὰ
739 5367 964 5437 γόνατα
993 5372 1404 5436 προσηύχετο.

426 5458 532 5525 Eg’.
563 5461 673 5515 Kal
703 5462 915 5533 ἤγγισε
942 5462 1352 5532 καταφιλῆσαι
1381 5462 1586 5530 αὐτὸν,
1616 5462 1713 5516 καὶ
1738 5458 1932 5517 εἷπεν.

430 5703 444 5733 ¹
472 5701 597 5756 For.
628 5701 697 5756 τὰ
720 5702 814 5757 τοῦ
845 5704 987 5773 ἀμπ.
1084 5705 1105 5735 ³
1129 5702 1260 5758 Luc.
1297 5720 1429 5764 xv".
1466 5704 1558 5758 22.

361 5788 471 5837 xIx,
499 5775 569 5828 29
600 5790 721 5845 sqq.
844 5770 1030 5830 ⁸“1.ιιο.
1060 5775 1267 5838 xx,,l9.
1387 5776 1408 5806 ⁸
1444 5774 1575 5829 ibid.
1604 5770 1658 5827 9.

362 5858 489 5913 sim,
511 5844 581 5898 ’4.
658 5848 704 5877 ⁸⁸
729 5844 863 5900 ibid.
900 5845 954 5900 8.
1032 5847 1076 5878 ⁸⁸
1105 5846 1233 5903 ibid.
1266 5846 1351 5902 15.
1434 5848 1476 5879 ⁸⁸
1508 5844 1639 5901 ibid.

978 383 1345 440 ADVERSUS
1382 383 1727 440 HAERESES
1764 384 1894 441 LIB.

2039 384 2189 443 ΓΟΜ.
2226 384 2319 440 111.
2360 418 2431 430 -
2468 385 2743 443 112ΕΒΕ8.
2786 386 2943 442 XLII.

416 510 525 581 p.82
578 509 968 562 Ἐλεύσονται
1018 508 1267 577 ἡμέραι,
1326 508 1472 562 ὅταν
1524 509 1933 578 ἑπιθυμῆσητε

2106 508 2196 564 «19.
2249 508 2464 563 Venient
2522 510 2672 571 dies,

1660 5688 1841 5755 'Luc.
1875 5716 2032 5766 xvtu,
2067 5701 2156 5757 18.
2228 5700 2279 5753 1⁸
2309 5702 2441 5757 ibid.
2469 5702 2562 5758 20.
2653 5703 2675 5736 ⁸
2706 5704 2837 5761 ibid.
2864 5705 2956 5760 35.

1784 5773 1827 5803 '°
1860 5772 1990 5826 ibid.
2027 5773 2118 5825 57.

658 5841 954 5900 “ibid.8.
1032 5847 1076 5878 ιδ
1105 5846 1233 5903 ibid.
1266 5846 1351 5902 IS.
1434 5848 1476 5879 η
1508 5844 1639 5901 ibid.
1671 5841 1758 5901 is.
1814 5842 1933 5921 pur

2069 5843 2159 5898 55.
2238 5844 2281 5875 ¹⁸
2303 5844 2434 5901 ibid.
2467 5844 2557 5899 41.
2608 5841 2841 5923 _“'ibid.
2878 5845 2966 5901 47.

3513 390 3624 448 718

2751 510 2961 575 quando
3023 508 3390 565 desiderabitis
3448 513 3621 572 uiden

2037 616 2202 655 unum
2241 617 2307 655 ex
2345 601 2529 655 diebus
2575 600 2706 654 Filii
2745 600 2974 654 hominis
3015 601 3056 654 ².

2112 692 2199 750 50.
2234 693 2386 746 Dixit
2419 694 2466 747 ei
2497 693 2713 763 quidam
2748 710 2765 746 :
2800 692 3060 762 Magister
3089 692 3239 760 bone,
3264 694 3391 765 quid
3416 694 3621 765 faciens

2036 785 2199 838 vitam
2228 796 2481 839 teternam
2508 785 2828 853 possidebo?
2861 783 3041 838 Nolite
3075 802 3156 839 me
3188 786 3359 840 dicere
3401 787 3616 840 bonum.

2043 873 2189 929 Unus
2227 884 2306 929 est
2340 874 2506 929 bonus
2540 876 2583 928 ³.
2617 874 2833 944 Adjecit
2868 890 3030 938 vero,
3066 874 3249 929 Pater.
3281 873 3385 929 Sed
3435 883 3489 930 et
3521 892 3620 944 pro

2037 984 2102 1023 eo
2140 968 2287 1038 quod
2315 977 2443 1025 est:
2473 966 2736 1022 Mandata
2768 969 2911 1022 nosti
2936 968 2988 1036 ⁸;
3029 969 3254 1039 scripsit
3307 968 3418 1034 ille,
3457 967 3619 1023 Han—

2037 1060 2168 1115 data
2203 1062 2341 1115 novi.

2108 1153 2199 1210 5|.
2235 1150 2464 1206 Factum
2512 1160 2686 1205 autem
2729 1159 2808 1205 est
2837 1167 2957 1205 cum
2987 1152 3434 1222 appropinquaret
3478 1150 3622 1205 leri-

2037 1244 2170 1312 cho,
2217 1261 2390 1299 cacus
2444 1242 2765 1298 clamabat:
2804 1242 2934 1298 Jesu
2977 1227 3059 1312 ﬁli
3107 1243 3313 1311 David,
3373 1236 3621 1298 miserere

2038 1339 2160 1392 mei.
2194 1337 2266 1391 Et
2295 1354 2418 1393 cum
2445 1345 2663 1392 curatus
2701 1346 2835 1392 esset
2867 1338 2946 1391 ait
2972 1354 2994 1396 .'
3021 1335 3184 1392 Fides
3220 1347 3311 1390 tua
3336 1346 3385 1392 te
3413 1337 3619 1393 saluum

2037 1432 2161 1500 fecit
2196 1433 2238 1485 ⁵.

2108 1521 2199 1577 52.
2226 1519 2495 1575 Mutilavit
2522 1520 2629 1575 ista
2659 1519 2996 1587 :Assumptis
3021 1517 3296 1572 duodecim
3330 1517 3405 1571 ait
3434 1534 3452 1572 :
3487 1515 3625 1572 Ecce

2039 1611 2370 1668 ascendimus
2398 1612 2851 1683 Hierosolymam,
2882 1620 2932 1665 et
2964 1609 3472 1664 consummabuntur
3505 1626 3621 1663 om-

2038 1708 2129 1760 nia
2171 1721 2288 1777 qua
2331 1706 2532 1775 scripta
2568 1712 2691 1758 sunt
2721 1718 2812 1772 per
2853 1702 3132 1773 prophetas
3173 1702 3237 1756 de
3285 1700 3430 1757 Filio
3455 1702 3627 1757 homi-

2037 1797 2120 1850 nis
2161 1798 2480 1860 :tradetur,
2530 1796 2829 1863 occidetur,
2873 1805 2923 1851 et
2969 1797 3130 1851 tertia
3174 1795 3260 1850 die
3304 1805 3535 1866 resurget
3579 1796 3621 1851 '.

2040 1887 2169 1944 Haec
2198 1890 2384 1944 omnia
2414 1888 2653 1945 sustulit.

2110 2062 2199 2117 55.
2230 2061 2508 2133 Expunxit
2538 2070 2591 2118 et
2632 2069 2795 2132 caput
2817 2063 2946 2118 illud
2981 2063 3049 2118 de
3077 2064 3252 2130 asino,
3287 2063 3625 2136 Bethpbage,

2039 2162 2093 2207 et
2138 2154 2299 2221 urbe,
2331 2169 2395 2208 ac
2426 2154 2628 2224 templo
2655 2149 2855 2225 :316
2904 2154 3168 2221 Quoniam
3198 2157 3453 2225 scriptum
3497 2166 3574 2211 est
3604 2171 3626 2210 :

2042 2244 2242 2299 Domus
2268 2262 2382 2299 mea
2406 2245 2595 2299 domus
2622 2246 2877 2299 orationis
2906 2245 3209 2313 vocabitur;
3239 2256 3288 2300 et
3312 2248 3488 2316 facitis
3510 2264 3627 2302 eam

2040 2338 2343 2407 speluncam
2374 2339 2637 2391 latronum
2664 2340 2705 2390 ⁷.

2110 2429 2200 2483 54.
2234 2427 2304 2481 Et
2334 2430 2654 2499 quaesierunt
2692 2428 2907 2498 injicere
2948 2445 3137 2483 manus
3178 2430 3232 2482 in
3274 2429 3447 2498 illum,
3477 2440 3528 2485 et
3560 2433 3630 2485 ti-

2042 2530 2286 2574 muerunt
2317 2520 2356 2573 ⁸.

2109 2614 2201 2669 55.
2236 2613 2366 2668 Item
2418 2613 2571 2668 illum
2622 2613 2838 2667 induxit
2888 2613 3091 2677 locum,
3137 2628 3246 2683 quo
3287 2614 3355 2669 de
3390 2614 3501 2670 vite
3534 2616 3627 2669 illa

2040 2705 2219 2776 agitur
2272 2705 2529 2776 agricolis
2578 2705 2778 2759 locata.
2824 2704 3003 2774 Atque
3048 2705 3152 2759 hoc
3182 2707 3404 2775 insuper
3438 2725 3451 2759 :
3485 2706 3627 2773 Quid

2038 2806 2116 2851 est
2136 2797 2298 2867 igitur
2317 2812 2337 2851 :
2358 2795 2612 2866 Lapidem
2634 2814 2785 2867 quem
2806 2796 3214 2866 reprobaverunt
3230 2797 3555 2868 wdiﬁcantes
3573 2799 3630 2853 ’ἲ

2113 2890 2203 2945 56.
2250 2889 2460 2945 Delevit
2504 2890 2687 2944 illud:
2724 2890 2867 2956 Quia
2912 2906 3032 2944 uero
3083 2892 3280 2945 mortui
3322 2902 3627 2962 resurgunt,

2041 2977 2254 3049 Moyses
2284 2979 2513 3033 ostendit
2549 2995 2698 3033 secus
2744 2978 2935 3033 rubum
2954 3020 2968 3045 ,
2998 2981 3135 3039 sicut
3159 2981 3314 3047 dicit,
3343 2980 3627 3036 Dominum

2040 3071 2209 3126 Deum
2239 3073 2533 3136 Abraham,
2567 3083 2617 3126 et
2651 3072 2830 3137 Isaac,
2863 3083 2911 3127 et
2940 3072 3130 3128 Iacob.
3163 3074 3305 3129 Deus
3346 3084 3523 3129 autem
3548 3083 3629 3130 est

2040 3164 2294 3227 vivorum,
2327 3181 2430 3218 non
2460 3175 2789 3218 mortuorum
2820 3166 2884 3219 ¹⁰.

2113 3256 2201 3311 57.
2229 3257 2336 3311 Ista
2365 3273 2581 3327 quoque
2610 3259 2961 3328 praetermisit
2990 3275 3005 3311 :
3036 3259 3178 3326 Quia
3201 3277 3322 3316 vero
3352 3271 3629 3332 resurgant

2041 3352 2257 3415 mortui,
2293 3360 2341 3404 et
2383 3350 2593 3420 Moyses
2630 3351 2875 3417 ostendit,
2908 3352 3085 3406 dicens
3123 3351 3290 3408 Deum
3334 3353 3629 3419 Abraham,

2039 3450 2089 3495 et
2111 3441 2279 3494 Deum
2310 3440 2494 3508 Isaac,
2518 3451 2569 3495 et
2602 3441 2773 3495 Deum
2801 3440 2990 3507 Jacob,
3020 3442 3188 3497 Deum
3217 3446 3471 3499 vivorum.

2111 3534 2195 3588 58.
2226 3533 2361 3588 Illud
2394 3535 2618 3605 insuper
2647 3534 2833 3589 omisit
2858 3552 2872 3591 :
2902 3526 3142 3604 Capillus
3171 3536 3236 3591 de
3265 3539 3437 3607 capite
3457 3548 3630 3593 vestro

2037 3642 2143 3679 non
2174 3626 2362 3694 peribit
2395 3627 2458 3679 ¹¹.

2112 3719 2201 3773 59.
2248 3721 2449 3773 lterum
2495 3723 2611 3774 haec
2640 3721 2978 3791 amputavit:
3016 3720 3164 3775 Tunc
3205 3723 3296 3792 qui
3339 3722 3394 3776 in
3432 3721 3630 3781 Juda’a

2040 3818 2182 3873 sunt,
2219 3809 2429 3879 fugiant
2471 3809 2540 3861 ad
2587 3820 2818 3875 montes,
2848 3819 2981 3876 etc.,
3018 3811 3089 3866 ob
3120 3826 3185 3866 ea
3219 3827 3340 3881 quas
3384 3829 3628 3883 sequun-

2042 3909 2151 3965 tur,
2192 3900 2355 3955 donec
2382 3913 2810 3956 consummentur
2833 3904 3013 3956 omnia
3042 3920 3157 3974 qute
3181 3906 3383 3974 scripta
3412 3915 3539 3960 sunt
3562 3908 3627 3959 ".

2112 3993 2201 4047 60.
2231 3992 2462 4047 Locutus
2477 4002 2554 4047 est
2582 4011 2701 4047 cum
2730 3994 3250 4065 magistratibusﬁet,
3286 3996 3628 4068 quemadmo-

2040 4083 2166 4137 dum
2189 4084 2341 4137 illum
2371 4084 2599 4138 traderet
2632 4085 2697 4149 ",
2723 4093 2829 4141 etc.

2110 4177 2199 4230 61.
2232 4176 2302 4229 Ει
2330 4177 2468 4231 dixit
2503 4178 2664 4232 Petro
2692 4187 2743 4231 et
2768 4179 2982 4248 reliquis
3008 4194 3027 4231 :
3067 4179 3268 4234 Euntes
3307 4192 3625 4251 prwparate,

2040 4277 2097 4321 ut
2125 4269 2500 4322 manducemus
2535 4269 2735 4338 pascha
2766 4269 2829 4322 “’.

2111 4359 2201 4412 62.
2235 4358 2305 4411 Et
2352 4359 2612 4423 recubuit,
2654 4367 2705 4413 et
2749 4359 3022 4413 duodecim
3070 4362 3300 4431 apostoli
3330 4379 3453 4417 cum
3479 4364 3573 4418 illo
3609 4382 3628 4416 :

2040 4459 2089 4504 et
2129 4450 2311 4505 dixit:
2360 4450 2631 4504 Desiderio
2683 4450 2977 4506 desideraui
3024 4452 3120 4507 hoc
3158 4455 3357 4523 pascha
3400 4457 3628 4510 mandu—

1966 4538 2011 4593 D
2040 4557 2161 4594 care
2184 4541 2473 4603 uobiscum,
2502 4549 2786 4611 antequam
2817 4544 2996 4612 patiar
3025 4545 3091 4596 ιδ.

2113 4633 2200 4688 6'5.
2237 4632 2503 4690 Praeterea
2534 4636 2649 4691 haec
2683 4637 2752 4692 ab
2783 4653 2848 4692 eo
2872 4639 3112 4694 detracta
3145 4648 3308 4695 sunt:
3329 4640 3461 4695 Dico
3487 4642 3627 4697 enim

2041 4724 2205 4794 vobis,
2234 4725 2359 4780 Non
2401 4726 2555 4781 edam
2582 4727 2718 4782 illud
2759 4732 2988 4800 amplius
3029 4733 3193 4786 donec
3240 4733 3526 4801 impleatur
3571 4737 3626 4789 in

2043 4835 2200 4888 regno
2226 4818 2409 4873 Patris
2436 4820 2538 4874 mei
2566 4821 2633 4877 ".

2116 4910 2206 4963 64.
2236 4910 2368 4966 Item
2404 4911 2537 4965 illud
2571 4928 2584 4965 :
2619 4912 2846 4979 Quando
2890 4914 3012 4967 misi
3056 4931 3166 4977 vos,
3197 4915 3433 4987 nunquid
3461 4918 3628 4987 defuit

2046 5002 2230 5059 vobis?
2260 5010 2368 5059 etc.
2401 5002 2483 5059 Ob
2521 5020 2586 5059 ea
2631 5022 2753 5075 qua:
2811 5015 3118 5077 sequuntur
3164 5025 3177 5060 :
3218 5008 3287 5061 Et
3336 5009 3431 5062 hoc
3486 5011 3642 5079 quod"

2044 5093 2298 5161 scriptum
2339 5104 2416 5147 est
2453 5103 2650 5161 oportet
2698 5095 2904 5164 impleri
2937 5084 2955 5148 Ξ
2988 5095 3058 5149 Ει
3084 5112 3202 5150 cum
3228 5098 3421 5167 iniquis
3459 5098 3625 5167 depu-

2046 5194 2188 5239 tatus
2213 5196 2290 5240 est
2314 5187 2380 5240 ".

2115 5278 2206 5334 65.
2243 5279 2472 5332 Auulsus
2507 5289 2581 5332 est
2612 5279 2678 5331 ab
2709 5279 2842 5345 illis,
2877 5290 3135 5351 quantum
3160 5282 3342 5351 jactus
3376 5290 3455 5338 est
3489 5283 3626 5353 lapi-

2043 5369 2125 5424 dis
2158 5388 2175 5424 :
2208 5370 2278 5424 Et
2304 5372 2493 5440 positis
2529 5371 2746 5442 genibus
2781 5372 2971 5427 orabat
2998 5374 3061 5428 η.

2114 5460 2202 5515 66.
2233 5460 2303 5514 Et
2338 5462 2580 5527 accessit,
2612 5472 2668 5515 ut
2704 5463 3037 5519 oscularetur
3070 5481 3210 5534 eum,
3236 5474 3288 5521 et
3314 5464 3451 5520 dixit
3480 5464 3545 5521 ".

3052 5708 3073 5738 ⁶
3106 5707 3239 5763 ibid.
3271 5709 3362 5764 51.
3437 5710 3457 5741 ⁷
3491 5706 3626 5764 Luc.

2219 5771 2423 5853 Ἔρις.
2458 5790 2573 5853 x_x_t,
2598 5774 2745 5853 18_.|__
2770 5845 2780 5853 _
2806 5844 2819 5853 _
2844 5778 3059 5853 “Libid.
3090 5778 3154 5832 Ἡ
3194 5793 3343 5850 εψω
3380 5779 3463 5853 _”
3488 5778 3626 5835 Luc.
