4156 6358
524 327 628 381 7l9

1936 324 1994 380 S.
2039 324 2382 379 EPlPllANll

3707 329 3816 385 τεο

590 443 679 497 67.
732 437 950 495 Recidit
1000 441 1053 495 id
1099 442 1245 512 quod
1291 459 1321 497 a
1360 441 1521 499 Petro
1567 452 1780 515 gestum
1833 454 1937 512 est,
1983 462 2106 500 cum

2285 449 2379 514 ξς.
2418 447 2700 518 Ιῖαρέκοῷε
2739 448 2819 510 τὸ,
2849 448 3139 518 ¹⁶ὲποίησε
3163 447 3390 519 Πέτρος,
3421 448 3509 502 ὅτε
3553 449 3816 519 ἐπάταξε,

521 536 815 604 percussit,
843 543 898 587 et
921 535 1229 604 amputavit
1263 536 1570 590 auriculam
1607 539 1644 590 '.

589 627 679 680 68.
712 626 780 679 Et
821 627 912 697 qui
956 626 1196 681 tenebant
1243 627 1562 693 illudebant,
1596 631 1874 696 cwdentes,
1918 642 1962 686 et
1999 650 2120 701 per-

519 716 774 770 cutientes
813 717 1055 771 dicebant
1085 732 1103 770 :
1129 716 1487 788 Prophetiza;
1514 721 1630 792 quis
1665 732 1744 776 est
1774 724 1864 793 qui
1910 732 1957 778 te
1998 741 2119 793 per-

482 822 486 826 '
520 810 686 863 cussit
719 811 779 864 ’ἲ

597 902 688 959 69.
721 902 854 958 Post
887 903 994 959 ista
1023 921 1037 957 :
1077 900 1234 957 Hunc
1255 903 1546 962 invenimus
1583 906 1959 961 subrertentem
1996 923 2120 978 gen-

526 1005 628 1048 tem
683 1005 923 1049 nostram
965 996 1010 1060 ³,
1051 993 1296 1061 addidit,
1335 1007 1385 1050 et
1436 995 1791 1052 destruentem
1845 998 2005 1068 legem
2069 1007 2118 1052 et

523 1085 824 1155 prophetas.

592 1179 753 1250 317
780 1179 868 1234 70.
906 1179 1066 1234 Aliud
1099 1194 1318 1250 quoque
1345 1186 1469 1249 post
1505 1179 1620 1234 haec
1651 1179 1813 1235 verba
1840 1195 1852 1230 :
1890 1178 1960 1232 Et
1992 1197 2117 1248 pro-

521 1271 779 1326 hibentem
829 1272 1029 1327 tributa
1077 1272 1208 1327 dare
1254 1273 1298 1336 ⁸,
1354 1272 1590 1343 subjecit
1638 1289 1652 1326 :
1699 1283 1751 1327 et
1802 1283 2114 1328 avertentem

521 1381 714 1421 uxores
743 1376 792 1418 et
821 1365 986 1435 ﬁlios.

593 1461 681 1515 τι.
719 1459 786 1514 Et
817 1465 1072 1516 uenientes
1101 1461 1155 1515 in
1187 1460 1362 1514 locum
1378 1461 1469 1526 qui
1503 1459 1702 1514 dicitur
1735 1461 2001 1515 Calvariw
2035 1462 2114 1514 lo-

521 1569 633 1614 cus,
681 1554 1063 1622 cruciﬁxerunt
1108 1570 1250 1615 eum,
1297 1564 1345 1606 et
1393 1553 1682 1606 diviserunt
1714 1555 2114 1617 uestimenta,“

525 1644 832 1697 ibscuratus
861 1655 939 1698 est
975 1643 1056 1697 sol
1091 1645 1134 1698 ⁵.

590 1735 679 1788 72.
705 1734 815 1789 Hoc
850 1736 1078 1790 abstulit
1112 1754 1123 1788 :
1162 1732 1331 1787 llodie
1360 1749 1558 1786 mecum
1590 1734 1694 1787 eris
1719 1736 1770 1786 in
1796 1735 2046 1799 paradim
2067 1735 2106 1786 “.

589 1916 677 1971 75.
723 1915 789 1968 Ει
826 1917 1065 1969 clamans
1099 1933 1217 1968 voce
1247 1933 1439 1986 magna
1469 1915 1757 1982 exspiravit
1785 1914 1824 1965 ⁷.

589 2008 676 2063 ⁸74.
722 2006 790 2060 Et
842 2024 956 2060 ecce
997 2008 1073 2060 vir
1105 2009 1311 2061 nomine
1354 2005 1552 2076 Ioseph
1591 2006 1884 2074 depositum
1923 2021 2110 2073 corpus

519 2098 756 2157 involvit,
780 2109 826 2151 et
844 2099 1019 2168 posuit
1058 2099 1110 2150 in
1145 2107 1481 2152 monumento
1510 2101 1684 2152 exciso
1712 2099 1753 2152 ⁸.

594 2190 679 2243 ’5.
725 2188 793 2243 Et
853 2199 1163 2244 revertentes
1209 2191 1470 2243 siluerunt
1525 2189 1760 2243 Sabba'o
1823 2189 2110 2243 secundum

517 2280 829 2336 mandatum
863 2282 902 2333 ⁹.
2065 2277 2071 2284 ’

590 2395 676 2449 ῗδ.
705 2393 962 2448 Dixerunt
989 2396 1244 2464 quierant
1274 2395 1326 2447 in
1361 2403 1496 2448 reste
1522 2393 1644 2446 alba
1664 2408 1680 2445 :
1699 2392 1840 2458 Quid
1875 2395 2111 2462 quirritis

517 2491 770 2544 viventem
810 2506 929 2542 cum
983 2489 1246 2541 mortuis?
1281 2488 1548 2542 Surrexit.
1590 2487 1962 2541 lleCortlainini
1996 2504 2114 2554 quin

517 2584 724 2637 locutus
745 2591 844 2645 est,
866 2598 983 2634 cum
1015 2581 1333 2634 adhucesset
1353 2598 1371 2635 :
1392 2580 1660 2645 Quoniam
1685 2589 1890 2648 oportet
1909 2577 2113 2632 Filium

516 2675 741 2730 hominis
774 2675 888 2742 pati
916 2683 967 2728 et
995 2673 1137 2726 tradi
1161 2673 1227 2726 ¹⁰.

590 2767 674 2821 77.
697 2766 840 2833 Quin
872 2781 940 2822 ea
968 2765 1262 2828 subtraxit,
1287 2780 1410 2835 quae
1434 2764 1710 2836 Cleophze,
1734 2775 1787 2819 et
1807 2763 1926 2834 ejus
1961 2765 2114 2820 θοι-ῆι)

516 2859 664 2915 dicta
694 2868 843 2922 sunt.
875 2875 1000 2914 cuni
1030 2859 1138 2914 illis
1167 2861 1448 2914 occurrit:
1477 2859 1520 2914 Ο
1550 2860 1765 2914 stultiet
1789 2859 1931 2912 tardi
1958 2862 2114 2912 conte

2225 542 2318 595 καὶ
2343 541 2595 609 ἀφείλετο
2624 541 2683 594 τὸ
2713 538 2830 604 οὖς.

2295 633 2396 706 ξη⁹.
2433 637 2496 687 Οἱ
2517 634 2886 704 συνέχοντες
2912 633 3247 699 ἐνέπαιζον,
3272 635 3574 705 δέροντες,
3597 638 3694 691 καὶ
3716 639 3809 693 ni-

2223 742 2475 790 πτοντες
2512 725 2753 795 ἔλεγον·
2787 725 3244 795 Προφήτευσονο
3276 728 3369 794 τίς
3399 728 3569 782 ἐστιν
3614 732 3646 783 ό
3679 730 3817 783 παί-

2223 836 2340 884 σας
2368 835 2442 872 σε
2461 835 2480 882 ;

2295 910 2390 975 εον.
2424 911 2729 982 Προσέοετο
2771 911 2909 983 μετὰ
2949 912 3140 966 τοῦτο·
3172 912 3394 967 Τοῦτον
3420 913 3676 982 εὕρομεν
3698 914 3818 967 δια.

2226 1005 2566 1074 στρέφοντα
2621 1005 2686 1059 τὸ
2753 1005 2954 1070 ἐθνον,
3010 1036 3079 1050 -
3115 1007 3212 1061 καὶ
3267 1008 3649 1061 καταλύοντα
3706 1008 3820 1060 τὸν

2226 1099 2414 1166 νόμον
2437 1097 2532 1150 καὶ
2565 1098 2709 1164 τοὺς
2730 1098 3064 1166 προφήτας.

2290 1189 2351 1242 o'.
2392 1189 2686 1262 Προσθήκη
2747 1191 2886 1260 μετὰ
2937 1190 3017 1255 τὸ,
3067 1190 3406 1245 Κελεύοντα
3460 1192 3685 1260 φόρους
3723 1191 3819 1260 μὴ

2219 1279 2452 1342 δοῦναι,
2491 1311 2558 1320 -
2583 1282 2686 1335 καὶ
2735 1281 3201 1350 ἀποστρέφοντα
3246 1281 3354 1348 τὰς
3390 1281 3681 1352 γυναῖκας
3715 1282 3819 1336 καὶ

2219 1376 2290 1425 τὰ
2328 1375 2526 1426 τέκνα.

2288 1472 2387 1520 oa'.
2421 1467 2530 1520 Καὶ
2569 1467 2854 1536 ἐλθόντες
2879 1471 2967 1534 εις
2987 1471 3174 1524 τόπον
3191 1469 3523 1541 λεγόμενον
3549 1471 3818 1539 Κρανίου

2218 1560 2426 1626 τόπον,
2469 1562 2864 1629 ἐσταύρωσαν
2890 1564 3098 1628 αὑτὸν,
3143 1565 3240 1618 καὶ
3282 1563 3694 1634 διεμερίσαντο
3739 1565 3816 1619 τὰ

2218 1651 2434 1720 ἱμάτια,
2475 1654 2515 1683 ’⁸
2551 1653 2878 1720 ἐσκοτίσθη
2903 1658 2936 1708 ό
2963 1654 3155 1721 ἣλιος.

2236 1773 2264 1798 χ
2289 1745 2384 1813 οβ’.
2420 1745 2706 1817 Παρέκοῲε
2732 1746 2813 1799 τό’
2844 1746 3120 1815 Σήμερον
3146 1747 3275 1816 μετ’
3301 1747 3449 1817 ἐμοῦ
3480 1747 3597 1817 ἔσῃ
3628 1747 3699 1801 ἐν
3727 1745 3816 1812 τῷ

2215 1837 2557 1905 παραδείσῳ

2285 1939 2384 2000 ογ’.
2420 1933 2533 1985 Καὶ
2572 1933 2866 2002 φωνήσας
2893 1933 3067 2004 φωνῇ
3089 1935 3348 2007 μεγάλῃ,
3379 1935 3731 2001 ἐξέπνευσε.

2285 2025 2378 2080 οδ’.
2408 2026 2517 2079 Καὶ
2542 2026 2672 2081 ἰδοὺ
2701 2027 2859 2096 ἀνὴρ
2885 2029 3129 2098 ὀνόματι
3164 2029 3410 2098 Ἰωσὴφ,
3440 2030 3713 2084 καθελὼν
3739 2027 3812 2084 τὸ

2215 2115 2386 2186 σῶμα
2417 2118 2744 2184 ἐνετύλιξε,
2771 2120 2870 2173 καὶ
2896 2120 3113 2187 έθηκεν
3132 2121 3202 2174 ἐν
3221 2122 3484 2192 μνήματι
3508 2121 3810 2186 λαξευτῷ.

2287 2217 2375 2261 οεν.
2400 2211 2510 2264 Καὶ
2547 2211 3010 2281 ὑποστρέψασαι
3044 2214 3379 2284 ἡσύχασαν
3407 2215 3472 2269 τὸ
3497 2211 3813 2268 Σάϐϐατόν

2215 2303 2366 2356 κατὰ
2395 2303 2502 2356 τὸν
2538 2306 2747 2375 νόμον.

2285 2401 2389 2458 θεῖ’.
2416 2391 2613 2449 Εἶπαν
2643 2400 2696 2450 οἱ
2717 2397 2787 2450 ἐν
2815 2396 3026 2467 ἐσθῆτι
3054 2397 3318 2468 λαμπρᾷ·
3357 2400 3416 2453 Τί
3446 2398 3664 2468 ζητεῖτε
3697 2399 3812 2452 τῢν

2216 2485 2402 2548 ζῶντα
2419 2489 2571 2556 μετὰ
2598 2489 2717 2542 τῶν
2739 2489 3006 2558 νεκρῶν;
3048 2493 3318 2561 Ἠγέρθη.
3340 2492 3666 2561 Μνήσθητε
3687 2493 3812 2544 ὅσα

2215 2579 2526 2647 ἐλάλησεν
2549 2581 2637 2634 ἔτι
2679 2580 2764 2635 ὧν
2786 2599 2799 2612 ·
2839 2583 2963 2636 Ὅτι
3001 2583 3092 2636 δεῖ
3121 2585 3228 2637 τὸν
3274 2585 3410 2638 Υίὸν
3436 2584 3544 2639 τοῦ
3581 2584 3809 2653 ἀνθρὼι

2216 2687 2334 2726 που
2371 2672 2604 2737 παθεῖν,
2637 2673 2735 2727 καὶ
2771 2673 3202 2742 παραδοθῆναι.

2285 2765 2379 2828 οζν.
2418 2765 2704 2836 Παρέκοψε
2737 2765 2797 2818 τὸ
2826 2766 3117 2837 εἰρημένον
3148 2767 3285 2839 πρὸς
3311 2767 3560 2822 Κλεόπαν
3589 2768 3684 2821 καὶ
3711 2766 3810 2821 τὶν

2216 2856 2395 2920 ἄλλον,
2442 2857 2530 2909 ὅτε
2577 2859 2908 2928 συνήντησεν
2954 2861 3154 2923 αὐτοῖς,
3187 2861 3280 2913 τό·
3317 2856 3392 2915 Ὦ
3435 2861 3677 2928 ἀνόητοι
3703 2863 3803 2916 καὶ

515 2954 586 3008 ad
615 2951 932 3007 credendum
956 2955 1011 3006 in
1033 2953 1277 3007 omnibus
1301 2970 1418 3023 qua:
1448 2953 1613 3006 locuti
1641 2963 1762 3007 sunt
1801 2955 2070 3024 propheta:
2094 2955 2109 3005 .’

2214 2947 2458 3015 βραδεῖς
2489 2948 2594 3001 τοῦ
2645 2951 2953 3002 πιστεύειν
2981 2950 3078 3002 ἐπὶ
3135 2951 3326 3005 πᾶσιν
3361 2947 3451 3018 οἷς
3489 2951 3807 3020 ἐλάλησαν

516 3045 710 3102 Nonne
745 3049 858 3102 haec
889 3047 1119 3116 oportuit
1167 3047 1320 3115 pati?
1355 3049 1430 3100 Ac
1475 3061 1572 3116 pro
1609 3046 1694 3100 his
1721 3047 1964 3100 omnibus
1994 3064 2109 3116 quo

2216 3043 2269 3094 οὶ
2307 3039 2634 3108 προφῆται]
2660 3041 2804 3108 Οὐχὶ
2834 3042 3018 3094 ταῦτα
3050 3042 3170 3095 ἔδει
3209 3043 3456 3106 παθεῖν;
3475 3045 3582 3097 Καὶ
3602 3045 3722 3098 ἀντὶ
3747 3045 3808 3097 δὲ

517 3138 681 3193 loculi
707 3148 828 3192 sunt
851 3138 1187 3207 prophetia",
1221 3138 1460 3208 scripsit,
1497 3139 1551 3190 in
1591 3136 1854 3202 omnibus,
1888 3155 2004 3208 quae
2026 3138 2102 3190 ίυ-

2214 3133 2326 3196 τοῦ,
2351 3134 2442 3201 ἐφ’
2465 3127 2555 3198 οἷς
2580 3131 2894 3198 ἐλάλησαν
2917 3137 2969 3188 cl
3001 3134 3321 3202 προφῆται,
3345 3167 3414 3176 -
3437 3137 3529 3205 ἐφ’
3552 3131 3644 3202 οἷς
3667 3135 3809 3189 ἐλά-

517 3239 670 3284 cutus
694 3246 812 3284 sum
853 3227 1016 3283 vobis.
1077 3227 1183 3283 Sed
1210 3244 1276 3283 ex
1311 3244 1376 3282 co
1407 3228 1776 3297 rellarguitur,
1805 3228 1951 3298 quod
1984 3245 2108 3284 cum

518 3336 714 3393 panem
749 3319 930 3390 fregit.
969 3321 1144 3389 aperti
1180 3331 1309 3375 sunt
1337 3321 1504 3381 oculi,
1539 3330 1592 3373 et
1619 3331 2017 3390 cognoverunt.

588 3414 680 3468 78.
717 3412 858 3480 Quid
897 3411 1097 3466 turbatt
1150 3412 1323 3467 estis?
1367 3411 1543 3465 Videte
1584 3428 1794 3475 manus,
1819 3423 1868 3465 et
1900 3413 2051 3481 pedes
2090 3430 2108 3466 :

517 3506 770 3576 quoniam
830 3504 1050 3566 spiritus
1085 3518 1210 3558 ossa
1262 3519 1365 3556 non
1414 3501 1589 3561 habet.
1633 3506 1771 3554 sicut
1808 3518 1887 3556 me
1920 3503 2107 3556 vidctis

519 3597 709 3652 habere
741 3597 806 3650 ".

589 3687 792 3743 Praner
813 3687 948 3752 hazc,
979 3702 1100 3757 qua:
1147 3695 1454 3756 sequuntur
1481 3693 1673 3740 contra
1699 3685 1972 3741 hinreseos
2004 3703 2103 3740 au-

517 3792 723 3836 ctorem
769 3781 957 3846 istum,
1013 3779 1141 3834 huic
1174 3794 1204 3831 a
1248 3778 1408 3834 nobis
1443 3779 1697 3833 instituto
1743 3780 2109 3850 adiungamus

515 3873 691 3943 operi.
721 3871 855 3938 Qua:
887 3870 1108 3942 quidem
1143 3869 1287 3939 apud
1314 3870 1565 3925 eumdem
1618 3872 1926 3926 invenimus
1963 3871 2108 3923 hunc

517 3965 576 4019 in
612 3964 774 4020 tinent
809 3971 1092 4034 usurpata,
1139 3971 1198 4016 ut
1233 3961 1601 4032 Epistolarum
1664 3962 1819 4018 Pauli
1867 3965 2102 4033 apostoli

519 4059 758 4130 speciem
813 4072 924 4128 prae
977 4072 1038 4112 se
1085 4054 1312 4111 ferrent.
1347 4056 1498 4122 Quas
1535 4065 1715 4111 tamen
1745 4072 1855 4110 non
1894 4073 2106 4120 uinm-s,

519 4153 616 4208 scd
651 4160 831 4206 certas
880 4149 1147 4204 duntaxat
1180 4148 1441 4213 asciscit;
1483 4164 1715 4218 quarum
1749 4149 1805 4202 in
1843 4149 1992 4203 calce
2026 4159 2106 4202 to-

517 4247 629 4300 tius
677 4241 860 4314 operis
904 4241 1126 4294 nomina
1176 4240 1633 4308 subscripsimus,
1687 4241 2002 4309 cujusmodi
2052 4241 2106 4294 in

518 4336 838 4406 Apostolico
856 4333 1056 4388 abillis
1079 4332 1348 4401 inscripto
1370 4331 1511 4386 libro
1527 4332 1899 4400 reperiuntur.
1929 4332 2108 4402 Atque

2211 3229 2380 3294 λησα
2406 3223 2566 3293 ὑμῖν.
2606 3224 2917 3294 Ἐλέγχεται
2940 3226 3017 3289 δὲ,
3046 3228 3148 3285 ὅτε,
3172 3230 3260 3281 ὅτε
3289 3229 3484 3282 ἒκλασε
3503 3230 3595 3283 τὸν
3615 3230 3806 3302 ἄρτον,

2211 3316 2567 3390 ἠνεῴχθησαν
2606 3318 2654 3369 οἱ
2686 3317 2975 3388 ὀφθαλμοὶ,
3013 3320 3105 3372 καὶ
3141 3321 3481 3388 ἐπέγνωσαν.

2281 3417 2380 3481 οη¹.
2423 3409 2489 3463 Τί
2525 3411 2944 3479 τεταραγμένοι
2987 3413 3167 3476 ἐστέ;
3219 3415 3398 3468 Ἴδετε
3447 3418 3554 3482 τὰς
3605 3417 3809 3488 χεῖρας

2211 3503 2311 3556 καὶ
2353 3502 2495 3568 τοὺς
2538 3502 2759 3568 πόδας
2801 3502 2892 3557 ὅτι
2953 3506 3191 3575 πνεῦμα
3257 3507 3443 3562 ὀστέα
3495 3513 3608 3565 οὐκ
3658 3513 3806 3580 ἔχει,

2211 3593 2408 3661 καθὼς
2437 3595 2543 3663 ἐμὲ
2572 3594 2836 3663 θεωρεῖτε
2868 3596 3109 3665 ἔχοντα.

2285 3688 2407 3740 Ἔτι
2441 3687 2498 3740 δὲ
2530 3687 2626 3740 καὶ
2670 3685 2846 3740 ταῦτα
2893 3691 3268 3760 συνάπτομεν·
3302 3691 3443 3746 κατὰ
3491 3692 3585 3746 τοῦ
3621 3711 3810 3764 προειι

2212 3777 2448 3848 ρημένου
2499 3779 2851 3850 αἱρεσιάρχου
2890 3780 3062 3853 ταύτῃ
3087 3786 3152 3853 τῇ
3177 3783 3335 3854 ἡμῶν
3357 3788 3475 3838 κατ’
3505 3786 3668 3839 αὐτοῦ
3706 3804 3806 3838 πε-

2213 3869 2686 3940 πραγματευμένῃ
2743 3870 2958 3940 σχέσει·
3021 3873 3178 3928 ἅτινα
3237 3877 3367 3947 παρ’
3432 3876 3582 3946 αὐτῷ
3641 3877 3808 3930 πάλιν

2209 3960 2535 4032 ἐφεύρομεν,
2579 3960 2654 4024 ὡς
2688 3962 2746 4013 ὲν
2786 3961 3157 4036 ὲθελοδοκήσει
3206 3965 3317 4020 τῶν
3361 3967 3456 4021 τοῦ
3505 3970 3806 4023 ἀποστόλου

2209 4052 2421 4106 Παύλου
2463 4053 2823 4108 Ἐπιστολῶν·
2859 4057 2957 4128 οὐχ
2995 4059 3153 4124 ὅλων,
3185 4059 3299 4113 ἀλλ’
3334 4062 3514 4129 ἐνίων,
3538 4059 3612 4119 ὧν
3637 4067 3694 4118 ὲν
3726 4066 3807 4137 τῷ

2207 4144 2349 4197 τέλει
2375 4145 2472 4216 τῆς
2508 4145 2688 4217 πάσης
2717 4149 3100 4218 πραγματείας
3125 4152 3182 4204 αἱ
3205 4152 3495 4222 ὀνομασίαι
3520 4157 3610 4226 ὑφ’
3641 4159 3805 4229 ἡμῶν

2209 4236 2597 4306 ὲνετάχθησαν,
2629 4237 2706 4301 ὡς
2747 4241 2876 4311 παρ’
2916 4243 3066 4313 αὑτῷ
3102 4245 3164 4298 τὸ
3211 4246 3591 4303 Ἀποστολικὸν
3633 4252 3807 4322 ἐμφέ-

2214 4343 2383 4396 ρεται.
2417 4327 2526 4380 Καὶ
2570 4328 2752 4382 αὐτῶν
2780 4330 2838 4384 δὲ
2869 4332 3413 4407 ἡκρωτηριασμένων
3458 4341 3707 4412 συνήθως
3733 4346 3802 4415 τῇ

520 4430 642 4485 illas
670 4429 822 4498 ipsas
847 4427 1073 4496 insuper
1109 4424 1315 4479 usitato
1343 4423 1437 4478 illo
1470 4439 1571 4479 suo
1594 4422 1801 4494 llagitio
1827 4425 2108 4479 mutilatas

2215 4418 2382 4470 αὑτοῦ
2403 4419 2722 4492 ῥᾳδιουργίᾳ
2740 4437 2755 4451 ⁸
2783 4422 2859 4487 ὡς
2886 4425 2980 4477 καὶ
3005 4429 3063 4479 ἐν
3091 4427 3169 4497 τῷ
3191 4431 3550 4502 προταχθέντι
3576 4433 3804 4505 ὀνόματι

521 4517 805 4590 proposuit
841 4536 854 4571 :
879 4514 1338 4587 quemadmodum
1363 4514 1418 4567 in
1453 4514 1684 4568 alterum
1705 4515 1856 4568 illum
1882 4514 2104 4578 librum,

2214 4511 2533 4582 Εὑαγγελίῳ
2582 4511 2811 4583 λείψανα
2860 4517 2958 4586 μὲν
3003 4519 3096 4572 τοῦ
3139 4521 3396 4592 ἀληθινοῦ
3442 4502 3797 4594 Εὐαγγελίου,

519 4613 609 4667 cui
625 4611 1130 4680 Evangelionomen
1149 4607 1428 4676 imposuit,
1450 4613 1508 4660 ut
1525 4605 1671 4676 quod
1689 4622 1777 4662 res
1798 4616 1883 4662 est
1908 4607 2111 4670 dicam,

522 4701 764 4770 gen-inani
794 4699 1069 4770 Evangelii
1101 4697 1364 4766 reliquias
1383 4697 1643 4766 conjecit,
1678 4712 1741 4751 ac
1759 4698 2113 4754 nihilominus

524 4805 705 4848 tamen
741 4793 924 4847 omnia
961 4790 1233 4844 malitiose
1275 4788 1581 4857 callideque
1609 4791 1947 4859 depravavit.

522 4952 688 5024 318
713 4949 786 5006 Ex
825 4948 1065 5022 Epistula
1092 4947 1164 5024 ad
1211 4945 1508 5024 Bonnanos,
1537 4962 1659 5024 quae
1683 4948 1827 5018 apud
1853 4948 2006 5003 illum
2037 4949 2096 5004 IV

1015 5027 1120 5083 est,
1154 5018 1206 5072 in
1259 5018 1578 5088 Apostolico
1603 5017 1645 5072 Ι.

593 5137 645 5190 1.
686 5135 991 5204 Quicunque
1013 5134 1122 5188 sine
1152 5133 1258 5202 lege
1281 5141 1638 5200 peccaverunt,
1665 5133 1777 5187 sine
1801 5131 1910 5204 lege
1924 5143 1971 5189 et
1988 5151 2108 5204 per-

522 5226 688 5288 ibunt,
717 5237 765 5280 et
786 5225 1078 5294 quicunque
1115 5223 1170 5276 in
1195 5223 1302 5292 lege
1323 5233 1686 5291 peccaverunt,
1717 5238 1809 5292 per
1836 5225 2000 5295 legem
2022 5227 2108 5294 ju-

519 5319 857 5372 dicabuntur.
908 5313 1032 5368 Non
1089 5315 1228 5366 enim
1291 5312 1561 5366 auditores
1628 5313 1754 5383 legis
1795 5314 1933 5383 justi
1984 5325 2106 5369 sunt

523 5407 666 5476 apud
706 5407 894 5470 Deum,
935 5404 1025 5460 sed
1063 5405 1293 5475 factores
1322 5404 1453 5474 legis
1475 5403 2010 5475 justi/icabuntur”.

2213 4606 2262 4658 εἰ
2297 4605 2375 4658 δεῖ
2403 4605 2612 4678 τάληθῆ
2657 4606 2865 4676 λέγειν·
2894 4610 3044 4682 ὅμως
3065 4612 3122 4665 δὲ
3149 4613 3220 4666 τὰ
3264 4615 3442 4670 πάντα
3472 4616 3663 4682 δεινῶς
3696 4635 3802 4690 μη-

2212 4698 2622 4770 χανευσάμενος
2645 4700 2928 4754 ἐνόθευσεν

2211 4967 2324 5037 Τῆς
2368 4969 2504 5038 πρὸς
2550 4968 2853 5038 Ῥωμαίους
2883 4971 3197 5048 ⁴παρ’-,αυτῷ
3218 4977 3291 5039 Δ’,
3337 4975 3396 5028 ἐν
3431 4977 3487 5030 δε
3517 4978 3595 5048 τῷ
3639 4981 3802 5034 Ἀπο-

2817 5039 3049 5111 atoma;
3082 5044 3160 5096 A’.

2280 5159 2349 5206 α’.
2400 5153 2574 5206 Ὅσοι
2614 5153 2848 5224 ἀνόμως
2918 5155 3214 5224 ἥμαρτον,
3260 5161 3494 5231 ἀνόμως
3541 5167 3640 5218 καὶ
3683 5169 3802 5223 (ist-.1

2209 5245 2514 5300 oloﬁrtat'
2545 5247 2644 5299 καὶ
2685 5246 2819 5300 ὅσοι
2860 5247 3124 5317 ἐννόμως
3163 5249 3445 5321 ἥμαρτον,
3478 5257 3575 5311 διὰ
3609 5259 3799 5328 νόμου

2215 5337 2623 5406 κριθήσονται.
2669 5340 2751 5392 Οὐ
2789 5339 2899 5409 γὰρ
2929 5344 2982 5395 ol
3021 5343 3301 5411 ἀκροαταὶ
3347 5346 3451 5400 τοῦ
3489 5351 3675 5418 νιξμου
3705 5351 3800 5405 δί-

2215 5444 2370 5482 καιοι
2415 5428 2576 5496 παρὰ
2621 5427 2698 5494 τῷ
2733 5429 2878 5498 Θεῷ,
2918 5432 3055 5488 ἀλλ’
3097 5437 3151 5488 ot
3182 5439 3419 5504 ποιηταὶ
3469 5441 3575 5495 τοῦ
3607 5445 3798 5513 νόμου

2213 5520 2728 5587 δικαιωθήσονται.

593 5706 608 5737 ¹
660 5703 790 5758 Luc.
827 5719 960 5766 χχιι,
995 5700 1086 5757 50.
1164 5703 1182 5731 ²
1214 5682 1470 5754 ἱῦἰόίϐὅ.
1549 5699 1569 5730 ³
1594 5697 1726 5752 Luc.
1765 5715 1926 5766 xxnt,
1957 5703 2010 5757 Ξ.
2069 5705 2090 5734 ⁸

593 5777 700 5828 bid.
890 5773 932 5804 ¹⁰
967 5771 1097 5825 Luc.
1125 5787 1250 5824 xxiv
1309 5773 1360 5825 5.
1401 5771 1440 5801 ”
1474 5769 1607 5827 ibid.
1648 5770 1840 5825 25-31.
1879 5775 1922 5804 "
1953 5775 2084 5832 ibid.

2214 5705 2323 5811 LH'
2355 5709 2484 5762 iliiil.
2518 5710 2608 5772 55,
2645 5710 2736 5766 45.
2771 5713 2801 5796 ξ
2835 5710 2964 5796 ibid.
2987 5713 3078 5768 5L
3116 5713 3306 5836 gibid.
3333 5714 3420 5769 46.
3486 5715 3508 5747 ⁸
3542 5717 3672 5772 iliid.
3700 5719 3794 5780 50.

2341 5779 2496 5835 Hom.
2526 5796 2584 5836 II.
2620 5782 2703 5836 12.
2741 5785 2821 5836 lo.
2893 5781 3079 5836 “For.
3176 5787 3314 5836 εποί-
3377 5788 3418 5818 ⁸⁸
3443 5785 3643 5836 Summ
3674 5792 3788 5836 15d,

572 5777 700 5828 ἥλω.
890 5773 932 5804 ¹⁰
967 5771 1097 5825 Luc.
1125 5787 1250 5824 xxiv
1309 5773 1360 5825 5.
1401 5771 1440 5801 ”
1474 5769 1607 5827 ibid.
1648 5770 1840 5825 25-31.
1879 5775 1922 5804 "
1953 5775 2084 5832 ibid.
2117 5777 2203 5836 59.
2246 5779 2304 5854 f3
2341 5779 2496 5835 lloni.
2526 5769 2703 5848 Ii,'l‘2,
2741 5783 2821 5836 15,
2893 5781 3079 5840 “For.

3176 5787 3314 5840 ἐποί.
3377 5788 3418 5818 ⁸⁸
3443 5785 3643 5858 διερειιυ
3674 5792 3794 5852 καὶ.
