4156 6358
353 391 443 441 7:21
989 399 1353 454 AUV’LliSlJb
1391 403 1734 461 hASlULSES
1773 407 1904 464 LIB.
1948 410 1993 467 Ι.
2025 411 2188 466 ’1³οΜ.
2235 413 2320 468 Ill.
2358 445 2426 453 —
2469 415 2740 471 llthES.
2786 418 2942 474 XLII.

3522 431 3620 484 7'29

419 504 483 575 β’.
519 507 812 576 Περιτομὴ
844 509 962 577 μὲν
987 511 1095 581 γὰρ
1126 515 1360 584 ὠφελεῖ,
1392 519 1501 573 ἐὰν
1527 523 1715 590 νόμον
1745 527 1928 592 πράσ-

2105 529 2158 583 2.
2187 530 2532 585 Circumcisio
2561 533 2769 602 quidem
2818 534 3052 602 prodest,
3093 538 3139 590 si
3174 538 3336 608 legem
3361 540 3620 598 observes.

344 611 496 664 σῃς·
528 595 637 651 ἐὰν
677 597 745 651 δὲ
782 603 1132 671 παραϐάτης
1177 607 1366 676 νόμου
1413 605 1507 681 ᾖς’.
1561 616 1598 682 ii
1652 619 1935 688 περιτομή

341 705 463 742 σου
489 688 860 757 ἀκροϐυστία
898 693 1161 763 γέγονεν.

413 784 483 846 γ’.
523 780 787 850 Ἐχοντα
818 782 931 852 τὴν
971 788 1287 856 μίῇοφωσιν
1339 791 1451 861 τῆς
1490 796 1786 864 γνώσεως,
1840 801 1936 853 καὶ

341 867 454 936 τῆς
476 871 766 939 ἀληθείας
794 876 863 928 ἐν
896 876 977 943 τῷ
1009 881 1190 948 νόμῳ.

413 961 476 1016 δ’.
516 965 638 1019 Ἔτι
683 967 794 1037 γὰρ
822 971 1078 1036 Χριστὸς
1128 972 1319 1026 ὄντων
1349 976 1519 1044 ἡμῶν
1549 981 1824 1036 ἀσθενῶν
1850 984 1936 1038 ἔτι

343 1054 496 1108 κατὰ
521 1057 730 1124 καιρὸν
759 1059 910 1129 ὑπὲρ
931 1061 1165 1114 ἀσεϐῶν
1186 1064 1471 1123 ἀπέθανε.

413 1151 476 1199 ε’.
502 1147 684 1202 Ὥστε
717 1152 750 1203 ὀ
774 1149 894 1218 μὲν
916 1152 1099 1220 νόμος
1122 1153 1306 1223 ἅγιος,
1337 1159 1435 1212 καὶ
1463 1160 1501 1229 η
1529 1161 1750 1230 ἐντολὴ
1775 1164 1934 1233 ἁγία,

343 1238 441 1291 καὶ
465 1238 688 1303 δικαία,
723 1243 823 1295 καὶ
851 1243 1064 1314 ἀγαθή.

419 1332 634 1396 ς’.”ινα
650 1332 715 1387 τὸ
733 1333 1018 1405 δικαίωμα
1034 1337 1138 1393 τοῦ
1160 1339 1349 1410 νόμου
1371 1342 1661 1412 πληρωθῇ
1679 1343 1749 1398 ἐν
1768 1346 1930 1414 ἡμῖν.

414 1421 476 1487 ζ’.
514 1423 700 1490 Τέλος
743 1424 854 1495 γὰρ
898 1428 1087 1497 νόμου
1135 1431 1391 1500 Χριστὸς
1417 1437 1504 1500 εὶς
1533 1434 1936 1492 δικαιοσύνην

340 1516 520 1569 παντὶ
545 1515 628 1582 τῷ
656 1519 1026 1574 πιστεύοντι.

408 1616 479 1678 η’.
510 1609 571 1662 '0
588 1608 698 1679 γὰρ
733 1610 985 1679 ἀγαπῶν
1024 1612 1131 1667 τὸν
1163 1616 1455 1684 πλησίον,
1480 1621 1670 1688 νόμον
1697 1619 1932 1688 πεπλή-

332 1718 508 1770 ρωκε.

339 1812 929 1895 Πρὸςςθεσσαλοχικεῖς
963 1817 1046 1895 ᾼ’,
1074 1819 1360 1895 cradi)in
1391 1821 1462 1895 δὲ-
1493 1823 1596 1895 HT:
1625 1822 1762 1895 πρὸς
1793 1823 1929 1878 Θεσ-

2044 621 2104 674 Si
2149 631 2323 674 autem
2377 625 2757 690 praevaricator
2819 626 2948 695 legis
2993 627 3086 693 sis,
3134 630 3464 686 circumcisio
3532 646 3622 690 tua

2039 714 2353 779 pra'putium
2385 713 2526 782 [ιιοιιι
2557 725 2635 767 est
2675 716 2715 768 '.

2111 806 2164 860 5.
2216 806 2506 862 [labentem
2555 808 2788 878 formam
2831 809 3165 879 cognitionis,
3212 821 3260 866 et
3297 816 3535 870 veritatis
3568 818 3620 871 in

2039 897 2148 966 lege
2171 896 2213 950 ³.

2107 990 2160 1043 4.
2182 991 2366 1044 Adhuc
2405 992 2543 1046 enim
2578 991 2841 1057 Christus,
2883 1008 3002 1046 cum
3037 993 3206 1046 adhuc
3257 995 3457 1063 inﬁrmi
3484 1013 3620 1052 esse-

2040 1096 2175 1145 mus,
2205 1081 2493 1134 secundum
2520 1091 2721 1151 tempus
2755 1098 2850 1151 pro
2883 1083 3059 1152 impiis
3092 1096 3330 1139 mortuus
3357 1094 3436 1139 est
3459 1086 3501 1141 ⁸.

2111 1172 2162 1225 5.
2199 1172 2345 1228 Unde
2378 1175 2460 1228 (ex
2476 1174 2686 1244 quidem
2705 1186 2914 1240 sancta,
2954 1186 3002 1230 et
3022 1177 3334 1231 mandatum
3355 1188 3620 1248 sanctum,

2036 1265 2327 1332 etjustum,
2355 1276 2403 1320 et
2435 1270 2625 1319 bonum
2657 1267 2700 1320 ⁸.

2106 1358 2158 1410 6.
2199 1356 2267 1410 Ut
2286 1359 2606 1428 justiﬁcatio
2631 1359 2758 1428 legis
2785 1359 3070 1427 impleatur
3101 1366 3155 1414 in
3187 1361 3335 1415 nobis
3367 1362 3407 1418 ⁸.

2110 1450 2160 1506 7.
2207 1449 2365 1505 Finis
2409 1454 2548 1506 enim
2609 1454 2734 1525 legis
2782 1452 3025 1510 Christus
3067 1458 3137 1508 ad
3174 1456 3446 1525 justitiam
3481 1461 3620 1513 omni

2033 1544 2266 1600 credenti
2301 1547 2344 1598 ⁷.

2103 1637 2158 1692 8.
2191 1637 2297 1704 Qui
2321 1639 2457 1692 enim
2487 1637 2661 1708 diligit
2687 1639 3009 1706 proximum,
3043 1640 3205 1712 legem
3233 1642 3464 1713 implevit
3487 1643 3530 1698 ⁸.

2036 1837 2668 1910 Ad_Thessalonicenses
2698 1839 2738 1906 Ι,
2775 1855 2898 1908 quae
2938 1846 3023 1894 est
3065 1839 3206 1910 apud
3235 1854 3337 1894 nos
3364 1838 3473 1910 νη]
3502 1857 3516 1906 ;
3548 1841 3617 1894 ad

419 1883 986 1988 εἶξονδιίξξξὲκπῖιαᾷ
1023 1881 1282 1959 ἡμῖν’Θ’
1308 1893 1342 1964 ή
1371 1893 1507 1964 πρὸς
1544 1881 1824 1963 Ἐφέσίόυς
1853 1898 1928 1961 Ζ¹,

2084 1907 2624 1988 ,Ihessslonjgenses
2679 1883 2743 1988 l_I’,
2790 1881 2926 1988 quae
2950 1918 3035 1967 est.
3092 1881 3234 1988 {pud
3270 1926 3370 1966 nos
3406 1884 3516 1978 ΙΧ;’
3551 1914 3616 1965 ad

409 1957 539 2026 παρ’
567 1958 700 2026 ἡμῖν
729 1955 785 2009 δὲ
817 1956 894 2010 E'.

408 2072 481 2122 α’.
500 2069 996 2136 Μνημονεύοντες
1008 2070 1184 2140 ὑμεῖς
1213 2087 1360 2126 ποτε
1383 2073 1456 2127 τὰ
1483 2073 1652 2144 ἔθνη,
1677 2079 1732 2131 οἱ
1759 2079 1928 2148 λεγό-

329 2177 505 2229 μενοι
536 2160 903 2230 ἀκροϐυστία
931 2165 1049 2218 ὑπὸ
1093 2164 1204 2233 τῆς
1233 2167 1567 2236 λεγομένης
1609 2171 1930 2241 περιτομῆς

334 2253 406 2307 έν
429 2253 610 2322 σαρκὶ
636 2256 1079 2325 χειροποιήτου,
1112 2254 1218 2330 ἦτε
1261 2260 1342 2326 τῷ
1374 2260 1556 2329 καιρῷ
1580 2262 1789 2328 ἐκείνῳ
1820 2281 1932 2332 χω-

331 2345 430 2412 ρὶς
462 2348 743 2415 Χριστοῦ,
769 2349 1329 2421 ἀπηλλοτριωμένοι
1360 2352 1471 2421 τῆς
1495 2355 1804 2420 πολιτείας
1824 2355 1929 2409 τοῦ

349 2439 621 2508 Ἰσραὴλ,
671 2441 771 2495 καὶ
821 2441 990 2506 ξένοι
1023 2443 1145 2497 τῶν
1195 2444 1503 2512 Διαθηκῶν
1541 2445 1653 2514 τῆς
1681 2447 1931 2518 ἐπαγγε-

333 2531 496 2597 λίας,
526 2531 748 2585 ἐλπίδα
764 2533 850 2602 μὴ
885 2533 1135 2602 ἔχοντες
1165 2534 1263 2587 καὶ
1301 2532 1465 2590 ἄθεοι
1493 2534 1563 2588 ἑν
1600 2534 1679 2600 τῷ
1704 2537 1925 2605 κόσμῳ.

335 2622 486 2676 Νυνὶ
521 2622 589 2676 δὲ
634 2622 705 2677 ἐν
753 2624 988 2694 Χριστῷ
1027 2625 1233 2693 Ἰησοῦ
1262 2625 1435 2695 ὑμεῖς
1467 2629 1522 2680 οἱ
1560 2627 1709 2680 ποτὲ
1761 2627 1931 2692 ὄντες

329 2716 570 2784 μακρὰν
613 2717 936 2787 ἐγενήθητε
990 2719 1172 2790 ἐγγὺς
1215 2719 1286 2773 ἐν
1339 2719 1420 2785 τῷ
1469 2719 1670 2788 αἵματι
1717 2720 1926 2774 αὐτοῦ.

329 2808 521 2875 Αὐτὸς
557 2807 669 2878 γάρ
695 2810 870 2863 ἐστιν
897 2811 935 2876 η
965 2811 1172 2880 εἰρήνη
1201 2812 1390 2882 ὑμῶν,
1433 2813 1699 2881 ποιήσας
1724 2811 1795 2865 τὰ
1825 2812 1930 2882 ἀμ-

335 2898 560 2967 φότερα
584 2898 675 2962 ἐν,
708 2902 805 2954 καὶ
829 2900 898 2954 τὰ
927 2901 1078 2972 ἑξῆς.

406 2991 472 3062 β’.
502 2993 594 3046 Διὸ
620 2992 788 3063 λέγει’
829 2996 1083 3064 Ἔγειρε,
1117 2997 1149 3049 ὁ
1181 2995 1506 3063 καθεύδων,
1536 2995 1637 3050 καὶ
1671 2997 1927 3065 ἐπιφαύ-

333 3098 430 3137 σει
456 3099 557 3138 σοι
589 3087 624 3140 ό
653 3087 930 3155 Χριστός.

405 3181 478 3244 γ’.
521 3175 670 3230 Ἀντὶ
699 3178 937 3245 τούτου,
964 3179 1315 3248 καταλείψει
1351 3180 1662 3250 ἅνθρωπος
1683 3179 1792 3236 τὸν
1819 3192 1929 3233 πα-

335 3265 475 3335 τέρα
503 3269 713 3337 αὑτοῦ,
759 3270 858 3324 καὶ
904 3269 1020 3340 τὴν
1060 3272 1305 3341 μητέρα,
1337 3273 1438 3326 καὶ
1479 3272 1928 3341 κολληθήσεται

333 3361 409 3429 τῇ
435 3361 694 3432 γυναικὶ,
724 3364 824 3417 καὶ
873 3363 1122 3419 ἔσονται
1165 3367 1220 3419 ot
1249 3363 1360 3420 δύο
1407 3367 1494 3432 εἰς
1523 3363 1720 3434 σάρκα
1755 3365 1926 3436 μίαν,

336 3454 486 3524 παρὰ
508 3454 590 3516 τὸ,
625 3452 701 3524 τῇ
728 3457 990 3526 γυναικί.

546 3569 692 3640 Πρὸς
723 3569 1057 3634 Κολοσσαεϊς
1092 3573 1176 3640 Η’,
1202 3572 1332 3644 παρ’
1363 3574 1496 3644 ἡμῖν
1530 3571 1588 3625 δὲ
1629 3572 1704 3627 Ζ’.

409 3681 504 3751 Μὴ
564 3679 678 3738 οὖν
730 3701 821 3750 τις
876 3683 1036 3754 ὑμᾶς
1100 3685 1347 3755 κρινέτω
1385 3687 1455 3740 ἐν
1493 3684 1744 3754 βρώσει,
1788 3685 1827 3753 ἢ
1858 3685 1920 3738 ἐν

335 3776 532 3842 πύσει,
561 3774 602 3844 ἢ
629 3775 700 3828 ἐν
726 3776 894 3844 μέρει
924 3775 1158 3846 ἑορτῆς,
1198 3778 1237 3847 ἢ
1270 3776 1634 3848 Νεομηνίας,
1656 3777 1756 3832 και
1780 3778 1929 3830 Σαϐ-

337 3865 550 3934 εἰὶτων,
576 3867 610 3921 ὅ
641 3869 774 3922 ἐστι
804 3868 951 3923 σκιὰ
981 3868 1101 3924 τῶν
1121 3871 1499 3940 μελλόντων.

337 3982 484 4057 Πρρς
513 3984 789 4056 Φιλήμονα
817 3985 897 4057 Θή,
927 3986 1224 4057 παρ’ίὴμῖν
1259 3984 1447 4057 δὲΑΙΓἏ
1478 3985 1511 4057 ἢ
1536 3986 1630 4040 καὶ
1659 3985 1756 4038 1Δ’·
1790 3985 1927 4057 πρὸς

406 4055 798 4178 Φιξιιτῖἓησίους
839 4055 900 4122 I',
951 4056 1081 4126 παρ’
1114 4055 1263 4128 ἡμῖν
1311 4055 1368 4108 δὲ
1400 4055 1508 4123 Ci"
1546 4057 1686 4126 πρὸς
1737 4055 1930 4110 Λαοδι-

405 4142 522 4189 κεις
620 4131 656 4182 ’.
1405 4188 1411 4189 ί

401 4236 508 4306 Εἷς
537 4240 775 4309 Κύριος,
802 4240 916 4311 μία
944 4240 1172 4306 πίστις,
1198 4238 1270 4293 ἓν
1296 4238 1638 4309 βάπτισμα,
1665 4233 1754 4307 εἷς
1783 4238 1928 4305 Θεὸς

337 4333 434 4388 καὶ
463 4333 667 4404 Πατὴρ
718 4333 982 4400 πάντων,
1013 4338 1048 4390 ὀ
1069 4334 1170 4388 ἐπὶ
1211 4333 1472 4399 πάντων,
1507 4334 1608 4388 καὶ
1651 4332 1750 4388 διὰ
1776 4331 1927 4386 πάν-

339 4442 473 4489 των,
514 4425 611 4478 καὶ
648 4424 718 4478 ἐν
751 4423 965 4479 πᾶσιν.

382 4539 516 4592 Ἀπὸ
547 4539 650 4608 τῆς
680 4539 821 4611 πρὸς
856 4539 1106 4604 Γαλάτας
1133 4539 1216 4608 A',
1247 4539 1375 4610 παρ’
1400 4540 1533 4610 ἡμῖν
1557 4541 1609 4591 Δ⁹
1633 4537 1729 4593 καὶ
1754 4540 1810 4592 Α¹
1838 4539 1878 4590 ⁸.

401 4657 468 4706 α’.
500 4650 732 4706 Μάθετε
759 4651 847 4717 δὲ,
875 4652 965 4706 ὅτι
992 4653 1224 4719 δίκαιος
1253 4653 1324 4706 ἐκ
1368 4653 1628 4718 πίστεως
1658 4649 1916 4718 ζήσεται.

338 4743 511 4797 Ὃσοι
545 4743 656 4814 γὰρ
685 4743 804 4798 ὑπὸ
847 4746 1055 4815 νόμον,
1084 4745 1202 4800 ὑπὸ
1237 4743 1505 4814 κατάραν
1534 4746 1714 4801 εἰσίν.
1767 4744 1831 4799 '0
1854 4743 1923 4798 δὲ

336 4835 599 4904 ποιήσας
630 4837 782 4891 αὐτὰ
807 4836 1048 4906 ζήσεται
1073 4838 1144 4892 ἐν
1174 4837 1401 4905 αὐτοῖς.

409 4927 473 4998 β’.
493 4927 960 4998 Ἐπικατάρατος
981 4927 1100 4996 πᾶς
1125 4932 1159 4984 ὁ
1187 4929 1558 5000 κρεμάμενος
1586 4927 1688 4983 ἐπὶ
1709 4929 1922 4994 ξύλου.

365 5023 409 5072 0
434 5019 503 5072 δὲ
526 5021 595 5074 ἐκ
627 5020 739 5090 τῆς
759 5022 1124 5092 ἐπαγγελίας
1147 5021 1246 5077 διὰ
1270 5021 1383 5092 τῆς
1404 5022 1746 5091 ἐλευθέρας.

407 5116 480 5177 γ’.
513 5111 899 5180 Μαρτύρομαι
949 5111 1018 5163 δὲ
1052 5110 1259 5178 πάλιν,
1295 5112 1384 5166 ὅτι
1423 5112 1736 5182 ἄνθρωπος
1761 5127 1927 5182 περι-

334 5201 698 5271 τετμημένος
727 5201 1044 5272 ὀφειλέτης
1066 5202 1239 5257 ἐστὶν
1253 5202 1401 5258 ὅλον
1422 5204 1534 5259 τὸν
1561 5205 1752 5275 νόμον
1778 5209 1929 5276 πλη-

327 5303 543 5356 ρωσαι.
1373 5307 1380 5340 2

404 5379 468 5432 δ’.
487 5380 632 5434 Ἀντὶ
651 5381 770 5448 τοῦ,
799 5382 989 5453 Μικρὰ
1011 5382 1160 5455 ζύμη
1191 5383 1340 5439 ὅλον
1367 5385 1437 5439 τὸ
1460 5387 1704 5456 φύραμα
1736 5379 1926 5458 ζυμοῒ,

336 5473 582 5546 ἐποίησε,
608 5475 798 5532 δολοῖ.

1951 4597 2001 4658 1)

2102 1977 2370 2049 Ephesios
2403 1978 2495 2034 νη
2519 2025 2532 2049 ,
2567 1981 2710 2051 apud
2744 1977 2844 2037 nos
2886 1980 2947 2035 V.

2105 2089 2154 2144 1.
2187 2089 2445 2145 Memores
2466 2101 2648 2157 estote,
2680 2091 2820 2162 quod
2857 2089 3144 2162 aliquando
3179 2107 3267 2145 vos
3295 2089 3462 2144 eratis
3503 2105 3620 2160 gen«

2033 2191 2128 2246 tes,
2173 2183 2262 2252 qui
2316 2183 2630 2237 dicebamini
2687 2183 3026 2253 praeputium,
3065 2185 3130 2236 ab
3167 2199 3231 2236 ea
3259 2198 3378 2250 qua:
3413 2181 3620 2234 dicitur

2033 2277 2368 2330 circumcisio
2397 2278 2453 2330 in
2488 2293 2644 2332 carne
2668 2292 2828 2331 manu
2864 2275 3032 2346 facta.
3080 2273 3262 2329 Eratis
3284 2275 3378 2328 illo
3405 2275 3459 2327 in
3491 2283 3619 2327 tent-

2028 2384 2154 2436 pore
2175 2371 2286 2422 sine
2309 2367 2540 2433 Christo,
2575 2369 2796 2424 alienati
2826 2387 2856 2424 a
2897 2368 3289 2423 conversatione
3331 2365 3530 2430 Israel,
3569 2377 3618 2419 et

2029 2461 2255 2530 hospites
2282 2459 2734 2514 Testamentorum
2766 2461 3158 2529 promissionis,
3197 2476 3338 2528 spem
3377 2475 3479 2512 non
3517 2457 3618 2510 ha-

2031 2551 2225 2614 bentes,
2256 2561 2305 2606 et
2327 2553 2440 2606 sine
2477 2551 2580 2606 Deo
2610 2552 2664 2605 in
2692 2550 2906 2605 mundo.
2946 2550 3104 2603 Nunc
3126 2561 3302 2603 autem
3319 2551 3374 2603 in
3406 2548 3618 2604 Christo

2028 2643 2157 2699 Jesu
2183 2659 2272 2699 vos
2297 2645 2389 2715 qui
2425 2644 2715 2714 aliquando
2745 2645 2910 2698 eratis
2949 2644 3120 2714 longe,
3152 2643 3283 2712 facti
3304 2646 3428 2697 estis
3457 2658 3616 2710 prope

2029 2737 2084 2789 in
2133 2737 2390 2806 sanguine
2431 2737 2619 2805 ipsius.
2658 2735 2779 2805 Ipse
2804 2737 2942 2790 enim
2973 2751 3080 2804 paco
3111 2745 3315 2798 nostra,
3366 2737 3455 2804 qui
3496 2735 3618 2803 fecit

2028 2839 2251 2898 utraque
2289 2845 2455 2882 unum
2477 2831 2516 2892 9,
2551 2837 2658 2883 etc.

2097 3008 2152 3063 2.
2189 3007 2318 3064 Ideo
2347 3008 2480 3064 dicit
2506 3027 2518 3062 :
2550 3005 2740 3079 Surge,
2761 3009 2850 3061 aui
2875 3007 3097 3070 dormis,
3133 3017 3179 3060 et
3219 3006 3542 3060 illumiuabit
3573 3017 3619 3059 te

2030 3103 2274 3158 Christus
2301 3105 2366 3158 η.

2103 3196 2158 3253 ὅ.
2209 3195 2440 3264 Propter
2483 3195 2602 3259 hoc,
2635 3193 2892 3264 relinquet
2923 3194 3077 3249 homo
3107 3203 3311 3263 patrem
3349 3208 3526 3255 suum,
3569 3201 3617 3242 ct

2029 3296 2253 3342 matrem
2286 3304 2460 3353 suam,
2487 3297 2535 3342 et
2571 3285 2862 3341 adhwrebit
2891 3288 3066 3352 uxori,
3109 3296 3158 3340 et
3210 3295 3363 3340 erunt
3417 3285 3522 3338 duo
3563 3285 3617 3337 in

2030 3395 2240 3434 carnem
2259 3395 2421 3433 unam
2450 3380 2516 3444 υ,
2555 3379 2775 3450 dempta
2818 3395 2953 3434 voce
2982 3381 3155 3433 uxori.

2156 3574 2322 3646 319
2346 3575 2426 3630 Ad
2467 3575 2828 3632 Colossenses
2879 3577 3025 3644 VIII,
3067 3577 3209 3648 apud
3253 3592 3354 3632 nos
3383 3575 3495 3630 VII.

2106 3686 2270 3743 Nemo
2317 3705 2438 3760 ergo
2480 3705 2568 3744 vos
2603 3689 2806 3759 judicet
2844 3691 2898 3743 in
2935 3690 3071 3754 cibo,
3135 3700 3183 3744 et
3234 3700 3383 3758 potu,
3417 3700 3508 3742 aut
3562 3691 3617 3742 in

2028 3789 2180 3846 parte
2210 3780 2338 3845 diei,
2399 3790 2494 3834 aut
2556 3779 2883 3849 Neomeniw,
2925 3793 3016 3835 aut
3063 3781 3444 3848 Sabbatorum,
3482 3787 3618 3851 quod

2027 3880 2104 3923 est
2136 3869 2326 3923 umbra
2355 3869 2658 3939 futurorum
2684 3871 2749 3925 ¹².

2029 3982 2113 4038 Ad
2129 3983 2507 4056 Philemonem
2528 3984 2620 4047 IX,
2657 4001 2780 4056 qua:
2806 3985 2948 4056 apud
2973 4002 3074 4040 nos
3097 3996 3181 4056 est
3211 3986 3449 4056 Xllltvel
3483 3984 3617 4048 XIV;

2101 4054 2169 4108 ad
2222 4054 2604 4178 ligilippenses
2661 4055 2730 4119 Χ,
2785 4054 2928 4126 apud
2973 4072 3076 4111 nos
3112 4054 3172 4109 VI
3202 4073 3216 4120 ;
3251 4060 3318 4110 ad
3355 4055 3617 4110 Laodice-

2100 4140 2204 4181 nos
2313 4166 2326 4180 .

2106 4236 2252 4293 Unus
2274 4236 2557 4304 Dominus,
2613 4254 2723 4292 una
2753 4238 2907 4306 ﬁdes,
2956 4253 3118 4290 unum
3170 4237 3454 4306 baptisma,
3482 4253 3618 4290 unus

2028 4331 2170 4386 Deus
2211 4341 2262 4386 et
2302 4329 2470 4385 Pater
2501 4331 2761 4396 omnium,
2792 4330 2882 4400 qui
2919 4339 2997 4384 est
3031 4345 3190 4399 super
3223 4330 3428 4392 omnia,
3451 4338 3501 4383 et
3530 4343 3622 4398 per

2029 4424 2227 4490 omnia,
2264 4432 2315 4478 et
2340 4423 2395 4477 in
2427 4421 2671 4478 omnibus
2701 4422 2765 4476 ¹⁸.

2205 4538 2283 4594 Ex
2314 4539 2557 4610 Epistola
2592 4538 2659 4593 ad
2699 4536 2922 4594 Galatas
2951 4536 2994 4604 l,
3029 4537 3174 4609 apud
3208 4553 3310 4594 nos
3342 4536 3434 4592 ιν.

2102 4655 2151 4708 1.
2181 4653 2381 4708 Discite
2432 4663 2630 4717 autem,
2669 4654 2794 4722 quia
2818 4652 2998 4721 justus
3032 4667 3098 4706 ex
3120 4651 3226 4722 ﬁde
3263 4653 3406 4707 vivit.
3436 4650 3610 4719 Quot-

2029 4755 2154 4818 quot
2181 4747 2319 4801 enim
2351 4746 2446 4800 sub
2474 4746 2582 4817 lege
2610 4755 2751 4810 sunt,
2775 4745 2870 4800 sub
2906 4744 3185 4800 maledicto
3214 4754 3356 4799 sunt.
3390 4745 3495 4810 Qui
3526 4761 3618 4798 au-

2031 4849 2136 4894 tem
2165 4840 2344 4904 fecerit
2372 4841 2503 4904 ista,
2535 4841 2662 4894 vivet
2689 4840 2744 4892 in
2775 4839 2851 4893 eis
2879 4839 2943 4893 ".

2102 4933 2157 4986 2.
2179 4931 2500 4986 Maledictus
2521 4933 2692 4985 omnis
2724 4933 2814 5003 qui
2841 4930 3027 5000 pendet
3049 4931 3105 4986 in
3128 4930 3288 5002 ligno.
3316 4928 3422 4996 Qui
3443 4934 3620 4982 autem

2032 5041 2098 5078 ea:
2117 5027 2463 5094 promissione
2485 5034 2584 5090 est,
2614 5040 2680 5080 ea:
2710 5023 2879 5079 libera
2913 5026 2978 5080 ".

2102 5119 2156 5173 5.
2195 5118 2474 5189 Testiﬁc0r
2505 5133 2745 5179 rursum,
2775 5118 3025 5186 quoniam
3073 5117 3228 5172 homo
3274 5116 3622 5170 circumcisus

2030 5208 2232 5264 debitor
2253 5219 2332 5265 est
2365 5212 2624 5265 universae
2652 5210 2781 5281 legis
2814 5208 3094 5278 implenda
3127 5208 3190 5261 “.

2106 5393 2158 5446 4.
2193 5392 2298 5448 Pro
2323 5408 2389 5449 eo
2417 5393 2563 5464 quod
2602 5401 2720 5459 est,
2756 5392 3026 5447 Modicum
3071 5392 3388 5459 fermentum
3450 5398 3621 5444 totam

2033 5501 2269 5540 massam
2298 5487 2589 5556 corrumpit
2610 5487 2679 5553 ‘7,
2711 5487 3018 5557 rescripsit,
3044 5485 3334 5539 adulterat.

411 5658 427 5737 ξ
453 5655 578 5713 For.
605 5659 979 5737 toliendajsta
1006 5663 1100 5714 καὶ
1128 5669 1196 5716 α’.
1227 5733 1248 5737 _
1274 5664 1295 5694 ⁸
1327 5663 1486 5737 Bonl.
1522 5680 1582 5719 ll.
1611 5664 1701 5720 25.
1781 5667 1801 5698 ³
1837 5668 1928 5722 ἰΙ›ἰ‹

2031 5669 2092 5724 {0.
2169 5670 2190 5702 ⁸
2222 5671 2378 5726 Rom.
2411 5687 2466 5737 ν,
2501 5671 2554 5724 6.
2622 5672 2643 5704 ⁸
2673 5670 2831 5725 Rom.
2866 5689 2960 5730 vn.
2996 5671 3082 5725 i2.
3161 5672 3183 5703 ⁶
3219 5669 3376 5725 Rom.
3409 5685 3526 5730 vni.
3557 5669 3612 5724 4.

337 5725 549 5799 ilium.
578 5745 632 5794 χ,
676 5733 730 5785 4.
843 5731 863 5762 ⁸
888 5730 1048 5785 Rom.
1080 5749 1199 5799 xm,
1221 5733 1273 5788 8.

1378 5737 1400 5768 ⁸
1441 5732 1639 5804 Ephes.
1689 5740 1761 5802 η’,
1797 5738 1982 5792 il-M.

2101 5743 2141 5773 ¹⁰
2175 5741 2372 5810 Ephes.
2405 5758 2458 5799 ν.
2493 5743 2579 5794 14.
2689 5743 2730 5775 ³⁸
2772 5743 2904 5803 ibid,
2932 5743 3021 5798 5-1.
3101 5742 3143 5776 ⁸⁸
3175 5741 3391 5799 Coloss.
3421 5757 3486 5808 ll,
3526 5739 3615 5794 i6“.

340 5795 388 5831 ⁸⁸
410 5796 607 5868 Ephes.
644 5816 716 5867 IV,
747 5800 798 5855 5.
879 5804 921 5834 “
945 5800 1100 5858 Galat.
1152 5795 1234 5876 lii,
1270 5807 1357 5862 10.
1437 5795 1642 5862 “ibid.
1678 5795 1764 5864 14.
1843 5809 1928 5862 “4

2031 5819 2089 5869 ιι.
2132 5829 2185 5878 v,
2215 5795 2266 5868 ἑ.
2302 5795 2316 5797 “
2347 5813 2386 5846 ⁸⁷
2416 5795 2548 5868 ΠΜ.
2575 5811 2626 5868 9.
