4156 6358
532 333 637 386 725

1955 345 2012 400 8.
2047 345 2395 400 ΕΡΙΡΙΙΑΝΙΙ-

3701 345 3808 401 ’⁷2⁸

602 449 654 504 ὅ.
694 448 880 505 Omnis
916 454 1055 506 enim
1085 454 1170 508 lex
1218 457 1361 514 vobis
1392 459 1662 529 impletur.
1701 459 1902 532 Diliges
1929 465 2085 533 promi

2291 472 2352 518 ε’.
2403 465 2454 516 Ὀ
2499 464 2609 534 γὰρ
2653 464 2772 531 πᾶς
2804 467 2986 534 νόμος
3017 464 3156 534 ὑμῖν
3193 462 3594 532 πεπλήρωται.
3648 462 3807 533 Ἀτα-

533 556 676 594 ιιιιηι
708 549 856 595 tuum
884 545 1020 597 sicut
1046 547 1267 613 teipsum
1293 550 1332 604 ⁸.

602 632 656 686 6.
691 632 984 704 Manifesta
1039 650 1162 693 sunt
1209 651 1386 696 autem
1425 661 1584 713 opera
1611 646 1810 712 carnis,
1838 664 1956 719 quae
1993 661 2115 702 sunt

531 723 843 793 fornicatio,
875 729 1238 796 immunditia,
1287 733 1524 802 luxuria,
1575 737 1840 792 idolorum
1869 741 2114 805 servitus,

530 818 801 886 veneﬁcia,
829 820 1144 889 inimicitite,
1178 828 1555 894 contentiones,
1581 833 1969 898 aemulationes,
1997 836 2112 899 ira',

530 909 686 972 rixa,
736 909 1112 978 dissensiones,
1145 926 1320 981 secta,
1348 919 1659 986 homicidia,
1694 922 1994 990 ebrietates,
2029 942 2111 978 co-

531 997 898 1069 messationes,
942 1023 1058 1075 qua:
1093 1009 1326 1076 praedico
1367 1013 1512 1067 vobis
1545 1016 1682 1068 sicut
1711 1017 1959 1085 prwdixi,
1987 1035 2116 1089 quo-

530 1091 676 1146 niam
706 1096 798 1165 qui
828 1098 961 1151 talia
991 1110 1176 1170 agunt,
1210 1119 1424 1173 regnum
1449 1105 1546 1160 Dei
1575 1124 1678 1162 non
1709 1109 2110 1178 possidebunt‘.

599 1271 653 1325 'l.
697 1273 804 1341 Qui
847 1287 1022 1332 autem
1050 1279 1273 1345 Christi,
1310 1301 1524 1340 carnem
1569 1288 1948 1358 cruciﬁxerurtt
1995 1306 2113 1344 cum

527 1364 666 1420 vitiis
696 1376 747 1421 et
783 1372 1216 1440 concupiscentiis
1252 1377 1292 1430 ‘.

595 1458 649 1512 8.
687 1457 870 1532 Neque
907 1465 1047 1518 enim
1088 1467 1179 1536 qui
1203 1469 1675 1540 circumciduntur,
1730 1474 1893 1544 legem
1936 1484 2114 1530 custo-

523 1550 674 1604 diunt
701 1551 743 1607 δ.

522 1661 687 1734 320
706 1663 788 1718 Ad
826 1664 1148 1725 Corinthios
1172 1669 1211 1735 I,
1241 1688 1364 1748 qua:
1403 1675 1667 1748 est__apud
1695 1676 2027 1736 Marcionem
2052 1688 2112 1735 ut

1088 1750 1142 1796 et
1169 1744 1312 1813 apud
1347 1760 1449 1800 nos
1477 1743 1545 1803 li.

2220 553 2439 621 πήσεις
2474 556 2582 608 τὸν
2614 556 2884 623 πλησίον
2920 570 3036 609 σου
3063 557 3144 621 ὡς
3172 556 3455 610 σεαυτόν.

2291 653 2366 711 ς’.
2395 647 2630 715 Φανερὰ
2673 646 2741 700 δέ
2772 648 2904 701 ἐστι
2937 648 3010 702 τὰ
3035 648 3179 718 ἔργα
3209 646 3316 716 τῆς
3345 649 3596 717 σαρκὸς,
3628 646 3801 702 ἅτινά

2215 738 2349 793 ἐστι
2393 741 2661 809 πορνεία,
2711 741 3074 808 ἀκαθαρσία,
3126 741 3432 810 ἀσέλγεια,
3481 741 3801 795 ειδωλολα-

2219 831 2400 898 τρεία,
2446 832 2800 900 φαρμακεία,
2853 833 3079 901 ἔχθραι,
3131 832 3306 901 ἕρεις,
3365 831 3551 900 ζῆλοι,
3605 831 3798 901 θυμοὶ,

2215 924 2452 990 ἑριθείαι
2476 966 2490 989 ,
2537 923 2952 994 διχοστασίαι,
3005 925 3298 994 αίρέσεις,
3351 927 3558 995 φόνοι,
3608 925 3798 994 μέθαι,

2216 1014 2416 1085 κῶμοι,
2453 1015 2491 1070 ά
2523 1017 2796 1088 προλέγω
2822 1018 2985 1087 ὑμῖν,
3017 1017 3210 1085 καθὼς
3243 1019 3339 1073 καὶ
3368 1017 3677 1086 προεῖπον,
3710 1017 3802 1071 ὅτι

2214 1110 2271 1160 οί
2324 1109 2396 1161 τὰ
2443 1109 2688 1163 τοιαῦτα
2740 1109 3126 1178 πράσσοντες
3161 1111 3491 1176 βασιλείαν
3528 1109 3677 1163 Θεοῦ
3725 1112 3801 1164 οὐ

2214 1201 2810 1271 κληρονομήσουσιν.

2285 1292 2348 1357 ζ’.
2390 1298 2454 1349 Οἱ
2479 1295 2548 1348 δὲ
2571 1295 2679 1349 τοῦ
2708 1297 2989 1364 Χριστοῦ,
3021 1297 3138 1366 τὴν
3168 1296 3370 1367 σάρκα
3406 1297 3805 1367 ἐσταύρωσαν

2211 1387 2334 1440 σὺν
2363 1388 2488 1454 τοῖς
2515 1389 2826 1458 παθήμασι
2850 1391 2947 1444 καὶ
2974 1392 3102 1458 ταῖς
3133 1392 3491 1462 ἐπιθυμίαις.

2285 1480 2356 1551 η’.
2377 1482 2526 1536 Οὔτε
2550 1483 2659 1552 γὰρ
2685 1487 2740 1536 ot
2765 1487 3247 1555 περιτεμνόμενοι
3273 1487 3444 1540 αὐτοὶ
3473 1486 3662 1556 νόμον
3687 1502 3799 1555 pv-

2209 1574 2546 1632 λάσσουσι.

2210 1689 2356 1761 Πρὸς
2389 1691 2711 1762 Κορινθίους
2743 1692 2823 1754 Α’,
2856 1696 2988 1765 παρ’
3013 1695 3162 1747 αὐτῶ
3189 1695 3245 1747 δὲ
3285 1693 3573 1766 Μαρκίωνι
3599 1691 3674 1754 B',
3699 1690 3807 1744 καὶ

2798 1767 2930 1817 παρ’
2961 1768 3094 1817 ἡμῖν
3135 1747 3210 1817 13⁷.

2798 1772 2930 1837 παρ’
2961 1772 3094 1836 ἡμῖν
3135 1772 3210 1818 B'.

593 1847 645 1901 1.
674 1847 945 1920 Scriptum
965 1863 1046 1909 est
1077 1858 1215 1911 enim
1240 1857 1506 1913 :Perdam
1553 1863 1867 1930 sapientiam
1901 1865 2099 1936 sapient

2284 1881 2355 1928 α’.
2394 1875 2731 1947 Γέῃραπται
2783 1878 2922 1947 γάρ·
2972 1878 3207 1932 Ἀπολῶ
3254 1879 3372 1947 τὴν
3421 1878 3649 1946 σοφίαν
3679 1872 3800 1928 τῶν

519 1940 672 2003 tium,
705 1958 757 1996 et
789 1947 1127 2012 prudentiam
1163 1951 1500 2017 prudentium
1535 1957 1824 2033 reprobablo
1847 1959 1888 2014 ⁸.

589 2036 643 2088 2.
687 2034 776 2103 Ut,
807 2041 1251 2107 quemadmodum
1277 2047 1536 2116 scriptum
1573 2058 1671 2114 est,
1716 2053 1805 2120 qui
1842 2051 2109 2122 gloriatur

521 2127 574 2179 iu
605 2127 833 2184 Domino
857 2133 1112 2202 glorietur
1141 2137 1181 2192 ⁸.

588 2220 643 2275 5.
682 2219 991 2293 Principum
1021 2226 1180 2298 hujus
1214 2233 1418 2296 seculi,
1446 2236 1537 2303 qui
1560 2248 1888 2291 evacuantur
1918 2240 1961 2296 ⁷.

585 2394 640 2448 4.
678 2395 943 2467 Scriptum
1005 2411 1084 2455 est
1128 2405 1265 2458 enim
1310 2407 1810 2478 :Comprehendam
1843 2415 2104 2482 sapientes

515 2488 570 2540 in
610 2493 812 2544 astutia
839 2509 1020 2546 eorum
1048 2496 1090 2550 ¹¹.
1126 2496 1192 2550 Ει
1221 2499 1417 2555 iterum
1446 2520 1460 2556 :
1496 2502 1754 2560 Dominus
1785 2509 1926 2560 novit
1957 2510 2104 2579 cogi-

517 2581 742 2636 tationes
765 2583 1059 2656 hominum,
1093 2591 1221 2660 quia
1259 2608 1409 2648 uanae
1433 2606 1556 2649 sunt
1583 2597 1626 2650 ’.

585 2759 639 2814 5.
672 2758 883 2815 Etenim
931 2765 1131 2833 pascha
1188 2779 1430 2824 nostrum
1477 2773 1786 2832 immolatus
1833 2789 1912 2834 est
1955 2779 2108 2837 Chri-

510 2863 626 2908 stus
658 2854 723 2907 ¹⁶.

581 2947 636 3001 6.
673 2945 916 3003 Nescitis
959 2952 1098 3020 quod
1150 2955 1240 3023 qui
1290 2957 1523 3011 adhaeret
1587 2965 1871 3028 meretrici,
1938 2984 2100 3022 unum

511 3055 703 3108 corpus
755 3045 878 3098 est?
931 3042 1104 3098 Erunt
1159 3047 1320 3114 enim,
1385 3052 1584 3122 inquit,
1643 3055 1748 3109 duo
1793 3059 1849 3111 in
1889 3075 2104 3116 carnem

512 3145 674 3183 unum
693 3129 759 3186 “.

2209 1967 2440 2036 σοερῶν,
2466 1971 2565 2023 καὶ
2606 1969 2721 2039 τὴν
2757 1971 3015 2024 σύνεσιν
3038 1969 3156 2023 τῶν
3187 1968 3460 2024 συνετῶν
3499 1965 3793 2033 ἀθετήσω.

2285 2061 2356 2134 β’.
2386 2065 2539 2129 Ἵνα,
2582 2065 2778 2131 καθὼς
2824 2064 3165 2134 γέγραπται,
3213 2068 3247 2120 ό
3298 2061 3686 2132 καυχώμενος
3724 2061 3800 2114 ἐν

2207 2133 2404 2200 Κυρίῳ
2435 2135 2784 2204 καυχάσθω.

2273 2225 2344 2294 γ’.
2358 2223 2480 2279 Τῶν
2503 2227 2814 2296 ἀρχόντων
2836 2227 2944 2283 τοῦ
2964 2228 3177 2295 αἰῶνος
3197 2227 3412 2281 τούτου
3436 2225 3554 2281 τῶν
3579 2241 3802 2292 καταρ-

2207 2318 2534 2388 τουμένων.

2276 2411 2346 2467 δ’.
2381 2411 2716 2482 Γέπραπται
2761 2413 2872 2484 γάρ
2891 2427 2906 2442 ·
2956 2415 3020 2467 '0
3062 2413 3478 2482 δρασσόμενος
3514 2409 3658 2476 τοὺς
3684 2423 3794 2463 σο·-

2204 2501 2360 2569 εροὺς
2385 2501 2456 2554 ἐν
2493 2501 2569 2570 τῇ
2597 2505 2931 2574 πανουργίᾳ
2961 2505 3160 2560 αὐτῶν
3180 2522 3193 2536 ·
3226 2505 3321 2558 καὶ
3351 2503 3539 2558 πάλιν·
3575 2503 3793 2570 Κύριος

2204 2592 2483 2663 γινώσκει
2520 2595 2665 2663 τοὺς
2695 2595 3129 2668 διαλογισμοὺς
3161 2597 3282 2651 τῶν
3323 2596 3666 2665 ἀνθρώπων,
3698 2595 3792 2648 ὅτι

2203 2684 2322 2738 εισι
2349 2685 2608 2754 μάταιοι.

2273 2785 2336 2831 ε’.
2367 2777 2478 2832 Καὶ
2505 2777 2617 2848 γὰρ
2645 2779 2711 2834 τὸ
2747 2781 2958 2852 πάσχα
2986 2781 3157 2851 ἡμῶν
3182 2781 3362 2848 ἐτύθη
3395 2779 3669 2850 Χριστός.

2275 2967 2349 3025 ς’.
2373 2963 2495 3014 Οὐκ
2519 2960 2740 3024 οἴδατε,
2771 2961 2861 3015 ὅτι
2886 2965 2919 3016 o'
2952 2961 3335 3032 κολλώμενος
3364 2958 3438 3029 τῇ
3470 2961 3687 3027 πόρνῃ,
3720 2955 3794 3012 ἐν

2201 3053 2375 3124 σῶμά
2419 3055 2626 3119 ἐστιν;
2685 3057 2968 3109 Ἔσονται
3017 3054 3148 3126 γὰρ,
3204 3053 3388 3125 φησὶν,
3438 3055 3492 3106 οἱ
3545 3051 3655 3105 δύο
3701 3054 3792 3116 εἰς

2201 3147 2398 3216 σάρκα
2417 3149 2585 3217 μίαν.

585 3224 641 3310 7.
669 3223 914 3282 Mutatus
939 3236 1024 3284 est
1063 3229 1240 3296 locus,
1271 3249 1396 3288 nam
1445 3252 1544 3306 pro
1581 3254 1646 3293 eo
1685 3242 1830 3310 quod
1865 3250 1989 3300 est:
2024 3243 2094 3299 Et

2272 3237 2338 3303 ζ’.
2373 3239 2866 3310 Μετηλλαγμένος·
2907 3239 3030 3293 ἀντὶ
3075 3237 3186 3311 γὰρ
3221 3236 3338 3305 τοῦ,
3374 3238 3482 3292 Καὶ
3529 3240 3562 3290 ό
3605 3236 3791 3306 νόμος

511 3312 598 3367 lex
626 3303 738 3368 lucc
775 3331 880 3370 non
909 3318 1061 3384 dicit,
1097 3319 1259 3375 habet
1289 3303 1460 3388 “ille,
1498 3323 1616 3380 Etsi
1651 3303 1951 3400 ΙεξιςΜοῃιίε
1989 3332 2100 3388 Ιιιεσ

508 3419 616 3459 non
652 3406 801 3460 dicit.

581 3496 635 3550 8.
676 3496 931 3568 Nunquid
955 3500 1020 3555 de
1045 3501 1208 3556 bobus
1243 3520 1372 3559 cura
1404 3517 1482 3561 est
1523 3509 1629 3564 Deo
1662 3512 1747 3566 "?

579 3587 634 3642 9.
670 3587 813 3644 Nolo
833 3593 973 3645 enim
1002 3610 1090 3647 vos
1120 3595 1386 3664 ignorare,
1412 3599 1630 3669 fratres,
1649 3607 1896 3674 quoniam
1919 3618 2096 3677 patres

509 3679 680 3732 nostri
699 3679 794 3734 sub
830 3683 964 3737 nube
1012 3684 1247 3753 fuerunt,
1286 3697 1335 3742 et
1370 3707 1546 3746 omnes
1570 3711 1716 3749 mare
1745 3683 2096 3768 transierunt,

506 3782 558 3826 st
584 3787 760 3827 omnes
804 3775 1044 3831 eamdem
1084 3795 1261 3833 escam
1303 3784 1598 3850 spiritalem
1627 3789 2093 3847 manducaverunt.

510 3861 767 3917 Bibebant
819 3866 958 3920 enim
1006 3867 1070 3922 de
1124 3871 1356 3938 spiritali
1399 3889 1742 3946 consequente
1787 3896 1874 3933 eos
1907 3893 2098 3950 petra;

2200 3329 2390 3384 ταῦτα
2411 3333 2485 3385 οὐ
2511 3330 2694 3401 λέγει,
2723 3331 2856 3403 φησὶ
2875 3333 3103 3396 ἐκεῖνος,
3135 3332 3221 3387 ’El
3242 3331 3340 3385 καὶ
3369 3331 3597 3400 όνόμος
3623 3333 3790 3384 Μωῠ-

2200 3421 2356 3489 σέως
2395 3423 2587 3477 ταῦτα
2619 3425 2691 3478 οὐ
2718 3423 2900 3494 λέγει.

2269 3516 2342 3587 η’.
2376 3517 2482 3586 Μὴ,
2512 3517 2630 3572 τῶν
2657 3517 2827 3584 ,ϐοῶν
2847 3517 3017 3588 μέλει
3044 3516 3124 3584 τῷ
3154 3517 3314 3584 Θεῷ;

2272 3610 2338 3665 0'.
2379 3614 2462 3666 Οὐ
2492 3612 2644 3666 θέλω
2685 3612 2797 3682 τὰρ
2827 3611 2984 3682 ὑμᾶς
3013 3611 3276 3682 ἀγνοεῖν,
3303 3609 3576 3679 ἀδελφοὶ,
3613 3609 3705 3662 ὅτι
3732 3610 3791 3662 οι

2198 3705 2450 3773 πατέρες
2469 3704 2640 3775 ἡμῶν
2664 3707 2783 3759 ὑπὸ
2806 3705 2921 3774 τὴν
2946 3705 3214 3774 νεφέλην
3237 3701 3418 3774 ἦσαν,
3439 3705 3538 3759 καὶ
3565 3701 3789 3768 πάντες

2197 3797 2296 3852 διὰ
2321 3799 2432 3868 τῆς
2460 3799 2783 3866 θαλάσσης
2833 3798 3104 3867 διῆλθον,
3145 3799 3242 3852 καὶ
3283 3797 3504 3862 πάντες
3545 3796 3611 3850 τὸ
3637 3796 3787 3850 αὐτὸ

2198 3889 2607 3957 πνευματικὸν
2627 3891 2854 3958 ἔφαγον
2874 3888 3107 3958 βρῶμα.
3132 3890 3385 3942 Ἔπινον
3406 3887 3516 3957 γὰρ
3531 3887 3599 3939 ἐκ
3614 3899 3787 3940 πνευ-

506 3965 657 4024 petra
687 3967 864 4014 autem
881 3971 994 4015 erat
1027 3962 1290 4020 Christus.
1322 3965 1424 4022 Sed
1451 3987 1553 4024 non
1572 3971 1624 4024 in
1650 3971 1890 4040 pluribus
1911 3992 2097 4030 eorum

2202 3979 2451 4048 ματικῆς
2484 3981 2944 4046 ἀκολουθούσης
2975 3981 3196 4048 πέτρας
3215 3996 3228 4010 ·
3258 3980 3297 4048 η
3330 3976 3398 4031 δὲ
3429 3978 3614 4044 πέτρα
3642 3973 3723 4046 ἦν
3751 3979 3788 4030 ό

506 4048 891 4119 beneplacitum
955 4064 1034 4109 est
1082 4055 1212 4115 Deo.
1245 4059 1375 4114 Ηιιντ
1424 4073 1600 4116 autem
1633 4066 1686 4118 in
1735 4067 1908 4137 ﬁgura
1947 4070 2098 4138 facta

504 4152 628 4196 sunt
662 4145 864 4210 nostri,
915 4156 974 4200 ut
1015 4165 1117 4202 non
1149 4151 1316 4206 simus
1343 4156 1765 4224 concupiscentes
1798 4161 2092 4226 malorum,

503 4236 643 4290 sicut
665 4238 747 4292 illi
764 4238 997 4307 fuerunt.
1021 4239 1202 4312 Neque
1227 4244 1491 4300 idolorum
1523 4249 1749 4304 cultores
1770 4253 2092 4322 eﬂiciamini,

502 4328 642 4381 sicut
670 4329 889 4398 quidam
921 4347 986 4385 ex
1015 4333 1165 4400 ipsis,
1193 4337 1637 4403 quemadmodum
1677 4344 1936 4412 scriptum
1970 4353 2049 4398 est
2074 4361 2094 4399 :

503 4417 654 4474 Sedit
710 4421 933 4489 populus
963 4424 1286 4481 manducare
1326 4438 1375 4482 et
1436 4430 1628 4496 bibere,
1667 4446 1716 4489 et
1749 4449 2094 4493 surrexerunt

504 4512 702 4568 ludere.
721 4513 902 4586 Neque
919 4527 1174 4572 tentemus
1197 4518 1490 4586 Christum,
1515 4535 1688 4595 usque
1713 4529 1779 4583 ad
1805 4545 1868 4585 ea
1888 4532 2050 4587 verba
2075 4551 2088 4587 :

2196 4072 2478 4137 Χριστός.
2513 4071 2664 4124 Ἀλλ’
2694 4072 2806 4124 οὐκ
2830 4070 2902 4124 έν
2923 4069 3048 4136 τοῖς
3078 4069 3359 4124 πλείοσιν
3381 4067 3582 4123 αὐτῶν
3605 4067 3784 4135 ηὐδό-

2196 4177 2372 4229 κησε.
2404 4162 2594 4218 Ταῦτα
2625 4163 2692 4215 δὲ
2713 4163 2889 4216 τύποι
2920 4161 3090 4232 ήμῶν
3114 4161 3513 4232 ἐγενήθησαν,
3547 4161 3697 4229 πρὸς
3718 4160 3782 4214 τὸ

2189 4253 2278 4323 μὴ
2299 4251 2455 4309 εἶναι
2477 4254 2636 4324 ἡμᾶς
2661 4256 3030 4325 ἐπιθυμητὰς
3053 4253 3276 4316 κακῶν,
3300 4253 3495 4319 καθὼς
3522 4253 3782 4308 κάκεῖνοι

2194 4348 2607 4417 ἐπεθύμησαν.
2643 4347 2813 4416 Μηδὲ
2843 4347 3266 4417 ειδωλολάτραι
3295 4349 3558 4417 γίνεσθε,
3589 4344 3786 4410 καθώς

2195 4457 2355 4506 τινες
2401 4438 2622 4504 αὐτῶν,
2664 4441 2744 4505 ὡς
2793 4439 3136 4510 γέγραπται·
3185 4439 3502 4494 Ἐκάθισεν
3553 4441 3587 4492 ό
3632 4439 3781 4501 λαὸς

2197 4526 2413 4596 φαγεῖν
2450 4527 2550 4584 καὶ
2596 4528 2776 4592 πιεῖν,
2805 4528 2904 4582 καὶ
2954 4529 3307 4598 ἀνέστησαν
3337 4528 3582 4589 παίζειν.
3613 4527 3782 4594 Μηδὲ

505 4604 636 4662 Haec
660 4619 834 4662 autem
864 4611 1046 4665 omnia
1070 4613 1125 4666 in
1147 4613 1322 4682 ﬁgura
1344 4594 1716 4687 contingebant
1737 4619 1885 4690 ipsis,
1915 4622 1959 4654 "
1977 4633 2085 4681 etc.

2202 4594 2629 4689 ἐκπειράζωμεν
2658 4621 2766 4673 τὸν
2786 4621 3064 4689 Χριστὸν,
3092 4594 3196 4686 ἕως
3217 4622 3350 4675 ὅπου
3381 4620 3546 4690 λέγει·
3591 4621 3781 4675 Ταῦτα

573 4784 660 4839 10.
694 4783 837 4852 Quid
867 4803 992 4859 ergo
1034 4790 1196 4847 dico?
1226 4791 1381 4860 Quod
1416 4795 1578 4851 idolis
1607 4798 1946 4856 immolatum
1981 4806 2088 4859 ali-

497 4877 624 4944 quid
651 4879 764 4934 sit?
783 4879 887 4935 Sed
902 4899 1018 4953 qua:
1042 4884 1318 4940 immolant
1345 4888 1646 4956 daemoniis,
1673 4902 1724 4946 et
1757 4910 1860 4949 non
1887 4895 2002 4951 Deo-
2019 4900 2084 4953 ’⁸.

570 4970 659 5024 11.
703 4970 798 5025 Vir
825 4989 1030 5030 comam
1069 4993 1179 5031 non
1213 4982 1448 5048 nutriat;
1471 4984 1647 5054 gloria
1677 4989 1816 5042 enim
1835 4999 1884 5045 et
1909 4991 2084 5063 imago

495 5059 595 5116 Dei
625 5071 700 5116 est
736 5062 802 5119 ".

567 5153 655 5207 12.
699 5152 802 5209 Sed
831 5154 968 5212 Deus
1002 5163 1305 5228 temperavit
1329 5181 1519 5235 corpus
1551 5169 1616 5224 "’.

567 5243 655 5300 15.
723 5245 1010 5317 Perperam
1078 5251 1240 5306 istam
1285 5257 1572 5328 concepit:
1603 5259 1708 5314 Sed
1739 5262 1793 5315 in
1838 5260 2082 5318 Ecclesia

493 5338 612 5392 uolo
641 5341 869 5409 quinque
915 5342 1070 5396 verba
1117 5361 1275 5399 sensu
1313 5365 1426 5401 meo
1476 5350 1619 5413 loqui
1644 5353 1705 5406 ³³.
1733 5353 1906 5410 Aliter
1931 5357 2075 5412 enim

492 5426 584 5484 ille
615 5429 870 5499 scripsit;
904 5441 958 5487 et
992 5433 1055 5487 ob
1088 5436 1271 5504 legem,
1319 5438 1544 5496 addidit.

566 5587 583 5616 ¹
611 5585 816 5678 (παρ’,
849 5590 955 5678 14..
987 5593 1202 5678 I’ﬂibid.
1243 5596 1327 5678 19".
1622 5604 1712 5658 24.
1793 5604 2022 5678 ‘Qalgt.
2053 5624 2099 5661 Vl

2204 5609 2257 5664 5.
2335 5612 2354 5641 ⁸
2396 5609 2416 5663 1
2447 5611 2573 5666 Cor.
2609 5627 2644 5677 ι,
2678 5612 2780 5678 19;
2815 5611 2918 5666 lsa.
2945 5629 3091 5678 nix,
3130 5613 3214 5668 14.

489 5651 583 5709 Jer
625 5672 698 5711 Ix.
744 5659 836 5713 25.

493 5723 537 5801 ξς
572 5725 747 5801 lgor.
778 5745 855 5790 vr,
889 5730 978 5787 16.
1085 5735 1129 5766 ¹²
1163 5735 1183 5788 1
1226 5734 1354 5791 Cor.
1395 5754 1446 5793 ιι
1469 5779 1483 5801 ,
1678 5723 1976 5801 ίίῖΙιῖἇίξῘ-

2196 4711 2267 4765 δὲ
2296 4711 2561 4779 τυπικῶς
2589 4712 2950 4767 συνέϐαινεν
2971 4713 3134 4783 ἡμῖν,
3172 4715 3264 4768 καὶ
3295 4713 3367 4767 τὰ
3389 4713 3536 4783 ἑξῆς.

2270 4811 2323 4858 ι’.
2349 4806 2409 4858 Τί
2433 4801 2548 4860 οὖν
2565 4823 2715 4876 φημι
2727 4823 2748 4871 ;
2766 4807 2895 4860 Ὅτι
2914 4807 3286 4876 ¹⁹·ίερόθυτόν
3305 4809 3363 4861 τί
3381 4807 3554 4861 ἐστιν
3578 4824 3590 4835 '
3625 4806 3779 4862 Ἀλλ’

2195 4893 2284 4949 ὅτι
2324 4895 2365 4950 ἂ
2394 4898 2610 4952 θύουσι
2641 4899 2994 4968 δαιμονίοις,
3021 4900 3119 4953 καὶ
3149 4901 3221 4953 οὐ
3254 4899 3395 4963 Θεῷ.

2269 4996 2358 5042 ια’.
2408 4990 2580 5058 Ἀνὴρ
2616 4993 2726 5045 οὐκ
2759 4991 2986 5060 ὀφείλει
3013 4991 3226 5062 κομᾶν,
3272 4993 3425 5060 δόξα
3465 4997 3568 5052 καὶ
3605 4995 3778 5050 εἰκὼν

2193 5081 2342 5136 Θεοῦ
2371 5081 2677 5152 ὑπάρχων.

2264 5174 2354 5245 ιβ’.
2400 5175 2574 5231 Ἀλλὰ
2602 5179 2636 5230 ό
2667 5175 2813 5242 Θεὸς
2849 5175 3226 5246 συνεκέρασε
3251 5177 3316 5231 τὸ
3351 5177 3542 5248 σῶμα.

2264 5265 2356 5336 ιγ’.
2387 5268 2862 5340 Πεπλανημένωςο
2906 5269 3091 5323 Ἀλλὰ
3139 5269 3211 5322 ἐν
3265 5271 3596 5338 Ἐκκλησία
3628 5271 3778 5325 θέλω

2188 5357 2369 5411 πέντε
2410 5361 2634 5428 λόγους
2676 5360 2756 5425 τῷ
2805 5362 2908 5415 νοΐ
2935 5379 3055 5431 μου
3087 5361 3380 5432 λαλῆσαι.
3423 5361 3659 5434 Ἑτέρως
3698 5363 3778 5428 δὲ,

2186 5450 2286 5503 διὰ
2319 5449 2427 5504 τόν
2450 5452 2659 5521 νόμον.

3319 5613 3339 5644 ⁸
3374 5613 3390 5666 Ι
3429 5613 3557 5668 Cor.
3595 5629 3635 5677 ι,
3664 5612 3774 5678 51ς

935 5663 955 5748 ξ
984 5661 1006 5716 l
1038 5662 1266 5749 (ἔρ-ι’..ιιίζ
1291 5668 1345 5722 6.
1438 5670 1459 5699 ⁸
1492 5669 1506 5721 Ι
1530 5673 1654 5749 ρον.
1681 5676 1908 5749 trudi);
1933 5676 2042 5749 Job
2071 5696 2099 5731 ν

2205 5661 2256 5732 ί-
2301 5683 2322 5713 ³
2806 5661 3153 5749 bili—aia”:
3172 5661 3266 5738 11.
3346 5661 3389 5715 ’δ

2085 5751 2128 5822 if
2159 5748 2178 5802 l
2212 5751 2340 5822 Cor.
2373 5769 2438 5816 x,
2474 5753 2496 5804 1
2533 5768 2686 5822 sqq.:
2731 5752 2902 5806 Exod.
2940 5769 3090 5811 χχιιι
3136 5748 3204 5810 ί6.

491 5790 538 5825 ⁸⁸
571 5793 592 5846 I
621 5795 744 5852 Cor.
781 5813 852 5861 ιι,
885 5801 975 5860 14.
1055 5805 1096 5837 ⁸⁷
1126 5805 1147 5860 l
1177 5790 1446 5877 Corum,—
1471 5790 1577 5865 '24?
1642 5814 1729 5869 "1
1919 5790 2033 5886 ξίν,
2070 5819 2090 5873 1

2214 5790 2276 5855 Ἰν
2313 5793 2438 5881 Vct.’
2465 5822 2497 5885 ἢ
2525 5790 2892 5879 ε’ὶὲὧίὸθυτονι

3310 5755 3352 5786 ¹⁵
3379 5755 3398 5809 l
3429 5753 3556 5809 Cor.
3593 5770 3646 5823 κ,
3683 5753 3773 5812 19.
