  <div class='ocr_page' id='page_1' title='image "/cluster/home/n/w/nwhite01/storage/ocr_20150623/41/nnc1.0046978747/406.png"; bbox 0 0 4156 6358; ppageno 0'>
   <div class='ocr_carea' id='block_1_1' title="bbox 407 355 518 415">
    <p class='ocr_par' dir='ltr' id='par_1_1' title="bbox 407 355 518 415">
     <span class='ocr_line' id='line_1_1' title="bbox 407 355 518 415; baseline 0.018 -2"><span class='ocrx_word' id='word_1_1' title='bbox 407 355 518 415; x_wconf 67' lang='lat'><strong><em>725</em></strong></span> 
     </span>
    </p>
   </div>
   <div class='ocr_carea' id='block_1_2' title="bbox 1088 363 3057 424">
    <p class='ocr_par' dir='ltr' id='par_1_2' title="bbox 1088 363 3057 424">
     <span class='ocr_line' id='line_1_2' title="bbox 1088 363 3057 424; baseline 0.001 -5"><span class='ocrx_word' id='word_1_2' title='bbox 1088 363 1455 422; x_wconf 73' lang='lat' dir='ltr'><strong><em>ADVERSUS</em></strong></span> <span class='ocrx_word' id='word_1_3' title='bbox 1495 363 1839 420; x_wconf 67' lang='lat' dir='ltr'><strong><em>H/ERESES</em></strong></span> <span class='ocrx_word' id='word_1_4' title='bbox 1878 364 2008 423; x_wconf 82' lang='lat' dir='ltr'><strong><em>LIB.</em></strong></span> <span class='ocrx_word' id='word_1_5' title='bbox 2041 364 2082 422; x_wconf 89' lang='grc' dir='ltr'><strong><em>Ι.</em></strong></span> <span class='ocrx_word' id='word_1_6' title='bbox 2124 364 2290 424; x_wconf 81' lang='grc' dir='ltr'><strong><em>ΤΟΜ.</em></strong></span> <span class='ocrx_word' id='word_1_7' title='bbox 2333 367 2423 423; x_wconf 79' lang='lat' dir='ltr'><strong><em>ll&#39;.</em></strong></span> <span class='ocrx_word' id='word_1_8' title='bbox 2460 398 2527 408; x_wconf 91' lang='lat'><strong>—</strong></span> <span class='ocrx_word' id='word_1_9' title='bbox 2568 365 2843 424; x_wconf 74' lang='lat' dir='ltr'><strong><em>‘LEBES.</em></strong></span> <span class='ocrx_word' id='word_1_10' title='bbox 2890 365 3057 422; x_wconf 74' lang='lat' dir='ltr'><strong><em>XLII.</em></strong></span> 
     </span>
    </p>
   </div>
   <div class='ocr_carea' id='block_1_3' title="bbox 3593 367 3702 421">
    <p class='ocr_par' dir='ltr' id='par_1_3' title="bbox 3593 367 3702 421">
     <span class='ocr_line' id='line_1_3' title="bbox 3593 367 3702 421; baseline 0.018 -2"><span class='ocrx_word' id='word_1_11' title='bbox 3593 367 3702 421; x_wconf 67' lang='grc' dir='ltr'><strong><em>Ἱῗϐ</em></strong></span> 
     </span>
    </p>
   </div>
   <div class='ocr_carea' id='block_1_4' title="bbox 480 472 1986 549">
    <p class='ocr_par' dir='ltr' id='par_1_4' title="bbox 480 472 1986 547">
     <span class='ocr_line' id='line_1_4' title="bbox 480 472 1986 547; baseline 0.003 -21"><span class='ocrx_word' id='word_1_12' title='bbox 480 472 563 528; x_wconf 79' lang='grc' dir='ltr'><em>ιδ’.</em></span> <span class='ocrx_word' id='word_1_13' title='bbox 612 472 703 527; x_wconf 82' lang='grc' dir='ltr'><em>Ἐν</em></span> <span class='ocrx_word' id='word_1_14' title='bbox 730 472 809 545; x_wconf 87' lang='grc' dir='ltr'><em>τῷ</em></span> <span class='ocrx_word' id='word_1_15' title='bbox 841 475 990 545; x_wconf 86' lang='grc' dir='ltr'><em>νόμῳ</em></span> <span class='ocrx_word' id='word_1_16' title='bbox 1018 475 1328 546; x_wconf 84' lang='grc' dir='ltr'><em>γέγραπται</em></span> <span class='ocrx_word' id='word_1_17' title='bbox 1348 494 1362 508; x_wconf 88' lang='grc'>·</span> <span class='ocrx_word' id='word_1_18' title='bbox 1390 477 1517 531; x_wconf 84' lang='grc' dir='ltr'><em>Ὅτι</em></span> <span class='ocrx_word' id='word_1_19' title='bbox 1539 478 1609 531; x_wconf 72' lang='grc' dir='ltr'><em>ἐν</em></span> <span class='ocrx_word' id='word_1_20' title='bbox 1633 477 1986 547; x_wconf 78' lang='grc' dir='ltr'><em>ἐτερογλὼσ·</em></span> 
     </span>
    </p>
   </div>
   <div class='ocr_carea' id='block_1_5' title="bbox 2088 472 3702 549">
    <p class='ocr_par' dir='ltr' id='par_1_5' title="bbox 2175 476 3702 549">
     <span class='ocr_line' id='line_1_5' title="bbox 2175 476 3702 549; baseline -0.001 -16"><span class='ocrx_word' id='word_1_21' title='bbox 2175 476 2333 547; x_wconf 76' lang='lat'><strong>321</strong></span> <span class='ocrx_word' id='word_1_22' title='bbox 2370 478 2459 532; x_wconf 68' lang='grc'><strong><em>14.</em></strong></span> <span class='ocrx_word' id='word_1_23' title='bbox 2498 476 2565 532; x_wconf 87' lang='lat' dir='ltr'><strong><em>In</em></strong></span> <span class='ocrx_word' id='word_1_24' title='bbox 2593 479 2699 549; x_wconf 82' lang='lat' dir='ltr'><strong><em>lege</em></strong></span> <span class='ocrx_word' id='word_1_25' title='bbox 2739 480 2990 542; x_wconf 67' lang='lat' dir='ltr'><strong><em>scriptum</em></strong></span> <span class='ocrx_word' id='word_1_26' title='bbox 3029 488 3099 529; x_wconf 72' lang='grc' dir='ltr'><strong><em>,τι</em></strong></span> <span class='ocrx_word' id='word_1_27' title='bbox 3136 493 3154 530; x_wconf 90' lang='lat'><strong><em>:</em></strong></span> <span class='ocrx_word' id='word_1_28' title='bbox 3188 481 3449 543; x_wconf 63' lang='lat' dir='ltr'><strong><em>Quoniam</em></strong></span> <span class='ocrx_word' id='word_1_29' title='bbox 3480 477 3529 531; x_wconf 69' lang='lat' dir='ltr'><strong><em>in</em></strong></span> <span class='ocrx_word' id='word_1_30' title='bbox 3576 476 3702 532; x_wconf 78' lang='lat' dir='ltr'><strong><em>aliis</em></strong></span> 
     </span>
    </p>
   </div>
   <div class='ocr_carea' id='block_1_6' title="bbox 404 566 1998 639">
    <p class='ocr_par' dir='ltr' id='par_1_6' title="bbox 404 566 1998 639">
     <span class='ocr_line' id='line_1_6' title="bbox 404 566 1998 639; baseline 0.001 -18"><span class='ocrx_word' id='word_1_31' title='bbox 404 580 573 632; x_wconf 82' lang='grc' dir='ltr'><em>σοις,</em></span> <span class='ocrx_word' id='word_1_32' title='bbox 610 566 711 623; x_wconf 80' lang='grc' dir='ltr'><strong><em>καὶ</em></strong></span> <span class='ocrx_word' id='word_1_33' title='bbox 742 567 813 620; x_wconf 75' lang='grc' dir='ltr'><em>ἐν</em></span> <span class='ocrx_word' id='word_1_34' title='bbox 845 569 1118 637; x_wconf 82' lang='grc' dir='ltr'><em>χείλεσιν</em></span> <span class='ocrx_word' id='word_1_35' title='bbox 1168 569 1393 639; x_wconf 84' lang='grc' dir='ltr'><em>ἑτέροις</em></span> <span class='ocrx_word' id='word_1_36' title='bbox 1421 570 1677 637; x_wconf 81' lang='grc' dir='ltr'><em>λαλήσω</em></span> <span class='ocrx_word' id='word_1_37' title='bbox 1702 572 1853 639; x_wconf 77' lang='grc' dir='ltr'><em>πρὸς</em></span> <span class='ocrx_word' id='word_1_38' title='bbox 1890 569 1998 623; x_wconf 83' lang='grc' dir='ltr'><em>τὸν</em></span> 
     </span>
    </p>
   </div>
   <div class='ocr_carea' id='block_1_7' title="bbox 403 656 1587 713">
    <p class='ocr_par' dir='ltr' id='par_1_7' title="bbox 403 656 1587 713">
     <span class='ocr_line' id='line_1_7' title="bbox 403 656 1587 713; baseline 0.003 -3"><span class='ocrx_word' id='word_1_39' title='bbox 403 656 562 711; x_wconf 87' lang='grc' dir='ltr'><em>λαὸν</em></span> <span class='ocrx_word' id='word_1_40' title='bbox 590 657 830 713; x_wconf 90' lang='grc' dir='ltr'><em>τοῦτον.</em></span> <span class='ocrx_word' id='word_1_41' title='bbox 1580 672 1587 678; x_wconf 89' lang='grc'><strong>·</strong></span> 
     </span>
    </p>
   </div>
   <div class='ocr_carea' id='block_1_8' title="bbox 479 751 1998 823">
    <p class='ocr_par' dir='ltr' id='par_1_8' title="bbox 479 751 1998 823">
     <span class='ocr_line' id='line_1_8' title="bbox 479 751 1998 823; baseline 0.003 -22"><span class='ocrx_word' id='word_1_42' title='bbox 479 754 559 803; x_wconf 80' lang='grc' dir='ltr'><em>ιε’.</em></span> <span class='ocrx_word' id='word_1_43' title='bbox 601 752 673 806; x_wconf 79' lang='lat' dir='ltr'><strong><em>Al</em></strong></span> <span class='ocrx_word' id='word_1_44' title='bbox 726 751 1011 820; x_wconf 83' lang='grc' dir='ltr'><em>γυναῖκες</em></span> <span class='ocrx_word' id='word_1_45' title='bbox 1061 752 1132 805; x_wconf 82' lang='grc' dir='ltr'><em>ἐν</em></span> <span class='ocrx_word' id='word_1_46' title='bbox 1178 752 1309 818; x_wconf 80' lang='grc' dir='ltr'><em>ταῖς</em></span> <span class='ocrx_word' id='word_1_47' title='bbox 1344 754 1703 821; x_wconf 68' lang='grc' dir='ltr'><strong><em>ἐκκλησίαις</em></strong></span> <span class='ocrx_word' id='word_1_48' title='bbox 1749 752 1998 823; x_wconf 79' lang='grc' dir='ltr'><em>σιγάτω-</em></span> 
     </span>
    </p>
   </div>
   <div class='ocr_carea' id='block_1_9' title="bbox 408 844 1995 914">
    <p class='ocr_par' dir='ltr' id='par_1_9' title="bbox 408 844 1995 914">
     <span class='ocr_line' id='line_1_9' title="bbox 408 844 1995 914; baseline 0.005 -21"><span class='ocrx_word' id='word_1_49' title='bbox 408 856 549 894; x_wconf 81' lang='grc' dir='ltr'><em>σαν.</em></span> <span class='ocrx_word' id='word_1_50' title='bbox 592 845 675 896; x_wconf 87' lang='grc' dir='ltr'><strong><em>Οὺ</em></strong></span> <span class='ocrx_word' id='word_1_51' title='bbox 718 844 829 914; x_wconf 86' lang='grc' dir='ltr'><em>γὰρ</em></span> <span class='ocrx_word' id='word_1_52' title='bbox 862 845 1282 913; x_wconf 82' lang='grc' dir='ltr'><strong><em>ἐπιτέτραπται</em></strong></span> <span class='ocrx_word' id='word_1_53' title='bbox 1314 848 1526 911; x_wconf 82' lang='grc' dir='ltr'><em>αὐταῖς</em></span> <span class='ocrx_word' id='word_1_54' title='bbox 1572 847 1816 901; x_wconf 79' lang='grc' dir='ltr'><strong><em>λαλεῖν·</em></strong></span> <span class='ocrx_word' id='word_1_55' title='bbox 1859 847 1995 901; x_wconf 83' lang='grc' dir='ltr'><em>ἀλλ’</em></span> 
     </span>
    </p>
   </div>
   <div class='ocr_carea' id='block_1_10' title="bbox 409 932 1851 1006">
    <p class='ocr_par' dir='ltr' id='par_1_10' title="bbox 409 932 1851 1006">
     <span class='ocr_line' id='line_1_10' title="bbox 409 932 1851 1006; baseline 0.003 -21"><span class='ocrx_word' id='word_1_56' title='bbox 409 932 993 1002; x_wconf 82' lang='grc' dir='ltr'><em>ὑποτασσέσθωσαν,</em></span> <span class='ocrx_word' id='word_1_57' title='bbox 1029 937 1225 1003; x_wconf 82' lang='grc' dir='ltr'><em>καθὼς</em></span> <span class='ocrx_word' id='word_1_58' title='bbox 1258 936 1357 989; x_wconf 80' lang='grc' dir='ltr'><em>καὶ</em></span> <span class='ocrx_word' id='word_1_59' title='bbox 1388 940 1420 990; x_wconf 87' lang='grc' dir='ltr'><em>ὀ</em></span> <span class='ocrx_word' id='word_1_60' title='bbox 1448 938 1634 1006; x_wconf 86' lang='grc' dir='ltr'><em>νόμος</em></span> <span class='ocrx_word' id='word_1_61' title='bbox 1666 938 1851 1006; x_wconf 85' lang='grc' dir='ltr'><em>λέγει.</em></span> 
     </span>
    </p>
   </div>
   <div class='ocr_carea' id='block_1_11' title="bbox 478 1026 1995 1099">
    <p class='ocr_par' dir='ltr' id='par_1_11' title="bbox 478 1026 1995 1099">
     <span class='ocr_line' id='line_1_11' title="bbox 478 1026 1995 1099; baseline 0.004 -23"><span class='ocrx_word' id='word_1_62' title='bbox 478 1031 576 1088; x_wconf 75' lang='grc' dir='ltr'><em>ις’.</em></span> <span class='ocrx_word' id='word_1_63' title='bbox 618 1027 755 1098; x_wconf 74' lang='grc' dir='ltr'><em>Περὶ</em></span> <span class='ocrx_word' id='word_1_64' title='bbox 780 1027 1137 1091; x_wconf 78' lang='grc' dir='ltr'><strong><em>ἀναστάσεως</em></strong></span> <span class='ocrx_word' id='word_1_65' title='bbox 1174 1027 1405 1099; x_wconf 85' lang='grc' dir='ltr'><em>νεκρῶν’</em></span> <span class='ocrx_word' id='word_1_66' title='bbox 1443 1026 1709 1095; x_wconf 82' lang='grc' dir='ltr'><em>Γνωρίζω</em></span> <span class='ocrx_word' id='word_1_67' title='bbox 1738 1028 1807 1081; x_wconf 83' lang='grc' dir='ltr'><em>δὲ</em></span> <span class='ocrx_word' id='word_1_68' title='bbox 1830 1026 1995 1097; x_wconf 82' lang='grc' dir='ltr'><em>ὑμῖν,</em></span> 
     </span>
    </p>
   </div>
   <div class='ocr_carea' id='block_1_12' title="bbox 405 1115 1993 1189">
    <p class='ocr_par' dir='ltr' id='par_1_12' title="bbox 405 1115 1993 1189">
     <span class='ocr_line' id='line_1_12' title="bbox 405 1115 1993 1189; baseline 0.001 -20"><span class='ocrx_word' id='word_1_69' title='bbox 405 1115 678 1186; x_wconf 72' lang='grc' dir='ltr'><em>ἀδελφοί,</em></span> <span class='ocrx_word' id='word_1_70' title='bbox 716 1117 781 1171; x_wconf 86' lang='grc' dir='ltr'><em>τὸ</em></span> <span class='ocrx_word' id='word_1_71' title='bbox 808 1119 1198 1189; x_wconf 79' lang='grc' dir='ltr'><em>Εὐαγγέλιον,</em></span> <span class='ocrx_word' id='word_1_72' title='bbox 1232 1119 1264 1172; x_wconf 83' lang='grc' dir='ltr'><em>ὃ</em></span> <span class='ocrx_word' id='word_1_73' title='bbox 1296 1119 1789 1189; x_wconf 73' lang='grc' dir='ltr'><strong><em>εὐηγγελισάμην</em></strong></span> <span class='ocrx_word' id='word_1_74' title='bbox 1820 1119 1993 1189; x_wconf 84' lang='grc' dir='ltr'><em>ὑμῖν·</em></span> 
     </span>
    </p>
   </div>
   <div class='ocr_carea' id='block_1_13' title="bbox 406 1210 1998 1283">
    <p class='ocr_par' dir='ltr' id='par_1_13' title="bbox 406 1210 1998 1283">
     <span class='ocr_line' id='line_1_13' title="bbox 406 1210 1998 1283; baseline 0.002 -20"><span class='ocrx_word' id='word_1_75' title='bbox 406 1210 501 1263; x_wconf 70' lang='grc' dir='ltr'><em>καὶ</em></span> <span class='ocrx_word' id='word_1_76' title='bbox 528 1210 632 1275; x_wconf 84' lang='grc' dir='ltr'><em>ὅτι,</em></span> <span class='ocrx_word' id='word_1_77' title='bbox 668 1214 737 1265; x_wconf 85' lang='lat' dir='ltr'><strong><em>El</em></strong></span> <span class='ocrx_word' id='word_1_78' title='bbox 766 1214 798 1265; x_wconf 85' lang='grc' dir='ltr'><strong><em>ό</em></strong></span> <span class='ocrx_word' id='word_1_79' title='bbox 823 1212 1077 1281; x_wconf 85' lang='grc' dir='ltr'><em>Χριστὸς</em></span> <span class='ocrx_word' id='word_1_80' title='bbox 1104 1215 1216 1266; x_wconf 80' lang='grc' dir='ltr'><em>οὐκ</em></span> <span class='ocrx_word' id='word_1_81' title='bbox 1249 1211 1577 1283; x_wconf 86' lang='grc' dir='ltr'><em>ἐγήγερται,</em></span> <span class='ocrx_word' id='word_1_82' title='bbox 1593 1212 1872 1283; x_wconf 85' lang='grc' dir='ltr'><em>μάταιον,</em></span> <span class='ocrx_word' id='word_1_83' title='bbox 1902 1214 1998 1267; x_wconf 74' lang='grc' dir='ltr'><em>καὶ</em></span> 
     </span>
    </p>
   </div>
   <div class='ocr_carea' id='block_1_14' title="bbox 401 1302 1996 1375">
    <p class='ocr_par' dir='ltr' id='par_1_14' title="bbox 401 1302 1996 1375">
     <span class='ocr_line' id='line_1_14' title="bbox 401 1302 1996 1375; baseline 0.001 -20"><span class='ocrx_word' id='word_1_84' title='bbox 401 1303 474 1355; x_wconf 62' lang='grc' dir='ltr'><em>τὰ</em></span> <span class='ocrx_word' id='word_1_85' title='bbox 529 1302 680 1372; x_wconf 81' lang='grc' dir='ltr'><em>ἑξῆς.</em></span> <span class='ocrx_word' id='word_1_86' title='bbox 736 1304 937 1369; x_wconf 84' lang='grc' dir='ltr'><em>Οὕτως</em></span> <span class='ocrx_word' id='word_1_87' title='bbox 986 1305 1416 1375; x_wconf 79' lang='grc' dir='ltr'><em>κηρύσσομεν,</em></span> <span class='ocrx_word' id='word_1_88' title='bbox 1482 1305 1582 1358; x_wconf 82' lang='grc' dir='ltr'><strong><em>και</em></strong></span> <span class='ocrx_word' id='word_1_89' title='bbox 1632 1304 1821 1371; x_wconf 83' lang='grc' dir='ltr'><em>οὕτως</em></span> <span class='ocrx_word' id='word_1_90' title='bbox 1866 1304 1996 1357; x_wconf 73' lang='grc' dir='ltr'><em>ἐπι-</em></span> 
     </span>
    </p>
   </div>
   <div class='ocr_carea' id='block_1_15' title="bbox 403 1394 1993 1467">
    <p class='ocr_par' dir='ltr' id='par_1_15' title="bbox 403 1394 1993 1467">
     <span class='ocr_line' id='line_1_15' title="bbox 403 1394 1993 1467; baseline 0.003 -20"><span class='ocrx_word' id='word_1_91' title='bbox 403 1396 777 1465; x_wconf 82' lang='grc' dir='ltr'><em>στεύσαμεν·</em></span> <span class='ocrx_word' id='word_1_92' title='bbox 832 1395 922 1449; x_wconf 83' lang='grc' dir='ltr'><em>ὅτι</em></span> <span class='ocrx_word' id='word_1_93' title='bbox 972 1394 1229 1465; x_wconf 85' lang='grc' dir='ltr'><em>Χριστὸς</em></span> <span class='ocrx_word' id='word_1_94' title='bbox 1283 1396 1582 1459; x_wconf 79' lang='grc' dir='ltr'><em>ἀπέθανε,</em></span> <span class='ocrx_word' id='word_1_95' title='bbox 1634 1397 1732 1451; x_wconf 82' lang='grc' dir='ltr'><strong><em>και</em></strong></span> <span class='ocrx_word' id='word_1_96' title='bbox 1781 1398 1993 1467; x_wconf 70' lang='grc' dir='ltr'><em>ἐτάφη,</em></span> 
     </span>
    </p>
   </div>
   <div class='ocr_carea' id='block_1_16' title="bbox 403 1486 1998 1558">
    <p class='ocr_par' dir='ltr' id='par_1_16' title="bbox 403 1486 1998 1558">
     <span class='ocr_line' id='line_1_16' title="bbox 403 1486 1998 1558; baseline 0.003 -18"><span class='ocrx_word' id='word_1_97' title='bbox 403 1488 503 1540; x_wconf 78' lang='grc' dir='ltr'><em>καὶ</em></span> <span class='ocrx_word' id='word_1_98' title='bbox 536 1486 844 1557; x_wconf 83' lang='grc' dir='ltr'><em>ἐγήγερται</em></span> <span class='ocrx_word' id='word_1_99' title='bbox 874 1489 1043 1557; x_wconf 80' lang='grc' dir='ltr'><em>τρίτῃ</em></span> <span class='ocrx_word' id='word_1_100' title='bbox 1086 1488 1297 1558; x_wconf 81' lang='grc' dir='ltr'><em>ήμέρςι.</em></span> <span class='ocrx_word' id='word_1_101' title='bbox 1330 1490 1516 1542; x_wconf 86' lang='grc' dir='ltr'><em>Ὅταν</em></span> <span class='ocrx_word' id='word_1_102' title='bbox 1551 1487 1621 1542; x_wconf 86' lang='grc' dir='ltr'><em>δὲ</em></span> <span class='ocrx_word' id='word_1_103' title='bbox 1666 1488 1734 1542; x_wconf 86' lang='grc' dir='ltr'><em>τὸ</em></span> <span class='ocrx_word' id='word_1_104' title='bbox 1773 1491 1998 1558; x_wconf 82' lang='grc' dir='ltr'><em>θνητὸν</em></span> 
     </span>
    </p>
   </div>
   <div class='ocr_carea' id='block_1_17' title="bbox 402 1579 1997 1651">
    <p class='ocr_par' dir='ltr' id='par_1_17' title="bbox 402 1579 1997 1651">
     <span class='ocr_line' id='line_1_17' title="bbox 402 1579 1997 1651; baseline 0.003 -19"><span class='ocrx_word' id='word_1_105' title='bbox 402 1579 581 1633; x_wconf 85' lang='grc' dir='ltr'><em>τοῦτο</em></span> <span class='ocrx_word' id='word_1_106' title='bbox 608 1579 937 1648; x_wconf 80' lang='grc' dir='ltr'><em>ἐνδύσηται</em></span> <span class='ocrx_word' id='word_1_107' title='bbox 987 1581 1360 1645; x_wconf 83' lang='grc' dir='ltr'><em>ἀθανασίαν,</em></span> <span class='ocrx_word' id='word_1_108' title='bbox 1413 1581 1550 1634; x_wconf 90' lang='grc' dir='ltr'><em>τότε</em></span> <span class='ocrx_word' id='word_1_109' title='bbox 1594 1580 1915 1651; x_wconf 85' lang='grc' dir='ltr'><em>γενήσεται</em></span> <span class='ocrx_word' id='word_1_110' title='bbox 1961 1584 1997 1636; x_wconf 81' lang='grc' dir='ltr'><em>ὁ</em></span> 
     </span>
    </p>
   </div>
   <div class='ocr_carea' id='block_1_18' title="bbox 401 1670 1995 1743">
    <p class='ocr_par' dir='ltr' id='par_1_18' title="bbox 401 1670 1995 1743">
     <span class='ocr_line' id='line_1_18' title="bbox 401 1670 1995 1743; baseline 0.002 -19"><span class='ocrx_word' id='word_1_111' title='bbox 401 1670 585 1739; x_wconf 83' lang='grc' dir='ltr'><em>λόγος</em></span> <span class='ocrx_word' id='word_1_112' title='bbox 618 1673 652 1725; x_wconf 84' lang='grc' dir='ltr'><strong><em>ό</em></strong></span> <span class='ocrx_word' id='word_1_113' title='bbox 692 1671 1098 1743; x_wconf 65' lang='grc' dir='ltr'><em>γεγραμμένος</em></span> <span class='ocrx_word' id='word_1_114' title='bbox 1116 1689 1130 1705; x_wconf 81' lang='lat'><strong><em>°</em></strong></span> <span class='ocrx_word' id='word_1_115' title='bbox 1180 1674 1492 1742; x_wconf 85' lang='grc' dir='ltr'><em>Κατεπόθη</em></span> <span class='ocrx_word' id='word_1_116' title='bbox 1533 1676 1566 1727; x_wconf 84' lang='grc' dir='ltr'><em>ὁ</em></span> <span class='ocrx_word' id='word_1_117' title='bbox 1605 1672 1862 1741; x_wconf 84' lang='grc' dir='ltr'><em>θάνατος</em></span> <span class='ocrx_word' id='word_1_118' title='bbox 1906 1675 1995 1742; x_wconf 78' lang='grc' dir='ltr'><strong><em>εις</em></strong></span> 
     </span>
    </p>
   </div>
   <div class='ocr_carea' id='block_1_19' title="bbox 400 1779 593 1829">
    <p class='ocr_par' dir='ltr' id='par_1_19' title="bbox 400 1779 593 1829">
     <span class='ocr_line' id='line_1_19' title="bbox 400 1779 593 1829; baseline 0.021 -13"><span class='ocrx_word' id='word_1_119' title='bbox 400 1779 593 1829; x_wconf 79' lang='grc' dir='ltr'><em>νικος.</em></span> 
     </span>
    </p>
   </div>
   <div class='ocr_carea' id='block_1_20' title="bbox 2102 568 3260 641">
    <p class='ocr_par' dir='ltr' id='par_1_20' title="bbox 2102 568 3260 641">
     <span class='ocr_line' id='line_1_20' title="bbox 2102 568 3260 641; baseline 0.002 -21"><span class='ocrx_word' id='word_1_120' title='bbox 2102 568 2319 639; x_wconf 77' lang='lat' dir='ltr'><strong><em>linguis,</em></strong></span> <span class='ocrx_word' id='word_1_121' title='bbox 2354 580 2403 624; x_wconf 87' lang='lat' dir='ltr'><strong><em>et</em></strong></span> <span class='ocrx_word' id='word_1_122' title='bbox 2436 571 2592 625; x_wconf 75' lang='lat' dir='ltr'><strong><em>labiis</em></strong></span> <span class='ocrx_word' id='word_1_123' title='bbox 2626 571 2815 641; x_wconf 87' lang='lat' dir='ltr'><strong><em>loquar</em></strong></span> <span class='ocrx_word' id='word_1_124' title='bbox 2841 572 3034 639; x_wconf 68' lang='lat' dir='ltr'><strong><em>populo</em></strong></span> <span class='ocrx_word' id='word_1_125' title='bbox 3068 568 3187 623; x_wconf 78' lang='lat' dir='ltr'><strong><em>huic</em></strong></span> <span class='ocrx_word' id='word_1_126' title='bbox 3217 570 3260 622; x_wconf 82' lang='lat'><strong><em>‘.</em></strong></span> 
     </span>
    </p>
   </div>
   <div class='ocr_carea' id='block_1_21' title="bbox 2174 746 3699 817">
    <p class='ocr_par' dir='ltr' id='par_1_21' title="bbox 2174 746 3699 817">
     <span class='ocr_line' id='line_1_21' title="bbox 2174 746 3699 817; baseline 0.001 -18"><span class='ocrx_word' id='word_1_127' title='bbox 2174 748 2262 803; x_wconf 85' lang='grc'><strong><em>15.</em></strong></span> <span class='ocrx_word' id='word_1_128' title='bbox 2298 747 2550 805; x_wconf 76' lang='lat' dir='ltr'><strong><em>Mulieres</em></strong></span> <span class='ocrx_word' id='word_1_129' title='bbox 2589 752 2644 805; x_wconf 89' lang='lat' dir='ltr'><strong><em>in</em></strong></span> <span class='ocrx_word' id='word_1_130' title='bbox 2691 752 2926 806; x_wconf 69' lang='lat' dir='ltr'><strong><em>ecclesiis</em></strong></span> <span class='ocrx_word' id='word_1_131' title='bbox 2980 760 3213 805; x_wconf 88' lang='lat' dir='ltr'><strong><em>taceant.</em></strong></span> <span class='ocrx_word' id='word_1_132' title='bbox 3252 746 3374 802; x_wconf 85' lang='lat' dir='ltr'><strong><em>Non</em></strong></span> <span class='ocrx_word' id='word_1_133' title='bbox 3405 750 3542 801; x_wconf 86' lang='lat' dir='ltr'><strong><em>enim</em></strong></span> <span class='ocrx_word' id='word_1_134' title='bbox 3579 762 3699 817; x_wconf 80' lang='lat' dir='ltr'><strong><em>pcr-</em></strong></span> 
     </span>
    </p>
   </div>
   <div class='ocr_carea' id='block_1_22' title="bbox 2100 839 3697 913">
    <p class='ocr_par' dir='ltr' id='par_1_22' title="bbox 2100 839 3697 913">
     <span class='ocr_line' id='line_1_22' title="bbox 2100 839 3697 913; baseline 0.001 -22"><span class='ocrx_word' id='word_1_135' title='bbox 2100 840 2336 893; x_wconf 86' lang='lat' dir='ltr'><strong><em>mittitur</em></strong></span> <span class='ocrx_word' id='word_1_136' title='bbox 2377 842 2453 896; x_wconf 86' lang='lat' dir='ltr'><strong><em>eis</em></strong></span> <span class='ocrx_word' id='word_1_137' title='bbox 2507 842 2670 913; x_wconf 82' lang='lat' dir='ltr'><strong><em>loqui,</em></strong></span> <span class='ocrx_word' id='word_1_138' title='bbox 2719 846 2809 897; x_wconf 88' lang='lat' dir='ltr'><strong><em>sed</em></strong></span> <span class='ocrx_word' id='word_1_139' title='bbox 2860 843 3103 897; x_wconf 87' lang='lat' dir='ltr'><strong><em>subditas</em></strong></span> <span class='ocrx_word' id='word_1_140' title='bbox 3141 858 3274 906; x_wconf 85' lang='lat' dir='ltr'><strong><em>esse,</em></strong></span> <span class='ocrx_word' id='word_1_141' title='bbox 3328 842 3465 894; x_wconf 86' lang='lat' dir='ltr'><strong><em>sicut</em></strong></span> <span class='ocrx_word' id='word_1_142' title='bbox 3516 851 3566 893; x_wconf 91' lang='lat' dir='ltr'><strong><em>et</em></strong></span> <span class='ocrx_word' id='word_1_143' title='bbox 3612 839 3697 893; x_wconf 80' lang='lat' dir='ltr'><strong><em>lex</em></strong></span> 
     </span>
    </p>
   </div>
   <div class='ocr_carea' id='block_1_23' title="bbox 2098 931 2315 985">
    <p class='ocr_par' dir='ltr' id='par_1_23' title="bbox 2098 931 2315 985">
     <span class='ocr_line' id='line_1_23' title="bbox 2098 931 2315 985; baseline 0.009 -2"><span class='ocrx_word' id='word_1_144' title='bbox 2098 931 2235 985; x_wconf 90' lang='lat' dir='ltr'><strong><em>dicit</em></strong></span> <span class='ocrx_word' id='word_1_145' title='bbox 2273 933 2315 985; x_wconf 73' lang='grc'><strong><em>⁸.</em></strong></span> 
     </span>
    </p>
   </div>
   <div class='ocr_carea' id='block_1_24' title="bbox 2171 1020 3691 1081">
    <p class='ocr_par' dir='ltr' id='par_1_24' title="bbox 2171 1020 3691 1081">
     <span class='ocr_line' id='line_1_24' title="bbox 2171 1020 3691 1081; baseline -0.002 -4"><span class='ocrx_word' id='word_1_146' title='bbox 2171 1022 2256 1077; x_wconf 87' lang='grc'><strong><em>16.</em></strong></span> <span class='ocrx_word' id='word_1_147' title='bbox 2288 1022 2364 1078; x_wconf 92' lang='lat' dir='ltr'><strong><em>De</em></strong></span> <span class='ocrx_word' id='word_1_148' title='bbox 2402 1027 2809 1081; x_wconf 78' lang='lat' dir='ltr'><strong><em>resurrectione</em></strong></span> <span class='ocrx_word' id='word_1_149' title='bbox 2858 1035 3201 1081; x_wconf 86' lang='lat' dir='ltr'><strong><em>mortuorum</em></strong></span> <span class='ocrx_word' id='word_1_150' title='bbox 3235 1020 3478 1078; x_wconf 88' lang='lat' dir='ltr'><strong><em>:Notum</em></strong></span> <span class='ocrx_word' id='word_1_151' title='bbox 3513 1030 3691 1076; x_wconf 88' lang='lat' dir='ltr'><strong><em>autem</em></strong></span> 
     </span>
    </p>
   </div>
   <div class='ocr_carea' id='block_1_25' title="bbox 2098 1115 3696 1192">
    <p class='ocr_par' dir='ltr' id='par_1_25' title="bbox 2098 1115 3696 1192">
     <span class='ocr_line' id='line_1_25' title="bbox 2098 1115 3696 1192; baseline 0.001 -23"><span class='ocrx_word' id='word_1_152' title='bbox 2098 1117 2242 1171; x_wconf 86' lang='lat' dir='ltr'><strong><em>vobis</em></strong></span> <span class='ocrx_word' id='word_1_153' title='bbox 2291 1118 2455 1186; x_wconf 77' lang='lat' dir='ltr'><strong><em>facio,</em></strong></span> <span class='ocrx_word' id='word_1_154' title='bbox 2502 1119 2720 1189; x_wconf 77' lang='lat' dir='ltr'><strong><em>fratres,</em></strong></span> <span class='ocrx_word' id='word_1_155' title='bbox 2782 1118 3161 1192; x_wconf 76' lang='lat' dir='ltr'><strong><em>Evangelium,</em></strong></span> <span class='ocrx_word' id='word_1_156' title='bbox 3221 1116 3357 1187; x_wconf 87' lang='lat' dir='ltr'><strong><em>quod</em></strong></span> <span class='ocrx_word' id='word_1_157' title='bbox 3409 1115 3696 1187; x_wconf 82' lang='lat' dir='ltr'><strong><em>pra&#39;dicaui</em></strong></span> 
     </span>
    </p>
   </div>
   <div class='ocr_carea' id='block_1_26' title="bbox 2098 1208 3688 1273">
    <p class='ocr_par' dir='ltr' id='par_1_26' title="bbox 2098 1208 3688 1273">
     <span class='ocr_line' id='line_1_26' title="bbox 2098 1208 3688 1273; baseline 0 -12"><span class='ocrx_word' id='word_1_158' title='bbox 2098 1208 2241 1262; x_wconf 77' lang='lat' dir='ltr'><strong><em>vobis</em></strong></span> <span class='ocrx_word' id='word_1_159' title='bbox 2284 1210 2327 1263; x_wconf 86' lang='grc'><strong><em>⁸.</em></strong></span> <span class='ocrx_word' id='word_1_160' title='bbox 2368 1209 2499 1266; x_wconf 86' lang='lat' dir='ltr'><strong><em>ltem</em></strong></span> <span class='ocrx_word' id='word_1_161' title='bbox 2537 1230 2550 1265; x_wconf 96' lang='lat'>:</span> <span class='ocrx_word' id='word_1_162' title='bbox 2595 1210 2655 1266; x_wconf 91' lang='lat' dir='ltr'><strong><em>Si</em></strong></span> <span class='ocrx_word' id='word_1_163' title='bbox 2705 1210 2949 1266; x_wconf 76' lang='lat' dir='ltr'><strong><em>Christus</em></strong></span> <span class='ocrx_word' id='word_1_164' title='bbox 3018 1228 3123 1266; x_wconf 87' lang='lat' dir='ltr'><strong><em>non</em></strong></span> <span class='ocrx_word' id='word_1_165' title='bbox 3178 1210 3507 1273; x_wconf 75' lang='lat' dir='ltr'><strong><em>resurrexit,</em></strong></span> <span class='ocrx_word' id='word_1_166' title='bbox 3567 1210 3688 1261; x_wconf 92' lang='lat' dir='ltr'><strong><em>ina-</em></strong></span> 
     </span>
    </p>
   </div>
   <div class='ocr_carea' id='block_1_27' title="bbox 2098 1300 3690 1375">
    <p class='ocr_par' dir='ltr' id='par_1_27' title="bbox 2098 1300 3690 1375">
     <span class='ocr_line' id='line_1_27' title="bbox 2098 1300 3690 1375; baseline 0.001 -22"><span class='ocrx_word' id='word_1_167' title='bbox 2098 1302 2204 1361; x_wconf 89' lang='lat' dir='ltr'><strong><em>nis,</em></strong></span> <span class='ocrx_word' id='word_1_168' title='bbox 2241 1308 2348 1356; x_wconf 89' lang='lat' dir='ltr'><strong><em>etc.</em></strong></span> <span class='ocrx_word' id='word_1_169' title='bbox 2403 1300 2495 1357; x_wconf 86' lang='lat' dir='ltr'><strong><em>Sic</em></strong></span> <span class='ocrx_word' id='word_1_170' title='bbox 2541 1304 2916 1375; x_wconf 63' lang='lat' dir='ltr'><strong><em>praedicamus,</em></strong></span> <span class='ocrx_word' id='word_1_171' title='bbox 2946 1315 2998 1358; x_wconf 91' lang='lat' dir='ltr'><strong><em>et</em></strong></span> <span class='ocrx_word' id='word_1_172' title='bbox 3043 1306 3120 1359; x_wconf 88' lang='lat' dir='ltr'><strong><em>sic</em></strong></span> <span class='ocrx_word' id='word_1_173' title='bbox 3159 1303 3507 1364; x_wconf 81' lang='lat' dir='ltr'><strong><em>credidimus,</em></strong></span> <span class='ocrx_word' id='word_1_174' title='bbox 3555 1316 3690 1371; x_wconf 76' lang='lat' dir='ltr'><strong><em>quo-</em></strong></span> 
     </span>
    </p>
   </div>
   <div class='ocr_carea' id='block_1_28' title="bbox 2097 1393 3692 1463">
    <p class='ocr_par' dir='ltr' id='par_1_28' title="bbox 2097 1393 3692 1463">
     <span class='ocr_line' id='line_1_28' title="bbox 2097 1393 3692 1463; baseline 0 -18"><span class='ocrx_word' id='word_1_175' title='bbox 2097 1393 2243 1446; x_wconf 85' lang='lat' dir='ltr'><strong><em>niam</em></strong></span> <span class='ocrx_word' id='word_1_176' title='bbox 2283 1393 2529 1449; x_wconf 85' lang='lat' dir='ltr'><strong><em>Christus</em></strong></span> <span class='ocrx_word' id='word_1_177' title='bbox 2572 1407 2812 1450; x_wconf 88' lang='lat' dir='ltr'><strong><em>mortuus</em></strong></span> <span class='ocrx_word' id='word_1_178' title='bbox 2857 1405 2971 1460; x_wconf 89' lang='lat' dir='ltr'><strong><em>est,</em></strong></span> <span class='ocrx_word' id='word_1_179' title='bbox 3010 1405 3059 1450; x_wconf 91' lang='lat' dir='ltr'><strong><em>et</em></strong></span> <span class='ocrx_word' id='word_1_180' title='bbox 3097 1396 3355 1463; x_wconf 88' lang='lat' dir='ltr'><strong><em>sepultus,</em></strong></span> <span class='ocrx_word' id='word_1_181' title='bbox 3381 1403 3429 1447; x_wconf 91' lang='lat' dir='ltr'><strong><em>et</em></strong></span> <span class='ocrx_word' id='word_1_182' title='bbox 3455 1402 3692 1447; x_wconf 81' lang='lat' dir='ltr'><strong><em>resurre-</em></strong></span> 
     </span>
    </p>
   </div>
   <div class='ocr_carea' id='block_1_29' title="bbox 2095 1485 3692 1543">
    <p class='ocr_par' dir='ltr' id='par_1_29' title="bbox 2095 1485 3692 1543">
     <span class='ocr_line' id='line_1_29' title="bbox 2095 1485 3692 1543; baseline 0 -6"><span class='ocrx_word' id='word_1_183' title='bbox 2095 1485 2177 1538; x_wconf 90' lang='lat' dir='ltr'><strong><em>xit</em></strong></span> <span class='ocrx_word' id='word_1_184' title='bbox 2208 1487 2364 1540; x_wconf 89' lang='lat' dir='ltr'><strong><em>tertia</em></strong></span> <span class='ocrx_word' id='word_1_185' title='bbox 2392 1486 2497 1542; x_wconf 86' lang='lat' dir='ltr'><strong><em>die.</em></strong></span> <span class='ocrx_word' id='word_1_186' title='bbox 2530 1487 2666 1543; x_wconf 92' lang='lat' dir='ltr'><strong><em>Cum</em></strong></span> <span class='ocrx_word' id='word_1_187' title='bbox 2695 1498 2872 1543; x_wconf 87' lang='lat' dir='ltr'><strong><em>autem</em></strong></span> <span class='ocrx_word' id='word_1_188' title='bbox 2920 1488 3146 1543; x_wconf 80' lang='lat' dir='ltr'><strong><em>mortale</em></strong></span> <span class='ocrx_word' id='word_1_189' title='bbox 3184 1487 3279 1541; x_wconf 84' lang='lat' dir='ltr'><strong><em>hoc</em></strong></span> <span class='ocrx_word' id='word_1_190' title='bbox 3318 1485 3569 1541; x_wconf 78' lang='lat' dir='ltr'><strong><em>induerit</em></strong></span> <span class='ocrx_word' id='word_1_191' title='bbox 3589 1485 3692 1538; x_wconf 91' lang='lat' dir='ltr'><strong><em>im-</em></strong></span> 
     </span>
    </p>
   </div>
   <div class='ocr_carea' id='block_1_30' title="bbox 2097 1576 3691 1651">
    <p class='ocr_par' dir='ltr' id='par_1_30' title="bbox 2097 1576 3691 1651">
     <span class='ocr_line' id='line_1_30' title="bbox 2097 1576 3691 1651; baseline 0.001 -22"><span class='ocrx_word' id='word_1_192' title='bbox 2097 1578 2502 1645; x_wconf 79' lang='lat' dir='ltr'><strong><em>mortalitatem,</em></strong></span> <span class='ocrx_word' id='word_1_193' title='bbox 2539 1590 2662 1634; x_wconf 89' lang='lat' dir='ltr'><strong><em>tunc</em></strong></span> <span class='ocrx_word' id='word_1_194' title='bbox 2693 1581 2783 1649; x_wconf 81' lang='lat' dir='ltr'><strong><em>ﬁet</em></strong></span> <span class='ocrx_word' id='word_1_195' title='bbox 2817 1596 2989 1636; x_wconf 87' lang='lat' dir='ltr'><strong><em>sermo</em></strong></span> <span class='ocrx_word' id='word_1_196' title='bbox 3028 1581 3119 1651; x_wconf 90' lang='lat' dir='ltr'><strong><em>qui</em></strong></span> <span class='ocrx_word' id='word_1_197' title='bbox 3158 1580 3386 1648; x_wconf 88' lang='lat' dir='ltr'><strong><em>scriptus</em></strong></span> <span class='ocrx_word' id='word_1_198' title='bbox 3428 1589 3549 1633; x_wconf 90' lang='lat' dir='ltr'><strong><em>est:</em></strong></span> <span class='ocrx_word' id='word_1_199' title='bbox 3578 1576 3691 1631; x_wconf 77' lang='lat' dir='ltr'><strong><em>Ab-</em></strong></span> 
     </span>
    </p>
   </div>
   <div class='ocr_carea' id='block_1_31' title="bbox 2096 1673 2979 1739">
    <p class='ocr_par' dir='ltr' id='par_1_31' title="bbox 2096 1673 2979 1739">
     <span class='ocr_line' id='line_1_31' title="bbox 2096 1673 2979 1739; baseline 0.006 -16"><span class='ocrx_word' id='word_1_200' title='bbox 2096 1678 2282 1739; x_wconf 86' lang='lat' dir='ltr'><strong><em>sorpta</em></strong></span> <span class='ocrx_word' id='word_1_201' title='bbox 2309 1680 2389 1726; x_wconf 91' lang='lat' dir='ltr'><strong><em>est</em></strong></span> <span class='ocrx_word' id='word_1_202' title='bbox 2428 1688 2571 1727; x_wconf 88' lang='lat' dir='ltr'><strong><em>mors</em></strong></span> <span class='ocrx_word' id='word_1_203' title='bbox 2605 1673 2660 1727; x_wconf 91' lang='lat' dir='ltr'><strong><em>in</em></strong></span> <span class='ocrx_word' id='word_1_204' title='bbox 2690 1674 2912 1728; x_wconf 85' lang='lat' dir='ltr'><strong><em>victoria</em></strong></span> <span class='ocrx_word' id='word_1_205' title='bbox 2937 1674 2979 1728; x_wconf 75' lang='grc'><strong><em>⁸.</em></strong></span> 
     </span>
    </p>
   </div>
   <div class='ocr_carea' id='block_1_32' title="bbox 438 1835 1986 1953">
    <p class='ocr_par' dir='ltr' id='par_1_32' title="bbox 438 1875 1957 1953">
     <span class='ocr_line' id='line_1_32' title="bbox 438 1875 1957 1953; baseline 0.003 -24"><span class='ocrx_word' id='word_1_206' title='bbox 438 1875 553 1947; x_wconf 85' lang='grc' dir='ltr'><strong><em>Τῆς</em></strong></span> <span class='ocrx_word' id='word_1_207' title='bbox 592 1875 729 1949; x_wconf 83' lang='grc' dir='ltr'><em>πρὸς</em></span> <span class='ocrx_word' id='word_1_208' title='bbox 768 1876 1093 1953; x_wconf 75' lang='grc' dir='ltr'><em>Κορινθίους</em></span> <span class='ocrx_word' id='word_1_209' title='bbox 1120 1877 1198 1953; x_wconf 60' lang='grc' dir='ltr'><strong><em>Βέ,</em></strong></span> <span class='ocrx_word' id='word_1_210' title='bbox 1240 1878 1380 1953; x_wconf 58' lang='grc' dir='ltr'><em>παρ’</em></span> <span class='ocrx_word' id='word_1_211' title='bbox 1423 1876 1574 1951; x_wconf 79' lang='grc' dir='ltr'><em>αὐτῷ</em></span> <span class='ocrx_word' id='word_1_212' title='bbox 1605 1877 1664 1933; x_wconf 81' lang='grc' dir='ltr'><em>δὲ</em></span> <span class='ocrx_word' id='word_1_213' title='bbox 1705 1878 1802 1933; x_wconf 79' lang='grc' dir='ltr'><em>καὶ</em></span> <span class='ocrx_word' id='word_1_214' title='bbox 1827 1880 1957 1953; x_wconf 80' lang='grc' dir='ltr'><em>παρ’</em></span> 
     </span>
    </p>
   </div>
   <div class='ocr_carea' id='block_1_33' title="bbox 2088 1835 3685 1953">
    <p class='ocr_par' dir='ltr' id='par_1_33' title="bbox 2095 1861 3685 1953">
     <span class='ocr_line' id='line_1_33' title="bbox 2095 1861 3685 1953; baseline 0.003 -36"><span class='ocrx_word' id='word_1_215' title='bbox 2095 1861 2173 1919; x_wconf 80' lang='lat' dir='ltr'><strong>Ex</strong></span> <span class='ocrx_word' id='word_1_216' title='bbox 2231 1863 2476 1936; x_wconf 85' lang='lat' dir='ltr'><strong><em>Epistola</em></strong></span> <span class='ocrx_word' id='word_1_217' title='bbox 2522 1868 2567 1924; x_wconf 90' lang='grc' dir='ltr'><strong><em>ιι</em></strong></span> <span class='ocrx_word' id='word_1_218' title='bbox 2602 1870 2669 1926; x_wconf 90' lang='lat' dir='ltr'><strong><em>ad</em></strong></span> <span class='ocrx_word' id='word_1_219' title='bbox 2717 1869 3209 1953; x_wconf 64' lang='lat' dir='ltr'><strong><em>corinthios._quae</em></strong></span> <span class='ocrx_word' id='word_1_220' title='bbox 3253 1876 3365 1924; x_wconf 86' lang='lat' dir='ltr'><strong><em>tam</em></strong></span> <span class='ocrx_word' id='word_1_221' title='bbox 3402 1866 3480 1924; x_wconf 85' lang='lat' dir='ltr'><strong><em>illi</em></strong></span> <span class='ocrx_word' id='word_1_222' title='bbox 3520 1881 3685 1939; x_wconf 83' lang='lat' dir='ltr'><strong><em>quam</em></strong></span> 
     </span>
    </p>
   </div>
   <div class='ocr_carea' id='block_1_34' title="bbox 1069 1947 1317 2021">
    <p class='ocr_par' dir='ltr' id='par_1_34' title="bbox 1069 1947 1317 2021">
     <span class='ocr_line' id='line_1_34' title="bbox 1069 1947 1317 2021; baseline 0.004 -19"><span class='ocrx_word' id='word_1_223' title='bbox 1069 1950 1203 2021; x_wconf 77' lang='grc' dir='ltr'><em>ἡμῖν</em></span> <span class='ocrx_word' id='word_1_224' title='bbox 1240 1947 1317 2003; x_wconf 87' lang='grc' dir='ltr'><strong><em>Γ’.</em></strong></span> 
     </span>
    </p>
   </div>
   <div class='ocr_carea' id='block_1_35' title="bbox 469 2057 1992 2133">
    <p class='ocr_par' dir='ltr' id='par_1_35' title="bbox 469 2057 1992 2133">
     <span class='ocr_line' id='line_1_35' title="bbox 469 2057 1992 2133; baseline 0.005 -23"><span class='ocrx_word' id='word_1_225' title='bbox 469 2062 539 2111; x_wconf 86' lang='grc' dir='ltr'><em>α’.</em></span> <span class='ocrx_word' id='word_1_226' title='bbox 582 2057 755 2114; x_wconf 85' lang='grc' dir='ltr'><em>Ὅσαι</em></span> <span class='ocrx_word' id='word_1_227' title='bbox 797 2061 909 2131; x_wconf 86' lang='grc' dir='ltr'><strong><em>γὰρ</em></strong></span> <span class='ocrx_word' id='word_1_228' title='bbox 963 2060 1316 2133; x_wconf 79' lang='grc' dir='ltr'><em>ἐπαγγελίαι</em></span> <span class='ocrx_word' id='word_1_229' title='bbox 1376 2064 1527 2119; x_wconf 85' lang='grc' dir='ltr'><em>Θεοῦ</em></span> <span class='ocrx_word' id='word_1_230' title='bbox 1547 2104 1563 2130; x_wconf 93' lang='grc'><strong><em>,</em></strong></span> <span class='ocrx_word' id='word_1_231' title='bbox 1613 2063 1683 2118; x_wconf 83' lang='grc' dir='ltr'><em>ἐν</em></span> <span class='ocrx_word' id='word_1_232' title='bbox 1728 2063 1891 2130; x_wconf 82' lang='grc' dir='ltr'><em>αὐτῷ</em></span> <span class='ocrx_word' id='word_1_233' title='bbox 1925 2064 1992 2118; x_wconf 87' lang='grc' dir='ltr'><em>τὸ</em></span> 
     </span>
    </p>
   </div>
   <div class='ocr_carea' id='block_1_36' title="bbox 399 2146 1704 2225">
    <p class='ocr_par' dir='ltr' id='par_1_36' title="bbox 399 2146 1704 2225">
     <span class='ocr_line' id='line_1_36' title="bbox 399 2146 1704 2225; baseline 0.008 -25"><span class='ocrx_word' id='word_1_234' title='bbox 399 2148 501 2201; x_wconf 83' lang='grc' dir='ltr'><strong><em>ναί</em></strong></span> <span class='ocrx_word' id='word_1_235' title='bbox 518 2164 534 2179; x_wconf 79' lang='grc' dir='ltr'><strong><em>ο</em></strong></span> <span class='ocrx_word' id='word_1_236' title='bbox 566 2146 657 2202; x_wconf 82' lang='grc' dir='ltr'><strong><em>διὸ</em></strong></span> <span class='ocrx_word' id='word_1_237' title='bbox 690 2150 791 2203; x_wconf 79' lang='grc' dir='ltr'><em>καὶ</em></span> <span class='ocrx_word' id='word_1_238' title='bbox 821 2151 896 2205; x_wconf 90' lang='grc' dir='ltr'><em>δι’</em></span> <span class='ocrx_word' id='word_1_239' title='bbox 929 2153 1118 2208; x_wconf 89' lang='grc' dir='ltr'><em>αὐτοῦ</em></span> <span class='ocrx_word' id='word_1_240' title='bbox 1161 2153 1230 2207; x_wconf 86' lang='grc' dir='ltr'><em>τὸ</em></span> <span class='ocrx_word' id='word_1_241' title='bbox 1259 2152 1424 2225; x_wconf 83' lang='grc' dir='ltr'><em>ἀμὴν</em></span> <span class='ocrx_word' id='word_1_242' title='bbox 1450 2154 1531 2221; x_wconf 85' lang='grc' dir='ltr'><em>τῷ</em></span> <span class='ocrx_word' id='word_1_243' title='bbox 1562 2154 1704 2221; x_wconf 84' lang='grc' dir='ltr'><em>Θεῷ.</em></span> 
     </span>
    </p>
   </div>
   <div class='ocr_carea' id='block_1_37' title="bbox 473 2239 1994 2315">
    <p class='ocr_par' dir='ltr' id='par_1_37' title="bbox 473 2239 1994 2315">
     <span class='ocr_line' id='line_1_37' title="bbox 473 2239 1994 2315; baseline 0.003 -21"><span class='ocrx_word' id='word_1_244' title='bbox 473 2239 537 2310; x_wconf 85' lang='grc' dir='ltr'><strong><em>β’.</em></strong></span> <span class='ocrx_word' id='word_1_245' title='bbox 575 2243 657 2295; x_wconf 90' lang='grc' dir='ltr'><strong><em>Οὐ</em></strong></span> <span class='ocrx_word' id='word_1_246' title='bbox 692 2242 801 2312; x_wconf 84' lang='grc' dir='ltr'><em>γὰρ</em></span> <span class='ocrx_word' id='word_1_247' title='bbox 845 2243 1101 2311; x_wconf 83' lang='grc' dir='ltr'><em>ἑαυτοὺς</em></span> <span class='ocrx_word' id='word_1_248' title='bbox 1134 2246 1550 2315; x_wconf 84' lang='grc' dir='ltr'><em>κηρύσσομεν,</em></span> <span class='ocrx_word' id='word_1_249' title='bbox 1584 2246 1748 2301; x_wconf 81' lang='grc' dir='ltr'><em>ἀλλὰ</em></span> <span class='ocrx_word' id='word_1_250' title='bbox 1774 2248 1994 2315; x_wconf 88' lang='grc' dir='ltr'><em>Κύριον</em></span> 
     </span>
    </p>
   </div>
   <div class='ocr_carea' id='block_1_38' title="bbox 412 2330 1994 2409">
    <p class='ocr_par' dir='ltr' id='par_1_38' title="bbox 412 2330 1994 2409">
     <span class='ocr_line' id='line_1_38' title="bbox 412 2330 1994 2409; baseline 0.005 -24"><span class='ocrx_word' id='word_1_251' title='bbox 412 2330 661 2400; x_wconf 83' lang='grc' dir='ltr'><em>Ἰησοῦν</em></span> <span class='ocrx_word' id='word_1_252' title='bbox 685 2335 967 2403; x_wconf 83' lang='grc' dir='ltr'><em>Χριστὸν,</em></span> <span class='ocrx_word' id='word_1_253' title='bbox 994 2336 1252 2404; x_wconf 80' lang='grc' dir='ltr'><em>ἑαυτοὺς</em></span> <span class='ocrx_word' id='word_1_254' title='bbox 1285 2336 1355 2391; x_wconf 81' lang='grc' dir='ltr'><em>δὲ</em></span> <span class='ocrx_word' id='word_1_255' title='bbox 1398 2337 1663 2405; x_wconf 82' lang='grc' dir='ltr'><em>δούλους</em></span> <span class='ocrx_word' id='word_1_256' title='bbox 1698 2338 1869 2409; x_wconf 86' lang='grc' dir='ltr'><em>ὑμῶν</em></span> <span class='ocrx_word' id='word_1_257' title='bbox 1894 2337 1994 2393; x_wconf 86' lang='grc' dir='ltr'><strong><em>διὰ</em></strong></span> 
     </span>
    </p>
   </div>
   <div class='ocr_carea' id='block_1_39' title="bbox 412 2422 1993 2495">
    <p class='ocr_par' dir='ltr' id='par_1_39' title="bbox 412 2422 1993 2495">
     <span class='ocr_line' id='line_1_39' title="bbox 412 2422 1993 2495; baseline 0.004 -19"><span class='ocrx_word' id='word_1_258' title='bbox 412 2422 618 2489; x_wconf 88' lang='grc' dir='ltr'><em>Ἰησοῦ</em></span> <span class='ocrx_word' id='word_1_259' title='bbox 642 2424 926 2491; x_wconf 84' lang='grc' dir='ltr'><em>Χριστοῦ.</em></span> <span class='ocrx_word' id='word_1_260' title='bbox 958 2425 1089 2481; x_wconf 88' lang='grc' dir='ltr'><em>Ὅτι</em></span> <span class='ocrx_word' id='word_1_261' title='bbox 1118 2429 1153 2480; x_wconf 82' lang='grc' dir='ltr'><strong><em>ό</em></strong></span> <span class='ocrx_word' id='word_1_262' title='bbox 1184 2425 1331 2493; x_wconf 87' lang='grc' dir='ltr'><em>Θεὸς</em></span> <span class='ocrx_word' id='word_1_263' title='bbox 1357 2429 1391 2481; x_wconf 84' lang='grc' dir='ltr'><strong><em>ό</em></strong></span> <span class='ocrx_word' id='word_1_264' title='bbox 1418 2427 1604 2483; x_wconf 77' lang='grc' dir='ltr'><em>εἰπὼν</em></span> <span class='ocrx_word' id='word_1_265' title='bbox 1632 2429 1701 2483; x_wconf 83' lang='grc' dir='ltr'><em>ἐκ</em></span> <span class='ocrx_word' id='word_1_266' title='bbox 1730 2429 1993 2495; x_wconf 83' lang='grc' dir='ltr'><em>σκότους</em></span> 
     </span>
    </p>
   </div>
   <div class='ocr_carea' id='block_1_40' title="bbox 396 2511 815 2585">
    <p class='ocr_par' dir='ltr' id='par_1_40' title="bbox 396 2511 815 2585">
     <span class='ocr_line' id='line_1_40' title="bbox 396 2511 815 2585; baseline 0.012 -19"><span class='ocrx_word' id='word_1_267' title='bbox 396 2511 524 2583; x_wconf 74' lang='grc' dir='ltr'><strong><em>φῶς</em></strong></span> <span class='ocrx_word' id='word_1_268' title='bbox 554 2514 815 2585; x_wconf 78' lang='grc' dir='ltr'><em>λάμψαι.</em></span> 
     </span>
    </p>
   </div>
   <div class='ocr_carea' id='block_1_41' title="bbox 468 2608 1993 2682">
    <p class='ocr_par' dir='ltr' id='par_1_41' title="bbox 468 2608 1993 2682">
     <span class='ocr_line' id='line_1_41' title="bbox 468 2608 1993 2682; baseline 0.003 -20"><span class='ocrx_word' id='word_1_269' title='bbox 468 2613 539 2676; x_wconf 91' lang='grc' dir='ltr'><em>γ’.</em></span> <span class='ocrx_word' id='word_1_270' title='bbox 578 2609 870 2678; x_wconf 80' lang='grc' dir='ltr'><em>Ἔχοντες</em></span> <span class='ocrx_word' id='word_1_271' title='bbox 908 2608 977 2663; x_wconf 80' lang='grc' dir='ltr'><em>δὲ</em></span> <span class='ocrx_word' id='word_1_272' title='bbox 1004 2610 1072 2665; x_wconf 87' lang='grc' dir='ltr'><em>τὸ</em></span> <span class='ocrx_word' id='word_1_273' title='bbox 1123 2610 1271 2666; x_wconf 85' lang='grc' dir='ltr'><em>αὐτὸ</em></span> <span class='ocrx_word' id='word_1_274' title='bbox 1304 2612 1553 2682; x_wconf 84' lang='grc' dir='ltr'><em>Πνεῦμα</em></span> <span class='ocrx_word' id='word_1_275' title='bbox 1583 2612 1694 2681; x_wconf 83' lang='grc' dir='ltr'><em>τῆς</em></span> <span class='ocrx_word' id='word_1_276' title='bbox 1731 2612 1993 2678; x_wconf 84' lang='grc' dir='ltr'><em>πίστεως</em></span> 
     </span>
    </p>
   </div>
   <div class='ocr_carea' id='block_1_42' title="bbox 397 2699 1989 2776">
    <p class='ocr_par' dir='ltr' id='par_1_42' title="bbox 397 2699 1989 2776">
     <span class='ocr_line' id='line_1_42' title="bbox 397 2699 1989 2776; baseline 0.003 -23"><span class='ocrx_word' id='word_1_277' title='bbox 397 2699 497 2754; x_wconf 77' lang='grc' dir='ltr'><em>καί</em></span> <span class='ocrx_word' id='word_1_278' title='bbox 530 2701 704 2771; x_wconf 74' lang='grc' dir='ltr'><em>ἡμεῖς</em></span> <span class='ocrx_word' id='word_1_279' title='bbox 732 2703 1098 2774; x_wconf 84' lang='grc' dir='ltr'><em>πιστεύομεν</em></span> <span class='ocrx_word' id='word_1_280' title='bbox 1129 2705 1230 2759; x_wconf 77' lang='grc' dir='ltr'><strong><em>καί</em></strong></span> <span class='ocrx_word' id='word_1_281' title='bbox 1273 2705 1606 2776; x_wconf 85' lang='grc' dir='ltr'><em>λαλοῦμεν.</em></span> <span class='ocrx_word' id='word_1_282' title='bbox 1646 2704 1902 2776; x_wconf 78' lang='grc' dir='ltr'><em>Ἐξέκοψε</em></span> <span class='ocrx_word' id='word_1_283' title='bbox 1931 2705 1989 2758; x_wconf 85' lang='grc' dir='ltr'><em>δὲ</em></span> 
     </span>
    </p>
   </div>
   <div class='ocr_carea' id='block_1_43' title="bbox 396 2791 1199 2866">
    <p class='ocr_par' dir='ltr' id='par_1_43' title="bbox 396 2791 1199 2866">
     <span class='ocr_line' id='line_1_43' title="bbox 396 2791 1199 2866; baseline 0.007 -21"><span class='ocrx_word' id='word_1_284' title='bbox 396 2791 458 2845; x_wconf 86' lang='grc' dir='ltr'><em>τὸ</em></span> <span class='ocrx_word' id='word_1_285' title='bbox 491 2792 641 2848; x_wconf 83' lang='grc' dir='ltr'><em>κατὰ</em></span> <span class='ocrx_word' id='word_1_286' title='bbox 670 2794 736 2847; x_wconf 89' lang='grc' dir='ltr'><em>τὸ</em></span> <span class='ocrx_word' id='word_1_287' title='bbox 768 2795 1199 2866; x_wconf 72' lang='grc' dir='ltr'><em>γεγραμμένον.</em></span> 
     </span>
    </p>
   </div>
   <div class='ocr_carea' id='block_1_44' title="bbox 466 2884 1986 2962">
    <p class='ocr_par' dir='ltr' id='par_1_44' title="bbox 466 2884 1986 2962">
     <span class='ocr_line' id='line_1_44' title="bbox 466 2884 1986 2962; baseline 0.005 -25"><span class='ocrx_word' id='word_1_288' title='bbox 466 2884 615 2957; x_wconf 80' lang='grc' dir='ltr'><em>Αὕτη</em></span> <span class='ocrx_word' id='word_1_289' title='bbox 665 2887 699 2957; x_wconf 81' lang='grc' dir='ltr'>ὴ</span> <span class='ocrx_word' id='word_1_290' title='bbox 757 2888 1119 2962; x_wconf 87' lang='grc' dir='ltr'><em>νενοθευμένη</em></span> <span class='ocrx_word' id='word_1_291' title='bbox 1170 2886 1266 2943; x_wconf 79' lang='grc' dir='ltr'><strong><em>τοῦ</em></strong></span> <span class='ocrx_word' id='word_1_292' title='bbox 1310 2889 1641 2961; x_wconf 76' lang='grc' dir='ltr'><em>Μαρκίωνος</em></span> <span class='ocrx_word' id='word_1_293' title='bbox 1696 2888 1986 2957; x_wconf 82' lang='grc' dir='ltr'><em>σύνταξις,</em></span> 
     </span>
    </p>
   </div>
   <div class='ocr_carea' id='block_1_45' title="bbox 397 2975 1988 3051">
    <p class='ocr_par' dir='ltr' id='par_1_45' title="bbox 397 2975 1988 3051">
     <span class='ocr_line' id='line_1_45' title="bbox 397 2975 1988 3051; baseline 0.006 -23"><span class='ocrx_word' id='word_1_294' title='bbox 397 2975 599 3047; x_wconf 80' lang='grc' dir='ltr'><em>ἔχουσα</em></span> <span class='ocrx_word' id='word_1_295' title='bbox 635 2978 737 3049; x_wconf 83' lang='grc' dir='ltr'><em>μὲν</em></span> <span class='ocrx_word' id='word_1_296' title='bbox 766 2981 1097 3051; x_wconf 80' lang='grc' dir='ltr'><em>χαρακτῆρα</em></span> <span class='ocrx_word' id='word_1_297' title='bbox 1136 2982 1231 3035; x_wconf 77' lang='grc' dir='ltr'><em>καὶ</em></span> <span class='ocrx_word' id='word_1_298' title='bbox 1261 2981 1431 3035; x_wconf 82' lang='grc' dir='ltr'><em>τύπον</em></span> <span class='ocrx_word' id='word_1_299' title='bbox 1468 2982 1565 3036; x_wconf 83' lang='grc' dir='ltr'><strong><em>τοῦ</em></strong></span> <span class='ocrx_word' id='word_1_300' title='bbox 1604 2982 1747 3037; x_wconf 87' lang='grc' dir='ltr'><strong><em>κατά</em></strong></span> <span class='ocrx_word' id='word_1_301' title='bbox 1772 2985 1988 3038; x_wconf 81' lang='grc' dir='ltr'><em>Λουκᾶν</em></span> 
     </span>
    </p>
   </div>
   <div class='ocr_carea' id='block_1_46' title="bbox 395 3068 1983 3144">
    <p class='ocr_par' dir='ltr' id='par_1_46' title="bbox 395 3068 1983 3144">
     <span class='ocr_line' id='line_1_46' title="bbox 395 3068 1983 3144; baseline 0.003 -22"><span class='ocrx_word' id='word_1_302' title='bbox 395 3068 768 3139; x_wconf 81' lang='grc' dir='ltr'><em>Εὑαγγελίου,</em></span> <span class='ocrx_word' id='word_1_303' title='bbox 802 3072 897 3125; x_wconf 80' lang='grc' dir='ltr'><em>καὶ</em></span> <span class='ocrx_word' id='word_1_304' title='bbox 947 3073 1163 3127; x_wconf 83' lang='grc' dir='ltr'><em>Παύλου</em></span> <span class='ocrx_word' id='word_1_305' title='bbox 1197 3073 1294 3128; x_wconf 82' lang='grc' dir='ltr'><strong><em>τοῦ</em></strong></span> <span class='ocrx_word' id='word_1_306' title='bbox 1336 3074 1636 3129; x_wconf 85' lang='grc' dir='ltr'><em>ἀποστόλου</em></span> <span class='ocrx_word' id='word_1_307' title='bbox 1687 3075 1786 3144; x_wconf 82' lang='grc' dir='ltr'><em>οὐχ</em></span> <span class='ocrx_word' id='word_1_308' title='bbox 1841 3074 1983 3139; x_wconf 83' lang='grc' dir='ltr'><em>ὅλον,</em></span> 
     </span>
    </p>
   </div>
   <div class='ocr_carea' id='block_1_47' title="bbox 2697 1941 3087 1997">
    <p class='ocr_par' dir='ltr' id='par_1_47' title="bbox 2697 1941 3087 1997">
     <span class='ocr_line' id='line_1_47' title="bbox 2697 1941 3087 1997; baseline 0 0"><span class='ocrx_word' id='word_1_309' title='bbox 2697 1943 2858 1997; x_wconf 88' lang='lat' dir='ltr'><strong><em>nobis</em></strong></span> <span class='ocrx_word' id='word_1_310' title='bbox 2886 1951 2971 1997; x_wconf 86' lang='lat' dir='ltr'><strong><em>est</em></strong></span> <span class='ocrx_word' id='word_1_311' title='bbox 3000 1941 3087 1997; x_wconf 89' lang='grc' dir='ltr'><em>ιιι.</em></span> 
     </span>
    </p>
   </div>
   <div class='ocr_carea' id='block_1_48' title="bbox 2167 2054 3688 2126">
    <p class='ocr_par' dir='ltr' id='par_1_48' title="bbox 2167 2054 3688 2126">
     <span class='ocr_line' id='line_1_48' title="bbox 2167 2054 3688 2126; baseline 0.003 -18"><span class='ocrx_word' id='word_1_312' title='bbox 2167 2054 2218 2109; x_wconf 89' lang='grc'><strong>1.</strong></span> <span class='ocrx_word' id='word_1_313' title='bbox 2260 2054 2529 2126; x_wconf 84' lang='lat' dir='ltr'><strong><em>Quotquot</em></strong></span> <span class='ocrx_word' id='word_1_314' title='bbox 2572 2054 2713 2109; x_wconf 91' lang='lat' dir='ltr'><strong><em>enim</em></strong></span> <span class='ocrx_word' id='word_1_315' title='bbox 2750 2056 3129 2124; x_wconf 87' lang='lat' dir='ltr'><strong><em>promissiones</em></strong></span> <span class='ocrx_word' id='word_1_316' title='bbox 3184 2055 3278 2112; x_wconf 89' lang='lat' dir='ltr'><strong><em>Dei</em></strong></span> <span class='ocrx_word' id='word_1_317' title='bbox 3310 2064 3456 2123; x_wconf 90' lang='lat' dir='ltr'><strong><em>sunt,</em></strong></span> <span class='ocrx_word' id='word_1_318' title='bbox 3494 2056 3552 2111; x_wconf 91' lang='lat' dir='ltr'><strong><em>in</em></strong></span> <span class='ocrx_word' id='word_1_319' title='bbox 3587 2054 3688 2112; x_wconf 83' lang='lat' dir='ltr'><strong><em>illo</em></strong></span> 
     </span>
    </p>
   </div>
   <div class='ocr_carea' id='block_1_49' title="bbox 2092 2146 3158 2215">
    <p class='ocr_par' dir='ltr' id='par_1_49' title="bbox 2092 2146 3158 2215">
     <span class='ocr_line' id='line_1_49' title="bbox 2092 2146 3158 2215; baseline 0.004 -15"><span class='ocrx_word' id='word_1_320' title='bbox 2092 2152 2172 2200; x_wconf 85' lang='lat' dir='ltr'><strong><em>est</em></strong></span> <span class='ocrx_word' id='word_1_321' title='bbox 2200 2160 2220 2199; x_wconf 91' lang='lat'><strong><em>:</em></strong></span> <span class='ocrx_word' id='word_1_322' title='bbox 2253 2146 2369 2200; x_wconf 88' lang='lat' dir='ltr'><strong><em>ideo</em></strong></span> <span class='ocrx_word' id='word_1_323' title='bbox 2405 2154 2455 2199; x_wconf 88' lang='lat' dir='ltr'><strong><em>et</em></strong></span> <span class='ocrx_word' id='word_1_324' title='bbox 2482 2161 2574 2215; x_wconf 92' lang='lat' dir='ltr'><strong><em>per</em></strong></span> <span class='ocrx_word' id='word_1_325' title='bbox 2600 2147 2771 2214; x_wconf 90' lang='lat' dir='ltr'><strong><em>ipsum</em></strong></span> <span class='ocrx_word' id='word_1_326' title='bbox 2794 2164 2947 2203; x_wconf 88' lang='lat' dir='ltr'><strong><em>amen</em></strong></span> <span class='ocrx_word' id='word_1_327' title='bbox 2970 2148 3081 2203; x_wconf 89' lang='lat' dir='ltr'><strong><em>Deo</em></strong></span> <span class='ocrx_word' id='word_1_328' title='bbox 3113 2148 3158 2204; x_wconf 90' lang='lat'><strong><em>&quot;.</em></strong></span> 
     </span>
    </p>
   </div>
   <div class='ocr_carea' id='block_1_50' title="bbox 2162 2238 3688 2311">
    <p class='ocr_par' dir='ltr' id='par_1_50' title="bbox 2162 2238 3688 2311">
     <span class='ocr_line' id='line_1_50' title="bbox 2162 2238 3688 2311; baseline 0.001 -18"><span class='ocrx_word' id='word_1_329' title='bbox 2162 2239 2217 2295; x_wconf 76' lang='lat'><strong><em>2.</em></strong></span> <span class='ocrx_word' id='word_1_330' title='bbox 2247 2238 2372 2292; x_wconf 87' lang='lat' dir='ltr'><strong><em>Non</em></strong></span> <span class='ocrx_word' id='word_1_331' title='bbox 2405 2239 2543 2293; x_wconf 90' lang='lat' dir='ltr'><strong><em>enim</em></strong></span> <span class='ocrx_word' id='word_1_332' title='bbox 2584 2241 2933 2310; x_wconf 87' lang='lat' dir='ltr'><strong><em>nosmetipsos</em></strong></span> <span class='ocrx_word' id='word_1_333' title='bbox 2971 2241 3346 2311; x_wconf 71' lang='lat' dir='ltr'><strong><em>pradicamus,</em></strong></span> <span class='ocrx_word' id='word_1_334' title='bbox 3378 2240 3471 2297; x_wconf 85' lang='lat' dir='ltr'><strong><em>sed</em></strong></span> <span class='ocrx_word' id='word_1_335' title='bbox 3498 2241 3688 2297; x_wconf 80' lang='lat' dir='ltr'><strong><em>Domi-</em></strong></span> 
     </span>
    </p>
   </div>
   <div class='ocr_carea' id='block_1_51' title="bbox 2093 2331 3684 2402">
    <p class='ocr_par' dir='ltr' id='par_1_51' title="bbox 2093 2331 3684 2402">
     <span class='ocr_line' id='line_1_51' title="bbox 2093 2331 3684 2402; baseline 0 -16"><span class='ocrx_word' id='word_1_336' title='bbox 2093 2349 2218 2387; x_wconf 91' lang='lat' dir='ltr'><strong><em>num</em></strong></span> <span class='ocrx_word' id='word_1_337' title='bbox 2250 2331 2435 2387; x_wconf 79' lang='lat' dir='ltr'><strong><em>Iesum</em></strong></span> <span class='ocrx_word' id='word_1_338' title='bbox 2464 2332 2779 2397; x_wconf 77' lang='lat' dir='ltr'><strong><em>Christum;</em></strong></span> <span class='ocrx_word' id='word_1_339' title='bbox 2809 2350 2903 2388; x_wconf 89' lang='lat' dir='ltr'><strong><em>nos</em></strong></span> <span class='ocrx_word' id='word_1_340' title='bbox 2934 2343 3111 2387; x_wconf 90' lang='lat' dir='ltr'><strong><em>autem</em></strong></span> <span class='ocrx_word' id='word_1_341' title='bbox 3151 2351 3327 2389; x_wconf 87' lang='lat' dir='ltr'><strong><em>servos</em></strong></span> <span class='ocrx_word' id='word_1_342' title='bbox 3366 2345 3565 2389; x_wconf 79' lang='lat' dir='ltr'><strong><em>vestros</em></strong></span> <span class='ocrx_word' id='word_1_343' title='bbox 3593 2349 3684 2402; x_wconf 88' lang='lat' dir='ltr'><strong><em>per</em></strong></span> 
     </span>
    </p>
   </div>
   <div class='ocr_carea' id='block_1_52' title="bbox 2090 2423 3687 2499">
    <p class='ocr_par' dir='ltr' id='par_1_52' title="bbox 2090 2423 3687 2499">
     <span class='ocr_line' id='line_1_52' title="bbox 2090 2423 3687 2499; baseline 0.003 -21"><span class='ocrx_word' id='word_1_344' title='bbox 2090 2423 2276 2478; x_wconf 72' lang='lat' dir='ltr'><strong><em>Iesum</em></strong></span> <span class='ocrx_word' id='word_1_345' title='bbox 2307 2424 2600 2479; x_wconf 86' lang='lat' dir='ltr'><strong><em>Christum.</em></strong></span> <span class='ocrx_word' id='word_1_346' title='bbox 2649 2424 2914 2492; x_wconf 85' lang='lat' dir='ltr'><strong><em>Quoniam</em></strong></span> <span class='ocrx_word' id='word_1_347' title='bbox 2954 2426 3097 2482; x_wconf 89' lang='lat' dir='ltr'><strong><em>Deus</em></strong></span> <span class='ocrx_word' id='word_1_348' title='bbox 3129 2428 3218 2499; x_wconf 87' lang='lat' dir='ltr'><strong><em>qui</em></strong></span> <span class='ocrx_word' id='word_1_349' title='bbox 3267 2428 3406 2482; x_wconf 89' lang='lat' dir='ltr'><strong><em>dixit</em></strong></span> <span class='ocrx_word' id='word_1_350' title='bbox 3442 2426 3508 2482; x_wconf 86' lang='lat' dir='ltr'><strong><em>de</em></strong></span> <span class='ocrx_word' id='word_1_351' title='bbox 3546 2437 3687 2483; x_wconf 78' lang='lat' dir='ltr'><strong><em>tene-</em></strong></span> 
     </span>
    </p>
   </div>
   <div class='ocr_carea' id='block_1_53' title="bbox 2093 2515 2862 2585">
    <p class='ocr_par' dir='ltr' id='par_1_53' title="bbox 2093 2515 2862 2585">
     <span class='ocr_line' id='line_1_53' title="bbox 2093 2515 2862 2585; baseline 0.003 -16"><span class='ocrx_word' id='word_1_352' title='bbox 2093 2515 2202 2570; x_wconf 85' lang='lat' dir='ltr'><strong><em>bris</em></strong></span> <span class='ocrx_word' id='word_1_353' title='bbox 2236 2517 2405 2571; x_wconf 87' lang='lat' dir='ltr'><strong><em>lucem</em></strong></span> <span class='ocrx_word' id='word_1_354' title='bbox 2436 2515 2791 2585; x_wconf 83' lang='lat' dir='ltr'><strong><em>splendescere</em></strong></span> <span class='ocrx_word' id='word_1_355' title='bbox 2820 2517 2862 2571; x_wconf 78' lang='grc'><strong><em>⁸.</em></strong></span> 
     </span>
    </p>
   </div>
   <div class='ocr_carea' id='block_1_54' title="bbox 2161 2608 3685 2682">
    <p class='ocr_par' dir='ltr' id='par_1_54' title="bbox 2161 2608 3685 2682">
     <span class='ocr_line' id='line_1_54' title="bbox 2161 2608 3685 2682; baseline 0.002 -18"><span class='ocrx_word' id='word_1_356' title='bbox 2161 2610 2215 2664; x_wconf 80' lang='grc'><strong><em>5.</em></strong></span> <span class='ocrx_word' id='word_1_357' title='bbox 2250 2608 2518 2664; x_wconf 84' lang='lat' dir='ltr'><strong><em>Habentes</em></strong></span> <span class='ocrx_word' id='word_1_358' title='bbox 2548 2619 2726 2664; x_wconf 89' lang='lat' dir='ltr'><strong><em>autem</em></strong></span> <span class='ocrx_word' id='word_1_359' title='bbox 2775 2614 3013 2665; x_wconf 87' lang='lat' dir='ltr'><strong><em>eumdem</em></strong></span> <span class='ocrx_word' id='word_1_360' title='bbox 3043 2612 3287 2682; x_wconf 86' lang='lat' dir='ltr'><strong><em>spiritum</em></strong></span> <span class='ocrx_word' id='word_1_361' title='bbox 3328 2611 3453 2681; x_wconf 82' lang='lat' dir='ltr'><strong><em>ﬁdei</em></strong></span> <span class='ocrx_word' id='word_1_362' title='bbox 3491 2621 3541 2666; x_wconf 90' lang='lat' dir='ltr'><strong><em>et</em></strong></span> <span class='ocrx_word' id='word_1_363' title='bbox 3588 2628 3685 2668; x_wconf 86' lang='lat' dir='ltr'><strong><em>nos</em></strong></span> 
     </span>
    </p>
   </div>
   <div class='ocr_carea' id='block_1_55' title="bbox 2091 2702 3683 2773">
    <p class='ocr_par' dir='ltr' id='par_1_55' title="bbox 2091 2702 3683 2773">
     <span class='ocr_line' id='line_1_55' title="bbox 2091 2702 3683 2773; baseline 0.004 -18"><span class='ocrx_word' id='word_1_364' title='bbox 2091 2702 2355 2758; x_wconf 83' lang='lat' dir='ltr'><strong><em>credimus</em></strong></span> <span class='ocrx_word' id='word_1_365' title='bbox 2403 2712 2454 2757; x_wconf 90' lang='lat' dir='ltr'><strong><em>et</em></strong></span> <span class='ocrx_word' id='word_1_366' title='bbox 2506 2703 2775 2773; x_wconf 85' lang='lat' dir='ltr'><strong><em>loquimur</em></strong></span> <span class='ocrx_word' id='word_1_367' title='bbox 2806 2706 2849 2758; x_wconf 81' lang='lat'><strong><em>’.</em></strong></span> <span class='ocrx_word' id='word_1_368' title='bbox 2893 2704 2993 2760; x_wconf 84' lang='lat' dir='ltr'><strong><em>Ubi</em></strong></span> <span class='ocrx_word' id='word_1_369' title='bbox 3045 2722 3211 2762; x_wconf 88' lang='lat' dir='ltr'><strong><em>voces</em></strong></span> <span class='ocrx_word' id='word_1_370' title='bbox 3261 2706 3385 2761; x_wconf 91' lang='lat' dir='ltr'><strong><em>illas</em></strong></span> <span class='ocrx_word' id='word_1_371' title='bbox 3438 2706 3683 2772; x_wconf 79' lang='lat' dir='ltr'><strong><em>sustulit,</em></strong></span> 
     </span>
    </p>
   </div>
   <div class='ocr_carea' id='block_1_56' title="bbox 2088 2796 2695 2864">
    <p class='ocr_par' dir='ltr' id='par_1_56' title="bbox 2088 2796 2695 2864">
     <span class='ocr_line' id='line_1_56' title="bbox 2088 2796 2695 2864; baseline 0.005 -16"><span class='ocrx_word' id='word_1_372' title='bbox 2088 2796 2226 2848; x_wconf 91' lang='lat' dir='ltr'><strong><em>sicut</em></strong></span> <span class='ocrx_word' id='word_1_373' title='bbox 2256 2797 2509 2864; x_wconf 89' lang='lat' dir='ltr'><strong><em>scriptum</em></strong></span> <span class='ocrx_word' id='word_1_374' title='bbox 2538 2806 2636 2852; x_wconf 90' lang='lat' dir='ltr'><strong><em>est.</em></strong></span> <span class='ocrx_word' id='word_1_375' title='bbox 2690 2828 2695 2834; x_wconf 90' lang='lat'><strong><em>-</em></strong></span> 
     </span>
    </p>
   </div>
   <div class='ocr_carea' id='block_1_57' title="bbox 2161 2884 3681 2947">
    <p class='ocr_par' dir='ltr' id='par_1_57' title="bbox 2161 2884 3681 2947">
     <span class='ocr_line' id='line_1_57' title="bbox 2161 2884 3681 2947; baseline 0.005 -8"><span class='ocrx_word' id='word_1_376' title='bbox 2161 2884 2286 2940; x_wconf 59' lang='lat' dir='ltr'><strong><em>Haec</em></strong></span> <span class='ocrx_word' id='word_1_377' title='bbox 2345 2896 2431 2942; x_wconf 88' lang='lat' dir='ltr'><strong><em>est</em></strong></span> <span class='ocrx_word' id='word_1_378' title='bbox 2488 2886 2783 2943; x_wconf 87' lang='lat' dir='ltr'><strong><em>Marcionis</em></strong></span> <span class='ocrx_word' id='word_1_379' title='bbox 2839 2887 3141 2944; x_wconf 89' lang='lat' dir='ltr'><strong><em>adulterina</em></strong></span> <span class='ocrx_word' id='word_1_380' title='bbox 3200 2890 3291 2944; x_wconf 90' lang='lat' dir='ltr'><strong><em>illa</em></strong></span> <span class='ocrx_word' id='word_1_381' title='bbox 3351 2892 3681 2947; x_wconf 83' lang='lat' dir='ltr'><strong><em>lucubratio.</em></strong></span> 
     </span>
    </p>
   </div>
   <div class='ocr_carea' id='block_1_58' title="bbox 2089 2975 3684 3056">
    <p class='ocr_par' dir='ltr' id='par_1_58' title="bbox 2089 2975 3684 3056">
     <span class='ocr_line' id='line_1_58' title="bbox 2089 2975 3684 3056; baseline 0.006 -26"><span class='ocrx_word' id='word_1_382' title='bbox 2089 2975 2218 3043; x_wconf 81' lang='lat' dir='ltr'><strong><em>Quae</em></strong></span> <span class='ocrx_word' id='word_1_383' title='bbox 2276 2986 2385 3031; x_wconf 84' lang='lat' dir='ltr'><strong><em>tam</em></strong></span> <span class='ocrx_word' id='word_1_384' title='bbox 2425 2978 2703 3049; x_wconf 80' lang='lat' dir='ltr'><strong><em>Evangelii</em></strong></span> <span class='ocrx_word' id='word_1_385' title='bbox 2756 2981 3055 3035; x_wconf 88' lang='lat' dir='ltr'><strong><em>secundum</em></strong></span> <span class='ocrx_word' id='word_1_386' title='bbox 3096 2981 3318 3049; x_wconf 83' lang='lat' dir='ltr'><strong><em>Lucam,</em></strong></span> <span class='ocrx_word' id='word_1_387' title='bbox 3353 3000 3515 3054; x_wconf 91' lang='lat' dir='ltr'><strong><em>quam</em></strong></span> <span class='ocrx_word' id='word_1_388' title='bbox 3553 2984 3684 3056; x_wconf 84' lang='lat' dir='ltr'><strong><em>Epi-</em></strong></span> 
     </span>
    </p>
   </div>
   <div class='ocr_carea' id='block_1_59' title="bbox 2088 3070 3681 3149">
    <p class='ocr_par' dir='ltr' id='par_1_59' title="bbox 2088 3070 3681 3149">
     <span class='ocr_line' id='line_1_59' title="bbox 2088 3070 3681 3149; baseline 0.006 -25"><span class='ocrx_word' id='word_1_389' title='bbox 2088 3070 2354 3124; x_wconf 83' lang='lat' dir='ltr'><strong><em>stolarum</em></strong></span> <span class='ocrx_word' id='word_1_390' title='bbox 2409 3070 2565 3126; x_wconf 84' lang='lat' dir='ltr'><strong><em>Pauli</em></strong></span> <span class='ocrx_word' id='word_1_391' title='bbox 2620 3073 2851 3143; x_wconf 82' lang='lat' dir='ltr'><strong><em>apostoli</em></strong></span> <span class='ocrx_word' id='word_1_392' title='bbox 2899 3074 3132 3129; x_wconf 82' lang='lat' dir='ltr'><strong><em>formam</em></strong></span> <span class='ocrx_word' id='word_1_393' title='bbox 3192 3076 3539 3149; x_wconf 85' lang='lat' dir='ltr'><strong><em>speciemque</em></strong></span> <span class='ocrx_word' id='word_1_394' title='bbox 3592 3094 3681 3135; x_wconf 88' lang='lat' dir='ltr'><strong><em>re-</em></strong></span> 
     </span>
    </p>
   </div>
   <div class='ocr_carea' id='block_1_60' title="bbox 393 3161 1986 3248">
    <p class='ocr_par' dir='ltr' id='par_1_60' title="bbox 393 3161 1985 3238">
     <span class='ocr_line' id='line_1_60' title="bbox 393 3161 1985 3238; baseline 0.003 -23"><span class='ocrx_word' id='word_1_395' title='bbox 393 3162 458 3215; x_wconf 80' lang='grc' dir='ltr'><em>οὐ</em></span> <span class='ocrx_word' id='word_1_396' title='bbox 501 3161 695 3217; x_wconf 83' lang='grc' dir='ltr'><em>πασῶν</em></span> <span class='ocrx_word' id='word_1_397' title='bbox 737 3163 848 3216; x_wconf 90' lang='grc' dir='ltr'><strong><em>τῶν</em></strong></span> <span class='ocrx_word' id='word_1_398' title='bbox 889 3164 1055 3218; x_wconf 73' lang='grc' dir='ltr'><strong><em>αὑτοῦ</em></strong></span> <span class='ocrx_word' id='word_1_399' title='bbox 1092 3167 1456 3231; x_wconf 84' lang='grc' dir='ltr'><em>Ἐπιστολῶν,</em></span> <span class='ocrx_word' id='word_1_400' title='bbox 1507 3166 1646 3221; x_wconf 85' lang='grc' dir='ltr'><strong><em>ἀλλά</em></strong></span> <span class='ocrx_word' id='word_1_401' title='bbox 1694 3166 1854 3238; x_wconf 86' lang='grc' dir='ltr'><em>μόνον</em></span> <span class='ocrx_word' id='word_1_402' title='bbox 1885 3167 1985 3237; x_wconf 80' lang='grc' dir='ltr'><em>τῆς</em></span> 
     </span>
    </p>
   </div>
   <div class='ocr_carea' id='block_1_61' title="bbox 2088 3161 3684 3248">
    <p class='ocr_par' dir='ltr' id='par_1_61' title="bbox 2089 3170 3684 3235">
     <span class='ocr_line' id='line_1_61' title="bbox 2089 3170 3684 3235; baseline 0.008 -21"><span class='ocrx_word' id='word_1_403' title='bbox 2089 3170 2417 3231; x_wconf 80' lang='lat' dir='ltr'><strong><em>praesentat;</em></strong></span> <span class='ocrx_word' id='word_1_404' title='bbox 2447 3180 2550 3219; x_wconf 90' lang='lat' dir='ltr'><strong><em>nec</em></strong></span> <span class='ocrx_word' id='word_1_405' title='bbox 2606 3180 2795 3221; x_wconf 88' lang='lat' dir='ltr'><strong><em>earum</em></strong></span> <span class='ocrx_word' id='word_1_406' title='bbox 2849 3173 3031 3222; x_wconf 86' lang='lat' dir='ltr'><strong><em>tamen</em></strong></span> <span class='ocrx_word' id='word_1_407' title='bbox 3085 3170 3353 3235; x_wconf 87' lang='lat' dir='ltr'><strong><em>omnium,</em></strong></span> <span class='ocrx_word' id='word_1_408' title='bbox 3389 3170 3485 3225; x_wconf 91' lang='lat' dir='ltr'><strong><em>sed</em></strong></span> <span class='ocrx_word' id='word_1_409' title='bbox 3534 3171 3684 3228; x_wconf 91' lang='lat' dir='ltr'><strong><em>illius</em></strong></span> 
     </span>
    </p>
   </div>
   <div class='ocr_carea' id='block_1_62' title="bbox 393 3253 1987 3330">
    <p class='ocr_par' dir='ltr' id='par_1_62' title="bbox 393 3253 1987 3330">
     <span class='ocr_line' id='line_1_62' title="bbox 393 3253 1987 3330; baseline 0.003 -25"><span class='ocrx_word' id='word_1_410' title='bbox 393 3253 535 3325; x_wconf 78' lang='grc' dir='ltr'><em>πρὸς</em></span> <span class='ocrx_word' id='word_1_411' title='bbox 570 3255 893 3327; x_wconf 82' lang='grc' dir='ltr'><em>Ῥωμαίους,</em></span> <span class='ocrx_word' id='word_1_412' title='bbox 922 3258 1018 3311; x_wconf 74' lang='grc' dir='ltr'><em>καὶ</em></span> <span class='ocrx_word' id='word_1_413' title='bbox 1048 3259 1145 3330; x_wconf 85' lang='grc' dir='ltr'><em>τῆς</em></span> <span class='ocrx_word' id='word_1_414' title='bbox 1182 3259 1319 3330; x_wconf 82' lang='grc' dir='ltr'><em>πρὸς</em></span> <span class='ocrx_word' id='word_1_415' title='bbox 1358 3260 1666 3329; x_wconf 80' lang='grc' dir='ltr'><em>Ἐφεσίους,</em></span> <span class='ocrx_word' id='word_1_416' title='bbox 1718 3259 1814 3313; x_wconf 74' lang='grc' dir='ltr'><em>καὶ</em></span> <span class='ocrx_word' id='word_1_417' title='bbox 1852 3260 1987 3330; x_wconf 84' lang='grc' dir='ltr'><em>πρὸς</em></span> 
     </span>
    </p>
   </div>
   <div class='ocr_carea' id='block_1_63' title="bbox 393 3342 1988 3423">
    <p class='ocr_par' dir='ltr' id='par_1_63' title="bbox 393 3342 1988 3423">
     <span class='ocr_line' id='line_1_63' title="bbox 393 3342 1988 3423; baseline 0.005 -24"><span class='ocrx_word' id='word_1_418' title='bbox 393 3342 719 3412; x_wconf 63' lang='grc' dir='ltr'><em>Κολοσσεῖς,</em></span> <span class='ocrx_word' id='word_1_419' title='bbox 750 3349 848 3402; x_wconf 76' lang='grc' dir='ltr'><em>καὶ</em></span> <span class='ocrx_word' id='word_1_420' title='bbox 898 3348 1001 3420; x_wconf 85' lang='grc' dir='ltr'><em>τῆς</em></span> <span class='ocrx_word' id='word_1_421' title='bbox 1042 3350 1180 3422; x_wconf 84' lang='grc' dir='ltr'><em>πρὸς</em></span> <span class='ocrx_word' id='word_1_422' title='bbox 1227 3351 1547 3418; x_wconf 82' lang='grc' dir='ltr'><em>Λαοδικεῖς,</em></span> <span class='ocrx_word' id='word_1_423' title='bbox 1585 3353 1682 3405; x_wconf 79' lang='grc' dir='ltr'><em>καὶ</em></span> <span class='ocrx_word' id='word_1_424' title='bbox 1729 3352 1837 3405; x_wconf 87' lang='grc' dir='ltr'><em>ἀπὸ</em></span> <span class='ocrx_word' id='word_1_425' title='bbox 1887 3353 1988 3423; x_wconf 83' lang='grc' dir='ltr'><em>τῆς</em></span> 
     </span>
    </p>
   </div>
   <div class='ocr_carea' id='block_1_64' title="bbox 393 3438 1988 3516">
    <p class='ocr_par' dir='ltr' id='par_1_64' title="bbox 393 3438 1988 3516">
     <span class='ocr_line' id='line_1_64' title="bbox 393 3438 1988 3516; baseline 0.006 -27"><span class='ocrx_word' id='word_1_426' title='bbox 393 3438 534 3509; x_wconf 79' lang='grc' dir='ltr'><em>πρὸς</em></span> <span class='ocrx_word' id='word_1_427' title='bbox 576 3438 863 3507; x_wconf 85' lang='grc' dir='ltr'><em>Γαλάτας,</em></span> <span class='ocrx_word' id='word_1_428' title='bbox 920 3441 1017 3495; x_wconf 76' lang='grc' dir='ltr'><em>καὶ</em></span> <span class='ocrx_word' id='word_1_429' title='bbox 1068 3443 1168 3513; x_wconf 80' lang='grc' dir='ltr'><em>τῆς</em></span> <span class='ocrx_word' id='word_1_430' title='bbox 1227 3442 1365 3513; x_wconf 84' lang='grc' dir='ltr'><em>πρὸς</em></span> <span class='ocrx_word' id='word_1_431' title='bbox 1397 3444 1720 3515; x_wconf 83' lang='grc' dir='ltr'><em>Κορινθίους</em></span> <span class='ocrx_word' id='word_1_432' title='bbox 1763 3442 1988 3516; x_wconf 83' lang='grc' dir='ltr'><em>πρώτης</em></span> 
     </span>
    </p>
   </div>
   <div class='ocr_carea' id='block_1_65' title="bbox 393 3527 1987 3607">
    <p class='ocr_par' dir='ltr' id='par_1_65' title="bbox 393 3527 1987 3607">
     <span class='ocr_line' id='line_1_65' title="bbox 393 3527 1987 3607; baseline 0.006 -28"><span class='ocrx_word' id='word_1_433' title='bbox 393 3528 490 3580; x_wconf 78' lang='grc' dir='ltr'><em>καὶ</em></span> <span class='ocrx_word' id='word_1_434' title='bbox 531 3527 821 3601; x_wconf 84' lang='grc' dir='ltr'><em>δευτέρας,</em></span> <span class='ocrx_word' id='word_1_435' title='bbox 864 3530 959 3583; x_wconf 76' lang='grc' dir='ltr'><em>καὶ</em></span> <span class='ocrx_word' id='word_1_436' title='bbox 1003 3531 1103 3603; x_wconf 79' lang='grc' dir='ltr'><em>τῆς</em></span> <span class='ocrx_word' id='word_1_437' title='bbox 1137 3531 1277 3605; x_wconf 77' lang='grc' dir='ltr'><em>πρὸς</em></span> <span class='ocrx_word' id='word_1_438' title='bbox 1316 3533 1729 3598; x_wconf 86' lang='grc' dir='ltr'><em>Θεσσαλονικεῖς</em></span> <span class='ocrx_word' id='word_1_439' title='bbox 1760 3533 1987 3607; x_wconf 82' lang='grc' dir='ltr'><em>πρώτης</em></span> 
     </span>
    </p>
   </div>
   <div class='ocr_carea' id='block_1_66' title="bbox 392 3622 1988 3700">
    <p class='ocr_par' dir='ltr' id='par_1_66' title="bbox 392 3622 1988 3700">
     <span class='ocr_line' id='line_1_66' title="bbox 392 3622 1988 3700; baseline 0.003 -25"><span class='ocrx_word' id='word_1_440' title='bbox 392 3622 489 3675; x_wconf 80' lang='grc' dir='ltr'><em>καὶ</em></span> <span class='ocrx_word' id='word_1_441' title='bbox 514 3622 794 3695; x_wconf 84' lang='grc' dir='ltr'><em>δευτέρας.</em></span> <span class='ocrx_word' id='word_1_442' title='bbox 832 3624 928 3677; x_wconf 79' lang='grc' dir='ltr'><em>καὶ</em></span> <span class='ocrx_word' id='word_1_443' title='bbox 962 3624 1064 3695; x_wconf 85' lang='grc' dir='ltr'><em>τῆς</em></span> <span class='ocrx_word' id='word_1_444' title='bbox 1091 3626 1228 3697; x_wconf 85' lang='grc' dir='ltr'><em>πρὸς</em></span> <span class='ocrx_word' id='word_1_445' title='bbox 1259 3626 1560 3697; x_wconf 84' lang='grc' dir='ltr'><em>Φιλήμονα,</em></span> <span class='ocrx_word' id='word_1_446' title='bbox 1596 3628 1691 3681; x_wconf 76' lang='grc' dir='ltr'><em>καὶ</em></span> <span class='ocrx_word' id='word_1_447' title='bbox 1712 3627 1988 3700; x_wconf 81' lang='grc' dir='ltr'><em>Φιλιππη-</em></span> 
     </span>
    </p>
   </div>
   <div class='ocr_carea' id='block_1_67' title="bbox 395 3712 1985 3788">
    <p class='ocr_par' dir='ltr' id='par_1_67' title="bbox 395 3712 1985 3788">
     <span class='ocr_line' id='line_1_67' title="bbox 395 3712 1985 3788; baseline 0.004 -24"><span class='ocrx_word' id='word_1_448' title='bbox 395 3712 565 3776; x_wconf 83' lang='grc' dir='ltr'><em>σίους,</em></span> <span class='ocrx_word' id='word_1_449' title='bbox 590 3713 686 3765; x_wconf 80' lang='grc' dir='ltr'><em>καὶ</em></span> <span class='ocrx_word' id='word_1_450' title='bbox 709 3714 807 3784; x_wconf 82' lang='grc' dir='ltr'><em>τῆς</em></span> <span class='ocrx_word' id='word_1_451' title='bbox 835 3714 976 3785; x_wconf 87' lang='grc' dir='ltr'><em>πρὸς</em></span> <span class='ocrx_word' id='word_1_452' title='bbox 1014 3714 1279 3785; x_wconf 83' lang='grc' dir='ltr'><em>Τιμόθεον</em></span> <span class='ocrx_word' id='word_1_453' title='bbox 1310 3714 1536 3787; x_wconf 84' lang='grc' dir='ltr'><em>πρώτης</em></span> <span class='ocrx_word' id='word_1_454' title='bbox 1565 3717 1660 3770; x_wconf 80' lang='grc' dir='ltr'><em>καὶ</em></span> <span class='ocrx_word' id='word_1_455' title='bbox 1702 3716 1985 3788; x_wconf 85' lang='grc' dir='ltr'><em>δευτέρας,</em></span> 
     </span>
    </p>
   </div>
   <div class='ocr_carea' id='block_1_68' title="bbox 393 3806 1984 3881">
    <p class='ocr_par' dir='ltr' id='par_1_68' title="bbox 393 3806 1984 3881">
     <span class='ocr_line' id='line_1_68' title="bbox 393 3806 1984 3881; baseline 0.001 -21"><span class='ocrx_word' id='word_1_456' title='bbox 393 3808 492 3860; x_wconf 76' lang='grc' dir='ltr'><em>καὶ</em></span> <span class='ocrx_word' id='word_1_457' title='bbox 525 3808 664 3879; x_wconf 83' lang='grc' dir='ltr'><em>πρὸς</em></span> <span class='ocrx_word' id='word_1_458' title='bbox 697 3806 883 3872; x_wconf 87' lang='grc' dir='ltr'><em>Τίτον,</em></span> <span class='ocrx_word' id='word_1_459' title='bbox 924 3808 1020 3861; x_wconf 75' lang='grc' dir='ltr'><em>καὶ</em></span> <span class='ocrx_word' id='word_1_460' title='bbox 1047 3809 1145 3880; x_wconf 82' lang='grc' dir='ltr'><em>τῆς</em></span> <span class='ocrx_word' id='word_1_461' title='bbox 1180 3808 1319 3880; x_wconf 80' lang='grc' dir='ltr'><em>πρὸς</em></span> <span class='ocrx_word' id='word_1_462' title='bbox 1355 3808 1641 3881; x_wconf 78' lang='grc' dir='ltr'><em>Ἐϐραίους</em></span> <span class='ocrx_word' id='word_1_463' title='bbox 1672 3810 1782 3864; x_wconf 91' lang='grc' dir='ltr'><strong><em>τῶν</em></strong></span> <span class='ocrx_word' id='word_1_464' title='bbox 1810 3811 1984 3881; x_wconf 81' lang='grc' dir='ltr'><em>ἐμφε-</em></span> 
     </span>
    </p>
   </div>
   <div class='ocr_carea' id='block_1_69' title="bbox 397 3897 1987 3973">
    <p class='ocr_par' dir='ltr' id='par_1_69' title="bbox 397 3897 1987 3973">
     <span class='ocr_line' id='line_1_69' title="bbox 397 3897 1987 3973; baseline 0.004 -24"><span class='ocrx_word' id='word_1_465' title='bbox 397 3897 641 3969; x_wconf 87' lang='grc' dir='ltr'><em>ρομένων</em></span> <span class='ocrx_word' id='word_1_466' title='bbox 663 3899 794 3970; x_wconf 82' lang='grc' dir='ltr'><em>παρ’</em></span> <span class='ocrx_word' id='word_1_467' title='bbox 819 3899 989 3969; x_wconf 82' lang='grc' dir='ltr'><em>αὐτῷ,</em></span> <span class='ocrx_word' id='word_1_468' title='bbox 1012 3898 1089 3963; x_wconf 86' lang='grc' dir='ltr'><em>ὼς</em></span> <span class='ocrx_word' id='word_1_469' title='bbox 1115 3900 1177 3953; x_wconf 87' lang='grc' dir='ltr'><em>οὐ</em></span> <span class='ocrx_word' id='word_1_470' title='bbox 1208 3899 1598 3973; x_wconf 86' lang='grc' dir='ltr'><em>-πληρεστάτων</em></span> <span class='ocrx_word' id='word_1_471' title='bbox 1617 3901 1815 3967; x_wconf 84' lang='grc' dir='ltr'><em>οὐσῶν,</em></span> <span class='ocrx_word' id='word_1_472' title='bbox 1848 3901 1987 3956; x_wconf 83' lang='grc' dir='ltr'><strong><em>ἀλλά</em></strong></span> 
     </span>
    </p>
   </div>
   <div class='ocr_carea' id='block_1_70' title="bbox 392 3989 1985 4067">
    <p class='ocr_par' dir='ltr' id='par_1_70' title="bbox 392 3989 1985 4067">
     <span class='ocr_line' id='line_1_70' title="bbox 392 3989 1985 4067; baseline 0.004 -24"><span class='ocrx_word' id='word_1_473' title='bbox 392 3989 470 4054; x_wconf 88' lang='grc' dir='ltr'><strong><em>ώς</em></strong></span> <span class='ocrx_word' id='word_1_474' title='bbox 498 3992 556 4044; x_wconf 78' lang='grc' dir='ltr'><em>ὲν</em></span> <span class='ocrx_word' id='word_1_475' title='bbox 590 3992 973 4063; x_wconf 82' lang='grc' dir='ltr'><em>παραχαράξει</em></span> <span class='ocrx_word' id='word_1_476' title='bbox 994 4008 1007 4022; x_wconf 82' lang='grc'><em>’</em></span> <span class='ocrx_word' id='word_1_477' title='bbox 1043 3993 1383 4064; x_wconf 82' lang='grc' dir='ltr'><em>πανταχόθεν</em></span> <span class='ocrx_word' id='word_1_478' title='bbox 1411 3994 1469 4048; x_wconf 84' lang='grc' dir='ltr'><em>δὲ</em></span> <span class='ocrx_word' id='word_1_479' title='bbox 1507 3994 1609 4064; x_wconf 85' lang='grc' dir='ltr'><em>τὴν</em></span> <span class='ocrx_word' id='word_1_480' title='bbox 1645 3994 1814 4067; x_wconf 83' lang='grc' dir='ltr'><em>αὐτὴν</em></span> <span class='ocrx_word' id='word_1_481' title='bbox 1856 3996 1985 4049; x_wconf 91' lang='grc' dir='ltr'><em>σύν-</em></span> 
     </span>
    </p>
   </div>
   <div class='ocr_carea' id='block_1_71' title="bbox 391 4079 1985 4153">
    <p class='ocr_par' dir='ltr' id='par_1_71' title="bbox 391 4079 1985 4153">
     <span class='ocr_line' id='line_1_71' title="bbox 391 4079 1985 4153; baseline 0.005 -21"><span class='ocrx_word' id='word_1_482' title='bbox 391 4079 546 4144; x_wconf 76' lang='grc' dir='ltr'><em>ταξιν</em></span> <span class='ocrx_word' id='word_1_483' title='bbox 596 4081 1159 4153; x_wconf 81' lang='grc' dir='ltr'><em>ὲρῤᾳδιουργημένην,</em></span> <span class='ocrx_word' id='word_1_484' title='bbox 1208 4086 1303 4138; x_wconf 73' lang='grc' dir='ltr'><em>καὶ</em></span> <span class='ocrx_word' id='word_1_485' title='bbox 1351 4084 1409 4138; x_wconf 79' lang='grc' dir='ltr'><em>ἐν</em></span> <span class='ocrx_word' id='word_1_486' title='bbox 1449 4102 1560 4138; x_wconf 91' lang='grc' dir='ltr'><em>τισι</em></span> <span class='ocrx_word' id='word_1_487' title='bbox 1610 4084 1819 4151; x_wconf 80' lang='grc' dir='ltr'><em>λέξεσιν</em></span> <span class='ocrx_word' id='word_1_488' title='bbox 1861 4089 1985 4141; x_wconf 81' lang='grc' dir='ltr'><em>ἐπι-</em></span> 
     </span>
    </p>
   </div>
   <div class='ocr_carea' id='block_1_72' title="bbox 391 4162 1985 4249">
    <p class='ocr_par' dir='ltr' id='par_1_72' title="bbox 391 4162 1985 4249">
     <span class='ocr_line' id='line_1_72' title="bbox 391 4162 1985 4249; baseline 0.006 -23"><span class='ocrx_word' id='word_1_489' title='bbox 391 4162 634 4245; x_wconf 70' lang='grc' dir='ltr'><em>ῗποιήτως</em></span> <span class='ocrx_word' id='word_1_490' title='bbox 662 4176 984 4248; x_wconf 83' lang='grc' dir='ltr'><em>προσθήκην</em></span> <span class='ocrx_word' id='word_1_491' title='bbox 1012 4176 1267 4247; x_wconf 73' lang='grc' dir='ltr'><em>ἔχουσαν,</em></span> <span class='ocrx_word' id='word_1_492' title='bbox 1293 4178 1394 4232; x_wconf 82' lang='grc' dir='ltr'><em>οὐκ</em></span> <span class='ocrx_word' id='word_1_493' title='bbox 1424 4181 1504 4243; x_wconf 88' lang='grc' dir='ltr'><strong><em>είς</em></strong></span> <span class='ocrx_word' id='word_1_494' title='bbox 1530 4179 1824 4249; x_wconf 81' lang='grc' dir='ltr'><em>ὠφέλειαν,</em></span> <span class='ocrx_word' id='word_1_495' title='bbox 1847 4180 1985 4236; x_wconf 85' lang='grc' dir='ltr'><strong><em>άλλά</em></strong></span> 
     </span>
    </p>
   </div>
   <div class='ocr_carea' id='block_1_73' title="bbox 392 4268 1985 4345">
    <p class='ocr_par' dir='ltr' id='par_1_73' title="bbox 392 4268 1985 4345">
     <span class='ocr_line' id='line_1_73' title="bbox 392 4268 1985 4345; baseline 0.006 -25"><span class='ocrx_word' id='word_1_496' title='bbox 392 4269 474 4331; x_wconf 79' lang='grc' dir='ltr'><em>εἰς</em></span> <span class='ocrx_word' id='word_1_497' title='bbox 519 4268 754 4339; x_wconf 67' lang='grc' dir='ltr'><strong><em>1ίγσσονας</em></strong></span> <span class='ocrx_word' id='word_1_498' title='bbox 809 4271 906 4325; x_wconf 67' lang='grc' dir='ltr'><strong><em>κα.)⁵</em></strong></span> <span class='ocrx_word' id='word_1_499' title='bbox 966 4270 1283 4335; x_wconf 77' lang='grc' dir='ltr'><em>ὲπιὸλαὸεἴς</em></span> <span class='ocrx_word' id='word_1_500' title='bbox 1340 4271 1643 4340; x_wconf 81' lang='grc' dir='ltr'><em>ξενολεξίας</em></span> <span class='ocrx_word' id='word_1_501' title='bbox 1697 4274 1842 4328; x_wconf 87' lang='grc' dir='ltr'><strong><em>κατά</em></strong></span> <span class='ocrx_word' id='word_1_502' title='bbox 1882 4274 1985 4345; x_wconf 82' lang='grc' dir='ltr'><em>τῆς</em></span> 
     </span>
    </p>
   </div>
   <div class='ocr_carea' id='block_1_74' title="bbox 392 4358 1982 4438">
    <p class='ocr_par' dir='ltr' id='par_1_74' title="bbox 392 4358 1982 4438">
     <span class='ocr_line' id='line_1_74' title="bbox 392 4358 1982 4438; baseline 0.004 -25"><span class='ocrx_word' id='word_1_503' title='bbox 392 4358 584 4429; x_wconf 80' lang='grc' dir='ltr'><em>ὑγιοῦς</em></span> <span class='ocrx_word' id='word_1_504' title='bbox 612 4360 869 4431; x_wconf 87' lang='grc' dir='ltr'><em>πίστεως,</em></span> <span class='ocrx_word' id='word_1_505' title='bbox 901 4363 967 4417; x_wconf 83' lang='grc' dir='ltr'><em>ὲκ</em></span> <span class='ocrx_word' id='word_1_506' title='bbox 996 4362 1091 4417; x_wconf 83' lang='grc' dir='ltr'><strong><em>τοῦ</em></strong></span> <span class='ocrx_word' id='word_1_507' title='bbox 1124 4362 1293 4417; x_wconf 81' lang='grc' dir='ltr'><em>αὐτοῦ</em></span> <span class='ocrx_word' id='word_1_508' title='bbox 1334 4363 1851 4438; x_wconf 72' lang='grc' dir='ltr'><em>ἐμϐεϐροντημένοι)</em></span> <span class='ocrx_word' id='word_1_509' title='bbox 1888 4364 1982 4421; x_wconf 80' lang='grc' dir='ltr'><strong><em>νοῦ</em></strong></span> 
     </span>
    </p>
   </div>
   <div class='ocr_carea' id='block_1_75' title="bbox 394 4450 764 4523">
    <p class='ocr_par' dir='ltr' id='par_1_75' title="bbox 394 4450 764 4523">
     <span class='ocr_line' id='line_1_75' title="bbox 394 4450 764 4523; baseline 0.011 -20"><span class='ocrx_word' id='word_1_510' title='bbox 394 4450 764 4523; x_wconf 85' lang='grc' dir='ltr'><em>βοσκήματος.</em></span> 
     </span>
    </p>
   </div>
   <div class='ocr_carea' id='block_1_76' title="bbox 2090 3255 3683 3334">
    <p class='ocr_par' dir='ltr' id='par_1_76' title="bbox 2090 3255 3683 3334">
     <span class='ocr_line' id='line_1_76' title="bbox 2090 3255 3683 3334; baseline 0.006 -25"><span class='ocrx_word' id='word_1_511' title='bbox 2090 3255 2357 3310; x_wconf 75' lang='lat' dir='ltr'><strong><em>duntaxat</em></strong></span> <span class='ocrx_word' id='word_1_512' title='bbox 2382 3272 2503 3327; x_wconf 58' lang='lat' dir='ltr'><strong><em>(tua:</em></strong></span> <span class='ocrx_word' id='word_1_513' title='bbox 2534 3258 2602 3311; x_wconf 89' lang='lat' dir='ltr'><strong><em>ad</em></strong></span> <span class='ocrx_word' id='word_1_514' title='bbox 2630 3257 2909 3314; x_wconf 85' lang='lat' dir='ltr'><strong><em>Romanos</em></strong></span> <span class='ocrx_word' id='word_1_515' title='bbox 2929 3268 3015 3315; x_wconf 89' lang='lat' dir='ltr'><strong><em>est</em></strong></span> <span class='ocrx_word' id='word_1_516' title='bbox 3042 3261 3245 3330; x_wconf 89' lang='lat' dir='ltr'><strong><em>scripta</em></strong></span> <span class='ocrx_word' id='word_1_517' title='bbox 3271 3278 3285 3327; x_wconf 89' lang='lat'><strong>;</strong></span> <span class='ocrx_word' id='word_1_518' title='bbox 3320 3270 3375 3317; x_wconf 88' lang='lat' dir='ltr'><strong><em>et</em></strong></span> <span class='ocrx_word' id='word_1_519' title='bbox 3407 3263 3473 3318; x_wconf 90' lang='lat' dir='ltr'><strong><em>ad</em></strong></span> <span class='ocrx_word' id='word_1_520' title='bbox 3505 3264 3683 3334; x_wconf 86' lang='lat' dir='ltr'><strong><em>Ephe-</em></strong></span> 
     </span>
    </p>
   </div>
   <div class='ocr_carea' id='block_1_77' title="bbox 2090 3347 3683 3419">
    <p class='ocr_par' dir='ltr' id='par_1_77' title="bbox 2090 3347 3683 3419">
     <span class='ocr_line' id='line_1_77' title="bbox 2090 3347 3683 3419; baseline 0.004 -19"><span class='ocrx_word' id='word_1_521' title='bbox 2090 3347 2222 3410; x_wconf 90' lang='lat' dir='ltr'><strong><em>sios,</em></strong></span> <span class='ocrx_word' id='word_1_522' title='bbox 2249 3356 2306 3401; x_wconf 91' lang='lat' dir='ltr'><strong><em>et</em></strong></span> <span class='ocrx_word' id='word_1_523' title='bbox 2354 3347 2422 3400; x_wconf 94' lang='lat' dir='ltr'><strong><em>ad</em></strong></span> <span class='ocrx_word' id='word_1_524' title='bbox 2471 3348 2829 3404; x_wconf 84' lang='lat' dir='ltr'><strong><em>Colossenses</em></strong></span> <span class='ocrx_word' id='word_1_525' title='bbox 2857 3367 2869 3402; x_wconf 90' lang='lat'><strong>:</strong></span> <span class='ocrx_word' id='word_1_526' title='bbox 2899 3365 3107 3405; x_wconf 86' lang='lat' dir='ltr'><strong><em>necnon</em></strong></span> <span class='ocrx_word' id='word_1_527' title='bbox 3140 3350 3208 3405; x_wconf 89' lang='lat' dir='ltr'><strong><em>ad</em></strong></span> <span class='ocrx_word' id='word_1_528' title='bbox 3240 3349 3597 3419; x_wconf 90' lang='lat' dir='ltr'><strong><em>Laodicenos,</em></strong></span> <span class='ocrx_word' id='word_1_529' title='bbox 3627 3361 3683 3409; x_wconf 86' lang='lat' dir='ltr'><strong><em>et</em></strong></span> 
     </span>
    </p>
   </div>
   <div class='ocr_carea' id='block_1_78' title="bbox 2088 3438 3675 3513">
    <p class='ocr_par' dir='ltr' id='par_1_78' title="bbox 2088 3438 3675 3513">
     <span class='ocr_line' id='line_1_78' title="bbox 2088 3438 3675 3513; baseline 0.005 -23"><span class='ocrx_word' id='word_1_530' title='bbox 2088 3438 2156 3491; x_wconf 84' lang='lat' dir='ltr'><strong><em>ad</em></strong></span> <span class='ocrx_word' id='word_1_531' title='bbox 2212 3438 2457 3503; x_wconf 86' lang='lat' dir='ltr'><strong><em>Galatas,</em></strong></span> <span class='ocrx_word' id='word_1_532' title='bbox 2506 3450 2560 3496; x_wconf 89' lang='lat' dir='ltr'><strong><em>et</em></strong></span> <span class='ocrx_word' id='word_1_533' title='bbox 2606 3440 2672 3495; x_wconf 88' lang='lat' dir='ltr'><strong><em>ad</em></strong></span> <span class='ocrx_word' id='word_1_534' title='bbox 2711 3441 3029 3498; x_wconf 87' lang='lat' dir='ltr'><strong><em>Corinthios</em></strong></span> <span class='ocrx_word' id='word_1_535' title='bbox 3060 3443 3234 3513; x_wconf 89' lang='lat' dir='ltr'><strong><em>prima</em></strong></span> <span class='ocrx_word' id='word_1_536' title='bbox 3282 3459 3348 3499; x_wconf 92' lang='lat' dir='ltr'><strong><em>ac</em></strong></span> <span class='ocrx_word' id='word_1_537' title='bbox 3399 3444 3675 3511; x_wconf 81' lang='lat' dir='ltr'><strong><em>secunda;</em></strong></span> 
     </span>
    </p>
   </div>
   <div class='ocr_carea' id='block_1_79' title="bbox 2087 3530 3676 3606">
    <p class='ocr_par' dir='ltr' id='par_1_79' title="bbox 2087 3530 3676 3606">
     <span class='ocr_line' id='line_1_79' title="bbox 2087 3530 3676 3606; baseline 0.003 -22"><span class='ocrx_word' id='word_1_538' title='bbox 2087 3530 2217 3585; x_wconf 88' lang='lat' dir='ltr'><strong><em>item</em></strong></span> <span class='ocrx_word' id='word_1_539' title='bbox 2262 3531 2330 3585; x_wconf 87' lang='lat' dir='ltr'><strong><em>ad</em></strong></span> <span class='ocrx_word' id='word_1_540' title='bbox 2365 3531 2906 3599; x_wconf 88' lang='lat' dir='ltr'><strong><em>&#39;l‘bessalonicenses,</em></strong></span> <span class='ocrx_word' id='word_1_541' title='bbox 2964 3536 3138 3606; x_wconf 90' lang='lat' dir='ltr'><strong><em>prima</em></strong></span> <span class='ocrx_word' id='word_1_542' title='bbox 3184 3542 3240 3591; x_wconf 88' lang='lat' dir='ltr'><strong><em>et</em></strong></span> <span class='ocrx_word' id='word_1_543' title='bbox 3292 3534 3565 3601; x_wconf 88' lang='lat' dir='ltr'><strong><em>secunda;</em></strong></span> <span class='ocrx_word' id='word_1_544' title='bbox 3610 3533 3676 3589; x_wconf 93' lang='lat' dir='ltr'><strong><em>ad</em></strong></span> 
     </span>
    </p>
   </div>
   <div class='ocr_carea' id='block_1_80' title="bbox 2086 3623 3678 3699">
    <p class='ocr_par' dir='ltr' id='par_1_80' title="bbox 2086 3623 3678 3699">
     <span class='ocr_line' id='line_1_80' title="bbox 2086 3623 3678 3699; baseline 0.003 -19"><span class='ocrx_word' id='word_1_545' title='bbox 2086 3623 2457 3682; x_wconf 87' lang='lat' dir='ltr'><strong><em>Philemonem</em></strong></span> <span class='ocrx_word' id='word_1_546' title='bbox 2480 3628 2583 3694; x_wconf 86' lang='lat' dir='ltr'><strong><em>;ad</em></strong></span> <span class='ocrx_word' id='word_1_547' title='bbox 2606 3626 3014 3698; x_wconf 83' lang='lat' dir='ltr'><strong><em>Philippenses;</em></strong></span> <span class='ocrx_word' id='word_1_548' title='bbox 3043 3628 3110 3684; x_wconf 93' lang='lat' dir='ltr'><strong><em>ad</em></strong></span> <span class='ocrx_word' id='word_1_549' title='bbox 3136 3628 3480 3684; x_wconf 89' lang='lat' dir='ltr'><strong><em>Timotheum</em></strong></span> <span class='ocrx_word' id='word_1_550' title='bbox 3502 3628 3678 3699; x_wconf 70' lang='lat' dir='ltr'><strong><em>prima</em></strong></span> 
     </span>
    </p>
   </div>
   <div class='ocr_carea' id='block_1_81' title="bbox 2087 3718 3679 3787">
    <p class='ocr_par' dir='ltr' id='par_1_81' title="bbox 2087 3718 3679 3787">
     <span class='ocr_line' id='line_1_81' title="bbox 2087 3718 3679 3787; baseline 0.002 -14"><span class='ocrx_word' id='word_1_551' title='bbox 2087 3726 2142 3773; x_wconf 89' lang='lat' dir='ltr'><strong><em>et</em></strong></span> <span class='ocrx_word' id='word_1_552' title='bbox 2197 3718 2472 3786; x_wconf 89' lang='lat' dir='ltr'><strong><em>secunda;</em></strong></span> <span class='ocrx_word' id='word_1_553' title='bbox 2535 3719 2603 3774; x_wconf 91' lang='lat' dir='ltr'><strong><em>ad</em></strong></span> <span class='ocrx_word' id='word_1_554' title='bbox 2681 3718 2887 3784; x_wconf 90' lang='lat' dir='ltr'><strong><em>Titum,</em></strong></span> <span class='ocrx_word' id='word_1_555' title='bbox 2940 3728 2994 3775; x_wconf 90' lang='lat' dir='ltr'><strong><em>et</em></strong></span> <span class='ocrx_word' id='word_1_556' title='bbox 3062 3721 3129 3777; x_wconf 89' lang='lat' dir='ltr'><strong><em>ad</em></strong></span> <span class='ocrx_word' id='word_1_557' title='bbox 3180 3720 3457 3778; x_wconf 67' lang='lat' dir='ltr'><strong><em>Hebraeos.</em></strong></span> <span class='ocrx_word' id='word_1_558' title='bbox 3530 3719 3679 3787; x_wconf 84' lang='lat' dir='ltr'><strong><em>Quas</em></strong></span> 
     </span>
    </p>
   </div>
   <div class='ocr_carea' id='block_1_82' title="bbox 2086 3810 3681 3884">
    <p class='ocr_par' dir='ltr' id='par_1_82' title="bbox 2086 3810 3681 3884">
     <span class='ocr_line' id='line_1_82' title="bbox 2086 3810 3681 3884; baseline -0.001 -17"><span class='ocrx_word' id='word_1_559' title='bbox 2086 3826 2278 3867; x_wconf 91' lang='lat' dir='ltr'><strong><em>omnes</em></strong></span> <span class='ocrx_word' id='word_1_560' title='bbox 2323 3826 2434 3866; x_wconf 89' lang='lat' dir='ltr'><strong><em>non</em></strong></span> <span class='ocrx_word' id='word_1_561' title='bbox 2478 3812 2739 3884; x_wconf 88' lang='lat' dir='ltr'><strong><em>integras,</em></strong></span> <span class='ocrx_word' id='word_1_562' title='bbox 2773 3810 2871 3869; x_wconf 90' lang='lat' dir='ltr'><strong><em>sed</em></strong></span> <span class='ocrx_word' id='word_1_563' title='bbox 2920 3814 3241 3884; x_wconf 83' lang='lat' dir='ltr'><strong><em>depravatas</em></strong></span> <span class='ocrx_word' id='word_1_564' title='bbox 3284 3828 3350 3869; x_wconf 89' lang='lat' dir='ltr'><strong><em>ac</em></strong></span> <span class='ocrx_word' id='word_1_565' title='bbox 3399 3813 3681 3867; x_wconf 73' lang='lat' dir='ltr'><strong><em>mutilatas</em></strong></span> 
     </span>
    </p>
   </div>
   <div class='ocr_carea' id='block_1_83' title="bbox 2085 3901 3693 3974">
    <p class='ocr_par' dir='ltr' id='par_1_83' title="bbox 2085 3901 3693 3974">
     <span class='ocr_line' id='line_1_83' title="bbox 2085 3901 3693 3974; baseline -0.001 -17"><span class='ocrx_word' id='word_1_566' title='bbox 2085 3901 2405 3972; x_wconf 83' lang='lat' dir='ltr'><strong><em>complexus</em></strong></span> <span class='ocrx_word' id='word_1_567' title='bbox 2441 3910 2545 3959; x_wconf 91' lang='lat' dir='ltr'><strong><em>est.</em></strong></span> <span class='ocrx_word' id='word_1_568' title='bbox 2591 3902 2743 3960; x_wconf 81' lang='lat' dir='ltr'><strong><em>Adeo</em></strong></span> <span class='ocrx_word' id='word_1_569' title='bbox 2771 3902 3013 3974; x_wconf 89' lang='lat' dir='ltr'><strong><em>quidem,</em></strong></span> <span class='ocrx_word' id='word_1_570' title='bbox 3048 3911 3219 3959; x_wconf 90' lang='lat' dir='ltr'><strong><em>totum</em></strong></span> <span class='ocrx_word' id='word_1_571' title='bbox 3270 3913 3329 3960; x_wconf 88' lang='lat' dir='ltr'><strong><em>ut</em></strong></span> <span class='ocrx_word' id='word_1_572' title='bbox 3360 3903 3495 3960; x_wconf 88' lang='lat' dir='ltr'><strong><em>illud</em></strong></span> <span class='ocrx_word' id='word_1_573' title='bbox 3526 3916 3693 3974; x_wconf 18' lang='lat' dir='ltr'><strong><em>‘opul.</em></strong></span> 
     </span>
    </p>
   </div>
   <div class='ocr_carea' id='block_1_84' title="bbox 2086 3994 3681 4066">
    <p class='ocr_par' dir='ltr' id='par_1_84' title="bbox 2086 3994 3681 4066">
     <span class='ocr_line' id='line_1_84' title="bbox 2086 3994 3681 4066; baseline 0.001 -18"><span class='ocrx_word' id='word_1_574' title='bbox 2086 3995 2228 4048; x_wconf 89' lang='lat' dir='ltr'><strong><em>mala</em></strong></span> <span class='ocrx_word' id='word_1_575' title='bbox 2260 3994 2364 4049; x_wconf 82' lang='lat' dir='ltr'><strong><em>ﬁde</em></strong></span> <span class='ocrx_word' id='word_1_576' title='bbox 2397 3994 2675 4059; x_wconf 88' lang='lat' dir='ltr'><strong><em>vitiatum,</em></strong></span> <span class='ocrx_word' id='word_1_577' title='bbox 2710 4002 2764 4051; x_wconf 90' lang='lat' dir='ltr'><strong><em>et</em></strong></span> <span class='ocrx_word' id='word_1_578' title='bbox 2794 3996 3120 4066; x_wconf 84' lang='lat' dir='ltr'><strong><em>quibusdam</em></strong></span> <span class='ocrx_word' id='word_1_579' title='bbox 3166 3995 3497 4052; x_wconf 85' lang='lat' dir='ltr'><strong><em>dictionibus</em></strong></span> <span class='ocrx_word' id='word_1_580' title='bbox 3526 3996 3681 4051; x_wconf 82' lang='lat' dir='ltr'><strong><em>insu-</em></strong></span> 
     </span>
    </p>
   </div>
   <div class='ocr_carea' id='block_1_85' title="bbox 2085 4084 3677 4157">
    <p class='ocr_par' dir='ltr' id='par_1_85' title="bbox 2085 4084 3677 4157">
     <span class='ocr_line' id='line_1_85' title="bbox 2085 4084 3677 4157; baseline 0.003 -20"><span class='ocrx_word' id='word_1_581' title='bbox 2085 4099 2183 4155; x_wconf 87' lang='lat' dir='ltr'><strong><em>per</em></strong></span> <span class='ocrx_word' id='word_1_582' title='bbox 2214 4084 2417 4142; x_wconf 82' lang='lat' dir='ltr'><strong><em>additis</em></strong></span> <span class='ocrx_word' id='word_1_583' title='bbox 2456 4086 2844 4157; x_wconf 81' lang='lat' dir='ltr'><strong><em>interpolatum</em></strong></span> <span class='ocrx_word' id='word_1_584' title='bbox 2879 4084 3066 4141; x_wconf 79' lang='lat' dir='ltr'><strong><em>fuerit.</em></strong></span> <span class='ocrx_word' id='word_1_585' title='bbox 3094 4086 3250 4153; x_wconf 83' lang='lat' dir='ltr'><strong><em>Quod</em></strong></span> <span class='ocrx_word' id='word_1_586' title='bbox 3279 4103 3388 4141; x_wconf 90' lang='lat' dir='ltr'><strong><em>non</em></strong></span> <span class='ocrx_word' id='word_1_587' title='bbox 3426 4102 3677 4142; x_wconf 83' lang='lat' dir='ltr'><strong><em>commu-</em></strong></span> 
     </span>
    </p>
   </div>
   <div class='ocr_carea' id='block_1_86' title="bbox 2083 4177 3678 4249">
    <p class='ocr_par' dir='ltr' id='par_1_86' title="bbox 2083 4177 3678 4249">
     <span class='ocr_line' id='line_1_86' title="bbox 2083 4177 3678 4249; baseline 0.001 -17"><span class='ocrx_word' id='word_1_588' title='bbox 2083 4178 2172 4233; x_wconf 86' lang='lat' dir='ltr'><strong><em>nis</em></strong></span> <span class='ocrx_word' id='word_1_589' title='bbox 2231 4178 2488 4233; x_wconf 83' lang='lat' dir='ltr'><strong><em>utilitatis</em></strong></span> <span class='ocrx_word' id='word_1_590' title='bbox 2536 4178 2734 4249; x_wconf 86' lang='lat' dir='ltr'><strong><em>gratia,</em></strong></span> <span class='ocrx_word' id='word_1_591' title='bbox 2779 4177 2874 4233; x_wconf 88' lang='lat' dir='ltr'><strong><em>sed</em></strong></span> <span class='ocrx_word' id='word_1_592' title='bbox 2922 4177 2995 4231; x_wconf 88' lang='lat' dir='ltr'><strong><em>ad</em></strong></span> <span class='ocrx_word' id='word_1_593' title='bbox 3036 4194 3230 4233; x_wconf 90' lang='lat' dir='ltr'><strong><em>vocum</em></strong></span> <span class='ocrx_word' id='word_1_594' title='bbox 3275 4178 3678 4249; x_wconf 66' lang='lat' dir='ltr'><strong><em>periculosissi«</em></strong></span> 
     </span>
    </p>
   </div>
   <div class='ocr_carea' id='block_1_87' title="bbox 2084 4268 3686 4335">
    <p class='ocr_par' dir='ltr' id='par_1_87' title="bbox 2084 4268 3686 4335">
     <span class='ocr_line' id='line_1_87' title="bbox 2084 4268 3686 4335; baseline 0.001 -11"><span class='ocrx_word' id='word_1_595' title='bbox 2084 4284 2229 4324; x_wconf 90' lang='lat' dir='ltr'><strong><em>mam</em></strong></span> <span class='ocrx_word' id='word_1_596' title='bbox 2292 4270 2590 4325; x_wconf 82' lang='lat' dir='ltr'><strong><em>novitatem</em></strong></span> <span class='ocrx_word' id='word_1_597' title='bbox 2644 4268 3024 4335; x_wconf 82' lang='lat' dir='ltr'><strong><em>all&#39;ectandam,</em></strong></span> <span class='ocrx_word' id='word_1_598' title='bbox 3085 4268 3291 4326; x_wconf 85' lang='lat' dir='ltr'><strong><em>furiosa</em></strong></span> <span class='ocrx_word' id='word_1_599' title='bbox 3347 4270 3439 4325; x_wconf 87' lang='lat' dir='ltr'><strong><em>illa</em></strong></span> <span class='ocrx_word' id='word_1_600' title='bbox 3496 4269 3686 4326; x_wconf 83' lang='lat' dir='ltr'><strong><em>bellua.</em></strong></span> 
     </span>
    </p>
   </div>
   <div class='ocr_carea' id='block_1_88' title="bbox 2083 4359 2547 4417">
    <p class='ocr_par' dir='ltr' id='par_1_88' title="bbox 2083 4359 2547 4417">
     <span class='ocr_line' id='line_1_88' title="bbox 2083 4359 2547 4417; baseline 0.002 -1"><span class='ocrx_word' id='word_1_601' title='bbox 2083 4359 2265 4416; x_wconf 76' lang='lat' dir='ltr'><strong><em>facere</em></strong></span> <span class='ocrx_word' id='word_1_602' title='bbox 2293 4360 2547 4417; x_wconf 76' lang='lat' dir='ltr'><strong><em>instituit.</em></strong></span> 
     </span>
    </p>
   </div>
   <div class='ocr_carea' id='block_1_89' title="bbox 464 4538 1986 4623">
    <p class='ocr_par' dir='ltr' id='par_1_89' title="bbox 464 4542 1980 4619">
     <span class='ocr_line' id='line_1_89' title="bbox 464 4542 1980 4619; baseline 0.004 -24"><span class='ocrx_word' id='word_1_603' title='bbox 464 4542 653 4598; x_wconf 81' lang='grc' dir='ltr'><em>Ταῦτα</em></span> <span class='ocrx_word' id='word_1_604' title='bbox 684 4544 743 4599; x_wconf 86' lang='grc' dir='ltr'><em>δὲ</em></span> <span class='ocrx_word' id='word_1_605' title='bbox 789 4546 923 4617; x_wconf 74' lang='grc' dir='ltr'><em>ἡμῖν</em></span> <span class='ocrx_word' id='word_1_606' title='bbox 952 4546 1257 4617; x_wconf 85' lang='grc' dir='ltr'><em>πεπόνηται</em></span> <span class='ocrx_word' id='word_1_607' title='bbox 1303 4548 1398 4601; x_wconf 74' lang='grc' dir='ltr'><em>καὶ</em></span> <span class='ocrx_word' id='word_1_608' title='bbox 1443 4546 1980 4619; x_wconf 86' lang='grc' dir='ltr'><em>πεπολυπραγμόνη-</em></span> 
     </span>
    </p>
   </div>
   <div class='ocr_carea' id='block_1_90' title="bbox 2088 4538 3671 4623">
    <p class='ocr_par' dir='ltr' id='par_1_90' title="bbox 2157 4538 3671 4612">
     <span class='ocr_line' id='line_1_90' title="bbox 2157 4538 3671 4612; baseline -0.003 -15"><span class='ocrx_word' id='word_1_609' title='bbox 2157 4541 2321 4612; x_wconf 71' lang='lat'><strong>322</strong></span> <span class='ocrx_word' id='word_1_610' title='bbox 2355 4538 2482 4596; x_wconf 65' lang='lat' dir='ltr'><strong><em>Haec</em></strong></span> <span class='ocrx_word' id='word_1_611' title='bbox 2511 4549 2690 4595; x_wconf 85' lang='lat' dir='ltr'><strong><em>autem</em></strong></span> <span class='ocrx_word' id='word_1_612' title='bbox 2721 4540 2905 4595; x_wconf 90' lang='lat' dir='ltr'><strong><em>omnia</em></strong></span> <span class='ocrx_word' id='word_1_613' title='bbox 2937 4555 3005 4594; x_wconf 78' lang='lat' dir='ltr'><strong><em>ex</em></strong></span> <span class='ocrx_word' id='word_1_614' title='bbox 3032 4554 3119 4605; x_wconf 90' lang='lat' dir='ltr'><strong><em>eo,</em></strong></span> <span class='ocrx_word' id='word_1_615' title='bbox 3152 4554 3314 4609; x_wconf 84' lang='lat' dir='ltr'><strong><em>quem</em></strong></span> <span class='ocrx_word' id='word_1_616' title='bbox 3344 4553 3671 4595; x_wconf 87' lang='lat' dir='ltr'><strong><em>commemo-</em></strong></span> 
     </span>
    </p>
   </div>
   <div class='ocr_carea' id='block_1_91' title="bbox 389 4638 1979 4713">
    <p class='ocr_par' dir='ltr' id='par_1_91' title="bbox 389 4638 1979 4713">
     <span class='ocr_line' id='line_1_91' title="bbox 389 4638 1979 4713; baseline 0.001 -20"><span class='ocrx_word' id='word_1_617' title='bbox 389 4652 480 4693; x_wconf 81' lang='grc' dir='ltr'><strong><em>ται</em></strong></span> <span class='ocrx_word' id='word_1_618' title='bbox 501 4639 565 4691; x_wconf 81' lang='grc' dir='ltr'><em>ὲκ</em></span> <span class='ocrx_word' id='word_1_619' title='bbox 592 4639 690 4711; x_wconf 83' lang='grc' dir='ltr'><em>τῆς</em></span> <span class='ocrx_word' id='word_1_620' title='bbox 720 4638 849 4710; x_wconf 80' lang='grc' dir='ltr'><em>παρ’</em></span> <span class='ocrx_word' id='word_1_621' title='bbox 870 4638 1036 4694; x_wconf 81' lang='grc' dir='ltr'><em>αὐτοῦ</em></span> <span class='ocrx_word' id='word_1_622' title='bbox 1060 4642 1077 4671; x_wconf 85' lang='grc'>¹</span> <span class='ocrx_word' id='word_1_623' title='bbox 1104 4639 1543 4712; x_wconf 83' lang='grc' dir='ltr'><em>προλελεγμένης</em></span> <span class='ocrx_word' id='word_1_624' title='bbox 1570 4640 1790 4713; x_wconf 80' lang='grc' dir='ltr'><em>γραφῆς</em></span> <span class='ocrx_word' id='word_1_625' title='bbox 1819 4640 1979 4695; x_wconf 75' lang='grc' dir='ltr'><em>Ἀπο-</em></span> 
     </span>
    </p>
   </div>
   <div class='ocr_carea' id='block_1_92' title="bbox 393 4728 1977 4801">
    <p class='ocr_par' dir='ltr' id='par_1_92' title="bbox 393 4728 1977 4801">
     <span class='ocr_line' id='line_1_92' title="bbox 393 4728 1977 4801; baseline 0.003 -20"><span class='ocrx_word' id='word_1_626' title='bbox 393 4728 585 4783; x_wconf 88' lang='grc' dir='ltr'><em>στόλου</em></span> <span class='ocrx_word' id='word_1_627' title='bbox 615 4747 677 4783; x_wconf 89' lang='grc' dir='ltr'><strong><em>τε</em></strong></span> <span class='ocrx_word' id='word_1_628' title='bbox 723 4730 818 4785; x_wconf 78' lang='grc' dir='ltr'><em>καὶ</em></span> <span class='ocrx_word' id='word_1_629' title='bbox 849 4728 944 4784; x_wconf 82' lang='grc' dir='ltr'><strong><em>τοῦ</em></strong></span> <span class='ocrx_word' id='word_1_630' title='bbox 989 4730 1134 4785; x_wconf 86' lang='grc' dir='ltr'><em>κατὰ</em></span> <span class='ocrx_word' id='word_1_631' title='bbox 1170 4731 1387 4785; x_wconf 81' lang='grc' dir='ltr'><em>Λουκᾶν</em></span> <span class='ocrx_word' id='word_1_632' title='bbox 1430 4730 1798 4801; x_wconf 82' lang='grc' dir='ltr'><em>Εὐαγγελίου·</em></span> <span class='ocrx_word' id='word_1_633' title='bbox 1838 4732 1977 4786; x_wconf 84' lang='grc' dir='ltr'><em>ειδέ-</em></span> 
     </span>
    </p>
   </div>
   <div class='ocr_carea' id='block_1_93' title="bbox 389 4820 1974 4895">
    <p class='ocr_par' dir='ltr' id='par_1_93' title="bbox 389 4820 1974 4895">
     <span class='ocr_line' id='line_1_93' title="bbox 389 4820 1974 4895; baseline 0.001 -21"><span class='ocrx_word' id='word_1_634' title='bbox 389 4838 480 4875; x_wconf 85' lang='grc' dir='ltr'><strong><em>ναι</em></strong></span> <span class='ocrx_word' id='word_1_635' title='bbox 515 4823 536 4854; x_wconf 82' lang='grc'>¹</span> <span class='ocrx_word' id='word_1_636' title='bbox 576 4820 751 4894; x_wconf 76' lang='grc' dir='ltr'><em>ἔχοιεν</em></span> <span class='ocrx_word' id='word_1_637' title='bbox 801 4822 1003 4887; x_wconf 89' lang='grc' dir='ltr'><em>πάντες</em></span> <span class='ocrx_word' id='word_1_638' title='bbox 1050 4823 1101 4875; x_wconf 85' lang='grc' dir='ltr'><em>οἱ</em></span> <span class='ocrx_word' id='word_1_639' title='bbox 1155 4821 1487 4895; x_wconf 86' lang='grc' dir='ltr'><em>πειρώμενοι</em></span> <span class='ocrx_word' id='word_1_640' title='bbox 1540 4822 1843 4892; x_wconf 82' lang='grc' dir='ltr'><em>ἀντιλέγειν</em></span> <span class='ocrx_word' id='word_1_641' title='bbox 1906 4826 1974 4895; x_wconf 79' lang='grc' dir='ltr'><em>τῇ</em></span> 
     </span>
    </p>
   </div>
   <div class='ocr_carea' id='block_1_94' title="bbox 388 4913 1976 4990">
    <p class='ocr_par' dir='ltr' id='par_1_94' title="bbox 388 4913 1976 4990">
     <span class='ocr_line' id='line_1_94' title="bbox 388 4913 1976 4990; baseline 0.004 -24"><span class='ocrx_word' id='word_1_642' title='bbox 388 4913 559 4968; x_wconf 79' lang='grc' dir='ltr'><em>αὑτοῦ</em></span> <span class='ocrx_word' id='word_1_643' title='bbox 612 4915 825 4988; x_wconf 80' lang='grc' dir='ltr'><em>πλάνῃ,</em></span> <span class='ocrx_word' id='word_1_644' title='bbox 872 4916 954 4970; x_wconf 84' lang='grc' dir='ltr'><em>ὅτι</em></span> <span class='ocrx_word' id='word_1_645' title='bbox 996 4915 1065 4970; x_wconf 86' lang='grc' dir='ltr'><em>τὰ</em></span> <span class='ocrx_word' id='word_1_646' title='bbox 1120 4918 1218 4988; x_wconf 85' lang='grc' dir='ltr'><em>μὲν</em></span> <span class='ocrx_word' id='word_1_647' title='bbox 1275 4916 1712 4990; x_wconf 83' lang='grc' dir='ltr'><em>παρηλλαγμένα</em></span> <span class='ocrx_word' id='word_1_648' title='bbox 1756 4919 1976 4989; x_wconf 85' lang='grc' dir='ltr'><em>ρἡατα</em></span> 
     </span>
    </p>
   </div>
   <div class='ocr_carea' id='block_1_95' title="bbox 387 5008 1975 5081">
    <p class='ocr_par' dir='ltr' id='par_1_95' title="bbox 387 5008 1975 5081">
     <span class='ocr_line' id='line_1_95' title="bbox 387 5008 1975 5081; baseline 0.002 -20"><span class='ocrx_word' id='word_1_649' title='bbox 387 5008 529 5062; x_wconf 83' lang='grc' dir='ltr'><em>κατὰ</em></span> <span class='ocrx_word' id='word_1_650' title='bbox 561 5009 913 5081; x_wconf 72' lang='grc' dir='ltr'><em>ῥᾳδιουργίαν</em></span> <span class='ocrx_word' id='word_1_651' title='bbox 938 5009 1253 5065; x_wconf 81' lang='grc' dir='ltr'><em>ὲντέτακται</em></span> <span class='ocrx_word' id='word_1_652' title='bbox 1274 5028 1286 5039; x_wconf 72' lang='grc'><strong><em>⁸</em></strong></span> <span class='ocrx_word' id='word_1_653' title='bbox 1324 5012 1426 5065; x_wconf 85' lang='grc' dir='ltr'><em>ὅσα</em></span> <span class='ocrx_word' id='word_1_654' title='bbox 1454 5010 1510 5064; x_wconf 78' lang='grc' dir='ltr'><em>δὲ</em></span> <span class='ocrx_word' id='word_1_655' title='bbox 1539 5011 1639 5064; x_wconf 84' lang='grc' dir='ltr'><em>οὐκ</em></span> <span class='ocrx_word' id='word_1_656' title='bbox 1672 5010 1975 5081; x_wconf 75' lang='grc' dir='ltr'><em>ἐμφέρεται</em></span> 
     </span>
    </p>
   </div>
   <div class='ocr_carea' id='block_1_96' title="bbox 388 5101 1975 5174">
    <p class='ocr_par' dir='ltr' id='par_1_96' title="bbox 388 5101 1975 5174">
     <span class='ocr_line' id='line_1_96' title="bbox 388 5101 1975 5174; baseline 0.002 -21"><span class='ocrx_word' id='word_1_657' title='bbox 388 5102 448 5154; x_wconf 83' lang='grc' dir='ltr'><em>ὲν</em></span> <span class='ocrx_word' id='word_1_658' title='bbox 479 5104 592 5165; x_wconf 84' lang='grc' dir='ltr'><em>τοῖς</em></span> <span class='ocrx_word' id='word_1_659' title='bbox 632 5102 855 5164; x_wconf 78' lang='grc' dir='ltr'><em>οἰκείοις</em></span> <span class='ocrx_word' id='word_1_660' title='bbox 883 5101 1072 5165; x_wconf 87' lang='grc' dir='ltr'><em>τόποις</em></span> <span class='ocrx_word' id='word_1_661' title='bbox 1104 5102 1404 5173; x_wconf 79' lang='grc' dir='ltr'><em>συληθέντα</em></span> <span class='ocrx_word' id='word_1_662' title='bbox 1447 5102 1685 5173; x_wconf 84' lang='grc' dir='ltr'><em>ὑπάρχει</em></span> <span class='ocrx_word' id='word_1_663' title='bbox 1732 5102 1837 5156; x_wconf 83' lang='grc' dir='ltr'><strong><em>ὑπὸ</em></strong></span> <span class='ocrx_word' id='word_1_664' title='bbox 1874 5103 1975 5174; x_wconf 81' lang='grc' dir='ltr'><em>τῆς</em></span> 
     </span>
    </p>
   </div>
   <div class='ocr_carea' id='block_1_97' title="bbox 388 5192 1975 5266">
    <p class='ocr_par' dir='ltr' id='par_1_97' title="bbox 388 5192 1975 5266">
     <span class='ocr_line' id='line_1_97' title="bbox 388 5192 1975 5266; baseline 0.001 -19"><span class='ocrx_word' id='word_1_665' title='bbox 388 5193 553 5247; x_wconf 69' lang='grc' dir='ltr'><em>αὐτοῦ</em></span> <span class='ocrx_word' id='word_1_666' title='bbox 593 5193 821 5264; x_wconf 87' lang='grc' dir='ltr'><em>τόλμης.</em></span> <span class='ocrx_word' id='word_1_667' title='bbox 857 5193 1045 5249; x_wconf 83' lang='grc' dir='ltr'><em>Ταῦτα</em></span> <span class='ocrx_word' id='word_1_668' title='bbox 1086 5194 1195 5266; x_wconf 78' lang='grc' dir='ltr'><em>γὰρ</em></span> <span class='ocrx_word' id='word_1_669' title='bbox 1228 5193 1401 5247; x_wconf 77' lang='grc' dir='ltr'><em>ἐδόκει</em></span> <span class='ocrx_word' id='word_1_670' title='bbox 1442 5195 1469 5247; x_wconf 87' lang='grc' dir='ltr'>ὁ</span> <span class='ocrx_word' id='word_1_671' title='bbox 1516 5192 1801 5264; x_wconf 87' lang='grc' dir='ltr'><em>κτηνώδης</em></span> <span class='ocrx_word' id='word_1_672' title='bbox 1836 5193 1975 5264; x_wconf 86' lang='grc' dir='ltr'><em>μόνα</em></span> 
     </span>
    </p>
   </div>
   <div class='ocr_carea' id='block_1_98' title="bbox 387 5279 1975 5354">
    <p class='ocr_par' dir='ltr' id='par_1_98' title="bbox 387 5279 1975 5354">
     <span class='ocr_line' id='line_1_98' title="bbox 387 5279 1975 5354; baseline 0 -18"><span class='ocrx_word' id='word_1_673' title='bbox 387 5283 605 5337; x_wconf 78' lang='grc' dir='ltr'><em>ἐναντία</em></span> <span class='ocrx_word' id='word_1_674' title='bbox 644 5279 805 5349; x_wconf 82' lang='grc' dir='ltr'><em>εἶναι,</em></span> <span class='ocrx_word' id='word_1_675' title='bbox 842 5283 1146 5353; x_wconf 86' lang='grc' dir='ltr'><em>ἀντιλέγειν</em></span> <span class='ocrx_word' id='word_1_676' title='bbox 1176 5286 1241 5353; x_wconf 82' lang='grc' dir='ltr'><em>τῇ</em></span> <span class='ocrx_word' id='word_1_677' title='bbox 1286 5282 1453 5336; x_wconf 82' lang='grc' dir='ltr'><em>αὐτοῦ</em></span> <span class='ocrx_word' id='word_1_678' title='bbox 1495 5282 1816 5354; x_wconf 79' lang='grc' dir='ltr'><em>ἐπιπλάστῳ</em></span> <span class='ocrx_word' id='word_1_679' title='bbox 1854 5285 1975 5337; x_wconf 80' lang='grc' dir='ltr'><em>ἑπι-</em></span> 
     </span>
    </p>
   </div>
   <div class='ocr_carea' id='block_1_99' title="bbox 385 5394 525 5449">
    <p class='ocr_par' dir='ltr' id='par_1_99' title="bbox 385 5394 525 5449">
     <span class='ocr_line' id='line_1_99' title="bbox 385 5394 525 5449; baseline 0.014 -19"><span class='ocrx_word' id='word_1_680' title='bbox 385 5394 525 5449; x_wconf 82' lang='grc' dir='ltr'><em>νοιᾳ.</em></span> 
     </span>
    </p>
   </div>
   <div class='ocr_carea' id='block_1_100' title="bbox 463 5467 1976 5541">
    <p class='ocr_par' dir='ltr' id='par_1_100' title="bbox 463 5467 1976 5541">
     <span class='ocr_line' id='line_1_100' title="bbox 463 5467 1976 5541; baseline 0 -20"><span class='ocrx_word' id='word_1_681' title='bbox 463 5468 616 5523; x_wconf 75' lang='grc' dir='ltr'><em>Ἐστι</em></span> <span class='ocrx_word' id='word_1_682' title='bbox 656 5470 714 5523; x_wconf 86' lang='grc' dir='ltr'><em>δὲ</em></span> <span class='ocrx_word' id='word_1_683' title='bbox 754 5469 938 5541; x_wconf 91' lang='grc' dir='ltr'><em>τρίτον</em></span> <span class='ocrx_word' id='word_1_684' title='bbox 970 5467 1125 5540; x_wconf 82' lang='grc' dir='ltr'><em>ἡμῶν</em></span> <span class='ocrx_word' id='word_1_685' title='bbox 1153 5467 1251 5538; x_wconf 83' lang='grc' dir='ltr'><em>τῆς</em></span> <span class='ocrx_word' id='word_1_686' title='bbox 1283 5467 1603 5538; x_wconf 85' lang='grc' dir='ltr'><em>φιλοκαλίας</em></span> <span class='ocrx_word' id='word_1_687' title='bbox 1635 5467 1696 5521; x_wconf 83' lang='grc' dir='ltr'><em>τὸ</em></span> <span class='ocrx_word' id='word_1_688' title='bbox 1739 5482 1976 5535; x_wconf 89' lang='grc' dir='ltr'><em>συναγα-</em></span> 
     </span>
    </p>
   </div>
   <div class='ocr_carea' id='block_1_101' title="bbox 384 5558 1975 5635">
    <p class='ocr_par' dir='ltr' id='par_1_101' title="bbox 384 5558 1975 5635">
     <span class='ocr_line' id='line_1_101' title="bbox 384 5558 1975 5635; baseline 0 -21"><span class='ocrx_word' id='word_1_689' title='bbox 384 5562 503 5631; x_wconf 85' lang='grc' dir='ltr'><em>γεῖν</em></span> <span class='ocrx_word' id='word_1_690' title='bbox 530 5562 634 5616; x_wconf 86' lang='grc' dir='ltr'><em>ὅσα</em></span> <span class='ocrx_word' id='word_1_691' title='bbox 666 5564 797 5635; x_wconf 90' lang='grc' dir='ltr'><em>παρ’</em></span> <span class='ocrx_word' id='word_1_692' title='bbox 827 5560 977 5633; x_wconf 76' lang='grc' dir='ltr'><em>αὐτῷ</em></span> <span class='ocrx_word' id='word_1_693' title='bbox 1016 5578 1075 5614; x_wconf 91' lang='grc' dir='ltr'><strong><em>τε</em></strong></span> <span class='ocrx_word' id='word_1_694' title='bbox 1116 5560 1210 5615; x_wconf 69' lang='grc' dir='ltr'><em>καὶ</em></span> <span class='ocrx_word' id='word_1_695' title='bbox 1240 5562 1369 5630; x_wconf 87' lang='grc' dir='ltr'><em>παρ’</em></span> <span class='ocrx_word' id='word_1_696' title='bbox 1406 5562 1539 5631; x_wconf 83' lang='grc' dir='ltr'><em>ἡμῖν</em></span> <span class='ocrx_word' id='word_1_697' title='bbox 1572 5558 1803 5631; x_wconf 79' lang='grc' dir='ltr'><em>εὓρηται</em></span> <span class='ocrx_word' id='word_1_698' title='bbox 1850 5576 1975 5614; x_wconf 92' lang='grc' dir='ltr'><em>συν-</em></span> 
     </span>
    </p>
   </div>
   <div class='ocr_carea' id='block_1_102' title="bbox 460 5786 980 5891">
    <p class='ocr_par' dir='ltr' id='par_1_102' title="bbox 460 5786 980 5891">
     <span class='ocr_line' id='line_1_102' title="bbox 460 5786 980 5891; baseline 0 0"><span class='ocrx_word' id='word_1_699' title='bbox 460 5786 487 5891; x_wconf 64' lang='grc' dir='ltr'><strong><em>ῗ.</em></strong></span> <span class='ocrx_word' id='word_1_700' title='bbox 512 5803 610 5891; x_wconf 59' lang='grc' dir='ltr'><strong><em>πηλ</em></strong></span> <span class='ocrx_word' id='word_1_701' title='bbox 646 5786 980 5891; x_wconf 51' lang='grc' dir='ltr'><strong><em>πατρῖιαιίέὶῗ·</em></strong></span> 
     </span>
    </p>
   </div>
   <div class='ocr_carea' id='block_1_103' title="bbox 392 5857 782 5922">
    <p class='ocr_par' dir='ltr' id='par_1_103' title="bbox 392 5857 782 5922">
     <span class='ocr_line' id='line_1_103' title="bbox 392 5857 782 5922; baseline 0.005 -11"><span class='ocrx_word' id='word_1_702' title='bbox 392 5872 513 5922; x_wconf 68' lang='grc' dir='ltr'><em>χιιι,</em></span> <span class='ocrx_word' id='word_1_703' title='bbox 556 5859 641 5915; x_wconf 73' lang='grc' dir='ltr'><strong><em>ιι.</em></strong></span> <span class='ocrx_word' id='word_1_704' title='bbox 718 5857 782 5913; x_wconf 77' lang='grc' dir='ltr'><strong><em>τι</em></strong></span> 
     </span>
    </p>
   </div>
   <div class='ocr_carea' id='block_1_104' title="bbox 1082 5780 2425 5847">
    <p class='ocr_par' dir='ltr' id='par_1_104' title="bbox 1082 5780 2425 5847">
     <span class='ocr_line' id='line_1_104' title="bbox 1082 5780 2425 5847; baseline 0 -7"><span class='ocrx_word' id='word_1_705' title='bbox 1082 5790 1101 5818; x_wconf 88' lang='grc'>²</span> <span class='ocrx_word' id='word_1_706' title='bbox 1130 5785 1257 5842; x_wconf 84' lang='lat' dir='ltr'><strong><em>For.</em></strong></span> <span class='ocrx_word' id='word_1_707' title='bbox 1292 5780 1382 5840; x_wconf 75' lang='grc' dir='ltr'><em>ἵνα</em></span> <span class='ocrx_word' id='word_1_708' title='bbox 1422 5786 1521 5841; x_wconf 75' lang='grc' dir='ltr'><em>εἰδ.</em></span> <span class='ocrx_word' id='word_1_709' title='bbox 1618 5787 1639 5816; x_wconf 77' lang='grc'><strong>³</strong></span> <span class='ocrx_word' id='word_1_710' title='bbox 1664 5786 1790 5841; x_wconf 82' lang='lat' dir='ltr'><strong><em>Cor.</em></strong></span> <span class='ocrx_word' id='word_1_711' title='bbox 1829 5801 1944 5847; x_wconf 78' lang='lat' dir='ltr'><strong><em>XIV,</em></strong></span> <span class='ocrx_word' id='word_1_712' title='bbox 1985 5786 2073 5839; x_wconf 71' lang='lat' dir='ltr'><strong><em>2i.</em></strong></span> <span class='ocrx_word' id='word_1_713' title='bbox 2120 5784 2299 5841; x_wconf 55' lang='lat' dir='ltr'><strong><em>‘ibid.</em></strong></span> <span class='ocrx_word' id='word_1_714' title='bbox 2337 5782 2425 5841; x_wconf 75' lang='grc'><strong><em>54.</em></strong></span> 
     </span>
    </p>
   </div>
   <div class='ocr_carea' id='block_1_105' title="bbox 790 5856 2151 5925">
    <p class='ocr_par' dir='ltr' id='par_1_105' title="bbox 790 5856 2151 5925">
     <span class='ocr_line' id='line_1_105' title="bbox 790 5856 2151 5925; baseline -0.002 -13"><span class='ocrx_word' id='word_1_715' title='bbox 790 5856 963 5915; x_wconf 80' lang='lat' dir='ltr'><strong><em>lCor.</em></strong></span> <span class='ocrx_word' id='word_1_716' title='bbox 1008 5874 1045 5922; x_wconf 82' lang='grc' dir='ltr'><strong><em>ι,</em></strong></span> <span class='ocrx_word' id='word_1_717' title='bbox 1077 5859 1166 5914; x_wconf 72' lang='lat'><strong><em>9.0.</em></strong></span> <span class='ocrx_word' id='word_1_718' title='bbox 1245 5859 1265 5889; x_wconf 71' lang='grc'><strong>⁸</strong></span> <span class='ocrx_word' id='word_1_719' title='bbox 1293 5858 1333 5912; x_wconf 94' lang='lat' dir='ltr'><strong><em>ll</em></strong></span> <span class='ocrx_word' id='word_1_720' title='bbox 1364 5858 1490 5914; x_wconf 76' lang='lat' dir='ltr'><strong><em>Cor.</em></strong></span> <span class='ocrx_word' id='word_1_721' title='bbox 1526 5874 1599 5925; x_wconf 88' lang='grc' dir='ltr'><strong><em>ιν,</em></strong></span> <span class='ocrx_word' id='word_1_722' title='bbox 1633 5857 1687 5925; x_wconf 88' lang='grc'><em>5,</em></span> <span class='ocrx_word' id='word_1_723' title='bbox 1713 5860 1767 5912; x_wconf 88' lang='grc'><strong><em>6.</em></strong></span> <span class='ocrx_word' id='word_1_724' title='bbox 1846 5859 1866 5888; x_wconf 87' lang='grc'><strong>⁹</strong></span> <span class='ocrx_word' id='word_1_725' title='bbox 1901 5856 2030 5913; x_wconf 84' lang='lat' dir='ltr'><strong><em>ibid.</em></strong></span> <span class='ocrx_word' id='word_1_726' title='bbox 2068 5856 2151 5911; x_wconf 82' lang='grc'><strong><em>15.</em></strong></span> 
     </span>
    </p>
   </div>
   <div class='ocr_carea' id='block_1_106' title="bbox 2088 4629 3674 4703">
    <p class='ocr_par' dir='ltr' id='par_1_106' title="bbox 2088 4629 3674 4703">
     <span class='ocr_line' id='line_1_106' title="bbox 2088 4629 3674 4703; baseline -0.003 -13"><span class='ocrx_word' id='word_1_727' title='bbox 2088 4636 2368 4699; x_wconf 86' lang='lat' dir='ltr'><strong><em>ravimus,</em></strong></span> <span class='ocrx_word' id='word_1_728' title='bbox 2402 4633 2673 4703; x_wconf 82' lang='lat' dir='ltr'><strong><em>Apostoli,</em></strong></span> <span class='ocrx_word' id='word_1_729' title='bbox 2714 4631 3101 4703; x_wconf 86' lang='lat' dir='ltr'><strong><em>Evangeliique</em></strong></span> <span class='ocrx_word' id='word_1_730' title='bbox 3158 4629 3321 4686; x_wconf 70' lang='lat' dir='ltr'><strong><em>Lucae</em></strong></span> <span class='ocrx_word' id='word_1_731' title='bbox 3371 4631 3531 4697; x_wconf 90' lang='lat' dir='ltr'><strong><em>libro,</em></strong></span> <span class='ocrx_word' id='word_1_732' title='bbox 3566 4645 3674 4700; x_wconf 87' lang='lat' dir='ltr'><strong><em>quo</em></strong></span> 
     </span>
    </p>
   </div>
   <div class='ocr_carea' id='block_1_107' title="bbox 2082 4722 3675 4797">
    <p class='ocr_par' dir='ltr' id='par_1_107' title="bbox 2082 4722 3675 4797">
     <span class='ocr_line' id='line_1_107' title="bbox 2082 4722 3675 4797; baseline -0.006 -11"><span class='ocrx_word' id='word_1_733' title='bbox 2082 4729 2133 4786; x_wconf 88' lang='lat' dir='ltr'><strong><em>is</em></strong></span> <span class='ocrx_word' id='word_1_734' title='bbox 2167 4729 2363 4793; x_wconf 88' lang='lat' dir='ltr'><strong><em>utitur,</em></strong></span> <span class='ocrx_word' id='word_1_735' title='bbox 2396 4741 2691 4797; x_wconf 77' lang='lat' dir='ltr'><strong><em>excerpere</em></strong></span> <span class='ocrx_word' id='word_1_736' title='bbox 2724 4740 2789 4780; x_wconf 89' lang='lat' dir='ltr'><strong><em>ac</em></strong></span> <span class='ocrx_word' id='word_1_737' title='bbox 2826 4724 3055 4795; x_wconf 84' lang='lat' dir='ltr'><strong><em>seligere</em></strong></span> <span class='ocrx_word' id='word_1_738' title='bbox 3089 4725 3419 4780; x_wconf 82' lang='lat' dir='ltr'><strong><em>studuimus.</em></strong></span> <span class='ocrx_word' id='word_1_739' title='bbox 3453 4722 3523 4779; x_wconf 91' lang='lat' dir='ltr'><strong><em>Ut</em></strong></span> <span class='ocrx_word' id='word_1_740' title='bbox 3553 4724 3675 4794; x_wconf 89' lang='lat' dir='ltr'><strong><em>qui-</em></strong></span> 
     </span>
    </p>
   </div>
   <div class='ocr_carea' id='block_1_108' title="bbox 2084 4817 3675 4894">
    <p class='ocr_par' dir='ltr' id='par_1_108' title="bbox 2084 4817 3675 4894">
     <span class='ocr_line' id='line_1_108' title="bbox 2084 4817 3675 4894; baseline -0.007 -14"><span class='ocrx_word' id='word_1_741' title='bbox 2084 4838 2301 4894; x_wconf 87' lang='lat' dir='ltr'><strong><em>cunque</em></strong></span> <span class='ocrx_word' id='word_1_742' title='bbox 2349 4821 2614 4876; x_wconf 89' lang='lat' dir='ltr'><strong><em>adversus</em></strong></span> <span class='ocrx_word' id='word_1_743' title='bbox 2660 4820 2807 4874; x_wconf 83' lang='lat' dir='ltr'><strong><em>illius</em></strong></span> <span class='ocrx_word' id='word_1_744' title='bbox 2854 4834 3097 4874; x_wconf 87' lang='lat' dir='ltr'><strong><em>errorem</em></strong></span> <span class='ocrx_word' id='word_1_745' title='bbox 3142 4818 3425 4889; x_wconf 85' lang='lat' dir='ltr'><strong><em>disputare</em></strong></span> <span class='ocrx_word' id='word_1_746' title='bbox 3473 4817 3675 4872; x_wconf 79' lang='lat' dir='ltr'><strong><em>fuerint</em></strong></span> 
     </span>
    </p>
   </div>
   <div class='ocr_carea' id='block_1_109' title="bbox 2083 4911 3666 4987">
    <p class='ocr_par' dir='ltr' id='par_1_109' title="bbox 2083 4911 3666 4987">
     <span class='ocr_line' id='line_1_109' title="bbox 2083 4911 3666 4987; baseline -0.003 -17"><span class='ocrx_word' id='word_1_747' title='bbox 2083 4915 2349 4987; x_wconf 78' lang='lat' dir='ltr'><strong><em>aggressi,</em></strong></span> <span class='ocrx_word' id='word_1_748' title='bbox 2385 4915 2537 4985; x_wconf 84' lang='lat' dir='ltr'><strong><em>prius</em></strong></span> <span class='ocrx_word' id='word_1_749' title='bbox 2576 4913 2880 4983; x_wconf 85' lang='lat' dir='ltr'><strong><em>intelligant</em></strong></span> <span class='ocrx_word' id='word_1_750' title='bbox 2912 4911 3159 4982; x_wconf 66' lang='lat' dir='ltr'><strong><em>quaedam</em></strong></span> <span class='ocrx_word' id='word_1_751' title='bbox 3206 4912 3276 4967; x_wconf 91' lang='lat' dir='ltr'><strong><em>ab</em></strong></span> <span class='ocrx_word' id='word_1_752' title='bbox 3308 4926 3375 4965; x_wconf 87' lang='lat' dir='ltr'><strong><em>eo</em></strong></span> <span class='ocrx_word' id='word_1_753' title='bbox 3421 4925 3666 4965; x_wconf 84' lang='lat' dir='ltr'><strong><em>commu-</em></strong></span> 
     </span>
    </p>
   </div>
   <div class='ocr_carea' id='block_1_110' title="bbox 2083 5003 3693 5075">
    <p class='ocr_par' dir='ltr' id='par_1_110' title="bbox 2083 5003 3693 5075">
     <span class='ocr_line' id='line_1_110' title="bbox 2083 5003 3693 5075; baseline -0.006 -11"><span class='ocrx_word' id='word_1_754' title='bbox 2083 5017 2197 5064; x_wconf 86' lang='lat' dir='ltr'><strong><em>tata</em></strong></span> <span class='ocrx_word' id='word_1_755' title='bbox 2230 5006 2517 5072; x_wconf 85' lang='lat' dir='ltr'><strong><em>vocabula,</em></strong></span> <span class='ocrx_word' id='word_1_756' title='bbox 2552 5020 2615 5060; x_wconf 87' lang='lat' dir='ltr'><strong><em>ac</em></strong></span> <span class='ocrx_word' id='word_1_757' title='bbox 2649 5021 2745 5075; x_wconf 92' lang='lat' dir='ltr'><strong><em>per</em></strong></span> <span class='ocrx_word' id='word_1_758' title='bbox 2771 5005 3017 5060; x_wconf 82' lang='lat' dir='ltr'><strong><em>fraudem</em></strong></span> <span class='ocrx_word' id='word_1_759' title='bbox 3053 5019 3117 5058; x_wconf 87' lang='lat' dir='ltr'><strong><em>ac</em></strong></span> <span class='ocrx_word' id='word_1_760' title='bbox 3147 5005 3406 5057; x_wconf 85' lang='lat' dir='ltr'><strong><em>malitiam</em></strong></span> <span class='ocrx_word' id='word_1_761' title='bbox 3446 5003 3693 5057; x_wconf 53' lang='lat' dir='ltr'><strong><em>inserta;</em></strong></span> 
     </span>
    </p>
   </div>
   <div class='ocr_carea' id='block_1_111' title="bbox 2082 5092 3672 5166">
    <p class='ocr_par' dir='ltr' id='par_1_111' title="bbox 2082 5092 3672 5166">
     <span class='ocr_line' id='line_1_111' title="bbox 2082 5092 3672 5166; baseline -0.004 -12"><span class='ocrx_word' id='word_1_762' title='bbox 2082 5099 2215 5166; x_wconf 67' lang='lat' dir='ltr'><strong><em>Quae</em></strong></span> <span class='ocrx_word' id='word_1_763' title='bbox 2247 5114 2377 5154; x_wconf 87' lang='lat' dir='ltr'><strong><em>vero</em></strong></span> <span class='ocrx_word' id='word_1_764' title='bbox 2410 5098 2527 5155; x_wconf 90' lang='lat' dir='ltr'><strong><em>suis</em></strong></span> <span class='ocrx_word' id='word_1_765' title='bbox 2561 5098 2695 5153; x_wconf 87' lang='lat' dir='ltr'><strong><em>locis</em></strong></span> <span class='ocrx_word' id='word_1_766' title='bbox 2740 5096 2964 5151; x_wconf 90' lang='lat' dir='ltr'><strong><em>minime</em></strong></span> <span class='ocrx_word' id='word_1_767' title='bbox 3009 5096 3380 5165; x_wconf 87' lang='lat' dir='ltr'><strong><em>reperiuntur,</em></strong></span> <span class='ocrx_word' id='word_1_768' title='bbox 3424 5092 3672 5163; x_wconf 88' lang='lat' dir='ltr'><strong><em>ejusdem</em></strong></span> 
     </span>
    </p>
   </div>
   <div class='ocr_carea' id='block_1_112' title="bbox 2082 5186 3673 5256">
    <p class='ocr_par' dir='ltr' id='par_1_112' title="bbox 2082 5186 3673 5256">
     <span class='ocr_line' id='line_1_112' title="bbox 2082 5186 3673 5256; baseline -0.003 -10"><span class='ocrx_word' id='word_1_769' title='bbox 2082 5198 2211 5246; x_wconf 87' lang='lat' dir='ltr'><strong><em>sunt</em></strong></span> <span class='ocrx_word' id='word_1_770' title='bbox 2258 5191 2485 5245; x_wconf 88' lang='lat' dir='ltr'><strong><em>audacia</em></strong></span> <span class='ocrx_word' id='word_1_771' title='bbox 2541 5191 2843 5245; x_wconf 83' lang='lat' dir='ltr'><strong><em>subtracta.</em></strong></span> <span class='ocrx_word' id='word_1_772' title='bbox 2880 5187 3007 5243; x_wconf 66' lang='lat' dir='ltr'><strong><em>Haec</em></strong></span> <span class='ocrx_word' id='word_1_773' title='bbox 3043 5188 3189 5243; x_wconf 89' lang='lat' dir='ltr'><strong><em>enim</em></strong></span> <span class='ocrx_word' id='word_1_774' title='bbox 3223 5187 3388 5241; x_wconf 91' lang='lat' dir='ltr'><strong><em>homo</em></strong></span> <span class='ocrx_word' id='word_1_775' title='bbox 3421 5186 3673 5256; x_wconf 87' lang='lat' dir='ltr'><strong><em>stupidus</em></strong></span> 
     </span>
    </p>
   </div>
   <div class='ocr_carea' id='block_1_113' title="bbox 2081 5278 3676 5353">
    <p class='ocr_par' dir='ltr' id='par_1_113' title="bbox 2081 5278 3676 5353">
     <span class='ocr_line' id='line_1_113' title="bbox 2081 5278 3676 5353; baseline -0.005 -12"><span class='ocrx_word' id='word_1_776' title='bbox 2081 5283 2199 5341; x_wconf 85' lang='lat' dir='ltr'><strong><em>sola</em></strong></span> <span class='ocrx_word' id='word_1_777' title='bbox 2233 5298 2357 5340; x_wconf 87' lang='lat' dir='ltr'><strong><em>esse</em></strong></span> <span class='ocrx_word' id='word_1_778' title='bbox 2384 5282 2651 5353; x_wconf 88' lang='lat' dir='ltr'><strong><em>judicavit</em></strong></span> <span class='ocrx_word' id='word_1_779' title='bbox 2686 5281 3075 5338; x_wconf 88' lang='lat' dir='ltr'><strong><em>commentitiis</em></strong></span> <span class='ocrx_word' id='word_1_780' title='bbox 3107 5280 3217 5336; x_wconf 91' lang='lat' dir='ltr'><strong><em>illis</em></strong></span> <span class='ocrx_word' id='word_1_781' title='bbox 3246 5280 3364 5336; x_wconf 87' lang='lat' dir='ltr'><strong><em>suis</em></strong></span> <span class='ocrx_word' id='word_1_782' title='bbox 3400 5278 3676 5350; x_wconf 87' lang='lat' dir='ltr'><strong><em>opinioni-</em></strong></span> 
     </span>
    </p>
   </div>
   <div class='ocr_carea' id='block_1_114' title="bbox 2080 5375 2514 5432">
    <p class='ocr_par' dir='ltr' id='par_1_114' title="bbox 2080 5375 2514 5432">
     <span class='ocr_line' id='line_1_114' title="bbox 2080 5375 2514 5432; baseline -0.009 0"><span class='ocrx_word' id='word_1_783' title='bbox 2080 5376 2187 5432; x_wconf 93' lang='lat' dir='ltr'><strong><em>bus</em></strong></span> <span class='ocrx_word' id='word_1_784' title='bbox 2216 5375 2514 5431; x_wconf 85' lang='lat' dir='ltr'><strong><em>contraria.</em></strong></span> 
     </span>
    </p>
   </div>
   <div class='ocr_carea' id='block_1_115' title="bbox 2153 5454 3671 5538">
    <p class='ocr_par' dir='ltr' id='par_1_115' title="bbox 2153 5454 3671 5538">
     <span class='ocr_line' id='line_1_115' title="bbox 2153 5454 3671 5538; baseline -0.005 -16"><span class='ocrx_word' id='word_1_785' title='bbox 2153 5454 2371 5523; x_wconf 60' lang='lat' dir='ltr'><strong><em>Tertius</em></strong></span> <span class='ocrx_word' id='word_1_786' title='bbox 2391 5481 2520 5522; x_wconf 88' lang='lat' dir='ltr'><strong><em>vero</em></strong></span> <span class='ocrx_word' id='word_1_787' title='bbox 2541 5474 2801 5537; x_wconf 79' lang='lat' dir='ltr'><strong><em>praeterea</em></strong></span> <span class='ocrx_word' id='word_1_788' title='bbox 2829 5474 3121 5538; x_wconf 85' lang='lat' dir='ltr'><strong><em>susceptus</em></strong></span> <span class='ocrx_word' id='word_1_789' title='bbox 3151 5480 3182 5519; x_wconf 87' lang='lat' dir='ltr'><strong><em>a</em></strong></span> <span class='ocrx_word' id='word_1_790' title='bbox 3203 5465 3363 5521; x_wconf 88' lang='lat' dir='ltr'><strong><em>nobis</em></strong></span> <span class='ocrx_word' id='word_1_791' title='bbox 3387 5472 3472 5521; x_wconf 89' lang='lat' dir='ltr'><strong><em>est</em></strong></span> <span class='ocrx_word' id='word_1_792' title='bbox 3494 5463 3671 5528; x_wconf 88' lang='lat' dir='ltr'><strong><em>labor,</em></strong></span> 
     </span>
    </p>
   </div>
   <div class='ocr_carea' id='block_1_116' title="bbox 2080 5556 3673 5630">
    <p class='ocr_par' dir='ltr' id='par_1_116' title="bbox 2080 5556 3673 5630">
     <span class='ocr_line' id='line_1_116' title="bbox 2080 5556 3673 5630; baseline -0.003 -16"><span class='ocrx_word' id='word_1_793' title='bbox 2080 5566 2142 5615; x_wconf 88' lang='lat' dir='ltr'><strong><em>ut</em></strong></span> <span class='ocrx_word' id='word_1_794' title='bbox 2198 5559 2255 5614; x_wconf 90' lang='lat' dir='ltr'><strong><em>in</em></strong></span> <span class='ocrx_word' id='word_1_795' title='bbox 2302 5574 2470 5614; x_wconf 89' lang='lat' dir='ltr'><strong><em>unum</em></strong></span> <span class='ocrx_word' id='word_1_796' title='bbox 2512 5558 2887 5615; x_wconf 84' lang='lat' dir='ltr'><strong><em>conferremus</em></strong></span> <span class='ocrx_word' id='word_1_797' title='bbox 2935 5559 3142 5625; x_wconf 89' lang='lat' dir='ltr'><strong><em>omnia,</em></strong></span> <span class='ocrx_word' id='word_1_798' title='bbox 3187 5556 3256 5614; x_wconf 84' lang='lat' dir='ltr'><strong><em>de</em></strong></span> <span class='ocrx_word' id='word_1_799' title='bbox 3298 5558 3498 5630; x_wconf 89' lang='lat' dir='ltr'><strong><em>quibus</em></strong></span> <span class='ocrx_word' id='word_1_800' title='bbox 3544 5568 3673 5611; x_wconf 88' lang='lat' dir='ltr'><strong><em>cum</em></strong></span> 
     </span>
    </p>
   </div>
   <div class='ocr_carea' id='block_1_117' title="bbox 2530 5782 3667 5852">
    <p class='ocr_par' dir='ltr' id='par_1_117' title="bbox 2530 5782 3667 5852">
     <span class='ocr_line' id='line_1_117' title="bbox 2530 5782 3667 5852; baseline -0.005 -11"><span class='ocrx_word' id='word_1_801' title='bbox 2530 5786 2597 5841; x_wconf 70' lang='grc' dir='ltr'><strong><em>ἰ</em></strong></span> <span class='ocrx_word' id='word_1_802' title='bbox 2630 5782 2757 5843; x_wconf 87' lang='lat' dir='ltr'><strong><em>Cor.</em></strong></span> <span class='ocrx_word' id='word_1_803' title='bbox 2797 5802 2885 5850; x_wconf 78' lang='lat' dir='ltr'><strong><em>xv,</em></strong></span> <span class='ocrx_word' id='word_1_804' title='bbox 2924 5785 2976 5841; x_wconf 88' lang='grc'><strong>1.</strong></span> <span class='ocrx_word' id='word_1_805' title='bbox 3054 5786 3075 5818; x_wconf 79' lang='grc'><strong>⁸</strong></span> <span class='ocrx_word' id='word_1_806' title='bbox 3108 5782 3240 5841; x_wconf 87' lang='lat' dir='ltr'><strong><em>ibid.</em></strong></span> <span class='ocrx_word' id='word_1_807' title='bbox 3273 5783 3340 5839; x_wconf 71' lang='grc'><strong><em>11</em></strong></span> <span class='ocrx_word' id='word_1_808' title='bbox 3370 5796 3515 5852; x_wconf 43' lang='lat' dir='ltr'><strong><em>sqq;</em></strong></span> <span class='ocrx_word' id='word_1_809' title='bbox 3539 5794 3667 5836; x_wconf 85' lang='lat' dir='ltr'><strong><em>use.</em></strong></span> 
     </span>
    </p>
   </div>
  </div>
