4156 6358
412 276 517 329 7'17

1826 276 1883 331 S.
1928 273 2272 330 EPlPllANll

3597 272 3730 329 '38-

406 408 550 456 luter
601 415 702 455 nos
751 409 914 470 atque
964 399 1114 452 illum
1169 399 1478 461 conveniat,
1527 413 1589 452 ea
1643 405 1825 452 tamen
1875 408 2003 454 sunt

2125 401 2324 469 ᾇιόοντα,
2352 399 2444 452 καὶ
2479 398 2672 469 ἔχοντα
2698 398 2938 469 ἔμφασιν
2970 398 3238 470 ἐνσάρκον
3276 397 3578 469 παρουσίας
3603 397 3703 468 τῆς

409 495 702 563 ejusmodi,
747 502 804 548 ut
845 493 1182 547 Salvatorem
1221 500 1472 546 nostrqu
1516 499 1797 561 assumpta
1835 507 2002 546 carne

408 588 624 641 venisse
687 585 973 640 manifeste
1029 583 1358 652 signiﬁcent.
1420 583 1558 636 Tum
1616 600 1738 653 qua:
1790 582 2004 640 Veteris

409 677 654 748 Nuviqtte
693 677 1027 732 Testamenti
1073 679 1493 732 consensionem
1530 678 1866 742 ostendunt;
1909 687 2002 731 aut

410 770 696 837 ipsiusmet
739 768 832 822 Dei
886 767 1008 822 Filii
1044 769 1472 829 confessionem,
1507 784 1613 837 qua
1668 767 1838 823 Deum
1883 786 2007 823 esse

409 862 532 915 caeli
565 872 830 931 terraique
863 862 1225 925 conditorem,
1262 869 1316 916 et
1367 861 1422 914 in
1458 861 1572 931 lege
1617 863 2007 932 pi-Ophetisque

412 954 676 1015 locutum,
723 970 786 1008 ac
830 953 1064 1023 denique
1109 953 1326 1008 Patrem
1377 970 1501 1009 esse
1537 971 1696 1010 suum
1749 955 2004 1010 aﬂiruiat.

411 1046 488 1102 De
527 1050 627 1102 hoc
664 1049 828 1118 igitur
863 1057 1190 1118 argumento
1226 1047 1442 1101 brevem
1486 1049 1638 1101 illum
1671 1059 2010 1103 commenta-

413 1142 554 1196 rium
609 1142 752 1195 velut
803 1140 1015 1195 scholia
1047 1141 1294 1209 quaadam
1330 1140 1768 1206 elaboravimus;
1802 1150 2008 1194 totum-

411 1249 518 1303 que
568 1232 713 1288 istud
764 1249 902 1303 opus
934 1249 964 1288 e
1003 1231 1296 1288 Marcionis
1337 1233 1492 1288 libris
1531 1233 1599 1288 ad
1639 1235 1865 1288 verbum
1915 1250 2011 1287 ex-

412 1326 802 1396 cerptumhsic
847 1335 1104 1396 tanquam
1145 1326 1370 1393 majoris
1423 1326 1658 1395 alicujus
1715 1328 1894 1380 solum
1946 1341 2010 1380 ac

414 1418 850 1478 fundamentum.
885 1419 1272 1488 praemisimus.
1317 1418 1424 1473 Sed
1471 1435 1540 1474 ne
1585 1420 1630 1475 si
1677 1419 1809 1489 quid
1851 1419 1905 1472 in
1945 1434 2011 1472 es

412 1517 497 1564 est
526 1509 591 1563 ad
632 1510 1040 1579 intelligendum
1081 1510 1296 1566 diﬂicile
1325 1512 1654 1580 quihusdam
1688 1512 2012 1581 ignorantiae

412 1601 653 1654 tenebris
689 1602 950 1655 lectorum
993 1602 1230 1656 obducat
1262 1603 1498 1667 animos,
1533 1605 1713 1672 placet
1751 1603 2011 1672 deinceps

422 1693 628 1763 sangula
655 1709 683 1746 a
714 1710 799 1749 me
831 1695 1108 1764 proposita
1145 1696 1371 1764 suisque
1402 1697 1574 1750 titulis
1615 1696 1880 1765 inscripta
1916 1710 2010 1748 ca-

2107 491 2203 544 τοῦ
2234 492 2489 563 Σωτῆρος
2531 492 2624 544 καὶ
2663 491 2968 561 μαρτυρίας
3003 498 3319 560 συμφωνίας
3363 489 3463 557 τῆς
3496 491 3704 556 Καινῆς

2111 584 2247 654 πρὸς
2275 584 2520 637 Παλαιὰν
2542 584 2843 653 Διαθήκην,
2871 584 2966 636 καὶ
2996 583 3287 652 ὁμολογίας
3319 580 3412 634 τοῦ
3450 581 3578 633 Υἱοῦ
3607 580 3702 632 τοῦ

2108 675 2244 728 Θεοῦ
2275 677 2332 728 ἐν
2365 677 2444 745 τῷ
2475 676 2791 745 Εύαγγελίῳ
2821 675 3212 746 ὁμολογοῦντος
3242 674 3332 727 τὸν
3369 674 3501 725 Θεὸν
3542 691 3702 741 ποιη-

2107 767 2207 836 τὴν
2237 768 2466 839 ούρανοῦ
2505 786 2562 820 τε
2595 769 2688 820 καὶ
2723 768 2824 836 τῆς
2855 767 2978 835 γῆς,
3023 766 3186 820 αὐτόν
3213 783 3272 816 τε
3310 765 3618 834 λαλήσαντα
3646 765 3704 816 ὲν

2111 861 2261 930 νόμῳ
2301 861 2395 912 καὶ
2441 862 2498 912 ἐν
2541 862 2880 930 προφήταις·
2933 859 3061 911 ἴδιον
3094 858 3152 910 δὲ
3201 858 3388 910 τοῦτον
3418 853 3554 910 εἶναι
3595 857 3708 910 Πα-

2112 952 2247 1021 τέρα
2276 950 2469 1003 aii-toi").
2507 951 2617 1003 Καὶ
2657 949 2796 1019 αὕτη
2827 952 2924 1020 τῆς
2961 949 3360 1019 προειρημένης
3395 947 3546 1016 ὑμῶν
3574 948 3705 1000 ὕπο·

2111 1043 2313 1106 Θέσεως
2358 1046 2390 1114 ἡ
2441 1043 2912 1113 σχολιοποιηθεῖσα
2960 1042 3222 1110 σύντομος
3279 1041 3704 1111 ὑπομνηματικὴ

2113 1135 2172 1201 ἐξ
2204 1137 2555 1207 ἀντιγράφων
2591 1136 2684 1190 τοῦ
2720 1136 3044 1207 Μαρκίωνος
3092 1135 3341 1198 σύνταξις
3383 1134 3517 1204 πρὸς
3549 1133 3700 1198 ἔπος,

2110 1228 2185 1291 ὡς
2219 1228 2440 1296 ὲδάφιον
2467 1230 2599 1298 ἡμῖν
2629 1227 3015 1300 γεγραμμένη.
3046 1228 3165 1280 Ἵνα
3196 1227 3251 1279 δὲ
3287 1226 3362 1297 μὴ
3387 1226 3452 1279 τὰ
3479 1229 3535 1279 ὲν
3564 1226 3701 1296 αὐτῇ

2111 1318 2382 1388 δυσνόητα
2439 1318 2594 1388 παρά
2642 1335 2753 1370 τισι
2802 1317 3095 1380 σκοτεινῶς
3143 1317 3485 1386 ἀγνοούμενα
3537 1316 3708 1385 ἐμφέ-

2117 1427 2311 1481 ρηται,
2347 1407 2506 1474 αὖθις
2544 1409 2707 1463 πάλιν
2740 1410 2868 1472 τοὺς
2910 1409 3181 1480 ἀριθμοὺς
3219 1408 3327 1461 τῶν
3362 1407 3705 1477 ἐπιγραφῶν,

2115 1503 2333 1576 πρώτου
2388 1503 2534 1574 φημὶ
2581 1504 2675 1554 καὶ
2731 1501 2986 1573 δευτέρου
3030 1503 3123 1554 καὶ
3175 1502 3357 1572 τρίτου
3411 1499 3710 1569 κεφαλαίου

2115 1596 2237 1649 καθ’
2284 1597 2479 1668 εἱρμὸν
2525 1594 2802 1657 ὲπιλύσω,
2850 1593 2916 1646 δι’
2957 1594 3024 1664 ἣν
3075 1594 3256 1649 αἰτίαν
3305 1593 3513 1663 ἑκάστη
3565 1592 3711 1656 λέξις

2115 1688 2400 1758 ἀνελέχθη,
2437 1687 2532 1740 καὶ
2572 1687 2807 1741 ἐνταῦθα
2853 1686 3186 1758 μετεϐλήθη.
3215 1684 3485 1756 Ἀρξομαι
3526 1684 3583 1736 δὲ
3612 1684 3707 1736 τού

416 1784 548 1847 pita,
611 1784 869 1852 primum,
926 1785 1228 1840 secundum
1295 1801 1359 1839 ac
1414 1785 1638 1839 tertium
1693 1785 2019 1854 explicando

2125 1783 2300 1851 λέγειν
2332 1780 2526 1844 οὕτως.

418 1884 688 1938 tractare,
728 1893 1061 1949 causamque
1126 1879 1525 1943 demonstrare,
1576 1888 1797 1950 prepter
1843 1894 2008 1949 quam
2050 1892 2390 1949 unaqiueque
2416 1876 2624 1932 delecta
2687 1892 2794 1932 vox
2827 1883 2932 1940 est,
2969 1883 3024 1930 et
3055 1875 3125 1929 ab
3188 1874 3280 1926 illo
3317 1879 3544 1926 mutata.
3573 1868 3712 1924 lliuc

417 1968 581 2035 igitur
611 1968 928 2038 disputandi
969 1969 1183 2023 initium
1215 1969 1437 2025 faciam.

571 2084 832 2140 Scholion
859 2102 925 2140 ex
960 2085 1256 2155 Evangelio
1287 2104 1396 2158 quo
1427 2089 1630 2143 Marcio
1665 2090 1856 2143 utitur.

490 2287 540 2340 1.
587 2286 748 2350 Vade,
780 2287 994 2342 ostende
1042 2300 1088 2343 te
1135 2290 1422 2356 sacerdoti,
1458 2303 1505 2346 et
1537 2293 1667 2361 o/fer
1695 2308 1789 2360 pro
1829 2309 2019 2363 purga-

420 2380 558 2432 tione
588 2389 699 2444 tua,
731 2380 869 2434 sicut
898 2383 1146 2450 prwcepit
1187 2381 1423 2454 Moyses.
1454 2393 1513 2436 ut
1563 2385 1632 2437 sit
1662 2383 2016 2437 testimonium

418 2472 515 2525 hoc
549 2474 689 2526 vobis
724 2474 762 2528 ⁸.

491 2652 771 2707 Refutatio
811 2653 862 2708 1.
895 2653 1151 2710 Potuitne
1185 2655 1467 2721 Dominus,
1506 2657 1553 2712 si
1597 2668 1790 2712 contra
1818 2655 2013 2730 legem,

419 2745 665 2816 legisque
700 2744 869 2800 Deum
911 2763 1064 2802 suam
1103 2749 1347 2814 haberet,
1383 2759 1435 2803 ut
1466 2751 1690 2814 asseris,
1727 2767 2014 2822 compara-

419 2847 530 2892 tam
566 2837 894 2901 doctrinam,
920 2844 1126 2896 curatis
1170 2855 1200 2894 a
1257 2857 1315 2896 se
1363 2841 1698 2906 hominibus,
1739 2843 1906 2896 veluti
1940 2845 2015 2898 le-

420 2944 587 3001 proso
632 2929 778 2996 huic,
831 2931 1143 2987 istiusmodi
1191 2933 1508 2988 mandatum
1548 2933 1710 2989 edere
1743 2949 1758 2988 :
1790 2934 1930 2988 Vade
1969 2944 2018 2988 et

2120 2079 2339 2150 Σχόλιον
2361 2077 2469 2132 ἀπὸ
2499 2074 2595 2130 τοῦ
2629 2076 2962 2162 Εὐαγγελίου
2987 2075 3082 2129 τοῦ
3116 2077 3245 2147 παρ’
3271 2071 3420 2143 αὐτῷ
3453 2072 3530 2144 τῷ
3553 2075 3732 2145 Marp--

2824 2165 3003 2202 κιωνι.

2193 2289 2262 2337 α’.
2331 2281 2628 2336 Ἀπελθὼν
2689 2281 2894 2347 δεῖξον
2943 2281 3211 2335 σεαυτὸν·
3272 2279 3354 2344 τῷ
3403 2279 3562 2348 ἱερεῖ,
3619 2280 3715 2334 καὶ

2123 2377 2496 2447 προσένεγκε
2541 2376 2676 2444 περὶ
2725 2376 2833 2429 τοῦ
2889 2374 3265 2444 καθαρισμοῦ
3315 2391 3432 2428 σου
3459 2415 3474 2439 ,
3519 2375 3716 2441 καθὼς

2123 2469 2460 2540 προσέταξε
2521 2467 2822 2537 Μωυσῆς,
2883 2469 2985 2520 ἵνα
3041 2461 3083 2538 ᾖ
3146 2469 3479 2536 μαρτύριον
3539 2465 3716 2520 τοῦτο

2124 2565 2289 2634 ὑμῖν.

2200 2659 2462 2730 Ἔλεγχος
2497 2666 2564 2712 α’.
2619 2658 2746 2722 Πῶς
2785 2657 3019 2727 ἠδύνατο
3049 2659 3078 2710 ὁ
3131 2657 3336 2727 Κύριος
3377 2658 3406 2710 ὁ
3453 2658 3594 2710 κατὰ
3623 2658 3717 2709 τοῦ

2127 2751 2291 2821 νόμου
2331 2753 2425 2804 καὶ
2462 2752 2603 2804 κατά
2628 2748 2721 2803 τοῦ
2757 2750 2894 2802 Θεοῦ
2925 2749 3022 2802 τοῦ
3057 2750 3224 2818 νόμου
3257 2750 3396 2819 ἔχων
3431 2749 3528 2819 τὴν
3551 2748 3717 2802 αὑτοῦ

2125 2843 2500 2906 διδασκαλίαν,
2531 2843 2607 2906 ὼς
2642 2844 2705 2895 σὺ
2731 2842 2857 2913 φὴς,
2887 2842 3070 2908 λέγειν
3095 2844 3207 2903 τοῖς
3233 2840 3328 2894 ὑπ’
3360 2840 3526 2892 αὑτοῦ
3558 2840 3717 2910 (tepet-

2127 2935 2472 3006 πενομένοις,
2510 2936 2654 3004 φημὶ
2680 2934 2735 2987 δὲ
2779 2933 2857 3003 τῷ
2911 2932 3128 3004 λεπρῴ·
3191 2931 3484 2985 Ἆπελθὼν
3517 2931 3717 2996 δεῖξονι

421 3023 639 3077 ostende
669 3032 716 3077 te
733 3024 999 3078 sacerdoti
1018 3023 1131 3095 (ubi
1150 3039 1274 3079 cum
1314 3025 1654 3094 sacerdotem
1689 3041 2020 3082 commemo-

2126 3028 2391 3082 σεαυτὸν
2440 3022 2519 3092 τῷ
2577 3026 2723 3094 ἱερεῖ
2763 3028 2941 3097 (ἱερεῖ
2981 3025 3091 3095 γὰρ
3136 3024 3343 3092 λέγων,
3385 3026 3485 3077 οὐκ
3541 3025 3719 3077 ἀθετεῖ

420 3124 528 3176 rat,
561 3115 696 3187 legis
722 3117 1090 3171 sacerdotium
1123 3133 1231 3171 non
1264 3119 1510 3188 abrogat)
1537 3129 1586 3172 et
1620 3121 1752 3189 o/fer
1781 3136 1874 3184 pro
1898 3136 2024 3188 pur-

421 3207 636 3276 gatione
665 3209 802 3262 tua?
837 3207 912 3262 Ac
949 3209 1072 3262 licet
1101 3223 1289 3263 vocem
1341 3208 1509 3273 illam,
1551 3227 1763 3272 munus,
1797 3211 2025 3264 inducas

423 3313 490 3351 ex
525 3298 784 3366 oﬂ‘erendi
817 3300 1008 3364 verbo,
1037 3301 1394 3355 nihilominus
1429 3310 1665 3367 constat,
1697 3303 1765 3357 de
1802 3318 2028 3356 munere

423 3381 579 3443 illum
607 3407 730 3446 esse
767 3391 1031 3448 locutum.
1064 3395 1226 3466 323
1266 3395 1368 3448 Pro
1395 3398 1710 3466 purgatione
1745 3406 1858 3459 tua,
1889 3397 2026 3449 sicut

424 3486 672 3552 praecepit
721 3483 954 3556 Moyses.
999 3487 1154 3551 Quod
1207 3487 1253 3543 si
1307 3487 1509 3559 Moysis
1558 3495 1831 3557 praecepto
1874 3488 2028 3556 jubet

427 3574 818 3642 obtemperari,
877 3576 1011 3646 legis
1059 3575 1224 3631 Deum
1271 3579 1496 3634 minime
1546 3580 1896 3643 condemual,
1937 3589 2029 3634 aut

428 3667 477 3720 ei
529 3669 824 3723 maledicit.
884 3671 991 3724 Sed
1049 3679 1156 3724 tam
1213 3675 1590 3743 semetipsum,
1646 3689 1810 3744 quam
1859 3672 2027 3727 Deum

428 3759 645 3814 Patrem
683 3778 841 3816 suum
870 3764 1040 3832 legem
1078 3762 1248 3832 Moysi
1277 3765 1570 3821 tradidisse
1602 3765 1912 3820 confirmat.
1944 3765 2026 3819 'I‘u

429 3868 579 3918 vero,
615 3853 841 3919 Marcio,
876 3855 1173 3926 Scriptura:
1199 3858 1361 3912 verba
1406 3857 1739 3928 depravasti.
1768 3857 1900 3912 Nam
1934 3874 2030 3928 pro

431 3960 498 3998 eo
547 3947 690 4015 quod
737 3957 843 4009 est,
891 3949 943 4001 in
989 3951 1346 4004 testimonium
1393 3952 1545 4020 ipsis,
1575 3951 1628 4004 in
1671 3951 2029 4004 testimonium

432 4034 597 4100 vobis,
621 4054 790 4094 ausus
815 4054 880 4094 es
907 4041 1231 4096 resu‘ihere.
1265 4041 1420 4107 Quod
1459 4043 1513 4096 in
1539 4053 1691 4096 tuum
1719 4052 1883 4123 caput
1913 4061 2032 4114 per-

435 4131 625 4199 spicue
657 4133 920 4188 mentitus
961 4149 1042 4188 es.
1091 4132 1150 4188 Si
1197 4137 1340 4189 enim
1390 4136 1445 4189 in
1487 4137 1848 4190 testimonium
1891 4137 2031 4191 vobis

435 4223 655 4288 dixerit,
689 4225 1076 4282 testiﬁcatione
1109 4227 1199 4281 illa
1233 4227 1632 4298 comprobavit,
1675 4245 1784 4283 non
1817 4230 2033 4284 venisse

437 4315 699 4385 selegein
731 4317 964 4383 solvere,
996 4318 1080 4374 vel
1114 4319 1426 4388 prophetas,
1463 4320 1557 4374 sed
1589 4319 1888 4390 adimplere
1915 4323 1956 4373 ’³.

2128 3123 2227 3192 τὴν
2273 3121 2368 3173 τοῦ
2436 3120 2602 3190 νόμου
2651 3117 2980 3190 ἱερωσύνην)
3024 3118 3120 3171 καὶ
3175 3116 3542 3185 πρεσένεγηιε
3586 3117 3719 3186 περὶ

2127 3213 2233 3267 τοῦ
2260 3213 2630 3283 καθαρισμοῦ
2658 3227 2810 3273 σου;
2840 3213 2956 3266 Κάν
2973 3229 3031 3264 τε
3059 3210 3342 3280 ἀποκόψῃς
3369 3211 3480 3280 (66)
3508 3211 3588 3274 τὸ,
3615 3211 3719 3262 δὼ-

2120 3323 2255 3374 ρον,
2279 3305 2580 3374 φανήσεται
2605 3306 2665 3357 ὲκ
2703 3303 2821 3366 τοῦ,
2849 3303 3240 3372 προσένεγκε,
3281 3303 3362 3354 ὅτι
3393 3303 3522 3373 περὶ
3547 3300 3720 3373 δώρου

2129 3397 2298 3464 λέγει.
2328 3397 2467 3464 Περὶ
2488 3395 2593 3448 τοῦ
2616 3393 2990 3462 καθαρισμοῦ
3019 3410 3158 3455 σου,
3178 3391 3373 3457 καθὼς
3389 3391 3722 3459 προσέταξε

2129 3488 2412 3557 Μωῦσ-ῆς.
2449 3489 2512 3541 Εἰ
2549 3488 2658 3558 γὰρ
2685 3486 2778 3539 τοῦ
2824 3486 3107 3550 Μωῦσέως
3139 3487 3198 3538 τὸ
3229 3485 3558 3557 πρόσταγμα
3590 3502 3722 3553 συμ-

2131 3581 2377 3634 6ουλεύει
2418 3579 2704 3648 γενέσθαι,
2737 3579 2839 3631 οὐκ
2885 3577 3090 3641 ἀθετεῖ,
3121 3577 3242 3630 οὐδὲ
3292 3576 3603 3648 βλασφημεῖ
3635 3575 3724 3627 τὸν

2131 3675 2265 3726 Θεὸν
2299 3672 2391 3726 τοῦ
2427 3674 2613 3743 νόμου.
2656 3670 2819 3724 Ἀλλὰ
2858 3670 3111 3740 ὁμολογεῖ
3144 3670 3237 3722 καὶ
3281 3669 3465 3734 αὑτὸν,
3507 3667 3600 3721 καὶ
3634 3667 3725 3719 τὸν

2133 3763 2298 3817 αὑτοῦ
2327 3763 2550 3833 Πατέρα
2581 3762 2717 3814 Θεὸν
2751 3763 2843 3815 τὸν
2876 3761 3040 3831 νόμον
3069 3761 3145 3830 τῷ
3169 3763 3393 3814 Μωῦσεῑ
3416 3758 3722 3812 δεδωκέναι.

2133 3855 2468 3927 Διέστρεψας
2505 3855 2562 3908 δὲ
2609 3855 2669 3907 τὸ
2723 3854 2908 3926 ῥητὸν,
2941 3847 2986 3907 ὦ
3033 3853 3322 3924 Μαρκίων.
3358 3853 3505 3905 ’Λντὶ
3543 3852 3600 3904 δὲ
3631 3849 3726 3903 τοῦ

2133 3950 2329 4013 εἰπεῖν,
2371 3949 2461 4012 εις
2501 3947 2833 4015 μαρτύριον
2868 3945 3110 4010 αὐτοῖς,
3133 3944 3483 4013 μαρτύριον,
3531 3943 3724 4008 λέγων.

2133 4039 2297 4108 ὑμῖν.
2333 4037 2443 4090 Καὶ
2485 4035 2644 4088 τοῦτο
2685 4036 2873 4105 σαφῶς
2926 4036 3142 4105 ἐψεύσω
3195 4033 3338 4087 κατά
3379 4033 3478 4102 τῆς
3531 4030 3733 4110 σαυτού

2135 4130 2398 4200 κεφαλῆς.
2437 4129 2502 4181 Εἰ
2539 4127 2648 4199 γὰρ
2674 4129 3006 4198 μαρτύριον
3031 4131 3173 4196 ὑμῖν
3207 4126 3415 4194 ἔλεγεν,
3450 4126 3718 4195 ὲμμάρτυο

2139 4240 2228 4294 ρον
2260 4221 2424 4274 αὐτὸν
2457 4221 2652 4283 ἐποίει,
2680 4221 2764 4273 ὅτι
2801 4221 2899 4273 οὑκ
2944 4216 3076 4289 ἦλθε
3110 4218 3414 4272 καταλῦσαι
3444 4217 3536 4271 τὸν
3567 4217 3725 4287 νόμον

2135 4317 2168 4387 ἢ
2205 4317 2333 4380 τοὺς
2361 4317 2669 4386 προφήτας,
2705 4314 2843 4368 ἀ).λά
2875 4313 3184 4386 πληρῶσαι.

510 4403 769 4481 Scholion
832 4405 888 4460 2.
937 4405 1005 4459 Ut
1065 4381 1240 4460 autem
1291 4407 1476 4460 sciatis
1539 4408 1664 4477 quia
1715 4381 2020 4475 potestatem

2158 4381 2167 4387 ’
2209 4381 2427 4477 Σχολιον
2453 4381 2694 4476 βίἾνα
2735 4406 2802 4459 δὲ
2827 4381 3026 4473 εἰδῆτε
3053 4445 3066 4469 ,
3122 4407 3212 4457 ὅτι
3265 4403 3556 4468 ἐξουσίαν
3605 4402 3726 4470 ἔχει

437 4495 592 4550 habet
625 4494 802 4552 Filius
835 4498 1062 4553 hominis
1092 4497 1394 4552 dimittendi
1439 4508 1653 4566 peccata
1701 4499 1756 4552 in
1801 4508 1944 4552 terra
1986 4499 2024 4551 ³.

514 4671 699 4726 Refut.
747 4671 802 4725 2.
841 4673 976 4727 Cum
1017 4674 1202 4745 itaque
1243 4673 1440 4730 Filium
1471 4690 1528 4730 se
1566 4674 1805 4728 hominis
1849 4675 2032 4745 appel-

440 4767 514 4821 let
547 4765 783 4836 unigena
815 4765 908 4821 Dei
939 4766 1130 4832 Filius,
1165 4768 1442 4822 hominem
1467 4784 1526 4821 se
1556 4783 1677 4822 esse
1706 4783 1813 4820 non
1849 4778 2030 4837 negat,

442 4858 759 4929 frustraque
791 4858 933 4928 apud
965 4868 1015 4912 te
1039 4860 1273 4921 canitur,
1309 4861 1490 4930 specie
1539 4861 1690 4914 illum
1733 4867 1894 4913 tenus
1937 4874 2034 4928 ap-

442 4952 714 5022 paruisse.
739 4951 870 5005 ltem
901 4951 950 5009 si
973 4960 1294 5006 potestatem
1327 4953 1486 5007 habet
1518 4954 1572 5006 in
1603 4960 1770 5016 terra,
1791 4967 1900 5006 non
1935 4953 2039 5008 erit

443 5056 590 5100 terra
621 5046 688 5100 ab
717 5045 884 5108 illius,
928 5060 991 5097 ac
1015 5043 1191 5098 Patris
1222 5045 1394 5114 ipsius
1416 5045 1674 5113 operibus
1697 5045 1894 5099 aliena.

519 5136 705 5191 Schol.
730 5135 782 5189 5.
814 5135 1073 5190 Dominus
1103 5147 1178 5190 est
1211 5134 1384 5190 Filius
1426 5137 1674 5200 hominis,
1707 5139 1870 5190 etiam
1902 5134 2038 5190 Sab-

449 5230 555 5285 bati
582 5231 625 5284 ⁸.

523 5390 537 5419 ι
566 5387 700 5446 Luc.
731 5407 785 5454 ν,
814 5389 899 5443 ιι.
980 5391 999 5418 ι
1027 5387 1214 5442 Matth.
1244 5405 1296 5451 ν,
1333 5388 1417 5441 n.

522 5567 638 5637 (66)
677 5567 806 5620 Κάν
837 5584 903 5621 τε
951 5568 1296 5638 ἀποκόψῃς.
1328 5567 1489 5622 Aliud
1533 5568 1643 5638 egit
1674 5567 2036 5638 Epiphanius,

451 5654 578 5694 cum
608 5654 796 5708 vocem
835 5637 1003 5708 δῶρον
1055 5641 1194 5691 mala
1233 5637 1336 5708 title
1370 5654 1399 5690 a
1440 5637 1734 5693 Marcione”
1763 5637 2030 5693 Sublatam

455 5707 705 5762 credidit.
735 5706 925 5774 Neque
943 5709 1087 5760 enim
1119 5709 1261 5776 apud
1291 5707 1512 5772 Lucam,
1545 5719 1637 5762 aut
1665 5708 1908 5761 Marcum
1941 5725 2030 5763 re-

457 5778 685 5845 peritur.
710 5777 908 5847 Atque,
938 5787 998 5833 ut
1027 5779 1240 5847 opinor,
1271 5779 1374 5834 loci
1408 5779 1634 5836 alterius
1674 5778 2033 5836 similitudine

2138 4499 2170 4548 ὁ
2215 4494 2346 4560 Υἱὸς
2374 4494 2480 4547 τοῦ
2516 4493 2835 4562 ἀνθρώπου
2878 4495 3117 4564 ἀφιέναι
3153 4495 3444 4563 ἁμαρτίας
3479 4492 3581 4546 ἐπὶ
3618 4491 3724 4559 τῆς

2137 4586 2269 4656 γῆς.

2215 4678 2436 4750 Ἔλεγχ.
2479 4679 2542 4746 β’.
2585 4679 2647 4733 Εἰ
2695 4674 2787 4732 οὖν
2824 4679 2954 4732 Υἱὸν
2990 4677 3280 4750 ἀνθρώπου
3325 4677 3516 4730 ἑαυτὸν
3551 4674 3726 4732 καλεῖ,

2142 4772 2242 4825 οὐκ
2280 4772 2524 4843 ἀρνεῖται
2567 4771 2670 4843 τὴν
2713 4771 3129 4842 ἐνανθρώπησιν
3171 4773 3199 4822 ὁ
3247 4769 3590 4838 Μονογενής’
3638 4767 3727 4820 καὶ

2149 4862 2327 4932 μάτην
2371 4862 2523 4934 παρὰ
2562 4864 2645 4915 σο)⁸
2675 4862 2860 4934 ᾄδεται
2899 4863 2960 4914 τὸ
3006 4863 3226 4932 δοκήσει
3268 4859 3584 4930 πεφηνέναι.
3621 4858 3729 4910 Καὶ

2145 4958 2194 5009 εἰ
2235 4954 2347 5026 ἕχει
2392 4955 2642 5020 ἐξουσίαν
2692 4957 2786 5008 ἐπὶ
2829 4956 2930 5026 τῆς
2964 4956 3086 5026 γῆς,
3137 4955 3237 5007 οὐκ
3275 4953 3536 5023 ἀλλοτρία
3574 4953 3606 5023 ἡ

2143 5048 2252 5099 τῶν
2282 5046 2448 5098 αὑτοῦ
2489 5046 2810 5116 ποιημάτων
2851 5047 2944 5099 καὶ
2974 5045 3068 5098 τοῦ
3090 5044 3256 5098 αὑτοῦ
3284 5045 3518 5115 Πατρός.

2216 5138 2370 5209 Σχόλ.
2415 5146 2484 5207 γ’.
2533 5139 2748 5206 Κύριός
2789 5139 2959 5192 ἐστιν
2999 5141 3033 5192 ὀ
3068 5137 3202 5203 Υἱὸς
3241 5137 3349 5192 τοῦ
3394 5136 3731 5205 ἀνθρώπου,

2145 5231 2242 5285 καὶ
2274 5231 2382 5286 τοῦ
2411 5230 2737 5285 Σαϐϐάτου.

1497 5388 1516 5418 ³
1553 5386 1686 5442 Luc.
1717 5405 1768 5452 ν,
1802 5383 1890 5443 ‘21.
1969 5388 1992 5419 ⁸
2016 5386 2146 5443 Luc.
2182 5405 2258 5454 γι,
2301 5389 2355 5444 5.

2151 5571 2434 5639 deceptus,
2462 5572 2556 5642 qui
2582 5583 2666 5628 est
2685 5572 2879 5628 Matth.
2913 5591 2965 5637 v,
2987 5573 3086 5630 25:
3107 5573 3166 5628 Si
3191 5574 3348 5642 offers
3375 5589 3561 5627 manus
3587 5585 3727 5625 tuum

2145 5642 2214 5694 ad
2251 5644 2462 5716 auare,
2488 5644 2841 5716 ειο.,δώρου,
2877 5645 2994 5702 sive
3052 5647 3290 5700 muneris
3330 5660 3518 5700 vocem
3575 5643 3726 5698 alteri

2143 5728 2361 5783 quoque
2391 5714 2466 5768 illi
2489 5714 2698 5769 tribuit.
