4156 6358
401 392 509 452 2:9

1039 393 1405 450 ADVERSUS
1441 394 1785 451 IIERESES
1825 396 1953 450 LIB.
1998 396 2001 448 ἲ

2104 396 2250 450 [ΟΜ.
2297 393 2385 448 lll.
2427 424 2498 434 —
2535 392 2811 450 HASRES.
2854 395 3013 450 XLll.

3587 394 3688 419 ιιι-ι-

3596 426 3688 454 ίιιν

479 504 702 576 Ἐλεγχ.
741 516 810 574 γ’.
839 506 943 560 Δ·ῖο
970 509 1129 572 εὐθὺς
1168 514 1224 564 ἐν
1261 512 1466 582 ταυτῷ,
1498 514 1593 568 καὶ
1619 515 1644 566 i
1669 515 1744 567 ὶὶν
1783 513 1990 585 ἀνθρὼ-

2172 511 2352 567 llel‘ut.
2403 513 2456 568 5.
2522 511 2640 567 Duo
2688 513 2851 567 simul
2906 514 3007 567 hoc
3058 513 3111 566 in
3156 512 3273 565 loco
3318 510 3569 564 Salvator
3621 511 3689 564 de

403 615 533 658 που,
564 597 657 649 καὶ
681 596 872 666 κύριον
908 598 1187 656 Σαϐϐάτου
1213 605 1403 659 ἑαυτὸν
1433 607 1461 658 6
1497 605 1688 677 Σωτὴρ
1714 606 1987 676 ὁμολογεῖ,

403 687 694 752 διδάσκων,
724 689 810 742 ἵνα
848 692 921 760 μὴ
961 693 1021 744 τὸ
1055 695 1334 749 Σάϐϐατόν
1370 695 1651 768 ἀλλότριον
1691 699 1793 767 τῆς
1822 697 1988 751 αὑτοῦ

405 782 680 850 ποιήσεως
714 782 1037 853 νομίζηται·
1085 787 1186 840 κᾶν
1215 806 1272 840 τε
1309 789 1538 860 ἔσχατον
1562 791 1578 820 ¹
1617 791 1745 854 Υἱὸς
1777 789 1990 862 ἀνθρώ-

407 887 512 923 που
547 872 654 924 ἀπὸ
684 872 784 942 τῆς
817 876 1083 947 ὲνσὰρκου
1111 881 1414 951 παρουσίας
1447 882 1643 954 κληθῇ.

479 965 634 1034 Σχόλ.
665 965 707 1018 δ’
714 1008 726 1020 .
777 967 1014 1021 Ἰούδαν
1051 971 1460 1043 Ἰσκαριώτην,
1487 975 1554 1041 ὃς
1582 975 1821 1044 ἐγένετο
1850 991 1965 1042 προ

408 1056 612 1126 δότης.
648 1060 795 1114 Ἀντ“ι
826 1060 884 1114 δὲ
922 1061 1039 1128 τοῦ,
1087 1065 1307 1136 κατέϐη
1341 1068 1470 1137 μετ’
1509 1067 1728 1131 αὐτῶν,
1773 1069 1990 1136 κατέὲη

405 1148 479 1204 ἐν
508 1151 732 1218 αὐτοῖς.

483 1244 702 1315 Ἔλεγχ.
731 1245 792 1300 δ’.
823 1247 1052 1314 Ἰούδας
1090 1249 1490 1320 Ἰσκαριώτης,
1511 1253 1579 1318 ὃς
1599 1251 1836 1321 ἐγένετο
1859 1264 1970 1320 προ

408 1335 608 1404 δύτης.
648 1338 805 1401 Τίνος
849 1339 1013 1408 λέγε;
1051 1341 1275 1405 Πάντως
1310 1343 1405 1396 τοῦ
1453 1342 1872 1414 συλληφθέντος,
1907 1342 1996 1395 ναὶ

411 1427 519 1498 μὴν
536 1429 628 1480 καὶ
643 1429 808 1482 ὲσταυ
817 1430 1086 1500 ρωμένου,
1101 1433 1194 1485 καὶ
1211 1435 1382 1488 πολλὰ
1399 1435 1749 1500 πεπονθότος.
1763 1435 1889 1499 Πῶς
1904 1431 1997 1489 οῦν

412 1519 735 1590 συλληφθεὶς
772 1522 1135 1593 σταυροῦται,
1170 1528 1199 1577 6
1232 1526 1306 1596 μὴ
1350 1527 1455 1580 ὑπὸ
1498 1527 1640 1600 ἁφὴν
1673 1528 1997 1581 ὑποπίπτων

409 1611 554 1664 κατὰ
574 1612 665 1664 τὸν
710 1613 801 1666 σὸν
831 1613 1010 1682 λόγον,
1041 1609 1086 1668 ὧ
1115 1619 1417 1688 Μαρκίων;
1447 1621 1679 1691 Δόκησιν
1713 1620 1821 1691 γὰρ
1858 1617 1997 1673 εἶναι

409 1699 609 1769 λέγεις.
643 1702 1061 1776 Ἐλεγχοήσεται
1085 1707 1142 1760 δὲ
1167 1711 1200 1778 ἡ
1227 1709 1454 1763 ὑπόνοιά
1481 1727 1572 1764 σου
1593 1751 1607 1774 ,
1637 1710 1759 1764 ἀντὶ
1788 1711 1882 1764 τοῦ
1905 1727 1997 1778 γε·

409 1793 675 1864 γρὰφθαι,
708 1797 906 1850 Ἰούδαν
928 1798 1216 1870 προδότην.
1254 1802 1538 1873 Προέδωκε
1569 1803 1677 1874 γὰρ
1729 1803 1822 1858 καὶ
1853 1820 1997 1875 παρ-

2093 603 2276 672 seipso
2307 603 2594 672 proﬁtetur
2625 621 2638 658 :
2674 603 2935 658 nimirum
2961 603 3160 657 Filium
3190 602 3430 656 hominis
3461 617 3520 657 se
3544 616 3691 666 esse,

2094 694 2426 766 Sabbatique
2449 695 2756 760 dominum,
2782 713 2851 751 ne
2887 697 3186 750 Sabbatum
3217 712 3246 750 a
3276 695 3559 749 molitione
3590 709 3689 749 sua

2101 787 2400 842 abhorrere
2423 787 2770 855 crederetur;
2804 789 3020 844 etiamsi
3050 789 3193 859 quod
3219 797 3555 858 postremum
3582 797 3687 852 est,

2095 877 2265 934 Filius
2303 880 2544 934 hominis
2576 881 2648 935 ob
2682 889 3020 952 assumptam
3049 896 3271 935 carnem
3308 880 3631 951 appelletur.

2168 972 2352 1027 Schol.
2388 972 2442 1025 4.
2478 971 2678 1026 ludam
2734 971 3049 1035 Iscarioten,
3082 974 3174 1042 qui
3222 972 3323 1041 fuit
3378 971 3620 1040 proditor
3645 971 3690 1028 ".

2094 1063 2201 1117 Pro
2230 1079 2294 1119 eo
2333 1079 2463 1118 vero
2485 1063 2631 1134 quod
2667 1071 2771 1130 est,
2801 1064 3074 1119 descendit
3107 1081 3225 1118 cum
3255 1065 3384 1134 ipsis
3411 1065 3453 1129 ⁸,
3478 1064 3672 1118 descen-

2095 1158 2174 1211 dit
2205 1159 2259 1211 in
2295 1158 2455 1221 ipsos,
2489 1157 2636 1227 legit.

2168 1247 2352 1303 llefut.
2387 1249 2440 1301 4.
2474 1246 2649 1303 ludas
2682 1247 2994 1310 Iscarioles,
3029 1249 3120 1318 qui
3145 1247 3251 1318 fuit
3286 1248 3551 1318 proditor.
3581 1248 3688 1303 Cu-

2094 1341 2313 1411 jusnam
2355 1339 2624 1395 obsecro?
2663 1338 2936 1394 Nimirum
2984 1340 3154 1405 illius,
3200 1341 3294 1410 qui
3335 1339 3677 1410 comprehen-

2097 1448 2214 1499 sus,
2248 1432 2358 1486 imo
2397 1442 2450 1486 et
2492 1433 2548 1486 in
2587 1447 2804 1488 crucem
2852 1431 3104 1488 sublatus
3151 1433 3436 1502 multaque
3471 1446 3691 1502 perpes«

2098 1541 2194 1580 sus
2225 1537 2326 1580 est.
2375 1524 2621 1592 Quanam
2669 1526 2835 1596 igitur
2881 1525 3095 1580 ratione
3152 1526 3584 1596 comprehensus
3615 1523 3682 1577 af-

2099 1617 2184 1688 ﬁgi
2246 1619 2396 1674 cruci
2453 1619 2676 1690 poterit,
2737 1618 2828 1689 qui
2901 1618 3233 1674 contrectari
3293 1618 3580 1682 manibus,
3635 1625 3690 1673 ut

2097 1709 2398 1774 existimas,
2433 1726 2544 1764 non
2582 1697 2784 1780 potest,
2839 1727 2871 1764 ο
2921 1710 3164 1766 Marcio?
3199 1711 3346 1766 Nihil
3378 1712 3522 1767 enim
3559 1727 3687 1781 pra}

2099 1812 2183 1855 ter
2209 1800 2426 1855 inanem
2461 1803 2699 1872 speciem
2737 1801 2951 1857 tribuis.
2985 1803 3090 1857 Sed
3125 1805 3239 1859 haec
3273 1814 3365 1859 tua
3397 1805 3584 1874 opinio
3614 1804 3692 1857 fa-

410 1885 612 1940 έδωκεν
641 1889 722 1951 εἰς
763 1892 952 1960 χεῖρες
980 1891 1284 1962 ἀνθρώπων
1323 1895 1416 1948 τὸν
1457 1895 1651 1948 ἑαυτοῦ
1693 1896 1992 1966 Δεσπότην.

2104 1886 2200 1940 cile
2224 1886 2594 1951 convincitur,
2622 1902 2688 1941 ex
2738 1902 2804 1941 eo
2843 1885 2989 1957 quod
3028 1888 3295 1958 scriptum
3346 1898 3451 1954 est,
3495 1886 3693 1942 Judam

411 1978 576 2032 Οὐδὲν
611 1979 668 2032 δέ
706 1998 765 2033 σε
808 1981 983 2054 ὢνησε
1023 1985 1084 2036 τὸ
1108 2026 1123 2051 ,
1161 1985 1392 2054 Κατέϐη
1430 1988 1500 2041 ἐν
1541 1987 1746 2054 αὐτοῖς
1793 1988 1994 2057 λέγειν,

409 2071 530 2124 ἀντὶ
555 2070 672 2135 τοῦ,
711 2076 840 2142 μετ’
881 2076 1092 2132 αὐτῶν.
1138 2079 1212 2130 Οὐ
1260 2079 1371 2149 γὰρ
1416 2079 1642 2134 δύνασαι
1691 2081 1996 2150 φαντασίαν

409 2158 634 2230 ὁρίζειν,
671 2163 762 2215 τὸν
797 2164 951 2236 παρὰ
982 2168 1065 2218 σοὶ
1094 2168 1264 2224 κακόν
1286 2172 1306 2200 ³
1339 2188 1391 2224 τι
1432 2170 1662 2244 ὕστερον
1709 2172 1803 2226 imi
1854 2173 1998 2242 ἁφὴν

414 2253 682 2309 πίπτοντα
708 2257 1083 2331 δεικνύμενον.

484 2519 641 2590 Σχόλ.
693 2517 754 2574 ε’.
802 2521 912 2575 Kal
973 2521 1094 2588 πᾶς
1143 2527 1176 2578 ὁ
1235 2525 1418 2592 ὄχλος
1465 2523 1652 2590 ἐζήτει
1707 2524 2000 2578 ἅπτεσθαι

411 2612 598 2665 αὐτοῦ
638 2613 746 2666 Καὶ
773 2614 957 2680 αὐτὸς
979 2615 1205 2685 ἐπάρας
1234 2617 1376 2682 τοὺς
1409 2616 1755 2686 ὀφθαλμοὺς
1789 2618 1995 2683 αὑτοῦ,

417 2709 512 2760 καὶ
531 2707 599 2760 τὰ
625 2707 773 2778 ἑξῆς.

504 2799 716 2869 Ἐλεγχ.
747 2806 810 2854 ε’.
847 2799 974 2862 Πῶς
1017 2799 1178 2854 πάλιν
1219 2803 1247 2854 6
1283 2800 1438 2872 ὃχλος
1489 2801 1718 2872 ἠδύνατο
1760 2800 2000 2871 ἆᾲασοαι

415 2891 509 2945 τοῦ
541 2893 683 2962 ἁφὴν
718 2893 792 2964 μὴ
827 2891 1074 2963 ἔχοντος;
1110 2893 1306 2956 Ποίους
1347 2893 1404 2946 δὲ
1439 2893 1752 2964 ὀφθαλμοὺς
1795 2895 2000 2965 ἐπῆρεν

417 2986 496 3048 εἰς
525 2985 785 3056 οὐρανοὺς
812 2987 840 3038 6
879 2989 944 3039 ὲκ
974 2987 1174 3058 σαρκὸς
1206 2985 1281 3058 μὴ
1314 2986 1694 3058 ήρμοσμένος;
1745 2986 1882 3038 Ἀλλ’
1917 2989 2000 3040 ἵνα

415 3074 599 3147 δείξῃ,
649 3076 730 3128 ὅτι
784 3077 1010 3148 μεσίτης
1043 3077 1177 3130 Θεοῦ
1218 3079 1313 3132 καὶ
1359 3076 1664 3149 ἀνθρώπων
1716 3078 2002 3148 ἄνθρωπος

417 3168 652 3239 Χριστὸς
694 3167 918 3238 Ἰησοῦς,
959 3168 1098 3239 ἔχων
1148 3169 1218 3223 τὰ
1253 3171 1561 3242 ἀμφότερα,
1598 3169 1656 3236 ἐξ
1696 3168 2000 3240 ἀνθρώπων

420 3260 520 3331 μὲν
566 3261 662 3332 τὴν
708 3262 923 3334 σάρκα,
975 3264 1038 3316 ὲκ
1088 3263 1143 3316 δὲ
1185 3263 1320 3316 Θεοῦ
1371 3264 1586 3336 Πατρὺς
1632 3264 1732 3335 τὴν
1773 3264 2002 3335 ἀόρατον

417 3353 622 3406 οὐσίαν.

491 3535 684 3606 Σχόλχ.
729 3542 805 3601 ς’.
851 3537 1015 3600 Κατὰ
1036 3536 1107 3590 τὰ
1153 3537 1306 3592 αὐτὰ
1334 3538 1583 3592 ἐποίουν
1612 3537 1737 3604 τοῖς
1773 3538 2006 3607 προφή-

420 3645 551 3694 ταις
577 3632 630 3683 οὶ
661 3631 912 3698 πατέρες
941 3629 1128 3700 ὑμῶν.

499 3723 728 3794 Ἔλεγχ.
768 3723 841 3789 ς’.
883 3725 946 3777 Ei
974 3725 1267 3796 προφητῶν
1315 3725 1608 3797 μέμνηται,
1639 3727 1740 3779 οὐκ
1764 3728 2006 3798 ἀρνεῖται

426 3817 712 3886 προφήτας
731 3832 744 3845 ·
788 3817 835 3868 εί
867 3816 1074 3869 ἐκδικεί
1099 3817 1190 3870 τὸν
1217 3816 1328 3869 τῶν
1374 3816 1668 3887 προφητῶν
1699 3818 1876 3886 φόνον,
1914 3818 2009 3870 καὶ

425 3906 671 3971 ὀνειδίζει
717 3908 844 3971 τοῦς
879 3910 1286 3977 πεφονευκότας
1317 3927 1376 3962 τε
1415 3909 1510 3963 καὶ
1543 3908 1871 3973 διώξαντας,
1909 3910 2008 3962 οὐκ

423 3997 706 4070 ἀλλότριος
762 4001 1060 4071 προφητῶν
1111 4002 1402 4072 τυγχάνει,
1454 4000 1593 4054 ἀλλὰ
1649 4002 1780 4064 Θεὸς
1831 4002 2008 4054 αὐτῶν

426 4091 683 4162 ῦπάρχει,
710 4093 737 4145 6
766 4091 863 4163 τὴν
890 4093 1149 4146 σύστασιν
1177 4093 1359 4146 αὐτῶν
1395 4093 1734 4163 ποιούμενος.

498 4183 652 4252 Σχόλ.
683 4180 745 4246 ζ’.
784 4183 946 4252 Λέγω
979 4184 1154 4253 ὑμῖν·
1188 4185 1500 4252 Τοσαύτην
1528 4186 1735 4238 πίστιν
1771 4185 1913 4238 οὐδὲ
1941 4186 2010 4239 ἐν

425 4272 508 4340 τῷ
544 4274 794 4343 Ἰσραὴλ
826 4271 1026 4343 εὗρον.

502 4368 722 4440 Ἐλεγχ.
757 4366 818 4432 ζ’.
840 4369 902 4421 Εἰ
931 4368 1052 4422 οὐδὲ
1084 4369 1142 4421 ὲν
1170 4366 1249 4438 τῷ
1285 4367 1502 4438 Ἰσραὴλ
1536 4367 1791 4436 τοιαύτην
1829 4367 2010 4422 πίστιν

429 4452 610 4530 εὗρεν.
643 4461 718 4523 ὡς
754 4462 813 4513 ὲν
857 4459 935 4531 τῷ
982 4460 1089 4512 ἀπὸ
1132 4459 1303 4512 ἐθνῶν
1343 4459 1551 4511 ἐλθόντι
1602 4460 2007 4530 ἑκατοντάρχῃ,

2097 1977 2458 2051 proditorem.
2487 1975 2696 2033 Revera
2736 1976 2938 2048 quippe
2977 1977 3267 2032 Dominum
3314 1995 3474 2034 suum
3507 1978 3683 2049 prodi-

2098 2054 2210 2135 dit,
2265 2077 2319 2124 et
2369 2069 2426 2123 in
2479 2084 2676 2126 manus
2723 2070 3004 2125 hominum
3052 2071 3296 2125 tradidit.
3343 2070 3531 2141 Neque
3567 2086 3694 2126 vero

2099 2175 2322 2215 causam
2373 2169 2520 2216 tuam
2577 2163 2846 2226 sublevat,
2886 2163 3054 2233 quod,
3094 2163 3373 2218 Descendit
3425 2166 3480 2219 in
3530 2166 3694 2233 ipsos,

2099 2268 2231 2316 non,
2270 2270 2389 2307 cum
2418 2255 2570 2324 ipsis,
2603 2256 2976 2311 substitueris.
3021 2254 3208 2328 Neque
3233 2259 3376 2312 enim
3411 2274 3571 2314 cassa
3603 2259 3672 2312 ad

2101 2345 2461 2416 umbrataque
2497 2348 2681 2418 specie
2719 2347 2946 2403 delinire
2995 2358 3146 2418 potes
3195 2351 3379 2414 illum,
3412 2367 3573 2420 (litem
3616 2363 3694 2406 ta-

2101 2447 2192 2492 ctu
2235 2446 2548 2507 perceptum
2588 2441 2758 2496 fuisse
2794 2443 3000 2496 lateare
3035 2442 3150 2510 ipse
3185 2443 3267 2498 vel
3299 2443 3521 2499 invitus.

2169 2531 2334 2602 324
2373 2531 2557 2587 Schol.
2588 2535 2640 2588 5.
2667 2533 2737 2587 Et
2760 2535 2930 2588 omnis
2964 2534 3120 2586 turba
3142 2535 3409 2604 quaerebat
3436 2552 3554 2589 eum
3578 2545 3672 2590 tan

2099 2639 2236 2690 gere.
2267 2623 2334 2676 Et
2366 2625 2494 2694 ipse,
2522 2626 2734 2680 elevatis
2766 2626 2935 2680 oculis
2974 2628 3085 2681 suis
3129 2628 3170 2692 ‘,
3201 2635 3302 2682 etc.

2173 2801 2353 2856 Refut.
2392 2803 2444 2858 5.
2476 2803 2578 2870 Qui
2609 2804 2827 2859 tandem
2857 2812 3082 2878 tangere
3118 2806 3269 2860 illum
3308 2809 3468 2862 turba
3498 2808 3697 2877 potuit,

2101 2895 2193 2962 qui
2254 2903 2461 2949 tactum
2514 2911 2730 2950 onmem
2786 2896 3080 2968 ellugeret?
3116 2898 3399 2965 Quosnam
3458 2915 3588 2954 vero
3641 2899 3696 2954 in

2102 2988 2300 3041 emlmn
2331 2990 2520 3044 oculos
2554 2991 2799 3056 sustulit,
2841 2993 2933 3062 qui
2983 2992 3208 3048 minime
3250 3009 3314 3047 ex
3363 3009 3530 3048 carne
3564 3009 3698 3046 con-

2103 3083 2314 3134 staret?
2370 3081 2473 3138 Sed
2535 3091 2594 3136 ut
2648 3085 2868 3152 planum
2921 3082 3144 3151 faceret,
3199 3087 3549 3140 mediatorem
3607 3085 3698 3140 Dei

2103 3180 2158 3225 et
2191 3172 2468 3227 hominum
2508 3175 2784 3229 hominem
2830 3191 2952 3230 esse
3005 3175 3284 3231 Christum
3312 3177 3497 3233 Jesum
3531 3179 3574 3244 ",
3605 3177 3698 3247 qui

2107 3276 2399 3336 utrumque
2424 3268 2900 3336 complecteretur,
2930 3274 3094 3336 atque
3137 3269 3206 3322 ab
3251 3269 3561 3324 hominibus
3586 3285 3693 3322 car-

2107 3374 2253 3422 nem,
2295 3374 2325 3411 a
2373 3357 2481 3413 Deo
2511 3376 2641 3414 vero
2698 3358 2859 3413 Patre
2910 3368 3160 3412 naturam
3215 3361 3533 3430 accepisset,
3580 3375 3699 3430 quae

2105 3451 2390 3506 oculorum
2422 3451 2594 3505 aciem
2628 3450 2856 3521 fugeret.

2177 3539 2362 3596 Schol.
2417 3539 2470 3596 6.
2521 3541 2821 3596 Secundum
2875 3543 2987 3598 lucc
3036 3545 3221 3600 eadem
3257 3543 3527 3613 faciebant
3579 3558 3700 3612 pro-

2105 3632 2276 3704 phetis
2303 3644 2480 3702 patres
2517 3634 2679 3688 vestri
2708 3635 2751 3688 ⁸.

2178 3725 2359 3784 Refut.
2403 3725 2455 3780 6.
2504 3725 2641 3780 Cum
2678 3728 3068 3798 prophetarum
3121 3727 3455 3783 mentionem
3512 3725 3700 3789 faciat,

2107 3817 2402 3886 prophetas
2455 3834 2562 3871 non
2611 3819 2883 3888 repudiat.
2933 3819 3182 3889 Cumque
3235 3819 3451 3872 illorum
3495 3817 3699 3871 caedem

2108 3910 2428 3976 ulciscatur,
2461 3910 2634 3978 iisque
2663 3911 2755 3980 qui
2790 3909 3110 3964 occiderunt
3144 3925 3206 3963 ac
3252 3908 3520 3979 persecuti
3550 3913 3696 3970 sunt,

2110 4000 2254 4055 istud
2283 4001 2459 4069 ipsum
2487 4001 2805 4070 exprobret,
2833 4016 2940 4054 non
2972 4016 3002 4053 a
3031 3999 3313 4070 prophetis
3341 4001 3574 4061 alienus,
3604 3997 3702 4052 sed

2108 4092 2424 4146 eorumdem
2463 4090 2608 4146 Deus
2635 4093 2758 4151 erit,
2785 4111 2811 4142 a
2841 4108 2949 4160 quo
2985 4092 3058 4144 illi
3095 4091 3360 4162 originem
3396 4099 3697 4144 traxerunt.

2182 4183 2364 4238 Schol.
2400 4184 2450 4238 7.
2487 4183 2620 4237 Dico
2683 4183 2825 4238 vobis
2854 4225 2869 4251 ,
2903 4182 3025 4237 Non
3073 4184 3247 4237 inveni
3293 4192 3494 4236 tantam
3544 4183 3701 4252 ﬁdem

2111 4292 2272 4343 neque
2300 4277 2354 4328 in
2386 4274 2562 4329 Israel
2593 4279 2636 4330 °.

2185 4365 2366 4421 Refut.
2402 4366 2450 4419 7.
2489 4364 2542 4420 Si
2579 4382 2647 4420 ne
2684 4367 2737 4419 in
2767 4365 2933 4420 Israel
2959 4365 3177 4436 quidem
3215 4374 3363 4418 tanta
3397 4372 3481 4419 est
3514 4365 3581 4418 ab
3610 4364 3703 4416 illo

2113 4457 2246 4512 lides
2275 4457 2515 4520 inventa,
2547 4466 2750 4526 quanta
2785 4459 2840 4510 in
2872 4457 3195 4512 centurione
3225 4455 3318 4509 illo
3349 4455 3559 4525 gentili,
3591 4470 3702 4509 non

429 4555 539 4625 ἄρα
571 4554 630 4607 οὐ
667 4552 824 4623 ψέγει
851 4553 949 4625 τὴν
981 4552 1075 4606 τοῦ
1115 4553 1334 4625 Ἰσραὴλ
1375 4553 1576 4606 πίστιν.
1613 4554 1675 4605 Ei
1712 4551 1820 4620 γὰρ
1858 4551 2001 4604 ἀλλό-

2116 4549 2280 4619 igitur
2312 4546 2527 4604 lsraelis
2570 4549 2726 4604 ﬁdem
2776 4549 3124 4604 condemnat.
3161 4546 3264 4612 Qui
3295 4547 3341 4602 si
3370 4562 3402 4600 a
3433 4547 3542 4600 Deo
3570 4546 3700 4600 alie-

430 4664 580 4720 τριον
605 4647 626 4677 ³
653 4645 787 4700 Θεοῦ
815 4646 1051 4717 ὑπῆρχε,
1095 4647 1190 4700 καὶ
1222 4648 1320 4700 οὐκ
1362 4646 1527 4700 αὐτοῦ
1569 4646 1661 4699 καὶ
1705 4645 1798 4697 τοῦ
1841 4644 2004 4698 αὑτοῦ

421 4738 666 4809 ,Πατρὺς,
695 4738 796 4790 οὐκ
826 4738 892 4791 ἂν
925 4738 1128 4809 ταύτης
1155 4740 1391 4790 ἐποιεῖτο
1422 4737 1510 4790 τὸν
1541 4737 1781 4793 ἔπαινον.

503 4830 658 4900 Σχόλ.
687 4837 755 4901 η’.
793 4830 1254 4901 Παρηλλαγμένον
1283 4830 1364 4892 τὸ,
1401 4829 1703 4895 Μακάριος
1733 4828 1800 4895 ὃς
1825 4829 1896 4882 οὐ
1925 4827 2011 4898 μὴ

435 4920 859 4991 σκανδαλισθῇ
911 4923 979 4976 ἐν
1010 4923 1160 4992 ἐμοί.
1215 4917 1340 4992 Εἶχε
1387 4922 1496 4992 γὰρ
1535 4921 1610 4985 ὡς
1652 4921 1788 4993 πρὸς
1834 4921 2015 4975 Ἰωάν-

437 5032 534 5086 νην
569 5014 700 5085 (67).

510 5107 730 5176 Ἔλεγχ.
757 5111 826 5176 η’.
845 5105 1023 5160 Κᾶντε
1067 5106 1204 5178 πρὸς
1236 5106 1488 5178 Ἰωάννην
1527 5105 1662 5177 ἔχοι,
1691 5105 1853 5160 κᾶντε
1878 5104 2014 5176 πρὸς

441 5198 603 5252 αὐτὸν
640 5199 730 5250 τὸν
773 5198 1030 5269 Σωτῆρα,
1077 5197 1372 5269 μακαρίζει
1420 5200 1545 5261 τοὺς
1593 5198 1669 5269 μὴ
1729 5195 2015 5250 σκανδαλι-

442 5288 701 5361 ζομένους
726 5289 845 5359 ῆτοι
888 5292 945 5343 ὲν
991 5289 1162 5360 αὐτῷ,
1203 5291 1320 5360 ἦτοι
1351 5293 1409 5342 ὲν
1449 5290 1704 5362 Ἰωάννῃ’
1751 5289 1837 5342 ἵνα
1871 5287 1943 5359 μὴ
1981 5289 2016 5341 ἃ

443 5380 521 5452 μὴ
551 5381 789 5434 ἀκούωσι
829 5382 958 5452 παρ’
1006 5381 1170 5434 αὑτοῦ
1211 5383 1421 5444 ἑαυτοῖς
1467 5380 1834 5433 πλάσσωνται.
1861 5380 2014 5450 Ἔχει

514 5539 531 5569 ί
563 5538 686 5594 For.
717 5541 780 5593 τὸ
809 5538 836 5591 ἒ

442 5621 506 5672 ιι,
545 5609 600 5663 5.
675 5610 697 5641 ⁸
729 5605 978 5674 [Αιοδνῃ
1003 5608 1094 5664 9.5.
1170 5613 1190 5642 ⁸
1226 5607 1359 5663 Luc.
1386 5623 1482 5668 vn,
1514 5607 1566 5661 9.
1645 5608 1686 5636 '°
1719 5606 1852 5659 ibid.
1885 5605 1977 5658 25.

517 5762 628 5833 (67)
651 5762 938 5839 Postrema
972 5763 1162 5839 verba,
1192 5759 1306 5839 εἶχε
1327 5765 1434 5832 γὰρ
1461 5760 1536 5839 ὡς
1564 5758 2010 5839 πιρὸςνΊωέιννην,

445 5828 620 5904 supra
648 5834 704 5889 in
741 5835 981 5890 locorum
1017 5828 1416 5888 indiculo'cuni
1444 5828 1651 5886 scholio
1681 5828 2015 5899 copulan-

845 5556 992 5609 τχατ.
1017 5608 1026 5609 7
1053 5541 1072 5570 ²
1097 5538 1252 5609 (Ζοιϊζ
1290 5539 1536 5609 κᾶκοντι.
1587 5536 1608 5568 ³
1631 5533 1754 5609 For.
1780 5533 2024 5609 651163an
2055 5552 2092 5598 ς.

2116 4657 2220 4696 nus
2249 4648 2416 4708 esset,
2455 4656 2631 4710 neque
2677 4649 2771 4694 aut
2819 4639 2886 4694 ad
2929 4655 3010 4702 se,
3050 4647 3143 4692 aut
3169 4639 3236 4693 ad
3284 4636 3499 4692 Patrem
3539 4654 3707 4692 suum

2116 4736 2394 4798 attineret,
2426 4749 2768 4802 nequaquam
2801 4733 2946 4786 illam
2981 4731 3318 4802 przedicarot.

2190 4826 2375 4880 Schol.
2413 4827 2466 4880 8.
2506 4825 2768 4879 Mutatum
2823 4823 2968 4880 istud
3023 4830 3108 4878 est
3149 4842 3161 4876 :
3209 4821 3404 4876 Beatus
3455 4822 3543 4890 qui
3597 4837 3707 4874 non

2117 4919 2275 4989 fuerit
2308 4918 2706 4972 scandalizatus
2757 4919 2814 4972 in
2854 4933 2936 4971 me
2975 4915 3040 4972 ¹⁰.
3085 4915 3295 4985 Quippe
3332 4913 3399 4968 ad
3435 4912 3707 4968 Joannem.

2116 5009 2478 5065 referebatur.

2189 5100 2370 5156 Refut.
2404 5101 2456 5156 8.
2493 5099 2616 5156 Sive
2661 5099 2730 5154 ad
2772 5098 3060 5166 Joannem,
3094 5099 3209 5154 sive
3252 5097 3322 5153 ad
3361 5099 3539 5168 ipsum
3581 5095 3707 5150 Sal-

2118 5205 2358 5252 vatorem
2391 5195 2678 5264 pertineat,
2710 5194 2900 5250 beatos
2931 5194 3055 5248 illos
3084 5208 3206 5249 esse
3231 5191 3575 5263 pronuntiat,
3608 5191 3699 5260 qui

2118 5285 2472 5343 scandalizati
2507 5299 2615 5338 non
2646 5284 2848 5339 fuerint
2877 5285 2931 5338 in
2963 5300 3044 5348 se,
3072 5285 3158 5339 vel
3193 5284 3247 5338 in
3276 5281 3508 5346 Joanne,
3546 5298 3611 5336 ne
3639 5300 3698 5334 ρει

2116 5379 2218 5434 sibi
2241 5377 2464 5448 ﬁngant,
2488 5393 2608 5447 quae
2638 5391 2670 5431 a
2697 5393 2757 5432 se
2785 5392 2894 5432 non
2929 5377 3221 5432 audierint.
3253 5374 3361 5431 Sed
3385 5376 3527 5430 inest
3549 5373 3703 5444 quid-

2174 5535 2194 5565 ⁸
2225 5534 2364 5597 Luc,
2388 5553 2464 5593 vr.
2489 5535 2574 5590 16.
2666 5537 2686 5568 ⁵
2720 5534 2856 5590 ibid.
2887 5535 2970 5591 l7.
3049 5535 3070 5567 ⁸
3103 5533 3238 5590 ibid.
3272 5531 3361 5587 l9.
3457 5530 3520 5584 ⁷1
3558 5529 3678 5584 Tim

2119 5764 2226 5812 tur.
2267 5755 2595 5826 Scripserat.
2641 5755 2748 5826 nisi
2793 5755 2973 5822 fallor,
3012 5755 3236 5823 Marcio,
3267 5754 3326 5818 ὃς
3366 5751 3425 5807 οὐ
3477 5746 3703 5805 σκανδα-

2123 5824 2435 5894 λισθήσετὰι
2467 5829 2522 5882 ἐν
2547 5824 2714 5894 αὐτῷ.
