4186 6374
389 343 488 396 73b

1809 350 1864 406 S.
1912 351 2253 407 EPiPllANll

3567 349 3670 406 7'56

385 457 738 517 Divinitatem
785 460 962 533 ipsam
1008 479 1079 520 ne
1125 475 1181 519 tu
1223 466 1442 537 quidem
1492 468 1722 525 audebis
1767 469 1974 526 dicere.

2101 476 2142 528 νὺ
2181 475 2479 546 τολμήσεις
2528 475 2730 542 λέγειν.
2780 472 2842 525 Εἰ
2885 471 2944 525 δὲ
2991 470 3094 525 κᾶν
3138 468 3335 535 εἴποις,
3383 466 3526 522 κατά
3569 466 3676 538 τῆς

385 548 562 620 Atque
607 557 668 605 ut
713 554 952 611 maxime
998 556 1226 622 audeas,
1281 566 1435 613 tuum
1488 561 1543 614 in
1595 569 1782 631 caput,
1823 578 1981 617 exse-

383 641 612 706 crande,
651 643 944 700 maledicta
981 646 1089 702 ista
1121 649 1386 705 recident.
1422 649 1526 706 Sed
1557 668 1720 707 nemo
1752 659 1856 719 est,
1883 655 1980 724 qui

384 747 493 785 non
542 733 812 807 intelligat
864 753 1022 804 eum,
1067 741 1161 809 qui
1214 741 1377 796 homo
1421 759 1611 798 revera
1660 745 1726 798 sit
1771 744 1977 804 factus.

385 839 581 880 somno
640 837 862 898 propter
925 845 1130 902 corpus
1195 834 1525 906 indigentem
1589 837 1977 893 ohdormiisse.

385 912 520 969 Nam
546 917 639 986 qui
669 919 820 974 illum
852 922 1186 989 excitarunt,
1217 941 1326 980 non
1362 928 1563 981 larvam
1590 930 1851 998 aliquam,
1883 931 1977 984 sed

384 1021 572 1060 veram
609 1008 848 1068 hominis
883 1022 1136 1069 naturam
1173 1022 1598 1076 contuebantur.
1626 1021 1788 1092 327
1827 1021 1982 1077 Unde

385 1103 440 1150 et
495 1101 750 1158 manibus
815 1106 1228 1173 concutientes,
1291 1114 1814 1182 compellantesque,
1860 1129 1983 1169 sese

385 1186 540 1245 illum
590 1195 1023 1266 expergeiecisse
1073 1207 1368 1257 testantur.
1420 1203 1654 1276 Surgens
1695 1207 1853 1268 enim,
1900 1205 1983 1259 in-

385 1282 526 1350 quit,
561 1283 653 1338 ille
688 1287 797 1354 ipse
827 1291 916 1358 qui
963 1295 1276 1355 dormierat.
1319 1312 1486 1352 carne
1523 1299 1782 1368 praeditus
1816 1297 1979 1363 Deus,

385 1390 418 1430 e
460 1380 600 1434 cmlo
643 1381 915 1453 delapsus,
963 1396 1186 1458 prOpter
1230 1405 1330 1445 nos
1360 1405 1525 1446 carne
1567 1392 1818 1456 vestitus,
1861 1399 1982 1445 tan-

2087 565 2253 619 αὑτοῦ
2310 565 2574 636 κεφαλῆς,
2628 562 2878 636 θεήλατε,
2915 561 3346 633 βλασφημήσεις.
3396 557 3568 613 Παντὶ
3614 556 3674 612 δέ

2083 677 2162 730 τῳ
2196 658 2354 730 δῆλόν
2396 660 2562 723 ἐστιν,
2611 657 2694 712 ὅτι
2744 657 2773 709 ὁ
2831 657 2889 709 ἐν
2942 655 3170 726 ἀληθείᾳ.
3225 651 3672 724 ὲνανθρωπήσας,

2088 751 2260 805 ὕπνου
2292 750 2531 822 χρῄζων,
2577 749 2665 804 διὰ
2710 749 2772 802 τὸ
2804 747 3117 819 σωματικὸν
3145 745 3415 800 ὕπνωσεν.
3453 744 3517 796 Οἱ
3565 743 3675 813 γὰρ

2087 845 2250 900 αὑτὸν
2278 843 2653 905 διυπνίσαντες
2690 843 2751 895 οὐ
2783 841 3003 912 δόκησιν
3034 836 3196 904 εἶδον,
3239 837 3376 893 ἀλλὰ
3408 834 3676 908 ὲνανθρώ-

2089 953 2254 1008 πησιν
2283 935 2565 1007 ἀληθινήν.
2610 933 2828 1004 Ἀμέλει
2875 933 3035 1005 χερσὶ
3068 931 3368 996 κινοῦντες,
3420 929 3517 984 καὶ
3563 946 3678 999 φω-

2087 1031 2352 1099 νήσαντες
2383 1025 2778 1097 μαρτυροῢσιν,
2814 1025 2896 1078 ὃτι
2926 1025 3176 1096 ἦγειραν.
3223 1019 3516 1084 Ἀναστὰς
3543 1019 3675 1090 τὰρ,

2086 1136 2159 1188 φη
2172 1118 2274 1184 σὶν,
2315 1121 2349 1171 d
2373 1115 2677 1186 κοιμηθεὶς
2704 1115 2836 1179 Θεὸς
2869 1115 3226 1187 σαρκοφὸρος,
3261 1114 3290 1166 ὁ
3322 1111 3417 1166 ἀπ’
3445 1109 3677 1183 οὐρανοῦ

2087 1207 2382 1275 κατελθὼν,
2412 1209 2507 1262 καὶ
2535 1209 2714 1280 σάρκα
2745 1208 2810 1261 δι’
2834 1209 2979 1278 ἡμᾶς
3005 1206 3437 1278 ἀμφιεσάμενος,
3466 1203 3675 1275 ἠγέρθη

2091 1303 2190 1373 μὲν
2232 1301 2309 1365 ὡς
2357 1300 2666 1372 ἄνθρωπος,
2701 1301 3027 1371 ἐπετίμησε
3051 1300 3110 1353 δὲ
3156 1299 3232 1364 ὡς
3278 1297 3412 1362 Θεὸς
3459 1296 3534 1366 τῇ
3574 1299 3678 1352 θα-

2085 1389 2320 1460 λάσση,
2353 1391 2446 1445 καὶ
2473 1390 2700 1461 εποίησε
2731 1391 2774 1444 ⁷.

387 1487 551 1542 quam
591 1474 755 1531 homo
823 1481 1124 1539 suscitatus
1163 1491 1270 1548 est,
1341 1486 1436 1540 sed
1477 1493 1666 1556 utpote
1709 1485 1854 1542 Deus
1926 1486 2214 1556 increpavit
2285 1503 2479 1553 mare,
2538 1492 2827 1556 totumque
2897 1484 3033 1540 illud
3097 1483 3480 1541 admirandum
3541 1481 3681 1554 σου.

387 1568 663 1639 praestitit.

462 1661 646 1718 Schol.
684 1666 767 1720 14.
805 1666 870 1721 Et
905 1673 1126 1741 contigit
1160 1689 1280 1726 cum
1314 1675 1436 1737 iret,
1468 1683 1526 1728 ut
1559 1693 1591 1728 a
1623 1674 1790 1728 turbis
1833 1691 1982 1728 com-

387 1756 724 1825 primeretur.
771 1758 838 1812 Et
889 1762 1081 1816 mulier
1120 1780 1239 1816 cum
1285 1766 1539 1836 tetigisset
1581 1767 1754 1830 ipsum
1791 1775 1984 1820 sanata

2165 1669 2321 1740 Σχόλ.
2353 1666 2436 1726 ιδ’.
2471 1668 2744 1736 Ἐγένετο
2782 1669 2853 1720 ἐν
2883 1666 2963 1733 τῷ
3010 1667 3265 1737 ὑπάγειν
3295 1667 3502 1732 αὑτὸν,
3534 1671 3683 1725 συν⁹

2091 1762 2342 1830 ἐπνιγον
2372 1759 2561 1814 αὐτὸν
2582 1763 2636 1813 οἱ
2667 1760 2858 1830 ὄχλοι.
2895 1759 3006 1815 Kal
3050 1759 3206 1828 γυνὴ
3255 1761 3533 1830 ἁψαμένη
3574 1765 3681 1818 αὐ..

387 1857 468 1902 est
501 1866 532 1902 a
567 1849 717 1918 ﬂuxu
757 1856 1056 1922 sanguinis.
1086 1853 1155 1907 Et
1194 1857 1270 1910 ait
1306 1856 1605 1912 Dominus:
1638 1859 1771 1924 Quis
1799 1874 1879 1913 me
1915 1867 1988 1912 te'

2101 1854 2197 1908 τοῦ
2231 1853 2366 1920 ἰάθη
2405 1852 2514 1906 τοῦ
2551 1853 2820 1922 αἵματος.
2875 1851 2984 1906 Kal
3025 1849 3195 1905 εἶπεν
3225 1855 3259 1906 ὁ
3300 1854 3548 1922 Κύριος·
3589 1854 3683 1921 Τίς

391 1943 544 2010 tigit?
565 1943 641 1996 Ac
673 1959 891 1998 rursum
925 1965 938 2000 :
979 1946 1171 2018 Tetigit
1204 1966 1282 2004 me
1320 1951 1536 2022 aliquis.
1573 1949 1717 2004 Nam
1744 1968 1837 2022 ego
1869 1951 1989 2006 novi

2101 1964 2206 2011 μου
2238 1944 2471 2013 ἢψατο;
2501 1943 2596 1996 καὶ
2623 1943 2812 1996 πάλινν
2860 1944 3098 2011 ’Ἥψατό
3129 1944 3248 2013 μού
3282 1961 3394 2010 τις.
3438 1945 3548 1999 Καὶ
3575 1945 3684 2016 γὰρ

389 2031 633 2086 virtutem
657 2032 721 2088 de
743 2051 822 2088 me
847 2037 1018 2090 exisse
1050 2040 1088 2090 ¹.

461 2121 648 2178 ῐῖεΐιιιε
691 2126 775 2180 14.
811 2126 944 2181 Cum
991 2129 1108 2184 iret.
1152 2129 1270 2185 Non
1317 2131 1478 2197 dixit,
1545 2151 1666 2188 cum
1717 2134 1876 2199 irent,
1921 2151 1991 2191 ne

390 2215 548 2270 aliter
576 2217 751 2283 illiilli,
783 2235 945 2289 quam
979 2223 1160 2278 caeteri
1201 2225 1302 2278 iter
1344 2225 1607 2282 facientes
1642 2227 1842 2292 solent,
1887 2227 1988 2280 ha-

391 2307 577 2363 buisse
604 2311 880 2368 crederes.
914 2313 1072 2380 Quod
1101 2331 1234 2370 vero
1261 2318 1526 2388 scriptum
1553 2326 1657 2383 est,
1682 2320 1991 2388 comprime-

392 2397 548 2452 batur
583 2417 615 2453 a
657 2402 848 2468 turbis,
891 2406 1079 2476 utique
1119 2407 1373 2477 spiritum
1414 2409 1778 2479 comprimere
1819 2409 1992 2464 turba:

391 2508 502 2546 non
529 2502 798 2562 poterant.
844 2492 951 2550 Sed
995 2505 1049 2551 et
1087 2498 1307 2562 mulier,
1342 2514 1463 2569 qua:
1493 2499 1670 2569 tetigit
1699 2514 1763 2553 ac
1799 2506 1992 2554 sanata

391 2591 498 2646 est,
531 2600 641 2638 non
674 2601 879 2650 aerem,
916 2587 1012 2643 sed
1046 2589 1343 2643 humanum
1390 2590 1652 2660 quiddam
1685 2592 1829 2661 quod
1861 2607 1992 2645 con-

392 2674 614 2729 trectari
649 2686 835 2744 posset
859 2678 1058 2749 attigit.
1086 2679 1155 2734 Ut
1179 2682 1324 2736 enim
1357 2682 1676 2737 ostenderet
1705 2683 1991 2736 mulierem

393 2780 595 2836 corpus
627 2766 774 2823 illius
809 2783 918 2822 non
950 2771 1132 2839 specie
1160 2772 1276 2826 sola
1316 2773 1597 2844 tetigisse,
1628 2773 1772 2828 istud
1806 2774 1992 2842 ipsum

393 2847 759 2929 resp‘onsione
788 2877 886 2915 sua
917 2861 1160 2917 declarat
1196 2883 1208 2920 :
1249 2864 1379 2932 Quis
1417 2881 1496 2919 me
1528 2867 1739 2936 tetigit?
1773 2864 1917 2918 Nam
1944 2873 1993 2918 et

394 2955 512 3004 novi
539 2952 776 3004 virtutem
808 2969 838 3003 α
869 2969 950 3006 me
979 2955 1172 3010 exisse.

468 3043 656 3096 Schol.
731 3043 820 3100 15.
905 3044 1210 3114 Suspiciens
1281 3049 1335 3101 in
1403 3049 1590 3102 malum
1663 3048 1997 3103 benedicebat

395 3134 524 3202 ipsis
555 3137 598 3188 ’.

469 3225 650 3281 Rel‘ut.
701 3229 784 3282 l5.
833 3228 893 3284 Si
941 3231 994 3284 in
1043 3232 1242 3286 coelum
1295 3233 1563 3302 suspexit,
1611 3248 1674 3286 ac
1717 3235 1993 3290 benedixit

397 3315 526 3378 illis,
561 3319 1368 3395 oculorummeinhrorumque
1411 3325 1744 3394 reliquorum
1792 3328 1996 3384 turmas

397 3422 507 3460 non
535 3409 718 3477 specie
747 3418 908 3465 tenus
941 3413 1284 3482 praeferebat.

471 3497 655 3554 Schol.
689 3500 772 3554 l6.
807 3501 992 3557 Dicens
1025 3523 1038 3558 :
1077 3506 1292 3574 Oportet
1325 3507 1529 3564 Filium
1566 3514 1792 3566 hominis
1831 3513 1998 3567 multa

398 3591 535 3660 pati,
571 3601 620 3645 et
649 3593 840 3656 occidi,
870 3603 919 3647 et
951 3605 1067 3662 post
1101 3606 1203 3652 tres
1235 3597 1344 3653 dies
1375 3618 1646 3672 resurgere
1670 3605 1709 3657 ³.

470 3765 652 3822 ΒεΓιιι.
689 3767 771 3823 16.
799 3770 935 3823 Cum
970 3773 1207 3828 hominis
1241 3775 1458 3841 Filium,
1489 3780 1594 3834 hoc
1625 3790 1706 3835 est
1734 3782 1996 3851 seipsum,

399 3862 898 3929 etpatietinterﬁci
934 3862 1257 3936 Unigenitus
1297 3868 1386 3924 Dei
1408 3870 1580 3928 Filius
1603 3874 1851 3938 allirmet,
1888 3876 2001 3929 hare

402 3954 662 4007 nimirum
695 3956 786 4008 illa
815 3968 1008 4010 contra
1039 3971 1090 4013 te
1118 3964 1328 4015 securis
1351 3972 1455 4027 est,
1486 3981 1608 4035 qua:
1640 3967 1855 4022 radices
1878 3976 2001 4022 tuas

401 4060 593 4099 omnes
633 4056 911 4115 amputat,
961 4064 995 4102 ο
1046 4049 1248 4103 Marcio
1285 4054 1351 4106 de
1391 4055 1564 4124 spinis
1597 4064 1804 4122 emrte,
1841 4057 2000 4112 nubes

403 4138 515 4190 sine
554 4155 714 4206 aqua,
758 4138 918 4192 arbor
958 4139 1314 4208 infructuosa,
1353 4154 1401 4196 et
1435 4147 1763 4201 autumnalis
1795 4151 1835 4201 ⁵.
1867 4148 2000 4202 Nam

404 4238 457 4284 et
488 4231 670 4284 statim
705 4232 925 4300 subjieit
964 4249 978 4286 :
1013 4231 1079 4284 Et
1114 4244 1230 4300 post
1265 4247 1368 4289 tres
1399 4237 1509 4292 dies
1541 4255 1826 4310 resurgere.
1862 4239 1999 4304 Quid

405 4333 489 4378 est
522 4333 704 4378 autem
733 4326 879 4394 quod
916 4343 1204 4398 resurgere
1243 4329 1468 4392 dicitur.
1500 4333 1608 4387 nisi
1639 4349 1842 4402 corpus
1870 4335 2000 4388 illud

405 4416 552 4484 quod
605 4432 829 4485 passum
885 4429 990 4482 est,
1046 4421 1195 4489 atqui
1235 4422 1287 4474 in
1325 4423 1658 4478 monimento
1693 4427 2003 4494 sepultum?

411 4502 609 4562 Umbra
632 4511 800 4574 enim,
830 4521 924 4565 aut
955 4524 1170 4579 ventus,
1209 4526 1303 4568 aut
1335 4519 1583 4586 Spiritus,
1611 4526 1706 4572 aut
1735 4521 1883 4574 larva
1907 4538 2000 4575 ne-

2092 2037 2286 2106 ἕγνων
2312 2034 2571 2104 δύναμιν
2616 2033 2996 2099 ἐξελθοῦσαν
3025 2033 3127 2087 ἀπ’
3161 2033 3330 2104 ἐμοῦ.

2167 2129 2387 2199 Ἐλεγχ.
2419 2127 2498 2183 ιδ’.
2518 2129 2622 2181 Ἐν
2646 2127 2726 2192 τῷ
2747 2126 3001 2197 ὑπάγειν
3029 2130 3236 2182 αὐτόν’
3273 2130 3365 2182 καὶ
3380 2127 3481 2181 οὐκ
3508 2123 3684 2192 εἶπεν,

2091 2221 2162 2273 ἐν
2201 2216 2283 2284 τῷ
2308 2217 2564 2288 ὑπάγειν
2596 2217 2818 2283 αὐτοὺς
2843 2257 2857 2281 ,
2900 2217 2988 2270 ἵνα
3037 2219 3111 2287 μὴ
3141 2217 3342 2290 ἑτέρως
3370 2218 3532 2271 αὐτὸν
3559 2235 3689 2289 σχη-

2097 2311 2314 2381 ματίσει
2365 2309 2519 2382 παρὰ
2556 2309 2658 2382 τὴν
2708 2309 2818 2362 τῶν
2871 2309 3293 2381 ὁδοιπορούντων
3344 2311 3686 2365 ἀκολουθίαν.

2095 2403 2169 2456 Τὸ
2217 2403 2295 2468 δὲ,
2345 2401 2720 2470 συνέπνιγον
2767 2400 2955 2455 αὑτὸν
2999 2403 3053 2454 οι
3093 2402 3284 2470 ὄχλοι,
3325 2401 3544 2473 πνεῦμα
3591 2403 3690 2456 οὐκ

2095 2494 2356 2566 ἠδύναντο
2401 2494 2729 2565 συμπνίγειν
2761 2495 2808 2546 οε
2842 2493 3008 2564 ὄχλοι.
3038 2492 3181 2565 Γυνὴ
3213 2494 3270 2546 δὲ
3303 2495 3556 2567 ἁψαμένη
3595 2494 3691 2549 καὶ

2099 2584 2332 2648 ίαθεῖσα,
2387 2585 2488 2636 οὐκ
2520 2583 2682 2659 ἀέρος
2710 2583 2908 2653 ἥψατο,
2946 2583 3085 2636 ἀλλὰ
3130 2583 3275 2652 ἁφῆς
3320 2585 3687 2655 ἀνθρωπείας.

2098 2675 2215 2728 Ἵνα
2245 2674 2354 2745 γὰρ
2399 2673 2567 2744 δείξῃ,
2605 2675 2688 2726 ὅτι
2739 2674 2859 2743 οὐχὶ
2890 2672 3108 2744 δοκήσει
3163 2674 3325 2744 μόνον
3366 2677 3399 2745 ἡ
3451 2676 3561 2746 ἁφὴ
3594 2675 3690 2730 τοῦ

2098 2764 2350 2835 σώματος
2397 2763 2561 2816 αὐτοῦ
2602 2763 2706 2816 ὑπὸ
2741 2765 2839 2833 τῆς
2884 2765 3143 2832 γυναικὸς
3188 2767 3502 2836 γεγένηται,
3550 2766 3692 2821 διδά-

2099 2871 2215 2906 σκει
2246 2853 2421 2921 λέγων
2443 2869 2458 2884 ο
2505 2853 2599 2918 Τίς
2626 2870 2745 2920 μου
2778 2853 3016 2921 iurato;
3064 2854 3172 2907 Kal
3207 2855 3321 2922 γὰρ
3360 2852 3553 2925 ἔγνων
3585 2852 3693 2908 δύ-

2092 2960 2277 3014 ναμιν
2304 2944 2683 3009 ἐξελθοῦσαν
2712 2944 2814 2997 ἀπ’
2859 2945 3027 3014 ἐμοῦ.

2169 3037 2326 3106 Σχόλ.
2372 3036 2455 3088 ιε’.
2509 3035 2878 3105 Ἀναϐλέψας
2917 3039 3002 3104 εἱς
3060 3036 3201 3104 τοὺς
3238 3037 3559 3106 οὐρανοὺς,
3586 3039 3693 3106 ηὐ-

2093 3131 2369 3200 λόγησεν
2410 3132 2655 3196 αὐτούς.

2169 3222 2390 3293 Ἐλεγχ.
2433 3229 2511 3274 ιε’.
2553 3222 2616 3274 Εἰ
2658 3219 2954 3290 ἀνέϐλεψεν
3005 3221 3085 3284 είς
3143 3220 3429 3292 οὐρανοὺς,
3477 3220 3571 3275 καὶ
3598 3221 3694 3292 ηὐ-

2105 3315 2336 3388 λὸγησεν
2369 3315 2456 3368 ἐπ’
2483 3315 2702 3379 αὐτοὺς,
2737 3316 2798 3368 οὐ
2829 3313 3050 3384 δοκήσει
3099 3310 3210 3384 εἶχε
3243 3314 3352 3367 τῶν
3393 3331 3452 3367 τε
3493 3314 3694 3384 ὀφθαλ-

2110 3408 2226 3480 μῶν
2255 3407 2348 3461 καὶ
2374 3407 2482 3460 τῶν
2512 3406 2686 3461 ἄλλων
2737 3406 2916 3478 μελῶν
2951 3407 3019 3461 τά
3050 3408 3324 3477 σχήματα.

2177 3503 2334 3574 Σχόλ.
2374 3509 2470 3567 ις’.
2512 3501 2742 3572 Λέγων·
2779 3500 2880 3553 Δεῖ
2912 3501 3018 3555 τὸν
3064 3500 3203 3554 Υίὸν
3227 3500 3336 3554 τοῦ
3380 3498 3698 3568 ἀνθρώπου

2106 3597 2309 3650 πολλὰ
2333 3595 2563 3658 παθεῖν,
2596 3593 2696 3650 καὶ
2725 3592 3195 3662 ἀποκτανθῆναι,
3236 3595 3334 3646 καὶ
3365 3594 3511 3661 μετὰ
3541 3591 3698 3660 τρεῖς

2107 3687 2333 3757 ἡμέρας
2361 3685 2694 3756 ἐγερθῆναι.

2184 3778 2404 3849 Ἔλεγχ.
2439 3776 2534 3842 ις’.
2561 3779 2624 3831 Εἰ
2650 3778 2777 3830 Υίὸν
2801 3775 3087 3849 ἀνθρώπου
3113 3777 3205 3829 καὶ
3231 3774 3418 3829 παθεῖν
3443 3776 3537 3828 καὶ
3564 3775 3698 3826 ἀπο-

2109 3870 2409 3941 κτανθῆναι
2455 3869 2648 3922 ἑαυτὸν
2699 3869 2954 3939 ὁμολογεί
3000 3870 3029 3922 ὁ
3083 3866 3376 3940 μονογενὴς
3425 3866 3554 3930 Υἱὸς
3603 3865 3697 3918 τοῦ

2108 3961 2266 4026 Θεοῦ,
2311 3962 2452 4014 κατά
2501 3961 2594 4013 σοῦ
2630 3961 2786 4032 ἀξίνη
2832 3961 2979 4014 ἐστὶν
3033 3961 3171 4031 αὕτη
3216 3958 3560 4029 ὲκτὲμνουσά
3602 3975 3696 4010 σου

2111 4057 2293 4110 πᾶσαν
2321 4056 2420 4126 τὴν
2455 4054 2630 4126 ῥίζαν,
2666 4049 2711 4108 ὦ
2745 4053 2804 4119 ἐξ
2843 4053 3095 4107 ἀκανθῶν
3140 4053 3506 4123 γεγεννημὲνε
3543 4053 3700 4122 Μαρ-

2110 4152 2264 4218 κίων,
2298 4151 2392 4204 ml.
2440 4153 2665 4220 νεφέλη
2718 4150 2958 4220 ἅνυὸρε,
3007 4149 3264 4218 δένδρον
3310 4165 3374 4202 τε
3425 4147 3701 4216 ἄκαρπον

2110 4245 2207 4298 καὶ
2241 4245 2699 4313 φθινοπωρινόν.
2737 4243 2842 4298 Καὶ
2872 4243 2980 4315 γάρ
3014 4261 3146 4314 φησι
3182 4243 3342 4296 πάλιν
3363 4257 3375 4270 ·
3420 4242 3529 4296 Kal
3551 4241 3700 4310 μετὰ

2110 4335 2267 4404 τρεῖς
2329 4335 2555 4404 ἡμέρας
2588 4333 2924 4404 ἐγερθῆναι.
2960 4335 3025 4386 Τί
3056 4334 3110 4386 δὲ
3143 4334 3203 4386 τὸ
3236 4333 3530 4404 ἐγερθῆναι
3559 4333 3695 4403 (7-1),

2111 4426 2295 4497 ἀλλ’ἢ
2343 4426 2476 4478 αὐτὸ
2497 4425 2558 4478 τὸ
2586 4424 2852 4489 πεπονθὸς
2885 4426 2979 4478 καὶ
3001 4425 3169 4494 ταφὲν
3207 4425 3265 4477 ἐν
3299 4424 3375 4494 τῷ
3409 4424 3697 4494 μνημείῳς

2113 4519 2346 4589 Δόκησις
2378 4517 2506 4589 δὲ,ἥ
2533 4517 2755 4588 ἄνεμος,
2787 4517 2820 4588 ἢ
2857 4516 3096 4587 πνεῦμα,
3123 4516 3156 4584 ἢ
3179 4515 3700 4586 φαντασία,κηδείαν

407 4619 513 4672 que
537 4605 700 4658 funus
718 4619 781 4659 ac
807 4607 1170 4676 sepulturam,
1201 4624 1304 4663 nec
1328 4611 1785 4666 resurrectionem
1809 4628 1991 4682 capere

2111 4611 2207 4663 καὶ
2245 4609 2424 4681 ταφὴν
2458 4611 2559 4664 οὐκ
2599 4609 2892 4680 ἐνεδέχετο,
2923 4610 3018 4663 καὶ
3054 4608 3370 4664 ἀνάστασιν.

408 4697 698 4764 potuisset.

479 4787 663 4842 Schol.
701 4789 786 4844 17.
817 4789 884 4843 Et
917 4807 1032 4846 ecce
1063 4793 1160 4846 viri
1185 4811 1303 4847 cum
1328 4795 1426 4849 illo
1455 4794 1825 4866 loquebantur,
1851 4795 2004 4852 Elius

409 4885 456 4929 et
487 4875 696 4946 Moyses
720 4879 773 4932 in
804 4881 976 4950 gloria
1003 4881 1044 4934 ⁵.

478 4969 663 5026 ΙὶεΙιιι.
688 4972 770 5026 l'l.
815 4972 1093 5040 Quantum
1122 4977 1376 5047 equidem
1411 4978 1608 5047 opinor
1637 4979 1789 5036 hisce
1821 4979 2005 5035 verbis

410 5062 519 5117 falx
542 5065 655 5130 illa,
684 5082 850 5136 quam
878 5066 1178 5124 Zacharias
1204 5078 1601 5125 commemorat
1629 5072 1671 5136 ⁸,
1707 5072 2001 5128 adversum

411 5161 464 5209 te
486 5156 858 5226 signiﬁcatur;
884 5159 1050 5230 328
1096 5177 1220 5231 qua:
1260 5171 1353 5216 tua
1391 5163 1574 5217 munia
1607 5172 1797 5219 contra
1830 5166 2000 5234 legem

411 5262 475 5302 ac
508 5249 800 5320 prophetas
831 5253 1118 5308 mendacia
1169 5253 1438 5310 succidat.
1480 5256 1693 5311 Etenim
1743 5256 2002 5326 quoniam

412 5355 725 5398 emersurus
765 5357 888 5398 eras
941 5345 1260 5414 aliquando,
1310 5347 1406 5416 qui
1455 5347 1572 5418 lege
1617 5349 2006 5420 pr0phetisque

414 5433 734 5504 repudiatis,
777 5451 809 5490 a
841 5433 1126 5496 Salvatore
1169 5420 1400 5510 eiusque
1434 5440 1629 5511 gloria,
1680 5456 1746 5496 ac
1791 5440 2006 5496 cmlcsti

523 5595 538 5624 ¹
572 5593 703 5650 Luc.
730 5612 846 5662 vm,
869 5597 939 5652 42
965 5613 1087 5668 sqq.

417 5681 636 5718 επαυσε.

1184 5599 1363 5656 'Luc.
1416 5617 1492 5668 Ix,
1532 5601 1618 5655 16.

512 5779 601 5847 7i)
638 5779 697 5833 Τί
726 5778 878 5833 δὲτὸ
913 5777 1246 5848 ἐγερθῆναι.
1275 5781 1432 5836 Cort‘.
1465 5781 1703 5850 ἐγερθὲν.

1717 5603 1735 5633 ³
1763 5602 1888 5658 ibid.
1927 5601 2016 5655 9:2.

2181 4791 2338 4862 Σχόλ.
2381 4789 2466 4854 ις’.
2520 4789 2631 4844 Kal
2677 4789 2806 4843 ἰδοὺ
2849 4787 3064 4856 ἄνδρες
3095 4784 3486 4842 συνελάλουν
3517 4782 3696 4849 αὐτῷ,

2123 4886 2322 4952 Ἠλίας
2368 4884 2466 4938 καὶ
2500 4881 2765 4952 Μωυσῆς
2795 4882 2867 4935 ἐν
2892 4881 3063 4951 δόξῃ.

2187 4978 2407 5048 Ἔλεγχ.
2453 4977 2538 5041 ις’.
2579 4975 2757 5047 Τάχα,
2805 4970 2981 5046 οἶμαι,
3011 4973 3100 5027 διὰ
3129 4972 3237 5027 τῶν
3275 4971 3450 5042 λόγων
3494 4968 3702 5023 τούτων

2110 5067 2172 5121 τὸ
2212 5067 2366 5139 ποιρά
2411 5066 2492 5137 τῷ
2523 5065 2664 5136 ἁγίῳ
2705 5064 2951 5136 Ζαχαρία
2999 5063 3264 5134 δρέπανον
3310 5061 3450 5116 κατά
3485 5059 3601 5123 σοῦ,
3657 5053 3704 5111 ῶ

2111 5159 2398 5230 Μαρκίων,
2451 5155 2888 5219 ἀνατετύπωται,
2941 5153 3203 5223 ὲκτέμνον
3252 5169 3346 5206 σου
3381 5153 3560 5205 πᾶσαν
3602 5149 3704 5221 τὴν

2110 5253 2251 5307 κατὰ
2266 5253 2428 5323 νόμου
2449 5251 2539 5305 καὶ
2554 5249 2849 5321 προφητῶν
2866 5250 3116 5319 ὲπινενοη
3124 5247 3292 5320 μένην
3317 5245 3702 5317 ψευδηγορῖαν.

2126 5346 2345 5417 Ἐπειδὴ
2376 5343 2484 5416 γὰρ
2531 5341 2756 5413 ἔμελλες
2787 5341 3003 5396 ἀθετεῖν
3045 5341 3208 5412 νόμον
3255 5340 3348 5394 καὶ
3392 5339 3701 5410 προφήτας,

2115 5437 2432 5509 ἀλλοτρίους
2459 5435 2656 5499 αὐτοὺς
2687 5433 2910 5504 φάσκων
2942 5431 3037 5488 τοῦ
3067 5432 3321 5504 Σωτῆρος
3345 5435 3441 5484 καὶ
3486 5432 3586 5498 τῆς
3616 5429 3705 5480 αὖ·

2123 5603 2144 5631 “
2173 5599 2299 5653 .lud.
2334 5599 2388 5652 9..
2489 5601 2507 5631 ⁵
2542 5597 2672 5653 Luc.
2713 5612 2790 5662 Ix,
2814 5595 2903 5652 5|.
3015 5596 3035 5627 ⁶
3069 5593 3236 5648 Zach.
3273 5607 3325 5655 ν,
3354 5591 3409 5644 9..
3522 5587 3541 5617 "
3570 5582 3703 5640 Fur.
