4186 6374
449 352 546 409 157

1122 348 1492 408 ADVERSUS
1529 348 1870 406 lleRESES
1910 348 2036 402 ΜΒ.

2139 346 2304 403 TOM.
2351 348 2438 403 111.
2475 378 2544 389 -
2587 347 2858 404 ll/ERES.
2900 349 3059 405 XLII.

3636 352 3741 407 τῖε

450 469 536 525 εοῦ
567 468 750 540 δόξης,
780 485 878 522 και
921 470 1021 542 τῆς
1071 469 1236 524 αὑτοῦ
1279 470 1468 524 ἐνθέου
1514 469 1885 533 διδασκαλίας,
1937 469 2036 538 ἁμ-

2148 467 2402 520 doclrina
2450 467 2661 522 alienos
2703 481 2800 520 eos
2845 481 2970 522 esse
3011 465 3398 531 contenderes,
3447 475 3744 539 utrumque

447 563 706 635 ,ροτέρους
740 564 919 635 ἦγαγε
957 561 1074 634 μεθ’
1111 564 1307 618 ἑαυτοῦ
1341 565 1399 617 ὲν
1441 566 1506 636 τῇ
1546 562 1652 634 ίδίᾳ
1680 561 1846 615 αὐτοῦ
1885 561 2032 632 δόξῃ,

447 656 538 710 καὶ
576 655 745 721 ἔδειξε
796 659 910 720 τοῖς
961 656 1127 710 αὐτοῦ
1187 655 1479 727 μαθηταῖς,
1535 655 1631 708 καὶ
1687 657 1736 708 οί
1795 653 2037 726 μαθηταὶ

447 748 575 818 ἡμῖν
621 749 716 801 καὶ
743 747 822 819 τῷ
874 747 1086 820 κόσμῳ,
1134 748 1378 802 τουτέστι
1416 747 1579 801 παντὶ
1607 745 1879 818 ἀνθρώπῳ
1914 745 2038 814 βου-

445 839 657 911 λομένῳ
685 840 785 911 ζῆν
805 859 818 871 ·
856 842 942 895 ἵνα
973 842 1060 895 διὰ
1104 843 1202 913 μὲν
1233 841 1328 894 τοῦ
1359 839 1600 911 πρώτου.
1629 839 1705 902 ὡς
1755 841 1812 892 ἐν
1854 838 2033 910 ἀξίνῃ.

445 933 540 985 σοῦ
588 933 730 1005 τέμῃ
779 932 878 997 τὰς
913 935 1089 1005 ῥίζας,
1131 935 1219 988 διὰ
1266 934 1322 987 δὲ
1368 933 1462 986 τοῦ
1514 933 1790 1004 δευτέρου,
1839 931 1914 994 ὡς
1947 931 2038 983 διὰ

443 1026 714 1097 δρεπάνου
757 1027 851 1080 τοῦ
901 1027 1059 1097 λόγου
1091 1028 1190 1098 τῆς
1225 1027 1505 1096 ἀληθείας,
1537 1026 1748 1097 ἐκτέμῃ
1785 1041 1878 1076 σου
1908 1024 2036 1086 τοὺς

444 1118 696 1183 κλάδους,
749 1119 875 1181 τοὺς
914 1118 976 1171 τὸ
1033 1117 1256 1172 κώνειον
1295 1117 1392 1171 καὶ
1432 1116 1730 1186 θανάσιμον
1782 1117 1892 1176 τοῖς
1943 1116 2036 1167 ἁν-

445 1209 684 1279 θρώποις
714 1209 1074 1274 ὲκποιοῦντας
1111 1207 1343 1282 γλοιώδη
1375 1208 1506 1262 ὀπὸν
1551 1207 1922 1278 βλασφημίας.
1971 1207 2035 1258 Εἰ

443 1302 553 1372 γὰρ
587 1301 867 1373 ἀλλότριος
898 1297 966 1373 ἦν
998 1301 1241 1370 Μωῦσῆς
1270 1303 1298 1354 ὁ
1332 1300 1438 1353 ὑπὸ
1462 1299 1556 1352 τοῦ
1591 1297 1827 1371 Χριστοῦ
1868 1295 2035 1348 πάλαι

445 1394 757 1459 πιστευθεὶς
793 1394 886 1448 τὸν
919 1395 1105 1466 νόμον,
1139 1396 1234 1449 καὶ
1279 1396 1328 1447 οἱ
1379 1393 1657 1465 προφῆται
1705 1387 1846 1462 ἦσαν
1879 1388 2036 1442 ἀλλόη

443 1505 606 1558 τριοι,
650 1487 751 1541 οὐκ
794 1488 861 1542 ἂν
913 1489 1098 1552 αὐτοῖς
1154 1489 1251 1542 σὺν
1293 1487 1442 1556 αὐτῷ
1481 1489 1539 1540 έν
1588 1488 1654 1557 τῇ
1713 1487 1818 1557 ἰδίᾳ
1867 1482 2035 1537 αὐτοῦ

441 1579 572 1654 δόξῃ
601 1580 978 1634 ἀπεκάλυπτε.
1026 1581 1201 1634 Βλέπε
1233 1579 1342 1653 γὰρ
1375 1578 1435 1633 τὸ
1476 1577 1681 1649 θαῦμα,
1717 1579 1798 1632 ὅτι
1825 1578 1946 1632 οὐδὲ
1977 1581 2036 1630 ἐν

443 1674 522 1744 τῷ
565 1675 807 1744 μνήματι
856 1674 1079 1733 τούτους
1119 1673 1342 1741 ἔδειξεν,
1378 1672 1500 1725 οὐδὲ
1548 1670 1698 1740 παρὰ
1742 1671 1832 1724 τὸν
1874 1687 2038 1723 σταυ-

448 1767 576 1838 ρόψ
605 1766 718 1819 ἀλλ’
755 1767 843 1818 ὅτε
888 1766 949 1819 τὸ
986 1766 1153 1836 μέρος
1181 1767 1280 1837 τῆς
1310 1762 1476 1818 αὑτοῦ
1516 1763 1675 1831 δόξης
1718 1762 1793 1826 ὡς
1821 1764 1900 1826 εἰς
1932 1763 2035 1832 ἀρ-

2141 557 2208 610 ad
2238 557 2372 612 illud
2407 557 2596 628 gloria:
2625 573 2738 612 sua:
2767 572 2832 612 ac
2861 558 3166 626 maiestatis
3196 561 3434 630 speciem
3466 561 3740 627 adhibuit,

2140 665 2205 704 ac
2237 649 2530 720 discipulis
2566 649 2684 706 suis
2727 650 3010 718 ostendit;
3047 650 3306 721 discipuli
3345 665 3512 721 porro
3555 651 3739 718 nobis,

2139 755 2203 794 ac
2237 742 2337 795 toti
2381 740 2516 795 adeo
2549 740 2756 795 mundo
2789 739 3191 810 signiﬁcarun't,
3240 742 3344 796 hoc
3383 749 3468 797 est
3513 744 3740 797 cuilibet

2113 832 2372 920 _bomini,
2405 835 2497 902 qui
2534 833 2659 887 vitae
2698 847 2762 886 ac
2805 833 3000 889 salutis
3043 833 3318 888 desiderio
3347 847 3618 890 teneatur.
3652 835 3742 888 Ni-

2139 925 2340 978 mirum
2371 927 2549 995 utqui
2593 925 2767 994 primo
2808 925 2928 978 loco
2965 935 3301 981 memoratus
3341 937 3446 989 est,
3479 929 3643 982 ascia:
3673 931 3743 982 sit

2140 1017 2354 1082 instar,
2424 1033 2546 1086 qua:
2614 1017 2828 1071 radices
2895 1028 3019 1072 tuas
3106 1018 3373 1081 excidat;
3442 1021 3581 1074 alter
3658 1022 3740 1074 sic

2139 1118 2400 1178 tanquam
2428 1110 2678 1164 veritatis
2707 1109 2817 1162 falx
2851 1125 3034 1163 ramos
3062 1117 3195 1162 tuos
3224 1117 3488 1179 amputet,
3519 1127 3582 1165 ex
3615 1113 3742 1181 qui-

2140 1200 2244 1255 bus
2275 1201 2468 1255 cicutm
2511 1201 2707 1256 similis
2759 1217 2822 1254 ac
2865 1202 3082 1256 letbifer
3117 1203 3208 1256 ille
3241 1219 3461 1268 succus,
3495 1205 3742 1274 visciqne

2137 1306 2292 1344 more
2341 1291 2774 1360 sequacissintus
2824 1292 3170 1359 exprimitur.
3233 1289 3371 1343 Nam
3426 1292 3472 1346 si
3530 1292 3741 1345 alienus

2138 1390 2286 1438 esset
2315 1381 2529 1453 Moyses
2563 1382 2672 1445 ille,
2719 1382 2807 1436 cui
2853 1383 2987 1451 legis
3024 1390 3108 1435 est
3146 1396 3174 1434 a
3214 1381 3436 1437 Christo
3461 1383 3737 1452 quondam

2138 1473 2396 1528 mandata
2424 1475 2731 1544 provinria,
2759 1474 2802 1527 si
2831 1474 2991 1526 alieni
3021 1476 3244 1544 in~uper
3271 1475 3570 1544 prophetze,
3598 1491 3736 1528 mm-

2137 1581 2304 1636 quam
2347 1582 2444 1620 eos
2482 1582 2668 1620 secum
2716 1583 2814 1620 sna
2863 1568 2950 1618 illa
2999 1567 3050 1619 in
3092 1567 3266 1636 gloria
3305 1576 3738 1636 reprazsentaret.

2137 1657 2198 1712 In
2229 1673 2337 1727 quo
2364 1659 2492 1728 quid
2527 1659 2771 1712 mirabile
2794 1659 3110 1728 contigerit,
3137 1660 3533 1716 animadverte.
3553 1659 3741 1730 Neque

2140 1749 2285 1804 enim
2338 1750 2457 1802 illus
2515 1751 2568 1802 in
2616 1750 2866 1818 sepulcro
2898 1789 2912 1813 ,
2961 1761 3053 1804 aut
3106 1751 3174 1805 ad
3219 1767 3438 1805 crucem
3476 1767 3740 1820 apparere

445 1859 668 1929 ῥαϐὦνα
698 1860 829 1930 ἡμῖν
858 1859 1236 1919 ἀπεκάλυπτε,
1260 1858 1381 1910 τότε
1406 1859 1533 1921 τοὺς
1565 1857 1774 1925 ἁγίους,
1798 1855 2036 1909 Μωῦσέα

2142 1841 2346 1905 voluit;
2383 1842 2475 1896 sed
2524 1851 2652 1896 tunc
2700 1843 2904 1902 solum.
2944 1859 3070 1897 cum
3105 1843 3416 1914 splendoris
3452 1846 3536 1898 sui
3570 1844 3738 1914 parti-

441 1947 503 2002 τέ
534 1966 676 2019 φημι
706 1949 801 2002 καὶ
841 1948 1048 2012 Ἠλίαν,
1094 1947 1212 2018 ἄμα
1243 1946 1391 2018 αὐτῷ
1432 1949 1672 2018 ἢγαγεν,
1717 1949 1867 2011 ὅπως
1902 1963 2036 2015 συγ·-

443 2037 817 2110 κληρονὸμους
849 2039 948 2109 τῆς
981 2037 1146 2092 αὑτοῦ
1185 2037 1462 2108 βασιλείας
1506 2039 1703 2102 αὐτοὺς
1757 2037 2034 2110 ὑποδείξῃ.

517 2305 674 2376 Σχόλ.
719 2311 809 2376 ιη’.
863 2305 960 2358 Ἐκ
986 2304 1098 2374 τῆς
1125 2303 1388 2373 νεφέλης
1414 2301 1615 2372 φωνή·
1651 2297 2040 2367 Οὗτός-ἐστιν

444 2399 478 2454 ὀ
523 2399 657 2464 Υἱὸς
683 2415 805 2468 μου
846 2400 879 2452 ὀ
921 2399 1248 2467 ἀγαπητός.

521 2491 742 2562 Ἕλεγχ.
781 2498 870 2562 ιη’.
914 2490 1083 2544 Παντί
1127 2507 1208 2559 τῳ
1237 2487 1396 2559 δῆλόν
1433 2489 1600 2551 ἐστιν,
1643 2487 1785 2558 ὃτιή
1841 2485 2038 2556 νεφέλη

443 2583 546 2638 οὐκ
593 2582 741 2636 ἐστιν
793 2582 1069 2652 ὰνωτάτη,
1123 2581 1249 2634 οὕτε
1299 2581 1442 2652 ὑπὲρ
1489 2579 1715 2650 οὐρανὸν
1778 2579 2035 2650 ὑπάρχει,

444 2675 581 2730 ἀλλὰ
610 2677 667 2728 ὲν
700 2677 767 2746 τῇ
800 2674 923 2728 καθ’
952 2674 1104 2746 ἡμᾶς
1133 2673 1308 2727 κτίσει
1327 2689 1342 2702 ⁸
1379 2673 1501 2726 ὅθεν
1531 2675 1565 2744 ἡ
1599 2672 1749 2741 φωνὴ
1785 2672 1922 2743 πρὸς
1945 2671 2038 2724 τὸν

447 2767 676 2838 Σωτῆρα
725 2765 951 2837 ἠνέχθη.
991 2766 1055 2818 Εἰ
1100 2765 1279 2818 τοίνυν
1317 2767 1346 2818 ὁ
1381 2763 1570 2835 Πατὴρ
1599 2763 1693 2816 καὶ
1740 2764 1798 2816 ἐν
1840 2763 2036 2834 νεφέλῃ

443 2858 618 2922 λαλεῖ,
659 2857 1029 2912 ὑποδεικνύων
1079 2859 1192 2920 τοῖς
1232 2855 1498 2928 μαθηταῖς
1537 2857 1629 2909 τὸν
1676 2854 1842 2908 αὑτοῦ
1887 2856 2038 2920 Υἰὸν,

442 2953 547 3005 οὐκ
587 2951 745 3015 ἄλλος
783 2952 932 3005 ἐστὶν
965 2953 994 3005 ὁ
1027 2949 1388 3022 Δημιουργὸς,
1421 2949 1560 3003 ἀλλὰ
1587 2951 1616 3002 ὁ
1661 2949 1848 3012 αὐτὸς,
1880 2950 1909 3002 ὁ
1945 2949 2040 3002 καὶ

443 3043 534 3097 διὰ
579 3043 806 3114 νεφέλης
848 3042 927 3114 τῷ
961 3043 1076 3112 ἰδίῳ
1127 3041 1242 3112 Υἱῷ
1295 3042 1672 3114 μαρτυρήσας,
1713 3040 1807 3093 καὶ
1841 3040 1900 3093 οὐ
1931 3039 2043 3094 τῶν

445 3138 586 3209 ὑπὲρ
617 3136 845 3209 οὐρανὸν
875 3135 1054 3207 μόνων
1083 3133 1379 3199 δεσπόζων,
1411 3134 1488 3198 ὼς
1510 3133 1676 3198 αὐτὸς
1711 3134 1962 3203 φάσκεις.

515 3318 670 3390 Σχὸλ.
717 3318 804 3374 ιϐ’.
859 3316 1152 3385 Ἐδεήθην
1180 3315 1300 3369 τῶν
1321 3315 1606 3385 μαθητῶν
1646 3333 1784 3372 σου.
1822 3311 1949 3387 Εἶχε
1977 3316 2034 3369 δὲ

446 3411 601 3484 παρὰ
653 3409 735 3474 τὸ,
777 3411 890 3464 οὐκ
939 3406 1344 3476 ἠδυνήθησαν
1393 3407 1674 3463 ἐκϐαλεῖν
1713 3408 1883 3473 αὐτὸ,
1935 3409 2034 3462 καὶ

444 3504 597 3574 πρὸς
622 3503 847 3568 αὐτούς
865 3519 878 3534 ·
911 3496 986 3555 Ὦ
1011 3499 1186 3569 γενεὰ
1214 3499 1490 3566 ἄπιστος,
1518 3500 1630 3566 ἕως
1658 3502 1803 3554 πότε
1826 3499 2038 3564 ἀνέξο-

443 3613 547 3661 μαι
584 3594 788 3665 ὑμῶν;

523 3710 744 3780 Ἔλεγχ.
788 3707 875 3762 ιϐ’.
915 3707 1010 3770 Τὸ,
1061 3707 1172 3773 ἕως
1221 3707 1396 3769 πότε,
1437 3705 1702 3776 ὲνσάρκου
1734 3705 2036 3776 παρουσίας

445 3803 640 3874 χρόνου
695 3802 812 3854 ἐστὶ
857 3801 1215 3870 σημαντικόν.
1265 3800 1377 3852 Καὶ
1421 3799 1504 3864 τὸ,
1556 3793 1633 3853 Ὦ
1676 3801 1852 3868 γενεὰ
1902 3797 2037 3850 ἄπι-

444 3914 594 3962 στος
615 3913 628 3928 ⁸
661 3895 737 3959 ὠς
767 3893 878 3946 τῶν
911 3893 1208 3965 προφητῶν
1225 3894 1318 3946 ἐπὶ
1348 3891 1426 3960 τῷ
1455 3891 1680 3963 ὀνόματι
1709 3891 1874 3946 αὐτοῦ
1913 3891 2034 3944 θεο-

446 3992 651 4061 σήμεια
698 3986 1090 4060 ἐργασαμένων
1153 3986 1250 4039 καὶ
1316 3984 1797 4050 πεπιστευκότων,
1869 3983 1944 4046 ὡς
2007 3984 2036 4035 ὁ

457 4083 643 4146 Ἠλίας
686 4080 999 4153 εὑρίσκεται
1054 4077 1225 4132 ποιῶν
1301 4078 1396 4132 καὶ
1457 4078 1790 4141 Ἐλισσαῖος.
1841 4079 1936 4130 καὶ
1987 4078 2034 4130 οί

445 4176 615 4233 ἄλλοι.

517 4269 673 4339 Σχόλ.
728 4275 797 4324 κ’.
852 4269 908 4320 Ὁ
958 4265 1067 4336 γὰρ
1124 4263 1259 4330 Υἱὸς
1305 4263 1413 4317 τοῦ
1465 4261 1782 4330 ἀνθρώπου
1821 4261 2036 4331 μέλλει

448 4361 884 4429 παραδίδοσθαι
923 4363 1011 4426 εἰς
1055 4359 1257 4430 χεῖρας
1297 4355 1641 4424 ἀνθίώπων.

522 4454 744 4524 Ἐλεγχ.
779 4453 847 4508 κ’.
884 4452 1015 4506 Υίοῦ
1049 4451 1357 4524 ἀνθρώπου,
1391 4449 1484 4504 καὶ
1522 4447 2033 4520 παραδοθησομένου

447 4545 529 4607 είς
557 4546 745 4615 χεῖρας
789 4543 1120 4614 ἀνθρώπων,
1155 4543 1216 4594 οὐ
1251 4540 1524 4611 δοκήσεως
1555 4540 1588 4608 ἡ
1627 4537 1884 4608 ἔμφασις,
1915 4537 2036 4589 οὐδὲ

448 4635 768 4700 φαντασίας,
789 4633 925 4686 ἀλλὰ
948 4631 1200 4703 σώματος
1234 4631 1330 4684 καὶ
1361 4629 1538 4701 μελῶν
1572 4628 1788 4698 θεωρία.

517 4792 673 4863 Σχόλ.
722 4798 827 4843 κα’.
871 4789 1026 4843 Ουδέ
1073 4788 1251 4842 τοῦτο
1295 4787 1632 4857 ανέγνωτε,
1671 4787 1729 4840 τί
1781 4787 2034 4854 ἐποίησε

447 4883 656 4946 Δα6ι’ὃ;
687 4879 992 4948 Εισῆλθεν
1023 4880 1110 4943 εἰς
1135 4878 1243 4931 τὸν
1269 4873 1437 4931 οἷκον
1463 4877 1570 4932 τοῦ
1603 4877 1775 4931 Θεοῦ.

523 4974 744 5044 Ἐλεγχ.
798 4978 900 5025 κα’.
951 4971 1014 5023 El
1058 4964 1207 5022 οἷκον
1241 4968 1378 5022 Θεοῦ
1409 4968 1610 5038 φάσκει
1641 4968 1732 5022 τὸν
1759 4965 1906 5021 οἷκον
1934 4967 2034 5036 τῆς

447 5068 600 5139 παρὰ
643 5064 922 5128 Μωῦσέως
963 5063 1256 5134 γενομένης
1316 5061 1719 5132 σκηνοπηγίας,
1759 5060 1857 5114 οὐκ
1907 5059 2036 5113 ἀθε-

445 5161 530 5212 τεῖ
562 5158 652 5211 τὸν
688 5157 872 5227 νόμον,
902 5155 1022 5209 οὐδὲ
1065 5156 1153 5209 τὸν
1199 5153 1329 5207 Θεὸν
1363 5154 1456 5207 τὸν
1490 5153 1801 5224 λαλήσαντα
1849 5156 1907 5206 ἐν
1957 5152 2038 5224 τῷ

445 5251 613 5322 νόμῳ.
665 5250 797 5302 Θεὸν
837 5248 948 5319 γὰρ
991 5248 1154 5302 αὑτὸν
1186 5248 1404 5318 φάσκει,
1434 5247 1492 5310 ὃς
1533 5247 1680 5299 ἐστιν
1713 5245 1879 5299 αὑτοῦ
1923 5247 2038 5299 Πα-

443 5343 574 5412 τὴρ,
606 5341 639 5411 ἢ
681 5339 844 5399 αὐτὸς
879 5339 1212 5408 Μονογενής.
1265 5336 1438 5390 Εῖωθε
1468 5335 1579 5406 γὰρ
1615 5335 1806 5404 Τριὰς,
1843 5336 2036 5406 Πατὴρ

445 5436 540 5488 καὶ
591 5434 717 5495 Υἱὸς
764 5433 858 5484 καί
907 5432 1061 5500 ἅγιον
1117 5429 1359 5501 Πνεῦμα,
1412 5429 1654 5499 ἐνεργεῖν
1691 5427 1748 5479 ἕν
1785 5443 1844 5479 τε
1885 5427 2034 5498 νόμῳ

448 5527 544 5581 καὶ
593 5525 900 5596 προφήταις
952 5523 1048 5576 καὶ
1102 5521 1487 5590 Εὑαγγελίοις,
1539 5519 1636 5572 καὶ
1690 5520 1750 5572 ὲν
1797 5520 2033 5573 ἀποστό-

448 5617 580 5684 λαις.

523 5805 541 5836 ¹
579 5801 714 5860 Luc.
749 5819 822 5869 Ix,
853 5803 941 5857 55.
1020 5804 1037 5833 ²
1075 5800 1434 5866 11›1ι1.40,ι11.

2142 1935 2323 1988 culam
2360 1935 2518 1990 nobis
2551 1937 2693 1990 velut
2720 1937 3081 1991 arrltabonem
3103 1951 3165 1989 ac
3187 1938 3382 2007 pignus
3403 1945 3734 2007 aspergeret.

2141 2025 2278 2080 Tum
2327 2028 2474 2081 enim
2526 2037 2749 2083 sanctos
2798 2029 2922 2084 illos
2968 2045 3152 2084 secum
3206 2029 3425 2098 Moysen
3467 2038 3520 2084 et
3566 2029 3738 2086 Eliam

2141 2120 2390 2184 adduxit,
2428 2131 2487 2176 ut
2515 2121 2760 2191 ejusdem
2797 2137 2984 2178 secum
3028 2123 3180 2194 regni
3216 2124 3533 2194 participes,
3564 2139 3628 2177 ac
3657 2139 3742 2178 so-

2141 2216 2254 2272 cios
2281 2232 2404 2271 esse
2434 2227 2788 2272 monstraret.
3103 2234 3108 2238 '

2212 2306 2398 2362 Schol.
2445 2307 2530 2361 18.
2582 2306 2628 2359 Ε
2661 2307 2794 2362 nube
2833 2323 2970 2362 vox:
3005 2307 3106 2361 llic
3146 2316 3224 2363 est
3265 2306 3442 2364 Filius
3483 2326 3627 2364 meus
3655 2309 3740 2364 di-

2141 2397 2307 2452 lectus
2349 2397 2385 2454 ¹.

2209 2487 2393 2544 Refut.
2431 2489 2520 2543 l8.
2557 2489 2905 2546 Manifestum
2937 2491 3114 2546 cuivis
3145 2499 3250 2555 est,
3284 2491 3497 2562 opinor,
3537 2492 3736 2547 nubem

2140 2596 2318 2651 neque
2367 2597 2626 2652 suprema
2681 2584 2736 2637 in
2792 2583 3042 2653 regione,
3093 2600 3273 2653 neque
3311 2601 3478 2655 supra
3535 2587 3737 2642 coelum

2139 2690 2298 2741 esse;
2331 2675 2423 2730 sed
2461 2676 2514 2729 in
2551 2675 2654 2730 hac
2684 2675 2867 2730 inﬁma
2904 2677 3247 2731 conditarum
3291 2692 3472 2732 rerum
3499 2681 3740 2734 statione

2139 2769 2350 2822 versari
2374 2785 2388 2834 ;
2420 2769 2566 2822 unde
2596 2784 2698 2822 vox
2722 2776 2805 2824 est
2833 2770 2900 2822 ad
2927 2767 3264 2824 Salvatorem
3289 2769 3532 2840 delapsa.
3567 2769 3739 2841 Igitur

2140 2861 2188 2915 si
2225 2861 2292 2916 de
2332 2862 2476 2916 nube
2517 2861 2732 2918 locutus
2779 2861 2959 2928 Pater,
3016 2862 3212 2917 Filium
3259 2879 3419 2918 suum
3451 2863 3740 2933 disr-ipulis

2140 2956 2400 3018 ostendit,
2445 2969 2554 3009 non
2605 2955 2745 3008 alius
2780 2970 2902 3010 esse
2938 2963 3116 3024 potest
3167 2954 3450 3018 Conditor,
3493 2970 3656 3024 quam
3693 2956 3741 3010 is

2141 3045 2259 3114 ipse
2281 3047 2376 3116 qui
2404 3063 2502 3116 per
2531 3048 2729 3102 nubem
2757 3045 2896 3100 Filio
2923 3061 3024 3101 suo
3047 3047 3418 3101 testimonium
3442 3047 3694 3116 praestitit
3719 3066 3736 3104 :

2141 3152 2243 3192 nec
2276 3140 2331 3192 in
2376 3154 2439 3194 ea
2485 3139 2686 3202 solum,
2727 3152 2850 3206 quae
2879 3138 3020 3192 cmlo
3059 3136 3344 3207 superiora
3379 3144 3528 3201 sunt,
3561 3136 3739 3191 domi-

2087 3231 2105 3250 ³
2139 3237 2330 3282 natum
2362 3229 2650 3283 obtinebit.

2208 3320 2394 3377 Schol.
2429 3323 2516 3376 19.
2546 3321 2742 3394 Rogavi
2765 3322 3052 3391 discipulos
3090 3331 3228 3376 tuos.
3259 3319 3612 3390 Habebatque
3632 3335 3740 3376 caa-

2134 3421 2274 3476 tera,
2302 3421 2688 3485 prieterquam,
2729 3431 2832 3468 non
2857 3422 3139 3482 potuerunt
3168 3412 3354 3482 ejicere
3377 3411 3539 3476 illud,
3567 3420 3620 3466 et
3659 3412 3738 3465 ait

2137 3505 2206 3560 ad
2235 3507 2417 3576 ipsos:
2448 3505 2727 3561 Generatio
2764 3504 3062 3571 incredula,
3101 3504 3336 3575 quandiu
3368 3519 3455 3558 vos
3482 3504 3660 3572 patiar
3679 3502 3739 3557 ³⁸1

2207 3687 2391 3744 Refut.
2430 3689 2519 3745 19.
2545 3687 2665 3745 Vox
2697 3689 2810 3756 illa,
2838 3689 3078 3760 quandiu
3099 3729 3113 3754 ,
3144 3696 3363 3759 tempus
3395 3687 3526 3742 illud
3563 3687 3737 3760 signi—-

2137 3779 2283 3846 ﬁcat,
2311 3796 2420 3852 quo
2447 3781 2701 3837 Christus
2737 3781 2792 3837 in
2828 3789 2974 3836 terra
3001 3795 3126 3836 cum
3157 3794 3325 3835 carne
3346 3787 3597 3833 versatus
3627 3785 3734 3832 est.

2136 3871 2252 3926 lloc
2280 3881 2461 3927 autem
2489 3915 2504 3939 ,
2539 3873 2822 3929 Generatio
2853 3871 3152 3935 incredula,
3180 3886 3247 3926 eo
3277 3871 3540 3924 nimirum
3575 3870 3738 3924 reler-

2137 3973 2248 4029 tur,
2273 3967 2416 4036 quod
2448 3967 2501 4020 in
2544 3967 2718 4037 ipsius
2748 3967 2968 4021 nomine
3009 3965 3288 4036 propheta:
3319 3964 3562 4034 prodigia
3587 3979 3736 4034 qua:-

2135 4057 2259 4112 dam
2285 4056 2577 4120 ediderint,
2609 4059 2770 4126 eique
2809 4057 3182 4120 crediderint;
3216 4053 3524 4122 cujusmodi
3569 4053 3735 4117 Elius,

2139 4147 2390 4212 Elisaeus,
2423 4148 2630 4217 aliique
2663 4147 2861 4202 fel-isse
2886 4147 3162 4217 leguntur.

2210 4239 2396 4294 Schol.
2445 4238 2537 4292 20.
2581 4237 2756 4293 Filius
2805 4241 2943 4292 enim
2993 4236 3223 4290 hominis
3273 4234 3516 4304 fulurum
3563 4243 3637 4288 est
3681 4244 3734 4286 ut

2139 4333 2387 4385 tradatur
2420 4332 2474 4384 in
2507 4347 2694 4383 manus
2729 4330 3000 4383 hominum
3035 4329 3075 4382 ³.

2204 4423 2370 4494 329
2400 4421 2584 4477 Refut.
2616 4422 2705 4476 20.
2753 4421 3002 4476 Hominis
3037 4421 3127 4474 ille
3158 4418 3352 4480 Filius,
3386 4418 3478 4488 qui
3517 4417 3573 4470 in
3611 4431 3728 4468 nta-

2071 4550 2113 4604 D
2143 4530 2248 4570 nus
2293 4523 2411 4569 erat
2441 4512 2739 4569 tradendus
2775 4514 3081 4579 hominum,
3123 4527 3233 4566 non
3281 4512 3569 4581 opinione,
3607 4525 3731 4580 spe-

2141 4606 2336 4676 cieque
2366 4607 2506 4670 sola,
2544 4606 2638 4661 sed
2665 4606 2919 4675 corporis
2951 4619 3016 4658 ac
3045 4603 3414 4658 membrorum
3448 4601 3637 4657 habitu
3667 4615 3731 4655 ac

2142 4699 2560 4753 conlirmatione
2593 4697 2723 4753 talis
2753 4694 2987 4752 exstitit.
3609 4703 3612 4705 '

2216 4789 2403 4843 Schol.
2443 4789 2532 4841 21.
2579 4787 2760 4859 Neque
2788 4790 2884 4842 hoc
2914 4787 3134 4859 legistis,
3164 4786 3290 4858 quid
3320 4785 3501 4856 fecerit
3533 4784 3726 4852 David,

2143 4896 2262 4935 cum
2292 4882 2558 4951 ingressus
2587 4890 2665 4935 est
2694 4883 2748 4934 in
2779 4881 2998 4934 domum
3027 4879 3126 4934 Dei
3146 4880 3206 4933 l"2

2207 4970 2392 5026 Refut.
2423 4972 2516 5027 21.
2556 4972 2695 5028 Cum
2726 4973 3140 5029 tabernaculum
3177 4973 3311 5028 illud
3335 4972 3521 5045 Moyse
3552 4973 3727 5027 collo-

2139 5073 2323 5120 catum
2367 5065 2462 5120 Dei
2493 5064 2714 5120 domum
2744 5067 3016 5138 appellet,
3050 5081 3392 5137 nequaquam
3425 5067 3594 5136 legem
3635 5073 3727 5120 aut

2141 5153 2314 5210 Deum
2346 5154 2547 5224 ipsum,
2581 5156 2674 5225 qui
2711 5157 2764 5210 in
2796 5156 2913 5227 lege
2937 5156 3152 5212 locutus
3186 5163 3293 5220 est,
3325 5155 3532 5225 abjicit.
3567 5154 3725 5210 "nnc

2145 5247 2348 5318 quippe
2378 5247 2547 5302 Deum
2574 5249 2843 5312 nominat,
2872 5248 2966 5319 qui
2992 5249 3112 5319 ejus
3144 5247 3308 5304 Pater
3327 5255 3434 5314 est,
3463 5256 3558 5302 aut
3580 5248 3721 5315 ejus-

2143 5338 2265 5394 dem
2291 5336 2642 5409 Unigenitus.
2675 5339 2826 5395 Solet
2861 5341 3008 5395 enim
3043 5347 3233 5396 sancta
3261 5339 3530 5404 Trinitas,
3563 5339 3726 5391 Pater

2141 5440 2197 5488 et
2240 5428 2436 5495 Filius,
2470 5440 2524 5488 et
2571 5433 2814 5504 Spiritus
2845 5441 3095 5498 sanctus,
3139 5448 3249 5489 non
3302 5432 3359 5486 in
3392 5431 3511 5502 lege
3549 5433 3727 5486 solum

2141 5528 2198 5575 et
2230 5521 2537 5591 prophetis,
2575 5524 2668 5580 sed
2717 5523 3025 5597 Evangeliis
3073 5532 3236 5595 atque
3266 5525 3530 5594 apostolis
3560 5539 3725 5594 opera

2141 5625 2241 5664 sua
2280 5611 2556 5682 perlicere.

1513 5799 1533 5831 ³
1563 5798 1690 5855 ibid.
1730 5798 1818 5853 44.
1897 5798 1920 5830 δ
1950 5795 2082 5854 Luc.
2115 5813 2188 5860 γι,
2219 5799 2270 5849 3.
