4186 6374
458 334 558 390 7’59

1854 342 1917 397 S.
1962 344 2300 403 ΕΡΙΡῘΙΑΝΙῘ

3642 357 3750 427 τε

523 450 707 507 Schol.
756 447 848 505 22.
889 448 1107 509 Gratias
1158 470 1258 526 ago
1309 456 1423 519 tibi,
1476 456 1700 511 Domine
1750 459 1888 515 cmli.
1924 459 2016 516 Nec

2210 466 2365 537 Σχόλ.
2401 466 2503 537 κβ’.
2538 470 2893 539 Εὐχαριστῶ
2921 487 3039 537 σοι,
3087 474 3285 543 Κύριε,
3317 474 3426 529 τοῦ
3458 475 3737 547 obprimi".

454 540 721 610 ascripsit,
745 551 794 596 et
819 552 975 598 terra:
1000 563 1019 610 ;
1045 561 1223 615 neque
1252 550 1440 610 etiam,
1467 547 1645 605 Pater.
1673 549 1776 605 Sed
1788 568 1853 605 ex
1878 568 1943 607 eo
1966 562 2044 608 ta-

452 648 566 685 men
596 632 917 698 revincitur,
942 639 1086 706 quod
1122 638 1262 692 infra
1288 640 1536 711 sequitur
1558 661 1572 697 :
1598 644 1780 697 Etiam
1810 644 1972 700 Pater
1995 649 2037 703 ¹.

516 724 703 779 Refut.
745 729 835 783 ‘22.
882 728 1114 787 Domino
1154 732 1338 802 itaque
1383 736 1508 789 εωιί
1544 737 1747 805 gratias
1790 741 1931 809 agit;
1972 741 2041 795 li-

446 826 565 883 cet,
626 830 821 886 teme,
879 825 1214 891 sustuleris;
1254 828 1381 883 licet
1424 829 1606 884 Patris
1663 848 1855 888 vocem
1908 837 2075 896 sub-.

444 914 696 976 traxeris,
721 914 945 981 Marcio,
984 934 1054 974 nc
1094 917 1314 974 Patrem
1353 936 1382 975 a
1422 922 1644 979 Christo
1685 942 1870 995 suum,
1908 946 2037 999 pro-

441 1006 685 1061 nuntiari
720 1008 1075 1064 Conditorem
1115 1013 1457 1070 ostenderes.
1514 1013 1719 1072 Vivunt
1753 1019 1933 1074 adhuc
1980 1031 2035 1078 et

441 1096 657 1165 spirant
703 1100 951 1155 veritatis
993 1100 1083 1155 illa
1113 1117 1144 1156 a
1180 1110 1236 1157 te
1284 1105 1472 1160 relicta
1518 1109 1782 1165 membra.
1812 1110 2031 1169 Vocula:

441 1189 548 1244 illa:
602 1192 883 1259 nimirum,
913 1209 1052 1264 quas
1089 1203 1144 1249 tu
1180 1197 1330 1251 velut
1369 1200 1424 1253 in
1456 1200 1706 1271 reliquiis
1748 1206 2030 1276 neglectas

439 1296 536 1350 per
558 1283 890 1340 oblivionem
919 1288 1194 1343 retinuisti
1224 1309 1236 1344 :
1268 1288 1470 1357 Etiam,
1499 1292 1697 1348 Pater!
1718 1296 1794 1350 Ex
1826 1299 2031 1367 quibus

439 1374 601 1442 plane
632 1375 778 1431 istud
820 1378 1145 1447 conficitur;
1184 1384 1407 1453 pr0prio
1438 1384 1585 1439 Patri
1619 1389 1828 1456 gratias
1853 1392 2031 1461 egisse

436 1463 715 1519 Christum
776 1465 1091 1532 Dominum,
1139 1471 1503 1543 eumdemque
1555 1477 1679 1531 εωίί
1739 1476 2030 1536 Dominqu

434 1558 766 1628 appellasse,
815 1569 875 1613 ut
930 1561 1265 1629 singularem
1317 1565 1373 1619 in
1428 1574 1482 1622 te
1514 1570 1811 1639 quamdam
1847 1574 2027 1631 inesse

435 1652 731 1705 amentiam
785 1660 1057 1723 oporteat,
1104 1672 1212 1726 qua
1258 1657 1489 1714 liberam
1541 1663 1791 1720 veritatis
1840 1681 2028 1723 vocem

433 1757 541 1796 non
577 1757 870 1813 agnoscas.

2145 559 2258 611 Οὑκ
2304 558 2416 630 εἶχε
2461 561 2538 625 δὲ,
2591 565 2688 617 καὶ
2746 562 2858 632 τῆς
2910 564 3049 635 γῆς’
3107 565 3252 632 οὔτε,
3299 568 3513 638 Πάτερ,
3573 565 3739 642 εῖχεν.

2157 649 2467 721 Ἐλέγχεται
2500 653 2586 706 δέ·
2621 654 2772 708 κάτω
2805 656 2917 729 γὰρ
2945 655 3108 728 εἶχεν,
3141 660 3275 720 Ναὶ,
3308 664 3342 714 ό
3380 661 3601 729 Πατήρ.

2220 742 2437 814 Ἕλεγχ.
2469 744 2573 814 κβ’.
2621 746 2949 819 Εὑχαριστεῖ
2984 752 3171 822 Κυρίῳ
3214 752 3309 805 τοῦ
3351 754 3606 823 οὐρανοῦ,
3636 754 3739 808 κᾶν

2142 834 2419 908 περιέλῃς,
2460 836 2572 904 τῆς
2602 836 2734 907 γῆς,
2776 838 2880 895 κᾶν
2919 843 3245 916 παρακόψῃς
3287 844 3369 908 τὸ,
3410 845 3621 915 Πάτερ,
3650 847 3738 901 ἵνα

2142 925 2217 995 μὴ
2252 926 2475 997 Πατέρα
2505 929 2672 983 αὑτοῦ
2716 930 3022 1005 ὑποδείξῃς,
3056 935 3342 1005 Μαρκίων,
3379 936 3471 991 τὸν
3502 939 3737 1009 Χριστὸν

2138 1015 2364 1085 λέγοντα
2391 1021 2483 1075 τὸν
2513 1020 3078 1095 Δημιουργόν.’Μένει
3110 1027 3218 1098 γὰρ
3246 1028 3345 1099 τῆς
3374 1028 3634 1101 ἀληθείας
3664 1034 3736 1087 τὰ

2141 1111 2274 1182 μέλη
2311 1112 2508 1178 ζῶντα.
2542 1116 2755 1189 Ὠσπερ
2806 1118 2916 1190 γὰρ
2966 1121 3025 1172 ὲν
3076 1119 3311 1192 λειψάνῳ
3363 1124 3507 1178 κατὰ
3561 1123 3735 1195 λήθην

2136 1204 2345 1271 εἴασας,
2382 1202 2427 1261 ὦ
2474 1211 2761 1281 Μαρκίων,
2806 1212 2889 1277 τὸ,
2929 1213 3061 1278 Nai,
3094 1217 3128 1267 ὁ
3160 1215 3383 1285 Πατήρ.
3427 1217 3731 1272 Ἀποδέδει-

2134 1313 2259 1349 κται
2287 1298 2463 1352 τοίνυν
2495 1298 2795 1365 ὲξάπαντος
2818 1301 2898 1372 τῷ
2927 1302 3043 1373 ἰδίῳ
3068 1304 3245 1376 Ilath
3273 1306 3615 1377 εὐχαριστεῖν
3638 1308 3732 1360 τὸν

2134 1390 2391 1459 Χριστὸν,
2422 1393 2517 1445 καὶ
2561 1392 2792 1465 οὐρανοῦ
2825 1394 3029 1466 Κύριον
3066 1397 3229 1453 αὑτὸν
3273 1399 3592 1470 ὀνομάζειν·
3634 1402 3729 1455 καὶ

2132 1480 2301 1553 πολλή
2340 1500 2434 1536 σου
2485 1484 2910 1557 φρενοσλάόεια,
2955 1487 3032 1559 μὴ
3083 1492 3420 1546 κατανοοῦσα
3459 1495 3560 1559 τῆς
3590 1494 3728 1565 ἀλη-

2132 1572 2282 1639 θείας
2314 1577 2414 1649 τὴν
2440 1578 2756 1651 ἐλευθερίαν
2784 1579 2826 1636 ⁵.

504 1812 692 1890 Schol.
739 1836 831 1890 2'5.
874 1834 1025 1890 Dixit
1073 1836 1418 1909 legisperito:
1454 1841 1520 1896 In
1571 1844 1680 1915 lege
1717 1847 1843 1917 quid
1883 1850 2016 1904 scri-

2201 1842 2356 1912 Σχόλ.
2412 1850 2519 1913 κγ’.
2550 1846 2703 1901 Eine
2760 1846 2841 1914 τῷ
2882 1849 3142 1919 νομικῷο
3186 1853 3284 1907 Ἐν
3327 1853 3408 1919 τῷ
3455 1856 3620 1925 νόμῳ
3667 1859 3726 1914 τι

429 1933 579 1991 ptum
620 1927 747 1981 est?
795 1925 867 1979 Et
920 1929 1260 1997 respondens.
1304 1930 1436 1987 Post
1486 1934 1782 2006 legisperiti
1833 1940 2018 2007 verba,

428 2015 567 2071 dixit
600 2036 617 2072 :
646 2015 805 2074 Recte
820 2020 1037 2075 dixisti.
1069 2020 1185 2077 Hoc
1212 2024 1322 2093 fac,
1351 2035 1400 2079 et
1430 2027 1563 2083 vives
1588 2032 1627 2083 ⁸.

498 2190 684 2247 Rcfut.
722 2192 813 2249 23.
856 2194 993 2251 Cum
1034 2196 1130 2254 Dei
1156 2197 1326 2258 Filius
1356 2205 1588 2275 ipsamet
1613 2208 1813 2265 veritas
1848 2222 2015 2280 esset,

426 2286 702 2341 neminem
732 2304 922 2342 eorum
952 2292 1045 2361 qni
1087 2308 1145 2348 se
1170 2294 1237 2350 de
1276 2298 1383 2351 vita
1422 2288 1809 2371 consequenda
1845 2305 2017 2359 inter-

426 2385 705 2444 rogarent,
748 2377 959 2435 fefellit.
1005 2380 1061 2437 Si
1097 2385 1318 2454 quidem
1362 2397 1421 2442 ut
1449 2390 1614 2445 vitam
1652 2392 1893 2450 humano
1921 2412 2016 2467 ge-

425 2467 541 2521 neri
568 2470 910 2536 conciliaret,
940 2472 1177 2529 advenit.
1210 2476 1391 2543 Quare
1424 2496 1549 2535 cum
1584 2490 1640 2538 et
1661 2484 1785 2540 vitae
1814 2496 2018 2543 nostra:

424 2572 611 2612 curam
646 2565 898 2629 gesserit,
924 2573 978 2619 et
1012 2566 1061 2621 ei
1086 2568 1180 2637 qui
1206 2569 1377 2640 legem
1408 2583 1674 2641 servaret,
1704 2577 2014 2634 adfuturam

424 2648 592 2703 vitam
639 2651 979 2722 ostenderit;
1018 2654 1114 2711 sed
1154 2666 1208 2711 et
1252 2674 1401 2725 eum,
1442 2662 1689 2733 quicum
1740 2666 1857 2738 lege
1898 2668 2015 2738 ipsa

421 2747 792 2798 consentanee
820 2747 1200 2816 responderat,
1233 2753 1493 2819 prmclare
1527 2755 1735 2812 dixisse
1779 2767 2014 2817 testatus

422 2834 611 2897 fuerit,
653 2834 779 2904 quis
820 2837 925 2891 erit
967 2848 1076 2892 tam
1113 2857 1304 2897 vecors
1343 2858 1405 2898 ac
1440 2847 1712 2916 stupidus,
1750 2850 2014 2907 Marciani

422 2935 484 2980 ut
537 2927 821 2994 inlnereat,
867 2930 962 3000 qui
1020 2930 1130 2987 Deo
1183 2934 1259 2988 illi
1306 2938 1616 3004 maledicat,
1671 2957 1698 2994 a
1745 2960 1855 3014 quo
1904 2963 2014 3003 non

423 3018 589 3073 modo
626 3019 710 3075 lex
768 3020 823 3075 in
864 3022 1136 3088 homines,
1177 3026 1271 3079 sed
1318 3037 1371 3082 et
1398 3028 1675 3101 Evangelii
1714 3045 1798 3090 est
1840 3038 2013 3107 gratia

422 3109 693 3174 derivata,
722 3120 781 3166 ut
807 3127 866 3169 se
890 3114 1130 3171 hominis
1156 3119 1303 3174 illius
1332 3123 1616 3179 erroribus
1647 3126 1886 3192 addicat,
1916 3130 2008 3199 qui
2040 3164 2083 3222 ρ

420 3216 600 3271 neque
629 3218 693 3257 ex
730 3204 867 3273 lege,
912 3222 1091 3277 neque
1133 3225 1199 3263 ex
1242 3208 1448 3279 Spiritu
1482 3225 1672 3270 sancto
1714 3208 1877 3275 ullam
1914 3223 2012 3277 do-

420 3294 612 3348 ctrinm
650 3312 762 3349 sua:
797 3299 1117 3366 particulam
1148 3306 1523 3372 expresserit?

489 3385 653 3456 330
680 3388 865 3444 Schol.
911 3391 1003 3444 24.
1047 3390 1115 3445 Et
1154 3394 1291 3447 dixit
1323 3412 1341 3449 :
1371 3396 1503 3461 Quis
1546 3409 1773 3455 vestrum
1807 3403 2015 3460 habebit

418 3480 674 3543 anticum,
702 3490 750 3534 et
780 3481 876 3534 ibit
902 3482 971 3535 ad
1006 3484 1159 3537 illum
1184 3487 1356 3541 media
1398 3500 1567 3553 nocte,
1592 3495 1868 3560 postulans
1905 3507 2010 3553 tres

414 3574 623 3640 panes?
650 3572 727 3626 Ac
769 3574 1027 3646 deinceps
1055 3594 1067 3630 :
1097 3576 1285 3639 I’etite,
1338 3589 1386 3633 et
1416 3581 1654 3636 dabitur.
1692 3586 1822 3651 Quis
1869 3590 2009 3643 enim

414 3676 484 3716 ea:
516 3660 657 3715 vobis
693 3673 770 3716 est
801 3673 969 3731 pater,
1005 3683 1037 3719 a
1075 3684 1175 3737 quo
1210 3668 1357 3736 ﬁlius
1410 3682 1554 3739 petat
1575 3674 1793 3741 piscem,
1829 3686 1879 3729 et
1914 3694 2009 3746 pro

414 3754 556 3825 pisce
587 3766 877 3823 serpentem
908 3756 1061 3811 dabit
1099 3759 1224 3815 illi?
1257 3772 1348 3814 aut
1371 3779 1467 3831 pro
1506 3781 1599 3818 ovo
1641 3769 2010 3836 scorpionem?

414 3842 481 3900 Si
511 3861 633 3915 ergo
662 3863 751 3900 vos
779 3863 898 3900 cum
927 3849 1046 3904 sitis
1080 3851 1235 3919 mali,
1262 3856 1428 3907 nostis
1455 3853 1589 3909 bona
1620 3858 1769 3925 data,
1809 3871 2006 3930 quanto

414 3939 583 4006 magis
618 3937 779 3992 Pater
798 3940 817 3970 ³
833 3941 856 3979 9

484 4028 669 4083 Refut.
702 4030 791 4084 24.
834 4030 911 4086 Ex
945 4034 1049 4089 hoc
1095 4035 1215 4090 loco
1260 4036 1399 4091 vafri
1450 4038 1690 4096 hominis
1739 4047 2006 4115 supersti-

410 4120 552 4175 tiosa
596 4131 650 4176 et
708 4123 965 4178 allectata
1020 4127 1215 4197 religio
1265 4130 1631 4186 convincitur.
1688 4133 1806 4189 Non
1856 4139 2001 4191 enim

410 4212 627 4281 optimae
671 4215 909 4283 alicujus
962 4219 1233 4273 mercedis
1287 4224 1483 4289 gratia,
1530 4234 1623 4277 aut
1666 4243 1760 4295 spe
1802 4244 2000 4283 consc-

409 4306 642 4374 quendaa
692 4308 1125 4367 immortalitatis
1166 4314 1446 4378 inductus,
1482 4318 1574 4371 sed
1607 4334 1675 4373 ex
1724 4321 2001 4391 impietate

408 4412 472 4453 sc
506 4401 784 4469 pestiferae
818 4404 1095 4472 Opinionis
1128 4405 1365 4461 falsitate
1408 4411 1654 4464 ciborum
1691 4422 2002 4484 temperau-

2118 1925 2479 1995 γέγραπται;
2514 1934 2621 1987 Καὶ
2672 1934 3035 2005 ἁποκριθείς.
3088 1942 3243 1997 Μετὰ
3284 1944 3385 2015 τὴν
3428 1947 3723 2019 ἀπόκρισιν

2118 2018 2214 2071 τοῦ
2264 2021 2489 2091 νομικοῦ
2542 2020 2696 2080 εἶπεν
2717 2043 2733 2058 ο
2782 2028 2989 2097 Ὀρθῶς
3037 2028 3233 2101 εἴπας.
3298 2036 3481 2093 Τοῦτο
3534 2018 3718 2110 ποίει,

2119 2110 2221 2164 καὶ
2255 2110 2429 2184 (tiam.

2192 2202 2409 2275 Ἐλεγχ.
2454 2207 2560 2275 κγ’.
2602 2207 2856 2279 Ἀλήθεια
2881 2212 2956 2265 ὢν
2998 2215 3027 2267 ὁ
3059 2214 3187 2280 Υίὸς
3213 2216 3310 2270 τοῦ
3344 2218 3501 2299 Θεοῦ,
3532 2222 3719 2277 οὐδένα

2117 2290 2323 2347 ἐπλάνα
2346 2296 2454 2349 τῶν
2483 2299 2613 2369 περὶ
2638 2299 2785 2371 ζωῆς
2823 2302 3176 2371 ἐρωτώντων.
3212 2308 3312 2360 Διὰ
3340 2294 3447 2381 γὰρ
3485 2314 3584 2381 τὴν
3609 2314 3719 2366 τῶν

2117 2384 2420 2457 ἀνθρώπων
2466 2389 2610 2463 ζωὴν
2661 2392 2908 2463 ἐλήλυθε.
2961 2398 3117 2467 Ζωῆς
3162 2401 3344 2455 τοίνυν
3389 2403 3715 2476 ἐπιμελομέ-

2116 2494 2207 2530 νου
2246 2478 2433 2545 αὑτοῦ,
2471 2484 2567 2535 καὶ
2611 2484 3026 2552 ὑποδεικνύντος
3062 2490 3155 2545 τὸν
3201 2492 3365 2564 νόμον
3405 2495 3483 2565 τῷ
3511 2495 3715 2564 φυλάτ-

2114 2586 2260 2624 τοντι
2290 2572 2385 2626 καὶ
2428 2577 2713 2647 ποιήσαντι
2767 2579 2913 2652 ζωὴν
2960 2583 3259 2656 ὑπάρχειν,
3315 2587 3409 2640 καὶ
3459 2587 3539 2657 τῷ
3574 2590 3717 2644 κατὰ

2116 2661 2276 2733 νόμον
2328 2664 2680 2735 ἀποκριθέντι
2755 2671 3029 2739 φήσαντος
3090 2674 3265 2745 ὀρθῶς
3326 2675 3711 2747 λελαληκέναι.

2116 2755 2209 2807 καὶ
2254 2755 2441 2822 Οὕτως
2464 2758 2607 2813 ποίει
2646 2762 2739 2815 καὶ
2789 2763 2951 2836 ζήσῃ.
3006 2766 3089 2829 τίς
3121 2766 3294 2831 οὕτως
3347 2770 3714 2841 ἐμϐρόντητος

2117 2846 2182 2899 ἂν
2231 2847 2337 2920 εἴη,
2395 2850 2471 2914 ὡς
2525 2852 2807 2908 πείθεσθαι
2866 2856 2965 2925 μὲν
3013 2858 3091 2929 τῷ
3142 2861 3427 2932 Μαρκίωνι
3473 2863 3715 2935 βλασφηη

2120 2937 2309 3007 μοῧντι
2345 2941 2425 3004 είς
2457 2941 2548 2995 τὸν
2589 2943 2741 3005 Θεὸν,
2790 2945 2881 2997 τὸν
2928 2947 3022 2999 καὶ
3076 2948 3239 3018 νόμον
3288 2951 3382 3003 καὶ
3418 2952 3516 3020 τὴν
3553 2954 3713 3023 χάριν

2116 3028 2209 3082 τοῦ
2244 3030 2579 3099 Εὑαγγελίου
2605 3035 2717 3097 τοῖς
2761 3034 3069 3105 ἀνθρώποις
3106 3041 3525 3109 κεχαρισμένον,
3561 3043 3713 3112 αὑτῷ

2115 3118 2173 3172 δὲ
2206 3123 2616 3192 συναπάγεσθαι
2644 3124 2722 3195 τῷ
2751 3129 2887 3197 μήτε
2914 3130 2979 3181 ἐκ
3009 3130 3195 3199 νόμου.
3228 3132 3363 3202 μήτε
3392 3136 3499 3187 ἀπὸ
3537 3136 3710 3189 Πνεύ-

2124 3230 2291 3284 ματος
2328 3216 2485 3285 ἁγίου
2512 3216 2688 3287 ἔχοντί
2714 3236 2765 3270 τι
2804 3218 2905 3288 τῆς
2937 3218 3317 3287 διδασκαλίας;

2185 3393 2342 3465 Σχόλ.
2391 3393 2487 3447 κδ’.
2530 3394 2640 3447 Καὶ
2693 3395 2855 3448 εἷπε·
2891 3397 2986 3463 Τίς
3034 3397 3103 3463 ἐξ
3151 3398 3318 3468 ὑμῶν
3348 3401 3469 3465 ἕξει
3501 3404 3707 3471 φίλον,

2115 3485 2213 3538 καί
2262 3486 2619 3552 πορεύσεται
2656 3486 2806 3554 πρὸς
2846 3488 3034 3542 αὐτὸν
3059 3494 3487 3559 μεσονυκτίου,
3528 3495 3708 3549 αἰτῶν

2114 3576 2271 3642 τρεῖς
2292 3576 2543 3645 ἅρτους;
2584 3580 2677 3631 καὶ
2719 3580 2933 3633 λοιπόν·
2957 3582 3198 3649 Αἰτεῖτε,
3231 3586 3329 3638 καὶ
3362 3586 3706 3655 δοθήσεται.

2120 3668 2257 3721 Τίνα
2319 3670 2429 3738 γὰρ
2474 3669 2543 3733 ἐξ
2592 3670 2759 3740 ὑμῶν
2824 3673 2930 3725 τὸν
2980 3675 3206 3741 πατέρα
3258 3676 3387 3742 υίὸς
3450 3678 3706 3743 αἰτήσας

2114 3759 2308 3827 ἰχθὺν,
2344 3762 2441 3815 καὶ
2475 3761 2609 3815 ἀντὶ
2659 3763 2866 3831 ἰχθύος
2899 3763 3037 3832 ὅφιν
3062 3765 3342 3819 ἐπιδώσει
3371 3769 3566 3834 aeni);
3602 3772 3701 3823 καί

2110 3853 2245 3906 ἀντὶ
2271 3853 2388 3907 ὼοῦ
2420 3856 2717 3923 σκορπίον
2740 3872 2758 3918 ;
2785 3856 2853 3909 Et
2884 3852 2999 3911 οὖν
3026 3859 3195 3927 ὑμεῖς
3224 3861 3475 3927 πονηροὶ
3504 3862 3703 3916 οἴδατε

2108 3946 2335 4015 δόματα
2366 3946 2580 4016 ἀγαθὰ,
2621 3948 2790 4012 πόσῳ
2821 3948 3065 4018 μᾶλλον
3095 3953 3128 4004 ό
3161 3952 3396 4019 Πατήρ;

2183 4039 2405 4107 Ἕλεγχ.
2443 4037 2539 4091 κδ’.
2582 4038 2933 4109 Ἐλήλεγκται
2965 4042 3021 4094 δὲ
3047 4043 3143 4096 τοῦ
3178 4045 3460 4115 ἀπατηλοῦ
3504 4047 3537 4116 ἡ
3583 4047 3701 4100 EO:-

2106 4128 2436 4201 λοθρησκεία
2470 4131 2568 4200 τῆς
2600 4131 2875 4195 πολιτείας
2908 4132 3015 4186 ἀπὸ
3054 4134 3244 4188 τούτου
3276 4136 3368 4189 τοῦ
3402 4137 3587 4209 ῥητοῦ.
3622 4141 3698 4191 Οὑ

2106 4219 2213 4291 γὰρ
2247 4220 2395 4289 αὑτῷ
2419 4221 2485 4273 δι’
2512 4222 2890 4292 ἐγκράτειανὴ
2924 4224 3188 4288 πολιτεία,
3227 4227 3346 4280 οὑδὲ
3384 4229 3471 4281 διὰ
3508 4231 3698 4298 μισθὸν

2104 4311 2307 4380 ἀγαθὸν
2334 4313 2448 4365 -καὶ
2493 4312 2682 4366 ἐλπίδα
2722 4314 2961 4382 ἀγῶνος·
2997 4316 3133 4371 ἀλλὰ
3182 4318 3270 4372 διὰ
3304 4321 3561 4373 ἀσέϐειαν
3600 4339 3697 4375 xa-

2104 4404 2400 4475 κοτροπίαν
2447 4405 2625 4474 κακῆς
2670 4407 2942 4470 ὑπονοίας.
2984 4408 3235 4462 Διδάσκει
3274 4410 3382 4480 γὰρ
3417 4408 3569 4475 οὗτος
3598 4415 3695 4483 ἐμ-

407 4491 541 4545 tiam
583 4493 857 4549 adhibuit.
912 4497 1185 4553 Auimatis
1232 4500 1379 4553 enim
1424 4504 1570 4556 vesci
1621 4505 1891 4573 prohibet,
1937 4522 1999 4560 ac

2117 4496 2289 4565 buxo»:
2327 4496 2400 4567 μὴ
2444 4496 2901 4567 μεταλαμϐάνειν,
2935 4502 3160 4568 φάσκων
3203 4503 3419 4573 ἐνόχους
3458 4500 3593 4558 εἶναι
3624 4508 3691 4576 τῇ

406 4597 535 4638 reos
564 4598 689 4637 esse
714 4584 928 4652 judicio
961 4595 1116 4656 putat
1154 4589 1279 4643 illos
1310 4592 1403 4659 qui
1452 4607 1648 4647 carnes
1682 4594 1992 4665 degustent,

405 4681 665 4744 tanquam
706 4678 921 4732 animas
955 4680 1263 4735 comedunt.
1297 4682 1452 4749 Quod
1481 4686 1699 4755 quidem
1729 4688 1779 4740 in
1805 4689 1995 4757 primis

403 4772 489 4820 est
518 4766 842 4822 absurdum.
874 4767 1061 4839 Neque
1097 4773 1243 4826 enim
1285 4788 1414 4828 caro
1444 4784 1546 4839 est,
1593 4777 1688 4830 sed
1722 4778 1775 4830 in
1809 4780 1993 4832 carui—

403 4855 509 4911 bus
552 4856 695 4911 inest
746 4859 953 4913 anima.
1002 4859 1190 4929 Neque
1229 4878 1358 4915 vero
1405 4865 1691 4918 brutorum
1754 4868 1992 4920 animam

404 4949 631 5019 perinde
673 4959 837 5019 atque
887 4951 1170 5006 hominum
1220 4956 1515 5024 pretiosam
1565 4973 1689 5013 esse
1731 4959 1991 5021 dicimus,

2104 4589 2281 4660 κρίσει
2324 4590 2447 4651 τοὺς
2494 4588 2603 4642 τῶν
2632 4591 2810 4660 κρεῶν
2842 4593 3275 4665 μεταλήπτορας,
3308 4596 3382 4659 ὡς
3417 4596 3482 4649 ἂν
3513 4598 3693 4667 ψυχὰς

2103 4681 2398 4745 ἐσθίοντας.
2444 4681 2671 4735 Ἥλίθιον
2704 4682 2761 4735 δέ
2795 4684 2909 4737 ἐστι
2950 4684 3011 4736 τὸ
3041 4688 3165 4739 πᾶν.
3204 4688 3278 4740 Ob
3307 4689 3415 4759 γὰρ
3453 4689 3521 4742 τὰ
3554 4691 3693 4760 κρέα

2103 4776 2135 4846 ἡ
2169 4776 2337 4845 ψυχὴ,
2369 4774 2482 4828 ἀλλ’
2516 4777 2572 4827 ὲν
2599 4778 2710 4839 τοῖς
2749 4778 2971 4846 κρέασιν
3014 4781 3046 4849 ἡ
3091 4779 3253 4851 ψυχή.
3294 4782 3402 4833 Καὶ
3434 4781 3556 4834 οὑτε
3583 4784 3690 4852 ψυ-

2102 4869 2204 4938 χήν
2226 4886 2404 4938 φαμεν
2445 4863 2581 4920 εἷναι
2625 4868 2724 4938 τὴν
2769 4870 2825 4920 ὲν
2866 4872 2976 4933 τοῖς
3010 4870 3186 4934 ζώοις,
3216 4872 3290 4935 ὡς
3320 4874 3416 4943 τὴν
3444 4873 3553 4925 τῶν
3589 4876 3691 4925 ἀν-

2100 4960 2333 5031 θρώπων
2380 4961 2587 5031 τιμίαν,
2637 4960 2771 5013 ἀλλὰ
2818 4960 2994 5031 ψυχὴν
3037 4963 3117 5024 εἰς
3158 4963 3217 5015 τὸ
3265 4961 3363 5034 ζῇν
3411 4965 3571 5034 μόνον
3625 4966 3688 5019 τὸ

406 5042 500 5095 sed
540 5042 608 5096 ad
636 5042 803 5096 vitam
841 5042 1110 5099 duntaxat
1158 5047 1488 5105 animalibus
1538 5066 1881 5105 com-essam.
1922 5054 1989 5105 At

2117 5054 2254 5115 ζῶον.
2297 5054 2523 5123 Νομίζει
2572 5053 2627 5106 δὲ
2672 5057 2700 5107 ὁ
2741 5054 2968 5117 ἐλεεινὸς
3017 5048 3168 5117 οὗτος
3211 5056 3327 5125 ἅμα
3377 5060 3488 5120 τοῖς
3544 5056 3687 5111 οὕτω

406 5137 495 5191 ille
522 5137 874 5192 miserrimus
910 5153 1033 5192 cum
1062 5142 1431 5197 sectatoribus
1458 5145 1575 5197 suis
1604 5145 1851 5198 eamdem
1891 5145 1990 5196 ho—

404 5228 611 5281 minum
643 5243 789 5291 esse,
820 5245 942 5299 quae
970 5231 1022 5284 in
1056 5233 1282 5301 reliquis
1314 5234 1688 5291 animantibus
1721 5237 1986 5303 cernitur,

2099 5145 2405 5218 φρονοῦσιν,
2440 5148 2520 5199 ὅτι
2572 5149 2606 5217 ή
2643 5146 2779 5217 αὑτὴ
2813 5146 2958 5217 ψυχὴ
3004 5148 3060 5201 ὲν
3108 5150 3219 5210 τοῖς
3254 5148 3560 5219 ἀνθρώποις
3592 5152 3681 5203 καὶ

2098 5238 2257 5302 ζώοις
2288 5238 2542 5309 ὑπάρχει.
2569 5237 2738 5290 Τοῦτο
2759 5237 2867 5308 γὰρ
2898 5237 3048 5308 παρὰ
3080 5238 3301 5302 πολλαῖς
3329 5240 3437 5295 τῶν
3472 5241 3683 5293 πεπλα-

400 5318 644 5373 animam
681 5321 985 5377 existimat.
1032 5322 1188 5388 Quod
1229 5327 1278 5379 ei
1326 5325 1521 5396 dogma
1552 5329 1830 5397 plerisque
1862 5344 1986 5381 cum

2117 5331 2343 5402 νημένων
2387 5330 2652 5401 αἱρέσεων
2704 5332 2880 5401 μάτην
2920 5330 3382 5402 ὑπολαμϐάνεται.
3426 5334 3538 5387 Καὶ
3573 5334 3682 5405 γὰρ

400 5407 526 5463 aliis
564 5418 652 5465 est
691 5411 998 5468 haeresibus
1028 5431 1338 5470 commune.
1390 5418 1525 5472 Nam
1558 5428 1611 5474 et
1640 5417 1987 5485 Valentinus,

2117 5424 2188 5475 ιαὶ
2217 5423 2564 5485 Οὑαλεντῖνος
2598 5425 2692 5477 καὶ
2722 5422 3084 5495 Κολόρόασος,
3118 5424 3412 5477 Γνωστικοί
3449 5442 3509 5479 τε
3541 5426 3681 5479 πάν-

399 5506 457 5556 et
486 5500 841 5571 Colorbasus,
885 5516 937 5561 et
961 5506 1207 5563 Gnostici
1237 5525 1450 5574 omnes,
1486 5527 1547 5566 ac
1577 5512 1856 5567 Manichml
1881 5525 1988 5567 tra-

2117 5534 2181 5579 ‘s;
2210 5518 2306 5575 καὶ
2328 5517 2619 5588 Μανιχαῖοι
2646 5518 2738 5571 καὶ
2764 5517 3168 5589 μεταγγισμοὺς
3192 5512 3332 5571 εἶναι
3359 5518 3550 5589 ψυχῶν
3576 5521 3681 5588 φά-

411 5592 689 5651 luctiones
714 5600 979 5668 quasdam
1020 5602 1347 5668 animarum,
1386 5612 1547 5671 atque
1579 5606 1631 5659 in
1671 5605 1821 5659 varia
1856 5622 1982 5659 cor-

2117 5624 2299 5675 rxoum,
2356 5608 2449 5662 καὶ
2505 5608 3023 5681 μετενσωματώσεις
3082 5609 3180 5680 τῆς
3222 5608 3403 5681 ψυχῆς
3456 5610 3566 5666 τῶν
3617 5611 3680 5666 ὲν

471 5754 648 5815 ‘Luc.
683 5778 735 5819 ς.
760 5764 849 5815 2t.
929 5766 944 5793 ³
980 5762 1093 5817 Luc
1146 5779 1197 5827 κ,
1226 5762 1316 5825 ‘27,
1348 5764 1442 5821 ‘28.
1520 5767 1536 5795 ‘
1565 5762 1698 5821 lue.
1736 5785 1811 5829 xl.
1846 5770 2016 5833 Ssqo.

2117 5788 2119 5791 ·
2154 5775 2263 5822 Vct.
2293 5768 2621 5834 ὁδοιπορίαν.
