4186 6374
396 308 494 363 ’111

1069 303 1442 364 ADVERSUS
1480 306 1825 368 HEBESES
1858 312 1988 369 LIB.

2115 311 2282 370 TOM.
2325 310 2413 368 111.
2457 340 2526 350 —-
2565 301 2839 363 IIJERES.
2879 301 3038 358 XLII.

3575 305 3682 363 742

395 425 644 497 ἀγνωσία
675 425 1000 498 ἀνθρώπων,
1032 427 1110 490 ώς
1147 428 1300 483 αὐτοί
1329 447 1464 500 φασι
1492 430 1638 485 κατά
1672 447 1797 486 τινα
1825 429 1995 503 μυθο-

2104 442 2233 500 pora
2273 427 2542 484 transitus
2565 441 2691 483 esse
2719 424 3018 488 deﬁniunt;
3059 421 3207 493 quod
3248 420 3316 477 ad
3339 436 3434 478 eos
3458 424 3681 494 qu'dem

393 520 599 573 ποιίανο
621 523 637 551 ²
666 519 870 582 ταύτας
891 520 1055 590 φασὶν
1093 521 1464 594 ἐπιστρέφειν,
1499 523 1594 578 καὶ
1631 539 1990 593 μετενσωμα-

392 611 620 666 τοῦσθαι
653 614 732 677 είς
757 614 988 668 ἕκαστον
1020 613 1128 668 τῶν
1157 613 1333 681 ζώων,
1370 615 1476 681 ἕως
1514 615 1581 671 ἂν
1628 615 1856 688 ἐπιγνῷ,
1891 615 1988 670 καὶ

393 703 540 759 οὕτω
590 705 928 779 καθαρθετσα
985 705 1082 761 καὶ
1131 706 1457 762 ἀναλυθεῖσα
1497 710 1738 780 μεταστῇ
1789 707 1871 771 είς
1919 705 1988 759 τὰ

394 797 718 872 ἐπουράνια.

468 1070 582 1124 Kal
647 1069 864 1142 πρῶτον
925 1067 1026 1141 μὲν
1078 1065 1400 1139 ἐλήλεγκται
1457 1062 1628 1120 αὐτοῦ
1678 1065 1712 1137 ἡ
1762 1065 1990 1137 μάταιος

399 1165 554 1217 πᾶσα
585 1161 679 1216 τοῦ
717 1162 887 1234 μύθου
916 1161 1253 1231 κατασκευή.
1285 1159 1503 1213 Τοῢτων
1545 1159 1654 1232 γὰρ
1695 1158 1793 1230 τὴν
1826 1159 1988 1230 ἀκρί-

393 1257 558 1312 έὸειαν
593 1257 768 1320 οὐδεὶς
800 1255 958 1319 ἄλλος
984 1253 1209 1308 δῦναται
1249 1252 1447 1306 εἰδέναι
1477 1252 1616 1324 ὑπὲρ
1645 1252 1739 1306 τὸν
1785 1252 1991 1324 Κύριον

401 1351 561 1422 ἡμῶν
598 1347 805 1421 Ἰησοῦν
838 1348 1090 1420 Χριστὸν,
1120 1347 1213 1403 τὸν
1255 1346 1476 1403 ἐλθόντα
1507 1346 1596 1400 διὰ
1626 1344 1688 1398 τὺ
1719 1345 1991 1418 πρόϐατον

401 1445 464 1498 τὸ
510 1444 808 1510 ἀπολωλὸς,
858 1444 1104 1498 τουτέστι
1148 1442 1237 1497 διὰ
1272 1442 1373 1506 τὰς
1407 1440 1587 1513 ψυχὰς
1631 1439 1741 1494 τῶν
1779 1437 1982 1511 ὰνθρώυ

394 1553 551 1590 ·πων’
583 1536 642 1600 ὃς
678 1535 787 1590 τῶν
825 1535 1003 1588 αὐτῶν
1047 1533 1472 1606 ἐπιμελούμενος
1506 1531 1842 1603 ἐθεράπευσε
1884 1529 1991 1600 ψυ-

2091 521 2344 585 homines
2382 520 2605 584 attinet,
2645 518 2741 590 qui
2782 518 2836 571 in
2869 516 3212 588 ignoratione
3258 525 3571 571 versantur.
3603 517 3681 573 De

2090 614 2290 688 quibus
2321 612 2511 667 nescio
2559 625 2725 682 quam
2764 607 3007 663 fabulam
3050 607 3348 662 commenti
3393 617 3543 669 sunt,
3595 622 3684 662 re-

2090 708 2210 764 dire
2281 705 2539 760 videlicet
2590 702 2868 765 animam,
2923 715 2988 755 ac
3039 715 3099 757 sc
3140 700 3196 754 in
3246 700 3681 770 unumquodque

2089 799 2451 854 animantium
2485 796 2734 861 induere,
2763 794 2938 849 donec
2965 793 3334 864 cognitionem
3367 794 3560 864 adepta
3587 793 3680 857 sit,

2091 901 2257 962 atque
2301 890 2376 944 ita
2425 897 2687 960 purgata,
2739 887 3122 956 dissolutaque
3174 885 3231 940 in
3268 885 3515 940 coelestia
3563 886 3684 939 loca

2090 983 2438 1054 commigret.

2162 1075 2273 1132 Sed
2303 1077 2354 1129 in
2382 1061 2572 1146 primis
2605 1087 2810 1127 vanum
2844 1070 2979 1126 illud
3022 1070 3297 1126 somnium
3333 1070 3484 1125 nullo
3515 1085 3684 1142 nego-

2091 1167 2171 1222 tio
2209 1165 2580 1220 convincitur.
2625 1163 2842 1220 Etenim
2883 1163 3019 1235 quid
3064 1165 3245 1234 reipsa
3275 1173 3495 1232 geratur
3539 1165 3685 1220 scire

2093 1275 2256 1315 nemo
2287 1259 2484 1314 melius
2518 1266 2720 1330 potest,
2755 1272 2918 1328 quam
2943 1256 3103 1313 Jesus
3127 1256 3384 1312 Christus
3420 1255 3686 1314 Dominus

2095 1360 2304 1416 noster,
2343 1350 2440 1422 qui
2488 1347 2881 1420 recuperandae
2933 1349 3052 1404 ovis
3095 1348 3322 1428 perditae
3363 1348 3538 1420 gratia
3589 1347 3688 1403 de-

2094 1443 2334 1508 scendit,
2369 1443 2476 1497 hoe
2499 1451 2662 1498 estut
2690 1443 2904 1497 animas
2932 1441 3194 1496 liberaret
3213 1439 3521 1504 hominum,
3545 1456 3687 1512 quo-

2095 1552 2220 1593 rum
2259 1535 2482 1591 utilitati
2514 1550 2578 1590 ac
2607 1536 2918 1590 rationibus
2947 1533 3222 1597 serviens,
3249 1541 3361 1587 tam
3393 1533 3504 1588 illis
3542 1546 3686 1604 quas

403 1629 574 1700 χικῶς
599 1627 694 1682 καὶ
725 1626 1072 1698 σωματικῶς,
1106 1626 1353 1698 σώματός
1391 1642 1452 1679 τε
1483 1624 1578 1679 καὶ
1601 1623 1777 1695 ψυχῆς
1803 1621 1996 1675 δεσπό-

2104 1628 2233 1693 dixi,
2266 1641 2434 1696 quam
2477 1625 2806 1701 corporibus
2847 1625 2982 1695 ipsis
3012 1623 3316 1678 remedium
3347 1622 3562 1691 attulit;
3598 1633 3689 1677 ut-

404 1722 533 1786 ξων,
571 1720 668 1774 καὶ
692 1719 794 1790 τῆς
825 1719 1061 1773 ἐνταῦθα
1100 1719 1244 1790 ζωῆς
1265 1716 1598 1790 παρεκτικδς
1631 1715 1736 1779 ὢν,
1772 1716 1866 1770 καὶ
1893 1714 1994 1785 τῆς

2104 1729 2224 1791 pote
2261 1719 2512 1791 corporis
2546 1719 2773 1790 pariter,
2810 1719 3117 1788 animaeque
3154 1717 3433 1782 dominus,
3474 1733 3540 1772 ac
3572 1725 3687 1771 tam

402 1811 706 1883 ’μελλούσης
725 1828 740 1842 ·
771 1808 864 1864 τοῦ
898 1810 994 1881 μὲν
1025 1809 1447 1882 τελευτήσαντος
1481 1810 1524 1874 ',
1558 1808 1701 1880 φημὶ
1726 1807 1782 1861 δὲ
1812 1807 1992 1876 Λάζα-

2104 1815 2386 1886 praesentis
2415 1828 2580 1886 quam
2609 1813 2811 1868 futurae
2835 1813 2960 1866 vitae
2985 1811 3230 1881 largitor.
3263 1809 3364 1865 Hic
3391 1812 3536 1866 enim
3561 1819 3688 1882 post

401 1921 524 1977 ρον,
558 1903 653 1957 καὶ
687 1903 778 1957 τὸν
816 1902 930 1957 υἱὸν
954 1903 1053 1975 τῆς
1094 1904 1292 1974 χήρας,
1319 1903 1414 1957 καὶ
1445 1900 1544 1973 τὴν
1585 1901 1860 1972 θυγατέρα
1901 1899 1994 1952 τοῦ

2104 1908 2348 1978 corporis
2380 1906 2612 1970 obitum,
2647 1904 2940 1967 Lazarum,
2981 1911 3035 1959 et
3067 1904 3246 1959 viduae
3272 1903 3465 1968 lilium,
3495 1918 3560 1958 ac
3595 1919 3688 1974 sy-

405 1993 858 2068 ἀρχισυναγώγου
888 1992 995 2048 ἀπὸ
1031 1994 1241 2066 νεκρῶν
1264 1993 1504 2068 ἐγείρας,
1529 1992 1628 2046 οὐκ
1653 1994 1732 2056 είς
1763 1990 1997 2062 πονηρὸν

2104 2014 2323 2072 nagogae
2354 1998 2621 2070 principis
2645 1997 2812 2052 ﬁliam
2835 1984 3098 2052 excitavit
3129 2011 3162 2051 a
3193 1996 3451 2061 mortuis,
3481 2011 3592 2051 non
3627 2002 3689 2052 ut

405 2090 604 2152 αὐτοὺς
655 2089 838 2160 φέρων
862 2127 877 2151 ,
926 2088 1002 2151 ὡς
1043 2088 1198 2141 αὐτοὶ
1253 2087 1313 2140 τὸ
1357 2087 1518 2158 σῶμα
1559 2085 1804 2156 φυλακὴν
1858 2081 1996 2138 εἶναι

403 2180 846 2253 δογματίζουσιν,
887 2179 1022 2233 ἀλλὰ
1067 2179 1270 2248 ἀγαθὸν
1310 2179 1512 2243 ποιῶν,
1557 2179 1651 2232 καὶ
1692 2176 1995 2244 γινώσκων,

406 2276 489 2329 ὅτι
513 2276 608 2328 καὶ
633 2275 666 2344 ἡ
696 2272 928 2328 ἐνταῦθα
953 2274 1020 2329 ἐν,
1044 2272 1206 2344 σαρκὶ
1238 2273 1526 2344 παραμονὴ
1550 2273 1639 2325 ὑπ’
1668 2271 1832 2325 αὐτοῦ
1867 2270 2000 2342 ὥρια

409 2384 551 2432 σται.
605 2368 700 2421 καὶ
731 2369 765 2437 ἡ
801 2365 1068 2438 μέλλουσα
1108 2365 1309 2436 σαρκὸς
1339 2367 1433 2419 καὶ
1462 2365 1642 2436 ψυχῆς
1679 2365 1994 2427 ἀνάστασις.

402 2461 520 2515 ’Καὶ
578 2462 626 2514 εί
668 2460 832 2514 πάλιν
863 2460 999 2531 ᾔδει,
1040 2459 1120 2513 ὅτι
1165 2458 1264 2531 μία
1303 2457 1448 2529 ψυχή
1486 2461 1633 2510 ἐστιν
1666 2458 1699 2528 ἡ
1746 2459 1804 2511 ἐν
1839 2457 1998 2522 ζώοις

409 2554 503 2608 καὶ
553 2554 612 2606 ἐν
656 2550 988 2623 ἀνθρώποις,
1024 2551 1208 2622 ψυχῆς
1249 2550 1304 2603 δὲ
1348 2545 1478 2622 ἦ).οε
1520 2550 1848 2621 ποιήσασθαι
1899 2550 1999 2621 τὴν

407 2645 720 2717 σωτηρίαν,
765 2645 865 2698 οὐκ
908 2644 1012 2698 ἔδει
1063 2645 1224 2697 αὐτὸν
1267 2644 1361 2699 ἕνα
1391 2642 1765 2715 καθαρίσαντα
1804 2643 1996 2714 δαιμο·

410 2739 636 2803 νιῶντα,
662 2737 806 2807 λέγω
831 2735 895 2809 δὴ
922 2737 1013 2790 τὸν
1042 2736 1147 2789 ἀπὸ
1175 2735 1283 2788 τῶν
1314 2735 1591 2806 μνημείων
1622 2733 1998 2805 ἐξερχόμενον,

411 2831 669 2886 κελεῦσαι
717 2833 831 2894 τοῖς
889 2829 1138 2900 δαίμοσιν
1185 2827 1476 2888 ἀπελθεῖν,
1529 2827 1624 2880 καὶ
1683 2828 2001 2880 ἀποκτεῖναι

411 2925 700 2996 δισχιλίους
725 2924 962 2996 χοίρους,
995 2923 1043 2974 εἰ
1067 2921 1179 2976 ἴσαι
1201 2917 1342 2993 ἦσαν
1373 2921 1427 2973 αἱ
1457 2919 1626 2990 ψυχαὶ
1653 2917 1762 2971 τῶν
1791 2915 2002 2989 ἀνθρώ-

413 3033 534 3071 πων
572 3017 668 3070 καὶ
712 3014 821 3068 τῶν
863 3014 1079 3086 χοίρων.
1126 3012 1250 3076 Πῶς
1283 3010 1393 3084 γὰρ
1441 3013 1568 3082 μιᾶς
1611 3008 2002 3080 ἐπιμελόμενος

413 3109 690 3182 δισχιλίων
714 3108 886 3162 ἐποίει
925 3106 1173 3178 όλεθρον;
1202 3107 1264 3159 Ei
1307 3105 1363 3157 δὲ
1402 3104 1563 3158 πάλιν
1602 3104 1677 3167 ὡς
1716 3103 1837 3172 ὄφις
1877 3119 2002 3154 σκο-

413 3203 582 3258 λιεύει
626 3200 1038 3273 μηχανώμενος,
1079 3200 1174 3253 καὶ
1219 3199 1424 3267 λέγων,
1471 3198 1553 3251 ὅτι
1599 3196 1788 3249 ἔλυσεν
1833 3194 2002 3257 αὐτὰς

414 3295 526 3349 ἀπὸ
551 3293 658 3347 τῶν
683 3293 974 3363 σωμάτων,
1003 3291 1090 3344 ἵνα
1113 3290 1409 3345 ἁνέλθωσιν
1429 3305 1444 3318 ο
1475 3289 1583 3342 ἔδει
1623 3289 1713 3342 τὸν
1758 3286 2008 3358 Λάζαρον

416 3385 649 3440 λυθέντα
691 3385 786 3438 τοῦ
839 3384 1089 3454 σώματος
1141 3384 1215 3456 μὴ
1265 3381 1592 3454 ἐπιστρέψαι
1634 3380 1796 3434 πάλιν
1842 3381 1920 3442 εἰς
1947 3377 2008 3430 τὸ

417 3479 614 3550 σῶμα’
653 3477 854 3549 μᾶλλον
894 3475 952 3530 δὲ
982 3475 1076 3530 καὶ
1120 3474 1284 3530 αὐτὸν
1322 3476 1413 3527 τὸν
1450 3473 1809 3544 δαιμονιῶντα
1847 3469 2008 3523 λῦσαι

414 3573 544 3634 τοὺς
563 3570 794 3642 δεσμοὺς
825 3567 919 3622 τοῦ
945 3567 1196 3637 σώματος
1214 3583 1226 3598 ·
1255 3566 1370 3620 ἀλλ’
1401 3565 1502 3618 οὐκ
1529 3565 1780 3634 ἐποίησεν
1805 3562 2006 3624 οὕτως’

416 3664 666 3735 προενόει
719 3661 775 3715 δὲ
831 3659 1032 3732 μᾶλλον
1083 3657 1224 3712 οὕτω
1274 3657 1366 3712 τοῦ
1424 3655 1674 3728 σώματος
1739 3653 1895 3718 εἰδὼς
1947 3653 2008 3707 τὸ

419 3755 717 3828 συμφέρον.

488 4031 747 4085 Διέπεσεν
788 4032 816 4084 ό
857 4029 987 4102 περὶ
1036 4027 1213 4100 ψυχῆς
1258 4045 1352 4081 σου
1403 4027 1580 4096 λόγος,
1625 4019 1670 4079 ὦ
1716 4025 2004 4098 Μαρκίων,

417 4124 513 4178 καὶ
544 4123 652 4177 τῶν
687 4123 797 4177 ἀπὸ
828 4122 922 4176 σοῦ
967 4123 1064 4175 καὶ
1107 4121 1217 4174 τῶν
1255 4120 1430 4174 ἄλλων
1465 4119 1728 4192 αἱρέσεων
1753 4121 2008 4191 ὁρμωμέ-

415 4234 543 4274 νων.
577 4215 690 4269 Kal.
716 4216 846 4287 περὶ
881 4214 980 4286 τῆς
1014 4213 1388 4286 προσποιητῆς
1425 4229 1518 4265 σου
1549 4211 1822 4275 πολιτείας
1851 4207 2006 4274 αὖθις

417 4309 550 4383 ἐρῶ,
581 4309 670 4364 διὰ
694 4309 756 4363 τὸ
787 4309 964 4377 λέγειν
994 4324 1053 4360 σε
1082 4307 1318 4377 πονηρὸν
1352 4300 1492 4359 εἶναι
1528 4305 1623 4359 καὶ
1650 4303 1909 4375 ἀθέμιτον
1944 4302 2006 4355 τὸ

420 4402 639 4476 σαρκῶν
681 4399 1135 4472 μεταλαμϐάνειν.
1189 4397 1432 4467 Ἑλέγχει
1491 4396 1549 4449 δέ
1610 4413 1670 4448 σε
1724 4398 1752 4450 ὁ
1813 4395 2020 4466 Σωτὴιρ⁵

2101 2093 2157 2147 in
2209 2092 2416 2146 malum
2453 2089 2716 2162 quiddam
2765 2089 2890 2145 i-ll‘os
2941 2088 3129 2144 subire
3165 2089 3556 2158 compelleret:
3589 2103 3689 2142 cu-

2095 2182 2338 2254 jusmodi
2385 2181 2720 2252 ergastulum
2771 2180 2861 2235 isti
2921 2178 3120 2233 animae
3167 2193 3371 2248 corpus
3421 2193 3545 2234 esse
3574 2187 3690 2232 sta-

2099 2281 2280 2337 tuunt,
2327 2273 2423 2330 sed
2469 2274 2672 2327 bonum
2717 2271 2904 2340 utique
2933 2271 3091 2343 331
3120 2270 3364 2334 molitus,
3409 2284 3473 2324 ac
3517 2269 3689 2340 probe

2101 2365 2249 2422 istud
2280 2365 2612 2437 intelligens,
2651 2363 2936 2418 tam-illam
2968 2363 3023 2417 in
3044 2377 3276 2432 corpore
3298 2360 3690 2417 commoratio-

2100 2474 2226 2514 nem
2259 2474 2288 2512 a
2319 2473 2399 2521 se,
2440 2471 2605 2528 quam
2640 2455 2879 2510 futuram
2905 2455 3091 2510 carnis
3111 2462 3166 2508 et
3207 2453 3404 2508 animae
3441 2469 3690 2510 resurre-

2101 2553 2338 2606 ctionem
2366 2565 2494 2606 esse
2533 2547 2836 2605 deﬁnitam.
2873 2549 2950 2602 Ac
2985 2547 3031 2602 si
3065 2547 3404 2616 reliquorum
3436 2548 3690 2602 animan-

2103 2645 2238 2699 tium
2287 2643 2535 2698 eamdem
2587 2651 2751 2712 atque
2796 2639 3082 2694 hominum
3138 2654 3262 2694 esse
3298 2646 3518 2709 putaret
3571 2640 3692 2694 ani-

2101 2753 2270 2801 mam,
2297 2753 2422 2791 cum
2452 2736 2650 2790 animae
2675 2733 2958 2790 servandas
2987 2749 3155 2790 causa
3185 2735 3445 2801 venisset,
3479 2747 3692 2802 nequa-

2102 2846 2266 2903 quam
2317 2830 2607 2901 oportebat
2648 2828 2934 2899 arreptitio
2980 2844 3093 2884 uno
3129 2835 3462 2898 persanato,
3511 2826 3604 2895 qui
3661 2840 3692 2880 θ

2104 2924 2474 2979 monumentis
2503 2922 2708 2989 exibat,
2738 2922 2889 2978 abire
2927 2923 3202 2978 daemones
3227 2921 3444 2992 jubere,
3471 2934 3536 2973 ac
3563 2934 3665 2990 por

2105 3031 2296 3070 corum
2327 3015 2500 3069 millia
2528 3014 2637 3070 duo
2664 3015 2956 3086 perimere,
2993 3016 3040 3071 si
3069 3015 3124 3069 in
3161 3015 3344 3086 porcis
3372 3022 3427 3069 et
3455 3013 3692 3067 homini-

2105 3108 2210 3162 bus
2248 3107 2447 3162 eaedem
2482 3106 2678 3160 animae
2721 3106 3022 3161 resideant.
3065 3105 3179 3161 Cur
3217 3105 3366 3162 enim
3404 3105 3570 3159 unius
3602 3119 3692 3158 cu-

2109 3213 2225 3252 ram
2256 3213 2382 3252 cum
2413 3198 2650 3252 duorum
2691 3197 2922 3253 millium
2952 3199 3328 3254 commutabat
3365 3197 3576 3254 exitio?
3608 3199 3692 3251 Ad

2109 3293 2226 3347 hate
2255 3292 2302 3346 si
2334 3293 2606 3363 serpentis
2639 3295 2818 3348 instar
2840 3291 3081 3362 obliquis
3123 3291 3354 3347 ﬂexibus
3388 3289 3585 3346 callide
3618 3291 3682 3344 ir-

2110 3394 2284 3456 repat,
2320 3400 2385 3440 ac
2410 3385 2582 3451 dicat,
2618 3387 2742 3441 ideo
2766 3401 2796 3440 a
2828 3385 3078 3456 corporis
3113 3385 3236 3441 illas
3271 3385 3507 3440 vinculis
3533 3400 3680 3440 exso.

2110 3476 2280 3541 lutas,
2324 3493 2545 3533 sursum
2571 3487 2631 3533 ut
2667 3479 2886 3534 evolare
2913 3484 3171 3549 possent;
3213 3477 3378 3532 etiam
3423 3475 3693 3534 Lazarum

2109 3585 2210 3640 par
2230 3581 2348 3628 erat
2377 3585 2606 3642 corpore
2629 3571 2893 3636 solutum,
2922 3569 2990 3624 ad
3014 3585 3217 3640 corpus
3247 3570 3446 3624 iterum
3470 3568 3694 3623 minime

2110 3661 2333 3724 reverti,
2373 3661 2620 3731 adeoque
2660 3662 2812 3716 illum
2843 3663 3020 3731 ipsum
3057 3677 3221 3732 quem
3271 3661 3512 3716 diximus
3543 3673 3698 3713 arre-

2110 3755 2330 3824 ptitium
2377 3755 2629 3824 corporis
2679 3754 2918 3809 vinculis
2959 3754 3419 3823 eximerezquod
3472 3751 3694 3822 quidem

2113 3844 2292 3900 facere
2320 3845 2518 3910 noluit,
2563 3845 2659 3901 sed
2700 3846 2916 3914 corpori
2950 3831 3131 3914 potius
3174 3846 3280 3900 hoc
3315 3845 3478 3900 modo
3513 3844 3696 3914 provi-

2110 3937 2210 3998 dit,
2245 3935 2390 3990 haud
2430 3935 2654 4007 ignarus
2687 3937 2816 4006 quid
2854 3937 3202 4006 potissimum
3227 3941 3529 4008 expediret.

2181 4028 2550 4096 Quamobrem
2575 4029 2687 4082 ruit
2707 4030 2794 4082 illa
2819 4037 2931 4093 tua,
2957 4028 3182 4093 Marem,
3198 4045 3548 4103 tuorumque,
3567 4049 3696 4091 nec-

2112 4139 2221 4179 non
2260 4133 2314 4179 et
2349 4132 2672 4178 caeterorum
2720 4122 2788 4178 de
2839 4122 3024 4176 anima
3072 4124 3456 4179 haereticorum
3491 4129 3698 4198 opinio.

2112 4217 2186 4272 De
2212 4218 2470 4273 simulata
2503 4232 2635 4271 vero
2658 4216 2750 4269 illa
2772 4222 2868 4268 tua
2890 4216 3016 4270 vitae
3047 4217 3360 4287 integritate
3385 4234 3533 4275 nunc
3562 4235 3698 4290 pau-

2111 4313 2192 4366 cis
2231 4311 2504 4382 agendum
2538 4319 2659 4376 est;
2698 4310 2876 4380 deque
2899 4324 2964 4363 eo
2993 4310 3139 4379 quod
3180 4311 3506 4367 sceleratum
3537 4324 3697 4384 atque

2109 4401 2500 4457 exsecrabilem
2556 4415 2716 4456 usum
2768 4400 3016 4455 carnium
3067 4417 3190 4457 esse
3237 4406 3548 4461 contendis.
3593 4406 3697 4463 Sed

419 4495 581 4550 πλέον
636 4511 730 4548 σου
781 4493 1164 4563 ἐπιστάμενος,
1216 4491 1312 4544 καὶ
1362 4487 1625 4543 διδάσκων
1676 4488 1740 4542 τὸ
1789 4487 2000 4542 κάλλιον

2111 4494 2370 4548 nimirum
2432 4502 2487 4549 te
2532 4492 2784 4549 Salvator
2831 4493 2948 4562 ipse
3002 4494 3364 4561 condemnat,
3425 4499 3520 4567 qui
3573 4513 3697 4554 cum

418 4587 528 4642 ἀπὸ
569 4587 662 4640 τοῦ
701 4584 942 4639 τοιούτου
988 4583 1174 4656 ῥητοῦ.
1222 4583 1386 4652 Λέγει
1431 4581 1567 4653 γάρ·
1618 4582 1758 4634 Τίνα
1798 4582 1831 4634 ό
1874 4579 2006 4646 υίὸς

418 4678 639 4748 αἰτήσῃ
671 4675 996 4747 ὶχθύν;μὴ
1043 4675 1182 4745 ὄφιν
1229 4674 1505 4729 ἐπιδώσει
1555 4672 1751 4738 αὐτ-ᾡς
1792 4671 1831 4741 ἢ
1871 4671 2006 4727 ἀντὶ

417 4771 535 4825 ὠοῦ
567 4772 903 4838 σκορπίον;
931 4771 1041 4824 Καὶ
1069 4767 1294 4841 ὕστερόν
1328 4783 1490 4840 φησιν
1516 4782 1529 4796 ·
1565 4769 1634 4820 Ei
1671 4761 1785 4820 οὖν
1813 4763 2002 4833 ὑμεῖς,

417 4863 669 4931 πονηροὶ
700 4861 890 4928 ὄντες,
922 4861 1121 4915 οἵδατε
1155 4861 1380 4930 δόματα
1405 4858 1596 4930 ἀγαθὰ
1623 4856 1855 4911 διδόναι
1882 4855 2006 4923 τοῖς

417 4955 652 5021 τέκνοις
699 4955 892 5026 ὑμῶν,
946 4956 1118 5019 πόσῳ
1158 4954 1402 5024 μᾶλλον
1449 4955 1482 5006 ό
1533 4950 1738 5020 Πατὴρ
1775 4948 1943 5020 ὑμῶν
1973 4952 2006 5002 ό

416 5047 775 5116 ἐπουράνιος
798 5063 816 5112 ;
844 5048 907 5100 El
931 5047 1112 5101 τοίνυν
1136 5046 1345 5116 δόματα
1365 5045 1542 5114 ἀγαθὰ
1567 5042 1831 5114 κέκληκεν
1851 5042 2004 5114 ἰχθὺν

417 5141 513 5196 καὶ
553 5141 678 5206 ὠὸν,
719 5141 780 5194 οὐ
819 5139 1054 5211 πονηρὸν
1102 5139 1161 5192 τὸ
1204 5139 1318 5209 μετ’
1356 5137 1700 5209 εὐχαριστίας
1761 5138 1826 5190 ἐκ
1867 5133 2005 5189 Θεοῦ

418 5230 676 5304 χαρισθὲν
729 5229 1298 5300 μεταλαμϐανόμενον,
1334 5227 1426 5280 καὶ
1470 5226 1794 5298 ἐλήλεγκταί
1837 5244 1930 5280 σου
1970 5227 2004 5298 ἡ

418 5323 757 5396 κακοτροπία
783 5323 1136 5395 πανταχόθεν.

493 5505 646 5576 Σχόλ.
687 5512 783 5558 κε’.
824 5504 1250 5576 Παρακέκοπται
1284 5504 1346 5557 τὸ
1393 5503 1522 5575 περὶ
1564 5505 1718 5558 Ἰωνᾶ
1754 5503 1847 5557 τοῦ
1874 5520 2007 5576 προ·-

417 5601 616 5674 φήτου.
663 5593 795 5668 Ε’ίχε
839 5597 980 5669 γάρ·
1020 5598 1088 5652 Ἦ
1137 5596 1315 5668 γενεὰ
1364 5596 1517 5666 αὕτη
1561 5593 1816 5665 σημεῖον
1849 5595 1892 5658 ⁸,
1933 5596 2005 5649 οὐ

2113 4586 2342 4642 scientia
2376 4586 2536 4656 longe
2566 4586 2862 4651 antecellit,
2900 4595 3013 4641 tum
3039 4587 3169 4658 quid
3203 4589 3402 4645 melius
3428 4600 3574 4646 esset
3598 4591 3697 4646 hac

2114 4678 2383 4733 sententia
2414 4677 2732 4747 complexus
2770 4683 2854 4732 est
2888 4696 2900 4732 :
2931 4677 3191 4742 Quisnam
3215 4688 3316 4741 est,
3363 4696 3396 4733 a
3422 4696 3524 4749 quo
3555 4680 3698 4749 ﬁlius

2111 4779 2254 4842 petat
2275 4771 2508 4841 piscem;
2547 4786 2673 4824 num
2704 4780 2996 4840 serpentem
3031 4770 3180 4824 dabit
3228 4771 3310 4824 illi
3343 4781 3436 4825 aut
3476 4788 3570 4841 pro
3608 4790 3699 4828 ova

2114 4864 2482 4932 scorpionem?
2513 4861 2725 4929 Quibus
2750 4863 2855 4918 ista
2887 4863 3120 4932 subjecit
3153 4876 3170 4916 :
3200 4861 3259 4918 Si
3292 4879 3412 4934 ergo
3460 4881 3546 4919 vos
3581 4882 3701 4919 cum

2113 4959 2232 5012 sitis
2268 4957 2399 5010 mali
2421 4956 2585 5010 nostis
2617 4954 2756 5010 bona
2783 4954 2913 5010 data
2943 4955 3074 5010 dare
3100 4955 3230 5026 ﬁliis
3263 4958 3472 5023 vestris,
3505 4967 3700 5028 quanto

2115 5051 2284 5122 magis
2321 5049 2484 5104 Pater
2517 5059 2686 5104 vester
2735 5049 3001 5106 caelestis?
3027 5049 3195 5120 Igitur
3232 5063 3358 5104 cum
3399 5047 3529 5103 data
3561 5050 3699 5104 bona

2113 5143 2322 5213 piscem
2347 5156 2622 5212 ovumque
2647 5140 2915 5206 nominet,
2944 5141 3145 5195 malum
3168 5156 3275 5196 non
3300 5147 3385 5196 est
3412 5140 3568 5202 illud,
3592 5159 3699 5211 qun

2113 5235 2335 5291 coalitus
2379 5247 2646 5289 concesso
2683 5248 2809 5288 cum
2857 5234 3159 5304 gratiarum
3205 5235 3421 5288 actione
3464 5234 3702 5300 perfrui-

2115 5343 2274 5388 mur;
2305 5326 2552 5397 adeoque
2582 5333 2675 5380 tua
2696 5341 2765 5382 ex
2793 5325 2944 5380 omni
2969 5333 3124 5396 parte
3150 5324 3304 5382 fraus
3336 5325 3703 5396 impietasque

2113 5411 2402 5483 detegitur.

2187 5504 2371 5560 Schol.
2416 5505 2510 5561 25.
2551 5504 2866 5562 Detractum
2912 5506 3045 5564 illud
3098 5515 3236 5576 erat,
3272 5507 3418 5578 quod
3463 5505 3531 5560 ad
3573 5519 3700 5576 pro—

2112 5597 2332 5667 phetam
2377 5595 2571 5652 Jonam
2603 5601 2858 5668 pertinet.
2899 5599 2992 5658 Sic
3034 5602 3180 5658 enim
3234 5601 3505 5658 habebat:
3535 5595 3701 5655 Gene-

491 5784 659 5844 ‘For.
697 5784 811 5841 καί.
888 5788 908 5819 ¹
936 5783 1056 5840 For.
1102 5783 1221 5847 τοὺς
1274 5781 1372 5852 μὲν
1403 5781 1854 5853 τελευτήσαντας.
1934 5779 2000 5833 Ἀ

2104 5793 2132 5834 e
2151 5779 2312 5846 αἰτεῖ,
2344 5777 2439 5832 καὶ
2475 5781 2721 5850 σημεῖον.
