4186 6374
451 281 552 334 ἨΞ

1904 277 1959 330 S.
1998 275 2337 329 I‘Jl’lPllAMl

3647 271 3762 324 ’ΖΜ

449 399 589 450 ratio
626 397 758 459 Itwc,
809 397 1019 467 signant
1068 413 1170 450 non
1199 395 1418 449 dabitur
1447 395 1554 453 ei‘.
1588 394 2051 451 Desiderahantur

2161 393 2476 462 δοθήσεται
2535 389 2708 457 αὐτῇ.
2761 388 2873 443 Οὐκ
2914 381 3027 458 εἶχε
3061 387 3118 441 δὲ
3160 385 3287 458 περὶ
3325 385 3643 458 βασιλίσσης
3665 388 3760 442 νό-

447 496 504 542 et
529 487 640 552 illa,
675 487 878 558 quibus
907 489 975 542 de
1009 488 1202 543 Ninive
1225 499 1278 543 et
1316 489 1610 543 Salomone
1641 489 1698 543 ﬁt
1730 489 1956 543 mentio.

524 575 706 632 ltefut.
743 579 830 631 25.
876 577 986 632 Nec
1021 579 1074 632 in
1127 579 1233 634 illis
1265 579 1486 648 quidem
1539 579 1676 633 locis
1728 593 1851 648 qua:
1887 576 2050 630 muti-

455 663 618 716 lanvio
652 665 984 734 corrumpis,
1018 664 1251 726 Marcio,
1284 665 1391 718 vim
1432 672 1589 734 potes
1630 665 1879 719 veritatis
1921 663 2054 718 eil‘u-

451 772 599 825 gt't‘O.
633 755 878 810 Tametsi
929 757 1076 811 enim
1113 765 1287 811 totum
1338 757 1469 811 illud
1508 757 1576 811 de
1602 755 1738 811 Jona
1785 757 2051 827 propheta

455 846 769 908 subtrahas,
798 862 908 917 quo
951 845 1253 902 Salvatoris
1300 846 1701 901 administratio
1735 849 1822 901 illa
1871 849 2052 903 omnis

451 940 817 1006 exprimitur;
859 938 1078 994 auferas
1109 941 1272 993 etiam
1305 954 1369 994 ea
1409 955 1531 1010 qua:
1575 927 1640 994 a‘d
1678 940 1863 993 Austri
1907 942 2052 1011 regi-

455 1046 584 1084 nam
626 1046 688 1085 ac
727 1029 1073 1086 Salomonem
1103 1039 1374 1100 spectant,
1411 1047 1518 1085 una
1551 1048 1675 1086 cum
1707 1033 1930 1087 salutari
1962 1034 2052 1086 illa

457 1124 685 1180 Ninives
718 1125 1019 1189 mentione,
1047 1139 1111 1178 ac
1145 1122 1298 1178 Jonte
1331 1124 1746 1194 prwdicatione,
1784 1127 2055 1180 nihilomi-

459 1235 564 1272 nus
597 1219 677 1272 vel
718 1218 829 1281 illa,
877 1232 1041 1284 quam
1078 1218 1364 1288 proposui,
1392 1217 1610 1287 jugulat
1655 1226 1709 1272 te
1753 1217 2054 1274 Salvatoris

455 1311 618 1381 332
643 1311 840 1364 oratio.
880 1311 972 1365 Sic
1005 1311 1150 1365 enim
1196 1311 1440 1380 loquitur
1467 1331 1478 1364 :
1508 1307 1791 1364 Ceneratio
1835 1311 1946 1364 Ιιαέ
1979 1313 2056 1365 si-

457 1420 619 1473 gnum
654 1405 882 1475 quaerit;
915 1414 966 1458 et
1005 1406 1211 1475 signum
1247 1422 1349 1458 non
1380 1405 1598 1458 dabitur
1622 1406 1689 1460 ei.
1734 1405 1943 1472 Quibus
1971 1407 2056 1460 itt-

453 1497 605 1548 d-icat
633 1495 1016 1565 generationes
1047 1494 1188 1556 illas,
1213 1510 1333 1564 qua:
1368 1495 1509 1549 hanc
1550 1502 1985 1561 antecesserant,
2023 1511 2051 1548 a

461 1586 572 1641 Deo
603 1588 850 1658 prodigia
896 1587 1116 1641 cmlitus
1160 1603 1282 1641 esse
1335 1595 1688 1642 consecutas.
1730 1587 2054 1658 Cujusmodi

457 1681 765 1752 praestitum
789 1689 877 1735 est
909 1681 978 1732 ab
1016 1679 1156 1743 Elia,
1189 1695 1315 1733 cum
1353 1681 1496 1748 ignis
1522 1696 1552 1735 e
1577 1681 1719 1735 cmlo
1757 1681 1946 1750 lapsus
1975 1695 2056 1734 sa-

2153 502 2248 538 του
2279 486 2372 538 καὶ
2405 483 2750 554 Σαλομῶνος.

2242 577 2461 647 Ἔλεγχ.
2495 584 2592 630 κε’.
2623 575 2734 630 Καὶ
2761 577 2818 630 ἐν
2835 576 3016 639 αὐτοῖς
3046 571 3127 640 οἷς
3147 576 3324 638 δοκεῖς
3355 572 3762 645 παρακόπτειν,

2154 669 2215 722 οὐ
2249 668 2494 732 δύνασαι,
2537 662 2582 722 ὦ
2615 668 2901 738 Μαρκίων,
2932 667 3116 721 λαθεῖν
3159 668 3259 736 τὴν
3307 667 3587 737 ἀλήθειαν.
3633 664 3763 716 Κᾶν

2156 757 2362 828 ἀφέλῃς
2389 757 2498 826 γὰρ
2535 759 2661 828 περὶ
2703 759 2856 810 Ἰωνᾶ
2889 757 2983 810 τοῦ
3029 759 3308 828 προφήτου
3343 757 3372 810 ὃ
3404 757 3500 828 τὴν
3544 758 3757 809 οἰκονο-

2159 846 2289 916 μίαν
2317 845 2573 917 σημαίνει
2617 845 2712 899 τοῦ
2750 847 3025 918 Σωτῆρος,
3073 847 3280 920 ἀφέλῃς
3313 847 3371 900 δὲ
3406 847 3502 900 καὶ⁵
3536 846 3597 898 τὸ
3626 846 3762 913 περὶ

2155 939 2253 1009 τῆς
2294 938 2612 1011 βασιλίσσης
2661 938 2754 992 τοῦ
2805 940 2958 992 νότου
3000 940 3094 992 καὶ
3137 938 3480 1010 Σαλομῶνος,
3527 937 3761 1003 καὶτῆς

2156 1029 2344 1082 Νινευῒ
2390 1030 2489 1100 τὴν
2529 1029 2844 1102 σωτηριώδη
2899 1031 3192 1095 ὑπόθεσιν,
3238 1031 3333 1086 καὶ
3372 1031 3466 1084 τοῦ
3502 1032 3657 1084 Ἰωνᾶ
3693 1029 3761 1082 τὸ

2157 1121 2444 1191 κήρυγμα,
2479 1123 2641 1188 αὐτὸς
2679 1125 2707 1176 ὀ
2749 1124 3105 1195 προκείμενος
3152 1123 3308 1192 λόγος
3357 1123 3452 1178 τοῦ
3499 1124 3760 1194 Σωτῆρος

2157 1212 2388 1284 ἐλέγχει.
2425 1215 2588 1284 Λέγει
2619 1215 2726 1285 γάρ
2748 1233 2759 1246 ’
2811 1216 2874 1269 Ἠ
2909 1216 3084 1286 γενεὰ
3117 1217 3269 1284 αὕτη
3298 1215 3552 1286 σημεῖον
3582 1215 3753 1280 αἰτεῖς

2157 1307 2256 1359 καὶ
2285 1307 2539 1376 σημεῖον
2566 1311 2638 1362 οὺ
2675 1309 2994 1376 δοθήσεται
3025 1309 3201 1379 αὐτῇ.
3247 1312 3333 1374 Ὠς
3375 1311 3483 1363 τῶν
3518 1310 3626 1381 πρὸ
3655 1311 3758 1362 αὺ-

2157 1396 2257 1466 τῆς
2289 1397 2391 1467 τῆς
2423 1401 2616 1467 γενεᾶς
2652 1399 3092 1465 καταξιωθεισῶν
3143 1402 3384 1472 σημείων
3420 1402 3574 1473 παρὰ
3617 1401 3753 1454 Θεοῦ

2157 1490 2252 1543 ἀπ’
2285 1491 2538 1563 οὐρανοῦ.
2584 1493 2665 1557 Ὠς
2710 1496 2738 1548 ό
2801 1495 2904 1566 μὲν
2940 1496 3124 1560 Ἠλίας
3173 1499 3398 1568 σημεῖον
3448 1497 3622 1550 ἐποίει
3664 1496 3754 1549 διά

2156 1581 2251 1635 τοῦ
2282 1585 2376 1638 ἀπ’
2408 1585 2636 1657 οὐρανοῦ
2694 1588 2865 1660 πυρὸς
2907 1589 3373 1660 καταϐεϐηκότος,
3422 1590 3518 1644 καὶ
3561 1590 3753 1642 λαῦόν-

2158 1691 2248 1737 τος
2277 1675 2373 1748 τὴν
2403 1675 2595 1731 θυσίαν
2616 1695 2628 1708 ’
2671 1681 2764 1732 καὶ
2803 1681 3046 1751 Μωῦσῆς
3077 1681 3266 1752 τέμνει
3304 1682 3404 1755 τὴν
3452 1682 3749 1747 Θάλασσαν,

456 1773 666 1827 criticia
717 1775 1066 1844 consumpsit
1091 1775 1132 1827 '.
1171 1771 1388 1843 Moyses
1421 1788 1552 1827 vero
1595 1789 1748 1828 mare
1778 1773 2054 1841 dividit';

2161 1769 2255 1821 καὶ
2281 1769 2382 1840 τὴν
2413 1769 2620 1842 πέτραν
2645 1771 2853 1838 νύσσει,
2880 1775 2972 1826 καὶ
3003 1775 3224 1845 προχέει
3259 1774 3423 1848 ὕδωρ.
3455 1776 3552 1830 καὶ
3579 1778 3754 1846 μάννα

459 1882 724 1938 percusso
764 1867 929 1922 silice
946 1883 1117 1937 aquas
1145 1868 1293 1921 elicit
1316 1867 1372 1934 ‘;
1405 1876 1570 1939 atque
1614 1883 1645 1923 e
1679 1867 1821 1923 coelo
1855 1883 2056 1922 manna

458 1959 699 2014 demittit
722 1959 764 2013 '.
791 1957 951 2014 Jcsus
980 1958 1127 2014 Nave
1160 1960 1303 2013 ﬁlius
1335 1961 1503 2014 solem
1536 1959 1684 2014 sistit
1716 1975 1779 2014 ac
1807 1961 1990 2013 lunam
2013 1961 2055 2015 ⁸.

461 2051 619 2107 Unde
655 2047 1010 2123 quantumvis
1043 2068 1164 2122 qua:
1195 2054 1398 2123 scripta
1431 2060 1560 2107 sunt
1601 2054 1868 2122 impostor
1893 2054 2058 2108 dissi-

463 2148 656 2213 mulet,
706 2147 841 2201 nihil
875 2147 1092 2201 veritati
1129 2163 1328 2202 nocere
1375 2147 1613 2218 poterit:
1647 2148 1744 2202 sed
1791 2147 1861 2202 ab
1897 2163 1959 2201 ea
1998 2162 2058 2202 se

461 2240 636 2308 magis
668 2238 946 2293 alienabit.

534 2329 724 2384 Schol.
756 2330 847 2383 26.
892 2328 1000 2383 Pro
1025 2345 1090 2384 eo
1123 2328 1271 2398 quod
1308 2337 1428 2393 est,
1463 2329 1762 2384 Pra’teritis
1794 2329 1889 2382 Dei
1911 2328 2059 2400 judi-

461 2423 622 2484 cium,
683 2421 1069 2489 rescripserat,
1129 2418 1424 2473 Prwteritis
1471 2418 1565 2472 Dei
1603 2421 1982 2473 vocationem”.

532 2514 718 2570 “eiut.
747 2514 837 2568 26.
881 2513 1020 2579 Quid
1046 2522 1130 2566 est
1164 2513 1309 2582 quod
1344 2511 1411 2565 ad
1451 2525 1504 2567 te
1548 2513 1905 2567 refellendum
1947 2529 2056 2568 non

464 2605 681 2658 valeat?
720 2613 815 2658 aut
852 2603 995 2658 unde
1051 2620 1162 2658 non
1209 2603 1416 2658 arcessi
1467 2609 1658 2656 contra
1708 2614 1761 2658 te
1806 2605 2054 2659 testimo-

464 2695 615 2748 nium
661 2695 864 2764 queat?
897 2693 1079 2747 Prima
1130 2694 1275 2748 enim
1317 2709 1441 2748 cum
1488 2693 1886 2763 posterioribus
1925 2709 2058 2748 con-

465 2790 711 2845 sentiunt
743 2810 753 2843 :
787 2798 846 2843 ut
879 2790 1147 2842 Scelerata
1179 2789 1268 2843 illa
1294 2799 1386 2843 tua
1417 2790 1781 2844 convincatur
1803 2789 2054 2843 audacia.

464 2879 600 2933 Cum
646 2882 792 2934 enim
842 2880 1020 2934 dicit:
1057 2880 1265 2934 Tenetis
1311 2881 1628 2934 traditiones
1674 2882 1963 2945 seniorum,
2006 2891 2055 2934 et

460 2975 748 3041 prwteritis
777 2973 1197 3026 misericordiam
1220 2982 1269 3027 et
1289 2973 1558 3040 judicium
1599 2973 1731 3036 Dei;
1755 2972 1929 3036 disce,
1967 2987 2058 3026 so-

464 3062 588 3119 des.
633 3079 695 3117 ex
720 3080 828 3133 quo
846 3072 1091 3132 tempore
1119 3065 1234 3119 hac
1276 3067 1400 3119 illos
1430 3065 1791 3119 observantes
1822 3071 2054 3134 arguat;

2158 1858 2253 1911 ἀπ’
2282 1860 2514 1932 οὐρανοῦ
2557 1862 2746 1935 φέρειο
2795 1865 2891 1918 καὶ
2927 1866 3135 1937 Ἰησοῦς
3170 1867 3200 1918 ὁ
3251 1867 3340 1920 τοῦ
3382 1869 3538 1939 Ναυῆ
3574 1869 3755 1940 ἵστησι

2157 1950 2249 2003 τὸν
2281 1952 2455 2021 ἥλιον,
2485 1955 2580 2008 καὶ
2607 1955 2706 2027 τὴν
2736 1956 2984 2028 σελήνην.
3019 1958 3130 2011 Καὶ
3165 1959 3308 2014 κατὰ
3345 1962 3526 2015 πάντα
3553 1963 3756 2034 τρόπον

2159 2042 2263 2095 κᾶν
2287 2044 2470 2118 κρύψῃ
2489 2045 2558 2099 τά
2578 2049 2941 2120 γεγραμμένα
2969 2049 3246 2116 ἀπατεὼν,
3269 2053 3420 2106 οὐδὲν
3445 2053 3634 2124 βλάψει
3657 2056 3757 2127 τὴν

2159 2135 2438 2207 ἀλήθειαν,
2463 2138 2577 2192 ἀλλ’
2601 2140 2792 2194 ἑαυτὸν
2820 2141 3172 2215 ἀπαλλοτριοῖ
3192 2143 3293 2214 τῆς
3323 2143 3598 2215 ἀληθείας.

2229 2316 2385 2386 Σχόλ.
2419 2324 2531 2383 κς·’.
2565 2320 2710 2374 ’Λντὶ
2740 2321 2856 2384 τοῦ,
2883 2323 3261 2393 Παρέρχεσθε
3284 2324 3400 2394 τὴν
3423 2328 3628 2395 κρίσιν
3647 2323 3759 2382 τοῦ

2161 2409 2330 2470 Θεοῦ,
2360 2439 2430 2447 -
2459 2411 2836 2478 Παρέρχεσθε
2869 2413 2984 2482 τὴν
3017 2415 3246 2480 κλῆσιν
3270 2417 3377 2471 τοῦ
3403 2419 3570 2472 Θεοῦ.

2237 2500 2457 2571 Ἐλεγχ.
2499 2509 2610 2566 κςν.
2647 2503 2818 2558 Πόθεν
2849 2507 2950 2560 οὐκ
2985 2508 3214 2580 ἐλέγχῃ;
3259 2509 3422 2563 πόθεν
3443 2505 3500 2563 δὲ
3542 2511 3584 2542 ¹⁶
3614 2511 3755 2565 κατὰ

2161 2590 2254 2644 σοῦ
2273 2593 2510 2664 συναχθῇ
2537 2596 2568 2665 ἡ
2597 2598 2906 2667 μαρτυρίας
2931 2599 3012 2652 Τά
3043 2600 3236 2672 πρῶτα
3266 2602 3374 2675 γὰρ
3403 2603 3616 2675 συνᾴδει
3644 2608 3759 2667 τοῖς

2161 2684 2476 2753 μετέπειτα,
2524 2685 2892 2761 ὲλεγχομένης
2935 2691 3035 2761 τῆς
3064 2696 3216 2765 παρά
3251 2695 3344 2749 σοῦ
3385 2695 3754 2767 ῥᾳδιουργίας.

2172 2779 2294 2832 Ἐὰν
2347 2780 2454 2850 γὰρ
2500 2780 2650 2853 εἴπῃ,
2707 2783 3001 2852 Κατέχετε
3055 2792 3164 2852 τὰς
3216 2788 3582 2856 παραδόσεις
3638 2790 3759 2844 τῶν

2158 2873 2576 2942 πρεσϐυτέρων
2627 2874 2814 2944 ὑμῶν,
2863 2878 2964 2931 καί
3004 2879 3378 2948 παρέρχεσθε
3429 2881 3496 2934 τὸ
3560 2883 3756 2948 ἕλεος,

2158 2962 2258 3015 καὶ
2296 2962 2410 3030 τὴν
2456 2966 2662 3032 κρίσιν
2707 2967 2813 3021 τοῦ
2862 2969 3045 3022 Θεοῦ’
3091 2971 3228 3041 μάθε
3275 2972 3386 3026 ἀπὸ
3431 2973 3586 3027 ποίου
3630 2977 3758 3046 χρό-

2160 3072 2250 3107 νου
2292 3058 2532 3110 αἰτιᾶται
2589 3059 2787 3123 αὐτοὺς
2837 3061 2998 3114 τοῦτο
3030 3063 3429 3129 ἐπιτελοῦντας.
3476 3067 3613 3119 Πότε
3643 3068 3756 3138 δὲή

465 3168 531 3207 ac
560 3155 909 3223 quandonam
957 3157 1238 3210 seniorum
1273 3157 1377 3211 ista
1408 3155 1634 3212 traditio
1685 3156 1935 3225 cmperit.
1974 3155 2057 3210 ln-

2163 3148 2463 3218 παράδοσις
2485 3151 2669 3216 αὐτοῖς
2695 3152 2885 3220 γέγονε
2917 3154 3022 3206 τῶν
3051 3157 3469 3228 πρεσϐυτέρων;
3491 3161 3586 3213 καὶ
3609 3161 3648 3192 ¹¹
3669 3161 3760 3213 εὖ-

468 3244 658 3299 venies
690 3245 938 3314 profecto
989 3260 1109 3298 eam
1143 3261 1266 3316 quae
1317 3244 1539 3299 Davidis
1571 3243 1893 3298 inscribitur
1937 3251 2060 3313 post

469 3337 702 3390 reditum
735 3353 766 3392 e
800 3337 1097 3409 Babylonia
1127 3359 1139 3393 :
1171 3339 1359 3392 Akibat
1383 3353 1511 3392 vero
1539 3336 1702 3406 paulo
1733 3344 1860 3390 ante
1886 3335 2061 3407 Baby-

467 3431 704 3485 lonicam
751 3432 1124 3501 captivitatem
1185 3433 1402 3486 initium
1457 3432 1740 3486 habuisse.
1799 3430 2062 3486 Assamo-

466 3536 713 3576 meorum
759 3539 924 3594 porro
975 3524 1329 3579 traditionem
1372 3524 1670 3579 Alexandri
1708 3533 1764 3579 et
1803 3524 2059 3578 Antiochi

466 3613 706 3684 coepisse
734 3615 1100 3685 temporibus,
1135 3615 1296 3670 annis
1326 3623 1453 3668 ante
1481 3615 1762 3670 Christum
1796 3614 1920 3669 190.
1953 3613 2061 3667 Ita—

466 3721 576 3776 que
604 3706 717 3776 ]am
746 3714 862 3761 tum
909 3723 1005 3777 per
1035 3709 1206 3777 legem
1249 3707 1487 3770 vocatio,
1539 3722 1602 3761 ac
1637 3723 1734 3777 per
1766 3706 2062 3777 prophetas

468 3807 587 3853 erat
609 3797 792 3852 oblata
825 3798 1231 3864 misericordia,
1265 3805 1326 3853 ut
1350 3798 1701 3855 circulatoris
1731 3797 1893 3855 istius
1921 3799 2063 3852 ratio

469 3891 720 3947 funditus
742 3898 1042 3946 evertatur.

542 3977 728 4032 Schol.
765 3977 856 4032 27.
912 3977 999 4032 Va:
1027 3977 1194 4041 vobis,
1223 3979 1476 4049 quoniam
1509 3977 1790 4048 mdiﬁcatis
1821 3982 2063 4049 sepulcra

467 4067 864 4138 prophetarum,
904 4076 953 4121 et
977 4077 1155 4136 patres
1187 4070 1346 4123 vestri
1374 4070 1676 4125 occiderunt
1708 4071 1831 4124 illos
1855 4073 1896 4124 ⁸.

545 4240 728 4296 Relut.
771 4239 864 4293 27.
907 4239 1367 4310 Quandoquidem
1414 4243 1712 4312 prophetas
1765 4260 1916 4300 cura:
1960 4247 2064 4302 sibi

469 4352 597 4393 esse
650 4335 959 4405 signiﬁcat,
1008 4340 1065 4386 ut
1129 4347 1321 4386 eorum
1370 4349 1561 4388 necem
1620 4335 2067 4392 interfectoribus

2167 3256 2335 3310 ρεσις,
2382 3241 2463 3294 ὅτι
2501 3241 2595 3295 τοῦ
2642 3243 2740 3314 μὲν
2779 3245 2946 3298 Δαὸὶδ
2995 3247 3135 3316 μετὰ
3185 3250 3284 3319 τὴν
3331 3252 3395 3304 ἐκ
3441 3252 3760 3315 Βαϐυλῶνος

2163 3332 2442 3395 ἐπάνοδον,
2471 3333 2564 3386 τοῦ
2598 3333 2655 3387 δὲ
2698 3335 2891 3389 Ἀκιϐἆ
2927 3337 3021 3390 καὶ
3067 3339 3174 3409 πρὸ
3211 3340 3318 3392 τῶν
3361 3341 3758 3396 Βαϐυλωνικῶν

2164 3424 2547 3494 αἰχμαλωσιῶν
2575 3426 2891 3496 γεγένηται.
2924 3429 3044 3481 Τῶν
3073 3430 3130 3483 δὲ
3169 3431 3302 3484 υἱῶν
3343 3431 3757 3503 Ἀσσαμωναίου

2163 3515 2221 3566 ἐν
2255 3516 2466 3586 χρόνοις
2514 3517 2863 3584 Ἀλεξάνδρου
2909 3521 3004 3574 καὶ
3040 3522 3332 3592 ’Δντιόχου,
3379 3525 3488 3597 πρὸ
3529 3526 3632 3596 τῆς
3665 3527 3760 3580 τοῦ

2164 3607 2400 3678 Χριστοῦ
2454 3609 2714 3679 ὲνδημίας
2764 3611 2876 3682 (72)
2939 3613 3133 3667 ἑκατὸν
3191 3616 3514 3688 ἐνενήκοντα
3561 3618 3756 3672 ἔτεσιν.

2168 3701 2313 3771 Ἀρα
2346 3701 2478 3769 γοῦν
2523 3704 2614 3755 καὶ
2653 3703 2837 3756 ἔκτοτε
2873 3704 2962 3758 διὰ
3003 3707 3169 3777 νόμου
3210 3703 3278 3778 ἦν
3324 3710 3357 3775 ἡ
3406 3709 3613 3779 κλῆσις,
3665 3712 3761 3764 καὶ

2163 3791 2252 3844 διὰ
2281 3793 2576 3863 προφητῶν
2618 3794 2679 3847 τὸ
2713 3794 2881 3860 ἔλεος,
2933 3799 3025 3849 καὶ
3073 3799 3406 3870 πανταχόθεν
3435 3801 3695 3855 ἐκπίπτει
3731 3804 3763 3855 ὁ

2166 3885 2484 3956 ἁγυρτὼδης
2514 3904 2605 3939 σου
2633 3887 2806 3956 λόγος.

2237 3978 2393 4046 Σχόλ.
2440 3978 2543 4044 κζ’.
2592 3979 2737 4033 (Ιὺαὶ
2790 3980 2952 4050 ὑμῖν,
2997 3981 3087 4036 ὅτι
3116 3985 3480 4054 οἰκοδομεῖτε
3506 3987 3580 4041 τὰ
3604 4005 3756 4057 μνη-

2161 4067 2299 4136 μεῖα
2341 4068 2459 4122 τῶν
2501 4068 2842 4139 προφητῶν,
2895 4073 2996 4127 καί
3030 4078 3084 4128 οἱ
3126 4075 3368 4145 πατέρες
3439 4077 3606 4148 ὑμῶν
3650 4080 3759 4134 ἀπ-

2166 4157 2439 4212 έκτειναν
2466 4163 2706 4228 αὐτούς.

2244 4252 2459 4323 Ἐλεγχ.
2495 4253 2595 4317 κζ’.
2622 4257 2684 4308 El
2711 4257 2821 4310 τῶν
2865 4259 3161 4330 προφητῶν
3205 4262 3438 4313 ποιεῖται
3469 4261 3569 4331 τὴν
3597 4279 3757 4334 φρον-

2168 4341 2308 4402 τίδα,
2335 4345 2459 4406 τοὺς
2499 4346 2927 4411 ἀποκτείναντας
2982 4349 3292 4413 ὀνειδίζων,
3341 4351 3441 4403 οὐκ
3488 4351 3758 4422 ἀλλότριοι

471 4427 790 4497 exprobret,
820 4433 1050 4494 apparet
1079 4425 1306 4479 minime
1328 4424 1398 4480 ab
1427 4440 1494 4480 eo
1518 4425 1727 4482 alienos
1759 4431 2057 4494 exstitisse,

2170 4434 2334 4486 αὐτοῦ
2364 4429 2503 4505 ἦσαν
2529 4438 2578 4489 οἱ
2619 4438 2894 4509 προφῆται
2923 4483 2938 4506 ,
2967 4439 3104 4493 ἀλλὰ
3144 4441 3340 4507 δοῦλοι,
3371 4442 3479 4514 Ικαὶ
3509 4461 3756 4514 προετοι-

473 4521 571 4578 sed
601 4534 811 4584 servos,
848 4519 941 4589 qui
965 4525 1020 4573 et
1045 4518 1357 4573 advenienti
1388 4518 1467 4572 illi
1491 4520 1631 4572 viam
1657 4521 2062 4590 quodammodo

475 4611 802 4675 munierint,
828 4617 883 4664 et
906 4609 1058 4664 Novo
1089 4611 1445 4665 Testamento
1477 4612 1793 4668 testimonio
1819 4631 1920 4670 suo
1948 4617 2063 4669 suf-

476 4705 673 4776 fragati
722 4705 945 4760 fuerint.
977 4705 1134 4771 Quod
1178 4704 1394 4774 Moyses
1433 4705 1522 4761 his
1565 4707 1837 4778 praecipue
1881 4711 2064 4764 verbis

476 4797 770 4868 praestitit:
806 4797 1125 4865 Prophetam
1157 4801 1302 4854 vobis
1324 4799 1602 4854 suscitabit
1634 4800 1888 4856 Dominus
1920 4801 2062 4855 Deus

473 4903 501 4940 ε
528 4886 788 4956 fratribus
824 4889 1008 4941 vestris
1049 4889 1187 4941 sicut
1225 4907 1304 4943 me
1340 4893 1380 4942 ν.
1419 4888 1524 4943 Sed
1579 4899 1633 4944 et
1677 4901 1803 4945 ante
1840 4891 2060 4962 Moysen

471 4977 665 5044 Jacob,
692 4980 824 5034 dum
874 4981 948 5034 ita
976 4981 1258 5050 loquitur:
1286 4981 1331 5036 E
1375 4983 1626 5053 germine.
1664 4985 1744 5053 liti
1793 4987 1864 5038 mi
1891 4984 2061 5052 Juda,

546 5205 563 5236 ¹
595 5202 728 5257 Luc.
754 5218 832 5266 xl,
862 5202 950 5255 15.

523 5277 657 5329 ibid.
689 5273 782 5328 42.
856 5274 878 5305 ⁸
909 5272 1041 5328 ibid.
1068 5273 1160 5328 47.
1235 5273 1255 5304 ⁹

550 5473 806 5550 (72)]Ιρο
839 5472 950 5550 τῆς
979 5473 1087 5528 τοῦ
1118 5475 1378 5542 Χριστοῦ
1411 5475 1718 5550 ἐκδημίας.
1749 5477 1865 5532 Non
1893 5493 2060 5550 parva

479 5543 571 5600 hic
601 5545 952 5598 hallucinatio
986 5554 1069 5598 est
1102 5565 1114 5599 :
1158 5549 1494 5600 Assamontei
1531 5543 1645 5612 lilii,
1681 5554 1784 5602 hoc
1829 5543 1915 5603 est
1944 5549 2061 5602 Ma-

477 5615 707 5678 chabati,
734 5622 854 5684 post
874 5614 1204 5686 antiochum
1233 5617 1565 5686 Epiphanem
1585 5619 1924 5686 prodierunt.
1953 5619 2059 5686 Qui

479 5686 654 5754 coepit
685 5682 1181 5754 annorGrtecorum
1230 5682 1350 5746 137,
1392 5687 1409 5739 l
1444 5682 1691 5742 Macliah.
1731 5705 1772 5754 ι,
1819 5690 1922 5744 hoc
1975 5682 2060 5746 est

481 5765 598 5820 per.
629 5752 737 5806 Jul.
775 5753 933 5809 4558.
966 5758 1124 5812 annis
1169 5765 1294 5812 ante
1329 5758 1607 5830 vulgarem
1649 5752 1855 5817 Christi
1887 5759 2053 5817 Nata-

1051 5201 1167 5255 ²111
1199 5201 1331 5270 Reg.
1364 5220 1520 5264 xvm.
1557 5205 1646 5260 58.
1726 5207 1746 5237 ³
1779 5205 2082 5270 Εκοι1.κιιν,
2116 5209 2206 5262 2|.

1331 5283 1442 5328 eut.
1475 5293 1627 5341 xvut,
1665 5277 1754 5331 15.
1831 5279 1873 5309 ¹⁰
1903 5277 2063 5333 ῡευει
2088 5281 2169 5334 οὑ.

2173 4525 2374 4593 μαστα“ι
2396 4526 2492 4594 τῆς
2523 4527 2787 4598 ὲνσάρκου
2817 4529 2982 4581 αὐτοῦ
3007 4532 3328 4602 παρουσίας,
3356 4535 3404 4584 οἱ
3433 4533 3526 4586 καὶ
3551 4551 3729 4604 μαρτυ

2173 4619 2438 4686 ρήσαντες
2483 4621 2548 4690 τῇ
2587 4621 2760 4692 Καινῇ
2809 4623 3078 4696 Διαθήκῃο
3125 4625 3367 4695 Μωῦσῆς
3408 4626 3507 4695 μὲν
3547 4627 3752 4695 λέγων·

2162 4709 2484 4778 Προφήτην
2505 4711 2646 4780 ὑμῖν
2681 4713 3016 4780 ἀναστήσει
3056 4718 3271 4785 Κύριος
3297 4721 3330 4770 ό
3358 4720 3504 4785 Θεὸς
3541 4719 3609 4772 ἐκ
3638 4718 3758 4772 τῶν

2162 4801 2444 4870 ἀδελφῶν
2497 4801 2685 4872 ὑμῶν,
2729 4805 2809 4870 ὠς
2852 4804 2974 4873 ἐμέ.
3016 4806 3126 4858 Καὶ
3191 4807 3295 4877 πρὸ
3345 4807 3510 4860 αὐτοῦ
3563 4807 3755 4862 Ἰακὼϐ

2162 4894 2369 4963 λέγων’
2410 4895 2504 4948 Ἐκ
2557 4897 2873 4964 βλαστοῦ,
2935 4898 3024 4952 υἱέ
3071 4915 3191 4968 μου
3234 4899 3454 4962 Ἰούδα,
3514 4899 3754 4966 ἁνέϐης,

2161 4987 2488 5042 ἀναπεσὼν
2545 4988 2890 5057 ἐκοιμήθης.
2936 4991 3058 5043 Οὐκ
3112 4991 3382 5060 ἐκλείψει
3437 4992 3640 5060 ἅρχων
3687 4992 3755 5055 ἐξ

2283 5207 2305 5238 ⁸
2329 5208 2487 5263 Num.
2522 5226 2614 5271 xx,
2650 5210 2735 5265 11.

2813 5211 2834 5240 ⁸
2865 5210 3037 5265 Exod.
3068 5227 3179 5276 xw,
3213 5212 3298 5267 M.
3377 5213 3397 5241 “
3425 5213 3540 5270 Jos.
3577 5230 3630 5279 x,
3668 5215 3751 5270 19..

2251 5282 2290 5310 “
2326 5280 2450 5333 For.
2491 5282 2766 5352 εὑρήσεις.

2169 5481 2275 5558 lem
2313 5483 2434 5538 175.
2461 5482 2576 5540 Nisi
2614 5483 2754 5558 forte
2768 5484 3097 5558 Antiochum
3123 5486 3216 5540 τὸν
3242 5487 3418 5558 μέγαν
3443 5488 3710 5558 intelligat
3736 5506 3752 5543 :

2168 5554 2261 5622 qui
2295 5558 2464 5623 coepit
2498 5570 2614 5625 per.
2651 5555 2760 5608 .lul.
2798 5556 2960 5610 4490.
2997 5555 3100 5611 Sed
3131 5554 3756 5615 Assatnona-orum'tra~

2169 5625 2366 5701 (litioia
2389 5627 2726 5701 blacltabaais
2751 5628 2967 5701 initium
2993 5629 3204 5681 habuit.
3239 5630 3423 5694 Quare
3452 5630 3595 5684 infra
3625 5629 3756 5701 Epi-

2169 5695 2364 5765 phanis
2389 5698 2602 5752 initium
2639 5697 2866 5766 coeperit
2905 5713 3129 5754 necesse
3163 5709 3264 5755 est.
3549 5725 3554 5730 -
