4186 6374
356 396 462 455 ἠδ

993 391 1361 451 ADVERSUS
1398 390 1737 447 H/ERESES
1769 389 1893 473 LIB.
1929 387 1971 447 1.
2010 383 2173 441 ΤΟΜ.
2216 382 2393 437 llL—
2420 379 2695 436 llASRES.
2735 379 2892 434 XLII.

3496 377 3598 435 746

367 517 588 574 Ἰούδαο
630 516 725 569 καὶ
757 517 874 586 μετ’
909 514 1094 584 ὀλίγα·
1134 515 1282 579 Ἕως
1321 513 1469 583 ἔλθῃ
1509 505 1557 579 ᾦ
1598 512 1671 565 τὰ
1703 508 1975 568 ἀποκείοε

2068 501 2345 556 :scendisti.
2377 499 2717 569 Requiescens
2741 496 3055 553 accubuisti.
3082 495 3203 551 Non
3225 496 3427 566 deﬁciet
3450 499 3603 566 prin-

348 624 538 680 μενα·
586 607 685 661 καὶ
728 606 912 671 αὐτὸς
941 606 1271 673 προσδοκία
1306 602 1514 657 ἐθνῶν.
1554 602 1663 655 Καὶ
1708 600 1800 652 ἐπ’
1828 601 1934 652 αὺ-

356 699 466 753 τὸν
491 699 635 765 ἔθνη
683 697 1019 751 ἐλπιοῦσιν.
1063 697 1290 759 Ἡσαΐας
1329 695 1417 749 δέ’
1458 693 1601 748 ἰδοὺ
1640 694 1678 759 ὴ
1717 690 1933 760 παρθέ-

356 807 467 855 νος
502 790 572 843 ἐν
607 787 819 858 γαστρὶ
867 787 1010 851 ἕξει.
1054 786 1321 857 Ἱερεμίας
1356 784 1443 837 δέ’
1478 784 1588 838 Καὶ
1628 781 1936 849 ἅνθρωπός

358 882 509 947 ἐστι,
543 881 640 935 καὶ
677 880 770 944 τίς
799 880 1087 949 γνώσεται
1110 880 1296 931 αὐτόν
1320 893 1339 940 ;
1371 875 1606 946 Μιχαίας
1631 889 1645 904 ·
1679 872 1787 928 Καὶ
1832 872 1934 935 σὺ,

361 971 663 1042 Βηθλεέμο
699 971 796 1025 καὶ
841 970 959 1041 μεθ’
992 971 1173 1041 ἐτερα-
1211 972 1312 1022 Ἐκ
1350 968 1467 1022 σοῦ
1494 983 1595 1036 μοι
1625 965 1937 1029 ἐξελεύσε-

362 1083 459 1119 ται
486 1065 837 1133 ἡγούμενος,
870 1062 965 1115 καὶ
995 1060 1065 1115 τὰ
1092 1060 1236 1131 ἑξῆς.
1276 1059 1333 1112 '0
1365 1060 1419 1112 6?.
1454 1058 1739 1127 Μαλαχίας
1762 1072 1775 1084 ·
1818 1054 1939 1116 Ἐξ-

362 1158 585 1225 αἰερνης
621 1159 707 1222 εις
752 1155 859 1209 τὸν
900 1154 1050 1207 ναὸν
1087 1152 1219 1220 ἥξει
1252 1152 1501 1218 Κύριοςο
1562 1151 1589 1203 6
1631 1149 1687 1201 δὲ
1737 1145 1935 1199 Δαϐίδ·

366 1245 605 1302 Εἷπενό
636 1245 852 1311 Κύριος
890 1243 969 1309 τῷ
1003 1242 1193 1309 Κιιοίῳ
1228 1257 1368 1309 μου,
1403 1238 1497 1291 καὶ
1538 1236 1607 1289 τὰ
1650 1235 1796 1306 ἑξῆς.
1832 1235 1940 1285 Καὶ

367 1339 539 1393 πολλὰ
565 1338 680 1391 ἐστι
708 1337 909 1405 λέγειν,
937 1336 1031 1389 καὶ
1053 1334 1216 1387 αὐτοῦ
1254 1333 1498 1401 λὲγοντος
1534 1329 1626 1384 τοῦ
1652 1330 1901 1398 Σωτῆρος
1923 1368 1937 1381 .

365 1434 431 1485 El
466 1430 693 1499 Μωῦσῇ
736 1430 1101 1490 ἐπιστεύετε,
1150 1425 1490 1479 ἐπιστεύετε
1527 1422 1603 1477 ἂν
1647 1421 1745 1476 καὶ
1789 1421 1940 1491 ἐμοί.

381 1522 643 1587 Ἐκεῖνος
674 1521 784 1590 γὰρ
816 1520 948 1588 περὶ
986 1517 1133 1589 ἐμοῦ
1170 1517 1411 1588 ἔγραψε.

444 1781 601 1853 Σχόλ.
632 1779 737 1851 κη’.
770 1782 883 1835 Οὐκ
907 1776 1038 1851 εἶχε·
1068 1780 1170 1834 Διὰ
1185 1779 1360 1834 τοῦτο
1381 1774 1548 1833 εἶπεν
1572 1778 1609 1845 ἡ
1634 1778 1818 1845 σοφία
1841 1776 1943 1829 τοῦ

2034 611 2152 662 ceps
2196 609 2260 646 ea:
2288 590 2433 644 Juda
2469 593 2482 622 ¹
2517 599 2657 644 :etc.
2693 590 2769 642 Ac
2818 588 2980 657 paulo
3022 596 3143 657 post
3174 605 3186 641 :
3215 586 3389 641 Donec
3430 590 3602 643 veniat

2035 684 2119 735 cui
2147 682 2376 750 reposita
2415 690 2564 743 sunt;
2602 690 2648 732 et
2676 678 2782 745 ipse
2821 678 3141 743 exspectatio
3170 679 3402 746 gentium
3428 692 3446 729 :
3471 690 3519 732 et
3551 681 3605 734 in

2036 774 2207 841 ipsum
2246 780 2418 842 gentes
2463 768 2826 838 sperabunt".
2859 766 3019 837 333
3044 766 3210 821 Isaias
3248 783 3414 822 vero:
3452 767 3605 831 Ecce,

2037 864 2234 931 inquit,
2286 862 2428 930 virgo
2466 859 2781 927 concipiet’;
2815 856 3077 913 Jercmias
3128 858 3254 912 item
3301 876 3313 911 :
3352 858 3418 911 Et
3457 860 3609 914 homo

2036 964 2135 1017 est,
2179 962 2227 1006 et
2261 953 2378 1022 quis
2415 960 2687 1021 cognoscet
2716 951 2866 1002 illum
2892 950 2914 1002 .9
2945 948 3196 1002 Michmas
3230 967 3243 1002 :
3275 932 3343 1001 Et
3372 959 3427 1002 tu
3453 950 3612 1004 Beth-

2041 1046 2224 1107 lehem,
2277 1053 2413 1108 etc.;
2457 1050 2511 1097 et
2542 1042 2706 1112 paulo
2754 1048 2877 1110 post
2908 1057 2920 1092 :
2956 1037 3039 1092 Ex
3066 1047 3111 1092 te
3142 1038 3269 1091 mihi
3318 1040 3613 1110 egredietur

2038 1135 2148 1188 dum
2169 1135 2208 1198 ³,
2244 1142 2349 1187 etc.
2377 1133 2447 1186 At
2476 1130 2771 1185 Malacbias
2802 1150 2814 1184 :
2849 1128 3043 1185 Statim
3081 1130 3134 1182 in
3170 1129 3419 1198 templum
3448 1132 3611 1185 veniet

2044 1225 2362 1279 Dominus".
2411 1224 2546 1278 Nam
2593 1224 2739 1293 quod
2787 1222 2854 1276 ad
2900 1222 3158 1277 Davidem
3214 1232 3447 1292 spectat,
3501 1224 3615 1278 haec

2039 1318 2187 1373 illius
2263 1326 2346 1372 est
2414 1316 2693 1386 praedictio
2762 1314 2977 1369 :Dixit
3064 1312 3325 1367 Dominus
3390 1312 3618 1369 Domino

2042 1411 2217 1474 meo“,
2268 1417 2374 1464 etc.
2412 1407 2641 1463 Possum
2680 1414 2733 1462 et
2779 1407 3067 1462 innumera
3116 1408 3223 1462 alia
3269 1421 3616 1477 percensere,

2042 1519 2165 1560 cum
2198 1501 2499 1573 praesertim
2529 1516 2560 1554 a
2586 1500 2817 1555 Domino
2844 1499 2915 1555 sit
2942 1500 3148 1554 dictum
3180 1519 3191 1552 :
3226 1496 3286 1553 Si
3309 1498 3485 1569 Moysi
3508 1517 3622 1555 cre-

2042 1596 2256 1658 deretis,
2289 1593 2565 1647 crederetis
2601 1592 2830 1661 forsitan
2859 1602 2910 1646 et
2944 1591 3091 1646 mihi.
3128 1590 3206 1645 De
3244 1607 3324 1645 me
3361 1593 3500 1646 enim
3532 1593 3623 1647 ille

2044 1688 2257 1753 scripsit
2281 1686 2323 1740 ⁸.

2118 1777 2302 1832 Schol.
2358 1777 2447 1831 28.
2513 1776 2754 1833 Deerat:
2785 1776 3070 1845 Propterea
3115 1786 3165 1832 et
3219 1778 3484 1847 sapientia
3525 1775 3625 1830 Dei

372 1874 547 1929 Θεοῦ·
589 1873 969 1929 Ἀποστέλλω
992 1875 1078 1938 εἰς
1099 1872 1321 1937 αὐτοὺς
1341 1870 1671 1939 προφήτας·
1696 1870 1791 1923 καὶ
1822 1870 1949 1942 περὶ

2068 1867 2223 1921 tixit:
2252 1867 2466 1921 Mittunt
2517 1869 2586 1921 ad
2628 1868 2747 1922 illos
2787 1869 3139 1937 prophetas';
3165 1876 3218 1924 et
3244 1869 3311 1923 de
3364 1869 3628 1939 sanguine

375 1969 607 2036 αἵματος
635 1967 903 2038 Ζαχαρίου
929 1968 1021 2020 καὶ
1049 1966 1212 2019 Ἅϐελ
1236 1966 1330 2019 καὶ
1350 1964 1458 2018 τῶν
1486 1963 1778 2036 προφητῶν
1798 2004 1811 2029 ,
1867 1964 1949 2016 ὅτι

375 2058 836 2129 ἐκζητηθήσεται
872 2058 990 2112 ἀπὸ
1019 2057 1130 2127 τῆς
1156 2056 1365 2126 γενεᾶς
1395 2058 1635 2122 ταύτης.

454 2153 675 2221 Ἔλεγχ.
704 2158 809 2221 κη’.
840 2153 950 2204 Kal
989 2153 1045 2204 ἐν
1087 2150 1260 2220 τούτῳ
1306 2166 1386 2202 σοι
1421 2147 1589 2218 πολλὴ
1620 2146 1868 2217 αἰσχύνη,
1909 2140 1953 2199 ὧ

380 2242 671 2314 Μαρκίων,
702 2242 797 2295 τοῦ
828 2242 1175 2313 χαρακτῆρος
1202 2242 1296 2312 τῆς
1332 2239 1589 2311 ἀληθείας
1625 2238 1954 2309 σωζομένου,

382 2335 477 2389 καὶ
500 2336 599 2405 τῆς
628 2334 980 2405 παρεκτομῆς
1013 2334 1121 2386 τῶν
1158 2332 1486 2403 κλεμμάτων
1514 2348 1606 2383 σου
1633 2330 1959 2402 εὑρισκομέ-

383 2444 503 2496 νης,
522 2425 736 2479 ἀπὸτοῦ
758 2425 1093 2497 ἀντιγράφου
1110 2424 1203 2477 τοῦ
1228 2424 1367 2478 κατᾶ
1390 2425 1603 2477 Λουκᾶν
1626 2422 1958 2491 Εὐαγγελίου

385 2519 494 2571 τῶν
519 2518 699 2570 τόπων
721 2517 1146 2588 εὑρισκομένων,
1178 2515 1273 2569 καὶ
1299 2514 1409 2568 τῶν
1434 2514 1585 2586 παρὰ
1610 2514 1703 2567 σοῦ
1733 2514 1965 2585 ἀφαιρε-

388 2607 595 2661 θέντων
622 2605 1016 2676 ἐλεγχομένων.

465 2698 620 2769 Σχόλ.
664 2697 767 2752 κθ’.
810 2695 972 2766 Λέγω
1013 2694 1082 2749 δὲ
1124 2693 1247 2761 τοῖς
1266 2696 1468 2763 φίλοις
1480 2711 1619 2764 μου·
1661 2694 1758 2762 Μὴ
1785 2694 1968 2763 φοϐη-

393 2791 539 2861 θῆτε
562 2790 680 2844 ἀπὸ
704 2789 824 2843 τῶν
850 2789 1325 2844 ἀποκτεινόντων
1350 2787 1416 2841 τὸ
1447 2787 1636 2857 σῶμα
1671 2786 1971 2856 φοϐήθητε

396 2883 468 2938 δὲ
500 2882 607 2936 τὸν
639 2882 790 2951 μετὰ
820 2881 887 2935 τὸ
915 2881 1259 2935 ἀποκτεῖναι
1293 2880 1515 2950 ἔχοντα
1541 2879 1656 2948 τὴν
1682 2879 1974 2944 ἐξουσίαν

395 2974 618 3042 βαλεῖν
670 2976 758 3039 είς
804 2974 1075 3044 γέενναν.
1128 2973 1241 3027 Οὐκ
1291 2972 1407 3042 εἶχε
1464 2971 1542 3025 δέ·
1596 2972 1743 3040 Οὐχὶ
1798 2971 1976 3024 πέντε

402 3064 691 3132 στρουθία
728 3063 1039 3131 ἀσσαρίων
1071 3063 1179 3116 δύο
1211 3061 1511 3127 πωλεῖται,
1554 3061 1653 3115 καὶ
1688 3060 1759 3115 ἐν
1777 3061 1846 3125 ἐξ
1873 3063 1979 3115 αὑ-

406 3155 525 3211 τῶν
546 3158 657 3210 οὐκ
689 3155 859 3209 ἐστιν
878 3154 1359 3224 ἐπιλελησμένον
1382 3153 1638 3208 ἐνώπιον
1663 3154 1769 3209 τοῦ
1798 3153 1978 3216 Θεοῦ;

493 3266 705 3339 Ἐλεγχ.
740 3266 843 3323 κθ’.
877 3267 970 3332 Τδ,
998 3265 1160 3334 Λέγω
1186 3266 1299 3337 ἐγὼ
1329 3267 1454 3333 τοῖς
1485 3267 1685 3336 φίλοις
1717 3283 1858 3335 μου·
1886 3266 1981 3335 Μὴ
2008 3226 2053 3284 c

410 3358 714 3429 φοϐηθῆτε
744 3358 864 3412 ἀπὸ
903 3358 1019 3411 τῶν
1050 3358 1528 3412 ἀποκτεινόντων
1558 3358 1623 3411 τὸ
1656 3357 1846 3427 σῶμα·
1877 3374 1985 3426 ςρο⁴

413 3452 633 3519 ϐήθητε
658 3450 727 3503 δὲ
755 3450 864 3504 τὸν
893 3451 1114 3519 ἔχοντα
1139 3450 1431 3513 ἐξουσίαν
1454 3450 1542 3515 τὸ,
1568 3448 1718 3520 μετὰ
1747 3449 1814 3503 τὸ
1838 3452 1988 3503 ἀπο-

419 3544 645 3600 κτεῖναι
674 3544 741 3597 τὸ
766 3541 959 3611 σῶμα,
979 3541 1095 3610 τὴν
1123 3541 1336 3611 ψυχὴν
1346 3542 1567 3606 βαλεῖν
1598 3545 1687 3609 εὶς
1716 3542 1987 3612 γέενναν,

419 3634 718 3705 ἀναγκάζει
763 3651 853 3697 σε,
892 3628 937 3688 ὦ
980 3633 1264 3704 Μαρκίων,
1300 3634 1394 3687 καὶ
1427 3633 1495 3686 τὰ
1526 3634 1653 3702 ἑξῆς
1681 3633 1780 3705 τῆς
1814 3649 1992 3703 παρα-

420 3729 583 3799 ϐολῆς
607 3726 956 3797 ὁμολογῆσαι.
992 3726 1153 3780 Ἀνευ
1174 3725 1283 3797 γὰρ
1302 3726 1395 3779 τοῦ
1424 3725 1557 3779 Θεοῦ
1582 3725 1732 3779 οὐδὲν
1759 3726 1989 3793 γίνεται,

422 3819 528 3872 κᾶν
569 3817 779 3887 ἐπάρῃς
823 3814 885 3868 τὸ
926 3814 1055 3885 περὶ
1100 3815 1208 3868 τῶν
1253 3814 1569 3885 στρουθίων.
1634 3814 1993 3884 Ἀπολόγησαι

421 3907 515 3965 οὖν
554 3912 682 3981 περὶ
719 3909 829 3963 τῶν
856 3912 915 3963 ἐν
946 3910 1025 3979 τῷ
1065 3908 1213 3980 ρητῷ
1244 3909 1711 3978 καταλειφθέντων
1744 3908 1850 3963 ὑπὸ
1875 3909 1991 3975 σοῦ,

420 3998 468 4057 ὦ
502 4003 787 4074 Μαρκίων.
825 4002 936 4056 Καὶ
958 4002 1252 4072 ἀπόκριναι
1282 4003 1413 4072 ἡμῖν
1441 4002 1494 4054 τί
1523 4001 1716 4073 διανοῇ
1738 4003 1867 4075 περὶ
1897 4001 1993 4056 τοῦ

423 4096 673 4164 ἐξουσίαν
708 4094 942 4165 ἔχοντος.
972 4096 1035 4147 Εἰ
1059 4093 1167 4165 γὰρ
1205 4094 1371 4164 φαίης
1403 4094 1565 4148 αὐτὸν
1597 4090 1734 4149 εἶναι
1762 4095 1853 4148 τὸν
1880 4097 1993 4149 Πα-

422 4189 561 4260 τέρα
583 4186 679 4240 τοῦ
708 4186 965 4257 Χριστοῦ,
989 4186 1079 4239 τὸν
1112 4188 1206 4239 καὶ
1243 4186 1393 4257 παρὰ
1431 4187 1513 4240 σοὶ
1540 4187 1742 4255 ἀγαθὸν
1768 4187 1994 4258 λεγόμε-

423 4297 512 4334 νον
533 4279 685 4345 Θεὸν,
710 4279 755 4330 εἰ
777 4279 871 4331 καὶ
891 4278 1075 4341 κακῶς
1093 4278 1341 4349 διαιρεῖς,
1366 4280 1535 4348 ὅμως,
1562 4279 1747 4349 ἐπειδὴ
1766 4279 1878 4349 ἔχει
1897 4280 1996 4349 τὴν

425 4370 693 4436 ἐξουσίαν,
727 4370 964 4434 δέδωκας
1005 4372 1167 4424 αὐτὸν
1211 4372 1402 4442 κριτὴν
1444 4372 1593 4438 ὄντα,
1645 4374 1738 4425 καὶ
1770 4372 1997 4442 ἑκάστῳ

424 4463 659 4533 νέμοντα
687 4460 747 4514 τὸ
778 4464 899 4515 κατ’
933 4460 1110 4525 ἀξίαν.
1148 4462 1211 4514 Εἰ
1249 4462 1307 4515 δὲ
1334 4463 1396 4515 οὐ
1438 4462 1595 4515 τοῦτο
1633 4462 1831 4530 λέγεις,
1863 4463 1998 4517 ἀλλὰ

2058 1960 2352 2023 Zachariae,
2395 1968 2449 2015 et
2501 1960 2655 2023 Abel,
2695 1970 2750 2014 et
2800 1961 3225 2031 prOpbetarum,
3258 1961 3515 2031 quoniam
3552 1976 3629 2016 re-

2055 2054 2289 2125 quiretur
2319 2068 2352 2105 a
2370 2055 2701 2121 generatione
2729 2051 2825 2105 hac
2854 2052 2897 2106 ⁸.

2124 2143 2307 2199 Rcfut.
2339 2144 2428 2199 28.
2465 2144 2754 2199 Enimvero
2794 2158 3065 2199 summam
3123 2143 3212 2199 hic
3246 2143 3367 2209 tibi,
3400 2142 3630 2210 Marcio,

2056 2239 2213 2293 locus
2263 2237 2619 2307 ignominiam
2654 2236 2845 2300 inurit,
2882 2251 3007 2290 cum
3046 2236 3294 2291 veritatis
3325 2235 3505 2291 adhuc
3538 2236 3628 2291 in-

2058 2339 2209 2400 tegra
2248 2326 2421 2383 forma
2442 2329 2635 2383 relicta
2659 2328 2751 2392 sit,
2776 2342 2839 2382 ac
2870 2326 3054 2382 furtim
3080 2342 3110 2382 a
3143 2336 3196 2384 te
3222 2330 3436 2384 sublata
3468 2332 3633 2384 muti-

2060 2423 2280 2491 lataque
2303 2422 2422 2476 loca
2457 2419 2618 2476 facile
2664 2420 3044 2491 reperiantur;
3090 2435 3155 2474 ac
3182 2436 3303 2490 qua:
3336 2422 3555 2486 desunt,
3579 2423 3643 2495 in.

2063 2513 2344 2584 Evangelii
2369 2513 2670 2569 secundum
2714 2511 2917 2567 Lucam
2951 2511 3358 2582 exemplaribus
3387 2513 3638 2584 legantur

2065 2606 2432 2670 omnibus,$ut
2462 2620 2584 2675 quze
2618 2604 2716 2659 abs
2756 2613 2807 2659 te
2836 2612 2963 2659 sunt
2988 2604 3285 2661 interversa
3315 2605 3634 2675 prodantur.

2144 2697 2327 2751 Schol.
2358 2696 2448 2752 29.
2474 2696 2607 2750 Dico
2634 2705 2809 2751 autem
2833 2695 3019 2749 amicis
3042 2696 3170 2749 meis
3199 2712 3217 2750 :
3248 2694 3429 2751 Nolite
3459 2698 3641 2752 timere

2069 2804 2157 2843 eos
2195 2788 2285 2858 qui
2306 2787 2550 2841 occidunt
2583 2803 2771 2856 corpus
2800 2801 2818 2840 :
2855 2788 3027 2841 timete
3057 2802 3174 2841 vero
3212 2803 3351 2851 eum,
3382 2790 3471 2859 qui
3498 2798 3644 2858 post-

2073 2896 2232 2951 quam
2254 2878 2504 2934 occiderit
2548 2877 2700 2933 habet
2748 2887 3055 2946 potestatem
3088 2878 3334 2931 mittendi
3365 2880 3421 2932 in
3456 2879 3645 2950 gehen-

2076 2987 2202 3026 nam
2230 2972 2275 3026 ⁸.
2311 2970 2421 3031 Nec
2460 2970 2696 3025 habebat
2720 2970 2851 3025 illud
2888 2989 2901 3025 :
2936 2968 3126 3024 Nonne
3157 2971 3381 3040 quinque
3407 2986 3643 3039 passeres

2078 3073 2294 3119 veneunt
2317 3063 2603 3131 dupondio,
2625 3072 2673 3117 et
2693 3079 2827 3118 unus
2860 3078 2925 3117 ea:
2950 3063 3059 3118 illis
3082 3080 3187 3119 non
3214 3072 3291 3119 est
3314 3065 3369 3117 in
3390 3062 3647 3121 oblivione

2081 3173 2262 3210 coram
2298 3155 2404 3211 Deo
2439 3155 2526 3207 ‘°?

2154 3268 2339 3325 Refut.
2365 3268 2454 3324 29.
2492 3268 2616 3322 Haec
2638 3268 2753 3339 ipsa
2780 3269 2944 3323 verba
2971 3287 2985 3323 :
3013 3267 3143 3322 Dico
3165 3285 3257 3339 ego
3274 3269 3461 3323 amicis
3493 3270 3653 3325 meis:

2088 3361 2269 3418 Nolite
2324 3363 2507 3415 timere
2548 3378 2636 3415 eos
2668 3362 2757 3431 qui
2790 3361 3033 3415 occidunt
3075 3377 3265 3430 corpus
3286 3377 3305 3414 :
3340 3362 3514 3416 timete
3535 3377 3656 3418 vero

2085 3473 2204 3511 eum
2234 3457 2326 3527 qui
2352 3466 2627 3525 postquam
2649 3432 2894 3511 occidErit
2920 3471 3127 3525 corpus,
3169 3456 3319 3511 habet
3349 3467 3657 3526 patestatem

2088 3548 2325 3602 mittendi
2358 3548 2591 3601 animam
2621 3548 2675 3601 in
2710 3548 3028 3618 gehennam,
3061 3549 3332 3618 parabole:
3368 3551 3532 3604 etiam
3573 3562 3661 3605 re-

2090 3639 2237 3707 liqua
2276 3637 2434 3691 fateri
2464 3646 2519 3691 te
2556 3647 2778 3708 cogunt.
2815 3637 3048 3703 Etenim,
3086 3638 3206 3695 sine
3234 3637 3326 3693 Dei
3362 3646 3498 3693 nutu
3524 3639 3659 3694 nihil

2089 3731 2316 3786 omnino
2342 3731 2571 3801 geritur,
2618 3729 2866 3800 quamvis
2896 3730 3040 3801 quod
3078 3730 3145 3785 de
3174 3730 3488 3800 passeribus
3526 3732 3663 3787 scri-

2090 3831 2241 3893 ptum
2273 3832 2358 3877 est
2381 3822 2618 3877 auferas.
2654 3822 2819 3893 Igitur
2843 3822 3005 3878 deiis
3034 3837 3154 3892 qua:
3182 3823 3239 3876 in
3270 3823 3371 3876 hac
3394 3824 3664 3879 sententia

2091 3915 2351 3968 dicuntur
2366 3912 2641 3969 reddenda
2666 3913 2765 3967 tibi
2791 3914 2932 3967 ratio
2946 3921 3051 3977 est,
3087 3928 3121 3967 ο
3153 3912 3378 3966 Marcio.
3404 3913 3483 3967 Ac
3502 3912 3660 3967 velim

2093 4004 2226 4059 mihi
2247 4004 2601 4074 respondeas,
2630 4004 2760 4074 quid
2781 4004 2848 4059 de
2873 4020 2937 4059 eo
2962 4019 3209 4067 censeas,
3233 4005 3662 4074 quipotestatem

2094 4095 2295 4150 habere
2326 4095 2545 4150 dicitur.
2579 4094 2638 4149 Si
2672 4098 2817 4151 enim
2851 4094 3069 4150 Patrem
3111 4096 3263 4149 illum
3302 4095 3505 4150 Christi
3541 4110 3664 4151 esse

2095 4186 2322 4251 dixeris,
2368 4186 2749 4255 eumdemque,
2796 4202 2957 4256 quem
3001 4196 3057 4241 tu
3093 4188 3295 4242 bonum
3334 4203 3457 4244 esse
3495 4189 3665 4243 Deum

2096 4278 2398 4347 praedicas;
2422 4278 2525 4332 etsi
2546 4279 2685 4332 male
2710 4286 2765 4332 tu
2804 4278 3023 4348 quidem
3045 4294 3287 4349 separas,
3319 4288 3504 4334 tamen
3531 4295 3669 4349 quo-

2096 4366 2241 4419 niam
2292 4374 2562 4436 potestate
2596 4366 2857 4437 prazditus
2894 4378 3008 4433 est,
3052 4369 3294 4438 judicem
3336 4383 3458 4423 esse
3496 4368 3668 4423 confi-

2098 4458 2250 4521 teris,
2270 4458 2360 4527 qui
2394 4474 2492 4527 pro
2520 4459 2726 4513 meritis
2743 4461 2859 4515 suis
2875 4461 3301 4531 unumquodque
3332 4468 3665 4529 compenset.

426 4554 516 4607 τὸν
540 4554 880 4624 Δημιουργὸν
900 4554 991 4606 τὸν
1012 4554 1165 4623 παρὰ
1194 4554 1277 4607 σοὶ
1307 4554 1467 4623 φύσει
1495 4555 1687 4625 κριτὴν
1716 4555 1974 4625 ᾀδόμενον

2068 4550 2207 4622 ιΑιιι
2245 4551 2291 4605 si
2328 4550 2495 4603 alium
2537 4566 2663 4605 esse
2699 4552 3007 4622 quempiam
3052 4552 3291 4622 iudicas,
3318 4552 3667 4606 Conditorem

426 4642 551 4710 λέγε
585 4659 672 4712 μοι
704 4641 787 4704 τίς
818 4640 991 4710 τούτῳ
1018 4640 1214 4709 δέδωκε
1240 4640 1338 4710 τὴν
1370 4641 1635 4705 ἐξουσίαν.
1672 4644 1735 4694 El
1764 4643 1871 4713 γὰρ
1906 4644 1996 4710 ἀφ’

427 4733 619 4787 ἑαυτοῦ
652 4732 784 4802 ἔχει,
821 4733 928 4802 ἄρα
969 4731 1142 4801 μέγας
1184 4733 1320 4796 ἐστὶ,
1356 4733 1447 4786 καὶ
1488 4734 1734 4799 ἐξουσίαν
1774 4733 1907 4803 ἔχει.
1936 4734 1999 4785 Ei

426 4823 485 4877 δὲ
529 4823 620 4876 τοῦ
684 4823 890 4893 κρίνειν
942 4822 1189 4888 ἐξουσίαν
1237 4821 1371 4892 ἔχει,
1412 4823 1504 4876 καὶ
1555 4823 1648 4876 τοῦ
1692 4822 1904 4887 σώζειν.
1941 4824 2000 4875 '0

427 4914 538 4984 γὰρ
563 4913 856 4983 δυνάμενος
881 4912 1084 4982 κρίνειν
1115 4911 1335 4966 δύναται
1362 4914 1456 4966 καὶ
1476 4914 1750 4967 ἀπολύειν.
1778 4914 1887 4967 Kal
1910 4914 2003 4968 ἄλ-

428 5005 555 5068 λως·
592 5006 674 5069 Εἰ,
710 5004 803 5057 τοῦ
846 5004 1035 5075 κριτοῦ
1073 5004 1355 5074 βάλλοντος
1383 5007 1482 5069 τὰς
1523 5006 1701 5078 ψυχὰς
1738 5007 1816 5070 είς
1853 5008 2004 5076 γέεν-

428 5111 547 5157 ναν,
578 5096 605 5147 ὁ
633 5092 764 5157 Θεὸς
797 5096 825 5147 6
851 5093 1051 5162 ἀγαθὸς
1080 5095 1142 5147 οὐ
1177 5095 1363 5166 ῥύεται
1388 5096 1578 5159 αὑτὰς,
1611 5100 1639 5151 6
1669 5098 2003 5168 πανταχόθεν

429 5187 538 5239 τῶν
568 5187 747 5240 αὐτῶν
771 5186 1193 5258 ἐπιμελούμενος
1219 5187 1405 5258 ψυχῶν
1433 5187 1550 5251 πῶς
1571 5188 1636 5242 ἂν
1658 5190 1742 5257 εἴη
1771 5189 2001 5258 ἀγαθός;

430 5278 467 5351 ἢ
502 5278 608 5348 γὰρ
636 5280 715 5332 ὅτι
747 5278 1085 5349 ἰσχυρότερος
1114 5277 1276 5331 αὐτοῦ
1310 5280 1445 5342 ἐστι,
1479 5280 1572 5333 καὶ
1604 5281 1665 5333 οὐ
1697 5280 1915 5334 δύναται
1942 5282 2007 5333 ὲκ

433 5370 614 5441 χειρὸς
656 5368 897 5439 ῥύεσθαιο
932 5370 964 5440 ἢ
1000 5370 1080 5421 ὅτι
1112 5368 1332 5421 δύναται
1380 5370 1498 5440 μὲν,
1543 5371 1604 5423 οὐ
1644 5371 1891 5439 βούλεται
1927 5372 2003 5425 δέ.

434 5463 547 5516 Kal
590 5461 691 5514 ποῦ
733 5464 766 5532 ἡ
812 5462 1116 5533 ἀγαθότης;
1160 5464 1223 5516 Εἰ
1250 5463 1327 5524 δὲ,
1364 5462 1553 5533 ἐπειδὴ
1579 5463 1739 5528 αὐτὸς
1771 5464 2006 5527 ἔκτισεν,

435 5551 684 5615 ἐξουσίαν
712 5552 825 5622 ἔχει
853 5553 945 5606 καὶ
974 5554 1178 5622 κρίνειν
1235 5554 1351 5617 πῶς
1378 5555 1406 5606 6
1436 5555 1547 5610 ἄνω
1573 5553 1705 5618 Θεὸς
1737 5558 1766 5608 6
1790 5556 1893 5609 ὑπὸ
1917 5555 2009 5610 σοῦ

507 5709 866 5784 ’_Gen._x_ux,
901 5712 956 5766 9.
1026 5714 1075 5784 ff
1107 5712 1236 5769 ibid.
1271 5729 1392 5784 sqq.

2101 4639 2331 4704 scilicet,
2362 4655 2522 4709 quem
2555 4648 2613 4693 tu
2651 4641 2870 4711 proprie
2908 4642 3147 4711 judicent
3190 4643 3500 4706 constituis,
3533 4644 3670 4699 cedo

2099 4728 2223 4797 quis
2257 4730 2308 4784 ei
2333 4738 2658 4800 potestatem
2695 4732 3051 4787 commiserit.
3085 4731 3237 4788 lianc
3263 4733 3404 4787 enim
3429 4733 3473 4787 si
3508 4733 3671 4788 habet

2101 4821 2219 4890 ipse
2238 4836 2331 4890 per
2368 4838 2509 4887 sese,
2537 4838 2769 4893 magnus
2798 4825 2985 4894 utique
3013 4832 3116 4891 est,
3146 4839 3209 4878 ac
3237 4833 3503 4895 potestate
3529 4841 3669 4895 pra:-

2101 4917 2270 4971 ditus.
2297 4916 2451 4982 Quod
2479 4916 2526 4971 si
2576 4916 2860 4985 judicandi
2913 4931 3081 4986 penes
3122 4930 3246 4970 eum
3296 4915 3528 4972 facultas
3559 4926 3667 4979 est,

2102 5008 2206 5063 erit
2229 5017 2283 5063 et
2322 5008 2592 5065 servandi.
2645 5006 2747 5074 Qui
2780 5009 2924 5063 enim
2949 5007 3382 5077 iurisdictionem
3414 5023 3672 5064 exercere

2105 5107 2303 5169 potest,
2340 5109 2517 5168 potest
2536 5106 2591 5153 et
2627 5099 2926 5154 absolvere.
2957 5097 3242 5160 Praeterea,
3276 5096 3439 5168 33h,
3461 5099 3504 5151 si
3545 5112 3671 5152 cum

2099 5189 2265 5257 judex
2322 5191 2377 5243 in
2425 5189 2727 5259 gehennam
2786 5189 3094 5259 prazcipites
3138 5188 3382 5243 immittit
3437 5188 3671 5251 animas,

2108 5281 2281 5335 b0uus
2311 5280 2397 5335 ille
2425 5278 2591 5342 Deus,
2612 5281 2704 5350 qui
2732 5290 2936 5335 tantam
2969 5280 3276 5335 animarum
3300 5294 3486 5334 curam
3514 5279 3671 5349 gerit,

2108 5386 2218 5426 non
2241 5388 2335 5427 eas
2362 5373 2574 5437 liberat,
2602 5374 2785 5429 haberi
2828 5374 3004 5428 bonus
3025 5371 3115 5443 qui
3142 5372 3377 5442 poterit?
3409 5379 3503 5425 aut
3530 5370 3675 5425 enim

2112 5464 2202 5518 ille
2248 5464 2443 5519 fortior
2484 5474 2589 5532 est,
2634 5482 2735 5521 nec
2778 5481 2843 5521 ex
2884 5465 3004 5535 ejus
3049 5466 3304 5520 manibus
3349 5472 3678 5532 extorquere

2111 5565 2331 5627 potest;
2368 5565 2460 5611 aut
2494 5566 2554 5611 ut
2584 5557 2815 5613 facultas
2843 5566 3114 5627 suppetat,
3146 5556 3301 5614 deest
3334 5566 3513 5613 tamen
3546 5555 3682 5610 libe-

1469 5716 1490 5746 ²
1525 5714 1625 5769 lsa.
1667 5731 1763 5777 vn,
1801 5715 1889 5770 Μ.
1966 5716 1975 5747 ⁵

2074 5715 2179 5769 ich.
2213 5734 2267 5777 ν,
2293 5717 2345 5769 2.
2438 5718 2455 5749 ‘
2488 5714 2716 5773 Malacb.
2753 5732 2835 5784 ιιι,
2863 5719 2911 5777 1.
2990 5718 3010 5750 ⁸
3035 5717 3177 5775 Psal.
3213 5734 3323 5782 cn,
3350 5719 3396 5773 i.
3474 5717 3492 5747 “
3519 5714 3675 5769 Joan.

434 5793 489 5846 ν,
523 5780 612 5837 46.
689 5782 708 5812 ⁷
744 5781 875 5836 Luc.
908 5798 985 5844 xu,
1013 5782 1099 5838 49.
1174 5785 1194 5815 ⁸
1221 5780 1463 5839 ἰὺῐάίείι.
1542 5789 1561 5819 ⁸
1594 5785 1722 5843 Luc.
1757 5801 1851 5853 xu,
1884 5785 1936 5853 4,
1967 5787 1975 5839 ὲ

2098 5787 2141 5819 ⁸⁸
2179 5786 2307 5841 ibid.
2330 5784 2382 5839 6.

755 5874 1027 5940 ΡΑτιιοι..
1074 5875 1191 5941 Gn.
1239 5879 1400 5943 XLI.

3243 5883 3318 5942 2!:-
