4186 6374
563 398 669 459 737
1985 400 2042 455 S.
2084 400 2427 459 EPlPllANll
3723 413 3830 467 748

558 515 718 572 randi
747 514 1019 571 voluntas.
1050 511 1285 568 Ubinam
1324 510 1489 582 igitur
1530 511 1620 565 illa
1655 510 1869 568 bonitas
1898 513 2015 567 est?
2047 513 2123 568 Si:

2251 518 2613 589 μυθευόμενός
2641 535 2793 583 τινας
2821 517 3060 591 μερικῶς
3102 519 3298 586 «Mat;
3343 521 3405 575 El
3453 522 3550 593 μὲν
3586 523 3695 577 ἀπὸ
3718 527 3830 579 τῶν

558 609 820 679 quoniam
860 607 997 661 alter
1023 606 1111 660 ille
1144 604 1409 669 condidit,
1450 604 1572 659 ideo
1605 612 1657 658 et
1680 604 1961 675 judicandi
1987 615 2123 675 pote-

2250 609 2543 679 ἀλλοτρίων
2593 610 2885 681 λαμϐάνων
2935 610 3120 675 σώζει,
3176 612 3487 665 πλεονεκτεῖ
3531 614 3832 687 ἀλλοτρίων

557 706 677 755 stas
733 698 782 754 ei
834 697 1115 761 tribuitur,
1159 695 1435 766 quomodo
1483 712 1775 767 supremus
1831 698 1941 761 ille,
1980 716 2121 769 quen

2249 700 2391 771 ἐρῶν
2414 718 2427 732 ·
2460 702 2508 753 εί
2552 701 2608 754 δὲ
2649 703 2710 755 οὐ
2746 703 2973 771 φάσκεις
3006 702 3315 767 πλεονεξίαν
3342 700 3501 767 εἶναι,
3534 706 3621 761 διά
3654 708 3715 760 τὸ
3746 711 3830 771 εἰς

558 788 744 859 ﬁngis,
782 788 926 842 Deus
957 786 1252 841 nonnullos
1285 800 1350 840 ex
1386 786 1571 855 aliqua
1612 791 1768 855 parte
1799 785 2036 840 liberare
2060 786 2123 840 di

2249 790 2453 859 ἀγαθὸν
2476 792 2535 845 τὸ
2560 792 2719 864 ἔργον
2744 794 2989 863 γίνεσθαι
3022 796 3116 848 καὶ
3151 798 3435 867 σωτήριον,
3472 802 3828 871 προσωπολή-

556 882 738 936 citur?
760 880 887 935 Sive
912 881 1055 935 enim
1080 880 1257 933 aliena
1288 877 1508 948 rapiens
1541 885 1851 943 conservat,
1886 880 2123 948 injurian

2251 898 2391 953 πτην
2420 884 2582 939 αὑτὸν
2612 887 2807 950 ποιεῖς,
2852 886 2927 956 μὴ
2966 886 3025 940 τὸ
3066 888 3270 956 ἀγαθὸν
3304 890 3434 952 ῐσως
3463 892 3650 955 πᾶσιν,
3690 893 3830 947 ἀλλά

553 976 852 1043 cupiditate
874 990 971 1029 sua
996 972 1123 1025 facit
1148 971 1303 1025 alteri
1330 989 1342 1023 :
1370 970 1482 1025 sive
1511 978 1798 1040 propterea
1819 984 1983 1038 negas
2003 971 2123 1040 inju‘

2254 974 2495 1045 μερικῶς
2525 976 2801 1030 ποιοῦντα.

554 1067 691 1119 riam
725 1080 872 1129 esse,
902 1062 1047 1133 quod
1105 1062 1173 1116 ad
1224 1063 1425 1117 bonum
1469 1062 1704 1130 alicujus
1750 1076 1814 1116 ac
1858 1062 2087 1116 salutem
2128 1063 2348 1131 referat,
2382 1083 2741 1137 personarum
2770 1067 2921 1124 illum
2950 1069 3149 1126 habere
3174 1070 3438 1125 rationem
3466 1062 3701 1139 iudicas,
3730 1074 3825 1143 qui

554 1170 665 1210 non
701 1154 919 1210 benede
950 1152 1203 1207 omnibus
1224 1150 1525 1221 atqualitcr,
1551 1151 1646 1205 sed
1709 1152 1877 1206 certis
1929 1152 2196 1209 duntaxat
2233 1158 2430 1213 mereri
2456 1160 2689 1215 studeat.

625 1247 809 1303 Schol.
850 1247 940 1301 50.
969 1244 1076 1299 Pro
1094 1245 1179 1299 his
1214 1244 1433 1299 verbis:
1471 1241 1822 1313 Conﬁtebitur
1845 1262 2025 1299 coram
2048 1264 2123 1301 an

2319 1253 2473 1323 Σχόλ.
2509 1254 2575 1308 λ’,
2623 1254 2769 1308 Ἀντὶ
2812 1255 2925 1309 τοῦ⁹
2988 1255 3371 1327 Ὀμολογήσει
3405 1259 3663 1316 ἐνώπιον
3702 1260 3827 1318 τῶν

552 1340 681 1411 gelis
704 1340 743 1403 ί,
787 1339 1090 1409 rescripsit,
1144 1351 1324 1389 coram
1356 1334 1486 1391 Deo.

2245 1341 2535 1412 ἀγγέλων,
2565 1345 2776 1409 ἐκεῖνος
2800 1345 2906 1399 τοῦ
2942 1347 3089 1399 Θεοῦ
3117 1346 3284 1416 λέγει.

628 1429 815 1485 Refut.
852 1430 943 1483 50.
1003 1429 1241 1497 Apparet
1277 1425 1501 1480 omnino
1527 1465 1541 1488 ,
1602 1441 1946 1496 nequaquam
1988 1427 2123 1481 illun

2319 1434 2537 1505 Ἔλεγχ.
2583 1434 2649 1489 λ’.
2684 1437 3029 1507 Πανταχόθεν
3067 1439 3349 1510 ἐλέγχεται
3386 1442 3461 1512 μὴ
3506 1442 3644 1496 κατά
3688 1443 3825 1497 Θεὸν

552 1522 854 1579 secundum
928 1518 1099 1573 Deum
1152 1517 1468 1582 ambulare,
1522 1516 1649 1572 licet
1706 1519 1998 1573 veritatem
2055 1534 2118 1573 ve

2243 1528 2629 1598 πορευόμενος,
2669 1531 2770 1583 κᾶν
2806 1548 2864 1583 τε
2892 1533 2950 1583 ἐν
2973 1530 3295 1604 βραχυτάτῳ
3331 1534 3475 1605 λόγῳ
3502 1536 3819 1608 παραλλάξ-η

551 1613 755 1683 exiguo
781 1610 1048 1667 vocabulo
1075 1614 1394 1665 commutet.
1428 1606 1531 1672 Qui
1567 1609 1712 1662 enim
1766 1624 1954 1663 eorum
2016 1625 2123 1680 qua

2240 1617 2339 1687 τὴν
2376 1618 2653 1689 ἀλήθειαν.
2706 1620 2764 1672 '0
2799 1622 3012 1692 τολμῶν
3052 1624 3162 1694 γάρ
3200 1642 3257 1677 τι
3290 1606 3690 1697 παραλλάσσειν
3711 1606 3822 1680 τῶν

552 1712 684 1761 sunt
714 1704 869 1759 Initio
903 1703 1109 1772 scripta
1132 1707 1343 1771 partem
1381 1699 1619 1769 aliquam
1635 1714 1987 1770 corrumpere
2025 1716 2123 1757 non

2240 1710 2640 1782 γεγραμμένων
2669 1714 2925 1785 ἀπαρχῆς
2953 1716 3053 1768 οὐκ
3083 1717 3140 1767 ἐν
3171 1717 3276 1787 ἑ,δῴ
3299 1716 3556 1788 ἀληθείας
3581 1720 3820 1779 ῖσταται.

549 1797 787 1860 dubitat,
825 1810 855 1848 a
887 1794 972 1847 via
1013 1790 1253 1846 veritatis
1288 1789 1521 1844 aberrat.

621 1887 808 1943 Schol.
848 1886 937 1941 5|.
976 1882 1097 1938 Non
1130 1882 1297 1937 habet
1335 1881 1481 1936 ista:
1510 1880 1651 1935 Deus
1693 1883 1842 1935 vestit
1877 1882 2053 1952 fenum
2091 1883 2123 1937 '.

2309 1881 2462 1951 Σχόλ.
2503 1881 2604 1936 λα’.
2639 1883 2753 1937 Οὐκ
2788 1882 2901 1954 ἔχει
2932 1885 3013 1938 τό·
3052 1885 3113 1939 '0
3148 1886 3293 1953 Θεὸς
3321 1886 3682 1957 timeres-rum
3710 1889 3819 1941 τὸν

619 2058 803 2114 Refut.
828 2057 917 2113 3i.
950 2055 1104 2111 Licet
1131 2069 1193 2109 ea
1235 2068 1356 2125 quae
1385 2055 1591 2124 scripta
1623 2064 1752 2109 sunt
1783 2070 1893 2110 non
1932 2070 1995 2110 ea
2032 2055 2136 2112 fide

550 2150 786 2210 referas,
821 2162 930 2219 qua
964 2162 994 2201 a
1027 2142 1312 2199 Salvatore
1365 2146 1717 2214 pronuntiata
1752 2154 1901 2210 sunt,
1943 2147 2133 2202 eadem

548 2253 731 2297 tamen
765 2240 856 2294 illa
889 2239 1008 2293 loca
1063 2238 1120 2291 in
1168 2236 1488 2308 Evangelio,
1526 2252 1636 2306 quo
1682 2237 1921 2293 Ecclesia
1949 2240 2137 2293 catho-

549 2334 655 2386 lica
690 2332 882 2394 utitur,
925 2329 1133 2399 integra
1171 2334 1503 2382 servantur:
1535 2329 1937 2397 quantumlibet
1967 2329 2135 2384 Deum

548 2424 705 2478 illum
755 2421 1015 2490 abneges,
1055 2417 1149 2488 qui
1199 2416 1379 2471 Verbo
1423 2430 1526 2471 suo
1560 2416 1809 2471 condidit
1848 2418 2131 2481 universa,

545 2516 851 2584 eademque
896 2526 1032 2566 cura
1084 2525 1183 2565 sua
1234 2507 1692 2579 providentiaque
1723 2510 2131 2578 complectitur,

547 2623 615 2663 ne
643 2606 767 2661 leno
801 2605 1020 2675 quidem
1047 2611 1313 2669 excepto;
1343 2616 1503 2670 quem
1535 2601 1761 2671 insuper
1805 2601 1973 2657 Deum
2015 2602 2134 2656 Sal-

547 2708 704 2753 vator
730 2712 830 2753 sua
864 2711 996 2751 voce
1040 2694 1328 2749 confessus
1358 2702 1461 2748 est.

620 2790 805 2845 Schol.
830 2789 919 2844 32.
957 2787 1117 2842 Pater
1144 2796 1309 2841 vester
1344 2787 1484 2841 novit
1529 2787 1791 2854 corporeis
1832 2788 1957 2841 iisee
1988 2787 2131 2843 vobis

548 2897 676 2951 opus
691 2897 801 2934 esse
816 2880 859 2935 ³.

622 2975 809 3031 Refut.
847 2974 935 3029 52.
994 2974 1151 3031 Novit
1186 2975 1347 3031 Pater
1378 2972 1681 3043 discipulos
1708 2970 1957 3042 corporis
1986 2970 2135 3025 indi-

544 3082 675 3137 gere
714 3067 1197 3123 commoditatibus
1220 3108 1235 3134 ,
1267 3081 1404 3136 quas
1437 3066 1645 3120 idcirco
1677 3071 1936 3133 procurat
1966 3080 1980 3127 ;
2020 3078 2131 3117 non

2237 1972 2476 2040 χόρτον.

2310 2066 2530 2137 Ἔλεγχ.
2564 2066 2665 2121 λα’.
2701 2068 2764 2120 Εἰ
2794 2069 2887 2122 καὶ
2923 2068 2997 2140 μὴ
3026 2070 3119 2141 ἐᾷς
3138 2071 3206 2125 τὰ
3226 2074 3605 2144 γεγραμμένα,
3630 2073 3706 2138 ὡς
3735 2069 3815 2127 εἵ-

2236 2174 2330 2228 χεν
2363 2158 2467 2211 ὑπὸ
2495 2160 2590 2212 τοῦ
2624 2160 2873 2231 Σωτῆρος
2905 2163 3191 2233 εἰρημένα,
3215 2164 3330 2217 ἀλλ’
3358 2161 3517 2234 οὗνγε
3549 2166 3814 2230 σώζονται

2234 2253 2282 2303 οί
2309 2251 2462 2304 τόποι
2486 2252 2543 2305 ἐν
2572 2252 2649 2321 τῷ
2675 2253 2989 2325 Εὑαγγελίῳ
3015 2254 3114 2324 τῆς
3139 2255 3302 2323 ἁγίας
3335 2256 3680 2328 Ἐκκλησίας·
3710 2258 3818 2313 κᾶν

2234 2344 2443 2415 ἀρνήσῃ
2475 2344 2537 2397 σὺ
2566 2346 2657 2399 τὸν
2680 2344 2811 2399 Θεὸν
2836 2347 2927 2399 τὸν
2957 2348 3134 2401 πάντα
3172 2350 3527 2418 πεποιηκότα,
3558 2352 3652 2404 καὶ
3679 2351 3817 2405 πάν-

2234 2451 2340 2485 των
2374 2433 2762 2505 ἐπιμελόμενον
2782 2436 2859 2506 τῷ
2891 2437 3050 2507 Λόγῳ
3072 2438 3259 2496 αὑτοῦ.
3288 2439 3417 2511 ἄχρι
3445 2444 3538 2494 καὶ
3565 2442 3660 2495 τοῦ
3680 2443 3813 2514 χόρ-

2233 2541 2349 2590 του,
2374 2526 2468 2579 καὶ
2494 2526 2598 2579 ὑπὸ
2624 2526 2716 2579 τοῦ
2740 2527 2990 2598 Σωτῆρος
3018 2530 3465 2603 ὁμολογούμενον.

2307 2786 2462 2857 Σχόλ.
2487 2785 2589 2840 λ6’.
2635 2785 2819 2856 ’Υμῶν
2851 2786 2919 2841 δὲ
2940 2791 2973 2841 d
2998 2788 3204 2857 Πατὴρ
3232 2786 3415 2847 οἶδεν.
3450 2792 3539 2845 ὅτι
3567 2792 3814 2864 χρῄζετε

2232 2879 2459 2931 τούτων
2489 2877 2610 2932 τῶν
2640 2877 2963 2946 σαρκικῶν.

2306 2969 2526 3039 Ἔλεγχ.
2542 2968 2639 3039 λβ¹.
2658 2964 2811 3023 Οἶδεν
2829 2971 2856 3022 ό
2873 2970 3081 3043 Πατὴρ,
3100 2972 3178 3025 ὅτι
3194 2974 3483 3045 χρῄζουσιν
3496 2976 3546 3029 οἱ
3573 2976 3813 3048 μαθηταὶ

2232 3060 2341 3115 τῶν
2365 3063 2641 3133 σαρκικῶν
2666 3063 2883 3134 χρειῶν,
2906 3067 2998 3117 καὶ
3017 3070 3231 3137 προνοεῖ
3249 3068 3357 3121 τῶν
3379 3068 3651 3123 τοιούτων·
3676 3088 3812 3141 προ-

550 3162 607 3215 in
636 3160 745 3215 alio
764 3160 1001 3230 quodam
1020 3176 1182 3231 quam
1212 3161 1265 3214 in
1285 3161 1386 3214 hoc
1412 3159 1644 3223 saeculo;
1676 3172 1852 3227 neque
1878 3157 1932 3211 in
1957 3158 2123 3212 aliena

2234 3156 2344 3206 νοεῖ
2371 3153 2427 3207 δὲ
2464 3154 2562 3207 οὐκ
2597 3156 2655 3207 ἐν
2682 3155 2825 3225 ἄλλῳ
2854 3155 3028 3221 αἰῶνι,
3060 3157 3172 3209 ἀλλ’
3202 3159 3453 3223 ἐνταῦθα,
3484 3161 3583 3213 οὐκ
3607 3162 3665 3214 ἐν
3696 3162 3809 3225 τοῖς

546 3250 924 3321 possessione,
955 3251 1049 3307 sed
1077 3252 1131 3306 in
1162 3252 1230 3309 iis
1256 3252 1420 3308 rebus
1453 3264 1687 3321 quarum
1732 3249 1849 3320 ipse
1879 3250 2123 3305 conditor

2232 3242 2531 3313 ἀλλοτρίοις
2562 3244 2661 3315 τὴν
2704 3217 2960 3316 πρόνοιαν
2993 3217 3101 3298 τῶν
3146 3247 3340 3301 ἐαυτοῦ
3388 3217 3591 3303 δούλων
3619 3217 3806 3304 armati:

544 3351 654 3409 est,
680 3358 871 3398 servos
918 3358 1048 3398 suos
1102 3343 1372 3414 singulari
1404 3342 1750 3413 providentia
1788 3341 2125 3412 gubernans.

621 3431 805 3487 Schol.
846 3433 933 3486 35.
955 3432 1188 3499 Quwrite
1220 3448 1436 3504 regnum
1466 3432 1580 3499 Dei,
1611 3442 1660 3487 et
1686 3432 1795 3486 ha'c
1831 3432 2011 3486 omnia
2039 3431 2130 3484 ad-

541 3524 796 3594 jiciantur
824 3525 967 3579 vobis
1006 3526 1048 3579 ’⁵.

620 3615 805 3671 Refut.
837 3616 926 3671 '53.
965 3616 1023 3671 Si
1051 3617 1240 3671 alienis
1277 3624 1651 3673 sustentamur
1685 3617 1902 3687 Opibus,
1938 3625 2129 3686 estque

540 3708 688 3764 alius
719 3708 962 3763 caelestis
1012 3707 1165 3778 regni
1205 3706 1368 3773 Deus,
1401 3707 1531 3777 quid
1571 3716 1750 3778 potest
1781 3709 1837 3761 in
1869 3707 1973 3762 hoc
2003 3722 2127 3762 esse

542 3815 800 3855 sermone
829 3799 1292 3855 consentaneum?
1316 3798 1449 3853 Nam
1479 3809 1572 3853 aut
1596 3799 1662 3853 ad
1694 3799 1845 3853 illum
1862 3806 1969 3853 tam
1989 3798 2127 3853 infe-

544 3891 691 3944 riora
722 3891 824 3945 ista
850 3892 1140 3961 pertinent,
1166 3906 1330 3961 quam
1357 3892 1581 3947 caeleste
1609 3906 1863 3960 regnum,
1895 3889 2126 3959 ideoque

543 3981 806 4037 inferiora
843 3984 956 4037 haec
994 3984 1197 4048 omnia,
1227 3999 1347 4054 qua!
1394 3997 1492 4039 sua
1525 3982 1685 4054 335
1732 3991 1881 4048 sunt,
1913 3998 2012 4053 pro
2048 3984 2126 4037 la-

543 4073 676 4129 bore
698 4075 813 4139 illo,
856 4090 1015 4145 quem
1049 4077 1199 4145 regni
1234 4075 1320 4129 sui
1354 4074 1687 4131 desiderium
1736 4074 1931 4129 all‘erre
1962 4075 2119 4141 solet,

542 4165 857 4222 hominibus
903 4166 1187 4235 rependit;
1240 4174 1334 4220 aut
1363 4167 1436 4220 ita
1501 4181 1728 4235 regnum
1769 4165 2123 4235 futurumque

542 4258 803 4314 saeculum
845 4258 911 4311 ad
945 4258 1097 4311 illum
1154 4258 1410 4327 pertinet,
1461 4269 1520 4312 ut
1551 4257 1667 4312 hac
1700 4256 1884 4311 infima
1915 4257 2120 4312 Condi-

540 4345 650 4399 tori
676 4346 961 4401 tribuenda
976 4346 1116 4411 sint;
1140 4362 1207 4401 ex
1228 4361 1335 4415 quo
1358 4347 1604 4415 sequitur
1617 4345 1928 4403 Conditoris
1945 4346 2119 4415 ipsius

539 4438 873 4493 voluntatem
918 4438 985 4492 ad
1016 4440 1255 4506 supremi
1306 4438 1452 4493 illius
1484 4454 1710 4509 regnum
1741 4439 2119 4495 accommoda-

2233 3352 2413 3405 μενος,
2442 3334 2557 3387 ἀλλ’
2587 3336 2643 3389 ἐν
2671 3338 2784 3399 τοῖς
2810 3337 2899 3389 ὑπ’
2930 3336 3095 3390 αὑτοῦ
3125 3338 3484 3410 ἐκτισμένοις.
3768 3376 3771 3379 -

2300 3425 2453 3495 Σχόλ.
2483 3426 2583 3494 λγ¹.
2613 3426 2851 3495 Ζητεῖτε
2874 3427 2988 3495 τὴν
3002 3429 3333 3493 ,Βασιλείαν
3367 3430 3475 3485 τοῦ
3504 3432 3672 3499 Θεοῦ,
3704 3435 3804 3489 καὶ

2228 3516 2415 3570 ταῦτα
2443 3515 2639 3570 πάντα
2662 3516 3135 3585 προστεθήσεται
3162 3519 3325 3589 ὑμῖν.

2302 3606 2523 3676 Ἐλεγχ.
2562 3606 2664 3676 λγ’.
2712 3609 2775 3661 El
2812 3608 2921 3662 τῶν
2942 3609 3102 3663 ἄλλου
3128 3612 3147 3643 ⁸
3166 3610 3496 3682 τρεφόμεθα,
3516 3612 3611 3665 καὶ
3646 3611 3806 3678 ἄλλος

2227 3694 2360 3758 Θεὸς
2393 3696 2491 3765 τῆς
2528 3695 2803 3765 βασιλείας
2832 3697 2940 3752 τῶν
2968 3700 3211 3770 οὐρανῶν
3236 3701 3493 3772 ὑπάρχει,
3517 3703 3635 3766 πῶς
3666 3703 3748 3757 ἔτι
3774 3708 3806 3759 ὁ

2226 3786 2383 3854 λόγος
2415 3788 2805 3858 συμφωνήσεις
2832 3789 2893 3841 Εἰ
2932 3790 3038 3859 γὰρ
3060 3789 3261 3843 ταὺτοῦ
3291 3792 3409 3844 ἐστι
3446 3792 3515 3846 τά
3547 3792 3801 3861 ἐνταῦθα,

2226 3880 2321 3933 καὶ
2358 3878 2522 3932 αὑτοῦ
2568 3881 2714 3933 ἐστιν
2756 3881 2790 3950 ἡ
2824 3879 3087 3950 βασιλεία*
3131 3882 3210 3936 διὸ
3252 3883 3577 3955 προστίθησι
3624 3886 3803 3940 πάντα

2223 3971 2293 4025 τά
2317 3972 2550 4025 ἐνταῦθα
2572 3971 2702 4024 ὄντα
2724 3971 2888 4025 αὐτοῦ
2910 3972 2999 4026 διά
3022 3972 3113 4029 τὸν
3134 3975 3379 4045 κάματον
3399 3975 3492 4028 τοῦ
3513 3976 3677 4030 πόθου
3700 3979 3801 4049 τῆς

2224 4063 2390 4118 αὐτοῦ
2422 4064 2716 4135 βασιλείας⁸
2751 4065 2785 4135 ἢ
2822 4066 2986 4119 αὑτοῦ
3021 4066 3174 4139 μένή
3210 4067 3477 4137 βασιλεία,
3513 4071 3607 4124 καὶ
3633 4073 3663 4123 ό
3686 4074 3802 4125 ἐκεῖ

2222 4157 2378 4223 αἰὼν,
2415 4157 2509 4210 τοῦ
2540 4158 2595 4210 δέ
2624 4157 2968 4228 Δημιουργοῦ
2998 4158 3066 4211 τὰ
3084 4158 3339 4213 ἐνταῦθα·
3371 4160 3467 4213 καὶ
3492 4162 3801 4215 συνευδοκεῖ

2220 4253 2249 4305 ὁ
2275 4249 2613 4321 Δημιουργὸς
2641 4251 2707 4320 τῇ
2736 4248 2831 4301 τοῦ
2870 4250 2981 4303 ἀνω
3016 4249 3284 4320 βασιλείᾳ,
3324 4252 3796 4324 ἀντιλαμϐανόμε-

2220 4360 2309 4406 νος
2339 4344 2447 4395 τῶν
2477 4342 2573 4412 τὴν
2603 4341 2949 4414 δικαιοσύνην
2979 4342 3073 4395 τοῦ
3103 4344 3215 4397 ἀνω
3243 4343 3339 4398 καὶ
3380 4344 3656 4415 βασιλείαν
3696 4347 3799 4417 ζη-

2218 4432 2474 4487 τούντων.
2510 4433 2656 4495 Μιᾶς
2688 4431 2745 4485 δέ
2776 4430 2943 4502 οὔσης
2970 4432 3236 4495 εὐδοκίας,
3268 4434 3360 4486 καὶ
3393 4434 3513 4504 οὐχὶ
3540 4435 3795 4505 διαφερο-

539 4535 652 4582 tam
674 4542 817 4593 esse,
848 4544 972 4583 cum
1034 4530 1102 4585 iis
1156 4531 1410 4585 omnibus
1462 4531 1798 4600 gratificetur
1831 4540 1885 4586 et
1914 4531 2115 4596 faveat,

2224 4526 2410 4597 μένης,
2454 4524 2638 4578 οὐκέτι
2687 4523 2780 4577 δύο
2816 4524 2982 4594 ἀρχαὶ
3013 4524 3047 4594 ἢ
3080 4527 3247 4594 τρεῖς·
3299 4524 3378 4594 τῷ
3429 4526 3537 4598 γὰρ
3579 4528 3689 4580 ὄντι
3712 4522 3796 4592 εἷς

540 4620 911 4689 quijustitiam
949 4621 1119 4690 ipsius
1175 4636 1239 4675 ac
1280 4637 1510 4692 regnum
1551 4623 1850 4692 requirant.
1877 4624 2032 4689 Quod
2064 4624 2112 4679 si

2223 4620 2367 4672 ἐστιν
2394 4619 2422 4671 ό
2446 4617 2597 4682 Θεὸς,
2625 4619 2653 4670 ὁ
2678 4617 2746 4671 τά
2774 4618 2951 4672 πάντα
2979 4618 3231 4687 ποιήσας·
3260 4620 3487 4688 ποιήσας
3511 4618 3567 4672 δὲ
3591 4620 3791 4689 καλῶς,

536 4709 836 4765 voluntatis
864 4711 1012 4764 nulla
1039 4710 1335 4777 dissensio,
1353 4711 1449 4767 sed
1478 4728 1693 4768 summa
1719 4714 1964 4784 quaedam
1980 4730 2112 4769 con-

536 4800 727 4856 cordia
756 4802 846 4868 sit,
879 4819 985 4857 non
1006 4804 1116 4873 jam
1139 4804 1250 4859 duo
1280 4812 1429 4869 sunt,
1459 4806 1630 4861 triave
1654 4808 1941 4880 principia.
1971 4808 2110 4863 Vere

2217 4710 2313 4763 καὶ
2338 4709 2438 4762 οὐκ
2472 4709 2751 4772 ἐναντίως.
2788 4708 2975 4778 Ἠμῶν
3002 4708 3061 4761 δέ
3083 4710 3200 4761 ἐστι
3229 4709 3290 4761 τὸ
3319 4710 3674 4781 ἁμαρτάνειν,
3698 4714 3794 4766 καὶ

2216 4804 2543 4874 σφάλλεσθαι
2577 4807 2633 4857 ἐν
2658 4803 2737 4875 τῷ
2769 4804 2967 4867 θέλειν,
2999 4803 3093 4856 καὶ
3121 4806 3180 4855 ἐν
3204 4803 3281 4874 τῷ
3322 4805 3396 4875 μὴ
3427 4804 3622 4859 θέλειν.

535 4894 681 4948 enim
704 4893 847 4950 Deus
875 4913 1019 4952 unus
1038 4906 1141 4963 est,
1179 4898 1269 4967 qui
1295 4900 1550 4955 universa
1583 4902 1865 4969 condidit;
1897 4910 1951 4957 et
2017 4902 2239 4973 quidem
2304 4903 2463 4967 bene,
2530 4916 2640 4955 non
2687 4900 2967 4955 contrario
3016 4898 3179 4954 modo
3216 4900 3481 4956 condidit.
3553 4901 3790 4959 Peccare

536 5004 669 5045 vero
700 5000 947 5047 nostrum
1002 5004 1107 5059 est,
1162 5005 1323 5065 atque
1358 4996 1416 5050 in
1465 4997 1715 5068 eligendo
1746 4999 2109 5070 fugiendoque
2143 4998 2417 5055 aberrare.

608 5085 796 5141 Schol.
822 5087 911 5142 54.
940 5086 1046 5143 Pro
1068 5104 1133 5144 eo
1165 5090 1313 5160 quod
1331 5098 1446 5147 est:
1478 5092 1639 5148 Pater
1672 5104 1837 5150 vester
1864 5096 1908 5161 ⁸,
1938 5095 2103 5151 habe-

533 5177 647 5244 bat,
678 5177 861 5234 Pater.

604 5267 786 5324 Hefut.
816 5270 1060 5326 34.Nihil
1084 5288 1261 5329 causae
1288 5282 1487 5330 nostrae
1518 5291 1583 5331 ne
1604 5276 1708 5333 hoc
1737 5277 1857 5333 loco
1881 5278 2102 5347 quidem

531 5360 722 5426 oflicis,
770 5362 866 5417 sed
905 5378 1025 5419 eam
1059 5368 1232 5437 magis
1262 5368 1538 5437 sublevas,
1573 5370 1704 5424 dum
1736 5371 1931 5425 horum
1965 5371 2105 5427 infe-

530 5453 738 5507 riorum
760 5468 949 5509 curam
983 5471 1015 5511 a
1043 5456 1206 5516 Patre
1233 5475 1334 5517 suo
1368 5463 1482 5533 geri
1530 5462 1875 5518 confitentem
1909 5459 2101 5517 Salva-

526 5549 702 5598 torem
730 5542 967 5603 inducis.

604 5716 622 5748 ί
640 5717 792 5789 _Luc.
828 5736 930 5789 xu,
968 5723 1058 5781 28.

530 5784 563 5854 ἠ
589 5785 712 5857 γάρο

1166 5727 1339 5785 ‘ibid.
1377 5729 1428 5785 8.
1538 5729 1558 5761 ³
1587 5732 1718 5787 ibid.
1766 5735 1855 5792 50.

1956 5731 1979 5765 ⁵
2011 5732 2143 5790 ibid.
2169 5732 2257 5792 3i.

2282 5094 2434 5165 Σχόλ.
2467 5092 2562 5150 λδ¹.
2615 5092 2760 5147 Ἀντὶ
2782 5091 2898 5145 τοῦ’
2954 5090 3019 5143 '0
3050 5088 3254 5158 Πατὴρ
3285 5088 3473 5159 ὑμῶν,
3511 5094 3546 5147 ὁ
3580 5094 3788 5164 Πατὴρ

2207 5182 2374 5242 εἴγεν.

2296 5205 2374 5242 εν.

2260 5205 2503 5347 ζἙλεγχ.
2539 5276 2763 5330 λδ⁹.Καὶ
2796 5278 2854 5329 ἐν
2890 5274 3064 5345 τούτῳ
3100 5274 3252 5328 οὐδὲν
3288 5276 3437 5345 ἡμᾶς
3477 5276 3777 5347 ἀδικήσεις,

2204 5371 2341 5426 ἀλλά
2364 5371 2443 5423 ἔτι
2471 5367 2910 5433 ἐπιϐεϐαιώσεις.
2948 5368 3053 5421 Τὸν
3080 5367 3190 5438 γὰρ
3220 5368 3383 5421 αὐτοῦ
3405 5369 3623 5441 Πατέρα
3646 5388 3781 5440 προ-

2204 5465 2343 5516 νοεῖν
2375 5462 2482 5515 τῶν
2522 5460 2754 5516 ἐνταῦθα
2785 5459 3142 5532 ὡμολόγησας
3174 5458 3267 5513 τὸν
3299 5459 3530 5531 Σωτῆρα
3558 5462 3780 5533 εἰρηκέ-

2202 5571 2307 5614 ναι.

2365 5732 2387 5766 ⁸
2417 5731 2542 5791 ibid.
2587 5730 2673 5788 50.
2792 5730 2815 5763 ⁸
2849 5731 3004 5790 Corr.
3036 5734 3099 5787 ἐκ
3130 5730 3238 5788 τῶν
3268 5729 3447 5785 ἄλλου.
3559 5728 3580 5761 ⁷
3612 5726 3773 5788 Corr.
