4186 6374
409 389 515 447 7ι9

1048 388 1416 446 ADVERSUS
1455 388 1796 444 llEllESES
1833 390 1960 445 LIB.
1998 389 2037 445 Ι.
2079 390 2241 447 ΤΟΜ.
2283 391 2368 447 Ill.
2409 419 2478 433 --
2518 389 2790 449 "IERES.
2834 394 2991 451 XLII.

3550 396 3655 463 τεο

476 505 636 577 Σχόλ.
678 506 775 562 λε’.
825 506 973 560 Ἀντὶ
1006 506 1122 571 τοῦ,
1157 506 1409 575 δευτέρᾳ
1451 507 1489 577 ἢ
1519 510 1689 576 τρίτῃ
1716 506 1982 576 φυλακῇ.
2016 564 2019 574 ,

2164 508 2346 564 Schol.
2374 510 2463 565 55.
2503 508 2610 565 Pro
2660 526 2726 566 eo
2778 511 2923 579 quod
2965 518 3068 575 est,
3105 513 3353 575 secunda,
3396 513 3471 566 vel
3504 520 3660 573 tertia
3748 496 3751 501 h

409 595 577 671 εἶχεν,
606 598 897 668 ἑσπερινῇ
922 596 1193 669 φυλακῇ.

487 693 706 762 Ἔλεγχ.
732 691 828 746 λε’.
872 689 1266 763 Ἐλήλεγκταιό
1286 692 1582 763 κτηνώδης,
1613 692 1989 764 μεταστρέψας

410 784 539 846 τοὺς
576 782 757 847 θείους
787 783 981 852 λόγους
1023 784 1267 855 ἀνοήτως
1312 784 1450 856 πρὸς
1493 785 1590 856 τὴν
1627 784 1819 839 ἑαυτοῦ
1859 785 1991 838 61:6-

410 892 583 933 νοιαν.
613 876 687 929 Ού
718 875 827 948 γάρ
864 877 1122 949 ἡμεριναὶ
1158 877 1397 946 γίνονται
1420 877 1532 947 (75)
1568 874 1826 945 φυλακαὶ,
1855 874 1992 931 άλλά

415 969 755 1039 νυκτεριναὶ,
806 967 914 1020 ἀπὸ
954 965 1193 1038 ἑσπέρας
1236 969 1316 1031 είς
1353 967 1453 1038 τὴν
1491 966 1714 1038 πρώτην
1746 966 1991 1037 φυλακὴν

415 1063 699 1135 προκοπὴν
726 1062 824 1133 τῆς
853 1062 1200 1125 ἐπεκτάσεως
1234 1062 1476 1133 ἔχουσαι,
1506 1064 1601 1116 καὶ
1630 1063 1731 1115 οὐκ
1758 1061 1867 1116 άπὸ
1892 1062 1991 1132 τῆς

406 1153 491 1208 Et»
537 1156 618 1218 είς
653 1153 751 1225 τὴν
788 1153 1049 1225 ἑσπέραν,
1098 1153 1174 1216 ὡς
1221 1149 1371 1216 οὗτος
1415 1153 1694 1207 ἁλίσκεται
1743 1153 1993 1225 ῥᾳδιουρ-

414 1251 613 1319 γήσας.

486 1336 643 1407 Σχόλ.
669 1335 778 1401 λς’.
810 1335 977 1400 ’Ἠξει
1010 1338 1043 1390 ό
1072 1337 1288 1404 Κύριος
1327 1335 1433 1390 τοῦ
1472 1336 1696 1390 δούλου
1734 1336 1990 1401 ἐκείνου,

414 1430 514 1485 καὶ
541 1428 927 1499 διχοτομήσει
963 1428 1173 1495 αὐτὸν,
1206 1428 1305 1482 καὶ
1330 1429 1396 1483 τὸ
1420 1429 1603 1499 μέρος
1625 1430 1812 1484 αὐτοῦ
1843 1433 1995 1501 μετὰ

414 1519 535 1575 τῶν
556 1521 831 1575 ἀπίστων
862 1520 1055 1588 θήσει.

487 1610 706 1682 Ἐλεγχ.
738 1610 848 1676 λς’.
876 1612 971 1676 Τίς
995 1612 1025 1665 6
1052 1612 1347 1684 διχοτομῶν
1371 1615 1462 1669 τὸν
1493 1614 1711 1681 δοῦλον;
1748 1616 1894 1686 λέγε.
1930 1616 1995 1669 Et

420 1703 520 1762 μὲν
548 1705 576 1756 6
606 1704 949 1775 Δημιουργδς
994 1704 1093 1758 καὶ
1134 1704 1326 1776 κριτὴς
1370 1705 1522 1778 παρὰ
1564 1706 1656 1760 σοῦ
1706 1708 1994 1780 λεγόμενος

2090 599 2332 654 custodia
2360 602 2400 663 ¹,
2430 602 2751 670 scripserat,
2793 602 3082 670 vespertina
3102 604 3364 657 custodia.

2160 690 2342 748 Refut.
2377 692 2466 749 55.
2503 692 2583 748 Ex
2605 693 2707 748 hoc
2729 694 2848 749 loco
2877 694 3163 750 manifeste
3187 696 3363 751 bellua
3398 700 3501 753 ista
3530 714 3662 755 con-

2091 785 2331 840 vincitur
2358 785 2542 840 divina
2603 785 2671 839 ad
2715 788 3002 857 opiniones
3051 802 3179 845 suas
3211 792 3432 846 oracula
3468 792 3663 862 depra-

2091 892 2271 933 vasse.
2327 876 2513 947 Neque
2574 879 2717 932 enim
2775 878 2986 935 diurnae
3036 890 3166 935 sunt
3207 884 3490 950 custodiae,
3565 885 3661 939 sed

2093 977 2399 1033 nocturna,
2429 982 2551 1039 qua:
2595 983 2627 1023 a
2666 984 2895 1041 vespera
2950 971 3180 1041 primam
3240 974 3308 1028 ad
3352 976 3659 1031 custodiam

2092 1069 2483 1131 prorogantur,
2542 1076 2650 1116 non
2698 1076 2729 1115 a
2777 1063 3048 1118 matutino
3085 1063 3328 1119 diluculo
3358 1066 3426 1121 ad
3465 1083 3659 1138 vespe-

2092 1169 2233 1219 ram,
2259 1153 2714 1225 quemadmodum
2748 1154 2851 1212 iste
2881 1154 3151 1227 ﬂagitiose
3184 1159 3483 1215 substituit.

2167 1334 2354 1391 Schol.
2395 1334 2485 1392 56.
2527 1335 2704 1391 Veniet
2736 1334 2996 1393 Dominus
3025 1341 3160 1395 servi
3189 1342 3357 1406 illius,
3397 1352 3445 1398 et
3464 1345 3661 1399 secabit

2076 1438 2233 1493 eum,
2270 1434 2319 1479 et
2350 1434 2555 1494 partem
2581 1425 2694 1496 ejus
2710 1437 2865 1497 ponet
2887 1444 3005 1483 cum
3027 1430 3326 1499 inﬁdelibus
3367 1434 3409 1489 ².

2166 1602 2349 1660 ltefut.
2370 1602 2461 1660 36.
2492 1602 2627 1671 Quis
2644 1604 2806 1662 istius
2835 1606 2976 1663 servi
2994 1618 3172 1664 sector
3191 1619 3294 1677 est,
3324 1610 3549 1681 agedum
3583 1612 3637 1668 di

2097 1696 2227 1749 cito.
2258 1693 2318 1750 Si
2343 1696 2487 1751 enim
2516 1698 2608 1752 ille
2640 1696 2756 1767 ipse
2782 1696 3029 1765 Creator,
3060 1714 3221 1769 quem
3257 1712 3313 1757 tu
3333 1703 3573 1771 judicem
3602 1719 3663 1761 ac

410 1793 549 1858 Θεός
570 1797 719 1849 ἐστιν
738 1797 766 1848 6
783 1795 941 1848 τοῦτο
954 1795 1162 1866 μέλλων
1184 1797 1469 1867 πράσσειν,
1484 1797 1591 1870 ἄρα
1606 1799 1770 1852 αὑτοῦ
1788 1802 1923 1854 εἰσιν
1945 1802 1993 1854 οί

2099 1785 2266 1843 Deum
2303 1788 2524 1853 statuis,
2574 1789 2680 1845 hoc
2712 1789 2935 1845 omnino
2966 1791 3212 1849 facturus
3262 1802 3368 1860 est,
3411 1795 3479 1849 ad
3520 1796 3664 1852 hunc

415 1886 619 1940 πιστοί’
652 1885 921 1956 ἐπιτιμῶν
941 1886 1049 1958 γάρ
1068 1887 1145 1959 τῷ
1170 1888 1245 1961 μὴ
1270 1889 1451 1954 καλῶς
1476 1869 1770 1961 πράττοντι
1799 1891 1991 1963 δούλῳ,

2100 1880 2257 1950 plane
2292 1878 2476 1937 ﬁdeles
2510 1881 2882 1952 pertinebunt.
2909 1882 3122 1939 Etenim
3154 1900 3370 1940 servum
3404 1888 3493 1943 ille
3520 1888 3663 1943 haud

414 1978 482 2031 τὸ
506 1976 689 2046 μέρος
715 1977 902 2031 αὑτοῦ
928 1978 1080 2048 μετὰ
1110 1978 1230 2032 τῶν
1255 1980 1527 2034 ἀπίστων
1557 1982 1814 2049 τίθησιν·
1850 1983 1900 2035 εί
1936 1983 1995 2037 δὲ

414 2071 448 2122 6
469 2060 660 2140 Πατὴρ
690 2068 783 2122 τοῦ
813 2070 1053 2140 Χριστοῦ
1084 2070 1255 2137 ἐστιν,
1280 2071 1312 2144 ἢ
1334 2072 1495 2136 αὐτὸς
1519 2074 1548 2126 6
1573 2073 1807 2145 Χριστὸς
1823 2074 1851 2127 6
1871 2074 1995 2146 μέλ-

410 2161 526 2216 λων
560 2160 727 2215 ντοῦτο
773 2162 1059 2227 ἐπιτελεῖν,
1109 2164 1440 2236 σαφῶς-τὴν
1491 2165 1799 2237 μαρτυρίαν
1844 2165 1997 2239 παρὰ

419 2252 605 2324 σαυτῷ
652 2252 942 2323 φυλάττεις
987 2253 1129 2308 κατά
1163 2254 1257 2309 σοῦ
1287 2249 1474 2309 οὖσαν·
1508 2255 1783 2326 ὁμολογῶν
1816 2258 1924 2328 γάρ
1960 2257 1993 2328 ἢ

416 2341 653 2414 Χριστὸν
696 2342 729 2414 ἢ
763 2342 855 2397 τὸν
887 2343 1053 2398 αὐτοῦ
1097 2344 1319 2416 Πατέρα
1361 2343 1537 2398 τοῦτο⁸
1568 2346 1829 2417 πράττειν
1870 2347 1998 2417 μέλ-

411 2434 577 2489 λοντα
608 2435 1012 2507 ἀναμφιϐόλως,
1051 2436 1411 2509 ὡμολόγησας
1452 2437 1545 2491 τὸν
1575 2438 1736 2492 αὐτὸν
1778 2439 1991 2510 κριτὴν,

417 2529 509 2580 καὶ
542 2528 634 2580 τὸν
654 2528 813 2581 αὐτὸν
837 2528 1061 2597 ἀγαθὸν,
1092 2528 1185 2583 καί
1212 2528 1310 2584 ἕνα
1334 2528 1483 2594 ὄντα,
1515 2527 1623 2584 τῶν
1653 2523 1755 2585 ὧδε
1776 2531 1997 2584 καὶτῶν

413 2620 532 2673 ὲκει
555 2619 973 2692 προνοούμενον.

490 2712 645 2782 Σχὸλ.
674 2710 771 2776 λζ’.
804 2712 900 2779 Μή
931 2726 1076 2766 ποτε
1100 2713 1412 2781 κατασύρῃ
1448 2728 1525 2767 σε
1548 2712 1700 2781 πρὸς
1734 2712 1843 2766 τὸν
1876 2729 1997 2782 κρι-

418 2804 555 2868 τὴν,
590 2803 688 2858 καὶ
710 2806 743 2859 ό
764 2803 975 2873 κριτὴς
998 2803 1339 2873 παραδώσει
1365 2819 1440 2858 σε
1468 2801 1547 2869 τῷ
1573 2805 1879 2873 πράκτορι.

494 2894 715 2966 Ἔλεγχ.
738 2896 835 2960 λζ’.
855 2894 1063 2967 Κριτὴν
1082 2895 1227 2965 λέγει
1240 2895 1333 2950 τὸν
1346 2897 1997 2969 Δημιουργὺν,πράκτορα

416 2986 477 3041 δὲ
508 2986 737 3041 ἕκαστον
767 2989 875 3042 τῶν
900 2986 1065 3042 αύτοῦ
1104 2989 1370 3057 ἀγγέλων,
1414 2988 1712 3060 μέλλοντας
1745 2990 1997 3044 ἀπαιτεῖν

418 3078 547 3143 τοὺς
570 3079 925 3151 ἁμαρτωλοὺς
964 3080 1033 3135 τά
1067 3080 1451 3152 πεπραγμένα.
1480 3083 1614 3135 Ποῖα
1641 3081 1696 3134 δὲ
1722 3080 1838 3134 ἀλλ’
1862 3080 1895 3151 ἢ
1929 3080 1999 3133 τά

415 3173 715 3244 σφάλματα
740 3173 835 3227 καὶ
864 3173 1257 3244 ἁμαρτήματα,
1290 3172 1325 3227 ἀ
1357 3173 1451 3226 καὶ
1474 3175 1503 3226 ό
1538 3173 1745 3243 Ἰησοῦς
1781 3171 1998 3242 βδελύσ-
2023 3209 2067 3267 C

420 3281 598 3328 σεται,
637 3263 673 3317 ἃ
705 3264 800 3318 καὶ
831 3266 895 3319 σὺ
936 3263 1301 3336 ἀπαγορεύειν
1341 3263 1555 3333 λέγεις;
1598 3264 1661 3317 Εί
1700 3263 1878 3317 τοίνυν
1905 3263 1941 3319 ἃ
1969 3264 1998 3316 6

415 3356 627 3424 ἀγαθὸς
666 3355 797 3419 Θεὸς
834 3354 1202 3426 βδελύσσεται,
1238 3355 1333 3409 καὶ
1378 3356 1408 3408 6
1453 3354 1666 3426 κριτὴς,
1698 3355 1793 3409 καὶ
1828 3358 1856 3409 6
1890 3356 1998 3427 Δη-

418 3449 684 3520 μιουργὸς
722 3448 791 3502 τά
825 3448 965 3502 αύτά
998 3448 1363 3519 βδελύσσεται,
1401 3441 1481 3511 εἷς
1512 3448 1628 3500 ἐστι
1657 3447 1750 3501 καὶ
1784 3448 1812 3501 6
1836 3447 1998 3511 αὐτὸς

418 3539 528 3593 ἀπὸ
554 3539 647 3593 τοῦ
676 3539 839 3611 ἔργου
868 3539 1234 3609 δεικνύμενος,
1260 3539 1354 3592 καὶ
1375 3537 1476 3608 τῆς
1511 3538 1639 3608 μιᾶς
1673 3538 1939 3601 εὐδοκίας.

496 3631 649 3701 Σχόλ.
678 3632 777 3703 λη’.
810 3626 918 3685 *Ην
951 3631 1446 3703 παρακεκομμένον
1487 3630 1596 3684 ἀπὸ
1633 3629 1750 3695 τοῦ,
1777 3627 2001 3687 Ἦλθόν

423 3743 585 3791 τινες
616 3724 1093 3795 ἀναγγέλλοντες
1126 3722 1287 3790 αὺτῷ
1321 3725 1454 3794 περὶ
1488 3724 1608 3777 τῶν
1636 3726 1999 3791 Γαλιλαίων,

417 3812 509 3871 ὧν
540 3816 605 3869 τὸ
635 3812 779 3885 αἷμα
820 3813 1107 3885 συνέμιξε
1147 3814 1403 3882 Πιλᾶτος
1439 3814 1590 3884 μετὰ
1620 3814 1739 3868 τῶν
1776 3814 2002 3871 θυσιῶν

422 3905 644 3973 αὐτῶν,
671 3906 776 3968 ἓως
801 3905 935 3958 ὅπου
965 3903 1112 3973 λέγει
1141 3904 1270 3975 περὶ
1298 3904 1403 3957 τῶν
1433 3906 1491 3957 ὲν
1519 3904 1597 3975 τῷ
1624 3904 1847 3976 Σιλωάμ
1870 3905 2002 3960 δέκα

422 4000 517 4053 καὶ
554 3998 698 4051 ὀκτὼ
736 3997 1113 4052 ἀποθανόντων
1148 4000 1205 4051 ὲν
1245 3997 1323 4068 τῷ
1361 3998 1574 4069 πύργῳ’
1620 3998 1715 4052 καὶ
1751 3999 1833 4052 ὅτι
1868 4000 2002 4053 Ἐὰν

414 4090 505 4161 μὴ
524 4088 958 4159 μετανοήσητε·
984 4088 1077 4143 καὶ
1103 4088 1207 4152 ἕως
1226 4088 1326 4158 τῆς
1348 4106 1423 4142 πα
1435 4088 1665 4161 ραόολῆς
1687 4089 1785 4159 τῆς
1808 4091 1999 4160 συκῆς,

422 4181 555 4252 περὶ
574 4175 639 4251 ἧς
669 4173 822 4231 εἶπεν
863 4180 892 4233 6
919 4179 1185 4249 γεωργὸς,
1227 4179 1310 4231 ὅτι
1354 4177 1624 4243 Σκάπτω,
1654 4178 1753 4232 καὶ
1788 4177 2003 4243 ,βάλλω

421 4274 659 4341 κόπρια,
690 4274 788 4327 καὶ
822 4270 932 4326 ἐὰν
950 4271 1037 4341 μὴ
1062 4271 1323 4338 ποιήσει,
1356 4270 1647 4339 ἔκκοψον.

496 4365 715 4435 Ἔλεγχ.
756 4364 859 4437 λη’.
889 4364 1108 4418 Τούτων
1139 4363 1355 4417 πάντων
1385 4364 1677 4433 ἐποιήσατο
1707 4364 1805 4436 τὴν
1834 4362 2002 4433 ἀφαί-

427 4474 577 4528 ρεσιν
619 4460 649 4511 6
688 4455 943 4528 συλητὴς,
979 4455 1193 4527 κρύψας
1225 4456 1318 4524 ἀφ’
1353 4453 1548 4509 ἑαυτοῦ
1582 4454 1679 4526 τὴν
1722 4455 1998 4526 ἀλήθειαν,

2096 1979 2245 2027 recte
2273 1987 2392 2028 sese
2410 1980 2679 2044 gerentem
2698 1975 2984 2045 increpans
3001 1986 3203 2045 partem
3224 1979 3369 2035 illius
3399 1996 3517 2034 cum
3542 1983 3662 2052 inﬁ-

2095 2063 2299 2117 delibus
2332 2065 2499 2132 ponit.
2532 2063 2687 2130 Quod
2726 2066 2773 2120 si
2800 2064 2962 2122 Pater
2995 2068 3112 2137 ipse
3138 2068 3362 2137 Christi,
3390 2072 3471 2126 vel
3502 2073 3664 2128 etiam

2096 2158 2347 2214 Christus
2370 2158 2603 2228 idipsum
2635 2159 2981 2227 praestiturus
3001 2170 3104 2226 est,
3124 2164 3470 2233 perspicuum
3501 2165 3665 2219 habe’

2097 2258 2286 2303 eontra
2342 2256 2395 2304 te
2451 2249 2846 2305 testimonium.
2880 2248 3017 2304 Cum
3065 2252 3211 2306 enim
3252 2252 3553 2315 Christum.
3582 2257 3664 2311 vel

2096 2340 2269 2408 ipsius
2294 2336 2510 2394 Patrem
2555 2337 2691 2394 citra
2723 2340 2886 2394 ullam
2922 2343 3350 2398 controversiam
3397 2343 3665 2400 facturum

2097 2430 2151 2485 id
2199 2444 2322 2486 esse
2368 2428 2595 2497 fateare,
2636 2432 2884 2487 eumdem
2916 2433 3122 2503 pariter
3146 2441 3200 2489 et
3227 2433 3465 2504 judicent
3492 2447 3547 2492 et
3573 2439 3657 2493 bo-

2098 2538 2249 2588 num,
2306 2530 2362 2578 et
2404 2524 2626 2578 unicum
2655 2530 2769 2578 tam
2812 2523 3121 2581 infimorum
3166 2541 3327 2597 quam
3361 2529 3705 2586 cmlestium'

2098 2615 2495 2670 moderatorem
2520 2616 2830 2671 constituis.

2170 2706 2354 2763 Schol.
2387 2709 2475 2763 57.
2510 2706 2594 2763 Ne
2621 2709 2756 2779 forte
2790 2709 2963 2765 trahat
2989 2720 3036 2765 te
3059 2710 3129 2764 ad
3138 2711 3397 2783 judicem,
3418 2726 3468 2770 et
3497 2716 3668 2787 jndea.

2098 2798 2277 2851 tradat
2302 2807 2350 2852 te
2367 2799 2605 2853 exactori
2639 2798 2679 2854 ³.

2167 2888 2330 2961 336
2362 2886 2543 2945 Refut.
2572 2890 2660 2945 57.
2694 2888 2940 2946 Judicem
2961 2891 3054 2947 hic
3072 2894 3382 2951 Creatorem
3414 2899 3667 2968 appellat,

2097 2990 2407 3037 exactorem
2454 2995 2620 3051 porro
2658 2982 2832 3051 ipsius
2866 2984 3181 3053 angelorum
3216 2989 3533 3056 quemlibet,
3573 2993 3667 3061 qui

2100 3073 2369 3130 factorum
2404 3075 2670 3131 rationem
2715 3076 3143 3146 apeccatorihus
3173 3080 3554 3150 exigent.Quae
3573 3098 3666 3138 au~

2103 3174 2209 3220 tem
2272 3166 2364 3221 illa
2422 3165 2585 3233 facta,
2620 3169 2727 3223 nisi
2779 3169 2976 3224 delicta
3008 3177 3061 3227 et
3094 3182 3317 3241 peccata
3361 3182 3509 3237 sunt,
3550 3191 3669 3244 qum

2101 3256 2262 3314 Jesus
2286 3259 2608 3325 detestatur,
2640 3267 2712 3324 et,
2736 3268 2799 3314 ut
2838 3259 3027 3318 fateris
3056 3263 3190 3334 ipse,
3217 3264 3504 3335 prohibet?
3530 3266 3669 3338 Ergo

2102 3362 2224 3401 cum
2257 3349 2445 3402 eadem
2476 3347 2590 3412 illa,
2621 3364 2743 3419 qua:
2763 3349 2940 3406 bonus
2978 3350 3121 3408 Deus
3139 3364 3470 3418 exsecratur,
3502 3357 3673 3427 judex

2101 3440 2402 3494 detestetur
2429 3448 2485 3495 et
2526 3442 2801 3506 conditor,
2840 3458 2984 3501 unus
3035 3445 3288 3517 idemque
3333 3464 3496 3519 opere
3528 3451 3669 3522 ipso,

2102 3547 2166 3586 ac
2197 3532 2494 3587 voluntatis
2530 3535 2892 3592 consensione
2918 3536 3249 3593 declaratur.

2172 3626 2357 3681 Schol.
2381 3626 2468 3682 58.
2501 3625 2811 3683 Sustulerat
2843 3645 2909 3684 ex
2940 3630 3034 3685 illo
3064 3630 3185 3687 loco
3221 3652 3233 3687 :
3284 3631 3539 3689 Venerunt
3563 3636 3674 3706 qui-

2100 3716 2225 3770 dam
2250 3720 2556 3773 nuntiantes
2595 3719 2695 3788 ipsi
2719 3720 2783 3774 de
2814 3719 3075 3786 Galilwis,
3112 3738 3334 3794 quorum
3368 3727 3674 3797 sanguinem

2102 3810 2387 3865 miscuerat
2435 3808 2648 3865 Pilatus
2689 3827 2807 3865 cum
2835 3813 3115 3883 sacriﬁciis
3156 3831 3359 3881 eorum,
3396 3834 3571 3887 usque
3603 3819 3672 3872 ad

2101 3917 2187 3967 ea,
2226 3903 2424 3973 quibus
2462 3903 2529 3958 de
2553 3904 2855 3959 octodecim
2894 3905 3001 3960 illis
3028 3914 3110 3961 est
3141 3924 3343 3977 sermo,
3375 3911 3468 3979 qui
3498 3912 3551 3964 in
3587 3910 3674 3966 Si-

2103 3997 2245 4051 loam
2281 3997 2441 4051 ruina
2468 3998 2640 4052 turris
2668 3999 2919 4068 Oppressi
2946 4009 3073 4055 sunt
3103 4001 3145 4053 δ.
3170 4000 3300 4056 ltem
3326 4018 3339 4053 :
3372 4001 3497 4057 Nisi
3516 4006 3673 4072 paeni-

2105 4090 2324 4141 tentiam
2349 4089 2578 4157 egeritis,
2606 4103 2781 4157 usque
2822 4088 2889 4143 ad
2926 4091 3239 4159 parabolam
3284 4092 3442 4157 ficus,
3478 4095 3545 4149 de
3566 4112 3673 4165 qua

2102 4180 2241 4233 dixit
2271 4180 2510 4250 agricola
2533 4197 2545 4231 :
2571 4177 2820 4247 Fodiam,
2847 4188 2896 4234 et
2918 4182 3128 4235 mittam
3149 4192 3401 4254 stercora,
3422 4195 3472 4240 et
3502 4188 3549 4241 si
3571 4205 3672 4242 non

2102 4272 2304 4341 fecerit,
2336 4270 2514 4326 excide
2544 4271 2585 4325 '.

2172 4362 2356 4420 Refut.
2384 4364 2474 4420 58.
2515 4362 2643 4420 Haec
2686 4365 2808 4421 ideo
2832 4364 3074 4421 nefarius
3098 4366 3281 4437 praedo
3310 4368 3581 4424 subtraxit
3609 4385 3673 4423 ac

2103 4455 2455 4526 semetipsum
2475 4456 2700 4511 veritate
2730 4454 3021 4522 fraudavit,
3044 4458 3189 4528 quod
3215 4457 3473 4513 Dominus
3512 4458 3671 4513 Pilati

425 4550 514 4604 διὰ
543 4551 605 4603 τὸ
641 4550 732 4603 τὸν
762 4549 969 4621 Κύριον
1005 4548 1502 4621 συμπεφωνηκέναι
1532 4548 1611 4619 τῷ
1640 4548 1819 4611 καλῶς
1850 4548 2003 4601 δικά-

2107 4548 2434 4604 sententiam
2485 4562 2593 4618 qua
2640 4548 2890 4603 homines
2940 4548 3076 4604 istos
3129 4548 3252 4619 jure
3296 4549 3669 4614 damnaverat,

429 4659 580 4695 σαντι
600 4643 728 4706 τοὺς
752 4640 1029 4705 τοιούτους
1052 4640 1293 4712 Πιλάτῳ’
1317 4641 1413 4694 καὶ
1436 4640 1517 4694 ὅτι
1547 4638 1726 4703 καλῶς
1755 4642 1804 4693 οί
1841 4641 1900 4693 ὲν
1928 4639 2007 4710 τῷ

425 4731 649 4803 Σιλωάμ
693 4731 966 4785 ἀπέθανον
1012 4731 1330 4802 ἁμαρτωλοὶ
1374 4730 1545 4795 ὄντες,
1585 4730 1680 4784 καὶ
1723 4731 1825 4783 ὑπὸ
1869 4730 2003 4784 Θεοῦ

422 4824 595 4888 οὕτως
628 4824 1051 4897 τιμωρηθέντες.
1097 4824 1264 4878 Ὅταν
1295 4822 1353 4876 δὲ
1399 4822 1831 4894 ῥᾳδιουργήσωσί
1860 4838 2003 4886 τινες

425 4915 679 4987 βασιλικά
720 4917 1140 4986 προστάγματα,
1186 4914 1293 4968 ἀπὸ
1332 4914 1439 4967 τῶν
1482 4915 1722 4988 ἀρχαίων
1755 4913 1823 4967 τά
1851 4914 2002 4968 ἀντί-

423 5024 614 5080 γραφα
635 5007 749 5079 (74)
772 5008 1162 5080 προφερόμενα
1192 5004 1612 5077 ἠσφαλισμένως
1634 5005 1825 5076 ἔχοντα
1851 5006 2005 5075 ἐλέγ-

426 5118 511 5171 χει
541 5101 667 5165 τοὺς
696 5100 957 5179 ἄφρονας.
991 5098 1176 5165 Οὕτως
1210 5100 1307 5153 καὶ
1334 5099 1442 5152 ἀπὸ
1479 5098 1573 5152 τοῦ
1604 5097 1881 5168 βασιλικοῦ
1920 5100 2002 5152 oi-

424 5207 545 5249 κου.
584 5190 830 5243 τουτέστι
868 5191 970 5259 τῆς
1007 5191 1170 5259 ἁγίας
1194 5190 1287 5243 τοῦ
1320 5188 1455 5242 Θεοῦ
1494 5187 1841 5259 Ἐκκλησίας,
1870 5206 2004 5259 προ-

426 5279 725 5349 φερόμενον
747 5280 807 5333 τὸ
830 5279 1159 5348 Εὑαγγέλιον
1188 5278 1398 5349 ἐλέγχει
1423 5277 1547 5340 τοὺς
1572 5277 1872 5345 ἀφανιστάθ
1892 5278 1999 5330 τῶν

428 5369 607 5423 καλῶν
638 5371 950 5443 ἐνδυμάτων
980 5371 1143 5442 μιῦας.

498 5528 516 5558 ⁸
546 5526 680 5582 Luc.
718 5542 820 5594 xu,
848 5528 938 5584 '58.

498 5682 610 5753 (75)
644 5684 725 5757 οὐ
763 5684 874 5754 γὰρ
910 5686 1192 5757 Αὴμερινιιὶ
1230 5686 1515 5757 γίνονται.
1551 5684 1707 5756 Apud
1745 5682 1994 5755 Xenoph.

423 5765 606 5825 tamen
650 5755 1026 5825 μεροσκόπος
1050 5766 1152 5810 cst.

495 5822 608 5895 (74)
652 5822 795 5881 Ἄπὸ
816 5824 934 5881 τῶν
960 5827 1225 5896 ἀρχαίων
1253 5828 1321 5883 τὰ
1339 5827 1475 5883 ἀντί
1547 5843 1689 5897 σφα.
1718 5826 1870 5884 Corr.
1892 5823 1997 5880 τῶν

2104 4640 2449 4712 approbarit;
2479 4640 2734 4712 quodque
2765 4640 2920 4696 alteri
2949 4640 3048 4703 illi,
3072 4641 3165 4711 qui
3221 4640 3277 4694 in
3309 4638 3513 4695 Siloam
3548 4657 3670 4710 per-

2103 4732 2302 4799 ierant,
2335 4730 2529 4786 merito
2560 4746 2654 4786 eas
2686 4744 2878 4801 poenas
2900 4728 3118 4785 dedisse
3145 4729 3452 4796 videantur,
3484 4739 3674 4800 utpote

2107 4831 2446 4892 peccatores,
2486 4829 2541 4877 et
2579 4820 2847 4892 ejusmodi
2890 4837 2920 4874 a
2975 4819 3086 4875 Deo
3143 4822 3427 4893 suppliciis
3469 4823 3671 4878 aﬂ'ecti.

2105 4912 2213 4969 Sed
2250 4921 2312 4968 ut
2352 4912 2701 4984 imperatoris
2757 4910 2933 4967 edicta
2971 4911 3019 4967 si
3059 4912 3153 4978 qui
3196 4928 3547 4983 corrumpere
3608 4929 3674 4969 ac

2104 5007 2404 5077 depravare
2436 5015 2725 5069 conentur,
2752 5004 2963 5075 prolata
2994 5019 3061 5059 ex
3094 5003 3329 5060 archivis
3358 5004 3672 5061 fidelissima

2105 5096 2436 5167 exemplaria
2457 5096 2681 5152 insanos
2710 5094 2832 5149 illos
2861 5094 3190 5163 redarguunt
3218 5114 3229 5148 :
3264 5094 3345 5150 sic
3385 5111 3415 5150 e
3442 5097 3670 5165 palatio,

2106 5185 2213 5240 hoc
2249 5193 2334 5241 est
2367 5184 2614 5240 Ecclesia
2657 5190 2867 5250 sancta,
2906 5183 3285 5253 depromptum
3319 5183 3670 5257 Evangelium

2105 5276 2469 5347 egregiarum,
2494 5285 2553 5332 ut
2584 5276 2659 5331 ita
2686 5276 2882 5333 dicam.
2920 5277 3154 5331 vestium
3173 5289 3455 5333 arrosores
3484 5293 3668 5335 mures

2104 5370 2261 5435 facile
2288 5369 2509 5440 detegit.

1039 5531 1059 5561 '
1091 5528 1223 5585 ibid.
1256 5528 1349 5585 46.
1425 5529 1446 5561 ³
1473 5526 1604 5583 ibid.
1633 5527 1722 5583 58.
1799 5528 1822 5558 ⁸
1850 5526 1982 5582 Luc.
2010 5541 2129 5593 xm,
2164 5527 2282 5581 1-4.
2359 5526 2381 5557 ⁸
2411 5524 2540 5581 ibid.
2572 5524 2701 5580 5-8.

2105 5682 2358 5757 ἀρχείων,
2387 5698 2453 5757 ex
2479 5684 2750 5757 Archivis.
2784 5684 3020 5757 lgnatius
3052 5688 3207 5757 epist.
3239 5703 3312 5749 vt,
3355 5690 3420 5740 ad
3454 5684 3664 5742 P/n'lad.

2105 5754 2311 5829 ᾗκουσα
2358 5755 2466 5829 γάρ
2489 5773 2649 5829 τινων
2673 5754 2982 5829 ῌλεγόντων,
3034 5754 3136 5817 ὅτι,
3187 5757 3422 5829 Ἐἀννμὴ
3455 5760 3510 5813 ὲν
3558 5759 3668 5821 τοῖς

2106 5823 2344 5895 ἀρχείοις
2375 5823 2518 5896 εὕρω
2548 5826 2639 5880 :06
2673 5826 3027 5898 Εύαγγελίου,
3057 5830 3117 5882 ού
3151 5823 3404 5883 πιστεύω.
