4186 6374
534 434 632 491 751

1928 428 1984 483 S.
2026 428 2369 486 EPlPllANll

3680 444 3792 501 752

603 550 785 605 Schol.
820 550 907 605 59.
946 548 1095 601 Ilanc
1121 560 1292 602 autem
1316 547 1489 617 ﬁliam
1540 546 1785 611 Abralta’,
1816 562 1973 615 quam
1999 547 2103 600 alii.

2287 550 2437 619 Σχόλ.
2461 551 2559 604 λοι.
2601 554 2829 623 Ταύτην
2852 554 2919 607 δὲ·
2944 556 3233 626 θυγατέρα
3264 557 3310 611 Ἀ
3321 557 3530 627 ὄραὰμ,
3548 556 3628 626 ἢν
3648 559 3791 628 ἔδη-

529 647 667 716 gavit
697 642 928 697 Satanas
976 644 1013 695 ¹.

604 734 783 789 Ιὶοΐυι.
811 735 900 788 39.
932 733 1066 788 Cum
1092 731 1315 784 venit-ns
1346 729 1605 785 Dominus
1652 726 1942 782 Abrahami
1986 725 2107 780 lilia:

528 842 717 882 curam
786 825 1067 895 suscipiat,
1111 839 1220 877 non
1260 823 1365 878 erit
1409 822 1477 875 ab
1506 838 1573 877 eo
1603 819 1813 874 alienus
1857 817 2107 872 Abraha-

530 937 675 975 mus.
704 920 874 985 Quem
928 921 1031 972 hoc
1081 917 1202 986 ipso
1232 915 1504 985 placuisse
1535 913 1637 968 sibi
1665 912 1931 975 declarat,
1961 908 2105 979 quod

529 1012 648 1081 ejus
682 1012 803 1065 ﬁlia:
836 1009 1209 1065 misericordia
1244 1013 1542 1060 moveatur.

602 1104 783 1159 Schol.
846 1102 934 1157 40.
988 1102 1119 1155 Item
1189 1099 1321 1153 illud
1365 1098 1608 1153 ademit:
1646 1096 1793 1151 Tunc
1863 1091 2105 1147 videbitis

531 1195 825 1258 Abraham,
872 1192 1051 1259 Isaac,
1101 1200 1150 1245 et
1184 1189 1373 1252 Iacob,
1418 1198 1468 1242 et
1511 1203 1686 1241 omnes
1732 1183 2007 1253 prophetas
2052 1182 2107 1233 in

530 1305 687 1359 regno
711 1287 871 1341 Dei’.
905 1284 1012 1338 Pro
1049 1298 1157 1353 quo
1193 1281 1476 1353 rescripsit
1514 1299 1527 1333 :
1567 1278 1701 1335 Cum
1729 1292 1904 1331 omnes
1926 1276 2103 1343 justos

530 1380 765 1434 videritis
803 1380 858 1431 in
906 1394 1061 1444 regno
1127 1374 1245 1441 Dei,
1290 1391 1377 1428 vos
1421 1382 1597 1426 autem
1638 1370 1897 1425 exclusos.
1946 1365 2108 1433 Adje-

529 1474 734 1541 citque,
764 1470 997 1525 detentos
1021 1468 1177 1537 foris.
1223 1466 1314 1523 Et.
1359 1466 1479 1521 Illic
1526 1474 1603 1520 est
1648 1464 1800 1533 ﬂetus
1827 1470 1875 1515 et
1907 1457 2107 1514 stridor

528 1566 785 1619 dentium.

596 1742 755 1813 337
787 1740 968 1796 Relut.
1002 1741 1089 1795 ιο.
1126 1737 1412 1805 Quomodo
1440 1736 1689 1792 veritatis
1726 1731 1953 1803 vestigia
1988 1744 2110 1801 pro-

526 1834 793 1889 duntur!
873 1831 1025 1885 Viam
1109 1831 1254 1886 enim
1338 1830 1614 1883 occultare
1689 1840 1850 1880 nemo
1907 1830 2107 1893 potest.

526 1930 605 1982 Ac
648 1928 776 1981 licet
819 1926 1068 1980 homines
1103 1925 1172 1978 ab
1224 1938 1289 1977 ea
1332 1936 1625 1983 revocare,
1668 1926 1721 1974 et
1769 1918 1824 1971 in
1859 1929 2101 1970 errorem

528 2018 703 2090 possit
752 2016 1057 2079 abducere,
1118 2023 1211 2067 aut
1271 2012 1475 2083 ignaris
1524 2010 1909 2071 dissimulare,
1960 2006 2099 2059 idem

525 2117 709 2163 tamen
742 2109 995 2162 itinerum
1028 2105 1215 2177 peritis
1250 2104 1363 2158 fieri
1413 2104 1637 2173 nequit;
1679 2102 1807 2172 quia
1846 2108 2010 2164 terra,
2048 2100 2101 2151 in

527 2216 635 2273 qua
682 2201 751 2255 sit
778 2201 1043 2270 impressa
1088 2199 1203 2260 via,
1247 2196 1363 2250 tolli
1412 2194 1657 2249 funditus
1694 2208 1724 2248 e
1770 2192 1949 2247 medio
1993 2206 2101 2243 non

528 2302 727 2365 potest.
768 2292 831 2345 Et
867 2292 1117 2362 quamvis
1158 2290 1304 2343 illam
1346 2289 1604 2342 obscuret
1634 2287 1905 2356 quispiam
1929 2328 1943 2351 ,
1976 2300 2101 2339 cum

528 2385 669 2439 idem
706 2391 885 2436 tamen
923 2383 1086 2450 hujus
1114 2381 1265 2435 locus
1296 2386 1597 2440 remaneat.
1631 2379 1723 2448 qui
1754 2394 1872 2432 eam
1910 2377 2103 2447 depra-

523 2475 730 2531 vaverit
764 2489 794 2527 a
830 2474 1020 2543 peritis
1063 2471 1210 2525 haud
1244 2471 1460 2526 dillicile
1511 2472 1845 2541 eoarguitur.
1898 2468 2102 2535 Quam-

524 2567 710 2621 obrem
759 2563 1026 2618 orationis
1098 2562 1271 2631 ipsius
1323 2562 1548 2631 vestigia
1612 2570 1664 2615 ct
1713 2559 2101 2629 consequentia

525 2658 758 2727 respice.
794 2653 949 2709 lllum
980 2653 1121 2707 enim
1152 2653 1331 2722 ipsum
1372 2668 1678 2709 sermonem
1716 2653 1782 2706 ad
1813 2666 2102 2721 quemnam

526 2749 692 2801 alium
726 2756 1082 2817 praeterquam
1114 2745 1181 2799 ad
1209 2743 1426 2800 Iudaeos
1472 2745 1703 2799 habuit?
1742 2744 1896 2811 Quod
1929 2746 1972 2799 si
2004 2743 2101 2798 Ju-

526 2842 672 2896 dmos
724 2841 1134 2909 alloquebatur,
1164 2838 1275 2908 jam
1316 2854 1411 2894 eos
1452 2839 1599 2894 intus
1651 2836 1821 2893 fuisse
1872 2838 2102 2892 demun-

526 2934 755 2997 strahat,
786 2940 839 2986 et
864 2948 889 2983 a
918 2931 1193 3000 justorum
1219 2932 1498 2986 consortio
1531 2940 1866 3001 segregatos.
1886 2930 1955 2983 At
1976 2945 2104 2984 vero

524 3026 745 3094 quinam
794 3024 829 3077 ii
862 3032 1028 3090 sunt,
1078 3024 1184 3078 nisi
1235 3023 1543 3085 Abraham,
1580 3021 1763 3086 Isaac,
1805 3022 2009 3084 Jacob,
2051 3028 2105 3073 cl.

523 3116 844 3188 propheue?
882 3115 1001 3170 Non
1044 3116 1189 3171 enim
1230 3116 1345 3168 ait:
1393 3114 1641 3167 Videbitis
1682 3114 1859 3181 justos
1897 3113 2105 3164 intran-

2206 660 2318 696 σεν
2346 646 2377 695 d
2404 644 2695 710 Σατανᾶς.

2281 735 2501 804 Ἕλεγχ.
2528 736 2630 789 λθ’.
2660 738 2723 790 Ei
2752 738 2850 807 τῆς
2880 737 3147 807 Θυγατρὸς
3184 738 3278 791 τοῦ
3312 738 3561 808 ’Δόραάμ
3591 739 3791 808 ἐπιμε-

2206 826 2380 879 λεῖται
2421 826 2591 881 ἐλθὼν
2636 830 2663 881 ὁ
2702 830 2927 899 Κύριος,
2982 832 3081 883 ούκ
3118 829 3395 901 ἀλλότριος
3438 830 3601 883 αὐτοῦ
3637 833 3788 882 ἐστιν

2220 917 2487 989 Ἀϐραάμ.
2533 918 2813 989 Ὁμολογεῖ
2840 920 2948 991 γὰρ
2975 921 3136 974 αὐτὸν
3164 921 3313 991 αὐτῷ
3336 921 3787 991 εὑηρεστηκέναι,

2208 1006 2387 1064 οἶκτον
2418 1013 2497 1075 εὶς
2524 1012 2621 1082 τὴν
2656 1013 2819 1067 αὑτοῦ
2850 1013 3123 1085 Θυγατέρα
3152 1014 3579 1082 ἐνδεικνύμενος.

2279 1103 2431 1171 Σχόλ.
2500 1110 2571 1173 μ’.
2622 1104 2905 1174 Παρέκοψε
2970 1104 3131 1157 πάλιν
3194 1105 3275 1156 to"
3351 1106 3486 1157 Τότε
3560 1103 3790 1170 ὄψεσθε

2221 1194 2484 1263 Ἀϐραὰμ,
2534 1196 2629 1248 καὶ
2690 1196 2907 1259 Ἰσαὰκ,
2961 1197 3060 1251 καὶ
3129 1194 3343 1259 Ἰακὼϐ,
3402 1193 3501 1246 καὶ
3554 1192 3789 1256 πάντας

2207 1289 2350 1354 τοὺς
2378 1291 2686 1357 προφήτας
2716 1291 2785 1343 ἐν
2818 1289 2890 1357 τῇ
2914 1288 3203 1354 βασιλείᾳ
3226 1288 3330 1341 τοῦ
3363 1286 3529 1340 Θεοῦ·
3569 1286 3687 1339 ἀντὶ
3726 1284 3788 1336 δὲ

2207 1382 2394 1433 τούτου
2425 1381 2697 1451 ἐποίησεν·
2737 1382 2865 1433 Ὅτε
2894 1381 3126 1446 πάντας
3157 1380 3297 1445 τοὺς
3321 1380 3588 1446 δικαίους
3619 1378 3789 1445 ἴδητε

2207 1473 2275 1525 ἐν
2291 1473 2363 1536 τῆ
2375 1474 2665 1551 ,βασιλείᾳ
2687 1474 2792 1527 τοῦ
2823 1474 2993 1536 Θεοῦ,
3014 1472 3169 1543 ὑμᾶς
3191 1473 3259 1525 δὲ
3278 1471 3784 1541 ἑκϐίιιῖομένονς.

2208 1566 2524 1635 Προσέοηκε
2570 1564 2647 1629 δὲ,
2702 1564 3144 1633 κρατουμένους
3183 1566 3317 1628 ἔξωο
3369 1563 3498 1616 ἐκεῖ
3534 1563 3703 1616 ἔσται
3752 1565 3790 1616 ό

2210 1660 2540 1727 κλαυθμὸς,
2575 1660 2671 1712 καὶ
2704 1662 2735 1712 ό
2761 1658 3031 1727 ,ϐρυγμὸς
3055 1655 3176 1710 τῶν
3199 1656 3479 1709 ὀδόντων.

2285 1752 2504 1821 Ἔλεγχ.
2540 1759 2611 1822 μ’.
2651 1750 2774 1815 Πῶς
2816 1752 2885 1804 τὰ
2928 1752 3047 1821 ἴχνη
3080 1750 3179 1821 τῆς
3208 1748 3464 1819 ἀληθείας
3498 1746 3783 1817 (petiverat!

2211 1843 2287 1895 Οὐ
2333 1843 2441 1912 γάρ
2486 1859 2567 1905 τις
2606 1842 2723 1894 ὁδὸν
2763 1841 2982 1894 δύναται
3026 1839 3355 1911 ἀποκρύψαι.
3383 1840 3657 1908 Πλανῆσαι
3688 1839 3792 1908 μὲν

2206 1935 2313 2005 γὰρ
2337 1933 2654 2004 ἀνθρώπους
2683 1934 2904 1985 δύναται
2932 1934 2989 1996 ἐξ
3014 1934 3202 2001 αὐτῆς,
3227 1932 3321 1983 καὶ
3346 1930 3657 2000 ἀποκρύψαι
3683 1930 3788 1981 αὑ-

2203 2018 2301 2090 τὴν
2333 2020 2441 2073 ἀπὸ
2471 2021 2579 2074 τῶν
2612 2020 2946 2088 ἀγνοούντων
2966 2039 2977 2049 ·
3011 2020 3119 2073 ἀπὸ
3140 2021 3194 2072 δὲ
3213 2020 3320 2072 τῶν
3349 2022 3406 2071 ὲν
3429 2019 3592 2089 πείρᾳ
3613 2018 3789 2088 αὐτῆς

2204 2113 2502 2181 γεγονότων
2548 2112 2823 2166 ἀδύνατον.
2857 2113 2930 2164 Οὐ
2963 2111 3070 2181 γὰρ
3097 2111 3316 2164 δύναται
3355 2111 3453 2181 τὴν
3500 2110 3627 2180 γῆν,
3656 2109 3789 2163 ἔνθα

2202 2197 2269 2271 ἦν
2302 2204 2334 2271 ἠ
2358 2202 2496 2264 ὁδὸς,
2519 2202 2801 2270 ἀφανίσαι,
2837 2202 2938 2254 κᾶν
2967 2218 3024 2253 τε
3052 2200 3221 2271 αὐτὴν
3250 2199 3552 2271 ἀμαυρὼσῃ
3572 2217 3585 2229 ·
3609 2198 3703 2251 τοῦ
3724 2216 3791 2252 τε

2204 2294 2367 2345 τόπου
2404 2293 2810 2363 παραμένοντος
2853 2294 2951 2362 τῆς
2979 2292 3097 2345 ὁδοῦ
3128 2293 3233 2345 ὑπὸ
3278 2293 3384 2345 τῶν
3410 2292 3793 2360 γινωσκόντων

2205 2384 2485 2453 ἐλέγχεται
2520 2386 2547 2435 ὁ
2574 2385 2671 2455 τὴν
2703 2383 2819 2435 ὁδὸν
2850 2383 3265 2453 ρᾳδιουργήσας.
3292 2383 3435 2451 Ὅρα
3466 2381 3531 2451 δὴ
3563 2380 3629 2433 τά
3664 2380 3791 2450 ῐχνη

2204 2476 2303 2545 τῆς
2336 2475 2674 2539 ἀκολουθίας.
2704 2476 2807 2528 Τὸν
2833 2475 2942 2545 γὰρ
2969 2476 3126 2543 λόγον
3153 2473 3339 2527 τοῦτον
3365 2473 3500 2543 πρὸς
3529 2473 3650 2525 τινα
3673 2471 3791 2522 ἐλε-

2204 2587 2319 2638 γεν,
2356 2568 2471 2621 ἀλλ’
2496 2569 2528 2639 ἢ
2554 2568 2691 2639 πρὸς
2719 2569 2845 2629 τοὺς
2873 2567 3195 2629 Ἰουδαίουςς
3230 2567 3341 2619 Καὶ
3386 2566 3433 2617 εἰ
3482 2564 3616 2633 πρὸς
3658 2564 3794 2625 τοὺς

2218 2658 2520 2721 Ἰουδαίους,
2553 2658 2653 2727 ἤδη
2680 2654 2877 2719 ἔδειξεν
2902 2656 3096 2717 αὐτοὺς
3126 2654 3291 2717 ἔνδον,
3321 2653 3412 2707 καὶ
3450 2650 3788 2721 ἐκϐαλλομέ-

2204 2768 2325 2813 νους
2346 2748 2450 2802 ἀπὸ
2477 2748 2583 2801 τῶν
2608 2748 2848 2801 δικαίων.
2879 2745 3031 2808 Τίνες,
3070 2746 3115 2798 δ’
3146 2744 3212 2797 ἂν
3237 2739 3369 2809 εἶεν,
3400 2742 3512 2795 ἀλλ’
3544 2742 3577 2811 ἢ
3607 2742 3657 2793 οἱ
3688 2741 3790 2794 αὑ-

2204 2841 2311 2893 τῶν
2345 2839 2599 2911 πατέρες,
2619 2838 2889 2910 Ἀϐραὰμ,
2938 2836 3031 2891 καὶ
3063 2836 3267 2898 Ἰσαὰκ,
3318 2835 3412 2888 καὶ
3441 2831 3659 2897 Ἰακὼϐ,
3690 2830 3789 2884 καὶ

2208 2932 2516 3003 προφῆται;
2556 2931 2631 2983 Οὐ
2660 2930 2767 2999 γὰρ
2796 2924 2947 2981 εἶπεν
2968 2946 2983 2959 ο
3013 2930 3269 2995 Ὄψεσθε
3294 2925 3565 2989 δικαίους
3596 2925 3792 2990 εἰσερ-

2206 3022 2519 3091 χομένους,
2545 3021 2641 3074 καὶ
2662 3019 2816 3089 ὑμᾶς
2831 3019 2917 3088 μὴ
2942 3016 3401 3086 εἰσερχομένους
3419 3033 3431 3046 ·
3468 3015 3788 3083 ausae-a-

2206 3119 2317 3169 σθε
2344 3114 2483 3179 τοὺς
2506 3112 2774 3177 δικαίους
2794 3112 2864 3164 ἐν
2886 3110 2958 3179 τῇ
2979 3110 3277 3183 βασιλείᾳ,
3304 3107 3458 3177 ὑμᾶς
3483 3106 3551 3160 δὲ
3573 3107 3786 3159 ἐκϐαλ-

526 3220 598 3265 tes
634 3223 651 3261 .'
680 3224 765 3262 vos
810 3217 983 3261 autem
1023 3224 1125 3260 non
1155 3207 1450 3271 intrantes;
1488 3206 1617 3269 sed,
1651 3204 1891 3258 videbitis
1928 3204 2103 3271 justas

2207 3206 2523 3275 λομένους.
2558 3205 2666 3258 Καὶ
2695 3205 2822 3272 περὶ
2863 3204 2960 3273 μὲν
3002 3201 3094 3255 τοῦ
3126 3199 3554 3270 ἐκϐαλλομένους
3586 3197 3788 3269 μελλη-

524 3304 579 3355 in
601 3316 776 3371 regno,
805 3317 893 3354 vos
932 3308 1105 3354 autem
1134 3299 1345 3368 ejectos.
1383 3296 1486 3352 Ubi
1518 3298 1664 3367 quod
1706 3296 1909 3366 ejectos
1937 3296 2104 3360 dicit,

524 3392 681 3461 quasi
726 3389 969 3443 futurum
1018 3390 1339 3449 denuntiat:
1370 3388 1551 3458 justos
1588 3403 1719 3441 vero
1746 3387 1861 3456 jam
1906 3386 2103 3441 ibidem

525 3482 733 3536 versari
760 3480 1054 3551 signiﬁcat,
1081 3481 1172 3549 qui
1200 3496 1375 3550 neque
1400 3496 1586 3544 carne,
1620 3495 1796 3549 neque
1820 3479 2106 3534 vocatione

526 3573 595 3626 ab
635 3573 741 3627 illis
790 3572 949 3626 alieni
999 3582 1160 3636 sunt,
1202 3572 1298 3627 sed
1337 3575 1703 3625 communiter
1753 3571 1932 3624 vocati
1983 3578 2108 3626 ante

525 3663 728 3717 Christi
766 3661 1065 3716 Salvatoris
1100 3660 1391 3717 adventum
1434 3662 1721 3737 justitiam
1746 3662 1925 3731 adepti
1958 3673 2102 3718 sunt.

528 3756 735 3811 Sed-illi
759 3754 892 3809 loris
912 3763 1132 3808 manent
1151 3755 1379 3817 scilicet,
1400 3753 1528 3807 dum
1555 3755 1703 3809 intus
1719 3770 1905 3809 eorum
1926 3764 2108 3825 patres

526 3848 783 3903 resident.
808 3847 962 3913 Quod
998 3848 1096 3902 nisi
1124 3846 1301 3900 futura
1326 3862 1609 3916 corporum
1633 3856 1717 3901 est
1740 3850 2068 3902 resurrectio
2090 3889 2104 3911 ,

525 3941 794 3993 undenam
826 3940 1065 3993 dentium
1094 3940 1181 3993 ille
1201 3939 1400 3993 stridor
1441 3939 1492 3991 in
1524 3937 1727 4005 judicio
1768 3956 1885 3994 esse
1908 3950 2085 4000 potest

526 4031 690 4084 homo
720 4029 1103 4084 stolidissime!

598 4123 777 4176 Schol.
808 4122 894 4175 41.
928 4121 1064 4175 lllud
1094 4122 1220 4176 item
1251 4124 1472 4177 sustulit
1508 4142 1520 4177 :
1565 4123 1779 4178 Veniant
1802 4126 1866 4178 ab
1906 4127 2105 4180 oriente

524 4225 573 4267 et
627 4213 918 4279 occidente,
960 4220 1009 4265 et
1057 4217 1352 4268 recumbent
1386 4216 1442 4268 in
1496 4233 1673 4285 regno.
1718 4217 1854 4271 Tum
1910 4218 2041 4271 illud
2088 4238 2099 4273 :

525 4305 700 4357 Erunt
732 4304 1001 4357 novissimi
1030 4304 1208 4371 primi.
1249 4302 1379 4358 Item
1414 4323 1425 4357 :
1457 4306 1799 4360 Accesserant
1841 4307 2105 4362 Pltarisa'i

525 4395 754 4449 dicentes
794 4414 811 4449 :
848 4394 983 4457 Exi,
1014 4404 1065 4449 et
1112 4395 1280 4460 vade;
1316 4399 1565 4467 quoniam
1624 4398 1857 4453 Herodes
1907 4401 2015 4453 vult
2058 4410 2105 4455 te

526 4488 837 4555 inter/icere.
873 4486 983 4541 Nec
1010 4502 1118 4541 non
1148 4496 1203 4541 et
1241 4489 1387 4543 istud
1420 4508 1431 4543 :
1464 4490 1723 4546 Abeuntes
1762 4492 1920 4547 dicite
1963 4493 2103 4561 vulpi

2206 3298 2371 3360 τικῶς
2393 3298 2706 3367 ἀπεφήνατο
2724 3313 2739 3327 ο
2769 3296 2893 3358 τοὺς
2922 3294 2979 3347 δὲ
3007 3294 3245 3355 δικαίους
3266 3292 3365 3363 ἤδη
3389 3292 3546 3354 ὄντας
3570 3290 3787 3342 ἀπέδει-

2208 3387 2296 3454 ξεν
2341 3388 2442 3440 οὐκ
2485 3386 2793 3457 ἀλλοτρίους
2836 3383 3042 3438 τούτων
3091 3384 3233 3437 κατά
3276 3382 3372 3453 τὴν
3423 3381 3619 3452 σάρκα,
3662 3379 3786 3432 οὐδὲ

2207 3480 2350 3533 κατὰ
2379 3481 2476 3551 τὴν
2506 3478 2716 3547 κλῆσιν,
2744 3477 2879 3530 ἀλλὰ
2914 3476 3052 3547 μετά
3096 3475 3299 3529 τούτων
3333 3474 3630 3544 κληθέντας
3661 3472 3786 3534 τοὺς

2208 3570 2306 3641 ήδη
2336 3568 2785 3638 δεδικαιωμένως
2819 3567 2925 3639 πρὸ
2955 3566 3055 3637 τῆς
3086 3564 3351 3637 ὲνσάρκου
3380 3563 3544 3618 αὑτοῦ
3574 3580 3784 3633 παρου-

2210 3663 2348 3725 σίας.
2377 3663 2439 3715 El
2468 3661 2523 3713 δὲ
2554 3661 2646 3713 καὶ
2676 3658 2779 3725 ἔξω
2814 3661 3093 3731 μένοντας,
3126 3659 3201 3722 ὡς
3238 3658 3345 3710 τῶν
3388 3657 3637 3729 πατέρων
3677 3654 3789 3708 ἔσω

2206 3755 2394 3807 ὄντων.
2432 3752 2601 3805 Πόθεν
2628 3753 2685 3805 δὲ
2720 3751 2961 3822 βρυγμὸς
2985 3752 3211 3804 ὀδόντων
3250 3750 3457 3817 γίνεται
3484 3750 3541 3800 ἐν
3570 3749 3635 3817 τῆ
3668 3746 3789 3816 κρί-

2209 3864 2311 3910 σει,
2344 3843 2390 3897 ὧ
2414 3845 2606 3915 ἡλίθιε,
2630 3844 2723 3898 ἐὰν
2750 3844 2824 3915 μὴ
2856 3844 3149 3905 ἀνάστασις
3179 3841 3445 3911 σωμάτων
3478 3839 3733 3909 γένηται;

2276 4136 2429 4205 Σχόλ.
2484 4140 2590 4205 μα’.
2646 4131 2932 4203 Παρέκοψε
2981 4132 3142 4184 πάλιν
3193 4131 3281 4183 τ6’
3334 4131 3616 4194 Ἦξουσιν
3666 4130 3787 4185 ἀπὸ

2207 4228 2517 4282 ἀνατολῶν
2552 4226 2653 4279 καὶ
2694 4223 2965 4293 δυσμῶν,
3008 4224 3104 4277 καὶ
3159 4222 3666 4289 ἀνακλιθήσονται
3716 4224 3792 4277 ἐν

2207 4320 2282 4390 τῇ
2313 4321 2633 4386 βασιλείςν
2669 4318 2764 4372 καὶ
2795 4318 2886 4371 τό’
2940 4319 3005 4370 Ol
3048 4317 3293 4386 ἔσχατοι
3339 4317 3584 4369 ἔσονται
3630 4316 3787 4384 πρῶ-

2208 4430 2292 4465 τοι
2314 4430 2327 4443 ο
2360 4412 2454 4464 καὶ
2480 4411 2569 4463 τό·
2598 4408 2954 4477 Προσῆλθον
2974 4408 3279 4475 Φαρισαῖοι
3317 4408 3627 4477 λέγοντες’
3656 4408 3791 4472 Ἔξ-

2205 4508 2363 4566 ελθε,
2399 4502 2497 4557 καὶ
2547 4503 2837 4570 πορεύου·
2891 4501 2981 4553 ὅτι
3019 4498 3277 4568 Ἡρώδης
3329 4514 3402 4553 σε
3450 4500 3609 4553 θέλει
3643 4502 3791 4555 ἁπο-

497 4582 681 4662 λιιιὶσ,
722 4596 894 4649 usque
937 4581 1002 4634 ad
1035 4596 1131 4643 ea,
1164 4598 1267 4634 non
1304 4583 1445 4650 capit
1479 4582 1783 4651 prophetam
1816 4585 1982 4638 occidi
2013 4601 2103 4639 ex-

2210 4596 2464 4650 κτεῖναι·
2497 4595 2588 4647 καὶ
2614 4594 2674 4646 τό
2695 4612 2707 4623 ·
2739 4592 3137 4659 Πορευθέντες
3167 4593 3371 4645 εἴπατε
3414 4591 3488 4661 τῇ
3526 4592 3789 4647 ἀλώπεκι

527 4684 610 4725 tra
641 4672 994 4726 Hierusalem.
1030 4670 1169 4725 Illud
1220 4672 1385 4726 etiam
1434 4692 1447 4727 :
1486 4672 1849 4743 Hierusalem,
1903 4675 2103 4730 Hieru—

526 4765 663 4827 lem,
694 4781 811 4834 qua:
841 4765 1037 4818 occidis
1059 4764 1339 4833 prophetas
1375 4776 1424 4819 et
1468 4765 1679 4835 lapidas
1704 4785 1791 4822 eos
1842 4771 1931 4839 qui
1958 4771 2026 4823 ad
2058 4781 2105 4824 te

525 4858 679 4911 missi
704 4867 827 4911 sunt
853 4874 870 4910 :
898 4856 1029 4913 ltem
1056 4857 1241 4925 :Swpe
1273 4858 1413 4912 volui
1435 4875 1748 4931 congregare
1767 4903 1780 4927 ,
1806 4864 1943 4916 sicut
1990 4864 2106 4934 gal—

526 4949 639 5001 lina
672 4946 841 5014 pullos
868 4964 1021 5007 suos,
1051 4956 1105 5002 et
1131 4946 1498 5018 :Relinquetur
1518 4950 1659 5003 vobis
1689 4951 1876 5005 domus
1900 4965 2105 5020 vestra;

525 5049 619 5095 et:
656 5038 778 5093 Non
808 5056 888 5093 me
916 5040 1176 5106 videbitis,
1212 5045 1373 5095 donec
1418 5042 1608 5096 dicatis
1644 5059 1662 5098 :
1698 5044 2009 5103 Benedictus
2032 5051 2071 5107 ³.

2209 4688 2415 4753 ταύτῃ,
2446 4685 2548 4747 ἓως
2574 4684 2705 4736 ὅπου
2738 4676 2888 4733 εἶπεν
2908 4698 2920 4711 ·
2960 4682 3080 4732 Οὐκ
3118 4679 3421 4747 ἐνδέχεται
3472 4681 3790 4749 προφήτην

2210 4777 2545 4833 ἀπολέσθαι
2589 4775 2706 4839 ἔξω
2750 4772 3173 4842 Ἰερουσαλεήμο
3222 4772 3317 4825 καὶ
3356 4772 3445 4825 τόο
3496 4773 3792 4839 Ἰερουσα-

2210 4868 2785 4938 λὴμ,⁹1ερουσαλὴμ,
2812 4864 2849 4929 ἡ
2890 4863 3330 4917 ἀποκτείνουσα
3371 4862 3514 4927 τοὺς
3558 4862 3791 4931 προφή-

2211 4977 2318 5025 τας
2352 4960 2447 5012 καὶ
2490 4956 2893 5012 λιθοϐολοῦσα
2934 4954 3075 5019 τοὺς
3109 4953 3609 5023 ἀπεσταλμένους
3633 4970 3647 4983 ·
3694 4954 3791 5007 καὶ

2212 5053 2303 5104 τό·
2336 5049 2638 5114 Πολλάκις
2674 5047 2948 5115 ἠθέλησα
2985 5046 3343 5110 ἐπισυνάξαι
3387 5047 3468 5111 ὡς
3512 5045 3675 5113 ὄρνις
3718 5047 3791 5098 τὰ

524 5138 708 5193 τέκνα
740 5152 888 5192 σου’
922 5137 1018 5189 καὶ
1044 5136 1134 5189 τό·
1176 5137 1423 5193 Ἀφίεται
1465 5139 1606 5208 ὑμῖν
1646 5144 1677 5194 ό
1721 5139 1885 5195 οἶκος
1917 5144 2115 5199 ὑμῶν·
2152 5148 2244 5200 καὶ
2271 5147 2363 5199 τό·
2399 5148 2480 5199 Οὐ
2503 5144 2588 5214 μὴ
2622 5140 2784 5210 ἴδητέ
2818 5158 2915 5223 με,
2958 5140 3068 5206 ἕως
3098 5136 3169 5196 οὗ
3217 5141 3425 5209 stante
3450 5157 3465 5172 °
3516 5143 3790 5210 Εὐλογη-

519 5230 724 5300 μένος.
1680 5286 1683 5289 .

597 5320 782 5377 Refut.
809 5322 899 5376 41.
927 5320 1063 5376 Vide
1106 5320 1345 5375 hominis
1393 5318 1706 5384 audaciam,
1742 5333 1817 5379 ac.
1847 5328 2104 5389 quantum

526 5430 589 5468 ex
644 5414 934 5482 Evangelio
981 5414 1288 5469 subtrahat.
1345 5410 1813 5477 Quemadmodum
1879 5412 1924 5465 si
1977 5414 2101 5483 quis

528 5507 749 5559 animali
775 5506 1028 5576 quopiam
1066 5506 1119 5559 in
1154 5505 1290 5559 duas
1322 5511 1503 5574 partes
1531 5502 1787 5568 dissecto,
1816 5504 2100 5557 dimidium

526 5597 648 5663 ejus
700 5597 966 5665 imperitis
1017 5596 1302 5659 ostendat,
1352 5609 1417 5648 ac
1469 5594 1799 5663 persuadere
1846 5604 2104 5663 conetur,

528 5688 796 5754 ejusmodi
854 5696 1023 5741 totum
1084 5687 1282 5741 animal
1333 5701 1491 5749 esse,
1551 5700 1651 5739 nec
1703 5684 1753 5739 ci
1812 5685 2105 5741 ouidouam

530 5776 861 5846 ademptum.

604 5893 622 5922 ι
657 5890 786 5947 Luc.
814 5907 933 5960 xm,
972 5894 1057 5948 ιο.
1136 5891 1319 5947 ’ibid.
1355 5889 1448 5945 29.
1526 5872 1800 5947 tibimet)
1835 5908 1948 5965 sqq.

2290 5324 2509 5392 Ἐλεγχ.
2540 5329 2649 5393 μα’.
2694 5324 2835 5395 Ὅρα
2878 5323 2974 5394 τὴν
3020 5323 3286 5394 τοσαύτην
3331 5322 3566 5392 τόλμαν,
3616 5321 3791 5389 πόσην

2208 5417 2440 5467 ποιεῖται
2482 5414 2768 5485 ἀφαίρεσιν
2795 5414 2889 5467 τοῦ
2924 5414 3275 5483 Εὐαγγελίου.
3294 5414 3379 5477 Ὠς
3428 5412 3481 5465 εἴ
3522 5430 3608 5475 τις
3647 5411 3790 5485 λάϐῃ

2209 5505 2367 5569 ζῶον,
2404 5505 2495 5557 καὶ
2536 5506 2741 5576 ἐκτέμῃ
2786 5506 2937 5571 αὐτὸ,
2973 5506 3154 5560 καὶτὸ
3182 5506 3352 5576 ἥμισυ
3387 5504 3481 5558 τοῦ
3514 5504 3785 5574 σώματος,
3824 5538 3831 5579 τ

2206 5597 2299 5649 καὶ
2333 5598 2391 5647 ὲν
2434 5596 2513 5666 τῷ
2556 5598 2745 5669 ἡμίσει
2790 5600 2914 5661 τοὺς
2948 5598 3274 5666 ἀγνοοῦντας
3312 5597 3631 5667 πειράσεται
3663 5595 3788 5648 πεί-

2205 5685 2336 5751 θειν,
2368 5687 2577 5741 τοιοῦτο
2608 5685 2746 5742 εἶναι
2779 5690 2838 5743 τὸ
2868 5689 3005 5754 ζῶον
3032 5689 3224 5758 λέγων,
3250 5690 3343 5742 καὶ
3379 5687 3544 5759 μηδὲν
3564 5688 3661 5741 ἀπ’
3685 5686 3787 5738 αύ-

2200 5778 2294 5832 τοῦ
2330 5780 2700 5851 ἀφαιρεῖσθαι.
