4186 6374
374 345 478 401 755

1001 348 1392 407 'ADVERSUS
1427 351 1770 408 IlAZliESES
1808 352 1935 410 LIB.
1979 355 2020 409 Ι.
2063 354 2224 411 ΤΟΜ.
2262 354 2348 411 lll.
2391 388 2453 397 —
2498 357 2776 413 H/ERES.
2818 358 2978 413 XLII.

3556 362 3660 416 ’754

444 460 600 532 Σχόλ.
640 462 749 533 μβ’.
791 463 961 518 Πάλιν
993 467 1273 537 παρέκοψε
1308 470 1490 523 πᾶσαν
1517 470 1616 541 τὴν
1650 470 1969 541 παραϐολὴν

2145 474 2313 545 338
2345 472 2531 529 Schol.
2567 474 2657 529 42.
2692 475 2772 528 Ad
2814 476 2928 529 haec
2958 475 3221 544 integram
3253 474 3486 531 abscidit
3522 476 3662 531 duo-

368 553 480 605 τῶν
510 552 603 607 δύο
629 554 782 621 υἱῶν,
813 556 907 609 τοῦ
942 557 1225 630 εἰληφότος
1253 560 1314 614 τὸ
1346 562 1510 633 μέρος
1539 562 1649 615 τῶν
1688 564 1961 635 ὑπαρχόν-

369 662 500 711 των,
542 646 636 700 καὶ
665 648 893 712 ἀσώτως
917 650 1350 724 δαπανήσαντος,
1384 654 1478 707 καὶ
1508 654 1601 708 τοῦ
1635 654 1816 711 ἄλλου.

449 736 670 810 Ἕλεγχ.
704 739 812 809 μβ’.
858 741 1024 819 Οὐδὲν
1059 744 1249 797 διοίσει
1287 745 1348 798 τὸ
1387 746 1682 801 ἀκόλουθον
1727 748 1826 819 τῆς
1867 750 1965 819 ρᾳ-

371 827 650 898 διουργίας
690 832 799 884 ἀπὸ
830 832 939 886 τῶν
985 835 1250 907 πρότερον
1287 836 1468 910 ἑαυτῷ
1515 838 1957 910 τετολμημένων.

382 917 596 991 Ἐαυτῷ
617 921 672 974 δὲ
698 922 759 975 τὸ
779 923 1070 997 ἐπιζήμιον
1088 927 1375 997 ἐπάγεται,
1397 930 1665 1002 μενούσης
1691 930 1791 1002 τῆς
1820 930 1960 985 κατὰ

373 1008 503 1060 Θεὸν
531 1008 812 1080 ἀληθείας.

446 1102 601 1172 Σχόλ.
634 1111 742 1173 μγθ.
800 1104 853 1157 '0
880 1106 1065 1175 νόμος
1089 1106 1188 1160 καὶ
1218 1112 1270 1162 οἱ
1297 1109 1598 1179 προφῆται
1630 1110 1742 1177 ἕως
1778 1110 1965 1165 Ἰωάν-

373 1209 507 1247 νου.
534 1232 547 1246 .
582 1234 597 1248 .
641 1196 741 1249 καὶ
776 1195 897 1263 πᾶς
927 1200 1016 1264 εἰς
1047 1198 1243 1266 αὐτὴν
1267 1200 1557 1265 βιάζεται.

450 1284 672 1357 Ἔλεγχ.
707 1294 817 1358 μγ’.
859 1289 923 1342 Εί
953 1289 1118 1360 νόμον
1150 1291 1361 1355 τάσσει,
1393 1293 1487 1345 καὶ
1515 1294 1803 1364 προφήτας
1832 1294 1967 1348 ἀπο-

376 1378 553 1439 καλεῖ,
580 1381 675 1433 καὶ
720 1381 821 1433 οὐκ
850 1364 1078 1452 ἀνομίαν
1106 1383 1257 1454 δηλοί
1286 1384 1378 1438 τὸν
1406 1385 1591 1456 νόμον,
1628 1387 1751 1440 οὐδὲ
1777 1386 1967 1456 ψευδο-

378 1473 665 1544 προφήτας
698 1474 897 1544 φάσκει
929 1478 1055 1541 τοὺς
1081 1479 1383 1550 προφήτας,
1414 1481 1600 1550 σαφῶς
1625 1480 1967 1551 ὁμολογεῖται

381 1566 872 1655 μεμαρτυρηκέναι
920 1569 1011 1623 τὸν
1062 1572 1293 1644 Σωτῆρα
1339 1576 1453 1637 τοῖς
1501 1574 1810 1646 προφήταις
1874 1576 1968 1629 καὶ

377 1654 670 1723 δέδεικται,
700 1654 776 1722 ῶς
808 1660 937 1731 περὶ
963 1662 1130 1715 αὐτοῦ
1159 1664 1597 1737 προεφήτευσαν.

2064 577 2186 616 rum
2250 562 2895 634 ﬁliorum‘parabolam,
2950 564 3071 633 ejus
3129 564 3382 621 videlicet
3444 567 3537 637 qui
3566 568 3664 622 bo-

2064 667 2258 707 norum
2297 662 2503 723 partem
2536 653 2870 715 abstulerat,
2904 661 2957 706 et
2992 654 3215 709 alterius
3242 655 3280 707 ¹.

2140 745 2319 800 Refut.
2338 744 2429 801 42.
2450 744 2793 799 Simillimum
2823 746 3447 816 maximequegeminum
3465 762 3661 801 novum

2066 838 2171 892 hoc
2207 837 2419 894 facinus
2446 847 2530 892 est
2562 838 2627 892 iis
2656 854 2778 908 qua:
2817 838 2870 892 in
2913 838 3102 893 eodem
3134 848 3258 893 ante
3279 854 3476 908 genere
3513 854 3666 893 COlll-

2068 928 2235 985 nﬁsit.
2273 930 2431 995 Quod
2451 930 2576 984 huic
2612 931 2700 983 uni
2734 928 3354 996 duntaxatfraudiluit,
3393 944 3519 983 cum
3558 943 3666 982 ea—

2066 1023 2189 1077 dem
2218 1023 2401 1077 divina
2424 1023 2630 1078 veritas
2667 1022 3028 1078 nihilominus
3057 1030 3394 1092 perseveret.

2138 1111 2323 1168 Schol.
2361 1114 2451 1169 4⁸5.
2491 1112 2601 1167 Lex
2628 1123 2676 1167 et
2702 1115 2970 1184 propheta?
2999 1130 3162 1183 usque
3192 1112 3267 1167 ad
3294 1111 3576 1167 Joannem.
3604 1152 3619 1167 .
3644 1149 3657 1165 .

2065 1223 2114 1268 et
2147 1216 2319 1269 omnis
2361 1217 2415 1269 in
2446 1215 2582 1270 illud
2606 1217 2708 1269 vim
2734 1215 2865 1285 facit
2892 1216 2934 1268 ³.

2139 1305 2318 1362 Refut.
2380 1308 2470 1362 45.
2518 1305 2578 1361 Si
2622 1306 2793 1377 legem
2856 1312 3173 1377 percenset,
3239 1316 3303 1355 ac
3366 1296 3664 1369 prephetas

2067 1409 2491 1465 commemorat,
2554 1415 2732 1470 neque
2779 1408 2876 1453 aut
2925 1398 3004 1453 illi
3044 1395 3369 1467 pravitatem
3406 1389 3662 1451 ascribit,

2068 1499 2162 1545 aut
2204 1492 2335 1546 istos
2379 1492 2549 1547 falsos
2582 1492 2877 1562 prophetas
2919 1490 3197 1561 appellat,
3241 1484 3551 1541 necessario
3584 1481 3666 1534 fa-

2068 1581 2291 1639 tendum
2343 1583 2767 1647 est,Christum
2811 1582 3102 1638 Dominum
3153 1579 3448 1651 prophetas
3512 1575 3664 1630 testi-

2068 1674 2252 1727 monio
2285 1688 2389 1729 suo
2432 1675 2821 1744 comprobasse
2857 1693 2871 1730 :
2912 1689 3052 1744 quos
3099 1686 3167 1727 ex
3202 1668 3393 1726 eodem
3427 1668 3548 1721 loco
3596 1666 3665 1720 de

2068 1763 2286 1821 Christo
2313 1766 2640 1821 vaticinatos
2678 1782 2803 1822 esse
2834 1766 3130 1835 colligitur.

449 1837 607 1909 Σχόλ.
647 1838 753 1909 μδ’.
793 1841 930 1913 Περὶ
979 1842 1073 1896 τοῦ
1121 1843 1402 1909 πλουσίου,
1437 1845 1532 1899 καὶ
1575 1844 1830 1918 Λαζάρου
1870 1847 1964 1903 τοῦ

2140 1856 2323 1913 Schol.
2358 1858 2449 1914 44.
2485 1858 2560 1914 De
2589 1858 2759 1914 divite
2782 1898 2796 1921 ,
2826 1866 2883 1913 et
2910 1826 3121 1913 Lazaro
3154 1856 3435 1919 mendico,
3470 1867 3666 1924 quem-

322 1972 335 1987 .
375 1929 621 2001 πτωχοῦ,
653 1930 733 1985 ὅτι
758 1931 1040 2007 ἀπηνέχθη
1073 1934 1178 2003 ὑπὸ
1204 1936 1314 1991 τῶν
1344 1938 1592 2007 ἀγγέλων
1621 1940 1702 2003 εἰς
1724 1938 1814 1994 τὸν
1842 1940 1966 1994 κόλ-

383 2039 485 2076 πον
511 2022 788 2095 Ἀϐραάμ.

454 2114 677 2187 Ἔλεγχ.
713 2116 818 2188 μδ’.
857 2117 989 2172 Ἰδοὺ
1014 2119 1109 2172 καὶ
1130 2120 1187 2174 ἐν
1213 2117 1347 2183 ζῶσι
1368 2122 1462 2174 καὶ
1486 2124 1965 2195 μακαριζομένοις,

380 2209 476 2262 καὶ
524 2209 582 2261 ὲν
615 2208 951 2281 κληρονομίᾳ
982 2211 1343 2276 ἀναπαύσεως
1373 2214 1401 2265 ὁ
1431 2214 1684 2285 Ἀϐραὰμ
1727 2216 1834 2269 ὑπὸ
1872 2214 1968 2268 τοῦ

380 2298 590 2371 Κυρίου
625 2300 1015 2372 ὲγκατελέχθη,
1046 2303 1141 2355 καὶ
1178 2303 1429 2375 Λάζαρος
1465 2305 1523 2358 ὲν
1556 2307 1779 2371 κόλποις
1804 2305 1968 2361 αὐτοῦ

381 2390 738 2460 κατηξίωται.
786 2392 1001 2463 Μηκέτι
1043 2394 1245 2458 τοίνυν,
1281 2395 1566 2467 Μαρκίων,
1600 2396 1691 2450 τὸν
1719 2397 1972 2469 Ἀϐραὰμ

379 2481 715 2555 βλασφήμει,
741 2482 834 2537 τὸν
878 2486 1167 2554 ἐπιγνόντα
1198 2486 1290 2540 τὸν
1320 2482 1519 2541 ἑαυτοῦ
1543 2490 1843 2560 Δεσπότην,
1876 2492 1972 2543 καὶ

381 2576 605 2629 εἰπόντα
639 2575 816 2648 αὐτῷ·
846 2578 1046 2645 Κύριε,
1083 2580 1117 2632 ὁ
1158 2578 1380 2648 κρίνων
1423 2579 1634 2636 πᾶσαν
1672 2580 1788 2650 τὴν
1832 2579 1967 2651 γῆν.

395 2668 526 2722 Ἰδοὺ
572 2668 682 2741 γὰρ
730 2669 821 2722 ὑπ’
850 2669 1015 2723 αὐτοῦ
1065 2669 1161 2723 τοῦ
1212 2671 1420 2742 Κυρίου
1452 2673 1806 2744 ἐμαρτυρήθη
1833 2669 1971 2727 εἶναι

382 2763 613 2827 δίκαιος,
639 2763 733 2816 καὶ
778 2762 878 2815 οὐκ
920 2762 1199 2834 ἀλλότριος
1238 2764 1336 2835 τῆς
1382 2764 1535 2837 ποιρά
1580 2765 1673 2819 τοῦ
1723 2767 1974 2837 Σωτῆρος

382 2855 785 2926 ἐπαινουμένης
813 2856 983 2926 ζωῆς.

454 2943 608 3014 Σχόλ.
646 2950 749 3016 με’.
788 2945 921 3000 Νῦν
946 2945 1014 2999 δὲ
1045 2938 1163 3001 ὧδε
1195 2948 1626 3017 παρακαλεῖται
1692 2952 1726 3003 ό
1790 2948 1975 3016 αὐτὸς

384 3036 673 3106 Λάζαρος.

463 3129 686 3233 ἒΕλεγχ.
724 3136 826 3233 με’.
870 3130 933 3184 Ei
964 3132 1366 3233 παρακαλεῖται
1399 3134 1649 3206 Λάζαρος
1674 3139 1732 3190 ἐν
1756 3137 1975 3202 κόλποις
2003 3176 2043 3233 C

2068 1948 2359 2004 admodum
2396 1948 2606 2005 delatus
2652 1957 2739 2006 est
2784 1949 2855 2005 ab
2903 1948 3110 2019 angelis
3133 1948 3206 2002 'in
3257 1946 3439 2003 sinum
3485 1943 3662 1998 Abra-

2068 2037 2154 2092 hae
2186 2037 2227 2091 ³.
3134 2086 3140 2091 .

2136 2126 2319 2184 Refut.
2356 2128 2447 2185 44.
2496 2128 2687 2184 Viden‘
2752 2135 2812 2184 ut
2852 2129 2996 2184 inter
3038 2128 3191 2184 vivos
3243 2141 3309 2182 ac
3356 2126 3547 2182 beatos
3606 2123 3664 2178 iu

2070 2219 2161 2273 illa
2209 2219 2355 2276 felici
2390 2222 2738 2293 sempiterna:
2788 2221 2993 2294 quietis
3057 2219 3375 2275 hazreditate
3416 2217 3667 2271 Abraha-

2070 2326 2195 2367 mus
2226 2327 2257 2365 a
2293 2311 2524 2367 Domino
2554 2321 2896 2379 numeretur,
2927 2322 2981 2368 et
3015 2311 3070 2365 in
3099 2311 3217 2382 ejus
3256 2310 3381 2366 sinu
3401 2309 3664 2378 _Lazarus

2070 2403 2422 2474 acquiescat?
2451 2404 2649 2461 Desine
2684 2406 2881 2476 igitur,
2924 2404 3162 2468 Marcio,
3196 2403 3513 2459 Abrahamo
3551 2416 3667 2456 ma-

2070 2495 2306 2552 ledicere
2328 2539 2342 2563 ,
2375 2499 2467 2568 qui
2498 2498 2791 2553 Dominum
2824 2500 3047 2569 agnovit
3082 2513 3244 2552 suum
3267 2536 3282 2562 ,
3316 2511 3551 2567 eumque
3586 2494 3669 2550 sic

2073 2587 2340 2643 allocutus
2373 2595 2457 2645 est
2492 2604 2506 2641 ε
2539 2588 2763 2643 Domine
2786 2629 2802 2653 ,
2828 2590 2917 2659 qui
2960 2588 3176 2657 judicas
3222 2588 3521 2642 universam
3564 2595 3668 2639 ter-

2074 2697 2189 2733 ram
2223 2680 2264 2733 ‘.
2307 2679 2449 2735 Ecce
2495 2680 2593 2736 tibi
2635 2681 2844 2751 justum
2892 2679 3041 2736 hunc
3090 2679 3262 2736 fuisse
3316 2688 3546 2735 testatus
3583 2689 3669 2736 est

2074 2754 2359 2837 Dominus,
2398 2787 2500 2827 nec
2531 2773 2599 2828 ab
2628 2788 2692 2829 ea
2725 2773 2860 2839 vita,
2882 2786 3049 2842 quam
3080 2770 3330 2827 Salvator
3363 2772 3481 2842 ipse
3511 2785 3665 2826 com-

2076 2860 2318 2925 mendat,
2355 2861 2617 2916 alienum.

2151 2951 2337 3008 Schol.
2381 2954 2471 3008 45.
2523 2952 2680 3009 Nunc
2727 2972 2847 3011 vero
2881 2956 2966 3011 hic
3001 2956 3312 3011 consolatur
3348 2953 3592 3008 Lazarus
3621 2954 3664 3007 ⁵.

2152 3131 2333 3189 Refut.
2364 3135 2452 3189 45.
2497 3134 2630 3190 Cum
2661 3133 2904 3192 Lazarus
2935 3136 2993 3191 in
3025 3135 3323 3191 Abrahami
3374 3134 3496 3189 sinu
3529 3148 3667 3187 con—

400 3223 690 3295 Ἀϐραὰμ,
740 3223 842 3278 οὐκ
885 3223 1044 3287 ἐκτὸς
1084 3225 1185 3295 τῆς
1238 3226 1640 3298 παρακλήσεως
1683 3229 1784 3299 τῆς
1830 3229 1973 3302 ζωῆς

2078 3226 2318 3291 soletur,
2380 3226 2628 3295 sequitur
2678 3242 2748 3281 ne
2799 3226 3171 3282 Abrahamum
3220 3226 3442 3297 quidem
3493 3227 3669 3296 ipsum

386 3316 626 3388 ὑπάρχει
647 3319 675 3371 ό
706 3317 979 3390 Ἀϐραάμ.

459 3409 614 3481 Σχόλ.
670 3415 789 3484 μς.
828 3410 1017 3464 Εἶπεν
1062 3409 1357 3481 Ἀϐραάμ’
1414 3412 1666 3481 Ἔχουσι
1717 3414 1973 3468 Μωῦσέα

387 3500 488 3553 καὶ
521 3500 664 3567 τοὺς
695 3500 1007 3571 προφήτας
1031 3516 1044 3530 ⁸
1071 3502 1514 3557 ἀκουσάτωσαν
1564 3503 1764 3558 αὐτῶν
1788 3521 1801 3533 ·
1842 3504 1972 3558 ἐπεὶ

386 3592 534 3647 οὐδὲ
559 3593 665 3647 τοῦ
688 3592 1068 3664 ἐγειρομένου
1105 3595 1225 3648 ἀπὸ
1249 3595 1480 3664 νεκρῶν
1506 3597 1903 3650 ἀκούσουσιν.

466 3685 686 3757 Ἐλεγχ.
726 3693 844 3757 μς’.
887 3688 998 3758 Οὐχ
1025 3687 1102 3750 ὡς
1128 3687 1209 3740 ἔτι
1240 3689 1297 3741 ὲν
1325 3688 1403 3759 τῷ
1436 3688 1625 3760 κόσμῳ
1647 3688 1743 3751 ὢν,
1773 3692 1865 3744 καὶ
1884 3690 1980 3754 ῶς

389 3777 745 3848 ἡπατημένος
776 3776 1027 3849 Ἀϐραὰμ
1074 3780 1341 3849 μαρτυρεῖ
1382 3778 1459 3849 τῷ
1505 3779 1656 3849 νόμῳ
1702 3780 1978 3844 Μωῦσέως

391 3868 487 3920 καὶ
514 3870 626 3931 τοῖς
656 3868 986 3939 προφήταις,
1014 3867 1136 3921 οὐδὲ
1163 3867 1238 3931 ὡς
1266 3869 1365 3921 οὐκ
1393 3868 1549 3932 εἰδὼς
1575 3871 1645 3924 τὰ
1681 3872 1745 3923 ὲκ
1770 3870 1976 3924 τούτων

389 3959 797 4030 ἀποϐησόμενα,
826 3960 963 4014 ἀλλά
1013 3961 1151 4031 μετά
1200 3960 1260 4013 τὸ
1306 3962 1364 4013 ἐν
1407 3961 1575 4032 πείρᾳ
1602 3961 1852 4030 γενέσθαι
1882 3963 1979 4033 τῆς

391 4053 510 4105 ἐκεῖ
552 4052 932 4117 ἀναπαύσεως.
980 4055 1136 4108 Μετά
1173 4054 1283 4126 γὰρ
1326 4053 1582 4125 τελευτὴν
1620 4057 1979 4126 μαρτυρεῖται

2079 3316 2259 3371 solatii
2291 3332 2415 3371 esse
2444 3315 2605 3385 hujus
2634 3324 2933 3387 expertem.

2152 3411 2338 3466 Schol.
2386 3410 2475 3465 46.
2520 3410 2672 3464 Dixit
2718 3412 2985 3465 Abraham
3026 3428 3044 3465 :
3092 3410 3305 3465 Habent
3347 3408 3570 3480 Moysen
3620 3416 3669 3462 et

2077 3503 2396 3574 prophetas;
2424 3503 2545 3557 illos
2574 3503 2799 3558 audiant
2829 3520 2847 3557 :
2879 3504 3079 3573 alioqui
3120 3520 3281 3574 neque
3316 3504 3362 3557 si
3390 3520 3423 3556 a
3449 3500 3670 3556 mortuis

2078 3598 2195 3668 quis
2221 3598 2592 3661 resurrexerit,
2619 3596 2837 3651 audient
2868 3598 2910 3648 ⁸.

2151 3685 2334 3742 Refut.
2364 3686 2454 3741 46.
2475 3685 2593 3741 Non
2619 3694 2876 3756 tanquam
2914 3687 2969 3740 in
3002 3687 3104 3741 hoc
3143 3686 3348 3741 mundo
3374 3686 3552 3741 adhuc
3575 3690 3668 3753 sit,

2079 3778 2211 3833 etin
2241 3790 2430 3831 errore
2479 3762 2729 3831 versetur
2770 3776 3154 3840 Abrahamus,
3189 3777 3293 3847 legi
3330 3775 3567 3846 Moysis,
3608 3794 3671 3831 ac

2079 3869 2358 3939 prophetis
2395 3869 2769 3924 testimonium
2810 3868 3091 3939 perhibet,
3136 3883 3238 3923 nec
3283 3868 3364 3925 sic
3410 3877 3669 3939 tanquam

2080 3977 2144 4015 ea
2186 3976 2311 4031 quae
2353 3959 2536 4014 futura
2583 3968 2769 4029 postea
2819 3969 2949 4016 sunt
2996 3961 3241 4030 ignoret;
3309 3961 3405 4016 sed
3455 3972 3675 4030 postea-

2079 4068 2240 4122 quam
2275 4052 2583 4121 cujusmodi
2630 4052 2787 4122 quies
2813 4051 2907 4105 illa
2957 4050 3099 4105 foret
3144 4051 3482 4120 experientia
3531 4051 3675 4106 didi-

393 4145 500 4199 ὑπὸ
547 4144 638 4199 τοῦ
691 4146 943 4217 Σωτῆρος
990 4149 1049 4201 ὲν
1098 4150 1165 4219 τῇ
1211 4146 1495 4219 παραϐολῇ
1542 4151 1653 4211 τοῖς
1681 4145 1774 4199 τοῦ
1814 4147 1973 4218 νόμου

2081 4146 2176 4199 cit.
2212 4143 2342 4197 Post
2370 4144 2578 4197 obitum
2627 4142 2772 4198 enim
2807 4143 3060 4198 Salvator
3093 4143 3149 4197 in
3197 4143 3457 4213 parabola
3506 4152 3675 4199 testa—

391 4237 627 4308 δόγμασι
678 4238 774 4291 κα)⁸
824 4239 1133 4310 προφήταις
1161 4240 1258 4311 τὴν
1292 4240 1566 4311 σωτηρίαν
1597 4240 1937 4311 κτησάμενος
1963 4256 1973 4269 ·

2083 4246 2173 4291 tur
2203 4236 2354 4291 illum
2395 4252 2491 4307 per
2525 4235 2664 4308 legis
2692 4236 2949 4307 dogmata
2997 4238 3405 4307 prophetasque
3441 4238 3672 4292 salutem

394 4328 682 4384 καὶταῦτα
709 4329 816 4402 πρὸ
844 4329 936 4383 τοῦ
961 4331 1124 4401 νόμου
1158 4331 1390 4402 πράξας.
1410 4331 1641 4403 Ὁμοίως
1663 4332 1720 4385 δὲ
1740 4331 1973 4394 καὶτοὺς

2081 4343 2203 4384 esse
2240 4338 2629 4392 consecutum;
2684 4328 2906 4383 tametsi
2956 4334 3084 4383 ante
3139 4328 3311 4397 legem
3372 4328 3460 4382 illa
3517 4328 3676 4384 factis

398 4421 537 4494 μετὰ
587 4422 763 4477 ταῦτα
807 4422 899 4478 τὸν
938 4423 1103 4494 νόμον
1152 4423 1514 4494 φυλάξαντας,
1545 4424 1641 4478 καὶ
1674 4424 1973 4496 προφήταις

2081 4420 2731 4501 expressisset.Similiter
2748 4420 2914 4492 339
2928 4435 3024 4477 eos
3048 4422 3139 4492 qui
3159 4422 3327 4493 legem
3352 4435 3541 4491 postea
3560 4439 3676 4478 ser-

396 4512 815 4579 ὑπακούσαντας
866 4516 946 4578 εἰς
1002 4515 1093 4568 τὸν
1142 4515 1343 4569 κόλπον
1382 4514 1546 4570 αὑτοῦ
1576 4512 1736 4581 εἷναι,
1770 4516 1865 4568 καὶ
1903 4517 1973 4578 εὶς

2085 4523 2307 4573 vassent
2340 4530 2404 4569 ac
2443 4514 2722 4586 prophetis
2767 4516 3240 4586 obtemperassent
3283 4516 3336 4571 in
3383 4517 3508 4572 sinu
3553 4518 3674 4586 ejus

396 4606 494 4677 τὴν
528 4605 673 4677 ζωὴν
706 4606 824 4677 μετ’
850 4606 1016 4660 αὑτοῦ
1052 4608 1307 4660 ἀπιέναιο
1342 4600 1416 4661 ὧν
1447 4602 1528 4672 εἷς
1553 4603 1621 4678 ἦν
1655 4607 1925 4678 Λάζαρος,
1959 4608 1973 4659 ἐ

2086 4614 2457 4684 acquiescere,
2494 4618 2548 4665 et
2581 4611 2649 4664 ad
2684 4610 2852 4663 vitam
2883 4625 3009 4664 cum
3042 4610 3159 4679 ipso
3189 4610 3493 4679 pervenire.
3526 4609 3676 4675 Quo-

392 4697 484 4749 διὰ
504 4698 670 4767 νόμου
694 4698 789 4751 καὶ
815 4698 1110 4771 προφητῶν
1128 4698 1486 4766 καταξιωθεὶς
1517 4699 1751 4765 ζωτικοῦ
1783 4699 1973 4754 κόλποι

2084 4722 2203 4760 rum
2235 4721 2265 4761 e
2296 4719 2526 4759 numero
2548 4702 2793 4758 Lazarus
2820 4701 2941 4765 fuit,
2964 4701 3059 4771 qui
3090 4702 3223 4771 legis
3255 4701 3674 4771 prophetarum-

396 4789 497 4861 τῆς
522 4790 614 4843 τοῦ
648 4790 903 4862 Ἀϐραὰμ
939 4791 1362 4863 μακαριότητος.
1822 4832 1828 4839 -
1854 4831 1860 4835 .

2085 4814 2194 4868 que
2246 4796 2511 4852 beneflcio
2562 4796 2618 4849 in
2668 4793 2888 4849 vitalem
2935 4791 3291 4847 beatitudinis
3337 4792 3513 4858 illius,
3565 4807 3674 4861 qua

2083 4889 2430 4944 Abrahamus
2466 4887 2687 4950 fruitur,
2725 4886 2905 4940 sinum
2938 4892 3193 4954 receptus
3222 4892 3325 4939 est.

470 4976 626 5048 Σχόλ.
660 4974 768 5047 μζ.
807 4975 1096 5047 Παρέκοψε
1128 4975 1220 5043 τὸ,
1255 4976 1501 5047 Λέγετε·
1560 4978 1800 5048 Ἄχρεῖοι
1841 4978 1973 5035 δοῦ-

2161 4980 2349 5035 Schol.
2385 4979 2474 5033 47.
2511 4977 2636 5032 ΙΙωο
2671 4979 2833 5032 verba
2870 4976 3216 5045 prmiermisit
3241 4993 3254 5028 :
3283 4975 3450 5030 Dicite
3479 4992 3498 5029 :
3526 4975 3674 5030 Servi

399 5072 501 5126 λοί
530 5071 751 5139 ἐσμεν·
786 5069 818 5123 ὃ
846 5070 1182 5140 ὠφείλομεν
1209 5069 1459 5139 ποιῆσαι
1492 5071 1926 5142 πεποιήκαμεν.

2088 5073 2300 5128 inutiles
2335 5088 2517 5126 sumus
2562 5086 2580 5124 :
2618 5069 2755 5141 quod
2796 5067 3071 5121 debuimus
3117 5067 3324 5136 facere,
3376 5068 3595 5136 fecimus
3625 5068 3669 5122 ".

476 5164 697 5234 Ἔλεγχ.
737 5161 845 5235 μζ’.
888 5164 999 5217 Καὶ
1026 5162 1088 5217 τό
1120 5162 1360 5233 ἀσφαλὲς
1389 5163 1489 5234 τῆς
1518 5165 1610 5218 τοῦ
1656 5165 1861 5237 Κυρίου
1904 5166 1973 5219 διε

2160 5164 2344 5221 Refut.
2387 5165 2478 5220 47.
2518 5162 2692 5217 Etiam
2723 5161 2906 5226 illam,
2940 5175 3105 5230 quam
3159 5160 3407 5215 doctrina
3458 5158 3673 5215 Domini

400 5253 698 5318 δασκαλίας
742 5256 802 5308 οὑ
860 5255 1245 5327 παραδέχεται.
1292 5254 1826 5326 Ἐπασφαλιζόμενος
1878 5258 1973 5328 γὰρ

2094 5257 2431 5327 praescribit,
2484 5254 2793 5309 cautionem
2838 5252 3109 5320 repudiat.
3157 5251 3367 5305 Etenim
3422 5250 3673 5307 Christus

403 5350 529 5411 τοὺς
577 5347 771 5401 ἑαυτοῦ
820 5347 1091 5419 μαθητὰς,
1128 5347 1216 5402 ἵνα
1252 5348 1326 5419 μὴ
1363 5348 1451 5402 διὰ
1478 5349 1577 5419 τῆς
1611 5349 1973 5420 ὑπερηφανίας

2093 5355 2285 5403 cautos
2320 5363 2385 5409 ac
2413 5346 2706 5417 prudentes
2734 5342 2966 5399 reddere
2994 5342 3293 5412 discipulos
3328 5341 3574 5409 studens,
3603 5358 3675 5398 ne

403 5440 713 5493 ἀπολέσωσι
768 5440 859 5494 τὸν
920 5440 1110 5511 μισθὸν
1157 5439 1251 5493 τοῦ
1299 5441 1485 5510 ἔργου,
1549 5443 1973 5512 ταπεινοφρονεῖη

2089 5439 2158 5493 ob
2206 5437 2517 5507 superbiam
2564 5434 2747 5504 operis
2809 5433 2894 5489 sui
2963 5434 3216 5488 mercede
3259 5434 3572 5504 priventur,
3604 5434 3672 5486 ad

405 5534 694 5589 ἐνουθέτει.
726 5528 894 5598 Οὗτος
922 5534 978 5587 δὲ
1009 5535 1069 5586 οὺ
1098 5534 1456 5605 παραδέχεται
1482 5550 1496 5564 ⁸
1526 5534 1679 5604 τύφῳ
1708 5534 1817 5603 γὰρ
1850 5534 1973 5588 κατὲ

2090 5531 2455 5585 humilitatem
2488 5528 2791 5584 erudiebat.
2817 5527 2975 5592 Quod
3005 5527 3111 5582 iste
3154 5527 3549 5582 documentum
3582 5542 3673 5583 re-

408 5626 586 5681 πάντα
617 5626 853 5698 ἐπήρθη,
888 5626 983 5679 καὶ
1008 5627 1111 5679 οὐκ
1141 5625 1387 5697 ἀληθείᾳ.

2083 5623 2237 5693 jicit,
2280 5628 2470 5677 uloote
2506 5622 2685 5678 elatus
2723 5622 3077 5693 arrogantia,
3118 5635 3229 5677 non
3275 5620 3505 5677 veritate
3544 5622 3675 5676 sub--

2089 5732 2272 5771 lllXUS.

486 5842 503 5873 ί
537 5838 669 5895 Luc.
696 5855 788 5907 xv,
826 5838 909 5895 l2.
952 5841 970 5871 ¹
997 5836 1129 5897 Luc.
1169 5853 1279 5909 xvi,
1318 5838 1400 5895 lfi.
1446 5840 1465 5873 ³
1500 5838 1629 5895 ibid.
1657 5838 1746 5893 ‘29..
1796 5840 1813 5871 δ
1850 5839 1981 5895 Gen.
2012 5854 2167 5906 XVIII,
2204 5838 2290 5894 25.
2339 5838 2357 5871 ⁵
2387 5836 2519 5893 Luc.
2564 5854 2677 5903 xvi,
2711 5836 2800 5893 25.
2847 5836 2867 5868 ⁸
2895 5835 3030 5892 ibid.
3056 5834 3144 5891 9.9.
3196 5843 3216 5876 ⁷
3249 5834 3381 5890 Luc.
3419 5848 3550 5899 xvn,
3582 5829 3670 5886 lt}.
