4186 6374
545 330 649 389 755

1966 349 2023 404 S.
2067 349 2406 410 EPlPHANII

3710 371 3819 431 756

615 448 797 507 Schol.
840 452 927 510 48.
977 454 1207 522 Quando
1247 471 1611 518 occurrerunt
1655 465 1842 523 decem
1901 470 2112 540 leprosi.

2299 475 2452 545 Σχόλ.
2491 486 2602 550 μην.
2646 480 2773 536 Ὅτε
2806 488 3144 559 συνήντησαν
3172 490 3221 543 οί
3250 488 3385 547 δέκα
3416 490 3627 563 λεπροί.
3678 495 3814 547 Ἀπ-

540 541 663 608 Quo
687 544 741 599 in
781 546 901 603 loco
932 551 1102 605 multa
1128 562 1359 608 resecat.
1393 550 1584 626 Itaque
1616 560 1806 615 scribit
1838 581 1850 616 :
1884 561 1951 615 Et
1980 565 2125 617 misit

539 650 627 689 eos
670 638 847 693 dicens
897 657 915 695 :
954 640 1225 698 Ostendite
1276 662 1363 701 vos
1417 650 1780 707 sacerdotibus
1807 655 1822 684 ¹
1859 671 1873 720 ;
1925 670 1988 711 ac
2027 672 2125 729 pro

542 727 665 783 aliis
688 731 793 784 alia
823 736 1131 802 supposuit,
1162 736 1235 789 ita
1265 740 1582 809 concipiens
1615 762 1627 797 :
1662 742 1824 799 Multi
1852 760 2005 802 erant
2028 727 2121 805 ile-

538 822 685 887 prosi
725 822 779 876 in
820 823 1004 880 diebus
1044 825 1229 881 Eliswi
1272 831 1567 901 prophetas,
1615 845 1663 889 et
1719 853 1867 892 nemo
1906 851 2123 898 curatus

542 922 620 967 est
652 916 754 968 nisi
799 915 1053 973 Naaman
1088 918 1257 991 Syrus
1290 924 1331 977 '.

614 1003 798 1061 Refut.
831 1009 919 1065 48.
955 1009 1069 1067 Hoc
1097 1013 1153 1066 in
1189 1015 1307 1071 loco
1346 1018 1668 1089 prophetam
1712 1021 1979 1081 Dominus
2012 1026 2123 1082 Eli-

540 1110 710 1151 suum
746 1102 993 1156 nominat
1014 1143 1029 1166 ,
1063 1119 1231 1175 seque
1273 1108 1409 1165 adeo
1434 1111 1775 1169 demonstrat
1805 1131 1869 1171 ea
1898 1133 2019 1188 quae
2054 1120 2123 1173 ab

542 1188 636 1243 illo
684 1189 855 1262 signis
897 1200 951 1249 et
991 1194 1290 1254 involucris
1333 1204 1613 1272 mqualiter
1643 1206 1968 1264 adumbrata
2004 1212 2121 1266 fue-

541 1291 701 1348 rant,
746 1286 925 1353 reipsa
964 1289 1303 1358 complesse,
1346 1309 1457 1365 quo
1502 1295 1864 1366 Marcionem,
1901 1318 1967 1358 ac
2012 1320 2119 1359 cae-

543 1384 688 1432 teros
765 1393 956 1437 omnes
1027 1386 1415 1455 prophetarum
1476 1400 1881 1464 contemptores
1960 1396 2120 1452 refel-

541 1466 695 1523 leret.

612 1557 794 1616 Schol.
818 1563 907 1618 49.
934 1562 1149 1620 Veniant
1198 1568 1311 1625 dies
1332 1611 1346 1634 ,
1377 1574 1588 1642 quando
1628 1575 1995 1632 desiderabitis
2043 1580 2119 1633 vi-

539 1648 661 1704 dere
688 1667 851 1707 unum
874 1670 940 1709 ex
966 1657 1147 1713 diebus
1182 1658 1311 1715 Filii
1341 1663 1571 1720 hominis
1599 1667 1639 1721 ³.

608 1740 793 1800 Refut.
842 1748 929 1802 49.
979 1751 1112 1807 Cum
1165 1763 1219 1808 et
1275 1754 1394 1812 dies
1450 1767 1733 1824 numeret,
1782 1768 1838 1815 et
1901 1769 2113 1817 certum

2230 565 2398 638 έκοψε
2424 568 2482 621 δὲ
2512 572 2701 640 πολλὰ,
2725 576 2820 629 καὶ
2854 578 3127 651 ἐποίησεψ
3160 580 3537 636 Ἀπέστειλε-ν
3564 586 3815 652 αὐτοὺς,

2225 659 2419 727 λέγων
2443 679 2456 692 ·
2502 664 2743 729 Δείξατε
2773 668 3025 738 ἑαυτοὺς
3064 672 3189 741 τοῖς
3232 673 3455 743 ἱερεῦσι
3477 693 3492 707 ο
3540 678 3634 729 καὶ
3677 677 3815 731 ἄλλα

2225 751 2339 806 ἀντ’
2362 753 2537 808 ἄλλων
2560 759 2804 831 ἐποίησε,
2826 761 3021 832 λέγων,
3051 765 3133 818 ὄτι
3171 768 3394 821 Πολλοὶ
3410 768 3621 836 λεπροὶ
3648 765 3815 839 ἦσαν

2224 846 2294 901 ἐν
2340 848 2587 920 ἡμέραις
2629 853 2974 911 Ἐλισσαίου
3019 859 3126 913 τοῦ
3164 862 3495 931 προφήτου,
3546 865 3645 917 καὶ
3697 866 3811 917 οὐκ

2223 939 2589 1012 ἐκαθαρίσθη
2626 948 2679 999 εὶ
2701 945 2787 1015 μὴ
2812 948 3046 1019 Νεεμᾶν
3077 953 3109 1004 o'
3133 952 3345 1019 Σύρος.

2297 1034 2517 1105 Ἐλεγχ.
2572 1044 2683 1107 μη’.
2727 1040 2838 1092 Καὶ
2894 1040 3131 1096 ἐνταῦθα
3173 1045 3460 1116 προφήτην
3502 1044 3593 1099 τὸν
3627 1044 3806 1099 Ἐλισ-

2226 1126 2375 1179 σαῖον
2400 1127 2607 1181 καλεῖό
2644 1130 2868 1203 Κύριος.
2900 1133 2996 1187 καὶ
3024 1135 3216 1189 ἑαυτὸν
3249 1136 3560 1209 πληροῦντα
3586 1135 3655 1190 τὰ
3690 1139 3805 1190 [σοι

2221 1212 2285 1265 τύ
2296 1233 2407 1279 πως
2432 1219 2561 1287 παρ’
2585 1218 2791 1273 ἐκείνου
2816 1225 3286 1295 προγεγενημένα,
3320 1226 3405 1280 ἵνα
3430 1226 3624 1298 ἐλέγχῃ
3648 1228 3807 1298 Μαρ-

2223 1306 2412 1373 κίωνα,
2444 1309 2536 1361 καὶ
2570 1310 2779 1373 πάντας
2803 1314 2931 1375 τοὺς
2968 1312 3294 1379 ἀθετοῦντας
3324 1314 3464 1369 Θεοῦ
3493 1318 3801 1388 προφήτας.

2291 1578 2444 1650 Σχὸλ.
2478 1579 2586 1651 μ6’.
2624 1581 3009 1636 Ἐλεύσονται
3057 1582 3289 1653 ἡμέραι,
3329 1582 3475 1637 ὅταν
3514 1582 3802 1654 ἐπιθυμή-

2217 1686 2368 1738 σητε
2385 1671 2534 1740 μίαν
2559 1670 2679 1726 τῶν
2697 1674 2931 1743 ἡμερῶν
2952 1674 3058 1729 τοῦ
3093 1675 3231 1729 Υἱοῦ
3262 1675 3366 1730 τοῦ
3392 1674 3725 1744 ἀνθρώπου.
3788 1722 3793 1727 .

2292 1762 2514 1835 Ἔλεγχ.
2566 1764 2676 1837 μθ’.
2716 1766 2781 1821 Εἰ
2814 1766 3026 1839 ἡμέρας
3058 1769 3302 1840 ἀριθμεῖ,
3333 1768 3427 1822 καὶ
3473 1768 3662 1841 χρόνον
3704 1784 3803 1840 ση-

537 1842 753 1906 tempus
786 1838 1010 1907 indicet,
1044 1856 1099 1901 et
1129 1846 1329 1903 Filium
1357 1862 1417 1903 se
1440 1848 1678 1906 hominis
1708 1821 1963 1922 appellat,
1986 1869 2112 1909 sane

2222 1821 2728 1928 palvst,';al'1'lbv
2758 1821 3243 1932 avgpdirto'u‘itéyet
3287 1821 3522 1916 έαυτόνῒ.
3554 1862 3661 1934 ἄρα
3706 1821 3801 1915 κάὶ

538 1940 852 1989 mensuram
880 1938 1170 2003 quamdam
1215 1939 1392 1995 aetatis
1429 1941 1722 2013 signiﬁcat,
1757 1958 1821 1998 ac
1856 1945 2119 2015 praedica-

538 2018 704 2076 tionis
742 2038 856 2079 sua:
901 2027 1180 2085 deﬁnitum
1224 2031 1368 2087 diem
1417 2034 1724 2090 constituit.
1761 2034 1970 2102 Quare,
2008 2054 2115 2094 non

537 2123 734 2180 expers
761 2117 945 2173 carnis
969 2128 1055 2176 est
1088 2121 1326 2179 Verbum
1347 2165 1362 2188 .
1398 2127 1494 2183 sed
1526 2127 1581 2181 in
1614 2142 1847 2199 corpore
1879 2131 2117 2190 benevo-

539 2202 651 2259 lum
684 2206 817 2262 illud
840 2219 922 2265 est
952 2211 1049 2269 Dei
1075 2218 1369 2273 consilium
1403 2220 1723 2288 perfectum.

611 2296 793 2354 SchoL
822 2301 909 2357 50.
956 2304 1107 2360 Dixit
1147 2309 1196 2362 ei
1222 2310 1437 2379 quidam
1464 2328 1482 2365 :
1506 2310 1765 2383 Magister
1796 2314 1964 2372 bone!
1990 2318 2116 2389 quid

536 2386 735 2457 faciens
775 2393 935 2446 vitam
975 2405 1230 2451 (sternam
1261 2402 1579 2468 possidebo?
1618 2405 1688 2457 At
1738 2406 1831 2460 ille
1870 2423 1890 2462 :
1932 2386 2117 2465 Nolite

535 2494 618 2533 me
664 2478 835 2536 dicere
872 2483 1063 2540 bonum
1103 2504 1122 2542 :
1154 2506 1291 2545 unus
1337 2501 1416 2547 est
1478 2494 1642 2551 bonus
1689 2496 1851 2555 Deus.
1904 2501 2116 2570 Adjecit

535 2569 656 2634 ille,
684 2571 866 2628 Pater.
900 2575 1007 2633 Sed
1050 2589 1101 2634 et
1136 2596 1237 2651 pro
1273 2600 1338 2639 eo
1381 2587 1529 2655 quod
1568 2596 1683 2654 est,
1722 2569 2000 2646 Mandata,
2025 2611 2110 2650 no-

534 2662 606 2715 sti
623 2662 678 2726 δ,
713 2666 935 2736 scripsit
969 2670 1080 2735 ille,
1112 2671 1375 2730 Mandata
1405 2679 1543 2733 novi.

604 2752 786 2810 Refut.
823 2758 913 2814 50.
948 2760 1025 2818 Ne
1079 2764 1335 2821 mandata
1393 2781 1549 2826 antea
1596 2775 1894 2844 perscripta
1948 2775 2115 2832 fuisse

533 2856 897 2919 monstraret,
964 2853 1039 2908 ita
1095 2857 1378 2914 substituit
1425 2879 1438 2916 :
1502 2861 1765 2919 Mandata
1808 2868 1944 2922 novi.
2007 2868 2114 2924 Sed

533 2935 800 3005 integrum
845 2952 1009 3011 caput
1039 2944 1171 3000 illud
1218 2961 1284 3002 ex
1329 2950 1445 3019 ipsa
1486 2957 1755 3011 sermonis
1797 2965 1881 3012 est
1919 2973 2114 3015 conse-

532 3029 752 3095 quentia
796 3034 1165 3093 manil'estum.
1211 3037 1275 3093 Et
1327 3043 1586 3112 quoniam
1632 3045 1847 3103 Patrem
1907 3050 2109 3106 bonum

2222 1949 2419 2020 μέτρον
2449 1949 2668 2021 ἡλικίας
2696 1949 2960 2016 ὑπέδειξε.
2992 1953 3086 2007 καὶ
3128 1954 3351 2025 ἡμερῶν
3386 1953 3480 2007 τοῦ
3510 1953 3803 2026 κηρύγμα-

2217 2058 2309 2106 τος
2352 2042 2675 2113 ὑπόδειγμα.
2711 2045 2825 2099 Οὐκ
2868 2046 3107 2118 ἄσαρκος
3148 2042 3241 2101 οὖν
3294 2049 3323 2100 ὁ
3374 2046 3566 2116 Λόγος,
3598 2046 3711 2101 ἀλλ’
3738 2048 3801 2099 ἐν

2220 2131 2434 2204 σώματι
2457 2135 2489 2205 ή
2515 2134 2749 2189 εὐδοκία.

2288 2304 2441 2376 Σχόλ,
2478 2312 2541 2361 ν’.
2580 2302 2729 2360 Eine
2760 2324 2849 2373 τις
2874 2307 3022 2377 πρὸς
3046 2309 3261 2363 αὐτόν’
3286 2307 3622 2362 Διδάσκαλε
3656 2308 3802 2378 dra-

2217 2396 2281 2451 θέ
2298 2397 2319 2450 !
2338 2398 2395 2451 τί
2415 2397 2676 2467 ποιήσας
2698 2397 2851 2468 ζωὴν
2871 2400 3111 2453 αἰώνιον
3131 2399 3565 2469 κληρονομήσω
3582 2417 3600 2464 ;
3632 2401 3686 2454 Ὀ
3705 2401 3795 2455 δέ·

2215 2490 2311 2557 Μή
2349 2509 2427 2561 με
2471 2492 2610 2562 λέγε
2661 2494 2918 2563 ἀγαθόν·
2977 2490 3065 2559 εἷς
3106 2493 3278 2548 ἐστιν
3316 2494 3597 2563 ἀγαθὸς-ό
3630 2498 3796 2561 Θεός.

2216 2582 2519 2654 Προσέθετο
2551 2584 2758 2649 ἐκεῖνος
2783 2602 2796 2615 ·
2846 2586 2898 2638 ’0
2941 2586 3162 2655 Πατήρ.
3201 2588 3309 2639 Kal
3351 2589 3470 2641 ἀντὶ
3518 2589 3645 2642 ’ποῦ’
3686 2590 3800 2655 Τὰς

2214 2674 2465 2741 ἐντολὰς
2499 2671 2686 2741 οἶδας.
2713 2675 2881 2743 λέγει,
2918 2678 3028 2744 Τὰς
3052 2677 3305 2743 ἐντολὰς
3332 2675 3483 2733 οῖδα.

2289 2765 2505 2838 Ἐλεγχ.
2538 2774 2599 2820 ν’.
2646 2769 2761 2822 Ἵνα
2784 2769 2858 2840 μὴ
2900 2769 3047 2842 δείξῃ
3089 2771 3188 2835 τὰς
3217 2770 3436 2835 ἐντολὰς
3470 2772 3567 2843 ήδη
3599 2787 3799 2842 προγε-

2214 2858 2561 2930 γραμμένας,
2593 2859 2767 2928 λέγει·
2795 2861 2906 2928 Τὰς
2930 2863 3180 2929 ἐντολὰς
3212 2859 3361 2917 οῖδα.
3378 2864 3451 2917 Th
3474 2865 3530 2917 δὲ
3558 2864 3676 2919 ὅλον
3706 2882 3798 2917 κε-

2214 2951 2441 3019 φάλαιον
2474 2952 2704 3023 φανερὸν
2730 2954 2964 3025 ὑπάρχει
2994 2954 3101 3008 ἀπὸ
3123 2955 3225 3025 τῆς
3245 2955 3584 3022 ἀκολουθίας.
3616 2958 3724 3010 Καὶ
3746 2960 3796 3011 εἰ

2214 3041 2433 3113 Πατέρα
2482 3041 2686 3110 ἀγαθὸν
2731 3044 2950 3113 φάσκει,
2985 3045 3081 3098 καὶ
3123 3045 3255 3101 Θεὸν
3297 3049 3573 3119 ὀνομάζει,
3613 3049 3796 3113 καλῶς

532 3120 785 3188 appellat,
821 3138 885 3179 ac
916 3123 1117 3191 Deum,
1159 3133 1420 3199 prazclare
1448 3134 1577 3189 illud
1610 3139 1884 3205 ostendit;
1916 3158 2105 3211 quem-

2214 3133 2324 3187 άπὸ
2356 3133 2450 3187 τοῦ
2474 3135 2643 3206 νόμου
2674 3135 2767 3189 τοῦ
2797 3137 3011 3207 Πατρὸς
3035 3138 3201 3192 αὐτοῦ
3228 3139 3469 3196 διδάσκει
3495 3142 3585 3195 τὸν
3616 3142 3797 3213 βουλό-

532 3212 663 3267 libet
692 3229 757 3279 ex
786 3213 964 3273 Patris
996 3221 1082 3274 sui
1114 3222 1230 3293 lege
1252 3262 1267 3289 ,
1299 3226 1445 3279 velut
1475 3229 1746 3297 quoddam
1780 3232 1904 3287 vitae
1938 3237 2113 3304 patri-

531 3308 772 3361 monium
799 3312 1130 3387 posse350
1157 3319 1417 3389 consequi
1437 3337 1452 3383 ;
1474 3322 1732 3376 necillam
1759 3325 2109 3393 condemnat,

534 3407 627 3452 aut
652 3401 827 3469 rejicit
861 3422 873 3457 :
908 3404 1002 3458 sed
1038 3422 1132 3461 eos
1168 3411 1350 3478 potius
1383 3413 1544 3482 quiin
1574 3414 1690 3487 lege
1712 3416 1984 3483 vixerunt,
2010 3421 2113 3474 im-

533 3493 815 3546 mortalem
867 3495 1031 3550 vitam
1065 3502 1289 3557 sortitos
1329 3517 1453 3558 esse
1490 3513 1743 3573 testatur,
1777 3506 1997 3581 Moysen
2027 3513 2110 3565 vi-

531 3580 745 3649 delicet,
773 3600 835 3638 ac
870 3589 1163 3656 prophetas
1187 3604 1435 3649 caeteros.

604 3671 788 3729 Schol.
825 3678 911 3732 5i.
939 3678 1167 3737 Factum
1196 3696 1372 3740 autem
1403 3698 1481 3744 est
1517 3707 1635 3744 cum
1669 3695 2109 3765 appropinquaret

528 3762 743 3820 Jericho
763 3807 777 3830 ,
809 3786 977 3824 aecus
1007 3775 1274 3830 clamabat
1308 3795 1326 3833 :
1355 3778 1507 3845 Jesu,
1531 3783 1613 3851 ﬁli
1642 3762 1841 3850 David,
1865 3762 2111 3846 miserere

530 3858 649 3910 mei.
689 3857 757 3913 Et
789 3877 906 3916 cam
930 3875 1146 3922 curatus
1171 3880 1327 3937 esset,
1354 3874 1433 3927 ait
1458 3892 1477 3927 :
1508 3874 1671 3931 Fides
1705 3890 1798 3933 tua
1829 3889 1879 3935 te
1901 3882 2107 3938 saluum

528 3948 655 4020 fecit
686 3952 729 4007 ⁸.

598 4039 780 4098 Refut.
811 4044 898 4099 5|.
930 4044 1147 4105 Nullum
1172 4051 1313 4109 inest
1345 4054 1399 4110 in
1439 4055 1545 4113 ﬁde
1575 4060 1942 4119 mendacium.
1968 4062 2105 4121 Nam

528 4134 575 4185 si
609 4134 889 4199 mentitur,
912 4137 1045 4193 ﬁdes
1071 4156 1181 4196 non
1211 4151 1317 4198 est.
1354 4144 1423 4198 At
1446 4146 1537 4201 ille
1569 4162 1695 4202 cum
1723 4150 1990 4219 dixisset,
2024 4155 2106 4223 fili

526 4220 733 4287 David,
780 4240 811 4279 a
857 4226 1078 4284 Christo
1127 4231 1409 4301 laudatur;
1464 4252 1775 4310 nomenque
1819 4243 2106 4300 confessus

525 4310 670 4378 quod
694 4312 925 4382 petierat
953 4315 1229 4387 impetrat.
1258 4320 1378 4378 Non
1403 4324 1493 4379 ille
1526 4326 1845 4399 increpatur
1875 4339 1932 4385 ut
1961 4347 2108 4387 men-

527 4402 668 4467 dax,
704 4404 800 4459 sed
846 4407 1175 4475 praedicatur
1214 4421 1271 4467 ut
1305 4414 1499 4473 ﬁdelis.
1543 4416 1664 4474 Non
1715 4422 1898 4479 carnis
1940 4423 2105 4494 igitur

2217 3243 2375 3296 μενον
2405 3226 2501 3298 τὴν
2546 3226 2690 3299 ζωὴν
2722 3227 3158 3299 κληρονομῆσαι·
3189 3232 3282 3285 καὶ
3314 3233 3415 3286 οὐκ
3443 3232 3644 3299 ἀθετεῖ,
3671 3235 3795 3287 οὐδὲ

2212 3317 2544 3371 ἁπωΟεῖται’
2589 3319 2725 3373 ἀλλὰ
2771 3321 2969 3391 μᾶλλον
3010 3324 3375 3398 ἐπιμαρτυρεῖ
3396 3325 3521 3389 τοὺς
3556 3327 3612 3379 ὲν
3645 3327 3795 3398 νόμῳ

2213 3410 2700 3482 πολιτευσαμένους
2764 3411 2908 3485 ζωὴν
2966 3414 3181 3470 αἰώνιον
3234 3417 3792 3490 κεκληρονομηκέναι,

2210 3502 2450 3556 Μωῡσέα
2474 3520 2533 3556 τε
2563 3504 2806 3569 καὶτοὺς
2831 3505 3024 3572 ἄλλους
3060 3511 3366 3580 προφήτας.

2281 3685 2435 3757 Σχόλ.
2467 3695 2566 3741 va'.
2620 3687 2881 3758 Ἐγένετο
2913 3688 2981 3742 δὲ
3011 3689 3081 3743 ἐν
3108 3688 3187 3755 τῷ
3212 3687 3461 3761 ἐγγίζειν
3504 3689 3695 3746 αὐτὸν
3716 3690 3795 3761 τῇ

2223 3780 2453 3851 Ἰεριχὼ,
2478 3781 2708 3851 τυφλὸς
2738 3783 2877 3836 ἐϐόα
2895 3800 2909 3815 ·
2948 3784 3141 3851 Ἰησοῦ
3171 3784 3263 3839 υἱὲ
3294 3784 3490 3851 Δαϐὶδ,
3529 3786 3795 3853 ἐλέησόν

2202 3888 2298 3940 με.
2331 3873 2442 3926 Καὶ
2489 3872 2586 3926 ὅτε
2616 3872 2769 3941 ἰάθη,
2801 3875 2993 3942 φησιν
3016 3892 3029 3907 ·
3066 3874 3129 3930 Ἠ
3169 3875 3374 3941 πίστις
3400 3892 3517 3930 σου
3555 3874 3795 3930 σέσωκέ

2208 3980 2302 4017 σε.

2282 4055 2501 4126 Ἕλεγχ.
2540 4062 2639 4109 να’.
2680 4054 2772 4109 Ἐν
2824 4057 3004 4110 πίστει
3048 4058 3150 4110 οὐκ
3193 4056 3273 4111 ἔνι
3315 4057 3539 4122 ψεῦδος·
3584 4060 3633 4112 εί
3682 4058 3792 4131 γὰρ

2205 4145 2478 4216 ψεύδεται,
2506 4146 2567 4200 οὐ
2621 4146 2819 4210 πίστις.
2868 4148 3032 4217 Λέγει
3083 4147 3247 4217 γοῦν·
3310 4148 3403 4203 Υἱὲ
3454 4148 3651 4214 Δαϐὶδ,
3697 4150 3794 4202 καὶ

2206 4238 2532 4301 ἐπαινεῖται,
2566 4238 2662 4291 καὶ
2691 4238 2973 4310 κομίζεται
3004 4239 3065 4293 τὸ
3090 4241 3296 4311 αἴτημα
3330 4241 3359 4292 ὁ
3382 4240 3442 4293 τὺ
3464 4239 3634 4310 ὄνομα
3657 4240 3791 4309 ὁμο-

2205 4330 2459 4400 λογήσας.
2489 4329 2600 4383 Kal
2649 4330 2752 4385 οὐκ
2802 4331 3107 4403 ἐπετιμήθη
3156 4331 3232 4395 ὡς
3284 4330 3546 4402 ψεύστης,
3574 4330 3792 4395 ἀλλ’ὡς

2207 4422 2394 4487 πιστὸς
2428 4423 2797 4495 ὲμακαρίσϐη.
2827 4424 2944 4478 Οὐκ
2976 4426 3085 4496 ἄρα
3108 4426 3345 4496 ἄσαρκος
3373 4428 3401 4480 ὁ
3431 4426 3520 4480 διά
3547 4426 3647 4497 τήν
3671 4426 3793 4479 ἐπί-

525 4503 645 4549 erat
698 4512 894 4568 expers
949 4502 1042 4571 qui
1093 4504 1165 4559 ob
1211 4506 1359 4562 illam
1417 4511 1653 4570 nominis
1707 4512 2104 4573 invocationem

2213 4512 2402 4586 κλησιν
2438 4512 2534 4568 τοῦ
2575 4515 2837 4587 ὀνόματος
2862 4516 3229 4586 χαρισάμενος
3254 4516 3333 4587 τῷ
3361 4516 3550 4588 τυφλῷ
3576 4515 3638 4569 τὸ
3668 4515 3791 4586 βλέ-

525 4600 673 4641 ρευοο
715 4589 892 4643 visum
931 4594 1193 4650 restituit.
1241 4597 1453 4672 Quippe
1504 4620 1612 4660 non
1656 4622 1797 4663 vana
1843 4608 2110 4667 duntaxat

526 4676 729 4744 specie,
758 4682 852 4733 sed
884 4681 1063 4750 reipsa
1096 4689 1397 4745 secundum
1430 4708 1649 4750 carnem
1679 4712 1711 4752 e
1750 4698 1922 4770 stirpe
1956 4700 2111 4756 Davi-

524 4766 610 4822 dis
644 4768 907 4839 originem
952 4773 1185 4833 duxerat
1212 4780 1280 4836 de
1316 4781 1635 4841 beatissima
1668 4766 1892 4862 Virgine
1934 4791 2101 4848 Maria

523 4868 717 4924 natus,
759 4869 813 4917 et
851 4878 883 4916 a
908 4877 1101 4924 sancto
1149 4870 1354 4942 Spiritu
1386 4875 1676 4937 formatus.

594 4951 780 5011 Schol.
821 4956 909 5012 52.
965 4958 1235 5018 Mutilavit
1287 4965 1433 5022 ista:
1465 4970 1765 5042 Assumptis
1821 4973 2101 5029 duodecim

524 5046 601 5099 ait
634 5063 652 5099 :
686 5046 816 5103 Ecce
840 5054 1172 5110 ascendimus
1206 5056 1662 5132 Hierosolymam,
1693 5074 1740 5120 et
1767 5081 2101 5121 consumma-

523 5137 719 5193 bantur
778 5145 955 5197 omnia
1022 5163 1141 5217 qua:
1219 5152 1419 5221 scripta
1487 5164 1609 5210 sunt
1667 5173 1759 5227 per
1818 5159 2098 5229 prophetas

522 5230 586 5284 de
628 5229 672 5300 F
676 5232 768 5285 ilio
810 5233 1080 5292 hominis:
1106 5243 1366 5312 tradetur,
1405 5248 1691 5317 occidetur,
1732 5260 1782 5306 et
1826 5254 1984 5306 tertia
2012 5253 2099 5307 die

523 5326 817 5394 resurget‘.
857 5326 983 5384 Haec
1008 5334 1191 5389 omnia
1228 5338 1473 5394 sustulit.

595 5504 773 5561 Refut.
820 5508 908 5564 52.
954 5510 1025 5565 Ut
1071 5530 1338 5587 nusquam
1387 5528 1531 5575 recta
1565 5524 1863 5593 gradiatur.
1905 5525 2093 5593 Quan-

522 5609 687 5667 quam
734 5598 880 5657 illius
928 5603 1219 5676 obliquitas
1266 5625 1331 5666 ac
1374 5614 1515 5668 mala
1556 5615 1611 5671 in
1656 5618 1912 5673 omnibus
1962 5619 2094 5675 ﬁdes

2208 4623 2352 4661 πειν.
2370 4605 2665 4677 Ἀληθινῶς
2694 4606 2803 4678 γὰρ
2827 4602 2917 4677 ἦν,
2945 4608 3039 4661 καὶ
3064 4609 3126 4661 οὐ
3163 4609 3401 4681 δοκήσει,
3423 4610 3489 4663 ὲκ
3507 4609 3599 4663 τοῦ
3628 4610 3793 4680 σπέρ-

2210 4718 2380 4771 ματος
2424 4701 2591 4756 Δαόὶδ
2642 4701 2783 4755 κατὰ
2831 4701 3032 4772 σάρκα,
3072 4701 3180 4754 ἀπὸ
3227 4703 3446 4773 Μαρίας
3492 4705 3592 4775 τῆς
3625 4706 3791 4773 ἁγίας

2210 4792 2507 4863 Παρθένου,
2539 4793 2633 4847 καὶ
2660 4793 2747 4847 διὰ
2781 4792 3095 4863 Πνεύματος
3122 4793 3277 4860 ἁγίου
3310 4794 3729 4867 γεγεννημένος.

2276 4974 2434 5044 Σχόλ.
2469 4973 2567 5043 νβ’.
2608 4974 2894 5045 Παρέκοψε
2931 4976 3025 5029 τόο
3078 4977 3447 5045 Παραλαϐὼν
3494 4979 3639 5047 τοὺς
3679 4979 3791 5034 δώ-

2205 5065 2373 5131 δεκα,
2394 5066 2605 5137 ἔλεγεν
2620 5084 2631 5097 ·
2672 5068 2815 5122 Ἰδοὺ
2837 5069 3237 5138 ἀναϐαίνομεν
3262 5073 3349 5138 εἰς
3381 5071 3785 5144 Ἱεροσόλυμα,

2205 5157 2304 5212 καὶ
2342 5159 2773 5228 τελεσθήσεται
2815 5159 3011 5213 πάντα
3048 5159 3121 5215 τὰ
3162 5161 3533 5231 γεγραμμένα
3568 5165 3638 5217 ἐν
3660 5165 3788 5231 τοῖς

2202 5248 2531 5319 προφήταις
2561 5251 2691 5319 περὶ
2720 5249 2826 5303 τοῦ
2866 5251 3001 5305 Υἱοῦ
3029 5251 3135 5305 τοῦ
3157 5252 3491 5320 ἀνθρώπου.
3514 5256 3787 5324 Παραδο-

2202 5341 2449 5409 θήσεται
2488 5344 2619 5410 γὰρ,
2661 5342 2759 5395 καὶ
2784 5343 3319 5413 ἁποκτανθήσεται,
3350 5347 3449 5401 καὶ
3499 5346 3578 5417 τῇ
3615 5351 3785 5421 τρίτῃ

2200 5432 2390 5504 ἡμέρᾳ
2418 5433 2958 5504 ἐγερθήσεται.“ολα
2981 5434 3152 5488 ταῦτα
3177 5437 3476 5508 παρέκοψε.

2273 5526 2494 5596 Ἕλεγχ.
2523 5525 2622 5595 νβ’.
2666 5527 2781 5579 Ἵνα
2808 5526 2866 5580 ἐν
2901 5527 3087 5597 μηδενὶ
3116 5527 3475 5604 ὀρθοποδήσῃ.
3504 5531 3597 5603 Μὴ
3622 5532 3782 5602 ὀρθο-

2201 5618 2376 5671 ποδῶν
2407 5618 2464 5672 δὲ
2490 5617 2774 5689 ἐλέγχεται
2810 5619 3149 5691 ρᾳδιουργῶν
3182 5621 3323 5676 κατὰ
3354 5622 3530 5677 πάντα
3551 5625 3779 5695 τρόπον.

600 5771 777 5830 ’Luc.
812 5781 1036 5849 xvn,l4.
1114 5785 1133 5816 '
1166 5784 1298 5846 Luc.
1331 5805 1401 5859 Iv,
1436 5794 1523 5849 ‘27.
1606 5796 1624 5829 ³
1654 5795 1789 5852 Luc.
1834 5814 1966 5869 xvn,
1999 5801 2092 5856 22.
2166 5800 2184 5834 ⁵
2220 5799 2351 5858 Luc.
2389 5818 2547 5870 xvnt,
2578 5802 2642 5859 18
2675 5820 2796 5876 sqq.
2876 5805 2895 5838 '
2935 5805 3067 5863 ibid.
3100 5806 3186 5863 35.
3260 5808 3281 5841 ⁶
3305 5806 3440 5864 ibid.
3478 5809 3573 5865 51..
