4186 6374
399 302 494 355 757
1053 299 1426 360 ADVERSUS
1467 301 1811 359 HEBESES
1851 301 1979 356 LIB.

2102 299 2267 355 ΤΟΜ.
2307 299 2401 355 Ill.
2444 324 2511 339 ν-
2550 298 2824 355 ΗΔΕΒΕΞ.
2864 296 3021 354 XLII.

3540 295 3645 353 758

399 421 641 493 Ἕκρυψε
680 422 788 493 γὰρ
813 422 880 476 τὰ
904 422 1062 495 ῥητὰ,
1086 423 1171 476 ἴνα
1196 422 1355 494 δῆθεν
1387 424 1455 477 τὰ
1485 424 1611 495 περὶ
1636 421 1731 476 τοῦ
1758 422 1959 486 πάθους

2072 420 2382 491 reprehendi
2406 428 2603 491 potest.
2624 419 2956 477 Verhaenim
2975 420 3066 474 illa
3091 418 3455 477 dissimulavit
3484 418 3607 475 ideo
3625 462 3642 486 ,

400 514 986 584 ipvﬁon'rat."]‘crspov
1024 514 1081 567 δὲ
1121 514 1467 583 ὁμολογοῦντι
1490 515 1653 568 αὑτὸν
1684 513 1965 585 ἐσταυρῶ-

400 604 541 667 σθαι,
583 607 661 668 εἰς
714 605 941 676 μάταιον
991 603 1141 675 αὐτῷ
1189 607 1218 658 6
1257 604 1421 669 πόνος
1466 605 1569 675 τῆς
1620 594 1968 678 ῥᾳδιουργίας

400 696 567 750 ἔσται.

471 874 624 944 Σχόλ.
676 878 777 942 νγ’.
820 874 1106 944 Παρέκοψε
1147 874 1210 928 τὺ
1254 875 1545 945 κεφάλαιον
1590 876 1651 929 τὸ
1695 877 1825 948 περὶ
1870 878 1966 933 τοῦ

404 965 541 1030 ὄνου,
578 965 670 1018 καὶ
697 964 973 1035 Βεθφαγὴ,
1006 965 1100 1019 καὶ
1138 964 1200 1018 τὸ
1231 967 1358 1037 περὶ
1389 968 1487 1037 τῆς
1514 966 1720 1030 πόλεως
1751 968 1845 1020 καὶ
1873 967 1966 1021 τοῦ

403 1056 570 1127 ιεροῦ.
608 1059 762 1110 Διότι
794 1055 1196 1127 γεγραμμένον
1218 1053 1328 1127 ἦν’
1382 1058 1444 1112 '0
1472 1055 1635 1124 οἶκός
1659 1076 1777 1127 μου
1805 1059 1969 1124 οἶκος

403 1148 749 1217 προσευχῆς
784 1148 1149 1216 κληθήσεται
1174 1166 1189 1179 θ
1223 1151 1320 1205 καὶ
1355 1151 1574 1205 ποιεῖτε
1598 1150 1785 1205 αὐτὸν
1813 1151 1970 1218 σπή-

404 1244 574 1293 λαιον
600 1239 863 1309 λῃστῶν.

474 1327 695 1397 Ἔλεγχ.
729 1336 831 1397 vf.
873 1328 975 1392 Τὸν
998 1328 1216 1401 ἔλεγχον
1239 1331 1441 1403 ἑαυτῆς
1464 1333 1497 1403 ἡ
1527 1332 1694 1386 κακία
1716 1334 1813 1404 οὐχ
1833 1336 1935 1407 ὁρᾷ
1950 1351 1964 1365 ⁶

402 1416 696 1487 τυφλώττει
728 1420 853 1491 γάρ.
886 1421 1070 1475 Οἵεται
1092 1422 1147 1475 δὲ
1176 1422 1434 1476 δύνασθαι
1462 1424 1835 1497 ἀποκρύπτειν
1872 1426 1969 1497 τὴν

400 1509 499 1578 τῆς
528 1509 781 1581 ἀληθείας
822 1510 938 1564 ὁδόν
958 1529 970 1543 ο
1006 1513 1142 1584 ὅπερ
1167 1514 1313 1566 ἐστὶν
1344 1514 1621 1571 ἀδύνατον.
1652 1516 1826 1582 Εὐθὺς
1861 1518 1970 1589 γὰρ

400 1604 727 1674 ἀνεπήδησε,
758 1605 1078 1676 παραλιπὼν
1106 1608 1202 1660 ὅλα
1225 1608 1294 1660 τά
1324 1608 1592 1677 κεφάλαια
1617 1610 1684 1677 τὰ
1712 1628 1971 1682 προειρη-

404 1697 538 1767 μένα
567 1697 653 1749 διά
676 1697 766 1752 τὸν
802 1699 1216 1769 μαρτυρηθέντα
1243 1702 1405 1756 τόπον
1432 1701 1523 1755 τοῦ
1549 1701 1677 1756 ναοῦ
1706 1702 1834 1757 ὄντα
1867 1705 1967 1757 αὑ-

398 1788 493 1843 τοῦ
543 1789 690 1853 ἴδιον,
727 1791 819 1843 καὶ
867 1792 945 1855 είς
978 1790 1147 1862 ὄνομα
1185 1790 1348 1845 αὐτοῦ
1395 1792 1829 1864 ᾠκοδομημένον.
1857 1795 1968 1849 Καὶ
1997 1769 2039 1824 Β

400 1881 509 1934 ἀπὸ
549 1882 647 1952 τῆς
689 1880 895 1953 Ἰεριχὼ
924 1882 1236 1936 καταλιπὼν
1282 1885 1463 1937 πᾶσαν
1507 1884 1606 1953 τὴν
1652 1884 1970 1941 ἀκολουθίαν

400 1971 500 2041 τῆς
522 1971 846 2041 ὁδοιπορίας,
876 1970 992 2033 πῶς
1032 1990 1090 2025 τε
1128 1969 1290 2043 ἦλθον
1332 1973 1413 2036 εἰς
1450 1973 1719 2043 Βηθανίαν
1760 1977 1852 2029 καὶ
1890 1978 1971 2041 είς

393 2064 684 2135 Βηθφαγὴ.
717 2064 879 2117 Φύσει
922 2064 1031 2136 γὰρ
1077 2065 1347 2137 λεωφόρος
1385 2062 1453 2138 ἦν
1500 2066 1725 2133 παλαιὰ,
1763 2070 1971 2138 ἄγουσα

401 2158 483 2218 εἰς
541 2156 893 2227 Ἰερουσαλὴμ
935 2157 1023 2211 διὰ
1071 2156 1164 2209 τοῦ
1216 2158 1373 2227 ὅρους
1412 2159 1521 2212 τῶν
1559 2158 1821 2223 Ἐλαιῶν,
1871 2162 1970 2214 οὐκ

400 2244 675 2311 ἄγνωστος
710 2239 842 2297 οὖσα
872 2246 986 2307 τοῖς
1020 2245 1114 2297 καὶ
1142 2243 1232 2297 τὸν
1252 2244 1416 2298 τόπον
1447 2246 1893 2318 ἱστοροῦσιν.“1να
1914 2249 1971 2302 δὲ

402 2334 629 2407 ἐλεγχθῇ
657 2335 763 2388 ἀπὸ
793 2335 885 2388 τοῦ
913 2333 1041 2388 ἰδίου
1078 2336 1360 2407 στόματος,
1387 2335 1548 2407 φησίν
1565 2354 1579 2367 ·
1622 2338 1881 2407 Ἐγένετο
1902 2340 1972 2393 ἐν

398 2423 503 2494 μιᾷ
534 2424 653 2479 τῶν
675 2424 908 2495 ἡμερῶν
939 2425 1334 2492 διδάσκοντος
1370 2426 1556 2481 αὐτοῦ
1590 2427 1659 2481 ἑν
1696 2426 1776 2493 τῷ
1817 2428 1968 2496 ιερῷ,

397 2509 697 2580 ἐζήτησαν
742 2512 1049 2566 ἐπιϐαλεῖν
1095 2512 1187 2565 ἐπ’
1217 2512 1402 2567 αὑτὸν
1444 2514 1548 2580 τὰς
1600 2515 1822 2584 χεῖρας,
1871 2516 1969 2570 καὶ

398 2600 803 2671 ἐφοϐήθησαν,
830 2602 904 2665 ὡς
931 2602 1040 2673 ἔχει
1085 2603 1224 2674 μετὰ
1260 2603 1416 2657 τοῦτο
1460 2605 1518 2658 τὸ
1554 2606 1844 2674 κεφάλαιον
1877 2607 1967 2663 νδ’.

393 2694 527 2758 Πῶς
570 2690 661 2748 οὖν
709 2693 817 2748 ἀπὸ
854 2694 1060 2766 Ἱεριχὼ
1102 2695 1316 2764 ἐγένετο
1366 2697 1422 2750 ἐν
1450 2698 1528 2768 τῷ
1557 2697 1707 2769 ἱερῷ,
1738 2699 1846 2753 ἀπὸ
1874 2701 1971 2771 τῆς

400 2784 574 2855 αὐτῆς
610 2784 916 2855 ὁδοιπορίας
938 2785 1330 2857 γνωσθήσεται,
1358 2788 1565 2841 καὶτοῦ
1596 2790 1693 2860 τῆς
1714 2790 1832 2844 ὀδοῦ
1860 2792 1973 2844 διο,-

404 2877 696 2947 στήματος.
716 2877 851 2930 Ἀλλ’
886 2879 970 2932 ἵνα
1009 2877 1146 2949 ὀφθῇ
1182 2879 1209 2931 6
1248 2878 1565 2950 ρᾳδιουργὸς
1608 2881 1973 2952 παρακρύψας

402 2968 472 3020 τά
504 2971 561 3022 ὲν
591 2972 656 3041 τῇ
690 2970 791 3041 ὁδῷ
820 2972 1106 3042 γενόμενα,
1136 2972 1228 3025 καὶ
1258 2972 1315 3025 ἐν
1342 2971 1419 3042 τῷ
1455 2972 1586 3044 ἱερῷ
1617 2972 1852 3044 ρηθέντα
1880 2974 1971 3025 ὑπ’

400 3059 569 3158 αξιτοῦ
613 3059 706 3113 τοῦ
749 3062 999 3158 Σωτῆρος
1042 3061 1146 3134 πρὸ
1181 3062 1369 3115 τούτου
1408 3062 1587 3132 λόγου,
1612 3063 1755 3132 λέγω
1780 3064 1873 3136 δή·
1918 3065 1970 3117 Ὁ
1998 3100 2041 3158 c

400 3144 567 3214 οἶκός
600 3166 719 3217 μου
763 3145 926 3213 οἶκος
971 3150 1316 3219 προσευχῆς
1359 3152 1741 3219 κληθήσεται,
1769 3152 1864 3205 καὶ
1904 3151 1973 3205 τὰ

401 3236 549 3305 ἑξῆς,
584 3237 659 3299 ὡς
684 3236 796 3306 ἔχει
826 3239 859 3307 ἡ
896 3238 1220 3309 προφητεία.

473 3329 627 3399 Σχόλ.
662 3329 753 3383 νδ’.
798 3332 906 3384 Kal
936 3330 1230 3398 ἐζήτησαν
1273 3332 1580 3387 ἐπιϐαλεῖν
1617 3331 1725 3399 τὰς
1772 3332 1974 3404 χεῖρας

399 3419 496 3473 ἐπ’
531 3420 736 3484 αὐτὸν,
756 3420 854 3473 καὶ
880 3421 1289 3490 ἐφοϐήθησαν.

478 3510 698 3580 Ἔλεγχ.
735 3510 826 3563 νδν.
868 3511 1174 3584 Ἐθεωρήθη
1204 3514 1297 3567 καὶ
1325 3514 1642 3587 ἠρμηνεύθη
1673 3516 1732 3568 ὲν
1760 3514 1836 3587 τῷ
1866 3517 1975 3587 πρὸ

402 3599 592 3653 τούτου
636 3601 843 3672 ἐλέγχῳ
892 3601 989 3656 σὺν
1030 3606 1097 3673 τῇ
1144 3604 1360 3675 φράσει,
1398 3607 1515 3676 μετ’
1565 3608 1829 3679 ἐπιτομῆς
1874 3608 1974 3679 τῆς

388 3694 809 3765 προσηκούσης.

476 3783 632 3852 Σχόλ.
666 3791 758 3839 νε’.
807 3787 976 3840 Πάλιν
1007 3786 1247 3857 ἀπέκοψε
1270 3787 1339 3841 τὰ
1374 3788 1501 3861 περὶ
1530 3789 1624 3844 τοῦ
1654 3790 1974 3862 ἀμπελῶνος

404 3874 499 3928 τοῦ
536 3876 878 3948 ὲκδεδομένου
906 3882 1171 3950 γεωργοῖς
1191 3896 1204 3909 '
1246 3881 1339 3934 καὶ
1367 3882 1459 3934 τό’
1496 3881 1558 3936 Τι
1584 3877 1696 3937 οὖν
1723 3884 1854 3938 ἐστι
1883 3883 1970 3950 τὸ,

405 3966 589 4021 Λίθον
612 3968 685 4021 ὃν
703 3970 1158 4040 ἀπεδοκίμασαν
1204 3974 1259 4026 οἱ
1291 3972 1786 4043 οἰκοδομοῦντες-ς

465 4061 683 4131 Ἔλεγχ.
708 4069 799 4118 vs’.
822 4063 987 4116 Οὐδὲν
1007 4065 1154 4135 ἡμᾶς
1187 4064 1432 4135 ἀδικήσει
1447 4063 1625 4122 τοῦτο.
1658 4067 1776 4121 Κάν
1791 4083 1851 4118 τε
1868 4064 1974 4137 γὰρ

402 4150 535 4202 αὐτὸ
561 4152 860 4223 περικόψῃ,
904 4153 1003 4207 οὐκ
1035 4155 1127 4224 ἀφ’
1170 4153 1325 4225 ἡμῶν
1351 4155 1649 4224 ἀπέκοψεν,
1680 4156 1816 4210 ἀλλά
1849 4158 1976 4210 ἐαυ-

403 4226 496 4293 tbi;
540 4242 633 4294 καὶ
665 4243 791 4306 τοὺς
823 4243 986 4298 αὐτοῦ
1016 4244 1340 4315 ἐζημίωσεν.
1392 4246 1617 4309 Ἰκανῶς
1661 4248 1767 4318 γὰρ
1798 4250 1827 4301 6
1855 4248 1975 4301 κατ’

405 4325 570 4378 αὐτοῦ
604 4326 822 4398 ἔλεγχός
846 4332 983 4396 ἐστι,
1012 4330 1099 4385 διὰ
1133 4332 1392 4387 πλειόνων
1421 4336 1756 4406 μαρτυριῶν.

478 4505 631 4574 Σχόλ.
660 4513 752 4569 νς’.
803 4506 1067 4579 Ἀπέκοψε
1094 4510 1184 4563 τό·
1213 4513 1342 4567 Ὅτι
1369 4512 1436 4566 δὲ
1458 4514 1785 4583 ἐγείρονται
1800 4518 1855 4568 οἱ
1881 4532 1977 4569 νε-

2069 518 2127 563 ut
2155 525 2276 580 quae
2297 510 2365 565 ad
2398 509 2605 564 Christi
2638 508 2957 564 Passionem
2988 508 3223 562 attinent
3261 517 3502 578 negaret.
3536 507 3667 581 Sed,

2067 617 2191 657 cum
2243 602 2442 658 deinde
2482 600 2808 657 cruciﬁxum
2859 599 3111 654 eumdem
3160 614 3284 655 esse
3327 600 3640 664 conﬁtetur,

2068 693 2274 749 frustra
2321 701 2406 749 est
2431 692 2610 747 omnis
2643 692 2712 746 ab
2736 704 2802 746 eo
2840 688 3178 760 depravandi
3212 690 3359 746 illius
3389 690 3493 744 loci
3521 706 3645 746 sus-

2066 792 2257 855 ceptus
2282 784 2456 839 labor.
2682 837 2687 843 .

2134 875 2319 931 Schol.
2361 875 2449 931 55.
2500 874 2775 945 Expunxit
2826 881 2880 931 et
2934 881 3101 945 caput
3166 873 3307 930 illud.
3361 873 3429 930 de
3484 874 3643 930 asino

2066 966 2413 1038 Bethphage,
2477 974 2534 1023 et
2594 967 2764 1033 urbe,
2835 973 2998 1036 atque
3050 966 3251 1035 templo
3274 966 3313 1019 ¹.
3380 964 3643 1033 Quoniam

2067 1060 2320 1127 scriptum
2350 1066 2429 1113 est
2458 1074 2477 1112 :
2511 1057 2710 1114 Domus
2750 1074 2867 1112 mea
2892 1057 3079 1112 domus
3128 1057 3385 1111 orationis
3433 1057 3642 1112 vocabi-

2070 1160 2175 1206 tur.
2208 1149 2278 1205 Et
2301 1151 2481 1221 facitis
2508 1167 2624 1206 eam
2656 1149 2956 1219 speluncam
2995 1151 3264 1204 latronum
3290 1151 3333 1207 ’.

2139 1324 2323 1381 Refut.
2354 1326 2445 1382 53.
2491 1326 2646 1382 Casca
2677 1333 2761 1382 est
2806 1326 3131 1397 improbitas
3168 1326 3381 1392 omnis;
3432 1340 3534 1381 nec
3579 1341 3644 1381 ea

2068 1418 2214 1473 videt
2254 1417 2449 1487 quibus
2486 1417 2740 1488 redargui
2777 1418 2980 1487 possit,
3026 1431 3090 1471 ac
3121 1432 3180 1471 se
3223 1415 3367 1485 quod
3402 1415 3518 1470 ﬁeri
3547 1431 3645 1469 ne-

2068 1509 2187 1580 quit
2213 1508 2464 1574 omnino,
2487 1508 2736 1564 veritatis
2766 1509 2910 1562 viam
2942 1507 3225 1563 occultare
3247 1516 3430 1577 sperat
3460 1521 3641 1578 posse.

2073 1599 2164 1654 Sic
2194 1599 2319 1664 iste,
2355 1598 2743 1669 praetermissis
2782 1598 2851 1653 iis
2873 1598 3127 1652 omnibus
3155 1613 3275 1668 quae
3306 1597 3415 1652 dixi
3451 1596 3649 1667 capiti-

2070 1690 2197 1753 bus,
2247 1690 2481 1760 abrupte
2526 1690 2827 1754 transiliit,
2873 1696 2933 1743 ut
2964 1689 3098 1744 illud
3143 1688 3211 1743 de
3241 1690 3443 1761 templo
3489 1690 3647 1745 testi-

2070 1783 2312 1837 monium
2350 1783 2584 1848 vitaret,
2624 1796 2735 1852 quo
2765 1782 3041 1853 peculiare
3080 1780 3186 1836 sibi
3220 1780 3531 1844 illudesse,
3580 1795 3646 1835 ac

2068 1874 2275 1929 nomini
2309 1888 2409 1929 suo
2445 1872 2809 1929 constitutum
2850 1873 3139 1943 signiﬁcat.
3170 1872 3250 1927 Ac
3288 1870 3545 1943 deinceps
3575 1872 3646 1927 ab

2069 1965 2440 2021 Hierichuntis
2472 1967 2751 2021 mentione
2779 1972 2950 2020 totam
3002 1964 3219 2019 itineris
3251 1963 3446 2018 seriem
3481 1963 3647 2018 omit-

2068 2057 2183 2121 tit,
2242 2064 2411 2127 utque
2470 2056 2792 2112 Bethaniam
2846 2070 2911 2110 ac
2957 2054 3270 2126 Bethphage
3311 2055 3641 2125 pervenerit.

2069 2148 2239 2206 Vetus
2292 2151 2439 2206 enim
2497 2157 2613 2204 erat
2664 2150 2781 2210 via,
2834 2163 2957 2218 quae
3008 2164 3105 2217 per
3165 2147 3360 2203 Oliveti
3406 2155 3643 2202 montem

2070 2235 2445 2308 Hierosolyma
2471 2237 2734 2305 ducebat,
2776 2235 2933 2307 3&1
2968 2250 3132 2306 quam
3170 2237 3312 2291 haud
3361 2236 3642 2304 ignorant,

2069 2329 2165 2398 qui
2214 2344 2278 2384 ea
2321 2329 2443 2383 loca
2485 2336 2797 2400 peragrant.
2834 2326 3035 2385 Verum
3087 2336 3147 2383 ut
3194 2344 3295 2385 suo
3338 2331 3513 2400 ipsius
3550 2346 3646 2385 ore

2070 2421 2423 2475 convincatur
2456 2439 2470 2475 :
2519 2419 2747 2474 Factum
2785 2428 2899 2485 est,
2944 2421 3153 2491 inquit,
3194 2422 3249 2475 in
3289 2438 3396 2475 una
3437 2422 3645 2476 dierum

2070 2511 2284 2567 docente
2313 2512 2406 2565 illo
2448 2513 2504 2566 in
2556 2511 2745 2581 templo
2772 2552 2787 2575 ,
2838 2520 3159 2583 quaesierunt
3199 2513 3410 2582 injicere
3469 2514 3523 2567 in
3581 2514 3647 2567 it-

2072 2603 2181 2657 lum
2212 2620 2428 2669 manus,
2474 2612 2525 2658 et
2588 2605 2915 2669 timuerunt,
2959 2614 3020 2659 ut
3063 2605 3312 2675 sequenti
3354 2606 3531 2674 capite
3575 2604 3646 2660 54

2071 2697 2397 2752 declaratur.
2450 2696 2615 2767 Igitur
2664 2695 3124 2767 quemadmodum
3184 2695 3540 2752 Hierichunte
3590 2695 3643 2750 in

2073 2789 2329 2858 templum
2358 2788 2567 2843 venerit
2589 2803 2654 2845 ex
2695 2788 2884 2845 eodem
2906 2789 3001 2844 illo
3029 2789 3223 2843 itinere
3256 2803 3321 2843 ac
3348 2789 3450 2844 viae
3475 2788 3637 2843 inter-

2070 2878 2214 2933 vallo
2241 2879 2609 2949 cognoscitur.
2632 2877 2739 2933 Sed
2771 2894 2837 2934 eo
2862 2894 2952 2934 res
2984 2878 3215 2934 adducta
3232 2885 3345 2943 est,
3366 2887 3424 2933 ut
3450 2878 3648 2949 impro-

2070 2966 2174 3022 bus
2197 2967 2283 3022 ille
2301 2974 2577 3022 veterator
2598 2981 2719 3036 quae
2737 2967 2789 3020 in
2805 2967 2891 3021 via
2907 2977 3057 3037 gesta
3090 2974 3218 3021 sunt
3257 2976 3310 3022 et
3356 2967 3409 3021 in
3442 2968 3647 3038 templo

2074 3072 2105 3111 a
2125 3057 2405 3113 Salvatore
2423 3065 2549 3114 ante
2581 3058 2728 3112 hunc
2750 3073 3055 3113 sermonem
3082 3057 3367 3113 suntdicta
3395 3058 3648 3114 dissimu-

2074 3148 2219 3203 lasse
2247 3148 2514 3202 videatur.
2556 3146 2823 3201 Nimirum
2851 3128 2885 3199 τ’
2901 3147 3102 3201 Domus
3148 3164 3263 3201 mea
3292 3146 3479 3202 domus
3521 3166 3647 3202 ora-

2076 3239 2235 3293 tionis
2266 3237 2558 3303 vocabitur,
2589 3246 2716 3304 etc.,
2749 3246 2810 3292 ut
2839 3238 2892 3291 in
2926 3238 3209 3308 prophetia
3235 3238 3505 3310 leguntur.

2147 3328 2330 3385 Schol.
2363 3330 2451 3384 54.
2481 3328 2550 3382 Et
2577 3330 2896 3399 quaesierunt
2928 3329 3142 3399 injicere
3179 3345 3365 3384 manus
3394 3331 3449 3383 in
3474 3330 3648 3397 illum,

2073 3429 2123 3474 et
2163 3422 2450 3481 timuerunt
2468 3420 2508 3473 ³.

2145 3510 2329 3566 Refut.
2372 3512 2459 3567 54.
2490 3511 2622 3579 Quae
2650 3512 2717 3567 ad
2748 3512 2895 3567 hunc
2922 3512 3100 3568 locum
3134 3519 3407 3583 spectant,
3438 3528 3499 3568 ea
3523 3528 3650 3583 pro-

2074 3603 2221 3657 xima
2253 3602 2581 3657 refutatione
2608 3618 2733 3657 cum
2770 3604 2889 3673 ipsa
2933 3604 3191 3673 loquendi
3223 3604 3452 3670 ratione,
3484 3620 3652 3674 quam

2076 3692 2191 3749 ﬁeri
2236 3694 2412 3763 potuit
2459 3693 2785 3749 brevissime
2831 3708 3071 3763 expensa
3118 3700 3246 3749 sunt
3279 3704 3332 3749 et
3358 3694 3649 3763 explicata.

2151 3782 2335 3839 Schol.
2372 3784 2460 3840 55.
2491 3784 2621 3839 ltem
2654 3784 2805 3840 illum
2840 3785 3052 3840 induxit
3078 3785 3279 3850 locum,
3311 3800 3420 3856 quo
3448 3784 3516 3840 de
3541 3786 3652 3839 vite

2078 3875 2170 3928 illa
2200 3875 2380 3946 agitur
2400 3877 2654 3945 agricolis
2675 3876 2874 3933 locata.
2896 3874 3073 3945 Atque
3099 3876 3200 3930 hoc
3229 3876 3450 3946 insuper
3476 3893 3488 3929 :
3511 3874 3651 3941 Quid

2077 3976 2153 4021 est
2170 3968 2354 4037 igitur,
2390 3966 2619 4036 lapidem
2654 3984 2805 4037 quem
2823 3972 3228 4035 reprobaverunt
3252 3968 3577 4038 wdiﬁcantes
3591 3968 3611 3999 ‘
3627 3968 3656 4021 ἵ

2147 4058 2328 4114 Refut.
2364 4060 2452 4114 55.
2483 4058 2631 4113 Nihil
2664 4058 2719 4113 id
2757 4059 2977 4135 quidem
3018 4074 3217 4115 nocere
3254 4060 3413 4115 nobis
3448 4066 3647 4131 potest.

2078 4148 2320 4205 Tametsi
2364 4150 2511 4205 enim
2556 4150 2734 4205 locum
2781 4150 2947 4206 istum
2978 4152 3260 4215 exemerit,
3305 4167 3416 4206 non
3450 4152 3561 4205 ullo
3593 4152 3649 4206 id

2077 4252 2269 4296 nostro
2294 4241 2494 4296 damno
2523 4241 2766 4307 sustulit,
2802 4240 2896 4297 sed
2928 4242 3029 4297 sibi
3070 4242 3174 4312 ipsi
3212 4243 3437 4313 suisque
3469 4242 3656 4299 fraudi

2077 4332 2261 4401 potius
2288 4332 2407 4386 fuit.
2440 4332 2828 4402 Compluribus
2866 4326 3008 4387 enim
3043 4333 3374 4390 testimoniis
3399 4336 3532 4390 satis
3561 4352 3653 4392 su-

2012 4451 2055 4505 ο
2080 4439 2283 4495 perque
2306 4422 2593 4481 refellitur.

2153 4514 2337 4570 Schol.
2374 4514 2463 4569 56.
2505 4514 2710 4571 Delevit
2738 4516 2872 4571 illud
2904 4533 2918 4571 :
2948 4516 3091 4584 Quia
3113 4534 3229 4573 vero
3259 4519 3451 4571 mortui
3474 4534 3653 4572 resur-

408 4597 557 4663 κροὶ,
587 4599 848 4667 Μωῦσῆς
882 4600 1150 4670 ἐμήνυσε
1176 4606 1309 4673 περὶ
1350 4605 1457 4659 τοῦ
1483 4606 1679 4671 βάτου
1707 4607 1842 4678 (75),
1898 4609 1980 4672 ὡς

2080 4613 2229 4675 gunt,
2268 4605 2478 4676 Moyses
2510 4606 2740 4660 ostendit
2778 4622 2925 4660 secus
2961 4605 3171 4670 rubum,
3217 4607 3352 4660 sicut
3383 4605 3509 4658 dicit
3538 4604 3653 4659 Do-

405 4689 567 4759 λέτει
615 4692 858 4759 Κύριον,
894 4694 1001 4747 τὸν
1028 4695 1176 4749 Θεὸν
1231 4698 1478 4767 Ἀϐραὰμ
1508 4699 1606 4752 καὶ
1641 4700 1855 4765 Ἰσαὰκ,
1880 4702 1979 4754 καὶ

2082 4699 2285 4751 minum
2316 4696 2485 4750 Deum
2514 4697 2803 4764 Abraham,
2834 4696 2997 4751 Isaac
3021 4707 3070 4752 et
3091 4697 3282 4756 Iacob.
3313 4697 3452 4753 Deus
3481 4708 3659 4752 autem

420 4783 634 4837 Ἰακώϐ.
674 4786 817 4851 Θεὸς
844 4787 908 4839 δ’
927 4788 1058 4843 ἐστὶ
1088 4787 1336 4856 ζώντων,
1362 4792 1461 4845 καὶ
1484 4792 1621 4862 οὐχὶ
1651 4792 1898 4860 νεκρῶν.

483 4900 702 4972 Ἔλεγχ.
728 4902 836 4967 νς’.
870 4902 1158 4973 Θαυμάσαι
1184 4904 1333 4959 ἔστιν
1361 4907 1454 4959 ἐπὶ
1480 4909 1546 4978 τῇ
1577 4907 1733 4977 ἀνοίᾳ
1760 4907 1855 4960 τοῦ
1879 4926 1982 4977 μα-

2079 4798 2157 4843 cst
2189 4791 2441 4854 vivorum,
2474 4805 2578 4842 non
2612 4798 2939 4843 mortuorum
2964 4791 3007 4845 ⁸.

2152 4901 2332 4957 Refut.
2397 4902 2483 4956 56.
2541 4902 2909 4958 Admirandus
2966 4905 3127 4973 plane
3178 4905 3356 4961 insani
3414 4904 3657 4961 hominis

409 4992 743 5063 ταιόιρρονος,
773 4993 889 5057 πῶς
927 4996 1047 5065 οὐχὶ
1071 4998 1199 5061 νοεῖ,
1241 4996 1323 5049 ὅτι
1352 4998 1441 5065 ἴση
1468 4997 1605 5068 αὕτη
1644 4999 1677 5068 ἡ
1708 4998 1980 5069 μαρτυρία

2078 5003 2286 5066 stupor.
2322 4996 2461 5063 Quid
2503 4996 2684 5051 enim?
2729 5013 2839 5051 non
2886 4996 3018 5053 illud
3061 4998 3526 5064 animadvertisse,
3557 5012 3655 5068 par

408 5082 664 5149 τυγχάνει
695 5084 760 5151 τῇ
787 5081 880 5134 τοῦ
911 5083 1159 5154 Λαζάρου
1184 5083 1281 5137 τοῦ
1312 5084 1551 5155 πτωχοῦ,
1584 5087 1678 5139 καὶ
1709 5088 1774 5158 τῇ
1803 5104 1982 5159 παρα-

398 5172 538 5244 ϐολῇ
556 5172 665 5226 τῶν
690 5172 765 5245 μὴ
792 5175 1254 5246 συγχωρουμένων
1278 5177 1359 5239 εἰς
1383 5175 1480 5246 τὴν
1508 5176 1783 5246 βασιλείαν
1808 5178 1983 5230 εἰσελ-

415 5263 555 5317 θεῖν’
586 5281 660 5318 ων
692 5265 1013 5336 παραϐολῶν
1044 5265 1111 5318 τὰ
1142 5266 1369 5336 λείψανα
1400 5267 1570 5330 εἴασε,
1604 5269 1699 5321 καὶ
1735 5269 1794 5321 οὐ
1840 5286 1984 5340 παρ-

415 5355 628 5425 έκυψεν,
669 5356 805 5410 ἀλλά
833 5357 927 5410 ἐπὶ
956 5360 1021 5429 τῇ
1058 5356 1222 5410 αὐτοῦ
1254 5359 1483 5429 αἰσχύνῃ
1513 5358 1865 5413 καταλέλοιπε
1898 5360 1980 5425 τὸ,

2083 5088 2229 5144 istud
2266 5103 2387 5144 esse
2428 5088 2799 5144 testimonium
2849 5090 3019 5144 altero
3054 5090 3132 5143 illi
3170 5090 3237 5143 de
3271 5089 3521 5145 mendico
3560 5088 3657 5142 La-

2087 5192 2247 5241 zaro,
2303 5191 2517 5232 necnon
2586 5186 2641 5231 et
2697 5192 2884 5232 eorum
2937 5177 3204 5247 parabolae
3243 5178 3442 5247 quibus
3499 5177 3669 5248 regni.

2087 5271 2265 5325 aditus
2298 5270 2714 5325 intercluditur?
2745 5270 3001 5336 Quarum
3023 5268 3240 5339 quidem
3272 5268 3655 5339 parabolarum

2085 5361 2345 5432 reliquias
2376 5362 2633 5425 servavit,
2662 5377 2763 5417 nec
2799 5372 2855 5416 ut
2890 5362 2993 5416 alia
3020 5363 3280 5433 pleraque
3308 5362 3547 5417 sustulit.
3577 5358 3659 5416 Ita

544 5535 677 5591 Luc.
717 5554 828 5605 χιιι,
858 5536 947 5593 29.
1023 5538 1043 5567 ¹
1072 5535 1203 5593 ibid.
1235 5535 1325 5592 46.
1406 5537 1428 5568 ³
1457 5534 1590 5592 Luc.
1623 5554 1715 5605 xx,
1750 5537 1831 5594 19.
1911 5538 1933 5569 ⁸
1968 5539 1980 5592 i

2072 5540 2098 5593 ι.
2128 5540 2223 5607 17;
2268 5542 2405 5611 psal.
2444 5542 2733 5610 cxvn,-2‘2.
2814 5544 2834 5575 ³
2866 5540 2999 5600 Luc.
3032 5558 3122 5610 xx,
3157 5543 3247 5611 37,
3289 5542 3389 5598 58.-

488 5716 602 5789 (75)
637 5719 775 5788 Περὶ
811 5720 915 5789 τῆς
948 5722 1161 5787 βάτου.
1200 5722 1351 5795 Apud
1389 5721 1588 5778 Lucam
1618 5723 1752 5795 lege.
1788 5721 1877 5775 ἐπὶ
1914 5721 2013 5792 τῆς
2051 5720 2235 5791 βάτου.
