4186 6374
515 324 615 384 759
1894 324 1954 379 S.
1994 323 2337 382 EPIPHANII
3672 326 3783 384 760

514 457 722 499 summa
770 458 868 499 sua
907 457 1035 498 cum
1085 441 1387 513 ignominia
1424 440 1591 497 verba
1626 440 1716 495 illa
1755 440 2089 512 dereliquit:

2212 442 2370 497 Ἐκεῖ
2391 445 2561 497 ἔσται
2591 446 2623 497 ὀ
2652 442 2958 513 κλαυθμὸς
2990 443 3087 497 καὶ
3112 445 3145 497 ό
3172 443 3447 513 βρυγμὸς
3468 441 3585 497 τῶν
3606 442 3787 497 ὀδόν*-

515 536 634 591 Illic
665 538 764 591 erit
796 537 953 605 ﬂetus
992 546 1043 591 et
1076 536 1277 591 stridor
1305 534 1545 589 dentium
1567 536 1605 587 ¹.
1637 533 1909 589 Caeterum
1945 533 2094 603 quod

2196 552 2333 589 των.
2375 536 2651 589 Δακτύλου
2694 536 2751 588 δὲ
2781 536 3186 608 ὲμῆρεχομένου
3221 537 3303 599 είς
3329 536 3475 608 ὓδωρ
3509 536 3645 606 μετά
3674 537 3781 608 τὴν

511 634 561 680 et
603 624 809 697 digitus
857 633 983 696 post
1028 626 1241 680 obitum
1292 627 1349 680 in
1394 640 1592 695 aquam
1640 625 2006 695 immergitur,
2042 632 2096 679 et

2196 626 2445 679 ἐντεῦθεν
2500 626 2838 697 ἀπαλλαγὴν,
2900 629 2994 680 καὶ
3032 626 3281 696 γλώσσης
3324 626 3781 697 καταψυχομένης

511 734 649 788 aqua
682 720 923 790 linguam
954 717 1263 787 refrigerat,
1296 720 1374 772 uti
1401 720 1469 773 de
1502 718 1710 772 Lazaro
1739 718 1895 773 dives
1924 718 2097 771 Abra-

511 811 673 865 hamo
712 811 964 877 dicebat;
1001 811 1258 881 quodque
1285 811 1531 864 dentium
1564 811 1767 865 stridor
1800 822 1887 867 est
1916 828 1979 867 ac
2004 814 2098 870 tle-

510 907 619 962 tus,
648 910 973 971 argumeuto
1000 910 1085 956 est
1116 903 1583 957 resurrectionem
1612 918 1738 958 esse
1767 919 2094 975 corporum:

511 992 863 1061 quantumvis
906 1008 968 1047 ea
1023 1008 1145 1062 qua:
1191 994 1259 1047 de
1296 1003 1641 1047 mortuorum
1692 999 2098 1052 resurrectione

512 1099 636 1138 vere
664 1094 791 1139 sunt
819 1098 847 1137 a
881 1083 1114 1139 Domino
1145 1088 1354 1155 prolata
1394 1104 1561 1157 pecus
1597 1090 1686 1143 illa
1718 1092 2022 1146 sustulerit.

578 1174 741 1247 342
774 1174 959 1231 Schol.
1002 1178 1089 1231 57.
1129 1179 1237 1232 lsta
1278 1195 1498 1249 quoque
1529 1183 1875 1251 praetermisit
1905 1199 1919 1237 :
1955 1184 2098 1249 Quia

511 1282 629 1323 vero
682 1278 958 1337 resurgant
1015 1270 1211 1322 mortui
1253 1280 1302 1323 et
1344 1270 1555 1341 Moyses
1594 1274 1845 1341 ostendit,
1894 1275 2097 1343 dicens,

514 1358 678 1411 Deum
720 1360 1010 1423 Abraham,
1054 1370 1103 1414 et
1153 1361 1321 1416 Deum
1370 1361 1551 1430 Isaac,
1596 1375 1645 1418 et
1692 1366 1861 1421 Deum
1904 1367 2094 1435 Jacob,

512 1450 678 1507 Deum
712 1452 944 1506 vivorum
968 1455 1009 1507 '.

583 1545 770 1601 Refut.
808 1546 897 1601 57.
939 1544 1211 1612 Quoniam
1244 1546 1331 1602 bis
1360 1547 1549 1603 eadem
1575 1563 1603 1602 a
1637 1548 1921 1605 Salvatore
1950 1567 2099 1623 repe-

512 1636 613 1690 tita
638 1637 898 1707 parabola
921 1644 1028 1703 est,
1062 1637 1186 1693 ideo
1213 1637 1298 1693 bis
1329 1654 1450 1693 eam
1472 1641 1881 1709 proposuimus,
1917 1658 2004 1705 ne.
2040 1653 2097 1697 ut

509 1724 986 1785 circunil‘oraneus
1018 1730 1121 1785 iste
1160 1729 1387 1796 Marcio,
1426 1732 1725 1802 quidquam
1756 1750 1944 1788 eorum
1974 1751 2096 1805 qua:

2199 719 2371 783 ὕδατι,
2394 720 2466 781 ὡς
2491 720 2519 771 ὁ
2548 719 2798 782 πλούσιος
2836 719 2938 790 ἔφη
2963 718 3039 787 τῷ
3077 719 3328 789 Ἀδραὰμ
3355 719 3441 772 διὰ
3474 719 3565 771 τὸν
3592 719 3780 783 Λάζα-

2200 830 2313 883 ρον,
2340 814 2431 866 καὶ
2458 812 2703 883 βρυγμοῦ
2733 813 2982 876 ὀδόντων,
3024 814 3119 866 καὶ
3161 811 3441 882 κλαυθμοῦ
3468 812 3779 881 γινομένου,

2199 905 2549 969 ἀναστάσεως
2596 906 2861 975 σωμάτων
2902 907 3017 958 ἐστὶ
3056 908 3301 975 σημεῖον,
3341 904 3441 957 κᾶν
3483 904 3783 975 παρακὸψῃ

2198 1000 2229 1050 ὁ
2256 998 2537 1067 κτηνώδης
2564 998 2633 1051 τὰ
2666 999 2771 1052 ὑπὸ
2800 998 3008 1071 Κυρίου
3032 1000 3160 1070 περὶ
3192 1000 3545 1061 ἀναστάσεως
3570 996 3784 1067 νεκρῶν

2199 1089 2416 1158 ἀληθῶς
2446 1092 2565 1161 είρη
2576 1090 2729 1161 μένα.

2270 1181 2426 1251 Σχόλ.
2456 1181 2554 1245 νζ’.
2605 1182 2719 1236 Οὐκ
2754 1177 2864 1252 εἶχε
2890 1182 3095 1235 ταῦτα’
3133 1182 3253 1233 Ὅτι
3282 1179 3351 1233 δὲ
3376 1179 3699 1249 ἐγείρονται
3725 1180 3785 1233 οι

2198 1274 2419 1342 νεκροὶ,
2444 1274 2540 1328 καὶ
2562 1273 2823 1343 Μωῦσῆς
2840 1273 3107 1343 ἐμήνυσε
3123 1272 3337 1342 λέγων,
3365 1274 3514 1326 Θεὸν
3536 1270 3786 1339 Ἀϐραὰμ

2200 1364 2296 1416 καὶ
2324 1364 2473 1419 Θεὸν
2506 1366 2722 1432 Ἰσαὰκ,
2767 1365 2865 1419 καὶ
2901 1364 3048 1419 Θεὸν
3097 1364 3312 1429 Ἰακὼϐ,
3354 1365 3502 1418 Θεὸν
3530 1362 3779 1425 ζώντων.

2275 1548 2495 1618 Ἔλεγχ.
2520 1547 2617 1611 νζν.
2648 1546 2747 1600 Διὰ
2771 1545 2831 1599 τὸ
2855 1546 3184 1617 δευτερῶσαι
3208 1545 3297 1599 τὸν
3320 1544 3549 1616 Σωτῆρα
3570 1544 3667 1613 τὴν
3684 1560 3785 1597 πα-

2205 1641 2455 1714 ραϐολὴν,
2480 1639 2670 1704 διττῶς
2691 1642 2818 1710 παρ’
2843 1640 2875 1710 ἠ
2884 1640 2999 1710 μῶν
3026 1641 3345 1692 ὲντέτακται
3366 1652 3381 1666 '
3406 1639 3494 1691 ἵνα
3526 1637 3599 1708 μὴ
3625 1637 3784 1689 ἀπει-

2200 1735 2491 1805 καζὸμενοι
2540 1732 2617 1803 τῷ
2652 1733 2863 1803 ἀγύρτῃ
2898 1732 3205 1803 Μαρκίωνι,
3241 1733 3401 1802 ἡμεῖς
3432 1728 3783 1801 παραλείψω-

509 1820 716 1891 scripta
748 1827 877 1876 sunt
907 1821 1239 1891 praeteriisse
1271 1823 1574 1879 videamur.
1612 1825 1881 1881 Caeterum
1921 1829 1975 1881 in
2003 1846 2095 1883 su-

2204 1823 2302 1894 μέν
2321 1842 2373 1877 τι
2395 1822 2502 1876 τῶν
2518 1840 2692 1894 γεγρα
2701 1822 2939 1893 μμένων.
2970 1822 3107 1892 Ἤδη
3126 1823 3184 1876 ὲν
3200 1820 3277 1893 τῷ
3297 1820 3557 1891 ἀνωτέρῳ
3575 1819 3784 1888 ἐλέγχῳ

509 1912 710 1981 periori
742 1911 1073 1968 refutatione
1114 1914 1524 1984 improbitatem
1583 1917 1733 1973 illius
1784 1934 1848 1973 ac
1889 1922 2099 1974 calum-

508 2006 657 2060 niam
686 2006 903 2063 abunde
936 2006 1219 2062 diluimus.

583 2097 769 2155 Sebol.
821 2099 909 2155 58.
962 2098 1098 2154 Illud
1146 2102 1350 2157 ademit
1399 2115 1661 2174 praeterea
1701 2123 1716 2160 :
1760 2104 2003 2176 Capillus
2036 2107 2099 2161 de

510 2194 684 2260 capite
708 2201 880 2247 vestro
914 2210 1016 2248 non
1044 2194 1233 2262 peribit
1258 2195 1299 2251 ³.

580 2281 2038 2344 Refut.58.............

580 2374 766 2431 Schol.
802 2376 889 2431 59.
926 2376 1130 2432 lterum
1165 2376 1279 2432 haec
1316 2378 1543 2434 abstulit
1576 2398 1589 2434 :
1626 2379 1772 2434 Tunc
1802 2382 1890 2450 qui
1922 2379 2098 2435 inlu-

509 2465 627 2523 dwa
646 2478 769 2523 sunt
792 2469 1001 2539 fugiant
1026 2467 1095 2523 ad
1124 2479 1347 2534 montes,
1375 2478 1507 2534 etc.,
1532 2471 1604 2526 ob
1628 2488 1691 2527 ea
1708 2489 1831 2542 quae
1860 2490 2098 2543 sequun—

510 2568 622 2625 tur,
656 2559 820 2615 donec
854 2570 1287 2616 consummentur
1322 2563 1498 2615 omnia
1529 2580 1647 2633 quae
1676 2566 1875 2634 scripta
1905 2577 2025 2620 sunt
2052 2566 2093 2623 ⁸.

578 2733 766 2791 Refut.
804 2735 895 2793 59.
930 2736 1247 2794 Obliviosus
1282 2738 1371 2793 hic
1402 2738 1569 2794 homo
1597 2748 1826 2797 caeteros
1859 2741 1943 2795 sui
1975 2756 2098 2797 esse

511 2828 740 2893 similes,
784 2830 889 2885 hoc
928 2839 1014 2887 est
1045 2831 1301 2897 stolidos,
1335 2834 1634 2889 existimat.
1672 2834 1783 2889 Nec
1820 2837 2094 2907 intelligit,

509 2921 557 2976 si
588 2921 670 2975 vel
717 2922 998 2977 minimam
1046 2925 1297 2977 voculam
1339 2925 1642 2996 reliquerit,
1690 2942 1809 2982 eam
1864 2927 1931 2982 ad
1977 2943 2099 2982 sese

508 3011 943 3067 convincendum
996 3012 1199 3069 facere.
1255 3013 1472 3081 Quanto
1532 3017 1698 3089 igitur
1746 3017 1917 3088 magis
1971 3033 2095 3072 cum

508 3103 743 3175 plurima
790 3106 959 3160 verba
999 3105 1067 3161 de
1116 3108 1389 3163 sententia
1426 3109 1703 3164 detrahit?
1728 3112 2093 3176 Quamobrem

2199 1916 2489 1987 γεγένηται
2522 1918 2554 1987 ἡ
2588 1917 2728 1970 κατὰ
2750 1917 2847 1987 τῆς
2877 1913 3041 1969 αὐτοῦ
3068 1914 3416 1987 ῥᾳδιουργίας
3438 1914 3780 1985 ἀντίρρησις.

2270 2091 2426 2162 Σχὸλ.
2458 2097 2558 2161 vn’.
2606 2090 2777 2147 Πάλιν
2804 2092 3083 2163 παρέκοψε
3114 2093 3175 2147 τό
3195 2108 3210 2125 ο
3258 2093 3401 2162 Θρὶε
3432 2093 3503 2148 ἐκ
3550 2091 3662 2161 τῆς
3687 2106 3787 2147 κε-

2198 2184 2401 2254 φαλῆς
2427 2185 2595 2255 ὑμῶν
2623 2188 2694 2240 οὐ
2720 2186 2807 2256 μὴ
2835 2187 3154 2256 ἀπόληται.

2274 2279 3783 2350 Ἔλεγχ.νη’.............

2270 2370 2426 2439 Σχόλ.
2455 2369 2551 2424 νϐ’.
2600 2370 2769 2425 Πάλιν
2811 2370 3090 2443 παρέκοψε
3116 2371 3291 2425 ταῦτα
3311 2389 3325 2402 ⁸
3373 2371 3510 2425 Τότε
3536 2371 3590 2424 οἱ
3616 2369 3686 2422 ἐν
3706 2364 3785 2437 τῆ

2213 2461 2461 2529 Ἰουδαίᾳ
2509 2461 2897 2532 φευγέτωσαν
2932 2465 3020 2530 εις
3058 2465 3130 2516 τὰ
3176 2462 3304 2532 ὅρη,
3361 2462 3457 2516 καὶ
3496 2461 3565 2515 τὰ
3609 2460 3736 2528 ἑξῆς
3763 2475 3780 2488 ·

2198 2554 2284 2608 διὰ
2319 2556 2385 2608 τὰ
2423 2556 2795 2629 ἐπιφερόμενα
2834 2559 2892 2610 ἐν
2919 2555 2996 2627 τῷ
3030 2556 3201 2627 ῥητῷ,
3250 2556 3360 2621 ἕως
3394 2552 3681 2624 πληρωθῇ
3712 2553 3785 2607 τὰ

2199 2645 2591 2716 τειφαμμένα-

2272 2739 2491 2807 Ἔλεγχ.
2511 2737 2607 2792 νϐ’.
2640 2740 2799 2791 Δοκεῖ
2822 2737 2991 2809 λήθην
3024 2737 3360 2809 κεκτημένος
3387 2738 3511 2801 τοὺς
3538 2738 3786 2800 ἅπαντας

2202 2827 2349 2890 ίσους
2390 2826 2539 2897 αὐτῷ
2582 2829 2841 2898 ἀνοήτους
2890 2827 3047 2882 εἶναι.
3102 2829 3210 2881 Καὶ
3249 2828 3349 2881 οὐκ
3387 2823 3530 2881 οἶδεν
3569 2828 3650 2879 ὅτι
3678 2826 3784 2880 κᾶν

2202 2919 2396 2989 μικρὸν
2414 2919 2576 2988 ῥητὸν
2598 2920 2689 2972 ὑπ’
2712 2919 2875 2974 αὐτοῦ
2899 2920 3256 2991 καταλειφθῇ,
3277 2918 3498 2991 ἔλεγχον
3525 2922 3778 2973 ποιεῖται.

2202 3013 2357 3082 Πόσῳ
2394 3013 2592 3083 μᾶλλον
2628 3015 2722 3067 καὶ
2754 3014 2963 3067 πολλῶν
2998 3014 3178 3085 ῥητῶν
3212 3014 3302 3067 ὑπ’
3336 3015 3500 3067 αὐτοῦ
3535 3030 3782 3083 παρακο-

2198 3107 2442 3171 πέντωνς
2487 3107 2652 3159 Οὐδὲν
2686 3108 2867 3161 τοίνυν
2902 3108 3101 3160 κωλύει
3131 3106 3223 3160 τὸν
3250 3106 3575 3178 βουλόμενον
3602 3123 3781 3178 παρα-

508 3197 637 3252 licet
683 3196 949 3253 mutilatis
998 3198 1066 3254 iis
1100 3200 1169 3253 ab
1213 3200 1308 3255 illo
1342 3200 1670 3257 testimoniis
1704 3203 1809 3255 alia
1843 3203 2088 3273 quaedam

2196 3198 2363 3251 θεῖναι
2392 3200 2615 3262 ταύταις
2645 3204 2765 3263 ταῖς
2797 3201 3320 3273 παρακεκομμέναις
3355 3200 3683 3271 μαρτυρίαις
3714 3197 3785 3252 τὰ

508 3304 633 3360 qua:
664 3288 893 3359 ipsemet
921 3290 1160 3347 admittit
1202 3309 1494 3364 opponere.
1539 3295 1671 3361 Quae
1707 3311 1831 3350 cum
1864 3296 2096 3352 sublatis

510 3381 581 3437 ab
616 3398 681 3438 eo
714 3383 942 3453 reliquis
976 3386 1200 3439 omnino
1235 3399 1607 3443 consentanea
1642 3404 1762 3443 esse
1798 3389 2089 3445 constabit.

511 3475 797 3545 Ejusmodi
827 3486 955 3534 sunt
988 3478 1099 3547 illa,
1134 3480 1188 3533 in
1212 3481 1412 3551 quibus
1431 3481 1776 3536 Abrahamus
1800 3491 1923 3553 post
1947 3499 2095 3537 mor-

511 3578 619 3620 tem
656 3567 731 3621 ita
770 3567 1001 3637 loquens
1037 3567 1317 3623 inducitur
1350 3588 1362 3624 :
1398 3569 1609 3624 Habent
1640 3570 1861 3643 Moysen
1890 3584 1938 3626 et
1966 3589 2092 3641 pro—

509 3657 727 3729 phetas;
778 3661 919 3728 ipsos
973 3661 1195 3715 audiant
1218 3661 1261 3718 '.
1312 3661 1445 3728 Quae
1500 3663 1643 3718 enim
1697 3666 1974 3735 prophetae
2030 3682 2093 3721 ac

510 3750 728 3823 Moyses
758 3752 1040 3816 dixerunt,
1075 3768 1105 3807 a
1142 3751 1254 3809 Deo
1291 3763 1420 3810 sunt
1454 3754 1612 3810 Patre
1646 3756 1909 3826 profecta,
1944 3768 1996 3813 et
2026 3762 2094 3812 ah

511 3842 744 3910 ipsumet
782 3840 876 3897 Dei
912 3840 1051 3896 Filio
1091 3841 1319 3898 Domino
1362 3852 1578 3912 nostro,
1615 3860 1826 3900 necnon
1864 3853 1918 3900 et
1965 3846 2092 3917 Spi-

510 3935 620 3989 ritu
664 3942 889 4000 sancto;
928 3952 1051 4007 qua:
1083 3938 1303 4008 quidem
1337 3937 1589 3993 mandata
1628 3940 1847 4008 scriptis
1880 3940 2092 4011 impleri

510 4027 733 4097 penitus
761 4029 1027 4099 Oportuit.
1372 4012 1377 4017 ”

582 4119 769 4175 Schol.
801 4120 890 4175 60.
925 4120 1157 4177 Locutus
1190 4131 1269 4177 est
1302 4140 1418 4177 cum
1458 4126 1886 4197 magistratibus,
1912 4145 2095 4199 quem-

511 4212 806 4268 admodum
834 4213 989 4267 illum
1023 4214 1252 4269 traderet
1276 4217 1351 4270 eis
1379 4217 1420 4270 ⁸.

581 4306 766 4363 Refut.
799 4307 890 4363 60.
922 4306 967 4362 Ο
1000 4307 1295 4364 Marcionis
1342 4309 1720 4366 incredibilem
1763 4312 2087 4367 amentiam!

510 4398 646 4465 Quis
672 4400 817 4454 enim
841 4398 984 4455 alius
1006 4407 1204 4470 praeter
1226 4399 1423 4455 Judam
1449 4402 1664 4457 locutus
1693 4403 1813 4458 est?
1847 4410 1939 4457 aut
1959 4403 2089 4473 quid

510 4491 733 4546 tandem
756 4491 1003 4545 facturus
1039 4490 1213 4556 aliud,
1260 4494 1365 4547 nisi
1394 4492 1729 4548 Salvatorem
1755 4494 2093 4549 traditurus?
2127 4532 2167 4585 ο

507 4583 628 4640 lam
662 4599 794 4639 vero
827 4585 872 4640 si
908 4583 1163 4639 Salvator
1201 4584 1460 4648 traditur,
1510 4585 1756 4655 profecto
1792 4601 1898 4640 non
1933 4588 2094 4643 inane

509 4676 786 4747 quoddam
824 4685 1103 4746 spectrum
1131 4685 1272 4744 erat,
1302 4677 1399 4733 sed
1424 4678 1599 4732 solida
1631 4679 1867 4735 hominis
1898 4688 2096 4735 natura

508 4769 823 4823 constabat.
844 4767 982 4824 Nam
1010 4768 1054 4823 si
1079 4768 1217 4822 nihil
1242 4777 1439 4839 praeter
1460 4769 1713 4838 spiritum
1739 4769 1900 4833 foret,
1927 4785 2096 4825 carne

508 4860 760 4933 praeditis
802 4860 1122 4916 hominibus
1173 4861 1316 4914 tradi
1364 4862 1682 4930 neutiquam
1713 4869 1917 4932 posset.
1947 4860 2094 4916 Idem

506 4969 641 5023 εγεο
676 4951 820 5008 Deus
850 4968 973 5006 cum
1015 4963 1181 5015 θεεει,
1217 4963 1501 5022 assumpta
1545 4968 1709 5007 carne
1741 4961 2095 5008 contrectan-

507 5044 637 5097 dum
672 5058 731 5097 se
760 5042 1013 5113 praebuit,
1044 5042 1441 5113 hominumque
1477 5044 1728 5099 manibus
1758 5054 1949 5113 sponte
1974 5059 2097 5112 per-

509 5136 683 5189 misit.
719 5133 825 5188 Sed
868 5133 947 5187 llli
990 5135 1126 5188 adeo
1160 5133 1316 5187 stulti
1348 5142 1499 5199 sunt,
1539 5149 1726 5189 secum
1761 5142 1818 5187 ut
1848 5137 2094 5190 oratione

510 5242 611 5281 sua
648 5236 910 5297 pugnent.
954 5225 1033 5283 Ac
1073 5226 1294 5281 memini
1325 5242 1412 5282 me
1443 5226 1744 5296 aliquando
1774 5226 1943 5299 343,
1968 5243 2090 5280 eum

509 5320 810 5375 Marcionis
838 5320 1076 5390 quodam
1119 5319 1391 5390 discipulo
1436 5320 1826 5391 disputantem,
1867 5336 1993 5374 cum
2027 5335 2093 5373 ex

508 5409 807 5481 Evangelio
834 5412 1012 5467 locum
1048 5411 1199 5465 illum
1233 5412 1552 5481 obiicerem,
1599 5428 1706 5482 quo
1742 5413 1795 5466 in
1834 5412 1953 5466 loco
1996 5412 2095 5465 du-

508 5512 633 5557 ctus
661 5502 712 5555 in
748 5500 1026 5557 desertum
1056 5517 1089 5556 a
1120 5502 1316 5573 spiritu
1349 5502 1551 5558 dicitur
1573 5544 1588 5567 ,
1625 5511 1685 5557 ut
1725 5510 2035 5559 tentaretur
2063 5517 2094 5555 a

2197 3293 2326 3363 παρ’
2351 3291 2515 3345 αὐτοῦ
2539 3292 2960 3363 ὁμολογηθέντα.
2999 3293 3354 3363 Δειχθήσεται
3382 3294 3490 3365 γὰρ
3513 3292 3784 3362 σύμφωνα.

2196 3384 2324 3437 ὄντα
2369 3385 2576 3448 τούτοις
2621 3389 2731 3449 τοῖς
2775 3386 2864 3438 ὑπ’
2908 3385 3115 3439 ἐκείνου
3164 3391 3562 3454 περικοπεῐσιν,
3610 3387 3668 3437 ἐν
3700 3379 3784 3447 οἷς

2196 3477 2378 3546 ἔλεγεν
2402 3480 2429 3531 ὁ
2459 3477 2710 3549 ’Λὸραὰμ
2737 3477 2873 3547 μετὰ
2898 3478 2992 3548 τὴν
3014 3478 3273 3549 τελευτήν
3295 3496 3307 3507 ·
3344 3480 3594 3546 Ἔχουσι
3611 3480 3782 3530 Maii)-

2195 3572 2309 3626 σὲιι
2351 3571 2451 3624 καὶ
2490 3571 2631 3636 τοὺς
2679 3571 3022 3639 προφήτας·
3076 3569 3518 3625 ἀκουσάτωσαν
3560 3567 3779 3621 αὐτῶν.

2202 3666 2267 3715 ’Ἀ
2291 3664 2476 3733 ἔλεγον
2503 3666 2610 3736 γὰρ
2638 3665 2687 3717 οἱ
2716 3666 2989 3736 προφῆται
3017 3664 3109 3718 καὶ
3127 3663 3389 3733 Μωῦσῆς,
3423 3666 3487 3717 ἐκ
3514 3661 3650 3715 Θεοῦ
3672 3662 3784 3715 Πα-

2193 3758 2321 3827 τρὸς
2345 3752 2432 3827 ἦν,
2456 3758 2549 3810 καὶ
2581 3757 2639 3823 ἐξ
2664 3757 2829 3811 αὐτοῦ
2857 3758 2953 3811 τοῦ
2982 3757 3186 3829 Κυρίου
3214 3756 3346 3810 Υἱοῦ
3373 3755 3468 3809 τοῦ
3492 3755 3652 3815 Θεοῦ.
3684 3753 3783 3807 καὶ

2193 3847 2286 3899 τοῦ
2319 3848 2477 3915 ἁγίου
2499 3846 2837 3919 Πνεύματος,
2872 3847 2909 3901 ἃ.
2940 3847 3046 3901 ἔδει
3079 3846 3446 3918 γεγραμμένα
3485 3846 3613 3898 ὄντα
3648 3844 3783 3915 πλη-

2196 3938 2443 4010 ρουσθαι.

2265 4119 2418 4188 Σχὸλ.
2456 4116 2516 4181 ξ’.
2562 4116 2952 4185 Συνελάλησε
2980 4116 3103 4183 τοῖς
3137 4116 3498 4184 στρατηγοῖς
3525 4117 3615 4181 τὸ,
3651 4114 3783 4181 πῶς

2192 4210 2380 4265 αὐτὸν
2401 4209 2645 4279 παραδῷ
2670 4212 2893 4274 αὐτοῖς.

2270 4304 2490 4375 Ἔλεγχ.
2523 4302 2584 4368 ξ’.
2614 4306 2677 4355 Ὠ
2703 4301 3097 4375 φρενοϐλάϐεια
3127 4301 3218 4356 τοῦ
3246 4303 3601 4373 Μαρκίωνοςί
3644 4303 3780 4356 Συν-

2192 4398 2419 4469 ελάλησε
2438 4414 2450 4428 ’
2476 4396 2606 4467 τίςῆ
2633 4396 2892 4463 Ἰούδαςτ;
2915 4396 2968 4448 τί
2984 4396 3229 4465 ποιῆσαι,
3256 4395 3418 4465 ἀλλ’ἢ
3443 4395 3783 4466 παραδοῦναι

2194 4492 2285 4543 τὸν
2322 4488 2585 4561 Eme-719a;
2622 4489 3056 4560 Παραδιδομὲνου
3087 4488 3143 4541 δὲ
3176 4488 3269 4541 τοῦ
3294 4488 3567 4560 Σωτῆρος,
3595 4488 3781 4542 οὐκέτι

2194 4582 2412 4645 δόκησις
2457 4585 2485 4635 ὁ
2544 4582 3005 4653 παραδιδόμενος,
3067 4581 3202 4635 ἀλλὰ
3250 4580 3499 4652 ἀλήθεια.
3561 4582 3623 4634 Εἰ
3669 4581 3783 4652 γὰρ

2194 4676 2409 4745 πνεῦμα
2433 4671 2500 4735 ἦν
2520 4676 2699 4745 μόνον,
2721 4678 3003 4746 σαρκικοῖς
3015 4674 3323 4746 ἀνθρώποις
3345 4676 3407 4727 οὑ
3440 4674 3779 4745 παρεδίδοτο.

2204 4769 2363 4822 Ἀλλὰ
2388 4767 2519 4831 Θεὸς
2551 4767 2626 4821 ὢν
2644 4768 2747 4821 ὑπὸ
2782 4768 2925 4838 ἁφὴν
2953 4768 3164 4835 γέγονε,
3199 4767 3377 4838 σάρκα
3416 4767 3781 4837 ἐνδυσάμενος

2190 4864 2269 4924 είς
2314 4863 2501 4933 χεῖρας
2551 4858 2898 4931 ἀνθρωπίνης
2942 4860 3157 4929 φύσεως
3198 4860 3387 4913 ἑαυτὸν
3436 4858 3579 4913 ἑκὼν
3632 4876 3782 4930 παρ-

2189 4953 2382 5007 εδίδου.
2406 4952 2676 5006 Ταναντία
2711 4953 2805 5007 καὶ
2837 4953 3050 5016 ἑαυτοῖς
3085 4952 3189 5006 ὑπό
3209 4952 3393 5016 ἀνοίας
3425 4952 3777 5023 φθέγγονται.

2189 5045 2299 5097 Καὶ
2330 5043 2439 5114 γὰρ
2474 5043 2566 5097 καί
2598 5059 2751 5107 ποτε,
2784 5042 3165 5114 διαλεγόμενός
3196 5061 3305 5097 τισι
3337 5044 3446 5097 τῶν
3480 5043 3645 5096 αὑτοῦ
3671 5061 3782 5115 μα-

2190 5133 2368 5207 θητῶν
2395 5135 2786 5206 Μαρκιωνιστῇ
2833 5151 2959 5197 τινι,
3004 5135 3099 5188 καὶ
3136 5135 3331 5204 λέγων,
3362 5136 3438 5200 ὡς
3466 5136 3526 5187 ὲν
3563 5135 3643 5206 τῷ
3676 5137 3784 5207 Εὑέ

2191 5226 2429 5296 αγγελίῳ
2466 5225 2601 5296 ἔχει,
2643 5226 2725 5277 ὅτι
2774 5225 3084 5297 παρέλαϐεν
3123 5227 3285 5280 αὐτὸν
3324 5229 3405 5290 εἰς
3448 5226 3548 5298 τὴν
3571 5228 3801 5304 ἐρημοψτ

2190 5318 2250 5370 τὸ
2282 5317 2501 5389 πνεῦμα
2549 5317 2911 5389 πειρασθῆναι
2954 5318 3059 5371 ὑπὸ
3103 5320 3198 5371 τοῦ
3238 5319 3507 5384 διαϐόλου,
3568 5309 3799 5383 ἥκουσί

2190 5410 2320 5481 παρ’
2358 5410 2543 5476 αὐτοῦ,
2572 5412 2653 5463 ὅτι
2685 5410 2809 5475 Πῶς
2832 5412 3054 5465 ἐδύνατο
3082 5412 3325 5476 Σατανᾶς
3360 5412 3449 5465 τὸν
3475 5411 3604 5465 ὄντα
3622 5411 3795 5478 Θεὸν,ε

2193 5502 2287 5555 καὶ
2315 5502 2538 5574 μείζονα
2568 5504 2733 5558 αὑτοῦ
2760 5504 3098 5576 ὑπάρχοντα,
3130 5506 3227 5559 καὶ
3246 5504 3453 5576 Κύριον
3477 5503 3667 5571 αὑτοῦ,
3703 5500 3794 5570 ὡς’

586 5682 604 5713 ¹
632 5680 767 5757 Luc.
799 5697 920 5757 inn,
953 5684 1053 5757 28.
1132 5688 1153 5719 ²
1183 5685 1318 5744 Luc.
1352 5704 1443 5757 xx,
1466 5688 1556 5753 57,
1586 5688 1675 5743 58.
1755 5688 1774 5719 ³
1806 5685 1937 5740 Luc.
1972 5699 2087 5749 XXI,
2126 5681 2213 5738 19.
2290 5683 2309 5716 δ
2343 5684 2474 5739 ibid.
2505 5686 2569 5741 21
2624 5687 2712 5742 ‘22.
2792 5688 2812 5719 '
2836 5685 2971 5742 Luc.
3024 5703 3134 5753 1m,
3191 5684 3279 5741 9.9.
3358 5684 3380 5717 ⁶
3406 5683 3538 5743 Luc.
3571 5686 3784 5750 τιμή.

507 5746 535 5785 ⁷
561 5767 656 5822 γρ.
679 5751 742 5805 τὺ
771 5752 827 5805 τὶ
855 5755 1098 5825 ποιῆσαι.
