4186 6374
442 309 538 367 761

1104 312 1478 371 ADVERSUS
1517 315 1862 374 llAERESES
1901 319 2028 374 LIB.
2072 318 2112 373 Ι.
2155 317 2318 374 ΤΟΜ.
2358 318 2521 374 lll.—-
2562 318 2839 378 IIERES.
2872 319 3036 375 XLII.

3607 316 3713 373 762

442 432 597 502 ὑμεῖς
642 428 850 498 λέγετε,
897 429 1180 502 πειράσαι,
1227 430 1320 484 τὸν
1366 432 1573 503 Ἰησοῦν
1608 435 1699 489 τὸν
1739 436 1906 490 αὑτοῦ
1930 439 2026 490 Δε-

2135 435 2394 492 diabolo”
2434 435 2712 506 ejusmodi
2756 436 2825 490 de
2858 435 2954 489 illo
2984 432 3280 490 abstulisse
3323 446 3654 503 responsum
3692 449 3707 485 :

442 520 675 591 σπότην;
722 518 861 588 Ἐγὼ
894 519 971 585 δὲ,
1008 521 1067 572 ὲν
1094 519 1190 573 τοῦ
1223 519 1358 573 Θεοῦ
1399 522 1621 596 βοηθείᾳ
1665 526 1724 590 ἐξ
1762 528 2027 596 ὑπογυίου

442 611 618 664 λαϐὼν
667 612 903 676 σύνεσιν,
934 612 1320 684 ἀπεκρινάμην
1349 614 1530 685 αὑτῷ,
1560 617 1765 687 λέγων·
1827 621 1901 672 Οὑ
1935 638 2026 673 πι-

442 703 681 767 στεύετε,
711 703 792 756 ὅτι
819 702 1138 774 ἐσταυρώθη
1175 706 1203 757 ὁ
1235 706 1504 776 Χριστός;
1554 708 1610 762 '0
1639 710 1697 762 δὲ
1732 709 1859 781 ἔφη·
1888 712 2019 775 Ναὶ,

441 792 535 845 καὶ
563 792 664 845 οὑκ
692 793 985 863 ἠρνήσατο.
1018 793 1175 856 Τίνες
1208 790 1302 847 οὖν
1337 796 1500 848 αὑτὸν
1529 798 1921 871 ὲσταύρωσαν;
1970 802 2028 857 Ὀ

441 883 495 936 δὲ
516 883 640 954 ἔφη’
662 883 991 956 Ἄνθρωποι.
1013 882 1146 938 Εἶτα
1166 886 1303 958 ἔφην
1326 888 1493 959 αὐτῷ*
1523 890 1618 954 Τίς
1635 891 2025 965 δυνατώτερος,

440 977 467 1027 ὁ
504 974 808 1045 ἄνθρωπος,
841 977 875 1048 ἢ
909 980 938 1030 6
982 977 1255 1044 διάϐολος;
1316 980 1376 1032 Ὁ
1406 980 1462 1032 δὲ
1489 979 1626 1053 ἔφη’
1685 983 1743 1036 '0
1785 984 2028 1049 διάϐολος

444 1067 809 1138 ἰσχυρότερος.
875 1070 1003 1122 Ὅτε
1034 1068 1192 1124 τοῦτο
1237 1067 1413 1135 εἶπεν,
1447 1074 1897 1146 ἀπεκρινάμεθα·
1964 1077 2027 1130 El

440 1161 468 1212 6
501 1159 748 1223 διάϐολος
797 1161 1142 1233 ἰσχυρότερος
1182 1162 1487 1234 ἀνθρώπων
1525 1167 1782 1240 ὑπάρχει,
1813 1168 2027 1239 ἄνθρω-

439 1268 531 1303 ποι
551 1250 607 1302 δὲ
627 1253 675 1304 οί
695 1252 1071 1325 ἀσθενέστεροι
1087 1255 1320 1325 Χριστὸν
1340 1256 1691 1329 ἐσταύρωσαν
1712 1276 1726 1290 ·
1761 1261 1823 1313 οὑ
1844 1260 2028 1332 θαῦμα

440 1342 489 1394 εί
518 1342 612 1395 καὶ
640 1343 746 1395 ὑπὸ
789 1343 883 1396 τοῦ
907 1344 1156 1398 διαϐόλου
1183 1346 1510 1419 ὲπειράσθη.
1577 1350 1765 1404 Πάντα
1797 1351 1904 1422 γὰρ
1936 1352 2026 1404 θέ-

438 1433 681 1502 λωνικαὶ
702 1436 763 1487 οὑ
792 1437 931 1505 μετά
950 1438 1197 1509 ἀνάγκης
1233 1440 1373 1510 ὑπὲρ
1405 1443 1436 1510 ἡ
1448 1440 1564 1510 μῶν
1588 1443 1781 1495 ἑαυτὸν
1800 1443 2028 1498 δέδωκεν

440 1529 468 1579 6
486 1527 718 1598 Χριστὸς
738 1530 963 1599 πάσχων
982 1530 1040 1582 ὲν
1062 1528 1312 1600 ἀληθείᾳ,
1336 1531 1397 1583 οὑ
1421 1533 1541 1585 κατ’
1563 1533 1870 1601 ἀσθένειαν,
1892 1535 2028 1590 ἀλλὰ

440 1619 583 1672 κατά
610 1621 929 1691 προαίρεσιν
952 1622 1031 1684 είς
1059 1622 1423 1693 ὑπογραμμὸν
1463 1625 1646 1695 ἡμῶν,
1684 1626 1778 1679 καὶ
1797 1626 1866 1679 τὰ
1890 1628 2030 1698 πρὸς

440 1712 532 1764 τὸν
553 1711 821 1778 διάϐολον,
846 1713 941 1766 καὶ
968 1714 1047 1777 είς
1069 1718 1346 1788 σωτηρίαν
1373 1718 1530 1788 ἡμῶν
1557 1720 1614 1771 ὲν
1639 1718 1717 1790 τῷ
1740 1719 1905 1773 πάθει
1932 1719 2026 1773 τοῦ

2134 526 2236 592 Qui
2273 525 2390 581 ﬁeri
2422 532 2625 596 potest,
2648 533 2709 578 ut
2734 522 2969 578 Satanas
2996 522 3161 577 Deum
3187 537 3399 585 verum,
3433 536 3499 576 ac
3526 521 3713 591 seipso

2130 612 2289 683 longe
2323 613 2785 681 praestantiorem,
2826 610 3227 680 Doniiunmque
3257 626 3438 674 suum,
3480 620 3540 665 ut
3574 610 3714 665 dici-

2130 706 2222 769 tis,
2252 702 2439 758 Jesum
2477 704 2711 767 scilicet,
2747 703 3080 758 tentaverit?
3110 704 3225 772 Ego
3256 717 3387 757 vero
3416 701 3511 756 Dei
3543 702 3716 757 fretus

2130 799 2358 864 auxilio,
2405 796 2554 868 quod
2588 812 2619 853 e
2652 812 2713 852 re
2743 802 2869 850 nata
2908 795 3042 849 mihi
3073 795 3126 848 in
3153 795 3394 849 animum
3421 794 3714 857 inciderat,

2130 894 2199 946 ad
2248 892 2353 946 ista
2400 890 2608 958 subjeci
2644 907 2658 944 :
2703 888 2961 953 Creditis,
2999 886 3545 957 inquam,Christum
3593 902 3718 942 esse

2130 983 2490 1038 cruciﬁxum?
2518 981 2629 1038 Nos
2660 996 2811 1046 vero,
2845 979 3044 1050 inquit,
3070 979 3384 1044 credimus;
3425 994 3525 1033 nec
3554 977 3717 1032 fateri

2130 1074 2420 1129 dubitavit.
2452 1070 2497 1125 Α
2525 1072 2727 1142 quibus
2756 1087 2885 1142 ergo
2915 1071 3214 1125 cruciﬁxus
3234 1069 3356 1124 est?
3392 1070 3599 1139 rogavi.
3634 1070 3716 1122 Ab

2129 1167 2465 1230 hominibus,
2520 1165 2824 1234 respondit.
2880 1162 3019 1217 Tum
3069 1178 3211 1233 ego:
3254 1161 3391 1228 Quis
3427 1162 3715 1216 amborum

2131 1260 2411 1330 potentior
2441 1266 2547 1322 est,
2583 1257 2767 1321 homo,
2797 1270 2865 1309 an
2899 1255 3189 1309 diabolus?
3221 1253 3506 1319 Diabolus,
3539 1254 3716 1321 inquit

2131 1350 2242 1413 ille,
2276 1350 2435 1417 longe
2463 1355 2688 1417 prmstat
2718 1346 3051 1402 hominibus.
3082 1344 3192 1414 Ego
3220 1360 3350 1399 vero
3376 1345 3442 1398 ad
3467 1345 3583 1398 haec
3608 1343 3716 1399 ista

2130 1441 2339 1511 subjeci
2372 1457 2386 1493 :
2423 1438 2480 1492 Si
2517 1438 2587 1491 ah
2622 1436 2959 1501 hominibus,
2991 1438 3083 1505 qui
3127 1436 3287 1505 longe
3326 1433 3714 1488 imbecilliores

2132 1539 2281 1596 sunt,
2314 1531 2615 1584 crucilixus
2645 1536 2730 1582 est
2757 1526 3031 1592 Christus,
3062 1525 3193 1594 quid
3229 1526 3427 1579 mirum
3452 1533 3537 1580 est
3564 1541 3718 1579 eum-

2131 1623 2253 1677 dem
2285 1638 2312 1676 a
2344 1622 2567 1676 diabolo
2601 1635 2725 1676 esse
2753 1619 3064 1673 tentatum?
3098 1618 3179 1671 Ad
3211 1617 3326 1671 haic
3356 1618 3502 1671 enim
3531 1618 3717 1672 omnia

2136 1729 2260 1769 vere
2281 1729 2345 1768 ac
2373 1721 2565 1769 nostra
2594 1727 2762 1767 causa
2789 1710 3093 1776 toleranda,
3125 1709 3372 1778 adeoque
3403 1709 3553 1761 illum
3588 1724 3714 1763 cum

441 1802 698 1874 σταυροῦ,
733 1804 814 1867 είς
845 1804 1170 1875 κατάκρισιν
1192 1808 1491 1880 ἁμαρτίας,
1523 1809 1616 1862 καὶ
1641 1809 1896 1881 ἀθέτησιν
1924 1809 2020 1863 τοῦ

2135 1806 2346 1861 diabolo
2377 1820 2736 1875 congressum
2786 1818 2917 1859 non-
2946 1815 3175 1857 coaetus
3222 1817 3251 1855 a
3292 1804 3571 1872 quopiam,
3620 1802 3717 1856 sed

441 1892 694 1949 θανάτου.

2130 1901 2276 1954 ultro
2307 1914 2366 1954 se
2394 1897 2649 1952 Christus
2681 1895 2885 1964 objecit
2914 1913 2928 1948 :
2992 1893 3139 1962 quod
3184 1892 3405 1963 quidem
3453 1908 3563 1945 non
3602 1891 3716 1947 ulla

441 1984 559 2055 ejus
582 1986 957 2040 imbecillitate
992 1985 1218 2054 factum,
1238 1990 1334 2045 sed
1356 1990 1639 2045 voluntate
1662 2001 2015 2061 susceptum;
2057 2008 2156 2047 suo
2190 1999 2249 2046 ut
2272 2004 2374 2044 nos
2401 1990 2655 2057 exemplo
2684 1983 3160 2050 condocefaceret,
3228 1983 3519 2052 crucisque
3585 1999 3717 2055 sup-

443 2076 604 2146 plicio
636 2078 870 2132 salutem
906 2080 1070 2135 nobis
1101 2080 1341 2147 allen-ret,
1377 2082 1665 2138 damnaret
1712 2094 2021 2152 peccatum,
2063 2094 2297 2140 mortem
2334 2081 2573 2149 denique
2600 2077 2939 2148 proﬂigaret.

509 2169 663 2241 Σχόλ.
700 2170 799 2236 ξα’.
818 2175 929 2227 Kal
959 2170 1091 2227 εἷπε
1116 2173 1198 2239 τῷ
1228 2174 1456 2244 Πέτρῳ,
1490 2177 1734 2243 καὶτοῖς
1762 2180 2028 2246 λοιποῖς·

451 2267 832 2333 Ἀπελθόντες
855 2264 1206 2336 ἑτοιμάσατε
1237 2268 1340 2320 ἵνα
1372 2268 1654 2338 φάγωμεν
1685 2269 1753 2323 τὸ
1786 2269 2025 2341 Πάσχα.

512 2356 733 2429 Ἔλεγχ,
770 2357 869 2425 Ea’.
905 2359 1084 2428 Νέφος
1114 2357 1283 2429 βελῶν
1311 2362 1453 2414 κατά
1486 2360 1579 2414 σοῦ
1602 2364 1659 2415 ὲν
1692 2365 1792 2434 μιᾷ.
1820 2381 2029 2435 μαρτυ-

443 2449 534 2523 ρίᾳ
551 2450 612 2502 τὸ
628 2450 792 2520 ῥητὸν
809 2451 1077 2522 περιέχει,
1099 2444 1144 2503 ὦ
1168 2452 1455 2520 Μαρκίων.
1474 2454 1543 2523 El
1561 2455 1669 2525 γὰρ
1697 2458 2029 2526 προστάσσει

442 2541 819 2612 ἑτοιμάζεσθαι
853 2542 1002 2613 αὑτῴ
1037 2548 1229 2613 φαγεῖν
1257 2544 1319 2597 τὸ
1354 2545 1577 2616 Πάσχα,
1609 2546 1802 2617 Πάσχα
1831 2548 1887 2600 δὲ
1922 2548 2031 2619 πρὸ

444 2632 531 2686 τοῦ
562 2633 756 2687 παθεῖν
791 2634 882 2687 τὸν
906 2637 1142 2705 Χριστὸν
1170 2637 1510 2691 amntem
1549 2641 1769 2703 πάντως
1810 2640 1890 2693 ὅτι
1921 2642 2031 2693 ἀπὸ

445 2723 609 2793 νόμου
634 2724 735 2794 τὴν
761 2723 1022 2778 σύστασιν
1054 2723 1188 2795 εἶχε.
1221 2725 1378 2779 Κατὰ
1409 2727 1571 2797 νόμον
1591 2728 1649 2780 δὲ
1672 2727 1768 2780 τοῦ
1793 2728 2032 2799 Χριστοῦ

445 2818 888 2889 πολιτευομένου,
906 2820 1075 2887 σαφὲς
1095 2814 1185 2890 ἦν,
1206 2820 1286 2873 ὅτι
1306 2820 1366 2872 οὑ
1385 2816 1693 2891 νόμονῆλθε
1710 2821 2033 2889 καταλῦσαι,

444 2910 575 2964 ἀλλά
617 2910 926 2981 πληρῶσαι.
961 2912 1025 2964 El
1061 2912 1118 2963 δὲ
1159 2912 1323 2981 νόμον
1356 2911 1611 2981 βασιλεὺς
1647 2913 1708 2965 οὑ
1750 2913 2032 2978 καταλύει,

402 3037 407 3042 -
443 3002 503 3056 οὑ
528 3001 891 3067 καθοσίωτος²
940 3005 973 3075 ἡ
996 3004 1054 3057 ὲν
1080 3002 1159 3073 τῷ
1190 3003 1339 3075 νόμῳ
1363 3002 1476 3074 (76)
1520 3004 1785 3072 διάταξις,
1816 3004 1940 3058 οὑδὲ
1958 3003 2037 3075 τῷ

511 3184 530 3214 ¹
568 3181 695 3237 For.
730 3181 1124 3247 εὑκαθοσίωτος
1155 3191 1214 3238 ιιι
1237 3197 1389 3239 mox.
1462 3185 1485 3215 ²
1512 3181 1704 3237 Matth.
1740 3197 1815 3247 iv,
1852 3181 1879 3235 1
1906 3196 2028 3252 sqq.

2202 2176 2388 2232 Schol.
2431 2175 2521 2230 61.
2560 2172 2631 2227 Et
2672 2173 2813 2225 dixit
2859 2171 3042 2236 Petro,
3099 2179 3148 2224 et
3202 2170 3417 2242 reliquis
3447 2185 3466 2224 :
3496 2169 3716 2235 Euntes,

2127 2278 2425 2343 pra'parate
2456 2275 2515 2320 ut
2541 2263 2920 2319 manducemus
2954 2262 3164 2317 Pascha
3188 2263 3229 2317 ³.

2198 2361 2385 2417 Belut.
2423 2359 2511 2414 6i.
2570 2357 2854 2428 Ingentem
2905 2362 3102 2408 contra
3154 2362 3208 2409 te
3249 2353 3483 2408 telorum
3517 2353 3720 2408 nubem

2130 2457 2294 2508 unius
2328 2452 2561 2521 hujusce
2595 2447 2898 2504 testimonii
2934 2445 3239 2500 auctoritas
3270 2436 3539 2509 continet,
3577 2444 3721 2498 Mar-

2130 2548 2238 2601 cio.
2269 2544 2406 2600 Cum
2443 2543 2589 2597 enim
2620 2540 2921 2611 praeparari
2950 2539 3052 2595 sibi
3082 2536 3293 2593 Pascha
3315 2531 3721 2609 jubeat,'idque

2129 2647 2418 2704 antequam
2460 2633 2716 2689 Christus
2759 2638 3039 2701 pateretur
3086 2637 3170 2684 est
3203 2632 3561 2692 celebratum,
3599 2644 3722 2701 pl'O-

2132 2728 2275 2784 fecto
2306 2729 2425 2797 lege
2472 2727 2621 2782 istud
2657 2725 2837 2794 ipsum
2881 2721 3262 2793 praescriptum
3300 2722 3498 2778 fuerat.
3540 2722 3723 2790 Quare

2133 2835 2261 2873 cum
2300 2835 2366 2874 ex
2408 2819 2545 2890 legis
2577 2816 2838 2873 mandato
2870 2815 3132 2869 Christus
3158 2814 3282 2868 vitae
3311 2829 3425 2869 suae
3456 2817 3720 2870 rationem

2132 2922 2505 2983 componeret,
2557 2910 2912 2965 manifestum
2963 2913 3048 2961 est
3097 2920 3207 2960 non
3251 2906 3403 2961 illum
3445 2908 3723 2963 solvendae

2134 3006 2294 3074 legis,
2327 3008 2420 3059 sed
2457 3004 2746 3075 implenda:
2775 3003 2949 3072 gratia
2982 2999 3220 3053 venisse.
3250 2996 3371 3053 Jam
3405 3002 3621 3071 quoties
3646 3001 3725 3055 le-

2107 3181 2127 3211 ³
2156 3180 2290 3236 Luc.
2330 3196 2469 3247 xxii,
2497 3179 2530 3234 8
2561 3195 2684 3250 sqq.

514 3341 625 3411 (76)
660 3344 744 3395 Οὐ
774 3341 1140 3407 καθοσίωτος
1188 3342 1227 3410 ’ἡ
1259 3341 1330 3395 ἐν
1379 3340 1457 3407 τῷ
1482 3342 1663 3411 νόμῳ.
1719 3342 2027 3410 Antequam

2135 3347 2187 3394 et
2215 3339 2345 3394 alibi
2374 3354 2537 3409 saepe.
2562 3339 2706 3407 Quin
2734 3340 2900 3396 etiam
2928 3340 2983 3394 in
3002 3338 3191 3411 eodem
3211 3338 3445 3394 concilio
3460 3336 3726 3411 Chalced.

443 3411 729 3481 Epiphanii
760 3414 940 3466 locum
972 3413 1115 3466 hunc
1141 3417 1423 3482 attingam,
1455 3427 1631 3482 pauca
1660 3412 1727 3466 de
1758 3415 1806 3465 vi
1842 3428 1904 3465 ac
1933 3426 2029 3482 po-

443 3491 638 3537 testate
660 3483 911 3538 vocabuli
936 3483 1035 3553 τῆς
1063 3481 1708 3545 καθοσιώσεωςιιιοθιιίιιι
1745 3481 2032 3553 ειιιιιεΕει

442 3553 605 3623 igitur
643 3552 1155 3607 καθοσιῶσαιιιιριιι
1187 3568 1251 3606 ac
1294 3569 1621 3617 consecrare,
1657 3553 1859 3606 dicare.
1894 3552 2034 3606 llinc

447 3623 799 3688 καθοσίωσις,
832 3624 1056 3686 devotio,
1080 3622 1589 3691 εικαθωσιωμένος,
1627 3622 1864 3681 devotus.
1907 3639 2033 3675 con-

447 3710 741 3748 secraneus.
777 3693 957 3759 Quare
991 3694 1084 3762 Qui
1115 3708 1173 3746 se
1205 3693 1439 3763 principi
1484 3695 1774 3755 devovent,
1808 3708 1872 3746 ac
1906 3694 2035 3746 reli-

445 3764 606 3831 gione
645 3765 824 3833 aliqua
856 3770 1206 3825 consecrant,
1230 3763 2029 3833 xanozwuévmdicebantur,

444 3843 504 3887 ut
531 3831 754 3889 milites.
788 3832 1127 3902 Capitolinus
1167 3834 1220 3886 in
1266 3831 1559 3886 Maximino
1590 3848 1607 3885 :
1638 3831 2032 3887 Commilitones

442 3906 644 3957 sacrati
663 3920 681 3967 ;
712 3906 816 3956 imo
850 3920 968 3957 vero
1012 3905 1371 3957 consecranei.
1407 3904 1690 3972 Ejusmodi
1722 3904 1873 3959 fuere
1902 3903 2032 3955 Gal-

443 3976 617 4028 lorum
657 3984 903 4029 veterum
945 3973 1299 4043 devoti,quos
1351 3973 1432 4027 illi
1476 3974 1742 4027 soldurios
1791 3974 2033 4043 appella-

443 4046 588 4108 bant,
615 4045 689 4097 ait
723 4044 905 4099 Caasar
944 4045 1035 4099 lib.
1072 4060 1087 4097 l
1132 4042 1447 4109 Caminent.,
1490 4044 1593 4097 hoc
1636 4053 1719 4098 est
1752 4045 2035 4096 καθωσιω-

446 4116 628 4185 μένοι·
654 4117 798 4184 quod
830 4116 1008 4181 aptius
1031 4115 1161 4168 mihi
1184 4115 1422 4175 videtur.
1446 4126 1609 4183 quam
1634 4117 1779 4183 quod
1810 4114 2033 4169 Graecus

443 4184 713 4254 interpres
738 4184 988 4245 reddidit,
1016 4185 1326 4254 συνωμόται
1350 4202 1365 4215 ·
1390 4186 1608 4238 tametsi
1628 4185 1768 4239 idem
1796 4185 1907 4239 fere
1923 4194 2028 4248 est,

442 4256 573 4325 quia
613 4257 672 4326 in_
702 4255 1089 4325 jusjurandum
1126 4256 1588 4326 adigigsolebant.
1614 4254 1905 4325 Egregium
1938 4256 2033 4323 τῆς

445 4323 829 4388 καθοσιώσεως
864 4327 1170 4394 exemplum
1209 4323 1377 4380 refert
1408 4324 1506 4378 Dio
1537 4325 1631 4379 lib.
1667 4323 1792 4389 ὶιιί,
1831 4326 1895 4378 ad
1934 4341 2028 4377 an-

443 4411 577 4449 num
612 4395 773 4449 Urbis
806 4395 927 4450 725.
966 4394 1069 4449 Ubi
1111 4395 1336 4450 Sextum
1380 4394 1671 4465 quemdam
1710 4395 2029 4460 Pacuvium,

447 4466 563 4521 sive
585 4467 861 4536 Apudiuin
899 4468 1027 4520 trib.
1074 4466 1248 4535 plebis
1289 4474 1479 4519 narrat
1521 4467 1878 4536 semetipsum
1919 4468 2034 4519 Au-

445 4544 606 4606 gusto
630 4540 684 4590 in
719 4548 910 4591 senatu
943 4538 1247 4601 devovisse,
1284 4536 1536 4603 idemque
1584 4546 1642 4588 ut
1680 4538 1769 4590 alii
1812 4546 2034 4591 senato-

444 4622 535 4660 res
571 4606 814 4661 facerent
854 4616 1131 4660 auctorem
1171 4607 1382 4661 fuisse:
1428 4607 1739 4677 Ἐνγὰρτῴ
1770 4607 2031 4676 συνεδρίῳ

2135 3421 2241 3491 act.
2269 3411 2389 3491 5ij
2442 3412 2606 3491 σχολὴ
2644 3411 2772 3491 τῶν·
2798 3410 3247 3491 καθωσιωμένων
3291 3410 3724 3491 μαγισ-τριανῶν.

2134 3479 2269 3535 ltem
2302 3479 2704 3537 veronicia‘nus
2738 3482 2937 3536 ibidem
2960 3484 2988 3534 6
3007 3479 3428 3550 καθωσιωμένος
3456 3480 3728 3549 Σηκριτά-

2137 3568 2252 3620 ριος
2296 3550 2391 3604 τοῦ
2433 3551 2577 3604 θείου
2624 3553 3046 3621 Κονσιστωρίου.
3094 3552 3164 3603 At
3210 3565 3339 3605 vero
3386 3566 3417 3621 e
3452 3556 3729 3606 contrario

2135 3622 2559 3693 καθωσιωμένος
2594 3623 2648 3676 in
2679 3620 2918 3677 concilio
2948 3622 3160 3675 Sardic.
3199 3636 3324 3693 can.
3357 3620 3445 3683 17,
3478 3621 3638 3693 idem_
3646 3632 3730 3676 est

2136 3706 2200 3745 ac
2239 3690 2639 3757 condemnatus,
2683 3703 3084 3754 exauctoratus,
3127 3699 3185 3744 ut
3209 3690 3455 3745 Zonaras
3500 3697 3552 3745 et
3607 3690 3729 3743 Bal-

2137 3777 2290 3832 samo
2348 3764 2799 3832 interpretantur.
2858 3762 3327 3832 Quemadmodum
3386 3762 3728 3832 sacerAapud

2134 3831 2362 3886 Latinos
2403 3829 2595 3887 mediae
2629 3834 3050 3902 signiﬁcationis
3085 3841 3189 3886 est.
3227 3831 3398 3897 Quem
3440 3832 3507 3884 ad
3540 3829 3730 3884 Sardi-

2137 3918 2359 3957 censent
2379 3918 2645 3958 canonem
2674 3908 2908 3959 fortasse
2930 3903 3130 3957 Suidas
3155 3903 3420 3970 respexit,
3447 3902 3575 3954 dum
3597 3902 3723 3955 καο-

2134 3972 2355 4025 οσίωσιν
2405 3975 2482 4027 ait
2534 3990 2656 4029 esse
2712 3974 3015 4037 δικαίωσιν,
3070 3973 3427 4042 κατάκρισιν,
3472 3971 3636 4042 παράί
3669 3972 3731 4025 τὸ

2137 4043 2279 4095 κατὰ
2304 4042 2400 4095 τοῦ
2426 4044 2573 4097 ὁσίου
2601 4044 2866 4112 γίνεσθαι,
2904 4044 3045 4113 ἦτοιί
3074 4042 3169 4095 τοῦ
3205 4041 3498 4105 Βασιλέως.
3521 4041 3649 4113 Sed
3674 4044 3727 4095 iii

2136 4129 2201 4167 eo
2234 4115 2389 4169 valde
2445 4123 2531 4169 est
2585 4111 2972 4169 liallucinatu‘s.
3033 4112 3165 4165 Nam
3219 4123 3274 4167 et
3321 4112 3569 4179 exempla
3620 4111 3730 4165 duo

2136 4184 2365 4252 profert,
2402 4201 2524 4254 quae
2553 4201 2663 4239 non
2701 4186 2975 4252 intelligit.
3005 4182 3250 4254 Quorum
3281 4182 3510 4254 alterum
3538 4197 3603 4254 ex
3630 4181 3732 4254 So-

2136 4251 2287 4325 crate
2321 4251 2703 4325 depromptum
2733 4263 2839 4317 est,
2865 4251 2962 4311 lib.
2985 4270 3039 4316 ν,
3074 4268 3131 4325 c.
3164 4252 3222 4325 ιδ’
3248 4270 3283 4325 :_
3303 4252 3424 4325 Ἐπὶ
3447 4251 3729 4325 Θεοδοσίου

2138 4322 2405 4393 βασιλέως
2438 4322 2725 4395 Ῥωμαίων
2772 4326 3079 4395 Σύμμαχος
3111 4322 3488 4395 ἀπὺᾳὺπάτων
3532 4324 3610 4395 εἰς
3639 4322 3730 4395 τὸν

2135 4392 2400 4465 τύραννον
2446 4392 2696 4465 Μάξιμον
2724 4392 3007 4464 βασιλικὸν
3024 4393 3181 4465 λόγον
3225 4392 3490 4465 διεξῆλθε,
3528 4393 3619 4445 καὶ
3643 4394 3731 4444 δε-

2136 4414 2400 4465 τυραννον
2446 4414 2590 4462 Μαςι
2638 4414 2696 4448 ον
2724 4414 2999 4464 ρασιΑικον
3025 4414 3181 4461 Λογον
3225 4414 3490 4462 οιεςηωε,
3528 4414 3619 4445 και
3643 4414 3731 4444 οε-

2136 4465 2262 4529 διὼς
2294 4466 2353 4519 τὸ
2378 4466 2478 4533 τῆς
2513 4414 2895 4543 καθέσ-ιώσεως
2925 4467 3037 4527 τοῖς
3072 4464 3180 4543 τῶν
3202 4462 3513 4543 ἐκκλησιῷνῗ
3540 4466 3731 4543 σηκοῖς

2138 4537 2640 4606 προσκαταφεύγει.
2664 4538 2911 4590 Alterum
2944 4535 3132 4589 nescio
3162 4534 3321 4606 cujus
3350 4533 3636 4606 script_0ris
3663 4534 3732 4587 de

2136 4603 2388 4662 Christo:
2414 4605 2538 4669 Τοίς
2549 4603 2662 4676 γὰρ
2682 4606 2987 4676 γινομένοις
3005 4608 3170 4671 (corr.
3186 4604 3392 4676 νόμοις)
3414 4603 3576 4656 αὑτὸν
3597 4620 3734 4676 παρ-

443 4678 638 4756 ἑαυτόήν
656 4694 719 4756 τε
744 4680 792 4730 οί
826 4676 918 4729 τὸν
943 4677 1052 4756 τῶν
1095 4677 1318 4756 Ἰϐήρων
1340 4672 1908 4756 τρόπον“κὰθωσίωσε,
1934 4672 2035 4730 ’καὶ
2068 4691 2112 4745 ι)
2142 4676 2436 4756 εδώκαμεν-
2463 4672 2575 4756 ⁸καί
2623 4672 2704 4756 ei;
2748 4672 3075 4756 καθοσίωσιν
3118 4676 3225 4756 οὐχ.
3247 4675 3581 4754 ἡμάρτομεν.

444 4749 557 4809 τοῖς
588 4747 768 4809 ἄλλοις
808 4746 1160 4800 συνεϐούλευε
1176 4746 1333 4800 τοῦτο
1366 4746 1609 4818 ποιῆσαι.
1649 4747 1754 4802 Sed
1785 4751 2036 4816 Augusto

445 4819 798 4883 reclamante,
831 4818 959 4872 trib.
996 4819 1069 4887 pl.
1107 4819 1397 4886 prosiliens
1442 4819 1509 4872 ad
1542 4821 1802 4887 populum
1844 4820 2036 4873 obvios

446 4903 713 4960 quosque,
742 4903 806 4960 ac
836 4898 1064 4960 caeteros
1102 4889 1306 4960 deinde
1321 4889 1470 4942 cives
1499 4892 1676 4959 coegit
1699 4889 2037 4960 καθιερῶσαι

446 4951 589 5028 σφᾶς
606 4951 699 5027 ’τῷ
739 4957 1057 5029 Αὐγούστῳ.
1106 4959 1223 5029 ῘΑφ’
1252 4951 1424 5028 οὗπερ
1466 4960 1561 5011 καὶ
1591 4951 1686 5012 νῦν
1731 4951 2039 5029 προτ’ρεπό⁶

450 5046 602 5100 μενοι
626 5029 715 5100 τὸν
748 5028 1069 5100 κρατοῦντα,
1103 5028 1280 5100 λέγειν
1308 5028 1600 5099 εἰώθαμεν,
1628 5030 1709 5081 ὅτι
1742 5047 1825 5083 τοι
1859 5028 2037 5083 καθω-

450 5098 713 5168 σιώμεθα.
739 5099 874 5151 Hinc
911 5098 1348 5168 καθωσιωμένων
1384 5098 1677 5169 appellatio
1708 5100 2035 5164 ὲπιθετικῶς

447 5185 516 5224 ex
551 5170 784 5223 t'ormula
818 5169 1096 5239 plerisque
1143 5171 1515 5237 imperialibus
1548 5172 1738 5225 olliciis
1781 5186 1844 5224 ac
1874 5173 2038 5224 mini-

449 5240 580 5293 stris
603 5242 900 5303 attributa;
924 5241 1178 5303 maxime,
1212 5240 1289 5291 uti
1309 5241 1512 5293 dictuni
1541 5249 1646 5303 est,
1680 5242 2032 5295 militaribus.

447 5309 808 5378 Augustinus,
844 5311 881 5364 l.
909 5326 943 5363 Il
978 5320 1163 5363 contra
1200 5312 1351 5377 epist.
1384 5310 1636 5364 Parmen.
1662 5327 1681 5365 :
1704 5309 1885 5380 Neque
1928 5312 2037 5365 ulla

447 5381 603 5433 modo
634 5394 723 5446 per
751 5380 992 5433 devotum
1037 5381 1281 5442 militem,
1314 5380 1451 5449 quod
1482 5398 1515 5433 a
1547 5382 1768 5448 privatis
1803 5397 2032 5447 usurpa-

450 5461 559 5502 mm
585 5459 682 5512 est,
711 5453 918 5521 signum
958 5452 1131 5521 regale
1157 5451 1461 5521 violabitur.
1513 5449 1863 5505 Protectores
1899 5451 2029 5505 item

448 5524 734 5574 domestici
764 5519 820 5573 in
853 5520 977 5574 cod.
1012 5520 1218 5574 'l‘heod.
1260 5519 1332 5574 De
1367 5520 1672 5573 domesticis
1696 5531 1745 5573 et
1782 5530 2027 5587 protect,

447 5590 787 5644 devotissimi
822 5593 1189 5644 nominantur.
1227 5589 1283 5643 ιιι
1314 5590 1547 5644 concilio
1594 5590 1866 5658 Epliesino
1910 5608 2036 5660 par-

449 5667 505 5713 te
534 5674 594 5723 ιι,
628 5667 733 5731 act.
778 5660 1236 5731 1,7Candidianus
1272 5670 1498 5714 vocatur
1530 5660 1722 5731 Κύμης
1755 5660 1862 5714 τῶν
1896 5662 2035 5714 καθα

449 5729 780 5802 ωσιωμένων
827 5730 1198 5802 δομεστίκων,
1254 5738 1312 5786 ιιι
1354 5731 1494 5789 etin
1536 5729 1784 5789 Chdlted.
1835 5738 1943 5787 act.
1980 5732 2031 5803 1,

2142 4764 2262 4801 rum
2297 4748 2587 4817 utrobique
2603 4749 2931 4810 καθοσίωσις
2962 4747 3261 4817 tnajeslatis
3283 4746 3490 4817 crimen
3521 4746 3731 4817 signili~

2140 4827 2249 4872 cat.
2285 4817 2464 4872 Gloss.
2497 4814 2725 4874 'Vetus:
2785 4814 3159 4880 Καθοσίωσις,
3208 4814 3449 4875 Devotio,
3502 4815 3725 4882 dicatio,

2142 4889 2417 4957 majestas.
2470 4887 2561 4942 Sic
2592 4890 2647 4942 in
2691 4889 2946 4942 Chalced.
2981 4904 3147 4957 conc.
3190 4895 3296 4940 act.
3348 4884 3401 4948 5,
3440 4884 3730 4957 inJibello

2142 4954 2417 5013 Theodori
2446 4959 2800 5012 Alexandrini
2834 4959 3086 5011 adversus
3118 4956 3434 5025 Dioscorum
3455 4968 3473 5005 :
3504 4954 3583 5007 Τὰ
3622 4958 3730 5025 γὰρ

2142 5033 2223 5091 εἰς
2265 5030 2435 5099 αὑτὴν
2483 5030 2582 5099 τὴν
2622 5030 2950 5095 καθοσίωσιν
2991 5030 3119 5099 παρ’
3168 5024 3730 5099 αὑτοῦᾃκατασκευ-αὲ-

2144 5100 2358 5171 σθέντα,
2379 5095 2458 5171 τὰ
2506 5095 2872 5171 πεπραγμένα
2906 5100 2999 5151 ἐπὶ
3037 5095 3308 5171 διατόρων
3344 5095 3618 5171 ἁρχᾷντων
3650 5097 3731 5171 δι-

2142 5170 2291 5235 δάξει
2340 5169 2445 5241 τὴν
2485 5166 2758 5241 ὑμετέραν
2818 5170 3091 5241 ὁσιότητα.
3150 5168 3292 5241 Idem
3344 5177 3410 5241 et.
3453 5168 3504 5241 in
3547 5166 3730 5241 libello

2143 5188 2291 5235 οαςει
2340 5188 2437 5240 την
2485 5189 2515 5222 υ
2566 5188 2758 5241 ετεραν
2818 5188 3091 5238 οσιοτητα.
3150 5188 3292 5220 iuem
3344 5188 3399 5219 ct
3453 5188 3504 5217 ιιι
3547 5188 3730 5219 noenu

2143 5240 2481 5312 Iscliyrinnis
2508 5188 2723 5295 iliaconi
2752 5259 2770 5312 _:
2810 5241 2930 5312 Ὅτι
2963 5240 3071 5308 γὰρ
3102 5237 3196 5312 καὶ
3241 5239 3320 5299 εἰς
3353 5234 3522 5312 αὑτὴν
3558 5236 3731 5312 καθο-

2147 5304 2336 5364 σίωοῖιν
2361 5312 2679 5382 ἀμαρτῆσαι
2705 5310 2775 5382 τὰ
2806 5304 3129 5382 μέγισταίοὺ
3153 5304 3527 5382 παρῃτήσατο.
3557 5304 3730 5382 inter-

2141 5398 2290 5453 pres.
2320 5374 2665 5436 deuotionem.
2686 5374 3137 5453 Melius-omnino
3163 5374 3517 5446 majestatem.
3557 5374 3731 5453 Theo-
3770 5444 3771 5447 η

2138 5446 2365 5507 doretus
2397 5453 2452 5504 in
2482 5460 2779 5507 comment.
2823 5452 2876 5504 in
2907 5449 3203 5511 Danielem,
3237 5462 3359 5517 cap.
3399 5450 3583 5517 Vltad
3613 5446 3727 5517 base

2137 5522 2303 5575 verba
2336 5537 2479 5576 com.
2523 5521 2577 5585 4,
2603 5523 2918 5587 Qmerebant
2944 5516 3437 5587 occasionem,ietc.
3468 5516 3731 5587 Τουτέστι

2143 5593 2324 5645 πάντα
2346 5584 2832 5662 πραγματεύοντο
2855 5593 2935 5654 εἰς
2957 5593 3080 5652 τοὺς
3104 5590 3202 5662 τῆς
3234 5586 3508 5662 βασιλείας
3529 5584 3725 5662 νομους
3783 5610 3794 5656 1

2142 5663 2250 5733 πλη
2261 5655 2568 5733 μμεὶοῦντα
2598 5662 2759 5733 αὑτὸν
2790 5663 2977 5733 εὑρεῖν
2998 5655 3306 5733 ἐφείμενόι,
3325 5658 3485 5733 αὑτοι
3507 5655 3601 5733 τοῦ
3627 5671 3728 5727 την

2142 5725 2482 5806 καλουμένην
2545 5725 2872 5788 κτθοσίωσιν
2926 5725 3135 5800 πλέξαι
3167 5728 3318 5800 αὑτῷ
3375 5725 3722 5799 βουλόμενοι’
