4186 6374
477 286 576 341 Ἱεῐδ

1876 279 1933 335 S.
1974 276 2310 333 EPIPHANII

3609 271 3722 328 τοι

470 418 587 473 gem
620 401 870 471 princeps
913 416 1021 455 non
1071 402 1319 473 abrogat.
1372 399 1790 456 constitutionis
1830 414 1951 469 qua:
1982 397 2031 450 in

2144 397 2349 465 βασιλεί
2365 399 2565 466 ἀπειρη
2574 397 2725 467 μένη.
2751 395 3158 449 Εὑκαθοσιὼτου
3174 394 3233 449 δὲ
3248 394 3397 457 ὄντος
3413 411 3504 446 του
3521 392 3716 463 νόμου,

468 497 584 562 lege
619 499 701 547 est
742 493 950 561 integra
989 501 1171 547 manet
1206 494 1442 554 sanctio,
1478 508 1581 546 nec
1612 492 1792 546 edicto
1817 505 2037 545 revoca-

466 595 576 640 tur.
608 584 859 650 Quandiu
896 601 1024 639 vero
1063 586 1198 655 legis
1233 586 1443 639 sanctio
1484 590 1816 654 perseverat,
1847 590 2037 650 estque

466 678 620 730 lirma
661 678 981 731 constitutio
1005 716 1020 740 ,
1069 678 1114 733 si
1159 678 1289 748 quid
1324 678 1390 731 ad
1419 693 1537 732 eam
1567 677 1818 745 princeps
1841 690 2035 729 cumu-

464 768 611 823 landi
643 768 769 823 doni
804 769 976 839 gratia
1008 769 1137 823 velit
1167 769 1425 839 adjicere,
1477 769 1546 822 ab
1589 767 1833 835 ejusdem
1884 774 2036 835 pote-

463 868 607 915 state
636 861 971 915 accessionis
1006 861 1153 916 illius
1199 861 1509 930 benignitas
1556 859 1910 927 hilaritasque
1952 857 2035 910 di-

458 960 666 1005 manat.
699 950 805 1006 Sed
832 967 954 1006 cum
987 952 1056 1005 ab
1088 966 1197 1005 uno
1227 952 1525 1021 eodemque
1572 951 1707 1020 legis
1773 950 1864 1003 illa
1905 949 2033 1002 latio

460 1044 822 1112 accessioque
856 1043 1227 1097 beneficentiae
1259 1041 1499 1111 profecta
1538 1041 1630 1104 sit,
1668 1040 1825 1094 facile
1854 1040 2033 1110 quivis

461 1134 736 1203 intelligit,
767 1149 873 1187 non
905 1149 1028 1187 eum
1061 1132 1338 1186 adversari
1368 1132 1495 1201 legi,
1534 1132 1627 1200 qui
1662 1129 1729 1183 ad
1769 1145 1889 1184 eam
1925 1131 2030 1183 ali-

460 1224 595 1292 quid
628 1224 994 1292 adjiciendum
1036 1224 1257 1293 putarit.
1290 1222 1657 1287 Quamobrem
1690 1221 2028 1276 demonstra-

463 1324 577 1367 tum
605 1314 768 1386 3“
797 1314 929 1369 illud
972 1326 1092 1379 est,
1134 1314 1271 1368 nihil
1307 1313 1471 1367 Vetus
1502 1312 1930 1376 Testamentum,
1968 1328 2033 1367 ac

459 1406 848 1474 prophetarum
897 1406 1093 1460 seriem
1136 1420 1259 1460 cum
1304 1403 1595 1475 Evangelio
1645 1418 1903 1474 pugnare.
1948 1403 2029 1458 Tu

460 1512 609 1562 vero,
639 1496 861 1560 Marcio,
890 1496 1171 1565 multiplex
1198 1502 1385 1551 contra
1409 1502 1462 1550 te
1480 1502 1857 1566 argumentum
1883 1502 2028 1549 attu-

459 1588 593 1651 listi,
626 1588 771 1657 quod
819 1596 877 1641 ut
922 1587 1129 1642 faceres
1169 1587 1286 1656 ipsa
1338 1594 1391 1640 te
1436 1587 1640 1641 veritas
1669 1586 1751 1641 vel
1798 1586 2026 1641 invitum

458 1680 658 1748 coegit.
691 1676 858 1733 Vetus
884 1677 1029 1731 enim
1055 1675 1265 1731 Pascha
1291 1675 1424 1729 nihil
1453 1682 1647 1745 praeter
1676 1674 1800 1744 agni
1832 1683 2032 1730 macta-

457 1770 657 1821 tionem
681 1806 696 1830 ,
726 1780 987 1833 esumque
1016 1765 1293 1828 carnium,
1327 1773 1379 1819 et
1408 1764 1790 1828 animatorum.
1820 1781 2027 1822 necnon

459 1873 774 1928 atymorum
822 1857 1029 1911 habuit.
1070 1855 1211 1923 Quid
1264 1865 1317 1911 te
1368 1856 1533 1925 igitur
1583 1856 1819 1927 impulit,
1866 1868 1926 1912 ut
1962 1873 2030 1913 ne

459 1949 640 2003 locum
669 1948 843 2012 illum,
876 1948 968 2017 qui
995 1947 1060 2001 ad
1091 1948 1168 2001 tui
1200 1947 1579 2002 refutationem
1609 1957 1890 2019 tantopere
1915 1966 2031 2020 per-

457 2040 617 2104 tinet,
660 2036 889 2091 auderes
925 2037 1170 2101 eradere,
1212 2037 1318 2090 nisi
1349 2037 1451 2102 vis,
1490 2038 1567 2092 uti
1608 2038 1871 2103 diximus.
1912 2041 2029 2111 ipsa

457 2128 741 2183 veritatis?
787 2127 958 2193 Quem
1010 2126 1154 2180 etaim
1208 2126 1496 2182 detestaris
1544 2129 1789 2183 carnium
1841 2146 2020 2198 usum,

456 2234 581 2274 cum
634 2216 895 2272 Dominus
944 2230 1068 2269 cum
1118 2214 1401 2285 discipulis
1451 2217 1699 2273 adhibuit
1737 2228 1849 2273 tum
1900 2237 2023 2276 cum

458 2309 668 2365 Pascha
696 2324 763 2363 ex
786 2308 917 2377 legis
947 2306 1263 2376 praescripto
1293 2307 1603 2362 celebravit.
1637 2308 1747 2364 Nec
1771 2319 1854 2366 est
1880 2313 2025 2382 quod

458 2401 611 2454 dicas
645 2398 965 2469 mysterium
999 2396 1103 2451 hoc
1127 2398 1196 2451 ab
1223 2397 1335 2463 illo,
1368 2398 1513 2467 quod
1542 2408 1659 2454 erat
1684 2414 2022 2473 peracturus,

456 2494 629 2548 fuisse
658 2492 1019 2555 nominatum,
1064 2504 1190 2544 cum
1234 2490 1306 2544 ita
1336 2490 1540 2546 diceret
1577 2511 1589 2546 :
1633 2493 1761 2549 Volo
1798 2499 2024 2553 mandu-

455 2599 575 2635 care
608 2580 815 2634 Pascha
850 2578 1133 2633 vobiscum.
1177 2576 1312 2632 Nam
1348 2587 1405 2633 ut
1452 2580 1712 2650 pudorem
1743 2585 1838 2639 tibi
1876 2589 2021 2643 omni

455 2691 523 2730 ex
553 2680 705 2745 parte
727 2672 929 2726 veritas
968 2670 1151 2735 faciat,
1188 2686 1295 2725 non
1326 2672 1376 2727 ei
1405 2674 1666 2743 mysterio
1702 2678 1853 2746 prius
1887 2693 2018 2749 ope-

457 2765 565 2818 rari
600 2761 787 2825 voluit,
818 2777 887 2816 ne
931 2761 1206 2815 inliciandi
1249 2764 1591 2819 occasionem
1626 2766 1883 2834 haberes;
1923 2773 2019 2828 sed

2142 487 2237 540 καὶ
2260 488 2360 557 τῆς
2381 486 2672 552 διατάξεως
2695 486 3151 556 όμολογουμένης,
3182 486 3301 537 εἴτι
3325 483 3584 554 προσθείη
3608 484 3713 552 βα-

2142 578 2324 641 σιλεὺς
2352 582 2417 648 τῇ
2452 578 2687 641 διατάξει
2721 577 2813 630 ἐπὶ
2847 576 3051 647 μείζονι
3079 577 3275 647 δωρεᾷ,
3307 579 3427 628 κατ’
3462 575 3713 641 ἐξουσίαν

2139 673 2172 741 ή
2202 669 2491 739 φαιδρότης
2516 670 2723 737 γίνεται
2747 668 2842 737 τῆς
2866 666 3200 737 προσθήκης.
3235 664 3383 727 Ἐνὺς
3410 664 3466 717 δὲ
3492 667 3583 716 καὶ
3610 662 3709 717 τοῦ

2137 760 2301 813 αὐτοῦ
2331 761 2429 829 τῆς
2459 758 2774 828 νομοθεσίας
2808 757 2993 827 οὖσης,
3020 757 3113 810 καὶ
3145 756 3243 826 τῆς
3286 756 3427 808 κατά
3466 753 3710 825 προσθή-

2137 870 2239 922 κην
2269 850 2498 921 δωρεᾶς,
2535 848 2693 901 παντί
2726 866 2800 918 τῳ
2830 847 2986 917 δῆλόν
3021 849 3135 899 ἐστι
3160 846 3251 899 καὶ
3279 846 3467 913 σαφὲς,
3498 845 3572 907 ὼς
3601 844 3708 897 οὐκ

2136 942 2470 995 ἐναντιοῦται
2492 941 2568 1011 τῷ
2601 940 2749 1010 νόμῳ
2781 940 2809 991 ὁ
2840 939 2937 1008 τὴν
2971 937 3286 1009 προσθήκην
3318 938 3700 1007 ποιησάμενος.

2148 1035 2543 1088 Ἀποδέδεικται
2572 1032 2748 1085 τοίνυν
2774 1031 2989 1097 ἐναντία
3023 1026 3156 1084 οὗσά
3179 1047 3262 1093 τις
3284 1032 3317 1101 ή
3342 1029 3555 1082 Παλαιά
3576 1031 3706 1080 Δια-

2134 1125 2273 1195 θήκη
2312 1123 2407 1177 τού
2438 1122 2789 1191 Εύαγγελίου,
2826 1123 2946 1174 οὐδὲ
2983 1121 3081 1191 τῆς
3111 1120 3218 1173 τῶν
3254 1118 3545 1191 προφητῶν
3573 1121 3704 1172 ἀκο-

2132 1217 2366 1280 λουθίας.
2390 1216 2546 1270 Κατά
2580 1215 2778 1269 σαυτοῦ
2807 1215 2884 1278 δὲ,
2915 1208 2960 1267 ῶ
2990 1213 3273 1284 Μαρκίων,
3300 1213 3573 1281 ἐπήγαγες
3604 1227 3701 1261 πο-

2132 1310 2413 1381 λυτρόπως
2439 1309 2529 1361 τὸν
2554 1308 2791 1379 ἔλεγχον,
2835 1306 3031 1376 μᾶλλον
3065 1306 3117 1359 δὲ
3148 1301 3222 1355 ύπ
3250 1302 3415 1372 αὐτῆς
3439 1302 3538 1370 τῆς
3568 1299 3703 1369 ἀλη-

2132 1401 2279 1462 θείας
2307 1398 2765 1468 ἀναγκαζόμενος.
2812 1397 3004 1464 Πάσχα
3048 1394 3151 1463 γὰρ
3184 1392 3243 1445 τὸ
3294 1388 3519 1443 παλαιὸν
3550 1387 3700 1439 οὐδὲν

2128 1490 2217 1564 ἦν,
2243 1493 2357 1547 ἀλλ’
2381 1492 2413 1563 ἢ
2444 1491 2711 1561 προϐάτου
2734 1487 2900 1557 θῦμα,
2929 1488 3022 1539 καὶ
3044 1484 3220 1556 κρεῶν
3243 1481 3433 1551 ἐδωδὴ,
3456 1478 3697 1549 ἐμψύχου

2129 1604 2187 1639 τε
2228 1584 2526 1655 μετάληψις
2572 1583 2666 1635 καὶ
2695 1581 2935 1651 ἀζύμων.
2968 1580 3077 1632 Καὶ
3111 1577 3192 1640 τίς
3225 1592 3284 1628 σε
3312 1574 3588 1645 ἠνάγκασε
3622 1571 3697 1641 μὴ

2131 1678 2386 1747 ἀφανίσαι
2428 1675 2608 1729 τέλεον
2639 1676 2727 1727 τὸν
2760 1672 2899 1727 κατά
2933 1670 3025 1724 σοῦ
3071 1669 3323 1738 ἔλεγχον,
3355 1666 3387 1736 ἦ
3421 1664 3496 1727 ὡς
3524 1659 3695 1726 εἷπον,

2059 1733 2102 1787 Β
2135 1733 2274 1837 αύτὴ
2310 1770 2566 1841 ἀλήθεια;
2605 1770 2707 1821 Ἢν
2732 1765 2840 1837 γάρ
2874 1766 2938 1818 σὺ
2987 1733 3254 1834 βδελύττει
3302 1733 3696 1829 σαρκοφαγίαν,

2134 1864 2162 1915 ό
2193 1861 2393 1931 Κύριος
2427 1859 2633 1931 Ἰησοῦς
2685 1857 2823 1928 μετά
2864 1856 2971 1909 τῶν
3000 1852 3164 1909 αὑτοῦ
3198 1848 3455 1923 μαθητῶν
3492 1846 3698 1917 βέϐρω-

2136 1971 2250 2017 κεν,
2272 1951 2532 2006 ἐπιτελῶν
2553 1951 2613 2003 τὸ
2632 1951 2821 2020 Πάσχα
2854 1948 2914 2000 τὸ
2936 1945 3076 2000 κατά
3100 1945 3280 2014 νόμον.
3310 1942 3421 1995 Kal.
3446 1938 3521 2009 μὴ
3540 1938 3697 2004 λέγε,

2136 2047 2217 2099 ὅτι
2245 2045 2273 2097 δ
2302 2045 2489 2115 ἔμελλε
2511 2044 2805 2115 μυστήριον
2827 2036 3110 2098 ἐπιτελεῖν,
3136 2034 3293 2087 τοῦτο
3317 2026 3695 2102 πρωνὸμαζε,

2129 2138 2300 2205 λέγων
2322 2154 2334 2169 ’
2362 2137 2523 2191 Θέλω
2532 2135 2658 2205 μεθ’
2683 2134 2846 2203 ὑμῶν
2859 2130 3070 2201 φαγεῖν
3096 2128 3161 2183 τὸ
3189 2126 3421 2195 Πάσχα.
3456 2124 3573 2175 Ἰνα
3589 2120 3699 2190 γὰρ

2130 2230 2270 2284 κατά
2296 2228 2471 2282 πάντα
2504 2227 2700 2298 τρόπον
2732 2222 3066 2294 καταισχύνῃ
3100 2237 3157 2273 σε
3187 2220 3219 2290 ὴ
3247 2217 3495 2289 ἀλήθεια,
3522 2216 3622 2269 οὐκ
3638 2214 3698 2265 ὲν

2128 2327 2193 2394 τῇ
2229 2324 2368 2395 ἀρχῇ
2399 2323 2540 2375 ποιεῖ
2572 2321 2633 2374 τὸ
2665 2319 2982 2391 μυστήριον,
3014 2316 3101 2368 ἵνα
3146 2313 3218 2383 μὴ
3256 2312 3469 2383 ἀρνήσῃ
3494 2326 3508 2340 ο
3560 2307 3696 2363 ἀλλά

2132 2432 2261 2484 φησι
2282 2415 2432 2483 μετὰ
2462 2412 2528 2465 τὸ
2554 2410 2894 2478 δειπνῆσαι.
2925 2406 3125 2462 λαϐὼν
3150 2405 3274 2458 τάδε
3298 2403 3393 2455 καὶ
3416 2401 3562 2465 τάδε,
3598 2400 3695 2453 καὶ

2130 2501 2291 2557 εἵπετ’
2327 2504 2506 2557 Τοῦτο
2533 2503 2661 2556 ἐστι
2694 2501 2818 2555 τάδε
2857 2499 2951 2552 κα)⁵
2976 2498 3097 2551 τάδε
3118 2496 3252 2567 (T7)-
3293 2494 3386 2546 καὶ
3418 2492 3517 2544 οὐκ
3544 2490 3695 2543 εἴασε

2129 2596 2291 2647 τόπον
2322 2598 2385 2665 τῇ
2421 2594 2755 2666 ῥᾳδιουργίᾳ.
2808 2590 3015 2654 Ἐδειξε
3054 2589 3180 2659 γὰρ,
3225 2588 3305 2639 ὅτι
3339 2584 3476 2656 μετὰ
3512 2583 3573 2636 τὸ
3604 2582 3696 2651 βε·-

2130 2686 2395 2757 6ρωκέναι
2431 2686 2491 2738 τὸ
2521 2686 2732 2754 Πάσχα,
2756 2682 2816 2735 τὸ
2855 2682 2994 2735 κατὰ
3031 2682 3155 2741 τοὺς
3212 2677 3515 2740 Ἰουδαίους,
3541 2691 3696 2727 τουτ-

2126 2778 2238 2830 έστι
2262 2777 2397 2847 μετά
2427 2776 2488 2828 τὸ
2527 2775 2807 2845 δειπνῆσαι
2833 2773 2965 2845 (78),
3002 2766 3134 2844 ἧκεν
3161 2770 3250 2822 ἐπὶ
3280 2768 3340 2821 τὸ
3380 2766 3693 2838 μυστήριον.

454 2870 571 2908 cum
602 2861 875 2917 caenasset,
924 2852 1121 2919 inquit,
1151 2853 1407 2920 accipiens
1447 2854 1561 2909 hac
1597 2867 1651 2911 et
1688 2857 1799 2923 illa,
1827 2860 1964 2915 dixit
1994 2878 2013 2916 :
2058 2865 2173 2920 lloc
2198 2879 2273 2921 est
2300 2868 2412 2921 hare
2437 2874 2491 2921 et
2516 2867 2639 2932 illa;
2669 2865 2874 2919 nullum
2900 2873 2955 2917 ut
3012 2858 3301 2915 cavillandi
3359 2854 3699 2910 calumnian-

454 2948 615 3018 dique
649 2948 827 3002 locum
858 2946 1206 3013 relinqueret.
1245 2945 1493 3004 Ostendit
1520 2951 1664 3005 enim
1705 2953 1881 3023 ipsum
1920 2968 2031 3027 post

2126 2977 2270 3033 luam
2300 2960 2589 3017 Iudaicum
2648 2960 2854 3016 Pascha
2875 2958 3129 3024 comedit,
3193 2955 3297 3010 hoc
3356 2960 3441 3008 est
3500 2963 3697 3006 secun-

454 3042 581 3096 dum
599 3056 833 3105 coenam,
859 3040 924 3094 ad
946 3040 1327 3094 celebrandum
1353 3046 1652 3099 accessisse
1676 3050 2017 3118 mysterium.

526 3134 709 3188 Schol.
739 3133 827 3187 62.
860 3132 927 3185 Ει
961 3135 1216 3199 recubuit,
1257 3144 1305 3187 et
1339 3135 1611 3191 duodecim
1648 3142 1872 3207 apostoli
1903 3159 2023 3197 cum

2197 3142 2351 3214 Σχόλ.
2378 3139 2471 3210 ξβν.
2500 3138 2607 3194 Kal
2630 3138 2906 3198 ἀνέπεσε,
2926 3134 3021 3190 καὶ
3046 3136 3099 3189 οἱ
3119 3132 3347 3187 δώδεκα
3367 3131 3696 3185 ἀπόστολοι

456 3224 582 3288 illo;
612 3234 660 3278 et
690 3223 864 3278 dixit:
903 3223 1174 3279 Desiderio
1201 3225 1492 3281 desideravi
1512 3228 1607 3283 hoc
1636 3229 1841 3289 Pascha
1863 3251 2017 3291 man-

455 3319 648 3371 ducare
679 3321 963 3381 vobiscum,
1001 3328 1282 3388 antequam
1309 3322 1488 3388 patiar
1517 3324 1555 3377 ¹.

526 3409 701 3463 Refut.
736 3408 822 3462 62.
861 3408 1132 3463 Recubuit
1162 3409 1438 3476 Salvator,
1464 3412 1747 3470 oMarciol
1778 3432 1902 3474 cum
1927 3437 2022 3477 eo-

453 3514 559 3568 que
592 3498 844 3567 discipuli
881 3498 1186 3551 duodecim.
1221 3497 1277 3551 Si
1304 3506 1412 3553 tam
1437 3501 1524 3555 ille
1554 3505 1823 3572 recubuit,
1858 3524 2019 3577 quam

454 3606 563 3645 una
588 3590 675 3645 isti
705 3589 1094 3657 recubuerunt,
1125 3604 1235 3644 non
1262 3598 1440 3660 potest
1463 3593 1638 3649 eidem
1659 3597 1779 3652 voci
1807 3598 2020 3657 diversa

526 3751 540 3781 ¹
568 3750 698 3804 Luc.
729 3766 863 3813 ml,
891 3751 975 3805 15.

455 3886 590 3939 ἀλλά
624 3886 919 3957 διήμαρτον
956 3886 1048 3940 τοῦ
1090 3886 1315 3941 σκοποῦ.
1350 3888 1424 3943 Ita
1452 3890 1507 3944 in
1539 3890 1741 3949 Graecis
1774 3893 2017 3948 nondum

454 3957 639 4026 editis,
670 3971 789 4025 quae
824 3965 949 4011 sunt
990 3973 1153 4026 penes
1183 3958 1246 4009 Β.
1281 3958 1338 4011 P.
1373 3959 1701 4017 Frontonem
1746 3963 2016 4018 Ducaeum.

459 4027 589 4079 Nam
622 4024 847 4101 Latinus
877 4024 1143 4101 inteipres
1172 4029 1283 4082 hare
1307 4030 1508 4101 omisit.
1540 4031 1677 4101 Ergo
1701 4033 2025 4095 καθοσίωσις

454 4103 540 4150 est
570 4097 841 4166 majestas,
888 4097 971 4151 vel
1015 4098 1210 4151 crimen
1251 4100 1567 4166 mojestatis,
1611 4097 1677 4155 ex
1718 4104 2022 4157 eotscilicet

456 4165 601 4243 quod
652 4166 849 4221 milites
875 4235 889 4243 _
910 4166 1111 4235 aliique
1162 4165 1534 4243 sacramento__
1565 4186 1625 4225 se
1654 4172 1890 4243 principi
1930 4171 2022 4225 ob-

456 4236 731 4307 stringant
762 4250 827 4289 ac
856 4235 1179 4307 devoveant.
1238 4238 1293 4291 In
1335 4254 1442 4307 quo
1472 4240 1609 4295 alius
1647 4235 2025 4296 Suidre'error

458 4305 728 4370 occurrit;
776 4305 877 4381 qui
915 4307 1053 4375 apud
1088 4305 1453 4381 lierodian’um
1491 4311 1913 4381 καθοσιούμενος
1944 4312 2029 4381 in-

459 4383 788 4445 terpretatur
823 4375 1196 4445 πληροφορῶν.
1236 4376 1527 4431 llerodiani
1559 4382 1721 4433 verba
1753 4375 1887 4435 sunt
1919 4399 1929 4432 :
1968 4380 2027 4433 '0

543 4443 1044 4519 ayavax-rﬁcagﬂérii
1071 4443 1135 4515 τῇ
1167 4447 1267 4519 τῆς
1292 4448 1468 4519 ἀρχῆς
1504 4449 1826 4519 παραλύσει,
1859 4448 1936 4518 τῷ
1968 4466 2025 4501 τε

460 4465 514 4495 οε
543 4465 924 4514 αγανακτησας
954 4465 1044 4499 επι
1071 4465 1135 4515 τῃ
1167 4465 1265 4516 της
1294 4465 1364 4517 αρ

460 4513 746 4587 Μαξιμίνῳ
777 4514 1211 4587 καθοσιούμενος,
1246 4465 1399 4587 ἀθροῆ

459 4582 556 4651 τὴν
590 4582 1075 4657 καρχηδόναλριιο
1105 4585 1157 4638 in
1189 4588 1306 4639 loco
1320 4582 1748 4657 :xaeoatoditsvo;
1770 4582 1850 4642 est
1870 4589 2023 4641 devo-

462 4661 579 4727 tus,
608 4651 906 4727 obstrictus.
938 4651 1202 4708 Praeterea
1236 4651 1664 4727 καθοσίωσις,ἰιι
1687 4659 1881 4727 opinor
1905 4699 1919 4722 ,
1968 4660 2021 4711 in

463 4722 668 4789 h-gihus
700 4722 836 4775 idem
867 4730 950 4775 est
979 4738 1042 4775 ac
1077 4726 1308 4787 sanctio,
1339 4727 1443 4779 hoc
1482 4737 1565 4781 est
1605 4722 1778 4789 pinna:
1817 4729 2024 4781 consti-

470 4794 629 4843 tutio.
656 4790 1006 4866 Justinianus
1028 4793 1119 4845 1ι1).
1153 4810 1189 4847 ιι
1224 4793 1409 4866 Instit.
1441 4811 1561 4866 cap.
1598 4790 1621 4849 1
1649 4818 1659 4851 ;
1693 4799 1819 4852 Ideo
1846 4809 2019 4851 autem

459 4877 637 4914 muros
664 4872 869 4914 sanctos
902 4862 1147 4923 dicimus,
1178 4865 1301 4931 quia
1337 4880 1486 4932 paena
1512 4862 1705 4932 capitis
1735 4869 2019 4921 constituta

459 4932 528 5005 sit
564 4932 615 4982 in
642 4947 727 4983 eos
761 4933 849 5000 qui
878 4932 1077 5001 aliquid
1104 4934 1185 5005 _in
1228 4951 1404 4987 muros
1436 4935 1770 5005 deliquerint.
1811 4938 1934 4991 Ideo
1965 4946 2019 4991 et

462 5002 636 5068 legum
666 5016 758 5055 eas
794 5012 993 5069 partes,
1025 5002 1209 5069 quibus
1236 5019 1411 5071 poenas
1442 5002 1803 5060 constituimus
1836 5006 2013 5059 adver-

460 5086 550 5152 tas
572 5086 661 5150 eos
700 5072 792 5152 qui
813 5080 997 5152 contra
1015 5072 1147 5141 leges
1172 5072 1409 5152 fecerint,
1434 5077 1729 5152 sanctiones
1751 5092 2013 5152 vocamus.

460 5140 540 5191 Ex
584 5140 651 5191 iis
699 5138 1032 5214 Epiphanius
1064 5138 1263 5214 'nostcr
1306 5143 1568 5198 illustrari
1621 5153 1826 5214 potest;
1875 5144 2015 5214 apud

462 5224 619 5274 quem
656 5224 753 5276 pro
782 5212 879 5261 οὑκ
917 5210 1207 5265 ἁθοσιώτου
1243 5228 1337 5267 sus
1380 5213 1587 5268 icamur
1615 5210 2019 5283 legendum—ed-

464 5278 813 5332 καθοσιώτου.
851 5279 964 5332 Erit
997 5292 1176 5334 autem
1204 5231 1597 5335 euxagoalmtoc
1635 5286 1816 5335 νόμος.
1862 5284 2019 5335 cuius

464 5278 813 5355 καθοσιώτου.
851 5279 964 5355 [ξι-ιι
997 5292 1176 5334 autem
1204 5278 1597 5346 εὐκαθοσίωτος
1635 5278 1816 5355 νόμος,
1862 5284 2019 5351 cujus

464 5347 671 5439 integra
717 5350 927 5439 sa‘ncti‘o
975 5360 1181 5439 manet.
1232 5367 1484 5439 quaeque,
1513 5347 2015 5439 pgnaietiamnun‘:

464 5418 723 5491 sancitur.
753 5417 864 5470 Nisi
889 5417 1023 5491 forte
1043 5417 1319 5491 arptiusﬂsit
1338 5417 1436 5475 ούκ
1462 5417 1845 5485 ἀκαθοσίωτον,
1872 5422 2015 5491 quod

462 5485 707 5539 eumdem
742 5502 959 5541 sensum
996 5485 1175 5543 habet.
1211 5488 1447 5545 Tametsi
1473 5492 1837 5555 ἀκαθοσίωτος
1860 5485 2016 5545 aliter

464 5563 756 5629 usurpatur
806 5558 879 5629 ab
941 5560 1128 5612 eodem
1190 5559 1488 5629 Epiphanio
1544 5564 1596 5615 in
1651 5562 2007 5616 Catharorum

464 5621 729 5699 immitis,
764 5642 817 5699 η.
850 5627 901 5688 5.
939 5629 1027 5681 ubi
1058 5621 1306 5699 distringi
1343 5632 1578 5699 gladium
1615 5646 1643 5683 a
1681 5632 2009 5699 magistrati-

464 5646 592 5676 n-ur.
620 5646 729 5686 th,
764 5646 817 5678 n.
850 5646 901 5688 ο,
939 5646 1027 5681 unt
1058 5646 1251 5682 (IISU'III
1294 5647 1306 5681 ι
1343 5646 1578 5699 glamum
1615 5646 1643 5683 a
1681 5646 2009 5699 magistrati-

459 5690 563 5746 bus
590 5694 663 5748 ait
692 5696 828 5749 κατά
852 5699 1078 5768 γοήτων,
1106 5700 1196 5751 καὶ
1218 5646 1427 5771 βὲασφη
1437 5718 1569 5771 μων,
1598 5703 1678 5759 κα¹
1740 5701 2010 5755 ~«aliosali-

2126 3234 2246 3290 σὺν
2282 3230 2461 3298 αὐτῷ,
2487 3231 2581 3284 καὶ
2605 3227 2799 3283 εἶπεν·
2835 3227 3138 3295 Ἐπιθυμίᾳ
3157 3225 3503 3292 ἐπεθύμησα
3518 3222 3697 3277 τοῦτο

2126 3327 2191 3381 τὸ
2213 3325 2429 3393 Πάσχα
2451 3320 2659 3391 φαγεῖν
2676 3321 2803 3389 μεθ’
2836 3315 3001 3386 ὑμῶν
3024 3316 3137 3384 πρὸ
3166 3314 3271 3369 τοῦ
3289 3331 3367 3383 με
3390 3312 3619 3369 παθεῖν.

2214 3416 2418 3484 Ἐλεγχ.
2464 3413 2560 3482 ξβν.
2607 3410 2890 3463 Ἀνέπεσεν
2912 3409 2940 3459 ὁ
2965 3407 3173 3479 Σωτὴρ,
3204 3399 3248 3458 ὧ
3278 3406 3565 3475 Μαρκίων,
3600 3405 3697 3457 καὶ

2126 3508 2174 3559 οἱ
2202 3505 2407 3559 δώδεκα
2424 3501 2705 3556 ἀπόστολοι
2727 3499 2840 3571 μετ’
2858 3497 3042 3551 αὑτοῦ.
3073 3498 3134 3551 Εἰ
3162 3496 3413 3560 ἀνέπεσε,
3442 3497 3537 3549 καὶ
3567 3512 3694 3549 συν-

2128 3599 2409 3663 ανέπεσον,
2444 3597 2503 3648 οὐ
2548 3592 2765 3647 δύναται
2808 3589 2903 3661 μία
2937 3589 3081 3653 λέξις
3106 3587 3202 3660 τὴν
3235 3588 3520 3659 σημασίαν,
3549 3586 3695 3659 ἔχειν

2121 3909 2252 3946 των.
2278 3888 2410 3943 Nam
2439 3884 2837 3948 ἀκαθοσιώτους
2865 3880 3098 3954 appellat
3136 3882 3437 3954 majestatis
3463 3899 3610 3949 reos,
3638 3896 3693 3942 et

2126 3958 2469 4029 imperatoris
2505 3956 2765 4029 obsequio
2798 3952 3022 4029 minime
3053 3952 3296 4029 devotos.
3324 3952 3404 4029 Et
3450 3954 3505 4029 in
3554 3959 3693 4029 actis

2130 4022 2475 4083 conciliahuli
2510 4022 2785 4094 Epltesini,
2815 4027 2869 4078 in
2904 4022 3185 4078 llelatione
3220 4025 3287 4078 ad
3324 4023 3692 4081 Theodosium

2130 4102 2260 4167 imp.
2304 4099 2372 4152 de
2420 4094 3071 4168 CyrillouAlcxandrino:
3110 4094 3469 4168 ilpd'novpév
3512 4097 3594 4158 εἰς
3612 4098 3693 4168 ab

2130 4163 2359 4238 γαληνὸν
2378 4163 2480 4238 καῖ
2500 4164 2717 4238 εὐσεϐὲς
2746 4164 2900 4234 ήμῶν
2924 4164 3279 4238 παρηνόμησε
3307 4163 3583 4238 θέςπισμα
3600 4166 3694 4238 διὰ

2132 4233 2346 4292 πάντων
2386 4236 2442 4288 τὸ
2475 4233 2833 4289 ἀκαθοσίωτον
2886 4233 3069 4286 αὑτοῦ
3098 4233 3327 4296 δεικνύς.
3383 4233 3539 4288 Tanti
3590 4236 3695 4291 fuit

2133 4323 2313 4362 raram
2354 4306 2499 4359 illam
2531 4304 2777 4358 vocabuli
2808 4302 2973 4370 hujus
3000 4305 3271 4357 notionem
3303 4304 3593 4369 extricare,
3631 4316 3693 4360 ut

2132 4379 2185 4431 in
2217 4392 2280 4429 eo
2312 4375 2557 4444 plurihus
2590 4373 2985 4426 immorandum
3027 4373 3207 4444 fuerit.
3241 4370 3375 4425 Nam
3420 4375 3690 4428 καθοσιω-

2134 4464 2216 4498 σιν
2250 4441 2339 4499 illo
2370 4461 2531 4500 sensu
2560 4444 2762 4505 nullus,
2795 4444 2943 4511 quod
2970 4443 3160 4506 sciam,
3186 4441 3424 4498 Lexicon
3448 4452 3503 4499 et
3529 4460 3692 4500 voca-

1406 4534 1501 4601 σας
1531 4514 1760 4601 στρατὸν
1789 4514 1922 4589 ἦγεν
1939 4520 2028 4571 ἐπὶ
2059 4537 2103 4591 ι)
2132 4515 2463 4601 bulariorum
2496 4514 3156 4601 concin‘natorfxposu‘it.

2202 4586 2310 4655 (77)
2337 4584 2445 4639 Kal
2468 4580 2616 4636 εἷπε·
2652 4583 2830 4655 Τοῦεό
2851 4580 3142 4655 ἐστὶλτάδε
3173 4581 3270 4655 grai
3296 4582 3693 4655 τάδετΕίιιιθιῐι

2128 4652 2381 4709 cautiOne
2412 4654 2736 4708 sacramenti
2767 4652 3127 4706 Eucharistiei
3166 4652 3395 4705 formam
3429 4654 3689 4708 disslmu.

2130 4726 2224 4795 lat,
2256 4740 2361 4793 qua
2409 4733 2483 4795 et
2510 4723 2672 4791 hujus
2709 4733 2763 4795 e_t
2805 4732 3126 4795 caaterorum
3169 4724 3393 4795 vulgare
3432 4724 3698 4795 pieritu

2126 4790 2348 4847 Patrum
2376 4794 2533 4849 veriti
2566 4790 2712 4848 sunt.
2739 4790 3086 4847 Innocentius
3108 4790 3324 4853 epistil
3358 4790 3688 4853 Ad'Dece'nt.

2123 4866 2189 4918 de
2216 4863 2635 4919 Conlirmatione
2661 4862 2947 4931 disputans
2980 4882 2992 4915 :
3036 4862 3203 4916 Verba
3238 4878 3357 4916 vero
3385 4863 3558 4918 dicere
3585 4882 3692 4919 non

2121 4950 2354 5001 possum,
2383 4950 2446 4987 ne
2466 4934 2631 5001 magis
2656 4933 2872 4999 prodere
2902 4932 3103 4999 videar,
3133 4949 3291 5003 quam
3322 4932 3391 4984 ad
3419 4936 3694 4989 consulta-

2120 5006 2313 5058 tionem
2342 5004 2670 5069 respondere.

2190 5074 2301 5143 (78)
2336 5073 2609 5126 Τουτέστι
2641 5070 2789 5140 μετὰ
2820 5071 2885 5125 τὸ
2917 5069 3255 5143 δειπνῆσαι.
3296 5071 3429 5143 Nam
3469 5074 3691 5127 δείπνου

2118 5142 2429 5213 γενομένου,
2456 5144 2555 5195 hoc
2577 5152 2659 5196 est
2684 5150 2902 5211 peracta
2931 5157 3107 5213 ccena,
3128 5150 3187 5193 ut
3208 5142 3457 5197 aitJoan.
3477 5159 3533 5213 ρ.
3564 5160 3686 5204 xm,

2126 5210 2276 5267 ιιι)νώ
2301 5214 2432 5281 legis
2451 5210 2767 5282 mysterium
2786 5222 2889 5274 est,
2914 5227 3022 5265 non
3054 5212 3106 5263 in
3130 5213 3248 5279 ipsa
3273 5227 3449 5267 cmna.
3476 5210 3553 5264 Ex
3576 5227 3690 5281 quo

2126 5284 2255 5337 illud
2296 5290 2535 5350 apparet,
2574 5284 2775 5336 frustra
2808 5283 2908 5351 hoc
2935 5297 3002 5336 ex
3034 5283 3208 5348 capite
3243 5297 3415 5337 cmnae
3448 5285 3697 5351 appella—

2126 5354 2270 5406 tione
2296 5363 2695 5406 sacramentum
2720 5352 2850 5421 illud
2879 5350 3428 5421 Dominicicorporis
3455 5350 3508 5406 et
3554 5368 3689 5407 san-

2124 5423 2302 5489 guinis
2325 5427 2555 5476 censeri.
2588 5421 2721 5474 Nam
2749 5420 3049 5485 Matthaaus,
3067 5429 3122 5475 et
3152 5419 3369 5477 Marcus
3397 5422 3687 5476 ἐσθιόντων

2120 5492 2298 5544 αὐτῶν
2328 5492 2600 5555 dixerunt,
2623 5492 2875 5561 praesenti
2897 5492 2978 5544 usi
3010 5505 3109 5561 pro
3139 5494 3434 5561 praeterito.
3466 5494 3593 5555 nisi,
3626 5501 3686 5543 ut

2119 5562 2247 5615 olim
2278 5562 2519 5685 (Sicaliger
2548 5560 2843 5618 arbitratus
2873 5569 2977 5629 est,
3009 5560 3297 5615 ἐσθιόντων
3341 5566 3582 5619 aoristus
3613 5563 3689 5618 sit

2119 5646 2280 5685 secun
2325 5648 2405 5685 us.

2116 5646 2315 5687 88011110
2325 5648 2405 5688 115.
