4186 6374
483 281 581 339 τϐἳ

552 398 734 455 iiel'ut.
766 393 854 453 66.
888 396 969 451 Ad
994 397 1279 452 Dominum
1312 413 1375 452 ac
1403 396 1575 455 Deum
1600 412 1821 454 carnem
1850 398 2051 453 factum
2082 406 2128 460 Α

478 496 650 552 ludas
679 496 936 560 accessit,
979 510 1105 550 cum
1152 496 1243 551 ille
1288 511 1495 566 corpus
1537 496 1841 558 induisset;
1888 494 2052 548 nimi-

482 602 602 640 rum
633 601 761 641 vera
798 594 858 639 ut
889 590 1235 641 oscularetur
1270 587 1434 651 labia,
1481 602 1591 642 non
1625 602 1748 656 quae
1774 584 2051 655 ejusmodi

477 678 744 732 duntaxat
771 686 1119 747 apparerent,
1157 693 1219 732 ac
1255 679 1601 733 ludiﬁcarent
1623 679 1840 734 oculos.

552 768 742 826 Schol.
778 770 866 823 67.
895 769 1111 825 Recidit
1146 771 1199 825 id
1232 771 1375 840 quod
1407 786 1436 824 a
1469 770 1633 827 Petro
1663 778 1878 841 gestum
1909 770 2050 826 dici-

477 865 587 921 tur,
619 874 741 913 cum
769 862 1049 925 percussit,
1081 870 1129 913 et
1157 862 1445 930 amputavit
1468 862 1765 915 auriculam
1791 862 1832 914 ¹.

551 952 716 1023 346
755 951 937 1007 iicl'ut.
968 953 1057 1007 67.
1099 952 1361 1017 Quamvis
1403 964 1461 1008 ut
1501 954 1697 1008 honori
1739 952 1884 1008 Petri
1916 967 2050 1007 con-

478 1046 709 1108 suleret,
748 1046 1123 1113 suppressisse
1154 1046 1257 1100 ista
1282 1047 1553 1111 videatur,
1588 1047 1689 1101 hoc
1716 1048 1835 1117 ipso
1866 1056 2047 1101 tamen

477 1134 624 1203 quod
674 1149 864 1188 revera
924 1148 1137 1204 gestum
1187 1144 1293 1199 est,
1332 1145 1388 1191 et
1418 1138 1486 1192 ad
1528 1137 1830 1194 Salvatoris
1879 1138 2050 1195 decus

479 1227 821 1295 gloriamque
850 1227 1105 1296 pertinet,
1139 1229 1421 1282 occultare
1451 1239 1682 1285 conatus
1712 1239 1815 1285 est.
1852 1229 2046 1285 Verum

478 1315 613 1367 nihil
656 1315 879 1369 omnino
933 1315 1184 1384 perfecit.
1238 1315 1373 1371 Nam
1424 1318 1529 1373 etsi
1578 1319 1669 1373 ille
1714 1320 2047 1374 mentionem

477 1404 644 1473 hujus
686 1404 764 1459 rei
798 1406 1106 1469 sustulerit,
1138 1405 1233 1461 Dei
1263 1418 1444 1463 tamen
1471 1409 1737 1463 miracula
1761 1410 2048 1479 cognosci-

476 1512 619 1550 mus.
676 1496 935 1552 Abscissa
987 1497 1152 1566 igitur
1196 1498 1465 1565 auricula,
1504 1515 1625 1554 eam
1668 1500 1902 1555 subinde
1938 1498 2046 1554 Do-

477 1590 661 1643 minus
705 1590 980 1659 accipiens
1013 1590 1069 1644 in
1100 1590 1371 1660 integrum
1404 1592 1661 1655 restituit,
1696 1600 1756 1645 ut
1790 1590 1959 1647 Deum
1987 1608 2047 1649 se

477 1694 600 1735 esse
621 1695 683 1734 ac
714 1680 960 1736 divinum
989 1695 1128 1750 opus
1156 1682 1396 1737 edidisse
1425 1693 1777 1739 monstraret.

1868 284 1924 339 S.
1969 282 2312 338 EPIPHAN'i

3622 284 3735 339 768

2228 400 2447 468 Ἕλεγχ.
2474 395 2833 465 ξς’.”11γγισε
2857 396 3021 467 σαρκὶ
3048 397 3162 451 ὄντι
3187 396 3433 469 Δεσπότῃ
3470 397 3563 451 καὶ
3584 397 3729 469 Θεῷ,

2158 491 2315 560 σῶμα
2352 491 2590 555 λαϐόντι,
2646 489 3009 558 καταφιλῆσαι
3040 488 3271 559 ἀληθινά
3316 488 3491 560 χείλη,
3531 490 3625 542 καὶ
3661 492 3728 543 οὐ

2152 582 2279 635 δοκῇ
2290 600 2369 635 σει
2394 582 2521 635 ὄντα
2547 582 2639 635 καὶ
2665 580 3021 650 φαντάζοντα.

2225 758 2381 830 Σχὸλ.
2414 759 2509 824 ξξν.
2534 757 2819 829 Παρέκοψε
2850 758 2879 810 6
2913 758 3133 827 ἐποίησε
3182 756 3406 829 Πέτρος,
3445 759 3533 811 ὅτε
3580 759 3730 811 ἑπά-

2186 853 2315 917 αξε,
2350 852 2449 905 καὶ
2469 853 2745 921 ἀφείλετο
2768 853 2830 905 τό
2862 852 2970 918 οὺς
3001 851 3107 905 τοῦ
3146 852 3370 906 δούλου
3403 852 3510 906 τοῦ
3534 853 3732 921 ἀρχιε-

2143 944 2295 1014 ρέως
2304 985 2316 996 .

2226 1034 2443 1103 Ἔλεγχ.
2479 1033 2574 1099 EC’.
2617 1033 2798 1086 Δοκῶν
2832 1034 2911 1098 είς
2954 1032 3117 1105 τιμὴν
3148 1034 3354 1105 Πέτρου
3402 1036 3431 1087 6
3472 1033 3727 1089 ἀπατεὼν

2150 1128 2413 1194 κρύπτειν
2435 1126 2494 1179 τὸ
2516 1127 2573 1179 ὲν
2600 1126 2828 1196 ἀληθείᾳ⁵
2850 1126 3139 1196 γενόμενον
3168 1127 3264 1197 τῆς
3294 1126 3597 1195 δοξολογίας
3629 1126 3724 1177 τοῦ

2150 1215 2421 1285 Σωτῆρος,
2454 1213 2513 1266 τὸ
2568 1214 2731 1285 ῥητὸν
2776 1212 2957 1283 τεμὼν
3007 1213 3343 1284 ἀπέκρυψεν.
3397 1212 3556 1266 Ἀλλά
3602 1213 3726 1265 οὐδὲ

2148 1305 2439 1376 ὠφελήσει.
2473 1307 2649 1359 Κᾶντε
2678 1305 2786 1376 γὰρ
2821 1306 2979 1370 αὐτὸς
3014 1304 3286 1376 ἀποκόψῃ,
3319 1306 3483 1376 ἡμεῖς
3503 1304 3725 1371 οἴδαμεν

2148 1399 2216 1451 τά
2258 1397 2574 1468 θεοσήμεια.
2630 1398 2783 1451 Μετά
2831 1397 2941 1468 γὰρ
2973 1396 3033 1450 τὸ
3079 1396 3348 1466 ἀποκόψαι
3390 1397 3452 1449 τὸ
3490 1397 3669 1463 ὠτίον,
3694 1399 3725 1449 6

2148 1489 2351 1561 Κύριος
2385 1488 2545 1541 πάλιν
2576 1488 2753 1542 λαϐὼν
2782 1489 2990 1553 ίάσατο,
3018 1489 3104 1541 ἵνα
3142 1488 3457 1560 ἀποδειχθῇ,
3484 1490 3565 1542 ὅτι
3591 1488 3724 1551 Θεός

2147 1578 2287 1642 ἐστι,
2323 1578 2417 1629 καὶ
2445 1577 2579 1630 Θεοῦ
2609 1576 2769 1648 ἔργον
2798 1576 3136 1630 ἐπετέλεσεν.

548 1769 732 1826 Schol.
766 1771 856 1827 68.
912 1771 979 1825 Et
1025 1774 1115 1841 qui
1150 1773 1388 1827 tenebant
1433 1774 1747 1839 illudebant,
1792 1776 2045 1830 cwdentes

2220 1783 2375 1853 Σχόλ.
2407 1782 2506 1854 ξη⁹.
2544 1785 2609 1836 Ol
2637 1780 3005 1850 συνέχοντες
3044 1780 3373 1849 ἐνέπαιζον,
3428 1782 3721 1851 δέροντες,

475 1871 527 1916 et
571 1863 916 1930 percutientes
961 1863 1206 1919 dicebant
1234 1877 1255 1917 :
1289 1864 1607 1923 Proohetiza
1634 1867 1751 1921 ouis
1779 1879 1857 1922 est
1884 1870 1973 1921 aui
2003 1876 2052 1923 te

474 1956 731 2022 percussit
762 1956 821 2010 ’ἲ

550 2067 730 2123 Refut.
758 2068 847 2125 68.
882 2067 1007 2124 Haec
1026 2072 1229 2139 omnia,
1252 2072 1342 2141 qui
1373 2070 1634 2129 tenebant.
1652 2079 1707 2125 et
1732 2069 2051 2137 illudebant;

478 2160 634 2224 item,
653 2161 923 2216 cadereet
954 2172 1256 2231 percutere;
1295 2171 1371 2227 et,
1401 2162 1721 2232 Prophetiza
1759 2162 1910 2216 nobis
1929 2164 2048 2232 quis

473 2256 553 2302 est
586 2250 675 2318 qui
714 2258 763 2303 te
792 2250 1083 2317 percussit;
1134 2250 1271 2314 htec,
1316 2250 1563 2320 inquam,
1607 2265 1717 2304 nou
1762 2250 2051 2304 adumbra-

475 2347 587 2392 tam
637 2339 906 2394 duntaxat
960 2340 1197 2411 speciem
1242 2341 1526 2408 referunt,
1576 2344 1672 2399 sed
1730 2350 2047 2397 contactum

474 2432 767 2499 quemdam
804 2446 870 2485 ac
913 2444 1231 2501 corpoream
1272 2450 1639 2504 carneamque
1682 2435 2047 2489 substantiam

475 2521 811 2590 signiﬁcant.
857 2520 1024 2592 idque
1065 2521 1202 2577 adeo
1244 2522 1536 2578 manifesto
1570 2525 1748 2579 cuivis
1779 2529 2045 2593 apparet:

475 2612 693 2667 tametsi
742 2627 853 2682 pne
904 2627 968 2667 ea
1017 2629 1139 2683 quae
1191 2613 1246 2667 in
1298 2620 1351 2668 te
1404 2622 1489 2668 est
1548 2614 1715 2667 animi
1767 2615 2046 2676 caecitate,

475 2702 703 2769 Marcio,
757 2704 1101 2773 perspicuam
1151 2703 1243 2757 De"
1309 2702 1599 2759 veritatem
1649 2702 1903 2759 confiteri
1952 2704 2048 2759 de-

472 2803 696 2849 trectes.

545 2884 733 2939 Schol.
765 2885 852 2940 69.
884 2882 1015 2939 Post
1041 2884 1179 2941 ista:
1217 2882 1371 2938 Hunc
1413 2885 1703 2940 invenimus
1738 2886 2044 2939 subverten-

475 2987 578 3032 t‘em
606 2989 808 3048 gentem
833 2988 1070 3033 nostram
1094 2979 1137 3046 ⁸,
1165 2978 1375 3033 addidit
1427 2987 1478 3033 et
1512 2979 1860 3033 destruentem
1885 2979 2045 3033 leuem

473 3088 535 3125 ac
567 3071 873 3139 prophetas.

541 3162 725 3218 Refut.
756 3163 847 3217 69.
878 3161 1070 3218 Nonne
1118 3163 1230 3217 vias
1266 3160 1481 3216 Domini
1518 3171 1807 3230 pervertere
1828 3161 1851 3193 ⁵
1884 3159 2044 3215 undi-

471 3268 581 3323 que
611 3253 1035 3323 deprehenderis
1065 3267 1129 3307 ac
1158 3254 1548 3309 convinceris?
1588 3252 1723 3307 Nam
1758 3267 1883 3307 cum
1919 3252 2045 3306 huic

472 3341 595 3397 loco
622 3342 769 3413 quod
809 3344 1032 3399 minime
1057 3344 1321 3413 scriptum
1345 3352 1428 3397 est
1451 3343 1667 3412 adjicis,
1705 3357 1769 3397 ac
1800 3342 2046 3397 tibimet-

472 3434 599 3505 ipsi,
637 3450 813 3505 neque
854 3436 997 3489 enim
1029 3434 1259 3489 Domino
1303 3436 1553 3501 dixerim,
1589 3435 1918 3489 calumniam
1967 3434 2044 3487 fa-

470 3526 573 3589 cis,
602 3529 676 3579 ila
717 3525 1007 3580 scribens:
1044 3523 1198 3577 Hunc
1244 3525 1535 3579 invenimus
1600 3534 1911 3577 evertentem
1971 3524 2049 3575 le-

470 3632 590 3687 gem
622 3632 684 3669 ac
715 3616 1018 3685 prophetas,
1045 3618 1321 3671 contraria
1350 3626 1402 3671 te
1446 3616 1573 3669 huic
1605 3614 1927 3679 Salvatoris,
1960 3614 2044 3668 in-

474 3722 625 3772 sane,
651 3707 922 3778 jugulabit
950 3709 1161 3762 oratiu:
1193 3707 1318 3761 Non
1348 3710 1463 3761 seni
1492 3708 1691 3763 solvere
1725 3707 1910 3774 legem,
1949 3716 2041 3760 aut

470 3797 772 3866 prophetas,
828 3798 919 3853 sed
967 3799 1182 3867 implere
1204 3801 1247 3852 ⁵.
1296 3798 1414 3853 Νοη
1475 3800 1641 3870 igitur
1691 3806 1868 3869 potest
1900 3798 2041 3854 idem

471 3889 583 3951 ille,
615 3889 709 3959 qui
735 3904 795 3945 se
835 3905 945 3944 non
972 3890 1251 3945 evertendi
1304 3891 1480 3960 gratia
1528 3891 1748 3945 venisse
1789 3898 2040 3953 testatur,

470 3978 720 4032 accusari
749 3977 894 4047 quod
916 3978 1189 4033 everterit.
1238 3976 1422 4048 Neque
1447 3994 1574 4033 vero
1611 3979 1683 4031 ita
1715 3978 1766 4030 in
1799 3975 2042 4045 Evange-

470 4067 545 4120 lio
576 4068 824 4137 legimus,
855 4068 950 4123 sed
975 4070 1155 4138 potius
1184 4087 1196 4123 :
1228 4068 1385 4121 llunc
1421 4068 1714 4122 invenimus
1738 4066 2041 4121 subverten-

470 4166 574 4211 tent
600 4158 873 4226 populum,
895 4158 1151 4213 dicentem
1177 4174 1228 4212 se
1257 4158 1525 4213 Christum
1554 4174 1724 4227 regem

541 4331 728 4386 Schol.
768 4329 857 4388 70.
914 4330 1076 4387 Aliud
1126 4347 1344 4402 quoque
1396 4338 1521 4401 post
1576 4331 1690 4385 haec
1733 4329 1938 4384 verba:
1972 4327 2038 4381 Et

2149 1874 2498 1937 τύπτοντες,
2518 1870 2619 1925 καί
2637 1869 2918 1942 λέγοντες
2936 1887 2949 1901 ⁸
2972 1871 3421 1941 Προφήτευσον,
3444 1874 3536 1939 τίς
3554 1873 3725 1926 ἐστιν

2149 1966 2182 2017 ό
2208 1964 2435 2027 παίσας
2457 1980 2567 2027 σε;

2223 2056 2444 2125 Ἔλεγχ.
2475 2054 2561 2125 ξη.
2594 2056 2715 2109 Ὀτι
2740 2055 2823 2119 τὸ,
2858 2056 3245 2125 συνέχοντες,
3275 2058 3369 2112 καὶ
3393 2058 3725 2124 τὺ,ἑνέπαι-

2148 2145 2266 2212 ζον,
2293 2147 2488 2212 καὶτὸ,
2532 2146 2740 2214 δεῑραι,
2780 2148 2874 2201 καὶ
2902 2149 2982 2209 τὸ,
3014 2149 3219 2217 τύψαι,
3250 2151 3343 2203 καὶ
3378 2152 3460 2214 τὸ,
3492 2152 3722 2221 προφή-

2147 2254 2369 2291 τευσον
2398 2239 2487 2303 τίς
2516 2242 2548 2292 ό
2576 2240 2803 2305 παίσας
2828 2255 2902 2294 σε
2923 2258 2936 2271 ·
2969 2240 3126 2295 τοῦτο
3145 2242 3206 2295 οὐ
3228 2242 3446 2313 δόκησις
3465 2239 3553 2315 ἦν,
3587 2245 3724 2299 ἀλλά

2148 2332 2291 2401 ἁφῆς
2318 2332 2434 2383 ἐστι
2478 2332 2572 2384 καὶ¹
2602 2332 2919 2403 σωματικῆς
2950 2334 3044 2386 καὶ
3077 2334 3344 2405 ἑνσάρκου
3374 2335 3723 2399 ὑποστάσεως

2146 2420 2461 2490 δηλωτικόν.
2499 2423 2608 2476 Καὶ
2645 2423 2807 2476 παντί
2839 2440 2918 2493 τῳ
2950 2423 3106 2494 δῆλόν
3138 2427 3276 2491 ἐστι,
3316 2426 3417 2481 κᾶν
3437 2445 3496 2480 τε
3532 2428 3598 2480 σὺ
3630 2444 3725 2480 τυ-

2149 2512 2401 2581 φλωθεὶς,
2432 2513 2723 2585 Μαρκίων,
2762 2516 2838 2586 μὴ
2864 2515 3038 2581 θέλοις
3069 2517 3352 2588 ὁμολογεῖν
3380 2522 3479 2591 τὴν
3514 2519 3726 2591 ἐναργῆ

2146 2603 2282 2657 Θεοῦ
2316 2604 2598 2660 ἀλήθειαν.

2216 2865 2369 2936 Σχόλ.
2396 2865 2492 2929 ξθ’.
2524 2866 2826 2938 Προσέθετο
2855 2866 2995 2936 μετά
3023 2868 3199 2923 τοῦτο’
3230 2869 3449 2926 Τοῦτον
3472 2869 3723 2941 εὕρομεν

2146 2957 2582 3026 διαστρέφοντα
2618 2958 2684 3011 τὸ
2713 2958 2911 3025 ἔθνος,
2953 2960 3051 3014 καί
3076 2963 3451 3017 καταλύοντα
3479 2964 3584 3018 τὸν
3619 2966 3723 3018 νό-

2142 3064 2261 3116 μον
2288 3047 2386 3099 καί
2418 3046 2559 3112 τοὺς
2590 3046 2919 3115 προφήτας.

2068 3102 2112 3159 C
2142 3102 2160 3116 ’
2220 3138 2436 3207 Ἐλεγχ.
2458 3102 2552 3202 ξθί
2574 3102 2743 3192 Πόθεν
2774 3102 2853 3192 ,οὐ
2875 3102 3207 3211 ιρωραθήσῃ,
3238 3138 3401 3192 πόθεν
3444 3140 3542 3193 οὐκ
3568 3139 3718 3209 ἐλεγ-

2147 3231 2343 3301 χθήσῃ,
2372 3230 2708 3300 διαστρέφων
2740 3231 2840 3299 τὴν
2866 3231 2981 3283 ὁδὸν
3011 3231 3214 3302 Κυρίου
3239 3248 3253 3297 ;
3286 3230 3457 3286 Ὅταν
3486 3231 3592 3300 γὰρ
3631 3232 3719 3283 ὲν-

2146 3323 2319 3378 ταῦθα
2359 3322 2658 3395 προσθείης
2698 3322 2760 3375 τὸ
2794 3322 2867 3392 μὴ
2917 3323 3320 3394 γεγραμμένον,
3369 3324 3719 3392 συκοφαντῶν

2148 3414 2392 3478 σεαυτὸν,
2422 3414 2502 3483 (οὐ
2531 3414 2638 3484 γάρ
2674 3413 2739 3467 ἂν
2779 3412 2990 3484 εἴποιμι
3022 3416 3113 3467 τὸν
3136 3415 3382 3485 Κύριον,)
3418 3415 3613 3483 λέγων,
3639 3417 3723 3469 ὃτι

2152 3504 2371 3557 Τοῦτον
2406 3503 2658 3571 εὕρομεν
2686 3504 3061 3557 καταλύοντα
3094 3505 3200 3557 τὸν
3229 3508 3416 3574 νόμον
3449 3506 3545 3559 καί
3579 3506 3723 3571 τοὺς

2145 3595 2453 3663 προφήτας
2476 3613 2489 3627 ·
2521 3596 2581 3649 τὸ
2612 3593 2896 3663 ἀντίζυγον
2938 3596 3129 3649 τούτου
3181 3596 3389 3666 ἐλέγξει
3419 3615 3499 3657 σε.
3530 3592 3575 3651 ὦ
3616 3616 3721 3667 μα-

2145 3691 2413 3754 ταιόπονε,
2456 3690 2621 3743 αὐτοῦ
2658 3691 2749 3743 τοῦ
2782 3691 3029 3761 Σωτῆρος
3060 3690 3309 3759 λέγοντος
3332 3708 3346 3721 ο
3370 3692 3491 3744 Οὐκ
3529 3687 3721 3762 ἦλθον

2145 3783 2481 3836 καταλῦσαι
2519 3784 2625 3835 τὸν
2670 3790 2857 3852 νόμον
2902 3783 2940 3851 ἢ
2986 3783 3129 3849 τοὺς
3175 3782 3503 3852 προφήτας,
3560 3782 3721 3838 ἀλλὰ

2144 3870 2480 3939 πληρῶσαι.
2522 3873 2595 3924 Οὐ
2637 3872 2857 3927 δύναται
2896 3873 3073 3927 τοίνυν
3097 3874 3125 3925 6
3154 3874 3313 3937 αὐτὸς
3350 3873 3557 3942 λέγων,
3605 3875 3718 3927 Οὐκ

2143 3958 2303 4032 ἦλθον
2330 3963 2661 4025 καταλῦσαι,
2702 3964 2788 4017 διὰ
2848 3965 2909 4017 τὸ
2954 3964 3240 4017 καταλύειν
3275 3966 3715 4037 κατηγορεῖσθαι.

2145 4057 2218 4108 Οὐ
2251 4055 2357 4127 γὰρ
2386 4053 2529 4127 εἶχεν
2562 4056 2734 4120 οὕτως
2755 4058 2814 4109 τὸ
2844 4058 3027 4128 ῥητὸν,
3050 4057 3185 4111 ἀλλά
3213 4058 3481 4127 Εὔρομεν
3504 4059 3718 4113 τοῦτον

2142 4146 2575 4217 διαστρέφοντα
2608 4148 2715 4202 τὸν
2744 4148 2918 4213 λαὸν,
2943 4148 3201 4219 λέγοντα
3223 4151 3440 4204 ἑαυτὸν
3459 4152 3718 4220 Χριστὸν

2137 4237 2419 4302 βασιλέα.

2213 4329 2366 4397 Σχόλ.
2400 4336 2463 4384 0'.
2493 4330 2783 4402 Προσθήκη
2829 4332 2928 4384 τό·
2980 4333 3315 4387 Κελεύοντα
3360 4333 3584 4401 φόρους
3628 4335 3715 4401 μὴ

466 4424 823 4493 prohibentem
851 4426 1054 4480 tributa
1088 4425 1217 4480 dare
1239 4426 1283 4494 ‘,
1317 4427 1581 4495 subjecit:
1630 4424 1699 4478 Et
1727 4432 2038 4478 avertentem

2144 4418 2374 4486 δοῦναι,
2415 4420 2498 4486 τὸ,
2533 4421 2987 4491 ἀποστρέφοντα
3035 4423 3141 4489 τὰς
3179 4422 3469 4493 γυναῖκας
3504 4424 3601 4476 καί
3646 4425 3717 4478 τὰ

466 4532 658 4571 uxores
684 4533 747 4571 ac
775 4517 984 4572 liberos.

541 4606 724 4663 llelut.
747 4607 834 4662 70.
866 4608 1000 4674 Quis
1052 4608 1291 4678 seipsum
1322 4626 1375 4665 .n
1418 4623 1659 4679 princeps
1694 4606 1923 4677 impellit
1946 4606 2039 4659 im-

468 4700 687 4770 pletque
707 4698 851 4769 quod
873 4701 1137 4771 scriptum
1166 4712 1284 4756 est:
1312 4703 1415 4768 Qui
1445 4701 1547 4757 sibi
1578 4718 1800 4769 nequam
1830 4711 1930 4765 est,
1950 4701 2036 4754 cui

468 4791 635 4846 bonus
655 4792 754 4846 erit
774 4792 822 4846 7?
840 4792 933 4848 Est
949 4793 1093 4849 enim
1115 4793 1219 4848 hoc
1241 4793 1497 4851 inaudita:
1516 4795 1802 4865 cujusdam
1824 4796 2039 4853 temeri-

467 4888 598 4944 tatis
630 4903 695 4943 ac
725 4887 944 4959 ﬂagitii,
974 4890 1089 4945 sive
1116 4890 1437 4960 periculosa:
1487 4890 1886 4961 saiebrosaeque
1929 4891 2031 4947 via:

465 4981 689 5036 evidens
718 4992 1118 5052 argumentum,
1150 4984 1329 5041 delere
1358 5000 1476 5054 qua:
1498 4984 1702 5053 scripta
1737 4993 1885 5051 sunt,
1913 5000 2035 5055 quae

468 5085 739 5141 nusquam
775 5073 979 5142 scripta
1010 5084 1171 5128 erant
1200 5073 1399 5129 addere
1429 5093 1443 5129 :
1481 5073 1644 5144 idque
1689 5074 1745 5129 in
1796 5073 2038 5145 Evange-

470 5162 542 5217 lio
594 5162 935 5234 potissimum
977 5164 1137 5236 347
1186 5165 1549 5231 committere,
1610 5166 1755 5235 quod
1792 5166 1846 5220 in
1880 5163 2036 5221 teter-

467 5268 598 5308 num
634 5252 828 5307 stabile
852 5269 917 5308 ac
950 5254 1163 5308 ﬁrmum
1211 5270 1334 5311 esse
1376 5264 1646 5325 Oporteat.
1702 5256 1856 5311 Adde
1888 5257 2031 5326 quod

469 5342 563 5397 illa
621 5342 737 5411 ipsa
786 5357 911 5411 quae
961 5350 1091 5397 sunt
1134 5344 1319 5398 addita
1373 5361 1549 5416 neque
1590 5346 1769 5400 locum
1804 5346 2026 5415 habent,

2147 4509 2346 4569 τέκνα.

2220 4602 2438 4674 Ἕλεγχ.
2463 4609 2522 4659 o'.
2547 4604 2643 4667 Τίς
2676 4603 2824 4674 αὑτῷ
2839 4605 3082 4677 κρημνὸν
3109 4608 3386 4677 περιποιεῖ
3410 4606 3631 4679 πληρῶν
3656 4608 3717 4661 τὸ

2143 4693 2544 4763 γεγραμμένον,
2570 4692 2659 4745 τό·
2707 4693 2769 4745 '0
2810 4692 3000 4758 ἑαυτῷ
3047 4694 3309 4762 πονηρὸς
3349 4696 3469 4749 τίνι
3496 4695 3717 4765 ἀγαθὸς

2144 4784 2351 4849 ﬁatut;
2386 4786 2570 4856 Πάσης
2592 4784 2699 4856 γάρ
2728 4785 2933 4858 τόλμης
2972 4786 3066 4838 καὶ
3122 4786 3387 4857 πονηρίας
3415 4788 3719 4860 ὑπόδειγμά

2145 4878 2284 4943 ἐστι,
2313 4877 2403 4930 καὶ
2423 4876 2775 4939 κινδυνώδους
2802 4876 3127 4947 ὁδοιπορίας,
3156 4877 3218 4930 τὸ
3246 4878 3313 4931 τά
3344 4878 3443 4947 μὲν
3476 4895 3719 4951 γεγραμ-

2146 4970 2282 5041 μένα
2307 4970 2698 5040 παρακόπτειν,
2732 4968 2767 5022 ἀ
2795 4968 2852 5021 δὲ
2889 4969 2964 5040 μὴ
2994 4970 3297 5040 γέγραπται
3346 4972 3715 5041 προστιθέναι,

2146 5061 2379 5131 μάλιστα
2434 5063 2491 5114 ὲν
2543 5060 2858 5131 Εὐαγγελίῳ
2901 5060 3226 5132 ἀκαταλύτῳ
3280 5062 3393 5116 όντι
3455 5065 3535 5129 εἰς
3589 5066 3717 5128 τοὺς

2142 5154 2364 5217 αἰῶνας.
2403 5152 2511 5205 Καὶ
2540 5153 2678 5207 αὐτὰ
2701 5154 2759 5207 δὲ
2800 5153 2871 5206 τά
2894 5152 2994 5223 τῆς
3024 5153 3342 5226 προσθήκης
3380 5154 3505 5209 οὔτε
3553 5156 3716 5210 τόπον

2145 5245 2277 5315 ἔχει,
2303 5244 2425 5297 οὕτε
2450 5245 2699 5315 αἴνιγμα.
2748 5246 2822 5298 Οὐ
2849 5244 2957 5315 γὰρ
2994 5244 3337 5315 ἀπέστρεψεν
3380 5248 3583 5320 Ἰησοῦς
3616 5267 3716 5317 γυ-

2144 5342 2306 5394 ναῖκα
2336 5340 2370 5410 ἢ
2402 5338 2585 5392 τέκνα.
2622 5338 2793 5401 Αὐτὸς
2836 5337 2943 5409 γὰρ
2985 5336 3087 5409 ἔφη
3109 5353 3126 5367 ⁸
3161 5340 3305 5409 Τίμα
3349 5340 3457 5394 τὸν
3492 5342 3718 5411 πατέρα

469 5447 647 5504 neque
691 5432 999 5504 aenigmatis
1037 5437 1212 5491 instar
1238 5437 1442 5506 aliquid
1483 5438 1809 5507 signiﬁcant.
1850 5439 2034 5510 Neque

2149 5433 2245 5487 καὶ
2285 5432 2397 5499 τὴν
2426 5431 2681 5502 μητέρα·
2713 5433 2807 5485 καὶ
2842 5433 2912 5483 ⁶Λ
2941 5434 2973 5483 ὀ
3012 5430 3155 5495 Θεὸς
3193 5431 3572 5498 συνέζευξεν,
3605 5434 3714 5486 ἄν·
3791 5470 3813 5497 ,

466 5525 615 5581 enim
642 5524 897 5581 Christus
926 5542 1125 5584 uxores
1156 5527 1349 5584 avertit
1375 5536 1469 5582 aut
1503 5529 1724 5593 liberos,
1752 5545 1875 5584 cum
1916 5529 2035 5601 ipse

2147 5533 2376 5595 θρωπος
2402 5526 2487 5596 μὴ
2538 5524 2841 5594 χωριζέτω.
2885 5522 3044 5578 Ἀλλά
3089 5522 3193 5576 κᾶν
3234 5525 3395 5597 εἴπαθ’
3442 5525 3582 5579 Ἐὰν
3628 5523 3715 5593 μή

543 5658 719 5734 fL_t_tc.
762 5676 899 5734 nit.
924 5661 1011 5719 50.
1117 5665 1137 5695 '
1166 5662 1292 5720 ibid.
1333 5664 1420 5721 65.
1498 5666 1517 5698 ³
1585 5665 1716 5724 Luc.
1754 5682 1908 5734 mn,
1940 5667 1996 5723 9...
2106 5667 2128 5700 ⁸
2155 5665 2275 5722 Act.
2314 5681 2429 5720 xm.
2475 5663 2557 5720 i0.
2657 5664 2677 5695 ⁸
2705 5662 2895 5721 Matth.
2925 5680 2976 5720 v.
3017 5665 3102 5719 i7.

469 5729 490 5763 "
518 5729 683 5785 Eccli.
714 5746 824 5795 stv,
857 5730 891 5786 5

3225 5664 3245 5697 '
3274 5662 3404 5718 Luc.
3432 5677 3590 5731 um,
3621 5661 3715 5719 35.
