4186 6374
420 405 525 463 769

1078 401 1450 458 ADVERSUS
1489 400 1833 458 "ERESES
1871 401 1998 457 LIB.

2126 401 2292 456 TOM.
2334 401 2422 457 Ill.
2468 435 2531 446 —
2583 403 2857 460 llEliES.
2898 403 3060 461 XLII.

3595 408 3705 466 770

416 543 510 603 τις
530 523 865 593 καταλείψῃ
892 522 1139 590 πατέρα,
1166 523 1264 576 καί
1284 522 1533 593 μητέρα,
1557 524 1653 577 καὶ
1684 523 2009 592 ἀδελφοὺς,

2121 522 2352 577 dixerit:
2390 522 2613 578 Honora
2662 534 2868 591 patrem
2918 532 2967 577 et
3008 524 3320 590 matrem";
3354 506 3528 578 item:
3570 524 3706 592 Qua

418 618 521 672 καὶ
554 615 835 687 γυναῖκα,
872 615 972 670 καὶ
1015 613 1221 677 τέκνα,
1266 614 1362 667 καὶ
1406 613 1474 667 τὰ
1518 613 1647 685 ἑξῆς
1673 653 1687 678 ,
1725 616 1836 667 οὐκ
1880 614 2015 667 ἐστι

414 725 533 777 μου
553 706 859 775 μαθητής’
886 706 985 776 οὐχ
1015 705 1103 759 ἵνα
1121 703 1371 776 μισῶμεν
1397 704 1659 776 πατέρας,
1686 705 1801 759 ἀλλ’
1827 706 1913 759 ἴνα
1942 704 2015 777 μὴ

418 797 763 869 ὐπαγώμεθα
790 798 1044 870 πατέρων
1073 799 1089 829 ¹
1109 797 1375 868 ἐπιταγὴν
1405 797 1599 867 ἑτέρας
1627 797 1863 860 πίστεως
1880 796 2014 868 (80),

418 891 453 963 ἦ
484 893 673 963 τρόπῳ
706 891 858 962 παρὰ
886 892 986 963 τὴν
1006 889 1103 944 τοῦ
1132 891 1385 961 Σωτῆρος
1415 888 1789 944 διδασκαλίαν.

2122 612 2263 667 Deus
2295 614 2597 683 conjunxit,
2628 616 2784 669 homo
2814 632 2918 668 non
2952 626 3157 683 separet
3196 616 3238 668 ³.
3273 614 3352 669 Ac
3378 616 3592 671 tametsi
3626 616 3703 672 ita

2120 709 2494 778 pronuntiarit
2529 726 2541 762 :
2568 708 2629 764 Si
2657 710 2774 779 quis
2824 725 2930 763 non
2981 709 3249 775 reliquerit
3287 716 3490 777 patrem
3511 717 3561 763 et
3594 725 3707 762 nta-

2122 807 2277 865 trem,
2302 810 2350 853 et
2384 798 2605 868 fratres,
2633 810 2683 854 et
2721 816 2941 855 uxorem
2971 810 3021 855 et
3053 800 3217 870 ﬁlios,
3246 809 3380 865 etc.,
3410 817 3515 855 non
3536 807 3705 869 potest

2122 906 2271 944 meus
2317 907 2432 945 esse
2462 890 2761 961 discipulus
2790 892 2849 959 ‘;
2882 908 2992 947 non
3026 893 3150 948 ideo
3181 901 3363 948 tamen
3395 894 3700 963 usurpavit,

421 996 483 1042 ut
538 996 797 1058 parentes
831 987 959 1043 odio
1004 987 1290 1043 habendos
1325 986 1687 1057 praeciperet;
1730 984 1824 1040 sed
1860 993 1919 1039 ut
1948 999 2018 1038 ne
2057 983 2123 1039 ad
2148 986 2384 1040 alienam
2422 986 2580 1042 ﬁdem
2614 989 3029 1059 capessendam,
3099 988 3446 1059 quidpiamve
3514 986 3704 1042 Salva-

421 1078 559 1133 toris
605 1077 915 1148 disciplina:
954 1077 1299 1131 contrarium
1342 1083 1635 1145 parentum
1680 1091 1780 1130 nos
1832 1076 2128 1145 imperium
2158 1088 2324 1147 atque
2356 1080 2662 1133 auctoritas
2695 1087 3043 1150 provocaret.

490 1168 773 1240 Σχόλ.οα’.
812 1171 919 1224 Καὶ
967 1170 1254 1234 ἐλθόντες
1309 1172 1396 1234 είς
1443 1171 1633 1223 τόπον
1682 1170 2013 1239 λεγόμενον

420 1264 679 1331 Κρανίου
719 1262 922 1329 τόπος,
969 1262 1361 1331 ἐσταύρωσαν
1386 1262 1592 1325 αὐτόν,
1630 1261 1728 1315 καὶ
1766 1260 2014 1330 διεμερί-

420 1373 610 1410 σαντο
642 1355 714 1408 τὰ
739 1354 935 1424 ἱμάτια
965 1353 1174 1417 αὐτοῦ,
1208 1354 1307 1407 καί
1331 1353 1657 1420 ἐσκοτίσθη
1686 1353 1935 1428 (iiii/oc.

496 1449 717 1520 Ἔλεγχ.
743 1455 844 1503 οα¹.
881 1448 1017 1512 Δόξα
1046 1446 1124 1519 τῷ
1158 1447 1413 1518 ὲλεήμονι
1431 1447 1568 1518 Θεῷ,
1588 1446 1665 1518 τῷ
1690 1446 2010 1517 συνδήσαντί

422 1557 517 1592 σου
543 1540 611 1593 τὰ
630 1539 872 1610 ἅρματα,
907 1532 951 1592 ὦ
980 1536 1180 1609 Φαραὼ
1214 1538 1479 1610 Μαρκίων
1506 1540 1518 1591 l
1547 1538 1656 1591 Καὶ
1685 1536 2009 1607 βουλομένου

422 1653 517 1688 σου
550 1632 876 1705 ἀποδράσαι,
928 1631 1317 1685 κατεπόντισεν
1352 1629 1491 1684 αὐτὰ
1536 1631 1593 1685 ἐν
1632 1634 1696 1702 τῇ
1742 1630 2007 1701 θαλάσσῃ.

421 1725 900 1798 Προφασιζόμενος
933 1723 1042 1795 γὰρ
1088 1723 1156 1778 τὰ
1198 1723 1402 1785 πάντα,
1447 1723 1545 1793 οὐχ
1585 1722 1727 1786 ἕξεις
1778 1722 2009 1777 ἐνταῦθα

2193 1169 2379 1225 Schol.
2419 1172 2506 1230 71.
2550 1172 2620 1225 Et
2645 1175 2899 1226 venientes
2924 1174 2977 1225 in
3014 1173 3205 1233 locum,
3240 1170 3545 1240 quidicimr
3572 1168 3703 1223 Cal-

2119 1262 2280 1314 varia:
2316 1261 2484 1325 locus,
2528 1265 2903 1333 cruciﬁxerunt
2950 1280 3088 1328 eum,
3128 1272 3176 1315 et
3215 1263 3507 1316 diviserunt
3546 1262 3704 1316 vesti-

2117 1364 2313 1420 menta,
2341 1366 2388 1409 et
2424 1356 2735 1410 obscuratus
2769 1366 2846 1411 est
2879 1350 3016 1411 soi“.

2189 1445 2375 1501 Refut.
2417 1448 2508 1504 7i.
2548 1448 2764 1504 Gratias
2807 1448 3150 1504 misericordi
3191 1447 3325 1512 Deo,
3361 1447 3455 1518 qui
3505 1462 3706 1503 currus

2118 1545 2242 1593 tuos
2281 1539 2543 1609 alligavit,
2588 1555 2621 1595 o
2653 1539 2869 1595 Pharao
2906 1541 3136 1595 Marcio!
3170 1541 3407 1610 illosque
3452 1538 3581 1593 dum
3619 1538 3707 1593 fu-

2118 1645 2240 1699 gam
2283 1633 2495 1687 moliris
2523 1634 2575 1686 in
2605 1648 2756 1689 mare
2786 1634 3050 1689 demersit
3073 1633 3113 1685 ⁶.
3149 1630 3283 1685 Nam
3312 1646 3437 1685 cum
3484 1644 3703 1685 omnem

2118 1723 2515 1792 tergiversandi
2565 1726 2911 1780 occasionem
2951 1732 3159 1795 captes,
3200 1723 3337 1777 nihil
3376 1723 3465 1777 hic
3511 1736 3619 1793 quo
3649 1730 3705 1776 te

420 1819 678 1890 οὐδεμίαν
726 1819 1020 1890 πρόφασιν.
1083 1816 1141 1871 '0
1193 1818 1302 1887 γὰρ
1358 1815 1433 1888 μὴ
1466 1817 1642 1887 σάρκα
1689 1816 1847 1887 ἔχων,
1893 1816 2015 1870 οὔτε

2121 1830 2352 1871 excuses
2381 1818 2576 1872 aﬂerre
2605 1817 2834 1887 poteris.
2872 1815 3085 1871 Etenim
3121 1814 3216 1885 qui
3244 1829 3410 1869 carne
3444 1828 3551 1868 non
3572 1826 3705 1868 con-

423 1910 806 1982 σταυρωθῆναι
859 1909 1106 1964 δύναται.
1162 1908 1289 1972 Πῶς
1344 1908 1446 1961 οὐκ
1505 1907 1706 1977 ἔφυγες
1754 1906 1816 1959 τὸ
1871 1906 2015 1978 μέγα

421 2002 581 2057 τοῦτο
606 2001 803 2073 ῥητόν;
848 2000 975 2064 Πῶς
1010 2000 1111 2053 οὐκ
1143 1999 1508 2070 ἐπεχείρησας
1549 1997 1754 2070 κρύψαι
1784 1997 1883 2070 τὴν
1916 2016 2014 2069 με-

421 2095 595 2166 γάλην
621 2092 827 2165 ταύτην
855 2091 1263 2165 πραγματείαν,
1287 2091 1385 2163 τὴν
1417 2090 1661 2144 λύσασάν
1692 2107 1787 2143 σου
1832 2091 2013 2143 πᾶσαν

420 2188 519 2260 τὴν
550 2185 609 2252 te
640 2186 815 2258 ἀρχῆς
853 2184 1321 2258 μεμηχανημένην
1364 2184 1770 2255 κακοτροπίαν;
1797 2184 1859 2236 Et
1904 2182 2014 2253 γὰρ

420 2283 560 2345 ὅλως
591 2278 937 2352 ἐσταυρώθη,
973 2278 1092 2342 πῶς
1114 2279 1175 2332 οὐ
1211 2277 1431 2348 βλέπεις
1466 2276 1557 2330 τὸν
1599 2276 2014 2348 ἐσταυρωμένον

419 2374 568 2444 ἁφὴν
597 2373 812 2444 ἔχοντα,
842 2371 939 2425 καὶ⁹
984 2370 1138 2441 ἥλοις
1166 2369 1266 2432 τὰς
1304 2371 1495 2440 χεῖρας
1540 2367 1888 2440 πηγνύμενον
1920 2367 2016 2421 καὶ

422 2466 622 2531 πόδας;
677 2465 792 2519 Οὐκ
838 2463 905 2518 ἂν
956 2462 1012 2516 δὲ
1057 2461 1289 2532 ἠδύνατο
1336 2461 1558 2533 δόκησις
1607 2459 1767 2514 τοῦτο
1801 2455 1940 2513 εἶναι
1978 2458 2012 2531 ἢ

369 2627 373 2630 γ
424 2558 739 2629 φάντασμα,
777 2556 853 2620 ὡς
883 2555 948 2609 σὺ
991 2554 1197 2623 λέγεις,
1232 2552 1369 2607 ἀλλὰ
1408 2553 1568 2625 σῶμα
1614 2551 1852 2624 ἀληθῶς,
1889 2552 1917 2606 ὃ
1949 2552 2015 2605 ὲκ

424 2652 646 2723 Μαρίας
675 2649 898 2721 εἴληφεν
928 2650 956 2703 ὁ
989 2648 1214 2719 Κύριος,
1254 2646 1455 2718 σάρκα,
1500 2644 1661 2714 φύσιν
1686 2645 1785 2717 τὴν
1813 2644 2014 2715 ἡμετέ-

430 2762 547 2816 ραν.
576 2745 670 2797 καὶ
696 2741 879 2805 ὀστέα,
915 2740 1009 2794 καὶ
1032 2739 1101 2793 τὰ
1130 2738 1266 2792 ἄλλα
1290 2754 1303 2767 '
1333 2736 1518 2809 ἐπειδὴ
1556 2736 1898 2808 ὁμολογεῖται
1920 2736 2014 2790 καὶ

427 2836 580 2909 παρὰ
607 2836 691 2889 eoi.
719 2832 937 2904 σταυρῷ
964 2829 1308 2904 προσπαγεὶς
1335 2830 1364 2882 ό
1404 2830 1629 2902 Κύριος.

500 3033 655 3106 Σχόλ.
691 3030 792 3104 οβ’.
828 3029 1119 3102 Παρέκοψε
1146 3028 1209 3082 τό
1228 3046 1241 3059 ·
1274 3027 1545 3099 Σήμερον
1574 3026 1702 3098 μετ’
1728 3027 1875 3098 ἐμοῦ
1898 3027 2014 3086 ἔστι

427 3130 497 3183 ὲν
525 3126 601 3193 τῷ
630 3122 1001 3194 παραδείσῳ.

503 3218 724 3287 Ἐλεγχ.
754 3214 854 3286 οβ’.
872 3212 1070 3277 Καλῶς
1084 3211 1244 3265 τοῦτο
1258 3211 1351 3267 καὶ
1375 3211 1651 3285 ἁρμοδίως
1668 3229 1745 3266 πα
1753 3209 2010 3282 ρέκοψας,

427 3307 474 3366 ὦ
521 3311 820 3383 Μαρκίων·
877 3308 1084 3378 ἐπῆρες
1109 3306 1217 3378 γὰρ
1259 3306 1368 3359 ἀπὸ
1408 3306 1634 3360 σεαυτοῦ
1676 3306 1775 3378 τὴν
1810 3306 2014 3360 εἴσοδον

428 3406 523 3460 τοῦ
557 3402 907 3475 παραδείσου.
943 3398 1081 3453 Οὔτε
1126 3398 1237 3471 γὰρ
1271 3398 1335 3451 σὺ
1365 3397 1674 3470 εἰσελεόσῃ,
1725 3397 1850 3452 οὗτε
1888 3399 2016 3462 τοὺς

428 3500 530 3553 σὺν
556 3496 639 3550 σοι¹
669 3494 871 3556 ἐάσεις.
903 3492 1067 3545 Φύσει
1107 3490 1218 3563 γὰρ
1249 3491 1330 3562 τῷ
1362 3490 1477 3545 ὄντι
1518 3491 1737 3563 μισοῦσι
1779 3490 1845 3549 τὸ
1873 3492 2015 3559 ἀγα-

430 3590 523 3646 θδν
542 3590 592 3644 οἱ
625 3586 936 3650 πλανῶντες
962 3583 1057 3638 καὶ
1084 3584 1511 3656 πεπλανημένοι.

502 3769 661 3839 Σχόλ.
706 3774 809 3837 ογ’.
860 3765 975 3821 Καὶ
1048 3764 1342 3835 φωνήσας
1395 3766 1567 3837 φωνῇ
1618 3766 1853 3839 μεγάλῃ
1916 3766 2017 3832 ἐξ-

431 3864 755 3918 ἐπνευσεν.

508 3956 726 4027 Ἔλεγχ.
751 3963 850 4026 ογ¹.
872 3957 938 4010 Ei
955 3955 1301 4023 ἐξέπνευσεν,
1326 3948 1371 4009 ὦ
1391 3954 1679 4026 Μαρκίων,
1708 3955 1804 4009 καὶ
1834 3955 2018 4025 φωνὴν

436 4048 679 4121 μεγάλην
707 4048 977 4107 ἀπέδωκε,
1002 4048 1167 4101 πόθεν
1201 4047 1476 4115 ὲξέπνεεν,
1504 4048 1537 4117 ἢ
1574 4046 1627 4099 τί
1656 4046 1718 4099 τὸ
1752 4048 2016 4113 ὲκπνέον;

431 4142 604 4213 Δῆλον
632 4142 689 4195 δέ
713 4143 850 4205 ἐστι,
884 4141 990 4195 κᾶν
1019 4143 1083 4195 σὺ
1117 4140 1193 4211 μὴ
1229 4140 1435 4209 λέγεις.
1460 4140 1624 4210 Ψυχὴ
1655 4140 1751 4192 σὺν
1787 4142 1854 4211 τῇ
1899 4139 2020 4193 θεό-

432 4254 557 4307 τητι
590 4235 699 4290 ἀπὸ
727 4234 977 4305 σώματος
1001 4232 1418 4306 ὲκπορευθείσα,
1449 4230 1545 4285 τοῦ
1573 4231 1823 4304 σώματος
1847 4232 2017 4287 ἄπνου

437 4327 741 4398 μείναντος,
775 4325 890 4396 ἔχει
917 4326 951 4397 ὴ
975 4325 1223 4393 ἀλήθεια.

2049 4533 2101 4592 D

506 4590 667 4661 Σχόλ.
704 4588 797 4642 οδν.
848 4585 995 4641 Ἰδοὺ
1020 4584 1175 4653 ἀνὴρ
1202 4584 1447 4654 ὀνόματι
1484 4582 1709 4652 Ἰωσὴφ
1750 4582 2019 4639 καθελὼν

434 4682 500 4734 τὸ
526 4680 700 4749 σῶμα
746 4675 1055 4740 ἐνετύλιξε
1092 4673 1352 4747 σινδόνι,
1387 4672 1485 4726 καὶ
1514 4672 1733 4740 ἔθηκεν
1760 4672 1831 4725 ὲν
1864 4688 2018 4740 μνη-

430 4772 580 4843 μείῳ
611 4767 906 4835 λαξευτῷ.

511 4864 732 4934 Ἔλεγχ.
757 4862 849 4917 οδ’.
882 4862 946 4914 Et
984 4860 1066 4925 τὸ,
1108 4859 1403 4924 καθελὼν,
1431 4858 1527 4913 καὶ
1558 4858 1904 4925 ἑντυλίξας.
1931 4859 2022 4914 καὶ

436 4957 518 5019 τὸ,
554 4955 740 5010 θεῖναι
769 4954 840 5007 ἐν
880 4951 1145 5024 μνήματι
1193 4950 1491 5017 λαξευτῷ,
1528 4951 1590 5003 οὐ
1635 4950 1813 5005 πείθει
1861 4969 1944 5017 σε,
1978 4945 2024 5004 ὧ

437 5044 723 5116 Μαρκίων,
747 5043 830 5107 τίς
853 5060 949 5096 σου
983 5040 1370 5113 ἠλιθιώτερος
1405 5042 1470 5093 Τί
1495 5041 1552 5094 δὲ
1592 5040 1719 5104 ἄλλο
1756 5042 2023 5113 σαφέστε-

439 5155 533 5210 ρον
565 5139 599 5209 ή
634 5137 671 5189 Γ
678 5138 822 5209 ραφὴ
855 5132 968 5207 εἶχε
1004 5136 1195 5204 δεῖξαι,
1231 5136 1393 5191 ὁπότε
1434 5136 1529 5190 καὶ
1570 5136 1631 5190 τὸ
1674 5137 1887 5209 μνῆμα,
1928 5137 2022 5191 καὶ

438 5231 530 5284 τὸν
554 5230 742 5297 τόπον,
769 5230 865 5283 καὶ
905 5228 966 5282 τὸ
999 5223 1135 5293 εἶδος
1160 5228 1349 5295 ἔδειξε,
1393 5228 1488 5281 καὶ¹
1510 5227 1604 5281 τοῦ
1649 5227 1900 5299 σώματος
1923 5230 2023 5300 τὴν

439 5321 738 5392 τριήμερον
788 5319 958 5383 θέσιν,
994 5319 1089 5372 καὶ
1127 5318 1189 5371 τὸ
1230 5317 1432 5389 εῑλημα
1477 5317 1580 5388 τῆς
1628 5318 1885 5384 σινδόνος,
1936 5318 2023 5371 ἵνα

410 5394 424 5402 ’
441 5412 591 5485 δείξῃ
617 5413 717 5468 τὴν
738 5414 921 5467 πᾶσαν
950 5410 1236 5466 ἀλήθειαν·
1780 5406 1783 5409 ’

514 5665 531 5697 ί
559 5661 992 5718 Deessevidetur
1026 5656 1298 5713 nonnihil.
1355 5657 1376 5687 ¹
1399 5653 1590 5709 Matth.
1614 5669 1706 5713 xv.
1734 5653 1790 5709 4.
1869 5653 1889 5685 ³
1919 5652 2109 5707 Matth.
2151 5669 2264 5715 xix,
2300 5653 2355 5707 6.
2416 5652 2439 5683 ⁸
2468 5652 2602 5707 Luc.
2636 5668 2748 5719 xiv,
2780 5651 2870 5708 ‘26.
2938 5652 2959 5685 ⁸
2988 5647 3122 5708 Luc.
3151 5665 3308 5718 xxtu,
3331 5647 3421 5705 35.

2042 3164 2086 3224 C

2116 1918 2249 1974 stat,
2286 1924 2355 1963 ne
2392 1908 2533 1980 alligi
2563 1910 2784 1979 quidem
2817 1910 2968 1964 cruci
3000 1917 3197 1980 potest.
3230 1905 3515 1974 Quomodo
3539 1906 3706 1976 igitur

2115 2010 2226 2058 tam
2257 2004 2528 2059 illustrem
2564 2004 2891 2059 sententiam
2916 2004 3142 2059 minime
3171 2002 3461 2059 devitasti?
3494 2009 3589 2055 aut
3618 2002 3705 2055 in-

2115 2113 2251 2169 gens
2290 2097 2397 2152 hoc
2431 2096 2711 2168 negotium
2752 2097 2948 2151 callide
2992 2095 3346 2151 dissimulare
3376 2108 3489 2148 non
3521 2107 3582 2148 es
3619 2106 3708 2164 ag-

2115 2204 2364 2259 gressus,
2395 2204 2506 2259 quo
2531 2197 2623 2243 tua
2656 2188 2809 2244 l‘raus
2845 2188 3027 2251 omnis
3060 2195 3115 2242 et
3156 2185 3483 2257 improbitas
3518 2182 3705 2238 fundi-

2116 2288 2207 2336 tus
2242 2280 2572 2336 labefactata
2609 2279 2893 2335 concidit?
2929 2278 3062 2333 Nam
3095 2278 3140 2333 si
3178 2276 3405 2334 omnino
3439 2276 3591 2330 cruci
3623 2283 3708 2329 est

2116 2371 2333 2439 allixus,
2360 2389 2462 2429 cur
2496 2388 2607 2428 non
2633 2372 2767 2427 illud
2799 2372 2975 2438 vides,
3006 2387 3131 2427 eum
3163 2372 3254 2441 qui
3289 2369 3588 2425 cruciﬁxus
3622 2376 3708 2423 est

2117 2467 2424 2530 attrectari,
2446 2467 2679 2537 ejusque
2701 2480 2898 2521 manus
2921 2480 2985 2520 ac
3013 2465 3179 2536 pedes
3205 2464 3376 2519 clavis
3401 2462 3709 2535 perforari?

2116 2563 2296 2631 Quare
2337 2576 2449 2618 non
2479 2562 2596 2616 haec
2627 2561 2808 2616 inanis
2838 2562 3010 2623 larva,
3057 2560 3143 2613 vel
3190 2559 3403 2629 species
3448 2572 3571 2613 esse
3608 2572 3709 2627 po-

2116 2656 2238 2721 tuit,
2278 2662 2339 2709 ut
2372 2653 2613 2721 asseris;
2644 2652 2742 2709 sed
2789 2667 2982 2707 verum
3027 2666 3250 2721 corpus,
3289 2649 3434 2720 quod
3459 2664 3490 2705 e
3537 2647 3710 2703 Maria

2116 2746 2372 2801 Christus
2391 2744 2624 2814 accepit,
2651 2757 2875 2798 carnem
2899 2741 3449 2805 videlicetnostram,
3477 2747 3533 2795 et
3553 2754 3705 2800 ossa,

2118 2849 2423 2909 caeteraque
2452 2837 2702 2907 corporis
2746 2836 2993 2890 membra
3024 2853 3038 2889 :
3071 2833 3517 2904 quandoquidem
3554 2832 3709 2887 cruci

2118 2928 2335 2983 aﬂixum
2372 2942 2494 2983 esse
2528 2925 2821 2981 Dominum
2847 2942 2916 2982 ne
2946 2926 3063 2997 ipse
3094 2926 3314 2996 quidem
3338 2923 3608 2979 diﬂiteris.

2193 3019 2380 3074 Schol.
2424 3018 2510 3073 72.
2554 3017 2670 3073 Hoc
2719 3019 2943 3090 insuper
2991 3017 3260 3074 abstulit:
3295 3015 3469 3072 Hodie
3508 3030 3710 3070 mecum

2120 3111 2225 3166 eris
2254 3112 2309 3165 in
2337 3110 2652 3180 paradiso".

2198 3204 2384 3260 Refut.
2406 3205 2493 3259 72.
2517 3203 2684 3259 Recte
2707 3204 2812 3260 hoc
2844 3210 2900 3259 et
2928 3210 3301 3259 consentanee
3329 3200 3551 3271 quidem
3580 3200 3713 3256 sub-

2122 3294 2360 3361 traxisti,
2401 3292 2628 3349 Marcio.
2678 3292 2927 3348 Paradisi
2971 3293 3116 3349 enim
3163 3293 3259 3348 tibi
3290 3292 3497 3348 aditum
3539 3292 3710 3347 inter-

2121 3386 2355 3453 clusisti,
2392 3397 2451 3439 ιιι
2484 3400 2663 3455 neque
2694 3392 2811 3440 tute
2858 3385 3190 3457 ingrediare,
3243 3400 3421 3455 neque
3452 3391 3577 3439 tuos
3616 3398 3720 3454 pa-

2125 3481 2281 3536 tiaris
2307 3478 2517 3550 ingredi
2543 3479 2587 3534 ⁸.
2629 3479 2706 3534 Ita
2742 3480 2888 3535 enim
2929 3488 3306 3549 comparatum
3336 3485 3440 3545 est,
3476 3485 3537 3531 ut
3566 3476 3715 3547 quod

2121 3570 2327 3626 bonum
2368 3579 2453 3626 est
2490 3568 2708 3625 oderint
2745 3578 2857 3624 tam
2894 3570 2988 3639 qui
3036 3571 3093 3625 in
3145 3586 3389 3626 errorem
3419 3569 3715 3636 inducunt,

2123 3676 2285 3733 quam
2317 3662 2408 3730 qui
2440 3660 2623 3715 induci
2659 3675 2719 3715 se
2752 3661 3096 3727 permittunt.

2196 3751 2387 3807 Schol.
2446 3752 2533 3807 7'5.
2598 3749 2667 3805 Et
2722 3750 3033 3805 exclamans
3100 3768 3223 3806 voce
3277 3766 3475 3821 magna
3535 3749 3715 3820 exspi-

2123 3845 2314 3899 ravit’.

2194 3936 2384 3991 Refut.
2422 3934 2511 3989 75.
2554 3935 2692 3991 Cum
2736 3934 3052 4007 exspirarit,
3086 3948 3121 3988 ο
3154 3932 3395 3989 Marcio!
3437 3934 3714 3999 Christus,

2124 4038 2180 4084 et
2222 4030 2279 4083 in
2326 4029 2603 4099 ingentem
2634 4042 2825 4082 vocem
2868 4027 3131 4097 eruperit,
3164 4027 3389 4096 quinam
3434 4028 3723 4096 exspirare

2130 4122 2323 4190 potuit,
2350 4129 2445 4174 aut
2466 4120 2597 4190 quid
2628 4120 2848 4174 tandem
2874 4119 3212 4190 exspiravit?
3239 4118 3508 4173 Nimirum
3531 4134 3725 4189 quam-

2126 4215 2258 4269 libet
2280 4211 2446 4283 348
2469 4220 2675 4279 taceas,
2719 4210 3072 4266 manifestum
3123 4209 3269 4265 istud
3307 4218 3393 4266 est
3427 4228 3439 4263 :
3476 4211 3713 4265 animam

2129 4307 2323 4370 fuisse,
2354 4322 2477 4376 qua:
2518 4322 2641 4361 cum
2674 4304 2967 4359 divinitate
2999 4318 3030 4357 a
3080 4318 3310 4373 corpore
3351 4303 3716 4368 discesserit;

2128 4416 2252 4456 cum
2284 4400 2503 4454 interim
2546 4399 2741 4453 anima:
2774 4398 2908 4452 illud
2942 4411 3140 4468 expers
3180 4404 3448 4462 maneret,
3485 4404 3545 4451 ut
3576 4398 3718 4453 veri-

2129 4500 2213 4545 tas
2240 4489 2360 4558 ipsa
2391 4488 2659 4542 continet.

2208 4581 2394 4635 Schol.
2454 4581 2540 4634 74.
2584 4578 2718 4634 Ecce
2764 4580 2862 4644 vir,
2908 4579 3118 4633 nomine
3158 4577 3377 4648 Ioseph,
3426 4578 3718 4648 depositum

2134 4688 2321 4740 corpus
2348 4671 2586 4731 involvit.
2618 4680 2665 4725 et
2700 4671 2877 4741 posuit
2897 4670 2952 4723 in
2982 4679 3316 4724 monumento
3339 4671 3516 4724 exciso
3544 4671 3609 4724 ιο.

2200 4850 2387 4907 Refut.
2426 4850 2512 4905 74.
2556 4847 2615 4902 Si
2643 4848 2726 4903 ha:
2756 4862 2939 4913 voces,
2982 4847 3299 4917 depositum,
3340 4853 3393 4901 et
3430 4846 3718 4908 involvens,

2132 4956 2187 5004 et
2224 4963 2413 5017 ponere
2441 4951 2497 4999 in
2530 4954 2866 4998 monumento
2897 4943 3092 5007 exciso,
3127 4942 3458 5012 persuadere
3486 4940 3583 4995 tibi
3621 4954 3719 4993 ne-

2127 5045 2362 5109 queunt,
2397 5035 2624 5100 Marcio,
2649 5034 2782 5105 quid
2806 5042 2859 5090 te
2890 5034 3017 5104 ﬁngi
3047 5040 3226 5103 potest
3243 5032 3555 5087 amentius?
3576 5029 3719 5097 Quid

2129 5144 2311 5187 autem
2365 5129 2569 5185 clarius
2619 5126 2866 5183 indicare
2911 5125 3194 5197 Seripmra
3237 5122 3435 5195 potuit,
3489 5137 3613 5177 cum
3664 5128 3722 5176 et

2128 5230 2570 5287 monumentum,
2610 5228 2666 5274 et
2708 5220 2910 5283 locum,
2961 5226 3016 5273 et
3062 5218 3183 5287 ejus
3229 5216 3465 5271 formam
3513 5229 3578 5269 ac
3620 5214 3719 5268 de-

2129 5312 2489 5382 scriptionem
2519 5309 2890 5381 expresserit;
2930 5306 3201 5363 addiderit
3245 5307 3473 5377 insuper
3506 5303 3721 5360 tridua-

2126 5419 2254 5458 nam
2284 5404 2432 5459 illam
2463 5403 2519 5458 in
2550 5403 2804 5473 sepulcro
2833 5400 3345 5465 commorationem,
3379 5411 3503 5453 cum
3533 5394 3719 5452 sindo-

2127 5497 2215 5554 nis
2242 5496 2548 5560 involucra,
2580 5494 2662 5550 uti
2686 5500 2856 5549 totam
2882 5491 2963 5549 rei
2985 5491 3270 5549 veritatem
3295 5485 3648 5546 ostenderet?

3498 5645 3520 5678 ⁸
3543 5642 3717 5699 Exod.

443 5748 559 5795 xw,
588 5733 681 5788 24.
757 5735 776 5764 ⁷
810 5730 943 5786 Luc.
982 5745 1143 5795 xxm,
1173 5730 1263 5785 45.
1331 5726 1354 5758 ⁸
1378 5725 1511 5781 Luc.
1536 5740 1617 5789 xt,
1640 5724 1735 5779 52.
1807 5724 1829 5756 ⁹
1860 5723 1995 5778 Luc.

2128 5740 2191 5789 ιι,
2226 5723 2319 5781 46.
2399 5723 2444 5755 ⁸⁸
2469 5723 2604 5778 ibid.
2637 5722 2727 5777 55.

521 5886 633 5958 (80)
676 5885 997 5959 Ἐπιταγῖιν
1047 5884 1252 5955 ἐτέρας
1289 5885 1567 5950 πίστεως.
1603 5883 1764 5942 Corr.
1804 5880 2061 5953 ὲπιταγῇ.
