  <div class='ocr_page' id='page_1' title='image "/cluster/home/n/w/nwhite01/storage/ocr_20150623/41/nnc1.0046978747/429.png"; bbox 0 0 4186 6374; ppageno 0'>
   <div class='ocr_carea' id='block_1_1' title="bbox 488 335 589 389">
    <p class='ocr_par' dir='ltr' id='par_1_1' title="bbox 488 335 589 389">
     <span class='ocr_line' id='line_1_1' title="bbox 488 335 589 389; baseline 0.02 -2"><span class='ocrx_word' id='word_1_1' title='bbox 488 335 589 389; x_wconf 74' lang='grc'><strong>771</strong></span> 
     </span>
    </p>
   </div>
   <div class='ocr_carea' id='block_1_2' title="bbox 1904 330 2340 388">
    <p class='ocr_par' dir='ltr' id='par_1_2' title="bbox 1904 330 2340 388">
     <span class='ocr_line' id='line_1_2' title="bbox 1904 330 2340 388; baseline 0 -3"><span class='ocrx_word' id='word_1_2' title='bbox 1904 331 1960 388; x_wconf 89' lang='lat' dir='ltr'><strong>S.</strong></span> <span class='ocrx_word' id='word_1_3' title='bbox 2000 330 2340 385; x_wconf 76' lang='lat' dir='ltr'><strong>EPIPIIAMI</strong></span> 
     </span>
    </p>
   </div>
   <div class='ocr_carea' id='block_1_3' title="bbox 3642 328 3767 385">
    <p class='ocr_par' dir='ltr' id='par_1_3' title="bbox 3642 328 3767 385">
     <span class='ocr_line' id='line_1_3' title="bbox 3642 328 3767 385; baseline 0.056 -8"><span class='ocrx_word' id='word_1_4' title='bbox 3642 328 3767 385; x_wconf 69' lang='grc'><strong>779.</strong></span> 
     </span>
    </p>
   </div>
   <div class='ocr_carea' id='block_1_4' title="bbox 566 438 2071 513">
    <p class='ocr_par' dir='ltr' id='par_1_4' title="bbox 566 442 2064 502">
     <span class='ocr_line' id='line_1_4' title="bbox 566 442 2064 502; baseline -0.003 -1"><span class='ocrx_word' id='word_1_5' title='bbox 566 446 749 502; x_wconf 83' lang='lat' dir='ltr'><strong>Schol.</strong></span> <span class='ocrx_word' id='word_1_6' title='bbox 795 443 882 498; x_wconf 77' lang='lat'><strong>75.</strong></span> <span class='ocrx_word' id='word_1_7' title='bbox 924 442 990 497; x_wconf 84' lang='lat' dir='ltr'><strong>Et</strong></span> <span class='ocrx_word' id='word_1_8' title='bbox 1024 450 1330 498; x_wconf 76' lang='lat' dir='ltr'><strong>revertentes</strong></span> <span class='ocrx_word' id='word_1_9' title='bbox 1362 443 1606 498; x_wconf 73' lang='lat' dir='ltr'><strong>mulieres</strong></span> <span class='ocrx_word' id='word_1_10' title='bbox 1638 442 1897 497; x_wconf 72' lang='lat' dir='ltr'><strong>siluerunt</strong></span> <span class='ocrx_word' id='word_1_11' title='bbox 1930 444 2064 497; x_wconf 82' lang='lat' dir='ltr'><strong>Sab-</strong></span> 
     </span>
    </p>
   </div>
   <div class='ocr_carea' id='block_1_5' title="bbox 2169 438 3760 513">
    <p class='ocr_par' dir='ltr' id='par_1_5' title="bbox 2241 438 3760 513">
     <span class='ocr_line' id='line_1_5' title="bbox 2241 438 3760 513; baseline -0.001 -18"><span class='ocrx_word' id='word_1_12' title='bbox 2241 443 2393 513; x_wconf 82' lang='grc' dir='ltr'>Σχόλ.</span> <span class='ocrx_word' id='word_1_13' title='bbox 2421 448 2514 496; x_wconf 65' lang='grc' dir='ltr'>οεθ.</span> <span class='ocrx_word' id='word_1_14' title='bbox 2557 442 2661 495; x_wconf 69' lang='grc' dir='ltr'><strong>Καὶ</strong></span> <span class='ocrx_word' id='word_1_15' title='bbox 2696 440 3151 509; x_wconf 67' lang='grc' dir='ltr'><strong>ὑποστρέψασαι</strong></span> <span class='ocrx_word' id='word_1_16' title='bbox 3183 441 3244 493; x_wconf 81' lang='grc' dir='ltr'><em>αι</em></span> <span class='ocrx_word' id='word_1_17' title='bbox 3277 438 3555 509; x_wconf 75' lang='grc' dir='ltr'><strong>γυναῖκες</strong></span> <span class='ocrx_word' id='word_1_18' title='bbox 3594 440 3760 509; x_wconf 81' lang='grc' dir='ltr'><strong>ήσύ-</strong></span> 
     </span>
    </p>
   </div>
   <div class='ocr_carea' id='block_1_6' title="bbox 489 536 1325 592">
    <p class='ocr_par' dir='ltr' id='par_1_6' title="bbox 489 536 1325 592">
     <span class='ocr_line' id='line_1_6' title="bbox 489 536 1325 592; baseline -0.006 -1"><span class='ocrx_word' id='word_1_19' title='bbox 489 538 613 592; x_wconf 73' lang='lat' dir='ltr'><strong>bato</strong></span> <span class='ocrx_word' id='word_1_20' title='bbox 638 536 921 592; x_wconf 74' lang='lat' dir='ltr'><strong>secundum</strong></span> <span class='ocrx_word' id='word_1_21' title='bbox 947 536 1260 589; x_wconf 81' lang='lat' dir='ltr'><strong>mandatum</strong></span> <span class='ocrx_word' id='word_1_22' title='bbox 1286 536 1325 587; x_wconf 79' lang='grc' dir='ltr'><strong>ί.</strong></span> 
     </span>
    </p>
   </div>
   <div class='ocr_carea' id='block_1_7' title="bbox 561 625 2066 700">
    <p class='ocr_par' dir='ltr' id='par_1_7' title="bbox 561 625 2066 700">
     <span class='ocr_line' id='line_1_7' title="bbox 561 625 2066 700; baseline -0.004 -16"><span class='ocrx_word' id='word_1_23' title='bbox 561 629 743 684; x_wconf 78' lang='lat' dir='ltr'><strong>Refut.</strong></span> <span class='ocrx_word' id='word_1_24' title='bbox 785 629 873 683; x_wconf 83' lang='lat'><strong>75.</strong></span> <span class='ocrx_word' id='word_1_25' title='bbox 901 625 1073 691; x_wconf 88' lang='lat' dir='ltr'><strong>Unde,</strong></span> <span class='ocrx_word' id='word_1_26' title='bbox 1104 643 1309 700; x_wconf 64' lang='lat' dir='ltr'><strong>quaeso,</strong></span> <span class='ocrx_word' id='word_1_27' title='bbox 1343 628 1599 684; x_wconf 79' lang='lat' dir='ltr'><strong>mulieres</strong></span> <span class='ocrx_word' id='word_1_28' title='bbox 1627 642 1855 683; x_wconf 70' lang='lat' dir='ltr'><strong>reversae</strong></span> <span class='ocrx_word' id='word_1_29' title='bbox 1902 626 2066 681; x_wconf 83' lang='lat' dir='ltr'><strong>sunt?</strong></span> 
     </span>
    </p>
   </div>
   <div class='ocr_carea' id='block_1_8' title="bbox 489 720 2063 783">
    <p class='ocr_par' dir='ltr' id='par_1_8' title="bbox 489 720 2063 783">
     <span class='ocr_line' id='line_1_8' title="bbox 489 720 2063 783; baseline -0.004 -5"><span class='ocrx_word' id='word_1_30' title='bbox 489 734 585 778; x_wconf 88' lang='lat' dir='ltr'><strong>aut</strong></span> <span class='ocrx_word' id='word_1_31' title='bbox 618 739 718 777; x_wconf 93' lang='lat' dir='ltr'><strong>cur</strong></span> <span class='ocrx_word' id='word_1_32' title='bbox 746 722 963 776; x_wconf 92' lang='lat' dir='ltr'><strong>demum</strong></span> <span class='ocrx_word' id='word_1_33' title='bbox 1003 721 1223 776; x_wconf 85' lang='lat' dir='ltr'><strong>siluisse</strong></span> <span class='ocrx_word' id='word_1_34' title='bbox 1268 730 1578 783; x_wconf 89' lang='lat' dir='ltr'><strong>narrantur,</strong></span> <span class='ocrx_word' id='word_1_35' title='bbox 1608 721 1713 776; x_wconf 85' lang='lat' dir='ltr'><strong>nisi</strong></span> <span class='ocrx_word' id='word_1_36' title='bbox 1753 730 1811 773; x_wconf 94' lang='lat' dir='ltr'><strong>ut</strong></span> <span class='ocrx_word' id='word_1_37' title='bbox 1848 720 2063 773; x_wconf 88' lang='lat' dir='ltr'><strong>illarum</strong></span> 
     </span>
    </p>
   </div>
   <div class='ocr_carea' id='block_1_9' title="bbox 490 809 2065 883">
    <p class='ocr_par' dir='ltr' id='par_1_9' title="bbox 490 809 2065 883">
     <span class='ocr_line' id='line_1_9' title="bbox 490 809 2065 883; baseline -0.005 -13"><span class='ocrx_word' id='word_1_38' title='bbox 490 816 823 878; x_wconf 86' lang='lat' dir='ltr'><strong>testimonia,</strong></span> <span class='ocrx_word' id='word_1_39' title='bbox 879 811 1078 883; x_wconf 89' lang='lat' dir='ltr'><strong>quibus</strong></span> <span class='ocrx_word' id='word_1_40' title='bbox 1112 815 1325 868; x_wconf 86' lang='lat' dir='ltr'><strong>insania</strong></span> <span class='ocrx_word' id='word_1_41' title='bbox 1364 823 1455 867; x_wconf 87' lang='lat' dir='ltr'><strong>tua</strong></span> <span class='ocrx_word' id='word_1_42' title='bbox 1507 813 1873 883; x_wconf 88' lang='lat' dir='ltr'><strong>redarguitur,</strong></span> <span class='ocrx_word' id='word_1_43' title='bbox 1916 809 2065 864; x_wconf 84' lang='lat' dir='ltr'><strong>Scri-</strong></span> 
     </span>
    </p>
   </div>
   <div class='ocr_carea' id='block_1_10' title="bbox 488 903 2064 979">
    <p class='ocr_par' dir='ltr' id='par_1_10' title="bbox 488 903 2064 979">
     <span class='ocr_line' id='line_1_10' title="bbox 488 903 2064 979; baseline -0.004 -17"><span class='ocrx_word' id='word_1_44' title='bbox 488 917 651 979; x_wconf 78' lang='lat' dir='ltr'><strong>ptura</strong></span> <span class='ocrx_word' id='word_1_45' title='bbox 694 904 1042 962; x_wconf 73' lang='lat' dir='ltr'><strong>declararet?</strong></span> <span class='ocrx_word' id='word_1_46' title='bbox 1084 903 1225 960; x_wconf 85' lang='lat' dir='ltr'><strong>Ecce</strong></span> <span class='ocrx_word' id='word_1_47' title='bbox 1254 906 1352 961; x_wconf 89' lang='lat' dir='ltr'><strong>tibi</strong></span> <span class='ocrx_word' id='word_1_48' title='bbox 1386 906 1641 960; x_wconf 86' lang='lat' dir='ltr'><strong>mulieres</strong></span> <span class='ocrx_word' id='word_1_49' title='bbox 1678 912 1970 966; x_wconf 73' lang='lat' dir='ltr'><strong>testantur,</strong></span> <span class='ocrx_word' id='word_1_50' title='bbox 2009 910 2064 957; x_wconf 90' lang='lat' dir='ltr'><strong>et</strong></span> 
     </span>
    </p>
   </div>
   <div class='ocr_carea' id='block_1_11' title="bbox 490 995 2063 1070">
    <p class='ocr_par' dir='ltr' id='par_1_11' title="bbox 490 995 2063 1070">
     <span class='ocr_line' id='line_1_11' title="bbox 490 995 2063 1070; baseline -0.003 -17"><span class='ocrx_word' id='word_1_51' title='bbox 490 1000 746 1070; x_wconf 73' lang='lat' dir='ltr'><strong>apostoli,</strong></span> <span class='ocrx_word' id='word_1_52' title='bbox 786 1007 838 1054; x_wconf 91' lang='lat' dir='ltr'><strong>et</strong></span> <span class='ocrx_word' id='word_1_53' title='bbox 877 996 1071 1062; x_wconf 68' lang='lat' dir='ltr'><strong>Judaai,</strong></span> <span class='ocrx_word' id='word_1_54' title='bbox 1121 1006 1176 1053; x_wconf 89' lang='lat' dir='ltr'><strong>et</strong></span> <span class='ocrx_word' id='word_1_55' title='bbox 1231 998 1430 1068; x_wconf 85' lang='lat' dir='ltr'><strong>angeli,</strong></span> <span class='ocrx_word' id='word_1_56' title='bbox 1467 1005 1521 1052; x_wconf 91' lang='lat' dir='ltr'><strong>et</strong></span> <span class='ocrx_word' id='word_1_57' title='bbox 1555 996 1757 1067; x_wconf 81' lang='lat' dir='ltr'><strong>Joseph</strong></span> <span class='ocrx_word' id='word_1_58' title='bbox 1800 997 1937 1063; x_wconf 88' lang='lat' dir='ltr'><strong>ipse,</strong></span> <span class='ocrx_word' id='word_1_59' title='bbox 1970 995 2063 1063; x_wconf 86' lang='lat' dir='ltr'><strong>qui</strong></span> 
     </span>
    </p>
   </div>
   <div class='ocr_carea' id='block_1_12' title="bbox 493 1086 2065 1161">
    <p class='ocr_par' dir='ltr' id='par_1_12' title="bbox 493 1086 2065 1161">
     <span class='ocr_line' id='line_1_12' title="bbox 493 1086 2065 1161; baseline -0.002 -16"><span class='ocrx_word' id='word_1_60' title='bbox 493 1092 781 1146; x_wconf 85' lang='lat' dir='ltr'><strong>tractabile</strong></span> <span class='ocrx_word' id='word_1_61' title='bbox 812 1106 1015 1161; x_wconf 89' lang='lat' dir='ltr'><strong>corpus</strong></span> <span class='ocrx_word' id='word_1_62' title='bbox 1047 1107 1077 1146; x_wconf 91' lang='lat' dir='ltr'><strong>e</strong></span> <span class='ocrx_word' id='word_1_63' title='bbox 1118 1106 1283 1145; x_wconf 88' lang='lat' dir='ltr'><strong>cruce</strong></span> <span class='ocrx_word' id='word_1_64' title='bbox 1316 1090 1559 1152; x_wconf 83' lang='lat' dir='ltr'><strong>demisit,</strong></span> <span class='ocrx_word' id='word_1_65' title='bbox 1592 1097 1647 1143; x_wconf 92' lang='lat' dir='ltr'><strong>et</strong></span> <span class='ocrx_word' id='word_1_66' title='bbox 1666 1088 1928 1143; x_wconf 86' lang='lat' dir='ltr'><strong>obvolvit.</strong></span> <span class='ocrx_word' id='word_1_67' title='bbox 1959 1086 2065 1142; x_wconf 85' lang='lat' dir='ltr'><strong>Ve-</strong></span> 
     </span>
    </p>
   </div>
   <div class='ocr_carea' id='block_1_13' title="bbox 490 1176 2065 1251">
    <p class='ocr_par' dir='ltr' id='par_1_13' title="bbox 490 1176 2065 1251">
     <span class='ocr_line' id='line_1_13' title="bbox 490 1176 2065 1251; baseline -0.003 -16"><span class='ocrx_word' id='word_1_68' title='bbox 490 1197 614 1235; x_wconf 90' lang='lat' dir='ltr'><strong>rum</strong></span> <span class='ocrx_word' id='word_1_69' title='bbox 661 1182 777 1251; x_wconf 73' lang='lat' dir='ltr'><strong>quis</strong></span> <span class='ocrx_word' id='word_1_70' title='bbox 816 1198 935 1235; x_wconf 88' lang='lat' dir='ltr'><strong>eum</strong></span> <span class='ocrx_word' id='word_1_71' title='bbox 977 1182 1230 1250; x_wconf 82' lang='lat' dir='ltr'><strong>corrigat,</strong></span> <span class='ocrx_word' id='word_1_72' title='bbox 1257 1181 1347 1249; x_wconf 90' lang='lat' dir='ltr'><strong>qui</strong></span> <span class='ocrx_word' id='word_1_73' title='bbox 1377 1180 1604 1246; x_wconf 74' lang='lat' dir='ltr'><strong>seipsum</strong></span> <span class='ocrx_word' id='word_1_74' title='bbox 1633 1194 1727 1231; x_wconf 78' lang='lat' dir='ltr'><strong>suo</strong></span> <span class='ocrx_word' id='word_1_75' title='bbox 1756 1176 1963 1246; x_wconf 79' lang='lat' dir='ltr'><strong>judicio</strong></span> <span class='ocrx_word' id='word_1_76' title='bbox 2002 1193 2065 1231; x_wconf 82' lang='lat' dir='ltr'><strong>ac</strong></span> 
     </span>
    </p>
   </div>
   <div class='ocr_carea' id='block_1_14' title="bbox 490 1270 1783 1342">
    <p class='ocr_par' dir='ltr' id='par_1_14' title="bbox 490 1270 1783 1342">
     <span class='ocr_line' id='line_1_14' title="bbox 490 1270 1783 1342; baseline -0.004 -14"><span class='ocrx_word' id='word_1_77' title='bbox 490 1274 755 1328; x_wconf 81' lang='lat' dir='ltr'><strong>voluntate</strong></span> <span class='ocrx_word' id='word_1_78' title='bbox 782 1274 1068 1342; x_wconf 78' lang='lat' dir='ltr'><strong>pervertit?</strong></span> <span class='ocrx_word' id='word_1_79' title='bbox 1093 1273 1169 1325; x_wconf 89' lang='lat' dir='ltr'><strong>uti</strong></span> <span class='ocrx_word' id='word_1_80' title='bbox 1194 1272 1457 1341; x_wconf 75' lang='lat' dir='ltr'><strong>scriptum</strong></span> <span class='ocrx_word' id='word_1_81' title='bbox 1494 1270 1783 1341; x_wconf 80' lang='lat' dir='ltr'><strong>legimus‘.</strong></span> 
     </span>
    </p>
   </div>
   <div class='ocr_carea' id='block_1_15' title="bbox 562 1359 2065 1435">
    <p class='ocr_par' dir='ltr' id='par_1_15' title="bbox 562 1359 2065 1435">
     <span class='ocr_line' id='line_1_15' title="bbox 562 1359 2065 1435; baseline -0.003 -17"><span class='ocrx_word' id='word_1_82' title='bbox 562 1364 743 1419; x_wconf 82' lang='lat' dir='ltr'><strong>Schol.</strong></span> <span class='ocrx_word' id='word_1_83' title='bbox 778 1364 867 1419; x_wconf 88' lang='lat'><strong>76.</strong></span> <span class='ocrx_word' id='word_1_84' title='bbox 910 1364 1169 1419; x_wconf 76' lang='lat' dir='ltr'><strong>Dixerunt</strong></span> <span class='ocrx_word' id='word_1_85' title='bbox 1198 1366 1287 1435; x_wconf 90' lang='lat' dir='ltr'><strong>qui</strong></span> <span class='ocrx_word' id='word_1_86' title='bbox 1312 1373 1464 1417; x_wconf 85' lang='lat' dir='ltr'><strong>erant</strong></span> <span class='ocrx_word' id='word_1_87' title='bbox 1490 1364 1544 1417; x_wconf 80' lang='lat' dir='ltr'><strong>in</strong></span> <span class='ocrx_word' id='word_1_88' title='bbox 1572 1372 1708 1417; x_wconf 77' lang='lat' dir='ltr'><strong>veste</strong></span> <span class='ocrx_word' id='word_1_89' title='bbox 1740 1362 1863 1416; x_wconf 85' lang='lat' dir='ltr'><strong>alba</strong></span> <span class='ocrx_word' id='word_1_90' title='bbox 1884 1378 1901 1415; x_wconf 93' lang='lat'><strong><em>:</em></strong></span> <span class='ocrx_word' id='word_1_91' title='bbox 1924 1359 2065 1427; x_wconf 84' lang='lat' dir='ltr'><strong>Quid</strong></span> 
     </span>
    </p>
   </div>
   <div class='ocr_carea' id='block_1_16' title="bbox 488 1454 2065 1528">
    <p class='ocr_par' dir='ltr' id='par_1_16' title="bbox 488 1454 2065 1528">
     <span class='ocr_line' id='line_1_16' title="bbox 488 1454 2065 1528; baseline -0.003 -17"><span class='ocrx_word' id='word_1_92' title='bbox 488 1458 725 1528; x_wconf 68' lang='lat' dir='ltr'><strong>quaeritis</strong></span> <span class='ocrx_word' id='word_1_93' title='bbox 759 1459 1007 1512; x_wconf 87' lang='lat' dir='ltr'><strong>viventem</strong></span> <span class='ocrx_word' id='word_1_94' title='bbox 1051 1474 1169 1511; x_wconf 79' lang='lat' dir='ltr'><strong>cum</strong></span> <span class='ocrx_word' id='word_1_95' title='bbox 1218 1457 1477 1511; x_wconf 74' lang='lat' dir='ltr'><strong>mortuis!</strong></span> <span class='ocrx_word' id='word_1_96' title='bbox 1505 1454 1769 1510; x_wconf 73' lang='lat' dir='ltr'><strong>Surrexit.</strong></span> <span class='ocrx_word' id='word_1_97' title='bbox 1799 1454 2065 1508; x_wconf 85' lang='lat' dir='ltr'><strong>Recorda-</strong></span> 
     </span>
    </p>
   </div>
   <div class='ocr_carea' id='block_1_17' title="bbox 492 1546 2066 1619">
    <p class='ocr_par' dir='ltr' id='par_1_17' title="bbox 492 1546 2066 1619">
     <span class='ocr_line' id='line_1_17' title="bbox 492 1546 2066 1619; baseline -0.001 -19"><span class='ocrx_word' id='word_1_98' title='bbox 492 1549 619 1601; x_wconf 88' lang='lat' dir='ltr'><strong>mini</strong></span> <span class='ocrx_word' id='word_1_99' title='bbox 667 1565 783 1619; x_wconf 75' lang='lat' dir='ltr'><strong>qua:</strong></span> <span class='ocrx_word' id='word_1_100' title='bbox 824 1549 1029 1603; x_wconf 73' lang='lat' dir='ltr'><strong>locutus</strong></span> <span class='ocrx_word' id='word_1_101' title='bbox 1078 1558 1177 1612; x_wconf 74' lang='lat' dir='ltr'><strong>est,</strong></span> <span class='ocrx_word' id='word_1_102' title='bbox 1223 1565 1343 1602; x_wconf 84' lang='lat' dir='ltr'><strong>cum</strong></span> <span class='ocrx_word' id='word_1_103' title='bbox 1390 1548 1561 1600; x_wconf 84' lang='lat' dir='ltr'><strong>adhuc</strong></span> <span class='ocrx_word' id='word_1_104' title='bbox 1605 1546 2066 1613; x_wconf 72' lang='lat' dir='ltr'><strong>esset:Quoniam</strong></span> 
     </span>
    </p>
   </div>
   <div class='ocr_carea' id='block_1_18' title="bbox 489 1638 1585 1708">
    <p class='ocr_par' dir='ltr' id='par_1_18' title="bbox 489 1638 1585 1708">
     <span class='ocr_line' id='line_1_18' title="bbox 489 1638 1585 1708; baseline 0.004 -16"><span class='ocrx_word' id='word_1_105' title='bbox 489 1649 690 1707; x_wconf 84' lang='lat' dir='ltr'><strong>oportet</strong></span> <span class='ocrx_word' id='word_1_106' title='bbox 720 1640 890 1708; x_wconf 76' lang='lat' dir='ltr'><strong>filium</strong></span> <span class='ocrx_word' id='word_1_107' title='bbox 915 1640 1142 1693; x_wconf 73' lang='lat' dir='ltr'><strong>hominis</strong></span> <span class='ocrx_word' id='word_1_108' title='bbox 1169 1641 1282 1707; x_wconf 88' lang='lat' dir='ltr'><strong>pati</strong></span> <span class='ocrx_word' id='word_1_109' title='bbox 1307 1649 1355 1692; x_wconf 90' lang='lat' dir='ltr'><strong>et</strong></span> <span class='ocrx_word' id='word_1_110' title='bbox 1378 1638 1521 1693; x_wconf 84' lang='lat' dir='ltr'><strong>tradi</strong></span> <span class='ocrx_word' id='word_1_111' title='bbox 1542 1638 1585 1696; x_wconf 85' lang='grc'>³.</span> 
     </span>
    </p>
   </div>
   <div class='ocr_carea' id='block_1_19' title="bbox 561 1779 2143 1878">
    <p class='ocr_par' dir='ltr' id='par_1_19' title="bbox 561 1779 2143 1878">
     <span class='ocr_line' id='line_1_19' title="bbox 561 1779 2143 1878; baseline -0.001 -16"><span class='ocrx_word' id='word_1_112' title='bbox 561 1808 742 1865; x_wconf 80' lang='lat' dir='ltr'><strong>Refnt.</strong></span> <span class='ocrx_word' id='word_1_113' title='bbox 788 1808 873 1862; x_wconf 86' lang='lat'><strong>76.</strong></span> <span class='ocrx_word' id='word_1_114' title='bbox 914 1807 1100 1863; x_wconf 82' lang='lat' dir='ltr'><strong>Fidem</strong></span> <span class='ocrx_word' id='word_1_115' title='bbox 1155 1808 1253 1862; x_wconf 89' lang='lat' dir='ltr'><strong>tibi</strong></span> <span class='ocrx_word' id='word_1_116' title='bbox 1291 1807 1467 1862; x_wconf 78' lang='lat' dir='ltr'><strong>facere</strong></span> <span class='ocrx_word' id='word_1_117' title='bbox 1518 1824 1587 1863; x_wconf 88' lang='lat' dir='ltr'><strong>ne</strong></span> <span class='ocrx_word' id='word_1_118' title='bbox 1631 1807 1806 1878; x_wconf 82' lang='lat' dir='ltr'><strong>angeli</strong></span> <span class='ocrx_word' id='word_1_119' title='bbox 1844 1808 2061 1878; x_wconf 88' lang='lat' dir='ltr'><strong>quidem</strong></span> <span class='ocrx_word' id='word_1_120' title='bbox 2095 1779 2143 1841; x_wconf 68' lang='grc' dir='ltr'><strong>Β</strong></span> 
     </span>
    </p>
   </div>
   <div class='ocr_carea' id='block_1_20' title="bbox 491 1898 2065 1974">
    <p class='ocr_par' dir='ltr' id='par_1_20' title="bbox 491 1898 2065 1974">
     <span class='ocr_line' id='line_1_20' title="bbox 491 1898 2065 1974; baseline -0.005 -15"><span class='ocrx_word' id='word_1_121' title='bbox 491 1905 582 1961; x_wconf 89' lang='lat' dir='ltr'><strong>isti</strong></span> <span class='ocrx_word' id='word_1_122' title='bbox 606 1910 855 1974; x_wconf 88' lang='lat' dir='ltr'><strong>possunt,</strong></span> <span class='ocrx_word' id='word_1_123' title='bbox 881 1917 913 1955; x_wconf 92' lang='grc' dir='ltr'>ο</span> <span class='ocrx_word' id='word_1_124' title='bbox 933 1900 1162 1954; x_wconf 83' lang='lat' dir='ltr'><strong>Marcio!</strong></span> <span class='ocrx_word' id='word_1_125' title='bbox 1189 1900 1317 1953; x_wconf 91' lang='lat' dir='ltr'><strong>dum</strong></span> <span class='ocrx_word' id='word_1_126' title='bbox 1346 1900 1523 1968; x_wconf 89' lang='lat' dir='ltr'><strong>ipsum</strong></span> <span class='ocrx_word' id='word_1_127' title='bbox 1551 1898 1732 1953; x_wconf 84' lang='lat' dir='ltr'><strong>triduo</strong></span> <span class='ocrx_word' id='word_1_128' title='bbox 1756 1900 1897 1953; x_wconf 89' lang='lat' dir='ltr'><strong>inter</strong></span> <span class='ocrx_word' id='word_1_129' title='bbox 1918 1914 2065 1952; x_wconf 92' lang='lat' dir='ltr'><strong>mor-</strong></span> 
     </span>
    </p>
   </div>
   <div class='ocr_carea' id='block_1_21' title="bbox 490 1990 2065 2062">
    <p class='ocr_par' dir='ltr' id='par_1_21' title="bbox 490 1990 2065 2062">
     <span class='ocr_line' id='line_1_21' title="bbox 490 1990 2065 2062; baseline -0.003 -11"><span class='ocrx_word' id='word_1_130' title='bbox 490 2008 615 2051; x_wconf 92' lang='lat' dir='ltr'><strong>tuos</strong></span> <span class='ocrx_word' id='word_1_131' title='bbox 648 2000 926 2049; x_wconf 82' lang='lat' dir='ltr'><strong>versatum</strong></span> <span class='ocrx_word' id='word_1_132' title='bbox 964 2007 1086 2047; x_wconf 84' lang='lat' dir='ltr'><strong>esse</strong></span> <span class='ocrx_word' id='word_1_133' title='bbox 1133 1990 1449 2060; x_wconf 62' lang='lat' dir='ltr'><strong>praedicant,</strong></span> <span class='ocrx_word' id='word_1_134' title='bbox 1477 1990 1839 2061; x_wconf 91' lang='lat' dir='ltr'><strong>eumdemque</strong></span> <span class='ocrx_word' id='word_1_135' title='bbox 1878 1999 2065 2062; x_wconf 87' lang='lat' dir='ltr'><strong>postea</strong></span> 
     </span>
    </p>
   </div>
   <div class='ocr_carea' id='block_1_22' title="bbox 492 2081 2066 2152">
    <p class='ocr_par' dir='ltr' id='par_1_22' title="bbox 492 2081 2066 2152">
     <span class='ocr_line' id='line_1_22' title="bbox 492 2081 2066 2152; baseline -0.003 -10"><span class='ocrx_word' id='word_1_136' title='bbox 492 2086 816 2151; x_wconf 85' lang='lat' dir='ltr'><strong>redivivum,</strong></span> <span class='ocrx_word' id='word_1_137' title='bbox 864 2098 964 2138; x_wconf 90' lang='lat' dir='ltr'><strong>nec</strong></span> <span class='ocrx_word' id='word_1_138' title='bbox 1006 2082 1239 2152; x_wconf 84' lang='lat' dir='ltr'><strong>amplius</strong></span> <span class='ocrx_word' id='word_1_139' title='bbox 1289 2089 1595 2141; x_wconf 85' lang='lat' dir='ltr'><strong>mortuum;</strong></span> <span class='ocrx_word' id='word_1_140' title='bbox 1641 2082 1733 2151; x_wconf 91' lang='lat' dir='ltr'><strong>qui</strong></span> <span class='ocrx_word' id='word_1_141' title='bbox 1782 2081 2066 2137; x_wconf 83' lang='lat' dir='ltr'><strong>divinitate</strong></span> 
     </span>
    </p>
   </div>
   <div class='ocr_carea' id='block_1_23' title="bbox 491 2173 2067 2247">
    <p class='ocr_par' dir='ltr' id='par_1_23' title="bbox 491 2173 2067 2247">
     <span class='ocr_line' id='line_1_23' title="bbox 491 2173 2067 2247; baseline -0.003 -15"><span class='ocrx_word' id='word_1_142' title='bbox 491 2179 711 2247; x_wconf 88' lang='lat' dir='ltr'><strong>quidem</strong></span> <span class='ocrx_word' id='word_1_143' title='bbox 769 2177 888 2245; x_wconf 90' lang='lat' dir='ltr'><strong>ipsa</strong></span> <span class='ocrx_word' id='word_1_144' title='bbox 936 2181 1199 2245; x_wconf 79' lang='lat' dir='ltr'><strong>perpetuo</strong></span> <span class='ocrx_word' id='word_1_145' title='bbox 1252 2173 1421 2239; x_wconf 81' lang='lat' dir='ltr'><strong>vivat,</strong></span> <span class='ocrx_word' id='word_1_146' title='bbox 1479 2188 1655 2243; x_wconf 89' lang='lat' dir='ltr'><strong>neque</strong></span> <span class='ocrx_word' id='word_1_147' title='bbox 1708 2182 1938 2228; x_wconf 88' lang='lat' dir='ltr'><strong>mortem</strong></span> <span class='ocrx_word' id='word_1_148' title='bbox 1996 2174 2067 2227; x_wconf 90' lang='lat' dir='ltr'><strong>sit</strong></span> 
     </span>
    </p>
   </div>
   <div class='ocr_carea' id='block_1_24' title="bbox 489 2264 2067 2339">
    <p class='ocr_par' dir='ltr' id='par_1_24' title="bbox 489 2264 2067 2339">
     <span class='ocr_line' id='line_1_24' title="bbox 489 2264 2067 2339; baseline -0.001 -18"><span class='ocrx_word' id='word_1_149' title='bbox 489 2276 748 2339; x_wconf 76' lang='lat' dir='ltr'><strong>exp-rtus</strong></span> <span class='ocrx_word' id='word_1_150' title='bbox 776 2264 1089 2336; x_wconf 79' lang='lat' dir='ltr'><strong>aliquando,</strong></span> <span class='ocrx_word' id='word_1_151' title='bbox 1128 2279 1295 2318; x_wconf 89' lang='lat' dir='ltr'><strong>carne</strong></span> <span class='ocrx_word' id='word_1_152' title='bbox 1326 2278 1457 2318; x_wconf 84' lang='lat' dir='ltr'><strong>vero</strong></span> <span class='ocrx_word' id='word_1_153' title='bbox 1486 2264 1670 2318; x_wconf 88' lang='lat' dir='ltr'><strong>triduo</strong></span> <span class='ocrx_word' id='word_1_154' title='bbox 1711 2274 1960 2319; x_wconf 90' lang='lat' dir='ltr'><strong>mortuus</strong></span> <span class='ocrx_word' id='word_1_155' title='bbox 1980 2267 2067 2334; x_wconf 86' lang='lat' dir='ltr'><strong>ja-</strong></span> 
     </span>
    </p>
   </div>
   <div class='ocr_carea' id='block_1_25' title="bbox 491 2353 2066 2425">
    <p class='ocr_par' dir='ltr' id='par_1_25' title="bbox 491 2353 2066 2425">
     <span class='ocr_line' id='line_1_25' title="bbox 491 2353 2066 2425; baseline -0.001 -12"><span class='ocrx_word' id='word_1_156' title='bbox 491 2362 685 2425; x_wconf 89' lang='lat' dir='ltr'><strong>cuerit,</strong></span> <span class='ocrx_word' id='word_1_157' title='bbox 726 2375 790 2411; x_wconf 87' lang='lat' dir='ltr'><strong>ae</strong></span> <span class='ocrx_word' id='word_1_158' title='bbox 820 2358 998 2412; x_wconf 89' lang='lat' dir='ltr'><strong>denuo</strong></span> <span class='ocrx_word' id='word_1_159' title='bbox 1030 2356 1209 2410; x_wconf 84' lang='lat' dir='ltr'><strong>vivere</strong></span> <span class='ocrx_word' id='word_1_160' title='bbox 1231 2355 1478 2424; x_wconf 70' lang='lat' dir='ltr'><strong>cmperit.</strong></span> <span class='ocrx_word' id='word_1_161' title='bbox 1516 2353 1607 2409; x_wconf 89' lang='lat' dir='ltr'><strong>Sic</strong></span> <span class='ocrx_word' id='word_1_162' title='bbox 1632 2355 1776 2410; x_wconf 90' lang='lat' dir='ltr'><strong>enim</strong></span> <span class='ocrx_word' id='word_1_163' title='bbox 1812 2357 2066 2411; x_wconf 76' lang='lat' dir='ltr'><strong>mulieres</strong></span> 
     </span>
    </p>
   </div>
   <div class='ocr_carea' id='block_1_26' title="bbox 492 2445 2066 2520">
    <p class='ocr_par' dir='ltr' id='par_1_26' title="bbox 492 2445 2066 2520">
     <span class='ocr_line' id='line_1_26' title="bbox 492 2445 2066 2520; baseline -0.003 -15"><span class='ocrx_word' id='word_1_164' title='bbox 492 2452 886 2520; x_wconf 90' lang='lat' dir='ltr'><strong>alloquuntur:</strong></span> <span class='ocrx_word' id='word_1_165' title='bbox 917 2448 1199 2511; x_wconf 75' lang='lat' dir='ltr'><strong>Surrexit;</strong></span> <span class='ocrx_word' id='word_1_166' title='bbox 1254 2462 1357 2499; x_wconf 84' lang='lat' dir='ltr'><strong>non</strong></span> <span class='ocrx_word' id='word_1_167' title='bbox 1416 2454 1494 2499; x_wconf 78' lang='lat' dir='ltr'><strong>est</strong></span> <span class='ocrx_word' id='word_1_168' title='bbox 1539 2445 1643 2499; x_wconf 86' lang='lat' dir='ltr'><strong>hic.</strong></span> <span class='ocrx_word' id='word_1_169' title='bbox 1699 2445 1840 2511; x_wconf 89' lang='lat' dir='ltr'><strong>Quid</strong></span> <span class='ocrx_word' id='word_1_170' title='bbox 1888 2455 2066 2501; x_wconf 91' lang='lat' dir='ltr'><strong>autem</strong></span> 
     </span>
    </p>
   </div>
   <div class='ocr_carea' id='block_1_27' title="bbox 492 2536 2068 2611">
    <p class='ocr_par' dir='ltr' id='par_1_27' title="bbox 492 2536 2068 2611">
     <span class='ocr_line' id='line_1_27' title="bbox 492 2536 2068 2611; baseline -0.004 -14"><span class='ocrx_word' id='word_1_171' title='bbox 492 2542 639 2597; x_wconf 86' lang='lat' dir='ltr'><strong>aliud</strong></span> <span class='ocrx_word' id='word_1_172' title='bbox 665 2541 921 2611; x_wconf 79' lang='lat' dir='ltr'><strong>surgendi</strong></span> <span class='ocrx_word' id='word_1_173' title='bbox 962 2556 1089 2603; x_wconf 79' lang='lat' dir='ltr'><strong>vox,</strong></span> <span class='ocrx_word' id='word_1_174' title='bbox 1128 2538 1233 2591; x_wconf 85' lang='lat' dir='ltr'><strong>nisi</strong></span> <span class='ocrx_word' id='word_1_175' title='bbox 1255 2552 1378 2591; x_wconf 91' lang='lat' dir='ltr'><strong>eum</strong></span> <span class='ocrx_word' id='word_1_176' title='bbox 1419 2536 1713 2591; x_wconf 87' lang='lat' dir='ltr'><strong>dormiisse</strong></span> <span class='ocrx_word' id='word_1_177' title='bbox 1756 2538 2068 2607; x_wconf 81' lang='lat' dir='ltr'><strong>signiﬁcat?</strong></span> 
     </span>
    </p>
   </div>
   <div class='ocr_carea' id='block_1_28' title="bbox 492 2628 2069 2703">
    <p class='ocr_par' dir='ltr' id='par_1_28' title="bbox 492 2628 2069 2703">
     <span class='ocr_line' id='line_1_28' title="bbox 492 2628 2069 2703; baseline -0.003 -15"><span class='ocrx_word' id='word_1_178' title='bbox 492 2635 649 2701; x_wconf 82' lang='lat' dir='ltr'><strong>Quod</strong></span> <span class='ocrx_word' id='word_1_179' title='bbox 691 2634 907 2703; x_wconf 89' lang='lat' dir='ltr'><strong>quidem</strong></span> <span class='ocrx_word' id='word_1_180' title='bbox 949 2629 1292 2685; x_wconf 75' lang='lat' dir='ltr'><strong>manifestius</strong></span> <span class='ocrx_word' id='word_1_181' title='bbox 1332 2636 1518 2699; x_wconf 89' lang='lat' dir='ltr'><strong>postea</strong></span> <span class='ocrx_word' id='word_1_182' title='bbox 1550 2628 1851 2683; x_wconf 75' lang='lat' dir='ltr'><strong>declarant.</strong></span> <span class='ocrx_word' id='word_1_183' title='bbox 1886 2630 2069 2684; x_wconf 78' lang='lat' dir='ltr'><strong>Recor-</strong></span> 
     </span>
    </p>
   </div>
   <div class='ocr_carea' id='block_1_29' title="bbox 2166 533 3346 603">
    <p class='ocr_par' dir='ltr' id='par_1_29' title="bbox 2166 533 3346 603">
     <span class='ocr_line' id='line_1_29' title="bbox 2166 533 3346 603; baseline -0.003 -16"><span class='ocrx_word' id='word_1_184' title='bbox 2166 551 2366 603; x_wconf 87' lang='grc' dir='ltr'><em>χασαν</em></span> <span class='ocrx_word' id='word_1_185' title='bbox 2402 533 2467 586; x_wconf 84' lang='grc' dir='ltr'><em>τὸ</em></span> <span class='ocrx_word' id='word_1_186' title='bbox 2500 534 2802 586; x_wconf 76' lang='grc' dir='ltr'><em>σάϐϐατον</em></span> <span class='ocrx_word' id='word_1_187' title='bbox 2825 534 2975 586; x_wconf 85' lang='grc' dir='ltr'><em>κατὰ</em></span> <span class='ocrx_word' id='word_1_188' title='bbox 3005 533 3112 585; x_wconf 88' lang='grc' dir='ltr'><em>τὸν</em></span> <span class='ocrx_word' id='word_1_189' title='bbox 3139 533 3346 599; x_wconf 80' lang='grc' dir='ltr'><em>νόμον.</em></span> 
     </span>
    </p>
   </div>
   <div class='ocr_carea' id='block_1_30' title="bbox 2241 621 3757 696">
    <p class='ocr_par' dir='ltr' id='par_1_30' title="bbox 2241 621 3757 696">
     <span class='ocr_line' id='line_1_30' title="bbox 2241 621 3757 696; baseline -0.004 -18"><span class='ocrx_word' id='word_1_190' title='bbox 2241 626 2457 694; x_wconf 82' lang='grc' dir='ltr'>Ἐλεγχ.</span> <span class='ocrx_word' id='word_1_191' title='bbox 2490 632 2582 678; x_wconf 81' lang='grc' dir='ltr'>σε’.</span> <span class='ocrx_word' id='word_1_192' title='bbox 2620 624 2789 677; x_wconf 80' lang='grc' dir='ltr'><strong>Πόθεν</strong></span> <span class='ocrx_word' id='word_1_193' title='bbox 2815 622 3157 696; x_wconf 69' lang='grc' dir='ltr'><strong>ὑπέστρεψαν</strong></span> <span class='ocrx_word' id='word_1_194' title='bbox 3177 624 3232 676; x_wconf 85' lang='grc' dir='ltr'>αἱ</span> <span class='ocrx_word' id='word_1_195' title='bbox 3257 624 3547 690; x_wconf 85' lang='grc' dir='ltr'>γυναῖκες;</span> <span class='ocrx_word' id='word_1_196' title='bbox 3583 621 3670 673; x_wconf 74' lang='grc' dir='ltr'><strong>διὰ</strong></span> <span class='ocrx_word' id='word_1_197' title='bbox 3696 622 3757 673; x_wconf 79' lang='grc' dir='ltr'><strong>τί</strong></span> 
     </span>
    </p>
   </div>
   <div class='ocr_carea' id='block_1_31' title="bbox 2164 712 3754 787">
    <p class='ocr_par' dir='ltr' id='par_1_31' title="bbox 2164 712 3754 787">
     <span class='ocr_line' id='line_1_31' title="bbox 2164 712 3754 787; baseline -0.001 -18"><span class='ocrx_word' id='word_1_198' title='bbox 2164 717 2349 770; x_wconf 78' lang='grc' dir='ltr'>δὲκαὶ</span> <span class='ocrx_word' id='word_1_199' title='bbox 2396 717 2458 769; x_wconf 78' lang='grc' dir='ltr'>τὸ</span> <span class='ocrx_word' id='word_1_200' title='bbox 2501 717 2779 787; x_wconf 76' lang='grc' dir='ltr'>ἡσύχασαν</span> <span class='ocrx_word' id='word_1_201' title='bbox 2830 715 3173 787; x_wconf 85' lang='grc' dir='ltr'>γέγραπται;</span> <span class='ocrx_word' id='word_1_202' title='bbox 3218 713 3332 766; x_wconf 85' lang='grc' dir='ltr'>ἀλλ’</span> <span class='ocrx_word' id='word_1_203' title='bbox 3379 713 3466 765; x_wconf 81' lang='grc' dir='ltr'>ἵνα</span> <span class='ocrx_word' id='word_1_204' title='bbox 3507 712 3657 785; x_wconf 77' lang='grc' dir='ltr'>δείξῃ</span> <span class='ocrx_word' id='word_1_205' title='bbox 3712 714 3754 782; x_wconf 85' lang='grc' dir='ltr'><strong>ἡ</strong></span> 
     </span>
    </p>
   </div>
   <div class='ocr_carea' id='block_1_32' title="bbox 2165 804 3754 878">
    <p class='ocr_par' dir='ltr' id='par_1_32' title="bbox 2165 804 3754 878">
     <span class='ocr_line' id='line_1_32' title="bbox 2165 804 3754 878; baseline -0.003 -19"><span class='ocrx_word' id='word_1_206' title='bbox 2165 806 2353 878; x_wconf 68' lang='grc' dir='ltr'>Γραφὴ</span> <span class='ocrx_word' id='word_1_207' title='bbox 2386 807 2481 877; x_wconf 84' lang='grc' dir='ltr'>τὴν</span> <span class='ocrx_word' id='word_1_208' title='bbox 2537 806 2717 861; x_wconf 79' lang='grc' dir='ltr'>αὐτῶν</span> <span class='ocrx_word' id='word_1_209' title='bbox 2764 806 3092 877; x_wconf 77' lang='grc' dir='ltr'><strong>μαρτυρίαν,</strong></span> <span class='ocrx_word' id='word_1_210' title='bbox 3142 805 3469 875; x_wconf 85' lang='grc' dir='ltr'>ὲλέγχουσάν</span> <span class='ocrx_word' id='word_1_211' title='bbox 3506 822 3597 857; x_wconf 92' lang='grc' dir='ltr'><strong>σου</strong></span> <span class='ocrx_word' id='word_1_212' title='bbox 3645 804 3754 874; x_wconf 79' lang='grc' dir='ltr'>τὴν</span> 
     </span>
    </p>
   </div>
   <div class='ocr_carea' id='block_1_33' title="bbox 2164 891 3753 968">
    <p class='ocr_par' dir='ltr' id='par_1_33' title="bbox 2164 891 3753 968">
     <span class='ocr_line' id='line_1_33' title="bbox 2164 891 3753 968; baseline -0.004 -16"><span class='ocrx_word' id='word_1_213' title='bbox 2164 899 2368 963; x_wconf 79' lang='grc' dir='ltr'>ἄνοιαν,</span> <span class='ocrx_word' id='word_1_214' title='bbox 2397 891 2442 951; x_wconf 81' lang='grc' dir='ltr'>ὦ</span> <span class='ocrx_word' id='word_1_215' title='bbox 2480 897 2765 968; x_wconf 82' lang='grc' dir='ltr'>Μαρκίων.</span> <span class='ocrx_word' id='word_1_216' title='bbox 2805 897 2935 950; x_wconf 80' lang='grc' dir='ltr'>Ἰδοὺ</span> <span class='ocrx_word' id='word_1_217' title='bbox 2964 896 3072 965; x_wconf 83' lang='grc' dir='ltr'>γὰρ</span> <span class='ocrx_word' id='word_1_218' title='bbox 3107 897 3201 948; x_wconf 79' lang='grc' dir='ltr'><strong>καὶ</strong></span> <span class='ocrx_word' id='word_1_219' title='bbox 3230 899 3487 964; x_wconf 85' lang='grc' dir='ltr'>γυναῖκες</span> <span class='ocrx_word' id='word_1_220' title='bbox 3531 912 3753 965; x_wconf 83' lang='grc' dir='ltr'>μαρτυ-</span> 
     </span>
    </p>
   </div>
   <div class='ocr_carea' id='block_1_34' title="bbox 2166 985 3747 1061">
    <p class='ocr_par' dir='ltr' id='par_1_34' title="bbox 2166 985 3747 1061">
     <span class='ocr_line' id='line_1_34' title="bbox 2166 985 3747 1061; baseline -0.003 -21"><span class='ocrx_word' id='word_1_221' title='bbox 2166 988 2320 1061; x_wconf 79' lang='grc' dir='ltr'>ροῦσι</span> <span class='ocrx_word' id='word_1_222' title='bbox 2346 1032 2361 1055; x_wconf 89' lang='grc'><em>,</em></span> <span class='ocrx_word' id='word_1_223' title='bbox 2403 989 2497 1042; x_wconf 68' lang='grc' dir='ltr'><strong>καὶ</strong></span> <span class='ocrx_word' id='word_1_224' title='bbox 2553 987 2860 1050; x_wconf 81' lang='grc' dir='ltr'><strong>ἀπόστολοι,</strong></span> <span class='ocrx_word' id='word_1_225' title='bbox 2918 988 3015 1040; x_wconf 78' lang='grc' dir='ltr'>καὶ</span> <span class='ocrx_word' id='word_1_226' title='bbox 3064 986 3325 1049; x_wconf 82' lang='grc' dir='ltr'>Ἰουδαῖοι,</span> <span class='ocrx_word' id='word_1_227' title='bbox 3373 985 3467 1039; x_wconf 77' lang='grc' dir='ltr'><strong>καὶ</strong></span> <span class='ocrx_word' id='word_1_228' title='bbox 3502 986 3747 1053; x_wconf 78' lang='grc' dir='ltr'>ἄγγελοι,</span> 
     </span>
    </p>
   </div>
   <div class='ocr_carea' id='block_1_35' title="bbox 2166 1074 3752 1148">
    <p class='ocr_par' dir='ltr' id='par_1_35' title="bbox 2166 1074 3752 1148">
     <span class='ocr_line' id='line_1_35' title="bbox 2166 1074 3752 1148; baseline -0.004 -17"><span class='ocrx_word' id='word_1_229' title='bbox 2166 1081 2261 1131; x_wconf 68' lang='grc' dir='ltr'><strong>καὶ</strong></span> <span class='ocrx_word' id='word_1_230' title='bbox 2303 1078 2500 1148; x_wconf 81' lang='grc' dir='ltr'>Ἰωσὴφ</span> <span class='ocrx_word' id='word_1_231' title='bbox 2527 1080 2554 1131; x_wconf 85' lang='grc' dir='ltr'>ὁ</span> <span class='ocrx_word' id='word_1_232' title='bbox 2592 1077 2909 1148; x_wconf 74' lang='grc' dir='ltr'>ψηλαφητὸν</span> <span class='ocrx_word' id='word_1_233' title='bbox 2940 1077 3109 1139; x_wconf 80' lang='grc' dir='ltr'>ὅντως</span> <span class='ocrx_word' id='word_1_234' title='bbox 3151 1076 3311 1146; x_wconf 84' lang='grc' dir='ltr'>σῶμα</span> <span class='ocrx_word' id='word_1_235' title='bbox 3359 1074 3617 1139; x_wconf 85' lang='grc' dir='ltr'>καθελὼν,</span> <span class='ocrx_word' id='word_1_236' title='bbox 3650 1076 3752 1126; x_wconf 76' lang='grc' dir='ltr'>καὶ</span> 
     </span>
    </p>
   </div>
   <div class='ocr_carea' id='block_1_36' title="bbox 2165 1166 3752 1238">
    <p class='ocr_par' dir='ltr' id='par_1_36' title="bbox 2165 1166 3752 1238">
     <span class='ocr_line' id='line_1_36' title="bbox 2165 1166 3752 1238; baseline -0.001 -19"><span class='ocrx_word' id='word_1_237' title='bbox 2165 1168 2465 1238; x_wconf 78' lang='grc' dir='ltr'>ὲνειλήσας.</span> <span class='ocrx_word' id='word_1_238' title='bbox 2508 1169 2601 1233; x_wconf 83' lang='grc' dir='ltr'><strong>Τίς</strong></span> <span class='ocrx_word' id='word_1_239' title='bbox 2631 1166 2699 1220; x_wconf 84' lang='grc' dir='ltr'>δὲ</span> <span class='ocrx_word' id='word_1_240' title='bbox 2743 1167 3041 1237; x_wconf 84' lang='grc' dir='ltr'><strong>κοσμήσει</strong></span> <span class='ocrx_word' id='word_1_241' title='bbox 3088 1167 3195 1220; x_wconf 88' lang='grc' dir='ltr'><em>τὸν</em></span> <span class='ocrx_word' id='word_1_242' title='bbox 3236 1166 3752 1234; x_wconf 83' lang='grc' dir='ltr'><em>αὑτοκατακρίτως</em></span> 
     </span>
    </p>
   </div>
   <div class='ocr_carea' id='block_1_37' title="bbox 2165 1258 3566 1329">
    <p class='ocr_par' dir='ltr' id='par_1_37' title="bbox 2165 1258 3566 1329">
     <span class='ocr_line' id='line_1_37' title="bbox 2165 1258 3566 1329; baseline 0.001 -18"><span class='ocrx_word' id='word_1_243' title='bbox 2165 1258 2383 1312; x_wconf 76' lang='grc' dir='ltr'><em>ἑαυτὸν</em></span> <span class='ocrx_word' id='word_1_244' title='bbox 2415 1258 2847 1327; x_wconf 67' lang='grc' dir='ltr'><strong>διαστρέφοντα</strong></span> <span class='ocrx_word' id='word_1_245' title='bbox 2866 1259 2986 1324; x_wconf 53' lang='grc' dir='ltr'><strong>λὼς</strong></span> <span class='ocrx_word' id='word_1_246' title='bbox 3017 1259 3131 1311; x_wconf 79' lang='grc' dir='ltr'>ἔστι</span> <span class='ocrx_word' id='word_1_247' title='bbox 3161 1258 3566 1329; x_wconf 81' lang='grc' dir='ltr'><strong>γεγραμμένον.</strong></span> 
     </span>
    </p>
   </div>
   <div class='ocr_carea' id='block_1_38' title="bbox 2236 1347 3747 1419">
    <p class='ocr_par' dir='ltr' id='par_1_38' title="bbox 2236 1347 3747 1419">
     <span class='ocr_line' id='line_1_38' title="bbox 2236 1347 3747 1419; baseline 0 -18"><span class='ocrx_word' id='word_1_248' title='bbox 2236 1351 2390 1419; x_wconf 83' lang='grc' dir='ltr'>Σχόλ.</span> <span class='ocrx_word' id='word_1_249' title='bbox 2419 1356 2525 1414; x_wconf 79' lang='grc' dir='ltr'>ος’.</span> <span class='ocrx_word' id='word_1_250' title='bbox 2565 1347 2761 1404; x_wconf 79' lang='grc' dir='ltr'><em>Εἶπαν</em></span> <span class='ocrx_word' id='word_1_251' title='bbox 2793 1353 2847 1404; x_wconf 80' lang='grc' dir='ltr'><strong>οἱ</strong></span> <span class='ocrx_word' id='word_1_252' title='bbox 2882 1350 2953 1403; x_wconf 83' lang='grc' dir='ltr'><em>ἐν</em></span> <span class='ocrx_word' id='word_1_253' title='bbox 2983 1349 3197 1418; x_wconf 83' lang='grc' dir='ltr'><em>ἐσθῆτι</em></span> <span class='ocrx_word' id='word_1_254' title='bbox 3236 1347 3479 1419; x_wconf 78' lang='grc' dir='ltr'><strong>λαμπρᾷ</strong></span> <span class='ocrx_word' id='word_1_255' title='bbox 3504 1367 3517 1380; x_wconf 89' lang='grc'><strong>·</strong></span> <span class='ocrx_word' id='word_1_256' title='bbox 3560 1351 3619 1404; x_wconf 81' lang='grc' dir='ltr'>Τί</span> <span class='ocrx_word' id='word_1_257' title='bbox 3649 1348 3747 1415; x_wconf 80' lang='grc' dir='ltr'><em>ζη-</em></span> 
     </span>
    </p>
   </div>
   <div class='ocr_carea' id='block_1_39' title="bbox 2166 1440 3750 1511">
    <p class='ocr_par' dir='ltr' id='par_1_39' title="bbox 2166 1440 3750 1511">
     <span class='ocr_line' id='line_1_39' title="bbox 2166 1440 3750 1511; baseline -0.002 -16"><span class='ocrx_word' id='word_1_258' title='bbox 2166 1442 2315 1496; x_wconf 85' lang='grc' dir='ltr'>τεῖτε</span> <span class='ocrx_word' id='word_1_259' title='bbox 2345 1441 2451 1495; x_wconf 83' lang='grc' dir='ltr'><strong>τὸν</strong></span> <span class='ocrx_word' id='word_1_260' title='bbox 2472 1440 2655 1502; x_wconf 70' lang='grc' dir='ltr'><em>ζῶντα</em></span> <span class='ocrx_word' id='word_1_261' title='bbox 2678 1444 2830 1511; x_wconf 79' lang='grc' dir='ltr'><strong>μετὰ</strong></span> <span class='ocrx_word' id='word_1_262' title='bbox 2856 1440 2977 1495; x_wconf 83' lang='grc' dir='ltr'><strong>τῶν</strong></span> <span class='ocrx_word' id='word_1_263' title='bbox 3000 1441 3260 1509; x_wconf 77' lang='grc' dir='ltr'><strong>νεκρῶν;</strong></span> <span class='ocrx_word' id='word_1_264' title='bbox 3304 1440 3559 1510; x_wconf 76' lang='grc' dir='ltr'>Ἠγέρθη.</span> <span class='ocrx_word' id='word_1_265' title='bbox 3589 1441 3750 1508; x_wconf 71' lang='grc' dir='ltr'><strong>Μνή-</strong></span> 
     </span>
    </p>
   </div>
   <div class='ocr_carea' id='block_1_40' title="bbox 2166 1531 3751 1603">
    <p class='ocr_par' dir='ltr' id='par_1_40' title="bbox 2166 1531 3751 1603">
     <span class='ocr_line' id='line_1_40' title="bbox 2166 1531 3751 1603; baseline 0 -17"><span class='ocrx_word' id='word_1_266' title='bbox 2166 1537 2349 1601; x_wconf 81' lang='grc' dir='ltr'><em>σθητε</em></span> <span class='ocrx_word' id='word_1_267' title='bbox 2388 1534 2503 1587; x_wconf 84' lang='grc' dir='ltr'><em>ὅσα</em></span> <span class='ocrx_word' id='word_1_268' title='bbox 2533 1534 2842 1602; x_wconf 84' lang='grc' dir='ltr'><em>ἐλάλησεν</em></span> <span class='ocrx_word' id='word_1_269' title='bbox 2873 1534 2961 1588; x_wconf 80' lang='grc' dir='ltr'><strong>ἔτι</strong></span> <span class='ocrx_word' id='word_1_270' title='bbox 3003 1535 3089 1588; x_wconf 87' lang='grc' dir='ltr'><em>ὢν</em></span> <span class='ocrx_word' id='word_1_271' title='bbox 3111 1536 3239 1603; x_wconf 77' lang='grc' dir='ltr'>μεθ’</span> <span class='ocrx_word' id='word_1_272' title='bbox 3278 1531 3461 1602; x_wconf 84' lang='grc' dir='ltr'><strong>ὑμῶν·</strong></span> <span class='ocrx_word' id='word_1_273' title='bbox 3498 1534 3624 1587; x_wconf 82' lang='grc' dir='ltr'><strong>Ὀτι</strong></span> <span class='ocrx_word' id='word_1_274' title='bbox 3656 1533 3751 1586; x_wconf 86' lang='grc' dir='ltr'>δεῖ</span> 
     </span>
    </p>
   </div>
   <div class='ocr_carea' id='block_1_41' title="bbox 2166 1625 3750 1694">
    <p class='ocr_par' dir='ltr' id='par_1_41' title="bbox 2166 1625 3750 1694">
     <span class='ocr_line' id='line_1_41' title="bbox 2166 1625 3750 1694; baseline 0.001 -17"><span class='ocrx_word' id='word_1_275' title='bbox 2166 1626 2273 1678; x_wconf 72' lang='grc' dir='ltr'><strong>τὸν</strong></span> <span class='ocrx_word' id='word_1_276' title='bbox 2316 1626 2451 1678; x_wconf 78' lang='grc' dir='ltr'><strong>Υίὸν</strong></span> <span class='ocrx_word' id='word_1_277' title='bbox 2476 1625 2581 1679; x_wconf 88' lang='grc' dir='ltr'><strong>τοῦ</strong></span> <span class='ocrx_word' id='word_1_278' title='bbox 2612 1625 2925 1694; x_wconf 83' lang='grc' dir='ltr'><strong>ἀνθρώπου</strong></span> <span class='ocrx_word' id='word_1_279' title='bbox 2952 1627 3153 1680; x_wconf 84' lang='grc' dir='ltr'><em>πολλὰ</em></span> <span class='ocrx_word' id='word_1_280' title='bbox 3175 1625 3405 1691; x_wconf 81' lang='grc' dir='ltr'><strong>παθεῖν,</strong></span> <span class='ocrx_word' id='word_1_281' title='bbox 3438 1625 3539 1679; x_wconf 77' lang='grc' dir='ltr'><strong>καὶ</strong></span> <span class='ocrx_word' id='word_1_282' title='bbox 3566 1640 3750 1679; x_wconf 75' lang='grc' dir='ltr'><em>παοαρ</em></span> 
     </span>
    </p>
   </div>
   <div class='ocr_carea' id='block_1_42' title="bbox 2168 1715 2437 1783">
    <p class='ocr_par' dir='ltr' id='par_1_42' title="bbox 2168 1715 2437 1783">
     <span class='ocr_line' id='line_1_42' title="bbox 2168 1715 2437 1783; baseline 0.007 -15"><span class='ocrx_word' id='word_1_283' title='bbox 2168 1715 2437 1783; x_wconf 82' lang='grc' dir='ltr'>δοθῆναι.</span> 
     </span>
    </p>
   </div>
   <div class='ocr_carea' id='block_1_43' title="bbox 2244 1801 3752 1879">
    <p class='ocr_par' dir='ltr' id='par_1_43' title="bbox 2244 1801 3752 1879">
     <span class='ocr_line' id='line_1_43' title="bbox 2244 1801 3752 1879; baseline 0.001 -18"><span class='ocrx_word' id='word_1_284' title='bbox 2244 1809 2462 1879; x_wconf 81' lang='grc' dir='ltr'>Ἐλεγχ.</span> <span class='ocrx_word' id='word_1_285' title='bbox 2498 1815 2605 1874; x_wconf 81' lang='grc' dir='ltr'>ος⁹.</span> <span class='ocrx_word' id='word_1_286' title='bbox 2630 1809 2765 1863; x_wconf 79' lang='grc' dir='ltr'>Οὐδὲ</span> <span class='ocrx_word' id='word_1_287' title='bbox 2794 1802 2939 1862; x_wconf 73' lang='grc' dir='ltr'>οὗτοι</span> <span class='ocrx_word' id='word_1_288' title='bbox 2969 1826 3027 1861; x_wconf 91' lang='grc' dir='ltr'><strong>σε</strong></span> <span class='ocrx_word' id='word_1_289' title='bbox 3052 1809 3328 1863; x_wconf 81' lang='grc' dir='ltr'>πείθουσιν</span> <span class='ocrx_word' id='word_1_290' title='bbox 3357 1811 3406 1864; x_wconf 90' lang='grc' dir='ltr'><strong>οί</strong></span> <span class='ocrx_word' id='word_1_291' title='bbox 3429 1808 3665 1879; x_wconf 76' lang='grc' dir='ltr'>ἄγγελοι,</span> <span class='ocrx_word' id='word_1_292' title='bbox 3703 1801 3752 1862; x_wconf 75' lang='grc' dir='ltr'>ὦ</span> 
     </span>
    </p>
   </div>
   <div class='ocr_carea' id='block_1_44' title="bbox 2170 1900 3750 1972">
    <p class='ocr_par' dir='ltr' id='par_1_44' title="bbox 2170 1900 3750 1972">
     <span class='ocr_line' id='line_1_44' title="bbox 2170 1900 3750 1972; baseline -0.001 -18"><span class='ocrx_word' id='word_1_293' title='bbox 2170 1900 2451 1971; x_wconf 81' lang='grc' dir='ltr'>Μαρκίων,</span> <span class='ocrx_word' id='word_1_294' title='bbox 2479 1900 2864 1972; x_wconf 80' lang='grc' dir='ltr'>ὁμολογοῦντες</span> <span class='ocrx_word' id='word_1_295' title='bbox 2899 1900 2999 1971; x_wconf 84' lang='grc' dir='ltr'>μὲν</span> <span class='ocrx_word' id='word_1_296' title='bbox 3033 1901 3193 1954; x_wconf 81' lang='grc' dir='ltr'>αὑτὸν</span> <span class='ocrx_word' id='word_1_297' title='bbox 3221 1903 3515 1972; x_wconf 79' lang='grc' dir='ltr'>τριήμερον</span> <span class='ocrx_word' id='word_1_298' title='bbox 3543 1901 3750 1970; x_wconf 79' lang='grc' dir='ltr'>μεταξὺ</span> 
     </span>
    </p>
   </div>
   <div class='ocr_carea' id='block_1_45' title="bbox 2169 1989 3749 2060">
    <p class='ocr_par' dir='ltr' id='par_1_45' title="bbox 2169 1989 3749 2060">
     <span class='ocr_line' id='line_1_45' title="bbox 2169 1989 3749 2060; baseline 0.001 -18"><span class='ocrx_word' id='word_1_299' title='bbox 2169 1990 2375 2060; x_wconf 83' lang='grc' dir='ltr'>νεκρῶν</span> <span class='ocrx_word' id='word_1_300' title='bbox 2400 1990 2750 2060; x_wconf 81' lang='grc' dir='ltr'>γεγενῆσθαι,</span> <span class='ocrx_word' id='word_1_301' title='bbox 2777 1990 2952 2053; x_wconf 82' lang='grc' dir='ltr'>ζῶντα</span> <span class='ocrx_word' id='word_1_302' title='bbox 2979 1989 3034 2043; x_wconf 79' lang='grc' dir='ltr'>δὲ</span> <span class='ocrx_word' id='word_1_303' title='bbox 3068 1990 3271 2056; x_wconf 86' lang='grc' dir='ltr'>λοιπὸν,</span> <span class='ocrx_word' id='word_1_304' title='bbox 3308 1992 3401 2044; x_wconf 73' lang='grc' dir='ltr'><strong>καὶ</strong></span> <span class='ocrx_word' id='word_1_305' title='bbox 3433 1991 3615 2044; x_wconf 80' lang='grc' dir='ltr'>οὐκέτι</span> <span class='ocrx_word' id='word_1_306' title='bbox 3658 2008 3749 2043; x_wconf 78' lang='lat' dir='ltr'><strong>ve-</strong></span> 
     </span>
    </p>
   </div>
   <div class='ocr_carea' id='block_1_46' title="bbox 2169 2081 3753 2153">
    <p class='ocr_par' dir='ltr' id='par_1_46' title="bbox 2169 2081 3753 2153">
     <span class='ocr_line' id='line_1_46' title="bbox 2169 2081 3753 2153; baseline -0.001 -18"><span class='ocrx_word' id='word_1_307' title='bbox 2169 2084 2333 2151; x_wconf 81' lang='grc' dir='ltr'>κρόν·</span> <span class='ocrx_word' id='word_1_308' title='bbox 2377 2082 2463 2135; x_wconf 78' lang='grc' dir='ltr'><strong>ἀεὶ</strong></span> <span class='ocrx_word' id='word_1_309' title='bbox 2504 2082 2601 2151; x_wconf 83' lang='grc' dir='ltr'><strong>μὲν</strong></span> <span class='ocrx_word' id='word_1_310' title='bbox 2640 2081 2818 2143; x_wconf 75' lang='grc' dir='ltr'>ζῶντα</span> <span class='ocrx_word' id='word_1_311' title='bbox 2846 2084 2904 2134; x_wconf 76' lang='grc' dir='ltr'>ἐν</span> <span class='ocrx_word' id='word_1_312' title='bbox 2936 2084 3001 2151; x_wconf 77' lang='grc' dir='ltr'>τῇ</span> <span class='ocrx_word' id='word_1_313' title='bbox 3039 2082 3272 2153; x_wconf 78' lang='grc' dir='ltr'>θεότητι,</span> <span class='ocrx_word' id='word_1_314' title='bbox 3322 2082 3413 2135; x_wconf 77' lang='grc' dir='ltr'><strong>καὶ</strong></span> <span class='ocrx_word' id='word_1_315' title='bbox 3453 2083 3575 2153; x_wconf 77' lang='grc' dir='ltr'><strong>μηδ’</strong></span> <span class='ocrx_word' id='word_1_316' title='bbox 3613 2082 3753 2145; x_wconf 78' lang='grc' dir='ltr'>ὅλως</span> 
     </span>
    </p>
   </div>
   <div class='ocr_carea' id='block_1_47' title="bbox 2168 2171 3753 2245">
    <p class='ocr_par' dir='ltr' id='par_1_47' title="bbox 2168 2171 3753 2245">
     <span class='ocr_line' id='line_1_47' title="bbox 2168 2171 3753 2245; baseline 0.001 -21"><span class='ocrx_word' id='word_1_317' title='bbox 2168 2171 2529 2243; x_wconf 81' lang='grc' dir='ltr'>νεκρωθέντα,</span> <span class='ocrx_word' id='word_1_318' title='bbox 2572 2171 2916 2243; x_wconf 87' lang='grc' dir='ltr'>νεκρωθέντα</span> <span class='ocrx_word' id='word_1_319' title='bbox 2948 2173 3005 2225; x_wconf 80' lang='grc' dir='ltr'>δὲ</span> <span class='ocrx_word' id='word_1_320' title='bbox 3034 2174 3175 2227; x_wconf 82' lang='grc' dir='ltr'>κατὰ</span> <span class='ocrx_word' id='word_1_321' title='bbox 3218 2174 3395 2245; x_wconf 80' lang='grc' dir='ltr'>σάρκα</span> <span class='ocrx_word' id='word_1_322' title='bbox 3423 2174 3486 2226; x_wconf 84' lang='grc' dir='ltr'>τὸ</span> <span class='ocrx_word' id='word_1_323' title='bbox 3517 2175 3753 2245; x_wconf 81' lang='grc' dir='ltr'>τριήμε-</span> 
     </span>
    </p>
   </div>
   <div class='ocr_carea' id='block_1_48' title="bbox 2172 2264 3753 2335">
    <p class='ocr_par' dir='ltr' id='par_1_48' title="bbox 2172 2264 3753 2335">
     <span class='ocr_line' id='line_1_48' title="bbox 2172 2264 3753 2335; baseline 0.001 -19"><span class='ocrx_word' id='word_1_324' title='bbox 2172 2280 2285 2334; x_wconf 89' lang='grc' dir='ltr'>ρον,</span> <span class='ocrx_word' id='word_1_325' title='bbox 2316 2264 2409 2318; x_wconf 75' lang='grc' dir='ltr'><strong>καὶ</strong></span> <span class='ocrx_word' id='word_1_326' title='bbox 2440 2264 2597 2318; x_wconf 87' lang='grc' dir='ltr'>πάλιν</span> <span class='ocrx_word' id='word_1_327' title='bbox 2624 2264 2822 2329; x_wconf 76' lang='grc' dir='ltr'>ζῶντα.</span> <span class='ocrx_word' id='word_1_328' title='bbox 2841 2264 3071 2333; x_wconf 79' lang='grc' dir='ltr'><strong>Λέγουσι</strong></span> <span class='ocrx_word' id='word_1_329' title='bbox 3088 2264 3197 2335; x_wconf 78' lang='grc' dir='ltr'>γὰρ</span> <span class='ocrx_word' id='word_1_330' title='bbox 3217 2265 3407 2330; x_wconf 84' lang='grc' dir='ltr'>αὑταῖς</span> <span class='ocrx_word' id='word_1_331' title='bbox 3426 2282 3440 2296; x_wconf 75' lang='grc'><strong><em>⁸</em></strong></span> <span class='ocrx_word' id='word_1_332' title='bbox 3480 2264 3753 2330; x_wconf 79' lang='grc' dir='ltr'><strong>Ἀνέστη·</strong></span> 
     </span>
    </p>
   </div>
   <div class='ocr_carea' id='block_1_49' title="bbox 2166 2354 3754 2429">
    <p class='ocr_par' dir='ltr' id='par_1_49' title="bbox 2166 2354 3754 2429">
     <span class='ocr_line' id='line_1_49' title="bbox 2166 2354 3754 2429; baseline -0.003 -17"><span class='ocrx_word' id='word_1_333' title='bbox 2166 2362 2275 2413; x_wconf 82' lang='grc' dir='ltr'><strong>οὐκ</strong></span> <span class='ocrx_word' id='word_1_334' title='bbox 2301 2361 2478 2413; x_wconf 83' lang='grc' dir='ltr'><em>ἐστιν</em></span> <span class='ocrx_word' id='word_1_335' title='bbox 2514 2354 2649 2415; x_wconf 85' lang='grc' dir='ltr'>ὦδε.</span> <span class='ocrx_word' id='word_1_336' title='bbox 2683 2361 2755 2412; x_wconf 84' lang='grc' dir='ltr'>Τὸ</span> <span class='ocrx_word' id='word_1_337' title='bbox 2787 2360 2843 2413; x_wconf 86' lang='grc' dir='ltr'>δὲ</span> <span class='ocrx_word' id='word_1_338' title='bbox 2867 2359 3094 2428; x_wconf 81' lang='grc' dir='ltr'><em>ἀνέστη</em></span> <span class='ocrx_word' id='word_1_339' title='bbox 3122 2360 3173 2413; x_wconf 88' lang='grc' dir='ltr'><strong>τί</strong></span> <span class='ocrx_word' id='word_1_340' title='bbox 3204 2361 3320 2412; x_wconf 75' lang='grc' dir='ltr'>ἐστι</span> <span class='ocrx_word' id='word_1_341' title='bbox 3350 2359 3398 2411; x_wconf 87' lang='grc' dir='ltr'><strong>εί</strong></span> <span class='ocrx_word' id='word_1_342' title='bbox 3426 2358 3501 2429; x_wconf 81' lang='grc' dir='ltr'><strong>μὴ</strong></span> <span class='ocrx_word' id='word_1_343' title='bbox 3539 2359 3620 2411; x_wconf 85' lang='grc' dir='ltr'>ὅτι</span> <span class='ocrx_word' id='word_1_344' title='bbox 3653 2355 3754 2409; x_wconf 72' lang='grc' dir='ltr'><strong>καὶ</strong></span> 
     </span>
    </p>
   </div>
   <div class='ocr_carea' id='block_1_50' title="bbox 2165 2447 3753 2523">
    <p class='ocr_par' dir='ltr' id='par_1_50' title="bbox 2165 2447 3753 2523">
     <span class='ocr_line' id='line_1_50' title="bbox 2165 2447 3753 2523; baseline -0.002 -20"><span class='ocrx_word' id='word_1_345' title='bbox 2165 2452 2469 2523; x_wconf 75' lang='grc' dir='ltr'>ἐκοιμήθη;</span> <span class='ocrx_word' id='word_1_346' title='bbox 2506 2451 2848 2521; x_wconf 80' lang='grc' dir='ltr'>Σαφέστερον</span> <span class='ocrx_word' id='word_1_347' title='bbox 2888 2451 2998 2522; x_wconf 83' lang='grc' dir='ltr'>γὰρ</span> <span class='ocrx_word' id='word_1_348' title='bbox 3031 2450 3164 2503; x_wconf 79' lang='grc' dir='ltr'>αὐτὸ</span> <span class='ocrx_word' id='word_1_349' title='bbox 3214 2448 3547 2521; x_wconf 77' lang='grc' dir='ltr'><strong>διηγοῦνται.</strong></span> <span class='ocrx_word' id='word_1_350' title='bbox 3587 2447 3753 2515; x_wconf 63' lang='lat' dir='ltr'><strong>Mni-</strong></span> 
     </span>
    </p>
   </div>
   <div class='ocr_carea' id='block_1_51' title="bbox 2164 2542 3753 2615">
    <p class='ocr_par' dir='ltr' id='par_1_51' title="bbox 2164 2542 3753 2615">
     <span class='ocr_line' id='line_1_51' title="bbox 2164 2542 3753 2615; baseline -0.001 -21"><span class='ocrx_word' id='word_1_351' title='bbox 2164 2546 2347 2610; x_wconf 85' lang='grc' dir='ltr'><em>σθητε</em></span> <span class='ocrx_word' id='word_1_352' title='bbox 2398 2545 2524 2615; x_wconf 76' lang='grc' dir='ltr'>γάρ,</span> <span class='ocrx_word' id='word_1_353' title='bbox 2568 2544 2753 2615; x_wconf 70' lang='grc' dir='ltr'>φησὶν,</span> <span class='ocrx_word' id='word_1_354' title='bbox 2801 2544 2890 2596; x_wconf 83' lang='grc' dir='ltr'><strong>ὅτι</strong></span> <span class='ocrx_word' id='word_1_355' title='bbox 2932 2544 3019 2597; x_wconf 80' lang='grc' dir='ltr'><strong>ἐτι</strong></span> <span class='ocrx_word' id='word_1_356' title='bbox 3058 2542 3273 2613; x_wconf 66' lang='grc' dir='ltr'><em>περιὼν</em></span> <span class='ocrx_word' id='word_1_357' title='bbox 3310 2542 3498 2595; x_wconf 84' lang='grc' dir='ltr'><em>ταῦτα</em></span> <span class='ocrx_word' id='word_1_358' title='bbox 3540 2542 3753 2608; x_wconf 75' lang='grc' dir='ltr'>ἔλεγεν</span> 
     </span>
    </p>
   </div>
   <div class='ocr_carea' id='block_1_52' title="bbox 2165 2632 3642 2703">
    <p class='ocr_par' dir='ltr' id='par_1_52' title="bbox 2165 2632 3642 2703">
     <span class='ocr_line' id='line_1_52' title="bbox 2165 2632 3642 2703; baseline -0.001 -16"><span class='ocrx_word' id='word_1_359' title='bbox 2165 2635 2309 2703; x_wconf 82' lang='grc' dir='ltr'><strong>ύμῖν</strong></span> <span class='ocrx_word' id='word_1_360' title='bbox 2325 2651 2337 2665; x_wconf 72' lang='grc' dir='ltr'><strong>ο</strong></span> <span class='ocrx_word' id='word_1_361' title='bbox 2377 2638 2507 2690; x_wconf 85' lang='grc' dir='ltr'><strong>Ὀτι</strong></span> <span class='ocrx_word' id='word_1_362' title='bbox 2536 2636 2628 2689; x_wconf 86' lang='grc' dir='ltr'><strong>δεῖ</strong></span> <span class='ocrx_word' id='word_1_363' title='bbox 2651 2636 2864 2690; x_wconf 81' lang='grc' dir='ltr'><strong>παθεῖν</strong></span> <span class='ocrx_word' id='word_1_364' title='bbox 2890 2634 2998 2689; x_wconf 83' lang='grc' dir='ltr'><em>τὸν</em></span> <span class='ocrx_word' id='word_1_365' title='bbox 3022 2635 3160 2690; x_wconf 81' lang='grc' dir='ltr'><strong>Υίὸν</strong></span> <span class='ocrx_word' id='word_1_366' title='bbox 3180 2635 3287 2689; x_wconf 88' lang='grc' dir='ltr'><strong>τοῦ</strong></span> <span class='ocrx_word' id='word_1_367' title='bbox 3309 2632 3642 2701; x_wconf 82' lang='grc' dir='ltr'>ἀνθρώπου.</span> 
     </span>
    </p>
   </div>
   <div class='ocr_carea' id='block_1_53' title="bbox 490 2723 3738 2800">
    <p class='ocr_par' dir='ltr' id='par_1_53' title="bbox 490 2723 3738 2800">
     <span class='ocr_line' id='line_1_53' title="bbox 490 2723 3738 2800; baseline -0 -20"><span class='ocrx_word' id='word_1_368' title='bbox 490 2728 695 2781; x_wconf 73' lang='lat' dir='ltr'><strong>domini</strong></span> <span class='ocrx_word' id='word_1_369' title='bbox 733 2727 877 2782; x_wconf 89' lang='lat' dir='ltr'><strong>enim</strong></span> <span class='ocrx_word' id='word_1_370' title='bbox 898 2767 913 2791; x_wconf 94' lang='lat'><strong>,</strong></span> <span class='ocrx_word' id='word_1_371' title='bbox 945 2724 1216 2795; x_wconf 85' lang='lat' dir='ltr'><strong>inquiunt,</strong></span> <span class='ocrx_word' id='word_1_372' title='bbox 1262 2723 1510 2794; x_wconf 90' lang='lat' dir='ltr'><strong>quoniam</strong></span> <span class='ocrx_word' id='word_1_373' title='bbox 1540 2739 1658 2776; x_wconf 89' lang='lat' dir='ltr'><strong>cum</strong></span> <span class='ocrx_word' id='word_1_374' title='bbox 1684 2724 1855 2777; x_wconf 78' lang='lat' dir='ltr'><strong>adhuc</strong></span> <span class='ocrx_word' id='word_1_375' title='bbox 1886 2727 2071 2781; x_wconf 82' lang='lat' dir='ltr'><strong>viveret</strong></span> <span class='ocrx_word' id='word_1_376' title='bbox 2112 2730 2245 2785; x_wconf 84' lang='lat' dir='ltr'><strong>talio</strong></span> <span class='ocrx_word' id='word_1_377' title='bbox 2271 2733 2476 2786; x_wconf 75' lang='lat' dir='ltr'><strong>locutus</strong></span> <span class='ocrx_word' id='word_1_378' title='bbox 2509 2743 2586 2786; x_wconf 77' lang='lat' dir='ltr'><strong>est</strong></span> <span class='ocrx_word' id='word_1_379' title='bbox 2618 2732 2805 2786; x_wconf 81' lang='lat' dir='ltr'><strong>vobis:</strong></span> <span class='ocrx_word' id='word_1_380' title='bbox 2839 2731 2981 2797; x_wconf 83' lang='lat' dir='ltr'><strong>Quia</strong></span> <span class='ocrx_word' id='word_1_381' title='bbox 3020 2741 3223 2799; x_wconf 86' lang='lat' dir='ltr'><strong>oportet</strong></span> <span class='ocrx_word' id='word_1_382' title='bbox 3257 2732 3371 2800; x_wconf 87' lang='lat' dir='ltr'><strong>pati</strong></span> <span class='ocrx_word' id='word_1_383' title='bbox 3417 2728 3619 2783; x_wconf 85' lang='lat' dir='ltr'><strong>Filium</strong></span> <span class='ocrx_word' id='word_1_384' title='bbox 3657 2725 3738 2780; x_wconf 81' lang='lat' dir='ltr'><strong>Ito-</strong></span> 
     </span>
    </p>
   </div>
   <div class='ocr_carea' id='block_1_54' title="bbox 494 2840 675 2877">
    <p class='ocr_par' dir='ltr' id='par_1_54' title="bbox 494 2840 675 2877">
     <span class='ocr_line' id='line_1_54' title="bbox 494 2840 675 2877; baseline -0.006 0"><span class='ocrx_word' id='word_1_385' title='bbox 494 2840 675 2877; x_wconf 75' lang='grc' dir='ltr'>ιιιιιιιε.</span> 
     </span>
    </p>
   </div>
   <div class='ocr_carea' id='block_1_55' title="bbox 570 2909 2062 2982">
    <p class='ocr_par' dir='ltr' id='par_1_55' title="bbox 570 2909 2062 2982">
     <span class='ocr_line' id='line_1_55' title="bbox 570 2909 2062 2982; baseline -0.002 -13"><span class='ocrx_word' id='word_1_386' title='bbox 570 2914 752 2969; x_wconf 86' lang='lat' dir='ltr'><strong>Schol.</strong></span> <span class='ocrx_word' id='word_1_387' title='bbox 788 2914 878 2967; x_wconf 84' lang='lat'><strong>77.</strong></span> <span class='ocrx_word' id='word_1_388' title='bbox 921 2910 1062 2978; x_wconf 89' lang='lat' dir='ltr'><strong>Quin</strong></span> <span class='ocrx_word' id='word_1_389' title='bbox 1097 2925 1157 2965; x_wconf 90' lang='lat' dir='ltr'><strong>ea</strong></span> <span class='ocrx_word' id='word_1_390' title='bbox 1186 2909 1428 2974; x_wconf 82' lang='lat' dir='ltr'><strong>sustulit,</strong></span> <span class='ocrx_word' id='word_1_391' title='bbox 1468 2924 1588 2978; x_wconf 65' lang='lat' dir='ltr'><strong>quae</strong></span> <span class='ocrx_word' id='word_1_392' title='bbox 1641 2910 1891 2982; x_wconf 66' lang='lat' dir='ltr'><strong>CleOpha:</strong></span> <span class='ocrx_word' id='word_1_393' title='bbox 1921 2912 2062 2979; x_wconf 88' lang='lat' dir='ltr'><strong>ejus-</strong></span> 
     </span>
    </p>
   </div>
   <div class='ocr_carea' id='block_1_56' title="bbox 2243 2878 3748 2982">
    <p class='ocr_par' dir='ltr' id='par_1_56' title="bbox 2243 2878 3748 2982">
     <span class='ocr_line' id='line_1_56' title="bbox 2243 2878 3748 2982; baseline 0.001 -19"><span class='ocrx_word' id='word_1_394' title='bbox 2243 2912 2393 2981; x_wconf 79' lang='grc' dir='ltr'>Σχόλ.</span> <span class='ocrx_word' id='word_1_395' title='bbox 2424 2909 2515 2975; x_wconf 65' lang='grc' dir='ltr'>οξ.</span> <span class='ocrx_word' id='word_1_396' title='bbox 2536 2910 2817 2982; x_wconf 65' lang='grc' dir='ltr'>Παρέκοψε</span> <span class='ocrx_word' id='word_1_397' title='bbox 2842 2878 2905 2963; x_wconf 31' lang='grc' dir='ltr'><strong>τὸ.</strong></span> <span class='ocrx_word' id='word_1_398' title='bbox 2922 2910 3207 2982; x_wconf 83' lang='grc' dir='ltr'>εἰρημένον</span> <span class='ocrx_word' id='word_1_399' title='bbox 3232 2909 3368 2980; x_wconf 79' lang='grc' dir='ltr'>πρὸς</span> <span class='ocrx_word' id='word_1_400' title='bbox 3392 2909 3642 2963; x_wconf 81' lang='grc' dir='ltr'>Κλεόπαν</span> <span class='ocrx_word' id='word_1_401' title='bbox 3657 2912 3748 2965; x_wconf 69' lang='grc' dir='ltr'>καὶ</span> 
     </span>
    </p>
   </div>
   <div class='ocr_carea' id='block_1_57' title="bbox 490 2997 2071 3081">
    <p class='ocr_par' dir='ltr' id='par_1_57' title="bbox 490 2999 2068 3074">
     <span class='ocr_line' id='line_1_57' title="bbox 490 2999 2068 3074; baseline 0.001 -21"><span class='ocrx_word' id='word_1_402' title='bbox 490 3019 599 3074; x_wconf 88' lang='lat' dir='ltr'><strong>que</strong></span> <span class='ocrx_word' id='word_1_403' title='bbox 628 3002 780 3057; x_wconf 88' lang='lat' dir='ltr'><strong>socio</strong></span> <span class='ocrx_word' id='word_1_404' title='bbox 809 3001 953 3055; x_wconf 90' lang='lat' dir='ltr'><strong>dicta</strong></span> <span class='ocrx_word' id='word_1_405' title='bbox 982 3007 1130 3061; x_wconf 88' lang='lat' dir='ltr'><strong>sunt,</strong></span> <span class='ocrx_word' id='word_1_406' title='bbox 1165 3015 1289 3053; x_wconf 89' lang='lat' dir='ltr'><strong>eum</strong></span> <span class='ocrx_word' id='word_1_407' title='bbox 1331 2999 1439 3055; x_wconf 90' lang='lat' dir='ltr'><strong>illis</strong></span> <span class='ocrx_word' id='word_1_408' title='bbox 1463 3002 1704 3055; x_wconf 89' lang='lat' dir='ltr'><strong>occurrit</strong></span> <span class='ocrx_word' id='word_1_409' title='bbox 1730 3001 1808 3056; x_wconf 93' lang='lat'><strong>:0</strong></span> <span class='ocrx_word' id='word_1_410' title='bbox 1832 3003 1985 3056; x_wconf 78' lang='lat' dir='ltr'><strong>stulti</strong></span> <span class='ocrx_word' id='word_1_411' title='bbox 2021 3013 2068 3057; x_wconf 88' lang='lat' dir='ltr'><strong>et</strong></span> 
     </span>
    </p>
   </div>
   <div class='ocr_carea' id='block_1_58' title="bbox 2169 2997 3753 3081">
    <p class='ocr_par' dir='ltr' id='par_1_58' title="bbox 2172 2997 3753 3074">
     <span class='ocr_line' id='line_1_58' title="bbox 2172 2997 3753 3074; baseline -0.001 -17"><span class='ocrx_word' id='word_1_412' title='bbox 2172 3004 2263 3057; x_wconf 80' lang='grc' dir='ltr'><strong>τὸν</strong></span> <span class='ocrx_word' id='word_1_413' title='bbox 2306 3004 2483 3068; x_wconf 85' lang='grc' dir='ltr'>ἄλλον,</span> <span class='ocrx_word' id='word_1_414' title='bbox 2530 3006 2620 3057; x_wconf 81' lang='grc' dir='ltr'><strong>ὅτε</strong></span> <span class='ocrx_word' id='word_1_415' title='bbox 2661 3005 2994 3074; x_wconf 84' lang='grc' dir='ltr'>συνήντησεν</span> <span class='ocrx_word' id='word_1_416' title='bbox 3038 3003 3245 3065; x_wconf 79' lang='grc' dir='ltr'>αὐτοῖς,</span> <span class='ocrx_word' id='word_1_417' title='bbox 3272 3002 3333 3053; x_wconf 84' lang='grc' dir='ltr'>τό</span> <span class='ocrx_word' id='word_1_418' title='bbox 3356 3018 3368 3030; x_wconf 92' lang='grc'><strong>·</strong></span> <span class='ocrx_word' id='word_1_419' title='bbox 3396 2997 3465 3054; x_wconf 85' lang='grc' dir='ltr'><strong><em>Ὦ</em></strong></span> <span class='ocrx_word' id='word_1_420' title='bbox 3505 3003 3753 3071; x_wconf 77' lang='grc' dir='ltr'><em>ἀνόητοι</em></span> 
     </span>
    </p>
   </div>
   <div class='ocr_carea' id='block_1_59' title="bbox 495 3090 2069 3161">
    <p class='ocr_par' dir='ltr' id='par_1_59' title="bbox 495 3090 2069 3161">
     <span class='ocr_line' id='line_1_59' title="bbox 495 3090 2069 3161; baseline 0.001 -16"><span class='ocrx_word' id='word_1_421' title='bbox 495 3093 637 3145; x_wconf 85' lang='lat' dir='ltr'><strong>tardi</strong></span> <span class='ocrx_word' id='word_1_422' title='bbox 685 3091 837 3145; x_wconf 87' lang='lat' dir='ltr'><strong>corde</strong></span> <span class='ocrx_word' id='word_1_423' title='bbox 879 3090 947 3144; x_wconf 84' lang='lat' dir='ltr'><strong>ad</strong></span> <span class='ocrx_word' id='word_1_424' title='bbox 1006 3090 1318 3144; x_wconf 85' lang='lat' dir='ltr'><strong>credendum</strong></span> <span class='ocrx_word' id='word_1_425' title='bbox 1366 3091 1420 3143; x_wconf 86' lang='lat' dir='ltr'><strong>in</strong></span> <span class='ocrx_word' id='word_1_426' title='bbox 1468 3090 1708 3144; x_wconf 74' lang='lat' dir='ltr'><strong>omnibus</strong></span> <span class='ocrx_word' id='word_1_427' title='bbox 1750 3108 1866 3161; x_wconf 80' lang='lat' dir='ltr'><strong>quo:</strong></span> <span class='ocrx_word' id='word_1_428' title='bbox 1909 3094 2069 3146; x_wconf 83' lang='lat' dir='ltr'><strong>locuti</strong></span> 
     </span>
    </p>
   </div>
   <div class='ocr_carea' id='block_1_60' title="bbox 493 3181 2069 3254">
    <p class='ocr_par' dir='ltr' id='par_1_60' title="bbox 493 3181 2069 3254">
     <span class='ocr_line' id='line_1_60' title="bbox 493 3181 2069 3254; baseline 0 -16"><span class='ocrx_word' id='word_1_429' title='bbox 493 3193 613 3239; x_wconf 74' lang='lat' dir='ltr'><strong>sunt</strong></span> <span class='ocrx_word' id='word_1_430' title='bbox 656 3183 951 3252; x_wconf 82' lang='lat' dir='ltr'><strong>prophetw!</strong></span> <span class='ocrx_word' id='word_1_431' title='bbox 984 3182 1169 3235; x_wconf 86' lang='lat' dir='ltr'><strong>Nonne</strong></span> <span class='ocrx_word' id='word_1_432' title='bbox 1222 3181 1333 3234; x_wconf 68' lang='lat' dir='ltr'><strong>hare</strong></span> <span class='ocrx_word' id='word_1_433' title='bbox 1385 3183 1617 3247; x_wconf 87' lang='lat' dir='ltr'><strong>oportuit</strong></span> <span class='ocrx_word' id='word_1_434' title='bbox 1650 3184 1833 3249; x_wconf 65' lang='lat' dir='ltr'><strong>pati‘?</strong></span> <span class='ocrx_word' id='word_1_435' title='bbox 1859 3185 1933 3237; x_wconf 85' lang='lat' dir='ltr'><strong>Ac</strong></span> <span class='ocrx_word' id='word_1_436' title='bbox 1966 3200 2069 3254; x_wconf 89' lang='lat' dir='ltr'><strong>pro</strong></span> 
     </span>
    </p>
   </div>
   <div class='ocr_carea' id='block_1_61' title="bbox 492 3273 2067 3344">
    <p class='ocr_par' dir='ltr' id='par_1_61' title="bbox 492 3273 2067 3344">
     <span class='ocr_line' id='line_1_61' title="bbox 492 3273 2067 3344; baseline 0 -16"><span class='ocrx_word' id='word_1_437' title='bbox 492 3276 600 3335; x_wconf 81' lang='lat' dir='ltr'><strong>bis,</strong></span> <span class='ocrx_word' id='word_1_438' title='bbox 631 3276 683 3327; x_wconf 85' lang='lat' dir='ltr'><strong>in</strong></span> <span class='ocrx_word' id='word_1_439' title='bbox 711 3274 948 3327; x_wconf 77' lang='lat' dir='ltr'><strong>omnibus</strong></span> <span class='ocrx_word' id='word_1_440' title='bbox 974 3291 1089 3343; x_wconf 74' lang='lat' dir='ltr'><strong>qua:</strong></span> <span class='ocrx_word' id='word_1_441' title='bbox 1126 3273 1287 3325; x_wconf 83' lang='lat' dir='ltr'><strong>locuti</strong></span> <span class='ocrx_word' id='word_1_442' title='bbox 1326 3282 1447 3325; x_wconf 78' lang='lat' dir='ltr'><strong>sunt</strong></span> <span class='ocrx_word' id='word_1_443' title='bbox 1486 3273 1749 3341; x_wconf 76' lang='lat' dir='ltr'><strong>propheta:</strong></span> <span class='ocrx_word' id='word_1_444' title='bbox 1772 3315 1786 3336; x_wconf 91' lang='lat'><strong>,</strong></span> <span class='ocrx_word' id='word_1_445' title='bbox 1825 3276 2067 3344; x_wconf 86' lang='lat' dir='ltr'><strong>scripsit,</strong></span> 
     </span>
    </p>
   </div>
   <div class='ocr_carea' id='block_1_62' title="bbox 492 3364 2070 3436">
    <p class='ocr_par' dir='ltr' id='par_1_62' title="bbox 492 3364 2070 3436">
     <span class='ocr_line' id='line_1_62' title="bbox 492 3364 2070 3436; baseline 0.003 -19"><span class='ocrx_word' id='word_1_446' title='bbox 492 3366 546 3418; x_wconf 89' lang='lat' dir='ltr'><strong>in</strong></span> <span class='ocrx_word' id='word_1_447' title='bbox 577 3365 741 3436; x_wconf 66' lang='grc'><strong>349</strong></span> <span class='ocrx_word' id='word_1_448' title='bbox 763 3366 1001 3419; x_wconf 82' lang='lat' dir='ltr'><strong>omnibus</strong></span> <span class='ocrx_word' id='word_1_449' title='bbox 1051 3381 1166 3435; x_wconf 78' lang='lat' dir='ltr'><strong>qua:</strong></span> <span class='ocrx_word' id='word_1_450' title='bbox 1201 3364 1405 3419; x_wconf 81' lang='lat' dir='ltr'><strong>loculus</strong></span> <span class='ocrx_word' id='word_1_451' title='bbox 1431 3382 1545 3418; x_wconf 78' lang='lat' dir='ltr'><strong>sum</strong></span> <span class='ocrx_word' id='word_1_452' title='bbox 1576 3365 1741 3421; x_wconf 80' lang='lat' dir='ltr'><strong>vobis.</strong></span> <span class='ocrx_word' id='word_1_453' title='bbox 1769 3367 1876 3421; x_wconf 88' lang='lat' dir='ltr'><strong>Sed</strong></span> <span class='ocrx_word' id='word_1_454' title='bbox 1909 3384 1971 3421; x_wconf 82' lang='lat' dir='ltr'><strong>ex</strong></span> <span class='ocrx_word' id='word_1_455' title='bbox 2005 3383 2070 3422; x_wconf 90' lang='lat' dir='ltr'><strong>eo</strong></span> 
     </span>
    </p>
   </div>
   <div class='ocr_carea' id='block_1_63' title="bbox 493 3455 2071 3527">
    <p class='ocr_par' dir='ltr' id='par_1_63' title="bbox 493 3455 2071 3527">
     <span class='ocr_line' id='line_1_63' title="bbox 493 3455 2071 3527; baseline 0 -15"><span class='ocrx_word' id='word_1_456' title='bbox 493 3458 856 3527; x_wconf 71' lang='lat' dir='ltr'><strong>red-arguitur,</strong></span> <span class='ocrx_word' id='word_1_457' title='bbox 906 3455 1050 3525; x_wconf 91' lang='lat' dir='ltr'><strong>quod</strong></span> <span class='ocrx_word' id='word_1_458' title='bbox 1091 3471 1214 3510; x_wconf 92' lang='lat' dir='ltr'><strong>cum</strong></span> <span class='ocrx_word' id='word_1_459' title='bbox 1262 3471 1449 3524; x_wconf 81' lang='lat' dir='ltr'><strong>panem</strong></span> <span class='ocrx_word' id='word_1_460' title='bbox 1497 3456 1675 3526; x_wconf 79' lang='lat' dir='ltr'><strong>fregit,</strong></span> <span class='ocrx_word' id='word_1_461' title='bbox 1728 3460 1897 3526; x_wconf 89' lang='lat' dir='ltr'><strong>aperti</strong></span> <span class='ocrx_word' id='word_1_462' title='bbox 1948 3470 2071 3513; x_wconf 80' lang='lat' dir='ltr'><strong>sunt</strong></span> 
     </span>
    </p>
   </div>
   <div class='ocr_carea' id='block_1_64' title="bbox 492 3548 1561 3617">
    <p class='ocr_par' dir='ltr' id='par_1_64' title="bbox 492 3548 1561 3617">
     <span class='ocr_line' id='line_1_64' title="bbox 492 3548 1561 3617; baseline -0.002 -14"><span class='ocrx_word' id='word_1_463' title='bbox 492 3548 632 3603; x_wconf 83' lang='lat' dir='ltr'><strong>oculi</strong></span> <span class='ocrx_word' id='word_1_464' title='bbox 664 3565 866 3612; x_wconf 85' lang='lat' dir='ltr'><strong>eorum,</strong></span> <span class='ocrx_word' id='word_1_465' title='bbox 896 3557 943 3601; x_wconf 88' lang='lat' dir='ltr'><strong>et</strong></span> <span class='ocrx_word' id='word_1_466' title='bbox 973 3556 1318 3617; x_wconf 84' lang='lat' dir='ltr'><strong>cognoverunt</strong></span> <span class='ocrx_word' id='word_1_467' title='bbox 1346 3548 1497 3599; x_wconf 86' lang='lat' dir='ltr'><strong>illum</strong></span> <span class='ocrx_word' id='word_1_468' title='bbox 1519 3549 1561 3602; x_wconf 82' lang='grc'>⁵.</span> 
     </span>
    </p>
   </div>
   <div class='ocr_carea' id='block_1_65' title="bbox 569 3638 2073 3709">
    <p class='ocr_par' dir='ltr' id='par_1_65' title="bbox 569 3638 2073 3709">
     <span class='ocr_line' id='line_1_65' title="bbox 569 3638 2073 3709; baseline 0.002 -16"><span class='ocrx_word' id='word_1_469' title='bbox 569 3640 750 3695; x_wconf 68' lang='lat' dir='ltr'><strong>ltel‘ut.</strong></span> <span class='ocrx_word' id='word_1_470' title='bbox 782 3639 868 3693; x_wconf 84' lang='lat'><strong>77.</strong></span> <span class='ocrx_word' id='word_1_471' title='bbox 912 3639 1064 3695; x_wconf 89' lang='lat' dir='ltr'><strong>Unde</strong></span> <span class='ocrx_word' id='word_1_472' title='bbox 1114 3640 1204 3693; x_wconf 87' lang='lat' dir='ltr'><strong>illa</strong></span> <span class='ocrx_word' id='word_1_473' title='bbox 1253 3641 1411 3709; x_wconf 88' lang='lat' dir='ltr'><strong>panis</strong></span> <span class='ocrx_word' id='word_1_474' title='bbox 1468 3638 1701 3693; x_wconf 80' lang='lat' dir='ltr'><strong>fractio?</strong></span> <span class='ocrx_word' id='word_1_475' title='bbox 1754 3640 1863 3703; x_wconf 89' lang='lat' dir='ltr'><strong>dic,</strong></span> <span class='ocrx_word' id='word_1_476' title='bbox 1912 3640 2073 3697; x_wconf 89' lang='lat' dir='ltr'><strong>sodes</strong></span> 
     </span>
    </p>
   </div>
   <div class='ocr_carea' id='block_1_66' title="bbox 494 3729 2072 3801">
    <p class='ocr_par' dir='ltr' id='par_1_66' title="bbox 494 3729 2072 3801">
     <span class='ocr_line' id='line_1_66' title="bbox 494 3729 2072 3801; baseline 0.001 -16"><span class='ocrx_word' id='word_1_477' title='bbox 494 3732 715 3786; x_wconf 85' lang='lat' dir='ltr'><strong>Marcio.</strong></span> <span class='ocrx_word' id='word_1_478' title='bbox 744 3730 882 3785; x_wconf 87' lang='lat' dir='ltr'><strong>Num</strong></span> <span class='ocrx_word' id='word_1_479' title='bbox 930 3731 998 3785; x_wconf 92' lang='lat' dir='ltr'><strong>ab</strong></span> <span class='ocrx_word' id='word_1_480' title='bbox 1046 3730 1192 3785; x_wconf 86' lang='lat' dir='ltr'><strong>inani</strong></span> <span class='ocrx_word' id='word_1_481' title='bbox 1224 3731 1401 3800; x_wconf 89' lang='lat' dir='ltr'><strong>aliqua</strong></span> <span class='ocrx_word' id='word_1_482' title='bbox 1433 3729 1637 3797; x_wconf 80' lang='lat' dir='ltr'><strong>forma;</strong></span> <span class='ocrx_word' id='word_1_483' title='bbox 1674 3744 1743 3784; x_wconf 90' lang='lat' dir='ltr'><strong>an</strong></span> <span class='ocrx_word' id='word_1_484' title='bbox 1776 3746 1806 3783; x_wconf 91' lang='lat' dir='ltr'><strong>a</strong></span> <span class='ocrx_word' id='word_1_485' title='bbox 1842 3746 2072 3801; x_wconf 90' lang='lat' dir='ltr'><strong>corpore</strong></span> 
     </span>
    </p>
   </div>
   <div class='ocr_carea' id='block_1_67' title="bbox 497 3820 2074 3890">
    <p class='ocr_par' dir='ltr' id='par_1_67' title="bbox 497 3820 2074 3890">
     <span class='ocr_line' id='line_1_67' title="bbox 497 3820 2074 3890; baseline -0.002 -13"><span class='ocrx_word' id='word_1_486' title='bbox 497 3824 636 3877; x_wconf 82' lang='lat' dir='ltr'><strong>mole</strong></span> <span class='ocrx_word' id='word_1_487' title='bbox 666 3822 845 3890; x_wconf 87' lang='lat' dir='ltr'><strong>aliqua</strong></span> <span class='ocrx_word' id='word_1_488' title='bbox 881 3828 1186 3887; x_wconf 87' lang='lat' dir='ltr'><strong>constante,</strong></span> <span class='ocrx_word' id='word_1_489' title='bbox 1216 3835 1280 3874; x_wconf 91' lang='lat' dir='ltr'><strong>ac</strong></span> <span class='ocrx_word' id='word_1_490' title='bbox 1314 3835 1499 3874; x_wconf 87' lang='lat' dir='ltr'><strong>revera</strong></span> <span class='ocrx_word' id='word_1_491' title='bbox 1533 3820 1677 3874; x_wconf 89' lang='lat' dir='ltr'><strong>istud</strong></span> <span class='ocrx_word' id='word_1_492' title='bbox 1724 3830 1919 3890; x_wconf 87' lang='lat' dir='ltr'><strong>agente</strong></span> <span class='ocrx_word' id='word_1_493' title='bbox 1948 3836 2074 3890; x_wconf 83' lang='lat' dir='ltr'><strong>pro-</strong></span> 
     </span>
    </p>
   </div>
   <div class='ocr_carea' id='block_1_68' title="bbox 495 3913 2074 3981">
    <p class='ocr_par' dir='ltr' id='par_1_68' title="bbox 495 3913 2074 3981">
     <span class='ocr_line' id='line_1_68' title="bbox 495 3913 2074 3981; baseline -0.002 -11"><span class='ocrx_word' id='word_1_494' title='bbox 495 3916 635 3970; x_wconf 74' lang='lat' dir='ltr'><strong>lecta</strong></span> <span class='ocrx_word' id='word_1_495' title='bbox 668 3913 791 3969; x_wconf 85' lang='lat' dir='ltr'><strong>est?</strong></span> <span class='ocrx_word' id='word_1_496' title='bbox 814 3913 951 3967; x_wconf 87' lang='lat' dir='ltr'><strong>Cum</strong></span> <span class='ocrx_word' id='word_1_497' title='bbox 977 3914 1119 3967; x_wconf 90' lang='lat' dir='ltr'><strong>enim</strong></span> <span class='ocrx_word' id='word_1_498' title='bbox 1154 3922 1459 3981; x_wconf 87' lang='lat' dir='ltr'><strong>resurgeret</strong></span> <span class='ocrx_word' id='word_1_499' title='bbox 1489 3926 1517 3965; x_wconf 90' lang='lat' dir='ltr'><strong>a</strong></span> <span class='ocrx_word' id='word_1_500' title='bbox 1554 3914 1805 3975; x_wconf 91' lang='lat' dir='ltr'><strong>mortuis,</strong></span> <span class='ocrx_word' id='word_1_501' title='bbox 1830 3927 1955 3966; x_wconf 91' lang='lat' dir='ltr'><strong>cum</strong></span> <span class='ocrx_word' id='word_1_502' title='bbox 1988 3928 2074 3967; x_wconf 60' lang='lat' dir='ltr'><strong>eoo</strong></span> 
     </span>
    </p>
   </div>
   <div class='ocr_carea' id='block_1_69' title="bbox 495 4000 2073 4071">
    <p class='ocr_par' dir='ltr' id='par_1_69' title="bbox 495 4000 2073 4071">
     <span class='ocr_line' id='line_1_69' title="bbox 495 4000 2073 4071; baseline -0.003 -11"><span class='ocrx_word' id='word_1_503' title='bbox 495 4006 617 4060; x_wconf 89' lang='lat' dir='ltr'><strong>dem</strong></span> <span class='ocrx_word' id='word_1_504' title='bbox 670 4006 761 4059; x_wconf 91' lang='lat' dir='ltr'><strong>illo</strong></span> <span class='ocrx_word' id='word_1_505' title='bbox 804 4003 1153 4059; x_wconf 88' lang='lat' dir='ltr'><strong>sanctissimo</strong></span> <span class='ocrx_word' id='word_1_506' title='bbox 1192 4016 1419 4071; x_wconf 88' lang='lat' dir='ltr'><strong>corpore</strong></span> <span class='ocrx_word' id='word_1_507' title='bbox 1467 4002 1645 4071; x_wconf 86' lang='lat' dir='ltr'><strong>reipsa</strong></span> <span class='ocrx_word' id='word_1_508' title='bbox 1701 4002 1958 4057; x_wconf 81' lang='lat' dir='ltr'><strong>surrexit.</strong></span> <span class='ocrx_word' id='word_1_509' title='bbox 1992 4000 2073 4055; x_wconf 89' lang='lat' dir='ltr'><strong>Tu</strong></span> 
     </span>
    </p>
   </div>
   <div class='ocr_carea' id='block_1_70' title="bbox 497 4091 2076 4166">
    <p class='ocr_par' dir='ltr' id='par_1_70' title="bbox 497 4091 2076 4166">
     <span class='ocr_line' id='line_1_70' title="bbox 497 4091 2076 4166; baseline -0.004 -15"><span class='ocrx_word' id='word_1_510' title='bbox 497 4112 625 4151; x_wconf 89' lang='lat' dir='ltr'><strong>vero</strong></span> <span class='ocrx_word' id='word_1_511' title='bbox 658 4112 756 4166; x_wconf 92' lang='lat' dir='ltr'><strong>pro</strong></span> <span class='ocrx_word' id='word_1_512' title='bbox 782 4096 865 4149; x_wconf 92' lang='lat' dir='ltr'><strong>his</strong></span> <span class='ocrx_word' id='word_1_513' title='bbox 887 4094 1068 4149; x_wconf 85' lang='lat' dir='ltr'><strong>verbis</strong></span> <span class='ocrx_word' id='word_1_514' title='bbox 1096 4112 1109 4147; x_wconf 90' lang='lat'><strong>:</strong></span> <span class='ocrx_word' id='word_1_515' title='bbox 1144 4091 1333 4146; x_wconf 81' lang='lat' dir='ltr'><strong>Nonne</strong></span> <span class='ocrx_word' id='word_1_516' title='bbox 1361 4092 1470 4146; x_wconf 71' lang='lat' dir='ltr'><strong>lucc</strong></span> <span class='ocrx_word' id='word_1_517' title='bbox 1493 4101 1613 4145; x_wconf 80' lang='lat' dir='ltr'><strong>sunt</strong></span> <span class='ocrx_word' id='word_1_518' title='bbox 1634 4109 1752 4162; x_wconf 75' lang='lat' dir='ltr'><strong>qua:</strong></span> <span class='ocrx_word' id='word_1_519' title='bbox 1772 4094 1932 4146; x_wconf 87' lang='lat' dir='ltr'><strong>locuti</strong></span> <span class='ocrx_word' id='word_1_520' title='bbox 1953 4101 2076 4146; x_wconf 79' lang='lat' dir='ltr'><strong>sunt</strong></span> 
     </span>
    </p>
   </div>
   <div class='ocr_carea' id='block_1_71' title="bbox 496 4182 2075 4256">
    <p class='ocr_par' dir='ltr' id='par_1_71' title="bbox 496 4182 2075 4256">
     <span class='ocr_line' id='line_1_71' title="bbox 496 4182 2075 4256; baseline -0.003 -17"><span class='ocrx_word' id='word_1_521' title='bbox 496 4188 796 4256; x_wconf 60' lang='lat' dir='ltr'><strong>prophetis?</strong></span> <span class='ocrx_word' id='word_1_522' title='bbox 837 4185 1159 4240; x_wconf 79' lang='lat' dir='ltr'><strong>Reseribere</strong></span> <span class='ocrx_word' id='word_1_523' title='bbox 1211 4200 1377 4239; x_wconf 89' lang='lat' dir='ltr'><strong>ausus</strong></span> <span class='ocrx_word' id='word_1_524' title='bbox 1420 4200 1479 4239; x_wconf 92' lang='lat' dir='ltr'><strong>es</strong></span> <span class='ocrx_word' id='word_1_525' title='bbox 1514 4204 1525 4237; x_wconf 92' lang='lat'><strong>:</strong></span> <span class='ocrx_word' id='word_1_526' title='bbox 1562 4182 1750 4237; x_wconf 85' lang='lat' dir='ltr'><strong>Nonne</strong></span> <span class='ocrx_word' id='word_1_527' title='bbox 1798 4183 1909 4237; x_wconf 75' lang='lat' dir='ltr'><strong>[nec</strong></span> <span class='ocrx_word' id='word_1_528' title='bbox 1952 4191 2075 4237; x_wconf 81' lang='lat' dir='ltr'><strong>sunt</strong></span> 
     </span>
    </p>
   </div>
   <div class='ocr_carea' id='block_1_72' title="bbox 496 4274 2071 4348">
    <p class='ocr_par' dir='ltr' id='par_1_72' title="bbox 496 4274 2071 4348">
     <span class='ocr_line' id='line_1_72' title="bbox 496 4274 2071 4348; baseline 0 -20"><span class='ocrx_word' id='word_1_529' title='bbox 496 4294 612 4348; x_wconf 70' lang='lat' dir='ltr'><strong>qua:</strong></span> <span class='ocrx_word' id='word_1_530' title='bbox 644 4278 848 4331; x_wconf 80' lang='lat' dir='ltr'><strong>locutus</strong></span> <span class='ocrx_word' id='word_1_531' title='bbox 882 4292 996 4330; x_wconf 78' lang='lat' dir='ltr'><strong>sum</strong></span> <span class='ocrx_word' id='word_1_532' title='bbox 1023 4275 1203 4329; x_wconf 81' lang='lat' dir='ltr'><strong>vobis?</strong></span> <span class='ocrx_word' id='word_1_533' title='bbox 1231 4274 1393 4344; x_wconf 80' lang='lat' dir='ltr'><strong>Atqui</strong></span> <span class='ocrx_word' id='word_1_534' title='bbox 1433 4276 1477 4329; x_wconf 93' lang='lat' dir='ltr'><strong>si</strong></span> <span class='ocrx_word' id='word_1_535' title='bbox 1527 4274 1627 4327; x_wconf 90' lang='lat' dir='ltr'><strong>hoc</strong></span> <span class='ocrx_word' id='word_1_536' title='bbox 1664 4275 1772 4329; x_wconf 92' lang='lat' dir='ltr'><strong>illis</strong></span> <span class='ocrx_word' id='word_1_537' title='bbox 1799 4274 2028 4328; x_wconf 83' lang='lat' dir='ltr'><strong>dixisset</strong></span> <span class='ocrx_word' id='word_1_538' title='bbox 2058 4291 2071 4328; x_wconf 92' lang='lat'><strong>:</strong></span> 
     </span>
    </p>
   </div>
   <div class='ocr_carea' id='block_1_73' title="bbox 2171 3087 3751 3165">
    <p class='ocr_par' dir='ltr' id='par_1_73' title="bbox 2171 3087 3751 3165">
     <span class='ocr_line' id='line_1_73' title="bbox 2171 3087 3751 3165; baseline -0.003 -15"><span class='ocrx_word' id='word_1_539' title='bbox 2171 3096 2267 3150; x_wconf 74' lang='grc' dir='ltr'><strong>καὶ</strong></span> <span class='ocrx_word' id='word_1_540' title='bbox 2295 3096 2543 3165; x_wconf 80' lang='grc' dir='ltr'><strong>βραδεῖς</strong></span> <span class='ocrx_word' id='word_1_541' title='bbox 2579 3096 2687 3149; x_wconf 88' lang='grc' dir='ltr'><strong>τοῦ</strong></span> <span class='ocrx_word' id='word_1_542' title='bbox 2732 3096 3038 3147; x_wconf 80' lang='grc' dir='ltr'>πιστεύειν</span> <span class='ocrx_word' id='word_1_543' title='bbox 3084 3091 3272 3148; x_wconf 87' lang='grc' dir='ltr'><em>πᾶσιν</em></span> <span class='ocrx_word' id='word_1_544' title='bbox 3308 3087 3399 3159; x_wconf 82' lang='grc' dir='ltr'><strong>οἷς</strong></span> <span class='ocrx_word' id='word_1_545' title='bbox 3436 3092 3751 3161; x_wconf 81' lang='grc' dir='ltr'><em>ἐλάλησαν</em></span> 
     </span>
    </p>
   </div>
   <div class='ocr_carea' id='block_1_74' title="bbox 2170 3174 3750 3258">
    <p class='ocr_par' dir='ltr' id='par_1_74' title="bbox 2170 3174 3750 3258">
     <span class='ocr_line' id='line_1_74' title="bbox 2170 3174 3750 3258; baseline -0.005 -14"><span class='ocrx_word' id='word_1_546' title='bbox 2170 3194 2223 3244; x_wconf 80' lang='lat' dir='ltr'><strong>ot</strong></span> <span class='ocrx_word' id='word_1_547' title='bbox 2255 3188 2592 3258; x_wconf 59' lang='grc' dir='ltr'><strong>προφῆται.ί</strong></span> <span class='ocrx_word' id='word_1_548' title='bbox 2632 3187 2767 3256; x_wconf 76' lang='grc' dir='ltr'><strong>οὐχί</strong></span> <span class='ocrx_word' id='word_1_549' title='bbox 2814 3184 3000 3240; x_wconf 86' lang='grc' dir='ltr'><em>ταῦτα</em></span> <span class='ocrx_word' id='word_1_550' title='bbox 3042 3184 3163 3239; x_wconf 75' lang='grc' dir='ltr'>ἔδει</span> <span class='ocrx_word' id='word_1_551' title='bbox 3204 3184 3446 3249; x_wconf 85' lang='grc' dir='ltr'><strong>παθεῖν;</strong></span> <span class='ocrx_word' id='word_1_552' title='bbox 3480 3186 3573 3237; x_wconf 77' lang='grc' dir='ltr'><strong>καὶ</strong></span> <span class='ocrx_word' id='word_1_553' title='bbox 3623 3174 3750 3237; x_wconf 74' lang='grc' dir='ltr'>ἀντὶ</span> 
     </span>
    </p>
   </div>
   <div class='ocr_carea' id='block_1_75' title="bbox 2171 3274 3750 3349">
    <p class='ocr_par' dir='ltr' id='par_1_75' title="bbox 2171 3274 3750 3349">
     <span class='ocr_line' id='line_1_75' title="bbox 2171 3274 3750 3349; baseline -0.003 -16"><span class='ocrx_word' id='word_1_554' title='bbox 2171 3280 2285 3342; x_wconf 74' lang='grc' dir='ltr'>τοῦ,</span> <span class='ocrx_word' id='word_1_555' title='bbox 2316 3280 2409 3349; x_wconf 70' lang='grc' dir='ltr'><strong>ἐφ’</strong></span> <span class='ocrx_word' id='word_1_556' title='bbox 2453 3274 2544 3345; x_wconf 81' lang='grc' dir='ltr'><strong>οἷς</strong></span> <span class='ocrx_word' id='word_1_557' title='bbox 2564 3278 2881 3345; x_wconf 88' lang='grc' dir='ltr'><em>ἐλάλησαν</em></span> <span class='ocrx_word' id='word_1_558' title='bbox 2910 3281 2963 3331; x_wconf 76' lang='grc' dir='ltr'><strong>οἱ</strong></span> <span class='ocrx_word' id='word_1_559' title='bbox 2997 3274 3315 3344; x_wconf 64' lang='grc' dir='ltr'><em>προφῆται,</em></span> <span class='ocrx_word' id='word_1_560' title='bbox 3349 3277 3624 3346; x_wconf 78' lang='grc' dir='ltr'>ἐποίησεν,</span> <span class='ocrx_word' id='word_1_561' title='bbox 3658 3276 3750 3344; x_wconf 67' lang='grc' dir='ltr'><strong>ἐφ’</strong></span> 
     </span>
    </p>
   </div>
   <div class='ocr_carea' id='block_1_76' title="bbox 2170 3366 3747 3437">
    <p class='ocr_par' dir='ltr' id='par_1_76' title="bbox 2170 3366 3747 3437">
     <span class='ocr_line' id='line_1_76' title="bbox 2170 3366 3747 3437; baseline -0.003 -14"><span class='ocrx_word' id='word_1_562' title='bbox 2170 3366 2260 3436; x_wconf 78' lang='grc' dir='ltr'><strong>οἷς</strong></span> <span class='ocrx_word' id='word_1_563' title='bbox 2290 3370 2568 3437; x_wconf 76' lang='grc' dir='ltr'><em>ἐλάλησα</em></span> <span class='ocrx_word' id='word_1_564' title='bbox 2620 3369 2783 3437; x_wconf 85' lang='grc' dir='ltr'><em>ὑμῖν.</em></span> <span class='ocrx_word' id='word_1_565' title='bbox 2822 3368 3133 3437; x_wconf 83' lang='grc' dir='ltr'>Ἐλέγχεται</span> <span class='ocrx_word' id='word_1_566' title='bbox 3164 3367 3239 3429; x_wconf 84' lang='grc' dir='ltr'>δὲ,</span> <span class='ocrx_word' id='word_1_567' title='bbox 3268 3368 3370 3432; x_wconf 86' lang='grc' dir='ltr'>ὃτι,</span> <span class='ocrx_word' id='word_1_568' title='bbox 3400 3368 3487 3420; x_wconf 81' lang='grc' dir='ltr'><strong>ὅτε</strong></span> <span class='ocrx_word' id='word_1_569' title='bbox 3525 3367 3747 3421; x_wconf 81' lang='grc' dir='ltr'><em>ἕκλασε</em></span> 
     </span>
    </p>
   </div>
   <div class='ocr_carea' id='block_1_77' title="bbox 2170 3459 3753 3529">
    <p class='ocr_par' dir='ltr' id='par_1_77' title="bbox 2170 3459 3753 3529">
     <span class='ocr_line' id='line_1_77' title="bbox 2170 3459 3753 3529; baseline -0.002 -14"><span class='ocrx_word' id='word_1_570' title='bbox 2170 3463 2277 3515; x_wconf 83' lang='grc' dir='ltr'><em>τὸν</em></span> <span class='ocrx_word' id='word_1_571' title='bbox 2302 3461 2503 3529; x_wconf 78' lang='grc' dir='ltr'><em>ἄρτον,</em></span> <span class='ocrx_word' id='word_1_572' title='bbox 2547 3460 2928 3529; x_wconf 81' lang='grc' dir='ltr'><em>ἠνοίχθησαν</em></span> <span class='ocrx_word' id='word_1_573' title='bbox 2968 3459 3168 3514; x_wconf 79' lang='grc' dir='ltr'><em>αὐτῶν</em></span> <span class='ocrx_word' id='word_1_574' title='bbox 3209 3461 3263 3513; x_wconf 77' lang='grc' dir='ltr'><strong>οἱ</strong></span> <span class='ocrx_word' id='word_1_575' title='bbox 3304 3459 3622 3529; x_wconf 76' lang='grc' dir='ltr'><em>ὀφθαλμοὶ,</em></span> <span class='ocrx_word' id='word_1_576' title='bbox 3647 3460 3753 3513; x_wconf 69' lang='grc' dir='ltr'><strong>καὶ</strong></span> 
     </span>
    </p>
   </div>
   <div class='ocr_carea' id='block_1_78' title="bbox 2171 3555 2757 3623">
    <p class='ocr_par' dir='ltr' id='par_1_78' title="bbox 2171 3555 2757 3623">
     <span class='ocr_line' id='line_1_78' title="bbox 2171 3555 2757 3623; baseline -0.005 -15"><span class='ocrx_word' id='word_1_577' title='bbox 2171 3555 2523 3623; x_wconf 70' lang='grc' dir='ltr'><em>ἐπέγνωσαν</em></span> <span class='ocrx_word' id='word_1_578' title='bbox 2553 3556 2757 3608; x_wconf 83' lang='grc' dir='ltr'><em>αὐτόν.</em></span> 
     </span>
    </p>
   </div>
   <div class='ocr_carea' id='block_1_79' title="bbox 2247 3641 3748 3715">
    <p class='ocr_par' dir='ltr' id='par_1_79' title="bbox 2247 3641 3748 3715">
     <span class='ocr_line' id='line_1_79' title="bbox 2247 3641 3748 3715; baseline -0.003 -17"><span class='ocrx_word' id='word_1_579' title='bbox 2247 3646 2465 3715; x_wconf 81' lang='grc' dir='ltr'>Ἐλεγχ.</span> <span class='ocrx_word' id='word_1_580' title='bbox 2497 3644 2588 3709; x_wconf 69' lang='grc' dir='ltr'>οζν.</span> <span class='ocrx_word' id='word_1_581' title='bbox 2648 3644 2818 3697; x_wconf 83' lang='grc' dir='ltr'>Πόθεν</span> <span class='ocrx_word' id='word_1_582' title='bbox 2862 3645 2895 3715; x_wconf 80' lang='grc' dir='ltr'>ἡ</span> <span class='ocrx_word' id='word_1_583' title='bbox 2940 3643 3131 3708; x_wconf 81' lang='grc' dir='ltr'>κλάσις</span> <span class='ocrx_word' id='word_1_584' title='bbox 3167 3641 3261 3697; x_wconf 77' lang='grc' dir='ltr'>τοῦ</span> <span class='ocrx_word' id='word_1_585' title='bbox 3291 3642 3456 3713; x_wconf 80' lang='grc' dir='ltr'>ἄρτου</span> <span class='ocrx_word' id='word_1_586' title='bbox 3498 3641 3748 3711; x_wconf 75' lang='grc' dir='ltr'>ὲγένετος</span> 
     </span>
    </p>
   </div>
   <div class='ocr_carea' id='block_1_80' title="bbox 2172 3730 3747 3807">
    <p class='ocr_par' dir='ltr' id='par_1_80' title="bbox 2172 3730 3747 3807">
     <span class='ocr_line' id='line_1_80' title="bbox 2172 3730 3747 3807; baseline -0.003 -19"><span class='ocrx_word' id='word_1_587' title='bbox 2172 3736 2319 3804; x_wconf 80' lang='grc' dir='ltr'>λέγε,</span> <span class='ocrx_word' id='word_1_588' title='bbox 2350 3730 2395 3789; x_wconf 80' lang='grc' dir='ltr'>ὦ</span> <span class='ocrx_word' id='word_1_589' title='bbox 2451 3734 2735 3807; x_wconf 82' lang='grc' dir='ltr'>Μαρκίων.</span> <span class='ocrx_word' id='word_1_590' title='bbox 2782 3735 2916 3789; x_wconf 84' lang='grc' dir='ltr'><strong>’Δπὸ</strong></span> <span class='ocrx_word' id='word_1_591' title='bbox 2957 3735 3257 3805; x_wconf 80' lang='grc' dir='ltr'>φαντασίας</span> <span class='ocrx_word' id='word_1_592' title='bbox 3289 3735 3322 3805; x_wconf 82' lang='grc' dir='ltr'><strong>ἢ</strong></span> <span class='ocrx_word' id='word_1_593' title='bbox 3355 3734 3463 3788; x_wconf 84' lang='grc' dir='ltr'>άπὸ</span> <span class='ocrx_word' id='word_1_594' title='bbox 3496 3732 3747 3803; x_wconf 85' lang='grc' dir='ltr'>σώματος</span> 
     </span>
    </p>
   </div>
   <div class='ocr_carea' id='block_1_81' title="bbox 2174 3823 3746 3900">
    <p class='ocr_par' dir='ltr' id='par_1_81' title="bbox 2174 3823 3746 3900">
     <span class='ocr_line' id='line_1_81' title="bbox 2174 3823 3746 3900; baseline -0.003 -21"><span class='ocrx_word' id='word_1_595' title='bbox 2174 3827 2523 3899; x_wconf 79' lang='grc' dir='ltr'>ἐνεργοῦντος</span> <span class='ocrx_word' id='word_1_596' title='bbox 2552 3825 2791 3900; x_wconf 82' lang='grc' dir='ltr'>ὀγκηροῦ</span> <span class='ocrx_word' id='word_1_597' title='bbox 2838 3826 2981 3881; x_wconf 86' lang='grc' dir='ltr'>κατὰ</span> <span class='ocrx_word' id='word_1_598' title='bbox 3024 3826 3311 3898; x_wconf 81' lang='grc' dir='ltr'>ἀλήθειαν;</span> <span class='ocrx_word' id='word_1_599' title='bbox 3360 3824 3618 3885; x_wconf 76' lang='grc' dir='ltr'>’Δναστὰς</span> <span class='ocrx_word' id='word_1_600' title='bbox 3640 3823 3746 3893; x_wconf 66' lang='grc' dir='ltr'>γὰρ</span> 
     </span>
    </p>
   </div>
   <div class='ocr_carea' id='block_1_82' title="bbox 2175 3915 3750 3989">
    <p class='ocr_par' dir='ltr' id='par_1_82' title="bbox 2175 3915 3750 3989">
     <span class='ocr_line' id='line_1_82' title="bbox 2175 3915 3750 3989; baseline -0.004 -19"><span class='ocrx_word' id='word_1_601' title='bbox 2175 3920 2239 3971; x_wconf 86' lang='grc' dir='ltr'>ὲκ</span> <span class='ocrx_word' id='word_1_602' title='bbox 2264 3918 2369 3971; x_wconf 83' lang='grc' dir='ltr'>τῶν</span> <span class='ocrx_word' id='word_1_603' title='bbox 2402 3918 2633 3989; x_wconf 85' lang='grc' dir='ltr'>νεκρῶν,</span> <span class='ocrx_word' id='word_1_604' title='bbox 2666 3922 2723 3972; x_wconf 81' lang='grc' dir='ltr'>ὲν</span> <span class='ocrx_word' id='word_1_605' title='bbox 2754 3918 2902 3988; x_wconf 83' lang='grc' dir='ltr'>αὐτῷ</span> <span class='ocrx_word' id='word_1_606' title='bbox 2930 3918 3008 3989; x_wconf 84' lang='grc' dir='ltr'>τῷ</span> <span class='ocrx_word' id='word_1_607' title='bbox 3044 3918 3183 3988; x_wconf 85' lang='grc' dir='ltr'>ἁγίῳ</span> <span class='ocrx_word' id='word_1_608' title='bbox 3212 3916 3423 3987; x_wconf 79' lang='grc' dir='ltr'>σώματι</span> <span class='ocrx_word' id='word_1_609' title='bbox 3462 3915 3661 3983; x_wconf 78' lang='grc' dir='ltr'><em>ἀνέστη</em></span> <span class='ocrx_word' id='word_1_610' title='bbox 3690 3915 3750 3965; x_wconf 86' lang='grc' dir='ltr'>ὲν</span> 
     </span>
    </p>
   </div>
   <div class='ocr_carea' id='block_1_83' title="bbox 2176 4002 3749 4083">
    <p class='ocr_par' dir='ltr' id='par_1_83' title="bbox 2176 4002 3749 4083">
     <span class='ocr_line' id='line_1_83' title="bbox 2176 4002 3749 4083; baseline -0.003 -18"><span class='ocrx_word' id='word_1_611' title='bbox 2176 4010 2421 4082; x_wconf 79' lang='grc' dir='ltr'>ἀληθείᾳ.</span> <span class='ocrx_word' id='word_1_612' title='bbox 2473 4010 2761 4081; x_wconf 85' lang='grc' dir='ltr'>Ἐποίησας</span> <span class='ocrx_word' id='word_1_613' title='bbox 2811 4010 2888 4073; x_wconf 87' lang='grc' dir='ltr'>δὲ,</span> <span class='ocrx_word' id='word_1_614' title='bbox 2950 4002 2995 4063; x_wconf 81' lang='grc' dir='ltr'><strong>ὦ</strong></span> <span class='ocrx_word' id='word_1_615' title='bbox 3036 4010 3323 4083; x_wconf 84' lang='grc' dir='ltr'>Μαρκίων,</span> <span class='ocrx_word' id='word_1_616' title='bbox 3372 4009 3494 4062; x_wconf 75' lang='grc' dir='ltr'>ἀντὶ</span> <span class='ocrx_word' id='word_1_617' title='bbox 3539 4008 3633 4061; x_wconf 78' lang='grc' dir='ltr'>τοῦ</span> <span class='ocrx_word' id='word_1_618' title='bbox 3665 4010 3749 4061; x_wconf 84' lang='grc' dir='ltr'><strong>Οὐ</strong></span> 
     </span>
    </p>
   </div>
   <div class='ocr_carea' id='block_1_84' title="bbox 2173 4099 3752 4170">
    <p class='ocr_par' dir='ltr' id='par_1_84' title="bbox 2173 4099 3752 4170">
     <span class='ocr_line' id='line_1_84' title="bbox 2173 4099 3752 4170; baseline -0.003 -13"><span class='ocrx_word' id='word_1_619' title='bbox 2173 4102 2359 4157; x_wconf 85' lang='grc' dir='ltr'><em>ταῦτά</em></span> <span class='ocrx_word' id='word_1_620' title='bbox 2390 4103 2559 4154; x_wconf 87' lang='grc' dir='ltr'><em>ἐστιν</em></span> <span class='ocrx_word' id='word_1_621' title='bbox 2580 4101 2619 4155; x_wconf 84' lang='lat' dir='ltr'><strong>d</strong></span> <span class='ocrx_word' id='word_1_622' title='bbox 2644 4101 2959 4170; x_wconf 75' lang='grc' dir='ltr'><em>ἐλάλησαν</em></span> <span class='ocrx_word' id='word_1_623' title='bbox 2991 4104 3045 4155; x_wconf 82' lang='grc' dir='ltr'><strong>οι</strong></span> <span class='ocrx_word' id='word_1_624' title='bbox 3074 4101 3413 4170; x_wconf 68' lang='grc' dir='ltr'><em>προφῆται;</em></span> <span class='ocrx_word' id='word_1_625' title='bbox 3456 4102 3537 4154; x_wconf 89' lang='grc' dir='ltr'><strong>Οὑ</strong></span> <span class='ocrx_word' id='word_1_626' title='bbox 3565 4099 3752 4153; x_wconf 85' lang='grc' dir='ltr'><em>ταῦτά</em></span> 
     </span>
    </p>
   </div>
   <div class='ocr_carea' id='block_1_85' title="bbox 2173 4186 3749 4261">
    <p class='ocr_par' dir='ltr' id='par_1_85' title="bbox 2173 4186 3749 4261">
     <span class='ocr_line' id='line_1_85' title="bbox 2173 4186 3749 4261; baseline -0.002 -16"><span class='ocrx_word' id='word_1_627' title='bbox 2173 4193 2344 4245; x_wconf 82' lang='grc' dir='ltr'><em>ἐστιν</em></span> <span class='ocrx_word' id='word_1_628' title='bbox 2372 4189 2411 4244; x_wconf 79' lang='grc' dir='ltr'><em>ἂ</em></span> <span class='ocrx_word' id='word_1_629' title='bbox 2440 4190 2715 4259; x_wconf 84' lang='grc' dir='ltr'><em>ἐλάλησα</em></span> <span class='ocrx_word' id='word_1_630' title='bbox 2740 4191 2905 4261; x_wconf 83' lang='grc' dir='ltr'><strong>ῠμῖν;</strong></span> <span class='ocrx_word' id='word_1_631' title='bbox 2937 4193 3000 4245; x_wconf 81' lang='grc' dir='ltr'><strong>Εἰ</strong></span> <span class='ocrx_word' id='word_1_632' title='bbox 3036 4190 3093 4244; x_wconf 84' lang='grc' dir='ltr'>δὲ</span> <span class='ocrx_word' id='word_1_633' title='bbox 3123 4186 3272 4243; x_wconf 80' lang='grc' dir='ltr'>εἶπεν</span> <span class='ocrx_word' id='word_1_634' title='bbox 3307 4191 3492 4253; x_wconf 82' lang='grc' dir='ltr'>αὐτοῖς</span> <span class='ocrx_word' id='word_1_635' title='bbox 3512 4208 3524 4219; x_wconf 90' lang='grc'><strong>·</strong></span> <span class='ocrx_word' id='word_1_636' title='bbox 3575 4186 3749 4243; x_wconf 86' lang='grc' dir='ltr'><em>Ἐλά-</em></span> 
     </span>
    </p>
   </div>
   <div class='ocr_carea' id='block_1_86' title="bbox 2174 4279 3749 4355">
    <p class='ocr_par' dir='ltr' id='par_1_86' title="bbox 2174 4279 3749 4355">
     <span class='ocr_line' id='line_1_86' title="bbox 2174 4279 3749 4355; baseline -0.003 -18"><span class='ocrx_word' id='word_1_637' title='bbox 2174 4288 2338 4350; x_wconf 88' lang='grc' dir='ltr'><em>λησα</em></span> <span class='ocrx_word' id='word_1_638' title='bbox 2394 4283 2557 4352; x_wconf 84' lang='grc' dir='ltr'><strong>ὑμῖν,</strong></span> <span class='ocrx_word' id='word_1_639' title='bbox 2600 4284 2773 4355; x_wconf 82' lang='grc' dir='ltr'><em>πάντη</em></span> <span class='ocrx_word' id='word_1_640' title='bbox 2834 4284 3128 4351; x_wconf 78' lang='grc' dir='ltr'>ἐγίνωσκον</span> <span class='ocrx_word' id='word_1_641' title='bbox 3177 4283 3340 4336; x_wconf 78' lang='grc' dir='ltr'>αὐτὸν</span> <span class='ocrx_word' id='word_1_642' title='bbox 3387 4283 3453 4336; x_wconf 79' lang='grc' dir='ltr'><strong>ἂν</strong></span> <span class='ocrx_word' id='word_1_643' title='bbox 3484 4281 3593 4335; x_wconf 83' lang='grc' dir='ltr'><strong>ἀπὸ</strong></span> <span class='ocrx_word' id='word_1_644' title='bbox 3655 4279 3749 4333; x_wconf 78' lang='grc' dir='ltr'>τοῦ</span> 
     </span>
    </p>
   </div>
   <div class='ocr_carea' id='block_1_87' title="bbox 498 4354 2071 4446">
    <p class='ocr_par' dir='ltr' id='par_1_87' title="bbox 498 4365 2071 4435">
     <span class='ocr_line' id='line_1_87' title="bbox 498 4365 2071 4435; baseline -0.003 -13"><span class='ocrx_word' id='word_1_645' title='bbox 498 4369 727 4425; x_wconf 79' lang='lat' dir='ltr'><strong>Locutus</strong></span> <span class='ocrx_word' id='word_1_646' title='bbox 762 4385 879 4422; x_wconf 78' lang='lat' dir='ltr'><strong>sunt</strong></span> <span class='ocrx_word' id='word_1_647' title='bbox 910 4367 1073 4430; x_wconf 81' lang='lat' dir='ltr'><strong>vobis,</strong></span> <span class='ocrx_word' id='word_1_648' title='bbox 1109 4382 1175 4421; x_wconf 81' lang='lat' dir='ltr'><strong>ex</strong></span> <span class='ocrx_word' id='word_1_649' title='bbox 1204 4366 1272 4421; x_wconf 92' lang='lat' dir='ltr'><strong>iis</strong></span> <span class='ocrx_word' id='word_1_650' title='bbox 1306 4368 1492 4435; x_wconf 90' lang='lat' dir='ltr'><strong>utique</strong></span> <span class='ocrx_word' id='word_1_651' title='bbox 1525 4365 1706 4421; x_wconf 83' lang='lat' dir='ltr'><strong>verbis</strong></span> <span class='ocrx_word' id='word_1_652' title='bbox 1757 4366 1936 4435; x_wconf 90' lang='lat' dir='ltr'><strong>ipsum</strong></span> <span class='ocrx_word' id='word_1_653' title='bbox 1983 4379 2071 4419; x_wconf 90' lang='lat' dir='ltr'><strong>co-</strong></span> 
     </span>
    </p>
   </div>
   <div class='ocr_carea' id='block_1_88' title="bbox 2169 4354 3749 4446">
    <p class='ocr_par' dir='ltr' id='par_1_88' title="bbox 2177 4354 3749 4446">
     <span class='ocr_line' id='line_1_88' title="bbox 2177 4354 3749 4446; baseline -0.003 -19"><span class='ocrx_word' id='word_1_654' title='bbox 2177 4375 2333 4443; x_wconf 86' lang='grc' dir='ltr'>λόγου</span> <span class='ocrx_word' id='word_1_655' title='bbox 2361 4375 2453 4428; x_wconf 83' lang='grc' dir='ltr'>τοῦ</span> <span class='ocrx_word' id='word_1_656' title='bbox 2475 4354 2945 4445; x_wconf 11' lang='grc' dir='ltr'><em>ἐλάλιισανὺμῒν.</em></span> <span class='ocrx_word' id='word_1_657' title='bbox 2983 4375 3108 4438; x_wconf 83' lang='grc' dir='ltr'>Πῶς</span> <span class='ocrx_word' id='word_1_658' title='bbox 3140 4371 3231 4428; x_wconf 85' lang='grc' dir='ltr'><strong>οὖν</strong></span> <span class='ocrx_word' id='word_1_659' title='bbox 3257 4375 3313 4427; x_wconf 84' lang='grc' dir='ltr'>ὲν</span> <span class='ocrx_word' id='word_1_660' title='bbox 3338 4377 3404 4446; x_wconf 79' lang='grc' dir='ltr'>τῇ</span> <span class='ocrx_word' id='word_1_661' title='bbox 3440 4373 3630 4427; x_wconf 84' lang='grc' dir='ltr'>κλάσει</span> <span class='ocrx_word' id='word_1_662' title='bbox 3654 4370 3749 4424; x_wconf 77' lang='grc' dir='ltr'>τοῦ</span> 
     </span>
    </p>
   </div>
   <div class='ocr_carea' id='block_1_89' title="bbox 497 4458 2078 4532">
    <p class='ocr_par' dir='ltr' id='par_1_89' title="bbox 497 4458 2078 4532">
     <span class='ocr_line' id='line_1_89' title="bbox 497 4458 2078 4532; baseline -0.003 -16"><span class='ocrx_word' id='word_1_663' title='bbox 497 4478 759 4532; x_wconf 84' lang='lat' dir='ltr'><strong>gnoseere</strong></span> <span class='ocrx_word' id='word_1_664' title='bbox 801 4462 1119 4514; x_wconf 88' lang='lat' dir='ltr'><strong>debuerant.</strong></span> <span class='ocrx_word' id='word_1_665' title='bbox 1151 4460 1258 4513; x_wconf 90' lang='lat' dir='ltr'><strong>Cur</strong></span> <span class='ocrx_word' id='word_1_666' title='bbox 1306 4460 1471 4529; x_wconf 91' lang='lat' dir='ltr'><strong>igitur</strong></span> <span class='ocrx_word' id='word_1_667' title='bbox 1504 4460 1557 4512; x_wconf 92' lang='lat' dir='ltr'><strong>in</strong></span> <span class='ocrx_word' id='word_1_668' title='bbox 1603 4458 1903 4527; x_wconf 80' lang='lat' dir='ltr'><strong>frangendo</strong></span> <span class='ocrx_word' id='word_1_669' title='bbox 1940 4473 2078 4526; x_wconf 87' lang='lat' dir='ltr'><strong>pane</strong></span> 
     </span>
    </p>
   </div>
   <div class='ocr_carea' id='block_1_90' title="bbox 497 4550 2078 4622">
    <p class='ocr_par' dir='ltr' id='par_1_90' title="bbox 497 4550 2078 4622">
     <span class='ocr_line' id='line_1_90' title="bbox 497 4550 2078 4622; baseline -0.005 -13"><span class='ocrx_word' id='word_1_670' title='bbox 497 4555 741 4622; x_wconf 72' lang='lat' dir='ltr'><strong>sulijicit,</strong></span> <span class='ocrx_word' id='word_1_671' title='bbox 775 4553 955 4619; x_wconf 81' lang='lat' dir='ltr'><strong>Aperti</strong></span> <span class='ocrx_word' id='word_1_672' title='bbox 1001 4560 1121 4605; x_wconf 75' lang='lat' dir='ltr'><strong>sunt</strong></span> <span class='ocrx_word' id='word_1_673' title='bbox 1166 4551 1380 4603; x_wconf 83' lang='lat' dir='ltr'><strong>illorum</strong></span> <span class='ocrx_word' id='word_1_674' title='bbox 1434 4550 1593 4613; x_wconf 84' lang='lat' dir='ltr'><strong>oculi,</strong></span> <span class='ocrx_word' id='word_1_675' title='bbox 1639 4558 1688 4602; x_wconf 90' lang='lat' dir='ltr'><strong>et</strong></span> <span class='ocrx_word' id='word_1_676' title='bbox 1729 4558 2078 4618; x_wconf 87' lang='lat' dir='ltr'><strong>cognoverunt</strong></span> 
     </span>
    </p>
   </div>
   <div class='ocr_carea' id='block_1_91' title="bbox 497 4640 2079 4711">
    <p class='ocr_par' dir='ltr' id='par_1_91' title="bbox 497 4640 2079 4711">
     <span class='ocr_line' id='line_1_91' title="bbox 497 4640 2079 4711; baseline -0.004 -13"><span class='ocrx_word' id='word_1_677' title='bbox 497 4664 614 4699; x_wconf 82' lang='lat' dir='ltr'><strong>eum</strong></span> <span class='ocrx_word' id='word_1_678' title='bbox 644 4662 660 4699; x_wconf 94' lang='lat'><em>:</em></span> <span class='ocrx_word' id='word_1_679' title='bbox 685 4655 733 4699; x_wconf 93' lang='lat' dir='ltr'><strong>et</strong></span> <span class='ocrx_word' id='word_1_680' title='bbox 765 4644 973 4698; x_wconf 87' lang='lat' dir='ltr'><strong>evanuit</strong></span> <span class='ocrx_word' id='word_1_681' title='bbox 995 4645 1018 4699; x_wconf 75' lang='grc'>2</span> <span class='ocrx_word' id='word_1_682' title='bbox 1040 4643 1114 4695; x_wconf 90' lang='lat' dir='ltr'><strong>Ita</strong></span> <span class='ocrx_word' id='word_1_683' title='bbox 1144 4642 1344 4711; x_wconf 89' lang='lat' dir='ltr'><strong>quippe</strong></span> <span class='ocrx_word' id='word_1_684' title='bbox 1370 4642 1535 4695; x_wconf 88' lang='lat' dir='ltr'><strong>Deum</strong></span> <span class='ocrx_word' id='word_1_685' title='bbox 1563 4642 1807 4705; x_wconf 89' lang='lat' dir='ltr'><strong>decebat,</strong></span> <span class='ocrx_word' id='word_1_686' title='bbox 1840 4640 1930 4709; x_wconf 93' lang='lat' dir='ltr'><strong>qui</strong></span> <span class='ocrx_word' id='word_1_687' title='bbox 1958 4655 2079 4693; x_wconf 89' lang='lat' dir='ltr'><strong>cor-</strong></span> 
     </span>
    </p>
   </div>
   <div class='ocr_carea' id='block_1_92' title="bbox 498 4731 2075 4807">
    <p class='ocr_par' dir='ltr' id='par_1_92' title="bbox 498 4731 2075 4807">
     <span class='ocr_line' id='line_1_92' title="bbox 498 4731 2075 4807; baseline -0.005 -15"><span class='ocrx_word' id='word_1_688' title='bbox 498 4755 600 4807; x_wconf 90' lang='lat' dir='ltr'><strong>pus</strong></span> <span class='ocrx_word' id='word_1_689' title='bbox 630 4753 787 4791; x_wconf 92' lang='lat' dir='ltr'><strong>suum</strong></span> <span class='ocrx_word' id='word_1_690' title='bbox 836 4736 890 4789; x_wconf 93' lang='lat' dir='ltr'><strong>in</strong></span> <span class='ocrx_word' id='word_1_691' title='bbox 940 4734 1181 4804; x_wconf 89' lang='lat' dir='ltr'><strong>spiritale</strong></span> <span class='ocrx_word' id='word_1_692' title='bbox 1215 4734 1598 4793; x_wconf 89' lang='lat' dir='ltr'><strong>convertisset,</strong></span> <span class='ocrx_word' id='word_1_693' title='bbox 1632 4748 1817 4786; x_wconf 86' lang='lat' dir='ltr'><strong>verum</strong></span> <span class='ocrx_word' id='word_1_694' title='bbox 1854 4731 2075 4801; x_wconf 91' lang='lat' dir='ltr'><strong>quidem</strong></span> 
     </span>
    </p>
   </div>
   <div class='ocr_carea' id='block_1_93' title="bbox 500 4824 2074 4893">
    <p class='ocr_par' dir='ltr' id='par_1_93' title="bbox 500 4824 2074 4893">
     <span class='ocr_line' id='line_1_93' title="bbox 500 4824 2074 4893; baseline -0.004 -11"><span class='ocrx_word' id='word_1_695' title='bbox 500 4828 633 4883; x_wconf 90' lang='lat' dir='ltr'><strong>illud</strong></span> <span class='ocrx_word' id='word_1_696' title='bbox 663 4826 974 4888; x_wconf 89' lang='lat' dir='ltr'><strong>ostendere,</strong></span> <span class='ocrx_word' id='word_1_697' title='bbox 1009 4825 1100 4878; x_wconf 89' lang='lat' dir='ltr'><strong>sed</strong></span> <span class='ocrx_word' id='word_1_698' title='bbox 1135 4826 1349 4893; x_wconf 81' lang='lat' dir='ltr'><strong>quoties</strong></span> <span class='ocrx_word' id='word_1_699' title='bbox 1376 4832 1557 4878; x_wconf 86' lang='lat' dir='ltr'><strong>tamen</strong></span> <span class='ocrx_word' id='word_1_700' title='bbox 1590 4824 1839 4878; x_wconf 88' lang='lat' dir='ltr'><strong>libuisset</strong></span> <span class='ocrx_word' id='word_1_701' title='bbox 1873 4831 2074 4876; x_wconf 80' lang='lat' dir='ltr'><strong>morta-</strong></span> 
     </span>
    </p>
   </div>
   <div class='ocr_carea' id='block_1_94' title="bbox 500 4914 2074 4984">
    <p class='ocr_par' dir='ltr' id='par_1_94' title="bbox 500 4914 2074 4984">
     <span class='ocr_line' id='line_1_94' title="bbox 500 4914 2074 4984; baseline -0.004 -11"><span class='ocrx_word' id='word_1_702' title='bbox 500 4921 631 4973; x_wconf 92' lang='lat' dir='ltr'><strong>lium</strong></span> <span class='ocrx_word' id='word_1_703' title='bbox 651 4917 825 4972; x_wconf 88' lang='lat' dir='ltr'><strong>oculis</strong></span> <span class='ocrx_word' id='word_1_704' title='bbox 849 4915 1173 4971; x_wconf 83' lang='lat' dir='ltr'><strong>subtrahere</strong></span> <span class='ocrx_word' id='word_1_705' title='bbox 1199 4929 1213 4967; x_wconf 90' lang='lat'><strong>:</strong></span> <span class='ocrx_word' id='word_1_706' title='bbox 1236 4916 1455 4984; x_wconf 90' lang='lat' dir='ltr'><strong>quando</strong></span> <span class='ocrx_word' id='word_1_707' title='bbox 1485 4915 1618 4968; x_wconf 90' lang='lat' dir='ltr'><strong>nihil</strong></span> <span class='ocrx_word' id='word_1_708' title='bbox 1644 4923 1726 4969; x_wconf 88' lang='lat' dir='ltr'><strong>est</strong></span> <span class='ocrx_word' id='word_1_709' title='bbox 1755 4914 1898 4983; x_wconf 92' lang='lat' dir='ltr'><strong>quod</strong></span> <span class='ocrx_word' id='word_1_710' title='bbox 1930 4914 2074 4967; x_wconf 86' lang='lat' dir='ltr'><strong>illius</strong></span> 
     </span>
    </p>
   </div>
   <div class='ocr_carea' id='block_1_95' title="bbox 500 5004 2074 5080">
    <p class='ocr_par' dir='ltr' id='par_1_95' title="bbox 500 5004 2074 5080">
     <span class='ocr_line' id='line_1_95' title="bbox 500 5004 2074 5080; baseline -0.006 -15"><span class='ocrx_word' id='word_1_711' title='bbox 500 5017 819 5080; x_wconf 83' lang='lat' dir='ltr'><strong>potestatem</strong></span> <span class='ocrx_word' id='word_1_712' title='bbox 871 5006 1113 5076; x_wconf 73' lang='lat' dir='ltr'><strong>eﬂ‘ugiat.</strong></span> <span class='ocrx_word' id='word_1_713' title='bbox 1144 5004 1279 5058; x_wconf 73' lang='lat' dir='ltr'><strong>Nam</strong></span> <span class='ocrx_word' id='word_1_714' title='bbox 1319 5013 1371 5059; x_wconf 91' lang='lat' dir='ltr'><strong>et</strong></span> <span class='ocrx_word' id='word_1_715' title='bbox 1394 5004 1623 5059; x_wconf 84' lang='lat' dir='ltr'><strong>Elisaeus</strong></span> <span class='ocrx_word' id='word_1_716' title='bbox 1647 5006 1911 5074; x_wconf 80' lang='lat' dir='ltr'><strong>prepheta</strong></span> <span class='ocrx_word' id='word_1_717' title='bbox 1951 5018 2074 5057; x_wconf 86' lang='lat' dir='ltr'><strong>eum</strong></span> 
     </span>
    </p>
   </div>
   <div class='ocr_carea' id='block_1_96' title="bbox 498 5092 2078 5165">
    <p class='ocr_par' dir='ltr' id='par_1_96' title="bbox 498 5092 2078 5165">
     <span class='ocr_line' id='line_1_96' title="bbox 498 5092 2078 5165; baseline -0.006 -9"><span class='ocrx_word' id='word_1_718' title='bbox 498 5112 665 5165; x_wconf 86' lang='lat' dir='ltr'><strong>esset,</strong></span> <span class='ocrx_word' id='word_1_719' title='bbox 689 5108 743 5155; x_wconf 89' lang='lat' dir='ltr'><strong>et</strong></span> <span class='ocrx_word' id='word_1_720' title='bbox 773 5114 802 5152; x_wconf 89' lang='lat' dir='ltr'><strong>a</strong></span> <span class='ocrx_word' id='word_1_721' title='bbox 830 5097 939 5152; x_wconf 87' lang='lat' dir='ltr'><strong>Deo</strong></span> <span class='ocrx_word' id='word_1_722' title='bbox 968 5097 1232 5151; x_wconf 81' lang='lat' dir='ltr'><strong>beneﬁcio</strong></span> <span class='ocrx_word' id='word_1_723' title='bbox 1256 5094 1524 5165; x_wconf 85' lang='lat' dir='ltr'><strong>ejusmodi</strong></span> <span class='ocrx_word' id='word_1_724' title='bbox 1554 5102 1700 5150; x_wconf 88' lang='lat' dir='ltr'><strong>esset</strong></span> <span class='ocrx_word' id='word_1_725' title='bbox 1724 5094 1970 5155; x_wconf 75' lang='lat' dir='ltr'><strong>allectus,</strong></span> <span class='ocrx_word' id='word_1_726' title='bbox 2009 5092 2078 5146; x_wconf 88' lang='lat' dir='ltr'><strong>ab</strong></span> 
     </span>
    </p>
   </div>
   <div class='ocr_carea' id='block_1_97' title="bbox 499 5186 2076 5262">
    <p class='ocr_par' dir='ltr' id='par_1_97' title="bbox 499 5186 2076 5262">
     <span class='ocr_line' id='line_1_97' title="bbox 499 5186 2076 5262; baseline -0.008 -13"><span class='ocrx_word' id='word_1_727' title='bbox 499 5196 687 5249; x_wconf 85' lang='lat' dir='ltr'><strong>eodem</strong></span> <span class='ocrx_word' id='word_1_728' title='bbox 714 5190 1026 5262; x_wconf 83' lang='lat' dir='ltr'><strong>postulavit,</strong></span> <span class='ocrx_word' id='word_1_729' title='bbox 1053 5198 1112 5243; x_wconf 92' lang='lat' dir='ltr'><strong>ut</strong></span> <span class='ocrx_word' id='word_1_730' title='bbox 1142 5188 1233 5257; x_wconf 90' lang='lat' dir='ltr'><strong>qui</strong></span> <span class='ocrx_word' id='word_1_731' title='bbox 1259 5202 1317 5242; x_wconf 88' lang='lat' dir='ltr'><strong>se</strong></span> <span class='ocrx_word' id='word_1_732' title='bbox 1342 5195 1667 5257; x_wconf 63' lang='lat' dir='ltr'><strong>quarerent,</strong></span> <span class='ocrx_word' id='word_1_733' title='bbox 1699 5186 1825 5239; x_wconf 64' lang='lat' dir='ltr'><strong>caeci</strong></span> <span class='ocrx_word' id='word_1_734' title='bbox 1857 5191 2076 5253; x_wconf 77' lang='lat' dir='ltr'><strong>repente</strong></span> 
     </span>
    </p>
   </div>
   <div class='ocr_carea' id='block_1_98' title="bbox 502 5275 2068 5353">
    <p class='ocr_par' dir='ltr' id='par_1_98' title="bbox 502 5275 2068 5353">
     <span class='ocr_line' id='line_1_98' title="bbox 502 5275 2068 5353; baseline -0.007 -14"><span class='ocrx_word' id='word_1_735' title='bbox 502 5288 693 5339; x_wconf 80' lang='lat' dir='ltr'><strong>tierent</strong></span> <span class='ocrx_word' id='word_1_736' title='bbox 722 5303 733 5337; x_wconf 94' lang='lat'><strong>:</strong></span> <span class='ocrx_word' id='word_1_737' title='bbox 770 5282 916 5353; x_wconf 92' lang='lat' dir='ltr'><strong>quod</strong></span> <span class='ocrx_word' id='word_1_738' title='bbox 946 5283 1018 5336; x_wconf 90' lang='lat' dir='ltr'><strong>ita</strong></span> <span class='ocrx_word' id='word_1_739' title='bbox 1042 5288 1250 5351; x_wconf 87' lang='lat' dir='ltr'><strong>gestum</strong></span> <span class='ocrx_word' id='word_1_740' title='bbox 1279 5287 1382 5341; x_wconf 91' lang='lat' dir='ltr'><strong>est,</strong></span> <span class='ocrx_word' id='word_1_741' title='bbox 1412 5287 1471 5332; x_wconf 91' lang='lat' dir='ltr'><strong>ut</strong></span> <span class='ocrx_word' id='word_1_742' title='bbox 1497 5294 1620 5332; x_wconf 90' lang='lat' dir='ltr'><strong>eum</strong></span> <span class='ocrx_word' id='word_1_743' title='bbox 1653 5278 1729 5330; x_wconf 92' lang='lat' dir='ltr'><strong>illi</strong></span> <span class='ocrx_word' id='word_1_744' title='bbox 1765 5275 2068 5343; x_wconf 88' lang='lat' dir='ltr'><strong>cujusmodi</strong></span> 
     </span>
    </p>
   </div>
   <div class='ocr_carea' id='block_1_99' title="bbox 500 5366 2071 5440">
    <p class='ocr_par' dir='ltr' id='par_1_99' title="bbox 500 5366 2071 5440">
     <span class='ocr_line' id='line_1_99' title="bbox 500 5366 2071 5440; baseline -0.008 -9"><span class='ocrx_word' id='word_1_745' title='bbox 500 5386 618 5431; x_wconf 89' lang='lat' dir='ltr'><strong>erat</strong></span> <span class='ocrx_word' id='word_1_746' title='bbox 649 5374 834 5428; x_wconf 87' lang='lat' dir='ltr'><strong>videre</strong></span> <span class='ocrx_word' id='word_1_747' title='bbox 867 5388 975 5427; x_wconf 93' lang='lat' dir='ltr'><strong>non</strong></span> <span class='ocrx_word' id='word_1_748' title='bbox 1020 5370 1300 5440; x_wconf 70' lang='lat' dir='ltr'><strong>possent“.</strong></span> <span class='ocrx_word' id='word_1_749' title='bbox 1342 5368 1650 5434; x_wconf 86' lang='lat' dir='ltr'><strong>Quinetiam</strong></span> <span class='ocrx_word' id='word_1_750' title='bbox 1687 5366 1942 5421; x_wconf 81' lang='lat' dir='ltr'><strong>Sodomis</strong></span> <span class='ocrx_word' id='word_1_751' title='bbox 1976 5382 2071 5419; x_wconf 88' lang='lat' dir='ltr'><strong>an-</strong></span> 
     </span>
    </p>
   </div>
   <div class='ocr_carea' id='block_1_100' title="bbox 501 5456 2072 5535">
    <p class='ocr_par' dir='ltr' id='par_1_100' title="bbox 501 5456 2072 5535">
     <span class='ocr_line' id='line_1_100' title="bbox 501 5456 2072 5535; baseline -0.006 -17"><span class='ocrx_word' id='word_1_752' title='bbox 501 5466 605 5535; x_wconf 91' lang='lat' dir='ltr'><strong>geli</strong></span> <span class='ocrx_word' id='word_1_753' title='bbox 639 5464 758 5518; x_wconf 89' lang='lat' dir='ltr'><strong>Loti</strong></span> <span class='ocrx_word' id='word_1_754' title='bbox 786 5464 984 5517; x_wconf 91' lang='lat' dir='ltr'><strong>ostium</strong></span> <span class='ocrx_word' id='word_1_755' title='bbox 1015 5462 1321 5517; x_wconf 86' lang='lat' dir='ltr'><strong>subducere</strong></span> <span class='ocrx_word' id='word_1_756' title='bbox 1365 5460 1540 5513; x_wconf 85' lang='lat' dir='ltr'><strong>oculis</strong></span> <span class='ocrx_word' id='word_1_757' title='bbox 1581 5464 1896 5527; x_wconf 88' lang='lat' dir='ltr'><strong>potuerunt,</strong></span> <span class='ocrx_word' id='word_1_758' title='bbox 1936 5456 2072 5510; x_wconf 88' lang='lat' dir='ltr'><strong>adeo</strong></span> 
     </span>
    </p>
   </div>
   <div class='ocr_carea' id='block_1_101' title="bbox 504 5546 2069 5620">
    <p class='ocr_par' dir='ltr' id='par_1_101' title="bbox 504 5546 2069 5620">
     <span class='ocr_line' id='line_1_101' title="bbox 504 5546 2069 5620; baseline -0.006 -10"><span class='ocrx_word' id='word_1_759' title='bbox 504 5568 563 5610; x_wconf 91' lang='lat' dir='ltr'><strong>ut</strong></span> <span class='ocrx_word' id='word_1_760' title='bbox 592 5554 791 5610; x_wconf 89' lang='lat' dir='ltr'><strong>intueri</strong></span> <span class='ocrx_word' id='word_1_761' title='bbox 822 5555 952 5608; x_wconf 90' lang='lat' dir='ltr'><strong>illud</strong></span> <span class='ocrx_word' id='word_1_762' title='bbox 984 5552 1277 5608; x_wconf 64' lang='lat' dir='ltr'><strong>Sodomita:</strong></span> <span class='ocrx_word' id='word_1_763' title='bbox 1304 5549 1707 5620; x_wconf 80' lang='lat' dir='ltr'><strong>nequiverint&#39;.</strong></span> <span class='ocrx_word' id='word_1_764' title='bbox 1743 5546 2069 5602; x_wconf 87' lang='lat' dir='ltr'><strong>Utrumnam</strong></span> 
     </span>
    </p>
   </div>
   <div class='ocr_carea' id='block_1_102' title="bbox 2175 4464 3749 4536">
    <p class='ocr_par' dir='ltr' id='par_1_102' title="bbox 2175 4464 3749 4536">
     <span class='ocr_line' id='line_1_102' title="bbox 2175 4464 3749 4536; baseline -0.001 -18"><span class='ocrx_word' id='word_1_765' title='bbox 2175 4466 2342 4536; x_wconf 84' lang='grc' dir='ltr'>άρτου</span> <span class='ocrx_word' id='word_1_766' title='bbox 2408 4465 2589 4534; x_wconf 83' lang='grc' dir='ltr'>λέγει’</span> <span class='ocrx_word' id='word_1_767' title='bbox 2644 4466 3040 4535; x_wconf 81' lang='grc' dir='ltr'><em>Ἠνοίχθησαν</em></span> <span class='ocrx_word' id='word_1_768' title='bbox 3098 4465 3296 4519; x_wconf 82' lang='grc' dir='ltr'><em>αὐτῶν</em></span> <span class='ocrx_word' id='word_1_769' title='bbox 3341 4468 3393 4519; x_wconf 77' lang='grc' dir='ltr'><strong>οἱ</strong></span> <span class='ocrx_word' id='word_1_770' title='bbox 3430 4464 3749 4533; x_wconf 71' lang='grc' dir='ltr'><strong>ὀφθαλμοί,</strong></span> 
     </span>
    </p>
   </div>
   <div class='ocr_carea' id='block_1_103' title="bbox 2174 4552 3751 4626">
    <p class='ocr_par' dir='ltr' id='par_1_103' title="bbox 2174 4552 3751 4626">
     <span class='ocr_line' id='line_1_103' title="bbox 2174 4552 3751 4626; baseline -0.003 -17"><span class='ocrx_word' id='word_1_771' title='bbox 2174 4556 2272 4609; x_wconf 72' lang='grc' dir='ltr'>καί</span> <span class='ocrx_word' id='word_1_772' title='bbox 2326 4555 2677 4626; x_wconf 76' lang='grc' dir='ltr'><em>ἐπέγνωσαν</em></span> <span class='ocrx_word' id='word_1_773' title='bbox 2730 4558 2950 4609; x_wconf 84' lang='grc' dir='ltr'><em>αὐτόν·</em></span> <span class='ocrx_word' id='word_1_774' title='bbox 3014 4555 3113 4609; x_wconf 79' lang='grc' dir='ltr'><strong>καὶ</strong></span> <span class='ocrx_word' id='word_1_775' title='bbox 3164 4555 3425 4624; x_wconf 67' lang='grc' dir='ltr'><em>ἄφαντος</em></span> <span class='ocrx_word' id='word_1_776' title='bbox 3478 4552 3751 4623; x_wconf 70' lang='grc' dir='ltr'><strong>ἐγένετος</strong></span> 
     </span>
    </p>
   </div>
   <div class='ocr_carea' id='block_1_104' title="bbox 2178 4642 3751 4719">
    <p class='ocr_par' dir='ltr' id='par_1_104' title="bbox 2178 4642 3751 4719">
     <span class='ocr_line' id='line_1_104' title="bbox 2178 4642 3751 4719; baseline -0.003 -19"><span class='ocrx_word' id='word_1_777' title='bbox 2178 4649 2424 4719; x_wconf 82' lang='grc' dir='ltr'>Ἔπρεπε</span> <span class='ocrx_word' id='word_1_778' title='bbox 2449 4647 2556 4717; x_wconf 80' lang='grc' dir='ltr'>γὰρ</span> <span class='ocrx_word' id='word_1_779' title='bbox 2582 4646 2729 4717; x_wconf 81' lang='grc' dir='ltr'>αὐτῷ</span> <span class='ocrx_word' id='word_1_780' title='bbox 2751 4646 2870 4716; x_wconf 88' lang='grc' dir='ltr'><strong>Θεῷ</strong></span> <span class='ocrx_word' id='word_1_781' title='bbox 2894 4646 3026 4707; x_wconf 76' lang='grc' dir='ltr'>ὄντι,</span> <span class='ocrx_word' id='word_1_782' title='bbox 3055 4647 3149 4699; x_wconf 69' lang='grc' dir='ltr'><strong>καὶ</strong></span> <span class='ocrx_word' id='word_1_783' title='bbox 3173 4645 3555 4716; x_wconf 74' lang='grc' dir='ltr'>μεταϐάλλοντι</span> <span class='ocrx_word' id='word_1_784' title='bbox 3584 4642 3751 4698; x_wconf 77' lang='grc' dir='ltr'>αὑτοῦ</span> 
     </span>
    </p>
   </div>
   <div class='ocr_carea' id='block_1_105' title="bbox 2173 4736 3754 4808">
    <p class='ocr_par' dir='ltr' id='par_1_105' title="bbox 2173 4736 3754 4808">
     <span class='ocr_line' id='line_1_105' title="bbox 2173 4736 3754 4808; baseline -0.003 -18"><span class='ocrx_word' id='word_1_785' title='bbox 2173 4738 2235 4790; x_wconf 81' lang='grc' dir='ltr'><strong>τὸ</strong></span> <span class='ocrx_word' id='word_1_786' title='bbox 2270 4738 2428 4808; x_wconf 85' lang='grc' dir='ltr'>σῶμα</span> <span class='ocrx_word' id='word_1_787' title='bbox 2447 4741 2525 4801; x_wconf 84' lang='grc' dir='ltr'>είς</span> <span class='ocrx_word' id='word_1_788' title='bbox 2564 4738 2957 4808; x_wconf 80' lang='grc' dir='ltr'>πνευματικὸν,</span> <span class='ocrx_word' id='word_1_789' title='bbox 2998 4737 3269 4791; x_wconf 68' lang='grc' dir='ltr'>δεικνύναι</span> <span class='ocrx_word' id='word_1_790' title='bbox 3308 4736 3406 4806; x_wconf 84' lang='grc' dir='ltr'>μὲν</span> <span class='ocrx_word' id='word_1_791' title='bbox 3434 4736 3566 4788; x_wconf 76' lang='grc' dir='ltr'>αὐτὸ</span> <span class='ocrx_word' id='word_1_792' title='bbox 3594 4736 3754 4804; x_wconf 82' lang='grc' dir='ltr'>σῶμα</span> 
     </span>
    </p>
   </div>
   <div class='ocr_carea' id='block_1_106' title="bbox 2172 4828 3754 4899">
    <p class='ocr_par' dir='ltr' id='par_1_106' title="bbox 2172 4828 3754 4899">
     <span class='ocr_line' id='line_1_106' title="bbox 2172 4828 3754 4899; baseline 0 -17"><span class='ocrx_word' id='word_1_793' title='bbox 2172 4830 2445 4899; x_wconf 78' lang='grc' dir='ltr'>ἀληθινὸν,</span> <span class='ocrx_word' id='word_1_794' title='bbox 2497 4829 2869 4898; x_wconf 81' lang='grc' dir='ltr'>άφαντοῦσθαι</span> <span class='ocrx_word' id='word_1_795' title='bbox 2918 4830 2975 4882; x_wconf 83' lang='grc' dir='ltr'>δὲ</span> <span class='ocrx_word' id='word_1_796' title='bbox 3017 4830 3105 4881; x_wconf 81' lang='grc' dir='ltr'><strong>ὅτε</strong></span> <span class='ocrx_word' id='word_1_797' title='bbox 3140 4828 3417 4881; x_wconf 73' lang='grc' dir='ltr'>ἐϐούλετο·</span> <span class='ocrx_word' id='word_1_798' title='bbox 3459 4829 3541 4880; x_wconf 84' lang='grc' dir='ltr'>ὅτι</span> <span class='ocrx_word' id='word_1_799' title='bbox 3577 4829 3754 4882; x_wconf 85' lang='grc' dir='ltr'>πάντα</span> 
     </span>
    </p>
   </div>
   <div class='ocr_carea' id='block_1_107' title="bbox 2172 4918 3751 4991">
    <p class='ocr_par' dir='ltr' id='par_1_107' title="bbox 2172 4918 3751 4991">
     <span class='ocr_line' id='line_1_107' title="bbox 2172 4918 3751 4991; baseline -0.003 -17"><span class='ocrx_word' id='word_1_800' title='bbox 2172 4920 2319 4991; x_wconf 78' lang='grc' dir='ltr'>αὐτῷ</span> <span class='ocrx_word' id='word_1_801' title='bbox 2349 4921 2570 4974; x_wconf 87' lang='grc' dir='ltr'>δυνατά.</span> <span class='ocrx_word' id='word_1_802' title='bbox 2602 4920 2710 4975; x_wconf 70' lang='grc' dir='ltr'>Καὶ</span> <span class='ocrx_word' id='word_1_803' title='bbox 2729 4920 2837 4991; x_wconf 82' lang='grc' dir='ltr'><strong>γὰρ</strong></span> <span class='ocrx_word' id='word_1_804' title='bbox 2876 4920 2971 4972; x_wconf 66' lang='grc' dir='ltr'>καὶ</span> <span class='ocrx_word' id='word_1_805' title='bbox 3011 4919 3309 4982; x_wconf 81' lang='grc' dir='ltr'>Ἐλισσαῖος</span> <span class='ocrx_word' id='word_1_806' title='bbox 3336 4920 3624 4989; x_wconf 80' lang='grc' dir='ltr'><strong>προφήτης</strong></span> <span class='ocrx_word' id='word_1_807' title='bbox 3649 4918 3751 4980; x_wconf 81' lang='grc' dir='ltr'>ὣν,</span> 
     </span>
    </p>
   </div>
   <div class='ocr_carea' id='block_1_108' title="bbox 2173 5008 3755 5081">
    <p class='ocr_par' dir='ltr' id='par_1_108' title="bbox 2173 5008 3755 5081">
     <span class='ocr_line' id='line_1_108' title="bbox 2173 5008 3755 5081; baseline 0.005 -17"><span class='ocrx_word' id='word_1_808' title='bbox 2173 5013 2270 5064; x_wconf 73' lang='grc' dir='ltr'><strong>καὶ</strong></span> <span class='ocrx_word' id='word_1_809' title='bbox 2294 5015 2356 5065; x_wconf 80' lang='grc' dir='ltr'>ἐκ</span> <span class='ocrx_word' id='word_1_810' title='bbox 2378 5011 2512 5063; x_wconf 80' lang='grc' dir='ltr'>Θεοῦ</span> <span class='ocrx_word' id='word_1_811' title='bbox 2535 5011 2713 5065; x_wconf 76' lang='grc' dir='ltr'>λαϐὼν</span> <span class='ocrx_word' id='word_1_812' title='bbox 2740 5010 2839 5081; x_wconf 85' lang='grc' dir='ltr'>τὴν</span> <span class='ocrx_word' id='word_1_813' title='bbox 2879 5010 3058 5081; x_wconf 84' lang='grc' dir='ltr'>χάριν,</span> <span class='ocrx_word' id='word_1_814' title='bbox 3091 5010 3260 5080; x_wconf 70' lang='grc' dir='ltr'>ᾔτησε</span> <span class='ocrx_word' id='word_1_815' title='bbox 3287 5008 3437 5080; x_wconf 84' lang='grc' dir='ltr'>παρὰ</span> <span class='ocrx_word' id='word_1_816' title='bbox 3461 5008 3597 5061; x_wconf 81' lang='grc' dir='ltr'><strong>Θεοῦ</strong></span> <span class='ocrx_word' id='word_1_817' title='bbox 3630 5011 3755 5072; x_wconf 77' lang='grc' dir='ltr'>τοὺς</span> 
     </span>
    </p>
   </div>
   <div class='ocr_carea' id='block_1_109' title="bbox 2175 5099 3756 5172">
    <p class='ocr_par' dir='ltr' id='par_1_109' title="bbox 2175 5099 3756 5172">
     <span class='ocr_line' id='line_1_109' title="bbox 2175 5099 3756 5172; baseline -0.003 -17"><span class='ocrx_word' id='word_1_818' title='bbox 2175 5102 2335 5155; x_wconf 74' lang='grc' dir='ltr'>αὑτὸν</span> <span class='ocrx_word' id='word_1_819' title='bbox 2402 5102 2699 5172; x_wconf 75' lang='grc' dir='ltr'>ζητοῦντας</span> <span class='ocrx_word' id='word_1_820' title='bbox 2756 5101 3093 5171; x_wconf 82' lang='grc' dir='ltr'>παταχθῆναι</span> <span class='ocrx_word' id='word_1_821' title='bbox 3144 5099 3414 5171; x_wconf 74' lang='grc' dir='ltr'>ἁορασίᾳο</span> <span class='ocrx_word' id='word_1_822' title='bbox 3460 5100 3573 5151; x_wconf 70' lang='grc' dir='ltr'><strong>ἰιιαὶ¹</strong></span> <span class='ocrx_word' id='word_1_823' title='bbox 3618 5101 3756 5151; x_wconf 82' lang='grc' dir='ltr'>ἐπα-</span> 
     </span>
    </p>
   </div>
   <div class='ocr_carea' id='block_1_110' title="bbox 2181 5182 3753 5261">
    <p class='ocr_par' dir='ltr' id='par_1_110' title="bbox 2181 5182 3753 5261">
     <span class='ocr_line' id='line_1_110' title="bbox 2181 5182 3753 5261; baseline -0.001 -19"><span class='ocrx_word' id='word_1_824' title='bbox 2181 5192 2477 5261; x_wconf 81' lang='grc' dir='ltr'>τάχθησαν,</span> <span class='ocrx_word' id='word_1_825' title='bbox 2520 5192 2612 5244; x_wconf 74' lang='grc' dir='ltr'>καὶ</span> <span class='ocrx_word' id='word_1_826' title='bbox 2644 5192 2743 5243; x_wconf 82' lang='grc' dir='ltr'><strong>οὐκ</strong></span> <span class='ocrx_word' id='word_1_827' title='bbox 2774 5190 2999 5243; x_wconf 75' lang='grc' dir='ltr'>ἔϐλεπον</span> <span class='ocrx_word' id='word_1_828' title='bbox 3030 5189 3192 5242; x_wconf 83' lang='grc' dir='ltr'>αὑτὸν</span> <span class='ocrx_word' id='word_1_829' title='bbox 3219 5190 3456 5242; x_wconf 81' lang='grc' dir='ltr'>τοιοῦτον</span> <span class='ocrx_word' id='word_1_830' title='bbox 3485 5188 3615 5241; x_wconf 74' lang='grc' dir='ltr'>ὄντα</span> <span class='ocrx_word' id='word_1_831' title='bbox 3642 5182 3753 5251; x_wconf 76' lang='grc' dir='ltr'>οἷος</span> 
     </span>
    </p>
   </div>
   <div class='ocr_carea' id='block_1_111' title="bbox 2167 5272 3749 5352">
    <p class='ocr_par' dir='ltr' id='par_1_111' title="bbox 2167 5272 3749 5352">
     <span class='ocr_line' id='line_1_111' title="bbox 2167 5272 3749 5352; baseline -0.003 -20"><span class='ocrx_word' id='word_1_832' title='bbox 2167 5276 2255 5352; x_wconf 81' lang='grc' dir='ltr'>ἦν.</span> <span class='ocrx_word' id='word_1_833' title='bbox 2298 5280 2458 5335; x_wconf 81' lang='grc' dir='ltr'>Ἀλλὰ</span> <span class='ocrx_word' id='word_1_834' title='bbox 2495 5281 2591 5333; x_wconf 76' lang='grc' dir='ltr'><strong>καὶ</strong></span> <span class='ocrx_word' id='word_1_835' title='bbox 2626 5272 2682 5333; x_wconf 82' lang='grc' dir='ltr'><strong>ὲν</strong></span> <span class='ocrx_word' id='word_1_836' title='bbox 2725 5279 2981 5348; x_wconf 79' lang='grc' dir='ltr'>Σοδόμοις</span> <span class='ocrx_word' id='word_1_837' title='bbox 3021 5280 3121 5348; x_wconf 84' lang='grc' dir='ltr'><strong>τὴν</strong></span> <span class='ocrx_word' id='word_1_838' title='bbox 3158 5278 3330 5349; x_wconf 87' lang='grc' dir='ltr'>θύραν</span> <span class='ocrx_word' id='word_1_839' title='bbox 3356 5277 3448 5330; x_wconf 82' lang='grc' dir='ltr'>τοῦ</span> <span class='ocrx_word' id='word_1_840' title='bbox 3486 5275 3609 5329; x_wconf 89' lang='grc' dir='ltr'>Λὼτ</span> <span class='ocrx_word' id='word_1_841' title='bbox 3639 5279 3749 5329; x_wconf 89' lang='grc' dir='ltr'><strong>ἀπ-</strong></span> 
     </span>
    </p>
   </div>
   <div class='ocr_carea' id='block_1_112' title="bbox 2171 5368 3754 5443">
    <p class='ocr_par' dir='ltr' id='par_1_112' title="bbox 2171 5368 3754 5443">
     <span class='ocr_line' id='line_1_112' title="bbox 2171 5368 3754 5443; baseline -0.003 -19"><span class='ocrx_word' id='word_1_842' title='bbox 2171 5371 2415 5443; x_wconf 80' lang='grc' dir='ltr'>έκρυψαν</span> <span class='ocrx_word' id='word_1_843' title='bbox 2449 5373 2498 5424; x_wconf 86' lang='grc' dir='ltr'>οἱ</span> <span class='ocrx_word' id='word_1_844' title='bbox 2530 5370 2770 5439; x_wconf 80' lang='grc' dir='ltr'>ἄγγελοι,</span> <span class='ocrx_word' id='word_1_845' title='bbox 2798 5370 2892 5422; x_wconf 78' lang='grc' dir='ltr'><strong>καὶ</strong></span> <span class='ocrx_word' id='word_1_846' title='bbox 2931 5370 3031 5422; x_wconf 82' lang='grc' dir='ltr'><strong>οὐκ</strong></span> <span class='ocrx_word' id='word_1_847' title='bbox 3066 5369 3293 5422; x_wconf 73' lang='grc' dir='ltr'>ἔϐλεπον</span> <span class='ocrx_word' id='word_1_848' title='bbox 3323 5368 3491 5438; x_wconf 83' lang='grc' dir='ltr'>αὐτὴν</span> <span class='ocrx_word' id='word_1_849' title='bbox 3522 5369 3572 5420; x_wconf 80' lang='grc' dir='ltr'>οἱ</span> <span class='ocrx_word' id='word_1_850' title='bbox 3598 5369 3754 5420; x_wconf 85' lang='grc' dir='ltr'>Σοδο-</span> 
     </span>
    </p>
   </div>
   <div class='ocr_carea' id='block_1_113' title="bbox 2138 5450 3752 5531">
    <p class='ocr_par' dir='ltr' id='par_1_113' title="bbox 2138 5450 3752 5531">
     <span class='ocr_line' id='line_1_113' title="bbox 2138 5450 3752 5531; baseline -0.004 -19"><span class='ocrx_word' id='word_1_851' title='bbox 2138 5468 2141 5469; x_wconf 67' lang='grc'><strong><em>⁷</em></strong></span> <span class='ocrx_word' id='word_1_852' title='bbox 2176 5463 2347 5530; x_wconf 85' lang='grc' dir='ltr'>μῖται.</span> <span class='ocrx_word' id='word_1_853' title='bbox 2377 5459 2470 5531; x_wconf 82' lang='grc' dir='ltr'><strong>Μὴ</strong></span> <span class='ocrx_word' id='word_1_854' title='bbox 2504 5462 2597 5513; x_wconf 77' lang='grc' dir='ltr'><strong>καὶ</strong></span> <span class='ocrx_word' id='word_1_855' title='bbox 2643 5462 2677 5530; x_wconf 83' lang='grc' dir='ltr'>ἡ</span> <span class='ocrx_word' id='word_1_856' title='bbox 2703 5458 2841 5529; x_wconf 85' lang='grc' dir='ltr'>θύρα</span> <span class='ocrx_word' id='word_1_857' title='bbox 2865 5458 2959 5511; x_wconf 82' lang='grc' dir='ltr'>τοῦ</span> <span class='ocrx_word' id='word_1_858' title='bbox 2988 5457 3111 5511; x_wconf 83' lang='grc' dir='ltr'><strong>Λὼτ</strong></span> <span class='ocrx_word' id='word_1_859' title='bbox 3144 5458 3365 5527; x_wconf 84' lang='grc' dir='ltr'>δόκησις</span> <span class='ocrx_word' id='word_1_860' title='bbox 3398 5452 3487 5528; x_wconf 81' lang='grc' dir='ltr'>ἦν,</span> <span class='ocrx_word' id='word_1_861' title='bbox 3514 5450 3558 5509; x_wconf 83' lang='grc' dir='ltr'><strong>ὣ</strong></span> <span class='ocrx_word' id='word_1_862' title='bbox 3592 5457 3752 5526; x_wconf 82' lang='grc' dir='ltr'>Μαρ-</span> 
     </span>
    </p>
   </div>
   <div class='ocr_carea' id='block_1_114' title="bbox 2174 5547 3747 5627">
    <p class='ocr_par' dir='ltr' id='par_1_114' title="bbox 2174 5547 3747 5627">
     <span class='ocr_line' id='line_1_114' title="bbox 2174 5547 3747 5627; baseline -0.001 -23"><span class='ocrx_word' id='word_1_863' title='bbox 2174 5550 2347 5617; x_wconf 82' lang='grc' dir='ltr'>κίων;</span> <span class='ocrx_word' id='word_1_864' title='bbox 2388 5552 2487 5621; x_wconf 86' lang='grc' dir='ltr'><strong>οὐχ</strong></span> <span class='ocrx_word' id='word_1_865' title='bbox 2541 5550 2889 5603; x_wconf 83' lang='grc' dir='ltr'>ὑπολείπεται</span> <span class='ocrx_word' id='word_1_866' title='bbox 2939 5550 2995 5604; x_wconf 81' lang='grc' dir='ltr'><em>δέ</em></span> <span class='ocrx_word' id='word_1_867' title='bbox 3046 5567 3127 5603; x_wconf 90' lang='grc' dir='ltr'><strong>σοι</strong></span> <span class='ocrx_word' id='word_1_868' title='bbox 3168 5548 3449 5618; x_wconf 84' lang='grc' dir='ltr'>ἀντιλογία</span> <span class='ocrx_word' id='word_1_869' title='bbox 3500 5547 3747 5627; x_wconf 77' lang='grc' dir='ltr'>οὐδεμία.</span> 
     </span>
    </p>
   </div>
   <div class='ocr_carea' id='block_1_115' title="bbox 576 5662 2071 5742">
    <p class='ocr_par' dir='ltr' id='par_1_115' title="bbox 576 5664 2048 5742">
     <span class='ocr_line' id='line_1_115' title="bbox 576 5664 2048 5742; baseline -0.001 -21"><span class='ocrx_word' id='word_1_870' title='bbox 576 5669 750 5742; x_wconf 56' lang='lat' dir='ltr'><strong>:Luc.</strong></span> <span class='ocrx_word' id='word_1_871' title='bbox 786 5685 941 5742; x_wconf 76' lang='lat' dir='ltr'><strong>mu,</strong></span> <span class='ocrx_word' id='word_1_872' title='bbox 990 5670 1077 5723; x_wconf 81' lang='lat'><strong>56.</strong></span> <span class='ocrx_word' id='word_1_873' title='bbox 1169 5671 1189 5702; x_wconf 81' lang='grc'>¹</span> <span class='ocrx_word' id='word_1_874' title='bbox 1228 5668 1408 5725; x_wconf 83' lang='lat' dir='ltr'><strong>Eccle.</strong></span> <span class='ocrx_word' id='word_1_875' title='bbox 1449 5683 1488 5736; x_wconf 81' lang='grc' dir='ltr'><strong>ι,</strong></span> <span class='ocrx_word' id='word_1_876' title='bbox 1528 5668 1613 5722; x_wconf 80' lang='grc'><strong>15.</strong></span> <span class='ocrx_word' id='word_1_877' title='bbox 1692 5664 1865 5721; x_wconf 77' lang='lat' dir='ltr'><strong>’Lue.</strong></span> <span class='ocrx_word' id='word_1_878' title='bbox 1901 5683 2048 5734; x_wconf 81' lang='lat' dir='ltr'><strong>xxw,</strong></span> 
     </span>
    </p>
   </div>
   <div class='ocr_carea' id='block_1_116' title="bbox 2169 5662 3751 5742">
    <p class='ocr_par' dir='ltr' id='par_1_116' title="bbox 2213 5662 3751 5742">
     <span class='ocr_line' id='line_1_116' title="bbox 2213 5662 3751 5742; baseline -0.01 -15"><span class='ocrx_word' id='word_1_879' title='bbox 2213 5670 2233 5702; x_wconf 68' lang='lat'><strong>‘</strong></span> <span class='ocrx_word' id='word_1_880' title='bbox 2264 5670 2396 5727; x_wconf 91' lang='lat' dir='ltr'><strong>ibid.</strong></span> <span class='ocrx_word' id='word_1_881' title='bbox 2433 5670 2498 5726; x_wconf 83' lang='grc'><strong>15</strong></span> <span class='ocrx_word' id='word_1_882' title='bbox 2524 5686 2645 5742; x_wconf 92' lang='lat' dir='ltr'><strong>sqq.</strong></span> <span class='ocrx_word' id='word_1_883' title='bbox 2722 5671 2742 5702; x_wconf 83' lang='grc'>⁸</span> <span class='ocrx_word' id='word_1_884' title='bbox 2777 5670 2908 5725; x_wconf 92' lang='lat' dir='ltr'><strong>ibid.</strong></span> <span class='ocrx_word' id='word_1_885' title='bbox 2940 5670 3028 5725; x_wconf 83' lang='grc'><strong>51.</strong></span> <span class='ocrx_word' id='word_1_886' title='bbox 3106 5669 3126 5699; x_wconf 80' lang='grc'>⁸</span> <span class='ocrx_word' id='word_1_887' title='bbox 3153 5666 3219 5721; x_wconf 81' lang='lat' dir='ltr'><strong>1V</strong></span> <span class='ocrx_word' id='word_1_888' title='bbox 3252 5665 3384 5739; x_wconf 79' lang='lat' dir='ltr'><strong>Reg.</strong></span> <span class='ocrx_word' id='word_1_889' title='bbox 3420 5681 3489 5735; x_wconf 72' lang='grc' dir='ltr'><strong>ιι,</strong></span> <span class='ocrx_word' id='word_1_890' title='bbox 3531 5662 3593 5719; x_wconf 88' lang='grc'><strong>18</strong></span> <span class='ocrx_word' id='word_1_891' title='bbox 3623 5672 3751 5730; x_wconf 81' lang='lat' dir='ltr'><strong>sqq.</strong></span> 
     </span>
    </p>
   </div>
   <div class='ocr_carea' id='block_1_117' title="bbox 506 5734 1085 5809">
    <p class='ocr_par' dir='ltr' id='par_1_117' title="bbox 506 5734 1085 5809">
     <span class='ocr_line' id='line_1_117' title="bbox 506 5734 1085 5809; baseline 0 -16"><span class='ocrx_word' id='word_1_892' title='bbox 506 5736 531 5771; x_wconf 81' lang='lat'>&#39;</span> <span class='ocrx_word' id='word_1_893' title='bbox 566 5734 703 5793; x_wconf 84' lang='lat' dir='ltr'><strong>Gen.</strong></span> <span class='ocrx_word' id='word_1_894' title='bbox 736 5755 849 5805; x_wconf 80' lang='lat' dir='ltr'><strong>nx,</strong></span> <span class='ocrx_word' id='word_1_895' title='bbox 882 5741 942 5794; x_wconf 91' lang='grc'><strong>11</strong></span> <span class='ocrx_word' id='word_1_896' title='bbox 964 5755 1085 5809; x_wconf 89' lang='lat' dir='ltr'><strong>sqq.</strong></span> 
     </span>
    </p>
   </div>
  </div>
