4186 6374
3602 398 3707 454 7τῇ

449 523 686 577 Ἔκλασε
702 521 909 596 γὰρτδν
929 521 1090 595 ἄρτον
1120 522 1328 594 σαφῶς,
1356 523 1448 576 καὶ
1483 521 1702 576 διέδωκε
1732 523 1844 584 τοῖς
1864 519 2024 574 αὐτοῦ

2131 520 2297 589 igitur
2327 519 2446 573 Loti
2479 517 2646 588 janua
2676 530 2816 569 vana
2848 514 3095 584 quaedam
3137 512 3348 584 species
3372 511 3495 576 fuit,
3524 511 3717 566 oMar—

446 402 552 463 775
1081 404 1449 461 ADVERSUS
1489 402 1827 458 HA‘ZRESES
1866 401 1991 457 LIB.
2034 401 2075 458 Ι.
2115 402 2277 459 ΤΟΜ.
2316 401 2477 458 lll.-—-
2513 400 2788 456 IIERES.
2832 399 2991 456 XL".

449 614 743 689 μαθηταῖς.

515 872 673 943 Σχόλ.
704 881 804 944 οη’.
845 875 905 929 Ti
927 873 1346 943 τεταραγμένοι
1377 874 1550 939 ἐστέ;
1574 875 1751 929 Ἴδετε
1773 875 1881 942 τὰς
1909 868 2049 944 χεῖρ’

440 962 551 1031 ράς
567 982 687 1033 μου
726 965 825 1018 καὶ
882 966 1022 1032 τσὺς
1080 967 1270 1035 πόδας
1294 985 1441 1037 μου⁸
1484 968 1572 1021 ὅτι
1613 968 1847 1036 πνεῦμα
1875 967 2026 1024 ὀστᾶ

445 1051 557 1103 οὐκ
584 1051 731 1120 ἔχει,
758 1053 953 1120 καθὼς
978 1055 1083 1124 ἐμὲ
1107 1057 1373 1124 θεωρεῖτε
1394 1056 1632 1125 ἔχοντα.
1878 1103 1883 1109 .

519 1145 742 1216 Ἐλεγχ.
787 1154 888 1217 on’.
915 1148 1011 1211 Τίς
1040 1149 1140 1202 οὐκ
1190 1150 1256 1202 ἂν
1304 1150 1650 1222 καταγελάσῃ
1693 1149 1789 1204 τοῦ
1834 1149 2022 1221 λήρου,

445 1240 504 1292 ὲν
535 1238 819 1312 ἀφροσύνῃ
842 1241 1035 1294 ἑαυτὸν
1069 1242 1163 1295 καὶ
1188 1243 1390 1313 ἐτέρων
1420 1242 1598 1311 ψυχὰς
1637 1242 2025 1305 κατασπῶντος

443 1332 524 1394 είς
567 1330 731 1402 ᾆδην;
795 1330 860 1384 Et
914 1333 1009 1403 μὲν
1056 1334 1162 1403 γὰρ
1199 1334 1297 1404 οὐχ
1341 1333 1656 1405 ὡμολόγητο
1688 1337 1816 1407 παρ’
1859 1334 2023 1388 αὑτοῦ

445 1424 479 1493 ὴ
509 1422 705 1495 πλάνη,
734 1422 830 1476 καὶ
871 1422 1198 1495 συγγνώμην
1243 1422 1387 1495 εἶχον
1415 1426 1464 1478 οί
1498 1427 1588 1478 ὑπ’
1618 1427 1782 1480 αὐτοῦ
1814 1427 2024 1497 ἠπατη-

449 1514 635 1585 μένοι⁶
689 1514 784 1568 νῦν
823 1515 880 1569 δὲ
940 1516 1125 1587 ἐπειδὴ
1172 1518 1379 1580 ἐκεῖνος
1430 1517 1771 1588 ὡμολόγησε,
1821 1518 1917 1571 καὶ
1961 1519 2020 1571 ού

445 1607 677 1679 περιῆρε
710 1607 779 1661 τὰ
808 1607 946 1678 ρητά
975 1608 1166 1675 ταῦτα,
1198 1608 1630 1679 ἀναγινώσκουσι
1672 1611 1729 1663 δὲ
1771 1610 1908 1664 αύτά
1929 1612 2024 1665 καὶ

442 1701 492 1752 oi
526 1698 713 1765 αὑτοῦ,
742 1702 776 1772 ἡ
804 1701 1045 1773 ἁμαρτία
1068 1701 1233 1755 αὑτοῦ
1270 1702 1365 1755 καὶ
1391 1703 1499 1756 τῶν
1528 1704 1706 1757 αὐτῶν
1732 1704 1902 1775 μένει,
1930 1704 2024 1757 καὶ

443 1792 818 1863 ἀπαραίτητον
851 1794 911 1846 τὸ
939 1794 1102 1847 αὐτοῦ
1156 1795 1249 1848 καὶ
1279 1796 1341 1847 τὸ
1371 1795 1550 1849 αὐτῶν
1582 1795 1715 1867 πῦρ,
1753 1795 2025 1849 ἀναπαλο-

442 1887 633 1956 γήτοις
677 1880 797 1939 οὖσι
819 1903 835 1917 ο
884 1886 1070 1956 σαφῶς
1110 1886 1204 1939 τοῦ
1235 1888 1488 1959 Σωτῆρος
1524 1866 1854 1954 διδάξαντος,
1880 1886 2019 1957 μετὰ
2055 1866 2097 1921 Β

442 1979 737 2033 ἀνάστασιν
773 1977 908 2032 ὀστᾶ
936 1978 1031 2032 καὶ
1060 1978 1239 2051 σάρκα
1265 1980 1377 2050 ἔχει
1408 1981 1448 2044 ¹,
1476 1980 1552 2043 ὡς
1578 1979 1739 2043 αὐτὸς
1768 1979 2017 2053 ἐμαρτύ-

445 2086 580 2143 ρησε
636 2070 810 2141 λέγων
828 2087 843 2104 ⁶
892 2071 985 2138 Ὠς
1013 2072 1119 2143 ἐμὲ
1144 2071 1317 2141 ὁρᾶτε
1344 2071 1583 2142 ἔχοντα.

512 2330 662 2404 Αὕτη
712 2332 859 2386 ἐστὶν
905 2335 938 2405 ή
989 2334 1109 2387 κατ’
1145 2331 1311 2386 αὑτοῦ
1341 2333 1450 2388 ἀπὸ
1479 2332 1585 2388 τῶν
1610 2332 1877 2404 λειψάνων
1912 2333 2022 2388 τῶν

441 2422 575 2493 παρ’
604 2421 751 2492 αύτῷ
798 2416 1117 2493 σωζομένων
1155 2423 1219 2475 ὲκ
1260 2422 1354 2475 τοῦ
1390 2421 1724 2491 Εὑαγγελίου
1764 2422 2020 2487 ὑπόθεσις

440 2514 543 2582 τῆς
573 2512 729 2584 ἡμῶν
754 2513 1131 2583 πεποιημένης
1153 2512 1218 2565 δι’
1236 2512 1398 2566 αὑτὸν
1426 2512 1827 2585 πραγματείας,
1852 2513 1927 2577 ὣς
1954 2530 2019 2582 γε

441 2603 644 2677 νομίζω
675 2604 872 2668 ἱκανῶς
906 2604 1048 2675 ἔχειν
1079 2604 1214 2675 πρὸς
1256 2604 1523 2658 ἀντίθεσιν
1564 2606 1661 2676 τῆς
1688 2605 1850 2659 αὐτοῦ
1880 2606 2023 2659 ἀπά-

440 2716 561 2770 της.
604 2698 928 2771 Ἐλεύσομαι
964 2698 1021 2752 δὲ
1044 2699 1139 2753 καὶ
1165 2701 1245 2763 είς
1276 2702 1343 2754 τὰ
1365 2699 1490 2771 ἑξῆς
1510 2699 1617 2753 τῶν
1650 2699 2021 2754 ἀποστολικῶν

443 2792 623 2864 ῥητῶν
671 2794 802 2864 παρ’
850 2791 999 2863 αὐτῷ
1036 2792 1119 2845 ἐτι
1162 2792 1587 2864 σωμαζομένων,
1625 2793 1718 2847 καὶ
1750 2792 1815 2845 δι’
1863 2792 2021 2864 ἡμῶν

443 2885 607 2939 πάλιν
660 2884 834 2948 οὕτως
872 2884 1335 2956 ἀναλελεγμένων.
1393 2886 1480 2939 Ἐν
1518 2884 1755 2957 πρώτοις
1790 2885 1848 2939 δὲ
1889 2888 2021 2957 ἡμῖν

443 2980 539 3031 καὶ
585 2976 709 3033 καθ’
754 2977 945 3048 εἱρμὸν
993 2977 1057 3049 δὴ
1101 2977 1224 3030 ὅλου
1255 2976 1428 3041 οὕτως
1466 2976 1881 3048 προταχθέντων
1912 2976 2021 3030 ἀπὸ

440 3069 544 3140 τῆς
572 3069 709 3142 πρὸς
755 3069 1000 3135 Γαλάτας
1045 3069 1351 3140 ἐπιπολῆς.
1390 3068 1536 3141 Αὕτη
1565 3070 1674 3141 γὰρ
1716 3070 1848 3141 παρ’
1872 3068 2021 3141 αὑτῷ

444 3162 635 3235 πρώτη
663 3165 860 3217 κεῖται.
902 3164 1095 3235 Ἡμεῖς
1115 3162 1172 3217 δὲ
1193 3162 1291 3233 τὴν
1324 3162 1589 3234 ἀναλογὴν
1608 3163 1729 3216 τότε
1763 3164 2024 3235 ἐποιησά-

448 3253 608 3323 μεθα,
635 3254 731 3325 οὐχ
768 3253 844 3317 ὡς
889 3254 1020 3325 παρ’
1047 3253 1215 3324 αὐτῷ,
1248 3253 1362 3307 ἀλλ’
1402 3254 1477 3317 ὡς
1505 3252 1618 3324 ἔχει
1650 3254 1711 3307 τὸ
1738 3254 2023 3309 ἀποστολι-

443 3344 539 3398 κδν
581 3347 765 3417 ῥητὸν,
799 3346 899 3416 τὴν
946 3345 1083 3417 πρὸς
1114 3345 1421 3416 Ῥωμαίους
1462 3345 1723 3413 τάξαντες
1763 3345 2021 3418 πρώτηνο

443 3428 546 3489 ὦδε
577 3435 633 3489 δὲ
674 3434 815 3490 κατά
837 3436 928 3490 τὸν
965 3436 1131 3490 αὑτοῦ
1165 3437 1487 3509 χαρακτῆρα
1510 3478 1524 3505 ,
1575 3437 1747 3504 οὕτως
1791 3456 2025 3512 παρατι-

444 3527 668 3600 θέμεθα.

560 3820 696 3875 Ἀπὸ
726 3818 839 3889 τῆς
869 3820 1018 3890 πρὸς
1039 3819 1182 3888 τοὺς
1214 3820 1492 3889 Γαλάτας
1529 3823 1912 3895 Ἐπιστολῆς.

514 3910 668 4005 Σχόλ.
699 3940 767 3987 α’.
802 3932 1053 3998 Μάθετε,
1085 3933 1173 3987 ὅτι
1200 3936 1234 3987 ὁ
1272 3933 1501 4001 δίκαιος
1531 3936 1601 3989 ἐκ
1643 3937 1903 4003 πίστεως
1928 3935 2022 4004 ζή-

443 4038 633 4079 σεται.
668 4024 842 4077 Ὅσοι
873 4022 1001 4093 γὰρ,
1022 4024 1142 4077 ὑπὸ
1166 4025 1373 4093 νόμον,
1404 4024 1523 4079 ὑπὸ
1550 4024 1815 4096 κατάραν
1836 4028 2017 4081 εἰσίν.

456 4114 509 4166 Ὀ
530 4112 596 4166 δὲ
611 4111 873 4181 ποιήσας
894 4112 1048 4166 αὐτὰ
1070 4112 1310 4181 ζήσεται
1335 4112 1405 4165 ἐν
1434 4114 1656 4180 αὺτοῖς.

518 4206 738 4277 Ἐλεγχ.
762 4213 833 4260 α’.
863 4206 957 4267 Τὸ,
982 4206 1232 4271 Μάθετε,
1257 4205 1346 4259 ὅτι
1369 4209 1402 4259 ὀ
1424 4206 1653 4273 δίκαιος
1672 4206 1739 4260 ἐκ
1762 4207 2021 4274 πίστεως

444 4299 704 4369 ζήσεται,
732 4299 954 4353 κατὰτὰ
986 4299 1090 4351 ὑπὸ
1113 4297 1208 4351 τοῦ
1242 4298 1565 4352 Ἀποστόλου
1589 4298 1854 4370 εἰρημένα
1880 4299 2022 4371 Γρα-

2129 610 2254 663 cio?
2281 608 2399 663 Non
2432 607 2589 662 video
2620 605 2751 675 quid
2786 613 2977 657 contra
3005 605 3117 657 ha‘c
3149 603 3360 657 hiscere
3389 602 3589 672 possis.
3625 599 3714 654 Si-

2128 697 2347 769 quidem
2393 711 2589 767 panem
2638 692 2930 747 manifeste
2984 691 3165 762 fregit,
3196 700 3252 746 et
3300 691 3358 745 in
3408 690 3713 761 discipulos

2128 804 2262 844 suos
2290 788 2594 843 distribuit.

2201 877 2386 932 Schol.
2406 877 2493 932 78.
2537 876 2678 943 Quid
2703 876 2902 930 turbati
2924 875 3093 929 estis?
3124 872 3308 927 Videte
3332 888 3521 935 manus
3546 889 3712 934 meas,

2126 982 2174 1026 et
2204 974 2355 1039 pedes
2395 986 2553 1032 meos,
2581 971 2707 1039 quia
2731 970 2951 1037 spiritus
2975 984 3097 1021 ossa
3123 982 3224 1019 non
3248 964 3423 1031 habet,
3462 967 3599 1019 sicut
3634 983 3715 1018 me

2126 1061 2310 1116 videtis
2348 1060 2597 1113 habere”.

2196 1153 2380 1209 Refut.
2410 1152 2497 1206 78.
2538 1152 2671 1219 Quis
2695 1149 3125 1221 nugacissimum
3150 1148 3299 1202 hunc
3322 1161 3430 1201 non
3465 1146 3727 1207 irrideat,

2125 1248 2218 1317 qui
2242 1244 2540 1299 stoliditate
2572 1258 2670 1299 sua
2694 1258 2816 1298 cum
2844 1240 3219 1309 semetipsum,
3249 1248 3362 1293 tum
3388 1246 3714 1294 caeterorum

2127 1339 2339 1393 animas
2369 1336 2436 1390 ad
2460 1335 2665 1392 inferos
2692 1332 2979 1390 detrudat?
3012 1331 3148 1386 Nam
3180 1332 3282 1387 nisi
3319 1331 3435 1385 inec
3468 1332 3559 1386 illc
3589 1346 3716 1395 con-

2130 1430 2371 1485 fiteretur
2388 1430 2594 1493 omnia,
2622 1428 2847 1483 haberet
2868 1426 2989 1496 ejus
3010 1440 3166 1480 error
3189 1425 3428 1478 colorem
3454 1424 3714 1494 aliquem,

2126 1537 2190 1577 ac
2217 1522 2373 1577 venia
2399 1521 2548 1591 digni
2579 1530 2857 1589 utcunque
2880 1517 3079 1580 forent,
3104 1516 3198 1587 qui
3223 1532 3283 1570 se
3314 1517 3383 1571 ab
3406 1518 3499 1571 illo
3529 1516 3713 1586 decipi

2125 1622 2464 1685 paterentur.
2497 1614 2653 1669 Nunc
2680 1628 2804 1667 cum
2836 1620 2889 1667 et
2916 1611 3021 1668 iste
3046 1611 3214 1667 verba
3249 1611 3340 1664 illa
3376 1626 3477 1681 pro
3506 1607 3718 1682 germa-

2126 1709 2214 1762 nis
2241 1708 2457 1772 habeat,
2490 1721 2592 1762 nec
2616 1721 2681 1761 ea
2707 1706 2993 1761 sustulerit
3021 1722 3035 1759 :
3070 1713 3126 1760 et
3170 1706 3238 1759 ab
3276 1703 3522 1774 ejusdem
3547 1702 3717 1759 disci~

2127 1800 2270 1869 pulis
2300 1800 2573 1869 legantur,
2589 1812 2714 1851 cum
2740 1804 3099 1866 utrorumque
3127 1796 3409 1860 delictum,
3446 1802 3560 1848 tum
3584 1809 3719 1848 vero

2126 1892 2268 1962 ignis
2308 1891 2397 1945 ille
2424 1899 2627 1956 manet,
2657 1904 2818 1959 quem
2841 1888 2988 1942 nulla
3017 1887 3398 1959 tergiversatio
3433 1887 3609 1957 possit
3629 1886 3727 1941 εἴση

2123 1982 2311 2053 fugere
2337 1998 2350 2034 :
2380 1990 2567 2052 utpote
2591 1982 2791 2052 quibus
2814 1980 2995 2035 omnis
3022 1980 3274 2051 adempta
3301 1980 3373 2036 sit
3396 1980 3706 2035 excusatio.

2121 2075 2256 2130 Nam
2289 2074 2344 2129 id
2392 2084 2580 2146 aperte
2625 2074 2879 2130 Salvator
2908 2074 3161 2141 edocuit;
3194 2081 3318 2143 post
3354 2072 3717 2127 resurrectio-

2123 2184 2246 2223 nem
2277 2167 2496 2223 ossibus
2526 2182 2585 2222 se
2615 2181 2679 2222 ac
2706 2182 2873 2222 carne
2903 2175 3183 2230 constare,
3214 2164 3360 2236 quod
3395 2164 3510 2219 haec
3542 2164 3717 2235 ipsius

2122 2261 2288 2317 verba
2311 2259 2695 2316 demonstrant
2727 2280 2740 2316 :
2773 2258 2922 2315 Sicut
2953 2276 3035 2314 me
3064 2259 3249 2313 videtis
3290 2258 3500 2313 habere.

2197 2353 2376 2422 Atque
2402 2350 2507 2406 hoc
2531 2351 2677 2407 illius
2700 2351 2881 2421 operis
2919 2357 3296 2421 argumentum
3312 2358 3417 2416 est,
3447 2348 3593 2420 quod
3627 2354 3717 2403 ad-

2123 2459 2319 2499 versus
2351 2443 2681 2499 Marcionem
2717 2443 3147 2507 elaboraveram,
3200 2443 3455 2512 quodque
3502 2457 3570 2496 ex
3608 2442 3716 2497 illis

2122 2533 2399 2605 Evangelii
2429 2533 2592 2604 350
2632 2534 2901 2602 reliquiis,
2945 2547 3082 2603 quas
3124 2534 3303 2588 adhuc
3345 2534 3564 2597 retinet,
3597 2548 3719 2587 car-

2121 2626 2256 2695 ptim
2287 2641 2346 2681 se
2378 2626 2637 2695 legeram.
2665 2626 2821 2691 Quod
2854 2626 3072 2696 quidem
3088 2623 3154 2679 ad
3189 2625 3539 2680 refutandum
3567 2626 3715 2680 illius

2122 2732 2364 2773 errorem
2381 2717 2627 2772 sufﬁcere
2640 2716 3078 2773 arbitror.Veuio
3094 2716 3317 2772 uunead
3333 2718 3572 2787 reliquas
3590 2734 3718 2787 apo-

2124 2810 2249 2865 stoli
2277 2809 2601 2872 sententias,
2628 2824 2766 2879 quas
2794 2808 3019 2879 perinde
3038 2807 3426 2864 adsciscendas
3457 2809 3668 2879 putavit
3698 2827 3711 2862 :

2122 2915 2225 2971 ego
2255 2915 2385 2955 vero
2419 2908 2600 2955 vestra
2629 2916 2795 2956 causa
2830 2901 3173 2971 potissimum
3202 2901 3471 2969 excerpsi,
3501 2900 3554 2953 in
3580 2900 3715 2955 iisce

2123 2991 2494 3063 proponendis
2519 2993 2773 3047 eumdem
2806 3007 2916 3063 quo
2952 2992 3042 3047 ille
3068 3006 3201 3047 usus
3229 2998 3333 3056 est,
3361 2992 3607 3045 ordinem
3633 3008 3717 3047 se-

2122 3084 2369 3154 riemque
2407 3085 2575 3149 tenui,
2611 3091 2673 3138 ut
2705 3084 2773 3139 ab
2798 3099 2862 3139 ea
2899 3100 3021 3154 quae
3051 3084 3117 3139 ad
3149 3083 3369 3139 Galatas
3402 3085 3605 3156 scripta
3628 3094 3716 3141 est

2125 3175 2340 3231 initium
2375 3174 2633 3231 facerem.
2666 3175 2820 3230 Hanc
2846 3176 2991 3230 enim
3025 3176 3199 3246 primo
3230 3176 3320 3231 ille
3364 3176 3485 3230 loco
3515 3192 3716 3246 prepo-

2127 3267 2258 3324 suit.
2292 3264 2398 3321 Sed
2444 3283 2546 3324 nos
2593 3268 2723 3321 olim
2767 3275 3022 3337 excerpta
3065 3276 3251 3323 nostra
3287 3269 3367 3323 sic
3398 3268 3715 3324 instituera-

2124 3373 2269 3426 mus,
2304 3374 2413 3414 non
2462 3368 2521 3414 ut
2570 3360 2716 3414 illius
2757 3360 3002 3414 ordinem
3053 3375 3427 3431 sequeremur,
3458 3362 3554 3417 sed
3586 3378 3710 3417 eum

2126 3465 2286 3521 quem
2317 3451 2613 3520 apostolica
2643 3451 2847 3521 scripta
2871 3460 3285 3521 repraesentant,
3318 3454 3578 3509 nimirum
3603 3456 3713 3525 pri-

2125 3558 2272 3597 mum
2304 3549 2363 3597 ut
2394 3542 2574 3597 locum
2608 3557 2672 3597 ea
2701 3559 2823 3613 qua:
2855 3545 2920 3597 ad
2950 3543 3229 3599 Romanos
3257 3544 3462 3614 scripta
3493 3552 3579 3600 est
3611 3546 3710 3599 ob—

2124 3633 2340 3688 tineret.
2370 3632 2528 3689 Nunc
2562 3641 2743 3688 autem
2773 3635 2959 3689 omnia
2990 3635 3056 3689 ad
3091 3635 3241 3691 illius
3271 3651 3374 3692 nos
3399 3634 3628 3690 formam
3657 3644 3712 3691 et

2086 3746 2093 3751 ί
2121 3726 2432 3796 exemplum
2463 3725 2874 3780 accommodata
2902 3741 3289 3797 proponemus.

2544 3839 2630 3894 Ea:
2664 3839 2909 3910 Epistola
2936 3841 3005 3895 ad
3040 3839 3285 3898 Galatas.

2194 3950 2381 4008 Schol.
2415 3952 2465 4007 i.
2508 3951 2713 4007 Discite
2741 3954 2868 4024 quia
2903 3954 3089 4023 justus
3127 3971 3192 4008 ea:
3221 3955 3325 4024 ﬁde
3366 3956 3509 4012 vivet.
3543 3958 3713 4024 Quot-

2120 4052 2243 4113 quot
2279 4042 2418 4096 euim
2448 4042 2542 4096 sub
2574 4042 2685 4113 lege
2710 4052 2855 4106 sunt,
2881 4043 2976 4096 sub
3003 4044 3286 4099 maledicto
3313 4056 3457 4101 sunt.
3486 4046 3591 4113 Qui
3607 4065 3711 4101 au-

2124 4146 2224 4188 tem
2251 4136 2430 4203 fecerit
2457 4135 2585 4199 ista,
2619 4136 2751 4188 vivet
2786 4136 2840 4188 in
2868 4136 2942 4188 eis
2963 4135 3004 4188 ³.

2194 4226 2379 4281 Refut.
2414 4227 2468 4281 1.
2510 4225 2638 4280 Hazc
2667 4227 2785 4295 ipsa
2815 4228 2979 4283 verba
3006 4244 3018 4280 :
3057 4226 3259 4281 Discite
3294 4228 3417 4297 quia
3436 4226 3617 4296 justus
3646 4244 3713 4281 ex

2123 4317 2227 4387 ﬁde
2253 4318 2399 4379 vivet,
2433 4318 2502 4372 ab
2525 4318 2786 4386 Apostolo
2815 4324 3074 4388 usurpata
3105 4316 3517 4372 Testamentum
3546 4317 3710 4374 Vetus

444 4394 552 4464 φῆς
601 4394 717 4446 ἐστι
772 4393 1015 4457 Παλαιᾶς
1064 4391 1306 4445 δεκτικά.
1344 4391 1532 4446 Ἀτινά
1578 4393 1694 4445 ἐστι
1743 4391 1893 4462 παρά
1925 4390 2019 4444 τοῦ

2124 4410 2501 4477 comprobant.
2531 4407 2660 4465 liae
2687 4410 2832 4463 enim
2866 4410 2935 4464 ab
2970 4410 3059 4463 illo
3091 4417 3221 4464 sunt
3248 4426 3313 4464 ex
3344 4410 3460 4480 lege
3490 4425 3553 4465 ac
3582 4428 3709 4480 pro-

458 4484 778 4538 Ἀποστόλου
829 4485 909 4547 είς
940 4483 1214 4555 ἡμετέραν
1254 4483 1399 4552 ζωὴν
1436 4482 1544 4536 ἀπὸ
1589 4482 1683 4537 τοῦ
1722 4482 1887 4554 νόμου
1927 4483 2023 4537 καὶ

2126 4502 2305 4573 phetis
2341 4500 2410 4556 ad
2441 4502 2607 4555 vitam
2637 4502 2798 4558 nobis
2829 4501 3228 4557 conciliandam
3258 4501 3326 4557 de
3348 4504 3499 4557 Novo
3522 4500 3709 4557 Testa-

445 4578 553 4632 τῶν
586 4576 881 4650 προφητῶν
905 4548 1171 4649 εἰρημένα
1200 4578 1328 4647 περὶ
1356 4548 1565 4646 ⁷Καινῆς
1604 4548 1898 4645 Διαθήκης,
1925 4574 2020 4627 καὶ

2126 4548 2305 4573 την-.-
2341 4548 2410 4556 __
2638 4548 2798 4558 ---ων
2833 4548 3228 4557 ---.----_..__...
3260 4548 3326 4557 ..ν
3348 4548 3497 4557 -.-η
3532 4548 3684 4557 ην--

2124 4603 2307 4649 mento
2332 4594 2709 4665 pronuntiata,
2741 4604 2794 4651 et
2823 4595 3042 4665 quidem
3077 4610 3201 4649 cum
3232 4609 3329 4664 Spe
3361 4606 3548 4650 nostra
3584 4612 3710 4651 con-

448 4672 660 4742 σύξυγα
687 4671 816 4725 ὄντα
845 4672 945 4740 τῆς
976 4670 1135 4740 ἡμῶν
1173 4668 1409 4732 ἐλπίδος.
1444 4667 1553 4723 Καὶ
1577 4666 1658 4729 τὸ,
1688 4665 1807 4720 ὑπὸ
1841 4664 2021 4720 κατά-

2124 4694 2402 4743 sentanea.
2434 4687 2586 4752 Quod
2623 4696 2805 4742 autem
2852 4687 2949 4741 sub
2992 4688 3274 4741 maledicto
3314 4704 3425 4741 esse
3457 4687 3609 4752 dicit,
3642 4704 3709 4740 eo

440 4782 560 4834 ραν
609 4763 748 4827 elei,
792 4763 976 4834 φησὶν,
1018 4764 1100 4815 ὅτι
1137 4763 1196 4815 ἐν
1236 4760 1314 4831 τῷ
1341 4760 1490 4831 νόμῳ
1517 4758 1712 4830 ἀπειλὴ
1758 4757 2023 4829 ετύγχανε

2124 4779 2467 4834 referendum
2499 4786 2602 4842 est,
2629 4778 2776 4847 quod
2806 4778 3072 4835 adversus
3102 4779 3295 4833 Adami
3324 4780 3583 4834 delictqu
3612 4778 3706 4833 Dei

449 4857 589 4911 κατά
612 4857 711 4927 τῆς
736 4854 830 4909 τοῦ
871 4855 1039 4927 Ἀδὰμ
1055 4856 1357 4927 παρακοῆς,
1390 4855 1495 4917 ἓως
1522 4855 1607 4908 ὅτε
1635 4850 1797 4926 ἦλθεν
1819 4856 1847 4906 ὁ
1880 4852 2023 4906 ἄνω-

447 4947 538 5000 θεν
577 4945 767 5009 ἐλθὼν,
817 4945 913 4998 καὶ
957 4944 1146 4998 ἑαυτὸν
1204 4944 1311 4997 ἀπὸ
1343 4942 1438 4996 τοῦ
1490 4943 1660 5013 Ἀδάμ
1704 4943 2024 5012 φυράματος

444 5038 606 5109 σῶμα
656 5036 960 5108 ἀμφιάσας,
1010 5034 1273 5108 μετέϐαλε
1316 5034 1415 5106 τὴν
1449 5034 1694 5105 κατάραν
1753 5034 1833 5095 είς
1872 5031 2023 5085 εὐλο-

443 5130 589 5199 γίαν.

513 5220 670 5292 Σχόλ.
702 5219 767 5290 β’.
814 5216 1269 5286 Ἐπικατάρατος
1300 5216 1420 5283 πᾶς
1453 5217 1487 5271 ὁ
1524 5214 1887 5285 κρεμάμενος
1920 5214 2017 5267 επὶ

446 5314 657 5379 ξύλου.
695 5313 749 5366 '0
794 5311 864 5365 δὲ
891 5312 960 5365 ἐκ
1005 5309 1119 5379 τῆς
1148 5308 1508 5380 ἐπαγγελίας
1553 5307 1651 5362 διὰ
1691 5306 1801 5376 τῆς
1848 5307 2019 5359 ἐλευ-

445 5406 640 5475 θέρας.

521 5498 742 5568 Ἐλεγχ.
773 5495 837 5565 β’.
874 5494 1100 5557 Δεικνὺς
1129 5493 1289 5548 πάλιν
1319 5493 1348 5545 ὁ
1380 5489 1532 5561 ἅγιος
1569 5490 1887 5554 Ἀπόστολος
1916 5491 2015 5561 τὴν

445 5590 757 5659 οἰκονομίαν
783 5588 884 5657 τῆς
912 5586 1175 5657 ὲνσάρκου
1202 5584 1503 5657 παρουσίας
1532 5583 1625 5636 καλ⁵
1656 5583 1751 5636 τοῦ
1785 5582 2017 5654 σταυροῦ

448 5684 541 5738 ἐπὶ
570 5685 635 5739 τῆ
657 5682 808 5735 λύσει
836 5680 935 5752 τῆς
959 5678 1201 5747 κατάρας
1222 5676 1536 5750 γινομένην,
1563 5674 1737 5749 ταύτῃ
1763 5674 1819 5727 δὲ
1858 5692 2020 5746 προσ-

2121 4868 2582 4923 commiuationes
2615 4868 2669 4920 in
2708 4868 2825 4939 lege
2855 4868 3303 4931 continebantur,
3334 4868 3509 4922 donec
3541 4886 3571 4923 e
3599 4883 3709 4923 οω-

2121 4961 2174 5014 lo
2204 4959 2406 5015 missus
2455 4958 2741 5013 adveniret
2768 4959 3044 5024 Christus,
3076 4960 3170 5030 qui
3199 4976 3263 5015 ex
3298 4958 3493 5013 Adami
3524 4976 3707 5016 massa

2130 5050 2426 5104 formatum
2458 5052 2559 5105 sibi
2590 5066 2791 5120 corpus
2823 5052 3055 5107 induens
3084 5051 3433 5106 maledictum
3461 5051 3515 5104 in
3550 5051 3710 5106 bene-

2127 5142 2422 5198 diCtionem
2454 5143 2745 5198 convertit.

2201 5231 2385 5287 Schol.
2419 5232 2476 5286 2.
2519 5231 2840 5286 Maledictus
2882 5232 3052 5286 omnis
3096 5231 3188 5301 qui
3218 5232 3402 5301 pendet
3442 5234 3498 5286 in
3540 5232 3704 5302 ligno.

2128 5321 2232 5387 Qui
2267 5330 2443 5376 autem
2476 5336 2542 5375 ea:
2564 5322 2965 5390 repromissione
2985 5330 3083 5385 est,
3109 5336 3173 5374 ea:
3196 5321 3362 5376 libera
3378 5322 3418 5377 ‘.

2194 5492 2378 5548 Refut.
2415 5492 2467 5546 2.
2512 5492 2647 5547 Cum
2679 5492 2783 5548 hoc
2813 5492 2934 5547 loco
2958 5508 3154 5549 rursus
3182 5492 3474 5563 Apostolus
3504 5492 3705 5564 signifi-

2125 5593 2229 5650 cet,
2266 5591 2536 5651 susceptaa
2565 5582 2751 5635 carnis
2797 5581 3324 5636 administrationem
3371 5597 3607 5648 omnem,
3638 5595 3702 5635 ac

2125 5690 2347 5730 erucem
2399 5676 2466 5730 ad
2518 5675 2816 5730 tollendum
2855 5674 3203 5730 maledictum
3236 5676 3595 5745 pertinuisse;
3625 5676 3703 5729 ida

523 5844 541 5876 ¹
566 5840 692 5902 For.
727 5841 889 5913 ἔχειν,
918 5841 1001 5899 vel
1031 5843 1111 5895 ὅτι
1147 5840 1279 5910 ἔχει.
1358 5840 1379 5871 ¹
1409 5835 1541 5893 Luc.
1570 5848 1720 5902 xxtv,
1749 5832 1835 5889 39.
1915 5833 1934 5865 ³
1966 5831 2024 5887 G:

2129 5873 2142 5889 .
2173 5847 2256 5903 lli,
2285 5831 2354 5890 lO
2383 5846 2509 5905 sqq.
2587 5830 2610 5865 ’⁵
2633 5829 2769 5891 ibid.
2796 5830 2895 5899 li;
2928 5829 3086 5890 Deut.
3124 5848 3240 5899 ut,
3272 5832 3363 5889 23.
