4186 6374
459 334 563 394 775

1833 316 1893 372 S.
1936 310 2277 369 EPIPHANH

3618 299 3739 356 716

464 466 565 524 que
600 449 778 519 ipsum
805 454 859 500 et
889 443 943 497 in
979 441 1096 512 lege
1141 447 1301 493 antea
1330 435 1595 505 scriptum
1619 446 1682 487 ac
1715 414 2033 501 praedictum
2065 434 2083 488 Α

2178 424 2448 524 έγραυπται
2476 423 2497 453 ⁵
2528 422 2585 475 ἐν
2616 421 2693 493 τῷ
2724 420 2875 491 νόμῳ
2898 419 2994 475 κα)⁸
3026 418 3508 493 προπεφητεῦσθαι
3534 419 3725 489 ἐσομέ-

465 520 665 602 fuisse;
700 554 763 592 ac
789 536 1008 590 demum
1038 536 1091 587 in
1118 531 1399 585 Salvatore
1430 526 1754 598 perfectum,
1776 522 1921 577 haud
1949 520 2043 574 ob-

467 648 621 688 scure
649 630 912 690 declarat,
949 640 1055 680 non
1102 624 1337 677 alienam
1394 636 1423 674 a
1473 618 1758 674 Salvatore
1801 629 1922 670 esse
1971 612 2042 665 le-

2144 535 2262 589 νην,
2280 513 2397 569 εἶτα
2420 515 2761 569 τελεσθεῖσαν
2790 515 2882 567 ἐπὶ
2904 513 2980 584 τῷ
3003 514 3233 583 Σωτῆρι,
3254 510 3495 578 ἐπέδειξε
3517 511 3725 579 σαφῶς,

2145 610 2227 662 ὃτι
2259 610 2359 662 οὐκ
2417 608 2693 679 ἀλλότριος
2746 609 2774 660 ὁ
2814 606 2977 676 νόμος
3022 605 3117 658 τοῦ
3155 605 3423 675 Σωτῆρος.
3463 604 3736 675 Προεφή-

468 740 601 794 gem,
635 732 820 791 utpote
864 734 983 787 qua:
1032 716 1101 771 ab
1152 715 1244 769 illo
1277 713 1507 781 gerenda
1540 710 1721 765 omnia
1751 707 2045 762 vaticinata

2173 717 2305 752 suos
2343 698 2451 770 γὰρ
2505 700 2601 753 καὶ
2634 696 2982 769 ἐμαρτύρησε
3006 698 3117 759 τοῖς
3160 696 3251 749 ὑπ’
3283 694 3446 748 αὑτοῦ
3474 694 3733 766 μέλλουσι

468 812 649 872 fuerit.
681 825 743 864 ac
771 807 1086 864 testimonio
1120 802 1515 859 corroborarit.
1782 855 1789 861 ,

535 902 721 958 Schol.
758 902 811 955 5.
857 899 1134 968 Testiﬁcor
1182 894 1691 963 rursum,quoniam
1739 889 1892 943 homo
1938 887 2048 940 cir-

472 997 724 1049 sumcisus
750 992 954 1046 debitor
985 1001 1063 1044 est
1087 990 1340 1042 universa:
1374 985 1500 1056 legis
1527 982 1856 1052 implendw‘.

536 1176 692 1248 351
734 1170 918 1227 Refut.
953 1170 1004 1224 5.
1043 1164 1197 1232 Quod
1234 1167 1347 1224 ait,
1383 1162 1589 1216 debitor
1632 1170 1732 1223 est,
1778 1173 1886 1212 non
1930 1164 2053 1209 tan-

472 1284 633 1340 quam
674 1266 742 1319 de
792 1278 853 1317 re
895 1261 1147 1331 quapiam
1197 1256 1471 1326 prohibita
1506 1253 1663 1315 dixit,
1697 1249 1793 1305 sed
1830 1249 1896 1303 de
1930 1263 2055 1318 gra-

477 1363 620 1417 viore
664 1358 897 1428 quodam
954 1368 1141 1415 onere,
1182 1349 1324 1420 quod
1383 1346 1656 1403 sublevari
1699 1351 1897 1414 potest.
1950 1340 2054 1396 Sed

473 1462 566 1515 ita,
601 1465 743 1504 unus
787 1458 845 1502 ut
878 1448 949 1501 sit
983 1443 1268 1507 Dominus,
1299 1440 1391 1511 qui
1419 1450 1475 1495 et
1507 1452 1737 1492 onerare
1778 1434 1971 1505 possit,
2007 1442 2061 1487 et

474 1544 538 1598 de
566 1556 732 1597 onere
768 1537 1073 1601 detrahere,
1111 1551 1209 1604 pro
1257 1547 1445 1587 eorum
1481 1529 1780 1590 voluntate,
1820 1526 1912 1595 qui
1961 1525 2061 1579 ob-

474 1635 634 1689 latam
662 1646 760 1701 per
790 1629 910 1697 ejus
950 1625 1181 1697 gratiam
1216 1623 1389 1693 ipsius
1423 1620 1657 1675 adventu
1693 1606 1924 1672 salutem
1954 1614 2061 1669 mi-

476 1728 620 1782 nime
643 1720 1074 1793 repudiaverint.

540 1818 733 1873 Schol.
768 1815 823 1869 4.
859 1813 966 1868 Pro
1004 1826 1069 1867 eo
1096 1807 1243 1881 quod
1275 1813 1360 1861 est
1390 1822 1403 1857 :
1443 1802 1715 1857 Modicum
1749 1800 2061 1871 fermentum

480 1920 641 1967 totam
668 1923 901 1963 massam
932 1902 1222 1970 corrumpit
1254 1900 1294 1963 ³,
1327 1896 1608 1965 rescripsit
1636 1892 1924 1947 adulterat.

547 2002 731 2058 Refut.
759 2000 814 2055 4.
843 1997 920 2054 Ne
957 1994 1102 2067 quod
1132 1993 1204 2049 sit
1238 1988 1383 2060 apud
1434 1988 1585 2043 illum
1623 1982 1869 2039 veritatis
1899 1979 2066 2036 vesti—

482 2098 649 2169 gium,
690 2107 958 2163 nusquam
1000 2088 1113 2143 fere
1161 2085 1473 2153 Scriptut'as
1509 2078 1708 2149 attigit,
1741 2075 1871 2146 quin
1910 2072 2067 2127 mali-

484 2164 620 2242 tiose
673 2183 875 2255 aliquid
925 2183 1274 2240 immutaret;
1324 2173 1421 2229 sed
1455 2189 1517 2227 ex
1548 2186 1613 2225 eo
1646 2168 1789 2238 quod
1822 2164 2069 2234 sequitur

486 2277 750 2335 arationis
779 2274 951 2330 series
979 2273 1096 2342 ipsa
1126 2266 1417 2324 manifesta
1464 2262 1727 2318 redditur.
1776 2256 1912 2311 Nam
1963 2256 2069 2309 fcr-

488 2378 766 2435 mentum,
821 2364 966 2419 velut
1025 2362 1199 2415 forma
1251 2356 1530 2429 quaedam,
1585 2366 1780 2406 massa:
1828 2348 2069 2403 subactae

485 2477 620 2534 opus
652 2466 757 2523 est,
788 2465 842 2513 et
873 2451 1214 2511 fermentatio
1242 2450 1359 2519 ipsa
1399 2464 1429 2501 e
1485 2444 1711 2500 subacta
1744 2456 1925 2496 massa
1971 2439 2069 2505 ﬁt;

493 2530 660 2624 neque
693 2546 1067 2621 primigeniam
1110 2541 1339 2596 formam
1376 2536 1666 2598 destruxit,
1710 2534 1801 2603 qui
1842 2530 2074 2602 pruden-

497 2665 570 2704 '.er
609 2640 1020 2702 similitudinem
1088 2635 1234 2695 illam
1286 2630 1856 2702 comparationemque
1894 2632 2075 2678 trans-

497 2740 631 2796 tulit.

559 2828 746 2886 Schol.
795 2824 849 2880 5.
901 2820 1086 2878 Omnis
1112 2818 1250 2873 enim
1286 2815 1371 2870 lex
1413 2813 1467 2867 in
1507 2828 1566 2867 eo
1597 2812 1741 2866 robis
1787 2808 2075 2878 impletu:

500 2924 689 2993 Diliges
714 2918 1015 2990 proximum
1050 2923 1197 2967 tuum
1230 2910 1366 2964 sicut
1402 2909 1627 2975 teipsum
1644 2906 1688 2962 ³.

560 3016 742 3070 Relut.
777 3012 831 3067 5.
875 3008 1014 3076 Quid
1054 3004 1318 3060 attinebat
1355 3000 1675 3071 Apostolum
1709 2998 1881 3067 legem
1925 2994 2077 3049 adhic

2148 794 2415 863 γίνεσθαι.

2221 885 2377 955 Σχόλ.
2408 892 2478 953 γ’.
2528 886 2909 954 Μαρτύρομαι
2955 884 3025 938 δὲ
3055 884 3261 946 πάλιν,
3305 883 3393 936 ὅτι
3420 882 3728 950 ἅνθρωπος

2152 978 2647 1061 περιτερνόμενος
2681 976 2993 1045 ὀφειλέτης
3022 976 3194 1030 ἐστὶν
3221 974 3369 1029 ὅλον
3410 973 3517 1027 τὸν
3544 974 3729 1043 νόμον

2153 1068 2488 1135 πληρῶσαι.

2230 1162 2449 1231 Ἔλεγχ.
2481 1168 2551 1229 γ’.
2586 1161 2679 1221 Τὸ,
2708 1162 3022 1229 ὀφειλέτης
3056 1160 3247 1223 ἐστὶν,
3277 1159 3460 1214 οὐκέτι
3486 1160 3561 1223 ὡς
3603 1160 3733 1229 περὶ

2157 1252 2529 1325 ἀπειρημένου
2578 1252 2748 1320 λέγει,
2789 1251 2927 1305 ἀλλὰ
2970 1252 3097 1322 περὶ
3156 1251 3457 1322 βαρυτέρου
3510 1250 3731 1320 φορτίου

2157 1346 2455 1415 δυναμένου
2515 1344 2932 1414 ὲλαφρυνοῆναι.
2974 1343 3122 1406 Ἐνὸς
3164 1343 3220 1395 δὲ
3254 1343 3406 1405 ὄντος
3439 1342 3732 1407 Δεσπότου,

2158 1436 2457 1505 δυναμένου
2515 1436 2609 1489 καὶ
2672 1435 2924 1505 βαρύνειν
2976 1433 3072 1486 καὶ
3118 1432 3441 1502 ὲλαφρύνειν
3496 1431 3585 1485 διὰ
3634 1432 3736 1500 τῆς

2162 1528 2534 1599 προαιρέσεως
2562 1527 2669 1580 τῶν
2709 1528 2785 1599 μὴ
2820 1526 3313 1599 παραιτησαμένων
3344 1525 3736 1591 καταδέξασθαι

2161 1622 2259 1692 τὴν
2312 1620 2398 1673 διὰ
2447 1619 2546 1689 τῆς
2584 1620 2805 1690 χάριτος
2858 1618 3022 1672 αὑτοῦ
3063 1621 3122 1672 ὲν
3166 1621 3232 1689 τῇ
3276 1619 3524 1689 ὲνσάρκῳ
3570 1615 3737 1670 αὑτοῦ

2166 1708 2437 1781 παρουσίᾳ
2469 1711 2763 1779 σωτηρίαν.

2234 1800 2387 1872 Σχόλ.
2422 1798 2484 1852 δ’.
2530 1800 2674 1853 Ἀντὶ
2703 1798 2816 1864 τοῦ,
2850 1801 3043 1868 Μικρὰ
3072 1798 3215 1869 ζύμη
3233 1799 3382 1855 ὅλον
3404 1800 3473 1853 τὸ
3500 1801 3743 1871 φύραμα

2165 1890 2349 1959 ζυμοῖ,
2386 1890 2609 1960 ἐποίησε
2640 1890 2681 1953 ⁸,
2714 1889 2902 1943 δολΟἷ.

2240 1983 2458 2053 Ἔλεγχ.
2487 1983 2549 2035 δ’.
2584 1983 2701 2035 Ἵνα
2731 1982 2895 2052 μηδὲν
2921 1981 3117 2053 ἀληθὲς
3143 1983 3437 2054 παράὐτῷ
3466 1983 3743 2054 εὑρεθείη,

2165 2076 2401 2146 οὐδαμοῦ
2432 2075 2615 2145 σχεδὸν
2642 2076 2769 2129 ἄνευ
2797 2076 3145 2147 ῥᾳδιουργίας
3166 2080 3285 2139 ταῖς
3312 2077 3553 2148 Γραφαίς
3576 2094 3747 2149 προσ-

2168 2170 2470 2235 ενήνεκται.
2525 2166 2684 2219 Ἀλλὰ
2714 2166 2809 2218 ἀπ’
2840 2166 3009 2234 αὐτῆς
3030 2166 3129 2236 τῆς
3157 2167 3477 2228 ἀκολουθίας
3509 2170 3543 2239 ἡ
3575 2168 3748 2237 φανέ-

2173 2276 2336 2331 ρωσις
2364 2257 2457 2312 τοῦ
2491 2257 2649 2327 λόγου
2680 2257 2909 2325 γίνεται.
2949 2259 3013 2311 Ἥ
3035 2259 3303 2330 γάρζύμη
3332 2260 3393 2313 τὸ
3416 2257 3553 2324 εἶδος
3579 2262 3750 2333 φυρά-

2174 2369 2343 2422 ματος
2374 2351 2561 2421 ἕργον·
2602 2352 2695 2404 καὶ
2715 2350 2823 2403 ἀπὸ
2850 2350 2943 2404 τοῦ
2972 2352 3293 2423 φυράματος
3323 2354 3384 2406 τὸ
3413 2354 3747 2425 ζυμοῦσθαν

2172 2444 2266 2499 καὶ
2322 2444 2423 2497 οὐκ
2469 2447 2526 2498 ὲν
2552 2446 2666 2507 τοῖς
2704 2443 3081 2515 πρωτθτύποις
3112 2445 3175 2497 τὸ
3239 2440 3378 2507 εἶδος
3420 2447 3677 2514 ἠφάνιζεν
3718 2447 3752 2499 ὀ

2175 2536 2415 2601 συνετῶς
2468 2537 2565 2607 τὴν
2623 2536 2939 2607 παραΰολὴν
2997 2536 3092 2589 τοῦ
3144 2536 3462 2607 αίνίγματος
3516 2538 3751 2609 ποιησά-

2176 2645 2357 2700 μενος.

2247 2810 2405 2882 Σχόλ.
2431 2815 2492 2861 ε’.
2529 2808 2582 2860 '0
2632 2808 2744 2878 γὰρ
2791 2805 2909 2873 πᾶς
2944 2807 3128 2876 νόμος
3158 2807 3301 2877 ὑμῖν
3340 2807 3751 2875 πεπλήρωται’

2177 2904 2198 2936 ⁷
2237 2902 2599 2973 Ἀγαπήσεις
2622 2899 2728 2953 τὸν
2762 2900 3030 2965 πλησίον
3055 2914 3171 2952 σου
3203 2900 3284 2964 ὠς
3314 2900 3594 2953 σεαυτόν.

2252 2996 2470 3065 Ἐλεγχ.
2497 3000 2554 3047 ε’.
2586 2994 2681 3056 Τίς
2706 2995 2820 3045 ἐστι
2849 2992 3008 3063 χρεία
3029 2991 3106 3061 τῷ
3126 2991 3583 3061 ἀγίῳἍποστόλῳ
3607 2992 3757 3062 νόμῳ

499 3116 641 3176 bere,
687 3107 734 3163 si
788 3120 819 3160 a
863 3100 1141 3159 veteribus
1187 3094 1461 3151 mandatis
1515 3090 1724 3146 Novum
1758 3088 2078 3145 Testamen-

2180 3089 2438 3159 χρῆσθαι,
2468 3089 2517 3140 εί
2569 3084 2976 3155 ἀπηλλοτρίωτο
3015 3083 3190 3153 Καινὴ
3232 3082 3471 3154 [statim
3522 3084 3623 3153 τῆς
3654 3102 3752 3137 πα-

499 3218 607 3259 tum
637 3196 997 3255 abhorreret?
1028 3192 1133 3248 Sed
1168 3199 1227 3245 ut
1259 3195 1447 3250 aperte
1486 3189 1816 3240 monstraret
1847 3181 1955 3237 duo
1988 3180 2080 3233 illa

504 3293 844 3350 Testamenta
867 3290 934 3343 ab
959 3301 1069 3342 uno
1090 3283 1389 3351 eodemque
1418 3286 1645 3332 auctore
1670 3275 1780 3329 Deo
1806 3288 2080 3333 manasse,

504 3398 873 3452 summamque
905 3378 1187 3433 amborum
1216 3388 1339 3428 esse
1376 3368 1751 3431 concordiam,
1794 3364 2085 3434 utrobique

505 3475 871 3545 proximorum
904 3469 1169 3525 charitate
1221 3466 1391 3534 legem
1444 3459 1658 3531 impleri
1712 3455 2083 3528 signiﬁcatur,

504 3582 623 3637 sua:
678 3563 977 3635 perfectum
1046 3558 1410 3625 omnibusque
1474 3552 1720 3609 numeris
1775 3551 2086 3606 absolutum

506 3665 705 3715 bonum
752 3656 967 3713 clliciat.
1020 3650 1144 3707 Ideo
1184 3646 1573 3719 perfectionem
1616 3642 1754 3713 legis
1791 3641 2088 3711 Apostolus

506 3750 825 3806 charitatem
856 3760 980 3801 esse
1004 3741 1215 3798 delinit.

576 3841 763 3896 Schol.
794 3838 845 3892 6.
878 3833 1168 3903 Manifesta
1200 3838 1323 3885 sunt
1352 3837 1526 3882 autem
1558 3841 1714 3894 opera
1741 3825 1939 3888 carnis,
1974 3841 2091 3895 qua:

509 3944 625 3991 sunt
654 3931 958 4003 fornicatio,
981 3923 1341 3987 immunditia,
1395 3919 1642 3981 luxuria,
1686 3917 1953 3970 idolorum
1988 3934 2072 3971 ser

512 4028 663 4088 uitus,
697 4022 968 4090 veneﬁcia,
1001 4015 1329 4079 inimicitiw,
1375 4010 1749 4071 contentiones,
1794 4006 2087 4061 cumulatio-

512 4136 618 4179 nes,
650 4119 765 4175 iraz,
800 4116 951 4175 rixw,
983 4108 1358 4166 dissensiones,
1392 4110 1568 4163 sectaz,
1595 4099 1898 4163 homicidia,
1929 4097 2095 4152 ebrie—

511 4220 665 4273 tates,
690 4202 1151 4262 commessationes
1181 4213 1199 4251 :
1229 4212 1343 4267 qua:
1371 4193 1602 4263 prwdico
1632 4190 1772 4244 vobis
1801 4191 1934 4243 sicut
1965 4205 2075 4257 pra:

515 4302 644 4366 dixi,
673 4298 921 4369 quoniam
949 4293 1037 4365 qui
1065 4289 1199 4344 talia
1221 4294 1382 4359 agunt
1409 4297 1626 4355 regnum
1646 4279 1759 4335 .Dei
1791 4297 1894 4334 non
1924 4280 2092 4349 passio

517 4392 703 4446 debunt
733 4389 773 4442 ⁸.
1572 4384 1583 4395 ‘

584 4480 766 4535 Relnt.
793 4476 848 4530 6.
879 4473 923 4529 Ο
962 4467 1282 4527 admiranda
1318 4466 1413 4521 Dei
1454 4465 1730 4537 mysteria,
1771 4476 1834 4517 ac
1871 4458 2098 4514 Marcio-
2124 4445 2171 4501 ι)

520 4573 604 4629 nis
649 4569 926 4627 erroribus
977 4563 1203 4618 adversa
1248 4561 1533 4629 dogmata!
1577 4556 1787 4610 Etenim
1819 4554 1960 4607 mala
1989 4567 2102 4605 om-

522 4665 605 4717 nia
628 4660 779 4715 carni
802 4658 1140 4711 tribuuntur.
1162 4651 1237 4704 Ea
1267 4664 1429 4720 porro
1448 4654 1706 4717 perpetuo
1724 4659 1830 4697 non
1858 4641 2096 4707 exstitit;

524 4754 614 4811 sed
634 4759 788 4809 sexto
803 4751 1019 4805 demum
1042 4744 1149 4806 die,
1171 4751 1284 4796 tmn
1303 4755 1429 4794 cum
1446 4740 1685 4793 Adamus
1704 4736 1970 4790 formatus
1990 4742 2094 4802 est,

524 4861 640 4902 esse
661 4843 846 4911 coepit.
865 4838 940 4892 Ex
966 4850 1074 4907 quo
1097 4835 1171 4889 illi
1200 4831 1545 4895 refelluntur,
1568 4828 1661 4899 qui
1684 4828 1884 4881 malum
1909 4827 1976 4879 ab
1999 4825 2098 4879 ini-

526 4940 598 4993 tio
615 4952 677 4991 ac
694 4946 906 5003 semper
921 4928 1197 4985 exstitisse
1215 4924 1529 4996 praedicant.
1550 4920 1713 4991 Atqui
1734 4934 1909 4989 neque
1934 4917 2099 4973 simul

526 5045 585 5084 ac
624 5028 856 5082 formata
885 5036 1014 5077 caro
1055 5027 1159 5083 est,
1190 5022 1474 5089 peccatum
1519 5012 1761 5074 admisit,
1787 5026 1857 5065 ne
1887 5009 2098 5079 peccati

527 5131 713 5176 auctor
757 5117 851 5188 qui
893 5116 1039 5169 illam
1071 5112 1298 5166 ﬁnxerat
1339 5102 1848 5174 haberetur;quasi
1887 5100 2099 5173 peccati

531 5227 670 5270 ream
719 5222 940 5265 carnem
987 5204 1211 5261 molitus
1260 5209 1435 5265 esset;
1483 5210 1659 5267 neque
1713 5194 1915 5248 malum
1962 5207 2101 5262 Opus

527 5319 704 5377 ipsum
730 5298 1043 5356 antecessit.
1070 5295 1272 5350 Verum
1302 5292 1583 5361 aliquanto
1618 5285 1779 5358 352
1817 5291 1940 5355 post
1973 5292 2103 5338 tem-

532 5374 656 5470 pore
683 5411 713 5449 a
735 5393 830 5449 Dei
854 5389 1115 5461 obsequio
1147 5386 1460 5445 desciscens
1489 5380 1733 5436 Adamus
1760 5390 1825 5430 ac
1853 5374 2103 5431 libertate

527 5467 803 5563 praeditus,
835 5498 931 5555 per
958 5497 1096 5547 sese,
1140 5496 1205 5535 ac
1242 5484 1435 5549 sponte
1472 5488 1571 5531 sua
1619 5477 1876 5540 certoque
1917 5467 2102 5523 consi-

600 5670 617 5701 ¹
641 5668 813 5722 Galat.
839 5685 892 5731 v,
933 5670 985 5724 '5.
1060 5668 1080 5699 ²
1110 5664 1240 5722 ibid.
1264 5662 1319 5719 9.
1408 5660 1430 5693 ³
1455 5658 1585 5717 ibid.
1613 5659 1701 5715 Η.

581 5736 738 5794 Deest
759 5740 816 5793 ὲν
836 5738 933 5809 τῷ.

1812 5656 1835 5689 ⁸
1860 5655 1990 5712 ibid.
2019 5653 2205 5710 19-21.

2182 3180 2336 3241 λαιᾶς
2364 3177 2715 3247 νομοθεσίας;
2763 3174 2902 3227 Ἀλλ’
2934 3175 3021 3228 ἵνα
3050 3173 3219 3247 δείξῃ,
3250 3174 3331 3227 ὅτι
3358 3173 3451 3226 τοῦ
3480 3173 3598 3236 ἐνὸς
3620 3172 3757 3226 Θεοῦ

2183 3273 2238 3325 αί
2268 3270 2360 3323 δύο
2386 3269 2674 3337 Διαθῆκαι,
2709 3270 2803 3321 καὶ
2824 3270 2857 3338 η
2888 3266 3175 3337 συμφωνία
3199 3265 3259 3318 τὸ
3290 3266 3635 3337 πληρωτικὺν
3661 3265 3758 3319 τοῦ

2183 3364 2348 3435 νόμου
2380 3362 2470 3415 διὰ
2498 3360 2600 3431 τῆς
2625 3360 2845 3431 ἀγάπης
2872 3360 2967 3413 τοῦ
2983 3359 3206 3430 πλησίον
3237 3360 3538 3431 ἰσορρόπως
3562 3361 3620 3412 ὲν
3638 3361 3758 3421 ταῖς

2182 3457 2276 3511 δύο
2295 3455 2593 3526 Διαθήκαις
2643 3452 2989 3524 γνωρίζεται,
3041 3453 3102 3505 τὸ
3149 3452 3333 3505 τέλεον
3389 3452 3758 3523 ἐργαζομένου

2184 3548 2247 3602 τὸ
2269 3546 2495 3617 ἀγαθὸν,
2532 3545 2699 3615 νόμου
2729 3544 3008 3597 τελείωσιν
3038 3538 3190 3597 εἶπεν
3211 3538 3353 3614 εἶναι
3382 3545 3481 3610 τὴν
3517 3543 3758 3614 ἀγάπην.

2261 3813 2416 3885 Σχὸλ.
2462 3818 2536 3877 ς’.
2564 3808 2795 3877 Φανερὰ
2823 3808 2891 3863 δέ
2937 3807 3069 3862 ἐστι
3102 3807 3173 3862 τὰ
3205 3808 3349 3877 ἔργα
3378 3805 3486 3875 τῆς
3506 3807 3727 3874 σαρκός
3745 3824 3760 3839 ·

2192 3906 2363 3963 ἅτινά
2402 3906 2531 3959 ἐστι
2583 3903 2848 3971 πορνεία,
2886 3902 3244 3970 ἀκαθαρσία,
3275 3900 3579 3970 ἀσέλγεια,
3603 3900 3759 3953 εὶδωο

2190 3999 2561 4069 λολατρείαι,
2614 3993 3006 4065 φαρμακεῖαι,
3067 3993 3308 4062 ἔχθραι,
3348 3993 3524 4061 ἕρεις,
3577 3991 3762 4061 ζῆλοι,

2193 4093 2386 4163 θυμοὶ,
2438 4090 2696 4160 ὲριθεῖαι,
2731 4085 3135 4157 διχοστασίαι,
3186 4083 3468 4151 αἱρέσεις,
3533 4082 3762 4151 φθόνοι,

2188 4189 2381 4257 μέθαι,
2443 4183 2661 4252 κῶμον
2709 4180 2904 4245 καθὼς
2956 4179 3053 4232 καὶ
3111 4177 3417 4245 προεῖπον,
3476 4174 3565 4229 ὅτι
3608 4177 3663 4229 οἱ
3696 4174 3763 4228 τὰ

2193 4278 2438 4333 τοιαῦτα
2467 4273 2848 4343 πράσσοντες
2867 4270 3197 4337 ,Βασιλείαν
3219 4268 3365 4323 Θεοῦ
3387 4269 3459 4321 οὐ
3484 4270 3756 4335 κληρονο-

2192 4370 2525 4443 μήσουσιν.

2274 4465 2494 4534 Ἐλεγχ.
2524 4467 2597 4526 ς’.
2622 4460 2686 4513 Ὢ
2704 4456 3020 4528 θαυμασίων
3049 4453 3360 4527 μυστηρίων
3378 4454 3471 4507 καὶ
3482 4452 3767 4507 ἀντιθέτων

2198 4557 2333 4612 Θεοῦ
2383 4552 2822 4621 ὑποδειγμάτων.
2882 4552 2961 4619 Τῇ
3028 4548 3137 4618 γὰρ
3209 4547 3369 4618 σαρκὶ
3420 4546 3657 4615 περιῆψε
3704 4545 3769 4598 τὰ

2200 4652 2378 4705 πάντα
2409 4647 2576 4703 δεινά.
2617 4646 2681 4697 'H
2705 4642 2842 4713 σὰρξ
2864 4641 2919 4694 δὲ
2943 4642 3042 4694 οὐκ
3076 4640 3160 4693 ἀεὶ
3187 4635 3254 4711 ἦν
3274 4657 3287 4670 °
3320 4640 3432 4693 ἀλλ’
3469 4641 3524 4691 ἐν
3550 4642 3613 4709 τῇ
3642 4639 3769 4710 ἕκτῃ

2199 4739 2381 4811 ἡμέρα
2425 4735 2522 4806 τὴς
2557 4732 2934 4804 κοσμοποιίας,
2975 4729 3070 4782 τοῦ
3127 4730 3299 4799 ’Λδάμ
3350 4727 3699 4792 πλασθέντος,
3740 4728 3771 4798 ἡ

2204 4829 2342 4902 σάρξ
2390 4828 2575 4881 ἔκτοτε
2640 4825 2765 4895 ἔσχε
2805 4824 2903 4892 τὴν
2949 4821 3143 4893 ἀρχὴν,
3179 4820 3323 4890 φημὶ
3354 4819 3455 4887 τῆς
3487 4818 3734 4881 πλάσεως
3758 4834 3771 4847 ·

2205 4923 2291 4975 ἵνα
2340 4918 2667 4990 ἐλεγχθῶσιν
2705 4918 2753 4969 οἱ
2799 4914 3049 4983 λέγοντες
3086 4912 3173 4965 ἀεὶ
3209 4912 3303 4963 καὶ
3342 4908 3402 4973 ἐξ
3443 4904 3771 4980 ἀρχῆς-εἷναι

2202 5014 2264 5067 τὸ
2296 5013 2481 5067 κακόν,
2514 5011 2623 5063 Καὶ
2653 5008 2761 5079 γὰρ
2786 5006 2908 5059 οὔτε
2942 5004 3089 5069 ἐξότε
3118 5002 3359 5072 ἐπλάσθη
3383 5003 3415 5071 ή
3438 5000 3574 5070 σάρξ
3598 5000 3769 5079 ἦμαρ

2203 5117 2316 5162 τεν,
2358 5099 2448 5152 ἵνα
2512 5097 2585 5167 μὴ
2628 5098 2657 5148 ὁ
2707 5095 2951 5165 πλάστης
2998 5094 3170 5155 αἴτιος
3217 5090 3447 5161 νομισθῇ
3483 5089 3773 5160 ἁμαρτίας,

2205 5189 2415 5253 πλάσας
2475 5188 2651 5257 σάρκα
2711 5185 3042 5256 ἀμαρτωλήν
3068 5199 3086 5217 ο
3145 5180 3269 5236 οὒτε
3322 5181 3645 5252 προϋπῆρχε
3683 5177 3773 5231 τοῦ

2207 5282 2522 5351 πλάσματος
2579 5277 2642 5330 τὸ
2675 5277 2863 5330 κακόν.
2896 5275 3053 5331 Μετά
3076 5276 3265 5346 χρόνον
3296 5272 3351 5325 δὲ
3380 5274 3438 5325 ὲν
3473 5272 3724 5342 παρακοῇ
3752 5270 3772 5318 ί

2221 5373 2391 5443 Ἀδὰμ
2441 5369 2698 5440 γεγονὼς,
2760 5368 2899 5440 ἔχων
2934 5367 2995 5421 τὸ
3044 5365 3421 5430 αὐτεξούσιον,
3466 5362 3770 5434 προαιρέσει

2211 5466 2319 5536 ἰδίᾳ.
2349 5464 2440 5533 ἀφ’
2481 5461 2673 5517 ἑαυτοῦ
2705 5462 2800 5533 τὴν
2831 5459 3102 5533 ἁμαρτίαν
3135 5460 3215 5522 εἰς
3254 5456 3446 5513 ἑαυτὸν
3484 5453 3777 5524 διανοηθεὶς,

2316 5656 2336 5686 ⁵
2372 5654 2496 5711 For.
2523 5654 2724 5727 ταύτην
2749 5662 2801 5710 ct
2830 5649 3261 5723 προγεγράφθαι.
3340 5649 3360 5682 ⁸
3384 5666 3474 5719 γρ.
3501 5644 3779 5715 ἐποίησαν.
