4186 6374
507 333 613 388 ’ἑ79
1905 343 1961 399 S.
2001 344 2344 404 EPIPIIANI

3673 366 3788 420 τεο

501 447 776 506 Christum
797 449 1116 522 Christique
1142 453 1524 519 perlectiorem
1550 459 1744 530 legem,
1773 475 1834 515 ac
1860 463 2068 517 circum

2195 469 2438 534 φύλαξις,
2485 471 2663 535 Καλὸς
2706 472 2882 525 τοίνυν
2914 477 2943 526 6
2987 475 3168 544 νόμος,
3212 476 3307 529 καὶ
3357 477 3498 549 καλὴ
3540 479 3573 549 ή
3616 496 3782 552 περι-

501 544 760 600 cisioncm
793 548 1173 618 cognovimus.

504 830 585 883 Ex
619 829 857 899 Epistola
895 833 963 886 ad
999 833 1320 898 Corinthios,
1358 852 1515 904 quam
1540 837 1628 889 isti
1653 835 1866 904 perinde
1900 854 1961 890 ac
1991 854 2084 893 nos

932 906 1158 959 secundo
1198 907 1311 959 loco
1343 917 1644 962 numerant.

570 1014 761 1073 Schol.
807 1018 830 1071 Ι
887 1026 940 1072 et
970 991 1333 1088 9.‘Scriptum
1374 1031 1453 1074 est
1491 1023 1630 1075 enim
1662 1038 1679 1074 :
1717 1019 1950 1074 Perdant
1991 1040 2084 1076 σας

499 1109 751 1170 pientiam
779 1109 1094 1178 sapientum,
1140 1120 1190 1164 et
1235 1111 1575 1179 prudentiam
1619 1111 1960 1181 prudentium
2013 1129 2088 1166 re-

497 1199 726 1264 probabo
768 1201 808 1254 '.

571 1291 750 1346 Refnt.
785 1295 808 1347 1
843 1301 896 1348 et
926 1293 979 1348 9.
1012 1293 1462 1366 Quandoquidem
1506 1314 1567 1353 ex
1621 1300 1687 1355 iis
1728 1315 1848 1371 quae
1890 1317 1918 1355 a
1960 1318 2085 1372 pro-

507 1385 686 1453 phetis
713 1385 915 1454 scripta
947 1395 1074 1440 sunt
1107 1389 1404 1458 Apostolus
1437 1389 1503 1444 ad
1540 1391 1788 1448 veritatis
1825 1394 2083 1448 sincera:-

495 1491 603 1543 que
619 1474 881 1530 doctrina:
912 1477 1210 1532 faciendam
1241 1479 1420 1543 ﬁdem,
1447 1485 1802 1540 auctoritates
1828 1487 2079 1549 arcessit,

495 1583 842 1638 nequaquam
879 1586 907 1623 a
942 1574 1191 1634 veritate,
1234 1588 1333 1626 nec
1373 1588 1403 1626 a
1441 1575 1606 1640 bono,
1648 1577 1898 1648 bonaque
1935 1580 2080 1635 illius

496 1664 790 1734 disciplina
819 1666 1101 1736 prophetae
1135 1669 1455 1737 segregandi
1493 1678 1642 1724 sunt.

567 1754 754 1810 Schol.
793 1755 828 1808 2
860 1764 913 1810 et
953 1757 1038 1811 10.
1069 1756 1156 1820 ω,
1185 1759 1624 1828 quemadmodum
1663 1762 1916 1830 scriptum
1956 1775 2030 1815 cst
2063 1780 2080 1816 :

495 1848 602 1915 Qui
621 1849 906 1918 gloriatur,
931 1850 983 1903 iu
1007 1849 1228 1904 Domino
1257 1851 1512 1921 glorietur
1539 1855 1581 1905 '.

564 1939 749 1995 liefut.
780 1942 890 1996 Set
925 1943 1006 1996 l0.
1044 1942 1180 1996 Cum
1217 1945 1262 1996 is
1307 1944 1397 2013 qui
1445 1946 1710 2013 gloriatur
1751 1943 1805 2002 in
1851 1944 2079 1999 Domino

493 2035 634 2102 apud
670 2034 964 2105 pr0phetas
1007 2035 1167 2090 laude
1219 2035 1417 2106 dignus
1459 2037 1744 2102 habeatur,
1791 2038 2076 2090 Dominum

494 2142 660 2197 porro
695 2126 978 2196 Scriptura
1021 2144 1144 2183 eum
1187 2128 1474 2201 intelligat,
1506 2131 1598 2200 qui
1635 2132 1770 2202 legis
1809 2132 1880 2186 sit
1910 2131 2076 2193 Dens,

492 2235 657 2289 quem
687 2228 768 2284 tu,
801 2219 1029 2283 Marcio,
1057 2222 1297 2291 judiccm
1331 2232 1384 2277 ct
1417 2233 1741 2288 creatorem,
1775 2240 1836 2278 ac
1867 2225 2076 2295 justum

492 2313 778 2377 nominas;
825 2329 933 2367 non
975 2321 1153 2383 potest
1197 2315 1284 2368 hic
1321 2315 1461 2370 alius
1508 2332 1630 2371 esse
1669 2334 1832 2387 quam
1873 2318 2077 2371 Christi

491 2403 676 2464 Pater.
709 2406 868 2474 cujus
902 2406 1208 2476 discipulus
1242 2417 1327 2460 est
1360 2406 1592 2473 Paulus;
1635 2409 2076 2479 quandoquidem

489 2511 521 2550 e
562 2495 841 2565 prophetae
879 2494 1131 2549 doctrina
1173 2497 1416 2566 gentium
1459 2497 1744 2552 institutus
1786 2516 1814 2550 a
1856 2499 2078 2553 Christo

491 2588 755 2658 magister
788 2586 1008 2652 Paulus,
1036 2604 1104 2642 ex
1134 2588 1347 2652 iisdem,
1386 2589 1630 2658 inquam,
1664 2591 1927 2646 doctrina:
1961 2592 2078 2644 fon-

491 2680 641 2734 tibus
676 2680 824 2732 velut
862 2680 1226 2734 clarissimam
1265 2695 1461 2751 aquam
1501 2683 1782 2748 hauriens,
1819 2686 2076 2741 commis-
2115 2723 2126 2731 -

493 2788 608 2827 sam
640 2771 746 2827 sibi
781 2771 1061 2844 perfundit
1087 2773 1408 2827 Ecclesiam.

562 2863 750 2919 Schol.
773 2865 808 2919 5
839 2876 892 2920 et
919 2865 1004 2919 Η.
1065 2864 1373 2939 Principum
1397 2871 1554 2940 hujus
1583 2871 1787 2937 saeculi,
1827 2874 1918 2942 qui
1954 2891 2075 2928 eva-

490 2967 719 3010 cuantur
739 2957 779 3010 ³.

555 3047 724 3121 354
744 3047 925 3106 Refut.
953 3051 986 3105 3
1004 3060 1056 3107 et
1076 3051 1161 3108 ll.
1184 3052 1241 3108 Si
1262 3054 1425 3125 hujus
1446 3057 1628 3114 saeculi
1649 3058 1923 3128 principes
1947 3067 2076 3114 sunt

2188 563 2347 632 τομὴ,
2386 565 2479 632 ἀφ’
2509 558 2570 617 οὖ
2618 566 2712 617 καὶ
2747 568 2837 634 ἀφ’
2879 563 2946 638 ἦς
2979 569 3221 639 ἔγνωμεν
3258 569 3510 640 Χριστὸν,
3543 573 3635 626 καὶ
3679 573 3780 626 τὸν

2188 656 2564 728 ἐντελέα-ιερον
2629 659 2796 711 αὑτοῦ
2844 660 3035 728 νόμον,
3097 660 3193 712 καὶ
3235 662 3335 732 τὴν
3390 663 3777 734 ἐντελεστέραν

2187 749 2352 801 αὑτοῦ
2382 755 2707 821 περιτομήν.

2201 863 2342 916 Ἀπὸ
2373 862 2481 930 τῆς
2509 864 2656 930 πρὸς
2688 863 3419 936 ΚορινθίουςἘπιστολῆς
3439 883 3451 895 ·
3482 882 3632 936 (tum
3657 868 3774 936 γὰρ

2398 937 2533 1001 παρ’
2565 936 2773 1000 αὐτοῖς
2803 935 3049 1004 δευτέρα
3093 935 3191 988 καὶ
3220 939 3356 1004 παρ’
3391 936 3550 1004 ἡμῖν.

2256 1049 2302 1094 α’
2342 1043 2434 1094 καὶ
2463 1042 2509 1095 0'
2542 1043 2689 1112 σχόλ.
2733 1042 3067 1113 Γέγραπται
3096 1043 3224 1114 γάρ·
3269 1044 3496 1098 Ἀπολῶ
3533 1045 3647 1113 τὴν
3662 1063 3756 1100 σοι

2187 1138 2336 1202 ριἀν
2365 1136 2485 1188 τῶν
2522 1137 2754 1205 σοφῶν,
2796 1137 2893 1190 καὶ
2929 1137 3044 1205 τὴν
3081 1139 3342 1192 σύνεσιν
3357 1137 3474 1191 τῶν
3497 1140 3754 1194 συνετῶτ

2186 1229 2483 1296 ἀθετήσω.

2256 1328 2306 1372 α’
2341 1322 2431 1373 καὶ
2461 1321 2524 1374 0'.
2554 1320 2734 1391 ἔλεγχ.
2765 1320 2829 1372 Ei
2859 1321 2967 1373 ἀπὸ
3001 1321 3109 1374 τῶν
3132 1323 3530 1393 γεγραμμένων
3557 1325 3614 1376 ἐν
3651 1327 3759 1386 τοῖς

2187 1415 2496 1482 προψήταις
2539 1413 2864 1481 ἀναλέγεται
2895 1415 2924 1466 ὀ
2977 1415 3296 1478 Ἀπόστολος
3344 1417 3648 1487 μαρτυρίας
3686 1419 3758 1470 είς

2185 1506 2528 1576 παράστασιν
2563 1507 2821 1577 ἀληθείας
2863 1509 2958 1561 καὶ
3004 1509 3216 1579 ἀγαθῆς
3267 1510 3635 1577 διδασκαλίας,
3664 1514 3758 1564 οὑ)

2184 1597 2452 1668 ἀλλότριοι
2483 1600 2532 1650 oi
2561 1601 2834 1669 προφῆται
2863 1603 2962 1670 τῆς
2992 1601 3272 1671 ἀληθείας,
3300 1604 3394 1656 καὶ
3422 1603 3512 1656 τοῦ
3537 1604 3765 1672 ἀγαθοῦ,

2186 1691 2280 1743 καὶ
2313 1693 2411 1760 τῆς
2437 1692 2646 1763 ἀγαθῆς
2685 1693 2850 1746 αὑτοῦ
2880 1695 3245 1758 διδασκαλίας.

2116 1820 2155 1873 Β
2258 1782 2300 1852 β’
2336 1784 2426 1837 καὶ
2468 1791 2496 1835 ι’
2528 1787 2675 1854 σχόλ.
2730 1786 2842 1839 Καὶ
2890 1789 3023 1850 ἵνα,
3063 1788 3257 1855 καθὼς
3300 1790 3643 1858 γέγραπται,
3703 1789 3770 1840 '0

2185 1875 2590 1942 καυχώμενος,
2624 1879 2694 1928 ἐν
2723 1880 2917 1945 Κιρίῳ
2945 1880 3288 1948 καυχάσθω.

2253 1969 2295 2037 β’
2331 1971 2423 2022 καὶ
2457 1979 2484 2023 ι’
2515 1972 2690 2042 ἔλεγχ.
2713 1973 2772 2025 Εἰ
2800 1975 3080 2036 ἐπαινετὸς
3100 1974 3332 2044 ὑπάρχει
3355 1977 3384 2028 6
3411 1972 3764 2044 καυχώμενος

2181 2063 2237 2112 ἐν
2267 2063 2458 2132 Κυρίῳ
2487 2064 2637 2133 παρὰ
2675 2067 2789 2130 τοῖς
2820 2065 3147 2135 προφήταις.
3185 2065 3390 2136 Κύριον
3435 2065 3490 2117 δὲ
3523 2061 3630 2116 οἶδε
3671 2063 3764 2115 τὸν

2180 2154 2312 2206 Θεὸν
2338 2153 2432 2207 τοῦ
2470 2157 2633 2225 νόμου
2674 2155 2768 2208 τὸν
2801 2157 2951 2226 παρά
2987 2157 3089 2219 σοὶ,
3117 2151 3162 2208 ὦ
3191 2157 3479 2228 Μαρκίων,
3512 2157 3605 2208 καὶ
3641 2172 3768 2224 κρι-

2179 2247 2297 2316 τὴν,
2336 2247 2431 2299 καὶ
2476 2247 2830 2321 δημιουργὸν,
2873 2253 2966 2304 καὶ
3013 2251 3220 2304 δίκαιον
3268 2249 3621 2318 καλούμενον,
3662 2248 3768 2300 οὑκ

2179 2341 2336 2404 ἄλλος
2362 2344 2507 2395 ἐστὶν
2537 2338 2693 2408 οὗτος
2727 2346 2877 2416 παρὰ
2909 2346 3000 2398 τὸν
3039 2344 3132 2398 τοῦ
3172 2342 3407 2415 Χριστοῦ
3436 2341 3677 2410 Πατέρα,
3699 2331 3767 2390 οὗ

2184 2435 2429 2506 μαθητὴς
2468 2438 2703 2508 ὑπάρχει
2753 2439 2996 2502 Παῦλος·
3044 2437 3343 2508 ἐπειδήπερ
3385 2435 3493 2489 ἀπὸ
3535 2434 3634 2502 τῆς
3665 2430 3764 2483 τοῦ

2181 2530 2461 2596 προφήτου
2486 2528 2835 2592 διδασκαλίας
2860 2529 2889 2580 6
2913 2528 3233 2590 διδάσκαλος
3265 2522 3626 2585 κατασταθεὶς
3654 2521 3766 2574 τῶν

2180 2617 2349 2670 ἐθνῶν
2384 2619 2489 2670 ὑπὸ
2517 2620 2751 2689 Χριστοῦ
2779 2619 3010 2682 Παῦλος,
3036 2619 3145 2672 ἀπὸ
3170 2617 3278 2669 τῶν
3299 2615 3501 2686 ὁμοίιον
3528 2611 3622 2664 καὶ
3651 2610 3765 2664 τῶν

2179 2709 2356 2760 αὑτῶν
2392 2710 2748 2764 διδασκαλιῶν
2789 2709 3135 2780 ἀνιμώμενος
3173 2707 3248 2770 ὡς
3293 2704 3533 2776 καθαρὸν
3579 2701 3760 2772 ὕδωρ.

2179 2802 2394 2872 ἀρδεύει
2432 2804 2497 2874 ἦν
2526 2804 2885 2856 πεπίστευται
2919 2800 3265 2871 Ἐκκλησίαν.

2248 2895 2298 2964 γ’
2326 2897 2418 2950 καὶ
2455 2903 2521 2949 ια’
2549 2896 2694 2967 σχόλ.
2742 2897 2864 2950 Τῶν
2893 2896 3204 2964 ἀρχόντων
3243 2892 3350 2946 τοῦ
3381 2891 3596 2958 αἰῶνος
3622 2891 3749 2944 τούν

2177 3005 2284 3040 του
2316 2986 2435 3040 τῶν
2461 2991 2978 3058 καταργουμένων.

2247 3084 2294 3145 γ’
2329 3078 2423 3131 καὶ
2467 3084 2534 3131 ια’
2565 3078 2742 3148 ἔλεγχ.
2777 3079 2838 3130 Εἰ
2869 3079 3130 3148 ἄρχοντες
3179 3074 3275 3128 τοῦ
3326 3075 3522 3137 αίῶνος
3567 3072 3759 3127 τούτου

492 3142 680 3200 multi.
713 3143 805 3212 qui
835 3143 1054 3213 quidem
1084 3157 1454 3212 evacuantur,
1491 3164 1596 3202 non
1629 3150 1796 3202 trium
1836 3151 2068 3220 amplius

2175 3171 2379 3231 πολλοὶ,
2412 3171 2814 3243 καταργοῦνται
2859 3171 2915 3224 δὲ
2958 3173 3007 3224 οἱ
3041 3170 3304 3235 τοιοῦτοι,
3337 3169 3756 3241 ἀναγκασθήσῃ,

492 3232 911 3302 principiorum,
940 3233 1175 3302 Marcio,
1222 3237 1421 3306 stirpes
1469 3253 1533 3292 ac
1569 3237 1781 3292 radices
1814 3239 2071 3309 indagare

489 3326 732 3394 cogeris;
794 3326 887 3379 sed
949 3327 1112 3380 aliam
1169 3329 1512 3383 comminisci
1575 3329 1848 3397 fabulam,
1908 3339 2072 3401 atque

491 3417 559 3471 ad
595 3416 890 3470 multorum
926 3419 1340 3489 principiorum,
1373 3429 1427 3476 et
1456 3423 1726 3489 radicum,
1754 3436 1807 3480 et
1834 3427 2072 3497 ingentis

491 3506 726 3576 alicujus
781 3509 1060 3579 tragoedia:
1131 3511 1538 3581 inquisitionem
1614 3521 1668 3569 te
1725 3529 2067 3572 convertere.

489 3599 737 3669 Cumque
772 3601 960 3655 nescio
994 3600 1124 3671 quid
1163 3603 1497 3661 calumniose
1545 3609 1850 3675 struxeris;
1893 3625 2072 3678 neque

489 3692 636 3746 enlm
683 3692 930 3748 invenire
974 3695 1181 3764 poteris
1235 3696 1693 3766 quemadmodum
1745 3701 1910 3754 verba
1955 3701 2068 3765 illa,

488 3785 579 3851 qui
611 3795 966 3850 evacuantur,
996 3788 1399 3852 accommodes,
1428 3805 1492 3845 ex
1517 3790 1618 3845 hoc
1641 3792 1758 3861 ipso
1779 3795 2072 3848 evacuaudi

488 3876 758 3932 vocabulo
789 3887 913 3932 ruat
940 3879 1029 3932 illa
1057 3893 1284 3934 necesse
1317 3888 1420 3946 est,
1452 3896 1614 3950 quam
1649 3883 1825 3954 lingis,
1860 3885 2068 3954 princi-

485 3969 701 4040 piorum
727 3970 879 4024 radix
907 3984 1101 4026 carens
1137 3971 1256 4041 ipso
1291 3972 1577 4044 principio,
1614 3973 1888 4045 Quidquid
1922 3978 2066 4031 enim

485 4061 689 4117 desinit
734 4061 1049 4132 aliquando.
1097 4064 1489 4133 sempiternum
1529 4080 1653 4120 esse
1697 4082 1806 4119 non
1859 4076 2065 4136 potest;

485 4155 583 4210 sed
605 4155 650 4211 si
678 4155 1006 4225 principium
1034 4155 1252 4226 aliquod
1282 4155 1424 4211 unde
1449 4173 1571 4212 esse
1600 4161 1767 4229 cmpit
1792 4160 2065 4223 habuerit,

486 4248 650 4302 ﬁnem
695 4247 920 4319 insuper
964 4249 1252 4302 obtinebit.
1303 4247 1447 4303 Fieri
1513 4250 1714 4320 quippe
1763 4251 1952 4321 nequit
2010 4259 2067 4305 nt

484 4339 629 4409 quod
660 4339 988 4409 principium
1027 4340 1190 4395 habet
1228 4356 1463 4409 perenne
1501 4343 1570 4396 sit
1614 4357 1679 4396 ac
1720 4353 2061 4412 perpetuum.

483 4430 701 4500 Alioqui
726 4430 854 4500 quid
891 4430 1023 4484 illud
1053 4431 1153 4485 sibi
1185 4432 1508 4502 velletquod
1567 4434 1799 4488 dicitur:
1834 4435 1886 4489 id
1919 4437 2062 4504 quod

480 4530 567 4576 est
589 4521 709 4590 ejus
738 4538 859 4577 esse
889 4538 1133 4583 causam,
1162 4523 1307 4591 quod
1334 4525 1628 4594 aliquando
1660 4541 1768 4580 non
1803 4527 1988 4594 fuerit,
2010 4537 2064 4581 ct
2095 4516 2143 4571 Β

480 4631 607 4669 esse
654 4613 871 4668 demum
928 4615 1188 4684 θαιροτὶιῖ
1246 4617 1484 4687 Idipsum
1538 4632 1703 4688 porro
1760 4619 1902 4690 quod
1957 4628 2062 4684 est,

481 4705 644 4762 Pater
691 4714 775 4761 est
820 4714 875 4761 et
922 4706 1118 4773 Filius,
1168 4716 1222 4762 et
1275 4709 1516 4779 Spiritus
1559 4720 1803 4767 sanctus.
1857 4714 2062 4768 Caatera

483 4798 687 4861 omnia,
717 4813 838 4868 quae
865 4800 1084 4852 condita
1116 4810 1262 4864 sunt,
1286 4817 1395 4855 non
1423 4818 1544 4858 esse
1573 4803 1852 4868 dicuntur,
1879 4822 1999 4874 quae
2033 4823 2063 4859 a

485 4889 752 4960 principio
783 4890 1020 4959 quodam
1059 4899 1239 4945 ortum
1277 4893 1611 4961 habuerunt;
1637 4897 1779 4951 inter
1801 4913 1921 4966 qua:
1948 4915 2066 4951 ma-

481 4984 592 5037 lum
621 4985 783 5038 etiam
819 4983 964 5053 quod
995 4985 1196 5038 dicitur
1234 4987 1572 5041 referendum
1602 4998 1704 5044 est.
1735 4991 1954 5058 Malum,
1974 4993 2061 5046 in-

475 5092 664 5144 qUam,
696 5078 840 5144 quod
871 5077 938 5131 ab
968 5076 1282 5132 hominibus
1309 5079 1418 5148 jam
1441 5097 1495 5134 ιιι
1534 5081 1708 5136 lucem
1742 5085 1902 5140 editis
1939 5097 2060 5140 tan-

476 5184 638 5236 quam
681 5183 710 5222 a
749 5171 1017 5241 principio
1049 5178 1289 5226 manavit
1321 5192 1333 5226 :
1369 5189 1492 5227 cum
1522 5185 1575 5229 et
1598 5176 1700 5245 ipsi
1731 5180 2058 5251 quandoque

477 5277 588 5315 non
633 5259 860 5327 fuerint,
901 5273 956 5317 et
993 5273 1105 5317 tum
1153 5280 1277 5320 esse
1319 5266 1520 5320 malum
1554 5270 1801 5337 cmperit,
1840 5286 1963 5324 cum
2003 5282 2057 5326 et

477 5351 662 5414 homo,
689 5354 780 5422 qui
814 5362 971 5408 antea
1003 5371 1112 5410 non
1141 5367 1278 5420 erat,
1313 5358 1579 5428 originem
1608 5361 1839 5430 accepit.
1872 5362 2054 5428 Quare

477 5443 658 5495 veniet
691 5451 907 5513 tempus
941 5461 1064 5500 cum
1101 5448 1302 5501 malum
1339 5450 1574 5519 amplius
1609 5467 1718 5505 non
1752 5454 1883 5519 erit;
1924 5471 2050 5509 eum

477 5533 703 5602 princtpi
739 5534 838 5602 ipsi
875 5538 1096 5593 minime
1127 5539 1271 5593 istud
1305 5542 1593 5610 placuerit,
1624 5545 1769 5613 quod
1809 5555 1989 5601 ortum
2021 5563 2052 5603 a

477 5625 744 5695 principio
773 5627 947 5696 ipsum
987 5629 1039 5682 in
1082 5631 1350 5685 malorum
1383 5649 1612 5689 numero
1652 5645 1813 5692 atuue
1860 5640 2054 5698 ordine

552 5743 573 5823 ξ
607 5741 622 5794 Ι
653 5741 779 5796 Cor.
816 5760 850 5808 ι,
883 5746 1004 5823 iii;
1041 5749 1146 5804 lsa.
1208 5767 1357 5823 xxix,
1399 5753 1464 5808 M

475 5809 496 5845 ⁸
533 5809 594 5867 F.
639 5829 821 5868 κεκτισ
830 5817 983 5876 μένα.

1569 5755 1794 5814 'lGor.
1859 5776 1896 5829 ι,
1961 5763 2060 5834 51;
2097 5767 2207 5824 Jcr.
2265 5785 2340 5834 Ix,
2395 5769 2486 5836 25,
2540 5769 2629 5823 24.

2173 3259 2218 3318 ὦ
2253 3265 2540 3336 Μαρκίων,
2565 3263 2745 3316 οὐκέτι
2773 3265 2944 3336 τριῶν
2975 3265 3160 3335 ἀρχῶν
3180 3266 3202 3296 ⁵
3231 3264 3416 3335 ζητεῖν
3446 3263 3542 3323 τὰς
3565 3259 3720 3332 ῥίζας
3739 3277 3758 3293 ·

2173 3356 2287 3408 ἀλλ’
2319 3357 2617 3427 ἐρευνήσας
2645 3355 2804 3409 ἄλλον
2841 3357 3008 3427 μῦθον
3043 3354 3252 3409 πολλ’ὦν
3289 3356 3472 3426 ἀρχῶν
3503 3356 3596 3407 καὶ
3623 3353 3757 3407 πολ-

2173 3446 2283 3500 λῶν
2314 3446 2500 3517 ῥιζῶν,
2535 3449 2629 3501 καὶ
2669 3448 2869 3519 πολλῆς
2908 3448 3236 3519 τραγῳδίας.
3277 3447 3389 3500 Καὶ
3431 3447 3558 3499 ὃταν
3599 3461 3760 3497 συκο-

2174 3539 2389 3608 φαντῶν
2422 3540 2637 3610 πλάσῃς
2660 3559 2672 3570 ·
2707 3541 2769 3593 οὑ
2821 3540 2929 3612 γὰρ
2967 3540 3148 3610 εὕροις
3191 3537 3522 3608 συναντῆσαι
3561 3553 3642 3590 σοι
3673 3536 3757 3598 τὺ,

2172 3630 2670 3701 καταργουμένων
2694 3649 2707 3661 ·
2764 3632 2830 3684 ἐκ
2885 3631 2942 3684 δὲ
2997 3630 3104 3697 τοῦ¹
3138 3631 3297 3698 λόγου
3350 3629 3444 3682 τοῦ
3506 3628 3759 3696 λέγοντος

2171 3722 2672 3791 καταργουμένων
2703 3722 3124 3794 ἀναιρεθήσεται
3159 3725 3192 3794 ἡ
3229 3721 3382 3793 παρὰ
3423 3720 3516 3773 σοῦ
3553 3737 3755 3790 φαντα-

2171 3810 2372 3881 ζομένη
2400 3812 2634 3884 ἄναρχος
2665 3813 2773 3864 τῶν
2804 3813 2989 3882 ἀρχῶν
3026 3813 3172 3884 ῥίζα.
3208 3814 3323 3866 Πᾶν
3352 3810 3461 3884 γὰρ
3488 3811 3550 3864 τὸ
3591 3811 3755 3881 λῆγον

2169 3905 2270 3957 οὑκ
2304 3905 2472 3957 ἀΐδιον
2506 3905 2770 3976 ὑπάρχει·
2802 3906 2941 3958 ἀλλὰ
2978 3908 3026 3958 εί
3073 3907 3250 3977 ἀρχὴν
3297 3905 3424 3976 ἔσχε
3455 3903 3549 3958 τοῦ
3591 3901 3753 3968 εἶναι,

2172 3998 2268 4050 καὶ
2295 3997 2446 4060 τέλος
2487 3997 2694 4066 ὑφέξει.
2741 3999 3024 4054 Ἀδύνατον
3053 3998 3163 4070 γὰρ
3200 3998 3262 4051 τὸ
3308 3998 3483 4069 ἀρχὴν
3523 3996 3754 4067 ὲσχηκὸς

2169 4089 2497 4154 διαιωνίζειν
2544 4091 2766 4154 ἀΐδίως·
2799 4093 2847 4144 εί
2899 4093 3056 4163 μήτι
3106 4091 3172 4145 ἂν
3202 4090 3345 4143 Θέλοι
3375 4090 3438 4143 τὸ
3479 4089 3538 4144 ὃν
3583 4090 3753 4142 αἴτιον

2167 4184 2460 4253 γενόμενον
2513 4183 2685 4255 τοῦμή
2733 4201 2862 4237 ποτε
2931 4184 3116 4249 ὄντος,
3164 4181 3477 4254 ἀρξαμένου
3545 4182 3604 4235 δὲ
3657 4180 3752 4234 τοῦ

2169 4271 2328 4328 εἷναι.
2376 4275 2448 4326 T6
2481 4275 2537 4328 δὲ
2583 4275 2642 4329 ὃν
2677 4277 2794 4328 ἐστὶ
2851 4275 3069 4348 Πατὴρ,
3100 4276 3194 4329 καὶ
3245 4275 3405 4338 Υἱὸς,
3446 4275 3542 4326 καλ⁵
3595 4275 3750 4341 ἅγιον

2170 4366 2428 4437 Πνεῦμα·
2470 4368 2529 4419 τὸ
2560 4368 2616 4420 δὲ
2654 4368 2726 4439 μὴ
2771 4367 2830 4421 ὃν
2881 4369 3001 4420 ἐστὶ
3043 4367 3222 4425 πάντα
3256 4367 3325 4419 τὰ
3368 4365 3681 4436 κεκτημένα
3706 4365 3748 4428 ⁸,

2171 4459 2344 4529 ἀρχὴν
2395 4462 2667 4530 ἐσχηκότα
2695 4460 2788 4512 τοῦ
2835 4458 2993 4524 εἶναι,
3030 4463 3086 4513 ὲν
3118 4454 3200 4523 οἷς
3247 4460 3314 4513 ἂν
3355 4461 3448 4512 καὶ
3490 4459 3551 4511 τὸ
3600 4459 3754 4526 λεγὸ⁴

2176 4572 2334 4624 μενον
2360 4555 2526 4607 κακόν
2549 4571 2561 4583 ·
2597 4557 2690 4608 καὶ
2711 4554 2769 4607 ὃν
2798 4555 2964 4608 κακὸν
2988 4555 3098 4608 ἀπὸ
3123 4553 3216 4607 ἀνθ
3227 4553 3423 4625 ρώπων
3446 4545 3751 4626 ἀρξάμενον

2166 4646 2274 4698 τῶν
2305 4646 2631 4717 γενομένων,
2666 4647 2766 4699 οὑκ
2797 4648 2966 4700 ὄντων
3000 4647 3148 4708 ποτὲ,
3180 4647 3354 4717 ἀρχὴν
3375 4645 3431 4698 δὲ
3453 4645 3545 4698 τοῦ
3577 4643 3750 4697 κακοῦ

2166 4738 2495 4808 ἐσχηκότος,
2547 4738 2695 4800 ἐξότε
2736 4739 2830 4790 καὶ
2873 4739 2901 4789 ὁ
2940 4736 3224 4809 ἄνθρωπος
3265 4739 3292 4789 6
3336 4737 3436 4788 οὐκ
3476 4733 3552 4787 ὥν
3589 4751 3748 4797 ποτε,

2165 4825 2348 4877 οὐκέτι
2390 4825 2542 4878 ἔσται
2590 4826 2651 4877 τὸ
2693 4827 2882 4880 κακόν.
2935 4824 3345 4895 Ἀναμφιϐόλως
3387 4825 3495 4895 γὰρ
3531 4827 3752 4894 ἀναιρε-

2168 4916 2425 4988 Θήσεται,
2481 4918 2569 4970 διά
2621 4917 2683 4970 τὸ
2740 4918 2814 4988 μὴ
2868 4917 3207 4970 συνευδοκεῖν
3252 4913 3346 4968 τὸν
3399 4915 3634 4986 ἄρχοντα
3673 4913 3752 4982 τῷ

2165 5012 2342 5083 ἀρχὴν
2387 5011 2674 5081 ἐσχηκόσι-ι,
2717 5012 2810 5063 καὶ
2865 5011 2922 5063 ὲν
2961 5008 3187 5077 φαύλοις
3233 5007 3427 5061 ἑαυτὸν
3476 5008 3752 5078 καταστή-

2165 5119 2320 5155 σαντι
2341 5118 2354 5130 ·
2389 5101 2732 5170 παυῦήσεται
2761 5101 2870 5172 γὰρ
2916 5098 3056 5169 μετά
3091 5101 3191 5171 τὴν
3225 5099 3523 5152 ἀνάστασιν
3559 5099 3620 5150 οὑ
3654 5098 3752 5167 μό-

2163 5211 2287 5253 νον,
2333 5192 2469 5244 ἁλλά
2517 5195 2613 5246 καὶ
2660 5193 2767 5245 ἀπὸ
2801 5193 2898 5262 τῆς
2937 5190 3032 5244 τοῦ
3078 5191 3243 5261 νόμου
3296 5189 3610 5260 κηρύξεως·
3655 5190 3752 5242 καὶ

2164 5283 2270 5354 πρὸ
2299 5283 2452 5335 τοῦδε
2489 5285 2655 5353 νόμου
2696 5284 2802 5336 ἀπὸ
2838 5283 3046 5335 πολλῶν
3072 5282 3180 5336 τῶν
3217 5282 3358 5335 κατά
3387 5282 3478 5334 τὸν
3519 5281 3750 5351 φυσικὸν

2161 5376 2324 5444 νόμον
2382 5377 2888 5447 πεπολιτευμένων·
2943 5377 3038 5429 καὶ
3105 5375 3184 5428 ἔτι
3229 5391 3290 5444 γε
3345 5373 3752 5445 περισσοτέρως

2161 5467 2270 5519 ἀπὸ
2299 5468 2397 5540 τῆς
2430 5467 2522 5520 τοῦ
2557 5467 2795 5539 Χριστοῦ
2839 5468 3107 5538 ὲνσάρκου
3157 5466 3494 5537 παρουσίας·
3547 5461 3747 5516 τελειό-

2160 5576 2296 5611 τατα
2314 5560 2367 5612 δὲ
2385 5559 2492 5613 ἀπὸ
2508 5560 2604 5630 τῆς
2616 5559 2723 5613 τῶν
2736 5559 2944 5630 νεκρῶν
2956 5559 3324 5620 ἀναστάσεως.
3343 5555 3560 5626 Ἐπειδὴ
3576 5552 3750 5608 σπεί-

2156 5667 2365 5717 ρονται
2391 5651 2462 5703 ἐν
2481 5651 2689 5720 φθορᾷ,
2721 5652 3048 5722 ἐγείρονται
3086 5649 3156 5703 ἐν
3185 5648 3519 5718 ἀφθαρσίᾳ,
3546 5644 3748 5716 μηκέτι

2743 5771 2764 5801 ³
2793 5769 2811 5824 ι
2837 5770 2961 5824 Cor.
2996 5783 3056 5837 ιι,
3087 5767 3140 5823 6.
3243 5763 3265 5796 ⁵
3291 5783 3381 5824 νο.
3442 5763 3723 5827 ἀρχόντων
