4186 6374
428 339 526 396 781
1095 347 1462 406 ADVERSUS
1501 350 1842 406 IIA‘IRESES
1879 353 1977 406 LlH

2082 397 2084 407 ι
2127 354 2292 410 ΤΟΜ.
2331 357 2419 411 Ill.
2454 359 2810 414 ρ-ΙΙᾹΞΒΕΞ.
2859 360 3020 416 XLII.
3592 366 3698 422 782

423 459 485 514 τὸ
513 460 681 514 κακὸν
719 462 1113 533 ἐργαζόμενοι,
1158 469 1353 538 μηκέτι
1408 471 1863 539 ἀποθνήσκοντες.
1905 474 1977 526 Kc

2082 511 2090 534 ι
2121 475 2440 532 collocarat.
2474 479 2644 548 Igitur
2673 496 2782 533 non
2820 481 2996 533 solum
3036 489 3155 550 post
3187 497 3476 553 corporum
3515 501 3698 544 resur-

421 551 506 604 ὅτι
547 551 604 604 δὲ.
650 552 1014 623 παυθησεται,
1061 562 1402 630 μαρτυρήσει
1441 564 1468 614 6
1511 564 1673 626 αὐτὸς
1714 564 1871 632 λόγος
1908 565 2001 618 τοῦ

435 641 758 694 Ἀποστόλου
807 646 1064 710 φάσκων·
1113 646 1244 700 Τῶν
1276 651 1584 718 ἀρχόντων
1634 653 1740 705 τοῦ
1788 654 2001 719 αἰῶνος

419 732 636 784 τούτου
662 731 781 783 τῶν
814 736 1326 804 καταργουμένων.
1359 742 1467 793 Καὶ
1497 741 1764 814 ἀνῄρηται
1799 762 2002 798 παντα-

419 821 575 892 χόθεν
600 825 631 893 ἡ
659 824 800 877 κατὰ
821 825 902 888 σὲ,
927 820 970 878 ὦ
1004 828 1289 899 Μαρκίων,
1315 833 1592 896 ὑπόῗεσις,
1624 836 1999 907 φαντασιώδης

416 930 501 975 τις
529 908 662 965 οὖσα
692 915 783 966 καὶ
815 913 1036 985 ψευδὴς,
1069 918 1162 970 καὶ
1187 919 1441 984 ἄστατος,
1468 923 1560 974 καὶ
1587 923 1795 990 ἄλογος.

2108 569 2404 622 rectionem
2432 568 2667 634 desinet,
2701 572 2793 627 sed
2814 572 3138 642 jamdudum
3170 578 3238 630 ab
3262 577 3377 648 ipsa
3404 579 3539 647 legis
3567 596 3695 649 pro-

2108 659 2476 726 mulgatione;
2534 664 2642 716 itnu
2691 673 2816 718 ante
2868 666 3039 734 legem
3095 667 3267 736 ipsam
3317 670 3370 723 in
3423 672 3696 741 plerisque

2106 749 2288 810 desiit,
2321 753 2413 820 qui
2447 754 2607 806 vitam
2632 770 2784 808 suam
2809 772 2871 809 ex
2906 759 3171 811 naturalis
3203 760 3339 828 legis
3370 765 3694 832 praescripto

2105 849 2502 912 temperarunt.
2558 845 2661 901 Sed
2698 849 2868 902 multo
2908 850 3079 920 magis
3117 860 3241 919 post
3272 854 3476 908 Christi
3508 855 3696 908 Salva—

2103 935 2237 987 toris
2261 933 2590 1001 adventum;
2624 953 2685 990 ac
2716 938 2953 1007 denique
2985 949 3107 1010 post
3138 948 3478 996 mortuorum
3512 960 3698 999 resur--

415 1003 715 1058 rectionem
743 1005 898 1074 longe
964 1005 1017 1060 id
1084 1011 1418 1066 cumulatius
1487 1013 1718 1068 accidet.
1775 1013 2230 1089 Quandoquidem
2274 1026 2604 1080 seminantur
2652 1029 2704 1080 in
2751 1033 3104 1094 corruptione,
3144 1044 3366 1101 surgunt
3411 1052 3586 1089 autem
3641 1039 3696 1102 ιη

414 1097 858 1166 incorruptione',
882 1115 983 1154 nec
1019 1103 1471 1174 malumamplius
1499 1115 1831 1177 perpetrant,
1886 1127 2064 1182 neque
2116 1118 2448 1174 moriuntur.
2487 1125 2562 1175 Ac
2598 1133 2937 1178 cessaturum
2973 1126 3192 1195 quidem
3233 1130 3453 1182 omnino
3491 1129 3693 1183 malum

413 1194 602 1248 eadem
639 1197 728 1250 illa
763 1197 1007 1268 Apostoli
1086 1207 1318 1253 testatur
1378 1203 1558 1257 oratio
1613 1223 1624 1256 :
1668 1202 1977 1273 Principum
2039 1209 2196 1278 hujus
2246 1215 2446 1277 swculi,
2495 1218 2584 1284 qui
2632 1232 2966 1272 evacuantur.
3013 1219 3087 1273 Ex
3135 1237 3243 1290 quo
3288 1238 3482 1276 vanum
3534 1231 3690 1276 tuum

412 1290 544 1346 illud
591 1293 785 1364 dogma
825 1296 1086 1358 concidit,
1133 1295 1355 1360 Marcio,
1389 1299 1535 1369 quod
1574 1300 1832 1370 opinione
1866 1304 1980 1357 sola
2019 1309 2335 1373 conﬁctam,
2368 1312 2632 1376 mendax,
2692 1313 3034 1380 inconstans,
3103 1318 3411 1388 rationique
3467 1319 3692 1373 minime

413 1393 841 1438 consentaneum
873 1395 950 1439 est
965 1427 977 1437 .

483 1473 524 1526 δ’
547 1475 640 1528 καὶ
661 1475 726 1545 ιβ’
762 1476 910 1546 σχόλ.
949 1475 1410 1547 Γέγριιπτιιιγοὶρ
1431 1496 1445 1510 ·
1479 1482 1532 1532 '0
1567 1481 1988 1554 δρασσόμενος

411 1566 555 1632 τοὺς
581 1569 812 1636 σοφοὺς
841 1571 911 1623 ἐν
945 1571 1019 1639 τῇ
1045 1575 1377 1641 πανουργίᾳ
1404 1575 1602 1628 αὐτῶν
1626 1595 1638 1606 ·
1667 1580 1760 1631 καὶ
1795 1582 1955 1634 πάλιν
1972 1601 1984 1612 ·

410 1661 626 1726 Κύριος
665 1661 942 1730 γινώσκει
970 1664 1112 1728 τοὺς
1143 1665 1572 1735 διαλογισμοὺς
1614 1669 1734 1724 τῶν
1769 1672 1990 1741 ἀνθρώο

409 1762 558 1810 πων,
584 1748 673 1802 ὅτι
700 1751 817 1802 εὶσὶ
839 1751 1098 1818 μάταιοι.

479 1840 521 1893 δ’
547 1843 641 1894 καὶ
674 1842 738 1912 ιβ’
764 1843 944 1915 ἔλεγχ.
977 1847 1019 1897 Τ
1023 1846 1070 1905 ὸ,
1092 1845 1430 1915 γέγραπται,
1460 1853 1538 1915 εἰς
1558 1853 1755 1922 χρῆσιν
1785 1872 1988 1926 προφε-

412 1929 661 2000 ρόμενον,
693 1933 896 2000 καὶτὸ,
945 1937 1221 2005 γινώσκει
1268 1940 1496 2008 Κύριος,
1536 1944 1985 2016 ὁμολογούμενον,

407 2023 510 2075 οὐκ
550 2023 829 2096 ἀλλότριον
887 2028 1124 2100 ὑπάρχει
1172 2030 1250 2100 τῷ
1290 2025 1674 2107 ἀναλεξαμένῳ
1722 2037 1782 2089 τὸ
1826 2039 1986 2109 ῥητὸν

405 2113 500 2166 τοῦ
541 2114 698 2184 λόγου
725 2133 738 2146 ⁸
764 2119 906 2185 φημὶ
938 2119 993 2172 δὲ
1034 2121 1108 2191 τῷ
1148 2123 1283 2192 ἁγίῳ
1327 2124 1656 2198 Ἀποστόλῳ,
1690 2131 1822 2200 παρ’
1867 2123 1912 2198 ᾧ
1951 2130 1984 2200 ἡ

406 2204 602 2274 χρῆσις
631 2207 948 2280 ἐμφέρεται·
993 2212 1082 2279 Ἐξ
1115 2208 1179 2284 ἧς
1224 2217 1471 2286 χρήσεως
1499 2221 1528 2272 ὁ
1563 2220 1847 2291 χαρακτὴρ
1879 2239 1984 2290 φα-

403 2299 573 2350 νεῖται
599 2297 699 2351 οὐκ
727 2299 1006 2371 ἀλλοτρίου
1037 2304 1129 2356 τοῦ
1157 2308 1514 2378 κηρύγματος
1534 2310 1626 2363 τοῦ
1661 2313 1983 2366 Ἀποστόλου

403 2387 513 2441 ἀπὸ
544 2391 642 2460 τῆς
669 2391 911 2455 Παλαιᾶς
951 2395 1245 2468 Διαθήκης,
1287 2399 1408 2454 ὃθεν
1442 2401 1592 2453 αὑτῶ
1640 2404 1673 2473 ἡ
1711 2409 1984 2476 μαρτυρία

406 2480 658 2552 συνέστη.

475 2572 518 2625 ε’
546 2575 641 2626 καὶ
667 2573 736 2643 ιγ’
761 2575 909 2646 σχόλ.
939 2578 1048 2632 Καὶ
1082 2580 1190 2650 γὰρ
1220 2583 1284 2635 τὸ
1334 2585 1550 2655 Πάσχα
1593 2587 1764 2656 ημῶν
1800 2589 1979 2659 ἐτύθη

399 2662 654 2731 Χριστός
1871 2748 1883 2759 .

471 2761 512 2806 ε’
541 2757 636 2810 καὶ
670 2764 737 2826 ιγ’
764 2759 944 2831 ἕλεγχ.
980 2761 1044 2816 El
1080 2763 1272 2836 Πάσχα
1296 2768 1323 2817 6
1352 2768 1671 2834 Ἀπόστολος
1705 2757 1980 2842 ὁμολογεῖ,

400 2844 496 2898 καὶ
519 2844 748 2900 τυθέντα
778 2848 871 2902 τὸν
897 2852 1131 2922 Χριστὸν
1161 2855 1260 2907 οὐκ
1284 2856 1547 2925 ἀρνεῖται,
1572 2860 1672 2913 οὐκ
1703 2861 1979 2933 ἀλλότριον

398 2935 459 2988 τὸ
491 2938 683 3008 Πάσχα
711 2939 806 2993 τοῦ
843 2943 1102 3014 Χριστοῦ,
1135 2945 1228 2999 τοῦ
1255 2948 1395 3001 κατὰ
1427 2950 1589 3020 νόμον
1618 2952 1808 3023 Πάσχα
1842 2955 1979 3026 πρό-

399 3026 562 3083 ϐατον
590 3030 805 3097 θύοντος
841 3034 1132 3105 ἀληθινῶς,
1169 3040 1264 3092 καὶ
1288 3040 1348 3092 οὐ
1375 3041 1614 3113 δοκήσει,
1647 3044 1707 3096 οὐ
1731 3047 1746 3075 ί
1772 3046 1980 3118 προϐά-

2167 1480 2350 1535 Schol.
2396 1482 2430 1536 4
2485 1491 2539 1537 et
2603 1485 2689 1538 12.
2740 1486 3003 1556 Scriptum
3040 1499 3115 1541 est
3163 1493 3301 1545 enim
3338 1511 3356 1546 :
3403 1495 3506 1560 Qui
3545 1512 3689 1554 umi-

2092 1573 2362 1641 prehendit
2386 1576 2646 1642 sapientes
2677 1579 2732 1630 in
2763 1581 2960 1633 astutia
3007 1598 3183 1635 eorum
3216 1584 3254 1638 ³.
3288 1585 3446 1656 355
3488 1588 3552 1643 Et
3582 1593 3685 1646 ite-

2093 1680 2264 1718 rum:
2303 1665 2561 1720 Dominus
2619 1670 2760 1722 novit
2821 1674 3142 1741 cognitiones
3205 1676 3497 1743 hominum,
3556 1685 3684 1753 quia

2093 1770 2241 1809 vanae
2271 1767 2392 1808 sunt
2418 1755 2439 1786 ⁸

2164 1843 2346 1899 Rel‘ut.
2383 1846 2416 1898 4
2449 1848 2605 1902 etl2.
2655 1848 2802 1903 Istud
2850 1851 3060 1920 ipsum,
3098 1853 3359 1922 Scriptum
3409 1868 3506 1926 est,
3545 1871 3680 1927 etc.,

2094 1935 2163 1990 ad
2197 1953 2354 1993 usum
2389 1941 2751 2008 translatum;
2784 1945 3041 2014 itemque,
3075 1949 3214 2000 novit
3240 1948 3515 2012 Dominus,
3544 1962 3676 2017 etc.,

2093 2027 2197 2082 hac
2239 2032 2531 2086 autoritate
2574 2035 3009 2104 comprobatum,
3063 2041 3298 2093 alienum
3346 2041 3414 2096 ab
3457 2059 3524 2096 eo
3571 2045 3680 2097 mi-

2091 2119 2240 2175 nime
2287 2130 2562 2186 censetur,
2614 2125 2708 2193 qui
2760 2126 2901 2179 hanc
2949 2143 2982 2182 e
3022 2127 3307 2199 Scriptura
3351 2135 3676 2189 sententiam

2091 2212 2336 2279 protulit,
2388 2215 2651 2282 Apostolo
2713 2216 2986 2284 videlicet,
3044 2237 3073 2272 a
3129 2238 3239 2291 quo
3297 2225 3400 2278 ista
3444 2225 3678 2280 collecta

2091 2311 2242 2357 sunt.
2291 2305 2471 2374 Atque
2525 2306 2628 2361 hoc
2689 2323 2756 2362 ex
2792 2325 2893 2364 usu
2926 2312 3170 2366 locorum
3236 2315 3371 2369 satis
3425 2327 3672 2385 apparet,

2089 2395 2405 2463 apostolicae
2441 2397 2709 2453 doctrina:
2756 2398 2990 2455 formam
3028 2403 3165 2457 nihil
3195 2421 3224 2458 a
3261 2405 3452 2462 Vetere
3480 2407 3676 2464 Testa-

2088 2492 2274 2538 mento
2303 2485 2593 2552 dissidere,
2623 2489 2782 2558 cujus
2810 2491 2900 2546 ille
2931 2493 3301 2550 testimonium
3328 2497 3596 2553 adhibuit.

2161 2574 2346 2632 Schol.
2377 2578 2409 2632 5
2431 2588 2485 2634 et
2511 2581 2599 2634 15.
2629 2581 2837 2636 Etenim
2869 2583 3076 2640 Pascha
3099 2598 3339 2642 nostrum
3366 2591 3670 2646 immolatus

2084 2676 2162 2720 est
2199 2667 2444 2724 Christus
2473 2671 2515 2724 ⁵.

2157 2760 2340 2818 Refut.
2410 2765 2445 2820 5
2508 2775 2562 2821 et
2632 2768 2719 2823 15.
2777 2769 2911 2824 Cum
2977 2777 3032 2826 et
3094 2771 3305 2828 Pascha
3373 2775 3668 2846 Apostolus

2085 2863 2368 2926 agnoscat,
2411 2865 2466 2912 et
2507 2858 2842 2914 immolatum
2878 2861 3158 2921 Christum
3198 2881 3308 2920 non
3335 2856 3514 2939 neget,
3557 2884 3666 2924 non

2084 2954 2168 3000 est
2198 2947 2616 3002 abalienaudum
2644 2965 2674 3003 a
2697 2950 2918 3007 Christo
2944 2953 3154 3009 Pascha
3178 2957 3272 3026 qui
3293 2971 3360 3012 ex
3383 2957 3666 3017 Paschatis

2049 3040 2057 3047 '
2083 3039 2202 3109 lege
2233 3055 2428 3094 verum
2469 3041 2683 3112 Agnum
2717 3059 2828 3098 non
2857 3047 3038 3116 specie
3062 3057 3219 3105 tenus
3248 3049 3493 3105 immolat
3522 3071 3536 3106 :
3569 3068 3638 3108 cu

396 3136 492 3173 του
535 3121 705 3187 τύπος
755 3120 824 3196 ἦν
852 3128 880 3180 6
922 3128 984 3180 οὐ
1015 3129 1236 3200 δοκήσει
1266 3130 1528 3202 θυόμενος
1563 3137 1814 3206 Χριστὸς,
1853 3138 1976 3192 οὐδὲ

2082 3129 2171 3198 jus
2209 3133 2334 3202 agni
2371 3132 2601 3188 formam
2643 3151 2752 3190 non
2800 3139 2981 3207 specie
3023 3139 3149 3194 item
3200 3141 3318 3196 sola
3353 3142 3667 3201 immolatus

396 3209 525 3264 ἄνευ
583 3215 784 3286 σαρκὸς
834 3218 1078 3288 πάσχων.
1127 3221 1251 3286 Πῶς
1306 3225 1415 3296 γὰρ
1474 3226 1704 3296 ἠδύνατο
1758 3229 1975 3301 πνεῦμα

398 3301 658 3374 θύεσθαι,
699 3309 868 3382 Δῆλον
899 3311 998 3365 οὐκ
1022 3312 1286 3384 ἠδύνατοο
1321 3316 1396 3388 μὴ
1421 3319 1722 3390 δυναμένου
1755 3321 1811 3374 δὲ
1847 3322 1974 3376 ἄνευ

399 3400 602 3470 σαρκὸς
636 3403 882 3475 τυθῆναι,
918 3409 1168 3472 τυθέντας
1199 3411 1255 3463 δὲ
1290 3411 1350 3465 ἐν
1387 3410 1618 3484 ἀληθείᾳ
1641 3414 1754 3482 (81)
1787 3415 1978 3485 ὁμολο-

394 3495 573 3559 γεῖται
600 3492 690 3545 διὰ
716 3495 816 3564 τῆς
842 3497 938 3550 τοῦ
980 3499 1307 3554 Ἀποστόλου
1347 3501 1752 3574 ἀναμφιλέκτου
1782 3504 1974 3574 ὁμολο-

393 3582 537 3650 γίας.
588 3585 797 3639 Οὐκοῦν
840 3589 905 3640 ὲκ
963 3591 1163 3655 παντὸς
1209 3594 1396 3662 σαφῶς
1448 3596 1824 3651 ἀποδέδεικται
1874 3598 1974 3652 οὐκ

394 3672 674 3745 ἀλλότριος
695 3677 724 3729 6
758 3677 919 3748 νόμος
950 3679 1106 3750 τύπῳ
1135 3682 1433 3755 φερόμενος
1459 3686 1635 3758 χρόνῳ
1682 3689 1844 3760 μέχρι
1877 3687 1971 3742 τοῦ

393 3765 770 3838 ὲντελεστέρου
817 3770 914 3823 καὶ
962 3771 1230 3843 ἐναργοῦς
1279 3777 1552 3846 προϐάτου
1607 3780 1860 3842 τυθέντος
1914 3783 1972 3835 ἐν

392 3857 622 3931 ἀληθείᾳ
651 3861 912 3932 Χριστοῦ,
952 3858 1012 3918 οὗ
1045 3868 1288 3936 προῆγεν
1328 3869 1385 3920 ἐν
1417 3872 1528 3932 τοῖς
1561 3869 1809 3935 παλαιοῖς
1846 3872 1973 3944 χρό-

392 3967 504 4013 νοις
525 3951 704 4016 ἄλλοις
729 3952 989 4025 θυόμενον
1010 3955 1070 4008 τὸ
1086 3957 1359 4028 πρόϐατον
1386 3959 1448 4014 τὸ
1473 3961 1749 4034 αἰσθητόν.
1782 3963 1971 4032 Ἠμῶν

391 4041 461 4096 (δὲ
492 4044 558 4097 τὸ
590 4044 807 4115 Πάσχα
841 4047 1023 4117 ἐτύθη
1057 4051 1331 4118 Χριστός.

463 4319 517 4377 ς’
550 4313 645 4367 καὶ
679 4313 738 4366 ιδ’
764 4315 910 4385 σχόλ.
953 4318 1076 4371 Οὐκ
1103 4316 1324 4381 οἴδατε,
1377 4317 1477 4371 ὅτι·
1507 4320 1540 4371 d
1585 4319 1968 4388 κολλώμενος

388 4401 466 4472 τῇ
507 4407 696 4473 πόρνῃ
738 4403 808 4457 ἓν
829 4404 1000 4475 σῶμά
1045 4407 1250 4472 ἐστιν;
1283 4409 1568 4462 Ἔσονται
1611 4408 1721 4477 γὰρ
1757 4411 1812 4463 οἱ
1857 4409 1966 4463 δύο

387 4497 475 4562 εἷς
502 4495 700 4565 σάρκα
729 4498 895 4566 μίαν.

461 4593 514 4652 ς’
549 4587 641 4640 καὶ
670 4587 728 4640 ιδ’
753 4587 932 4658 ἕλεγχ.
969 4591 1030 4642 Εἰ
1063 4591 1165 4643 οὐκ
1209 4591 1415 4663 ἀληθὴς
1441 4593 1468 4645 6
1512 4591 1694 4660 νόμος,
1736 4591 1842 4646 τίνι
1885 4594 1964 4665 τῷ

386 4677 530 4748 λόγῳ
561 4681 609 4732 οἱ
643 4679 862 4748 ἀληθεῖς
892 4681 990 4745 τὰς
1027 4684 1329 4754 μαρτυρίας
1357 4684 1467 4737 ἀπὸ
1498 4683 1594 4737 τοῦ
1627 4685 1793 4754 νόμου
1826 4683 1965 4756 λαμ-

386 4771 673 4839 6άνουσιν;
730 4763 806 4826 ὧν
842 4767 923 4835 εἷς
965 4773 1195 4846 ὑπάρχει
1229 4777 1258 4828 ὀ
1296 4774 1451 4843 ἅγιος
1491 4775 1626 4828 Θεοῦ
1667 4777 1965 4838 ἀπόστολος

385 4862 620 4927 Παῦλος,
647 4864 676 4916 6
715 4863 813 4935 τὴν
847 4866 1153 4937 μαρτυρίαν
1198 4867 1403 4938 ταύτην
1439 4869 1577 4939 μετὰ
1619 4869 1714 4922 καὶ
1752 4870 1962 4924 πολλῶν

384 4954 558 5008 ἄλλων
589 4953 770 5009 λαϐὼν
812 4959 890 5020 εἰς
931 4959 1132 5030 ἐναργῆ
1180 4959 1524 5032 παράστασιν
1564 4961 1824 5028 ἀληθείας
1871 4964 1962 5016 καὶ

385 5047 738 5118 κηρύγματος
773 5049 978 5118 ἀγαθοῦ
1014 5050 1171 5105 Θεοῦ.

456 5135 499 5202 ζ’
526 5138 621 5192 καὶ
657 5139 716 5191 ιε’
747 5140 891 5210 σχόλ.
931 5142 1428 5213 Μετηλλαγμένως·
1451 5144 1571 5198 ἀντὶ
1604 5145 1713 5218 γὰρ
1742 5143 1857 5209 τοῦ,
1889 5146 1958 5198 ἐν·

383 5227 464 5294 τῷ
490 5232 671 5299 νόμῳ,
716 5231 886 5300 λέγει,
915 5233 994 5309 ἐν.
1011 5233 1090 5299 τῷ
1142 5235 1439 5302 Μωϋσέως
1482 5237 1660 5306 νόμῳ.
1697 5238 1856 5307 Λέγει
1898 5239 1955 5292 δὲ

383 5320 493 5392 πρὸ
520 5321 707 5376 τούτου
725 5339 742 5357 ⁸
775 5327 828 5378 εί
856 5326 955 5379 καὶ
995 5328 1027 5378 ό
1056 5328 1238 5396 νόμος
1271 5327 1457 5382 ταῦτα
1482 5331 1552 5382 οὐ
1584 5329 1765 5399 λέγει.

457 5540 474 5570 ¹
501 5537 654 5621 F._o_u
686 5546 940 5621 npop._ln
958 5544 1404 5621 Vat._leg._'rprro;
1429 5546 1498 5621 ἦν
1528 5565 1557 5601 ο
1593 5549 1834 5621 δοκήσει.

384 5623 536 5673 XCIII,
573 5611 657 5666 11.
733 5611 756 5644 ⁷⁸
795 5612 815 5666 Ι
844 5614 971 5672 Cor.
1004 5632 1058 5682 v,
1090 5617 1139 5672 7.
1168 5611 1192 5616 ⁷
1217 5617 1286 5670 ⁸1
1323 5611 1547 5684 Βοιένι,
1582 5620 1668 5676 16.

1949 5557 1968 5587 ¹
2008 5553 2025 5606 1
2057 5554 2183 5609 Cor.
2216 5571 2308 5615 xv,
2341 5555 2428 5609 42.

1762 5622 1779 5650 ⁷
1812 5623 1946 5680 Gen.
1991 5640 2050 5690 ιι,
2077 5626 2175 5692 21;
2207 5625 2399 5681 Matth.
2432 5641 2547 5690 xxx,
2593 5627 2646 5681 5.
2721 5625 2786 5679 ⁸1
2817 5630 2944 5684 Cor.
2975 5622 3050 5698 ιιὶ,
3085 5633 3136 5687 9.

2079 3220 2333 3277 Christus
2361 3238 2463 3278 nec
2494 3224 2613 3280 sine
2641 3240 2806 3281 carne
2835 3243 3032 3296 passus
3066 3232 3352 3299 expressit.
3386 3229 3488 3296 Qui
3516 3232 3665 3286 enim

2080 3313 2308 3368 mactari
2354 3314 2583 3384 spiritus
2628 3318 2852 3384 posset?
2902 3317 3045 3374 Sane
3082 3319 3198 3374 ﬁeri
3243 3320 3390 3375 istud
3439 3322 3666 3378 omnino

2078 3405 2304 3474 nequit;
2347 3408 2442 3463 sed
2481 3424 2658 3479 neque
2697 3411 2816 3466 sine
2849 3426 3014 3467 carne
3051 3421 3231 3483 potest
3273 3414 3473 3470 occidi.
3511 3415 3667 3472 Occi-

2079 3510 2198 3550 sum
2228 3504 2410 3552 autem
2444 3513 2566 3555 esse
2600 3515 2810 3566 revera,
2849 3503 2994 3558 haud
3027 3504 3192 3558 dubia
3237 3505 3666 3576 Apostoli-con-

2077 3586 2318 3644 tessione
2365 3592 2695 3648 declaratur.
2749 3593 3114 3660 Quamobrem
3158 3602 3473 3656 necessaria
3525 3603 3662 3660 illud

2074 3682 2288 3738 ratione
2331 3684 2604 3755 colligitur
2644 3704 2657 3740 :
2699 3703 2806 3742 non
2852 3689 3084 3744 alienam
3129 3705 3250 3748 esse
3291 3693 3487 3764 legem,
3536 3711 3661 3766 quae

2075 3765 2413 3834 adumbratis
2453 3779 2618 3836 rebus
2649 3795 2712 3836 ac
2746 3780 2935 3853 ﬁguris
2972 3783 3162 3837 tandiu
3206 3786 3528 3853 constabat,
3554 3765 3660 3842 ido-

2073 3880 2174 3920 nec
2225 3867 2534 3936 perfectior,
2587 3870 2841 3941 idemque
2879 3874 3206 3930 manifestus
3251 3892 3423 3947 agnus
3465 3893 3658 3933 succe-

2072 3954 2255 4020 deret,
2305 3959 2407 4014 hoc
2455 3971 2538 4016 est
2588 3962 2841 4020 Christus
2891 3967 3072 4037 reipsa
3123 3977 3428 4033 mactatus,
3487 3987 3654 4041 quem

2070 4049 2271 4118 priscis
2295 4053 2634 4122 temporibus
2666 4058 2962 4111 antecessit
2991 4059 3126 4113 alter
3158 4060 3247 4114 ille
3275 4062 3365 4130 qui
3400 4063 3653 4116 immola-

2070 4139 2229 4194 batur
2261 4157 2454 4211 agnus,
2480 4145 2680 4214 quique
2709 4162 2874 4201 sensu
2905 4149 3110 4219 percipi
3135 4160 3362 4218 poterat.
3391 4150 3653 4206 Nostrum

2070 4247 2188 4284 vero
2223 4230 2433 4288 Pascha
2468 4237 2772 4290 immolatus
2801 4248 2877 4291 est
2906 4237 3147 4293 Christus

2143 4322 2324 4377 Schol.
2357 4324 2390 4378 6
2419 4332 2472 4378 et
2505 4326 2590 4378 M.
2634 4329 2862 4380 Nescitis
2903 4331 3041 4398 quod
3077 4333 3166 4400 qui
3207 4333 3438 4388 adhaeret
3491 4352 3654 4390 nure-

2072 4414 2209 4479 trici,
2245 4431 2407 4468 unum
2431 4432 2616 4484 corpus
2645 4427 2722 4471 est
2745 4420 2786 4472 °.
2831 4419 2998 4474 Erunt
3032 4423 3194 4489 enim,
3229 4426 3419 4495 inquit,
3459 4425 3564 4480 duo
3594 4428 3651 4482 in

1998 4509 2042 4564 ι)
2071 4521 2281 4560 carnem
2310 4523 2471 4560 unam
2502 4508 2545 4562 ⁷.

2140 4596 2322 4651 Refut.
2356 4597 2389 4651 6
2416 4606 2470 4652 et
2492 4599 2579 4653 14.
2609 4597 2727 4654 Nisi
2755 4615 2883 4655 vera
2917 4602 3002 4656 lex
3035 4601 3125 4666 sit,
3153 4604 3278 4674 quid
3313 4613 3398 4660 est
3424 4609 3642 4664 tandem

2071 4687 2214 4758 quod
2243 4687 2335 4758 qui
2365 4689 2578 4742 veritati
2613 4689 2832 4744 student
2859 4693 3211 4748 auctoritates
3249 4710 3318 4748 ex
3339 4695 3428 4748 illa
3453 4697 3648 4766 depro-

2068 4781 2262 4835 munt?
2293 4780 2602 4850 cujusmodi
2633 4795 2856 4836 sanctus
2884 4782 2978 4838 Dei
3027 4785 3308 4853 apostolus
3329 4797 3411 4841 est
3439 4786 3645 4841 Paulus

2068 4873 2310 4942 quicum
2346 4872 2467 4926 aliis
2501 4873 2804 4927 innumeris
2835 4873 2939 4927 hoc
2973 4875 3137 4928 etiam
3169 4875 3537 4931 testimonium
3575 4877 3645 4931 ad

2066 4965 2352 5019 veritatem
2383 4965 2620 5034 bonique
2645 4963 2734 5018 Dei
2779 4965 3220 5035 praedicationem
3248 4967 3526 5024 evidenter
3547 4984 3642 5023 as-

2067 5057 2426 5109 severandam
2461 5071 2570 5109 non
2599 5056 2867 5111 dubitavit
2899 5057 3112 5114 atTerre.

2138 5145 2320 5200 Schol.
2371 5145 2479 5200 7et
2527 5146 2613 5200 t5.
2662 5145 2898 5201 Mutatus
2945 5156 3028 5202 est
3066 5148 3235 5202 locus.
3277 5147 3411 5202 Nam
3443 5165 3539 5219 pro
3572 5165 3642 5205 eo

2063 5239 2208 5308 quod
2269 5245 2387 5302 est,
2435 5237 2503 5291 In
2555 5238 2720 5307 tege“,
2767 5238 3006 5307 scripsit,
3033 5241 3086 5292 in
3125 5239 3326 5310 Moysis
3360 5243 3486 5312 lege.
3530 5241 3638 5297 Sed

2060 5339 2220 5385 antea
2252 5330 2485 5394 dixerat,
2518 5331 2728 5384 tametsi
2754 5330 2837 5383 lex
2862 5347 2925 5383 ea
2953 5347 3056 5384 non
3083 5332 3245 5386 dicat.

2541 5557 2560 5588 ³
2588 5553 2884 5632 l__Cor._tt_t.‘
2918 5559 3021 5627 19;
3057 5560 3159 5617 Job
3186 5579 3237 5632 ν,
3276 5562 3359 5617 15.
3439 5561 3460 5594 ⁵
3487 5561 3631 5620 Psal.

451 5761 570 5836 (8|)
615 5767 899 5838 Τυθέντος
929 5770 997 5825 δὲ
1039 5771 1108 5827 ἐν
1151 5774 1325 5843 ἀληθ.
1373 5775 1565 5835 Deesse
1594 5780 1839 5835 nonnihil
1879 5779 1945 5835 ad

2082 5781 2346 5841 raritatem
2384 5783 2553 5839 huius
2586 5781 2688 5838 loci
2717 5783 2952 5837 videtur.
