4186 6374
454 388 556 444 785

1843 385 1902 441 S.
1945 383 2291 439 EPlPllANll

3609 376 3716 436 781

531 507 715 563 liel'ut.
748 507 779 562 7
799 517 852 563 et
873 509 959 564 i5.
986 508 1132 564 Licet
1161 509 1214 564 in
1243 506 1480 563 secunda
1510 507 1776 562 sententia
1805 506 2034 562 formam

2209 510 2254 571 ς’
2291 508 2385 560 καὶ
2417 513 2475 559 ιε’
2514 506 2693 577 ἔλεγχ.
2739 506 2857 560 Κάν
2895 523 2954 560 τε
2994 505 3053 558 ὲν
3093 505 3158 575 τῇ
3188 503 3417 575 δευτέρᾳ
3445 501 3717 570 ἀποφάσει

456 601 719 656 orationis
751 600 1147 665 innnutaveris,
1170 599 1391 662 Marcio,
1427 608 1587 669 atque
1617 615 1681 653 ex
1721 614 1786 653 eo
1814 598 1956 668 quod
1982 599 2036 650 in

459 693 566 762 lege
597 689 797 760 illoysis
830 689 1140 759 scripseris,
1166 691 1268 743 hac
1305 704 1458 752 voce,
1485 687 1710 757 Moysis,
1735 688 1970 740 alienum
2005 703 2034 740 a

457 784 573 852 lege
607 781 771 836 Deum
801 781 1016 836 ostendi
1047 781 1324 851 putaveris
1357 795 1540 851 posse,
1575 789 1757 833 tamen
1786 778 2038 847 superior

458 874 551 927 illa
600 874 917 943 conjunctio
965 873 1242 928 vesaniam
1295 879 1442 926 tuam
1488 871 1789 942 redarguit,
1828 872 2038 924 tametsi

459 964 542 1018 lea:
566 975 673 1018 ista
694 980 796 1016 non
817 964 980 1016 dicat.
1002 961 1166 1033 356
1189 963 1242 1016 In
1265 961 1381 1031 lege
1405 962 1602 1032 quippe
1628 963 1889 1031 scriptum
1917 968 2035 1016 est:

461 1055 584 1110 Non
616 1054 864 1126 alligabis
891 1073 947 1109 os
978 1054 1089 1109 bovi
1121 1056 1394 1108 trituranti
1427 1055 1466 1108 ¹.
1501 1056 1768 1109 Caeterum
1798 1053 1946 1123 quod
1977 1060 2037 1105 tu

459 1148 629 1218 legem
659 1146 862 1218 Moysis
894 1148 1135 1202 scribere
1167 1147 1428 1210 maluisti,
1465 1146 1598 1200 nihil
1630 1147 1788 1201 nobis
1814 1146 2040 1199 omnino

462 1240 734 1305 nocuisti,
764 1238 858 1294 sed
882 1239 1134 1310 profuisti
1167 1239 1370 1309 potius,
1408 1254 1469 1291 ac
1490 1238 1819 1292 luculentius
1848 1244 2039 1290 contra

459 1340 512 1385 te
543 1333 911 1387 testimonium
940 1329 1273 1393 obﬁrmasti,
1316 1337 1377 1383 ut
1422 1330 1504 1383 vel
1548 1329 1862 1398 imprudens
1907 1343 2038 1381 con-

460 1423 674 1477 ﬁterere
717 1422 918 1492 Moysis
963 1421 1133 1492 legem
1185 1436 1214 1473 a
1263 1419 1372 1474 Deo
1410 1420 1733 1480 derivatam,
1781 1420 1883 1472 hoc
1921 1420 2039 1488 ipso

458 1515 624 1584 quod,
678 1515 734 1567 in
785 1515 890 1584 lege
946 1511 1136 1579 Hosis,
1186 1513 1493 1582 scripseris.
1545 1509 1698 1575 Item,
1744 1511 1828 1564 lex
1883 1509 2033 1563 dicit.

458 1606 802 1674 Astipulatur
850 1605 992 1658 enim
1028 1611 1084 1658 et
1122 1603 1415 1672 Apostolus
1450 1611 1636 1672 postea
1687 1600 1986 1669 subjiciens
2023 1621 2035 1656 :

461 1695 714 1766 Nunquid
767 1695 830 1748 de
869 1695 1032 1749 bobus
1076 1709 1204 1747 cura
1244 1703 1320 1746 est
1374 1692 1524 1748 Deo?
1574 1692 1656 1744 An
1698 1701 1906 1759 propter
1944 1706 2038 1745 nos

458 1791 632 1858 utique
661 1787 862 1840 dicit“!
934 1785 1089 1852 Quod
1123 1786 1167 1840 si
1217 1793 1437 1855 propter
1482 1785 1758 1854 apostolos
1798 1792 1908 1837 tam
1952 1784 2033 1836 lca

2139 597 2373 669 ἀλλάξῃς
2407 599 2466 651 τὸ
2509 595 2667 662 εἶδος,
2699 593 2742 650 ὦ
2777 597 3064 669 Μαρκίων,
3101 596 3195 650 καὶ
3227 596 3453 668 νομίσῃς
3487 594 3594 648 ἀπὸ
3619 595 3714 648 τοῦ

2139 687 2498 758 πεποιηκέναι
2550 705 2607 740 σε
2632 729 2645 749 ,
2695 689 2765 740 ἐν
2797 687 2876 751 τῷ
2919 688 3081 754 νόμῳ
3114 685 3440 750 Μωϋσέως,
3476 683 3716 738 ἀπαλλο-

2137 779 2322 848 τριοῦν
2347 779 2434 830 διὰ
2474 777 2564 830 τὸν
2615 777 2867 832 Μωϋσέα
2897 777 3030 830 Θεοῦ
3072 777 3165 830 τὸν
3212 777 3410 846 νόμον,
3447 775 3647 829 ἀνωθεν
3688 775 3718 825 6

2142 867 2435 938 σύνδεσμος
2467 868 2677 939 ἐλέγχει
2706 887 2798 921 σου
2832 869 2931 938 τὴν
2956 868 3288 939 ἀφροσύνην,
3326 869 3429 929 δτι,
3460 870 3512 920 εὶ
3548 868 3645 919 καὶ
3681 869 3717 919 ό

2137 965 2321 1031 νόμος
2353 961 2540 1016 ταῦτα
2593 964 2664 1014 οὺ
2702 962 2883 1030 λέγει.
2930 961 3018 1013 Ἐν
3052 961 3160 1030 γὰρ
3200 959 3278 1029 τῷ
3331 959 3480 1028 νόμῳ
3513 957 3718 1027 γέγραο

2140 1069 2302 1104 πται·
2337 1054 2418 1105 Οὐ
2447 1050 2736 1120 φιμώσεις
2771 1050 2931 1114 ,Βοῦν
2955 1049 3247 1104 ἀλοῶντα.
3277 1049 3445 1100 Οὐδὲν
3477 1048 3533 1100 δὲ
3569 1049 3716 1116 ἡμεῖς

2137 1145 2425 1214 ἠδίκησας,
2466 1143 2567 1196 κᾶν
2595 1160 2648 1195 τε
2678 1143 2935 1212 προσθεὶς
2961 1142 3022 1194 τὸ
3049 1142 3218 1211 ὄνομα
3250 1139 3550 1203 Μωῡσέως·
3581 1140 3718 1192 ἀλλὰ

2139 1235 2285 1304 ἡμᾶς
2321 1235 2419 1303 μὲν
2448 1233 2758 1304 ὠφέλησας,
2791 1233 2932 1286 κατά
2963 1231 3160 1284 σαυτοῦ
3189 1231 3244 1283 δὲ
3279 1230 3376 1300 τὴν
3417 1231 3716 1300 μαρτυρίαν

2139 1326 2435 1394 ἐσφιγξας,
2473 1325 2812 1395 πανταχόθεν
2851 1324 2909 1379 δὲ
2953 1324 3331 1393 ὡμολόγησας,
3372 1323 3580 1390 ἀγνοῶν
3619 1321 3715 1374 τοῦ

2139 1418 2270 1471 Θεοῦ
2322 1414 2460 1470 εἶναι
2502 1419 2592 1470 τὸν
2630 1417 2909 1480 Μωῦσέως
2961 1417 3124 1486 νόμον
3182 1416 3290 1468 ἀπὸ
3332 1415 3457 1476 τοῦ,
3509 1416 3606 1466 Ἐν
3634 1411 3716 1476 τῷ

2137 1509 2308 1576 νόμιμ’
2327 1506 2639 1573 Μωϊνσέως.
2676 1508 2805 1570 Καὶ,
2835 1509 2866 1559 ὁ
2896 1508 3077 1575 νόμος
3109 1503 3288 1574 λέγει.
3337 1503 3717 1557 Ἐπακολουθεῖ

2139 1600 2247 1670 γάρ
2297 1602 2326 1652 6
2377 1600 2698 1662 ’Δπόστολος
2764 1599 3142 1668 συντιθέμενος
3189 1600 3244 1649 ὲν
3283 1595 3361 1666 τῷ
3420 1595 3715 1666 μετέπειτα.

2140 1692 2416 1761 εἰρηκέναι
2437 1709 2449 1720 ·
2483 1691 2579 1759 Μὴ
2612 1690 2728 1743 τῶν
2752 1689 2921 1754 βοῶν
2943 1691 3113 1758 μέλει
3147 1689 3226 1754 τῷ
3255 1687 3374 1753 Θεῷ
3401 1704 3421 1751 ;
3465 1691 3540 1742 Ἢ
3567 1686 3716 1740 πάν.

2139 1799 2253 1850 τως
2279 1784 2352 1834 δι’
2379 1781 2538 1852 ἡμᾶς
2573 1783 2848 1850 sip-quer;
2881 1783 2942 1834 Ei
2977 1783 3034 1834 δὲ
3070 1781 3156 1833 διὰ
3219 1783 3344 1842 τοῦς
3377 1779 3704 1841 ἀποστόλους

458 1895 618 1950 quam
653 1879 745 1949 qui
787 1879 840 1932 in
882 1878 997 1947 lege
1034 1877 1250 1930 locutus
1287 1883 1369 1928 est
1429 1873 1570 1928 Deus
1616 1875 1720 1928 ista
1759 1874 2036 1936 dixerunt,

2142 1875 2360 1944 εἴρηκεν
2399 1875 2427 1925 ὀ
2463 1873 2646 1941 νόμος,
2694 1873 2847 1925 καὶὸ
2887 1873 2943 1925 ὲν
2986 1871 3064 1941 τῷ
3103 1871 3252 1940 νόμῳ
3285 1870 3416 1933 θεὸς
3453 1870 3712 1936 λαλήσας,

460 1980 689 2038 uterque
742 1967 980 2037 profecto
1023 1967 1390 2036 apostolorum
1437 1965 1640 2019 Christi
1683 1980 1871 2018 curam
1916 1979 2044 2018 sus-

457 2060 607 2128 cipit,
648 2059 775 2113 dum
814 2059 919 2112 illis
980 2073 1044 2112 os
1101 2057 1307 2127 alligari
1354 2057 1633 2126 prohibet;
1687 2055 1798 2111 sive
1840 2069 1870 2108 a
1907 2069 2042 2126 prae-

466 2148 699 2204 dicanda
729 2149 932 2204 Christi
967 2147 1216 2202 doctrina
1251 2147 1498 2216 impediri
1536 2153 1716 2212 vetat;
1760 2149 1873 2201 sive
1906 2162 2042 2216 quo-

461 2237 666 2292 lidiana
697 2237 832 2308 ipsis
870 2237 1128 2291 alimenta
1168 2235 1506 2305 suppeditari
1548 2236 1871 2305 p0pulorum
1904 2237 2040 2290 libe-

459 2330 676 2384 ralitate
724 2328 988 2398 praacipit.
1036 2325 1224 2396 Itaque
1268 2340 1368 2380 nec
1433 2325 1640 2380 alienos
1683 2341 1713 2378 a
1757 2325 2041 2381 divinitate

461 2435 558 2473 sua
583 2419 863 2488 apostolos
889 2419 976 2472 ille
997 2425 1171 2488 putat,
1196 2431 1296 2472 nec
1324 2417 1414 2471 ieti
1441 2417 1678 2470 alienum
1710 2417 1889 2484 ipsum
1917 2432 2040 2472 esse

461 2518 728 2564 statuunt.
757 2507 832 2562 Ex
859 2508 960 2562 hoc
985 2522 1113 2562 vero
1137 2507 1414 2561 communi
1443 2507 1698 2561 omnibus
1721 2507 2040 2561 testimonio

461 2604 542 2656 sic
568 2601 772 2667 colligit
810 2599 1104 2669 Apostolus
1143 2618 1156 2652 :
1193 2596 1446 2668 Nunquid
1485 2598 1549 2653 de
1589 2598 1749 2652 bobus
1790 2614 1919 2652 cura
1960 2610 2038 2653 est

462 2693 608 2747 Deo?
647 2690 752 2747 Sed
785 2700 1004 2762 propter
1034 2691 1310 2762 apostolos
1346 2691 1504 2746 dixit.

531 2874 713 2942 Quare
739 2873 784 2930 si
819 2883 1040 2945 propter
1078 2875 1356 2945 apostolos
1399 2875 1717 2948 usurpavit,
1755 2877 2034 2932 hominum

461 2979 627 3035 porro
673 2963 1051 3036 pecudumque
1112 2967 1362 3022 conditor
1407 2977 1514 3030 est,
1548 2983 1578 3022 e
1629 2969 1831 3037 quibus
1873 2969 2038 3024 boves

465 3065 592 3112 sunt
625 3072 689 3111 ac
742 3071 1014 3126 passeres,
1063 3065 1364 3126 serpentes,
1419 3057 1626 3121 bestiae,
1679 3059 1874 3126 pisces,
1921 3061 2039 3112 ani-

465 3148 782 3218 mantiaque
835 3149 1079 3218 reliqua,
1134 3163 1476 3217 consequens
1525 3157 1608 3203 est
1659 3164 1844 3204 curam
1888 3149 2034 3203 illum

465 3241 706 3293 omnium
779 3253 876 3308 pro
926 3239 1190 3309 cujusque
1255 3241 1464 3295 ratione
1527 3254 1832 3310 capessere.
1902 3240 2034 3294 Nam

469 3339 523 3384 et
590 3329 968 3383 universorum
1038 3330 1088 3384 ei
1168 3343 1354 3383 curam
1423 3345 1545 3384 esse
1621 3331 1755 3386 satis
1831 3346 1898 3386 ex
1971 3346 2039 3386 eo

471 3421 617 3491 quod
679 3421 941 3489 scriptum
996 3430 1081 3474 est
1135 3419 1442 3474 ostenditur
1492 3437 1506 3472 :
1565 3418 1816 3474 Homines
1870 3431 1918 3475 et
1947 3423 2039 3491 ju-

466 3519 643 3564 menta
687 3509 938 3575 saloabis,
981 3508 1201 3562 Domine
1237 3508 1278 3561 ³.
1303 3507 1434 3562 Item
1473 3522 1538 3562 ex
1561 3524 1627 3563 eo
1673 3527 1684 3561 :
1725 3509 1856 3574 Quis
1896 3511 2038 3564 dedit

469 3617 621 3655 corvo
646 3599 819 3654 cibum
845 3601 900 3652 ‘2'
922 3609 976 3654 et
1007 3619 1018 3652 :
1048 3599 1191 3653 Pulli
1217 3615 1484 3652 corvorum
1527 3600 1593 3651 ad
1615 3600 1894 3654 Dominum
1926 3604 2039 3655 cla-

467 3703 613 3746 mant
667 3693 807 3746 cibos
865 3691 1194 3759 postulantes
1229 3691 1249 3722 ⁸
1282 3708 1297 3756 ;
1336 3700 1391 3745 et
1425 3710 1438 3744 :
1474 3690 1639 3745 Dabis
1694 3704 2037 3762 opportunam

467 3801 640 3838 escam
679 3784 917 3838 omnibus
951 3784 992 3837 ⁸.
1022 3781 1208 3852 Neque
1265 3798 1394 3835 vero
1436 3783 1596 3836 boum
1638 3784 1691 3837 in
1730 3785 2039 3840 obterendis

469 3874 719 3943 frugibus
737 3872 1000 3943 obstringi
1024 3871 1281 3941 capistris
1304 3886 1400 3925 ora
1420 3872 1736 3941 simpliciter
1756 3874 2034 3942 prohibet:

477 3966 678 4036 alioqui
724 3964 893 4019 Deum
942 3965 1174 4019 conditis
1216 3979 1244 4016 a
1284 3981 1343 4020 se
1393 3966 1760 4020 animantibus
1800 3967 2040 4034 praebere

471 4059 724 4113 alimenta
748 4072 854 4111 non
891 4072 1052 4125 posse
1084 4065 1413 4110 monstraret
1445 4075 1458 4109 :
1490 4073 1667 4126 neque
1689 4058 1845 4112 aliter
1875 4075 2036 4130 quam

469 4165 572 4219 ope
595 4150 872 4202 hominum
901 4159 953 4203 et
984 4149 1186 4202 auxilio
1218 4164 1470 4218 pecorum
1507 4149 1705 4218 pabulo
1731 4151 2034 4219 providere.

473 4240 574 4294 Sed
604 4240 732 4293 illud
763 4240 1053 4309 Apostolus
1075 4239 1334 4295 declarat.
1365 4253 1472 4293 non
1496 4240 1824 4293 cibariorum
1857 4242 2035 4310 inopia

469 4330 638 4385 Deum
689 4331 863 4385 bobus
907 4331 1113 4384 tritura:
1151 4341 1392 4399 tempore
1427 4333 1736 4386 consultum
1777 4335 2034 4400 voluisse,

470 4433 630 4491 atque
662 4421 889 4490 obligari
925 4421 1194 4486 vetuisse;
1238 4437 1425 4476 verum
1471 4423 1574 4477 hoc
1605 4424 1832 4493 amigma
1862 4431 2036 4478 totum

2143 1968 2476 2035 ἐπιμελεῖται
2507 1963 2613 2034 ἄρα
2648 1963 2753 2016 τῶν
2795 1963 3107 2017 ἀποστόλων
3140 1961 3234 2015 τοῦ
3280 1960 3515 2031 Χριστοῦ
3546 1962 3602 2013 ὲν
3635 1960 3713 2030 τῷ

2146 2058 2220 2127 μὴ
2259 2056 2457 2126 φιμοῦν
2506 2057 2704 2118 αὐτοὺς
2740 2053 3228 2126 παρακελεύεσθαι,
3267 2054 3385 2122 ἦτοι
3415 2051 3504 2104 τοῦ
3533 2051 3712 2105 λαλεῖν

2150 2147 2248 2216 τὴν
2273 2146 2383 2199 ’τοῦ
2421 2145 2656 2216 Χριστοῦ
2719 2144 2882 2198 αὑτοῦ
2931 2143 3294 2202 διδασκαλίαν,
3327 2143 3445 2212 ἤτοι
3484 2143 3580 2213 τὴν
3617 2142 3715 2210 ἑφ-

2140 2237 2345 2308 ήμερον
2389 2237 2596 2305 τροφὴν
2641 2235 2796 2306 παρά
2844 2236 2951 2287 τῶν
3005 2234 3148 2287 λαῶν
3201 2233 3460 2296 ἀνενδεῶς
3517 2234 3713 2294 αὐτοὺς

2139 2328 2303 2398 ἔχειν.
2339 2329 2454 2379 Οὐκ
2497 2327 2606 2397 ἄρα
2647 2325 2958 2396 ἀλλοτρίους
2986 2328 3112 2389 τοὺς
3159 2325 3485 2387 ἀποστόλους
3521 2322 3712 2376 ἑαυτοῦ

2139 2421 2238 2489 τῆς
2286 2419 2538 2487 θεότητος
2585 2413 2761 2480 οἶδεν,
2813 2417 2933 2469 οὐδὲ
2987 2419 3038 2470 οἱ
3098 2417 3384 2470 ἀπόστολοι
3437 2415 3713 2482 ἀλλότριον

2140 2511 2301 2564 αὑτὸν
2331 2509 2462 2562 Θεὸν
2499 2509 2779 2580 ἡγοῦνται.
2821 2510 2909 2576 Ἐξ
2945 2507 3126 2581 ἧσπερ
3161 2511 3301 2581 ὑπὲρ
3332 2509 3544 2561 πάντων
3573 2523 3712 2576 μαρ-

2137 2600 2329 2666 τυρίας
2377 2601 2405 2650 ό
2447 2597 2600 2665 ἅγιος
2631 2599 2954 2662 Ἀπόστολος
3007 2599 3312 2652 ἀποδέδωκε
3371 2600 3547 2668 φήσας
3572 2614 3584 2626 ·
3613 2596 3710 2662 Μὴ

2140 2691 2270 2757 περὶ
2297 2689 2414 2744 τῶν
2440 2692 2609 2755 ,βοῶν
2630 2692 2799 2761 μέλει
2830 2690 2909 2756 τῷ
2933 2691 3091 2757 Θεῷ;
3125 2690 3285 2744 Ἀλλὰ
3316 2690 3403 2744 διὰ
3431 2690 3555 2752 τοῦς
3580 2690 3714 2740 ἀπο-

2140 2783 2356 2846 στόλους
2384 2784 2592 2855 εἴρηκε.

2209 2877 2320 2929 Καὶ
2367 2877 2415 2928 εί
2465 2875 2554 2929 διὰ
2592 2875 2717 2938 τοὺς
2756 2875 3085 2938 ἀποστόλους
3123 2873 3316 2945 εἴρηκε
3343 2912 3358 2937 ,
3395 2871 3615 2943 κτίστης
3656 2871 3714 2924 δέ

2139 2969 2254 3019 ἐστι
2306 2966 2608 3038 ἀνθρώπων
2665 2968 2757 3020 καὶ
2802 2968 3014 3037 κτηνῶν
3044 3008 3059 3029 ,
3101 2966 3160 3030 ἐξ
3211 2960 3284 3018 ῶν
3339 2965 3459 3035 βόες
3503 2982 3562 3017 τε
3619 2965 3715 3016 καὶ

2141 3057 2410 3129 στρουθοὶ,
2445 3059 2651 3131 ἑρπετά
2694 3075 2752 3110 τε
2784 3060 2877 3112 καὶ
2916 3058 3181 3121 κνώδαλα,
3217 3057 3401 3110 ὲνάλιά
3431 3073 3488 3108 τε
3525 3057 3619 3108 καὶ
3647 3055 3712 3108 τὰ

2140 3151 2299 3204 ἄλλω
2336 3151 2444 3222 ἄρα
2491 3151 2643 3222 μέλει
2679 3149 2828 3220 αὑτῷ
2859 3151 2986 3221 περὶ
3018 3152 3231 3203 πάντων
3267 3149 3408 3203 κατά
3444 3148 3540 3219 τὴν
3578 3147 3709 3200 ὲκά-

2143 3258 2271 3293 στου
2300 3240 2612 3308 ἀναλογίαν.
2635 3241 2744 3292 Καὶ
2771 3239 2921 3308 μέλει
2962 3240 3059 3309 μὲν
3087 3239 3234 3309 αὐτῷ
3265 3240 3392 3308 περὶ
3414 3239 3626 3296 πάντων
3655 3239 3712 3289 ὲν

2137 3330 2216 3401 τῷ
2235 3330 2410 3400 λέγειν
2432 3349 2444 3360 ·
2493 3329 2858 3397 Ἀνθρώπους
2885 3330 2980 3382 καὶ
3016 3329 3204 3397 κτήνη
3235 3329 3474 3394 σώσεις,
3499 3331 3673 3396 Κύριε
3695 3348 3709 3360 ·

2141 3422 2235 3474 καὶ
2277 3423 2334 3473 ἐν
2375 3420 2454 3490 τῷ
2497 3421 2809 3493 εἰρηκέναι*
2852 3420 2947 3485 Τίς
2989 3419 3205 3473 δέδωκε
3238 3421 3444 3487 κῲακι
3477 3419 3713 3488 βοράν;

2141 3513 2536 3580 καὶχΝεοσσοὶ
2567 3511 2838 3579 κοράκων
2865 3512 3014 3579 πρὸς
3029 3513 3248 3578 Κύριον
3273 3513 3615 3581 κεκράγασι,
3643 3514 3715 3566 τὰ

2139 3603 2276 3656 σῖτα
2301 3603 2631 3669 ζητοῦντες·
2660 3603 2771 3668 καὶ,
2797 3601 3014 3668 Δὼσεις
3045 3601 3160 3670 τὴν
3180 3604 3410 3671 τροφὴν
3433 3605 3714 3670 εὔκαιρον

2140 3695 2262 3760 τοῖς
2289 3695 2499 3751 πᾶσιν.
2538 3695 2696 3748 Ἀλλά
2732 3696 2832 3748 οὐκ
2866 3697 2923 3748 ἐν
2951 3695 3028 3765 τῷ
3059 3695 3224 3766 ἀλοᾷν
3262 3698 3386 3758 τοὺς
3413 3695 3538 3764 βοῦς
3569 3712 3713 3764 παρ-

2141 3786 2418 3838 εκελεύετο
2454 3786 2527 3858 μὴ
2569 3787 2768 3856 φιμοῦν
2803 3787 2930 3856 βοῦν
2954 3787 3230 3840 ἀλοῶνταο
3266 3787 3391 3838 ἐπεὶ
3444 3787 3713 3841 ἐδείκνυεν

2139 3878 2205 3929 ἂν
2231 3878 2305 3948 μὴ
2332 3877 2586 3930 δύνασθαι
2622 3878 2714 3929 τὸν
2753 3878 2884 3930 Θεὸν
2907 3878 3128 3949 τρέφειν
3158 3877 3319 3930 αὐτοῦ
3354 3878 3452 3947 τὴν
3485 3877 3712 3946 κτῆσινο

2141 3967 2276 4019 ἀλλὰ
2314 3969 2361 4019 εἰ
2393 3968 2486 4020 καὶ
2523 3969 2597 4038 μὴ
2627 3967 2716 4020 διὰ
2759 3968 2858 4037 τῆς
2891 3969 3000 4021 τῶν
3035 3966 3336 4038 ἀνθρώπων
3369 3968 3479 4029 τοῖς
3520 3971 3713 4036 κτήνε-

2141 4076 2224 4110 σιν
2277 4059 2765 4129 ἐπικουρουμένους
2808 4059 2828 4090 ⁸
2868 4059 3095 4129 τροφῆς.
3137 4058 3343 4122 Ἔδειξε
3384 4057 3440 4109 δὲ
3483 4059 3511 4109 ὁ
3561 4057 3714 4123 ἅγιος

2153 4150 2469 4212 Ἀπόστολος
2508 4152 2568 4202 οὺ
2596 4151 2661 4202 δι’
2703 4151 2938 4220 ἀπορίαν
2970 4150 3179 4220 τροφῆς
3210 4150 3301 4203 τὸν
3335 4149 3465 4202 Θεὸν
3502 4148 3588 4202 διὰ
3617 4146 3710 4200 τοῦ

2143 4239 2372 4310 ἀλοητοῦ
2398 4241 2751 4309 ἐπιμέλεσθαι
2782 4240 2937 4310 βοῶν,
2963 4243 3019 4293 ὲν
3042 4241 3118 4312 τῷ
3143 4238 3606 4311 παρακελεύεσθαι
3637 4239 3710 4308 μὴ

2141 4330 2340 4399 φιμοῦν
2384 4331 2508 4392 τοὺς
2555 4332 2863 4394 τοιούτους’
2923 4332 3058 4384 ἀλλὰ
3105 4332 3193 4384 διὰ
3247 4330 3338 4383 τοῦ
3394 4331 3713 4398 αἰνίγματος

2143 4423 2271 4490 περὶ
2313 4421 2421 4472 τῶν
2465 4423 2778 4476 ἀποστόλων
2822 4423 3185 4494 σημαίνεσθαι
3214 4423 3312 4492 τὴν
3361 4421 3562 4491 σχέσιν.
3594 4420 3713 4473 Τῶν

469 4511 537 4564 ad
587 4514 862 4580 apostolos
911 4511 1140 4580 quadam
1188 4513 1503 4568 habitudine
1555 4515 1920 4570 referendum.
1966 4516 2034 4568 At

2140 4513 2246 4584 γὰρ
2284 4514 2425 4566 κατά
2454 4514 2516 4566 τὸ
2542 4516 2584 4546 ¹⁰
2615 4516 2888 4584 αἰσθητῶν
2930 4518 3144 4570 πάντων
3184 4516 3414 4568 ποιεῖται
3460 4514 3556 4576 τὴν
3581 4513 3713 4582 πρό-

469 4617 598 4657 vero
645 4602 827 4656 intima
883 4602 1084 4664 omnia,
1135 4617 1254 4671 quae
1304 4619 1468 4658 sensu
1523 4606 1726 4676 percipi
1782 4615 2032 4676 possunt,

469 4692 614 4748 Deus
645 4691 980 4762 providentia
1012 4707 1109 4747 sua
1145 4695 1539 4762 complectitur,
1569 4703 1622 4750 et
1657 4697 2034 4752 universorum

471 4798 658 4836 curam
712 4783 918 4853 pariter
965 4783 1212 4852 suscipit.
1259 4782 1376 4839 Non
1418 4787 1561 4840 enim
1607 4787 1873 4842 Salvatori
1909 4805 2038 4842 con-

470 4873 636 4926 traria
664 4873 885 4942 scripsit
912 4875 1227 4942 Apostolus,
1259 4883 1318 4928 ut
1345 4876 1485 4930 hanc
1519 4878 1622 4932 sibi
1666 4879 1908 4950 plerique
1950 4897 2056 4935 ex»

470 4962 770 5016 cusationis
801 4962 1060 5016 latebram
1096 4972 1359 5032 quaerant.
1403 4963 1610 5020 Etenim
1664 4969 1820 5039 longe
1861 4971 2037 5026 bobus

471 5055 710 5108 minores
725 5065 853 5132 _sunt
870 5069 1140 5122 passeres,
1158 5056 1225 5109 de
1245 5056 1444 5125 quibus
1473 5071 1500 5109 a
1521 5056 1800 5116 Salvatore
1831 5061 2037 5118 dictum

470 5155 580 5199 est:
604 5145 841 5214 Quinque
868 5161 1102 5214 passeres
1130 5147 1665 5218 veneuntdipondio".
1701 5151 1764 5205 Et
1784 5169 1998 5209 rursum
2022 5175 2035 5210 :

473 5235 662 5290 Nonne
698 5236 858 5306 357
906 5237 1010 5291 duo
1061 5252 1297 5306 passeres
1355 5257 1472 5294 asse
1515 5253 1752 5307 veneunt,
1805 5255 1855 5299 et
1904 5263 2039 5301 unus

468 5340 532 5378 ea:
560 5326 692 5393 ipsis
723 5342 823 5378 non
845 5327 996 5380 cadet
1015 5327 1070 5379 in
1093 5326 1336 5396 laqueum
1357 5330 1468 5383 sine
1495 5330 1657 5386 Patre
1680 5344 1846 5389 vestro
1871 5339 1960 5405 qui
1986 5339 2041 5390 in

467 5413 612 5468 caelis
667 5424 741 5467 est
783 5414 850 5465 εἳ
899 5413 990 5468 Sic
1034 5415 1197 5484 igitur
1238 5416 1490 5471 universa
1523 5417 1664 5475 Dens
1701 5423 2036 5489 providentia

472 5519 569 5560 sua
591 5505 876 5576 gubernat.
904 5507 1036 5570 Qua:
1064 5522 1194 5562 vero
1233 5508 1440 5576 majora
1485 5519 1631 5576 sunt,
1677 5513 1871 5568 altiore
1909 5531 2039 5584 qua-

545 5661 562 5690 ²
597 5657 752 5713 Deut.
793 5673 923 5720 xxv,
947 5658 1000 5712 4.

480 5797 732 5868 στρουθία
763 5797 1020 5851 πωλεῖται
1045 5799 1304 5870 ἀσσαρίου
1327 5801 1444 5863 ἑνός

1075 5659 1096 5689 ³
1124 5658 1144 5711 l
1177 5659 1300 5713 Cor.
1337 5676 1413 5721 ix.
1451 5662 1505 5723 9,
1537 5662 1602 5716 10
1689 5665 1710 5694 ³
1738 5664 1878 5720 Psal.
1919 5683 2042 5723 xxv.
2076 5671 2124 5726 7.

473 5729 789 5813 CXLIV,M15.
851 5729 885 5813 ‘7
910 5727 1170 5813 .I.uc.‘xn,
1380 5730 1567 5813 blattb.
1603 5750 1657 5798 x,
1681 5734 1772 5790 29.
1848 5737 1946 5794 ’F.
1980 5743 2038 5793 ἐπ

2140 5760 2167 5794 υ
2177 5745 2449 5813 ρουμένων

2141 4622 2310 4670 νοιαν,
2353 4607 2446 4658 καὶ
2473 4606 2672 4676 ὁμοίως
2709 4608 2862 4678 μέλει
2895 4608 3042 4678 αὐτῷ
3069 4608 3197 4678 περὶ
3225 4608 3456 4660 πάντων.
3493 4607 3566 4658 Οὐ
3604 4604 3712 4675 γὰρ

2141 4696 2430 4758 ἀντιθέτως
2465 4699 2494 4748 ὁ
2532 4699 2850 4762 Ἀπόστολος
2896 4699 3031 4768 πρὸς
3075 4699 3164 4750 τὸν
3206 4698 3431 4768 Σωτῆρα
3453 4696 3712 4766 ἔγραφεν,

2143 4787 2231 4839 ἵνα
2261 4787 2432 4850 οὕτως
2464 4791 2907 4859 προφασίσωνται
2941 4791 2988 4842 oi
3025 4789 3228 4842 πολλοί.
3256 4790 3570 4860 Μικρότερα
3605 4787 3714 4858 γὰρ

2139 4879 2250 4930 τῶν
2282 4879 2419 4949 βοῶν
2447 4882 2514 4932 τὰ
2551 4881 2830 4950 στρουθία,
2864 4883 2992 4953 περὶ
3021 4875 3095 4935 ὧν
3117 4883 3144 4934 6
3171 4881 3363 4952 Σωτὴρ
3403 4881 3608 4947 ἔλεγεν,
3631 4881 3714 4932 ὅτι

2142 4969 2327 5024 Πέντε
2376 4976 2665 5039 στρουθία
2716 4975 2996 5029 πωλεῖται
3056 4975 3370 5041 ἀσσαρίων
3423 4973 3565 5025 δύο⁸
3621 4971 3716 5024 καὶ

2143 5062 2304 5115 πάλιν
2328 5078 2342 5090 ·
2396 5063 2541 5132 Οὐχὶ
2578 5064 2687 5119 δύο
2743 5069 3030 5134 στρουθία
3079 5066 3358 5118 πωλεῖται
3413 5065 3716 5131 ἀσσαρίου

2142 5154 2309 5218 ἐνός;
2337 5156 2381 5186 ¹¹
2403 5157 2501 5208 καὶ
2538 5155 2608 5208 ἓν
2638 5157 2706 5220 ἐξ
2727 5157 2926 5211 αὐτῶν
2959 5162 3031 5210 οὐ
3070 5157 3334 5210 πεσεῖται
3386 5157 3471 5220 εἰς
3497 5153 3718 5221 παγίδα

2143 5245 2289 5299 ἄνευ
2343 5247 2447 5300 τοῦ
2497 5248 2727 5316 Πατρός
2769 5248 2934 5318 ὑμῶν
2981 5249 3087 5302 τοῦ
3144 5249 3214 5301 ἐν
3261 5248 3386 5314 τοῖς
3415 5244 3713 5313 οὐρανοῖς.

2156 5335 2319 5405 Ὁμοῦ
2363 5336 2461 5408 μὲν
2496 5338 2716 5391 πάντων
2769 5342 2984 5410 προνοεῖ
3007 5354 3019 5367 ο
3059 5339 3165 5392 τῶν
3203 5338 3260 5390 δὲ
3303 5337 3564 5408 μειζόνων
3597 5336 3716 5385 ἐπι-

2147 5429 2426 5496 μελεῖται,
2480 5430 2622 5484 κατά
2669 5431 2729 5484 τὸ
2777 5430 2959 5501 μεῖζον
3006 5427 3146 5493 εἶδος
3193 5431 3296 5499 τῆς
3340 5425 3716 5497 πνευματικῆς

2141 5521 2480 5584 ἀκολουθίας.
2532 5523 2682 5576 ’Ὠστ’
2733 5519 2824 5576 οῦν
2878 5525 2944 5575 ἐκ
2992 5521 3192 5584 παντὸς
3234 5520 3574 5590 ὁμολογεῖται
3622 5517 3714 5568 τὸν

2873 5679 2894 5709 ⁸
2931 5677 3076 5732 Psal.
3131 5692 3310 5738 auri,
3375 5675 3429 5727 9.
3508 5669 3706 5738 {Psal.

2224 5672 2245 5702 ι
2277 5672 2379 5751 Job
2447 5692 2675 5751 xxxviii,
2707 5677 2796 5751 4i.
2873 5679 2894 5709 ⁸
2931 5677 3078 5751 Psal.
3131 5692 3310 5751 auri,
3375 5675 3462 5751 9_.__
3508 5672 3672 5751 ‘?Ps§a’i

2553 5748 2594 5778 ¹⁰
2628 5746 2687 5801 ι’.
2718 5748 2890 5804 κάτω.
2967 5750 3008 5779 “
3040 5746 3160 5801 Vat.
3195 5737 3345 5801 addit
3401 5745 3466 5796 Ei
3499 5737 3589 5794 οὖν
3616 5739 3709 5792 δύο
