4186 6374
425 337 527 393 735

1127 336 1499 393 ADVERSUS
1538 333 1878 392 HIEHESES
1905 334 1979 389 ιι]

2085 333 2116 388 Ι.
2159 335 2324 392 ΤΟΜ.
2366 335 2455 392 lll.
2491 368 2561 376 —
2600 336 2872 392 HERES.
2916 336 3073 394 XLII.

3569 341 3670 396 786

419 458 583 512 αὑτὸν
625 457 874 527 ποιητὴν,
902 455 995 508 καὶ
1033 455 1386 526 δημιουργὸν,
1423 455 1517 510 καὶ
1551 453 1846 525 νομοθέτην
1882 453 1979 505 Πα-

2095 451 2219 506 dam
2247 469 2376 507 cura
2407 462 2461 509 et
2492 455 2744 525 spiritali,
2788 470 2908 525 quae
2941 457 3156 509 illorum
3187 463 3436 511 naturam
3469 470 3667 511 conse-

419 547 576 610 λαιᾶς
617 547 712 599 xai
761 547 970 616 Καινῆς
1013 546 1288 617 Διαθήκης
1322 547 1480 609 ὅντα.
1527 545 1660 599 Θεὸν
1692 544 1894 598 ἀγαθόν
1935 561 1994 596 τε

419 640 515 693 καὶ
542 639 748 692 δίκαιον
780 639 872 691 καὶ
901 639 1007 691 τῶν
1032 639 1246 692 πάντων
1278 639 1501 710 Κύριον.

501 907 549 971 η’
582 900 674 954 καὶ
701 907 776 965 ις’
819 901 964 972 σχόλ.
996 905 1052 956 Μ
1060 902 1092 971 ὴ
1120 903 1240 956 τῶν
1259 904 1429 968 ,βοῶν
1449 903 1621 974 μέλει
1654 903 1733 970 τῷ
1768 903 1921 970 Θρῷ;

488 1091 536 1152 η’
566 1084 660 1137 καὶ
691 1091 765 1148 ις’
797 1084 975 1153 ἕλεγχ.
999 1085 1134 1155 Ἤδη
1165 1085 1764 1156 διαπεπραγμάτευται,
1800 1085 1992 1140 καὶδιᾶ

421 1175 656 1239 πλάτους
705 1178 1040 1247 ἡρμήνευται
1091 1179 1148 1228 ἐν
1192 1176 1268 1247 τῷ
1321 1177 1428 1247 πρὸ
1472 1176 1634 1228 αὑτοῦ
1687 1177 1856 1249 ῥητῷ.
1904 1180 1994 1232 Διὸ

421 1270 674 1338 περιττὸν
706 1270 1050 1339 ἡγησάμενος
1079 1265 1233 1332 αὖθις
1263 1272 1390 1340 περὶ
1417 1268 1580 1322 αὑτοῦ
1629 1268 1826 1338 λέγειν,
1891 1274 1992 1342 ἡρο

419 1360 618 1429 κέσθην
647 1363 759 1422 τοῖς
788 1359 1220 1429 προειρημένοις.

491 1450 534 1502 0'
567 1451 659 1503 καὶ
690 1450 752 1514 ιζ’
776 1451 920 1521 σχόλ.
949 1454 1030 1504 Οὺ
1056 1452 1206 1505 θέλω
1227 1453 1334 1521 γὰρ
1363 1453 1519 1519 ὑμᾶς
1540 1454 1800 1523 ἀγνοεῖν,
1821 1455 1994 1508 ἀδελ-

417 1542 538 1610 φοὶ,
577 1541 664 1593 ὅτι
691 1545 742 1593 οἱ
771 1540 1019 1608 πατέρες
1049 1542 1215 1611 ὑμῶν
1235 1545 1352 1598 ὑπὸ
1379 1544 1492 1612 τὴν
1521 1545 1784 1613 νεφέλην
1808 1543 1988 1615 ἦσαν,

417 1634 518 1686 καὶ
550 1633 771 1697 πάντες
808 1633 906 1686 διὰ
931 1633 1039 1702 τῆς
1070 1634 1387 1703 θαλάσσης
1425 1636 1692 1703 διῆλθον,
1718 1638 1814 1692 καὶ
1845 1637 1992 1691 πάν-

416 1743 515 1790 τες
565 1725 628 1777 τὸ
675 1726 820 1777 αὐτὸ
870 1728 1271 1794 πνευματικὸν
1325 1727 1550 1797 ἔφαγον
1604 1729 1839 1798 βρῶμα,
1891 1730 1990 1782 καὶ

417 1818 639 1880 πάντες
664 1817 728 1869 τὸ
761 1817 907 1870 αὐτὸ
941 1819 1343 1887 πνευματικὸν
1375 1821 1548 1874 ἔπιον
1588 1824 1767 1890 πίῇιια.
1823 1825 1990 1878 Ἔπι-

416 1927 529 1962 νον
562 1911 670 1978 γὰρ
703 1911 770 1963 ἐκ
799 1911 1204 1980 πνευματικῆς
1243 1913 1700 1983 ἀκολουθούσης
1736 1917 1986 1985 πέτρος·

416 2003 454 2064 ἡ
503 2000 570 2052 δὲ
612 2000 796 2069 πέτρα
847 1998 924 2070 ἦν
975 2007 1008 2056 ὁ
1058 2006 1328 2072 Χριστός.
1375 2007 1535 2060 Ἀλλ’
1576 2011 1688 2061 οὐκ
1744 2008 1814 2060 ἐν
1866 2011 1991 2076 τοῖς

414 2091 694 2144 πλείοσιν
725 2091 921 2145 αὐτῶν
951 2094 1276 2161 ηὐδόκησε.
1307 2098 1495 2151 Ταῦτα
1533 2099 1600 2152 δὲ
1631 2101 1802 2153 τύποι
1825 2101 1992 2171 ἡμῶν

412 2183 808 2258 ἐγενήθησαν,
836 2185 921 2254 μὴ
964 2187 1113 2253 πρὸς
1145 2188 1209 2242 τὸ
1245 2186 1397 2243 εἶναι
1431 2191 1588 2260 ἡμᾶς
1628 2193 1991 2263 ἐπιθυμητὰς

412 2274 645 2337 κακῶν.
699 2276 892 2342 καθὼς
949 2278 1046 2331 καὶ
1105 2281 1319 2334 ἐκεῖνοι
1362 2284 1772 2352 ἐπεθύμησαν
1829 2287 1988 2356 μηδὲ

412 2365 834 2434 εἰδωλολάτραι
877 2369 1136 2437 γίνεσθε,
1178 2372 1368 2438 καθώς
1419 2392 1574 2446 τινες
1631 2375 1848 2441 αὐτῶν,
1886 2395 1990 2430 κα-

411 2457 526 2523 θὼς
572 2458 926 2527 γέιφαπται·
981 2461 1295 2516 Ἐκάθισεν
1347 2467 1380 2518 ό
1436 2466 1584 2532 λαὸς
1639 2468 1852 2536 φαγεῖν
1888 2471 1987 2524 καὶ

411 2551 591 2616 πιεῖν,
642 2552 740 2604 καὶ
769 2552 1121 2620 ἀνέστησαν
1152 2553 1396 2615 παίζειν.
1432 2558 1598 2625 Μηδὲ
1637 2560 1987 2628 ἐκπειράζω-

405 2661 520 2713 μεν
546 2644 652 2696 τὸν
679 2647 937 2711 Χριστόν
956 2661 967 2674 ⁸
1005 2647 1138 2699 ὅπου
1179 2646 1325 2716 λέγει
1354 2665 1366 2678 ·
1397 2649 1580 2702 ταῦτα
1629 2651 1697 2703 δὲ
1726 2653 1988 2719 τυπικῶς

409 2733 770 2789 συνέϐαινεν
816 2737 1097 2802 ἐκείνοις·
1146 2737 1373 2808 ἐῃοάςςη
1419 2740 1486 2794 δὲ
1539 2742 1714 2810 ἡμῖν,
1770 2746 1864 2798 καὶ
1917 2746 1988 2800 τὰ

409 2827 558 2896 ἑξῆς.

481 2920 524 2973 θ’
570 2921 665 2973 xui
719 2921 782 2986 ιζ’
830 2921 1009 2991 ἕλεγχ.
1052 2923 1115 2974 Ὢ
1152 2922 1351 2994 πολλῆς
1398 2926 1852 2995 φρενοϐλαϐείαςι
1889 2930 1984 2994 Τίς

410 3010 551 3080 ἔχων
612 3011 942 3082 ὀφθαλμοὺς,
987 3013 1135 3083 ἡλίου
1178 3014 1582 3080 ἀνατέλλοντος,
1641 3019 1832 3072 ἑαυτὸν
1872 3020 1983 3074 ἀπὸ

2097 543 2304 611 quitur,
2333 545 2697 600 adminisuat.
2731 544 3176 601 Concludenduzn
3200 547 3366 615 igitur
3390 553 3494 612 est,
3519 560 3672 600 eum-

2097 637 2218 690 dem
2253 634 2612 699 conditorem,
2657 645 2711 692 et
2749 638 3018 707 opilicem,
3055 653 3118 692 ac
3146 638 3512 708 legislatorem
3546 655 3670 695 esse

2103 726 2312 783 Veteris
2349 744 2410 780 ac
2437 727 2570 782 Novi
2604 727 2935 784 Testamenti
2957 771 2972 794 ,
3004 730 3170 784 Deum
3202 731 3434 796 bonum,
3478 739 3532 787 ct
3569 733 3664 803 ju-

2097 830 2262 882 stum.
2297 821 2784 890 universorumque
2819 819 3154 899 Dominum”

2171 913 2358 967 Schol.
2413 913 2446 966 8
2496 925 2551 968 et
2617 913 2704 967 16.
2749 909 3005 983 Nunquid
3061 911 3124 966 de
3197 911 3359 968 bobus
3414 930 3543 968 cura
3594 923 3672 970 est

2106 1003 2216 1056 Deo
2249 1003 2286 1056 ¹.

2168 1093 2357 1147 R-el‘ut.
2387 1094 2420 1148 8
2447 1104 2500 1148 et
2536 1093 2906 1191 l6..Abunde
2957 1100 3226 1148 tractatus
3257 1093 3346 1148 hic
3377 1093 3533 1148 locus
3566 1103 3669 1158 est,

2096 1195 2150 1242 et
2189 1189 2243 1241 in
2276 1188 2546 1257 superiori
2602 1186 2780 1256 capite
2829 1202 2860 1240 a
2907 1187 3065 1241 nobis
3095 1186 3400 1255 expositus.
3436 1186 3673 1255 Ideoque

2096 1293 2566 1346 supervacaneum
2601 1277 2703 1330 rati
2732 1277 2919 1331 eadem
2954 1278 3135 1331 denuo
3158 1287 3424 1348 repetere,
3457 1278 3523 1333 lis
3550 1293 3672 1348 quae

2095 1367 2237 1420 dicta
2268 1373 2396 1434 sunt
2426 1367 2664 1421 contenti
2698 1382 2819 1423 esse
2848 1367 3130 1423 debemus.

2167 1457 2352 1511 Schol.
2386 1459 2418 1512 9
2447 1465 2502 1511 et
2531 1458 2618 1510 17.
2669 1456 2812 1512 Nolo
2858 1459 2995 1512 enim
3022 1477 3110 1514 vos
3143 1461 3410 1530 ignorare,
3448 1460 3665 1530 fratres,

2092 1549 2340 1618 quoniam
2387 1558 2564 1616 patres
2612 1550 2783 1603 nostri
2821 1549 2916 1603 sub
2965 1550 3098 1604 nube
3137 1551 3370 1620 fuerunt,
3404 1561 3454 1606 et
3483 1569 3661 1607 omnes

2093 1655 2238 1692 mare
2260 1641 2607 1707 transierunt,
2630 1650 2679 1694 et
2706 1657 2882 1695 omnes
2907 1641 3144 1695 eamdem
3167 1659 3341 1696 eseam
3372 1643 3667 1712 spiritalem

2093 1731 2580 1794 manducaverunt,
2641 1742 2690 1786 et
2746 1749 2920 1786 omnes
2977 1734 3214 1788 eumdem
3259 1747 3443 1804 potum
3513 1735 3670 1804 spiri-

2093 1821 2250 1874 talem
2300 1821 2559 1876 biberunt.
2629 1822 2885 1877 Bibebant
2925 1825 3063 1878 enim
3114 1831 3178 1878 de
3213 1827 3447 1894 spiritali
3488 1843 3670 1880 conse-

2089 1922 2272 1982 quente
2301 1929 2388 1966 eos
2418 1923 2604 1979 petra;
2648 1925 2801 1983 petra
2846 1923 3022 1968 autem
3073 1927 3190 1970 erat
3239 1915 3499 1971 Christus.
3553 1914 3658 1970 Sed

2091 2018 2192 2054 non
2222 2003 2276 2056 in
2305 2003 2548 2070 pluribus
2590 2019 2770 2058 eorum
2810 2003 3191 2073 beneplaeitum
3231 2014 3310 2058 est
3353 2004 3483 2060 Deo.
3532 2003 3661 2060 ch

2091 2105 2268 2150 autem
2292 2097 2346 2150 in
2371 2099 2544 2167 ﬁgura
2573 2097 2720 2167 facta
2756 2108 2879 2153 sunt
2919 2101 3111 2164 nostri,
3143 2109 3200 2152 ut
3227 2116 3330 2154 non
3351 2102 3518 2155 simus
3541 2119 3658 2156 con-

2089 2191 2410 2256 cupiscentes
2445 2190 2728 2256 malorum,
2775 2194 2912 2246 sicut
2950 2193 3034 2246 illi
3077 2192 3330 2262 fuerunt;
3364 2211 3523 2265 neque
3547 2195 3664 2248 ido-

2091 2280 2262 2334 lorum
2322 2283 2547 2336 cultores
2599 2283 2916 2351 e/ficiamini,
2957 2285 3093 2337 sicut
3137 2284 3352 2352 quidam
3399 2301 3462 2338 ea:
3504 2285 3654 2354 ipsis,

2089 2373 2528 2444 quemadmodum
2557 2377 2806 2442 scriptum
2832 2385 2947 2430 est:
2989 2375 3136 2430 Sedit
3177 2377 3400 2446 populus
3442 2377 3660 2430 mandu-

2089 2481 2208 2518 care
2260 2473 2309 2518 et
2338 2465 2531 2528 bibere,
2560 2473 2609 2518 et
2639 2475 2981 2520 surrexerunt
3019 2465 3217 2520 ludere.
3265 2465 3448 2538 Neque
3491 2479 3649 2522 tente-

2088 2572 2204 2608 mus
2253 2555 2541 2619 Christum,
2598 2573 2770 2626 usque
2819 2558 2885 2611 ad
2936 2559 3026 2612 illa
3069 2559 3233 2613 verba
3265 2579 3277 2613 :
3306 2559 3435 2614 Htec
3473 2571 3649 2615 autem

2089 2646 2269 2698 omnia
2302 2647 2356 2698 in
2385 2647 2560 2715 ligura
2590 2647 2958 2717 contingebant
2991 2647 3124 2714 illis,
3163 2651 3365 2718 scripta
3395 2661 3517 2704 sunt
3553 2669 3650 2705 au-

2089 2746 2191 2789 tem
2223 2735 2372 2790 nobis
2406 2738 2449 2802 ²,
2475 2747 2581 2792 etc.

2155 2917 2336 2973 Refut.
2388 2918 2421 2973 9
2451 2926 2506 2974 et
2567 2918 2654 2973 17.
2700 2918 3068 2975 Oinanditam
3128 2922 3454 2977 amentiam!
3495 2923 3654 2989 Quis.

2085 3008 2297 3065 oriente
2345 3011 2480 3073 sole,
2512 3011 2559 3064 si
2586 3011 2747 3065 modo
2787 3012 2975 3066 oculos
3018 3014 3233 3076 habeat,
3268 3027 3297 3066 a
3333 3015 3453 3067 luce
3487 3016 3653 3084 possit

407 3103 501 3156 τοῦ
535 3104 711 3171 φωτὸς
744 3104 1037 3176 πλανήσει;
1082 3108 1144 3159 El
1175 3108 1282 3179 γὰρ
1325 3109 1565 3181 πατέρας
1613 3109 1806 3164 ἑαυτοῦ
1855 3112 1979 3175 τοὺς

2085 3103 2381 3158 aberrare?
2417 3101 2557 3157 Num
2590 3104 2634 3158 si
2667 3111 2850 3174 patres
2885 3119 3015 3160 suos
3043 3112 3255 3160 veteres
3279 3104 3402 3160 illos
3431 3104 3648 3174 Aposto

405 3197 524 3248 τότε
567 3195 713 3264 λέγει
762 3198 791 3249 ὁ
843 3197 997 3266 ἅγιος
1060 3200 1399 3266 Ἀπόστολος,
1439 3203 1531 3255 καὶ
1579 3203 1683 3256 ὑπὸ
1733 3205 1980 3275 νεφέλης,

406 3289 500 3340 καὶ
548 3288 636 3340 διὰ
696 3288 969 3360 θαλάσσης
1020 3290 1418 3363 διεληλυθέναι,
1472 3295 1566 3348 xui
1619 3298 1983 3368 πνευματικὸν

407 3381 603 3452 βρῶμα
637 3384 730 3436 καὶ
771 3385 923 3453 πόμα
955 3381 1116 3452 εἶναι,
1152 3387 1483 3459 βεϐρωκέναι
1535 3389 1592 3442 δὲ
1641 3393 1734 3444 καὶ
1792 3409 1983 3445 πεπω-

403 3474 557 3526 κέναι
585 3477 648 3526 ὲκ
676 3477 1051 3545 πνευματικῆς
1072 3479 1469 3552 ἀκολουθούσης
1496 3481 1720 3554 πέτρας,
1747 3485 1981 3555 Χριστὸν

402 3566 458 3617 δὲ
488 3563 626 3620 εἶναι
668 3567 764 3637 τὴν
804 3568 1008 3638 πέτραν
1050 3570 1280 3638 φάσκειο
1324 3574 1408 3636 τίς
1438 3573 1792 3646 πεισθήσεται
1821 3578 1980 3648 Map-

402 3658 596 3721 κίωνος
629 3662 694 3728 τῇ
734 3661 980 3731 ἀπονοίᾳ,
1012 3662 1104 3715 τοῦ
1148 3663 1484 3728 σκοτίζοντος
1514 3667 1706 3720 ἑαυτοῦ
1733 3668 1826 3722 τὸν
1855 3669 1979 3722 νοῦν

403 3752 496 3803 xui
544 3751 652 3802 τῶν
705 3752 1009 3806 ἀκουόντων
1055 3755 1242 3820 αὑτοῦ,
1285 3757 1560 3829 ἀλλότριον
1605 3761 1836 3830 φάσκειν
1886 3760 1977 3813 τὸν

399 3842 634 3911 Χριστὸν
664 3841 771 3894 τῶν
806 3844 862 3894 ἐν
896 3844 1042 3914 νόμῳ
1070 3847 1395 3914 γενομένων,
1433 3849 1876 3920 ὁμολογουμένων
1919 3851 1976 3902 δὲ

399 3931 550 4002 παρὰ
595 3931 688 3983 τοῦ
740 3933 1060 3987 Ἀποστόλου
1089 3936 1146 3987 ὲν
1174 3936 1422 4008 ἀληθείᾳ,
1451 3939 1544 3992 καὶ
1592 3939 1692 3992 οὐκ
1733 3942 1791 3992 ὲν
1819 3940 1976 4011 δοκή-

399 4037 517 4084 σει;
568 4021 768 4074 Φάσκει
811 4021 868 4074 δὲ
907 4025 935 4075 ὀ
981 4023 1135 4091 ἅγιος
1198 4025 1539 4091 Ἀπόστολος,
1599 4027 1684 4096 μὴ
1737 4029 1806 4082 ἐν
1851 4031 1976 4097 τοῖς

397 4115 708 4178 πλείστοις·
741 4113 847 4167 τὸν
894 4115 1149 4182 Χριστὸν
1185 4117 1604 4186 ηὺδοκηκέναι,
1637 4122 1853 4185 πάντως
1885 4122 1973 4178 διὰ

398 4206 716 4277 παράνομον
745 4208 942 4278 πρᾶξιν
973 4210 1083 4262 τῶν
1124 4212 1322 4266 αὐτῶν.
1366 4215 1427 4264 Εἰ
1458 4213 1513 4266 δὲ
1547 4214 1646 4266 οὐκ
1675 4215 1973 4286 ηὐδόκησεν

396 4299 455 4351 ὲν
479 4301 592 4360 τοῖς
614 4301 752 4354 κατὰ
783 4302 871 4354 τὸν
899 4303 1058 4372 νόμον
1083 4305 1374 4375 παράνομα
1407 4307 1816 4377 ἐργασαμένοις,
1864 4310 1971 4380 ἄρα

395 4391 697 4458 ἀγανακτεῖ
735 4394 870 4464 πρὸς
895 4397 1020 4458 τοὺς
1047 4397 1340 4460 τοιούτους,
1372 4398 1448 4460 ὼς
1475 4399 1639 4452 αὑτοῦ
1677 4398 1969 4464 δεδωκότος

394 4481 486 4532 τὸν
517 4485 700 4554 νόμον,
735 4488 828 4539 καὶ
857 4488 1094 4542 διδάσκει
1132 4490 1322 4542 ἑαυτοῦ
1356 4493 1445 4544 τὸν
1476 4493 1638 4561 νόμον
1683 4495 1969 4565 ὑπάρχειν,

395 4579 570 4652 καιρῷ
614 4580 835 4634 δοθέντα
883 4583 975 4635 καὶ
1019 4582 1242 4645 δικαίως
1288 4583 1792 4656 ἐξυπηρετηθέντα,
1843 4589 1969 4658 ἄχρι

393 4672 495 4741 τῆς
547 4673 810 4741 ἐνσὰρκου
854 4672 1018 4724 αὐτοῦ
1061 4675 1381 4744 παρουσίας.
1419 4676 1634 4746 Πρέπον
1676 4677 1784 4748 γάρ
1822 4681 1968 4734 ἐστιν

393 4765 744 4836 οἰκοδεσπότῃ
789 4763 910 4817 καθ’
942 4767 1170 4818 ἕκαστον
1215 4766 1403 4836 καιρὸν
1431 4768 1702 4838 ἁρμοδίως
1745 4773 1968 4826 ἐπιτάσ-

396 4873 508 4908 σειν
555 4860 665 4915 τοῖς
709 4857 902 4908 ἑαυτοῦ
946 4857 1184 4920 οἰκέταις
1231 4859 1300 4912 τὰ
1343 4861 1637 4930 πρέποντα.
1692 4863 1866 4926 Εὐθὺς
1909 4865 1966 4918 δὲ

392 4948 662 5018 ἐπιφέρει,
690 4947 864 5016 λέγων
885 4965 897 4978 ’
938 4950 1130 5003 Ταῦτα
1161 4949 1229 5002 δὲ
1260 4953 1431 5005 τύποι
1472 4952 1643 5019 ἡμῶν
1687 4955 1966 5024 ἐγενήθη-

392 5053 532 5098 σαν,
565 5039 713 5105 πρὸς
742 5039 808 5091 τὸ
831 5038 917 5106 μὴ
954 5034 1105 5092 εἶναι
1135 5040 1293 5108 ’ἡμᾶς
1336 5043 1703 5111 ἐπιθυμητὰς
1743 5045 1962 5112 κακῶν,

392 5128 588 5195 καθὼς
616 5128 877 5183 κάκεῖνοι
906 5129 1297 5198 ἐπεθύμησαν
1325 5147 1337 5160 ·
1365 5131 1520 5200 μηδὲ
1548 5132 1967 5202 εἰδωλολάτραι

393 5221 655 5288 γίνεσθε,
703 5217 895 5282 καθώς
926 5235 1081 5284 τινες
1115 5219 1345 5272 αὐτῶν·
1395 5222 1513 5292 οὐχὶ
1561 5223 1701 5276 κατὰ
1748 5225 1966 5278 πάντων

391 5310 488 5381 τὴν
512 5311 690 5380 ψῆφον
726 5311 956 5377 διεξιών.
986 5313 1095 5365 Καὶ
1129 5313 1292 5366 πόθεν
1323 5310 1468 5378 οἶδας
1494 5317 1683 5380 ταῦτα,
1723 5313 1768 5371 ὦ
1811 5320 1968 5372 Ἀπό-

395 5403 581 5469 στολε;
615 5403 919 5475 Ἐπιφέρει,
975 5405 1070 5470 Ὡς
1108 5405 1446 5474 γέγραπται,
1486 5409 1696 5478 φήσας·
1740 5411 1963 5466 Ἐκάθι-

391 5511 505 5548 σεν
537 5499 569 5548 ό
617 5496 768 5561 λαὸς
816 5495 1030 5567 φαγεῖν
1080 5497 1177 5550 καὶ
1226 5497 1413 5561 πιεῖν,
1465 5499 1563 5552 καὶ
1613 5499 1964 5570 ἀνέστησαν

390 5586 634 5649 παίζειν.

469 5785 532 5842 ιι
569 5785 695 5843 Cor.
733 5805 809 5854 ix,
833 5788 886 5845 9.
965 5791 984 5824 ³
1021 5789 1193 5848 lCor.
1225 5808 1280 5860 ι,
1323 5791 1347 5846 1
1388 5808 1541 5866 sqq.;
1574 5793 1742 5852 Exod.
1784 5814 1953 5868 xxxii,
1985 5803 2036 5856 6.

2003 4460 2054 4519 θ
2079 4484 2251 4553 legem
2330 4484 2446 4552 ipse
2511 4485 2699 4538 tulerit
2725 4501 2740 4550 ;

2085 3195 2170 3250 lus
2196 3196 2464 3262 nominat,
2489 3203 2544 3250 et
2569 3196 2673 3251 sub
2696 3196 2840 3251 nube
2864 3194 3059 3261 fuisse,
3089 3212 3154 3250 ac
3189 3211 3338 3250 mare
3368 3196 3653 3251 transiisse

2084 3289 2374 3357 praadicat;
2419 3289 2466 3344 si
2511 3289 2813 3360 spiritalem
2850 3304 3033 3344 escam
3084 3297 3140 3344 et
3191 3299 3377 3359 potum
3417 3304 3646 3344 comme-

2083 3389 2268 3435 morat
2299 3399 2312 3434 :
2349 3383 2588 3450 itemque
2619 3381 2983 3437 manducasse
3008 3396 3072 3435 ac
3100 3382 3306 3437 bibisse
3329 3381 3395 3436 de
3418 3383 3652 3452 spiritali

2081 3481 2450 3540 consequente
2496 3471 2620 3527 illos
2660 3483 2834 3541 petra,
2871 3487 3102 3542 eamque
3129 3479 3338 3542 petram
3367 3472 3652 3528 Christum

2080 3579 2202 3619 esse
2227 3565 2448 3630 scribit;
2475 3564 2599 3634 quis
2623 3563 2912 3619 Marcionis
2935 3565 3161 3619 insania:
3180 3563 3336 3619 ﬁdem
3363 3565 3648 3621 adhibeat:

2081 3657 2173 3725 qui
2225 3672 2380 3711 suam
2434 3671 2498 3710 ac
2547 3663 2881 3711 sectatorum
2937 3671 3165 3710 suorum
3214 3664 3448 3711 mentem
3483 3657 3651 3712 tantis

2077 3746 2322 3800 tenebris
2373 3745 2639 3814 implicat,
2692 3756 2750 3800 ut
2785 3745 3066 3799 Christum
3101 3745 3169 3800 ab
3197 3746 3266 3800 iis
3318 3747 3412 3816 qui
3449 3746 3504 3800 in
3535 3748 3649 3818 lege

2076 3840 2281 3894 versati
2329 3846 2458 3893 sunt
2509 3840 2821 3894 abalienare
2856 3839 3150 3894 contendat
3184 3857 3198 3894 :
3236 3856 3376 3910 quos
3399 3889 3404 3894 .
3427 3839 3648 3910 quidem

2074 3933 2369 4002 Apostolus
2417 3947 2626 4000 revera,
2671 3949 2781 3987 non
2831 3933 2954 3987 ﬁcta
2997 3933 3234 4003 quadam
3275 3933 3646 4003 speeie,com-

2075 4024 2388 4080 mendavit?
2421 4024 2575 4090 Quod
2626 4032 2809 4080 autem
2856 4026 2911 4078 in
2952 4025 3216 4094 plerisque
3258 4025 3450 4080 scribit
3503 4025 3646 4080 idem

2075 4133 2179 4168 non
2212 4115 2375 4184 fuisse
2404 4116 2659 4185 placitum
2682 4115 2916 4178 Christo,
2951 4116 3111 4185 plane
3144 4116 3310 4186 358
3334 4117 3400 4170 ad
3429 4116 3644 4172 illorum

2074 4207 2284 4260 scelera
2318 4207 2590 4276 pertinere
2623 4207 2925 4275 putandum
2955 4215 3062 4262 est.
3086 4206 3206 4262 Jam
3239 4223 3366 4262 vero
3395 4210 3440 4262 si
3494 4209 3547 4262 in
3577 4209 3644 4263 iis

2073 4299 2166 4367 qui
2196 4298 2250 4351 in
2296 4300 2410 4368 lege
2445 4299 2711 4354 scelerate
2750 4316 2809 4354 se
2842 4309 3132 4369 gesserunt
3191 4317 3532 4372 nequaquam
3565 4303 3640 4356 illi

2073 4391 2332 4459 placitum
2364 4399 2468 4457 est,
2506 4391 2629 4445 ideo
2655 4391 2762 4446 illis
2787 4392 3166 4446 succensuerit
3210 4401 3446 4462 oportet,
3498 4397 3640 4463 quod

2795 4499 2959 4553 quam
3023 4484 3251 4538 omnino
3317 4501 3469 4541 suam
3522 4503 3640 4541 esse

2077 4574 2386 4636 conﬁrmat,
2451 4589 2572 4643 qua
2617 4589 2716 4644 pro
2764 4575 3029 4644 temporis
3065 4577 3471 4645 opportunitate
3512 4593 3629 4630 con-

2067 4681 2248 4730 cessa,
2295 4665 2481 4718 tandiu
2529 4665 2867 4720 iunctionem
2897 4681 3052 4720 suam
3089 4675 3174 4720 est
3209 4666 3638 4721 administratio-

2071 4771 2309 4826 nemque
2342 4757 2561 4820 sortita,
2593 4755 2768 4811 donec
2797 4757 2887 4811 ille
2919 4772 3086 4811 carne
3110 4759 3370 4827 praeditus
3401 4759 3640 4812 advenit.

2077 4850 2213 4903 Nam
2287 4857 2344 4904 et
2389 4850 2783 4920 paterfamilias
2845 4850 3020 4905 servis
3081 4850 3200 4904 suis
3275 4859 3638 4904 consentanea

2070 4947 2270 5014 cuique
2300 4945 2532 5016 tempori
2571 4945 2735 5000 debet
2777 4945 3033 4999 mandata
3077 4945 3456 5015 praescribere.
3499 4945 3630 4999 Sub:

2070 5035 2197 5090 inde
2219 5051 2350 5090 vero
2378 5037 2479 5092 ista
2511 5037 2818 5092 subtexuit:
2843 5035 2967 5090 Haec
3000 5045 3175 5089 autem
3198 5037 3252 5088 in
3278 5037 3449 5104 ﬁgura
3473 5047 3635 5088 nosti"

2069 5131 2448 5198 contigerunt,
2504 5145 2567 5182 ne
2632 5129 2799 5182 simus
2869 5129 3290 5196 concupiscentes
3341 5127 3633 5191 malorum,

2070 5222 2202 5275 sicut
2236 5222 2317 5275 illi
2346 5221 2757 5290 concupierunt;
2791 5237 2952 5292 neque
2984 5221 3247 5274 idolorum
3273 5219 3499 5273 cultores
3533 5220 3621 5288 eﬂi-

2070 5314 2309 5377 ciamini,
2363 5315 2499 5367 sicut
2541 5313 2760 5382 quidam
2797 5328 2862 5367 ex
2898 5314 3047 5381 ipsis.
3082 5310 3140 5365 In
3171 5327 3414 5381 quonon
3446 5327 3630 5366 omnes

2072 5404 2342 5459 sententia
2370 5420 2468 5459 sua
2499 5404 2900 5458 condemnavit.
2928 5403 3035 5459 Sed
3060 5404 3352 5466 undenam,
3385 5403 3614 5457 obsecro

2069 5496 2206 5559 haec,
2260 5495 2537 5566 Apostole,
2595 5494 2777 5549 nosti?
2819 5493 2966 5549 Sicut
2996 5497 3246 5563 scriptum
3286 5504 3384 5559 est,
3419 5494 3628 5563 inquit-

2070 5589 2219 5644 Sedit
2247 5589 2471 5659 populus
2503 5587 2822 5644 manducare
2858 5599 2908 5643 et
2951 5588 3143 5658 bibere,
3194 5597 3242 5642 et
3289 5604 3627 5644 surrexerun'

2071 5686 2269 5739 ludere.
