4186 6374
494 370 597 426 787

491 582 593 637 dos
650 582 928 653 improbos
984 582 1187 637 Paulus
1239 592 1557 653 argumenta
1609 583 1833 653 colligit.
1883 582 2085 637 Deinde

491 690 687 730 rursus
716 694 728 728 :
763 672 945 744 Neque
975 682 1236 727 tentemus
1260 674 1568 728 Dominum.
1602 674 1807 730 Marcio
1838 691 1965 729 vero
1987 689 2085 743 pro

491 766 722 820 Domino
768 766 1049 821 Christum
1101 766 1408 821 substituit.
1472 767 1577 821 Sed
1627 766 1768 820 idem
1808 776 1891 822 est
1924 768 2085 836 plane

491 856 748 910 Christus
795 872 858 909 ac
909 856 1194 919 Dominus,
1246 858 1350 912 etsi
1412 856 1674 912 Marcioni
1716 859 1874 911 aliter
1905 858 2082 911 visum

491 950 583 1011 sit,
611 964 735 1002 cum
763 948 965 1003 Christi
995 950 1287 1018 appellatio
1315 951 1561 1019 subjecta
1590 950 1661 1004 sit
1690 951 1742 1003 in
1772 952 1838 1004 iis
1868 950 2079 1003 verbis:

493 1038 658 1093 Petra
712 1049 888 1091 autem
936 1050 1051 1092 erat
1102 1040 1377 1105 Christus;
1448 1050 1526 1102 et,
1575 1059 1679 1095 non
1726 1042 1781 1094 in
1824 1041 2086 1109 plerisque

493 1124 710 1178 illorum
760 1125 1141 1194 beneplacitum
1186 1138 1265 1181 est
1301 1129 1429 1182 Deo.
1466 1128 1595 1193 Ριςι
1636 1131 1751 1184 haec
1784 1131 2084 1199 Apostolus

493 1219 587 1273 ubi
633 1228 807 1300 totum
861 1222 993 1274 illud
1051 1231 1429 1290 argumentum
1479 1224 1769 1293 percurrit,
1824 1223 2079 1291 subjicit:

495 1309 628 1365 Ilwc
686 1322 862 1365 autem
916 1314 973 1366 in
1021 1314 1197 1382 ﬁgura
1256 1315 1630 1385 contingebant
1681 1316 1830 1376 illis;
1886 1317 2085 1385 scripta

495 1414 623 1459 sunt
666 1416 844 1458 autem
894 1404 963 1458 ad
1005 1406 1389 1472 correptionem
1423 1416 1684 1461 nostram.
1747 1408 1882 1461 Cum
1922 1408 2087 1477 igitur

494 1511 617 1566 qua:
646 1497 757 1551 illis
791 1496 846 1549 in
908 1495 1081 1566 ﬁgura
1126 1498 1518 1567 contingebant
1567 1499 1633 1552 ad
1686 1500 2086 1569 correptionem

492 1597 741 1643 nostram
793 1590 999 1659 scripta
1039 1590 1169 1653 sint,
1208 1592 1300 1661 qui
1329 1608 1390 1646 ea
1421 1607 1544 1661 quas
1615 1601 1728 1645 tum
1771 1592 2087 1647 acciderunt

493 1680 564 1735 ad
615 1683 1016 1752 correptioncm
1070 1692 1317 1758 nostram
1372 1684 1735 1753 prescripsit,
1799 1684 1906 1738 illis
1942 1684 2085 1738 haud

494 1772 661 1828 dubie
693 1774 986 1829 consulere
1027 1774 1262 1839 studuit,
1301 1792 1440 1846 quos
1474 1777 1753 1847 corrigere
1797 1788 1958 1846 atque
1993 1777 2087 1830 ad-

1896 369 1952 424 S.
2001 367 2345 423 EPIPIIANH

567 489 705 545 \‘era
732 496 816 545 est
848 488 1031 560 itaque
1064 488 1371 559 Scriptura,
1410 489 1478 544 de
1509 506 1615 560 qua
1645 489 1711 542 ad
1742 490 2074 543 convincen-
2108 495 2155 548 Α

3663 362 3792 418 788

2257 490 2397 558 Ἀρα
2426 486 2555 555 γοῦν
2586 484 2791 555 ἀληθὴς
2816 486 2848 556 ἡ
2876 483 3092 556 Γραφὴ,
3128 480 3186 546 ἐξ
3219 473 3286 551 ἦς
3312 479 3404 533 καὶ
3431 479 3522 532 τὸν
3551 478 3791 548 ἔλεγχον

2188 586 2327 635 κατὰ
2358 581 2465 633 τῶν
2499 581 2715 650 ἀνόμων
2743 582 2771 632 6
2810 576 3131 639 Ἀπόστολος
3170 573 3459 645 λαμϐάνει.
3502 567 3631 624 Εἶτα
3665 571 3790 623 πά-

2186 678 2271 730 λιν
2290 696 2302 706 θ
2342 674 2511 743 Μηδὲ
2542 670 2901 741 πειράζωμεν
2919 671 3026 723 τὸν
3053 670 3293 736 Κύριον.
3339 668 3397 720 Ὁ
3425 668 3480 720 δὲ
3505 666 3789 733 Μαρκίων

2186 770 2307 824 ἀντὶ
2342 768 2457 833 τοῦ,
2495 768 2737 833 Κύριον,
2772 763 3005 834 Χριστὸν
3037 762 3283 831 ἐποίησε.
3329 760 3561 831 Χριστὸν
3592 760 3648 812 δὲ
3679 760 3788 812 καὶ

2186 862 2391 931 Κύριον
2433 859 2629 914 ταυτὸν
2661 858 2951 927 ὑπάρχειν,
2996 855 3101 909 κᾶν
3139 854 3211 925 μὴ
3261 853 3444 922 δοκοίη
3491 851 3568 919 τῷ
3611 852 3783 921 Map-

2188 954 2365 1015 κίωνι,
2398 949 2951 1023 προῦποτεταγμένης
2987 948 3086 1017 τῆς
3134 946 3226 999 τοῦ
3273 944 3511 1017 Χριστοῦ
3565 944 3788 996 ἐπωνυ-

2191 1046 2341 1116 μίας,
2375 1048 2431 1097 ὲν
2464 1043 2542 1113 τῷ
2576 1045 2751 1095 εἰπεῖν
2773 1058 2785 1072 ·
2841 1042 2901 1095 Ἠ
2928 1040 3113 1107 πέτρα
3140 1034 3219 1109 ἦν
3259 1041 3292 1091 ό
3337 1039 3617 1105 Χριστός·
3654 1037 3782 1099 καὶ,

2182 1141 2301 1192 Οὐκ
2346 1138 2414 1189 ἐν
2459 1135 2584 1201 τοῖς
2631 1136 2915 1189 πλείοσιν
2946 1130 3146 1186 αὐτῶν
3181 1130 3510 1197 ηὑδόκησε.
3552 1128 3784 1195 Διεξιὼν

2186 1230 2242 1283 δὲ
2272 1230 2435 1282 πάλιν
2477 1228 2505 1279 6
2556 1229 2711 1296 ἆγιος
2754 1226 3075 1288 ’Λπόστολος
3108 1226 3287 1278 πᾶσαν
3333 1226 3432 1295 τὴν
3474 1224 3566 1277 τοῦ
3605 1242 3784 1292 κεφα-

2187 1323 2340 1376 λαίου
2374 1322 2651 1382 ὑπόθεσιν,
2685 1320 2847 1390 φησί·
2897 1319 3087 1372 Ταῦτα
3114 1315 3183 1368 δὲ
3211 1315 3474 1381 τυπικῶς
3501 1316 3784 1370 συνέϐαι-

2187 1434 2295 1471 νεν
2322 1417 2578 1481 ἐκείνοις
2600 1431 2613 1444 ·
2654 1412 2881 1483 ἐγράφη
2916 1410 2983 1462 δὲ
3012 1409 3157 1479 ἡμῖν
3191 1412 3278 1474 εἱς
3318 1411 3662 1463 νουθεσίαν.
3713 1410 3784 1463 Et

2186 1511 2365 1563 τοίνυν
2423 1508 2493 1561 τὰ
2540 1506 2785 1569 τυπικῶς
2838 1505 3076 1565 ἐκείνοις
3112 1502 3497 1573 συμϐεϐηκότα
3562 1504 3783 1575 ἐγράφη

2187 1606 2319 1674 ἡμῖν
2365 1604 2445 1665 είς
2483 1599 2783 1664 νουθεσίαν,
2816 1602 2843 1653 6
2877 1598 3097 1669 γράψας
3134 1598 3203 1650 τὰ
3239 1596 3499 1665 γεγονότα
3527 1596 3648 1648 τότε
3698 1598 3786 1659 είς

2188 1695 2471 1748 νουθεσίαν
2522 1693 2677 1765 ἡμῶν
2719 1693 3041 1763 ἐπεμελεῖτο
3076 1686 3150 1746 ὧν
3202 1693 3296 1745 καὶ
3347 1690 3447 1761 τὴν
3494 1689 3783 1743 νουθεσίαν

2189 1789 2447 1851 ἐποιεῖτο,
2486 1787 2547 1839 τὸ
2596 1787 2670 1857 μὴ
2706 1784 2952 1854 γίνεσθαι
2989 1787 3138 1855 ἡμᾶς
3184 1782 3529 1854 ἐπιθυμητὰς
3571 1781 3780 1835 κακῶν.

494 1879 723 1920 monere
786 1867 1082 1936 cupiebat,
1151 1885 1221 1923 ne
1284 1870 1553 1923 malorum
1630 1871 2086 1940 concupiscentes

2202 1880 2259 1933 Ὀ
2290 1880 2347 1933 δὲ
2380 1879 2454 1951 μὴ
2478 1879 2649 1932 θέλων
2679 1878 2866 1931 κακῶν
2891 1876 3235 1949 ἐπιθυμητὰς
3271 1879 3421 1948 ἡμᾶς
3484 1871 3641 1937 εἶναι,
3669 1876 3786 1946 ἄρα

494 1973 767 2014 essemus.
826 1957 1196 2026 Quamobrem
1248 1962 1428 2017 bonus
1484 1962 1665 2026 idem,
1734 1977 1841 2015 non
1911 1963 2086 2015 malus

495 2045 664 2102 fuerit
688 2057 922 2119 oportet.
963 2049 1178 2115 Quibus
1208 2053 1354 2105 enim
1388 2051 1619 2107 allectus
1656 2059 1761 2115 est,
1800 2052 1997 2107 iisdem
2031 2059 2090 2105 ut

494 2141 711 2211 praediti
751 2158 875 2199 esse
902 2143 1134 2198 velimus
1170 2144 1441 2209 hortatur,
1476 2145 1654 2199 bonus
1701 2146 1790 2199 ille
1830 2145 2086 2199 nimirum

497 2230 667 2296 Deus,
711 2248 775 2289 ac
796 2234 1022 2304 justus;
1071 2251 1136 2290 ac
1166 2243 1276 2290 tam
1315 2251 1506 2291 eorum
1534 2252 1672 2307 quos
1702 2247 1827 2291 ante
1854 2238 2091 2306 scripse—

498 2332 587 2379 rat
638 2324 800 2393 Deus,
852 2344 1014 2398 quam
1065 2330 1453 2397 posteriorum,
1527 2330 1622 2399 qui
1669 2331 1904 2399 correpti
1939 2337 2087 2393 sunt,

498 2421 787 2480 conditor:
827 2422 1135 2477 communis
1196 2421 1437 2492 denique
1485 2433 1679 2477 auctor
1730 2424 1976 2477 omnium
2027 2441 2091 2479 ac

498 2516 812 2587 legislalor;
844 2516 937 2585 qui
967 2523 1021 2570 et
1056 2514 1347 2584 Evangelia
1385 2516 1615 2585 largitus
1644 2523 1748 2579 est,
1785 2523 1839 2570 et
1865 2526 2089 2585 aposto-

498 2610 681 2664 lorum
715 2609 824 2663 dux
858 2623 923 2662 ac
957 2607 1273 2662 moderator
1296 2608 1531 2661 exstitit.

575 2720 765 2777 Schol.
809 2720 878 2774 i0
907 2728 961 2775 et
987 2720 1073 2773 18.
1109 2718 1264 2784 Quod
1318 2734 1439 2788 ergo
1482 2718 1644 2774 dico.’
1680 2718 1834 2786 Quod
1865 2720 1917 2772 in
1962 2730 2091 2773 tem-

500 2816 591 2886 plo
617 2814 949 2867 immolatum
981 2810 1183 2880 aliquid
1223 2812 1315 2874 sit,
1352 2820 1443 2863 aut
1488 2811 1841 2881 idolothylum
1888 2812 2093 2878 aliquid

504 2909 617 2963 sit?
647 2905 748 2960 Sed
770 2922 885 2977 qua:
911 2905 1190 2958 immolant
1213 2902 1511 2967 dwmoniis,
1546 2912 1595 2957 et
1629 2922 1731 2957 non
1768 2904 1875 2957 Deo
1913 2906 1953 2956 ‘.
1990 2903 2090 2957 Ubi

503 2999 713 3055 Marcio
732 3000 786 3053 in
816 3000 986 3053 sacris
1026 2997 1361 3051 immolatum
1398 2996 1619 3065 adjecit.

578 3090 761 3145 Refut.
795 3091 863 3145 10
886 3098 939 3144 et
970 3090 1058 3145 l8.
1091 3090 1235 3157 Quid
1262 3106 1386 3160 ergo
1417 3090 1578 3144 dico?
1602 3086 1772 3142 Idalis
1804 3088 1969 3159 359
1994 3090 2094 3142 im-

2190 1972 2393 2040 ἀγαθὸς
2422 1972 2678 2042 ὑπάρχει,
2715 1972 2809 2024 καὶ
2835 1972 2894 2023 οὐ
2926 1970 3115 2033 κακός.
3167 1970 3255 2023 Ἐν
3281 1964 3361 2033 οἷς
3388 1968 3496 2039 γὰρ
3519 1967 3782 2037 ὑπάρχει,

2192 2066 2250 2115 ὲν
2278 2062 2489 2125 τούτοις
2524 2062 2895 2134 προτρέπεται
2935 2064 3088 2133 ἡμᾶς
3122 2057 3283 2128 εἶναι,
3316 2064 3345 2115 6
3380 2061 3543 2124 αὐτὸς
3576 2060 3785 2128 ἀγαθὸς

2191 2154 2323 2219 Θεὸς
2349 2154 2425 2207 ὣν
2455 2154 2547 2207 καὶ
2588 2154 2815 2218 δίκαιος,
2849 2157 2878 2207 6
2907 2154 3017 2207 τῶν
3045 2154 3473 2225 προγραφέντων
3496 2153 3647 2217 Θεὸς,
3685 2152 3785 2207 καὶ

2192 2247 2301 2300 τῶν
2363 2247 2656 2316 μετέπειτα
2710 2246 3148 2317 νουθετουμένων
3218 2245 3445 2315 κτίστης
3504 2243 3615 2307 ῶν,
3671 2243 3784 2298 τῶν

2194 2339 2412 2391 πάντων
2446 2338 2541 2391 καὶ
2588 2337 2919 2407 δημιουργὸς
2953 2336 3048 2389 καὶ
3091 2335 3417 2406 νομοθέτης,
3464 2337 3559 2389 καὶ
3603 2336 3786 2406 δωρη-

2192 2429 2344 2491 τικὸς
2392 2428 2500 2481 τῶν
2554 2428 2922 2496 Εὑαγγελίων,
2980 2430 3074 2481 καὶ
3132 2427 3433 2498 καθοδηγὸς
3481 2426 3591 2479 τῶν
3641 2427 3784 2481 ἁπο-

2196 2522 2421 2576 στόλων.

2270 2734 2297 2777 ι’
2330 2726 2423 2779 καὶ
2462 2734 2528 2795 ιη’
2560 2726 2705 2795 σχόλ.
2746 2727 2805 2779 Τί
2827 2720 2940 2779 οὖν
2990 2741 3173 2793 gnua;
3204 2726 3334 2777 ’Ὅτι
3389 2724 3694 2791 ἱερόθυτόν
3727 2723 3789 2775 τι

2194 2820 2394 2882 ἐστιν,
2457 2816 2495 2883 ἢ
2560 2817 2957 2869 εἰδωλόθυτόν
3008 2818 3066 2869 τί
3120 2818 3326 2879 sectr;
3382 2816 3541 2868 Ἀλλ’
3604 2814 3695 2867 ὅτι
3748 2815 3789 2868 d

2195 2911 2409 2961 θύουσι
2452 2906 2803 2976 δαιμονίοις,
2858 2907 2955 2959 καὶ
3004 2908 3074 2960 οὺ
3125 2903 3265 2969 Θεῷ.
3304 2904 3604 2957 Ποοσέθετο
3650 2903 3709 2956 δὲ
3759 2905 3789 2957 6

2196 2997 2461 3065 Μαρκίων
2492 2998 2571 3059 τὸ,
2601 2998 2928 3063 ἱερόθυτον.

2268 3109 2283 3143 ι
2345 3091 2436 3143 καὶ
2490 3096 2555 3161 ιη’
2606 3090 2785 3160 ἕλεγχ.
2824 3090 2883 3143 Τί
2912 3086 3024 3145 οὖν
3061 3107 3253 3159 pinu;
3289 3088 3700 3143 Εὶδωλόθυτόν
3732 3087 3793 3140 τί

505 3184 768 3237 molatum
804 3180 1008 3252 aliquid
1040 3185 1162 3238 est?
1209 3181 1314 3237 Sed
1348 3198 1465 3252 qua:
1498 3181 1776 3234 immolant
1814 3182 2092 3235 dmmoniis

2202 3186 2402 3247 ἑστινξ
2467 3186 2628 3239 Ἀλλ’
2680 3184 2770 3238 ὅτι
2826 3184 2864 3238 ἂ
2912 3186 3125 3239 θύουσι
3169 3185 3516 3252 δαιμονίοις,
3570 3184 3667 3236 καὶ
3716 3183 3793 3236 οὐ

505 3283 693 3329 etnon
742 3274 873 3328 Deo.
918 3273 1036 3328 Non
1071 3275 1253 3344 prisca
1296 3275 1386 3329 illa
1433 3286 1648 3344 patrum
1683 3281 1924 3343 tempora
1960 3290 2096 3328 con-

508 3364 788 3419 demnavit
824 3365 1141 3435 Apostolus,
1192 3381 1315 3435 qua:
1361 3366 1428 3418 ad
1470 3374 1682 3419 atatem
1717 3381 1888 3435 usque
1920 3381 2094 3428 suam,

510 3462 756 3529 adeoque
818 3458 1060 3527 quandiu
1110 3466 1311 3513 stetere
1353 3457 1751 3529 Hierosolyma,
1789 3458 2092 3523 ﬁnxerunt,

511 3564 638 3603 cum
692 3564 786 3604 eos
842 3549 1001 3615 dixit,
1052 3549 1147 3619 qui
1209 3550 1370 3604 idolis
1420 3550 1765 3604 immolarent
1815 3550 2099 3604 damoniis

513 3641 822 3703 immolare,
879 3656 990 3695 non
1043 3640 1173 3694 Deo.
1228 3638 1346 3694 Non
1382 3642 1528 3705 illos,
1556 3641 1800 3710 inquam,
1840 3642 2101 3696 damnare

512 3735 709 3799 voluit,
738 3735 831 3805 qui
866 3733 975 3788 Deo
1022 3734 1425 3798 sacriﬁcarent,
1474 3750 1584 3803 quo
1615 3742 1862 3804 tempore
1894 3735 2101 3788 sacriﬁ-

514 3828 631 3882 cari
662 3826 929 3897 oportuit.
977 3825 1083 3880 Sed
1114 3841 1211 3880 eos
1247 3825 1515 3879 duntaxat
1548 3834 1793 3888 accusat,
1828 3826 1919 3896 qui
1942 3826 2100 3880 idolis

515 3923 820 3983 immolant,
858 3936 966 3974 non
1001 3922 1070 3975 ob
1108 3921 1211 3975 hoc
1246 3920 1449 3991 ipsum,
1480 3920 1625 3989 quod
1656 3920 1963 3985 immolant,
2003 3920 2100 3975 sed

517 4016 663 4085 quod
711 4015 873 4070 idolis
916 4013 1062 4069 istud
1112 4014 1291 4083 ipsum
1344 4029 1445 4083 pro
1494 4013 1602 4067 Deo
1652 4021 1930 4082 prmstant.
1984 4011 2101 4066 Non

516 4108 665 4163 enim
721 4108 844 4162 ideo
898 4106 1236 4170 sacriﬁcant,
1295 4115 1354 4161 ut
1405 4106 1663 4161 alimenta
1723 4105 1985 4159 divinitus
2035 4106 2102 4159 ad

520 4218 680 4256 usum
709 4216 971 4257 concessa
998 4202 1102 4257 sibi
1136 4208 1477 4269 comparent,
1511 4199 1608 4254 sed
1642 4199 2006 4263 daemonibus,
2039 4214 2103 4253 ac

520 4296 831 4352 vanissimis
861 4296 1177 4350 numinibus
1207 4309 1362 4350 sacra
1395 4294 1625 4348 faciunt.
1658 4291 1741 4347 Tu
1774 4308 1931 4357 vero,
1967 4291 2107 4345 Mar-

519 4388 628 4452 cio,
657 4402 847 4442 vocem
896 4387 1067 4449 illam,
1111 4387 1167 4439 in
1212 4385 1402 4449 templo
1435 4384 1792 4447 immolatum,
1830 4383 2101 4453 adjecisti,

520 4496 586 4533 ex
610 4494 675 4533 eo
700 4486 873 4540 ratus,
928 4477 1075 4548 quod
1127 4479 1237 4532 duo
1283 4477 1397 4531 haec
1428 4477 1713 4541 vocabula,
1743 4477 2007 4545 templum
2037 4483 2091 4530 et

2204 3275 2343 3341 Θεῷ.
2396 3277 2508 3330 Οὑκ
2551 3277 2900 3347 ἀπηγόρευσε
2955 3278 3045 3329 τὸν
3101 3277 3332 3330 παλαιὸν
3375 3278 3480 3330 τῶν
3536 3276 3793 3347 πατέρων

2203 3370 2391 3439 χρόνον
2421 3371 2448 3421 6
2486 3368 2804 3432 Ἀπόστολος
2838 3368 2941 3431 ἕως
2980 3369 3166 3433 αὑτοῦ,
3202 3371 3295 3423 καὶ
3341 3370 3445 3432 ἕως
3490 3369 3794 3438 ἀνέστηκεν

2215 3462 2601 3535 Ἰερουσαλὴμ,
2654 3462 2763 3516 ἀπὸ
2808 3460 2903 3514 τοῦ
2953 3462 3127 3516 εἰπεῖν
3175 3464 3303 3526 τοὺς
3346 3464 3425 3525 εἰς
3473 3461 3541 3513 τά
3596 3460 3796 3513 εἴδωλα.

2203 3555 2430 3618 θύοντας
2484 3554 2781 3624 δαιμονίοις
2835 3553 3005 3618 θύειν,
3064 3554 3155 3605 καὶ
3204 3554 3264 3606 οὑ
3322 3552 3461 3623 Θεῷ.
3515 3551 3629 3604 υύκ
3685 3549 3797 3619 ἄρα

2204 3640 2490 3715 κατέκρινε
2518 3644 2594 3714 τῷ
2623 3644 2740 3715 Θεῷ
2784 3644 3083 3710 θυσάντων,
3130 3646 3218 3697 ὅτε
3254 3643 3414 3714 χρεία
3457 3641 3655 3695 θυσιῶν
3700 3637 3792 3712 ἧν.

2203 3737 2539 3807 Κατακρίνει
2569 3736 2625 3789 δὲ
2668 3738 2795 3799 τοὺς
2843 3736 3070 3799 θύοντας
3114 3735 3372 3798 εἰδώλοις,
3408 3735 3469 3787 οῦ
3507 3734 3595 3787 διὰ
3623 3732 3794 3797 θύειν,

2205 3830 2341 3883 ἀλλὰ
2390 3829 2477 3882 διὰ
2510 3830 2571 3881 τὸ
2615 3830 2735 3882 ἁντί
2777 3828 2897 3899 Θεῷ
2928 3831 2947 3859 ³
3004 3828 3245 3891 εἰδώλοις
3283 3827 3451 3881 θύειν.
3496 3827 3631 3881 Οῦτε
3685 3826 3797 3899 γὰρ

2207 3922 2444 3983 θύουσιν,
2486 3922 2574 3974 ἵνα
2607 3921 2812 3993 τροφὴν
2847 3923 3062 3985 ἑαυτοῖς
3108 3925 3172 3975 ὲκ
3218 3921 3353 3974 Θεοῦ
3389 3921 3799 3992 κεχαρισμένην

2206 4018 2285 4079 εἰς
2317 4013 2618 4085 μετάληψιν
2648 4015 3008 4086 ἐργάσωνται,
3042 4014 3177 4067 ἀλλά
3205 4014 3425 4085 δαίμοσι
3456 4014 3672 4078 θύοντες
3702 4013 3800 4066 καὶ

2211 4106 2675 4177 ματαιοφροσύνῃ.
2713 4107 2785 4158 Σὺ
2819 4107 2896 4170 δὲ,
2938 4101 2983 4160 ὦ
3024 4107 3315 4178 Μαρκίων,
3361 4107 3709 4179 προσέθηκας
3735 4106 3801 4158 τὸ

2209 4200 2535 4267 ἱερόθυτον,
2584 4199 2813 4269 νομίσας
2850 4200 2957 4253 ἀπὸ
3004 4200 3097 4253 τοῦ
3148 4198 3411 4270 μεμίχθαι
3440 4198 3510 4251 τά
3544 4198 3636 4251 δύο
3682 4198 3803 4251 ὀνόο

2213 4310 2379 4363 ματα,
2434 4290 2581 4361 ἱεροῦ
2612 4308 2670 4343 τε
2724 4293 2819 4343 καὶ
2853 4290 3098 4354 εἰδώλου,
3151 4289 3517 4343 συνάπτεσθαι
3564 4289 3675 4343 τῶν
3707 4289 3803 4342 δύο

2210 4385 2427 4456 τρόπων
2474 4384 2573 4455 τὴν
2615 4384 2817 4455 σχέσιν.
2864 4385 2976 4438 Kal.
3031 4384 3129 4437 οὑκ
3182 4383 3297 4437 ἔστι
3341 4382 3521 4437 τοῦτο.
3589 4384 3650 4435 Εἰ
3701 4382 3802 4452 μὲν

2212 4472 2342 4541 γὰρ,
2385 4472 2525 4543 μετά
2562 4474 2623 4526 τὸ
2659 4474 2832 4526 ἐλθεῖν
2870 4473 2968 4545 τὴν
3016 4473 3223 4545 Καινὴν
3261 4473 3558 4544 Διαθήκην,
3612 4472 3801 4526 ἐθύετο

523 4573 692 4636 idola,
741 4571 999 4642 permista
1056 4572 1290 4626 invicem
1323 4569 1524 4635 forent,
1557 4569 1845 4622 ambarum
1887 4584 2096 4637 quoqut

2211 4565 2290 4635 τῷ
2341 4566 2562 4638 Χριστῷ
2610 4570 2729 4620 κατ’
2784 4567 2941 4633 ἰδίαν,
3000 4568 3093 4620 καὶ
3126 4569 3205 4631 είς
3258 4567 3429 4637 ὄνομα
3480 4566 3645 4620 αὑτοῦ
3685 4566 3802 4631 ζῶα

523 4667 801 4725 rationum
849 4664 1199 4719 habitudines
1251 4679 1415 4734 posse
1463 4662 1755 4717 confundi.
1808 4660 1915 4715 Sed
1947 4662 2106 4731 longe

524 4758 783 4828 opinione
812 4766 905 4811 tua
936 4757 1163 4811 falleris.
1200 4756 1413 4810 Etenim
1472 4756 1518 4810 si
1563 4763 1856 4824 postquam
1897 4752 2106 4805 Novum

525 4850 937 4905 Testamentum
989 4848 1197 4901 illatum
1242 4856 1347 4909 est,
1398 4848 1653 4917 privatim
1682 4846 1902 4901 Christo
1931 4846 2110 4901 adhuc

526 4942 923 5001 immolaretur,
957 4946 1012 4993 et
1053 4939 1105 4992 in
1134 4939 1255 5008 ejus
1291 4939 1510 4993 nomine
1543 4938 1870 4993 oll‘errentur
1900 4938 2111 4991 anima-

527 5033 622 5096 lia,
669 5030 1025 5101 probabiliter
1072 5030 1169 5085 abs
1210 5040 1261 5084 te
1313 5030 1747 5084 mendacissimaa
1779 5029 1883 5083 illa:
1905 5028 2113 5082 calum-

528 5126 634 5179 niae
664 5131 891 5193 reperta:
920 5123 1259 5187 viderentur,
1294 5130 1353 5176 ut
1386 5135 1440 5177 et
1470 5124 1562 5192 qui
1594 5123 1695 5177 hoc
1724 5134 1967 5192 tempore
2000 5120 2111 5176 Deo

531 5216 927 5280 sacriﬁcarent,
968 5223 1022 5269 et
1059 5215 1161 5269 hoc
1191 5215 1320 5269 olim
1362 5214 1858 5285 ilierosolymitano
1887 5215 1939 5269 in
1970 5223 2109 5269 tem-

531 5310 624 5381 plo
657 5308 916 5364 fecissent
943 5317 996 5363 et
1028 5308 1188 5362 idolis
1221 5308 1591 5371 immolarent,
1625 5309 1679 5361 in
1712 5324 1878 5361 unum
1913 5309 2112 5363 misce-

530 5406 726 5454 rentur
754 5416 967 5461 omnes,
998 5414 1061 5453 ac
1094 5400 1399 5463 daemoniis,
1450 5416 1558 5453 non
1602 5399 1711 5455 Deo
1747 5415 1900 5455 sacra
1936 5399 2114 5455 facere

533 5490 879 5545 dicerentur-
922 5488 1027 5545 Sed
1075 5506 1199 5545 cum
1247 5492 1503 5545 animalia
1552 5508 1712 5546 nemo
1743 5492 1961 5546 Christo
1992 5499 2119 5561 post-

534 5580 657 5649 ejus
696 5582 987 5637 adventum
1025 5596 1089 5637 ac
1141 5581 1349 5637 Novum
1386 5581 1799 5637 Testamentum
1830 5581 2113 5637 conditum

637 5758 699 5830 ξι
744 5760 869 5818 Cor.
924 5780 977 5830 x,
1020 5763 1109 5818 lt).

554 5828 785 5899 κρίνετο.

1222 5763 1241 5793 ²
1289 5761 1350 5818 F.
1405 5762 1496 5814 τοῦ
1545 5762 1700 5816 Θεοῦ.

1809 5764 1828 5795 ³
1867 5761 2013 5831 Vara"
2041 5760 2234 5824 addil.,
2275 5761 2493 5833 Χριστῷ
2522 5760 2777 5816 θυόντων.
2859 5758 2938 5812 "F
2995 5758 3291 5828 δαιμονίοις
3320 5756 3575 5811 θυόντων.

2216 4658 2510 4729 ἀνεφέρετο
2536 4676 2547 4687 ·
2593 4658 2819 4712 πιθανὸν
2862 4659 2925 4712 ἄν
2967 4676 3049 4712 σοι
3095 4659 3380 4729 εὑρίσκετο
3409 4659 3470 4712 τὸ
3506 4660 3606 4730 τῆς
3642 4677 3805 4713 συκο-

2218 4752 2448 4822 φαντίας
2483 4752 2708 4821 ψεῦδος·
2743 4753 2819 4813 ὡς
2848 4751 2956 4805 τῶν
2990 4752 3085 4805 νῦν
3120 4753 3240 4823 Θεῷ
3266 4752 3501 4805 θυόντων
3539 4753 3581 4815 ³,
3612 4752 3722 4805 τῶν
3748 4752 3807 4805 δὲ

2215 4845 2339 4898 τότε
2387 4845 2664 4900 θυσάντων
2708 4847 2763 4897 ὲν
2805 4845 2883 4915 τῷ
2930 4844 3060 4917 ἱερῷ
3116 4846 3525 4916 Ἱεροσολύμων,
3565 4846 3659 4898 καὶ
3697 4845 3807 4899 τῶν

2219 4940 2333 5000 τοῖς
2371 4936 2610 5001 εἰδώλοις
2652 4937 2889 4990 θυόντων
2927 4939 3062 5009 ὁμοῦ
3103 4938 3547 5009 συναπτομένων,
3581 4938 3676 4991 καὶ
3714 4938 3811 5009 δη-

2225 5031 2585 5102 μοσιευόντων
2613 5030 2655 5095 ⁸,
2698 5032 2791 5085 καὶ
2828 5032 2947 5101 οὑχὶ
2978 5031 3117 5101 Θεῷ.
3162 5032 3405 5101 Μηδενὸς
3442 5031 3497 5083 δὲ
3543 5031 3811 5094 θύσαντος

2222 5124 2336 5189 ζῶα
2370 5122 2594 5195 Χριστῷ
2624 5125 2731 5177 ἀπὸ
2757 5124 2857 5194 τῆς
2898 5124 3134 5195 Χριστοῦ
3176 5124 3441 5195 ὲνδημίας
3480 5124 3575 5177 καί
3598 5121 3811 5190 Καινῆς

2223 5218 2518 5289 Διαθὴκης,
2554 5218 2767 5288 φανερά
2796 5220 2829 5287 ἡ
2874 5218 3025 5287 παρά
3068 5218 3152 5269 σοὶ
3195 5216 3502 5288 προσθήκη.
3536 5216 3599 5268 Εἰ
3629 5216 3687 5269 δὲ
3718 5214 3814 5266 καὶ

2225 5306 2383 5375 φύσει
2426 5304 2606 5358 ἔκειτο
2636 5308 2667 5375 ἡ
2698 5306 2838 5371 Λέξις
2859 5307 2914 5358 ὲν
2957 5304 3036 5375 τῷ
3092 5305 3401 5373 Ἀποστόλῳ
3437 5303 3565 5373 περὶ
3602 5301 3815 5372 ίεροθὺο

2225 5416 2333 5451 των
2367 5398 2462 5451 καὶ
2494 5398 2868 5461 εἰδωλοθύτου,
2916 5397 3052 5468 ὁμοῦ
3088 5397 3147 5449 ἓν
3188 5398 3280 5450 καὶ
3313 5397 3373 5449 τὸ
3412 5396 3544 5449 αὑτὸ
3579 5395 3763 5466 ἔκρινε
3790 5395 3813 5425 ³

2226 5491 2377 5562 παρὰ
2408 5492 2520 5552 τοῖς
2548 5488 2769 5556 εὑλογον
2800 5489 3059 5558 λογισμὸν
3106 5487 3485 5558 κεκτημένοις,
3534 5502 3817 5554 καταχρη-

2231 5581 2428 5645 στικῶς
2474 5581 2775 5651 λεγομένης
2824 5580 2925 5651 τῆς
2961 5578 3159 5643 λέξεως
3191 5580 3295 5632 ὑπὸ
3334 5577 3429 5631 τοῦ
3486 5577 3816 5633 Ἀποστόλου

3690 5754 3711 5787 ¹
3749 5750 3814 5811 Ρ.
