4186 6374
391 376 494 434 739

1061 375 1431 432 ADVERSUR
1472 376 1814 433 II/EIIESES
1852 377 1980 432 LIB.
2024 376 2064 431 1.
2106 377 2269 432 ΤΟΜ.
2303 376 2390 432 lll.
2431 407 2503 421 --
2541 377 2814 433 HERES.
2856 377 3010 434 XLII.

3571 379 3674 434 790

389 495 478 550 διὰ
508 495 606 567 τὴν
634 495 742 549 τῶν
782 493 1086 568 ἀνθρώπων
1118 497 1427 569 συνήθειαν,
1461 497 1568 551 τῶν
1612 499 1702 551 ἀεὶ
1730 498 1791 551 τὸ
1819 498 1972 550 εἴδω-

2105 497 2402 562 nnnolarit,
2443 497 2574 551 illud
2601 507 2655 552 te
2677 498 2955 552 addidisse
2986 496 3343 552 manifestum
3378 504 3483 552 est.
3513 495 3670 562 Quod

389 589 480 640 λον
511 588 656 658 ἱερὸν
685 585 1016 640 καλούντων.

2084 589 2209 643 licet
2251 594 2353 643 ista
2399 589 2568 644 dictio
2608 591 2682 643 ita
2737 597 2795 643 ιιι
2837 590 3113 658 concipis,
3137 590 3204 643 ab
3229 590 3493 660 Apostolo
3523 596 3673 672 esset.

389 692 670 748 expressa,
701 687 863 748 atque
897 678 1168 750 ἱερόθυτον
1235 680 1302 733 ad
1350 679 1696 732 εἰδωλόθυτον
1769 679 1989 748 adiunxi

2097 688 2138 745 t,
2196 696 2366 733 unum
2445 686 2625 734 tamen
2667 680 2917 749 idemque
2957 694 3079 733 esse
3151 679 3462 748 judicat'ent
3500 680 3534 733 ii
3578 677 3672 749 qul

389 769 622 823 rationis
670 770 949 838 paululum
995 771 1297 826 haberent:
1330 773 1411 827 sic
1471 780 1531 825 ut
1609 771 1871 826 abusione
1929 772 2169 841 quadam
2239 774 2392 828 vocis
2468 773 2601 827 illud
2644 787 2938 842 usurpasse
2988 771 3305 826 crederetur
3353 773 3670 842 Apostolus,

388 865 534 935 quod
562 865 814 921 homines
846 865 1050 920 idolum
1084 868 1250 938 ἱερὸν,
1288 868 1392 922 hoc
1423 875 1508 923 est
1547 884 1789 932 sacrum,
1831 869 2107 938 appellare
2136 868 2330 922 solcnl.

461 960 574 1014 Καὶ
616 962 890 1032 πανταχοῦ
921 962 1135 1016 διεπεσέ
1175 981 1268 1016 σου
1301 966 1334 1036 ἡ
1374 963 1712 1036 ψευδηγὸρος
1752 965 1982 1028 διάνοια,

390 1053 808 1124 ἀποδειχθείσης
833 1054 934 1124 τῆς
966 1054 1257 1125 ἀληθείας·
1291 1056 1372 1108 ὅτι
1399 1057 1448 1109 οἱ
1476 1055 1694 1119 θύοντες
1723 1054 1984 1121 εἰδώλοις,

392 1146 511 1217 ἤτοι
548 1147 691 1199 κατά
734 1147 824 1198 τὸν
858 1148 1038 1200 αὐτῶν
1074 1147 1235 1215 λόγον
1269 1148 1542 1220 ἱερόθυτον
1586 1148 1615 1200 ὃ
1665 1149 1882 1201 ἐποίουν
1949 1149 1982 1220 ἢ

395 1235 634 1301 ποιοῦσι,
670 1236 866 1306 ψεῦδος
899 1236 1279 1308 ἐργαζόμενοι,
1319 1237 1617 1307 δαιμονίοις
1656 1237 1862 1300 θύουσι,
1891 1239 1992 1290 καὶ

393 1319 515 1401 οῗιχὶ
544 1331 787 1406 Χριστῷ.
831 1332 968 1385 Ἀλλ’
1009 1333 1107 1403 οὐχ
1158 1333 1212 1386 οῖ
1255 1350 1384 1385 ποτε
1423 1332 1564 1386 κατά
1596 1333 1760 1403 νόμον
1798 1331 1994 1385 θύσαν-

393 1442 484 1488 τες
545 1424 882 1482 δικαιότατα.
925 1421 1035 1478 Νῦν
1089 1425 1146 1477 δὲ
1190 1424 1381 1477 τούτου
1415 1425 1612 1496 μηκέτι
1666 1425 1984 1495 γενομένου,
2028 1461 2031 1464 -

393 1516 560 1570 αὐτοῦ
591 1515 835 1578 Θέλοντος
859 1533 872 1546 ·
903 1516 978 1579 ὡς
1009 1516 1104 1569 καὶ
1131 1515 1240 1570 ἀπὸ
1271 1515 1379 1568 τῶν
1403 1515 1665 1569 ἀνέκαθεν
1698 1515 1786 1568 διὰ
1825 1516 1989 1587 Ἱερε-

377 1688 379 1690 I
397 1608 520 1680 μίου
550 1607 644 1662 τοῦ
675 1608 960 1679 προφήτου
990 1607 1176 1676 ἔλεγεν
1195 1623 1209 1636 ·
1259 1608 1390 1662 Ἵνα
1430 1608 1486 1660 τί
1508 1625 1610 1676 μοι
1638 1609 1890 1661 λίϐανον
1920 1607 1989 1660 ἐκ

395 1700 558 1756 Σαϐᾶ
603 1701 827 1770 φέρεις,
861 1701 960 1756 καὶ
1011 1701 1355 1772 κινάμωμον
1396 1701 1463 1753 ἐκ
1505 1699 1618 1771 γῆς
1655 1701 1990 1770 μακρόθεν;

2162 966 2432 1032 Quocirca
2483 963 2618 1020 falsa
2668 965 2761 1020 illa
2791 975 2882 1020 tua
2933 966 3076 1021 ratio
3123 966 3388 1028 concidit,
3446 953 3572 1019 etim
3625 976 3677 1017 ιιι

2095 1061 2379 1114 verissime
2427 1060 2500 1114 sit
2544 1058 2923 1129 patefactum,
2987 1061 3081 1129 qui
3150 1060 3315 1114 idolis
3365 1060 3674 1120 immolant,

2089 1150 2236 1220 quod
2288 1150 2562 1220 ἱερόθυτον
2599 1151 2690 1206 isti
2727 1161 2946 1214 vocant,
2979 1151 3187 1221 quique
3217 1151 3322 1205 hoc
3357 1166 3416 1204 se
3454 1148 3676 1205 menda-

2090 1245 2176 1297 cio
2205 1244 2478 1314 obstringi
2510 1243 2657 1314 passi
2682 1251 2833 1305 sunt,
2883 1251 2978 1298 aut
3012 1244 3193 1298 adhuc
3223 1243 3527 1313 patiuntur,
3565 1241 3676 1297 dte-

2089 1335 2290 1391 moniis
2334 1335 2639 1398 immolare.
2670 1351 2779 1388 non
2807 1335 3050 1390 Christo.
3077 1335 3232 1401 Quod
3263 1337 3481 1406 quidem
3520 1337 3678 1406 longe

2091 1426 2298 1481 abillis
2331 1427 2522 1480 aberat
2577 1429 2670 1496 qui
2713 1442 2780 1480 ex
2826 1425 2945 1496 lege
2983 1434 3098 1480 tum
3131 1427 3440 1496 iustissime
3462 1429 3676 1483 sat-rill-

2091 1517 2312 1572 cabant.
2369 1517 2525 1583 Quod
2584 1516 2766 1586 ipsum
2811 1526 2994 1572 tamen
3051 1519 3244 1572 eodem
3297 1520 3514 1574 volente
3561 1519 3677 1575 ﬁeri

2092 1607 2298 1663 desiit:
2332 1607 2797 1677 quemadmodum
2861 1610 2974 1680 jam
3039 1610 3169 1663 olim
3217 1625 3315 1680 per
3358 1611 3677 1680 prophetam

2090 1696 2381 1752 Jereuiiam
2406 1697 2730 1753 vaticinatus
2753 1708 2869 1754 est:
2896 1698 2963 1752 Ut
2993 1700 3121 1770 quid
3151 1701 3278 1754 mihi
3307 1703 3424 1753 titus
3447 1701 3509 1753 de
3534 1699 3678 1754 Saba

394 1793 491 1846 καὶ
527 1793 722 1847 πάλιν·
752 1798 818 1848 Αἱ
843 1794 1063 1848 θυσίαι
1099 1809 1215 1848 σου
1257 1795 1371 1863 οὐχ
1422 1791 1660 1861 ῆδυνάν
1700 1810 1803 1861 μοι
1828 1810 1841 1823 ·
1883 1791 1979 1844 καὶ

2092 1790 2266 1858 αΙῙεη,
2312 1798 2362 1843 et
2415 1789 2772 1844 cinamomum
2818 1789 2884 1842 de
2938 1799 3081 1844 terra
3113 1791 3393 1861 longinqua
3417 1791 3476 1843 ’ἲ
3504 1789 3674 1846 Item:

394 1886 617 1940 ἅλλοτεο
656 1883 834 1956 τΑρόν
863 1902 981 1941 σου
1011 1887 1119 1953 τὰς
1151 1888 1389 1953 θυσίας,
1428 1886 1699 1954 Ἰσραὴλ,
1733 1886 1832 1939 καὶ
1867 1883 1980 1954 φά-

397 1996 530 2048 γετε
574 1981 738 2047 κρέα.
791 1981 874 2032 Οὐ
911 1979 1023 2048 γὰρ
1077 1979 1470 2048 ἐνετειλάμην
1516 1977 1639 2044 τοῖς
1686 1976 1985 2046 πατράσιν

395 2067 564 2139 ὑμῶν
608 2069 679 2122 ἐν
721 2068 912 2138 ἡμέρᾳ
957 2070 1398 2139 ἐπιλαϐομένου
1474 2087 1595 2138 μου
1633 2065 1743 2136 τῆς
1787 2066 1986 2136 χειρὸς

395 2161 615 2226 αὐτῶν,
658 2161 975 2232 ἐξαγαγεῖν
1001 2163 1226 2229 αὐτοὺς
1259 2163 1328 2216 ἐκ
1354 2162 1466 2231 γῆς
1497 2162 1818 2231 Αἰγύπτου,
1852 2159 1987 2227 περὶ

396 2254 658 2310 θυσιῶν
707 2255 868 2310 ἀλλὰ
916 2256 1092 2310 τοῦτο
1145 2255 1536 2325 ἐνετειλάμην
1583 2252 1807 2318 αὐτοῖς,
1851 2253 1988 2306 ἕκα-

395 2361 549 2400 στον
571 2346 766 2401 ποιεῖν
797 2346 1198 2415 δικαιοσύνην
1234 2346 1386 2414 πρὸς
1430 2346 1534 2400 τὸν
1560 2347 1847 2414 πλησίον.
1881 2345 1990 2398 Λύ-

393 2439 489 2492 τοῦ
524 2439 582 2492 δὲ
620 2438 896 2508 λέγοντος,
937 2440 1019 2492 ὅτι
1071 2442 1194 2493 Οὐκ
1236 2438 1651 2508 ἐνετειλάμην,
1681 2439 1775 2492 καὶ
1822 2436 1985 2492 αὑτοῦ

395 2535 454 2586 ὲν
485 2533 563 2604 τῷ
590 2533 740 2604 νόμῳ
773 2533 1023 2602 λέγοντος
1058 2532 1136 2604 τῷ
1166 2535 1397 2603 Μωῦσῇ,
1429 2532 1510 2584 ὅτι
1537 2531 1830 2596 Ἕκαστος
1871 2529 1990 2582 τῶν

395 2625 545 2680 υἱῶν
603 2625 866 2694 Ἰσραὴλ,
898 2627 1006 2680 ἐὰν
1047 2625 1423 2695 προσενέγκῃ
1465 2625 1687 2680 θυσίαν
1715 2624 1782 2678 ἐκ
1821 2621 1990 2688 βοῶν

395 2719 434 2787 ἣ
489 2718 822 2786 προϐάτων,
875 2718 1066 2788 ἄρσεν
1114 2718 1358 2788 ἄμωμον
1409 2715 1790 2786 προσφερέτω
1824 2733 1837 2745 ο
1896 2715 1991 2768 καὶ

399 2811 594 2866 πάλιν·
649 2810 793 2864 Ἐάν
849 2828 942 2877 τις
999 2810 1255 2880 ἁμάρτῃ,
1305 2810 1402 2864 καὶ
1453 2807 1696 2880 γένηται
1752 2809 1822 2862 ἕν
1873 2825 1991 2861 τινι

396 2905 798 2974 πλημμελείᾳ,
853 2903 1205 2974 προσαγάγῃ
1257 2905 1589 2971 πρόϐατον·
1645 2903 1753 2956 καὶ.
1793 2901 1986 2955 πάλινο

411 3001 554 3054 Ἐὰν
583 3000 815 3070 ἁμάρτῃ
850 3004 882 3054 ὁ
911 2999 1082 3065 λαὸς,
1116 2997 1491 3067 προσενέγκῃ
1516 2999 1788 3066 μόσχον·
1824 2993 1992 3058 ἔδειξε

401 3091 501 3163 μὲν
542 3092 957 3162 εὐπροσδέκτως
996 3091 1156 3144 αὑτὸν
1189 3089 1512 3160 κομίζεσθαι
1553 3088 1653 3151 τὰς
1698 3087 1839 3158 ὑπὲρ
1887 3103 1993 3139 σω-

396 3183 592 3255 τηρίας
621 3184 714 3237 τοῦ
765 3182 895 3237 λαοῦ
922 3199 1052 3236 ποτε
1085 3180 1435 3245 τελεσθείσας.
1477 3180 1704 3242 θυσίας’
1755 3180 1855 3231 οὐκ
1886 3177 1986 3230 αὑ-

396 3276 494 3328 τοῦ
541 3276 893 3346 ὲ-πιδεομένου
935 3275 1160 3330 τούτων.
1189 3273 1308 3326 οὐδὲ
1343 3273 1590 3335 θέλοντος
1619 3270 1811 3334 ταῦτα,
1857 3268 1993 3322 ἀλλὰ

399 3369 922 3437 συγκαταϐαίνοντος
946 3366 1126 3420 αὐτῶν
1150 3369 1216 3437 τῇ
1245 3365 1522 3438 ἀσθενείᾳ,
1555 3365 1649 3418 καὶ
1675 3367 1740 3434 τῇ
1770 3363 1872 3434 τῆς
1901 3364 1994 3415 ἁν-

397 3460 750 3532 θρωπότητος
799 3459 1097 3532 προλήψειο
1143 3459 1231 3511 ἵνα
1281 3458 1389 3512 ἀπὸ
1435 3462 1535 3530 τῆς
1587 3456 1876 3519 πολυθεΐας
1907 3458 1990 3519 εἰς

395 3553 494 3623 τὴν
541 3552 636 3606 τοῦ
669 3553 796 3623 περὶ
831 3553 949 3615 ἐνὸς
985 3550 1120 3604 Θεοῦ
1155 3549 1354 3625 γνῶσιν
1404 3550 1705 3622 μετενέγκῃ
1753 3550 1852 3622 τὴν
1882 3549 1992 3602 τῶν

397 3645 495 3700 ἀνθ
505 3644 702 3717 ρώπων
731 3644 988 3698 διάνοιαν.

481 3738 698 3807 Ἐπειδὴ
733 3737 840 3808 γὰρ
875 3738 1112 3809 ἰσχυρῶς
1138 3736 1528 3808 ὲτεθεμελίωτο
1567 3738 1600 3807 ὴ
1645 3737 1852 3790 διάνοια
1891 3737 1993 3790 αὐ-

397 3830 507 3883 τῶν
536 3831 593 3882 ἐν
622 3833 690 3900 τῇ
719 3829 904 3900 θυσίᾳ,
931 3831 1005 3894 ὡς
1034 3829 1288 3900 εὐσεϐείᾳ
1324 3832 1390 3899 τῇ
1426 3829 1567 3900 ὑπὲρ
1599 3828 1842 3899 ἱλασμῶν
1865 3830 1993 3881 ἑαυ-

396 3922 506 3974 τῶν
547 3921 642 3974 καὶ
693 3923 966 3992 σωτηρίας
1016 3920 1255 3984 εἰδώλοις
1314 3920 1739 3993 προσφερομένῃ
1810 3922 1888 3982 εἰς
1937 3919 1994 3971 δὲ

396 4014 455 4066 τὸ
486 4012 562 4084 μὴ
591 4013 740 4077 ἅπαξ
766 4014 874 4083 (8'2)
908 4012 1158 4084 χαλεπῶς
1192 4013 1348 4084 φέρει
1385 4014 1426 4077 ι,
1460 4012 1548 4064 διὰ
1578 4011 1675 4080 τὴν
1707 4011 1994 4082 συνήθειαν

395 4103 488 4168 τοῦ
519 4103 882 4175 ἀποστρέψαι,
917 4103 1076 4156 τοῦτο
1108 4106 1281 4155 ποιεῖν
1314 4102 1420 4166 ἕως
1456 4102 1650 4173 καιροῦ
1678 4105 1757 4165 εἰς
1802 4102 1991 4173 ὄνομα,

396 4195 505 4248 ἀπὸ
552 4195 654 4266 τῆς
709 4194 970 4248 πολυθέου
1029 4196 1328 4264 φαντασίας
1380 4194 1624 4265 ἠθέλησα
1658 4197 1700 4225 ί·
1754 4195 1824 4247 τὰ
1871 4195 1992 4246 κατ’

397 4286 517 4351 ἔτος
541 4289 725 4351 αὐτοῖς
752 4289 1014 4358 γινόμενα
1049 4289 1129 4350 εἰς
1155 4285 1246 4340 τὸν
1281 4286 1642 4356 μεταλλάξαν
1679 4287 1766 4340 ἵνα
1807 4285 1993 4340 λοιπὸν

398 4380 617 4447 γνόντες
646 4379 735 4432 τὸν
769 4379 885 4441 ἕνα,
918 4383 1012 4432 καὶ
1058 4377 1448 4441 πιστεύσαντες
1501 4376 1762 4446 ἀσφαλῶς
1805 4373 1882 4447 τῷ
1914 4377 1992 4430 ἑνὶ

396 4564 437 4632 ἣ
493 4558 638 4632 αἷμα
687 4561 914 4633 τράγων
950 4562 1192 4631 πίομαι;
1239 4560 1478 4629 καὶ,Μὴ
1532 4560 1988 4628 τεσσαράκοντα

398 4658 500 4722 ἐτη
542 4657 764 4709 θυσίαν
817 4653 1273 4724 προσηνέγκατέ
1305 4672 1407 4724 μοι
1456 4654 1526 4707 ἐν
1559 4653 1775 4722 ἐρήμῳ,
1823 4648 1987 4736 οἶκος

412 4747 658 4814 Ἰσραήλ
679 4765 698 4812 ;

466 5017 725 5084 Καίτοιγε
759 5016 970 5070 πολλῶν
1043 5016 1244 5069 θυσιῶν
1310 5017 1432 5069 τότε
1503 5017 1981 5086 προσενεχθεισῶν

401 5109 542 5181 (85),
603 5110 690 5163 ἵνα
747 5108 925 5182 δείξῃ,
982 5110 1063 5162 ὅτι
1116 5109 1217 5162 οὐκ
1273 5110 1421 5180 αὐτῴ
1454 5111 1810 5182 προσέφερον.
1847 5112 1982 5164 Kai-

485 5269 503 5299 ι
529 5266 656 5343 Cor.
687 5265 912 5343 φερειν.Δ
957 5269 996 5298 ¹⁴
1017 5267 1121 5320 Pro
1156 5267 1421 5343 ῄθέλησα,
1455 5267 1558 5337 leg.
1591 5269 1842 5343 ἠθέλησε.
1919 5271 1938 5301 ¹
1967 5269 1989 5324 ,1

2112 5286 2187 5335 vt,
2223 5271 2314 5328 20.
2391 5272 2411 5303 ³
2438 5271 2568 5326 ibid.

404 5354 536 5404 txu,
571 5337 657 5392 19.
735 5339 754 5368 ⁵
793 5337 937 5392 Psnl.
969 5355 1119 5404 xuii,
1153 5339 1236 5391 15.
1313 5339 1332 5369 ⁷
1369 5338 1539 5392 Amos
1572 5337 1624 5408 ν,
1649 5342 1739 5394 ‘25.

471 5524 580 5594 (82)
604 5528 708 5589 Εις
744 5523 811 5575 δὲ
837 5525 904 5577 τὸ
928 5522 1012 5592 μὴ
1043 5522 1228 5587 ἅπαξ.
1259 5522 1464 5576 Vitium
1498 5523 1663 5593 hujus
1687 5524 1788 5579 loci
1821 5542 1982 5583 nemo

404 5610 510 5649 non
553 5596 718 5649 videt.
769 5594 927 5660 Quod
975 5609 1076 5663 ego
1121 5609 1186 5648 ex
1235 5595 1554 5663 trajectione
1597 5611 1793 5650 vocum
1843 5596 1980 5652 irre-

404 5667 580 5734 psisse
626 5667 898 5734 suspicor.
948 5663 1085 5719 Vide
1125 5664 1293 5733 igitur
1340 5680 1469 5717 num
1516 5665 1592 5718 ita
1645 5669 1977 5721 conformari

405 5737 610 5809 debeat.
643 5736 734 5798 Εξς
771 5735 830 5809 δε
853 5736 914 5788 τὸ
943 5736 1019 5807 μὴ
1055 5734 1202 5809 ἅπαξ
1241 5735 1492 5809 χαλεπῷς
1527 5735 1734 5809 φέρειν.
1763 5737 1853 5789 διὸι
1887 5739 1985 5808 τὴν

403 5807 716 5878 συνήθειαν,
744 5807 905 5860 τοῦτο
923 5806 1107 5862 ποιεῖν
1139 5807 1241 5870 ἓως
1279 5806 1471 5878 καιροῦ
1504 5809 1580 5872 εἰς
1602 5806 1789 5881 ’ὄνομα
1820 5806 1986 5862 αὑτοῦ

2094 1882 2338 1938 Victima:
2372 1891 2476 1937 tua:
2505 1901 2604 1938 non
2642 1885 2956 1953 placuerunt
2991 1884 3123 1938 mihi
3153 1885 3196 1938 ³.
3222 1884 3387 1956 360
3418 1884 3482 1938 Et
3511 1884 3676 1938 alibi:

2090 1973 2236 2030 Tolle
2262 1976 2506 2031 victimas
2525 1986 2670 2040 tuas,
2694 1976 2898 2042 Israel,
2945 1987 2994 2032 et
3021 1978 3276 2032 comedite
3303 1994 3511 2031 carnes.
3544 1977 3676 2031 Non

2084 2072 2222 2124 enim
2253 2071 2475 2141 pmcepi
2513 2072 2756 2140 patribus
2785 2071 2968 2124 vestris
2995 2073 3048 2124 in
3079 2072 3164 2124 die
3223 2087 3328 2133 qua
3357 2069 3677 2139 apprehendi

2090 2179 2310 2216 manum
2337 2180 2541 2226 eorum,
2573 2172 2632 2216 ut
2652 2163 2927 2217 educerem
2953 2180 3040 2216 eos
3074 2164 3138 2216 de
3161 2173 3315 2215 terra.
3343 2160 3583 2232 Aigypti,
3616 2163 3680 2215 de

2089 2255 2350 2320 victimis;
2378 2254 2469 2310 sed
2491 2256 2586 2310 hoc
2616 2257 2839 2325 praecepi
2863 2255 2994 2319 illis,
3029 2269 3450 2322 unumquemque
3505 2253 3680 2322 facere
3746 2297 3748 2299 .

2081 2350 2363 2419 justitiam.
2412 2365 2532 2404 cum
2574 2351 2817 2418 proximo
2859 2365 2956 2403 suo
2993 2347 3042 2404 ⁸.
3101 2347 3238 2402 Cum
3288 2348 3456 2417 igitur
3502 2347 3677 2401 dicit:

2092 2441 2220 2496 Non
2244 2444 2469 2513 praecepi
2498 2443 2612 2497 illis
2638 2459 2656 2508 ;
2718 2450 2772 2497 et
2824 2442 2964 2498 idem
3011 2451 3192 2496 tamen
3241 2443 3298 2496 in
3345 2441 3460 2512 lege
3507 2439 3681 2512 Moysi

2093 2534 2380 2604 praecipit:
2411 2533 2642 2600 Quilibet
2684 2535 2922 2605 ﬁliorum
2965 2533 3161 2596 Israel,
3198 2534 3245 2588 si
3296 2534 3486 2603 oﬂ'erat
3510 2533 3680 2588 sacri-

2092 2627 2274 2696 ﬁcium
2302 2628 2366 2682 de
2391 2627 2550 2681 bobus
2579 2637 2669 2680 aut
2699 2627 2902 2690 ovibus,
2937 2625 3234 2680 masculum
3262 2625 3679 2679 immaculatum

2094 2719 2283 2787 offer-at
2309 2719 2352 2773 ⁸.
2382 2719 2462 2774 Ac
2496 2733 2758 2773 rursum:
2792 2715 2852 2771 Si
2881 2717 2997 2787 quis
3033 2717 3343 2785 peccaverit,
3381 2725 3444 2770 et.
3480 2717 3536 2770 in
3578 2716 3682 2769 ali-

2091 2830 2195 2882 quo
2239 2812 2509 2866 inventum
2529 2821 2606 2866 est
2637 2809 2911 2875 delictum,
2942 2810 3122 2879 offeret
3151 2826 3366 2880 agnum.
3409 2810 3536 2865 Item
3569 2828 3582 2864 :
3620 2808 3682 2863 Si

2095 2905 2407 2976 peccaverit
2444 2902 2693 2974 populus,
2753 2903 2954 2972 aﬁ‘eret'
2983 2902 3207 2956 vitulum
3234 2902 3399 2957 :.his«
3425 2902 3682 2956 omnibus

2099 3005 2254 3068 grata
2287 2997 2391 3052 sibi
2431 2995 2608 3051 fuisse
2641 2994 2914 3050 sacrilicia
2948 2994 3214 3060 declarat,
3263 3009 3385 3064 qua:
3436 3003 3548 3047 tum
3580 3008 3683 3063 pro

2098 3094 2276 3148 salute
2300 3090 2488 3162 populi
2518 3091 2686 3147 istius
2708 3090 2894 3145 oblata
2926 3099 3056 3144 sunt
3084 3108 3098 3144 :
3134 3105 3246 3143 non
3283 3088 3428 3159 quod
3461 3089 3569 3144 illis
3598 3090 3685 3143 in-

2098 3186 2332 3257 digeret,
2362 3191 2458 3238 aut
2483 3184 2778 3239 admodum
2810 3192 3053 3254 cuperet,
3095 3181 3191 3236 sed
3221 3188 3280 3236 ut
3309 3181 3377 3236 ad
3407 3195 3595 3236 eorum
3623 3195 3684 3236 se

2097 3279 2526 3334 imbecillitatem
2559 3284 2614 3332 et
2656 3277 3009 3346 anticipatam
3044 3275 3297 3328 humana:
3331 3273 3531 3328 mentis
3563 3272 3682 3342 opi~

2094 3371 2313 3425 nionem
2375 3367 2839 3430 accommodaret,
2913 3375 3077 3434 atque
3128 3373 3188 3418 ut
3237 3379 3268 3418 a
3321 3364 3682 3434 plurimorum

2101 3463 2253 3516 cultu
2307 3460 2594 3514 numinum
2628 3460 2694 3515 ad
2731 3460 2900 3514 unius
2929 3457 3024 3514 Dei
3059 3457 3424 3530 cognitionem
3463 3457 3682 3512 illorum

2103 3557 2320 3610 animos
2353 3554 2688 3609 traduceret.

2170 3732 2384 3788 Etenim
2424 3733 2684 3804 quoniam
2727 3735 2780 3787 in
2825 3733 3116 3789 sacriﬁciis
3158 3733 3509 3789 vehementer
3535 3731 3682 3802 ipso-

2097 3841 2218 3880 rum
2253 3825 2431 3881 deﬁxa
2465 3843 2620 3883 mens
2648 3837 2784 3890 erat,
2817 3834 3078 3897 tanquam
3110 3826 3329 3896 pietatis
3357 3825 3474 3880 haec
3498 3831 3684 3880 essent

2100 3917 2296 3979 olﬁcia,
2351 3931 2471 3986 quin
2520 3915 2680 3972 idolis
2734 3933 2834 3987 pro
2886 3918 3196 3987 expiatione
3243 3931 3342 3972 sua
3395 3931 3458 3970 ac
3509 3917 3683 3971 salute

2095 4015 2457 4076 praestarent,
2495 4006 2660 4060 simul
2691 4023 2761 4062 ne
2789 4007 2860 4061 ob
2887 4007 3343 4060 consuetudinem
3371 4006 3682 4075 extorqueri

2097 4099 2282 4153 subito
2330 4098 2434 4154 sibi
2472 4098 2578 4153 ista
2611 4099 2796 4152 omnia
2845 4099 3132 4154 molestius
3185 4099 3428 4166 ferrent;
3480 4117 3580 4156 suo
3623 4101 3678 4155 in

2097 4190 2320 4244 nomine
2357 4189 2475 4244 ﬁeri
2521 4190 2629 4244 ista
2679 4190 2962 4260 aliquanto
3007 4197 3254 4261 tempore
3280 4192 3472 4256 voluit,
3502 4209 3613 4262 quo
3646 4209 3679 4247 a

2096 4281 2335 4350 plurium
2384 4280 2612 4334 deorum
2657 4281 2808 4335 inani
2843 4283 2993 4336 cultu
3023 4298 3235 4338 annuas
3270 4283 3392 4338 illas
3424 4301 3682 4340 ceremo-

2097 4373 2218 4427 nias
2270 4373 2336 4427 ad
2388 4373 2712 4444 obsequium
2764 4391 2925 4429 suum
2980 4377 3386 4432 transferrent:
3423 4389 3590 4448 atque
3622 4388 3682 4432 ut

304 4537 317 4554 ‘
397 4475 528 4545 παρ’
561 4472 727 4526 αὑτοῦ
755 4472 1109 4542 ἀκούσωμεν·
1143 4470 1241 4538 Μὴ
1276 4469 1538 4540 gain-ortae
1568 4468 1710 4536 κρέα
1732 4471 1987 4538 ταύρων,

2098 4481 2209 4519 uno
2252 4465 2472 4520 demum
2507 4468 2731 4537 cognito
2763 4467 2898 4531 Deo,
2931 4469 3404 4540 corroborataque
3437 4471 3490 4526 in
3525 4473 3680 4526 illum

2099 4559 2202 4612 ﬁde
2247 4565 2460 4624 nostra,
2514 4559 2773 4630 deinceps
2817 4562 2886 4615 ab
2927 4552 3120 4615 eodem
3155 4563 3487 4621 audiamus:
3527 4563 3681 4617 Nun-

2093 4648 2220 4720 quid
2275 4650 2611 4705 manducabo
2663 4669 2849 4706 carnes
2898 4662 3200 4720 taurorum,
3248 4666 3339 4708 aut
3368 4658 3681 4727 sanguinem

2091 4741 2356 4796 hircorum
2384 4744 2577 4811 potabo
2601 4745 2660 4798 ⁸2
2688 4746 2824 4799 Item
2853 4764 2865 4799 :
2902 4744 3160 4816 Nunquid
3198 4747 3557 4820 quadraginta
3585 4768 3682 4804 an-

2093 4835 2172 4888 m’s
2226 4836 2556 4904 sacriﬁcium
2610 4839 2876 4894 obtulistis
2934 4841 3066 4893 mihi
3110 4843 3164 4894 in
3195 4841 3444 4912 deserto,
3490 4844 3680 4898 domus

2093 4926 2342 4980 Israel"?

2161 5017 2485 5088 Quanquam
2537 5021 2746 5076 inﬁnita
2781 5023 2894 5092 jam
2945 5031 3104 5079 erant
3153 5025 3337 5080 oblata
3375 5027 3677 5094 sacriﬁcia;

2090 5114 2185 5168 sed
2215 5121 2272 5167 ut
2299 5114 2613 5170 ostenderet
2635 5117 2738 5171 sibi
2769 5117 2884 5171 haec
2913 5117 3096 5172 oblata
3131 5135 3240 5173 non
3277 5115 3449 5174 fuisse
3481 5136 3494 5170 :
3537 5127 3678 5172 tam-

2666 5273 2688 5304 ⁸
2711 5271 2910 5327 Jerem.
2945 5288 3095 5336 xxxi,
3125 5273 3194 5327 5'2
3221 5289 3341 5344 sqq.
3445 5275 3465 5305 ⁵
3493 5271 3669 5330 Levit.

2089 5528 2321 5598 ἠθέλησε
2343 5566 2357 5583 .
2390 5526 2483 5598 τοᾷ
2509 5525 2856 5598 ἀποστρέψαι,
2879 5527 2988 5578 ἀπὸ
3025 5527 3124 5597 τῆς
3158 5527 3420 5580 πολυθέου
3465 5545 3672 5596 φαντα-

2089 5595 2373 5669 σίαςίᾉκαὶ
2415 5595 2484 5649 τὰ
2520 5599 2640 5650 κατ’
2684 5595 2802 5661 ἔτος
2834 5599 3018 5661 αὐτοῖς
3054 5595 3316 5669 γινόμενα
3357 5601 3437 5662 εἰς
3478 5599 3671 5652 ἑαυτὸν

2091 5667 2441 5738 μεταλλάξαι.

2171 5738 2590 5808 (85)](αίτοιγε
2640 5737 2887 5791 πολλῶν
2928 5739 3156 5792 θυσιῶν
3200 5739 3334 5794 τότε
3387 5753 3673 5807 προσενε-

2098 5807 2381 5879 χθεισῶν.
2418 5807 2555 5866 Toto
2588 5808 2678 5865 illo
2719 5809 2927 5880 spatio,
2956 5825 3067 5882 quo
3110 5812 3164 5866 in
3182 5812 3398 5868 deserto
3416 5812 3673 5868 Israelita)
3686 5854 3701 5889 ί
