4186 6374
479 369 584 428 795
1129 379 1513 438 ADVERSUS
1551 383 1896 440 llAERESES
1935 385 2038 440 LIB

2138 429 2142 440 .
2185 386 2352 443 TOM.
2385 385 2471 441 lll.
2509 417 2576 428 -ι
2618 385 2892 442 ΙΙΑΞΒΕΞ.
2928 383 3088 442 XLII.
3619 381 3729 441 796

475 499 582 536 νων
616 484 885 558 γλώσσης,
911 487 1110 560 ἔφησεν
1147 493 1349 563 μᾶλλον
1372 493 1644 563 γλώσσαις
1680 499 1840 553 αὐτὸν
1873 501 2038 554 αὐτῶι

2155 502 2451 572 singularis
2486 501 2774 570 cujusdam
2813 515 2936 554 esse
2957 499 3204 554 beneficii
3232 483 3409 561 docet,
3435 495 3720 552 Hebraicis

475 572 759 639 λαλοῦντα,
795 578 881 631 διὰ
910 579 969 632 τὸ
1007 579 1144 635 εἶναι
1188 585 1350 638 αὑτὸν
1389 587 1637 658 Ἑϐραῖον
1669 591 1728 654 ἐξ
1767 592 2038 663 Ἐϐραίων

2156 595 2235 648 ιιιὶ
2273 594 2554 649 vocabulis
2597 610 2778 662 posse,
2824 607 2887 645 ac
2919 593 3088 661 legem
3137 591 3353 646 docere.
3408 589 3613 645 Deinde
3661 595 3723 644 ut

476 663 627 734 παρὰ
692 669 817 729 τοὺς
864 670 1032 733 πόδας
1080 673 1362 747 Γαμαλιὴλ
1407 678 1918 752 ἀνατεθραμμένον·
1979 677 2038 736 tbi

2154 683 2330 737 Graeci
2360 683 2631 737 sermonis
2670 693 2934 736 tumorem
2969 679 3446 750 arrogantiamque
3485 679 3720 746 compri-

475 756 824 830 (⁶Ε6ραίοις¹)
846 761 913 814 τὰ
933 763 1236 834 γράμματα
1257 770 1315 821 ἐν
1338 769 1578 834 ἐπαίνοις
1605 773 1804 842 τίθησι,
1838 775 1929 826 καὶ
1955 776 2038 844 τῆς

2155 784 2345 836 meret,
2387 788 2506 827 sese
2548 773 2853 841 linguarum
2896 771 3110 824 illorum
3163 785 3266 825 usu
3311 769 3717 824 instruetioretn

473 846 567 898 τοῦ
598 849 736 900 Πνεύ
746 867 910 919 ματος
935 853 1142 924 δωρεᾶς
1162 857 1290 910 ὅντα
1317 860 1650 930 χαρίσματα.
1680 864 1770 915 Διὸ
1799 866 1922 934 περὶ
1945 865 2038 918 τῶι

2154 865 2262 918 illis
2296 865 2432 934 ipsis
2459 880 2580 919 esse
2630 863 2858 926 monuit,
2891 862 3037 931 quod
3081 860 3340 916 llebrzeus
3369 861 3436 914 ab
3475 859 3716 914 Hebraeis

473 935 652 987 αὐτῶν
677 939 768 989 καὶ
799 939 1043 1012 Τιμοθέῳ
1075 946 1320 1015 γράφων,
1350 949 1552 1017 ἐλεγενο
1588 952 1668 1003 ὅτι
1696 952 1828 1004 Ἀπὸ
1851 954 2038 1021 νεότη·

2151 964 2294 1011 esset
2337 957 2624 1018 oriundus,
2670 964 2718 1010 et
2756 956 2822 1009 ad
2857 958 3023 1026 pedes
3057 953 3368 1008 Gamalielis
3411 953 3712 1008 institutus.

472 1042 575 1090 τος
635 1029 759 1096 ἱερὰ
796 1031 1118 1102 Γράμματα
1166 1038 1401 1106 ἔμαθες.
1463 1041 1584 1094 Ὅτι
1633 1043 1689 1094 δὲ
1736 1044 2038 1113 προστιθεὶς

2151 1047 2227 1101 lta
2266 1047 2544 1102 llebraicm
2584 1048 2780 1116 lingu-.e
2813 1047 3098 1101 scientiam
3131 1045 3184 1098 in
3213 1044 3372 1099 laude
3420 1044 3620 1114 posuit,
3662 1051 3717 1097 et

472 1120 602 1181 τοὺς
659 1121 765 1173 ἀπὸ
809 1123 1074 1195 Ἑλλήνων
1120 1130 1358 1198 ποιητῶν
1385 1133 1477 1184 καὶ
1510 1134 1752 1203 ρητόρων
1791 1137 2048 1204 ὁρμωμέ-

473 1227 598 1274 νους
645 1213 714 1266 τὰ
755 1213 841 1268 ἴσα
892 1219 1132 1285 φάσκων,
1164 1223 1364 1290 ὁμοίως
1407 1225 1507 1295 ἔφη
1532 1241 1544 1256 ’
1572 1225 1820 1278 Πάντων
1857 1227 2048 1279 πλέον

472 1301 638 1362 ὑμῶν
663 1307 829 1359 λαλῶ
864 1307 1188 1377 γλώσσαις,
1221 1313 1307 1366 ἵνα
1336 1315 1482 1386 δείξῃ
1534 1318 1628 1370 καὶ
1670 1318 1772 1388 τῆς
1805 1319 2047 1389 Ἐλληνι-

473 1395 574 1465 κῆς
601 1399 844 1462 παιδείας
877 1402 1037 1455 αὑτὸν
1067 1406 1124 1457 ἐν
1155 1406 1318 1477 πείρᾳ
1353 1408 1799 1481 ὑπερϐαλλόντως
1823 1417 2048 1485 γεγενῆ-

473 1486 616 1540 σθαι.
654 1491 759 1541 Καὶ
782 1492 888 1562 γὰρ
919 1495 1012 1546 καὶ
1039 1497 1066 1547 ὁ
1090 1499 1372 1570 χαρακτὴρ
1406 1502 1572 1554 αὐτοῦ
1604 1505 1857 1574 σημαίνει
1887 1507 2046 1558 αὐτὸν

472 1579 736 1650 ὑπάρχειν
763 1585 818 1635 ἐν
844 1590 1191 1662 προπαιδεία,
1215 1587 1274 1646 οὗ
1305 1595 1404 1645 οὐκ
1432 1595 1775 1667 ἠδυνήθησαν
1796 1598 2048 1652 Ἐπικού-

473 1687 607 1740 ρειοι
640 1673 732 1727 καὶ
761 1676 986 1730 Στωϊκοὶ
1012 1681 1345 1753 ἀντιστῆναι,
1375 1686 1802 1757 ἀνατρεπόμενοι
1833 1688 1919 1741 διὰ
1946 1689 2045 1758 τῆς

469 1760 663 1829 λογίως
694 1769 820 1836 παρ’
842 1770 990 1840 αὐτῷ
1014 1773 1450 1845 ἀναγνωσθείσης
1475 1776 1566 1830 τοῦ
1598 1777 1779 1849 βωμοῦ
1810 1782 2043 1851 ἐπιγρα-

467 1853 575 1920 φῆς
602 1855 700 1925 τῆς
751 1859 1232 1934 ἐπιγεγραμμένης
1286 1864 1365 1930 τῷ
1422 1865 1542 1930 Θεῷ
1593 1869 1910 1936 ἀγνώστως
1965 1872 2041 1934 ¹”,

2151 1141 2294 1194 inter
2346 1138 2584 1208 Spiritus
2638 1140 2812 1193 sancti
2859 1139 3122 1193 beneﬁcia
3185 1136 3515 1191 numeravit.
3556 1135 3716 1205 362

2151 1230 2306 1286 Unde
2347 1240 2401 1286 et
2435 1232 2501 1284 ad
2557 1230 2898 1285 Timotheum
2941 1230 3008 1284 de
3053 1230 3247 1284 iisdem
3294 1229 3584 1285 scribens:
3616 1227 3716 1292 Τοι,

2150 1320 2346 1390 inquit,
2407 1321 2471 1373 ab
2521 1320 2873 1374 adolescentia
2917 1337 3098 1374 sacras
3133 1319 3361 1374 Litteras
3410 1316 3715 1371 didicisti‘.

2148 1412 2303 1481 Quod
2333 1429 2462 1467 vero
2498 1412 2563 1465 ad
2598 1412 2744 1464 illam
2787 1410 3146 1465 eruditionem
3181 1410 3460 1479 politiores
3501 1420 3718 1478 quoque

2147 1503 2460 1556 Graecorum
2495 1501 2721 1561 litteras,
2771 1499 2875 1552 hoc
2903 1507 2986 1553 est
3014 1499 3255 1568 poeticas
3299 1513 3362 1551 ac
3393 1497 3714 1558 rhetoricas,

2145 1594 2424 1663 adjecerit,
2459 1593 2592 1647 iisce
2618 1591 2798 1645 verbis
2837 1589 3106 1659 expressit
3133 1609 3146 1642 :
3179 1587 3552 1642 Abundantius
3580 1586 3718 1640 vobis

2146 1685 2385 1740 erunibus
2425 1683 2618 1753 linguis
2668 1684 2871 1752 loquor,
2911 1681 2987 1736 uti
3037 1697 3096 1734 se
3127 1677 3437 1733 Graecarum
3479 1677 3694 1746 discipli

2146 1793 2338 1832 narum
2395 1774 2764 1830 excellentiori
2812 1772 3044 1843 quodam
3101 1786 3202 1824 usu
3261 1769 3546 1839 praeditum
3597 1784 3721 1824 esse

2075 1851 2116 1905 Β
2145 1876 2493 1924 monstraret.
2546 1866 2681 1919 Nam
2737 1873 2791 1921 et
2847 1863 3123 1919 scribendi
3169 1877 3340 1934 genus
3384 1861 3561 1932 ipsum
3611 1874 3722 1928 quo

471 1946 776 2016 ῥητορικῶς
823 1950 1263 2026 ἀναγνωσθείσης
1325 1959 1456 2028 παρ’
1501 1959 1688 2020 αὑτοῦ,
1744 1962 1838 2013 καὶ
1887 1961 2038 2025 εὐθὺς

2145 1961 2335 2026 utitur,
2377 1959 2734 2013 humanitatis
2765 1956 2916 2010 illum
2956 1956 3152 2010 studiis
3189 1955 3332 2008 haud
3373 1951 3722 2007 mediocriter

471 2042 926 2107 μεταφραστικῶς
974 2045 1260 2116 ρηθείσης·
1308 2048 1407 2100 Ὃν·
1461 2049 1822 2118 ἀγνοοῦντες
1875 2054 2038 2106 εὐσε-

2143 2052 2411 2106 imbutum
2462 2050 2632 2104 fuisse
2675 2049 2939 2112 declarat,
2981 2057 3040 2102 ut
3082 2064 3150 2103 ne
3202 2046 3454 2117 Epicurei
3497 2044 3717 2115 quidem

469 2127 640 2191 ὅεῖτε,
687 2131 901 2186 τοῦτον
949 2136 1063 2204 ἐγὼ
1102 2139 1489 2209 καταγγέλλω
1519 2141 1694 2210 ὑμῖνο
1740 2145 1834 2196 καὶ
1883 2144 2038 2198 πάλιν

2140 2144 2246 2212 ipsi
2288 2142 2530 2197 Stoieive
2578 2150 2803 2212 possent
2848 2141 3144 2206 resistere;
3183 2154 3322 2208 quos
3371 2152 3562 2193 omnes
3595 2151 3718 2190 cum

467 2222 732 2291 φήσαντος
754 2239 768 2252 ·
815 2221 962 2278 Εἶπέ
991 2245 1081 2293 τις
1104 2228 1253 2294 ίὸιος
1283 2229 1484 2284 αὐτῶν
1531 2235 1844 2302 προφήτης
1862 2251 1876 2265 ⁸

2142 2250 2249 2288 arae
2294 2234 2441 2288 illius
2487 2233 2900 2302 inscriptionem
2953 2230 3246 2301 ejusmodi,
3292 2227 3483 2300 Ignoto
3542 2227 3715 2291 Deo“,

464 2315 676 2368 erudite
709 2316 950 2385 legisset,
1001 2335 1213 2374 summa
1259 2338 1383 2376 cum
1424 2324 1733 2394 eloquentia
1767 2327 2170 2395 artiﬁcioseque
2211 2326 2488 2390 refutavit,
2555 2325 2606 2379 id
2645 2326 2934 2396 ipsumque
3000 2324 3074 2376 ita
3131 2322 3426 2377 declaravit
3486 2339 3498 2374 :
3552 2321 3717 2386 Quem

465 2405 766 2476 ignorantes
811 2411 1005 2478 colitis,
1047 2412 1185 2467 hunc
1231 2417 1491 2472 annuntio
1517 2418 1661 2473 vobis
1683 2420 1722 2473 ⁸.
1792 2423 1925 2475 Item
1971 2418 2102 2474 illud
2167 2416 2277 2470 alio
2328 2416 2450 2472 loco
2493 2417 2651 2482 dixit,
2712 2417 2863 2469 Dixit
2943 2415 3158 2486 quidam
3205 2413 3448 2482 proprius
3503 2412 3719 2466 illorum

473 2504 723 2570 m'oplrcta
741 2506 759 2536 ⁷
805 2523 818 2559 :

465 2621 691 2688 ιιζοῆτες
707 2623 795 2676 ἀεὶ
815 2622 1093 2691 ψεῦσται,
1114 2628 1271 2681 κακὰ
1294 2629 1490 2698 θηρία,
1517 2627 1802 2698 γαστέρες
1829 2625 2003 2696 ἀργαί
2018 2640 2032 2655 ⁶

464 2732 554 2786 ἵνα
581 2733 672 2786 τὸν
693 2736 1041 2808 Ἐπιμενίδην
1065 2739 1214 2814 δείξῃ
1244 2742 1375 2813 (85),
1409 2744 1636 2815 ἀρχαῖον
1672 2743 1799 2795 ὄντα
1829 2741 2041 2810 φιλόσο-

467 2840 584 2892 φον,
625 2826 719 2878 καὶ
749 2826 933 2898 Μίθρα
952 2828 1046 2881 τοῦ
1079 2832 1230 2902 παρά
1263 2833 1476 2903 Κρησὶν
1513 2832 1729 2886 εἰδώλου
1751 2835 1792 2884 ³.
1813 2833 1927 2901 Ἀφ’
1951 2825 2041 2884 οὗ·

465 2933 570 2987 περ
597 2915 688 2969 καὶ
718 2917 1062 2990 Καλλίμαχος
1093 2923 1120 2973 ό
1147 2922 1312 2986 Λίϐυς
1341 2923 1439 2995 τὴν
1468 2924 1774 2995 μαρτυρίαν
1802 2925 1881 2986 εἰς
1915 2925 2041 2976 ἐαυ-

461 3010 553 3064 τὸν
584 3013 944 3080 συνανέτεινε,
978 3015 1186 3085 ψευδῶς
1216 3018 1344 3090 περὶ
1367 3019 1486 3082 Διὸς
1514 3018 1686 3088 λέγων
1708 3034 1721 3048 ’

463 3188 688 3262 Κρῆτες
707 3189 798 3244 ἀεὶ
831 3192 1109 3259 ψεῦσται.
1147 3193 1255 3247 Καὶ
1289 3192 1398 3262 γὰρ
1427 3193 1636 3262 τάφον,
1667 3190 1713 3248 ὦ
1734 3193 1869 3256 ἄνα,
1905 3193 2035 3247 σεῖο

460 3259 687 3329 Κρῆτες
713 3262 1106 3333 ἐτεκτήναντο
1127 3279 1143 3296 ⁸
1176 3263 1257 3317 σὺ
1290 3259 1450 3319 δ”οὺ
1495 3259 1701 3331 θάνες·
1761 3264 1900 3406 sci-0.2
1928 3264 2036 3351 γὰρ

1826 3353 1961 3389 aret.

1826 3353 1961 3389 αιει.

460 3444 570 3497 Καὶ
597 3447 728 3516 δρᾷς
755 3445 872 3510 πῶς
899 3446 1161 3517 διηγεῖται
1192 3447 1321 3520 περὶ
1351 3447 1611 3516 γλωσσῶν
1637 3451 1665 3501 ό
1691 3448 1844 3516 ἅγιος
1877 3448 2036 3500 Ἀπό-

462 3537 643 3600 στολος
663 3555 676 3568 ο
695 3524 884 3592 ’Ἀλλὰ
903 3540 1053 3593 θέλω
1077 3541 1256 3594 πέντε
1275 3542 1498 3610 λόγους
1521 3541 1590 3594 ἐν
1607 3541 1929 3607 Ἐκκλησία
1956 3540 2036 3604 τῷ

459 3631 712 3698 νοΐμου,
739 3631 985 3685 τουτέστι
1013 3633 1100 3686 διὰ
1135 3634 1237 3703 τῆς
1283 3635 1598 3705 ἑρμηνείας,
1621 3634 1847 3703 φράσαι
1866 3652 1879 3666 ·
1907 3634 1982 3697 ὼς
2009 3637 2037 3686 ὁ

463 3722 765 3792 προφήτης,
794 3724 852 3775 ἐν
881 3723 1157 3794 Πνεύματι
1202 3726 1342 3795 ἁγίῳ
1386 3726 1465 3788 είς
1496 3726 1588 3778 τὸν
1615 3725 1738 3778 νοῦν
1770 3741 2036 3796 προκεκο-

463 3813 746 3883 ρηγημένα
779 3813 959 3883 φέρων
997 3816 1076 3878 είς
1118 3815 1253 3883 φῶς,
1288 3815 1373 3868 διὰ
1399 3818 1497 3886 τῆς
1530 3815 1862 3887 προφητείας
1892 3815 2036 3883 ὠφε-

460 3903 544 3956 λεῖ
590 3906 715 3968 τοὺς
753 3906 1072 3969 ἀκούοντας.
1098 3905 1286 3972 Οὕτως
1311 3909 1485 3976 κάγὼ,
1517 3909 1670 3978 φησὶ,
1699 3906 1926 3978 λαλῆσαι
1958 3908 2036 3968 εἰς

461 3995 630 4065 ἀκοὴν
661 3995 758 4064 τῆς
792 3995 1114 4066 Ἐκκλησίας
1147 3998 1241 4050 καὶ
1266 3997 1570 4068 οἰκοδομὴν,
1609 3997 1698 4049 καὶ
1728 3997 1800 4067 μὴ
1829 3996 1916 4068 διά
1941 3994 2035 4047 τοῦ

462 4087 674 4154 κόμπου
719 4084 1020 4155 Ἑλληνίδος
1050 4103 1110 4138 τε
1145 4088 1238 4140 καὶ
1279 4066 1558 4156 Ἐϐραΐδος
1603 4066 1797 4140 ἑαυτὸν
1835 4066 2037 4139 οἰκοδο-

465 4177 585 4244 μεῖν
612 4177 703 4228 τὸν
728 4175 923 4242 εἰδότα,
953 4178 1048 4230 καὶ
1085 4178 1205 4248 οὐχὶ
1232 4177 1329 4248 τὴν
1354 4177 1699 4249 Ἐκκλησίαν,
1726 4177 1794 4230 δι’
1816 4174 1884 4248 ἦς
1917 4179 2036 4230 ἐπί-

464 4282 653 4318 σταται
682 4266 952 4338 γλώσσης.
981 4268 1052 4320 Σὺ
1080 4267 1136 4319 δὲ
1179 4268 1542 4338 προσέθηκας,
1569 4263 1613 4321 ὦ
1640 4268 1924 4339 Μαρκίων,
1953 4269 2034 4330 τὸ,

461 4354 559 4408 διὰ
583 4356 690 4409 τὸν
714 4359 930 4426 νόμον·
967 4358 1044 4420 ὡς
1072 4357 1166 4410 τοῦ
1196 4359 1519 4411 Ἀποστόλου
1562 4358 1839 4427 λέγοντος
1876 4358 2036 4412 Θέλω

2145 2621 2414 2676 Cretenses
2429 2635 2629 2688 semper
2646 2620 2941 2684 mendaces,
2967 2621 3123 2675 malre
3140 2621 3336 2687 bestiaz,
3349 2633 3546 2678 ventres
3560 2622 3717 2691 pigri.

2144 2733 2520 2806 Epimenidem
2552 2741 2790 2787 veterem
2826 2733 3205 2802 philosophum
3241 2733 3580 2804 intelligens,
3619 2731 3720 2787 Mi-

2143 2826 2282 2880 thrae
2327 2823 2609 2894 cujusdam
2658 2823 2799 2894 apud
2837 2823 3128 2880 Cretenses
3171 2825 3300 2878 idoli
3355 2824 3717 2881 sacerdotem.

2145 2914 2223 2970 De
2254 2929 2362 2984 quo
2389 2923 2444 2970 et
2476 2913 2846 2968 Callimachus
2898 2912 3133 2984 Libycus
3167 2922 3326 2983 poeta
3374 2913 3516 2968 idem
3561 2913 3718 2968 testi-

2146 3008 2390 3061 monium
2441 3006 2580 3061 falso
2608 3005 2675 3060 ad
2716 3006 3027 3060 institutum
3067 3021 3226 3061 suum
3267 3005 3562 3070 transtulit,
3593 3021 3716 3061 cum

2144 3099 2218 3152 ita
2254 3099 2321 3153 de
2349 3097 2481 3153 Jove
2497 3097 2734 3152 cecinit:

2138 3211 2294 3266 Creta
2311 3209 2516 3282 quidem
2543 3211 2756 3263 assidue
2785 3208 3029 3282 mendax.
3059 3207 3166 3263 Rex
3191 3224 3394 3282 magne,
3425 3207 3719 3282 sepulcrum

2137 3283 2297 3337 Creta
2322 3277 2473 3334 tuum
2499 3281 2794 3348 exstruxit,
2819 3279 2907 3333 sed
2935 3288 2982 3332 te
3009 3295 3150 3333 mors
3184 3277 3337 3333 nulla
3363 3277 3586 3349 subegit.

2209 3457 2373 3512 Vides
2395 3471 2656 3527 quorsum
2676 3456 2764 3510 ille
2784 3455 2852 3510 de
2876 3455 3074 3526 linguis
3093 3454 3335 3524 Apostoli
3359 3467 3539 3510 sermo
3553 3451 3720 3522 perti-

2137 3558 2262 3602 neat
2285 3565 2298 3600 :
2324 3546 2450 3599 Volo
2465 3547 2688 3616 quinque
2703 3561 2778 3598 uer
2792 3544 2856 3597 ba
2869 3545 2925 3597 in
2944 3543 3176 3597 Ecclesia
3195 3559 3350 3598 sensu
3368 3559 3502 3607 meo,
3517 3542 3617 3596 hoc
3635 3550 3718 3596 est

2137 3653 2260 3692 cum
2289 3638 2760 3706 interpretatione,
2777 3637 2944 3705 loqui.
2964 3633 3432 3700 Quemadmodum
3456 3634 3718 3704 propheta

2139 3744 2260 3800 qua:
2289 3729 2390 3782 sibi
2427 3729 2600 3783 sancti
2628 3728 2866 3798 Spiritus
2895 3728 3077 3780 alllatu
3105 3727 3160 3780 in
3187 3728 3431 3780 animum
3464 3726 3715 3780 immissa

2138 3816 2345 3869 fuerint
2383 3815 2438 3868 in
2470 3815 2708 3869 medium
2747 3814 3049 3884 proferens,
3090 3815 3436 3871 auditoribus
3474 3815 3590 3870 suis
3619 3829 3717 3884 per

2136 3907 2477 3978 prophetiam
2519 3907 2663 3960 illam
2699 3906 2858 3960 allert
2898 3907 3210 3970 utilitatem,
3253 3906 3328 3959 ita
3360 3920 3480 3976 ego,
3516 3904 3713 3973 inquit,

2136 4000 2285 4068 loqui
2333 3998 2413 4053 sic
2442 3998 2628 4067 cupio,
2663 4004 2724 4049 ut
2767 4011 2852 4048 me
2891 3995 3138 4050 Ecclesia
3177 3995 3358 4050 omnis
3408 3994 3614 4059 audiat,
3661 4002 3716 4048 et

2142 4089 2402 4142 aediﬁcari
2433 4088 2624 4157 possit,
2644 4101 2752 4139 non
2785 4095 2843 4140 ut
2867 4085 3068 4140 Graecae
3094 4093 3187 4138 aut
3213 4084 3494 4139 llebraicac
3522 4085 3717 4156 linguae

2137 4179 2364 4234 scientia
2397 4179 2575 4232 elatus
2618 4192 2704 4232 me
2743 4192 2934 4238 unum,
2969 4177 3062 4246 qui
3106 4191 3226 4230 eam
3269 4177 3478 4231 scilicet
3513 4177 3717 4231 intelli-

2135 4283 2278 4338 gam,
2310 4282 2419 4320 non
2462 4265 2762 4320 Ecclesiam
2795 4267 2994 4335 ipsam,
3032 4264 3318 4318 aediﬁcem.
3354 4263 3436 4319 Tu
3476 4279 3606 4320 vero
3650 4264 3722 4318 il-

2137 4358 2231 4412 lud
2264 4357 2548 4420 addidisti,
2591 4356 2816 4421 Marcio,
2850 4356 2912 4409 ob
2952 4355 3136 4426 legem,
3168 4356 3326 4426 quasi
3357 4356 3430 4410 ita
3478 4357 3716 4426 scripse-

461 4447 639 4502 πέντε
663 4451 884 4518 λόγους
908 4451 977 4502 ἐν
999 4450 1320 4518 Ἐκκλησία
1360 4449 1457 4503 διὰ
1498 4451 1604 4502 τὸν
1644 4449 1852 4518 νόμον.
1878 4449 2034 4503 Αίδέ-

2140 4451 2212 4504 rit
2235 4449 2571 4515 Apostolus:
2608 4448 2740 4503 Volo
2775 4451 3000 4520 quinque
3035 4448 3190 4503 verba
3216 4450 3273 4502 in
3316 4447 3555 4502 Ecclesia
3591 4460 3716 4518 pro-

463 4537 641 4608 σθητι,
676 4538 928 4591 Βαϐυλὼν
955 4538 1202 4610 δευτέρα,
1233 4539 1325 4591 καὶ
1348 4539 1506 4611 καινὴ
1542 4539 1786 4609 Σοδόμων
1809 4539 2036 4609 πολυμι-

465 4629 721 4694 ξία.”Εως
743 4631 872 4682 πότε
897 4629 1164 4700 συνέχεις³
1181 4628 1278 4692 τὰς
1300 4629 1548 4697 γλώσσας
1567 4647 1581 4694 ;
1601 4630 1748 4691 Ἕως
1770 4629 1896 4681 πότε
1916 4629 2036 4681 τολ-

467 4725 574 4793 μᾶς
602 4721 744 4775 κατά
784 4722 894 4774 τῶν
942 4722 1046 4774 ὑπὸ
1079 4721 1172 4774 σοῦ
1211 4721 1375 4792 μηδὲν
1415 4719 1810 4789 άδικουμένων;
1847 4722 2036 4788 Ζητεῖς

462 4821 569 4884 γὰρ
603 4813 888 4884 βιάσασθαι
921 4813 1214 4881 ἁγγελικὰς
1239 4813 1512 4882 δυνάμεις,
1542 4811 1784 4865 ἐκϐαλὼν
1807 4812 1931 4874 τοὺς
1952 4810 2037 4864 λό-

461 4923 593 4974 γους
621 4906 720 4974 τῆς
744 4905 999 4975 ἀληθείας
1028 4906 1137 4958 ἀπὸ
1179 4905 1279 4974 τῆς
1303 4903 1630 4973 Ἐκκλησίας
1661 4903 1882 4972 φάσκων
1913 4902 2036 4956 Λὼτ

461 4998 540 5068 τῷ
583 4997 749 5067 ἁγίῳ·
789 4996 1068 5065 Ἐξάγαγε
1099 4995 1241 5061 τοὺς
1268 4995 1508 5062 ἄνδρας.
1536 4996 1643 5048 Καὶ
1669 4997 1696 5049 ὂ
1717 4997 2031 5064 ἐπιχειρεῖς,

463 5089 605 5143 κατὰ
641 5087 864 5140 σεαυτοῦ
896 5090 1222 5158 ἐπιχειρεῖςο
1263 5089 1388 5150 τοὺς
1428 5086 1486 5138 δὲ
1528 5086 1718 5152 λόγους
1758 5086 1858 5155 τῆς
1902 5085 2034 5155 ἀλη-

464 5179 614 5242 θείας
638 5180 737 5232 οὐκ
775 5179 1045 5245 ἐκϐαλεῖς,
1073 5178 1207 5232 ἀλλά
1229 5178 1450 5232 σεαυτὸν
1480 5180 1772 5242 πατάσσεις
1790 5180 1847 5231 ἐν
1867 5181 2034 5250 ἀορα-

465 5273 577 5342 σία,
622 5272 719 5326 καὶ
750 5277 808 5328 ἐν
847 5274 1002 5327 νυκτὶ
1032 5272 1352 5344 ἐζοφωμὲνῃ
1385 5272 1609 5340 διάγεις,
1639 5272 1903 5342 ψηλαφῶν
1935 5273 2034 5343 τὴν

539 5425 737 5481 ’Forte
773 5420 846 5480 ὧν
872 5426 1216 5496 (Ἐδραίωνὶ.
1255 5455 1265 5461 -

463 5496 552 5551 25.
628 5499 648 5529 ⁸
675 5498 807 5552 ibid.
882 5499 902 5529 "
933 5496 1039 5553 Tit.
1067 5513 1106 5562 ι,
1135 5497 1220 5550 12.

535 5632 648 5704 (85)
686 5635 814 5704 Ἵνα
849 5634 957 5688 τὸν
994 5632 1368 5704 Ἐπιμενίδην
1392 5631 1584 5700 δείξῃ.
1609 5621 2034 5704 Μὶιίινωίεειοθιέ-

465 5702 646 5759 dotem
681 5703 827 5758 hunc
858 5705 1032 5760 fuisse
1061 5705 1256 5773 scribit
1294 5703 1664 5773 Epiphanius,
1697 5703 1846 5772 quod
1886 5705 2028 5771 apud

465 5774 758 5830 Cretenses
783 5775 986 5831 idolum
1016 5775 1199 5831 fuerit.
1227 5772 1402 5841 Quod
1421 5772 1563 5844 apud
1587 5773 1753 5830 alium
1777 5789 1889 5831 non
1918 5788 2032 5829 me-

2139 4555 2253 4612 pter
2267 4543 2449 4612 legem.
2474 4540 2680 4596 Pudeat
2703 4550 2776 4610 te,
2805 4541 3045 4598 secunda
3069 4541 3328 4612 Babylon,
3355 4556 3419 4595 ac
3447 4541 3716 4596 Sodomo-

2143 4651 2265 4689 rum
2313 4648 2454 4688 nova
2501 4633 2772 4688 confusio.
2825 4634 3122 4704 Quousque
3164 4636 3378 4706 linguas
3411 4634 3546 4690 istas
3585 4649 3717 4688 con-

2142 4725 2372 4780 fundes?
2402 4724 2698 4796 Quousque
2726 4735 2919 4780 contra
2958 4742 3054 4781 eos
3101 4727 3300 4796 quibus
3338 4741 3536 4781 nocere
3579 4725 3713 4778 nihil

2142 4828 2299 4891 potes
2332 4827 2479 4874 tuam
2529 4820 2769 4873 armabis
2816 4819 3142 4874 audaciam?
3191 4818 3327 4873 Nam
3369 4818 3573 4888 angelis
3603 4818 3714 4872 vim

2143 4910 2354 4965 moliris
2405 4909 2622 4972 all'erre,
2656 4917 2711 4964 et
2741 4910 2810 4964 ab
2855 4910 3103 4966 Ecclesia
3153 4909 3399 4964 veritatis
3433 4922 3715 4963 sermones

2139 5001 2442 5068 abjudicas,
2469 5001 2629 5071 363
2661 5001 2820 5069 quasi
2860 5001 2931 5054 ita
2965 5007 3215 5056 sanctum
3252 4999 3354 5053 Lot
3396 4998 3710 5066 alloquare:

2141 5089 2293 5143 Educ
2321 5091 2459 5144 viros
2483 5091 2627 5144 illos.
2665 5088 2866 5144 Verum
2900 5099 3025 5144 tuus
3056 5089 3108 5141 in
3144 5098 3194 5142 te
3218 5094 3448 5141 conatus
3472 5081 3714 5147 recidet;

2140 5197 2243 5236 nec
2285 5181 2406 5237 ideo
2436 5182 2682 5236 veritatis
2720 5181 2844 5236 illos
2897 5195 3178 5236 sermones
3219 5179 3395 5248 ejicis,
3441 5175 3538 5232 sed
3579 5173 3712 5228 tibi-

2142 5275 2360 5346 metipsi
2388 5275 2689 5330 caecitatem
2720 5273 2939 5346 inﬂigis,
2972 5281 3134 5343 atque
3163 5272 3219 5326 in
3246 5269 3574 5328 densissima
3608 5279 3710 5323 nov

1309 5425 1348 5456 υ
1385 5423 1448 5480 F.
1478 5423 1760 5496 ἀγνώστῳ.
1840 5429 1859 5458 ³
1905 5443 1995 5495 πρ.
2029 5444 2038 5478 ι

2138 5427 2296 5482 ιλίου.
2375 5430 2396 5461 ³
2441 5427 2499 5482 F.
2537 5431 2777 5500 συγχεῖς.
2837 5429 2920 5483 ‘ll
2939 5428 3080 5485 Tim.
3109 5446 3194 5494 ιιι,
3229 5430 3315 5485 l5.
3361 5429 3383 5464 ⁸
3409 5429 3534 5485 Act.
3571 5443 3708 5496 xvu,

3472 5631 3708 5689 raverbii

3473 5703 3709 5771 hotium,

2139 5632 2273 5687 mini
2313 5631 2491 5699 legere
2515 5669 2531 5693 ,
2564 5646 2742 5699 neque
2775 5647 2962 5687 verum
3011 5632 3265 5687 arbitror.
3313 5630 3390 5686 De

2138 5703 2288 5774 illius
2320 5701 2796 5774 origine_l_(_pirreg
2834 5703 2921 5757 ἀεὶ
2957 5701 3222 5774 ψεῦσται,
3264 5701 3387 5758 vide

2138 5789 2197 5828 ιι.
2228 5773 2348 5842 190,
2381 5787 2504 5845 pag.
2539 5771 2665 5828 249.
