4186 6374
505 354 609 412 795

1943 361 2002 416 S.
2037 359 2380 416 EPll’llANll

3685 360 3786 415 796

504 477 608 529 ctis
638 473 874 544 caligine
901 474 1163 538 versaris,
1195 475 1340 532 fores
1365 477 1615 548 palpans,
1650 494 1751 533 nec
1780 479 2089 545 inveniens,

2206 480 2389 552 θύραν,
2425 480 2519 533 καὶ
2568 477 2644 550 μὴ
2693 479 2964 550 εὑρίσκων
2992 478 3100 540 ἕως
3127 475 3384 546 ἀνατείλῃ
3431 476 3457 528 6
3499 473 3668 544 ἥλιος,
3697 474 3786 529 καὶ

510 569 688 625 donec
716 569 799 624 sol
827 577 984 624 ortus
1018 568 1204 632 luerit,
1235 570 1624 640 tuquejudicii
1658 571 1802 626 diem
1836 572 2095 643 aspicias,

505 663 565 719 in
610 677 720 735 quo
757 663 1062 718 mendaciis
1104 663 1210 717 tuis
1237 662 1435 718 vindex
1464 663 1605 735 ignis
1640 677 1921 720 occurrat.
1963 666 2097 722 Nam

505 755 598 811 hic
629 764 704 819 te,
737 755 818 810 uti
845 754 1020 821 vides,
1047 762 1350 824 exspectat.
1382 755 1654 811 Caeterum
1686 758 1828 828 apud
1862 759 2098 829 Aposto-

507 849 620 903 lum
651 864 762 902 non
797 848 1016 918 legitur,
1048 857 1261 917 propter
1291 848 1490 918 legem;
1526 849 1622 905 sed
1658 851 1788 906 illud
1819 868 1849 906 a
1899 860 1951 907 te
1979 869 2101 922 per-

505 955 694 1012 peram
728 948 813 995 est
850 939 1144 1010 adjectum.
1171 939 1327 1006 Quod
1359 941 1404 994 si
1439 941 1585 996 istud
1615 943 1940 1007 addidisset,
1966 960 2100 998 con-

507 1041 831 1088 sentaneum
880 1034 929 1086 ei
977 1022 1138 1098 foret,
1184 1032 1329 1096 quod
1373 1034 1441 1087 ab
1485 1035 1604 1104 ejus
1650 1035 1878 1089 Domino
1923 1036 2100 1090 funerat

507 1123 746 1178 dictum:
785 1123 904 1178 Non
937 1125 1156 1180 venisse
1201 1140 1260 1179 se
1295 1134 1356 1179 ut
1401 1126 1573 1196 legem
1605 1127 1860 1190 solveret,
1911 1127 2008 1181 sed
2043 1134 2099 1180 ut

509 1217 834 1288 adimpleret
855 1218 893 1272 ⁸.

583 1307 768 1364 Schol.
802 1310 870 1363 M
903 1318 960 1364 et
985 1309 1078 1364 22.
1124 1308 1190 1363 1η
1237 1310 1343 1381 lege
1377 1312 1634 1380 scriptum
1678 1322 1754 1365 est
1785 1326 1804 1365 :
1833 1312 2098 1378 Quoniam

508 1401 563 1455 in
595 1402 716 1455 aliis
747 1401 940 1472 linguis
993 1418 1045 1456 et
1069 1402 1223 1456 labiis
1247 1403 1370 1456 aliis
1403 1403 1592 1472 loquar
1618 1403 1808 1472 populo
1839 1404 1960 1457 huic
1982 1407 2025 1458 ⁸.

581 1583 768 1639 ltelut.
806 1583 873 1637 Η
917 1590 970 1638 et
993 1582 1084 1637 22.
1126 1581 1241 1637 Nisi
1278 1583 1368 1636 illa
1407 1600 1529 1653 qua:
1571 1585 1626 1638 in
1676 1585 1792 1655 lege
1838 1593 2098 1656 prmmcta

508 1676 729 1731 fuerant
763 1674 1029 1730 Dominus
1059 1676 1361 1746 implesset,
1388 1676 1520 1746 quid
1562 1678 1828 1732 attinebat
1866 1679 2100 1748 Aposto-

508 1767 623 1822 lum
671 1781 736 1821 ea
775 1781 1230 1831 commemorare,
1259 1782 1381 1836 qua:
1423 1783 1490 1821 ex
1527 1766 1645 1837 lege
1677 1767 1848 1822 veteri
1880 1767 2098 1823 fuerant

2204 575 2320 646 ἴδῃς
2348 575 2448 644 τὴν
2469 573 2683 644 ἡμέραν
2707 573 2806 642 τῆς
2831 573 3064 642 κρίσεως
3083 589 3094 601 ·
3121 572 3178 623 ὲν
3266 571 3359 624 καὶ
3387 569 3448 621 τὸ
3477 567 3588 637 πῦρ
3615 568 3775 620 ἀπαν-

2199 669 2422 738 τήσεται
2451 668 2516 736 τῇ
2560 668 2624 735 σῇ
2655 663 3010 734 ψευδηγορίᾳ.
3043 662 3215 715 Τοῦτο
3240 662 3350 732 γάρ
3385 677 3444 713 σε
3489 659 3785 729 ἐκδέχεται,

2199 759 2274 820 ὼς
2302 760 2454 829 ὁρᾷς.
2483 755 2620 809 Οὔτε
2655 754 2764 825 γὰρ
2798 757 2977 806 κεῖται
3023 753 3176 825 παρὰ
3214 751 3293 823 τῷ
3324 749 3658 818 Ἀποστόλῳ,
3692 747 3790 800 διὰ

2199 854 2308 906 τὸν
2329 853 2537 920 νόμον,
2571 849 2664 903 καὶ
2696 846 2848 918 παρὰ
2891 846 2974 899 σοὶ
3014 845 3172 899 τοῦτο
3197 845 3607 916 πεποιήτευται.
3649 843 3710 897 El
3733 842 3789 893 δὲ

2200 947 2294 999 καὶ
2319 944 2504 1011 ἔλεγεν
2529 944 2558 995 6
2584 940 2929 1005 Ἀπόστολος,
2957 938 3057 994 διὰ
3081 940 3188 992 τὸν
3212 938 3422 1008 νόμον,
3453 937 3789 1008 συνᾳδόντως

2199 1036 2351 1104 ἔλεγε
2379 1034 2457 1104 τῷ
2484 1033 2677 1087 ἑαυτοῦ
2699 1030 2907 1103 Κυρίῳσ
2933 1030 3045 1100 υὺχ
3079 1030 3164 1083 ἵνα
3193 1029 3472 1100 καταλύσῃ
3489 1029 3578 1081 τὸν
3606 1027 3788 1098 νόμον,
3848 1081 3852 1084 γ

2198 1129 2314 1183 ἀλλ’
2350 1129 2436 1181 ἵνα
2464 1127 2573 1198 πλη
2582 1124 2750 1198 ρὼσῃ.

2270 1315 2330 1368 ιδ’
2361 1314 2454 1368 καὶ
2483 1314 2567 1384 κβ’
2603 1314 2750 1385 σχόλ.
2790 1316 2893 1370 Ἐν
2915 1316 2995 1381 τῷ
3024 1315 3186 1382 νόμῳ
3205 1313 3548 1383 γέγραπταῐ,
3579 1312 3666 1365 ὅτι
3688 1312 3780 1366 Ἔν

2198 1406 2675 1474 ἑτερογλώσσοις
2699 1449 2714 1472 ,
2767 1408 2864 1461 καί
2925 1407 3200 1476 χείλεσιν
3258 1404 3483 1473 ἑτέροις
3539 1403 3787 1470 λαλήσω

2200 1497 2354 1565 πρὸς
2379 1496 2487 1549 τὸν
2513 1497 2670 1550 λαὸν
2700 1499 2940 1554 τοῦτον.

2273 1587 2333 1641 ιδ’
2369 1590 2461 1642 καὶ
2489 1588 2571 1659 κβ¹
2600 1589 2780 1661 ἔλεγχ,
2822 1588 2887 1642 Εἰ
2933 1589 3008 1660 μὴ
3050 1587 3339 1660 ἐπλήρωσε
3383 1586 3590 1658 Κύριος
3632 1585 3701 1639 τὰ
3733 1585 3789 1638 ὲν

2196 1679 2275 1750 τῷ
2324 1679 2474 1749 νόμῳ
2506 1677 2901 1749 προειρημένα,
2935 1679 3018 1741 τίς
3042 1673 3110 1748 ἦν
3145 1678 3300 1748 χρεία
3345 1677 3436 1730 τὸν
3472 1675 3791 1730 Ἀπὸστολον

2199 1773 2515 1845 ὑπομνῆσαι
2545 1770 2613 1824 τὰ
2643 1770 2752 1824 ἀπὸ
2774 1769 2940 1840 νόμου
2970 1772 3028 1823 ὲν
3056 1770 3233 1838 Καινῇ
3264 1766 3512 1840 Διαθήκῃ
3553 1766 3791 1838 πληρού-

508 1857 566 1913 ἱιι
614 1856 766 1913 Novo
811 1855 1166 1912 Testamento
1206 1859 1482 1927 perlecta?
1523 1858 1996 1924 Quemadmodum
2043 1871 2097 1916 et

2206 1882 2376 1938 μενα;
2416 1865 2504 1926 Ὦς
2533 1863 2628 1916 καὶ
2653 1863 2682 1915 6
2717 1861 2910 1934 Σωτὴρ
2939 1861 3163 1926 ἔδειξεν,
3191 1861 3275 1914 ὅτι
3305 1859 3469 1922 αὑτὸς
3511 1853 3582 1929 ἦν
3626 1861 3654 1912 6
3701 1858 3790 1911 mi

511 1945 765 2002 Salvator
797 1947 916 2017 ipse
937 1947 1301 2012 demonstrat,
1331 1949 1582 2004 eumdem
1614 1965 1673 2006 se
1697 1965 1839 2017 esse,
1867 1953 1960 2022 qui
1983 1960 2100 2007 tum

510 2039 567 2096 in
603 2040 720 2112 lege
758 2040 974 2095 locutus
1001 2049 1104 2105 est,
1136 2040 1191 2095 in
1221 2040 1367 2096 hunc
1389 2042 1609 2096 modum
1652 2042 2044 2101 interminatus
2081 2064 2095 2100 :

511 2129 643 2187 Ideo
677 2132 909 2201 oﬂ'ensus
943 2131 1022 2200 [ui
1064 2131 1391 2202 generationi
1437 2133 1580 2198 huic,
1617 2143 1668 2188 et
1701 2133 1817 2188 dixi
1839 2120 1870 2188 τ’
1885 2134 2102 2204 Semper

510 2223 566 2278 hi
580 2234 762 2278 errant
790 2227 948 2278 corde
969 2225 1029 2291 ’ς
1063 2232 1119 2279 et
1145 2241 1159 2278 :
1186 2221 1377 2278 luravi
1397 2225 1445 2278 si
1471 2224 1766 2279 introibant
1789 2227 1843 2280 in
1873 2229 2102 2299 requiem

510 2318 750 2373 meam‘.
804 2315 1100 2388 Propterea
1158 2317 1213 2370 in
1263 2317 1388 2372 aliis
1427 2317 1626 2388 linguis
1681 2318 1991 2374 locuturum
2043 2335 2104 2376 se

512 2425 640 2465 esse
671 2408 1040 2470 denuntiavit,
1070 2416 1130 2461 ut
1159 2417 1216 2462 et
1245 2408 1464 2464 locutus
1485 2417 1608 2478 est;
1634 2425 1734 2465 nec
1763 2411 1998 2478 ingressi
2026 2412 2103 2466 illi

513 2509 664 2556 sunt.
736 2498 1069 2569 Hujusmodi
1121 2499 1268 2554 enim
1322 2500 1584 2570 quiddam
1642 2501 1932 2572 discipulis
1987 2504 2103 2560 suis

508 2592 718 2647 dixisse
744 2591 943 2662 legitur
971 2609 986 2643 :
1030 2589 1184 2644 Vobis
1215 2589 1401 2643 datum
1432 2600 1510 2644 est
1553 2608 1705 2646 nosse
1724 2595 1978 2663 mysteria
2023 2610 2106 2648 re-

511 2684 600 2754 gni
638 2682 771 2748 Dei;
806 2682 916 2736 illis
953 2691 1130 2735 autem
1175 2683 1231 2735 in
1274 2682 1568 2752 parabolis,
1618 2693 1677 2737 ut
1720 2686 1951 2741 videntes
1999 2703 2106 2740 non

510 2777 722 2832 videant
743 2776 787 2838 ',
819 2783 926 2831 etc.
977 2774 1114 2830 Cum
1149 2773 1334 2844 itaque
1383 2775 1436 2829 in
1467 2774 1620 2831 Novo
1653 2775 2006 2834 Testamento
2039 2795 2104 2835 ea

514 2869 720 2940 ubique
755 2869 868 2925 sint
905 2869 1149 2938 impleta,
1190 2885 1312 2938 qua:
1344 2869 1398 2922 in
1433 2866 1624 2923 Vetere
1648 2870 2102 2936 continebantur,

511 2963 768 3018 dubitare
817 2977 978 3016 nemo
1014 2967 1215 3031 potest,
1249 2961 1382 3030 quin
1432 2959 1680 3030 ejusdem
1716 2961 1880 3016 ambo
1913 2961 2107 3017 Testa-

512 3063 697 3111 menta
735 3053 827 3108 Dei
865 3054 996 3117 sint,
1033 3069 1142 3107 non
1178 3053 1404 3110 alterius
1433 3069 1497 3107 ac
1529 3053 1749 3108 diversi.

585 3145 773 3202 Schol.
829 3147 893 3201 15
941 3155 994 3202 et
1038 3145 1130 3204 ‘23.
1172 3143 1422 3200 Mulieres
1474 3146 1530 3199 in
1573 3146 1799 3200 ecclesia
1869 3155 2098 3200 taceant.

513 3238 640 3294 Non
683 3241 822 3294 enim
850 3239 1174 3308 permittitur
1205 3238 1315 3291 illis
1347 3237 1526 3308 loqui;
1557 3239 1647 3291 sed
1693 3236 1920 3292 subdita:
1971 3240 2100 3304 sint,

510 3332 647 3386 sicut
675 3341 724 3385 et
760 3333 844 3383 lex
869 3329 1057 3382 dicit‘.

585 3422 770 3478 llel‘ut.
805 3423 871 3477 15
905 3433 961 3477 et
993 3425 1084 3477 25.
1127 3421 1183 3476 Si
1225 3437 1290 3477 ex
1335 3420 1468 3490 legis
1503 3421 1825 3490 praescripto
1867 3419 2103 3476 sanctis-

511 3515 686 3570 simus
714 3514 808 3569 Dei
848 3516 1144 3584 Apostolus
1182 3513 1439 3568 Ecclesiae
1469 3512 1717 3567 ordinem
1773 3527 1837 3567 ac
1867 3512 2106 3581 discipli-

513 3624 641 3664 nam
675 3609 982 3670 constituit,
1028 3624 1136 3662 non
1170 3609 1274 3662 erit
1305 3607 1392 3661 lex
1422 3607 1634 3663 ordinis
1681 3622 1898 3676 expers,
1934 3622 1964 3660 e
1997 3620 2104 3676 qua

511 3700 763 3756 ordinem
794 3700 1090 3771 Apostolus
1119 3700 1436 3765 transtulit;
1468 3715 1644 3770 neque
1691 3700 1759 3754 ab
1789 3699 1967 3753 alieno
1997 3697 2104 3752 Deo

514 3794 934 3865 proﬁciscetur,
984 3809 1105 3863 qua:
1151 3795 1271 3847 viro
1316 3792 1572 3847 feminam
1631 3808 1752 3847 esse
1799 3792 2103 3860 subjecta":

515 3886 780 3956 praecipit.
816 3884 930 3940 lloc
964 3886 1112 3940 enim
1151 3894 1206 3940 et
1238 3886 1503 3956 Apostolo
1549 3886 1605 3940 in
1668 3883 1971 3938 condendis
2004 3883 2106 3937 Ec-

517 3978 700 4034 clesia:
732 3978 944 4048 legibus
975 3978 1200 4048 placuit,
1241 3988 1296 4032 ut
1327 3979 1442 4048 ipse
1473 3986 1731 4042 testatur,
1757 3975 1922 4048 364
1952 3975 2103 4032 Sicut

515 4080 567 4126 et
595 4070 680 4124 lex
702 4069 851 4123 dicit.
888 4070 994 4125 Sed
1039 4071 1262 4124 ubinam
1287 4071 1506 4124 demum
1537 4071 1639 4125 ista
1673 4071 1757 4125 lex
1797 4071 1974 4124 dicit?
2012 4068 2106 4122 Ni-

517 4165 717 4218 mirum
761 4178 827 4216 eo
863 4163 917 4215 in
947 4163 1086 4225 loco,
1129 4161 1220 4215 ubi
1267 4163 1339 4215 ita
1370 4161 1634 4216 Dominus
1670 4161 1832 4214 Evam
1872 4160 2105 4230 alloqui-

516 4265 608 4310 tur
637 4274 649 4310 :
683 4254 764 4308 Ad
798 4254 967 4307 virum
996 4255 1096 4308 erit
1143 4254 1410 4307 conversio
1450 4262 1565 4317 tua,
1597 4262 1647 4307 et
1671 4254 1780 4322 ipse
1807 4253 2108 4307 dominabi-

519 4357 608 4400 tur
639 4347 790 4400 tibi'.
843 4345 1002 4410 Nam,
1053 4345 1156 4400 etsi
1198 4345 1475 4416 plerisque
1523 4344 1737 4398 aliisin
1779 4345 1914 4408 locis
1964 4344 2105 4400 idem

518 4441 812 4510 repetitum
861 4438 1066 4503 fuerit;
1101 4438 1211 4491 illic
1251 4445 1434 4490 tamen
1479 4437 1712 4506 primum
1759 4445 1842 4490 est
1882 4450 2109 4503 usurpa-

2199 1959 2322 2012 τότε
2348 1959 2405 2010 ἐν
2434 1957 2584 2027 νόμῳ
2607 1955 2870 2026 λαλήσας,
2901 1955 2995 2008 καὶ
3025 1953 3167 2008 κατὰ
3199 1951 3431 2022 ἀπειλὴν
3462 1951 3652 2021 ὁρίσας
3698 1950 3793 2003 αὑ-

2199 2051 2312 2112 τοῖς
2335 2047 2539 2115 λέγων·
2566 2046 2663 2100 Διύ
2691 2045 3102 2115 προσώχθησα
3134 2043 3210 2112 τῇ
3237 2041 3413 2112 γενεᾷ
3445 2043 3657 2109 ταύτῃ,
3695 2040 3792 2094 καὶ

2200 2135 2402 2194 εἷπονο
2421 2136 2538 2192 Ἀεὶ
2579 2134 2924 2190 πλανῶνται
2961 2133 3035 2202 τῇ
3063 2132 3277 2202 καρδίῃ
3301 2145 3316 2159 ⁸
3350 2131 3465 2195 καὶ,
3490 2132 3718 2200 Ὥμοσα
3741 2131 3794 2182 εί
3898 2196 3901 2198 η

2200 2232 2654 2288 εἰσελεύσονται
2695 2231 2784 2295 εἰς
2826 2227 2943 2295 τὴν
2988 2223 3376 2279 κατάπαυσίν
3398 2240 3538 2292 μου.
3579 2220 3673 2273 Διὸ
3701 2221 3794 2274 καὶ

2203 2329 2262 2380 ὲν
2290 2321 2712 2396 ἑτερογλώσσοις
2732 2319 3100 2390 ἐπηγγείλατο
3119 2318 3350 2388 λαλῆσαι
3372 2319 3576 2380 αὐτοῖς,
3601 2317 3676 2381 ὠς
3699 2317 3794 2370 stati.

2204 2418 2466 2489 ὲλάλησε·
2495 2416 2593 2470 καὶ
2641 2415 2742 2468 οὑκ
2789 2413 3058 2483 εἰσῆλθον.
3097 2411 3270 2464 Τοῦτο
3323 2410 3431 2482 γὰρ
3483 2409 3796 2481 εὑρίσκεται

2203 2508 2382 2578 λέγων
2400 2509 2513 2570 τοῖς
2541 2505 2707 2560 αὑτοῦ
2741 2505 3009 2576 μαθηταῖς
3024 2521 3038 2534 ’
3083 2501 3242 2572 Ὑμῖν
3262 2501 3502 2555 δεδοται
3525 2497 3795 2567 λαλῆσαι

2204 2600 2277 2654 τὰ
2294 2597 2602 2669 μυστήρια
2630 2594 2740 2663 τῆς
2763 2594 3088 2660 ,βασιλείας
3108 2611 3121 2625 ο
3156 2593 3412 2659 ἐκείνοις
3434 2591 3503 2645 δὲ
3523 2593 3593 2645 ἐν
3615 2605 3785 2659 παρα

2205 2690 2436 2757 ϐολαῖς,
2465 2691 2566 2742 ἵνα
2588 2687 2927 2753 ,βλέποντες
2961 2686 3048 2756 μὴ
3085 2686 3388 2751 βλέπωσι,
3432 2685 3523 2738 καὶ
3551 2685 3618 2738 τά
3650 2684 3792 2754 ἑξῆς.

2206 2781 2492 2852 Πανταχοῦ
2526 2780 2708 2833 τοίνυν
2739 2781 2798 2832 ἐν
2832 2781 2898 2850 τῇ
2934 2781 3109 2850 Καινῇ
3136 2778 3207 2831 τὰ
3235 2777 3346 2832 ἀπὸ
3375 2776 3619 2840 Παλαιᾶς
3663 2776 3796 2846 πλη⁴

2209 2869 2471 2950 ροὺμενα.
2504 2873 2663 2927 παντί
2688 2891 2765 2943 τῳ
2793 2871 2962 2940 σαφές
2989 2873 3156 2930 ἐστιν,
3194 2871 3276 2924 ὅτι
3307 2871 3404 2941 οὑχ
3440 2870 3624 2941 ἐτέρου
3663 2868 3797 2923 Θεοῦ

2206 2972 2302 3024 καὶ
2331 2971 2544 3046 ἐτέρου,
2578 2968 2714 3022 ἀλλὰ
2734 2966 2827 3021 τοῦ
2854 2965 3020 3020 αὑτοῦ
3045 2966 3100 3018 αἱ
3121 2965 3215 3018 δύο
3231 2964 3494 3036 Διαθῆκαι
3519 2963 3796 3018 συνίσταν·

2207 3082 2317 3118 ται.

2280 3163 2340 3211 ιε’
2374 3155 2468 3210 καὶ
2496 3161 2580 3220 κγ’
2611 3152 2760 3225 σχόλ.
2801 3155 2869 3207 Al
2900 3149 3188 3222 γυναῖκες
3235 3149 3306 3203 ἐν
3365 3148 3668 3216 ἐκκλησίᾳ
3709 3161 3787 3200 σι-

2208 3248 2507 3320 γάτωσαν.
2535 3247 2618 3300 Οὺ
2647 3245 2761 3315 γὰρ
2789 3243 3163 3312 ἐπιτρέπεται
3187 3243 3400 3306 αὑταῖς
3424 3240 3660 3304 λαλεῖν,
3693 3239 3796 3293 ἀλα

2204 3339 2285 3395 λὰ
2311 3339 2896 3400 ὑποτασσέσθωσαν,
2928 3336 3124 3402 καθὼς
3149 3335 3246 3388 καὶ
3272 3337 3305 3387 ό
3339 3335 3532 3403 νόμος
3563 3333 3748 3402 λέγει.

2279 3441 2339 3488 ιε’
2370 3434 2464 3486 καὶ
2489 3439 2572 3502 κγ’
2609 3432 2789 3501 ἐλεγχ.
2835 3432 2895 3483 El
2927 3429 3070 3483 κατὰ
3109 3429 3202 3482 τὸν
3240 3428 3405 3497 νόμον
3451 3426 3797 3480 διατάσσετσι⁹

2206 3529 2234 3581 ὁ
2276 3527 2430 3595 ἆγιος
2463 3525 2558 3578 τοῦ
2606 3523 2742 3577 Θεοῦ
2775 3522 3096 3584 Ἀπόστολος
3137 3519 3235 3590 τὴν
3283 3516 3536 3580 εὐταξίαν
3565 3520 3632 3586 τῇ
3670 3516 3794 3586 ἁγίᾳ

2205 3617 2300 3670 τοῦ
2336 3614 2472 3668 Θεοῦ
2505 3612 2827 3684 Ἐκκλησία,
2855 3612 2954 3664 οὐκ
2981 3611 3216 3672 ἄτακτος
3241 3611 3268 3662 6
3293 3610 3478 3679 νόμος,
3507 3608 3598 3675 ἀφ’
3629 3600 3802 3678 οὗπερ

2206 3709 2306 3779 τὴν
2327 3706 2578 3773 εὐταξίαν
2610 3704 3032 3776 μετακομίζεται
3048 3718 3060 3731 ·
3089 3702 3210 3755 οὐδὲ
3237 3699 3518 3770 ἀλλοτρίου
3542 3699 3677 3752 Θεοῦ
3700 3699 3802 3750 ὑπ-

2209 3801 2366 3871 άρχει
2401 3803 2428 3854 ὁ
2457 3801 2640 3870 νόμος,
2671 3799 2770 3868 τὴν
2798 3800 3033 3866 γυναῖκα
3072 3793 3457 3857 καθυποτάξας
3501 3790 3578 3860 τῷ
3625 3789 3799 3862 ἀνδρί.

2207 3891 2540 3962 Συναρέσκει
2583 3890 2690 3961 γὰρ
2724 3890 2817 3942 καὶ
2843 3888 3154 3959 Ἀποστόλῳ
3185 3887 3344 3940 τοῦτο
3373 3887 3430 3938 ἐν
3459 3887 3522 3956 τῇ
3547 3885 3645 3955 τῆς
3677 3883 3802 3936 Ἐκ-

2208 3985 2434 4056 κλησίας
2469 3983 2779 4054 νομοθεσίᾳ,
2808 3983 2883 4046 ὦς
2926 3977 3096 4053 φησί’
3145 3979 3352 4045 Καθὼς
3391 3977 3490 4033 καὶ
3538 3981 3570 4030 ό
3620 3977 3802 4045 νόμος

2207 4075 2391 4145 λέγει.
2433 4075 2545 4128 Ποῦ
2595 4075 2652 4128 δὲ
2705 4077 2732 4128 6
2769 4071 2921 4128 εἶπεν
2955 4076 2984 4127 6
3011 4073 3208 4145 νόμος
3245 4071 3412 4124 Ἀλλὰ
3439 4073 3496 4124 ὲν
3527 4070 3606 4141 τῷ
3629 4071 3802 4123 εἰπεῖν

2208 4167 2299 4220 τὸν
2333 4167 2466 4219 Θεὸν
2498 4167 2636 4237 πρὸς
2660 4167 2725 4237 τὴ
2736 4185 2758 4219 «ι
2782 4165 2926 4220 Εὕαν
2945 4166 3107 4227 εὐθύς
3127 4182 3142 4196 ·
3172 4165 3327 4232 Πρὸς
3348 4163 3456 4216 τὸν
3476 4162 3665 4229 ἄνδρα
3686 4178 3802 4215 σου

2208 4259 2247 4325 ἡ
2280 4255 2636 4325 ἀποστροφή
2691 4272 2831 4321 σου,
2877 4257 2973 4309 καὶ
3018 4256 3201 4320 αὑτός
3230 4272 3346 4308 σου
3377 4254 3698 4323 κυριεύσει.
3739 4253 3803 4306 El

2209 4348 2319 4420 γὰρ
2363 4349 2458 4402 καὶ
2491 4351 2548 4401 ὲν
2574 4349 2754 4412 ἄλλοις
2784 4349 2988 4413 τόποις,
3022 4347 3157 4401 ἀλλὰ
3194 4346 3445 4400 ἐντεῦθεν
3478 4349 3510 4415 ἡ
3543 4347 3706 4418 ἀρχή.
3739 4342 3802 4397 Ei

2209 4444 2389 4496 τοίνυν
2422 4443 2529 4495 ἀπὸ
2573 4443 2694 4495 τότε
2740 4445 2772 4512 ὴ
2823 4443 2960 4513 γυνὴ
3013 4442 3260 4511 ὑπετάγη
3293 4443 3358 4493 ὲκ
3383 4440 3804 4509 προστάγματος

519 4539 659 4584 tum.
687 4527 806 4583 Jam
833 4543 958 4582 cum
990 4544 1056 4582 ex
1098 4528 1192 4580 illo
1223 4535 1472 4597 tempore
1500 4527 1760 4596 deinceps
1795 4527 1990 4581 mulier
2019 4527 2105 4580 di-

2217 4534 2354 4587 Θεοῦ
2383 4533 2460 4604 τῷ
2488 4534 2662 4605 ἀνδρὶ,
2692 4534 2784 4586 καὶ
2814 4533 3123 4596 ἀκολούθως
3153 4535 3182 4585 ὁ
3203 4530 3527 4591 Ἀπὸστολος
3561 4528 3805 4580 καθυπο·

518 4621 648 4675 vino
677 4619 936 4674 mandato
964 4618 1083 4671 viro
1113 4619 1364 4686 subjecta
1392 4605 1516 4672 esse
1546 4617 1800 4686 cmpcrit,
1841 4624 1897 4671 et
1937 4617 1990 4670 id
2027 4634 2116 4672 se-

519 4721 683 4768 cutus
725 4711 1024 4782 Apostolus
1066 4711 1315 4765 eamdem
1358 4711 1680 4779 subjecerit,
1722 4724 1822 4764 nec
1862 4710 1939 4764 illi
1983 4709 2114 4774 Deo,

519 4807 614 4878 qui
637 4807 812 4861 virum
839 4803 1461 4874 feminamquecondidit
1484 4805 1824 4859 contrarium
1851 4803 2116 4874 quiddam

522 4892 865 4962 praeceperit,
927 4889 1086 4959 plane
1136 4889 1285 4944 istud
1335 4888 1576 4954 indicat,
1631 4889 1877 4958 ejusdem
1928 4905 1986 4944 se
2023 4888 2118 4944 Dei

517 4984 828 5055 apostolum
857 4998 920 5036 ac
950 4981 1316 5052 Iegislatorem
1351 4996 1497 5044 esse,
1527 4997 1557 5034 a
1592 4995 1702 5049 quo
1743 4979 1826 5033 lex
1857 4980 1975 5049 ipsa
2005 4976 2111 5032 Ve-

519 5086 720 5148 tusque
754 5082 840 5131 est
870 5075 1282 5130 Testamentum
1317 5089 1480 5127 omne
1505 5073 1814 5127 derivatum
1844 5090 1854 5124 :
1885 5071 1972 5125 cui
2000 5071 2110 5123 No-

519 5186 650 5225 vum
691 5170 879 5236 etiam,
911 5167 1157 5238 adeoque
1183 5177 1478 5234 utrumque
1501 5164 1911 5221 Testamentum
1946 5162 2112 5216 tribui

518 5270 791 5332 oporteat,
831 5261 978 5330 quod
1015 5259 1321 5324 mulierem,
1351 5265 1411 5311 ut
1457 5257 1607 5316 olim,
1650 5257 1724 5309 ita
1760 5263 1813 5308 et
1857 5268 2002 5307 nunc
2043 5250 2116 5307 ob

522 5355 669 5424 piam
707 5361 873 5422 atque
903 5351 1226 5422 azquabilem
1267 5350 1702 5406 moderationem
1750 5347 1870 5402 viro
1923 5347 2114 5404 subdi-

520 5458 634 5504 tam
661 5463 784 5504 esse
809 5446 1108 5517 praecipiat.

596 5538 778 5594 Schol.
821 5536 889 5589 lli
934 5545 988 5590 et
1035 5535 1127 5591 24.
1169 5535 1245 5592 De
1290 5533 1694 5591 resurrectione
1743 5539 2108 5586 mortuorum.

523 5633 729 5688 Notum
759 5640 936 5684 autem
959 5629 1098 5684 vobis
1135 5629 1297 5699 facio,
1327 5630 1544 5699 fratres,
1577 5626 1946 5694 Evangelium,
1973 5623 2112 5696 quod

600 5757 617 5785 ‘
650 5753 838 5807 Matth.
870 5766 925 5813 ν,
954 5750 1044 5804 Π.

530 5825 617 5880 ιι.
695 5825 715 5856 ⁸⁵
756 5823 774 5876 l
805 5823 933 5878 Cor.
971 5834 1086 5883 xw,
1117 5819 1208 5875 '56.
1285 5821 1306 5851 '
1343 5818 1477 5873 Gen.
1511 5833 1592 5884 ιιι,
1629 5814 1714 5870 16.

1191 5749 1212 5778 ³
1241 5749 1259 5802 l
1292 5747 1419 5800 Cor.
1454 5761 1565 5805 xw,
1600 5743 1663 5796 2t
1696 5762 1710 5807 ;
1752 5742 1857 5800 lsa.
1896 5757 2090 5809 xxvul,
2131 5739 2218 5796 ll.

2210 4627 2403 4679 τάσσει
2436 4627 2639 4697 ταύτην
2661 4644 2674 4657 ο
2711 4627 2812 4678 οὑκ
2841 4625 3138 4688 ἀντιθέτως
3168 4624 3246 4695 τῷ
3281 4625 3566 4692 ποιήσαντι
3597 4621 3688 4674 τὸν
3716 4621 3805 4674 ἄν·

2214 4717 2433 4790 θρωπον
2462 4721 2556 4772 καὶ
2584 4719 2681 4789 τὴν
2714 4721 2951 4788 γυναῖκα
2975 4718 3092 4789 Θεῷ
3126 4718 3288 4779 αὑτὸς
3321 4715 3581 4777 κελεύων,
3605 4715 3805 4767 δείκνυ·

2217 4827 2302 4862 σιν
2334 4809 2658 4875 ὲξάπαντος,
2689 4811 2771 4863 ὅτι
2825 4809 2918 4863 τοῦ
2965 4809 3128 4862 αὑτοῦ
3164 4807 3298 4862 Θεοῦ
3328 4808 3562 4879 ὑπάρχει
3591 4808 3620 4858 6
3647 4805 3806 4858 Ἀπό-

2218 4902 2405 4966 στολος
2425 4902 2720 4972 νομοθέτης
2737 4900 2896 4965 Θεοῦ,
2919 4895 2981 4955 οὗ
3004 4901 3098 4955 καὶ
3124 4902 3151 4952 6
3175 4901 3337 4969 νόμος
3357 4895 3444 4970 ἦν,
3476 4899 3569 4952 καὶ
3592 4899 3625 4968 ἡ
3659 4897 3807 4950 πᾶσα

2218 4995 2431 5048 Παλαιὰ
2477 4995 2752 5064 Διαθὴκη·
2790 4995 2886 5047 καὶ
2917 4994 3011 5047 τοῦ
3045 4991 3208 5046 αὑτοῦ
3252 4995 3285 5063 η
3323 4991 3498 5062 Καινὴ
3541 4989 3806 5060 Διαθήκη,

2218 5085 2496 5138 τουτέστιν
2532 5086 2590 5138 αί
2620 5084 2712 5138 δύο
2739 5085 3026 5153 Διαθῆκαι,
3058 5088 3112 5138 αἱ
3143 5085 3241 5156 τὴν
3275 5087 3508 5152 γυναῖκα
3551 5083 3672 5135 τότε
3716 5083 3808 5136 καὶ

2222 5175 2316 5228 νῦν
2340 5175 2788 5242 καθυποτάξασαι
2821 5176 2899 5248 τῷ
2932 5176 3086 5248 ἀνδρὶ
3118 5177 3185 5229 δι’
3213 5175 3415 5246 εὐσεϐῆ
3444 5175 3538 5229 καὶ
3567 5174 3808 5245 ἀντίρροσ

2224 5283 2324 5320 πον
2346 5266 2616 5334 εὐταξίαν.

2296 5538 2372 5597 ις’
2403 5531 2500 5584 καὶ
2525 5532 2602 5584 κδ’
2635 5531 2784 5602 σχόλ.
2828 5532 2964 5603 Περὶ
2989 5531 3338 5591 ἀναστασεως
3371 5526 3604 5597 νεκρῶν.
3642 5527 3802 5578 Γνω-

2213 5623 2350 5692 ρίζω
2381 5624 2449 5678 δὲ
2487 5624 2649 5690 ὑμῖν,
2683 5625 2958 5693 ἀδελφοὶ,
2992 5625 3056 5677 τὸ
3089 5621 3467 5692 Εὑαγγέλιοη
3513 5618 3544 5670 ὂ
3568 5619 3810 5686 εὐηγγε-

2371 5741 2392 5773 ³
2427 5738 2572 5798 Psal.
2611 5756 2757 5811 xcrv,
2793 5739 2862 5795 l0
2995 5738 3016 5770 ⁸
3051 5737 3184 5794 ibid.
3217 5737 3301 5795 ll.
3403 5739 3424 5771 '
3449 5737 3639 5794 Matth.
3685 5751 3806 5800 xm,
