  <div class='ocr_page' id='page_1' title='image "/cluster/home/n/w/nwhite01/storage/ocr_20150623/41/nnc1.0046978747/442.png"; bbox 0 0 4186 6374; ppageno 0'>
   <div class='ocr_carea' id='block_1_1' title="bbox 417 380 522 438">
    <p class='ocr_par' dir='ltr' id='par_1_1' title="bbox 417 380 522 438">
     <span class='ocr_line' id='line_1_1' title="bbox 417 380 522 438; baseline -0.029 1"><span class='ocrx_word' id='word_1_1' title='bbox 417 380 522 438; x_wconf 75' lang='lat'><strong>797</strong></span> 
     </span>
    </p>
   </div>
   <div class='ocr_carea' id='block_1_2' title="bbox 1129 357 3096 436">
    <p class='ocr_par' dir='ltr' id='par_1_2' title="bbox 1129 357 3096 436">
     <span class='ocr_line' id='line_1_2' title="bbox 1129 357 3096 436; baseline -0.012 -2"><span class='ocrx_word' id='word_1_2' title='bbox 1129 377 1506 436; x_wconf 79' lang='lat' dir='ltr'><strong><em>ADVERSUS</em></strong></span> <span class='ocrx_word' id='word_1_3' title='bbox 1543 375 1887 435; x_wconf 57' lang='lat' dir='ltr'><strong><em>llrERESES</em></strong></span> <span class='ocrx_word' id='word_1_4' title='bbox 1918 379 2048 435; x_wconf 87' lang='lat' dir='ltr'><strong><em>LIB.</em></strong></span> <span class='ocrx_word' id='word_1_5' title='bbox 2088 375 2132 431; x_wconf 92' lang='grc'>1.</span> <span class='ocrx_word' id='word_1_6' title='bbox 2179 371 2346 428; x_wconf 88' lang='grc' dir='ltr'><strong><em>ΤΟΜ.</em></strong></span> <span class='ocrx_word' id='word_1_7' title='bbox 2388 368 2478 422; x_wconf 91' lang='lat' dir='ltr'><strong><em>lll.</em></strong></span> <span class='ocrx_word' id='word_1_8' title='bbox 2511 393 2581 406; x_wconf 84' lang='lat'><strong><em>--</em></strong></span> <span class='ocrx_word' id='word_1_9' title='bbox 2619 359 2892 418; x_wconf 69' lang='lat' dir='ltr'><strong><em>llAZliES.</em></strong></span> <span class='ocrx_word' id='word_1_10' title='bbox 2933 357 3096 414; x_wconf 80' lang='lat' dir='ltr'><strong><em>XLII.</em></strong></span> 
     </span>
    </p>
   </div>
   <div class='ocr_carea' id='block_1_3' title="bbox 3611 345 3716 402">
    <p class='ocr_par' dir='ltr' id='par_1_3' title="bbox 3611 345 3716 402">
     <span class='ocr_line' id='line_1_3' title="bbox 3611 345 3716 402; baseline 0.019 -3"><span class='ocrx_word' id='word_1_11' title='bbox 3611 345 3716 402; x_wconf 78' lang='lat'><strong><em>798</em></strong></span> 
     </span>
    </p>
   </div>
   <div class='ocr_carea' id='block_1_4' title="bbox 389 467 2040 568">
    <p class='ocr_par' dir='ltr' id='par_1_4' title="bbox 389 495 2018 568">
     <span class='ocr_line' id='line_1_4' title="bbox 389 495 2018 568; baseline 0 -17"><span class='ocrx_word' id='word_1_12' title='bbox 389 495 691 566; x_wconf 70' lang='grc' dir='ltr'><em>ιλισάμην</em></span> <span class='ocrx_word' id='word_1_13' title='bbox 736 495 882 568; x_wconf 81' lang='grc' dir='ltr'><em>ὑμῖν</em></span> <span class='ocrx_word' id='word_1_14' title='bbox 906 513 922 529; x_wconf 90' lang='grc'><strong>·</strong></span> <span class='ocrx_word' id='word_1_15' title='bbox 953 495 1070 563; x_wconf 74' lang='grc' dir='ltr'>καὶ,</span> <span class='ocrx_word' id='word_1_16' title='bbox 1103 495 1187 551; x_wconf 81' lang='grc' dir='ltr'><strong><em>ὅτι</em></strong></span> <span class='ocrx_word' id='word_1_17' title='bbox 1228 497 1300 551; x_wconf 84' lang='lat' dir='ltr'><strong><em>El</em></strong></span> <span class='ocrx_word' id='word_1_18' title='bbox 1324 495 1578 565; x_wconf 78' lang='grc' dir='ltr'><em>Χριστὸς</em></span> <span class='ocrx_word' id='word_1_19' title='bbox 1621 499 1733 552; x_wconf 87' lang='grc' dir='ltr'><strong><em>οὐκ</em></strong></span> <span class='ocrx_word' id='word_1_20' title='bbox 1777 495 2018 568; x_wconf 65' lang='lat' dir='ltr'><strong><em>ervi-rsp-</em></strong></span> 
     </span>
    </p>
   </div>
   <div class='ocr_carea' id='block_1_5' title="bbox 2140 467 3713 568">
    <p class='ocr_par' dir='ltr' id='par_1_5' title="bbox 2140 467 3713 546">
     <span class='ocr_line' id='line_1_5' title="bbox 2140 467 3713 546; baseline -0.016 -1"><span class='ocrx_word' id='word_1_21' title='bbox 2140 489 2406 546; x_wconf 68' lang='grc' dir='ltr'><em>πατάξεαυὶ</em></span> <span class='ocrx_word' id='word_1_22' title='bbox 2455 483 2620 540; x_wconf 86' lang='lat' dir='ltr'><strong><em>vobis.</em></strong></span> <span class='ocrx_word' id='word_1_23' title='bbox 2653 479 2786 534; x_wconf 88' lang='lat' dir='ltr'><strong><em>ltem</em></strong></span> <span class='ocrx_word' id='word_1_24' title='bbox 2820 498 2836 534; x_wconf 88' lang='lat'><strong>:</strong></span> <span class='ocrx_word' id='word_1_25' title='bbox 2867 476 2927 532; x_wconf 90' lang='lat' dir='ltr'><strong><em>Si</em></strong></span> <span class='ocrx_word' id='word_1_26' title='bbox 2969 475 3212 532; x_wconf 75' lang='lat' dir='ltr'><strong><em>Christus</em></strong></span> <span class='ocrx_word' id='word_1_27' title='bbox 3251 488 3355 526; x_wconf 89' lang='lat' dir='ltr'><strong><em>non</em></strong></span> <span class='ocrx_word' id='word_1_28' title='bbox 3399 467 3713 534; x_wconf 67' lang='lat' dir='ltr'><strong><em>resurrexit,</em></strong></span> 
     </span>
    </p>
   </div>
   <div class='ocr_carea' id='block_1_6' title="bbox 417 589 2014 661">
    <p class='ocr_par' dir='ltr' id='par_1_6' title="bbox 417 589 2014 661">
     <span class='ocr_line' id='line_1_6' title="bbox 417 589 2014 661; baseline 0 -19"><span class='ocrx_word' id='word_1_29' title='bbox 417 606 534 653; x_wconf 84' lang='grc' dir='ltr'><em>ται,</em></span> <span class='ocrx_word' id='word_1_30' title='bbox 559 589 834 659; x_wconf 84' lang='grc' dir='ltr'><em>μάταιον,</em></span> <span class='ocrx_word' id='word_1_31' title='bbox 862 591 956 644; x_wconf 77' lang='grc' dir='ltr'><strong><em>καὶ</em></strong></span> <span class='ocrx_word' id='word_1_32' title='bbox 987 589 1056 644; x_wconf 84' lang='grc' dir='ltr'>τὰ</span> <span class='ocrx_word' id='word_1_33' title='bbox 1082 590 1229 661; x_wconf 79' lang='grc' dir='ltr'>ἑξῆς.</span> <span class='ocrx_word' id='word_1_34' title='bbox 1260 589 1458 654; x_wconf 83' lang='grc' dir='ltr'><em>Οὕτως</em></span> <span class='ocrx_word' id='word_1_35' title='bbox 1481 590 1890 658; x_wconf 79' lang='grc' dir='ltr'><strong><em>κηρύσσομεν,</em></strong></span> <span class='ocrx_word' id='word_1_36' title='bbox 1913 589 2014 642; x_wconf 83' lang='grc' dir='ltr'><strong><em>καὶ</em></strong></span> 
     </span>
    </p>
   </div>
   <div class='ocr_carea' id='block_1_7' title="bbox 418 680 2016 750">
    <p class='ocr_par' dir='ltr' id='par_1_7' title="bbox 418 680 2016 750">
     <span class='ocr_line' id='line_1_7' title="bbox 418 680 2016 750; baseline 0.001 -16"><span class='ocrx_word' id='word_1_37' title='bbox 418 681 610 748; x_wconf 87' lang='grc' dir='ltr'><em>οὕτως</em></span> <span class='ocrx_word' id='word_1_38' title='bbox 651 682 1086 737; x_wconf 82' lang='grc' dir='ltr'><strong><em>ἐπιστεύσατε·</em></strong></span> <span class='ocrx_word' id='word_1_39' title='bbox 1124 683 1244 735; x_wconf 85' lang='grc' dir='ltr'><em>’Ότι</em></span> <span class='ocrx_word' id='word_1_40' title='bbox 1292 680 1548 750; x_wconf 84' lang='grc' dir='ltr'><em>Χριστὸς</em></span> <span class='ocrx_word' id='word_1_41' title='bbox 1589 680 1872 746; x_wconf 85' lang='grc' dir='ltr'><em>ἀπέθανε,</em></span> <span class='ocrx_word' id='word_1_42' title='bbox 1915 681 2016 735; x_wconf 83' lang='grc' dir='ltr'><strong><em>καὶ</em></strong></span> 
     </span>
    </p>
   </div>
   <div class='ocr_carea' id='block_1_8' title="bbox 419 773 2016 846">
    <p class='ocr_par' dir='ltr' id='par_1_8' title="bbox 419 773 2016 846">
     <span class='ocr_line' id='line_1_8' title="bbox 419 773 2016 846; baseline -0.004 -14"><span class='ocrx_word' id='word_1_43' title='bbox 419 778 635 846; x_wconf 68' lang='grc' dir='ltr'><em>ἐτάφη,</em></span> <span class='ocrx_word' id='word_1_44' title='bbox 661 775 760 828; x_wconf 72' lang='grc' dir='ltr'><strong><em>καὶ</em></strong></span> <span class='ocrx_word' id='word_1_45' title='bbox 785 775 1097 845; x_wconf 74' lang='grc' dir='ltr'><em>ἐγήγερται</em></span> <span class='ocrx_word' id='word_1_46' title='bbox 1124 773 1198 844; x_wconf 79' lang='grc' dir='ltr'><em>τῇ</em></span> <span class='ocrx_word' id='word_1_47' title='bbox 1226 775 1392 842; x_wconf 83' lang='grc' dir='ltr'><em>τρίτῃ</em></span> <span class='ocrx_word' id='word_1_48' title='bbox 1425 773 1826 843; x_wconf 73' lang='grc' dir='ltr'><em>ἡμέρᾳ.”οταν</em></span> <span class='ocrx_word' id='word_1_49' title='bbox 1861 773 1929 827; x_wconf 87' lang='grc' dir='ltr'><strong><em>δὲ</em></strong></span> <span class='ocrx_word' id='word_1_50' title='bbox 1949 774 2016 827; x_wconf 88' lang='grc' dir='ltr'><em>τὸ</em></span> 
     </span>
    </p>
   </div>
   <div class='ocr_carea' id='block_1_9' title="bbox 421 866 2020 938">
    <p class='ocr_par' dir='ltr' id='par_1_9' title="bbox 421 866 2020 938">
     <span class='ocr_line' id='line_1_9' title="bbox 421 866 2020 938; baseline -0.002 -15"><span class='ocrx_word' id='word_1_51' title='bbox 421 873 533 938; x_wconf 83' lang='grc' dir='ltr'><strong><em>θνη</em></strong></span> <span class='ocrx_word' id='word_1_52' title='bbox 544 870 647 923; x_wconf 79' lang='grc' dir='ltr'><strong><em>τὸν</em></strong></span> <span class='ocrx_word' id='word_1_53' title='bbox 675 867 849 922; x_wconf 87' lang='grc' dir='ltr'><em>τοῦτο</em></span> <span class='ocrx_word' id='word_1_54' title='bbox 877 867 1205 935; x_wconf 81' lang='grc' dir='ltr'><strong><em>ἐνδύσηται</em></strong></span> <span class='ocrx_word' id='word_1_55' title='bbox 1227 867 1588 928; x_wconf 77' lang='grc' dir='ltr'><strong><em>ἀθανασίαν,</em></strong></span> <span class='ocrx_word' id='word_1_56' title='bbox 1611 868 1742 921; x_wconf 85' lang='grc' dir='ltr'><em>τότε</em></span> <span class='ocrx_word' id='word_1_57' title='bbox 1769 866 2020 936; x_wconf 75' lang='grc' dir='ltr'><em>γενήσε-</em></span> 
     </span>
    </p>
   </div>
   <div class='ocr_carea' id='block_1_10' title="bbox 422 956 2021 1030">
    <p class='ocr_par' dir='ltr' id='par_1_10' title="bbox 422 956 2021 1030">
     <span class='ocr_line' id='line_1_10' title="bbox 422 956 2021 1030; baseline 0 -14"><span class='ocrx_word' id='word_1_58' title='bbox 422 978 516 1016; x_wconf 90' lang='grc' dir='ltr'><strong><em>ται</em></strong></span> <span class='ocrx_word' id='word_1_59' title='bbox 569 963 603 1016; x_wconf 86' lang='grc' dir='ltr'><strong><em>ό</em></strong></span> <span class='ocrx_word' id='word_1_60' title='bbox 642 962 824 1030; x_wconf 74' lang='grc' dir='ltr'><em>λόγος</em></span> <span class='ocrx_word' id='word_1_61' title='bbox 863 963 896 1014; x_wconf 84' lang='grc' dir='ltr'><em>ὁ</em></span> <span class='ocrx_word' id='word_1_62' title='bbox 933 957 1376 1030; x_wconf 76' lang='grc' dir='ltr'><strong><em>γεγραμμένοςο</em></strong></span> <span class='ocrx_word' id='word_1_63' title='bbox 1424 956 1738 1028; x_wconf 81' lang='grc' dir='ltr'><strong><em>Κατεπόθη</em></strong></span> <span class='ocrx_word' id='word_1_64' title='bbox 1775 963 1807 1014; x_wconf 87' lang='grc' dir='ltr'><em>ό</em></span> <span class='ocrx_word' id='word_1_65' title='bbox 1841 958 2021 1016; x_wconf 85' lang='grc' dir='ltr'><em>θάνα-</em></span> 
     </span>
    </p>
   </div>
   <div class='ocr_carea' id='block_1_11' title="bbox 421 1071 1308 1121">
    <p class='ocr_par' dir='ltr' id='par_1_11' title="bbox 421 1071 1308 1121">
     <span class='ocr_line' id='line_1_11' title="bbox 421 1071 1308 1121; baseline -0.01 -13"><span class='ocrx_word' id='word_1_66' title='bbox 421 1071 546 1121; x_wconf 88' lang='grc' dir='ltr'><em>τος.</em></span> <span class='ocrx_word' id='word_1_67' title='bbox 1305 1078 1308 1080; x_wconf 79' lang='lat'><strong><em>~</em></strong></span> 
     </span>
    </p>
   </div>
   <div class='ocr_carea' id='block_1_12' title="bbox 503 1145 2020 1217">
    <p class='ocr_par' dir='ltr' id='par_1_12' title="bbox 503 1145 2020 1217">
     <span class='ocr_line' id='line_1_12' title="bbox 503 1145 2020 1217; baseline 0.001 -18"><span class='ocrx_word' id='word_1_68' title='bbox 503 1152 576 1212; x_wconf 74' lang='grc' dir='ltr'><strong><em>ις’</em></strong></span> <span class='ocrx_word' id='word_1_69' title='bbox 611 1146 704 1200; x_wconf 80' lang='grc' dir='ltr'><strong><em>καὶ</em></strong></span> <span class='ocrx_word' id='word_1_70' title='bbox 749 1145 827 1200; x_wconf 83' lang='grc' dir='ltr'><strong><em>κδ’</em></strong></span> <span class='ocrx_word' id='word_1_71' title='bbox 854 1145 1034 1217; x_wconf 80' lang='grc' dir='ltr'>ἐλεγχ.</span> <span class='ocrx_word' id='word_1_72' title='bbox 1077 1145 1345 1215; x_wconf 79' lang='grc' dir='ltr'><strong><em>Γνωρίζω</em></strong></span> <span class='ocrx_word' id='word_1_73' title='bbox 1398 1146 1466 1201; x_wconf 86' lang='grc' dir='ltr'><strong><em>δὲ</em></strong></span> <span class='ocrx_word' id='word_1_74' title='bbox 1515 1145 1680 1217; x_wconf 85' lang='grc' dir='ltr'><em>ὑμῖν,</em></span> <span class='ocrx_word' id='word_1_75' title='bbox 1724 1145 2020 1216; x_wconf 62' lang='grc' dir='ltr'><em>ἀδελφοὶ,</em></span> 
     </span>
    </p>
   </div>
   <div class='ocr_carea' id='block_1_13' title="bbox 425 1239 2026 1311">
    <p class='ocr_par' dir='ltr' id='par_1_13' title="bbox 425 1239 2026 1311">
     <span class='ocr_line' id='line_1_13' title="bbox 425 1239 2026 1311; baseline -0.002 -16"><span class='ocrx_word' id='word_1_76' title='bbox 425 1239 494 1295; x_wconf 84' lang='grc' dir='ltr'><em>τὸ</em></span> <span class='ocrx_word' id='word_1_77' title='bbox 530 1239 922 1309; x_wconf 75' lang='grc' dir='ltr'><em>Εὐαγγέλιον,</em></span> <span class='ocrx_word' id='word_1_78' title='bbox 959 1240 990 1294; x_wconf 86' lang='grc' dir='ltr'><em>ὃ</em></span> <span class='ocrx_word' id='word_1_79' title='bbox 1023 1239 1517 1310; x_wconf 74' lang='grc' dir='ltr'><strong><em>εὐηγγελισάμην</em></strong></span> <span class='ocrx_word' id='word_1_80' title='bbox 1547 1239 1710 1310; x_wconf 83' lang='grc' dir='ltr'><em>ὑμῖν.</em></span> <span class='ocrx_word' id='word_1_81' title='bbox 1754 1241 1818 1293; x_wconf 80' lang='grc' dir='ltr'><strong>Εἰ</strong></span> <span class='ocrx_word' id='word_1_82' title='bbox 1859 1240 2026 1311; x_wconf 83' lang='grc' dir='ltr'>εὐηγ-</span> 
     </span>
    </p>
   </div>
   <div class='ocr_carea' id='block_1_14' title="bbox 427 1333 2024 1406">
    <p class='ocr_par' dir='ltr' id='par_1_14' title="bbox 427 1333 2024 1406">
     <span class='ocr_line' id='line_1_14' title="bbox 427 1333 2024 1406; baseline -0.001 -20"><span class='ocrx_word' id='word_1_83' title='bbox 427 1333 715 1404; x_wconf 63' lang='grc' dir='ltr'>γελίσατο,</span> <span class='ocrx_word' id='word_1_84' title='bbox 768 1334 864 1388; x_wconf 79' lang='grc' dir='ltr'>καὶ</span> <span class='ocrx_word' id='word_1_85' title='bbox 909 1334 1043 1388; x_wconf 76' lang='grc' dir='ltr'>αὐτὸ</span> <span class='ocrx_word' id='word_1_86' title='bbox 1075 1334 1258 1387; x_wconf 84' lang='grc' dir='ltr'>,πάλιν</span> <span class='ocrx_word' id='word_1_87' title='bbox 1306 1334 1604 1406; x_wconf 78' lang='grc' dir='ltr'><strong><em>γνωρίζει,</em></strong></span> <span class='ocrx_word' id='word_1_88' title='bbox 1650 1335 1752 1388; x_wconf 79' lang='grc' dir='ltr'>οὐκ</span> <span class='ocrx_word' id='word_1_89' title='bbox 1800 1333 2024 1388; x_wconf 76' lang='grc' dir='ltr'>ἄλλοθεν</span> 
     </span>
    </p>
   </div>
   <div class='ocr_carea' id='block_1_15' title="bbox 429 1424 2026 1498">
    <p class='ocr_par' dir='ltr' id='par_1_15' title="bbox 429 1424 2026 1498">
     <span class='ocr_line' id='line_1_15' title="bbox 429 1424 2026 1498; baseline 0 -18"><span class='ocrx_word' id='word_1_90' title='bbox 429 1425 782 1495; x_wconf 80' lang='grc' dir='ltr'>Εὐαγγέλιον,</span> <span class='ocrx_word' id='word_1_91' title='bbox 813 1424 935 1479; x_wconf 75' lang='grc' dir='ltr'>οὔτε</span> <span class='ocrx_word' id='word_1_92' title='bbox 958 1426 1092 1498; x_wconf 77' lang='grc' dir='ltr'>ἄλλη</span> <span class='ocrx_word' id='word_1_93' title='bbox 1122 1426 1324 1496; x_wconf 84' lang='grc' dir='ltr'>γνῶσις</span> <span class='ocrx_word' id='word_1_94' title='bbox 1356 1427 1494 1496; x_wconf 86' lang='grc' dir='ltr'><strong><em>μετά</em></strong></span> <span class='ocrx_word' id='word_1_95' title='bbox 1525 1426 1624 1498; x_wconf 83' lang='grc' dir='ltr'>τὴν</span> <span class='ocrx_word' id='word_1_96' title='bbox 1661 1427 1811 1498; x_wconf 87' lang='grc' dir='ltr'>μίαν,</span> <span class='ocrx_word' id='word_1_97' title='bbox 1841 1427 1935 1480; x_wconf 74' lang='grc' dir='ltr'>καὶ</span> <span class='ocrx_word' id='word_1_98' title='bbox 1964 1426 2026 1480; x_wconf 84' lang='grc' dir='ltr'><strong><em>τὸ</em></strong></span> 
     </span>
    </p>
   </div>
   <div class='ocr_carea' id='block_1_16' title="bbox 431 1511 2023 1591">
    <p class='ocr_par' dir='ltr' id='par_1_16' title="bbox 431 1511 2023 1591">
     <span class='ocr_line' id='line_1_16' title="bbox 431 1511 2023 1591; baseline -0.002 -19"><span class='ocrx_word' id='word_1_99' title='bbox 431 1519 490 1572; x_wconf 91' lang='grc' dir='ltr'><em>ἐν</em></span> <span class='ocrx_word' id='word_1_100' title='bbox 522 1511 676 1589; x_wconf 85' lang='grc' dir='ltr'>ᾧπερ</span> <span class='ocrx_word' id='word_1_101' title='bbox 705 1518 1024 1589; x_wconf 76' lang='grc' dir='ltr'><strong><em>ἐντυγχάνει</em></strong></span> <span class='ocrx_word' id='word_1_102' title='bbox 1043 1523 1056 1550; x_wconf 85' lang='grc'>¹</span> <span class='ocrx_word' id='word_1_103' title='bbox 1094 1519 1184 1574; x_wconf 89' lang='grc' dir='ltr'>διὰ</span> <span class='ocrx_word' id='word_1_104' title='bbox 1210 1520 1319 1573; x_wconf 86' lang='grc' dir='ltr'>τῶν</span> <span class='ocrx_word' id='word_1_105' title='bbox 1338 1519 1620 1591; x_wconf 75' lang='grc' dir='ltr'><strong><em>τεσσάρων</em></strong></span> <span class='ocrx_word' id='word_1_106' title='bbox 1652 1517 2023 1587; x_wconf 82' lang='grc' dir='ltr'>Εὑαγγελίων,</span> 
     </span>
    </p>
   </div>
   <div class='ocr_carea' id='block_1_17' title="bbox 431 1596 2028 1680">
    <p class='ocr_par' dir='ltr' id='par_1_17' title="bbox 431 1596 2028 1680">
     <span class='ocr_line' id='line_1_17' title="bbox 431 1596 2028 1680; baseline -0.002 -17"><span class='ocrx_word' id='word_1_107' title='bbox 431 1609 528 1663; x_wconf 77' lang='grc' dir='ltr'>καὶ</span> <span class='ocrx_word' id='word_1_108' title='bbox 572 1607 681 1662; x_wconf 84' lang='grc' dir='ltr'><strong><em>τῶν</em></strong></span> <span class='ocrx_word' id='word_1_109' title='bbox 708 1609 1043 1663; x_wconf 81' lang='grc' dir='ltr'>ἀποστόλων</span> <span class='ocrx_word' id='word_1_110' title='bbox 1064 1625 1078 1638; x_wconf 73' lang='grc' dir='ltr'><em>ο</em></span> <span class='ocrx_word' id='word_1_111' title='bbox 1109 1609 1197 1664; x_wconf 71' lang='grc' dir='ltr'><strong><em>ἵνα</em></strong></span> <span class='ocrx_word' id='word_1_112' title='bbox 1238 1596 1436 1680; x_wconf 80' lang='grc' dir='ltr'>ἐλέγξῃ</span> <span class='ocrx_word' id='word_1_113' title='bbox 1463 1608 1555 1663; x_wconf 81' lang='grc' dir='ltr'><strong><em>τὸν</em></strong></span> <span class='ocrx_word' id='word_1_114' title='bbox 1599 1607 1905 1678; x_wconf 85' lang='grc' dir='ltr'>Μαρκίωνα</span> <span class='ocrx_word' id='word_1_115' title='bbox 1935 1607 2028 1660; x_wconf 85' lang='grc' dir='ltr'><strong><em>τὸν</em></strong></span> 
     </span>
    </p>
   </div>
   <div class='ocr_carea' id='block_1_18' title="bbox 435 1699 2029 1773">
    <p class='ocr_par' dir='ltr' id='par_1_18' title="bbox 435 1699 2029 1773">
     <span class='ocr_line' id='line_1_18' title="bbox 435 1699 2029 1773; baseline -0.002 -19"><span class='ocrx_word' id='word_1_116' title='bbox 435 1701 576 1772; x_wconf 87' lang='grc' dir='ltr'>μετά</span> <span class='ocrx_word' id='word_1_117' title='bbox 603 1700 843 1755; x_wconf 83' lang='grc' dir='ltr'>τοσαῦτα</span> <span class='ocrx_word' id='word_1_118' title='bbox 883 1699 980 1773; x_wconf 80' lang='grc' dir='ltr'>ἐτη</span> <span class='ocrx_word' id='word_1_119' title='bbox 1024 1701 1250 1772; x_wconf 80' lang='grc' dir='ltr'>ἥκοντα,</span> <span class='ocrx_word' id='word_1_120' title='bbox 1286 1701 1424 1772; x_wconf 84' lang='grc' dir='ltr'>μετά</span> <span class='ocrx_word' id='word_1_121' title='bbox 1458 1701 1681 1772; x_wconf 84' lang='grc' dir='ltr'>χρόνους</span> <span class='ocrx_word' id='word_1_122' title='bbox 1708 1699 1803 1753; x_wconf 82' lang='grc' dir='ltr'>τοῦ</span> <span class='ocrx_word' id='word_1_123' title='bbox 1833 1699 2029 1753; x_wconf 85' lang='grc' dir='ltr'>καλου-</span> 
     </span>
    </p>
   </div>
   <div class='ocr_carea' id='block_1_19' title="bbox 2117 561 3714 646">
    <p class='ocr_par' dir='ltr' id='par_1_19' title="bbox 2117 561 3714 646">
     <span class='ocr_line' id='line_1_19' title="bbox 2117 561 3714 646; baseline -0.017 -6"><span class='ocrx_word' id='word_1_124' title='bbox 2117 561 2318 646; x_wconf 85' lang='lat' dir='ltr'><strong><em>inanis,</em></strong></span> <span class='ocrx_word' id='word_1_125' title='bbox 2352 589 2462 637; x_wconf 95' lang='lat' dir='ltr'><strong><em>etc.</em></strong></span> <span class='ocrx_word' id='word_1_126' title='bbox 2496 578 2585 633; x_wconf 89' lang='lat' dir='ltr'><strong><em>Sic</em></strong></span> <span class='ocrx_word' id='word_1_127' title='bbox 2606 573 2982 644; x_wconf 73' lang='lat' dir='ltr'><strong><em>pra’dicamus,</em></strong></span> <span class='ocrx_word' id='word_1_128' title='bbox 3013 577 3063 622; x_wconf 88' lang='lat' dir='ltr'><strong><em>et</em></strong></span> <span class='ocrx_word' id='word_1_129' title='bbox 3094 567 3172 622; x_wconf 90' lang='lat' dir='ltr'><strong><em>sic</em></strong></span> <span class='ocrx_word' id='word_1_130' title='bbox 3202 563 3538 619; x_wconf 74' lang='lat' dir='ltr'><strong><em>credidistis:</em></strong></span> <span class='ocrx_word' id='word_1_131' title='bbox 3571 561 3714 626; x_wconf 86' lang='lat' dir='ltr'><strong><em>Quo-</em></strong></span> 
     </span>
    </p>
   </div>
   <div class='ocr_carea' id='block_1_20' title="bbox 2071 654 3716 733">
    <p class='ocr_par' dir='ltr' id='par_1_20' title="bbox 2071 654 3716 733">
     <span class='ocr_line' id='line_1_20' title="bbox 2071 654 3716 733; baseline -0.017 1"><span class='ocrx_word' id='word_1_132' title='bbox 2071 707 2075 713; x_wconf 88' lang='grc'>·</span> <span class='ocrx_word' id='word_1_133' title='bbox 2117 679 2262 733; x_wconf 87' lang='lat' dir='ltr'><strong><em>niam</em></strong></span> <span class='ocrx_word' id='word_1_134' title='bbox 2290 674 2538 731; x_wconf 74' lang='lat' dir='ltr'><strong><em>Christus</em></strong></span> <span class='ocrx_word' id='word_1_135' title='bbox 2567 676 2808 722; x_wconf 83' lang='lat' dir='ltr'><strong><em>mortuus</em></strong></span> <span class='ocrx_word' id='word_1_136' title='bbox 2849 675 2948 729; x_wconf 86' lang='lat' dir='ltr'><strong><em>est,</em></strong></span> <span class='ocrx_word' id='word_1_137' title='bbox 2979 670 3029 716; x_wconf 81' lang='lat' dir='ltr'><strong><em>et</em></strong></span> <span class='ocrx_word' id='word_1_138' title='bbox 3063 660 3320 721; x_wconf 76' lang='lat' dir='ltr'><strong><em>sepultus,</em></strong></span> <span class='ocrx_word' id='word_1_139' title='bbox 3347 664 3396 711; x_wconf 85' lang='lat' dir='ltr'><strong><em>et</em></strong></span> <span class='ocrx_word' id='word_1_140' title='bbox 3428 654 3716 709; x_wconf 76' lang='lat' dir='ltr'><strong><em>resurrexit</em></strong></span> 
     </span>
    </p>
   </div>
   <div class='ocr_carea' id='block_1_21' title="bbox 2117 747 3715 824">
    <p class='ocr_par' dir='ltr' id='par_1_21' title="bbox 2117 747 3715 824">
     <span class='ocr_line' id='line_1_21' title="bbox 2117 747 3715 824; baseline -0.017 -2"><span class='ocrx_word' id='word_1_141' title='bbox 2117 770 2282 824; x_wconf 88' lang='lat' dir='ltr'><strong><em>tertia</em></strong></span> <span class='ocrx_word' id='word_1_142' title='bbox 2313 767 2417 820; x_wconf 90' lang='lat' dir='ltr'><strong><em>die.</em></strong></span> <span class='ocrx_word' id='word_1_143' title='bbox 2455 762 2592 819; x_wconf 82' lang='lat' dir='ltr'><strong><em>Cum</em></strong></span> <span class='ocrx_word' id='word_1_144' title='bbox 2629 767 2805 813; x_wconf 87' lang='lat' dir='ltr'><strong><em>autem</em></strong></span> <span class='ocrx_word' id='word_1_145' title='bbox 2839 753 3068 808; x_wconf 88' lang='lat' dir='ltr'><strong><em>mortale</em></strong></span> <span class='ocrx_word' id='word_1_146' title='bbox 3098 753 3194 804; x_wconf 90' lang='lat' dir='ltr'><strong><em>hoc</em></strong></span> <span class='ocrx_word' id='word_1_147' title='bbox 3231 748 3464 802; x_wconf 83' lang='lat' dir='ltr'><strong><em>induerit</em></strong></span> <span class='ocrx_word' id='word_1_148' title='bbox 3492 747 3715 798; x_wconf 91' lang='lat' dir='ltr'><strong><em>immor-</em></strong></span> 
     </span>
    </p>
   </div>
   <div class='ocr_carea' id='block_1_22' title="bbox 2119 835 3717 922">
    <p class='ocr_par' dir='ltr' id='par_1_22' title="bbox 2119 835 3717 922">
     <span class='ocr_line' id='line_1_22' title="bbox 2119 835 3717 922; baseline -0.018 -6"><span class='ocrx_word' id='word_1_149' title='bbox 2119 863 2414 920; x_wconf 83' lang='lat' dir='ltr'><strong><em>talitatem,</em></strong></span> <span class='ocrx_word' id='word_1_150' title='bbox 2482 866 2605 909; x_wconf 89' lang='lat' dir='ltr'><strong><em>tunc</em></strong></span> <span class='ocrx_word' id='word_1_151' title='bbox 2635 854 2722 922; x_wconf 83' lang='lat' dir='ltr'><strong><em>ﬁet</em></strong></span> <span class='ocrx_word' id='word_1_152' title='bbox 2751 864 2954 912; x_wconf 81' lang='lat' dir='ltr'><strong><em>sermo,</em></strong></span> <span class='ocrx_word' id='word_1_153' title='bbox 2990 845 3079 917; x_wconf 85' lang='lat' dir='ltr'><strong><em>qui</em></strong></span> <span class='ocrx_word' id='word_1_154' title='bbox 3100 843 3326 912; x_wconf 85' lang='lat' dir='ltr'><strong><em>scriptus</em></strong></span> <span class='ocrx_word' id='word_1_155' title='bbox 3365 849 3485 895; x_wconf 89' lang='lat' dir='ltr'><strong><em>est:</em></strong></span> <span class='ocrx_word' id='word_1_156' title='bbox 3518 835 3717 891; x_wconf 80' lang='lat' dir='ltr'><strong><em>Absor-</em></strong></span> 
     </span>
    </p>
   </div>
   <div class='ocr_carea' id='block_1_23' title="bbox 2073 941 2882 1022">
    <p class='ocr_par' dir='ltr' id='par_1_23' title="bbox 2073 941 2882 1022">
     <span class='ocr_line' id='line_1_23' title="bbox 2073 941 2882 1022; baseline -0.016 -16"><span class='ocrx_word' id='word_1_157' title='bbox 2073 981 2075 984; x_wconf 94' lang='lat'><strong><em>-</em></strong></span> <span class='ocrx_word' id='word_1_158' title='bbox 2120 962 2214 1022; x_wconf 83' lang='lat' dir='ltr'><strong><em>pta</em></strong></span> <span class='ocrx_word' id='word_1_159' title='bbox 2238 959 2316 1004; x_wconf 80' lang='lat' dir='ltr'><strong><em>est</em></strong></span> <span class='ocrx_word' id='word_1_160' title='bbox 2351 965 2493 1002; x_wconf 88' lang='lat' dir='ltr'><strong><em>mors</em></strong></span> <span class='ocrx_word' id='word_1_161' title='bbox 2514 947 2570 1000; x_wconf 88' lang='lat' dir='ltr'><strong><em>in</em></strong></span> <span class='ocrx_word' id='word_1_162' title='bbox 2600 941 2821 999; x_wconf 85' lang='lat' dir='ltr'><strong><em>victoria</em></strong></span> <span class='ocrx_word' id='word_1_163' title='bbox 2840 943 2882 993; x_wconf 84' lang='grc'>².</span> 
     </span>
    </p>
   </div>
   <div class='ocr_carea' id='block_1_24' title="bbox 2194 1111 3717 1189">
    <p class='ocr_par' dir='ltr' id='par_1_24' title="bbox 2194 1111 3717 1189">
     <span class='ocr_line' id='line_1_24' title="bbox 2194 1111 3717 1189; baseline -0.017 0"><span class='ocrx_word' id='word_1_164' title='bbox 2194 1132 2383 1189; x_wconf 80' lang='lat' dir='ltr'><strong><em>Refut.</em></strong></span> <span class='ocrx_word' id='word_1_165' title='bbox 2427 1129 2495 1185; x_wconf 84' lang='lat' dir='ltr'><strong><em>l6</em></strong></span> <span class='ocrx_word' id='word_1_166' title='bbox 2537 1135 2592 1184; x_wconf 88' lang='lat' dir='ltr'><strong><em>et</em></strong></span> <span class='ocrx_word' id='word_1_167' title='bbox 2628 1126 2718 1182; x_wconf 70' lang='grc'><strong><em>24.</em></strong></span> <span class='ocrx_word' id='word_1_168' title='bbox 2767 1123 2969 1177; x_wconf 89' lang='lat' dir='ltr'><strong><em>Notum</em></strong></span> <span class='ocrx_word' id='word_1_169' title='bbox 3010 1129 3185 1174; x_wconf 91' lang='lat' dir='ltr'><strong><em>autem</em></strong></span> <span class='ocrx_word' id='word_1_170' title='bbox 3224 1123 3368 1171; x_wconf 81' lang='lat' dir='ltr'><strong><em>vobis</em></strong></span> <span class='ocrx_word' id='word_1_171' title='bbox 3409 1113 3570 1182; x_wconf 78' lang='lat' dir='ltr'><strong><em>facio,</em></strong></span> <span class='ocrx_word' id='word_1_172' title='bbox 3603 1111 3717 1181; x_wconf 78' lang='lat' dir='ltr'><strong><em>fra-</em></strong></span> 
     </span>
    </p>
   </div>
   <div class='ocr_carea' id='block_1_25' title="bbox 2126 1202 3720 1294">
    <p class='ocr_par' dir='ltr' id='par_1_25' title="bbox 2126 1202 3720 1294">
     <span class='ocr_line' id='line_1_25' title="bbox 2126 1202 3720 1294; baseline -0.018 -11"><span class='ocrx_word' id='word_1_173' title='bbox 2126 1236 2255 1292; x_wconf 88' lang='lat' dir='ltr'><strong><em>tres,</em></strong></span> <span class='ocrx_word' id='word_1_174' title='bbox 2313 1222 2661 1294; x_wconf 83' lang='lat' dir='ltr'><strong><em>Evangelium</em></strong></span> <span class='ocrx_word' id='word_1_175' title='bbox 2720 1216 2860 1290; x_wconf 91' lang='lat' dir='ltr'><strong><em>quod</em></strong></span> <span class='ocrx_word' id='word_1_176' title='bbox 2913 1212 3198 1286; x_wconf 77' lang='lat' dir='ltr'><strong><em>prtrdicavi</em></strong></span> <span class='ocrx_word' id='word_1_177' title='bbox 3268 1209 3433 1264; x_wconf 87' lang='lat' dir='ltr'><strong><em>vobis.</em></strong></span> <span class='ocrx_word' id='word_1_178' title='bbox 3501 1203 3558 1259; x_wconf 87' lang='lat' dir='ltr'><strong><em>Si</em></strong></span> <span class='ocrx_word' id='word_1_179' title='bbox 3616 1202 3720 1257; x_wconf 93' lang='lat' dir='ltr'><strong><em>ali-</em></strong></span> 
     </span>
    </p>
   </div>
   <div class='ocr_carea' id='block_1_26' title="bbox 2123 1294 3719 1391">
    <p class='ocr_par' dir='ltr' id='par_1_26' title="bbox 2123 1294 3719 1391">
     <span class='ocr_line' id='line_1_26' title="bbox 2123 1294 3719 1391; baseline -0.019 -16"><span class='ocrx_word' id='word_1_180' title='bbox 2123 1317 2348 1391; x_wconf 86' lang='lat' dir='ltr'><strong><em>quando</em></strong></span> <span class='ocrx_word' id='word_1_181' title='bbox 2389 1312 2724 1386; x_wconf 51' lang='lat' dir='ltr'><strong><em>pra’dieavit,</em></strong></span> <span class='ocrx_word' id='word_1_182' title='bbox 2758 1316 2813 1364; x_wconf 89' lang='lat' dir='ltr'><strong><em>et</em></strong></span> <span class='ocrx_word' id='word_1_183' title='bbox 2838 1307 2892 1362; x_wconf 91' lang='lat' dir='ltr'><strong><em>id</em></strong></span> <span class='ocrx_word' id='word_1_184' title='bbox 2914 1307 3089 1374; x_wconf 82' lang='lat' dir='ltr'><strong><em>ipsum</em></strong></span> <span class='ocrx_word' id='word_1_185' title='bbox 3117 1309 3306 1358; x_wconf 90' lang='lat' dir='ltr'><strong><em>notum</em></strong></span> <span class='ocrx_word' id='word_1_186' title='bbox 3326 1299 3476 1364; x_wconf 79' lang='lat' dir='ltr'><strong><em>facit,</em></strong></span> <span class='ocrx_word' id='word_1_187' title='bbox 3507 1294 3719 1349; x_wconf 92' lang='lat' dir='ltr'><strong><em>nullum</em></strong></span> 
     </span>
    </p>
   </div>
   <div class='ocr_carea' id='block_1_27' title="bbox 2125 1384 3721 1470">
    <p class='ocr_par' dir='ltr' id='par_1_27' title="bbox 2125 1384 3721 1470">
     <span class='ocr_line' id='line_1_27' title="bbox 2125 1384 3721 1470; baseline -0.018 -4"><span class='ocrx_word' id='word_1_188' title='bbox 2125 1409 2350 1467; x_wconf 85' lang='lat' dir='ltr'><strong><em>aliunde</em></strong></span> <span class='ocrx_word' id='word_1_189' title='bbox 2373 1384 2681 1464; x_wconf 77' lang='lat' dir='ltr'><strong><em>derivatum</em></strong></span> <span class='ocrx_word' id='word_1_190' title='bbox 2715 1399 3069 1470; x_wconf 80' lang='lat' dir='ltr'><strong><em>Evangelium</em></strong></span> <span class='ocrx_word' id='word_1_191' title='bbox 3111 1403 3217 1460; x_wconf 87' lang='lat' dir='ltr'><strong><em>est,</em></strong></span> <span class='ocrx_word' id='word_1_192' title='bbox 3264 1392 3437 1446; x_wconf 89' lang='lat' dir='ltr'><strong><em>aliave</em></strong></span> <span class='ocrx_word' id='word_1_193' title='bbox 3479 1384 3721 1457; x_wconf 79' lang='lat' dir='ltr'><strong><em>cognitio</em></strong></span> 
     </span>
    </p>
   </div>
   <div class='ocr_carea' id='block_1_28' title="bbox 2125 1480 3723 1576">
    <p class='ocr_par' dir='ltr' id='par_1_28' title="bbox 2125 1480 3723 1576">
     <span class='ocr_line' id='line_1_28' title="bbox 2125 1480 3723 1576; baseline -0.019 -16"><span class='ocrx_word' id='word_1_194' title='bbox 2125 1511 2327 1576; x_wconf 62' lang='lat' dir='ltr'><strong><em>praeter</em></strong></span> <span class='ocrx_word' id='word_1_195' title='bbox 2371 1514 2534 1555; x_wconf 88' lang='lat' dir='ltr'><strong><em>unam</em></strong></span> <span class='ocrx_word' id='word_1_196' title='bbox 2569 1497 2740 1560; x_wconf 87' lang='lat' dir='ltr'><strong><em>illam,</em></strong></span> <span class='ocrx_word' id='word_1_197' title='bbox 2797 1503 3077 1559; x_wconf 89' lang='lat' dir='ltr'><strong><em>unumque</em></strong></span> <span class='ocrx_word' id='word_1_198' title='bbox 3101 1485 3257 1548; x_wconf 88' lang='lat' dir='ltr'><strong><em>illud,</em></strong></span> <span class='ocrx_word' id='word_1_199' title='bbox 3297 1480 3446 1553; x_wconf 90' lang='lat' dir='ltr'><strong><em>quod</em></strong></span> <span class='ocrx_word' id='word_1_200' title='bbox 3494 1481 3550 1533; x_wconf 92' lang='lat' dir='ltr'><strong><em>in</em></strong></span> <span class='ocrx_word' id='word_1_201' title='bbox 3586 1491 3723 1547; x_wconf 87' lang='lat' dir='ltr'><strong><em>qua-</em></strong></span> 
     </span>
    </p>
   </div>
   <div class='ocr_carea' id='block_1_29' title="bbox 2127 1572 3720 1662">
    <p class='ocr_par' dir='ltr' id='par_1_29' title="bbox 2127 1572 3720 1662">
     <span class='ocr_line' id='line_1_29' title="bbox 2127 1572 3720 1662; baseline -0.019 -11"><span class='ocrx_word' id='word_1_202' title='bbox 2127 1572 2256 1651; x_wconf 76' lang='lat' dir='ltr'><strong><em>tuor</em></strong></span> <span class='ocrx_word' id='word_1_203' title='bbox 2286 1589 2595 1662; x_wconf 82' lang='lat' dir='ltr'><strong><em>Evangeliis</em></strong></span> <span class='ocrx_word' id='word_1_204' title='bbox 2641 1594 2696 1643; x_wconf 92' lang='lat' dir='ltr'><strong><em>et</em></strong></span> <span class='ocrx_word' id='word_1_205' title='bbox 2756 1581 3024 1654; x_wconf 82' lang='lat' dir='ltr'><strong><em>apostolis</em></strong></span> <span class='ocrx_word' id='word_1_206' title='bbox 3054 1576 3313 1633; x_wconf 90' lang='lat' dir='ltr'><strong><em>omnibus</em></strong></span> <span class='ocrx_word' id='word_1_207' title='bbox 3344 1572 3568 1628; x_wconf 91' lang='lat' dir='ltr'><strong><em>unicum</em></strong></span> <span class='ocrx_word' id='word_1_208' title='bbox 3614 1574 3720 1623; x_wconf 91' lang='lat' dir='ltr'><strong><em>est.</em></strong></span> 
     </span>
    </p>
   </div>
   <div class='ocr_carea' id='block_1_30' title="bbox 2131 1661 3726 1758">
    <p class='ocr_par' dir='ltr' id='par_1_30' title="bbox 2131 1661 3726 1758">
     <span class='ocr_line' id='line_1_30' title="bbox 2131 1661 3726 1758; baseline -0.019 -14"><span class='ocrx_word' id='word_1_209' title='bbox 2131 1689 2213 1743; x_wconf 83' lang='lat' dir='ltr'><strong>Ex</strong></span> <span class='ocrx_word' id='word_1_210' title='bbox 2249 1700 2360 1758; x_wconf 89' lang='lat' dir='ltr'><strong><em>quo</em></strong></span> <span class='ocrx_word' id='word_1_211' title='bbox 2392 1661 2601 1740; x_wconf 83' lang='lat' dir='ltr'><strong><em>Marcio</em></strong></span> <span class='ocrx_word' id='word_1_212' title='bbox 2631 1678 2922 1742; x_wconf 84' lang='lat' dir='ltr'><strong><em>refellitur,</em></strong></span> <span class='ocrx_word' id='word_1_213' title='bbox 2951 1674 3044 1746; x_wconf 91' lang='lat' dir='ltr'><strong><em>qui</em></strong></span> <span class='ocrx_word' id='word_1_214' title='bbox 3079 1677 3233 1726; x_wconf 87' lang='lat' dir='ltr'><strong><em>tanto</em></strong></span> <span class='ocrx_word' id='word_1_215' title='bbox 3275 1661 3563 1722; x_wconf 84' lang='lat' dir='ltr'><strong><em>intervallo</em></strong></span> <span class='ocrx_word' id='word_1_216' title='bbox 3596 1676 3726 1733; x_wconf 82' lang='lat' dir='ltr'><strong><em>pro-</em></strong></span> 
     </span>
    </p>
   </div>
   <div class='ocr_carea' id='block_1_31' title="bbox 435 1753 2040 1866">
    <p class='ocr_par' dir='ltr' id='par_1_31' title="bbox 435 1753 2030 1866">
     <span class='ocr_line' id='line_1_31' title="bbox 435 1753 1679 1773; baseline 0 -5"><span class='ocrx_word' id='word_1_217' title='bbox 435 1753 494 1772; x_wconf 14' lang='lat'><strong><em>.7.</em></strong></span> <span class='ocrx_word' id='word_1_218' title='bbox 649 1753 685 1754; x_wconf 58' lang='grc' dir='ltr'>η</span> <span class='ocrx_word' id='word_1_219' title='bbox 813 1753 839 1755; x_wconf 49' lang='grc' dir='ltr'>-ν</span> <span class='ocrx_word' id='word_1_220' title='bbox 893 1753 980 1773; x_wconf 48' lang='grc' dir='ltr'><strong><em>ην.</em></strong></span> <span class='ocrx_word' id='word_1_221' title='bbox 1034 1753 1122 1772; x_wconf 32' lang='grc' dir='ltr'>..γη</span> <span class='ocrx_word' id='word_1_222' title='bbox 1459 1753 1604 1772; x_wconf 49' lang='grc' dir='ltr'>,κιην</span> <span class='ocrx_word' id='word_1_223' title='bbox 1662 1753 1679 1764; x_wconf 68' lang='grc' dir='ltr'><em>υ</em></span> 
     </span>
     <span class='ocr_line' id='line_1_32' title="bbox 435 1791 2030 1866; baseline -0.001 -18"><span class='ocrx_word' id='word_1_224' title='bbox 435 1794 600 1864; x_wconf 82' lang='grc' dir='ltr'>μένου</span> <span class='ocrx_word' id='word_1_225' title='bbox 628 1794 940 1864; x_wconf 85' lang='grc' dir='ltr'>Ἀνικήτου,</span> <span class='ocrx_word' id='word_1_226' title='bbox 973 1793 1068 1848; x_wconf 81' lang='grc' dir='ltr'>τοῦ</span> <span class='ocrx_word' id='word_1_227' title='bbox 1107 1794 1396 1866; x_wconf 86' lang='grc' dir='ltr'>Ῥωμαίων</span> <span class='ocrx_word' id='word_1_228' title='bbox 1418 1793 1739 1859; x_wconf 88' lang='grc' dir='ltr'>ἐπισκόπου,</span> <span class='ocrx_word' id='word_1_229' title='bbox 1763 1793 1857 1847; x_wconf 80' lang='grc' dir='ltr'><strong><em>τοῦ</em></strong></span> <span class='ocrx_word' id='word_1_230' title='bbox 1887 1791 2030 1846; x_wconf 81' lang='grc' dir='ltr'><strong><em>κατά</em></strong></span> 
     </span>
    </p>
   </div>
   <div class='ocr_carea' id='block_1_32' title="bbox 2140 1753 3725 1866">
    <p class='ocr_par' dir='ltr' id='par_1_32' title="bbox 2140 1753 3725 1845">
     <span class='ocr_line' id='line_1_33' title="bbox 2140 1753 3725 1845; baseline -0.016 -10"><span class='ocrx_word' id='word_1_231' title='bbox 2140 1753 2334 1845; x_wconf 61' lang='grc' dir='ltr'>ἀίει-ίη</span> <span class='ocrx_word' id='word_1_232' title='bbox 2393 1776 2652 1832; x_wconf 86' lang='lat' dir='ltr'><strong><em>nimirum</em></strong></span> <span class='ocrx_word' id='word_1_233' title='bbox 2707 1777 2830 1842; x_wconf 90' lang='lat' dir='ltr'><strong><em>post</em></strong></span> <span class='ocrx_word' id='word_1_234' title='bbox 2891 1765 3104 1822; x_wconf 82' lang='lat' dir='ltr'><strong><em>Aniceti</em></strong></span> <span class='ocrx_word' id='word_1_235' title='bbox 3162 1759 3398 1817; x_wconf 85' lang='lat' dir='ltr'><strong><em>Romani</em></strong></span> <span class='ocrx_word' id='word_1_236' title='bbox 3448 1753 3725 1827; x_wconf 81' lang='lat' dir='ltr'><strong><em>pontiﬁcis</em></strong></span> 
     </span>
    </p>
   </div>
   <div class='ocr_carea' id='block_1_33' title="bbox 391 1847 2040 1958">
    <p class='ocr_par' dir='ltr' id='par_1_33' title="bbox 391 1847 2029 1958">
     <span class='ocr_line' id='line_1_34' title="bbox 391 1847 2029 1958; baseline -0.002 -18"><span class='ocrx_word' id='word_1_237' title='bbox 391 1935 395 1940; x_wconf 92' lang='lat'><strong><em>.</em></strong></span> <span class='ocrx_word' id='word_1_238' title='bbox 433 1883 688 1958; x_wconf 79' lang='grc' dir='ltr'>διαδοχὴν</span> <span class='ocrx_word' id='word_1_239' title='bbox 735 1847 940 1940; x_wconf 41' lang='grc' dir='ltr'>ἐνάτουι</span> <span class='ocrx_word' id='word_1_240' title='bbox 971 1847 1405 1957; x_wconf 18' lang='grc' dir='ltr'>γενομένδυήάπὸ</span> <span class='ocrx_word' id='word_1_241' title='bbox 1443 1887 1542 1957; x_wconf 87' lang='grc' dir='ltr'>τῆς</span> <span class='ocrx_word' id='word_1_242' title='bbox 1572 1885 1682 1938; x_wconf 85' lang='grc' dir='ltr'>τῶν</span> <span class='ocrx_word' id='word_1_243' title='bbox 1715 1847 2029 1939; x_wconf 86' lang='grc' dir='ltr'>ἀποστόλων</span> 
     </span>
    </p>
   </div>
   <div class='ocr_carea' id='block_1_34' title="bbox 2140 1847 3727 1958">
    <p class='ocr_par' dir='ltr' id='par_1_34' title="bbox 2140 1847 3727 1942">
     <span class='ocr_line' id='line_1_35' title="bbox 2140 1847 3727 1942; baseline -0.015 -16"><span class='ocrx_word' id='word_1_244' title='bbox 2140 1881 2376 1942; x_wconf 89' lang='lat' dir='ltr'><strong><em>tempus,</em></strong></span> <span class='ocrx_word' id='word_1_245' title='bbox 2407 1867 2503 1940; x_wconf 89' lang='lat' dir='ltr'><strong><em>qui</em></strong></span> <span class='ocrx_word' id='word_1_246' title='bbox 2532 1866 2601 1921; x_wconf 90' lang='lat' dir='ltr'><strong><em>ab</em></strong></span> <span class='ocrx_word' id='word_1_247' title='bbox 2629 1862 3006 1936; x_wconf 78' lang='lat' dir='ltr'><strong><em>apostolorum</em></strong></span> <span class='ocrx_word' id='word_1_248' title='bbox 3027 1855 3174 1912; x_wconf 86' lang='lat' dir='ltr'><strong><em>Petri</em></strong></span> <span class='ocrx_word' id='word_1_249' title='bbox 3208 1869 3271 1908; x_wconf 87' lang='lat' dir='ltr'><strong><em>ac</em></strong></span> <span class='ocrx_word' id='word_1_250' title='bbox 3291 1849 3443 1906; x_wconf 82' lang='lat' dir='ltr'><strong><em>Pauli</em></strong></span> <span class='ocrx_word' id='word_1_251' title='bbox 3469 1847 3727 1919; x_wconf 86' lang='lat' dir='ltr'><strong><em>passione</em></strong></span> 
     </span>
    </p>
   </div>
   <div class='ocr_carea' id='block_1_35' title="bbox 435 1977 2030 2050">
    <p class='ocr_par' dir='ltr' id='par_1_35' title="bbox 435 1977 2030 2050">
     <span class='ocr_line' id='line_1_36' title="bbox 435 1977 2030 2050; baseline 0 -18"><span class='ocrx_word' id='word_1_252' title='bbox 435 1977 647 2050; x_wconf 81' lang='grc' dir='ltr'><strong><em>Πέτρου</em></strong></span> <span class='ocrx_word' id='word_1_253' title='bbox 678 1978 774 2032; x_wconf 77' lang='grc' dir='ltr'>καὶ</span> <span class='ocrx_word' id='word_1_254' title='bbox 803 1978 1017 2032; x_wconf 82' lang='grc' dir='ltr'><strong><em>Παύλου</em></strong></span> <span class='ocrx_word' id='word_1_255' title='bbox 1045 1978 1396 2043; x_wconf 84' lang='grc' dir='ltr'><strong><em>τελειώσεως.</em></strong></span> <span class='ocrx_word' id='word_1_256' title='bbox 1415 1979 1506 2033; x_wconf 86' lang='grc' dir='ltr'>Διὸ</span> <span class='ocrx_word' id='word_1_257' title='bbox 1527 1978 2030 2049; x_wconf 80' lang='grc' dir='ltr'>ἐπασφαλιζόμενος</span> 
     </span>
    </p>
   </div>
   <div class='ocr_carea' id='block_1_36' title="bbox 436 2068 2032 2139">
    <p class='ocr_par' dir='ltr' id='par_1_36' title="bbox 436 2068 2032 2139">
     <span class='ocr_line' id='line_1_37' title="bbox 436 2068 2032 2139; baseline 0 -17"><span class='ocrx_word' id='word_1_258' title='bbox 436 2069 468 2122; x_wconf 82' lang='grc' dir='ltr'><strong>ὁ</strong></span> <span class='ocrx_word' id='word_1_259' title='bbox 493 2070 656 2132; x_wconf 80' lang='grc' dir='ltr'>αὐτὸς</span> <span class='ocrx_word' id='word_1_260' title='bbox 688 2069 1032 2133; x_wconf 85' lang='grc' dir='ltr'>Ἀπόστολος,</span> <span class='ocrx_word' id='word_1_261' title='bbox 1057 2069 1210 2137; x_wconf 76' lang='grc' dir='ltr'>ἔλεγε</span> <span class='ocrx_word' id='word_1_262' title='bbox 1225 2086 1238 2101; x_wconf 71' lang='grc'><strong>⁸</strong></span> <span class='ocrx_word' id='word_1_263' title='bbox 1263 2069 1393 2124; x_wconf 76' lang='grc' dir='ltr'><strong><em>Κάν</em></strong></span> <span class='ocrx_word' id='word_1_264' title='bbox 1414 2087 1477 2123; x_wconf 90' lang='grc' dir='ltr'><strong><em>τε</em></strong></span> <span class='ocrx_word' id='word_1_265' title='bbox 1499 2069 1692 2138; x_wconf 76' lang='grc' dir='ltr'><em>ἡμεῖς,</em></span> <span class='ocrx_word' id='word_1_266' title='bbox 1714 2069 1754 2137; x_wconf 82' lang='grc' dir='ltr'><em>ἢ</em></span> <span class='ocrx_word' id='word_1_267' title='bbox 1777 2068 2032 2139; x_wconf 80' lang='grc' dir='ltr'><strong><em>ἅγγελος</em></strong></span> 
     </span>
    </p>
   </div>
   <div class='ocr_carea' id='block_1_37' title="bbox 435 2159 2032 2232">
    <p class='ocr_par' dir='ltr' id='par_1_37' title="bbox 435 2159 2032 2232">
     <span class='ocr_line' id='line_1_38' title="bbox 435 2159 2032 2232; baseline -0.001 -18"><span class='ocrx_word' id='word_1_268' title='bbox 435 2161 903 2232; x_wconf 73' lang='grc' dir='ltr'><em>εὐαγγελίσηται</em></span> <span class='ocrx_word' id='word_1_269' title='bbox 936 2161 1081 2230; x_wconf 84' lang='grc' dir='ltr'><em>ὑμῖν</em></span> <span class='ocrx_word' id='word_1_270' title='bbox 1105 2160 1244 2229; x_wconf 82' lang='grc' dir='ltr'><em>παρ’</em></span> <span class='ocrx_word' id='word_1_271' title='bbox 1276 2159 1308 2214; x_wconf 83' lang='grc' dir='ltr'>ὃ</span> <span class='ocrx_word' id='word_1_272' title='bbox 1338 2159 1725 2230; x_wconf 76' lang='grc' dir='ltr'><em>παρελάϐετε,</em></span> <span class='ocrx_word' id='word_1_273' title='bbox 1765 2160 2032 2228; x_wconf 83' lang='grc' dir='ltr'><em>ἀνάθεμα</em></span> 
     </span>
    </p>
   </div>
   <div class='ocr_carea' id='block_1_38' title="bbox 437 2251 2031 2326">
    <p class='ocr_par' dir='ltr' id='par_1_38' title="bbox 437 2251 2031 2326">
     <span class='ocr_line' id='line_1_39' title="bbox 437 2251 2031 2326; baseline -0.001 -19"><span class='ocrx_word' id='word_1_274' title='bbox 437 2253 630 2307; x_wconf 77' lang='grc' dir='ltr'><em>ἕστωο</em></span> <span class='ocrx_word' id='word_1_275' title='bbox 664 2251 952 2323; x_wconf 83' lang='grc' dir='ltr'><strong><em>γινώσκων</em></strong></span> <span class='ocrx_word' id='word_1_276' title='bbox 997 2253 1280 2324; x_wconf 85' lang='grc' dir='ltr'>Πνεύματι</span> <span class='ocrx_word' id='word_1_277' title='bbox 1328 2253 1490 2324; x_wconf 85' lang='grc' dir='ltr'>ἁγίῳ,</span> <span class='ocrx_word' id='word_1_278' title='bbox 1528 2254 1610 2307; x_wconf 77' lang='grc' dir='ltr'><strong><em>ὅτι</em></strong></span> <span class='ocrx_word' id='word_1_279' title='bbox 1656 2253 1839 2325; x_wconf 83' lang='grc' dir='ltr'>μέλλει</span> <span class='ocrx_word' id='word_1_280' title='bbox 1869 2255 2031 2326; x_wconf 88' lang='grc' dir='ltr'>Μαρ-</span> 
     </span>
    </p>
   </div>
   <div class='ocr_carea' id='block_1_39' title="bbox 437 2344 2033 2418">
    <p class='ocr_par' dir='ltr' id='par_1_39' title="bbox 437 2344 2033 2418">
     <span class='ocr_line' id='line_1_40' title="bbox 437 2344 2033 2418; baseline 0.001 -20"><span class='ocrx_word' id='word_1_281' title='bbox 437 2344 576 2399; x_wconf 83' lang='grc' dir='ltr'>κίων</span> <span class='ocrx_word' id='word_1_282' title='bbox 605 2345 704 2399; x_wconf 75' lang='grc' dir='ltr'><strong><em>καὶ</em></strong></span> <span class='ocrx_word' id='word_1_283' title='bbox 733 2346 784 2399; x_wconf 77' lang='grc' dir='ltr'><strong><em>οἱ</em></strong></span> <span class='ocrx_word' id='word_1_284' title='bbox 809 2345 932 2400; x_wconf 85' lang='grc' dir='ltr'>κατ’</span> <span class='ocrx_word' id='word_1_285' title='bbox 964 2346 1129 2400; x_wconf 83' lang='grc' dir='ltr'>αὐτὸν</span> <span class='ocrx_word' id='word_1_286' title='bbox 1152 2346 1497 2418; x_wconf 74' lang='grc' dir='ltr'>διαστρέφειν</span> <span class='ocrx_word' id='word_1_287' title='bbox 1529 2346 1630 2415; x_wconf 83' lang='grc' dir='ltr'>τὴν</span> <span class='ocrx_word' id='word_1_288' title='bbox 1661 2345 1776 2400; x_wconf 82' lang='grc' dir='ltr'>ὁδὸν</span> <span class='ocrx_word' id='word_1_289' title='bbox 1801 2346 1899 2418; x_wconf 86' lang='grc' dir='ltr'><strong><em>τὴν</em></strong></span> <span class='ocrx_word' id='word_1_290' title='bbox 1933 2363 2033 2399; x_wconf 88' lang='grc' dir='ltr'>κα-</span> 
     </span>
    </p>
   </div>
   <div class='ocr_carea' id='block_1_40' title="bbox 437 2432 2034 2508">
    <p class='ocr_par' dir='ltr' id='par_1_40' title="bbox 437 2432 2034 2508">
     <span class='ocr_line' id='line_1_41' title="bbox 437 2432 2034 2508; baseline 0.001 -20"><span class='ocrx_word' id='word_1_291' title='bbox 437 2433 548 2499; x_wconf 82' lang='grc' dir='ltr'><strong><em>λῶς</em></strong></span> <span class='ocrx_word' id='word_1_292' title='bbox 573 2434 1141 2508; x_wconf 85' lang='grc' dir='ltr'>ἐδραιωμένην.Ὂθεν</span> <span class='ocrx_word' id='word_1_293' title='bbox 1166 2435 1350 2490; x_wconf 83' lang='grc' dir='ltr'>οὐκέτι</span> <span class='ocrx_word' id='word_1_294' title='bbox 1376 2432 1546 2490; x_wconf 84' lang='grc' dir='ltr'><strong><em>εἶπεν·</em></strong></span> <span class='ocrx_word' id='word_1_295' title='bbox 1567 2434 2034 2507; x_wconf 76' lang='grc' dir='ltr'><em>Εὐαγγελίζομαι</em></span> 
     </span>
    </p>
   </div>
   <div class='ocr_carea' id='block_1_41' title="bbox 439 2525 2034 2599">
    <p class='ocr_par' dir='ltr' id='par_1_41' title="bbox 439 2525 2034 2599">
     <span class='ocr_line' id='line_1_42' title="bbox 439 2525 2034 2599; baseline 0 -17"><span class='ocrx_word' id='word_1_296' title='bbox 439 2527 604 2597; x_wconf 74' lang='grc' dir='ltr'><em>ῠμῒνο</em></span> <span class='ocrx_word' id='word_1_297' title='bbox 627 2526 764 2581; x_wconf 86' lang='grc' dir='ltr'><strong><em>ἀλλά</em></strong></span> <span class='ocrx_word' id='word_1_298' title='bbox 780 2567 794 2590; x_wconf 92' lang='grc'><em>,</em></span> <span class='ocrx_word' id='word_1_299' title='bbox 819 2525 1089 2596; x_wconf 86' lang='grc' dir='ltr'><em>Γνωρίζω</em></span> <span class='ocrx_word' id='word_1_300' title='bbox 1109 2528 1254 2599; x_wconf 84' lang='grc' dir='ltr'><em>ὑμῖν</em></span> <span class='ocrx_word' id='word_1_301' title='bbox 1270 2529 1338 2582; x_wconf 88' lang='grc' dir='ltr'><em>τὸ</em></span> <span class='ocrx_word' id='word_1_302' title='bbox 1362 2529 1724 2599; x_wconf 72' lang='grc' dir='ltr'><strong><em>Εὐαγγέλιω</em></strong></span> <span class='ocrx_word' id='word_1_303' title='bbox 1787 2529 1888 2582; x_wconf 84' lang='grc' dir='ltr'>οὐκ</span> <span class='ocrx_word' id='word_1_304' title='bbox 1906 2528 2034 2583; x_wconf 83' lang='grc' dir='ltr'>ἄλλο</span> 
     </span>
    </p>
   </div>
   <div class='ocr_carea' id='block_1_42' title="bbox 440 2613 2035 2706">
    <p class='ocr_par' dir='ltr' id='par_1_42' title="bbox 440 2613 2035 2706">
     <span class='ocr_line' id='line_1_43' title="bbox 440 2613 2035 2706; baseline -0.001 -33"><span class='ocrx_word' id='word_1_305' title='bbox 440 2618 524 2683; x_wconf 75' lang='grc' dir='ltr'><strong><em>ὃν,</em></strong></span> <span class='ocrx_word' id='word_1_306' title='bbox 557 2618 694 2706; x_wconf 89' lang='grc' dir='ltr'><strong><em>ἀλλά</em></strong></span> <span class='ocrx_word' id='word_1_307' title='bbox 724 2618 753 2672; x_wconf 83' lang='grc' dir='ltr'><strong>ὃ</strong></span> <span class='ocrx_word' id='word_1_308' title='bbox 778 2618 878 2691; x_wconf 75' lang='grc' dir='ltr'><strong><em>ἤδη</em></strong></span> <span class='ocrx_word' id='word_1_309' title='bbox 909 2619 1351 2693; x_wconf 81' lang='grc' dir='ltr'>εὐηγγελισάμην</span> <span class='ocrx_word' id='word_1_310' title='bbox 1389 2620 1538 2690; x_wconf 83' lang='grc' dir='ltr'>ὑμῖν,</span> <span class='ocrx_word' id='word_1_311' title='bbox 1567 2613 1628 2672; x_wconf 74' lang='grc' dir='ltr'>οὗ</span> <span class='ocrx_word' id='word_1_312' title='bbox 1658 2619 1758 2691; x_wconf 88' lang='grc' dir='ltr'><strong><em>τὴν</em></strong></span> <span class='ocrx_word' id='word_1_313' title='bbox 1786 2619 2035 2692; x_wconf 80' lang='grc' dir='ltr'>ὑπόμνη-</span> 
     </span>
    </p>
   </div>
   <div class='ocr_carea' id='block_1_43' title="bbox 437 2707 2034 2782">
    <p class='ocr_par' dir='ltr' id='par_1_43' title="bbox 437 2707 2034 2782">
     <span class='ocr_line' id='line_1_44' title="bbox 437 2707 2034 2782; baseline 0 -18"><span class='ocrx_word' id='word_1_314' title='bbox 437 2727 531 2766; x_wconf 78' lang='grc' dir='ltr'>σιν</span> <span class='ocrx_word' id='word_1_315' title='bbox 553 2710 683 2780; x_wconf 80' lang='grc' dir='ltr'>ὑμῖν</span> <span class='ocrx_word' id='word_1_316' title='bbox 714 2709 869 2764; x_wconf 83' lang='grc' dir='ltr'>ποιοῦ</span> <span class='ocrx_word' id='word_1_317' title='bbox 877 2727 995 2780; x_wconf 89' lang='grc' dir='ltr'>μαι.</span> <span class='ocrx_word' id='word_1_318' title='bbox 1014 2709 1270 2782; x_wconf 78' lang='grc' dir='ltr'>Γνωρίζω</span> <span class='ocrx_word' id='word_1_319' title='bbox 1299 2711 1426 2782; x_wconf 85' lang='grc' dir='ltr'>ὑμῖν</span> <span class='ocrx_word' id='word_1_320' title='bbox 1447 2711 1551 2764; x_wconf 86' lang='grc' dir='ltr'>τίνι</span> <span class='ocrx_word' id='word_1_321' title='bbox 1579 2709 1722 2781; x_wconf 81' lang='grc' dir='ltr'>λόγῳ</span> <span class='ocrx_word' id='word_1_322' title='bbox 1745 2707 2034 2782; x_wconf 79' lang='grc' dir='ltr'>εὐηγγελι-</span> 
     </span>
    </p>
   </div>
   <div class='ocr_carea' id='block_1_44' title="bbox 445 2803 2036 2874">
    <p class='ocr_par' dir='ltr' id='par_1_44' title="bbox 445 2803 2036 2874">
     <span class='ocr_line' id='line_1_45' title="bbox 445 2803 2036 2874; baseline 0.001 -18"><span class='ocrx_word' id='word_1_323' title='bbox 445 2803 631 2874; x_wconf 84' lang='grc' dir='ltr'>σὰμην</span> <span class='ocrx_word' id='word_1_324' title='bbox 663 2804 813 2874; x_wconf 77' lang='grc' dir='ltr'>ὑμῖν,</span> <span class='ocrx_word' id='word_1_325' title='bbox 857 2805 908 2857; x_wconf 82' lang='grc' dir='ltr'><em>εὶ</em></span> <span class='ocrx_word' id='word_1_326' title='bbox 954 2804 1236 2872; x_wconf 80' lang='grc' dir='ltr'><em>κατέχετε</em></span> <span class='ocrx_word' id='word_1_327' title='bbox 1259 2819 1274 2832; x_wconf 89' lang='grc'><strong>·</strong></span> <span class='ocrx_word' id='word_1_328' title='bbox 1317 2803 1494 2870; x_wconf 83' lang='grc' dir='ltr'><em>ἐκτὸς</em></span> <span class='ocrx_word' id='word_1_329' title='bbox 1533 2806 1588 2858; x_wconf 80' lang='grc' dir='ltr'><em>εὶ</em></span> <span class='ocrx_word' id='word_1_330' title='bbox 1617 2803 1704 2872; x_wconf 82' lang='grc' dir='ltr'><strong><em>μὴ</em></strong></span> <span class='ocrx_word' id='word_1_331' title='bbox 1743 2804 1874 2873; x_wconf 80' lang='grc' dir='ltr'><strong><em>εὶκῆ</em></strong></span> <span class='ocrx_word' id='word_1_332' title='bbox 1909 2806 2036 2858; x_wconf 81' lang='grc' dir='ltr'><em>ἐπι-</em></span> 
     </span>
    </p>
   </div>
   <div class='ocr_carea' id='block_1_45' title="bbox 443 2895 2032 2970">
    <p class='ocr_par' dir='ltr' id='par_1_45' title="bbox 443 2895 2032 2970">
     <span class='ocr_line' id='line_1_46' title="bbox 443 2895 2032 2970; baseline -0.001 -17"><span class='ocrx_word' id='word_1_333' title='bbox 443 2897 763 2953; x_wconf 84' lang='grc' dir='ltr'><em>στεύσατε.</em></span> <span class='ocrx_word' id='word_1_334' title='bbox 798 2895 862 2949; x_wconf 78' lang='grc' dir='ltr'>Εἰ</span> <span class='ocrx_word' id='word_1_335' title='bbox 913 2896 987 2967; x_wconf 86' lang='grc' dir='ltr'>μὴ</span> <span class='ocrx_word' id='word_1_336' title='bbox 1038 2896 1148 2967; x_wconf 90' lang='grc' dir='ltr'><strong><em>γάρ</em></strong></span> <span class='ocrx_word' id='word_1_337' title='bbox 1194 2897 1475 2967; x_wconf 81' lang='grc' dir='ltr'><strong><em>κατέχετε,</em></strong></span> <span class='ocrx_word' id='word_1_338' title='bbox 1505 2896 1581 2958; x_wconf 81' lang='grc' dir='ltr'><strong><em>ὡς</em></strong></span> <span class='ocrx_word' id='word_1_339' title='bbox 1613 2897 1854 2970; x_wconf 80' lang='grc' dir='ltr'>ἐκήρυξα</span> <span class='ocrx_word' id='word_1_340' title='bbox 1884 2898 2032 2969; x_wconf 86' lang='grc' dir='ltr'>ὑμῖν,</span> 
     </span>
    </p>
   </div>
   <div class='ocr_carea' id='block_1_46' title="bbox 444 2987 2036 3063">
    <p class='ocr_par' dir='ltr' id='par_1_46' title="bbox 444 2987 2036 3063">
     <span class='ocr_line' id='line_1_47' title="bbox 444 2987 2036 3063; baseline 0.001 -20"><span class='ocrx_word' id='word_1_341' title='bbox 444 2990 614 3062; x_wconf 71' lang='grc' dir='ltr'>χωρὶς</span> <span class='ocrx_word' id='word_1_342' title='bbox 659 2988 826 3042; x_wconf 83' lang='grc' dir='ltr'>αὑτοῦ</span> <span class='ocrx_word' id='word_1_343' title='bbox 874 2989 998 3059; x_wconf 77' lang='grc' dir='ltr'><strong><em>εἰκῆ</em></strong></span> <span class='ocrx_word' id='word_1_344' title='bbox 1027 2987 1408 3044; x_wconf 83' lang='grc' dir='ltr'>ἐπιστεύσατε.</span> <span class='ocrx_word' id='word_1_345' title='bbox 1440 2989 1899 3063; x_wconf 85' lang='grc' dir='ltr'>Εὑηγγελισάμην</span> <span class='ocrx_word' id='word_1_346' title='bbox 1926 2992 2036 3063; x_wconf 86' lang='grc' dir='ltr'>γὰρ</span> 
     </span>
    </p>
   </div>
   <div class='ocr_carea' id='block_1_47' title="bbox 447 3077 2035 3154">
    <p class='ocr_par' dir='ltr' id='par_1_47' title="bbox 447 3077 2035 3154">
     <span class='ocr_line' id='line_1_48' title="bbox 447 3077 2035 3154; baseline 0.002 -21"><span class='ocrx_word' id='word_1_347' title='bbox 447 3081 600 3151; x_wconf 83' lang='grc' dir='ltr'>ὑμῖν,</span> <span class='ocrx_word' id='word_1_348' title='bbox 621 3080 702 3133; x_wconf 83' lang='grc' dir='ltr'><strong><em>ὅτι</em></strong></span> <span class='ocrx_word' id='word_1_349' title='bbox 729 3077 961 3151; x_wconf 82' lang='grc' dir='ltr'>Χριστὸς</span> <span class='ocrx_word' id='word_1_350' title='bbox 983 3078 1252 3133; x_wconf 79' lang='grc' dir='ltr'><strong><em>ἀπέθανεν</em></strong></span> <span class='ocrx_word' id='word_1_351' title='bbox 1275 3080 1416 3152; x_wconf 84' lang='grc' dir='ltr'>ὑπὲρ</span> <span class='ocrx_word' id='word_1_352' title='bbox 1440 3079 1551 3134; x_wconf 87' lang='grc' dir='ltr'>τῶν</span> <span class='ocrx_word' id='word_1_353' title='bbox 1571 3082 1856 3153; x_wconf 83' lang='grc' dir='ltr'>ἁμαρτιῶν</span> <span class='ocrx_word' id='word_1_354' title='bbox 1879 3083 2035 3154; x_wconf 81' lang='grc' dir='ltr'>ἡμῶν</span> 
     </span>
    </p>
   </div>
   <div class='ocr_carea' id='block_1_48' title="bbox 2130 1938 3727 2020">
    <p class='ocr_par' dir='ltr' id='par_1_48' title="bbox 2130 1938 3727 2020">
     <span class='ocr_line' id='line_1_49' title="bbox 2130 1938 3727 2020; baseline -0.018 1"><span class='ocrx_word' id='word_1_355' title='bbox 2130 1979 2313 2020; x_wconf 90' lang='lat' dir='ltr'><strong><em>nonus</em></strong></span> <span class='ocrx_word' id='word_1_356' title='bbox 2353 1961 2546 2018; x_wconf 87' lang='lat' dir='ltr'><strong><em>ordine</em></strong></span> <span class='ocrx_word' id='word_1_357' title='bbox 2598 1962 2941 2013; x_wconf 86' lang='lat' dir='ltr'><strong><em>numeratur.</em></strong></span> <span class='ocrx_word' id='word_1_358' title='bbox 2995 1947 3263 2017; x_wconf 86' lang='lat' dir='ltr'><strong><em>Quocirca</em></strong></span> <span class='ocrx_word' id='word_1_359' title='bbox 3313 1953 3374 1998; x_wconf 92' lang='lat' dir='ltr'><strong><em>ut</em></strong></span> <span class='ocrx_word' id='word_1_360' title='bbox 3428 1955 3531 1997; x_wconf 90' lang='lat' dir='ltr'><strong><em>nos</em></strong></span> <span class='ocrx_word' id='word_1_361' title='bbox 3579 1938 3727 1994; x_wconf 84' lang='lat' dir='ltr'><strong><em>idem</em></strong></span> 
     </span>
    </p>
   </div>
   <div class='ocr_carea' id='block_1_49' title="bbox 2131 2036 3730 2128">
    <p class='ocr_par' dir='ltr' id='par_1_49' title="bbox 2131 2036 3730 2128">
     <span class='ocr_line' id='line_1_50' title="bbox 2131 2036 3730 2128; baseline -0.019 -15"><span class='ocrx_word' id='word_1_362' title='bbox 2131 2053 2489 2128; x_wconf 69' lang='lat' dir='ltr'><strong><em>praemuniret</em></strong></span> <span class='ocrx_word' id='word_1_363' title='bbox 2520 2048 2840 2122; x_wconf 87' lang='lat' dir='ltr'><strong><em>Apostolus,</em></strong></span> <span class='ocrx_word' id='word_1_364' title='bbox 2865 2044 3079 2100; x_wconf 88' lang='lat' dir='ltr'><strong><em>aiebat:</em></strong></span> <span class='ocrx_word' id='word_1_365' title='bbox 3106 2036 3338 2094; x_wconf 84' lang='lat' dir='ltr'><strong><em>Etiamsi</em></strong></span> <span class='ocrx_word' id='word_1_366' title='bbox 3362 2051 3478 2099; x_wconf 84' lang='lat' dir='ltr'><strong><em>nos,</em></strong></span> <span class='ocrx_word' id='word_1_367' title='bbox 3507 2039 3600 2087; x_wconf 77' lang='lat' dir='ltr'><strong><em>aut</em></strong></span> <span class='ocrx_word' id='word_1_368' title='bbox 3627 2047 3730 2085; x_wconf 79' lang='lat' dir='ltr'><strong><em>an-</em></strong></span> 
     </span>
    </p>
   </div>
   <div class='ocr_carea' id='block_1_50' title="bbox 2132 2123 3728 2220">
    <p class='ocr_par' dir='ltr' id='par_1_50' title="bbox 2132 2123 3728 2220">
     <span class='ocr_line' id='line_1_51' title="bbox 2132 2123 3728 2220; baseline -0.018 -15"><span class='ocrx_word' id='word_1_369' title='bbox 2132 2123 2279 2220; x_wconf 53' lang='lat' dir='ltr'><strong><em>gelus</em></strong></span> <span class='ocrx_word' id='word_1_370' title='bbox 2302 2142 2744 2216; x_wconf 68' lang='lat' dir='ltr'><strong><em>evangeliaaverit</em></strong></span> <span class='ocrx_word' id='word_1_371' title='bbox 2775 2140 2916 2194; x_wconf 85' lang='lat' dir='ltr'><strong><em>vobis</em></strong></span> <span class='ocrx_word' id='word_1_372' title='bbox 2947 2143 3139 2206; x_wconf 64' lang='lat' dir='ltr'><strong><em>praeter</em></strong></span> <span class='ocrx_word' id='word_1_373' title='bbox 3163 2147 3320 2202; x_wconf 87' lang='lat' dir='ltr'><strong><em>quam</em></strong></span> <span class='ocrx_word' id='word_1_374' title='bbox 3351 2127 3490 2200; x_wconf 86' lang='lat' dir='ltr'><strong><em>quod</em></strong></span> <span class='ocrx_word' id='word_1_375' title='bbox 3519 2123 3728 2194; x_wconf 83' lang='lat' dir='ltr'><strong><em>accepi-</em></strong></span> 
     </span>
    </p>
   </div>
   <div class='ocr_carea' id='block_1_51' title="bbox 2131 2216 3723 2303">
    <p class='ocr_par' dir='ltr' id='par_1_51' title="bbox 2131 2216 3723 2303">
     <span class='ocr_line' id='line_1_52' title="bbox 2131 2216 3723 2303; baseline -0.016 -9"><span class='ocrx_word' id='word_1_376' title='bbox 2131 2216 2254 2303; x_wconf 73' lang='lat' dir='ltr'><strong><em>stis,</em></strong></span> <span class='ocrx_word' id='word_1_377' title='bbox 2277 2235 2562 2291; x_wconf 78' lang='lat' dir='ltr'><strong><em>anathema</em></strong></span> <span class='ocrx_word' id='word_1_378' title='bbox 2583 2233 2655 2287; x_wconf 89' lang='lat' dir='ltr'><strong><em>sit</em></strong></span> <span class='ocrx_word' id='word_1_379' title='bbox 2672 2231 2713 2286; x_wconf 84' lang='grc'><strong><em>⁸.</em></strong></span> <span class='ocrx_word' id='word_1_380' title='bbox 2745 2227 2932 2284; x_wconf 84' lang='lat' dir='ltr'><strong><em>Sancti</em></strong></span> <span class='ocrx_word' id='word_1_381' title='bbox 2955 2226 3158 2297; x_wconf 88' lang='lat' dir='ltr'><strong><em>quippe</em></strong></span> <span class='ocrx_word' id='word_1_382' title='bbox 3191 2220 3430 2293; x_wconf 84' lang='lat' dir='ltr'><strong><em>Spiritus</em></strong></span> <span class='ocrx_word' id='word_1_383' title='bbox 3455 2216 3723 2274; x_wconf 86' lang='lat' dir='ltr'><strong><em>instinctu</em></strong></span> 
     </span>
    </p>
   </div>
   <div class='ocr_carea' id='block_1_52' title="bbox 2134 2307 3733 2391">
    <p class='ocr_par' dir='ltr' id='par_1_52' title="bbox 2134 2307 3733 2391">
     <span class='ocr_line' id='line_1_53' title="bbox 2134 2307 3733 2391; baseline -0.016 -4"><span class='ocrx_word' id='word_1_384' title='bbox 2134 2336 2362 2387; x_wconf 85' lang='lat' dir='ltr'><strong><em>noverat</em></strong></span> <span class='ocrx_word' id='word_1_385' title='bbox 2415 2334 2706 2382; x_wconf 89' lang='lat' dir='ltr'><strong><em>venturum</em></strong></span> <span class='ocrx_word' id='word_1_386' title='bbox 2757 2317 3054 2391; x_wconf 88' lang='lat' dir='ltr'><strong><em>aliquando</em></strong></span> <span class='ocrx_word' id='word_1_387' title='bbox 3086 2330 3212 2371; x_wconf 90' lang='lat' dir='ltr'><strong><em>cum</em></strong></span> <span class='ocrx_word' id='word_1_388' title='bbox 3264 2310 3551 2383; x_wconf 89' lang='lat' dir='ltr'><strong><em>discipulis</em></strong></span> <span class='ocrx_word' id='word_1_389' title='bbox 3589 2307 3733 2363; x_wconf 78' lang='lat' dir='ltr'><strong><em>Mar-</em></strong></span> 
     </span>
    </p>
   </div>
   <div class='ocr_carea' id='block_1_53' title="bbox 2133 2405 3730 2491">
    <p class='ocr_par' dir='ltr' id='par_1_53' title="bbox 2133 2405 3730 2491">
     <span class='ocr_line' id='line_1_54' title="bbox 2133 2405 3730 2491; baseline -0.017 -13"><span class='ocrx_word' id='word_1_390' title='bbox 2133 2422 2372 2487; x_wconf 86' lang='lat' dir='ltr'><strong><em>cionem,</em></strong></span> <span class='ocrx_word' id='word_1_391' title='bbox 2407 2416 2502 2491; x_wconf 85' lang='lat' dir='ltr'><strong><em>qui</em></strong></span> <span class='ocrx_word' id='word_1_392' title='bbox 2533 2415 2750 2487; x_wconf 75' lang='lat' dir='ltr'><strong><em>egregie</em></strong></span> <span class='ocrx_word' id='word_1_393' title='bbox 2785 2410 3051 2466; x_wconf 88' lang='lat' dir='ltr'><strong><em>munitam</em></strong></span> <span class='ocrx_word' id='word_1_394' title='bbox 3086 2407 3228 2461; x_wconf 90' lang='lat' dir='ltr'><strong><em>viam</em></strong></span> <span class='ocrx_word' id='word_1_395' title='bbox 3262 2405 3569 2458; x_wconf 87' lang='lat' dir='ltr'><strong><em>niterentur</em></strong></span> <span class='ocrx_word' id='word_1_396' title='bbox 3599 2413 3730 2470; x_wconf 85' lang='lat' dir='ltr'><strong><em>per-</em></strong></span> 
     </span>
    </p>
   </div>
   <div class='ocr_carea' id='block_1_54' title="bbox 2133 2493 3733 2578">
    <p class='ocr_par' dir='ltr' id='par_1_54' title="bbox 2133 2493 3733 2578">
     <span class='ocr_line' id='line_1_55' title="bbox 2133 2493 3733 2578; baseline -0.015 -8"><span class='ocrx_word' id='word_1_397' title='bbox 2133 2522 2369 2570; x_wconf 82' lang='lat' dir='ltr'><strong><em>vertere.</em></strong></span> <span class='ocrx_word' id='word_1_398' title='bbox 2403 2511 2587 2578; x_wconf 83' lang='lat' dir='ltr'><strong><em>Quare</em></strong></span> <span class='ocrx_word' id='word_1_399' title='bbox 2617 2524 2725 2563; x_wconf 90' lang='lat' dir='ltr'><strong><em>non</em></strong></span> <span class='ocrx_word' id='word_1_400' title='bbox 2769 2507 2967 2560; x_wconf 87' lang='lat' dir='ltr'><strong><em>iterum</em></strong></span> <span class='ocrx_word' id='word_1_401' title='bbox 2999 2501 3172 2565; x_wconf 84' lang='lat' dir='ltr'><strong><em>dixit,</em></strong></span> <span class='ocrx_word' id='word_1_402' title='bbox 3209 2495 3530 2567; x_wconf 77' lang='lat' dir='ltr'><strong><em>Evangelizo</em></strong></span> <span class='ocrx_word' id='word_1_403' title='bbox 3563 2493 3733 2560; x_wconf 69' lang='lat' dir='ltr'><strong><em>vobis,</em></strong></span> 
     </span>
    </p>
   </div>
   <div class='ocr_carea' id='block_1_55' title="bbox 2135 2586 3732 2674">
    <p class='ocr_par' dir='ltr' id='par_1_55' title="bbox 2135 2586 3732 2674">
     <span class='ocr_line' id='line_1_56' title="bbox 2135 2586 3732 2674; baseline -0.016 -9"><span class='ocrx_word' id='word_1_404' title='bbox 2135 2609 2252 2674; x_wconf 87' lang='lat' dir='ltr'><strong><em>sed,</em></strong></span> <span class='ocrx_word' id='word_1_405' title='bbox 2282 2607 2482 2661; x_wconf 88' lang='lat' dir='ltr'><strong><em>Notum</em></strong></span> <span class='ocrx_word' id='word_1_406' title='bbox 2514 2602 2657 2659; x_wconf 82' lang='lat' dir='ltr'><strong><em>vobis</em></strong></span> <span class='ocrx_word' id='word_1_407' title='bbox 2685 2599 2824 2670; x_wconf 79' lang='lat' dir='ltr'><strong><em>facio</em></strong></span> <span class='ocrx_word' id='word_1_408' title='bbox 2852 2593 3230 2666; x_wconf 83' lang='lat' dir='ltr'><strong><em>Evangelium;</em></strong></span> <span class='ocrx_word' id='word_1_409' title='bbox 3263 2606 3371 2647; x_wconf 86' lang='lat' dir='ltr'><strong><em>non</em></strong></span> <span class='ocrx_word' id='word_1_410' title='bbox 3405 2586 3550 2643; x_wconf 86' lang='lat' dir='ltr'><strong><em>aliud</em></strong></span> <span class='ocrx_word' id='word_1_411' title='bbox 3579 2586 3732 2641; x_wconf 86' lang='lat' dir='ltr'><strong><em>abeo</em></strong></span> 
     </span>
    </p>
   </div>
   <div class='ocr_carea' id='block_1_56' title="bbox 2138 2678 3735 2775">
    <p class='ocr_par' dir='ltr' id='par_1_56' title="bbox 2138 2678 3735 2775">
     <span class='ocr_line' id='line_1_57' title="bbox 2138 2678 3735 2775; baseline -0.015 -17"><span class='ocrx_word' id='word_1_412' title='bbox 2138 2705 2332 2775; x_wconf 87' lang='lat' dir='ltr'><strong><em>utique</em></strong></span> <span class='ocrx_word' id='word_1_413' title='bbox 2371 2698 2520 2772; x_wconf 88' lang='lat' dir='ltr'><strong><em>quod</em></strong></span> <span class='ocrx_word' id='word_1_414' title='bbox 2568 2699 2681 2768; x_wconf 89' lang='lat' dir='ltr'><strong><em>jam</em></strong></span> <span class='ocrx_word' id='word_1_415' title='bbox 2717 2691 3014 2766; x_wconf 65' lang='lat' dir='ltr'><strong><em>prmdicavi</em></strong></span> <span class='ocrx_word' id='word_1_416' title='bbox 3045 2686 3230 2752; x_wconf 84' lang='lat' dir='ltr'><strong><em>vobis,</em></strong></span> <span class='ocrx_word' id='word_1_417' title='bbox 3269 2700 3334 2738; x_wconf 89' lang='lat' dir='ltr'><strong><em>ac</em></strong></span> <span class='ocrx_word' id='word_1_418' title='bbox 3364 2683 3545 2738; x_wconf 87' lang='lat' dir='ltr'><strong><em>denuo</em></strong></span> <span class='ocrx_word' id='word_1_419' title='bbox 3575 2678 3735 2734; x_wconf 80' lang='lat' dir='ltr'><strong><em>vobis</em></strong></span> 
     </span>
    </p>
   </div>
   <div class='ocr_carea' id='block_1_57' title="bbox 2136 2776 3736 2853">
    <p class='ocr_par' dir='ltr' id='par_1_57' title="bbox 2136 2776 3736 2853">
     <span class='ocr_line' id='line_1_58' title="bbox 2136 2776 3736 2853; baseline -0.018 1"><span class='ocrx_word' id='word_1_420' title='bbox 2136 2798 2195 2853; x_wconf 89' lang='lat' dir='ltr'><strong><em>in</em></strong></span> <span class='ocrx_word' id='word_1_421' title='bbox 2241 2792 2562 2851; x_wconf 85' lang='lat' dir='ltr'><strong><em>memoriam</em></strong></span> <span class='ocrx_word' id='word_1_422' title='bbox 2591 2803 2808 2844; x_wconf 89' lang='lat' dir='ltr'><strong><em>revoco.</em></strong></span> <span class='ocrx_word' id='word_1_423' title='bbox 2856 2783 3055 2840; x_wconf 86' lang='lat' dir='ltr'><strong><em>Notum</em></strong></span> <span class='ocrx_word' id='word_1_424' title='bbox 3089 2779 3247 2835; x_wconf 80' lang='lat' dir='ltr'><strong><em>vobis</em></strong></span> <span class='ocrx_word' id='word_1_425' title='bbox 3294 2776 3460 2842; x_wconf 75' lang='lat' dir='ltr'><strong><em>facio,</em></strong></span> <span class='ocrx_word' id='word_1_426' title='bbox 3495 2786 3736 2845; x_wconf 88' lang='lat' dir='ltr'><strong><em>quanam</em></strong></span> 
     </span>
    </p>
   </div>
   <div class='ocr_carea' id='block_1_58' title="bbox 2138 2866 3737 2956">
    <p class='ocr_par' dir='ltr' id='par_1_58' title="bbox 2138 2866 3737 2956">
     <span class='ocr_line' id='line_1_59' title="bbox 2138 2866 3737 2956; baseline -0.018 -10"><span class='ocrx_word' id='word_1_427' title='bbox 2138 2891 2354 2946; x_wconf 86' lang='lat' dir='ltr'><strong><em>ratione</em></strong></span> <span class='ocrx_word' id='word_1_428' title='bbox 2408 2881 2898 2956; x_wconf 81' lang='lat' dir='ltr'><strong><em>evangelizaverim</em></strong></span> <span class='ocrx_word' id='word_1_429' title='bbox 2957 2876 3134 2935; x_wconf 85' lang='lat' dir='ltr'><strong><em>vobis.</em></strong></span> <span class='ocrx_word' id='word_1_430' title='bbox 3162 2871 3326 2944; x_wconf 77' lang='lat'><strong><em>365</em></strong></span> <span class='ocrx_word' id='word_1_431' title='bbox 3367 2871 3416 2926; x_wconf 86' lang='lat' dir='ltr'><strong><em>si</em></strong></span> <span class='ocrx_word' id='word_1_432' title='bbox 3462 2866 3737 2932; x_wconf 84' lang='lat' dir='ltr'><strong><em>retinetis,</em></strong></span> 
     </span>
    </p>
   </div>
   <div class='ocr_carea' id='block_1_59' title="bbox 2139 2958 3739 3052">
    <p class='ocr_par' dir='ltr' id='par_1_59' title="bbox 2139 2958 3739 3052">
     <span class='ocr_line' id='line_1_60' title="bbox 2139 2958 3739 3052; baseline -0.018 -12"><span class='ocrx_word' id='word_1_433' title='bbox 2139 2985 2244 3040; x_wconf 83' lang='lat' dir='ltr'><strong><em>nisi</em></strong></span> <span class='ocrx_word' id='word_1_434' title='bbox 2291 2984 2429 3052; x_wconf 80' lang='lat' dir='ltr'><strong><em>forte</em></strong></span> <span class='ocrx_word' id='word_1_435' title='bbox 2474 2981 2683 3050; x_wconf 77' lang='lat' dir='ltr'><strong><em>{rustra</em></strong></span> <span class='ocrx_word' id='word_1_436' title='bbox 2735 2969 3059 3029; x_wconf 86' lang='lat' dir='ltr'><strong><em>credidistis.</em></strong></span> <span class='ocrx_word' id='word_1_437' title='bbox 3116 2965 3233 3022; x_wconf 81' lang='lat' dir='ltr'><strong><em>Nisi</em></strong></span> <span class='ocrx_word' id='word_1_438' title='bbox 3284 2964 3430 3020; x_wconf 87' lang='lat' dir='ltr'><strong><em>enim</em></strong></span> <span class='ocrx_word' id='word_1_439' title='bbox 3483 2958 3739 3015; x_wconf 88' lang='lat' dir='ltr'><strong><em>retinetis</em></strong></span> 
     </span>
    </p>
   </div>
   <div class='ocr_carea' id='block_1_60' title="bbox 2139 3052 3740 3147">
    <p class='ocr_par' dir='ltr' id='par_1_60' title="bbox 2139 3052 3740 3147">
     <span class='ocr_line' id='line_1_61' title="bbox 2139 3052 3740 3147; baseline -0.017 -16"><span class='ocrx_word' id='word_1_440' title='bbox 2139 3073 2605 3147; x_wconf 86' lang='lat' dir='ltr'><strong><em>quemadmodum</em></strong></span> <span class='ocrx_word' id='word_1_441' title='bbox 2659 3064 2952 3140; x_wconf 62' lang='lat' dir='ltr'><strong><em>pradicavi</em></strong></span> <span class='ocrx_word' id='word_1_442' title='bbox 3003 3061 3179 3127; x_wconf 85' lang='lat' dir='ltr'><strong><em>vobis,</em></strong></span> <span class='ocrx_word' id='word_1_443' title='bbox 3233 3059 3353 3113; x_wconf 88' lang='lat' dir='ltr'><strong><em>sine</em></strong></span> <span class='ocrx_word' id='word_1_444' title='bbox 3401 3055 3492 3110; x_wconf 93' lang='lat' dir='ltr'><strong><em>illo</em></strong></span> <span class='ocrx_word' id='word_1_445' title='bbox 3535 3052 3740 3108; x_wconf 80' lang='lat' dir='ltr'><strong><em>frustra</em></strong></span> 
     </span>
    </p>
   </div>
   <div class='ocr_carea' id='block_1_61' title="bbox 446 3149 2040 3262">
    <p class='ocr_par' dir='ltr' id='par_1_61' title="bbox 446 3149 2035 3246">
     <span class='ocr_line' id='line_1_62' title="bbox 446 3149 2035 3246; baseline 0 -19"><span class='ocrx_word' id='word_1_446' title='bbox 446 3149 592 3227; x_wconf 81' lang='grc' dir='ltr'><strong><em>κατά</em></strong></span> <span class='ocrx_word' id='word_1_447' title='bbox 623 3171 720 3235; x_wconf 85' lang='grc' dir='ltr'><strong><em>τάς</em></strong></span> <span class='ocrx_word' id='word_1_448' title='bbox 748 3149 993 3244; x_wconf 65' lang='grc' dir='ltr'>Γραφὰς,</span> <span class='ocrx_word' id='word_1_449' title='bbox 1024 3170 1118 3224; x_wconf 78' lang='grc' dir='ltr'><strong><em>καὶ</em></strong></span> <span class='ocrx_word' id='word_1_450' title='bbox 1165 3171 1247 3224; x_wconf 85' lang='grc' dir='ltr'>ὅτι</span> <span class='ocrx_word' id='word_1_451' title='bbox 1295 3174 1360 3244; x_wconf 81' lang='grc' dir='ltr'>τῇ</span> <span class='ocrx_word' id='word_1_452' title='bbox 1387 3149 1551 3245; x_wconf 38' lang='grc' dir='ltr'>’τρίτῃ</span> <span class='ocrx_word' id='word_1_453' title='bbox 1581 3149 1765 3245; x_wconf 73' lang='grc' dir='ltr'>ἡμέρᾳ</span> <span class='ocrx_word' id='word_1_454' title='bbox 1798 3149 2035 3246; x_wconf 69' lang='grc' dir='ltr'>ἐγήγερο</span> 
     </span>
    </p>
   </div>
   <div class='ocr_carea' id='block_1_62' title="bbox 2140 3149 3739 3262">
    <p class='ocr_par' dir='ltr' id='par_1_62' title="bbox 2143 3149 3739 3262">
     <span class='ocr_line' id='line_1_63' title="bbox 2143 3149 3739 3225; baseline -0.018 1"><span class='ocrx_word' id='word_1_455' title='bbox 2143 3168 2477 3225; x_wconf 87' lang='lat' dir='ltr'><strong><em>credidistis.</em></strong></span> <span class='ocrx_word' id='word_1_456' title='bbox 2511 3164 2627 3219; x_wconf 85' lang='lat' dir='ltr'><strong><em>Hoc</em></strong></span> <span class='ocrx_word' id='word_1_457' title='bbox 2655 3163 2802 3218; x_wconf 90' lang='lat' dir='ltr'><strong><em>enim</em></strong></span> <span class='ocrx_word' id='word_1_458' title='bbox 2831 3155 3081 3213; x_wconf 89' lang='lat' dir='ltr'><strong><em>nuntiavi</em></strong></span> <span class='ocrx_word' id='word_1_459' title='bbox 3110 3151 3268 3208; x_wconf 90' lang='lat' dir='ltr'><strong><em>vobis</em></strong></span> <span class='ocrx_word' id='word_1_460' title='bbox 3296 3168 3310 3204; x_wconf 92' lang='lat'><strong>:</strong></span> <span class='ocrx_word' id='word_1_461' title='bbox 3335 3149 3613 3204; x_wconf 87' lang='lat' dir='ltr'><strong><em>Christum</em></strong></span> <span class='ocrx_word' id='word_1_462' title='bbox 3639 3161 3739 3215; x_wconf 85' lang='lat' dir='ltr'><strong><em>pro</em></strong></span> 
     </span>
     <span class='ocr_line' id='line_1_64' title="bbox 2348 3241 3708 3262; baseline -0.018 12"><span class='ocrx_word' id='word_1_463' title='bbox 2348 3261 2354 3262; x_wconf 44' lang='grc' dir='ltr'><em>κ</em></span> <span class='ocrx_word' id='word_1_464' title='bbox 2587 3257 2598 3262; x_wconf 87' lang='grc'><strong><em>-</em></strong></span> <span class='ocrx_word' id='word_1_465' title='bbox 2848 3251 2862 3262; x_wconf 89' lang='grc'><strong><em>.</em></strong></span> <span class='ocrx_word' id='word_1_466' title='bbox 3001 3249 3032 3262; x_wconf 81' lang='lat'><strong><em>..</em></strong></span> <span class='ocrx_word' id='word_1_467' title='bbox 3110 3248 3120 3258; x_wconf 90' lang='lat'><strong><em>.</em></strong></span> <span class='ocrx_word' id='word_1_468' title='bbox 3168 3255 3314 3262; x_wconf 90' lang='lat'><em>_</em></span> <span class='ocrx_word' id='word_1_469' title='bbox 3360 3241 3556 3262; x_wconf 36' lang='lat' dir='ltr'><strong><em>4m“</em></strong></span> <span class='ocrx_word' id='word_1_470' title='bbox 3585 3252 3708 3262; x_wconf 53' lang='lat' dir='ltr'><strong><em>mm</em></strong></span> 
     </span>
    </p>
   </div>
   <div class='ocr_carea' id='block_1_63' title="bbox 445 3264 2043 3338">
    <p class='ocr_par' dir='ltr' id='par_1_63' title="bbox 445 3264 2043 3338">
     <span class='ocr_line' id='line_1_65' title="bbox 445 3264 2043 3338; baseline 0.002 -19"><span class='ocrx_word' id='word_1_471' title='bbox 445 3283 541 3320; x_wconf 86' lang='grc' dir='ltr'><strong><em>ται</em></strong></span> <span class='ocrx_word' id='word_1_472' title='bbox 576 3264 717 3319; x_wconf 88' lang='grc' dir='ltr'><strong><em>κατά</em></strong></span> <span class='ocrx_word' id='word_1_473' title='bbox 744 3265 844 3328; x_wconf 81' lang='grc' dir='ltr'><strong><em>τὰς</em></strong></span> <span class='ocrx_word' id='word_1_474' title='bbox 878 3264 1121 3336; x_wconf 81' lang='grc' dir='ltr'>Γραφὰς,</span> <span class='ocrx_word' id='word_1_475' title='bbox 1155 3266 1250 3319; x_wconf 76' lang='grc' dir='ltr'><strong><em>καὶ</em></strong></span> <span class='ocrx_word' id='word_1_476' title='bbox 1275 3266 1335 3319; x_wconf 83' lang='grc' dir='ltr'>οὐ</span> <span class='ocrx_word' id='word_1_477' title='bbox 1371 3266 1514 3320; x_wconf 86' lang='grc' dir='ltr'><strong><em>κατά</em></strong></span> <span class='ocrx_word' id='word_1_478' title='bbox 1550 3266 1739 3338; x_wconf 75' lang='grc' dir='ltr'>μῦθον.</span> <span class='ocrx_word' id='word_1_479' title='bbox 1782 3270 1875 3322; x_wconf 74' lang='grc' dir='ltr'>καὶ</span> <span class='ocrx_word' id='word_1_480' title='bbox 1921 3269 2043 3322; x_wconf 80' lang='grc' dir='ltr'>οὐδὲ</span> 
     </span>
    </p>
   </div>
   <div class='ocr_carea' id='block_1_64' title="bbox 450 3357 2048 3430">
    <p class='ocr_par' dir='ltr' id='par_1_64' title="bbox 450 3357 2048 3430">
     <span class='ocr_line' id='line_1_66' title="bbox 450 3357 2048 3430; baseline 0.001 -17"><span class='ocrx_word' id='word_1_481' title='bbox 450 3358 593 3413; x_wconf 82' lang='grc' dir='ltr'><strong><em>κατά</em></strong></span> <span class='ocrx_word' id='word_1_482' title='bbox 621 3359 721 3430; x_wconf 79' lang='grc' dir='ltr'>τὴν</span> <span class='ocrx_word' id='word_1_483' title='bbox 749 3358 1097 3413; x_wconf 82' lang='grc' dir='ltr'>διδασκαλίαν</span> <span class='ocrx_word' id='word_1_484' title='bbox 1119 3359 1229 3415; x_wconf 85' lang='grc' dir='ltr'><strong><em>τῶν</em></strong></span> <span class='ocrx_word' id='word_1_485' title='bbox 1263 3357 1565 3430; x_wconf 81' lang='grc' dir='ltr'>μελλόντων</span> <span class='ocrx_word' id='word_1_486' title='bbox 1598 3361 1691 3428; x_wconf 84' lang='grc' dir='ltr'>ἀφ’</span> <span class='ocrx_word' id='word_1_487' title='bbox 1711 3360 1921 3414; x_wconf 78' lang='grc' dir='ltr'>ἑαυτῶν</span> <span class='ocrx_word' id='word_1_488' title='bbox 1953 3361 2048 3414; x_wconf 85' lang='grc' dir='ltr'>λα-</span> 
     </span>
    </p>
   </div>
   <div class='ocr_carea' id='block_1_65' title="bbox 449 3451 2049 3525">
    <p class='ocr_par' dir='ltr' id='par_1_65' title="bbox 449 3451 2049 3525">
     <span class='ocr_line' id='line_1_67' title="bbox 449 3451 2049 3525; baseline 0.001 -19"><span class='ocrx_word' id='word_1_489' title='bbox 449 3452 564 3506; x_wconf 87' lang='grc' dir='ltr'>λεῖν</span> <span class='ocrx_word' id='word_1_490' title='bbox 586 3451 622 3507; x_wconf 82' lang='grc' dir='ltr'>ἂ</span> <span class='ocrx_word' id='word_1_491' title='bbox 655 3452 728 3524; x_wconf 85' lang='grc' dir='ltr'>μὴ</span> <span class='ocrx_word' id='word_1_492' title='bbox 751 3451 1084 3524; x_wconf 84' lang='grc' dir='ltr'>γέγραπται.</span> <span class='ocrx_word' id='word_1_493' title='bbox 1105 3454 1168 3507; x_wconf 80' lang='grc' dir='ltr'><strong>Οἱ</strong></span> <span class='ocrx_word' id='word_1_494' title='bbox 1193 3453 1290 3525; x_wconf 81' lang='grc' dir='ltr'>μὲν</span> <span class='ocrx_word' id='word_1_495' title='bbox 1320 3453 1429 3525; x_wconf 87' lang='grc' dir='ltr'><strong><em>γάρ</em></strong></span> <span class='ocrx_word' id='word_1_496' title='bbox 1456 3453 1700 3508; x_wconf 85' lang='grc' dir='ltr'>Ἰουδαῖοι</span> <span class='ocrx_word' id='word_1_497' title='bbox 1726 3455 1818 3523; x_wconf 85' lang='grc' dir='ltr'>ἀφ’</span> <span class='ocrx_word' id='word_1_498' title='bbox 1840 3453 2049 3508; x_wconf 74' lang='grc' dir='ltr'>ἑαυτῶν</span> 
     </span>
    </p>
   </div>
   <div class='ocr_carea' id='block_1_66' title="bbox 452 3548 2048 3625">
    <p class='ocr_par' dir='ltr' id='par_1_66' title="bbox 452 3548 2048 3625">
     <span class='ocr_line' id='line_1_68' title="bbox 452 3548 2048 3625; baseline -0.003 -20"><span class='ocrx_word' id='word_1_499' title='bbox 452 3550 671 3620; x_wconf 84' lang='grc' dir='ltr'>λέγουσι</span> <span class='ocrx_word' id='word_1_500' title='bbox 711 3549 786 3621; x_wconf 86' lang='grc' dir='ltr'>μὴ</span> <span class='ocrx_word' id='word_1_501' title='bbox 810 3551 1108 3623; x_wconf 83' lang='grc' dir='ltr'>ἐγηγέρθαι</span> <span class='ocrx_word' id='word_1_502' title='bbox 1129 3566 1144 3580; x_wconf 88' lang='grc'><strong>·</strong></span> <span class='ocrx_word' id='word_1_503' title='bbox 1177 3553 1446 3625; x_wconf 82' lang='grc' dir='ltr'>Μαρκίων</span> <span class='ocrx_word' id='word_1_504' title='bbox 1477 3552 1535 3606; x_wconf 84' lang='grc' dir='ltr'><strong><em>δὲ</em></strong></span> <span class='ocrx_word' id='word_1_505' title='bbox 1571 3553 1665 3606; x_wconf 75' lang='grc' dir='ltr'>καὶ</span> <span class='ocrx_word' id='word_1_506' title='bbox 1693 3553 1740 3605; x_wconf 80' lang='grc' dir='ltr'><strong><em>οἱ</em></strong></span> <span class='ocrx_word' id='word_1_507' title='bbox 1765 3550 1912 3606; x_wconf 82' lang='grc' dir='ltr'>ἄλλοι</span> <span class='ocrx_word' id='word_1_508' title='bbox 1955 3548 2048 3602; x_wconf 91' lang='grc' dir='ltr'>λέ-</span> 
     </span>
    </p>
   </div>
   <div class='ocr_carea' id='block_1_67' title="bbox 452 3643 2045 3716">
    <p class='ocr_par' dir='ltr' id='par_1_67' title="bbox 452 3643 2045 3716">
     <span class='ocr_line' id='line_1_69' title="bbox 452 3643 2045 3716; baseline 0 -20"><span class='ocrx_word' id='word_1_509' title='bbox 452 3660 644 3712; x_wconf 88' lang='grc' dir='ltr'>γουσιν</span> <span class='ocrx_word' id='word_1_510' title='bbox 663 3645 755 3713; x_wconf 86' lang='grc' dir='ltr'>ἀφ’</span> <span class='ocrx_word' id='word_1_511' title='bbox 779 3644 993 3698; x_wconf 79' lang='grc' dir='ltr'>ἑαυτῶν</span> <span class='ocrx_word' id='word_1_512' title='bbox 1016 3644 1240 3716; x_wconf 87' lang='grc' dir='ltr'>δοκήσει</span> <span class='ocrx_word' id='word_1_513' title='bbox 1264 3645 1616 3708; x_wconf 82' lang='grc' dir='ltr'>πεπονθέναι,</span> <span class='ocrx_word' id='word_1_514' title='bbox 1643 3645 1735 3699; x_wconf 77' lang='grc' dir='ltr'><strong><em>καὶ</em></strong></span> <span class='ocrx_word' id='word_1_515' title='bbox 1757 3643 2045 3712; x_wconf 80' lang='grc' dir='ltr'>τεθάφθαι.</span> 
     </span>
    </p>
   </div>
   <div class='ocr_carea' id='block_1_68' title="bbox 468 3732 2050 3806">
    <p class='ocr_par' dir='ltr' id='par_1_68' title="bbox 468 3732 2050 3806">
     <span class='ocr_line' id='line_1_70' title="bbox 468 3732 2050 3806; baseline 0 -20"><span class='ocrx_word' id='word_1_516' title='bbox 468 3732 613 3802; x_wconf 80' lang='grc' dir='ltr'><strong><em>Ἐγὼ</em></strong></span> <span class='ocrx_word' id='word_1_517' title='bbox 639 3734 698 3787; x_wconf 84' lang='grc' dir='ltr'><strong><em>δὲ</em></strong></span> <span class='ocrx_word' id='word_1_518' title='bbox 727 3735 868 3788; x_wconf 84' lang='grc' dir='ltr'>κατὰ</span> <span class='ocrx_word' id='word_1_519' title='bbox 892 3734 991 3799; x_wconf 79' lang='grc' dir='ltr'><strong><em>τὰς</em></strong></span> <span class='ocrx_word' id='word_1_520' title='bbox 1021 3736 1244 3806; x_wconf 79' lang='grc' dir='ltr'>Γραφάς</span> <span class='ocrx_word' id='word_1_521' title='bbox 1275 3735 1648 3806; x_wconf 77' lang='grc' dir='ltr'>ἀσφαλίζομαι</span> <span class='ocrx_word' id='word_1_522' title='bbox 1673 3735 1839 3805; x_wconf 81' lang='grc' dir='ltr'>ὑμᾶς.</span> <span class='ocrx_word' id='word_1_523' title='bbox 1873 3733 2050 3796; x_wconf 80' lang='grc' dir='ltr'>Εὐθὺς</span> 
     </span>
    </p>
   </div>
   <div class='ocr_carea' id='block_1_69' title="bbox 455 3826 2052 3899">
    <p class='ocr_par' dir='ltr' id='par_1_69' title="bbox 455 3826 2052 3899">
     <span class='ocr_line' id='line_1_71' title="bbox 455 3826 2052 3899; baseline 0.001 -20"><span class='ocrx_word' id='word_1_524' title='bbox 455 3826 568 3899; x_wconf 79' lang='grc' dir='ltr'>γὰρ</span> <span class='ocrx_word' id='word_1_525' title='bbox 601 3829 875 3898; x_wconf 82' lang='grc' dir='ltr'>ἐπιφέρει,</span> <span class='ocrx_word' id='word_1_526' title='bbox 912 3827 1088 3896; x_wconf 87' lang='grc' dir='ltr'>λέγων</span> <span class='ocrx_word' id='word_1_527' title='bbox 1107 3847 1122 3863; x_wconf 87' lang='grc'><strong>·</strong></span> <span class='ocrx_word' id='word_1_528' title='bbox 1153 3829 1352 3895; x_wconf 80' lang='grc' dir='ltr'><strong><em>Οὕτως</em></strong></span> <span class='ocrx_word' id='word_1_529' title='bbox 1377 3831 1788 3899; x_wconf 82' lang='grc' dir='ltr'><em>κηρύσσομεν,</em></span> <span class='ocrx_word' id='word_1_530' title='bbox 1817 3827 1916 3882; x_wconf 82' lang='grc' dir='ltr'><strong><em>καὶ</em></strong></span> <span class='ocrx_word' id='word_1_531' title='bbox 1948 3827 2052 3881; x_wconf 84' lang='grc' dir='ltr'><strong><em>οὒ-</em></strong></span> 
     </span>
    </p>
   </div>
   <div class='ocr_carea' id='block_1_70' title="bbox 455 3919 2049 3990">
    <p class='ocr_par' dir='ltr' id='par_1_70' title="bbox 455 3919 2049 3990">
     <span class='ocr_line' id='line_1_72' title="bbox 455 3919 2049 3990; baseline -0.001 -16"><span class='ocrx_word' id='word_1_532' title='bbox 455 3937 573 3986; x_wconf 86' lang='grc' dir='ltr'><strong><em>τως</em></strong></span> <span class='ocrx_word' id='word_1_533' title='bbox 601 3921 1022 3986; x_wconf 81' lang='grc' dir='ltr'><em>ἐπιστεύσατε,</em></span> <span class='ocrx_word' id='word_1_534' title='bbox 1051 3921 1142 3975; x_wconf 84' lang='grc' dir='ltr'><em>ὅτι</em></span> <span class='ocrx_word' id='word_1_535' title='bbox 1183 3922 1439 3990; x_wconf 79' lang='grc' dir='ltr'><em>Χριστὸς</em></span> <span class='ocrx_word' id='word_1_536' title='bbox 1465 3920 1746 3985; x_wconf 85' lang='grc' dir='ltr'><em>ἀπέθανε,</em></span> <span class='ocrx_word' id='word_1_537' title='bbox 1779 3920 1879 3974; x_wconf 77' lang='grc' dir='ltr'><strong><em>καὶ</em></strong></span> <span class='ocrx_word' id='word_1_538' title='bbox 1916 3919 2049 3973; x_wconf 83' lang='grc' dir='ltr'><em>ἐτά-</em></span> 
     </span>
    </p>
   </div>
   <div class='ocr_carea' id='block_1_71' title="bbox 459 4013 2048 4084">
    <p class='ocr_par' dir='ltr' id='par_1_71' title="bbox 459 4013 2048 4084">
     <span class='ocr_line' id='line_1_73' title="bbox 459 4013 2048 4084; baseline -0.025 -3"><span class='ocrx_word' id='word_1_539' title='bbox 459 4030 564 4082; x_wconf 72' lang='grc' dir='ltr'><em>φη,</em></span> <span class='ocrx_word' id='word_1_540' title='bbox 605 4013 704 4066; x_wconf 68' lang='grc' dir='ltr'><strong><em>καὶ</em></strong></span> <span class='ocrx_word' id='word_1_541' title='bbox 747 4014 1058 4084; x_wconf 72' lang='grc' dir='ltr'><strong><em>ἐγήγερται</em></strong></span> <span class='ocrx_word' id='word_1_542' title='bbox 1103 4013 1181 4082; x_wconf 77' lang='grc' dir='ltr'><em>τῇ</em></span> <span class='ocrx_word' id='word_1_543' title='bbox 1217 4014 1386 4084; x_wconf 81' lang='grc' dir='ltr'><em>τρίτῃ</em></span> <span class='ocrx_word' id='word_1_544' title='bbox 1434 4014 1658 4082; x_wconf 73' lang='grc' dir='ltr'><strong><em>ἡμέρᾳο</em></strong></span> <span class='ocrx_word' id='word_1_545' title='bbox 1713 4014 1808 4067; x_wconf 59' lang='grc' dir='ltr'>καὶ</span> <span class='ocrx_word' id='word_1_546' title='bbox 1852 4013 2048 4076; x_wconf 69' lang='grc' dir='ltr'>εὐθύς.</span> 
     </span>
    </p>
   </div>
   <div class='ocr_carea' id='block_1_72' title="bbox 459 4106 2056 4177">
    <p class='ocr_par' dir='ltr' id='par_1_72' title="bbox 459 4106 2056 4177">
     <span class='ocr_line' id='line_1_74' title="bbox 459 4106 2056 4177; baseline 0.001 -18"><span class='ocrx_word' id='word_1_547' title='bbox 459 4107 532 4160; x_wconf 80' lang='lat' dir='ltr'><strong><em>El</em></strong></span> <span class='ocrx_word' id='word_1_548' title='bbox 576 4106 777 4173; x_wconf 80' lang='grc' dir='ltr'><em>νεκροὶ</em></span> <span class='ocrx_word' id='word_1_549' title='bbox 819 4109 930 4160; x_wconf 85' lang='grc' dir='ltr'><strong><em>οὐκ</em></strong></span> <span class='ocrx_word' id='word_1_550' title='bbox 968 4107 1323 4176; x_wconf 77' lang='grc' dir='ltr'><em>ἐγείρονται,</em></span> <span class='ocrx_word' id='word_1_551' title='bbox 1350 4107 1489 4161; x_wconf 81' lang='grc' dir='ltr'><em>οὐδὲ</em></span> <span class='ocrx_word' id='word_1_552' title='bbox 1536 4107 1790 4176; x_wconf 79' lang='grc' dir='ltr'><em>Χριστὸς</em></span> <span class='ocrx_word' id='word_1_553' title='bbox 1815 4107 2056 4177; x_wconf 73' lang='grc' dir='ltr'><strong><em>ἐγήγερ-</em></strong></span> 
     </span>
    </p>
   </div>
   <div class='ocr_carea' id='block_1_73' title="bbox 457 4197 2054 4268">
    <p class='ocr_par' dir='ltr' id='par_1_73' title="bbox 457 4197 2054 4268">
     <span class='ocr_line' id='line_1_75' title="bbox 457 4197 2054 4268; baseline 0.001 -17"><span class='ocrx_word' id='word_1_554' title='bbox 457 4214 556 4251; x_wconf 86' lang='grc' dir='ltr'><strong><em>ται</em></strong></span> <span class='ocrx_word' id='word_1_555' title='bbox 581 4215 594 4227; x_wconf 86' lang='grc'>·</span> <span class='ocrx_word' id='word_1_556' title='bbox 638 4197 738 4250; x_wconf 83' lang='grc' dir='ltr'><strong><em>καὶ</em></strong></span> <span class='ocrx_word' id='word_1_557' title='bbox 781 4199 834 4251; x_wconf 85' lang='grc' dir='ltr'><strong><em>εὶ</em></strong></span> <span class='ocrx_word' id='word_1_558' title='bbox 877 4199 1134 4266; x_wconf 84' lang='grc' dir='ltr'><em>Χριστὸς</em></span> <span class='ocrx_word' id='word_1_559' title='bbox 1177 4199 1288 4251; x_wconf 85' lang='grc' dir='ltr'><strong><em>οὐκ</em></strong></span> <span class='ocrx_word' id='word_1_560' title='bbox 1328 4199 1658 4268; x_wconf 75' lang='grc' dir='ltr'><em>ἐγήγερται,</em></span> <span class='ocrx_word' id='word_1_561' title='bbox 1684 4198 1941 4268; x_wconf 84' lang='grc' dir='ltr'><em>μάταιον</em></span> <span class='ocrx_word' id='word_1_562' title='bbox 1987 4198 2054 4252; x_wconf 85' lang='grc' dir='ltr'><em>τὸ</em></span> 
     </span>
    </p>
   </div>
   <div class='ocr_carea' id='block_1_74' title="bbox 460 4289 2053 4362">
    <p class='ocr_par' dir='ltr' id='par_1_74' title="bbox 460 4289 2053 4362">
     <span class='ocr_line' id='line_1_76' title="bbox 460 4289 2053 4362; baseline -0.001 -18"><span class='ocrx_word' id='word_1_563' title='bbox 460 4291 738 4362; x_wconf 77' lang='grc' dir='ltr'><strong><em>κήρυγμα</em></strong></span> <span class='ocrx_word' id='word_1_564' title='bbox 763 4291 932 4362; x_wconf 75' lang='grc' dir='ltr'><em>ἡμῶν</em></span> <span class='ocrx_word' id='word_1_565' title='bbox 954 4309 970 4323; x_wconf 80' lang='grc' dir='ltr'><strong>ο</strong></span> <span class='ocrx_word' id='word_1_566' title='bbox 998 4292 1092 4345; x_wconf 70' lang='grc' dir='ltr'><strong><em>καὶ</em></strong></span> <span class='ocrx_word' id='word_1_567' title='bbox 1126 4291 1263 4360; x_wconf 85' lang='grc' dir='ltr'>μετά</span> <span class='ocrx_word' id='word_1_568' title='bbox 1289 4291 1463 4345; x_wconf 79' lang='grc' dir='ltr'>ταῦτα</span> <span class='ocrx_word' id='word_1_569' title='bbox 1495 4293 1675 4344; x_wconf 79' lang='grc' dir='ltr'>πάντα</span> <span class='ocrx_word' id='word_1_570' title='bbox 1694 4307 1706 4320; x_wconf 82' lang='grc'><strong><em>⁸</em></strong></span> <span class='ocrx_word' id='word_1_571' title='bbox 1737 4291 1838 4344; x_wconf 85' lang='grc' dir='ltr'><strong><em>Δεῖ</em></strong></span> <span class='ocrx_word' id='word_1_572' title='bbox 1852 4291 1961 4359; x_wconf 82' lang='grc' dir='ltr'><strong><em>γὰρ</em></strong></span> <span class='ocrx_word' id='word_1_573' title='bbox 1986 4289 2053 4342; x_wconf 86' lang='grc' dir='ltr'><em>τὸ</em></span> 
     </span>
    </p>
   </div>
   <div class='ocr_carea' id='block_1_75' title="bbox 461 4381 2054 4453">
    <p class='ocr_par' dir='ltr' id='par_1_75' title="bbox 461 4381 2054 4453">
     <span class='ocr_line' id='line_1_77' title="bbox 461 4381 2054 4453; baseline -0.002 -15"><span class='ocrx_word' id='word_1_574' title='bbox 461 4384 686 4453; x_wconf 83' lang='grc' dir='ltr'><em>θνητὸν</em></span> <span class='ocrx_word' id='word_1_575' title='bbox 746 4385 923 4439; x_wconf 87' lang='grc' dir='ltr'><em>τοῦτο</em></span> <span class='ocrx_word' id='word_1_576' title='bbox 967 4384 1341 4438; x_wconf 81' lang='grc' dir='ltr'><em>ἐνδύσασθαι</em></span> <span class='ocrx_word' id='word_1_577' title='bbox 1383 4384 1724 4438; x_wconf 83' lang='grc' dir='ltr'><em>ἀθανασίαν</em></span> <span class='ocrx_word' id='word_1_578' title='bbox 1750 4425 1764 4449; x_wconf 93' lang='grc'><em>,</em></span> <span class='ocrx_word' id='word_1_579' title='bbox 1821 4382 1922 4437; x_wconf 79' lang='grc' dir='ltr'><strong><em>καὶ</em></strong></span> <span class='ocrx_word' id='word_1_580' title='bbox 1985 4381 2054 4435; x_wconf 85' lang='grc' dir='ltr'><strong><em>τὸ</em></strong></span> 
     </span>
    </p>
   </div>
   <div class='ocr_carea' id='block_1_76' title="bbox 461 4475 1721 4548">
    <p class='ocr_par' dir='ltr' id='par_1_76' title="bbox 461 4475 1721 4548">
     <span class='ocr_line' id='line_1_78' title="bbox 461 4475 1721 4548; baseline -0.005 -14"><span class='ocrx_word' id='word_1_581' title='bbox 461 4477 728 4548; x_wconf 61' lang='grc' dir='ltr'><em>φθαρτὸν</em></span> <span class='ocrx_word' id='word_1_582' title='bbox 755 4475 934 4531; x_wconf 87' lang='grc' dir='ltr'><em>τοῦτο</em></span> <span class='ocrx_word' id='word_1_583' title='bbox 959 4476 1332 4531; x_wconf 83' lang='grc' dir='ltr'><em>ἐνδύσασθαι</em></span> <span class='ocrx_word' id='word_1_584' title='bbox 1359 4477 1721 4546; x_wconf 66' lang='grc' dir='ltr'><em>ἀφθαρσίαν.</em></span> 
     </span>
    </p>
   </div>
   <div class='ocr_carea' id='block_1_77' title="bbox 535 4741 2051 4815">
    <p class='ocr_par' dir='ltr' id='par_1_77' title="bbox 535 4741 2051 4815">
     <span class='ocr_line' id='line_1_79' title="bbox 535 4741 2051 4815; baseline -0.002 -14"><span class='ocrx_word' id='word_1_585' title='bbox 535 4747 646 4801; x_wconf 75' lang='grc' dir='ltr'><strong><em>Καὶ</em></strong></span> <span class='ocrx_word' id='word_1_586' title='bbox 673 4746 773 4800; x_wconf 81' lang='grc' dir='ltr'>οὐκ</span> <span class='ocrx_word' id='word_1_587' title='bbox 799 4741 918 4799; x_wconf 81' lang='grc' dir='ltr'>εἷπε</span> <span class='ocrx_word' id='word_1_588' title='bbox 939 4788 953 4812; x_wconf 95' lang='grc'><strong><em>,</em></strong></span> <span class='ocrx_word' id='word_1_589' title='bbox 982 4745 1056 4798; x_wconf 78' lang='grc' dir='ltr'>Τὸ</span> <span class='ocrx_word' id='word_1_590' title='bbox 1083 4744 1278 4815; x_wconf 73' lang='grc' dir='ltr'>θνητὸν</span> <span class='ocrx_word' id='word_1_591' title='bbox 1318 4742 1477 4797; x_wconf 80' lang='grc' dir='ltr'>τοῦτο</span> <span class='ocrx_word' id='word_1_592' title='bbox 1501 4743 1748 4815; x_wconf 82' lang='grc' dir='ltr'>χωρῆσαι</span> <span class='ocrx_word' id='word_1_593' title='bbox 1779 4741 1877 4814; x_wconf 83' lang='grc' dir='ltr'>τὴν</span> <span class='ocrx_word' id='word_1_594' title='bbox 1913 4742 2051 4798; x_wconf 86' lang='grc' dir='ltr'>ἀθα-</span> 
     </span>
    </p>
   </div>
   <div class='ocr_carea' id='block_1_78' title="bbox 464 4835 2050 4910">
    <p class='ocr_par' dir='ltr' id='par_1_78' title="bbox 464 4835 2050 4910">
     <span class='ocr_line' id='line_1_80' title="bbox 464 4835 2050 4910; baseline -0.003 -16"><span class='ocrx_word' id='word_1_595' title='bbox 464 4841 677 4902; x_wconf 87' lang='grc' dir='ltr'>νασίαν,</span> <span class='ocrx_word' id='word_1_596' title='bbox 715 4839 748 4909; x_wconf 87' lang='grc' dir='ltr'><strong>ἢ</strong></span> <span class='ocrx_word' id='word_1_597' title='bbox 777 4838 838 4892; x_wconf 81' lang='grc' dir='ltr'><strong><em>τὸ</em></strong></span> <span class='ocrx_word' id='word_1_598' title='bbox 864 4837 1098 4910; x_wconf 80' lang='grc' dir='ltr'>φθαρτὸν</span> <span class='ocrx_word' id='word_1_599' title='bbox 1125 4837 1283 4890; x_wconf 80' lang='grc' dir='ltr'>τοῦτο</span> <span class='ocrx_word' id='word_1_600' title='bbox 1320 4837 1566 4908; x_wconf 79' lang='grc' dir='ltr'>χωρῆσαι</span> <span class='ocrx_word' id='word_1_601' title='bbox 1594 4835 1692 4906; x_wconf 86' lang='grc' dir='ltr'><strong><em>τὴν</em></strong></span> <span class='ocrx_word' id='word_1_602' title='bbox 1722 4836 2050 4906; x_wconf 81' lang='grc' dir='ltr'><em>ἀφθαρσίαν·</em></span> 
     </span>
    </p>
   </div>
   <div class='ocr_carea' id='block_1_79' title="bbox 466 4925 2056 4998">
    <p class='ocr_par' dir='ltr' id='par_1_79' title="bbox 466 4925 2056 4998">
     <span class='ocr_line' id='line_1_81' title="bbox 466 4925 2056 4998; baseline -0.003 -12"><span class='ocrx_word' id='word_1_603' title='bbox 466 4932 604 4988; x_wconf 56' lang='grc' dir='ltr'>ἀλλὰ</span> <span class='ocrx_word' id='word_1_604' title='bbox 634 4930 695 4982; x_wconf 85' lang='grc' dir='ltr'><strong><em>τὸ</em></strong></span> <span class='ocrx_word' id='word_1_605' title='bbox 720 4927 910 4998; x_wconf 80' lang='grc' dir='ltr'><em>θνητὸν</em></span> <span class='ocrx_word' id='word_1_606' title='bbox 944 4928 1038 4980; x_wconf 81' lang='grc' dir='ltr'><strong><em>καὶ</em></strong></span> <span class='ocrx_word' id='word_1_607' title='bbox 1061 4925 1337 4998; x_wconf 82' lang='grc' dir='ltr'>ἄφθαρτον</span> <span class='ocrx_word' id='word_1_608' title='bbox 1377 4926 1701 4980; x_wconf 77' lang='grc' dir='ltr'>ἐνδύσασθαι</span> <span class='ocrx_word' id='word_1_609' title='bbox 1741 4927 2056 4998; x_wconf 74' lang='grc' dir='ltr'>ἀφθαρσίαν</span> 
     </span>
    </p>
   </div>
   <div class='ocr_carea' id='block_1_80' title="bbox 466 5018 2055 5090">
    <p class='ocr_par' dir='ltr' id='par_1_80' title="bbox 466 5018 2055 5090">
     <span class='ocr_line' id='line_1_82' title="bbox 466 5018 2055 5090; baseline -0.006 -10"><span class='ocrx_word' id='word_1_610' title='bbox 466 5025 561 5080; x_wconf 73' lang='grc' dir='ltr'><strong><em>καὶ</em></strong></span> <span class='ocrx_word' id='word_1_611' title='bbox 587 5021 906 5078; x_wconf 82' lang='grc' dir='ltr'>ἀθανασίαν.</span> <span class='ocrx_word' id='word_1_612' title='bbox 941 5022 1096 5073; x_wconf 83' lang='grc' dir='ltr'>Ποῖον</span> <span class='ocrx_word' id='word_1_613' title='bbox 1123 5019 1179 5072; x_wconf 87' lang='grc' dir='ltr'><strong><em>δέ</em></strong></span> <span class='ocrx_word' id='word_1_614' title='bbox 1216 5022 1333 5073; x_wconf 80' lang='grc' dir='ltr'>ἐστι</span> <span class='ocrx_word' id='word_1_615' title='bbox 1359 5019 1552 5090; x_wconf 76' lang='grc' dir='ltr'>θνητὸν</span> <span class='ocrx_word' id='word_1_616' title='bbox 1585 5018 1699 5071; x_wconf 82' lang='grc' dir='ltr'>ἀλλ’</span> <span class='ocrx_word' id='word_1_617' title='bbox 1734 5019 1765 5090; x_wconf 81' lang='grc' dir='ltr'>ἢ</span> <span class='ocrx_word' id='word_1_618' title='bbox 1801 5019 1862 5071; x_wconf 85' lang='grc' dir='ltr'><strong><em>τὸ</em></strong></span> <span class='ocrx_word' id='word_1_619' title='bbox 1894 5019 2055 5089; x_wconf 84' lang='grc' dir='ltr'>σῶμα</span> 
     </span>
    </p>
   </div>
   <div class='ocr_carea' id='block_1_81' title="bbox 466 5111 2055 5187">
    <p class='ocr_par' dir='ltr' id='par_1_81' title="bbox 466 5111 2055 5187">
     <span class='ocr_line' id='line_1_83' title="bbox 466 5111 2055 5187; baseline -0.005 -15"><span class='ocrx_word' id='word_1_620' title='bbox 466 5120 526 5172; x_wconf 74' lang='grc' dir='ltr'>τὸ</span> <span class='ocrx_word' id='word_1_621' title='bbox 553 5119 614 5170; x_wconf 84' lang='grc' dir='ltr'>οὐ</span> <span class='ocrx_word' id='word_1_622' title='bbox 664 5116 920 5187; x_wconf 81' lang='grc' dir='ltr'>χωρῆσαν</span> <span class='ocrx_word' id='word_1_623' title='bbox 952 5116 1008 5167; x_wconf 88' lang='grc' dir='ltr'><em>ἐν</em></span> <span class='ocrx_word' id='word_1_624' title='bbox 1051 5113 1200 5184; x_wconf 83' lang='grc' dir='ltr'>αὐτῷ</span> <span class='ocrx_word' id='word_1_625' title='bbox 1237 5113 1397 5183; x_wconf 82' lang='grc' dir='ltr'>μόνον</span> <span class='ocrx_word' id='word_1_626' title='bbox 1425 5111 1728 5166; x_wconf 83' lang='grc' dir='ltr'>ἀθανασίαν</span> <span class='ocrx_word' id='word_1_627' title='bbox 1748 5153 1762 5176; x_wconf 93' lang='grc'><em>,</em></span> <span class='ocrx_word' id='word_1_628' title='bbox 1791 5112 1928 5166; x_wconf 79' lang='grc' dir='ltr'><strong><em>ἁ)λά</em></strong></span> <span class='ocrx_word' id='word_1_629' title='bbox 1958 5113 2055 5166; x_wconf 75' lang='grc' dir='ltr'><strong><em>καὶ</em></strong></span> 
     </span>
    </p>
   </div>
   <div class='ocr_carea' id='block_1_82' title="bbox 467 5203 2054 5279">
    <p class='ocr_par' dir='ltr' id='par_1_82' title="bbox 467 5203 2054 5279">
     <span class='ocr_line' id='line_1_84' title="bbox 467 5203 2054 5279; baseline -0.004 -15"><span class='ocrx_word' id='word_1_630' title='bbox 467 5210 698 5279; x_wconf 83' lang='grc' dir='ltr'>οἰκῆσαν</span> <span class='ocrx_word' id='word_1_631' title='bbox 721 5247 736 5271; x_wconf 92' lang='grc'><strong><em>,</em></strong></span> <span class='ocrx_word' id='word_1_632' title='bbox 769 5207 866 5259; x_wconf 76' lang='grc' dir='ltr'>καὶ</span> <span class='ocrx_word' id='word_1_633' title='bbox 913 5205 1105 5276; x_wconf 80' lang='grc' dir='ltr'>μέλλον</span> <span class='ocrx_word' id='word_1_634' title='bbox 1143 5204 1424 5259; x_wconf 80' lang='grc' dir='ltr'>ἐνδύεσθαι</span> <span class='ocrx_word' id='word_1_635' title='bbox 1474 5205 1572 5274; x_wconf 86' lang='grc' dir='ltr'><strong><em>τὴν</em></strong></span> <span class='ocrx_word' id='word_1_636' title='bbox 1615 5203 1909 5258; x_wconf 85' lang='grc' dir='ltr'>ἀθανασίαν</span> <span class='ocrx_word' id='word_1_637' title='bbox 1933 5247 1948 5269; x_wconf 89' lang='grc'><em>,</em></span> <span class='ocrx_word' id='word_1_638' title='bbox 1993 5205 2054 5257; x_wconf 81' lang='grc' dir='ltr'>οὐ</span> 
     </span>
    </p>
   </div>
   <div class='ocr_carea' id='block_1_83' title="bbox 467 5295 2056 5371">
    <p class='ocr_par' dir='ltr' id='par_1_83' title="bbox 467 5295 2056 5371">
     <span class='ocr_line' id='line_1_85' title="bbox 467 5295 2056 5371; baseline -0.003 -16"><span class='ocrx_word' id='word_1_639' title='bbox 467 5299 563 5356; x_wconf 83' lang='grc' dir='ltr'>τοῦ</span> <span class='ocrx_word' id='word_1_640' title='bbox 593 5301 842 5371; x_wconf 85' lang='grc' dir='ltr'>σώματος</span> <span class='ocrx_word' id='word_1_641' title='bbox 871 5297 1338 5368; x_wconf 82' lang='grc' dir='ltr'>ἀποϐαλλομένου,</span> <span class='ocrx_word' id='word_1_642' title='bbox 1380 5297 1474 5351; x_wconf 78' lang='grc' dir='ltr'>καὶ</span> <span class='ocrx_word' id='word_1_643' title='bbox 1504 5296 1602 5367; x_wconf 80' lang='grc' dir='ltr'>τῆς</span> <span class='ocrx_word' id='word_1_644' title='bbox 1630 5296 1811 5368; x_wconf 75' lang='grc' dir='ltr'>ψυχῆς</span> <span class='ocrx_word' id='word_1_645' title='bbox 1841 5295 1942 5367; x_wconf 82' lang='grc' dir='ltr'><strong><em>τῆς</em></strong></span> <span class='ocrx_word' id='word_1_646' title='bbox 1980 5296 2056 5367; x_wconf 84' lang='grc' dir='ltr'><strong><em>μὴ</em></strong></span> 
     </span>
    </p>
   </div>
   <div class='ocr_carea' id='block_1_84' title="bbox 469 5387 2056 5461">
    <p class='ocr_par' dir='ltr' id='par_1_84' title="bbox 469 5387 2056 5461">
     <span class='ocr_line' id='line_1_86' title="bbox 469 5387 2056 5461; baseline -0.004 -15"><span class='ocrx_word' id='word_1_647' title='bbox 469 5389 957 5461; x_wconf 82' lang='grc' dir='ltr'>ἀποθνησκούσης,</span> <span class='ocrx_word' id='word_1_648' title='bbox 993 5389 1318 5460; x_wconf 75' lang='grc' dir='ltr'>ἐνδυομένης</span> <span class='ocrx_word' id='word_1_649' title='bbox 1371 5387 1712 5452; x_wconf 86' lang='grc' dir='ltr'>ἀθανασίαν,</span> <span class='ocrx_word' id='word_1_650' title='bbox 1773 5388 1908 5441; x_wconf 77' lang='grc' dir='ltr'><strong><em>ἀλλά</em></strong></span> <span class='ocrx_word' id='word_1_651' title='bbox 1962 5387 2056 5440; x_wconf 81' lang='grc' dir='ltr'>τοῦ</span> 
     </span>
    </p>
   </div>
   <div class='ocr_carea' id='block_1_85' title="bbox 472 5476 2060 5559">
    <p class='ocr_par' dir='ltr' id='par_1_85' title="bbox 472 5476 2060 5559">
     <span class='ocr_line' id='line_1_87' title="bbox 472 5476 2060 5559; baseline -0.008 -16"><span class='ocrx_word' id='word_1_652' title='bbox 472 5487 668 5559; x_wconf 79' lang='grc' dir='ltr'>θνητοῦ</span> <span class='ocrx_word' id='word_1_653' title='bbox 703 5486 1024 5558; x_wconf 84' lang='grc' dir='ltr'>ἐνδυομένου</span> <span class='ocrx_word' id='word_1_654' title='bbox 1075 5484 1174 5556; x_wconf 83' lang='grc' dir='ltr'>τὴν</span> <span class='ocrx_word' id='word_1_655' title='bbox 1209 5483 1507 5537; x_wconf 83' lang='grc' dir='ltr'>ἀθανασίαν</span> <span class='ocrx_word' id='word_1_656' title='bbox 1527 5521 1542 5547; x_wconf 91' lang='grc'>,</span> <span class='ocrx_word' id='word_1_657' title='bbox 1573 5481 1667 5534; x_wconf 74' lang='grc' dir='ltr'><strong><em>καὶ</em></strong></span> <span class='ocrx_word' id='word_1_658' title='bbox 1694 5479 1788 5532; x_wconf 81' lang='grc' dir='ltr'>τοῦ</span> <span class='ocrx_word' id='word_1_659' title='bbox 1820 5476 2060 5549; x_wconf 78' lang='grc' dir='ltr'>φθαρτοῦ</span> 
     </span>
    </p>
   </div>
   <div class='ocr_carea' id='block_1_86' title="bbox 471 5570 2062 5652">
    <p class='ocr_par' dir='ltr' id='par_1_86' title="bbox 471 5570 2062 5652">
     <span class='ocr_line' id='line_1_88' title="bbox 471 5570 2062 5652; baseline -0.008 -17"><span class='ocrx_word' id='word_1_660' title='bbox 471 5581 786 5652; x_wconf 86' lang='grc' dir='ltr'>ἀφθαρσίαν</span> <span class='ocrx_word' id='word_1_661' title='bbox 811 5620 826 5643; x_wconf 94' lang='grc'><em>,</em></span> <span class='ocrx_word' id='word_1_662' title='bbox 856 5577 1104 5632; x_wconf 82' lang='grc' dir='ltr'>τουτέστι</span> <span class='ocrx_word' id='word_1_663' title='bbox 1137 5576 1232 5630; x_wconf 81' lang='grc' dir='ltr'>τοῦ</span> <span class='ocrx_word' id='word_1_664' title='bbox 1271 5574 1559 5645; x_wconf 80' lang='grc' dir='ltr'>σώματος;</span> <span class='ocrx_word' id='word_1_665' title='bbox 1601 5570 1778 5625; x_wconf 79' lang='grc' dir='ltr'>Αὐτοῦ</span> <span class='ocrx_word' id='word_1_666' title='bbox 1824 5571 1932 5644; x_wconf 84' lang='grc' dir='ltr'>γὰρ</span> <span class='ocrx_word' id='word_1_667' title='bbox 1967 5572 2062 5625; x_wconf 78' lang='grc' dir='ltr'><strong><em>καὶ</em></strong></span> 
     </span>
    </p>
   </div>
   <div class='ocr_carea' id='block_1_87' title="bbox 474 5659 2064 5740">
    <p class='ocr_par' dir='ltr' id='par_1_87' title="bbox 474 5659 2064 5740">
     <span class='ocr_line' id='line_1_89' title="bbox 474 5659 2064 5740; baseline -0.008 -12"><span class='ocrx_word' id='word_1_668' title='bbox 474 5671 708 5736; x_wconf 82' lang='grc' dir='ltr'>θάνατός</span> <span class='ocrx_word' id='word_1_669' title='bbox 740 5671 857 5724; x_wconf 83' lang='grc' dir='ltr'>ἐστι</span> <span class='ocrx_word' id='word_1_670' title='bbox 904 5669 998 5724; x_wconf 73' lang='grc' dir='ltr'><strong><em>καὶ</em></strong></span> <span class='ocrx_word' id='word_1_671' title='bbox 1025 5666 1202 5740; x_wconf 78' lang='grc' dir='ltr'>φθορὰ</span> <span class='ocrx_word' id='word_1_672' title='bbox 1234 5666 1569 5738; x_wconf 82' lang='grc' dir='ltr'>πρόσκαιρος</span> <span class='ocrx_word' id='word_1_673' title='bbox 1626 5661 1717 5716; x_wconf 85' lang='grc' dir='ltr'>διὰ</span> <span class='ocrx_word' id='word_1_674' title='bbox 1764 5661 1864 5733; x_wconf 86' lang='grc' dir='ltr'><strong><em>τὴν</em></strong></span> <span class='ocrx_word' id='word_1_675' title='bbox 1910 5659 2064 5715; x_wconf 85' lang='grc' dir='ltr'>λύσιν</span> 
     </span>
    </p>
   </div>
   <div class='ocr_carea' id='block_1_88' title="bbox 2147 3241 3744 3334">
    <p class='ocr_par' dir='ltr' id='par_1_88' title="bbox 2147 3241 3744 3334">
     <span class='ocr_line' id='line_1_90' title="bbox 2147 3241 3744 3334; baseline -0.019 -15"><span class='ocrx_word' id='word_1_676' title='bbox 2147 3261 2392 3334; x_wconf 77' lang='lat' dir='ltr'><strong><em>peccatis</em></strong></span> <span class='ocrx_word' id='word_1_677' title='bbox 2426 3241 2634 3313; x_wconf 86' lang='lat' dir='ltr'><strong><em>nostris</em></strong></span> <span class='ocrx_word' id='word_1_678' title='bbox 2659 3251 2962 3312; x_wconf 87' lang='lat' dir='ltr'><strong><em>secundum</em></strong></span> <span class='ocrx_word' id='word_1_679' title='bbox 3001 3248 3320 3316; x_wconf 86' lang='lat' dir='ltr'><strong><em>Scripturas</em></strong></span> <span class='ocrx_word' id='word_1_680' title='bbox 3353 3241 3559 3295; x_wconf 79' lang='lat' dir='ltr'><strong><em>abiisse</em></strong></span> <span class='ocrx_word' id='word_1_681' title='bbox 3585 3252 3744 3291; x_wconf 55' lang='lat' dir='ltr'><strong><em>mora</em></strong></span> 
     </span>
    </p>
   </div>
   <div class='ocr_carea' id='block_1_89' title="bbox 2148 3329 3742 3418">
    <p class='ocr_par' dir='ltr' id='par_1_89' title="bbox 2148 3329 3742 3418">
     <span class='ocr_line' id='line_1_91' title="bbox 2148 3329 3742 3418; baseline -0.017 -9"><span class='ocrx_word' id='word_1_682' title='bbox 2148 3363 2279 3418; x_wconf 91' lang='lat' dir='ltr'><strong><em>tem,</em></strong></span> <span class='ocrx_word' id='word_1_683' title='bbox 2310 3367 2374 3407; x_wconf 90' lang='lat' dir='ltr'><strong><em>ac</em></strong></span> <span class='ocrx_word' id='word_1_684' title='bbox 2406 3348 2711 3407; x_wconf 85' lang='lat' dir='ltr'><strong><em>secundum</em></strong></span> <span class='ocrx_word' id='word_1_685' title='bbox 2751 3345 2973 3402; x_wconf 88' lang='lat' dir='ltr'><strong><em>easdem</em></strong></span> <span class='ocrx_word' id='word_1_686' title='bbox 3009 3339 3170 3395; x_wconf 76' lang='lat' dir='ltr'><strong><em>tentia</em></strong></span> <span class='ocrx_word' id='word_1_687' title='bbox 3212 3336 3304 3392; x_wconf 88' lang='lat' dir='ltr'><strong><em>die</em></strong></span> <span class='ocrx_word' id='word_1_688' title='bbox 3351 3329 3742 3395; x_wconf 86' lang='lat' dir='ltr'><strong><em>resurrexissc,</em></strong></span> 
     </span>
    </p>
   </div>
   <div class='ocr_carea' id='block_1_90' title="bbox 2148 3423 3747 3505">
    <p class='ocr_par' dir='ltr' id='par_1_90' title="bbox 2148 3423 3747 3505">
     <span class='ocr_line' id='line_1_92' title="bbox 2148 3423 3747 3505; baseline -0.018 -1"><span class='ocrx_word' id='word_1_689' title='bbox 2148 3464 2261 3504; x_wconf 89' lang='lat' dir='ltr'><strong><em>non</em></strong></span> <span class='ocrx_word' id='word_1_690' title='bbox 2306 3445 2613 3503; x_wconf 89' lang='lat' dir='ltr'><strong><em>secundum</em></strong></span> <span class='ocrx_word' id='word_1_691' title='bbox 2644 3441 2883 3496; x_wconf 86' lang='lat' dir='ltr'><strong><em>fabulam</em></strong></span> <span class='ocrx_word' id='word_1_692' title='bbox 2913 3436 3173 3505; x_wconf 87' lang='lat' dir='ltr'><strong><em>aliquam,</em></strong></span> <span class='ocrx_word' id='word_1_693' title='bbox 3200 3429 3284 3484; x_wconf 86' lang='lat' dir='ltr'><strong><em>vel</em></strong></span> <span class='ocrx_word' id='word_1_694' title='bbox 3317 3440 3507 3483; x_wconf 90' lang='lat' dir='ltr'><strong><em>eorum</em></strong></span> <span class='ocrx_word' id='word_1_695' title='bbox 3540 3423 3747 3478; x_wconf 86' lang='lat' dir='ltr'><strong><em>doctri-</em></strong></span> 
     </span>
    </p>
   </div>
   <div class='ocr_carea' id='block_1_91' title="bbox 2151 3514 3746 3610">
    <p class='ocr_par' dir='ltr' id='par_1_91' title="bbox 2151 3514 3746 3610">
     <span class='ocr_line' id='line_1_93' title="bbox 2151 3514 3746 3610; baseline -0.018 -14"><span class='ocrx_word' id='word_1_696' title='bbox 2151 3556 2279 3596; x_wconf 63' lang='lat' dir='ltr'><strong><em>nam</em></strong></span> <span class='ocrx_word' id='word_1_697' title='bbox 2327 3539 2420 3610; x_wconf 92' lang='lat' dir='ltr'><strong><em>qui</em></strong></span> <span class='ocrx_word' id='word_1_698' title='bbox 2460 3554 2527 3592; x_wconf 80' lang='lat' dir='ltr'><strong><em>ex</em></strong></span> <span class='ocrx_word' id='word_1_699' title='bbox 2567 3551 2690 3592; x_wconf 82' lang='lat' dir='ltr'><strong><em>sese</em></strong></span> <span class='ocrx_word' id='word_1_700' title='bbox 2740 3547 2863 3604; x_wconf 71' lang='lat' dir='ltr'><strong><em>quae</em></strong></span> <span class='ocrx_word' id='word_1_701' title='bbox 2893 3529 3117 3584; x_wconf 89' lang='lat' dir='ltr'><strong><em>minime</em></strong></span> <span class='ocrx_word' id='word_1_702' title='bbox 3151 3523 3356 3592; x_wconf 89' lang='lat' dir='ltr'><strong><em>scripta</em></strong></span> <span class='ocrx_word' id='word_1_703' title='bbox 3399 3526 3529 3574; x_wconf 89' lang='lat' dir='ltr'><strong><em>sunt</em></strong></span> <span class='ocrx_word' id='word_1_704' title='bbox 3555 3514 3746 3586; x_wconf 81' lang='lat' dir='ltr'><strong><em>profe-</em></strong></span> 
     </span>
    </p>
   </div>
   <div class='ocr_carea' id='block_1_92' title="bbox 2149 3610 3748 3690">
    <p class='ocr_par' dir='ltr' id='par_1_92' title="bbox 2149 3610 3748 3690">
     <span class='ocr_line' id='line_1_94' title="bbox 2149 3610 3748 3690; baseline -0.018 -1"><span class='ocrx_word' id='word_1_705' title='bbox 2149 3643 2290 3690; x_wconf 89' lang='lat' dir='ltr'><strong><em>rent.</em></strong></span> <span class='ocrx_word' id='word_1_706' title='bbox 2341 3631 2555 3686; x_wconf 88' lang='lat' dir='ltr'><strong><em>Etenim</em></strong></span> <span class='ocrx_word' id='word_1_707' title='bbox 2599 3626 2771 3683; x_wconf 72' lang='lat' dir='ltr'><strong><em>Judaei</em></strong></span> <span class='ocrx_word' id='word_1_708' title='bbox 2811 3641 2878 3681; x_wconf 79' lang='lat' dir='ltr'><strong><em>ex</em></strong></span> <span class='ocrx_word' id='word_1_709' title='bbox 2937 3638 3061 3678; x_wconf 90' lang='lat' dir='ltr'><strong><em>sese</em></strong></span> <span class='ocrx_word' id='word_1_710' title='bbox 3112 3618 3393 3674; x_wconf 86' lang='lat' dir='ltr'><strong><em>Christum</em></strong></span> <span class='ocrx_word' id='word_1_711' title='bbox 3438 3610 3748 3667; x_wconf 78' lang='lat' dir='ltr'><strong><em>surrexisse</em></strong></span> 
     </span>
    </p>
   </div>
   <div class='ocr_carea' id='block_1_93' title="bbox 2152 3703 3748 3793">
    <p class='ocr_par' dir='ltr' id='par_1_93' title="bbox 2152 3703 3748 3793">
     <span class='ocr_line' id='line_1_95' title="bbox 2152 3703 3748 3793; baseline -0.018 -13"><span class='ocrx_word' id='word_1_712' title='bbox 2152 3732 2380 3793; x_wconf 73' lang='lat' dir='ltr'><strong><em>negant,</em></strong></span> <span class='ocrx_word' id='word_1_713' title='bbox 2409 3722 2615 3777; x_wconf 88' lang='lat' dir='ltr'><strong><em>Marcio</em></strong></span> <span class='ocrx_word' id='word_1_714' title='bbox 2650 3735 2715 3774; x_wconf 89' lang='lat' dir='ltr'><strong><em>ac</em></strong></span> <span class='ocrx_word' id='word_1_715' title='bbox 2744 3716 2925 3774; x_wconf 66' lang='lat' dir='ltr'><strong><em>caeteri</em></strong></span> <span class='ocrx_word' id='word_1_716' title='bbox 2953 3711 3182 3785; x_wconf 89' lang='lat' dir='ltr'><strong><em>perinde</em></strong></span> <span class='ocrx_word' id='word_1_717' title='bbox 3216 3724 3280 3764; x_wconf 79' lang='lat' dir='ltr'><strong><em>ex</em></strong></span> <span class='ocrx_word' id='word_1_718' title='bbox 3313 3720 3434 3762; x_wconf 89' lang='lat' dir='ltr'><strong><em>sese</em></strong></span> <span class='ocrx_word' id='word_1_719' title='bbox 3457 3703 3640 3773; x_wconf 84' lang='lat' dir='ltr'><strong><em>specie</em></strong></span> <span class='ocrx_word' id='word_1_720' title='bbox 3663 3708 3714 3752; x_wconf 89' lang='lat' dir='ltr'><strong><em>te</em></strong></span> <span class='ocrx_word' id='word_1_721' title='bbox 3733 3726 3748 3740; x_wconf 83' lang='lat'><strong>-</strong></span> 
     </span>
    </p>
   </div>
   <div class='ocr_carea' id='block_1_94' title="bbox 2152 3794 3749 3886">
    <p class='ocr_par' dir='ltr' id='par_1_94' title="bbox 2152 3794 3749 3886">
     <span class='ocr_line' id='line_1_96' title="bbox 2152 3794 3749 3886; baseline -0.018 -14"><span class='ocrx_word' id='word_1_722' title='bbox 2152 3833 2259 3872; x_wconf 85' lang='lat' dir='ltr'><strong><em>nus</em></strong></span> <span class='ocrx_word' id='word_1_723' title='bbox 2289 3832 2414 3873; x_wconf 90' lang='lat' dir='ltr'><strong><em>esse</em></strong></span> <span class='ocrx_word' id='word_1_724' title='bbox 2441 3827 2666 3886; x_wconf 88' lang='lat' dir='ltr'><strong><em>passum</em></strong></span> <span class='ocrx_word' id='word_1_725' title='bbox 2701 3825 2766 3865; x_wconf 88' lang='lat' dir='ltr'><strong><em>ac</em></strong></span> <span class='ocrx_word' id='word_1_726' title='bbox 2806 3807 3082 3878; x_wconf 87' lang='lat' dir='ltr'><strong><em>sepultum</em></strong></span> <span class='ocrx_word' id='word_1_727' title='bbox 3107 3800 3431 3873; x_wconf 75' lang='lat' dir='ltr'><strong><em>praedicant.</em></strong></span> <span class='ocrx_word' id='word_1_728' title='bbox 3473 3794 3586 3864; x_wconf 84' lang='lat' dir='ltr'><strong><em>Ego</em></strong></span> <span class='ocrx_word' id='word_1_729' title='bbox 3617 3805 3749 3846; x_wconf 85' lang='lat' dir='ltr'><strong><em>vero</em></strong></span> 
     </span>
    </p>
   </div>
   <div class='ocr_carea' id='block_1_95' title="bbox 2152 3881 3744 3977">
    <p class='ocr_par' dir='ltr' id='par_1_95' title="bbox 2152 3881 3744 3977">
     <span class='ocr_line' id='line_1_97' title="bbox 2152 3881 3744 3977; baseline -0.019 -13"><span class='ocrx_word' id='word_1_730' title='bbox 2152 3925 2221 3964; x_wconf 77' lang='lat' dir='ltr'><strong><em>ex</em></strong></span> <span class='ocrx_word' id='word_1_731' title='bbox 2253 3906 2666 3977; x_wconf 82' lang='lat' dir='ltr'><strong><em>Scripturarum</em></strong></span> <span class='ocrx_word' id='word_1_732' title='bbox 2690 3914 2788 3954; x_wconf 91' lang='lat' dir='ltr'><strong><em>vos</em></strong></span> <span class='ocrx_word' id='word_1_733' title='bbox 2817 3896 3144 3951; x_wconf 79' lang='lat' dir='ltr'><strong><em>auctoritate</em></strong></span> <span class='ocrx_word' id='word_1_734' title='bbox 3175 3888 3465 3945; x_wconf 82' lang='lat' dir='ltr'><strong><em>conﬁrmo.</em></strong></span> <span class='ocrx_word' id='word_1_735' title='bbox 3499 3885 3576 3937; x_wconf 83' lang='lat' dir='ltr'><strong><em>Ac</em></strong></span> <span class='ocrx_word' id='word_1_736' title='bbox 3608 3881 3744 3937; x_wconf 88' lang='lat' dir='ltr'><strong><em>sub-</em></strong></span> 
     </span>
    </p>
   </div>
   <div class='ocr_carea' id='block_1_96' title="bbox 2153 3975 3747 4062">
    <p class='ocr_par' dir='ltr' id='par_1_96' title="bbox 2153 3975 3747 4062">
     <span class='ocr_line' id='line_1_98' title="bbox 2153 3975 3747 4062; baseline -0.02 -5"><span class='ocrx_word' id='word_1_737' title='bbox 2153 4003 2280 4057; x_wconf 84' lang='lat' dir='ltr'><strong><em>inde</em></strong></span> <span class='ocrx_word' id='word_1_738' title='bbox 2307 3975 2499 4055; x_wconf 77' lang='lat' dir='ltr'><strong><em>scribit</em></strong></span> <span class='ocrx_word' id='word_1_739' title='bbox 2521 4015 2535 4049; x_wconf 90' lang='lat'>:</span> <span class='ocrx_word' id='word_1_740' title='bbox 2559 3995 2650 4051; x_wconf 89' lang='lat' dir='ltr'><strong><em>Sic</em></strong></span> <span class='ocrx_word' id='word_1_741' title='bbox 2670 3991 3048 4062; x_wconf 67' lang='lat' dir='ltr'><strong><em>praedicamus,</em></strong></span> <span class='ocrx_word' id='word_1_742' title='bbox 3075 3993 3125 4038; x_wconf 94' lang='lat' dir='ltr'><strong><em>et</em></strong></span> <span class='ocrx_word' id='word_1_743' title='bbox 3147 3984 3224 4037; x_wconf 89' lang='lat' dir='ltr'><strong><em>sic</em></strong></span> <span class='ocrx_word' id='word_1_744' title='bbox 3250 3977 3573 4038; x_wconf 83' lang='lat' dir='ltr'><strong><em>credidistis,</em></strong></span> <span class='ocrx_word' id='word_1_745' title='bbox 3600 3975 3747 4040; x_wconf 84' lang='lat' dir='ltr'><strong><em>Quo-</em></strong></span> 
     </span>
    </p>
   </div>
   <div class='ocr_carea' id='block_1_97' title="bbox 2155 4075 3750 4151">
    <p class='ocr_par' dir='ltr' id='par_1_97' title="bbox 2155 4075 3750 4151">
     <span class='ocr_line' id='line_1_99' title="bbox 2155 4075 3750 4151; baseline -0.021 -1"><span class='ocrx_word' id='word_1_746' title='bbox 2155 4097 2301 4151; x_wconf 76' lang='lat' dir='ltr'><strong><em>niam</em></strong></span> <span class='ocrx_word' id='word_1_747' title='bbox 2343 4092 2589 4147; x_wconf 87' lang='lat' dir='ltr'><strong><em>Christus</em></strong></span> <span class='ocrx_word' id='word_1_748' title='bbox 2633 4094 2875 4140; x_wconf 84' lang='lat' dir='ltr'><strong><em>mortuus</em></strong></span> <span class='ocrx_word' id='word_1_749' title='bbox 2914 4089 3013 4144; x_wconf 87' lang='lat' dir='ltr'><strong><em>est,</em></strong></span> <span class='ocrx_word' id='word_1_750' title='bbox 3060 4087 3110 4132; x_wconf 89' lang='lat' dir='ltr'><strong><em>et</em></strong></span> <span class='ocrx_word' id='word_1_751' title='bbox 3161 4075 3418 4143; x_wconf 83' lang='lat' dir='ltr'><strong><em>sepultus,</em></strong></span> <span class='ocrx_word' id='word_1_752' title='bbox 3483 4078 3532 4123; x_wconf 92' lang='lat' dir='ltr'><strong><em>et</em></strong></span> <span class='ocrx_word' id='word_1_753' title='bbox 3569 4082 3750 4121; x_wconf 81' lang='lat' dir='ltr'><strong><em>resur-</em></strong></span> 
     </span>
    </p>
   </div>
   <div class='ocr_carea' id='block_1_98' title="bbox 2156 4163 3754 4246">
    <p class='ocr_par' dir='ltr' id='par_1_98' title="bbox 2156 4163 3754 4246">
     <span class='ocr_line' id='line_1_100' title="bbox 2156 4163 3754 4246; baseline -0.022 -2"><span class='ocrx_word' id='word_1_754' title='bbox 2156 4189 2294 4244; x_wconf 76' lang='lat' dir='ltr'><strong><em>rexit</em></strong></span> <span class='ocrx_word' id='word_1_755' title='bbox 2322 4185 2477 4240; x_wconf 88' lang='lat' dir='ltr'><strong><em>tertia</em></strong></span> <span class='ocrx_word' id='word_1_756' title='bbox 2506 4180 2612 4234; x_wconf 89' lang='lat' dir='ltr'><strong><em>die.</em></strong></span> <span class='ocrx_word' id='word_1_757' title='bbox 2645 4178 2710 4231; x_wconf 87' lang='lat' dir='ltr'><strong><em>Et</em></strong></span> <span class='ocrx_word' id='word_1_758' title='bbox 2737 4176 2898 4246; x_wconf 86' lang='lat' dir='ltr'><strong><em>paulo</em></strong></span> <span class='ocrx_word' id='word_1_759' title='bbox 2935 4179 3058 4242; x_wconf 90' lang='lat' dir='ltr'><strong><em>post</em></strong></span> <span class='ocrx_word' id='word_1_760' title='bbox 3087 4189 3099 4222; x_wconf 91' lang='lat'>:</span> <span class='ocrx_word' id='word_1_761' title='bbox 3132 4167 3190 4222; x_wconf 90' lang='lat' dir='ltr'><strong><em>Si</em></strong></span> <span class='ocrx_word' id='word_1_762' title='bbox 3222 4163 3420 4219; x_wconf 88' lang='lat' dir='ltr'><strong><em>mortui</em></strong></span> <span class='ocrx_word' id='word_1_763' title='bbox 3447 4177 3548 4215; x_wconf 88' lang='lat' dir='ltr'><strong><em>non</em></strong></span> <span class='ocrx_word' id='word_1_764' title='bbox 3584 4175 3754 4213; x_wconf 88' lang='lat' dir='ltr'><strong><em>resur-</em></strong></span> 
     </span>
    </p>
   </div>
   <div class='ocr_carea' id='block_1_99' title="bbox 2155 4255 3754 4352">
    <p class='ocr_par' dir='ltr' id='par_1_99' title="bbox 2155 4255 3754 4352">
     <span class='ocr_line' id='line_1_101' title="bbox 2155 4255 3754 4352; baseline -0.02 -17"><span class='ocrx_word' id='word_1_765' title='bbox 2155 4288 2308 4352; x_wconf 86' lang='lat' dir='ltr'><strong><em>gunt,</em></strong></span> <span class='ocrx_word' id='word_1_766' title='bbox 2348 4292 2509 4346; x_wconf 87' lang='lat' dir='ltr'><strong><em>neque</em></strong></span> <span class='ocrx_word' id='word_1_767' title='bbox 2555 4273 2801 4329; x_wconf 89' lang='lat' dir='ltr'><strong><em>Christus</em></strong></span> <span class='ocrx_word' id='word_1_768' title='bbox 2830 4262 3144 4320; x_wconf 75' lang='lat' dir='ltr'><strong><em>resurrexit.</em></strong></span> <span class='ocrx_word' id='word_1_769' title='bbox 3179 4257 3246 4311; x_wconf 89' lang='lat' dir='ltr'><strong><em>Et</em></strong></span> <span class='ocrx_word' id='word_1_770' title='bbox 3281 4257 3327 4310; x_wconf 90' lang='lat' dir='ltr'><strong><em>si</em></strong></span> <span class='ocrx_word' id='word_1_771' title='bbox 3366 4255 3610 4310; x_wconf 86' lang='lat' dir='ltr'><strong><em>Christus</em></strong></span> <span class='ocrx_word' id='word_1_772' title='bbox 3650 4268 3754 4305; x_wconf 85' lang='lat' dir='ltr'><strong><em>non</em></strong></span> 
     </span>
    </p>
   </div>
   <div class='ocr_carea' id='block_1_100' title="bbox 2158 4347 3757 4433">
    <p class='ocr_par' dir='ltr' id='par_1_100' title="bbox 2158 4347 3757 4433">
     <span class='ocr_line' id='line_1_102' title="bbox 2158 4347 3757 4433; baseline -0.019 -6"><span class='ocrx_word' id='word_1_773' title='bbox 2158 4371 2475 4433; x_wconf 70' lang='lat' dir='ltr'><strong><em>resurrexit,</em></strong></span> <span class='ocrx_word' id='word_1_774' title='bbox 2516 4365 2694 4420; x_wconf 86' lang='lat' dir='ltr'><strong><em>inanis</em></strong></span> <span class='ocrx_word' id='word_1_775' title='bbox 2741 4369 2820 4416; x_wconf 87' lang='lat' dir='ltr'><strong><em>est</em></strong></span> <span class='ocrx_word' id='word_1_776' title='bbox 2850 4354 3165 4429; x_wconf 76' lang='lat' dir='ltr'><strong><em>prwdicatio</em></strong></span> <span class='ocrx_word' id='word_1_777' title='bbox 3199 4359 3405 4406; x_wconf 86' lang='lat' dir='ltr'><strong><em>nostra.</em></strong></span> <span class='ocrx_word' id='word_1_778' title='bbox 3452 4347 3589 4401; x_wconf 87' lang='lat' dir='ltr'><strong><em>Tum</em></strong></span> <span class='ocrx_word' id='word_1_779' title='bbox 3632 4353 3757 4416; x_wconf 89' lang='lat' dir='ltr'><strong><em>post</em></strong></span> 
     </span>
    </p>
   </div>
   <div class='ocr_carea' id='block_1_101' title="bbox 2158 4438 3757 4524">
    <p class='ocr_par' dir='ltr' id='par_1_101' title="bbox 2158 4438 3757 4524">
     <span class='ocr_line' id='line_1_103' title="bbox 2158 4438 3757 4524; baseline -0.019 -5"><span class='ocrx_word' id='word_1_780' title='bbox 2158 4465 2274 4519; x_wconf 69' lang='lat' dir='ltr'><strong><em>haec</em></strong></span> <span class='ocrx_word' id='word_1_781' title='bbox 2309 4461 2491 4516; x_wconf 89' lang='lat' dir='ltr'><strong><em>omnia</em></strong></span> <span class='ocrx_word' id='word_1_782' title='bbox 2525 4476 2537 4511; x_wconf 93' lang='lat'><strong>:</strong></span> <span class='ocrx_word' id='word_1_783' title='bbox 2574 4456 2792 4524; x_wconf 88' lang='lat' dir='ltr'><strong><em>Oportet</em></strong></span> <span class='ocrx_word' id='word_1_784' title='bbox 2838 4451 2977 4505; x_wconf 84' lang='lat' dir='ltr'><strong><em>enim</em></strong></span> <span class='ocrx_word' id='word_1_785' title='bbox 3001 4444 3226 4501; x_wconf 78' lang='lat' dir='ltr'><strong><em>mortale</em></strong></span> <span class='ocrx_word' id='word_1_786' title='bbox 3274 4443 3370 4496; x_wconf 90' lang='lat' dir='ltr'><strong><em>hoc</em></strong></span> <span class='ocrx_word' id='word_1_787' title='bbox 3404 4441 3621 4494; x_wconf 85' lang='lat' dir='ltr'><strong><em>induere</em></strong></span> <span class='ocrx_word' id='word_1_788' title='bbox 3653 4438 3757 4490; x_wconf 88' lang='lat' dir='ltr'><strong><em>im-</em></strong></span> 
     </span>
    </p>
   </div>
   <div class='ocr_carea' id='block_1_102' title="bbox 2091 4533 3758 4616">
    <p class='ocr_par' dir='ltr' id='par_1_102' title="bbox 2091 4533 3758 4616">
     <span class='ocr_line' id='line_1_104' title="bbox 2091 4533 3758 4616; baseline -0.021 -2"><span class='ocrx_word' id='word_1_789' title='bbox 2091 4553 2571 4616; x_wconf 79' lang='lat' dir='ltr'><strong><em>Dmortalitatem,</em></strong></span> <span class='ocrx_word' id='word_1_790' title='bbox 2619 4556 2668 4601; x_wconf 88' lang='lat' dir='ltr'><strong><em>et</em></strong></span> <span class='ocrx_word' id='word_1_791' title='bbox 2723 4538 3064 4610; x_wconf 84' lang='lat' dir='ltr'><strong><em>corruptibile</em></strong></span> <span class='ocrx_word' id='word_1_792' title='bbox 3117 4537 3214 4591; x_wconf 92' lang='lat' dir='ltr'><strong><em>hoc</em></strong></span> <span class='ocrx_word' id='word_1_793' title='bbox 3258 4533 3474 4588; x_wconf 85' lang='lat' dir='ltr'><strong><em>induere</em></strong></span> <span class='ocrx_word' id='word_1_794' title='bbox 3521 4533 3758 4584; x_wconf 86' lang='lat' dir='ltr'><strong><em>incorru-</em></strong></span> 
     </span>
    </p>
   </div>
   <div class='ocr_carea' id='block_1_103' title="bbox 2158 4648 2412 4718">
    <p class='ocr_par' dir='ltr' id='par_1_103' title="bbox 2158 4648 2412 4718">
     <span class='ocr_line' id='line_1_105' title="bbox 2158 4648 2412 4718; baseline -0.02 -17"><span class='ocrx_word' id='word_1_795' title='bbox 2158 4648 2412 4718; x_wconf 84' lang='lat' dir='ltr'><strong><em>ptionem.</em></strong></span> 
     </span>
    </p>
   </div>
   <div class='ocr_carea' id='block_1_104' title="bbox 2229 4716 3760 4792">
    <p class='ocr_par' dir='ltr' id='par_1_104' title="bbox 2229 4716 3760 4792">
     <span class='ocr_line' id='line_1_106' title="bbox 2229 4716 3760 4792; baseline -0.017 1"><span class='ocrx_word' id='word_1_796' title='bbox 2229 4737 2338 4792; x_wconf 71' lang='lat' dir='ltr'><strong><em>Nec</em></strong></span> <span class='ocrx_word' id='word_1_797' title='bbox 2388 4737 2464 4789; x_wconf 88' lang='lat' dir='ltr'><strong><em>ita</em></strong></span> <span class='ocrx_word' id='word_1_798' title='bbox 2511 4730 2650 4788; x_wconf 72' lang='lat' dir='ltr'><strong><em>dixit</em></strong></span> <span class='ocrx_word' id='word_1_799' title='bbox 2697 4727 2968 4785; x_wconf 82' lang='lat' dir='ltr'><strong><em>:Mortale</em></strong></span> <span class='ocrx_word' id='word_1_800' title='bbox 3019 4725 3124 4779; x_wconf 87' lang='lat' dir='ltr'><strong><em>boc</em></strong></span> <span class='ocrx_word' id='word_1_801' title='bbox 3189 4737 3386 4792; x_wconf 88' lang='lat' dir='ltr'><strong><em>capere</em></strong></span> <span class='ocrx_word' id='word_1_802' title='bbox 3432 4716 3760 4773; x_wconf 86' lang='lat' dir='ltr'><strong><em>immortali-</em></strong></span> 
     </span>
    </p>
   </div>
   <div class='ocr_carea' id='block_1_105' title="bbox 2156 4811 3761 4892">
    <p class='ocr_par' dir='ltr' id='par_1_105' title="bbox 2156 4811 3761 4892">
     <span class='ocr_line' id='line_1_107' title="bbox 2156 4811 3761 4892; baseline -0.016 -6"><span class='ocrx_word' id='word_1_803' title='bbox 2156 4834 2362 4887; x_wconf 85' lang='lat' dir='ltr'><strong><em>litatem</em></strong></span> <span class='ocrx_word' id='word_1_804' title='bbox 2416 4833 2512 4881; x_wconf 91' lang='lat' dir='ltr'><strong><em>aut</em></strong></span> <span class='ocrx_word' id='word_1_805' title='bbox 2561 4821 2922 4892; x_wconf 86' lang='lat' dir='ltr'><strong><em>corruptibile</em></strong></span> <span class='ocrx_word' id='word_1_806' title='bbox 2981 4819 3086 4873; x_wconf 86' lang='lat' dir='ltr'><strong><em>hoc</em></strong></span> <span class='ocrx_word' id='word_1_807' title='bbox 3136 4830 3334 4884; x_wconf 89' lang='lat' dir='ltr'><strong><em>capere</em></strong></span> <span class='ocrx_word' id='word_1_808' title='bbox 3394 4811 3761 4880; x_wconf 67' lang='lat' dir='ltr'><strong><em>incorruptio-</em></strong></span> 
     </span>
    </p>
   </div>
   <div class='ocr_carea' id='block_1_106' title="bbox 2164 4904 3760 4985">
    <p class='ocr_par' dir='ltr' id='par_1_106' title="bbox 2164 4904 3760 4985">
     <span class='ocr_line' id='line_1_108' title="bbox 2164 4904 3760 4985; baseline -0.016 -7"><span class='ocrx_word' id='word_1_809' title='bbox 2164 4939 2314 4985; x_wconf 88' lang='lat' dir='ltr'><strong><em>nem,</em></strong></span> <span class='ocrx_word' id='word_1_810' title='bbox 2376 4919 2471 4974; x_wconf 88' lang='lat' dir='ltr'><strong><em>sed</em></strong></span> <span class='ocrx_word' id='word_1_811' title='bbox 2507 4917 2738 4971; x_wconf 87' lang='lat' dir='ltr'><strong><em>mortale</em></strong></span> <span class='ocrx_word' id='word_1_812' title='bbox 2774 4921 2829 4970; x_wconf 88' lang='lat' dir='ltr'><strong><em>et</em></strong></span> <span class='ocrx_word' id='word_1_813' title='bbox 2856 4909 3213 4980; x_wconf 89' lang='lat' dir='ltr'><strong><em>corruptibile</em></strong></span> <span class='ocrx_word' id='word_1_814' title='bbox 3249 4906 3474 4961; x_wconf 88' lang='lat' dir='ltr'><strong><em>induere</em></strong></span> <span class='ocrx_word' id='word_1_815' title='bbox 3507 4904 3760 4957; x_wconf 88' lang='lat' dir='ltr'><strong><em>incorru-</em></strong></span> 
     </span>
    </p>
   </div>
   <div class='ocr_carea' id='block_1_107' title="bbox 2161 4995 3760 5088">
    <p class='ocr_par' dir='ltr' id='par_1_107' title="bbox 2161 4995 3760 5088">
     <span class='ocr_line' id='line_1_109' title="bbox 2161 4995 3760 5088; baseline -0.015 -18"><span class='ocrx_word' id='word_1_816' title='bbox 2161 5017 2401 5088; x_wconf 89' lang='lat' dir='ltr'><strong><em>ptionem</em></strong></span> <span class='ocrx_word' id='word_1_817' title='bbox 2431 5021 2484 5066; x_wconf 88' lang='lat' dir='ltr'><strong><em>et</em></strong></span> <span class='ocrx_word' id='word_1_818' title='bbox 2516 5008 3005 5064; x_wconf 85' lang='lat' dir='ltr'><strong><em>immortalitatem.</em></strong></span> <span class='ocrx_word' id='word_1_819' title='bbox 3035 5003 3190 5069; x_wconf 86' lang='lat' dir='ltr'><strong><em>Quod</em></strong></span> <span class='ocrx_word' id='word_1_820' title='bbox 3215 5009 3299 5055; x_wconf 88' lang='lat' dir='ltr'><strong><em>est</em></strong></span> <span class='ocrx_word' id='word_1_821' title='bbox 3321 5007 3502 5052; x_wconf 88' lang='lat' dir='ltr'><strong><em>autem</em></strong></span> <span class='ocrx_word' id='word_1_822' title='bbox 3533 4995 3760 5048; x_wconf 87' lang='lat' dir='ltr'><strong><em>mortale</em></strong></span> 
     </span>
    </p>
   </div>
   <div class='ocr_carea' id='block_1_108' title="bbox 2163 5086 3759 5170">
    <p class='ocr_par' dir='ltr' id='par_1_108' title="bbox 2163 5086 3759 5170">
     <span class='ocr_line' id='line_1_110' title="bbox 2163 5086 3759 5170; baseline -0.016 -9"><span class='ocrx_word' id='word_1_823' title='bbox 2163 5086 2295 5162; x_wconf 84' lang='lat' dir='ltr'><strong><em>illud</em></strong></span> <span class='ocrx_word' id='word_1_824' title='bbox 2333 5103 2438 5158; x_wconf 91' lang='lat' dir='ltr'><strong><em>nisi</em></strong></span> <span class='ocrx_word' id='word_1_825' title='bbox 2475 5114 2709 5170; x_wconf 88' lang='lat' dir='ltr'><strong><em>corpus,</em></strong></span> <span class='ocrx_word' id='word_1_826' title='bbox 2740 5097 2888 5168; x_wconf 87' lang='lat' dir='ltr'><strong><em>quod</em></strong></span> <span class='ocrx_word' id='word_1_827' title='bbox 2920 5093 3386 5149; x_wconf 84' lang='lat' dir='ltr'><strong><em>immortalitatem</em></strong></span> <span class='ocrx_word' id='word_1_828' title='bbox 3411 5103 3520 5143; x_wconf 89' lang='lat' dir='ltr'><strong><em>non</em></strong></span> <span class='ocrx_word' id='word_1_829' title='bbox 3568 5086 3759 5140; x_wconf 84' lang='lat' dir='ltr'><strong><em>induat</em></strong></span> 
     </span>
    </p>
   </div>
   <div class='ocr_carea' id='block_1_109' title="bbox 2165 5179 3760 5257">
    <p class='ocr_par' dir='ltr' id='par_1_109' title="bbox 2165 5179 3760 5257">
     <span class='ocr_line' id='line_1_111' title="bbox 2165 5179 3760 5257; baseline -0.014 -5"><span class='ocrx_word' id='word_1_830' title='bbox 2165 5197 2352 5257; x_wconf 89' lang='lat' dir='ltr'><strong><em>modo.</em></strong></span> <span class='ocrx_word' id='word_1_831' title='bbox 2395 5194 2488 5248; x_wconf 88' lang='lat' dir='ltr'><strong><em>sed</em></strong></span> <span class='ocrx_word' id='word_1_832' title='bbox 2517 5195 2573 5247; x_wconf 91' lang='lat' dir='ltr'><strong><em>in</em></strong></span> <span class='ocrx_word' id='word_1_833' title='bbox 2597 5207 2659 5247; x_wconf 86' lang='lat' dir='ltr'><strong><em>ea</em></strong></span> <span class='ocrx_word' id='word_1_834' title='bbox 2709 5191 2874 5245; x_wconf 88' lang='lat' dir='ltr'><strong><em>etiam</em></strong></span> <span class='ocrx_word' id='word_1_835' title='bbox 2907 5187 3143 5242; x_wconf 82' lang='lat' dir='ltr'><strong><em>habitet:</em></strong></span> <span class='ocrx_word' id='word_1_836' title='bbox 3177 5182 3324 5254; x_wconf 90' lang='lat' dir='ltr'><strong><em>quod</em></strong></span> <span class='ocrx_word' id='word_1_837' title='bbox 3376 5179 3760 5236; x_wconf 86' lang='lat' dir='ltr'><strong><em>immortalita-</em></strong></span> 
     </span>
    </p>
   </div>
   <div class='ocr_carea' id='block_1_110' title="bbox 2167 5275 3760 5358">
    <p class='ocr_par' dir='ltr' id='par_1_110' title="bbox 2167 5275 3760 5358">
     <span class='ocr_line' id='line_1_112' title="bbox 2167 5275 3760 5358; baseline -0.014 -12"><span class='ocrx_word' id='word_1_838' title='bbox 2167 5302 2296 5354; x_wconf 88' lang='lat' dir='ltr'><strong><em>tem,</em></strong></span> <span class='ocrx_word' id='word_1_839' title='bbox 2328 5290 2581 5358; x_wconf 88' lang='lat' dir='ltr'><strong><em>inquam,</em></strong></span> <span class='ocrx_word' id='word_1_840' title='bbox 2606 5284 2754 5338; x_wconf 89' lang='lat' dir='ltr'><strong><em>illam</em></strong></span> <span class='ocrx_word' id='word_1_841' title='bbox 2785 5284 2866 5338; x_wconf 84' lang='lat' dir='ltr'><strong><em>sic</em></strong></span> <span class='ocrx_word' id='word_1_842' title='bbox 2897 5280 3116 5344; x_wconf 88' lang='lat' dir='ltr'><strong><em>induat,</em></strong></span> <span class='ocrx_word' id='word_1_843' title='bbox 3148 5287 3207 5331; x_wconf 89' lang='lat' dir='ltr'><strong><em>ut</em></strong></span> <span class='ocrx_word' id='word_1_844' title='bbox 3239 5291 3347 5330; x_wconf 90' lang='lat' dir='ltr'><strong><em>non</em></strong></span> <span class='ocrx_word' id='word_1_845' title='bbox 3400 5275 3606 5344; x_wconf 89' lang='lat' dir='ltr'><strong><em>rejecto</em></strong></span> <span class='ocrx_word' id='word_1_846' title='bbox 3639 5287 3760 5326; x_wconf 89' lang='lat' dir='ltr'><strong><em>cor-</em></strong></span> 
     </span>
    </p>
   </div>
   <div class='ocr_carea' id='block_1_111' title="bbox 2166 5367 3730 5454">
    <p class='ocr_par' dir='ltr' id='par_1_111' title="bbox 2166 5367 3730 5454">
     <span class='ocr_line' id='line_1_113' title="bbox 2166 5367 3730 5454; baseline -0.013 -16"><span class='ocrx_word' id='word_1_847' title='bbox 2166 5397 2322 5454; x_wconf 88' lang='lat' dir='ltr'><strong><em>pore,</em></strong></span> <span class='ocrx_word' id='word_1_848' title='bbox 2353 5380 2534 5434; x_wconf 84' lang='lat' dir='ltr'><strong><em>anitna</em></strong></span> <span class='ocrx_word' id='word_1_849' title='bbox 2571 5377 2688 5433; x_wconf 91' lang='lat' dir='ltr'><strong><em>sola</em></strong></span> <span class='ocrx_word' id='word_1_850' title='bbox 2723 5389 2846 5445; x_wconf 77' lang='lat' dir='ltr'><strong><em>quae</em></strong></span> <span class='ocrx_word' id='word_1_851' title='bbox 2873 5373 3070 5427; x_wconf 89' lang='lat' dir='ltr'><strong><em>mortis</em></strong></span> <span class='ocrx_word' id='word_1_852' title='bbox 3104 5378 3189 5425; x_wconf 89' lang='lat' dir='ltr'><strong><em>est</em></strong></span> <span class='ocrx_word' id='word_1_853' title='bbox 3217 5383 3446 5437; x_wconf 80' lang='lat' dir='ltr'><strong><em>expers,</em></strong></span> <span class='ocrx_word' id='word_1_854' title='bbox 3474 5367 3730 5420; x_wconf 85' lang='lat' dir='ltr'><strong><em>immorta</em></strong></span> 
     </span>
    </p>
   </div>
   <div class='ocr_carea' id='block_1_112' title="bbox 2169 5459 3762 5538">
    <p class='ocr_par' dir='ltr' id='par_1_112' title="bbox 2169 5459 3762 5538">
     <span class='ocr_line' id='line_1_114' title="bbox 2169 5459 3762 5538; baseline -0.013 -8"><span class='ocrx_word' id='word_1_855' title='bbox 2169 5477 2378 5530; x_wconf 84' lang='lat' dir='ltr'><strong><em>litatem</em></strong></span> <span class='ocrx_word' id='word_1_856' title='bbox 2430 5471 2655 5538; x_wconf 87' lang='lat' dir='ltr'><strong><em>induat;</em></strong></span> <span class='ocrx_word' id='word_1_857' title='bbox 2689 5468 2786 5525; x_wconf 78' lang='lat' dir='ltr'><strong><em>Sed</em></strong></span> <span class='ocrx_word' id='word_1_858' title='bbox 2836 5475 2895 5522; x_wconf 90' lang='lat' dir='ltr'><strong><em>ut</em></strong></span> <span class='ocrx_word' id='word_1_859' title='bbox 2935 5466 2988 5520; x_wconf 91' lang='lat' dir='ltr'><strong><em>id</em></strong></span> <span class='ocrx_word' id='word_1_860' title='bbox 3017 5466 3194 5536; x_wconf 88' lang='lat' dir='ltr'><strong><em>ipsum</em></strong></span> <span class='ocrx_word' id='word_1_861' title='bbox 3235 5461 3380 5533; x_wconf 91' lang='lat' dir='ltr'><strong><em>quod</em></strong></span> <span class='ocrx_word' id='word_1_862' title='bbox 3411 5459 3644 5514; x_wconf 87' lang='lat' dir='ltr'><strong><em>mortale</em></strong></span> <span class='ocrx_word' id='word_1_863' title='bbox 3677 5464 3762 5513; x_wconf 90' lang='lat' dir='ltr'><strong><em>est</em></strong></span> 
     </span>
    </p>
   </div>
   <div class='ocr_carea' id='block_1_113' title="bbox 2169 5551 3734 5629">
    <p class='ocr_par' dir='ltr' id='par_1_113' title="bbox 2169 5551 3734 5629">
     <span class='ocr_line' id='line_1_115' title="bbox 2169 5551 3734 5629; baseline -0.009 -8"><span class='ocrx_word' id='word_1_864' title='bbox 2169 5565 2658 5628; x_wconf 90' lang='lat' dir='ltr'><strong><em>immortalitatem,</em></strong></span> <span class='ocrx_word' id='word_1_865' title='bbox 2691 5569 2746 5616; x_wconf 88' lang='lat' dir='ltr'><strong><em>et</em></strong></span> <span class='ocrx_word' id='word_1_866' title='bbox 2783 5558 3140 5629; x_wconf 89' lang='lat' dir='ltr'><strong><em>corruptibile</em></strong></span> <span class='ocrx_word' id='word_1_867' title='bbox 3175 5553 3641 5624; x_wconf 88' lang='lat' dir='ltr'><strong><em>incorruptionem</em></strong></span> <span class='ocrx_word' id='word_1_868' title='bbox 3676 5551 3734 5607; x_wconf 88' lang='lat' dir='ltr'><strong><em>in</em></strong></span> 
     </span>
    </p>
   </div>
   <div class='ocr_carea' id='block_1_114' title="bbox 2170 5646 3765 5725">
    <p class='ocr_par' dir='ltr' id='par_1_114' title="bbox 2170 5646 3765 5725">
     <span class='ocr_line' id='line_1_116' title="bbox 2170 5646 3765 5725; baseline -0.01 -9"><span class='ocrx_word' id='word_1_869' title='bbox 2170 5660 2304 5716; x_wconf 89' lang='lat' dir='ltr'><strong><em>duat</em></strong></span> <span class='ocrx_word' id='word_1_870' title='bbox 2335 5677 2348 5713; x_wconf 93' lang='lat'>:</span> <span class='ocrx_word' id='word_1_871' title='bbox 2378 5658 2482 5712; x_wconf 92' lang='lat' dir='ltr'><strong><em>boc</em></strong></span> <span class='ocrx_word' id='word_1_872' title='bbox 2521 5665 2607 5713; x_wconf 92' lang='lat' dir='ltr'><strong><em>est</em></strong></span> <span class='ocrx_word' id='word_1_873' title='bbox 2655 5668 2856 5725; x_wconf 89' lang='lat' dir='ltr'><strong><em>corpus</em></strong></span> <span class='ocrx_word' id='word_1_874' title='bbox 2890 5653 3108 5724; x_wconf 89' lang='lat' dir='ltr'><strong><em>ipsum;</em></strong></span> <span class='ocrx_word' id='word_1_875' title='bbox 3153 5649 3313 5722; x_wconf 84' lang='lat' dir='ltr'><strong><em>cujus</em></strong></span> <span class='ocrx_word' id='word_1_876' title='bbox 3354 5646 3573 5724; x_wconf 82' lang='lat' dir='ltr'><strong><em>propria</em></strong></span> <span class='ocrx_word' id='word_1_877' title='bbox 3614 5659 3765 5706; x_wconf 78' lang='lat' dir='ltr'><strong><em>mors</em></strong></span> 
     </span>
    </p>
   </div>
   <div class='ocr_carea' id='block_1_115' title="bbox 555 5813 2040 5902">
    <p class='ocr_par' dir='ltr' id='par_1_115' title="bbox 555 5823 2040 5902">
     <span class='ocr_line' id='line_1_117' title="bbox 555 5823 2040 5902; baseline -0.008 -14"><span class='ocrx_word' id='word_1_878' title='bbox 555 5835 570 5865; x_wconf 81' lang='grc'><strong><em>³</em></strong></span> <span class='ocrx_word' id='word_1_879' title='bbox 597 5830 658 5888; x_wconf 82' lang='lat' dir='ltr'><strong><em>F.</em></strong></span> <span class='ocrx_word' id='word_1_880' title='bbox 691 5831 752 5887; x_wconf 83' lang='grc' dir='ltr'><strong><em>τὸ</em></strong></span> <span class='ocrx_word' id='word_1_881' title='bbox 777 5829 836 5885; x_wconf 80' lang='grc' dir='ltr'>ἐν</span> <span class='ocrx_word' id='word_1_882' title='bbox 861 5831 996 5902; x_wconf 81' lang='grc' dir='ltr'>ὅπερ</span> <span class='ocrx_word' id='word_1_883' title='bbox 1027 5828 1083 5884; x_wconf 81' lang='grc' dir='ltr'><em>ἐν</em></span> <span class='ocrx_word' id='word_1_884' title='bbox 1111 5827 1390 5900; x_wconf 83' lang='grc' dir='ltr'>τυγχάνει.</span> <span class='ocrx_word' id='word_1_885' title='bbox 1470 5828 1489 5860; x_wconf 79' lang='grc'>¹</span> <span class='ocrx_word' id='word_1_886' title='bbox 1525 5823 1546 5879; x_wconf 89' lang='grc' dir='ltr'><strong><em>ι</em></strong></span> <span class='ocrx_word' id='word_1_887' title='bbox 1572 5823 1698 5881; x_wconf 88' lang='lat' dir='ltr'><strong><em>Cor.</em></strong></span> <span class='ocrx_word' id='word_1_888' title='bbox 1739 5838 1826 5890; x_wconf 80' lang='lat' dir='ltr'><strong><em>xv,</em></strong></span> <span class='ocrx_word' id='word_1_889' title='bbox 1858 5829 1882 5878; x_wconf 83' lang='lat' dir='ltr'><strong><em>l</em></strong></span> <span class='ocrx_word' id='word_1_890' title='bbox 1921 5835 2040 5894; x_wconf 86' lang='lat' dir='ltr'><strong><em>sqq.</em></strong></span> 
     </span>
    </p>
   </div>
   <div class='ocr_carea' id='block_1_116' title="bbox 2140 5813 2991 5902">
    <p class='ocr_par' dir='ltr' id='par_1_116' title="bbox 2140 5813 2991 5888">
     <span class='ocr_line' id='line_1_118' title="bbox 2140 5813 2991 5888; baseline -0.005 -15"><span class='ocrx_word' id='word_1_891' title='bbox 2140 5823 2233 5878; x_wconf 77' lang='lat' dir='ltr'><strong><em>lsc.</em></strong></span> <span class='ocrx_word' id='word_1_892' title='bbox 2271 5835 2394 5888; x_wconf 81' lang='lat' dir='ltr'><strong><em>xui,</em></strong></span> <span class='ocrx_word' id='word_1_893' title='bbox 2429 5819 2513 5875; x_wconf 69' lang='grc'><strong><em>14.</em></strong></span> <span class='ocrx_word' id='word_1_894' title='bbox 2597 5817 2617 5851; x_wconf 85' lang='grc'>³</span> <span class='ocrx_word' id='word_1_895' title='bbox 2644 5814 2823 5873; x_wconf 87' lang='lat' dir='ltr'><strong><em>Galat.</em></strong></span> <span class='ocrx_word' id='word_1_896' title='bbox 2860 5831 2900 5884; x_wconf 87' lang='grc' dir='ltr'><strong><em>ι,</em></strong></span> <span class='ocrx_word' id='word_1_897' title='bbox 2935 5813 2991 5869; x_wconf 88' lang='lat'><strong><em>9.</em></strong></span> 
     </span>
    </p>
   </div>
  </div>
