4186 6374
539 351 644 411 799

1934 357 1994 413 S.
2039 355 2372 414 EPIPHANII

3688 355 3794 412 εθο

541 483 660 543 est,
694 490 757 530 ac
787 475 1118 545 temporaria
1149 475 1242 530 illa
1275 475 1585 546 corruptio,
1619 475 2019 546 dissolutioque
2046 477 2117 532 ob

2222 477 2315 548 τὴν
2343 475 2725 545 ἐπενεχθεῖσαν
2756 473 2905 543 αὐτῷ
2929 471 3018 527 διὰ
3035 472 3134 544 τῆς
3157 472 3253 528 τοῦ
3294 473 3463 545 Ἀδὰμ
3487 475 3792 546 παρακοῆς.

539 569 733 623 Adami
783 569 1182 624 contumaciam
1232 584 1296 622 ac
1341 569 1520 624 scelus
1556 567 1799 622 inﬂicta?
1826 566 1943 622 Jatn
1984 583 2114 623 vero

541 662 609 716 de
640 660 838 715 futuris
865 661 992 714 olim
1029 661 1324 722 beneficiis,
1353 675 1475 730 quae
1506 660 1558 712 in
1587 675 1789 729 corpus
1817 657 2115 713 derivanda

539 761 704 819 sunt,
733 753 1048 821 Apostolum
1085 753 1262 820 loqui,
1299 767 1364 806 ex
1393 765 1458 804 eo
1481 757 1648 820 patet,
1673 749 1817 817 quod
1849 749 2116 818 pollicita-

540 845 706 898 tionis
756 844 985 898 formula
1042 843 1095 897 id
1157 843 1300 911 quod
1355 840 1528 896 eidem
1589 841 1904 909 contingere
1957 840 2118 894 debet

540 937 891 1005 expresserit.
919 933 1084 1000 Tunc,
1104 933 1300 1002 inquit,
1321 933 1407 1001 ﬁet
1430 947 1620 994 sermo,
1642 930 1972 1001 quiscriptus
1993 937 2071 981 est
2099 942 2117 979 :

540 1027 804 1094 Absorpta
832 1034 908 1079 est
943 1041 1082 1078 mors
1135 1026 1189 1077 in
1231 1025 1472 1077 victoria.
1506 1022 1715 1088 Quibus
1754 1020 1935 1074 verbis
1969 1020 2117 1072 futu-

537 1131 652 1168 ram
673 1125 801 1168 tunc
817 1123 1156 1167 mortuorum
1175 1113 1624 1167 resurrectionem
1645 1108 2118 1180 signiﬁeat.Quan—

538 1207 831 1276 doquidem
892 1221 957 1260 ex
1011 1206 1192 1274 aliqua
1237 1216 1388 1274 parte
1427 1205 1482 1258 in
1515 1203 1715 1259 Christi
1749 1201 2108 1258 resurrectio-

539 1314 627 1361 ne,
661 1313 958 1366 eorumque
986 1299 1076 1366 qui
1107 1312 1229 1351 cum
1259 1296 1479 1351 Christo
1507 1302 1635 1351 sunt
1661 1295 1727 1349 ad
1758 1295 1923 1349 vitam
1957 1293 2106 1348 exci-

539 1386 664 1451 tati,
695 1387 948 1455 absorpta
989 1402 1136 1442 mors
1166 1393 1267 1440 est.
1298 1385 1471 1439 Multa
1499 1385 1636 1440 enim
1664 1393 1967 1440 sanctorum
1997 1398 2112 1435 cor-

536 1492 668 1545 pora
697 1487 1069 1544 surrexerunt,
1094 1487 1151 1531 ut
1175 1479 1229 1532 in
1263 1477 1554 1547 Evangelio
1583 1477 1854 1545 proditum
1884 1483 1966 1529 est
1995 1475 2036 1538 ¹,
2064 1483 2112 1526 et

2224 570 2344 622 Ὅτι
2375 569 2430 622 δὲ
2461 569 2589 640 περὶ
2617 569 2723 621 τῶν
2754 566 3061 638 μελλουσῶν
3091 585 3254 638 φησιν
3293 569 3353 622 ἐν
3384 567 3530 638 αὐτῷ
3553 567 3791 620 τελειοῦ-

2222 657 2346 712 σθαι
2379 658 2738 729 εὐεργεσιῶν,
2775 659 2862 713 διὰ
2915 659 3015 730 τῆς
3047 657 3394 728 ὑποσχέσεως
3439 658 3500 712 τὺ
3551 657 3792 728 πληροῦ-

2223 750 2346 803 σθαί
2375 769 2442 818 με
2464 751 2485 782 ⁸
2525 751 2777 821 σημαίνει
2801 751 2972 820 λέγων
2993 767 3007 782 ·
3040 752 3176 805 Τότε
3207 749 3522 821 γενήσεται
3548 753 3582 804 ό
3611 753 3794 818 λόγος

2221 846 2256 896 ὁ
2282 844 2714 913 γεγναμμένοςο
2756 845 3065 912 Κατεπόθη
3111 847 3144 898 ὀ
3176 843 3431 910 θάνατος
3460 846 3547 910 εἰς
3587 844 3789 910 νῖκοςο

2220 936 2307 989 ἵνα
2338 936 2554 1006 σημάνῃ
2585 935 2681 1004 τὴν
2705 934 2825 988 τότε
2859 936 3156 1006 μέλλουσαν
3181 935 3399 989 ἔσεσθαι
3432 934 3640 1006 νεκρῶν
3665 935 3794 989 ἀνά-

2221 1042 2430 1078 στασιν.
2479 1024 2692 1094 Ἐπειδὴ
2726 1025 3003 1096 κατεπόθη
3035 1026 3064 1077 ὁ
3098 1025 3327 1088 θάνατος
3359 1023 3466 1078 ἀπὸ
3507 1024 3670 1093 μέοοτ
3703 1022 3793 1077 ’ἐν

2216 1120 2284 1188 τῇ
2313 1117 2408 1170 τοῦ
2443 1115 2677 1186 Χριστοῦ
2709 1118 3001 1170 ἀναστάσει
3049 1118 3157 1171 τῶν
3199 1119 3296 1172 καὶ
3343 1117 3439 1170 σὺν
3485 1115 3634 1180 αὐτῷ
3664 1117 3790 1170 ἀνα-

2215 1209 2474 1261 στάντωψ
2493 1206 2742 1274 Ἀνέστη
2766 1207 2876 1274 γὰρ
2892 1211 3091 1262 πολλὰ
3107 1205 3349 1276 σώματα
3369 1206 3486 1260 τῶν
3500 1207 3702 1276 ἁγίων,
3720 1206 3794 1269 ὥς

2215 1315 2348 1367 φησι
2376 1301 2434 1350 τὸ
2457 1298 2803 1367 Εὐαγγέλιον,
2831 1300 2928 1353 καὶ
2948 1298 3358 1367 συνεισῆλθον
3381 1297 3539 1363 αὑτῷ
3564 1300 3650 1364 είς
3680 1298 3796 1365 τὴν

2215 1386 2608 1454 ἁγίανπόλιν.
2657 1387 2792 1439 Τότε
2844 1387 2901 1440 δὲ
2941 1389 3019 1450 εἰς
3067 1390 3214 1450 νῖκος
3262 1388 3653 1450 καταπίνεται,
3706 1387 3796 1440 ὅτε

2219 1477 2326 1530 ἀπὸ
2361 1477 2574 1531 πάντων
2607 1477 2908 1542 καθολικῶς
2933 1477 3283 1548 ἅφαντοῦται.

537 1588 657 1629 cum
683 1588 742 1626 eo
769 1589 1004 1642 ingressa
1034 1581 1156 1626 sunt
1181 1573 1233 1624 in
1271 1581 1510 1624 sanctam
1544 1571 1831 1624 civitatem.
1901 1567 2005 1622 Sed
2071 1575 2182 1621 tum
2223 1569 2545 1624 absorbetur
2591 1571 2648 1625 in
2684 1571 2964 1640 ,victoria,
3003 1587 3128 1625 cum
3166 1573 3236 1625 ab
3274 1571 3530 1627 omnibus
3573 1573 3796 1625 omnino

537 1671 760 1743 depulsa
790 1670 1115 1738 corporibus
1146 1669 1444 1723 evanescit.

765 1779 928 1850 366
965 1779 1046 1834 Ea:
1073 1778 1314 1846 Epistola
1346 1777 1407 1830 Il
1443 1777 1511 1831 ad
1551 1777 1874 1832 Corinthios.

608 1891 759 1945 Hanc
819 1889 1021 1943 Marcio
1062 1890 1275 1943 tertiam
1336 1888 1530 1942 ordine
1583 1889 1905 1952 collocavit,
1954 1887 2117 1957 idque

535 1992 868 2040 commutata
899 1984 1058 2039 serie.
1090 1983 1220 2049 Qua:
1255 1982 1399 2037 enim
1429 1982 1493 2035 ad
1523 1980 1742 2036 Galatas
1776 1981 1977 2051 scripta
2009 1989 2113 2043 est,

532 2095 656 2134 eam
682 2079 859 2150 primo
891 2079 1011 2132 loco
1044 2078 1245 2148 posuit.

607 2171 792 2225 Schol.
830 2173 854 2224 1
905 2181 957 2225 et
1000 2171 1090 2224 25.
1141 2169 1406 2238 Quotquot
1431 2169 1569 2223 enim
1611 2167 1985 2236 pramissiones
2022 2164 2118 2221 Dei

535 2274 657 2319 sunt
693 2266 748 2318 iu
777 2265 872 2318 illo
893 2271 970 2319 est
999 2278 1018 2315 :
1049 2263 1164 2316 ideo
1193 2272 1239 2317 et
1274 2278 1366 2331 per
1395 2262 1566 2330 ipsum
1607 2263 1771 2313 Amen
1814 2259 1910 2312 Dei
1942 2261 1984 2313 ³.

607 2439 786 2494 Refut.
824 2439 848 2492 l
885 2445 939 2493 et
973 2436 1064 2491 25.
1095 2436 1257 2506 Aperi
1287 2435 1478 2491 oculos
1507 2445 1560 2490 et
1600 2436 1845 2500 salvare,
1875 2434 2095 2489 Marcio.

533 2533 692 2599 Quod
745 2531 790 2587 si
845 2532 1024 2585 facere
1082 2529 1227 2583 istud
1277 2529 1439 2582 modo
1490 2545 1596 2583 non
1639 2538 1821 2598 potes,
1870 2544 1935 2583 eo
1973 2529 2117 2598 quod

533 2623 773 2687 obieris,
805 2623 880 2676 illi
922 2623 1112 2677 saltem
1164 2619 1442 2690 aperiant,
1493 2635 1632 2691 quos
1672 2628 1730 2674 tu
1771 2621 1826 2674 in
1874 2636 2116 2676 errorem

532 2715 831 2786 impulisti,
866 2722 1047 2785 teque,
1084 2724 1143 2768 ut
1175 2723 1502 2769 venenatum
1541 2721 1850 2784 serpentem
1873 2753 1886 2775 ,
1936 2721 1990 2768 et
2022 2729 2122 2784 ap-

533 2807 1026 2877 propinquantibus
1058 2807 1283 2860 noxium
1327 2806 1584 2860 devitent.
1623 2805 1754 2858 Nam
1790 2805 1836 2859 si
1865 2814 2119 2875 quotquot

531 2900 903 2970 promissiones
940 2898 1035 2952 Dei
1060 2907 1206 2963 sunt,
1257 2899 1310 2951 in
1346 2897 1437 2951 illo
1481 2897 1680 2958 etiam;
1726 2897 2119 2966 promissiones

531 3006 698 3062 porro
730 2990 822 3044 Dei
853 3006 946 3045 eas
975 2991 1268 3059 Apostolus
1303 2989 1574 3058 intelligit,
1605 3004 1726 3058 qua:
1753 2990 1866 3059 lege
1896 3004 1959 3043 ac
1993 3004 2120 3059 pro-

533 3084 711 3153 phetis
746 3085 1115 3148 continentur,
1158 3083 1426 3152 sequitur,
1461 3083 1624 3137 etiam
1661 3082 1792 3136 illud
1827 3084 2118 3153 implenda-

533 3189 653 3228 rum
700 3174 1104 3243 pr0phetiarum
1149 3175 1429 3243 proprium
1473 3174 1525 3226 in
1563 3173 1782 3229 Christo
1827 3175 2121 3229 conﬁrma-

535 3275 648 3319 tum
682 3267 869 3320 fuisse.
904 3264 1084 3330 Quare
1115 3281 1214 3319 nec
1248 3281 1278 3318 a
1318 3266 1486 3319 veteri
1520 3265 1666 3335 lege,
1705 3281 1807 3320 nec
1829 3282 1858 3319 a
1891 3267 2126 3336 prophe-

534 3354 607 3408 tis
628 3395 641 3416 ,
677 3355 885 3409 alienus
915 3362 996 3408 est
1029 3355 1284 3409 Christus
1307 3395 1322 3418 ,
1348 3371 1448 3409 nec
1485 3370 1514 3407 a
1545 3354 1655 3409 Deo
1679 3396 1694 3416 ,
1715 3358 1808 3426 qui
1843 3367 1897 3411 et
1933 3357 1987 3410 in
2012 3359 2126 3426 lege

533 3449 750 3505 locutus
781 3453 896 3509 est,
942 3455 994 3500 et
1043 3461 1139 3500 sua
1188 3447 1243 3499 in
1294 3445 1514 3500 Christo
1561 3448 1832 3516 promissa
1872 3449 2120 3517 perfecit.

556 3539 662 3592 Sed
710 3555 884 3606 neque.
919 3537 1028 3590 Deo
1081 3538 1155 3589 illi
1210 3540 1303 3606 qui
1348 3539 1517 3608 legem
1550 3554 1613 3593 ac
1656 3540 1950 3608 prophetas
1976 3539 2125 3594 dedit

536 3629 678 3684 idem
726 3629 815 3682 ille
851 3629 1104 3683 Christus
1157 3630 1499 3684 advisrsatur.
1533 3628 1669 3682 Nam
1722 3646 1823 3700 pro
1871 3647 1936 3685 eo
1977 3633 2120 3701 quod

537 3721 687 3774 illius
725 3721 1146 3789 pollicitationes
1198 3720 1252 3776 in
1289 3719 1406 3788 ipso
1453 3729 1852 3790 repraesentata:
1881 3733 2036 3789 sunt,
2073 3732 2123 3777 et

536 3827 627 3880 per
656 3813 825 3881 ipsum
847 3857 861 3878 ,
881 3813 1085 3882 inquit,
1113 3812 1276 3867 Amen
1312 3812 1427 3868 Dei.
1461 3813 1603 3871 Deus
1629 3815 1773 3870 enim
1800 3813 1959 3868 Pater
1997 3831 2123 3884 pro-

539 3906 722 3969 misit,
755 3905 1008 3960 Christus
1058 3921 1186 3961 vero
1240 3905 1503 3960 Dominus
1554 3912 1674 3960 rata
1726 3908 1815 3961 illa
1857 3908 2016 3969 fecit,
2067 3916 2117 3961 et

539 3999 711 4052 Amen
744 3999 992 4053 adhibuit
1043 4001 1150 4054 illis
1192 4015 1331 4070 quos
1367 4000 1456 4054 illa
1492 4001 1782 4070 promissio
1825 4001 2115 4054 confirma-

540 4090 660 4145 vit:
697 4091 899 4160 quique
945 4090 1160 4146 Patrem
1201 4093 1350 4145 illum
1391 4108 1551 4146 suum
1602 4102 1972 4162 agnoverunt,
2025 4094 2118 4162 qui

541 4182 598 4239 in
633 4183 746 4252 lege
786 4184 999 4238 locutus
1036 4191 1139 4250 est,
1171 4198 1232 4237 ac
1272 4183 1620 4238 credentibus
1669 4185 1929 4238 salutaria
1975 4184 2118 4239 dona

542 4277 792 4331 contulit.
824 4276 919 4330 llis
949 4277 1092 4330 enim
1129 4276 1218 4330 ille
1244 4277 1426 4331 verbis
1458 4293 1589 4332 usus
1619 4286 1702 4332 est
1737 4297 1749 4332 :
1779 4277 1897 4342 Ita,
1933 4276 2115 4343 Pater,

541 4371 666 4441 quia
697 4372 773 4424 ita
797 4371 1048 4438 placitum
1082 4380 1158 4424 est
1187 4380 1311 4425 ante
1340 4380 1388 4423 te
1417 4371 1458 4425 ³.

615 4617 799 4672 Schol.
829 4618 865 4672 2
889 4627 940 4672 et
971 4618 1061 4674 26.
1106 4618 1227 4674 Non
1256 4621 1396 4674 enim
1433 4637 1525 4674 nos
1559 4622 1698 4692 ipsos
1730 4623 2082 4690 pra'dicamus
2103 4665 2117 4687 ,

542 4715 631 4768 sed
666 4714 932 4768 Christum
970 4715 1186 4781 Iesum,
1228 4733 1322 4771 nos
1361 4717 1500 4785 ipsos
1539 4735 1658 4771 vero
1706 4735 1877 4773 servos
1923 4728 2118 4774 vestros

541 4822 634 4876 per
668 4804 869 4860 Jesum.
903 4807 1166 4872 Quoniam
1205 4807 1343 4862 Deus
1373 4811 1464 4862 aui
1501 4809 1635 4863 dicit
1682 4811 1747 4864 de
1790 4811 2011 4864 tenebris
2038 4811 2121 4864 lu-

541 4913 652 4950 cem
685 4897 1036 4965 splendescere
1062 4899 1104 4950 ⁸.

617 4990 797 5044 Befut.
831 4990 866 5042 2
903 4998 957 5044 et
988 4990 1078 5046 26.
1113 4989 1231 5045 Νοη
1276 4991 1521 5060 seipsos,
1571 4992 1668 5047 sed
1715 4991 1900 5048 Jesum
1953 4992 2117 5047 Chri-

545 5092 688 5137 stum
721 5082 1006 5136 Dominum
1047 5091 1292 5138 nostrum
1324 5084 1621 5153 praedicant
1658 5085 1912 5153 apostoli.
1943 5087 2122 5150 Quare

544 5190 722 5243 neque
747 5179 904 5229 secta‘
929 5182 1014 5229 est
1063 5175 1200 5239 ulla,
1236 5191 1412 5245 neque
1460 5175 1704 5231 Ecclesia
1751 5177 2122 5246 apostolorum

546 5265 805 5336 insignita
846 5268 1084 5321 nomine.
1123 5265 1234 5322 Nec
1269 5283 1511 5337 unquam
1540 5267 1777 5323 Petraaos
1817 5267 1960 5322 ullos
1984 5306 1999 5331 ,
2027 5276 2121 5320 aut

547 5357 858 5420 Paulianos,
889 5367 981 5411 aut
1003 5357 1459 5419 Bartbolomaaos,
1485 5366 1578 5413 aut
1612 5357 1873 5413 Taddaeos
1910 5357 2122 5411 audivi-

548 5463 700 5511 mus,
751 5449 845 5502 sed
900 5465 1006 5502 una
1046 5450 1159 5516 jam
1217 5459 1330 5504 tum
1382 5450 1539 5505 initio
1590 5449 1694 5504 fuit
1752 5450 2121 5519 apostolorum

549 5539 792 5592 omnium
840 5540 1153 5608 praedicatio
1185 5559 1198 5595 :
1230 5556 1350 5610 quze
1383 5556 1492 5594 non
1532 5541 1796 5609 ipsosmet
1829 5541 1986 5604 illos,
2026 5541 2124 5595 sed

549 5628 708 5698 367
753 5628 1043 5684 Dominum
1088 5629 1275 5689 Jesum
1308 5632 1584 5688 Christum
1619 5634 1999 5689 tantummodo
2035 5649 2124 5689 cc-

2430 1768 2564 1823 Ἀπὸ
2596 1770 2705 1838 τῆς
2741 1774 2893 1840 πρὸς
2924 1772 3273 1839 Κορινθίους
3302 1773 3603 1842 δευτέρας.

2290 1879 2436 1951 Αῦτη
2468 1881 2525 1934 δὲ
2549 1882 2708 1952 τρίτη
2747 1886 2923 1935 κεῖται
2953 1883 3105 1954 παρὰ
3139 1884 3218 1954 τῷ
3248 1884 3549 1956 Μαρκίωνι.
3579 1888 3795 1960 Μετηλ-

2219 1972 2503 2042 λαγμένως
2531 1973 2608 2038 δὲ,
2636 1974 2726 2028 διὰ
2751 1975 2812 2027 τὸ
2840 1975 3063 2046 πρώτην
3093 1977 3222 2048 παρ’
3247 1977 3395 2049 αὐτῷ
3422 1979 3677 2050 τετάχθαι
3698 1981 3799 2054 τὴν

2223 2065 2358 2136 πρὸς
2388 2065 2654 2129 Γαλάτας.

2287 2166 2336 2210 α’
2367 2161 2460 2212 καὶ
2504 2167 2580 2212 κε’
2615 2159 2759 2230 σχὸλ.
2795 2159 2992 2215 Πᾶσαι
3028 2163 3138 2232 γὰρ
3176 2167 3234 2216 al
3270 2163 3615 2234 ἐπαγγελίαι
3648 2169 3798 2222 Θεοῦ

2217 2251 2287 2302 ἐν
2329 2248 2488 2314 αὐτῷ
2517 2250 2582 2303 τὸ
2615 2253 2716 2304 ναί
2745 2269 2758 2284 ο
2792 2251 2883 2304 διὸ
2921 2254 3018 2306 καί
3057 2253 3133 2307 δι’
3158 2254 3344 2310 αὑτοῦ
3388 2256 3452 2309 τὸ
3501 2257 3688 2326 Ἀμὴν
3719 2261 3800 2326 τῷ

2220 2338 2361 2404 Θεῷ.

2290 2437 2337 2484 α’
2371 2431 2463 2482 καὶ
2502 2429 2582 2483 κε’
2622 2429 2802 2501 ἔλεγχ.
2853 2431 3125 2497 Διάνοιξον
3169 2435 3299 2497 τοὺς
3335 2451 3648 2506 οφοαλμους
3702 2456 3796 2491 σου

2219 2523 2313 2576 καὶ
2364 2522 2588 2592 σώθητι,
2623 2517 2668 2577 ὦ
2697 2525 2987 2594 Μαρκίων.
3031 2526 3092 2578 Ei
3150 2526 3206 2578 δὲ
3243 2528 3308 2580 σὺ
3357 2529 3536 2583 οὐκέτι
3576 2531 3798 2586 δύνασαι

2221 2614 2636 2685 (τετελεύτηκας
2667 2615 2822 2686 γὰρ),
2853 2618 2901 2669 oi
2926 2617 3032 2669 ἀπὸ
3058 2617 3151 2670 σοῦ
3185 2619 3556 2692 ἀπατηθέντες
3585 2623 3800 2686 ἀνοιξά-

2219 2723 2396 2759 τωσαν
2423 2708 2549 2769 τοὺς
2582 2706 2891 2777 ὀφθαλμοὺς
2923 2707 3103 2761 αὐτῶν
3131 2749 3145 2773 ,
3177 2710 3273 2762 καὶ
3321 2711 3642 2779 φυγέτωσαν
3689 2714 3798 2766 ἀπὸ

2221 2797 2318 2850 σοῦ
2344 2838 2358 2862 ,
2389 2798 2464 2861 ὡς
2498 2797 2607 2850 ἀπὸ
2635 2798 2865 2868 ἑρπετοῦ
2893 2799 3087 2862 δεινοῦ,
3123 2800 3217 2853 καὶ
3246 2799 3643 2871 λυμαινομένου
3675 2806 3799 2866 τοὺς

2220 2888 2558 2957 ἐγγίζοντας.
2597 2889 2659 2939 Ei
2686 2887 2796 2957 γὰρ
2834 2887 2974 2940 ὅσαι
3009 2889 3357 2958 ἐπαγγελίαι
3393 2891 3539 2943 Θεοῦ
3560 2931 3574 2954 ,
3619 2891 3675 2941 ἐν
3704 2892 3799 2942 αὑ-

2219 2979 2299 3050 τῷ
2343 2979 2404 3032 τὸ
2433 2980 2524 3031 ναὶ
2547 3019 2562 3042 ,
2607 2980 2940 3048 ἐπαγγελίας
2973 2980 3029 3032 δὲ
3067 2981 3200 3034 Θεοῦ
3234 2977 3372 3034 οἶδεν
3400 2984 3428 3035 ὁ
3484 2982 3798 3046 Ἀπόστολος

2221 3071 2310 3124 διὰ
2341 3071 2434 3124 τοῦ
2460 3071 2627 3140 νόμου
2657 3071 2748 3123 καὶ
2778 3070 2884 3124 τῶν
2913 3071 3206 3142 προφητῶν
3226 3089 3239 3102 ·
3267 3073 3374 3144 ἄρα
3399 3090 3463 3141 γε
3495 3074 3552 3125 ἐν
3579 3073 3800 3145 Χριστῷ

2227 3162 2289 3214 τὸ
2320 3163 2409 3214 ναὶ
2438 3161 2546 3214 τῶν
2581 3159 2922 3228 ἐπαγγελιῶν
2949 3161 3043 3214 τοῦ
3075 3161 3438 3233 πληρώματος
3468 3163 3795 3218 ἑϐεϐαιοῦτο.

2229 3254 2342 3306 Οὐκ
2375 3253 2652 3324 ἀλλότριος
2685 3250 2776 3305 οὖν
2805 3254 2832 3304 ὁ
2858 3254 3094 3323 Χριστὸς
3131 3255 3224 3307 τοῦ
3256 3255 3485 3309 παλαιοῦ
3513 3257 3676 3327 νόμου
3706 3257 3800 3310 καὶ

2227 3345 2334 3396 τῶν
2368 3345 2689 3415 προφητῶν,
2717 3344 2836 3397 οὐδὲ
2873 3344 2969 3397 τοῦ
3005 3345 3138 3398 Θεοῦ
3161 3344 3254 3399 τοῦ
3287 3347 3618 3418 λαλήσαντος
3641 3352 3698 3402 ἐν
3722 3349 3801 3420 τῷ

2227 3436 2375 3505 νόμῳ
2395 3475 2408 3497 ,
2443 3437 2535 3488 καὶ
2563 3438 2618 3487 ἐν
2651 3435 2870 3504 Χριστῷ
2898 3435 2994 3498 τὰς
3025 3437 3193 3490 αὑτοῦ
3226 3439 3552 3506 ἐπαγγελίας
3590 3441 3799 3511 πεπλη-

2229 3525 2485 3595 ρωκότος.
2550 3524 2686 3576 Ἀλλ’
2733 3526 2851 3577 οὐδὲ
2905 3526 3180 3587 ἀντίθετος
3234 3528 3261 3578 ὁ
3298 3528 3532 3597 Χριστὸς
3577 3530 3656 3598 τῷ
3683 3530 3802 3601 Θεῷ

2223 3616 2303 3686 τῷ
2330 3617 2578 3669 δεδωκότι
2606 3618 2765 3687 νόμον
2791 3617 2884 3670 καὶ
2915 3619 3220 3688 προφήτας.
3253 3619 3351 3672 Διὰ
3382 3619 3490 3689 γὰρ
3523 3619 3584 3672 τὸ
3615 3623 3673 3672 ἐν
3701 3623 3801 3674 αὐ-

2223 3710 2302 3781 τῷ
2338 3710 2435 3772 τὰς
2462 3710 2891 3778 ἐπαγγελθείσας
2921 3711 3242 3780 ὑποσχέσεις
3279 3709 3486 3783 (εἶναι)
3531 3713 3800 3780 γίνεσθαι,

2222 3803 2310 3855 διά
2342 3801 2499 3854 τοῦτό
2524 3819 2682 3871 φησιο
2719 3800 2829 3854 Καὶ
2857 3800 2931 3853 δι’
2961 3801 3148 3854 αὐτοῦ
3195 3801 3261 3854 τὸ
3305 3800 3485 3869 Ἀμὴν
3521 3801 3600 3866 τῷ
3637 3802 3758 3867 Θεῷ
3785 3819 3798 3832 ·

2222 3895 2357 3946 Θεοῦ
2410 3894 2509 3964 μὲν
2557 3893 2767 3965 Πατρὺς
2801 3893 3272 3964 ἐπαγγειλαμένου
3299 3932 3314 3956 ,
3354 3893 3590 3964 Χριστοῦ
3619 3894 3674 3946 δὲ
3706 3892 3798 3946 τοῦ

2223 3985 2316 4036 καὶ
2351 3983 2712 4048 βεϐαιοῦντος,
2745 3984 2836 4035 καὶ
2870 3984 3076 4054 Κυρίου
3101 3983 3162 4036 τὸ
3208 3983 3378 4054 Ἀμὴν
3413 3984 3798 4054 περιποιουμέ-

2221 4093 2311 4128 νου
2337 4116 2350 4138 ,
2397 4076 2463 4128 δι’
2500 4075 2664 4128 αὑτοῦ
2718 4077 2774 4128 ἐν
2807 4079 2920 4138 τοῖς
2959 4075 3026 4128 δι’
3064 4075 3228 4128 αὑτοῦ
3278 4079 3343 4146 τῇ
3385 4076 3682 4146 ἐπαγγελίᾳ
3714 4077 3800 4146 βε-

2222 4168 2500 4220 ϐαιωθεῖσι
2551 4169 2644 4220 καὶ
2690 4168 3072 4236 ἐπιγνωσθεῖσι
3121 4169 3212 4221 τὸν
3254 4169 3473 4238 Πατέρα
3521 4167 3684 4223 αὑτοῦ
3740 4170 3798 4221 ἐν

2221 4259 2371 4329 νόμῳ
2397 4260 2752 4329 λελαληκότα,
2783 4260 2879 4313 καὶ
2925 4262 2982 4312 ἐν
3010 4260 3326 4329 Εὐαγγελίῳ
3358 4265 3469 4324 τοῖς
3508 4279 3797 4314 πεπιστευ-

2220 4352 2341 4404 κόσι
2369 4351 2742 4422 δεδωρημένον
2774 4351 2843 4404 τὰ
2882 4353 3125 4423 σωτήρια
3155 4351 3264 4406 τῶν
3302 4353 3566 4419 λεγόντων
3603 4352 3668 4427 διξ
3703 4352 3799 4404 αὺ-

2220 4443 2311 4496 τοῦ
2363 4444 2612 4512 λέγοντος
2640 4443 2877 4514 Χριστοῦ
2907 4459 2920 4472 ·
2967 4445 3078 4497 Ναὶ
3129 4447 3161 4498 ὀ
3210 4442 3438 4510 πατὴρ,
3480 4441 3570 4495 ὅτι
3613 4443 3799 4508 οὕτως

2223 4532 2457 4604 ἐγένετο
2485 4535 2522 4600 ἡ
2545 4532 2789 4587 εὐδοκία
2811 4533 3067 4586 ἐνώπιόν
3093 4551 3231 4587 σου.

2299 4623 2340 4693 β’
2376 4625 2468 4676 καὶ
2499 4622 2590 4676 κς’
2631 4623 2776 4692 σχόλ.
2821 4623 2905 4675 Οὐ
2940 4621 3053 4696 γὰρ
3101 4623 3348 4686 ἑαυτοὺς
3394 4623 3798 4690 κηρύσσομεν,

2224 4717 2386 4770 ἀλλὰ
2445 4714 2702 4782 Χριστὸν⁴
2768 4714 3002 4781 Ἰησοῦν
3036 4755 3051 4777 ,
3109 4715 3362 4780 ἑαυτοὺς
3415 4714 3483 4766 δὲ
3542 4714 3801 4777 δούλους

2223 4806 2391 4876 ὑμῶν
2415 4805 2514 4858 διὰ
2555 4805 2780 4873 Ἰησοῦ.
2824 4807 2946 4858 Ὅτι
2978 4806 3114 4872 Θεὸς
3163 4809 3195 4859 ὁ
3226 4805 3409 4859 εἰπὼν
3433 4807 3500 4859 ἐκ
3541 4807 3801 4868 σκότους

2225 4900 2351 4970 φῶς
2381 4901 2634 4967 λάμψαι.

2299 4993 2342 5062 β’
2368 4995 2461 5047 καὶ
2490 5002 2581 5059 κς⁹
2616 4997 2791 5063 ἕλεγχ.
2825 4997 2901 5046 Ou
2939 5007 3300 5061 κηρυσσουσιν
3332 4991 3556 5052 ἑαυτοὺς
3578 4991 3626 5042 οἱ
3663 4990 3800 5041 ἁπό-

2231 5083 2406 5136 στολοι
2432 5124 2446 5149 ,
2503 5085 2637 5138 ἀλλά
2685 5085 2916 5154 Χριστὸν
2955 5082 3158 5154 Ἰησοῦν
3200 5081 3420 5154 Κύριον.
3456 5081 3545 5134 Διὸ
3577 5082 3675 5133 οὐκ
3722 5079 3801 5131 ἔνι

2232 5175 2446 5246 αἵρεσις
2470 5215 2484 5239 ,
2539 5177 2660 5230 οὐδέ
2715 5176 3010 5245 Ἐκκλησία
3041 5176 3122 5236 είς
3158 5174 3326 5242 ὄνομα
3363 5172 3670 5226 ἀποστόλων
3709 5174 3802 5224 ἁν-

2228 5266 2598 5338 ηγορευμένη.
2627 5267 2892 5319 Οὐδέποτε
2922 5265 3029 5336 γὰρ
3051 5264 3362 5335 ἠκούσαμεν
3390 5264 3422 5333 ἢ
3453 5262 3731 5333 Πετρίους,
3765 5259 3799 5330 ἢ

2223 5357 2525 5421 Παυλίους,
2573 5358 2605 5428 ἢ
2660 5357 3096 5429 Βαρθολομαίους
3129 5397 3143 5420 ,
3197 5356 3231 5427 ἢ
3283 5355 3571 5415 Θαδδαίους
3603 5369 3617 5384 ο
3665 5351 3802 5425 φ.)ιά

2223 5452 2475 5523 ἀπαρχῆς
2506 5451 2564 5504 ἓν
2603 5453 2865 5523 κήρυγμα
2903 5452 3118 5505 πάντων
3151 5451 3260 5504 τῶν
3307 5449 3652 5515 ἀποστόλων,
3701 5449 3801 5500 οὐκ

2226 5545 2422 5606 αὐτοὺς
2449 5543 2741 5615 κηρύσσον,
2776 5543 2913 5595 ἀλλὰ
2937 5543 3168 5614 Χριστὸν
3209 5540 3415 5612 Ἰησοῦν
3448 5541 3669 5612 Κύριον.
3709 5538 3802 5590 Διὸ

2227 5636 2323 5688 καὶ
2348 5636 2518 5707 ὄνομα
2545 5637 2642 5708 τῆς
2680 5635 3005 5705 Ἑκκλησίας
3051 5636 3102 5688 οἱ
3144 5634 3342 5697 πάντες
3380 5634 3562 5687 ἔθεντο
3587 5633 3676 5698 ἒν,
3703 5631 3802 5702 οὐχ

627 5782 641 5813 ¹
674 5781 859 5840 Matth.
893 5801 1057 5852 xxvn,
1093 5787 1180 5853 5'2,
1214 5787 1299 5844 55.
1380 5791 1398 5822 '
1438 5789 1481 5843 ll
1509 5790 1636 5846 Cor.
1674 5807 1712 5858 ι,
1735 5790 1827 5846 ‘20.
1905 5791 1925 5824 ³
1963 5789 2118 5846 Matth

2222 5806 2235 5845 t
2288 5791 2377 5847 26.
2453 5791 2476 5825 ⁵
2511 5789 2555 5844 ll
2623 5791 2748 5845 Cor.
2788 5805 2868 5857 tu,
2903 5791 2954 5846 5.
3031 5791 3051 5822 ⁸
3091 5787 3151 5844 F.
3186 5787 3396 5859 μέλλον.
