4186 6374
372 386 474 444 80-!

1043 382 1416 441 ADVERSUS
1454 381 1796 438 HASRESES
1833 381 1964 436 LIB.
2003 378 2048 435 I.
2087 378 2253 433 TOM.
2285 377 2370 434 Ill.
2408 410 2475 420 —
2513 378 2788 434 ΗᾸΞΠΕΒ.
2829 377 2986 434 XLII.

3518 377 3624 435 80?.

372 507 622 568 ἑαυτῶν.
652 504 787 560 ἀλλά
834 503 930 557 τοῦ
980 503 1187 574 Κυρίου
1231 502 1408 556 αὐτῶν
1469 501 1642 571 Ἰησοῦ
1690 498 1947 569 Χριστοῦ.

2083 496 2307 550 ebrarct.
2343 493 2424 549 Ob
2457 495 2509 548 id
2545 493 2802 547 Ecclesia:
2845 507 3038 546 nomen
3088 508 3256 546 unum
3297 507 3486 548 omnes
3525 495 3628 548 im-

373 601 482 656 ἀπὸ
523 597 850 668 Ἀντιοχείας
903 594 1219 667 ἀρξαμένων
1253 593 1591 666 Χριστιανῶν
1635 590 1942 645 καλεῖσθαιο

373 691 510 758 ὅπερ
538 687 684 739 ἐστὶν
711 688 745 755 ἡ
777 685 910 756 μόνη
938 683 1200 754 καθολικὴ
1236 681 1529 751 Ἐκκλησία
1549 721 1563 743 ,
1601 682 1700 734 οὐκ
1742 680 1870 734 ἄλλο
1894 697 1947 732 τι

375 780 593 848 ἔχουσα,
630 778 765 830 ἀλλά
791 774 1057 848 Χριστοῦ,
1092 773 1432 844 Χριστιανῶν
1458 768 1590 846 οῦίσα
1631 771 1946 842 Ἐκκλησία,

383 871 445 924 οὐ
473 869 726 939 Χριστῶν
751 907 765 932 ,
825 866 962 920 ἀλλά
975 863 1314 934 Χριστιανῶν
1339 880 1354 896 ·
1384 862 1479 917 τοῦ
1513 864 1609 934 μὲν
1640 862 1756 925 ἐνὸς
1786 862 1953 932 ὑπάρο

378 978 586 1032 χοντος,
614 959 719 1011 τῶν
739 959 795 1010 δὲ
823 957 930 1010 ἀπὸ
955 954 1048 1009 τοῦ
1073 955 1191 1018 ἑνὸς
1217 954 1554 1025 Χριστιανῶν
1582 952 1949 1020 καλουμένων.

381 1053 537 1106 Μετά
568 1049 771 1119 ταύτην
805 1048 862 1100 δὲ
900 1047 1144 1109 καὶτοὺς
1171 1046 1338 1116 αὐτῆς
1371 1046 1620 1116 κήρυκας
1658 1045 1826 1096 πᾶσαι
1864 1042 1954 1095 οὐ-

383 1144 500 1197 κέτι
529 1141 621 1195 τοῦ
656 1139 820 1193 αὑτοῦ
857 1137 1201 1210 χαρακτῆρος
1226 1137 1546 1206 φαινόμεναι
1576 1134 1663 1187 διὰ
1693 1133 1800 1186 τῶν
1834 1135 1956 1185 ὲπι-

384 1235 554 1288 θέτων
593 1231 872 1303 ὀνομάτων
913 1230 1263 1300 Μανιχαίων,
1287 1223 1404 1281 ’καὶ
1445 1225 1828 1297 Σιμωνιανῶν,
1862 1223 1956 1278 καὶ

385 1324 748 1380 Οὐαλεντίνων
769 1365 782 1390 ,
819 1322 912 1376 ml.
962 1321 1288 1375 Έὸιωναίων
1309 1336 1323 1350 ο
1357 1313 1432 1372 ὧν
1460 1313 1540 1380 εἷς
1565 1317 1658 1371 καὶ
1683 1317 1768 1381 σὺ,
1799 1317 1958 1386 Μαρ-

386 1415 539 1478 κίων,
570 1412 853 1482 ὑπάρχεις.
886 1410 995 1464 Καί
1044 1427 1137 1462 σου
1169 1409 1230 1462 τὸ
1275 1409 1444 1478 ὄνομα
1495 1407 1878 1474 ἐπικέκληνται
1906 1406 1956 1456 οἱ

388 1505 494 1558 ὑπὸ
542 1503 634 1556 σοῦ
671 1500 1009 1573 ἠπατημένοι
1033 1540 1048 1564 ,
1077 1499 1152 1563 ὡς
1200 1498 1422 1552 σεαυτὸν
1457 1495 1824 1568 κηρύξαντος,
1868 1495 1960 1548 καὶ¹

388 1596 508 1666 οὐχὶ
541 1595 793 1666 Χριστόν.
828 1589 963 1645 Εἶτά
982 1609 1178 1661 φασιν,
1213 1591 1294 1644 ὅτι
1333 1591 1393 1650 Ὀ,
1428 1589 1571 1654 Θεὸς
1605 1590 1637 1640 ὀ
1673 1587 1857 1640 εἰπὼν
1893 1587 1960 1640 ἐκ

391 1689 650 1753 σκότους
683 1685 807 1755 φῶς
834 1685 1084 1754 λάμψαι.
1136 1684 1191 1736 '0
1217 1682 1348 1744 Θεὸς
1382 1681 1438 1734 δὲ
1481 1683 1630 1744 ποῖος
1667 1679 1778 1733 ἀλλ’
1822 1681 1850 1731 6
1883 1675 1963 1740 εἷς

392 1785 420 1835 6
459 1783 518 1833 ὲν
543 1778 620 1850 τῷ
648 1780 898 1851 προφήτῃ
927 1777 1108 1843 δείξας
1148 1777 1212 1829 ὲκ
1255 1775 1477 1836 σκότους
1518 1773 1661 1842 φῶς,
1689 1774 1962 1826 τουτέστιν

2054 593 2516 656 posuerunt,non
2556 600 2715 640 suum
2748 584 2953 653 utique,
2981 582 3075 637 sed
3097 583 3298 638 Christi
3319 583 3468 650 Jesu,
3499 600 3627 639 cum

2054 665 2357 734 Antiochiae
2395 679 2630 748 primum
2667 677 2928 747 appellari
2979 676 3274 731 Christiani
3324 689 3626 747 cmperunt.

2055 771 2211 837 Quod
2245 771 2460 840 quidem
2494 769 2665 825 solam
2693 769 2760 822 ad
2799 768 3121 822 catholicam
3168 767 3464 823 Eeclesiam
3496 784 3629 822 con-

2057 865 2204 918 venit
2231 904 2243 925 ,
2272 878 2391 932 qum
2423 862 2573 916 nullo
2598 862 2704 916 alio
2735 876 2897 930 quam
2923 860 3122 914 Christi
3157 861 3376 914 nomine
3405 859 3634 930 praedito

2057 956 2499 1010 Christianorum
2535 953 2809 1016 Ecclesia,
2838 967 2946 1004 non
2975 949 3321 1004 Cbristorum
3344 990 3358 1014 ,
3388 950 3590 1004 dicitur
3617 964 3631 1001 :

2060 1047 2194 1102 adeo
2240 1054 2300 1101 ut
2355 1062 2476 1100 cum
2516 1061 2657 1100 unus
2711 1045 2800 1100 ille
2838 1044 2940 1107 sit,
2991 1044 3175 1113 plures
3226 1052 3406 1096 tamen
3455 1043 3523 1095 ab
3571 1058 3637 1096 eo

2061 1135 2356 1190 Christiani
2407 1134 2777 1188 nominentbr.
2826 1133 2908 1186 Al;
2966 1132 3070 1186 hac
3113 1129 3355 1185 Ecclesia
3411 1130 3640 1201 ejusque

2060 1226 2404 1296 prmeonibus
2454 1225 2546 1279 ubi
2597 1223 2952 1286 discesseris,
3008 1223 3228 1291 reliquae
3264 1237 3455 1276 onmes
3495 1219 3641 1274 haud

2063 1317 2248 1372 eadem
2305 1324 2431 1368 nota
2486 1321 2772 1377 constant,
2822 1329 2943 1383 qum
2999 1314 3268 1381 adjunctis
3326 1313 3642 1366 nominibus

2066 1419 2228 1479 atque
2261 1406 2514 1476 epithetis
2553 1415 2851 1472 vocantur;
2897 1405 3316 1458 Manichaeorum
3356 1405 3641 1468 videlicet,

2069 1498 2508 1552 Simonianorum
2531 1539 2547 1563 ,
2583 1496 2994 1551 Valentinorum
3019 1536 3036 1562 ,
3067 1497 3444 1556 Ebionzeorum
3467 1535 3480 1558 ,
3518 1494 3646 1564 qui-

2067 1591 2170 1644 bus
2201 1599 2254 1643 et
2283 1598 2360 1654 tu,
2389 1589 2611 1654 Marcio,
2639 1589 3082 1643 annumeraudus
3117 1603 3177 1643 es
3207 1605 3219 1641 :
3257 1588 3415 1657 cujus
3447 1603 3646 1641 nomen

2070 1678 2379 1732 inscribunt
2407 1677 2441 1732 ii
2472 1678 2614 1739 sibi,
2645 1691 2784 1746 quos
2807 1686 2925 1729 tute
2956 1677 3009 1728 in
3036 1690 3276 1730 errorem
3318 1675 3596 1729 induxeris
3632 1693 3646 1728 :

2074 1778 2260 1840 utpote
2306 1769 2397 1840 qui
2449 1771 2722 1838 teipsum,
2764 1784 2873 1821 non
2927 1767 3204 1822 Christum
3251 1766 3647 1836 prwdicaveris.

395 1874 504 1926 ἀπὸ
532 1871 630 1940 τῆς
661 1870 769 1923 τῶν
796 1867 1098 1940 ἀνθρώπων
1134 1867 1390 1929 ἀπιστίας
1429 1868 1524 1919 καὶ
1546 1866 1818 1930 ἀγνωσίας
1847 1864 1963 1932 φῶς

2083 1862 2206 1915 Γιιιη
2236 1861 2450 1915 demum
2493 1861 2746 1930 inquiunt
2797 1878 2810 1914 :
2859 1859 2995 1913 Deus
3037 1860 3124 1926 qui
3170 1860 3302 1911 dixit
3335 1859 3397 1912 de
3431 1858 3652 1912 tenebris

396 1964 488 2018 καὶ
522 1962 720 2032 γνῶσιν
767 1963 826 2014 ὲν
869 1957 1088 2034 Χριστῷ
1117 1958 1336 2028 λᾶμψαν
1373 1959 1388 1990 ⁸
1439 1959 1498 2010 ὲν
1554 1959 1675 2021 ταῖς
1719 1957 1970 2026 καρδίαις

401 2054 558 2128 ἡμῶν
604 2053 712 2106 τῶν
759 2069 888 2104 ποτε
935 2050 1103 2104 ἐθνῶν
1156 2047 1711 2120 εἰδωλολατρούντων,
1766 2045 1867 2099 νῦν
1913 2046 1972 2098 δὲ

401 2145 533 2198 Θεὸν
569 2143 659 2196 τὸν
695 2142 816 2194 τότε
845 2142 903 2194 ὲν
939 2139 1015 2210 τῷ
1041 2140 1292 2211 προφήτῃ
1318 2137 1890 2210 προεπαγγειλάμενον
1912 2136 1974 2189 τὸ

399 2238 515 2308 φῶς
543 2235 735 2289 ἑαυτοῦ
770 2235 827 2286 ὲν
859 2233 938 2303 τῷ
964 2232 1151 2303 κόσμῳ
1181 2232 1392 2301 λάμψαι
1419 2247 1433 2296 ;
1463 2231 1538 2293 ὡς
1567 2231 1668 2284 οὐκ
1690 2229 1970 2297 ἀλλοτρίου

399 2329 547 2391 ὄντος
579 2326 822 2388 Παλαιᾶς
873 2324 968 2377 καὶ
1001 2323 1212 2390 Καινῆς
1233 2321 1533 2390 Διαθήκης,
1565 2320 1640 2383 ὡς
1694 2321 1823 2389 ἡμῖν
1851 2317 1972 2380 ἔθος

399 2422 591 2490 γέγονε
622 2417 833 2471 πείθειν
855 2433 935 2481 σε,
961 2409 1006 2468 ὧ
1033 2413 1316 2486 Μαρκίων,
1348 2414 1440 2482 ἀφ’
1463 2407 1538 2465 ὧν
1566 2411 1710 2482 ἔχεις
1729 2427 1976 2482 γεγραμ-

405 2512 581 2582 μένων
615 2509 882 2579 λειψάνων
929 2505 1024 2560 τοῦ
1072 2504 1403 2574 Εὐαγγελίου
1428 2542 1442 2568 ,
1473 2504 1566 2557 καὶ
1616 2501 1690 2574 μὴ
1725 2502 1830 2554 ὑπὸ
1880 2501 1974 2555 σοῦ

400 2599 735 2654 ἀπατᾶσθαι.

2074 1952 2428 2023 splendescere
2448 1952 2634 2006 lucem.
2669 1954 2803 2018 Quis
2825 1953 2912 2006 hic
2942 1952 3086 2007 Deus
3113 1961 3195 2007 est
3249 1952 3356 2006 nisi
3390 1968 3533 2006 unus
3565 1952 3656 2005 ille

2075 2046 2168 2116 qui
2194 2045 2335 2114 apud
2371 2044 2664 2114 prephctas
2692 2059 2722 2098 e
2753 2045 2992 2099 tenebris
3027 2045 3210 2100 lumen
3246 2042 3524 2099 ostendit?
3550 2043 3655 2098 hoc

2077 2146 2158 2192 est
2190 2153 2253 2191 ex
2288 2135 2574 2190 hominum
2624 2135 2946 2190 inﬁdelitate
2976 2146 3031 2192 et
3072 2137 3289 2192 inscitia
3311 2177 3326 2200 ,
3364 2152 3462 2206 per
3498 2135 3659 2190 Chri-

2079 2236 2222 2284 stum
2257 2228 2431 2282 lucem
2464 2242 2528 2280 ac
2566 2228 2850 2282 scientiam
2886 2228 2941 2282 in
2987 2227 3244 2282 cordibus
3278 2227 3482 2281 nostris
3511 2225 3660 2280 exci-

2079 2319 2228 2373 tavit.
2254 2318 2355 2385 Qui
2393 2334 2515 2372 cum
2537 2319 2663 2372 olim
2687 2320 2827 2374 inter
2845 2328 3031 2390 gentes
3049 2334 3462 2375 numeraremur
3491 2318 3660 2373 simu-

2080 2411 2248 2465 lacris
2272 2411 2552 2478 addietas,
2603 2412 2770 2468 Deum
2805 2413 2954 2466 illum
2987 2413 3150 2466 modo
3180 2425 3529 2474 veneramur,
3567 2411 3659 2479 qui

2082 2517 2180 2572 per
2209 2504 2525 2573 prophetam
2564 2505 2740 2559 lucem
2770 2519 2924 2559 suam
2963 2504 3238 2558 illaturum
3288 2519 3410 2558 sese
3458 2501 3663 2555 mundo

2085 2596 2432 2665 promiserat,
2461 2604 2522 2651 ut
2556 2598 2828 2668 intelligas
2868 2597 3118 2652 eumdem
3169 2613 3346 2666 neque
3375 2611 3404 2650 a
3444 2595 3665 2677 Veteri,

404 2706 580 2762 neque
604 2705 636 2744 a
661 2688 810 2743 Novo
840 2687 1190 2743 Testamento
1220 2683 1485 2740 dissidere
1515 2703 1528 2738 :
1559 2683 1612 2738 id
1634 2681 1781 2754 quod
1811 2682 1978 2738 certis
2019 2684 2118 2739 tibi
2158 2686 2464 2741 rationibus
2507 2687 2739 2742 suadere
2759 2730 2773 2752 ,
2801 2687 3002 2742 Marcio
3024 2729 3038 2751 ,
3086 2692 3325 2742 solemus
3345 2731 3360 2752 ,
3421 2703 3487 2742 ex
3558 2686 3665 2740 illis

405 2789 542 2859 ipsis
572 2783 846 2856 Evangelii
871 2781 1154 2854 reliquiis,
1187 2796 1308 2852 quae
1333 2780 1476 2850 apud
1505 2790 1560 2836 te
1605 2781 1821 2851 scriptae
1849 2781 2202 2853 reperiuntur
2230 2821 2246 2847 ,
2283 2799 2462 2853 neque
2507 2784 2702 2840 fraude
2771 2794 2866 2839 tua
2928 2802 3028 2841 nos
3087 2785 3473 2840 ('il'ClItllYCnil‘i
3524 2785 3666 2854 pati-

405 2899 548 2940 mur.

476 2979 525 3042 γ’
552 2972 645 3025 καὶ
671 2971 751 3035 κζ’
779 2969 924 3041 σχόλ.
951 2971 1231 3038 Ἔχοντες
1255 2967 1325 3022 δὲ
1347 2968 1412 3022 τὸ
1436 2967 1580 3024 αὐτὸ
1612 2969 1848 3040 πνεῦμα
1871 2968 1984 3038 τῆς

409 3067 666 3128 πίστεως
700 3061 798 3115 καὶ
845 3062 1016 3130 ἡμεῖς
1049 3062 1409 3130 πιστεύομεν
1435 3077 1450 3092 ο
1505 3060 1597 3114 διὸ
1633 3061 1730 3114 καὶ
1761 3063 1984 3116 λαλοῦ-

402 3174 539 3228 μεν.
588 3153 838 3223 Ἐξέκοψε
872 3153 1033 3215 δὲτὸ,
1071 3153 1220 3206 κατὰ
1244 3152 1310 3206 τὸ
1339 3151 1764 3222 γεγραμμένον.

479 3255 527 3315 γ’
556 3247 649 3300 καὶ
683 3244 764 3308 κζ’
797 3244 974 3314 ἕλεγχ.
1010 3243 1084 3296 Οὐ
1122 3241 1402 3312 δοθήσεταί
1433 3259 1514 3295 σοι
1536 3244 1695 3306 τόπος
1717 3245 1773 3296 ὲν
1807 3239 1886 3306 οἷς
1916 3242 1981 3295 ἂν

409 3341 753 3411 τολμήσειας.
786 3339 902 3392 Κάν
945 3352 1007 3389 τε
1052 3336 1161 3406 γὰρ
1191 3336 1428 3405 ἐκκόψῃς
1453 3335 1513 3388 τὸ
1533 3377 1548 3400 ,
1595 3337 1746 3389 κατὰ
1789 3335 1854 3388 τό
1887 3352 1983 3405 γε-

411 3429 767 3502 γραμμένον,
797 3428 1047 3498 φαίνεται
1081 3429 1115 3498 ἡ
1142 3427 1241 3497 τῆς
1269 3428 1766 3499 προγεγραμμένης
1789 3427 1985 3493 λέξεως

411 3520 719 3578 ἀκολουθία.
769 3519 901 3572 Ἀπὸ
953 3518 1047 3571 τοῦ
1096 3518 1244 3587 γὰρ,
1311 3519 1673 3571 Ἐπίστευσα
1702 3558 1716 3581 ,
1751 3518 1841 3571 διὸ
1889 3519 1986 3570 καὶ

411 3613 726 3679 ἐλάλησα,
769 3610 928 3672 εὐθὺς
973 3608 1043 3661 τὰ
1097 3607 1186 3660 ἶσα
1229 3607 1532 3675 ἐπενέγκας
1582 3610 1610 3660 6
1669 3608 1987 3671 Ἀπόστολος

415 3705 518 3775 ἔφη
539 3723 550 3734 ·
588 3705 867 3770 Ἔχοντες
895 3701 961 3753 τὸ
990 3700 1136 3753 αύτό
1189 3699 1425 3768 πνεῦμα
1457 3698 1568 3765 τῆς
1599 3702 1857 3764 πίστεως
1890 3699 1986 3754 καὶ

414 3795 586 3864 ἡμεῖς
622 3795 1014 3862 πιστεύομεν,
1060 3791 1153 3844 διὸ
1197 3791 1299 3844 καὶ
1354 3792 1681 3860 λαλοῦμεν.
1729 3792 1898 3842 Παντὶ
1931 3790 1988 3842 δέ

415 3902 493 3953 τῳ
527 3883 695 3951 σαφές
727 3884 842 3935 ἐστι
870 3881 1048 3942 τοῦτο,
1082 3881 1164 3934 ὅτι
1200 3881 1259 3933 ὲν
1287 3879 1366 3950 τῷ
1399 3880 1673 3950 ἑκατοστῷ
1706 3897 1990 3934 πεντεκαι-

417 3974 626 4044 δεκάτῳ
654 3971 853 4042 ψαλμῷ
901 3975 958 4024 ἐν
1005 3970 1084 4041 τῷ
1130 3972 1229 4042 τὴν
1285 3970 1593 4041 ἐπιγραφὴν
1639 3971 1990 4037 Ἀλληλούϊα

420 4066 615 4136 ἔχοντι,
651 4065 748 4134 τῆς
790 4064 846 4116 δὲ
873 4062 965 4115 τοῦ
1001 4061 1165 4114 Δαὸὶδ
1199 4061 1382 4131 βίϐλου
1411 4060 1543 4125 δντι,
1581 4063 1672 4113 καὶ
1706 4063 1798 4114 ὑπ’
1827 4059 1990 4113 αὑτοῦ

421 4154 941 4229 προπεφητευμένῳ,
976 4156 1004 4206 6
1030 4152 1187 4222 λόγος
1229 4151 1344 4214 τοῦ,
1363 4152 1734 4204 Ἐπίστευσα
1765 4151 1882 4204 ἐστὶ
1904 4167 1990 4218 γε·

421 4247 759 4321 γραμμένος.
792 4245 952 4298 Ὅθεν
981 4246 1077 4298 καὶ
1104 4245 1132 4297 ὁ
1172 4244 1493 4306 Ἀπόστολος
1528 4241 1687 4295 ἔλαϐε
1715 4243 1776 4294 τὸ
1808 4242 1991 4312 ῥητὸν,

422 4339 517 4394 καὶ
541 4338 738 4408 ὁμοίως
767 4337 869 4408 ἔφη
901 4337 992 4400 τὸ,
1022 4335 1120 4389 Διὸ
1165 4336 1531 4404 πιστεύομεν
1563 4337 1660 4387 καὶ
1690 4333 1860 4402 ἡμεῖς
1895 4335 1991 4387 καὶ

420 4431 749 4500 λαλοῦμεν,
773 4424 852 4492 εἷς
878 4427 952 4482 ῶν
975 4426 1067 4482 τοῦ
1093 4426 1325 4499 ἀριθμοῦ
1350 4427 1457 4479 τῶν
1478 4426 1806 4480 ἀποστόλων.
1833 4425 1994 4478 Ὅθεν

2161 2964 2346 3028 Schol.
2375 2973 2410 3027 5
2439 2981 2492 3026 et
2521 2970 2609 3023 27.
2643 2968 2905 3023 [labentes
2948 2979 3123 3022 autem
3159 2986 3395 3024 eumaem
3423 2973 3666 3041 spiritum

2095 3063 2216 3132 ﬁdei
2267 3071 2318 3116 et
2354 3079 2448 3115 nos
2491 3059 2786 3122 credimus,
2831 3071 3041 3128 propter
3064 3061 3203 3130 quod
3238 3075 3284 3115 et
3325 3063 3587 3132 loquimur
3621 3066 3666 3119 '.

2011 3189 2052 3243 ο
2091 3153 2193 3208 Ubi
2223 3169 2383 3208 voces
2413 3155 2535 3206 illas
2559 3152 2804 3216 sustulit,
2852 3153 2990 3205 sicut
3019 3156 3275 3220 scriptum
3299 3165 3399 3208 est.

2157 3245 2341 3300 Refut.
2378 3246 2411 3298 3
2451 3253 2502 3299 et
2537 3244 2628 3300 2⁸7.
2655 3243 2994 3312 Quocunque
3035 3244 3319 3298 audaciam
3364 3256 3512 3299 tuam
3539 3260 3671 3301 con-

2087 3339 2337 3400 verteris,
2393 3337 2601 3390 nullum
2644 3351 2752 3405 quo
2807 3344 2856 3388 te
2897 3335 3104 3390 inseras
3154 3337 3360 3390 aditum
3403 3338 3668 3394 invenies.

2090 3431 2217 3485 Sive
2261 3430 2404 3483 enim
2453 3429 2544 3482 illa
2598 3429 2794 3493 verba,
2829 3428 2963 3480 sicut
3001 3429 3256 3496 scriptum
3297 3438 3406 3495 est,
3452 3431 3668 3494 deleas,

2089 3519 2526 3575 antecedentium
2577 3521 2868 3572 verborum
2913 3516 3028 3586 ipsa
3065 3518 3236 3573 series
3265 3529 3507 3588 apparet.
3543 3518 3674 3575 Post

2088 3613 2203 3667 haec
2224 3612 2365 3666 enim
2398 3611 2562 3665 verba
2596 3629 2609 3665 :
2641 3609 2874 3676 Credidi,
2896 3619 3108 3680 propter
3128 3613 3266 3681 quod
3293 3612 3496 3665 locutus
3523 3629 3671 3678 sum,

2090 3704 2320 3760 subinde
2346 3703 2576 3772 aequalia
2609 3703 2946 3773 subjungens
2971 3707 3045 3756 ait
3074 3703 3371 3774 Apostolus
3403 3721 3416 3758 :
3455 3703 3672 3758 Haben-

2091 3805 2165 3847 tes
2196 3793 2432 3846 eumdem
2473 3791 2716 3861 spiritum
2757 3791 2884 3860 ﬁdei
2913 3800 2963 3844 et
2998 3808 3090 3844 nos
3128 3792 3422 3857 credimus,
3464 3801 3677 3859 propter

2089 3886 2226 3955 quod
2261 3886 2542 3953 loquimur.
2588 3883 2758 3936 Nemo
2791 3891 2969 3937 autem
2994 3883 3123 3937 illud
3158 3884 3422 3951 ignorate
3464 3883 3676 3952 psalmo

2091 3993 2215 4039 cxv,
2240 3977 2326 4031 cui
2359 3977 2680 4044 inscriptum
2714 3981 2798 4028 est
2829 3973 3091 4040 Alleluia,
3125 3977 3327 4044 quique
3364 3977 3418 4028 in
3453 3974 3674 4029 Davidis

2093 4067 2232 4122 libro
2279 4067 2496 4137 legitur,
2521 4072 2574 4119 et
2615 4065 2754 4118 inter
2783 4064 2903 4133 ejus
2932 4066 3153 4118 oracula
3187 4076 3478 4128 censetur,
3510 4065 3674 4119 verba

2094 4158 2184 4211 illa
2214 4173 2335 4212 esse
2377 4158 2726 4226 deprompta,
2759 4155 2996 4220 Credidi,
3028 4165 3134 4210 etc.
3163 4157 3318 4214 Unde
3344 4167 3398 4212 et
3439 4158 3674 4228 Aposto-

2093 4250 2179 4304 lus
2210 4249 2475 4318 ejusmodi
2510 4248 2835 4302 seutentiam
2861 4249 3141 4302 transtulit
3165 4289 3180 4311 ,
3211 4263 3275 4302 ac
3306 4249 3556 4304 similiter
3578 4265 3677 4304 ex-

2093 4343 2292 4412 pressit
2326 4359 2339 4395 :
2376 4341 2598 4410 Propter
2623 4343 2760 4412 quod
2794 4341 3054 4395 credimus
3099 4349 3147 4394 et
3193 4340 3357 4410 368
3396 4357 3488 4394 nos
3520 4350 3568 4394 et
3598 4342 3679 4395 lo-

2095 4432 2305 4500 quimur
2337 4444 2356 4482 .'
2389 4431 2480 4485 ille
2523 4431 2746 4501 inquam
2795 4429 3030 4494 Paulus,
3060 4431 3150 4500 qui
3194 4446 3260 4483 ex
3303 4430 3674 4499 apostolorum

422 4525 484 4578 τοὺ
511 4524 659 4591 λέγει
688 4537 704 4554 ·
735 4520 824 4573 Διὸ
873 4520 967 4574 καὶ
1019 4521 1336 4583 ἐπίστευσα,
1395 4517 1490 4572 καὶ⁸
1539 4517 1798 4588 ἐλάλησα·
1829 4516 1977 4582 ἀλλὰ,

2099 4539 2326 4576 numero
2374 4539 2517 4578 unus
2551 4523 2777 4577 exstitit.
2833 4522 3037 4578 Idcirco
3083 4538 3192 4577 non
3228 4522 3366 4577 dixit
3401 4543 3414 4576 :
3450 4521 3678 4591 Propter

437 4612 633 4682 Ἡμεῖς
659 4612 1041 4679 πιστεύομεν,
1075 4609 1168 4663 διὸ
1197 4609 1295 4663 καὶ
1328 4608 1654 4678 λαλοῦμεν,
1691 4608 1779 4661 ἵνα
1806 4607 1996 4660 ἑαυτὸν

430 4704 568 4776 μετὰ
611 4705 720 4756 τῶν
768 4703 944 4756 ἄλλων
995 4701 1309 4755 ἀποστόλων
1363 4701 1596 4772 συνάψῃ.
1643 4700 1751 4754 Καί
1793 4716 1992 4770 φησιν’

429 4798 716 4866 Ἔχοντες
759 4793 828 4847 δὲ
859 4793 925 4847 τὸ
955 4793 1099 4847 αὐτὸ
1132 4792 1396 4861 πνεῦμα·
1439 4793 1525 4844 ἵνα
1554 4792 1703 4864 δείξῃ
1746 4792 1806 4845 τὸ
1834 4792 1891 4843 ἐν
1917 4789 1996 4860 τῷ

426 4888 591 4942 Δαϐὶδ
611 4887 846 4958 λαλῆσαν
863 4885 1085 4959 Πνεῦμα
1108 4885 1171 4938 τὸ
1201 4885 1328 4939 αὐτὸ
1348 4883 1406 4938 ὃν
1432 4885 1653 4956 Πνεῦμα
1677 4885 1770 4938 καὶ
1799 4885 1855 4935 έν
1884 4885 1997 4946 τοῖς

427 4980 741 5042 ἀποστόλοις
770 5019 785 5045 ,
841 4979 932 5047 ἀφ’
983 4973 1154 5048 οὗπερ
1207 4977 1328 5030 τότε
1378 4977 1586 5039 ἐκεῖνος
1642 4975 1998 5047 προφητεύων

428 5072 743 5125 ἐπίστευεν⁸
793 5072 850 5123 ὲν
902 5063 947 5138 ᾧ
1008 5069 1286 5139 Πνεῦματι
1343 5069 1440 5122 καὶ
1493 5068 1645 5122 αὐτοὶ
1696 5069 1847 5131 ὄντες
1905 5086 1999 5121 πι-

432 5160 677 5214 στεύουσι
703 5160 796 5213 καὶ
839 5159 1077 5213 λαλοῦσι.
1122 5158 1297 5230 Πολλὴ
1333 5158 1391 5210 δὲ
1417 5158 1600 5211 ἀδικία
1652 5159 1747 5211 καὶ
1807 5159 2000 5212 πλεον-

430 5251 569 5316 εξία,
599 5251 673 5314 ὼς
705 5253 898 5314 εἰπεῖν,
929 5250 1016 5303 διά
1040 5249 1326 5320 νοημάτων
1341 5251 1382 5301 ³.
1413 5249 1515 5301 Τοῦ
1537 5249 1644 5320 γὰρ
1673 5249 1998 5303 Ἀποστόλου

431 5341 487 5393 ἓν
520 5341 614 5394 καὶ
639 5341 700 5392 τὸ
733 5339 863 5392 αὐτὸ
891 5339 1113 5409 Πνεῦμα
1139 5339 1438 5408 φάσκοντος
1457 5377 1470 5401 ,
1507 5339 1624 5402 πῶς
1653 5341 1687 5409 η
1724 5339 1816 5391 τοῦ
1845 5341 2003 5410 Μαρ-

431 5431 625 5493 κίωνος
655 5430 828 5493 ἄνοια,
848 5429 1182 5501 ὁμολογοῦσα
1210 5429 1396 5483 τοῦτον
1420 5431 1509 5482 τὸν
1536 5429 1692 5497 λόγον
1723 5430 1814 5482 τὸν
1846 5429 2000 5496 ἆγιον

442 5511 760 5574 Ἀπόστολον
791 5520 1067 5592 εἰρηκέναι
1093 5559 1107 5584 ,
1136 5520 1309 5591 τολμᾷ
1346 5520 1523 5588 λέγειν
1552 5519 1679 5574 ἄλλο
1713 5516 1851 5574 εἶναι
1881 5520 2000 5572 τότε

428 5611 490 5667 τὸ
527 5610 767 5682 Πνεῦμα,
794 5611 888 5678 καὶ
921 5611 1048 5666 ἀλλο
1070 5612 1130 5666 τὸ
1155 5615 1213 5666 ὲν
1238 5615 1349 5678 τοῖς
1378 5613 1693 5676 ἀποστόλοις
1709 5616 1739 5679 ;'-

2101 4617 2244 4686 quod
2276 4625 2327 4670 et
2357 4616 2586 4680 credidi,
2616 4625 2668 4668 ct
2702 4616 2918 4671 locutus
2953 4631 3094 4679 sum,
3129 4615 3220 4670 sed
3242 4655 3258 4680 ,
3279 4615 3388 4668 Nos
3421 4614 3676 4667 credimus

2098 4716 2308 4776 propter
2336 4707 2475 4777 quod
2515 4717 2562 4760 et
2607 4707 2889 4774 loquimur,
2931 4715 2989 4760 ut
3022 4722 3082 4762 se
3125 4722 3248 4760 cum
3289 4706 3512 4776 reliquis
3549 4720 3680 4774 apo.

2103 4801 2257 4854 stolis
2311 4799 2685 4868 conjungeret.
2733 4800 2913 4864 Quare
2962 4799 3035 4852 ita
3097 4798 3349 4868 scripsit,
3419 4797 3678 4851 Habentes

2103 4889 2340 4943 eumdem
2383 4889 2662 4958 spiritum,
2712 4897 2771 4942 ut
2818 4889 3126 4943 ostenderet
3152 4890 3302 4942 illum
3345 4889 3552 4958 ipsum,
3587 4890 3679 4957 qui

2106 4993 2204 5048 per
2257 4977 2516 5033 Davidem
2570 4979 2928 5048 loquebatur,
2977 4994 3075 5047 per
3130 4980 3406 5049 apostolos
3462 4993 3681 5048 quoque

2111 5067 2375 5138 Spiritum
2394 5083 2516 5124 esse
2537 5069 2778 5122 locutum
2806 5087 2819 5123 :
2850 5069 3008 5137 cujus
3031 5069 3119 5123 ille
3141 5070 3414 5138 quondam
3441 5069 3679 5138 impulsu

2109 5161 2412 5216 vaticinans
2442 5160 2699 5223 credidit,
2732 5171 2786 5215 et
2835 5162 2902 5215 ad
2937 5162 3187 5216 eumdem
3220 5163 3556 5231 pertinentes
3588 5162 3679 5218 isti

2109 5253 2272 5307 modo
2310 5252 2541 5306 credunt
2571 5260 2626 5307 et
2655 5253 2974 5319 loquuntur.
2997 5251 3261 5307 Versatur
3286 5260 3464 5307 autem
3492 5253 3549 5307 in
3577 5253 3684 5308 hoc

2106 5343 2230 5398 loco
2286 5343 2621 5414 intelligendi
2669 5359 2735 5398 ae
2772 5344 3087 5413 disputandi
3137 5359 3390 5413 perversa
3433 5345 3682 5414 quadam

2109 5449 2174 5488 ac
2223 5434 2432 5490 fraudis
2478 5435 2636 5504 plena
2669 5436 2828 5489 ratio.
2867 5435 2999 5488 Nam
3025 5452 3148 5490 cum
3189 5435 3480 5505 Apostolus
3513 5451 3678 5488 unum

2109 5526 2469 5594 eumdemque
2521 5524 2784 5595 Spiritum
2845 5540 2969 5581 esse
3024 5525 3275 5591 deliniat,
3330 5542 3436 5596 qua
3504 5524 3684 5579 fronte

2107 5632 2299 5674 vecors
2332 5617 2421 5674 ille
2462 5617 2706 5686 Marcio,
2753 5617 2848 5691 qui
2893 5619 3042 5674 illam
3082 5632 3396 5690 germanam
3434 5617 3681 5690 Apostoli

506 5771 520 5801 ¹
555 5768 616 5825 F.
651 5769 888 5844 λάμψας,
930 5770 1026 5828 sed
1065 5771 1221 5830 deest
1243 5771 1470 5845 aliquid.
1550 5775 1571 5806 ³
1609 5770 1672 5828 F.
1699 5771 2100 5845 διανοημάτων.
