4186 6374
477 325 582 382 εοδ

1884 328 1944 381 S.
1985 322 2328 382 EPIPHANII

3640 330 3744 388 804

479 441 781 498 orationem
811 457 933 498 esse
960 448 1152 514 negat,
1180 442 1345 497 alium
1379 449 1509 497 tunc
1539 441 2080 512 Spiritum-fuisse,
2153 459 2319 514 quam
2370 456 2461 512 qur
2497 441 2759 511 apostolis
2810 439 3069 513 deinceps
3117 443 3389 512 adfuerit,
3444 463 3614 506 ausus
3659 459 3748 506 est

481 538 725 610 proﬁteri
741 538 764 592 ?

663 656 905 726 Epistula
929 657 997 709 ad
1025 655 1306 720 Romanos,
1330 672 1446 726 quae
1473 666 1549 710 est
1579 657 1758 710 ordine
1789 655 1892 710 IV.

551 766 667 822 Hoc
696 769 838 822 enim
869 767 1060 821 ordine
1088 783 1118 820 a
1159 766 1432 822 Marcione
1480 768 1701 837 ponitur
1747 785 1758 820 :
1803 783 1872 822 ne
1935 765 2068 836 quid

482 867 688 915 rectum
718 860 858 929 apud
892 860 1040 912 illum
1071 875 1133 913 ac
1169 874 1484 928 germanum
1518 861 1848 928 reperiatur.

554 951 738 1005 Schol.
775 951 798 1002 1
836 960 888 1003 et
919 950 1010 1004 28.
1053 949 1361 1019 Quicunque
1399 951 1510 1002 sine
1547 951 1653 1020 lege
1694 957 2064 1018 peccaverunt,

481 1043 592 1095 Siue
624 1041 730 1110 lege
759 1050 807 1093 et
849 1040 1112 1106 peribunt.
1154 1039 1220 1091 Et
1255 1039 1548 1108 quicunque
1591 1041 1646 1092 in
1683 1040 1792 1108 lege
1827 1054 2068 1106 peccave-

482 1143 624 1196 runt,
642 1148 731 1201 per
751 1132 910 1201 legem
929 1128 1462 1199 judicabuntur.i\’0n
1483 1131 1618 1183 enim
1649 1130 1916 1183 auditores
1942 1131 2066 1200 legis

482 1226 612 1290 iusti
640 1224 778 1295 apud
813 1224 1011 1288 Deum,
1041 1222 1130 1276 sed
1163 1224 1382 1293 factores
1411 1223 1535 1290 tegis
1557 1221 1993 1290 justiﬁcabunlur
2023 1223 2063 1277 ¹.

553 1422 782 1478 Βοίιιι.1
812 1430 864 1476 et
895 1422 983 1475 28.
1012 1421 1066 1475 Si
1093 1421 1404 1490 quicunque
1433 1420 1554 1475 sine
1591 1420 1706 1481 lege
1737 1427 2062 1490 peccarunt,

483 1516 602 1572 sine
635 1517 748 1585 lege
781 1515 1006 1585 perituri
1042 1521 1190 1575 sunt,
1213 1513 1458 1583 profecto
1491 1513 1574 1566 lex
1615 1515 1844 1566 salutem
1873 1514 2064 1566 obser-

483 1614 607 1661 vata
639 1606 913 1667 conciliat.
939 1621 1039 1659 nec
1063 1621 1159 1659 eos
1194 1605 1285 1673 qui
1320 1613 1539 1658 servant
1572 1603 1750 1672 perire
1780 1604 2060 1672 permittit.

484 1700 616 1754 item
655 1698 700 1753 si
733 1699 825 1766 qui
860 1698 912 1751 in
947 1698 1062 1766 lege
1090 1702 1421 1766 peecarunt,
1456 1710 1551 1764 per
1583 1696 1751 1765 legem
1779 1694 2063 1764 judicandi

482 1800 637 1855 sunt,
687 1789 854 1859 judex
891 1790 1052 1858 igitur
1103 1788 1598 1858 trausgressionum
1653 1788 1735 1841 lex
1790 1799 1909 1852 est,
1944 1801 2066 1856 quae

483 1898 594 1938 non
631 1882 907 1936 interitqu
945 1879 1097 1933 all‘ert
1135 1895 1201 1934 ex
1251 1895 1404 1944 sese,
1457 1879 1548 1932 sed
1591 1878 1887 1948 legitimum
1919 1877 2065 1946 judi-

481 1974 626 2028 cium
655 1979 905 2034 exercet,
938 1971 1112 2040 deque
1148 1971 1213 2024 iis
1246 1972 1337 2039 qui
1391 1969 1646 2023 mandata
1700 1969 2064 2038 violarintju-

482 2071 624 2121 stam
662 2063 1024 2133 cognitionem
1055 2061 1310 2116 instituit.
1360 2058 1482 2112 Non
1525 2061 1665 2113 enim
1695 2060 1962 2112 auditores
1991 2059 2067 2112 le-

483 2159 562 2229 gis
583 2156 718 2226 justi
750 2152 888 2224 apud
921 2152 1118 2215 Deum,
1147 2151 1237 2205 sed
1271 2154 1498 2220 [actores
1528 2151 1653 2221 legis
1690 2151 2065 2221 justi/imbuu-

485 2257 590 2302 tur.
628 2247 746 2301 lam
782 2259 910 2300 vero
961 2259 1086 2298 cum
1151 2244 1234 2298 lex
1295 2243 1455 2298 factis
1506 2245 1748 2313 praestita
1806 2242 2066 2298 factorem

483 2341 660 2410 ipsum
690 2337 984 2407 justilicet,
1018 2351 1126 2390 non
1157 2335 1358 2404 injusta
1379 2375 1394 2396 ,
1427 2350 1604 2404 neque
1629 2333 1943 2404 paenitenda
1982 2334 2068 2386 lex

483 2429 609 2496 erit,
641 2436 862 2499 propter
885 2444 1048 2498 quam
1094 2428 1226 2496 justi
1262 2426 1438 2490 ﬁunt,
1469 2428 1559 2498 qui
1590 2426 1639 2481 ei
1666 2427 2066 2496 obtemperant.

483 2524 754 2580 Caeterum
784 2520 851 2574 ad
883 2523 1051 2592 legem
1086 2521 1283 2575 attinet
1309 2520 1442 2575 ﬁdes
1486 2520 1648 2574 etiam
1679 2521 1748 2574 in
1791 2516 2068 2573 Christum

487 2617 543 2672 in
577 2613 764 2672 eadem
814 2614 930 2685 lege
960 2613 1220 2683 praedicta
1243 2654 1258 2678 ,
1291 2613 1411 2666 sine
1449 2627 1559 2682 quo
1587 2610 1881 2680 justiﬁcari
1910 2623 2069 2664 nemo

488 2715 692 2780 potest;
727 2716 780 2762 et
813 2707 863 2760 ei
893 2707 1116 2774 insuper
1139 2704 1456 2775 quicunque
1506 2703 1831 2766 crediderit,
1863 2703 2071 2772 absque

487 2801 622 2872 legis
683 2798 776 2854 illo
826 2797 1139 2853 testimonio
1181 2795 1478 2865 justiﬁcari
1531 2795 1750 2865 nequit;
1809 2795 2069 2865 quoniam

487 2895 739 2952 Christus
769 2892 903 2962 legis
937 2891 1393 2960 complementum
1421 2895 1505 2943 est
1524 2927 1538 2952 ,
1572 2894 1632 2941 ut
1662 2887 1958 2956 Apostolus
1985 2886 2071 2942 bis

489 2987 672 3044 verbis
691 2985 931 3041 declarat
959 3001 974 3038 :
999 2981 1282 3036 Plenitudo
1304 2981 1432 3050 legis
1453 2979 1698 3034 Christus
1722 2988 1799 3033 est
1821 2977 1890 3032 ad
1907 2977 2074 3048 justi-

2085 661 2134 718 Α

2272 654 2383 723 Τῆς
2415 656 2564 724 πρὸς
2597 656 2920 726 Ῥωμαίους
2952 657 3233 725 τετάρτης
3264 633 3638 729 Ἐπιστολῆς.

2241 767 2430 830 Οῦτως
2455 767 2562 839 γάρ
2599 771 2713 821 ἐστι
2748 770 2897 842 παρὰ
2943 769 3019 840 τῷ
3042 771 3328 842 Μαρκίωνι
3365 775 3622 844 κειμένη,
3661 775 3747 830 ἵνα

2174 860 2336 930 μηδὲν
2363 859 2520 929 ὀρθὸν
2555 860 2684 930 παρ’
2713 860 2861 930 αὐτῷ
2898 862 3004 932 εἴη.

2239 950 2286 1006 α’
2321 953 2413 1004 καὶ
2451 959 2537 1021 κη’
2585 952 2731 1023 σχόλ.
2775 954 2948 1006 ’Ὅσοι
2991 955 3224 1023 ἀνόμως
3269 955 3565 1024 ἥμαρτον,
3606 957 3747 1011 ἀνό-

2162 1062 2288 1112 μως
2325 1045 2423 1097 καὶ
2459 1044 2855 1100 ἀπολοῦνται·
2889 1047 2987 1099 καὶ
3019 1046 3150 1100 ὅσοι
3174 1047 3244 1100 ἐν
3265 1051 3426 1117 νόμῳ
3457 1049 3743 1118 ἥμαρτον,

2168 1135 2266 1188 διὰ
2297 1135 2482 1204 νόμον
2528 1136 2934 1202 κριθήσονται.
2971 1141 3053 1191 Οὐ
3083 1140 3194 1207 γὰρ
3233 1143 3287 1194 οὶ
3339 1140 3620 1208 ἀκροαταὶ
3645 1142 3746 1196 rd-

2163 1242 2283 1292 μου
2315 1224 2530 1280 δίκαιοι
2585 1230 2746 1296 παρὰ
2788 1228 2868 1294 τῷ
2907 1227 3061 1295 Θεῷ,
3093 1231 3247 1285 ἀλλ’
3275 1234 3330 1284 οἱ
3370 1232 3608 1301 ποιηταὶ
3643 1233 3744 1287 νό-

2162 1333 2282 1383 μου
2320 1317 2836 1388 δικαιωθήσονται.

2237 1405 2286 1459 α’
2320 1411 2411 1462 καὶ
2436 1417 2520 1480 κη’
2558 1411 2735 1481 ἔλεγχ.
2764 1413 2825 1465 Εἰ
2857 1413 2968 1465 ὅσοι
2990 1413 3206 1484 ἀνόμως
3232 1415 3496 1486 ἥμαρτον,
3530 1416 3745 1487 ἀνόμως
3779 1457 3781 1462 -

2167 1501 2260 1554 κοιλ⁵
2287 1502 2610 1557 ἀπολοῦνται
2637 1545 2650 1566 .
2684 1506 2954 1577 σωτηρίας
2984 1510 3011 1560 ό
3039 1508 3200 1576 νόμος
3230 1508 3515 1579 παραίτιος
3545 1509 3746 1578 φυλατ-

2165 1596 2421 1664 τόμενος,
2453 1597 2545 1650 καὶ
2594 1598 2668 1668 μὴ
2709 1597 2814 1651 ἐῶν
2840 1600 2963 1662 τοὺς
2989 1599 3356 1668 φυλάττοντας
3388 1601 3742 1657 ἀπόλλυσθαι..

2167 1686 2276 1737 καὶ
2308 1689 2355 1738 εἰ
2381 1688 2429 1739 οἱ
2458 1687 2544 1740 διὰ
2580 1690 2742 1759 νόμου
2783 1690 3199 1760 ἀμαρτήσαντες
3227 1690 3314 1744 διὰ
3342 1691 3505 1762 νόμου
3553 1691 3746 1762 κριθή-

2168 1793 2370 1842 σονται,
2419 1779 2526 1847 ἄρα
2569 1781 2758 1852 κριτὴς
2807 1782 2913 1834 τῶν
2947 1781 3310 1853 παραϐάσεων
3343 1783 3370 1834 ὁ
3412 1784 3607 1852 νόμος,
3641 1783 3744 1836 οὐκ

2166 1871 2438 1935 ἀπωλείας
2461 1872 2556 1936 ὢν,
2591 1873 2725 1926 ἀλλὰ
2756 1874 3169 1945 δικαιοκρισίας,
3200 1875 3362 1938 ὁσίως
3393 1876 3592 1947 κρίνων
3618 1877 3743 1940 τοὺς

2167 1963 2638 2033 παραϐεϐηκότας.
2678 1967 2761 2018 Οὐ
2788 1963 2898 2034 γὰρ
2924 1969 2978 2019 οἱ
3003 1966 3288 2033 ἀκροαταὶ
3313 1967 3500 2036 νόμου
3527 1968 3744 2024 δίκαιοι

2167 2055 2325 2122 παρὰ
2347 2054 2487 2120 Θεῷ,
2518 2055 2655 2110 ἀλλ’
2677 2059 2731 2108 οἱ
2757 2057 2990 2124 ποιηταὶ
3014 2059 3199 2126 mium;
3229 2057 3740 2128 δικαιωθήσονται.

2168 2146 2230 2198 Ei
2258 2145 2314 2197 δὲ
2355 2147 2672 2218 ποιούμενος
2693 2149 2721 2200 ό
2749 2148 2911 2219 νόμος
2943 2148 3142 2202 δικαιοῖ
3175 2150 3265 2202 τὸν
3294 2151 3614 2220 ποιήσαντα,
3644 2152 3744 2204 οὐκ

2168 2236 2349 2300 ἄδικος
2376 2239 2403 2290 ό
2428 2237 2620 2309 νόμος,
2654 2238 2778 2291 οὔτε
2809 2241 3040 2308 φαῦλος,
3071 2241 3137 2294 δι’
3175 2241 3234 2294 ὃν
3264 2245 3312 2295 oi.
3346 2243 3623 2306 τελοῦντες
3651 2242 3744 2295 τὸν

2169 2327 2332 2398 νόμον
2379 2328 2577 2382 δίκαιοι
2616 2329 2991 2384 καθίστανται.
3037 2333 3131 2385 Ἐκ
3179 2333 3235 2386 δὲ
3267 2334 3361 2386 τοῦ
3409 2335 3575 2405 νόμου
3625 2336 3744 2388 ἐστὶ

2169 2419 2318 2491 καὶὴ
2351 2421 2429 2484 είς
2467 2422 2700 2492 Χριστὸν
2734 2424 3184 2496 προφητευομένη
3231 2426 3436 2490 πίστις·
3477 2427 3643 2499 χωρὶς
3681 2421 3744 2482 οὗ

2169 2515 2229 2568 οὐ
2256 2515 2674 2586 δικαιωθήσεται
2703 2516 2876 2582 οὐδεὶς
2897 2558 2911 2578 ,
2960 2520 3054 2572 καὶ
3091 2521 3148 2572 ὲν
3191 2511 3235 2587 ᾧ
3261 2520 3554 2586 πιστεύσας
3592 2522 3746 2592 παρά

2169 2609 2268 2680 τὴν
2289 2607 2380 2660 τοῦ
2411 2605 2574 2680 νόμου
2606 2611 3089 2682 προφητευομένην
3125 2614 3428 2684 μαρτυρίαν
3451 2654 3465 2678 ,
3496 2613 3556 2666 οὐ
3587 2613 3746 2667 δύνα-

2162 2688 2260 2755 ’ται
2293 2702 2452 2756 πάλιν
2487 2703 2858 2768 δικαιοῦσθαι,
2897 2706 2944 2774 (ὃ
2996 2708 3111 2777 καὶ)
3145 2707 3221 2769 ὡς
3259 2705 3624 2778 πληρώματος
3659 2707 3746 2762 δν-

2170 2811 2262 2857 τος
2306 2795 2398 2848 τοῦ
2438 2795 2671 2866 Χριστοῦ
2708 2796 2800 2850 τοῦ
2833 2797 2997 2868 νόμου
3031 2797 3172 2851 κατά
3199 2798 3261 2852 τὸ
3291 2799 3446 2869 παρὰ
3471 2798 3550 2869 τῷ
3588 2800 3746 2852 Ἀπο-

2174 2885 2344 2956 στόλῳ
2386 2887 2694 2957 είρημένον,
2749 2889 2830 2941 ὅτι
2859 2887 3155 2957 Πλήρωμα
3170 2889 3356 2958 νόμου
3384 2889 3634 2958 Χριστὸς
3661 2891 3748 2956 είς

2173 2978 2568 3047 δικαιοσύνην
2590 3020 2604 3044 ,
2638 2980 2938 3045 δεικνύντι,
2975 2981 3058 3034 ὅτι
3111 2981 3239 3035 ἄνευ
3278 2982 3443 3053 νόμου
3477 2984 3570 3036 καὶ
3609 2983 3746 3054 Χρι-

487 3082 619 3134 riam
645 3081 689 3134 ³.
723 3075 888 3148 369
913 3073 1125 3140 Quibus
1159 3073 1288 3127 illud
1322 3072 1553 3135 iudicat,
1601 3071 1719 3126 siue
1750 3073 1866 3140 lege
1909 3079 2072 3140 atque

2176 3070 2302 3124 στοῦ
2356 3072 2456 3125 οὐκ
2495 3071 2574 3126 ἔνι
2611 3073 2944 3144 δικαιοσύνη.
2989 3073 3128 3127 (Jb-cs
3174 3075 3281 3145 γὰρ
3338 3074 3580 3128 Ἰουδαῖοι
3618 3074 3748 3128 ἀνευ

487 3169 706 3227 Christo
735 3169 942 3224 nullam
961 3161 1593 3235 essejustitiam.Neque
1621 3162 1767 3216 enim
1792 3159 2072 3234 Juda-iqui

2176 3163 2413 3235 Χριστοῦ
2449 3165 2896 3236 δικαιωθήσονται
2937 3165 3011 3236 μὴ
3054 3165 3308 3230 λαϐόντες
3349 3166 3603 3238 Χριστὸν,
3625 3163 3750 3219 οὔτε

488 3263 766 3320 Christum
792 3259 1100 3331 repudiaut,
1133 3260 1252 3314 sine
1283 3255 1866 3326 co-justificabuntur;
1899 3269 2072 3326 neque

2178 3255 2266 3320 σὺ,
2297 3254 2560 3326 Μαρκίων
2585 3295 2600 3320 ,
2635 3254 2973 3329 δικαιωθήσῃ
3003 3255 3413 3327 ἀπαρνούμενος
3439 3256 3532 3310 τὸν
3564 3254 3748 3327 νόμον.

488 3363 548 3411 ιιι
576 3352 976 3425 justiﬁcabere,
1011 3349 1245 3413 Marcio,
1277 3349 1369 3418 qui
1402 3348 1571 3417 legem
1600 3348 1856 3417 abnegas.

563 3443 749 3499 Schol.
781 3443 818 3496 2
849 3450 902 3496 et
929 3441 1018 3495 29.
1053 3441 1401 3495 Circumcisio
1429 3441 1566 3492 enim
1597 3439 1806 3507 prodest
1839 3438 1886 3490 si
1910 3439 2075 3507 legam

488 3535 693 3608 facias;
732 3533 780 3586 si
805 3540 980 3585 autem
1011 3531 1392 3598 prcevaricator
1441 3531 1514 3583 sis
1543 3531 1669 3600 legis
1692 3570 1706 3595 ,
1737 3529 2069 3583 circumcisis

491 3631 586 3676 tua
613 3619 931 3689 prwputium
954 3618 1100 3687 [acta
1125 3627 1203 3671 est
1238 3617 1280 3670 ⁸.
1875 3616 1878 3620 ί

561 3710 745 3766 Refut.
786 3709 822 3763 2
873 3717 927 3764 et
967 3709 1059 3766 29.
1103 3707 1552 3778 Quandoquidem
1600 3707 1945 3778 profuturam
1969 3710 2080 3764 cir-

491 3803 882 3860 eumcisionem
931 3801 1227 3871 Apostolus
1257 3801 1601 3870 pronuntiat,
1630 3799 1756 3870 quis
1781 3800 2078 3858 fructuosis

493 3897 658 3952 rebus
705 3894 1035 3949 calumniam
1083 3902 1296 3948 struere
1361 3893 1598 3948 audeat?
1645 3892 1804 3947 lluuc
1856 3894 2078 3964 quidem

493 3989 763 4059 serpentis
819 3987 1051 4041 similem
1103 3991 1318 4055 Oportet
1373 3999 1527 4048 esse,
1565 3999 1597 4038 a
1649 4000 1760 4055 quo
1809 4001 1986 4057 neque
2021 3995 2080 4041 tu

493 4078 791 4142 abhorres,
823 4075 1051 4130 Marcio.
1103 4073 1383 4145 Siquidem
1436 4075 1528 4130 ille
1559 4075 1652 4130 Dei
1690 4076 1856 4131 verba
1896 4077 2083 4131 deter-

493 4186 668 4244 quens
715 4168 879 4223 Evam
915 4167 1270 4239 persuasione
1314 4182 1413 4222 sua
1459 4167 1704 4238 decepit,
1741 4169 1814 4223 ita
1843 4171 2082 4239 compel-

495 4264 663 4319 laus:
707 4261 1056 4332 Nequaquam
1109 4260 1405 4313 moriemini
1435 4259 1478 4314 δ.
1530 4259 1740 4315 Etenim
1786 4262 2082 4332 Apostolus

497 4357 666 4426 legem
691 4354 759 4408 ad
787 4353 1264 4408 circumcisiouem
1290 4352 1580 4417 astrinxit,
1616 4360 1672 4408 et
1704 4353 2082 4408 circumcisio-

497 4463 620 4502 nem
656 4447 760 4516 legi
807 4454 1231 4500 consentaneam
1269 4459 1391 4499 esse
1420 4445 1774 4507 monstravit,
1810 4445 2084 4514 ejusdem-

496 4555 604 4611 que
659 4539 974 4593 mandatum
1027 4553 1150 4593 esse
1182 4535 1311 4600 Dei,
1363 4536 1458 4606 qui
1505 4545 1560 4592 et
1607 4537 2083 4592 circumcisionem

2249 3427 2293 3498 β’
2325 3429 2420 3481 καὶ
2450 3427 2529 3482 κθ¹
2565 3429 2712 3500 σχόλ.
2765 3429 3051 3500 Περιτομὴ
3089 3431 3208 3500 μὲν
3237 3432 3349 3501 γὰρ
3367 3431 3601 3502 ὠφελεῖ,
3643 3431 3753 3486 ἐὰν

2177 3524 2366 3590 νόμον
2399 3520 2684 3589 πράσσῃς
2705 3537 2717 3550 ·
2752 3521 2860 3575 ἐὰν
2904 3520 2972 3574 δὲ
3015 3522 3358 3591 παραϐάτης
3429 3525 3617 3593 νόμου
3651 3519 3751 3598 ᾗς,

2179 3611 2460 3680 περιτομή
2495 3628 2612 3665 σου
2643 3612 3012 3680 ἀκροϐυστία
3042 3613 3310 3684 γέγονεν.

2251 3722 2296 3792 β’
2323 3723 2417 3777 καὶ
2442 3721 2521 3775 κθ’
2546 3722 2724 3792 ἐλεγχ.
2745 3724 2809 3776 Εἰ
2830 3723 3190 3793 ἀποφαίνεται
3212 3728 3241 3780 ὁ
3269 3727 3420 3796 ἆγιος
3437 3729 3752 3794 Ἀπόστολος
3835 3715 3843 3726 ’

2179 3817 2277 3887 τὴν
2317 3815 2618 3886 περιτομὴν
2650 3816 2973 3888 ὠφελήσειν,
3005 3819 3090 3882 τίς
3119 3821 3176 3872 ὲν
3203 3822 3315 3883 τοῖς
3345 3820 3612 3890 ὠφελοῦσι
3641 3822 3756 3892 μῶ-

2183 3923 2282 3976 μον
2304 3905 2518 3976 θήσειεν
2542 3922 2557 3971 ;
2593 3907 2750 3960 Ἀλλὰ
2781 3909 2829 3960 εἰ
2857 3908 2962 3979 ἄρα
2985 3909 3167 3980 ὅμοιος
3182 3909 3258 3980 τῷ
3285 3910 3406 3980 ὄφει
3432 3913 3751 3984 γενήσεται·

2181 3998 2366 4061 ἔοικας
2401 3998 2510 4069 γὰρ
2537 3999 2732 4070 τούτῳ,
2759 3993 2803 4054 ὦ
2828 4001 3113 4068 Μαρκίων.
3150 4003 3416 4067 Κάκεῖνος
3444 4004 3574 4075 γὰρ,
3604 4007 3756 4059 ἀντι-

2184 4092 2430 4162 στρέφων
2447 4093 2516 4146 τὰ
2547 4092 2698 4163 παρά
2720 4092 2854 4146 Θεοῦ
2875 4095 3160 4166 εἰρημένα,
3184 4097 3482 4168 παρέπειθε
3498 4097 3594 4168 τὴν
3614 4097 3757 4152 Εὕαν

2182 4183 2387 4252 λέγων·
2441 4185 2524 4238 Οὐ
2568 4184 2803 4250 θανάτῳ
2848 4185 3265 4242 ἀποθανεῖσθε.
3317 4188 3499 4258 Νόμον
3539 4188 3645 4260 γὰρ
3688 4191 3755 4260 τῇ

2184 4277 2454 4347 περιτομῇ
2482 4276 2756 4346 συνέδησε,
2780 4278 2872 4330 καὶ
2892 4276 2990 4347 τὴν
3013 4277 3313 4348 περιτομὴν
3335 4277 3412 4347 τῷ
3439 4278 3589 4348 νόμῳ
3618 4295 3759 4349 συμ-

2184 4368 2500 4438 πρέπουσαν
2550 4367 2813 4432 ἐπέδειξε,
2843 4369 2952 4422 καὶ
2991 4367 3086 4421 τοῦ
3125 4367 3288 4422 αὑτοῦ
3329 4368 3464 4422 Θεοῦ
3496 4369 3556 4422 τὸ
3598 4372 3760 4442 πρόσ-

2183 4476 2369 4531 ταγμα
2414 4461 2680 4532 ὑπάρχειν
2721 4461 2964 4531 ὑπέφηνε
2994 4461 3088 4514 τοῦ
3135 4461 3234 4530 τὴν
3265 4463 3566 4532 περιτομήν
3629 4479 3760 4515 ποτε

2184 4550 2492 4615 δεδωκότος,
2538 4554 2631 4606 καὶ¹
2678 4553 2840 4623 νόμον
2880 4555 2958 4616 εἰς
3003 4553 3249 4624 βοήθειαν
3289 4552 3612 4617 δεδωκότος·
3668 4556 3760 4623 ἀφ’

496 4633 627 4687 olim
658 4630 931 4693 instituit,
961 4636 1014 4684 et
1053 4629 1224 4699 legem
1265 4627 1504 4698 praesidii
1530 4642 1698 4683 causa
1727 4629 1887 4694 tulit,
1921 4629 2072 4696 cujus

2185 4636 2354 4713 οὗπερ
2377 4643 2610 4714 Χριστὸς
2636 4642 3022 4712 πιστευόμενος
3038 4645 3104 4696 τὰ
3120 4643 3303 4697 τέλεια
3318 4647 3428 4707 τοῖς
3448 4643 3761 4700 πιστεύουσι

500 4723 761 4779 beneﬁcio
821 4722 1064 4776 creditus
1125 4720 1380 4775 Christus
1432 4719 1782 4774 credentibus
1836 4719 2078 4790 perfecta

497 4832 726 4890 quaeque
764 4815 948 4870 dicere
975 4830 1038 4869 ac
1071 4812 1252 4869 facere
1279 4812 1551 4868 concedit.

573 4930 758 4985 Schol.
803 4931 836 4984 5
867 4937 921 4984 et
967 4928 1057 4982 50.
1111 4924 1376 4980 Habentes
1415 4925 1847 4995 informationem
1900 4928 2086 4996 cogni-

500 5022 659 5077 tionis
685 5033 732 5075 et
771 5019 1008 5073 ueritatis
1034 5019 1088 5071 in
1125 5016 1295 5086 lege“.

574 5133 758 5189 Refut.
786 5133 894 5188 Set
920 5131 1009 5186 50.
1047 5129 1104 5184 Si
1134 5129 1375 5199 cognitio
1422 5127 1861 5185 informationem
1906 5131 2081 5185 couti-

505 5236 597 5283 net
635 5266 649 5287 ,
673 5225 856 5280 .forma
885 5239 1019 5279 vero
1060 5224 1130 5279 ab
1178 5222 1564 5278 informatione
1600 5223 1808 5289 oritur;
1845 5222 2084 5288 Aposto-

505 5322 542 5375 li
580 5333 740 5390 porro
771 5317 1082 5388 cognitione
1123 5331 1188 5370 ac
1237 5314 1465 5370 veritate
1493 5314 1704 5385 praediti
1730 5331 1794 5369 ex
1828 5315 1961 5384 legis
2001 5314 2086 5368 in-

507 5407 830 5464 formatione
863 5406 1091 5460 formam
1124 5405 1296 5474 ipsam
1322 5404 1601 5470 obtinent,
1633 5404 1739 5458 hoc
1782 5413 1866 5459 est
1896 5404 2085 5473 cogni-

2186 4733 2365 4788 λαλεῖν
2402 4753 2461 4788 τε
2489 4736 2578 4790 καὶ
2607 4739 2778 4789 ποιεῖν
2808 4735 3126 4805 παρέχεται.

2257 4925 2303 4986 γ’
2334 4920 2428 4971 καὶ
2461 4917 2504 4970 λ’
2529 4919 2678 4989 σχόλ.
2720 4921 2974 4988 Ἕχοντα
3004 4919 3118 4987 τὴν
3141 4922 3452 4988 μόρφωσιν
3475 4918 3586 4989 τῆς
3611 4918 3761 4991 γνώ-

2185 5027 2358 5076 σεως,
2388 5010 2486 5062 καί
2522 5011 2631 5077 τῆς
2659 5011 2943 5077 ἀληθείας
2968 5011 3038 5062 ἐν
3066 5010 3143 5074 τῷ
3173 5012 3352 5078 νόμῳ.

2257 5121 2304 5190 γ’
2333 5122 2426 5175 καὶ
2464 5123 2507 5174 λ’
2537 5121 2716 5192 ἔλεγχ.
2759 5123 2824 5174 Εἰ
2857 5123 2890 5191 ἡ
2932 5122 3132 5190 γνῶσις
3165 5125 3444 5194 μόρφωσιν
3489 5123 3621 5196 ἔχει,
3656 5128 3766 5182 ἀπὸ

2186 5217 2242 5270 δὲ
2268 5217 2366 5287 τῆς
2391 5216 2720 5288 μορφώσεως
2744 5217 2804 5268 τὸ
2828 5212 2966 5279 εἶδος
2992 5216 3263 5284 φαίνεται,
3290 5218 3338 5269 oi
3365 5217 3422 5270 δὲ
3447 5218 3544 5288 τὴν
3563 5219 3765 5286 γνῶσιν

2187 5309 2283 5361 καὶ
2321 5309 2417 5380 τὴν
2457 5309 2712 5380 ἀλήθειαν
2757 5307 2970 5377 ἔχοντες
3010 5309 3294 5361 ἀπόστολοι
3333 5309 3428 5361 καὶ
3474 5309 3524 5361 οἱ
3561 5309 3768 5363 τούτων

2191 5401 2426 5471 μαθηταὶ
2472 5401 2674 5454 οἴδασιν
2723 5402 2832 5454 ἀπὸ
2875 5403 2972 5471 τῆς
3009 5400 3341 5470 μορφώσεως
3381 5399 3475 5453 τοῦ
3513 5402 3678 5470 νόμου
3708 5401 3768 5453 τὸ

509 5500 711 5552 tionem
736 5511 800 5550 ac
819 5495 1129 5557 veritatem,
1153 5493 1403 5563 sequitur
1432 5494 1604 5563 legem
1639 5507 1668 5545 ιι
1695 5493 2006 5562 cognitione
2031 5501 2072 5544 et

2187 5490 2325 5556 εἶδος
2351 5493 2669 5564 κεκτῆσθαι,
2713 5493 2962 5546 τουτέστι
3000 5493 3098 5564 τὴν
3133 5492 3333 5560 γνῶσιν
3365 5494 3460 5545 καὶ
3497 5492 3596 5564 τὴν
3633 5492 3767 5562 ἀλή-

511 5592 739 5647 vetitate
764 5589 987 5644 minime
1020 5587 1254 5643 alienam
1281 5585 1475 5642 videri.
1521 5586 1622 5640 Per
1650 5585 1786 5656 legis
1823 5585 1968 5640 enim
1995 5585 2081 5639 in-

2195 5584 2375 5637 θειαν·
2401 5585 2500 5637 οὐκ
2526 5584 2634 5656 ἄρα
2656 5584 2934 5655 ἀλλότριος
2964 5585 2992 5637 ὁ
3011 5584 3174 5654 νόμος
3204 5583 3296 5635 τοῦ
3323 5583 3487 5654 νόμου
3509 5585 3524 5615 ¹
3555 5584 3648 5636 καὶ
3672 5585 3766 5653 τῆς

487 5798 504 5842 ι
588 5777 607 5800 ³
640 5768 796 5823 Rom.
833 5784 891 5836 ιι,
924 5767 1007 5824 i2.
1086 5771 1106 5801 ¹
1135 5765 1293 5824 Rom.
1328 5783 1384 5837 ς,
1409 5767 1460 5821 4.
1542 5766 1561 5800 ³
1593 5764 1749 5823 Rom.
1786 5781 1848 5837 ιι,
1877 5764 1968 5822 25.
2045 5765 2065 5798 ⁸

2176 5781 2228 5821 n.
2265 5781 2343 5834 ιιι,
2366 5765 2418 5822 4.
2495 5765 2516 5798 ⁸
2547 5764 2705 5823 Rom.
2743 5780 2800 5834 ιι,
2832 5763 2918 5819 20.
3001 5764 3020 5795 ⁶
3055 5761 3114 5818 ιτ.
3145 5761 3242 5830 τῆς
3277 5762 3546 5828 γνώσεως.
