4186 6374
405 355 512 410 505
1080 362 1450 420 ADVERSUS
1487 362 1833 420 IIERESES
1866 363 1996 421 LIB.
2031 363 2074 420 l.
2115 364 2281 422 TOM.
2319 366 2404 423 Ill.
2437 368 2804 428 -—lI/ERES.
2851 372 3016 432 XLII.

3613 376 3717 433 8οθ

408 471 688 544 ἀληθείας.
721 471 818 526 Διὰ
844 471 954 546 γὰρ
987 473 1090 544 τῆς
1118 476 1177 528 ὲν
1210 474 1361 545 αὐτῷ
1401 478 1736 546 μορφώσεως
1765 475 1983 544 ἐπέγνω

2115 476 2500 536 formationem
2565 483 2816 539 veritatis
2874 500 3161 556 prmcones
3218 487 3591 560 cognitionem
3650 507 3714 550 ac

410 581 511 621 σαν
554 565 601 616 οξ
652 565 894 634 κήρυκες
929 565 1030 637 τῆς
1069 566 1326 637 ἀληθείας
1370 568 1472 639 τὴν
1525 568 1728 638 γνῶσιν
1774 571 1868 622 καὶ
1911 569 2010 642 τὴν

408 656 691 727 ἀλήθειαν.

478 751 518 803 δ’
547 749 750 834 καὶνλαθ
783 750 928 821 σχόλ.
995 753 1118 806 Ἔτι
1157 753 1267 824 γὰρ
1305 755 1562 824 Χριστὸς
1597 755 1791 807 ὄντων
1843 752 2011 822 ἡμῶν

405 843 704 908 ἀσθενῶν,
725 843 811 896 ἔτι
839 844 992 898 κατὰ
1008 847 1218 915 καιρὸν
1239 849 1392 916 ὑπὲρ
1415 845 1653 902 ἀσεϐῶν
1681 846 2006 901 ἀπέθανεν.
2048 889 2051 893 .

476 1024 516 1076 δ’
550 1026 642 1077 καὶ
679 1023 759 1078 λα’
788 1024 970 1096 ἕλεγχ.
1015 1027 1107 1091 Τὸ,
1139 1027 1228 1082 ἔτι
1261 1028 1360 1082 καὶ
1395 1027 1719 1092 ἀπέθανεν,
1751 1028 1811 1080 οὐ
1838 1028 2006 1098 δοκη-

410 1134 567 1180 σεως,
598 1117 732 1171 ἀλλὰ
758 1118 1018 1189 ἀληθείας
1038 1122 1154 1173 ἐστὶ
1174 1121 1529 1191 σημαντικόν.
1561 1122 1625 1174 Εἰ
1651 1119 1758 1192 γὰρ
1781 1120 2006 1189 δόκησις

407 1204 495 1279 ἦν,
521 1209 601 1270 τίς
617 1209 776 1279 χρεία
795 1210 888 1263 τοῦ
913 1210 998 1263 ἔτι
1021 1211 1300 1278 λέγεσθαι,
1327 1211 1626 1282 δυναμένου
1647 1211 1740 1264 τοῦ
1766 1211 2002 1280 Χριστοῦ

408 1301 638 1353 πάντοτε
671 1301 764 1354 καὶ
781 1301 876 1353 νῦν
899 1303 1118 1374 δοκήσει
1154 1303 1460 1371 φαίνεσθαι,
1492 1303 1586 1356 καὶ
1611 1303 1685 1373 μὴ
1717 1302 1999 1371 λέγεσθαι,

406 1393 492 1445 ἔτι
512 1393 702 1445 ὄντων
721 1393 890 1462 ἡμῶν
905 1394 1206 1459 ἀσθενῶγ;
1249 1394 1380 1445 ’Λπὸ
1406 1393 1492 1446 τοῦ
1515 1393 1645 1464 γὰρ,
1664 1392 1773 1456 ἔτι,
1797 1393 1860 1447 τὸ
1883 1395 2002 1446 τότε

405 1481 585 1536 θανεῖν
612 1484 882 1548 ἀπέδωκε,
914 1484 1006 1537 καὶ
1034 1485 1317 1538 ἐδικαίωσε
1354 1484 1431 1554 τῷ
1467 1485 1712 1555 θανάτῳ·
1743 1485 1829 1537 ἵνα
1864 1502 2004 1555 μηκ-

403 1576 483 1629 έτι
513 1576 700 1648 χρείαν
729 1577 826 1650 ἔχῃ
857 1577 1038 1631 θανεῖν
1060 1580 1088 1631 ὁ
1109 1579 1248 1650 ὑπὲρ
1303 1577 1642 1648 ἁμαρτωλῶν
1689 1576 1839 1638 ἆπαξ
1867 1578 2004 1630 dmo-

403 1664 601 1730 θανὼν,
638 1666 735 1718 καὶ
772 1667 837 1719 δι’
877 1667 1086 1720 ἑαυτῶν
1129 1667 1325 1738 μηκέτι
1359 1667 1738 1736 ἀποθνήσκων.

2115 570 2402 625 veritatem
2437 579 2567 628 sunt
2599 571 2802 643 adepti.

2191 747 2376 802 Schol.
2410 749 2445 802 4
2493 757 2547 804 et
2577 749 2666 802 5|.
2705 749 2896 802 Adhuc
2943 751 3083 803 enim
3135 748 3380 804 Christus
3415 767 3531 804 cum
3571 767 3683 807 esse

2113 855 2232 892 mus
2273 840 2498 909 inﬁrmi,
2547 841 2720 894 adhuc
2750 844 2803 894 in
2845 852 3077 910 tempore
3127 858 3222 905 pro
3254 844 3430 911 impiis
3472 855 3710 900 mortuus

2112 940 2189 984 est
2217 933 2255 983 ‘.

2183 1022 2366 1078 Refut.
2399 1025 2434 1079 4
2463 1033 2515 1079 et
2545 1025 2633 1080 5|.
2678 1025 2960 1080 Vocabula
3008 1027 3158 1091 haec,
3211 1027 3384 1080 adhuc
3408 1069 3424 1090 ,
3467 1039 3517 1083 et
3567 1045 3712 1084 mor-

2113 1122 2231 1167 tuus
2271 1125 2386 1181 est,
2431 1131 2540 1168 non
2577 1115 2778 1170 nudam
2825 1119 3100 1186 speciem,
3143 1119 3240 1172 sed
3290 1122 3576 1174 veritatem
3617 1135 3710 1174 ar-

2111 1215 2305 1276 guunt.
2358 1206 2414 1260 Si
2447 1208 2592 1261 enim
2628 1210 2745 1262 sola
2799 1211 3012 1278 species
3046 1211 3384 1278 exstitisset,
3414 1213 3545 1281 quid
3587 1227 3708 1268 eam

2111 1300 2459 1369 particulam,
2485 1299 2686 1362 adhuc,
2709 1302 3020 1371 exprimere
3053 1319 3192 1373 opus
3227 1314 3366 1368 erat,
3402 1321 3526 1358 cum
3558 1306 3707 1361 omni

2113 1399 2347 1459 tempore
2412 1391 2658 1460 adeoque
2699 1409 2846 1446 nunc
2904 1393 3086 1462 specie
3120 1406 3283 1451 tenus
3329 1397 3505 1466 possit
3538 1413 3708 1468 appa-

2110 1497 2232 1535 rere
2265 1482 2518 1537 Christus
2539 1523 2554 1545 ,
2598 1499 2776 1552 neque
2809 1493 2990 1538 tamen
3046 1485 3286 1554 adjicere
3335 1503 3564 1543 necesse
3595 1490 3704 1553 sit,

2111 1590 2230 1626 cum
2267 1573 2437 1627 adhuc
2463 1575 2663 1643 inﬁrmi
2699 1576 2972 1628 essemus?
3011 1575 3124 1630 Hac
3153 1577 3298 1630 enim
3332 1593 3486 1644 voce,
3509 1577 3704 1645 adhuc,

2105 1672 2221 1717 tum
2253 1665 2404 1718 illum
2438 1676 2671 1719 mortem
2704 1667 2911 1722 obiisse
2946 1669 3222 1739 signiﬁcat
3244 1711 3259 1735 ,
3291 1684 3355 1724 ac
3386 1679 3563 1725 morte
3603 1687 3704 1726 sua

401 1757 735 1826 justilicasse
759 1801 773 1822 ,
823 1776 925 1815 nec
963 1761 1198 1830 amplius
1249 1762 1388 1815 mori
1417 1777 1645 1817 necesse
1701 1759 1775 1814 sit
1814 1759 2004 1825 illum,
2046 1759 2141 1830 qui
2180 1774 2278 1828 pro
2311 1760 2698 1829 peccatoribus
2723 1761 2892 1815 semel
2925 1772 3009 1817 est
3034 1771 3306 1827 mortuus,
3363 1779 3426 1818 ac
3455 1779 3552 1834 per
3581 1778 3706 1819 sese

401 1871 512 1911 non
550 1857 786 1925 amplius
819 1858 1106 1911 n'noriatur.

470 1954 511 2000 ε’
542 1948 635 2002 καὶ
657 1948 734 2018 λβν
769 1949 915 2020 alii.
975 1949 1154 2002 Ὥστε
1189 1953 1222 2002 ό
1249 1949 1368 2018 μὲν
1390 1951 1576 2019 ’νόμος
1609 1948 1800 2019 ἅγιος,
1833 1946 1929 2000 καὶ
1955 1947 1991 2014 ἢ

2171 1943 2338 2014 370
2369 1943 2556 1997 Schol.
2593 1943 2626 1997 5
2661 1950 2715 1995 et
2753 1942 2842 1996 52.
2876 1941 3007 1996 Ideo
3061 1943 3144 1996 lea:
3174 1954 3362 1998 sancta
3389 1957 3440 2000 et
3486 1953 3704 2007 manda.

402 2036 621 2105 ἐντολὴ
653 2038 811 2107 ἁγία,
853 2038 947 2090 καί.
979 2038 1181 2091 δικαία
1218 2039 1316 2092 καί
1349 2038 1564 2106 ἀγαθή.

473 2137 513 2181 ε’
556 2129 648 2183 καὶ
690 2129 768 2199 λβ¹
812 2130 995 2200 ἒλεγχ.
1049 2130 1364 2184 Συντίθεται
1417 2130 1494 2199 τῷ
1549 2131 1696 2204 νόμῳ
1736 2133 1796 2187 τὸ
1841 2135 1998 2202 am

402 2218 566 2272 αὐτὸν
609 2215 770 2285 εἶναι,
814 2220 909 2272 καὶ
941 2222 1008 2290 τῇ
1052 2221 1110 2272 ὲν
1131 2220 1279 2288 αὐτῷ
1310 2219 1496 2290 ἐντολῇ
1524 2220 1816 2293 γενομένῃ,
1849 2223 1996 2292 τρισὶ

405 2313 728 2382 μαρτυρίαις
771 2312 1209 2382 ἀσφαλισάμενος
1242 2313 1470 2380 ταύτην,
1512 2313 1674 2381 ἁγίαν
1705 2314 1876 2382 αὐτὴν
1907 2313 1998 2366 λὲο

399 2421 512 2473 γων
548 2405 644 2456 καὶ
680 2404 895 2458 δικαίαν
933 2405 1032 2457 καὶ
1066 2405 1278 2473 ἀγαθήν
1301 2420 1315 2434 ·
1375 2404 1460 2456 ἵνα
1505 2403 1699 2477 ἐλέγξῃ
1738 2421 1818 2467 σε,
1847 2405 1998 2476 Μαρ-

402 2499 559 2560 κίων,
619 2497 713 2550 καὶ
746 2499 896 2567 ἡμᾶς
931 2496 1118 2570 διδάξῃ
1149 2497 1244 2550 τοῦ
1278 2497 1434 2566 ἁγίου
1483 2493 1619 2549 εἶναι
1667 2496 1758 2549 τὸν
1803 2497 1986 2567 νόμον,

401 2583 462 2641 οὗ
512 2589 604 2642 καὶ
639 2590 674 2660 ἡ
727 2589 914 2659 ἐντολὴ
947 2588 1098 2658 ἁγία,
1157 2590 1252 2642 καὶ
1307 2589 1470 2641 αὑτὸν
1510 2589 1602 2642 τὸν
1652 2588 1807 2656 ἅγιον
1855 2585 1993 2642 εἶναι

401 2683 496 2734 καὶ
529 2680 748 2747 ἀγαθόν.
796 2680 887 2734 Διὸ
933 2680 1141 2746 ἀγαθοῦ
1174 2677 1311 2734 οὖσα
1339 2682 1549 2752 ἐντολὴ,
1591 2683 1774 2755 ἀγαθὴ
1806 2683 1993 2736 καλεῖ-

396 2789 522 2825 ται·
567 2773 663 2825 καὶ
697 2773 854 2840 ἁγίου
885 2768 1044 2832 οὖσα,
1087 2773 1217 2842 ἁγία
1249 2774 1399 2826 ἐστί·
1445 2776 1538 2828 καὶ
1573 2774 1782 2827 δικαίου
1817 2775 1996 2848 ὑπάρ-

394 2880 585 2934 χουσα,
634 2863 818 2917 δικαία
863 2863 1052 2935 ἐντολὴ
1098 2864 1362 2924 καλεῖται,
1399 2865 1517 2927 ἑνὸς
1549 2863 1700 2926 ὄντος
1739 2865 1836 2918 τοῦ
1866 2867 1989 2920 τότε

394 2955 486 3008 καὶ
525 2954 652 3018 νῦν,
713 2953 808 3006 τοῦ
841 2953 994 3019 aveo;
1037 2955 1195 3024 ἁγίου
1235 2956 1329 3008 καὶ
1375 2957 1586 3009 δικαίου
1631 2956 1727 3008 καὶ
1761 2957 1989 3024 ἀγαθοῦ.

393 3046 484 3097 Διὸ
513 3044 609 3097 καὶ
628 3046 661 3110 ἡ
691 3043 858 3097 αὑτοῦ
885 3044 1097 3115 ἐντολὴ,
1139 3046 1172 3115 ὴ
1206 3045 1315 3098 ἀπο
1342 3045 1462 3098 τότε
1503 3046 1598 3098 καὶ
1625 3045 1723 3099 νῦν
1752 3047 1810 3099 ὲν
1840 3050 1992 3118 νόμῳ

392 3137 486 3190 xxi
515 3139 573 3187 ὲν
600 3138 774 3210 Καινῇ
805 3134 1071 3208 Διαθήκῃ,
1121 3135 1252 3202 ἁγία
1292 3136 1527 3206 ὑπάρχει
1556 3137 1650 3191 καὶ
1688 3136 1872 3192 δικαία
1896 3140 1994 3192 καὶ

389 3225 594 3297 ἀγαθή.

463 3415 516 3472 ς’
537 3410 633 3463 καὶ
659 3409 739 3478 λγ
758 3407 908 3479 σχόλ.
939 3409 1067 3464 Ἵνα
1087 3408 1156 3463 τὸ
1178 3409 1467 3478 δικαίωμα
1492 3411 1599 3464 τοῦ
1620 3413 1811 3482 νόμου
1835 3414 1986 3482 πλη-

387 3501 548 3574 ρωθῇ
579 3505 649 3556 ἐν
687 3501 854 3572 ἡμῖν.

461 3601 516 3656 ς’
544 3595 636 3648 καὶ
660 3594 739 3664 λγ¹
763 3593 942 3666 ἕλε-(χ.
978 3595 1042 3648 Ei
1067 3595 1126 3648 ὲν
1153 3598 1267 3660 τοῖς
1291 3596 1614 3660 ἀποστόλοις
1644 3597 1738 3650 καὶ
1762 3598 1821 3650 ὲν
1850 3599 1984 3670 ἡμῖν

384 3684 449 3739 τδ
477 3687 754 3757 δικαίωμα
778 3686 871 3740 τοῦ
911 3687 1077 3757 νόμου
1110 3687 1436 3757 πληροῦται,
1478 3688 1596 3752 πῶς
1631 3690 1719 3751 σὺ,
1747 3683 1792 3743 ὦ
1823 3691 1984 3762 Μαρ-

387 3777 544 3839 κίων,
593 3778 796 3848 τολμᾷς
833 3779 1014 3846 λέγειν
1056 3781 1150 3832 τὸν
1183 3780 1346 3850 νόμον
1378 3780 1662 3852 ἀλλότριον
1694 3781 1803 3834 τῶν
1843 3784 1985 3837 κατὰ

386 3869 448 3922 τὸ
470 3867 743 3940 πλήρωμα
790 3866 884 3922 τοῦ
922 3869 1088 3941 νόμου
1112 3870 1508 3943 δικαιουμένων
1537 3873 1854 3928 ἀποστόλων
1886 3875 1980 3930 τοῦ

385 3961 522 4015 Θεοῦ
541 3979 558 4026 ;

457 4052 500 4116 ζ’
525 4054 619 4107 καὶ
646 4053 720 4108 λδ¹
743 4055 890 4126 σχόλ.
930 4055 1114 4122 Τέλος
1145 4055 1256 4126 γὰρ
1285 4059 1479 4127 νόμου
1495 4059 1752 4128 Χριστὸς
1780 4063 1866 4128 εἰς
1891 4061 1981 4116 δι-

384 4146 730 4214 καισὋύνιιν
760 4147 940 4201 παντί
967 4145 1049 4212 τῷ
1079 4150 1446 4204 πιστεύοντι.

289 4256 291 4260 ·
367 4309 370 4312 γ
397 4315 400 4316 ν
459 4239 503 4305 ς’
528 4241 624 4293 καὶ
645 4241 717 4294 λδ⁴
741 4240 920 4312 ἔλεγχ.
943 4243 1099 4306 Εἱείς
1121 4241 1472 4314 δικαιοσύνην
1496 4243 1732 4315 Χριστὸς
1753 4243 1981 4316 ἐλήλυθε

371 4334 554 4388 ’παντὶ
579 4333 656 4404 τῷ
686 4334 1016 4398 πιστεύοντι,
1049 4335 1110 4388 οὐ
1143 4334 1239 4388 τοῦ
1286 4335 1454 4405 νόμου
1497 4336 1896 4407 τελειουμένου,
1931 4340 1981 4391 εί

387 4425 462 4498 μὴ
490 4426 724 4496 Χριστὸς
753 4425 1012 4499 τελειώσῃ
1044 4430 1110 4498 τῇ
1143 4424 1338 4481 ἑαυτοῦ
1372 4428 1650 4499 παρουσίᾳ
1677 4445 1691 4459 ·
1743 4429 1844 4482 οὐκ
1871 4430 1980 4501 ἄρα

383 4517 830 4590 τελειωθήσεσθε,
879 4511 924 4572 ὧ
974 4518 1240 4584 Ἰουδαῖοι,
1289 4520 1349 4572 ὲν
1386 4519 1548 4590 νόμῳ,
1574 4519 1853 4590 μένοντες,
1884 4520 1980 4574 ἐὰν

387 4611 462 4681 μὴ
505 4611 739 4674 Χριστὸν
773 4612 1154 4684 ἐνδημήσαντα
1192 4611 1585 4674 πιστεύσαντες
1619 4611 1974 4684 ὑποδέξησθε.

2102 2040 2214 2084 tum
2253 2043 2496 2086 sanctum
2527 2045 2577 2085 et
2597 2033 2838 2100 justum,
2875 2041 2925 2085 et
2955 2036 3152 2085 bonum
3180 2035 3223 2086 ².

2171 2123 2356 2180 Refut.
2391 2125 2425 2178 5
2465 2132 2518 2179 et
2574 2124 2664 2178 52.
2698 2122 2826 2193 Legi
2880 2125 2983 2178 hoc
3034 2127 3331 2194 Apostolus
3385 2130 3609 2194 tribuit,
3640 2143 3702 2188 ut

2101 2228 2292 2278 sancta
2349 2219 2455 2284 sit,
2510 2217 2873 2288 ejusdemque
2924 2221 3183 2272 mandato
3229 2238 3242 2274 :
3293 2223 3439 2290 quod
3495 2226 3700 2296 triplici

2098 2309 2415 2366 testimonio
2449 2309 2772 2372 conﬁrmat,
2810 2317 3066 2363 sanctum
3111 2326 3236 2366 esse
3269 2314 3606 2384 praedicans,
3646 2328 3702 2374 et

2093 2405 2330 2475 justum,
2362 2412 2416 2458 et
2441 2403 2680 2467 bonum,
2715 2409 2774 2456 ut
2801 2411 2874 2469 te,
2909 2401 3152 2469 Marcio,
3196 2407 3563 2476 condemnet,
3597 2427 3700 2469 nos

2097 2514 2230 2554 vero
2279 2499 2429 2568 ipsos
2497 2497 2757 2562 edoceat,
2795 2497 2972 2566 legem
3024 2500 3267 2555 auctoris
3315 2515 3438 2556 esse
3486 2505 3697 2570 sancti,

2098 2592 2256 2661 cujus
2313 2589 2633 2645 mandatum
2703 2598 2957 2645 sanctum
3013 2591 3116 2655 sit;
3189 2592 3552 2664 eumdemque
3600 2598 3696 2667 qui

2097 2695 2325 2740 sanctus
2359 2691 2464 2748 est,
2489 2699 2614 2739 esse
2641 2683 2868 2738 bonum.
2894 2682 3193 2754 Pr0pterea
3223 2699 3348 2738 cum
3377 2687 3694 2745 mandatum

2095 2791 2126 2830 ιι
2175 2776 2320 2830 bono
2377 2773 2682 2845 profectum
2743 2774 2948 2835 fuerit,
3005 2773 3208 2828 bonum
3261 2773 3500 2842 dlClllll';
3557 2786 3613 2833 tt
3663 2795 3696 2835 a

2095 2877 2310 2933 sancto,
2331 2877 2582 2924 sanctum
2608 2884 2622 2933 ;
2647 2879 2700 2923 et
2725 2884 2756 2922 a
2776 2869 2926 2938 justo
2942 2867 3250 2923 derivatum
3267 2907 3282 2932 ,
3297 2867 3509 2936 justum
3529 2870 3695 2924 etiam

2095 2961 2432 3031 appellatur;
2456 2975 2581 3014 cum
2611 2975 2756 3014 unus
2785 2960 3040 3030 idemque
3071 2959 3234 3014 modo
3268 2959 3360 3022 sit,
3391 2960 3485 3029 qui
3512 2974 3694 3030 quon-

2093 3052 2219 3105 dam
2246 3051 2490 3117 exstitit,
2546 3060 2811 3117 sanctus,
2850 3053 3036 3123 justus
3087 3069 3152 3108 ac
3202 3053 3403 3110 bonus.
3443 3052 3600 3110 Unde
3639 3062 3696 3110 et

2094 3141 2412 3196 mandatum
2439 3143 2614 3214 ipsius
2647 3150 2760 3199 tam
2795 3145 2944 3215 quod
2973 3146 3127 3210 olim,
3159 3161 3325 3216 quam
3353 3148 3500 3218 quod
3528 3147 3694 3204 modo

2093 3243 2179 3291 est
2256 3237 2510 3302 editum,
2571 3237 2626 3291 in
2695 3246 2931 3309 utroque
2983 3239 3244 3295 videlicet
3299 3240 3690 3309 Testamento,

2001 3330 2048 3392 (ζ
2080 3333 2332 3380 sanctum
2367 3365 2382 3392 ,
2419 3327 2622 3396 iustum
2653 3343 2718 3383 ac
2746 3329 2952 3384 bonum
2983 3329 3412 3386 existimandum
3443 3343 3550 3388 est.

2161 3417 2346 3476 Schol.
2383 3421 2417 3476 6
2447 3429 2502 3477 et
2547 3422 2637 3477 55.
2677 3420 2746 3478 Ut
2786 3421 3106 3477 iustiﬁcatio
3150 3423 3280 3494 legis
3317 3424 3604 3493 impleatur
3634 3425 3692 3482 in

2087 3505 2236 3561 nobis
2265 3509 2286 3540 ³

2158 3596 2342 3652 Refut.
2374 3597 2407 3653 6
2435 3606 2490 3655 et
2524 3600 2613 3656 55.
2644 3599 2702 3656 Si
2740 3599 2796 3656 in
2827 3604 3094 3672 apostolis
3129 3611 3186 3659 et
3225 3603 3280 3659 in
3331 3606 3492 3662 nobis
3522 3605 3690 3674 justi-

2087 3689 2272 3744 ﬁcatio
2307 3691 2444 3762 legis
2474 3693 2758 3763 impletur,
2788 3709 2896 3765 qua
2922 3695 3069 3750 istud
3117 3695 3300 3753 fronte
3325 3700 3688 3768 pronuntiare

2086 3783 2288 3848 audes,
2331 3783 2536 3838 Marcio
2558 3825 2572 3849 ,
2612 3786 2783 3857 legem
2825 3787 2896 3842 ab
2925 3788 3190 3858 apostolis
3223 3787 3355 3856 Dei,
3383 3791 3479 3861 qui
3505 3807 3572 3847 ex
3604 3791 3688 3849 le-

2083 3878 2167 3949 gis
2195 3879 2601 3948 complementa
2632 3879 3034 3950 justiﬁcantur,
3070 3882 3306 3937 alienam
3339 3884 3548 3940 videri?

2158 4050 2346 4108 Schol.
2377 4053 2408 4106 7
2437 4060 2493 4107 et
2525 4053 2612 4108 54.
2633 4052 2790 4110 Finis
2812 4057 2954 4110 enim
2987 4056 3119 4128 legis
3151 4055 3401 4112 Christus
3432 4056 3500 4112 ad
3518 4058 3686 4129 justi-

2086 4146 2217 4198 tiam
2252 4146 2399 4199 onmi
2421 4147 2657 4199 credenti
2688 4146 2731 4201 ⁸.

2154 4235 2342 4292 Ilet‘ut.
2380 4239 2412 4290 7
2441 4247 2494 4292 et
2527 4238 2618 4293 5L.
2653 4237 2712 4292 Si
2741 4237 2809 4294 ad
2847 4239 3190 4294 credentium
3233 4240 3480 4296 omnium
3515 4241 3684 4313 justi-

2084 4330 2216 4384 tiam
2255 4330 2511 4385 Christus
2547 4331 2801 4395 advenit,
2833 4331 2908 4386 ita
2934 4339 2994 4385 ut
3027 4331 3216 4402 perﬁci
3262 4333 3348 4388 lex
3392 4335 3552 4390 aliter
3582 4353 3682 4393 ne-

2083 4429 2266 4492 queat,
2288 4421 2396 4478 nisi
2425 4437 2545 4476 eam
2575 4422 2831 4478 Christus
2864 4439 2966 4479 suo
2996 4424 3233 4480 adventu
3253 4428 3526 4496 perﬁciat,
3552 4445 3679 4500 per-

2083 4515 2172 4568 ﬁci
2215 4529 2344 4580 vos,
2390 4511 2602 4580 Judaei,
2647 4515 2802 4570 nullo
2855 4517 3021 4570 modo
3070 4519 3340 4587 potestis,
3388 4521 3434 4576 si
3474 4520 3528 4574 in
3562 4521 3680 4592 lege

2083 4609 2376 4670 maneatis,
2411 4608 2519 4663 nisi
2551 4607 2833 4664 Christum
2854 4648 2870 4672 ,
2901 4609 2997 4679 qui
3027 4608 3139 4680 jam
3165 4612 3354 4677 venit,
3387 4613 3678 4671 credentes

396 4705 557 4758 Ἀλλὰ
576 4706 696 4760 οὐδὲ
725 4707 812 4768 σὺ,
835 4707 1116 4778 Μαρκίων,
1147 4707 1352 4780 δυνήσῃ
1379 4705 1618 4778 σωθῆναι
1642 4709 1702 4760 ὲν
1738 4706 1982 4778 Χριστῷ,

2094 4699 2141 4752 in
2171 4714 2295 4754 eum
2327 4699 2505 4753 velitis
2536 4699 2802 4769 recipere.
2838 4698 2944 4756 Sed
2976 4717 3079 4756 nec
3113 4709 3174 4755 tu
3199 4742 3214 4766 ,
3247 4700 3492 4768 Marcio,
3529 4705 3677 4760 salu-

374 4795 476 4868 fcoﬁ
501 4797 858 4868 κηρύγματος
885 4800 984 4871 τὴν
1015 4799 1190 4871 ἀρχὴν
1220 4800 1314 4853 καὶ
1350 4799 1450 4870 τὴν
1486 4799 1640 4871 ῥίζαν
1667 4798 1974 4854 ἀποϐαλλό-

385 4906 566 4960 μενος,
594 4891 730 4963 ὅπερ
759 4891 876 4944 ἐστὶ
901 4891 1088 4962 νόμος,
1125 4893 1219 4959 ἀφ’
1244 4884 1418 4963 οὗπερ
1443 4891 1679 4962 Χριστὸς
1709 4891 1977 4961 γινωσκό-

384 5000 544 5054 μενος
564 4983 760 5036 τελειοῖ
777 4983 866 5036 τὸν
893 4983 968 5054 μὴ
983 4984 1074 5037 τὸν
1097 4983 1260 5054 νόμον
1282 4983 1704 5055 βδελυσσόμενον
1721 4985 1796 5047 ὡς
1813 4984 1972 5038 ἀλλό-

379 5095 534 5150 τριον
560 5077 798 5149 Χριστοῦ
829 5078 1167 5148 ὑπάρχοντα.

450 5177 501 5242 η’
531 5171 624 5223 καὶ
650 5171 722 5223 λε’
754 5171 900 5241 σχόλ.
943 5171 998 5223 Ὁ
1021 5170 1134 5240 γὰρ
1153 5169 1403 5240 ἀγαπῶν
1427 5171 1534 5224 τὸν
1553 5169 1843 5239 πλησίον,
1867 5171 1972 5224 νό-

376 5279 495 5330 μον
531 5259 909 5327 πεπλήρωκε.

451 5360 501 5426 η’
532 5353 626 5407 καὶ
653 5352 727 5405 λε’
753 5351 933 5422 ἔλεγχ.
994 5352 1058 5405 Εἰ
1090 5351 1182 5405 διὰ
1211 5349 1306 5404 τοῦ
1363 5351 1588 5421 ἀγαπᾷν
1621 5349 1714 5404 τὸν
1749 5347 1978 5420 πλησίον

383 5450 544 5519 νόμος
587 5447 914 5519 πληροῦται,
957 5448 1058 5501 οὐκ
1101 5446 1382 5518 ἀλλότριος
1419 5444 1658 5516 Χριστοῦ
1704 5445 1799 5498 καὶ
1841 5443 1978 5498 Θεοῦ

382 5535 597 5608 Πατρδς
640 5538 736 5589 τοῦ
774 5535 981 5607 Κυρίου
1021 5536 1181 5608 ἡμῶν
1221 5535 1396 5606 Ἰησοῦ
1440 5533 1680 5606 Χριστοῦ
1715 5534 1811 5589 καὶ
1838 5532 1975 5589 Θεοῦ

2080 4801 2186 4846 tem
2222 4791 2277 4845 in
2310 4791 2533 4847 Christo
2558 4799 2714 4861 potes
2744 4791 3000 4862 adipisci,
3029 4807 3154 4849 cum
3188 4793 3314 4850 ﬁdei
3344 4796 3674 4866 principium

2077 4899 2142 4940 ac
2176 4885 2415 4939 radicem
2451 4884 2748 4955 ahjeceris,
2777 4885 3038 4939 nimirum
3073 4886 3266 4957 legem,
3299 4901 3330 4940 e
3355 4902 3464 4955 qua
3492 4887 3675 4956 cogni-

2077 4986 2166 5032 tus
2225 4975 2479 5032 Christus
2524 4993 2649 5033 eum
2717 4977 2931 5047 perlicit
2987 4979 3082 5049 qui
3125 4979 3297 5050 legem
3346 4978 3570 5034 minime
3617 4985 3676 5032 ut

2077 5071 2310 5124 alienam
2337 5086 2365 5124 a
2395 5069 2618 5126 Christo
2651 5071 2925 5141 repudiat.

2153 5161 2338 5218 Schol.
2370 5163 2403 5217 8
2430 5173 2484 5219 et
2513 5165 2603 5221 55.
2643 5164 2749 5230 Qui
2778 5166 2919 5221 enim
2953 5163 3133 5236 diligit
3162 5165 3490 5236 proximum,
3509 5161 3674 5234 legem

2078 5257 2308 5323 implevit
2331 5257 2372 5310 ε.

2148 5346 2384 5404 Refut.8
2405 5354 2460 5403 et
2489 5348 2732 5404 55.Cum
2774 5363 2868 5419 per
2887 5363 3131 5404 amorem
3163 5347 3401 5419 proximi
3440 5346 3525 5401 lex
3563 5346 3670 5400 im-

2077 5441 2325 5510 pleatur,
2374 5457 2484 5496 non
2530 5449 2616 5497 est
2643 5457 2674 5496 a
2719 5443 2945 5497 Christo
2997 5451 3052 5497 et
3094 5442 3205 5497 Deo
3254 5440 3419 5496 Patre
3451 5439 3669 5495 Domini

2076 5534 2254 5590 nostri
2299 5532 2429 5590 Jesu
2460 5533 2670 5589 Christi
2705 5533 3070 5590 abalienauda
3113 5535 3236 5600 lex,
3285 5547 3408 5604 quae
3445 5530 3672 5604 diligere

454 5788 472 5820 ⁸
507 5786 668 5844 Rom.
709 5803 763 5851 ν.
795 5785 849 5844 6.
925 5790 945 5819 ¹
977 5785 1134 5844 Rom.
1171 5802 1265 5855 vu,
1301 5785 1386 5842 12.
1467 5786 1487 5820 ³
1523 5783 1681 5842 Rom.
1725 5800 1843 5852 vm,
1875 5785 1930 5842 4.

2094 5794 2212 5842 Lom.
2247 5803 2302 5855 x,
2331 5786 2383 5840 4.
2462 5787 2483 5820 ⁵
2515 5785 2674 5842 llom.
2709 5803 2830 5855 xm,
2862 5786 2916 5842 8.
