4186 6374
465 337 569 392 807

1883 338 1943 396 S.
1979 340 2324 395 EPII’IIANII

3645 348 3751 403 8’38

463 456 770 528 proximum
813 455 990 525 jubet.
1032 456 1302 523 Quoniam
1361 455 1504 510 Deus
1531 456 1770 511 charitas
1792 469 1868 512 est
1897 467 1950 521 ι,
2007 468 2063 513 et

2169 465 2192 515 ὁ
2220 463 2403 533 νόμος,
2425 464 2454 515 ι
2477 461 2714 516 κελεύων
2737 463 2960 534 ἀγαπᾷν
2981 462 3074 516 τὸν
3104 461 3352 534 πλησίον.
3389 461 3534 515 Διότι
3559 465 3593 517 0'
3608 465 3752 529 Θεὸς

464 565 587 620 qua:
613 550 682 605 ab
719 551 840 621 ipso
886 549 1276 620 prmdicantur,
1329 552 1517 605 omnia
1553 551 1744 606 eodem
1793 561 2058 620 perpetuo

465 639 626 695 modo
659 639 1042 710 praedicantur,
1076 639 1187 709 jam
1221 647 1337 693 tum
1369 642 1498 694 olim
1532 642 1766 704 scilicet,
1797 649 1851 696 et
1885 657 2056 708 nunc,

463 739 521 787 et
548 731 604 785 in
641 729 826 785 Veteri
851 727 1108 799 Novoque
1137 727 1510 785 Testamento.

535 821 688 893 37]
761 819 838 873 Ex
876 819 1117 890 Epistola
1163 819 1232 874 ad
1277 820 1842 887 Thessalonicenses,
1895 839 2059 892 quam

467 917 672 971 Marcio
715 917 946 984 septimo
982 915 1103 968 loco
1149 915 1340 985 ponit,
1378 923 1438 968 ut
1471 917 1770 984 Apostolus
1827 924 2060 980 octavo,

468 1013 603 1068 nihil
637 1012 845 1067 idcirco
874 1011 1190 1081 selegimus,
1233 1011 1381 1082 quod
1413 1013 1627 1084 integra
1682 1014 1776 1068 illa
1829 1030 1861 1069 a
1912 1014 2061 1068 Mar-

468 1106 628 1161 cione
657 1106 953 1175 depravata
985 1105 1084 1159 sit.

539 1196 1009 1263 Quemadmodum
1053 1210 1230 1264 neque
1267 1210 1335 1249 ex
1375 1195 1620 1250 secunda
1659 1196 1725 1250 ad
1763 1196 2064 1253 Thessalo-

469 1291 724 1346 nicenses
774 1288 1050 1358 Epistola,
1107 1302 1273 1357 quam
1332 1286 1539 1341 Marcio
1594 1289 1791 1342 ordine
1847 1297 2062 1343 sextam

469 1384 736 1446 collocat,
780 1383 1072 1451 Apostolus
1127 1396 1255 1434 vero
1287 1395 1513 1443 nonam,
1547 1381 1958 1450 excerpsimus,
1997 1397 2065 1437 eo

469 1475 616 1546 quod
650 1473 869 1544 penitus
905 1474 974 1527 ab
1001 1472 1189 1526 eodem
1225 1471 1318 1525 illo
1363 1480 1622 1540 corrupta
1658 1473 1751 1529 sit.

506 1587 591 1642 Et:
623 1587 866 1658 Epistula
894 1585 962 1638 ad
1002 1584 1280 1658 Ephesios,
1313 1601 1428 1656 qua!
1459 1595 1535 1639 est
1580 1585 1842 1640 Marciani
1880 1585 1990 1640 VII
2013 1626 2029 1653 ,

787 1657 1040 1727 Apostolo
1080 1673 1197 1710 vero
1241 1657 1277 1710 V
1300 1698 1314 1721 ,
1350 1659 1454 1710 ista
1486 1657 1816 1727 collegimus.

2162 555 2364 624 ἀγάπη
2394 555 2525 608 ἐστὶ
2551 595 2564 618 ,
2618 556 2714 608 καὶ
2743 555 2920 609 πάντα
2947 555 3016 608 τά
3047 556 3136 608 ὑπ’
3162 554 3329 608 αὑτοῦ
3363 556 3750 625 κηρυττόμενα

2161 646 2362 716 ὁμοίως
2386 648 2474 699 ἀεὶ
2503 647 2852 718 κηρύττεται,
2886 647 2978 701 καὶ
3001 647 3145 713 τότε,
3175 649 3267 700 καὶ
3290 647 3407 714 νῦν,
3433 648 3527 700 καὶ
3549 649 3607 700 ἐν
3639 649 3749 701 [ια-

2162 738 2290 810 λαιᾷ
2307 741 2399 792 καὶ
2430 743 2608 812 Καινῇ
2636 741 2896 811 Διαθήκῃ.

2241 831 2352 902 Τῆς
2383 834 2519 902 πρὸς
2534 833 2949 897 Θεσσαλονικεῖς
2974 834 3231 902 πέμπτης
3254 833 3541 904 ἐπιστολῆς
3560 849 3578 866 .
3607 832 3752 885 οὕτω

2164 921 2274 995 γάρ
2311 925 2487 978 κεῖται
2532 927 2590 978 ἐν
2632 925 2710 994 τῷ
2738 925 3046 996 Μαρκίωνι,
3077 926 3270 995 ὀγδόης
3303 926 3358 978 δὲ
3393 924 3559 994 οὔσης
3597 925 3750 992 παρὰ

2164 1018 2243 1088 τῷ
2279 1019 2608 1089 Ἀποστόλῳ,
2663 1019 2731 1072 τά
2768 1019 2943 1073 πάντα
2968 1017 3059 1071 τοῦ
3093 1018 3416 1090 Μαρκίωνος
3455 1018 3748 1087 διεστραμ-

2169 1110 2348 1180 μένως
2375 1111 2470 1162 ἀπ’
2492 1110 2660 1180 αὐτῆς
2677 1109 2911 1179 ἔχοντος,
2931 1109 3081 1162 οὐδὲν
3105 1108 3163 1173 ἐξ
3186 1108 3358 1178 αὐτῆς
3379 1106 3746 1179 παρεθέμεθα.

2238 1201 2352 1271 Τῆς
2395 1201 2532 1272 πρὸς
2569 1201 2984 1264 Θεσσαλονικεῖς
3020 1200 3298 1270 δευτέρας,
3334 1199 3499 1269 ἕκτης
3541 1199 3598 1252 δὲ
3633 1216 3752 1250 κει-

2170 1293 2338 1364 μένης
2371 1293 2523 1366 παρὰ
2551 1293 2630 1364 τῷ
2653 1295 2962 1365 Μαρκίωνι,
2991 1295 3187 1364 ὲνάτης
3219 1293 3276 1347 δὲ
3305 1291 3470 1362 οὔσης
3497 1291 3651 1362 παρὰ
3676 1291 3753 1362 τῷ

2180 1385 2507 1455 Ἀποστόλῳ,
2523 1385 2722 1454 ὁμοίως
2734 1383 3157 1454 διαστραφείσης
3177 1383 3267 1437 ὑπ’
3293 1382 3456 1436 αὑτοῦ
3476 1381 3570 1435 τοῦ
3592 1384 3752 1452 Μαρ-

2168 1477 2384 1542 κίωνος,
2414 1478 2574 1532 πάλιν
2599 1478 2752 1532 οὐδὲν
2783 1463 3100 1548 ὲξεθέμεθα.

2173 1587 2452 1674 Τῆςςτρὸς
2469 1589 2802 1674 Ἐφεσίους-ιζ
2819 1587 3076 1674 έϐδόμης
3105 1587 3296 1674 οὔσης
3325 1587 3484 1674 πικρᾲ
3502 1584 3580 1649 τῷ
3603 1589 3754 1674 Μαρ-

2239 1654 2430 1721 κίωνι,
2465 1654 2742 1782 Ἕέμπτης
2767 1659 2834 1712 δὲ
2873 1654 3033 1725 παρὰ
3064 1657 3144 1724 τῷ
3184 1660 3522 1724 Ἀποστόλῳ
3559 1654 3753 1724 κειμέ-

2239 1749 2372 1782 νηο.
2407 1749 2480 1782 τιι
2519 1749 2548 1782 ε
2570 1747 2582 1759 ·

2238 1749 2372 1798 νης,
2407 1747 2548 1783 τιιοε
2570 1747 2582 1759 ·

543 1816 731 1872 Schol.
777 1815 801 1868 1
836 1823 891 1869 et
922 1815 1013 1869 '56.
1062 1812 1325 1868 Memores
1362 1823 1563 1876 estote,
1599 1818 1735 1884 quod
1772 1814 2061 1885 aliquando

2237 1831 2283 1875 α’
2308 1823 2401 1874 καὶ
2427 1823 2514 1887 λς’
2537 1823 2682 1893 σχόλ.
2710 1825 2768 1875 Μ
2772 1824 3126 1892 νημονεύετε
3145 1823 3313 1890 ὑμεῖς
3333 1837 3477 1873 ποτε
3497 1820 3566 1873 τὰ
3581 1819 3750 1886 ἔθνη,

471 1927 559 1966 vos
599 1918 775 1981 gentes
797 1949 812 1973 ,
841 1910 930 1978 qui
960 1907 1201 1961 dicimini
1241 1908 1583 1976 prrrputium,
1618 1907 1683 1959 ab
1739 1923 1801 1960 ea
1830 1924 1948 1976 quis
1979 1907 2065 1960 di-

469 2007 609 2059 citur
638 2003 973 2057 circumcisio
997 2002 1052 2054 in
1073 2017 1233 2054 carne
1267 2000 1578 2067 manu/acta
1598 2039 1612 2060 ,
1637 1999 1764 2069 quia
1785 2001 1949 2052 eratis
1972 2000 2065 2054 illo

469 2098 526 2150 in
544 2106 771 2164 tempore
791 2096 904 2149 sine
925 2094 1158 2156 Christo,
1185 2093 1406 2146 alienati
1432 2093 1832 2145 conversatione
1868 2091 2063 2156 Israel,

469 2199 519 2244 et
566 2189 798 2256 hospites
839 2195 1278 2240 testamentorum
1325 2184 1728 2254 promissionis,
1773 2199 1913 2252 spent
1963 2202 2067 2238 non

470 2280 718 2334 habentes
740 2319 754 2343 ,
781 2288 830 2334 et
863 2280 974 2333 sine
1003 2278 1112 2333 Deo
1139 2281 1194 2332 in
1239 2277 1336 2330 hoc
1369 2276 1588 2330 mundo.
1623 2273 1780 2329 Nunc
1805 2288 1980 2331 autem
2012 2277 2065 2330 in

470 2373 682 2427 Christo
715 2371 883 2437 Iesu,
926 2388 1015 2425 vos
1047 2371 1137 2441 qui
1186 2370 1477 2440 aliquando
1517 2369 1680 2422 eratis
1727 2368 1912 2438 longe,
1937 2369 2069 2439 facti

469 2466 594 2519 estis
621 2479 779 2533 prope
801 2465 854 2517 in
883 2464 1140 2533 sanguine
1173 2463 1359 2529 ipsius.
1392 2461 1511 2528 Ipse
1539 2462 1679 2515 enim
1714 2470 1793 2514 est
1823 2477 1931 2530 pax
1973 2478 2069 2515 no-

469 2568 608 2621 stra,
633 2558 723 2627 qui
762 2556 885 2625 fecit
913 2567 1138 2625 utraque
1173 2571 1337 2608 unum
1375 2556 1420 2618 ³,
1444 2562 1550 2608 etc.

543 2740 728 2796 Relut.
764 2739 786 2792 l
826 2747 880 2794 et
905 2737 1144 2793 30.'Vox
1174 2739 1295 2804 illa,
1323 2737 1583 2793 [tumores
1613 2749 1798 2805 estote,
1828 2737 2067 2810 speciem

471 2836 638 2890 habet
688 2836 971 2904 temporis.
1009 2833 1147 2887 Tum
1206 2833 1344 2895 ista,
1395 2835 1485 2903 qui
1533 2834 1806 2897 dicimini,
1859 2840 1914 2886 et
1952 2846 2070 2902 qua:

471 2929 697 2994 dicitur,
749 2943 934 2981 rerum
987 2926 1190 2998 ﬁguras
1240 2928 1580 2996 exprimunt.
1629 2929 1760 2982 ltem
1801 2925 1973 2986 illud,
2015 2925 2069 2978 in

474 3035 668 3083 carne,
701 3034 766 3074 eo
803 3027 1049 3088 spectat,
1083 3029 1140 3072 ut
1191 3018 1431 3074 inustam
1481 3019 1637 3071 carni
1678 3025 1864 3071 notam
1906 3025 2070 3086 atque

472 3113 767 3182 imaginem
817 3111 1096 3174 ostendat,
1137 3127 1258 3180 qua:
1309 3112 1523 3166 venturi
1571 3110 1809 3180 Spiritus
1850 3119 2068 3180 tempus

2167 1915 2222 1967 oi
2246 1917 2560 1982 λεγιτμενοι
2585 1915 2973 1982 ἀκροϐυστία,
3002 1915 3121 1970 ὑπὸ
3150 1914 3261 1982 τῆς
3291 1912 3622 1982 λεγομένης
3647 1928 3753 1963 πε-

2159 2005 2412 2075 ριτομῆς
2442 2006 2511 2059 ἐν
2541 2007 2717 2074 σαρκὶ
2745 2007 3154 2077 χειροποιήτῳ,
3186 2007 3274 2059 ὅτι
3304 2003 3409 2076 ἦτε
3445 2003 3524 2069 τῷ
3567 2002 3752 2071 καιρῷ

2166 2101 2376 2162 ἐκείνῳ
2405 2099 2583 2167 χωρὶς
2606 2101 2884 2168 Χριστοῦ,
2917 2099 3465 2168 ἀπηλλοτριωμένοι
3494 2095 3605 2164 τῆς
3643 2110 3750 2148 πο-

2166 2191 2394 2256 λιτείας
2423 2191 2529 2244 τοῦ
2563 2190 2822 2260 Ἰσραὴλ,
2849 2191 2946 2244 καὶ
2978 2189 3134 2254 ξένοι
3167 2190 3284 2244 τῶν
3312 2188 3612 2256 διαθηκῶν
3639 2186 3754 2253 τῆς

2168 2279 2556 2350 ἐπαγγελίιιςο
2598 2281 2817 2335 ἐλπίδα
2845 2281 2930 2350 μὴ
2961 2282 3226 2351 ἔχοντες,
3260 2281 3354 2334 καὶ
3381 2281 3541 2335 ἄθεοι
3571 2280 3641 2332 ἐν
3671 2276 3754 2343 τῷ

2169 2373 2395 2441 κόσμῳ.
2441 2373 2594 2426 Νυνὶ
2627 2372 2695 2424 δὲ
2731 2373 2800 2426 ἐν
2818 2370 3050 2440 Χριστῷ
3084 2370 3277 2438 Ἰησοῦ
3309 2369 3478 2438 ὑμεῖς
3521 2371 3575 2421 οἱ
3605 2367 3753 2420 ποτὲ

2171 2463 2343 2530 ὄντες
2364 2467 2604 2534 μακρὰν
2631 2465 2952 2534 ἐγενήθητε
2979 2462 3159 2532 ἐγγὺς
3189 2460 3268 2527 τῷ
3298 2464 3499 2531 αἵματι
3535 2459 3749 2514 αὑτοῦ.

2170 2557 2364 2624 Αὐτὸς
2389 2558 2500 2628 γάρ
2522 2560 2694 2612 ἐστιν
2706 2560 2742 2626 ἡ
2763 2556 2970 2628 εἰρήνη
2999 2556 3184 2626 ἡμῶν,
3213 2555 3244 2609 ὁ
3265 2555 3526 2622 ποιήσας
3551 2556 3622 2606 τὰ
3641 2554 3752 2623 ἀμ-

2169 2653 2410 2720 φότερα,
2440 2650 2535 2703 καὶ
2561 2649 2627 2702 τὰ
2659 2650 2804 2720 ἑξῆς.

2241 2750 2289 2796 α’
2319 2744 2412 2796 καὶ
2436 2741 2523 2806 λς’
2554 2741 2730 2811 ἕλεγχ.
2761 2741 2854 2803 Τδ,
2875 2742 3312 2810 Μνημονεύετε,
3337 2756 3528 2809 καιρου
3553 2737 3755 2808 σημαί-

2171 2855 2250 2892 νει
2272 2836 2332 2890 τὸ
2360 2832 2519 2898 εἶδος.
2550 2835 2679 2900 Καὶ,
2707 2837 2760 2887 οὶ
2781 2835 3111 2903 λεγόμενοι,
3131 2834 3246 2886 ἀπὸ
3271 2831 3378 2900 τῆς
3397 2832 3751 2900 λεγομένης,

2171 2929 2280 2983 τῶν
2319 2927 2660 3001 πραγμάτων
2698 2927 2825 2989 τοὺς
2864 2927 3068 2990 τύπους
3111 2927 3385 2996 σημαίνει.
3429 2925 3538 2978 Καὶ
3567 2925 3650 2989 τὸ,
3682 2925 3756 2977 ἐν

2171 3021 2375 3090 σαρκὶ,
2407 3021 2495 3074 ἵνα
2522 3019 2667 3091 δείξῃ
2699 3022 2790 3073 τὸν
2821 3020 2990 3074 τύπον
3023 3019 3111 3072 τὸν
3137 3021 3194 3071 ἐν
3222 3020 3287 3089 τῇ
3320 3018 3482 3088 σαρκὶ⁵
3521 3016 3757 3070 ἀπεκδε-

2171 3115 2402 3185 χόμενον
2437 3113 2530 3166 τὸν
2570 3113 2665 3166 τοῦ
2695 3112 3008 3182 Πνεύματος
3059 3110 3281 3181 καιρόνο
3334 3110 3422 3162 ἵνα
3448 3109 3517 3160 τά
3545 3107 3758 3160 ἐντελέο

471 3214 840 3272 exspectaret,
872 3215 930 3259 ut
959 3222 1026 3260 ex
1059 3206 1232 3275 ligura
1263 3206 1589 3276 perfectiora
1630 3205 1922 3276 signiticet.
1975 3204 2067 3258 Et-

2175 3225 2342 3279 στερα
2361 3207 2469 3261 ἀπὸ
2494 3205 2589 3260 τοῦ
2615 3206 2786 3259 τύπου
2815 3203 2983 3277 δείξῃ.
3024 3204 3208 3273 Χωρὶς
3240 3202 3348 3272 γὰρ
3379 3199 3618 3270 Χριστοῦ
3650 3217 3754 3251 πο-

471 3302 622 3355 enim
654 3303 774 3356 sine
817 3300 1035 3356 Christo
1064 3299 1256 3368 procul
1290 3299 1358 3352 ab
1395 3297 1613 3352 Israelis
1649 3297 2071 3351 conversatione

473 3405 791 3462 separatum
831 3400 950 3447 erat
979 3391 1334 3461 prreputium;
1368 3404 1431 3443 ac
1480 3389 1713 3459 proinde
1766 3404 1795 3441 a
1833 3387 2071 3458 promis-

474 3488 631 3542 sione
679 3477 742 3538 ac
779 3492 1111 3540 testamento
1155 3482 1527 3551 peregrinum.
1561 3482 1638 3534 Ac
1678 3481 1773 3549 qui
1811 3480 1902 3533 illa
1933 3494 2070 3532 con-

472 3578 682 3632 ditione
727 3575 1128 3634 censebantur,
1164 3571 1312 3624 omni
1357 3587 1454 3639 spe
1499 3571 1794 3634 carebant,
1846 3577 1902 3623 et
1953 3568 2072 3622 sine

474 3671 585 3725 Deo
611 3679 771 3724 erant
804 3669 859 3722 in
893 3667 996 3719 hoc
1031 3665 1237 3719 mundo
1258 3708 1272 3730 ,
1309 3672 1368 3717 ut
1401 3663 1647 3731 Apostoli
1689 3663 1853 3717 verba
1890 3663 2073 3715 decla-

473 3771 621 3819 rant.
659 3761 765 3816 Sed
801 3761 936 3814 nihil
968 3758 1153 3823 vides,
1192 3758 1326 3810 nihil
1351 3757 1547 3819 audis,
1581 3755 1783 3808 Marcio
1813 3774 1828 3809 :
1865 3755 2071 3824 alioqui

471 3857 607 3912 illud
640 3855 1126 3916 animadverteres,
1149 3858 1354 3920 quanta
1393 3850 1460 3902 ab
1491 3849 1608 3918 lege
1638 3849 1781 3902 bona
1814 3863 2070 3903 manasse

473 3951 623 4004 dicat
654 3946 973 4017 Apostolus,
1005 3959 1128 4014 quae
1159 3943 1425 4012 singulari
1459 3941 1550 3994 Dei
1584 3941 1926 4009 providentia
1959 3941 2068 3994 illis

474 4039 816 4108 temporibus
841 4034 1225 4088 administrata
1260 4041 1410 4087 sunt.
1439 4030 1569 4084 Nam
1601 4033 1654 4083 in
1679 4030 1892 4084 Christo
1915 4029 2068 4096 Jesu,

473 4133 563 4202 qui
588 4130 713 4183 olim
745 4129 894 4188 longe
933 4135 1114 4190 erant,
1160 4141 1298 4177 nunc
1339 4139 1495 4192 prope
1533 4133 1686 4184 sunt,
1719 4123 1772 4174 in
1815 4123 2070 4191 sanguine

474 4223 644 4276 illius.
697 4219 819 4289 Ipse
857 4219 992 4272 enim
1040 4225 1119 4270 est
1169 4231 1276 4284 pax
1315 4227 1520 4277 nostra,
1558 4215 1647 4283 qui
1689 4212 1808 4281 fecit
1847 4223 2071 4281 utraque

475 4327 662 4364 unum.
692 4308 850 4375 Quod
881 4308 925 4362 si
959 4323 1126 4361 unum
1175 4313 1406 4374 utraque
1437 4304 1596 4367 fecit,
1631 4304 1766 4358 adeo
1800 4313 1855 4358 ut
1897 4304 2071 4357 altero

474 4402 762 4457 destructo
799 4401 1024 4453 minime
1058 4399 1292 4451 alterum
1338 4395 1720 4458 constituerit,
1753 4411 1859 4448 non
1903 4395 2070 4464 igitur

475 4493 629 4562 prius
659 4508 688 4545 a
729 4508 789 4547 se
841 4492 1078 4544 alienum
1119 4488 1358 4552 exstitit,
1392 4503 1567 4556 neque
1597 4487 1759 4556 372
1793 4487 2067 4554 posterius

2173 3297 2386 3364 λιτείας
2422 3299 2517 3353 τοῦ
2577 3299 2792 3369 Ἰσραὴλ
2844 3298 2876 3366 ἡ
2921 3294 3254 3367 ἀκροϐυστία
3303 3290 3750 3362 ἀπηλλοτρίωτοο

2173 3393 2662 3465 ἀπηλλοτριωμένη
2683 3393 2739 3446 δὲ
2761 3391 2886 3461 ξένη
2902 3387 2968 3462 ἦν
2991 3387 3317 3456 ἐπαγγελίας
3339 3385 3431 3438 καὶ
3451 3384 3720 3454 διαθήκης
3737 3400 3751 3413 ·

2173 3489 2267 3542 καὶ
2295 3491 2341 3542 οί
2367 3489 2474 3541 ἀπὸ
2502 3486 2704 3557 ταύτης
2732 3484 3039 3556 ὁρμώμενοι
3081 3481 3269 3533 ἐλπίδα
3301 3481 3400 3533 οὐκ
3432 3475 3600 3549 εἶχον,
3636 3477 3755 3530 ἀλλ’

2173 3583 2323 3636 ἄθεοι
2349 3577 2489 3652 ἦσαν
2523 3583 2581 3632 ἐν
2625 3579 2703 3650 τῷ
2737 3579 2945 3649 κόσμῳ,
2996 3576 3070 3638 ὼς
3109 3573 3482 3628 ἀποδέδεικται
3511 3570 3621 3623 ἀπὸ
3641 3569 3755 3622 τῶν

2171 3676 2266 3730 τοῦ
2313 3674 2638 3728 Ἀποστόλου
2674 3672 2951 3743 ῥημάτων.
3006 3666 3165 3720 Ἀλλά
3190 3665 3274 3731 σὺ,
3308 3662 3595 3734 Μαρκίων,
3626 3659 3755 3714 οὔτε

2172 3771 2325 3839 ὁρᾷς,
2369 3767 2492 3820 οὔτε
2535 3764 2781 3826 ἀκούεις·
2835 3761 2956 3814 ἐπεὶ
2998 3760 3062 3813 ἂν
3096 3758 3263 3819 ἐνόεις
3305 3757 3486 3808 πόσων
3526 3754 3754 3822 ἀγαθῶν

2173 3860 2464 3931 παραίτιον
2494 3857 2586 3910 τὸν
2619 3856 2782 3926 νόμον
2811 3853 3007 3922 φάσκει
3031 3853 3058 3904 ὁ
3089 3849 3240 3918 ἅγιος
3279 3845 3620 3910 ’Λπόστολος,
3645 3845 3754 3898 τῶν

2174 3954 2231 4004 ἐν
2264 3951 2339 4022 τῷ
2368 3952 2517 4020 νόμῳ
2550 3949 2687 4019 πρὸς
2727 3947 2818 3999 τὸν
2852 3946 2971 3999 τότε
3021 3941 3210 4014 καιρὸν
3247 3940 3749 4010 πεπολιτευμένων.

2185 4048 2283 4100 Ἐν
2308 4046 2416 4116 γὰρ
2433 4043 2662 4114 Χριστῷ
2704 4042 2894 4110 Ἰησοῦ
2925 4044 2977 4094 οί
3001 4039 3145 4092 ποτὲ
3162 4038 3400 4107 μακρὰν
3426 4037 3542 4092 νῦν
3570 4037 3754 4107 ἐγγὺς

2171 4139 2241 4192 ἐν
2272 4139 2351 4203 τῷ
2385 4141 2583 4208 αἵματι
2614 4135 2819 4191 αὐτοῦ.
2870 4134 3062 4198 Αὐτὸς
3094 4131 3203 4201 γάρ
3242 4131 3414 4185 ἐστιν
3459 4132 3497 4199 ’ὴ
3540 4130 3750 4198 εἰρήνη

2171 4231 2362 4300 ἡμῶν,
2401 4236 2434 4284 ὀ
2460 4230 2720 4295 ποιήσας
2747 4231 2818 4283 τὰ
2847 4230 3146 4298 ἀμφότερα
3179 4225 3263 4280 ἓν.
3305 4223 3368 4277 Ei
3391 4223 3448 4277 δὲ
3481 4225 3548 4277 τὰ
3572 4224 3751 4294 ἀμφό-

2169 4342 2304 4398 τερα
2337 4325 2595 4393 ἐποίησεν
2627 4322 2705 4386 ἓν,
2728 4322 2822 4375 καὶ
2853 4321 2912 4374 οὑ
2945 4320 3004 4372 τὸ
3029 4319 3128 4389 μὲν
3157 4317 3354 4380 ἀνεῖλε,
3387 4317 3448 4370 τὸ
3479 4317 3536 4369 δὲ
3565 4317 3751 4387 ἕτερον

2173 4418 2574 4488 συνεστήσατο·
2645 4415 2750 4485 ἄρα
2789 4429 2852 4482 γε
2889 4412 3010 4466 οὐδὲ
3055 4410 3116 4464 τὸ
3158 4409 3421 4481 πρότερον
3469 4409 3751 4479 ἀλλότριον

2173 4506 2358 4569 αὐτοῦ,
2385 4507 2504 4558 οὐδὲ
2526 4506 2584 4557 τὸ
2601 4505 2850 4574 δεύτερον
2873 4503 3062 4556 διεῖλεν
3079 4501 3185 4555 ἀπὸ
3219 4499 3310 4553 τοῦ
3337 4499 3551 4553 πρώτου
3572 4517 3585 4529 ·
3614 4498 3751 4551 ἀλλὰ

475 4600 508 4637 a
545 4588 729 4655 priore
771 4585 1075 4652 separavit;
1116 4581 1209 4636 sed
1255 4581 1310 4633 in
1345 4596 1512 4633 unum
1545 4582 1707 4632 ambo
1729 4581 1829 4640 illa
1864 4578 2066 4632 emilla-

2172 4599 2239 4650 τὰ
2263 4598 2545 4668 ἀμφότερα
2581 4598 2660 4659 εἰς
2693 4570 3110 4666 ἒννσυνήγαγεν,
3143 4594 3238 4661 οὐχ
3273 4591 3476 4654 ἁπλῶς,
3503 4592 3564 4644 ού
3587 4592 3752 4663 δοκήοε

472 4668 586 4738 vit',
619 4690 729 4728 non
781 4689 1004 4743 quoquo
1039 4671 1230 4734 modo,
1284 4669 1364 4722 vel
1411 4669 1595 4738 specie
1637 4675 1798 4722 tenus
1841 4669 2061 4738 aliqua,

476 4767 574 4821 sed
606 4766 890 4835 perspicue
920 4765 973 4817 in
1003 4763 1258 4832 sanguine
1281 4777 1402 4822 suo,
1423 4760 1886 4829 quemadmodum
1915 4769 2066 4815 certa

475 4873 541 4913 ac
573 4858 745 4912 solida
777 4857 1020 4927 Apostoli
1054 4855 1305 4907 doctrina
1347 4853 1708 4907 demonstrat.

548 4947 734 5003 Schol.
769 4949 804 5001 2
841 4957 895 5002 et
934 4948 1023 5001 57.
1067 4945 1193 4999 Ideo
1227 4944 1358 4997 dicit
1401 4944 1636 5014 :Surge,
1670 4947 1774 5014 [qui
1819 4947 2022 5000 dormis
2050 4985 2068 5012 ,

472 5048 523 5093 et
560 5056 772 5108 resurge
805 5058 838 5093 a
876 5040 1098 5092 mortuis
1123 5077 1137 5103 ,
1172 5047 1222 5092 et
1269 5036 1594 5091 illuminabit
1647 5046 1693 5091 te
1741 5037 1985 5093 Christus
2018 5039 2067 5093 ³.

1053 5128 1108 5162 ,ν
1397 5125 1400 5130 ι

547 5235 734 5292 Relut.
772 5238 882 5291 2et
919 5237 1010 5292 57.
1041 5235 1324 5291 Uudenam
1359 5239 1450 5292 illa
1482 5238 1679 5301 verba,
1733 5237 1862 5292 Ideo
1892 5237 2062 5303 dicit,

475 5328 815 5399 deprompsit
856 5328 1185 5398 Apostolus?
1218 5326 1336 5381 Non
1381 5330 1603 5384 aliunde
1642 5331 1862 5400 utique,
1895 5347 2062 5400 quam

472 5438 544 5477 ex
576 5420 930 5476 Testamento
964 5420 1176 5476 Vetere.
1222 5419 1350 5475 llaec
1397 5423 1543 5477 enim
1587 5424 1730 5493 apud
1785 5423 1955 5478 Eliam
1987 5425 2065 5479 le-

476 5523 699 5584 guntur.
729 5512 848 5567 Jam
879 5530 1008 5569 vero
1035 5530 1146 5584 quo
1170 5530 1236 5569 ex
1269 5531 1430 5586 grege
1459 5515 1607 5570 Elias
1639 5516 1888 5572 exstitit?
1919 5516 2066 5572 Non-

477 5622 549 5660 ne
571 5623 601 5662 e
628 5607 911 5677 pr0phetis
942 5623 1108 5673 unus,
1141 5609 1236 5677 qui
1265 5624 1332 5663 ex
1373 5609 1508 5679 legis
1555 5610 1875 5679 praiseriplo
1910 5613 2063 5666 vixe-

477 5705 628 5763 runt,
654 5705 714 5752 ut
739 5707 793 5754 et
831 5699 921 5755 ille
955 5700 1059 5771 legi
1103 5715 1169 5753 ac
1210 5701 1494 5771 prophetis
1529 5701 1788 5758 inlimsit?
1828 5701 1983 5768 Quod
2015 5704 2062 5758 si

2173 4707 2275 4744 σει.
2294 4688 2428 4742 ἀλλὰ
2445 4689 2690 4758 ἐναργῶς
2714 4689 2783 4740 ἐν
2800 4687 2878 4750 τῷ
2899 4687 3096 4753 αἵματι
3114 4685 3320 4747 αὐτοῦ,
3343 4685 3416 4748 ὡς
3442 4686 3474 4756 ή
3501 4684 3750 4756 ἀσφαλὴς

2172 4783 2266 4836 τοῦ
2316 4781 2634 4836 ’Λποστόλου
2667 4780 3009 4834 ὑποδείκνυσι
3039 4776 3370 4830 διδασκαλία.

2247 4965 2287 5035 β’
2309 4966 2402 5017 καὶ
2419 4964 2494 5028 λζ’
2509 4964 2654 5034 σχόλ.
2671 4961 2764 5015 Διὸ
2793 4961 2973 5029 λέγει·
2999 4959 3238 5026 Ἔγειρε,
3259 4955 3628 5018 ὀκαθεύδων,
3646 4959 3747 5010 καὶ

2167 5056 2403 5112 ἀνάστα
2418 5057 2486 5109 ἐκ
2518 5054 2636 5108 τῶν
2664 5053 2913 5122 νεκρῶν,
2946 5051 3044 5105 καὶ
3075 5048 3395 5118 ἐπιφαύσει
3419 5064 3518 5101 σοι
3552 5052 3585 5102 ό
3615 5051 3751 5117 Χρι-

2168 5149 2339 5214 στός.
3047 5211 3052 5217 _

2241 5243 2285 5314 β’
2312 5243 2407 5296 καὶ
2439 5241 2514 5306 λζ’
2545 5241 2722 5312 ἔλεγχ.
2764 5241 2933 5294 Πόθεν
2963 5234 3040 5306 τῷ
3074 5233 3380 5303 Ἀποστόλῳ
3412 5233 3493 5296 τὸ,
3526 5232 3624 5284 Διὸ
3647 5233 3747 5285 καὶ

2165 5335 2348 5406 λέγει,
2378 5334 2510 5388 ἀλλὰ
2532 5334 2639 5386 ἀπὸ
2664 5334 2762 5405 τῆς
2789 5331 3028 5391 Παλαιᾶς
3052 5327 3206 5398 δῆλον
3233 5324 3505 5394 Διαθήκης
3529 5340 3543 5388 ;
3572 5323 3749 5375 Τοῦτο

2166 5429 2222 5482 δὲ
2271 5427 2569 5498 ἐμφέρεται
2622 5425 2774 5497 παρὰ
2810 5424 2888 5493 τῷ
2928 5422 3104 5491 Ἠλίᾳ.
3155 5417 3324 5471 Πόθεν
3359 5417 3414 5469 δὲ
3447 5417 3673 5486 ὡρμᾶτο
3717 5418 3747 5468 ὁ

2181 5521 2397 5586 Ἦλίας;
2429 5517 2590 5572 Ἀλλὰ
2617 5513 2698 5580 εἷς
2723 5513 2789 5589 ἧν
2811 5515 2919 5568 τῶν
2941 5509 3255 5585 προφητῶν,
3272 5508 3380 5562 τῶν
3402 5508 3542 5561 κατὰ
3577 5508 3746 5576 νόμον

2168 5607 2664 5678 πεπολιτευμένων,
2710 5605 2818 5658 ἀπὸ
2861 5604 3025 5674 νόμου
3082 5602 3177 5654 καὶ
3224 5598 3518 5672 προφητῶν
3557 5596 3748 5667 ὁρμώ-

2171 5719 2346 5771 μενος.
2387 5701 2449 5754 Εἰ
2483 5699 2538 5752 δὲ
2565 5699 2622 5754 ἐν
2648 5695 2870 5770 Χριστῷ
2902 5693 3272 5765 προεφήτευσε
3309 5691 3389 5756 τὸ,
3430 5691 3677 5757 Ἔγειρε,
3709 5696 3748 5742 d

552 5811 572 5843 ‘
609 5811 811 5870 lJoan.
839 5830 914 5884 Iv,
947 5815 1000 5872 8.
1079 5817 1099 5848 '
1126 5815 1323 5886 Ephes.
1358 5831 1416 5885 ll,
1456 5817 1516 5872 ll
1547 5833 1700 5893 seqq.
1779 5819 1796 5850 ³
1832 5817 2028 5887 Ephes.
2062 5834 2115 5884 ν,
2153 5817 2240 5872 Μ.
