4186 6374
438 363 545 422 ξος)

1104 365 1475 424 ADVERSUS
1514 364 1856 423 “IERESES
1892 363 2022 420 LIB.
2064 363 2105 420 1.
2147 363 2314 421 TOM.
2351 364 2436 419 ΠΙ.
2477 395 2547 406 -—
2586 363 2864 419 HERES.
2899 365 3058 424 XLII.

3613 363 3718 421 8i0

442 485 769 552 καθεύδων,
813 485 914 541 καὶ
945 486 1182 542 ἀνάστα
1225 489 1295 541 ἐκ
1328 486 1448 541 τῶν
1485 486 1734 556 νεκρῶν,
1775 485 1871 539 καί
1898 485 2026 538 ἐπι-

2140 492 2204 538 ιια
2254 484 2307 536 in
2352 483 2575 538 ChriSto
2615 482 2951 537 vaticinatus
2996 489 3080 538 est
3116 500 3128 535 :
3163 480 3330 552 Surge
3356 481 3444 552 qui
3473 479 3676 536 dormis
3700 522 3716 544 .

442 579 666 647 φαύσει
694 593 794 632 σοι
827 581 860 632 ό
885 579 1139 646 Χριστός
1158 596 1171 608 ·
1217 579 1325 650 ἄρα
1363 596 1426 647 γε
1465 579 1526 631 τὸ
1558 578 1910 650 πρωτότυπον
1937 575 2027 629 διὰ

445 670 697 740 Λαζάρου
740 671 834 724 καὶ
879 671 986 725 τῶν
1021 671 1196 726 ἄλλων
1245 673 1639 742 ἐπεπλήρωτο·
1695 671 1822 742 περὶ
1858 663 1932 723 ὧν
1977 670 2025 722 oi

445 763 598 815 αὐτοὶ
613 762 770 833 (δίε)ἁ
777 762 1080 832 μφέδαλλον
1092 763 1288 835 Μάρθα
1302 765 1394 817 καὶ
1405 763 1590 834 Μαρία
1602 763 1759 833 λέγου
1766 779 1873 818 σαι·
1884 763 2026 830 Ἤδη

449 854 560 916 ὄζει
580 872 594 884 ·
629 854 967 923 τεταρταῖός
990 855 1150 909 ἐστι·
1193 855 1289 908 καὶ
1308 855 1417 908 τῶν
1445 856 1540 908 τοῦ
1577 854 2027 927 ἀρχισυναγώγου

446 947 712 1016 λεγόντων
735 963 749 976 ·
771 947 996 1015 Μηκέτι
1020 948 1322 1001 σκύλλετε
1355 948 1464 1000 τὸν
1494 947 1900 1001 διδάσκαλον·
1935 944 2030 999 καὶ

448 1037 613 1090 αὑτοῦ
644 1037 891 1105 λέγοντος
910 1053 924 1067 ·
973 1037 1070 1105 Μὴ
1103 1037 1383 1106 φοϐεῖσθε
1408 1053 1423 1068 ⁸
1468 1039 1539 1091 οὺ
1565 1037 1676 1107 γὰρ
1706 1036 2027 1103 ἀπέθανεν,

447 1131 608 1185 ἀλλὰ
635 1130 925 1184 καθεύδει.
968 1131 1161 1200 Σαφῶς
1183 1131 1290 1203 γὰρ
1316 1132 1502 1184 ἔκτοτε
1530 1131 1592 1184 τὸ
1619 1132 1882 1202 κήρυγμα
1898 1131 2031 1183 ἑκά-

447 1220 531 1276 λει
559 1220 854 1274 ἀνάστασιν
881 1221 968 1274 διὰ
1001 1222 1240 1292 Χριστοῦ
1271 1221 1510 1274 ἔσεσθαι.
1558 1222 1666 1274 Καὶ
1698 1221 1759 1274 τὸ
1787 1220 2032 1285 ἐξουσια-

449 1310 632 1363 στικὸν
658 1311 757 1380 τῆς
784 1311 1065 1382 εὐχερείας
1088 1312 1456 1376 ὑπεδείκνυεν,
1492 1312 1577 1365 ἵνα
1608 1312 1666 1365 τὸ
1688 1312 1911 1366 δυνατὸν
1935 1311 2030 1364 τοῦ

448 1401 685 1472 Χριστοῦ
716 1402 993 1473 ὑποδείξῃ,
1025 1404 1128 1467 ὅτι,
1167 1404 1242 1468 ώς
1277 1403 1354 1474 τῷ
1388 1403 1662 1475 ἀνθρώπῳ
1689 1405 1933 1474 εὐχερὲς,
1971 1405 2031 1456 οὐ

446 1495 539 1548 τὸν
564 1495 923 1557 ἀποθανόντα,
949 1495 1084 1550 ἀλλὰ
1105 1497 1195 1550 τὸν
1218 1497 1551 1550 καθεύδοντα
1579 1496 1667 1549 διὰ
1690 1498 1874 1567 φωνῆς
1897 1498 1985 1565 ὲγε
1995 1499 2035 1549 ῖ-

450 1604 560 1658 ραι,
591 1585 761 1650 οὕτως
786 1587 879 1640 καί
913 1587 991 1658 τῷ
1021 1588 1241 1660 Χριστῷ
1267 1584 1334 1659 ἦν
1369 1589 1694 1660 έτοιμότατα
1731 1589 1794 1642 τὸ
1826 1590 1996 1642 εἰπεῖν
2017 1603 2029 1616 ⁸

449 1677 694 1746 Λάζαρε,
743 1678 920 1746 δεῦρο
943 1679 1079 1744 ἐξω,
1115 1681 1207 1732 καὶ
1235 1681 1314 1745 τὸ,
1347 1681 1554 1749 Κουμί.
1591 1680 1768 1750 κοινμὶ
1801 1681 2032 1744 ταλιθὰ,

446 1769 744 1833 τουτέστιν,
793 1770 1125 1838 Ἀνάστηθι,
1153 1773 1191 1840 ἡ
1229 1771 1387 1838 παῖς.
1409 1773 1562 1844 (Καὶ)
1594 1773 1660 1825 δι’
1685 1766 1759 1826 ὧν
1789 1772 2036 1844 ἐναργῶν

2131 584 2178 628 et
2202 590 2414 644 resurge
2438 590 2470 626 a
2499 574 2745 639 mortuis,
2762 582 2812 626 et
2837 572 3160 625 illuminabit
3187 582 3233 626 te
3255 570 3498 628 Christus
3518 613 3533 636 ,
3559 573 3720 642 plane

2132 667 2312 736 ipsum
2340 666 2638 736 exemplar,
2662 666 2808 736 quod
2839 665 3029 736 ﬁguris
3066 666 3176 721 illis
3203 665 3584 720 adumbratum
3611 673 3718 732 est,

2134 758 2190 812 in
2240 756 2478 821 Lazaro,
2512 758 2836 828 caeterisque
2868 757 2921 812 id
2961 773 3135 828 genus
3180 757 3462 828 impletum
3498 767 3603 814 est.
3645 757 3722 813 De

2135 847 2344 902 Lazaro
2374 847 2596 917 quidem
2621 847 2832 902 Martha
2864 863 2927 902 ac
2961 846 3128 900 Maria
3175 847 3494 904 dubitantes
3528 849 3602 902 ita
3637 849 3721 903 lo-

2135 949 2275 996 eutaa
2303 947 2431 996 sunt
2464 959 2477 996 :
2505 938 2632 993 Iam
2675 940 2820 1008 fetet,
2849 938 3241 1010 qualriduanus
3270 949 3348 994 est
3391 942 3432 995 ί.
3466 940 3534 994 At
3560 955 3725 1010 syna—

2136 1047 2285 1104 goga:
2317 1033 2585 1102 principis
2624 1031 2854 1086 comites
2887 1049 2901 1084 :
2939 1030 3149 1095 Nolite,
3183 1031 3540 1101 inquiebant,
3596 1031 3724 1100 fati-

2135 1142 2260 1197 gare
2292 1125 2638 1195 magistrum;
2664 1125 2757 1181 sed
2794 1122 3059 1180 Dominus
3086 1125 3190 1179 ista
3230 1125 3466 1193 subjecit
3496 1144 3509 1179 :
3543 1123 3726 1179 Nolite

2139 1220 2375 1283 timere;
2415 1235 2517 1272 non
2552 1225 2690 1272 enim
2743 1227 2957 1270 mortua
2992 1226 3108 1281 est,
3154 1216 3244 1270 sed
3283 1217 3478 1272 dormit
3519 1223 3560 1270 '.
3605 1215 3725 1271 Jatn

2141 1319 2254 1365 tum
2301 1312 2447 1366 enim
2481 1310 2664 1364 futura
2719 1325 2816 1382 per
2858 1309 3135 1364 Christum
3187 1311 3522 1365 resurrectio
3553 1310 3724 1364 divini

2139 1402 2288 1458 verbi
2341 1402 2618 1473 praeconio
2673 1401 3076 1456 celebrabatur.
3137 1399 3245 1455 Sed
3305 1411 3360 1456 et
3403 1411 3726 1472 potestatem

2140 1496 2322 1561 illius,
2372 1493 2678 1564 agendique
2732 1492 3050 1547 facilitatem
3093 1494 3401 1564 expressit,
3457 1503 3515 1549 ut
3563 1511 3727 1566 quam

2142 1594 2334 1657 potens
2367 1594 2513 1641 esset
2555 1587 2810 1653 Christus
2857 1587 3214 1649 ostenderet,
3238 1602 3306 1642 ex
3352 1604 3418 1643 eo
3467 1592 3610 1659 quod
3650 1594 3730 1648 uti

2141 1679 2345 1732 homini
2378 1678 2698 1732 facillimum
2725 1688 2810 1733 est
2843 1693 2957 1732 non
2988 1688 3265 1733 mortuum
3287 1722 3300 1740 .
3330 1682 3425 1736 sed
3449 1682 3729 1740 dormien-

2142 1779 2249 1826 tem
2309 1786 2443 1826 voce
2502 1771 2811 1836 suscitare,
2871 1772 2943 1826 ita
2982 1771 3201 1826 Christo
3255 1777 3728 1850 promptissimum

448 1860 775 1926 ἀποδείξεων
809 1863 1080 1935 ἐσήμανεν
1119 1866 1147 1917 ὁ
1183 1864 1338 1933 λόγος
1367 1865 1466 1934 τὴν
1501 1863 1658 1935 ἡμῶν
1695 1864 1885 1934 κλῆσιν
1925 1865 2032 1916 ἀπ’)

2140 1871 2254 1916 erat
2304 1863 2490 1917 dicere
2525 1881 2540 1919 :
2572 1861 2816 1922 Lazare.
2867 1865 2981 1917 veni
3037 1865 3183 1933 foras
3220 1871 3270 1933 ³;
3334 1877 3483 1931 tum,
3535 1869 3730 1939 Kumi,

447 1952 658 2025 νεκρῶν
693 1953 889 2024 ἔργων,
948 1955 1043 2008 καὶ
1079 1954 1247 2008 ὕπνου
1289 1954 1519 2025 βαρέως,
1567 1955 1723 2026 ἡμῶν
1754 1955 1863 2008 τῶν
1901 1973 2031 2008 ποτε

449 2043 819 2096 καθευδόντων
860 2045 1213 2116 ἀνεγείροντα
1253 2046 1344 2097 τὸν
1382 2045 1639 2116 Χριστὸν,
1692 2046 1787 2098 καὶ
1823 2044 1912 2098 διὰ
1939 2046 2035 2116 τῆς

449 2137 695 2204 κλήσεως
727 2135 1029 2204 φωτίζοντα
1057 2139 1203 2207 ἡμᾶς
1224 2153 1238 2168 ⁶
1268 2139 1390 2208 ἥτις
1414 2137 1603 2206 γέγονε
1636 2138 1862 2208 δευτέρα
1897 2137 2036 2208 αὕτη

450 2226 654 2296 σχέσις.
696 2226 770 2279 Τὸ
803 2227 859 2280 δὲ
884 2228 1087 2281 τέλειον
1121 2229 1215 2282 καὶ
1245 2229 1532 2283 καθολικὸν
1567 2229 2036 2301 προσδοκώμενον,

447 2316 578 2369 ὃταν
602 2319 630 2370 ὁ
661 2317 825 2381 αὐτὸς
849 2319 879 2370 ὁ
923 2318 1116 2387 λέγων,
1145 2319 1288 2388 Ἐγώ
1312 2322 1425 2383 εἰμι
1450 2321 1487 2387 ἡ
1511 2321 1868 2385 ἀνάστασις,
1899 2321 2039 2373 πάν-

449 2424 546 2471 τας
592 2408 798 2480 καλέσῃ
857 2411 951 2462 καὶ
991 2410 1180 2481 ἐγείρῃ
1219 2411 1433 2482 σώματι
1477 2414 1570 2466 καὶ
1597 2412 1765 2482 ψυχῇ,
1803 2412 1894 2464 καὶ
1923 2429 2039 2481 φω-

448 2497 572 2571 τίσῃ
603 2501 661 2553 ἐν
693 2503 759 2571 τῇ
789 2500 953 2553 αὑτοῦ
993 2500 1262 2574 μελλούσῃ
1290 2502 1583 2574 παρουσίᾳ.

2141 1953 2305 2008 Kumi
2339 1954 2697 2020 Talitha,lioc
2725 1964 2829 2018 est,
2864 1955 3052 2028 Surge,
3087 1959 3262 2027 puella
3285 1959 3522 2031 ‘.lisque
3555 1967 3733 2019 niani—

2140 2046 2455 2102 l‘estissimis
2494 2049 2836 2117 argumentis
2871 2047 2962 2102 Dei
2993 2050 3213 2104 verbum
3260 2054 3600 2109 vocationem
3650 2057 3731 2110 in—

2142 2137 2361 2191 dicabat
2407 2145 2691 2201 nostram,
2736 2135 3128 2208 Christumque
3165 2139 3453 2196 Dominum
3503 2145 3572 2199 ab
3603 2162 3734 2216 ope—

2145 2229 2298 2283 ribus
2338 2229 2601 2293 mortuis,
2636 2239 2691 2284 et
2731 2230 3003 2285 altissimo
3043 2248 3153 2302 quo
3187 2235 3510 2290 tenebamur
3540 2254 3734 2305 somno

2146 2319 2518 2387 nosmetipsos
2567 2321 2933 2383 excitantcm,
2984 2335 3049 2375 ac
3093 2324 3382 2381 vocatione
3425 2342 3525 2383 sua
3556 2332 3732 2385 collu-

2144 2419 2410 2465 strantem
2447 2431 2460 2465 :
2490 2426 2610 2480 qua:
2638 2411 2857 2481 quidem
2883 2413 3122 2467 secunda
3149 2413 3250 2470 fuit
3283 2416 3568 2474 habitudo.
3594 2421 3731 2476 Nam

2143 2499 2446 2570 perfectum
2508 2516 2574 2554 ac
2629 2501 2885 2569 generale
2936 2502 3068 2556 illud
3120 2508 3552 2573 exspectandum
3611 2519 3728 2576 est,

448 2613 575 2649 cum
611 2597 868 2651 nnuirum
917 2598 1006 2652 ille
1051 2599 1168 2667 ipse
1199 2599 1290 2668 qui
1325 2599 1509 2653 dixit:
1560 2597 1672 2669 Ego
1712 2616 1828 2652 sum
1884 2597 2230 2660 resurrectio,
2299 2596 2592 2652 universos
2637 2597 2986 2662 evocaverit,
3040 2605 3095 2652 et
3165 2613 3396 2670 corpore
3437 2616 3501 2655 ac
3554 2611 3736 2658 mente

450 2691 656 2763 pariter
683 2689 974 2755 excitarit,
1010 2698 1175 2759 atque
1216 2692 1268 2744 in
1299 2689 1481 2744 futuro
1509 2691 1746 2746 adventu
1784 2706 1884 2746 sua
1925 2693 2048 2746 luce
2086 2685 2410 2762 perfuderit.

521 2791 570 2854 γ’
603 2785 697 2838 καὶ
724 2785 805 2855 λη’
829 2785 978 2856 σχόλ.
1021 2786 1168 2838 Ἀντὶ
1193 2785 1308 2847 τοῦ,
1339 2787 1702 2856 Καταλείψει
1729 2787 2041 2856 ἅνθρωπος

449 2875 559 2930 τὸν
602 2875 830 2944 πατέρα
873 2876 1061 2930 αὑτοῦ
1108 2875 1206 2929 καὶ
1248 2875 1364 2944 τὴν
1389 2876 1638 2946 μητέρα,
1679 2877 1776 2931 καὶ
1816 2881 2040 2946 κολλη-

450 2967 698 3035 θήσεται
727 2967 804 3037 τῇ
827 2969 1094 3037 γυναικί·
1136 2969 1235 3022 καὶ
1255 2969 1499 3024 ἔσονται
1532 2973 1585 3024 ol
1608 2972 1718 3025 δύο
1737 2973 1822 3038 εὶς
1843 2971 2040 3040 σάρκα

456 3061 614 3124 ιιιάν,
649 3060 800 3130 παρὰ
833 3059 914 3124 τὸ,
949 3057 1024 3128 τῇ
1059 3061 1320 3128 γυναικί.

521 3159 568 3220 γ’
601 3151 696 3205 καὶ
716 3151 799 3225 λη’
829 3142 1010 3222 ἕλεγχ.
1069 3151 1469 3207 Ἀποδέδεικται
1495 3152 1756 3216 πολλάκις
1787 3152 1860 3224 μὴ
1889 3151 2039 3206 ἁλλό-

2217 2782 2402 2838 Schol.
2446 2785 2480 2840 5
2509 2793 2563 2840 et
2609 2783 2698 2840 58.
2730 2784 2788 2839 In
2815 2801 2882 2840 eo
2923 2785 3070 2856 quod
3103 2787 3367 2858 scriptum
3395 2799 3482 2846 est
3511 2811 3524 2847 :
3557 2791 3738 2848 Relin-

2143 2889 2265 2944 quet
2305 2876 2460 2930 homo
2505 2889 2710 2947 patrem
2757 2894 2912 2930 suum
2941 2889 2990 2930 et
3045 2890 3306 2945 matrem,
3350 2891 3400 2936 et
3448 2883 3736 2939 adlta'rebit

2143 2969 2338 3033 uxori;
2384 2979 2433 3023 et
2465 2979 2615 3023 erunt
2644 2969 2750 3022 duo
2777 2971 2833 3024 in
2870 2987 3082 3024 carnem
3121 2987 3281 3025 unam
3305 2973 3346 3037 ³,
3407 2977 3733 3032 vocabulum

2141 3061 2299 3112 uxori
2335 3061 2580 3114 sustufit.

2211 3149 2395 3206 Relnt.
2414 3151 2447 3206 5
2463 3159 2516 3206 et
2541 3150 2630 3205 58.
2652 3148 3040 3222 Saepenumero
3069 3153 3380 3219 docuimus,
3398 3155 3541 3210 haud
3559 3157 3735 3212 aliena

448 3260 576 3315 τρια
611 3241 751 3298 εἶναι
784 3245 854 3300 τὰ
893 3247 950 3298 ὲν
977 3244 1056 3316 τῷ
1101 3245 1253 3316 νόμῳ
1294 3249 1409 3308 τοῖς
1439 3247 1548 3300 ἀπὸ
1581 3245 1674 3299 τοῦ
1718 3245 2038 3299 Ἀποστόλου

2145 3259 2266 3299 esse
2300 3258 2422 3312 quas
2461 3243 2518 3298 in
2563 3243 2679 3313 lege
2727 3251 2856 3297 sunt
2895 3242 3056 3314 373
3088 3245 3157 3298 ab
3190 3244 3257 3299 iis
3290 3261 3410 3314 quae
3441 3246 3738 3316 Apostolus

447 3333 887 3404 διδασκομένοις·
940 3333 1044 3387 κάν
1074 3351 1136 3387 τε
1170 3335 1256 3398 σὺ,
1305 3328 1350 3387 ὦ
1383 3334 1671 3406 Μαρκίων,
1720 3331 2046 3405 παρακόψῃς

448 3427 529 3492 τὸ,
555 3428 816 3497 γυναικί.
849 3426 980 3480 Ἀπὸ
1007 3425 1102 3480 τοῦ
1124 3426 1254 3498 γὰρ,
1275 3427 1522 3482 ἔσονται
1550 3429 1637 3495 εἰς
1662 3425 1860 3497 σάρκα
1875 3428 2042 3497 μίαν,

447 3517 580 3590 δήλη
609 3536 701 3573 σου
729 3520 881 3573 ἐσται
904 3520 938 3590 ἡ
967 3520 1116 3572 πᾶσα
1143 3518 1480 3591 ῥᾳδιουργία.

455 3631 570 3701 Τῆς
604 3633 755 3702 πρὸς
795 3631 1134 3704 Κολοσσεῖς
1175 3632 1396 3704 orbem
1423 3633 1582 3703 παρὰ
1617 3632 1697 3699 τῷ
1737 3632 2045 3703 Μαρκίωνι

521 3703 821 3828 κέινμένης,
852 3703 1014 3773 παρὰ
1050 3702 1121 3756 δὲ
1141 3701 1230 3769 τῶ
1277 3701 1618 3768 Ἀποστὸλῳ
1643 3701 1898 3775 ἑϐδόμης
1925 3721 2045 3758 κει-

524 3793 562 3828 ιι
639 3793 732 3828 'nc.

518 3793 732 3844 μενης.

523 3886 573 3941 α’
605 3885 699 3940 καὶ
732 3885 810 3938 λθ’
864 3884 1011 3957 σχόλ.
1049 3883 1150 3954 Μὴ
1183 3879 1299 3941 οὖν
1339 3903 1432 3953 τις
1478 3885 1635 3957 ὑμᾶς
1679 3885 1925 3956 κρινέτω
1975 3889 2044 3941 ἐν

451 3977 694 4046 βρώσει,
725 3977 764 4045 ἢ
795 3977 864 4031 ἐν
899 3980 1101 4044 πόσει,
1133 3977 1172 4047 ἢ
1219 3978 1288 4032 ἐν
1315 3977 1514 4047 ἑορτῇ,
1563 3978 1602 4048 ἢ
1647 3979 1717 4032 ἐν
1757 3981 2044 4050 νεομηνία

454 4071 549 4124 καί
584 4068 880 4134 Σαϐϐάτῳ,
914 4069 946 4123 ὅ
975 4071 1110 4124 ἐστι
1137 4068 1283 4124 σκιὰ
1319 4068 1439 4124 τῶν
1472 4073 1844 4139 μελλόντων.

525 4169 573 4216 α’
616 4161 713 4216 καὶ
745 4161 822 4215 λθ’
854 4162 1036 4234 ἕλεγχ.
1091 4160 1404 4232 Οὐδαμόθεν
1445 4162 1743 4215 ὑποπίπτει
1804 4161 1951 4225 σκιὰ,
1996 4157 2043 4216 ὦ

453 4255 736 4328 Μαρκίων,
785 4255 900 4308 ἀλλ’
933 4256 968 4324 ἢ
1007 4254 1117 4308 ἀπὸ
1145 4254 1430 4325 σώματος·
1480 4255 1576 4308 καὶ
1607 4254 1768 4326 σῶμα
1799 4256 1858 4308 οὐ
1887 4254 2044 4308 δύνα-

451 4364 542 4401 ται
589 4345 749 4410 εἶναι,
803 4348 963 4412 σκιᾶς
1010 4347 1105 4400 ἀπ’
1142 4345 1308 4399 αὑτοῦ
1360 4346 1434 4417 μὴ
1481 4346 1833 4416 φαινομένης.
1881 4346 2042 4400 Ὅθεν

451 4439 742 4510 πεισθῆναι
770 4438 1076 4508 ὀφείλουσιν
1107 4439 1154 4490 οἱ
1186 4436 1295 4491 ἀπὸ
1323 4436 1417 4489 σοῦ
1445 4436 1788 4507 ἠπατημένοι
1819 4435 1906 4489 διὰ
1935 4435 2043 4489 τῶν

453 4531 533 4585 ἔτι
562 4531 712 4604 παρὰ
739 4529 834 4583 σοῦ
875 4530 1296 4601 φυλαττομένων
1321 4528 1421 4599 τῆς
1449 4527 1708 4601 ἀληθείας
1746 4528 1855 4582 τῶν
1880 4526 2041 4582 θείων

2148 3336 2401 3401 tradidit;
2437 3335 2574 3399 etsi,
2635 3334 2860 3402 Marcio,
2902 3351 3099 3390 nomen
3151 3341 3338 3391 uxoris
3379 3342 3734 3409 expunxeris.

2101 3497 2107 3503 _
2147 3430 2364 3484 Etenim
2410 3428 2502 3482 illa
2556 3429 2676 3498 ipsa
2720 3427 2921 3494 verba,
2971 3439 3123 3482 erunt
3177 3430 3231 3482 in
3287 3447 3500 3484 carnem
3530 3443 3734 3499 unam,

2147 3521 2392 3577 fraudem
2430 3530 2576 3575 tuam
2610 3520 2747 3577 satis
2780 3537 3055 3592 superque
3083 3520 3344 3594 detegunt

2151 3635 2233 3690 Ea:
2267 3634 2511 3705 Epistola
2547 3634 2616 3686 ad
2653 3631 3014 3690 Colossenses.
3053 3651 3214 3704 quam
3246 3646 3485 3705 octavam
3529 3637 3738 3695 Marcio

2496 3706 2743 3769 collocat,
2773 3706 3059 3773 Apostolus
3097 3723 3215 3760 tero
3258 3704 3369 3760 νιι

2221 3880 2408 3938 Schol.
2451 3883 2476 3936 l
2512 3890 2567 3936 et
2608 3882 2697 3937 59.
2741 3881 2912 3936 Nemo
2957 3900 3080 3953 ergo
3133 3901 3221 3939 vos
3267 3886 3473 3955 judicet
3508 3889 3562 3942 in
3597 3889 3734 3954 cibo,

2147 3984 2239 4027 aut
2263 3975 2315 4026 in
2345 3984 2493 4041 potu,
2539 3984 2632 4027 aut
2664 3976 2716 4028 in
2748 3974 2904 4044 festo,
2953 3986 3046 4028 aut
3081 3978 3136 4030 in
3173 3975 3486 4046 Neomenia,
3515 3989 3566 4034 et
3600 3979 3738 4036 Sab-

2147 4064 2290 4130 bato,
2322 4081 2438 4136 qua:
2467 4075 2544 4119 est
2582 4065 2769 4119 umbra
2799 4067 3102 4135 futurorum
3122 4070 3163 4125 ⁸.

2218 4157 2402 4212 Relut.
2455 4158 2479 4212 1
2517 4167 2569 4213 et
2599 4159 2688 4216 59.
2732 4161 2915 4231 Neque
2961 4163 3181 4219 aliunde
3217 4180 3382 4234 quam
3427 4180 3457 4220 a
3504 4183 3737 4239 corpore

2147 4251 2344 4304 umbra
2380 4251 2690 4322 spargitur;
2737 4269 2914 4323 neque
2960 4269 3163 4324 corpus
3201 4270 3325 4311 esse
3357 4267 3557 4326 potest,
3601 4261 3735 4331 quin

2146 4341 2216 4396 ab
2249 4355 2314 4395 eo
2359 4341 2552 4395 umbra
2593 4353 2898 4412 promanet.
2949 4345 3317 4410 Quamobrem
3351 4365 3415 4403 ex
3460 4350 3568 4407 illis
3601 4353 3736 4422 ipsis

2145 4431 2393 4486 veritatis
2451 4446 2515 4487 ac
2565 4447 2850 4490 sacrarum
2897 4433 3228 4490 Litterarum
3281 4438 3550 4510 reliquiis,
3594 4458 3735 4513 quas

2146 4523 2292 4593 apud
2323 4535 2375 4580 te
2417 4525 2644 4590 retines,
2688 4523 2902 4580 discere
2937 4525 3300 4582 circumventi
3336 4529 3434 4586 abs
3475 4541 3526 4586 te
3555 4531 3734 4587 homi-

449 4625 683 4698 Γραφῶν
721 4625 1008 4694 λειψάνων,
1053 4624 1155 4686 ὅτι,
1213 4623 1514 4695 μελλόντων
1561 4623 1783 4693 ἀγαθῶν
1833 4624 2038 4677 ἀποκα-

2150 4631 2248 4672 nes
2276 4617 2508 4685 debent,‘
2533 4618 2602 4674 ab
2634 4616 2703 4673 iis
2728 4617 2889 4674 bonis
2919 4635 3040 4690 quae
3071 4621 3364 4692 retegenda
3394 4623 3526 4677 olim
3551 4633 3730 4689 erant,

450 4718 773 4781 λὺπτεσθαι,
827 4716 927 4770 οὐκ
978 4716 1236 4788 ἀλλότρια
1284 4710 1352 4788 ἦν
1404 4715 1473 4769 τὰ
1521 4717 1643 4770 τότε
1693 4714 2040 4786 δικαιώματα

450 4809 803 4881 προσκαίρως
842 4807 1297 4879 προστεταγμένα
1343 4809 1472 4879 περὶ
1525 4806 1782 4880 βρώσεως
1815 4807 1909 4861 καὶ
1939 4807 2039 4860 πό-

453 4915 612 4960 σεως,
648 4897 741 4950 καὶ
773 4896 972 4974 μέρους
1003 4897 1208 4970 ἑορτῶν
1243 4897 1336 4951 καὶ
1365 4898 1665 4968 νεομηνιῶν
1705 4899 1800 4952 καὶ
1825 4898 2039 4953 Σαϐϐά-

448 5008 578 5051 των,
603 4982 680 5043 ὧν
706 4989 926 5058 ἀγαθῶν
970 4991 1099 5044 σκιὰ
1137 4986 1278 5062 ἦσαν
1315 4990 1383 5043 τὰ
1413 4991 1818 5064 προειρημένα·
1865 4993 1930 5045 δι’
1963 4986 2039 5047 ὧν

452 5081 621 5135 σκιῶν
669 5083 730 5136 τὺ
780 5083 937 5152 σῶμα
967 5083 1375 5154 κατειλήφαμεν
1413 5083 1521 5136 τῶν
1563 5083 1874 5138 ἐνεστώτων
1904 5085 2038 5154 ἀγα-

451 5173 561 5228 θῶν
607 5176 665 5227 ὲν
694 5177 845 5246 νόμῳ
891 5175 991 5248 μὲν
1034 5175 1574 5248 σκιαγραφηθέντων,
1617 5179 1675 5232 ἐν
1717 5177 1938 5250 Χριστῷ
1981 5177 2038 5232 δὲ

448 5266 866 5321 τελειωθέντων.

865 5379 1021 5446 Πρὸς
1051 5378 1357 5448 Φιλήμονα
1387 5379 1626 5448 ἐνάτης.

520 5488 706 5554 Οὕτως
754 5489 863 5561 γὰρ
896 5489 1046 5560 παρὰ
1087 5489 1164 5560 τῷ
1193 5491 1482 5561 Μαρκίωνι
1534 5495 1732 5546 κεῖται.
1780 5492 1936 5564 Παρὰ
1976 5491 2034 5544 δὲ

459 5580 528 5653 ιῷ
568 5582 878 5653 Ἀποστόλῳ
918 5583 1123 5654 ἐσχάτη
1154 5585 1365 5636 κεῖταν
1402 5585 1461 5635 ὲν
1501 5585 1647 5655 τρισὶ
1675 5583 1731 5636 δὲ
1771 5584 2032 5655 ἀντιγρὰ-

527 5756 545 5789 ¹
578 5755 735 5813 Joan.
777 5774 850 5822 XI,
892 5757 979 5811 59.
1061 5759 1080 5788 ³
1124 5756 1294 5812 Marc.
1332 5774 1385 5818 v,
1534 5759 1622 5815 59.
1701 5760 1719 5790 ³
1754 5757 1913 5814 Joan.
1949 5775 2022 5824 vi,
2063 5761 2148 5814 45.

791 5901 1058 5960 Ριτιιοι.
1118 5900 1238 5963 Gn.
1293 5901 1459 5960 XLI.

2148 4708 2408 4763 mandata
2439 4711 2530 4764 illa
2563 4727 2909 4782 nequaquam
2939 4712 3322 4781 abhorruisse,
3364 4731 3484 4786 qua:
3511 4717 3578 4772 de
3607 4717 3732 4772 cibo

2148 4816 2214 4854 ac
2246 4814 2399 4871 potu,
2434 4802 2611 4869 festis,
2646 4818 2711 4857 ac
2734 4802 3070 4872 Neomeniis,
3102 4817 3157 4862 et
3186 4805 3442 4864 Sabbatis
3468 4825 3566 4879 pro
3593 4819 3732 4865 tem-

2146 4895 2300 4964 poris
2345 4897 2558 4951 ratione
2605 4897 2925 4966 praescripta
2973 4906 3102 4954 sunt
3133 4917 3146 4954 :
3179 4915 3411 4969 quarum
3455 4917 3556 4955 nos
3606 4918 3729 4956 um-

2146 4987 2370 5043 brarum
2405 4989 2671 5044 beneﬁcio
2707 4993 3058 5061 prmsentium
3104 4993 3397 5056 bonorum,
3435 5001 3495 5047 ut
3541 4996 3612 5048 ita
3643 4996 3729 5050 di-

2146 5093 2290 5140 cam.
2325 5095 2527 5152 corpus
2556 5082 2738 5153 adepti
2767 5100 2979 5150 sumus,
3009 5101 3131 5154 qum
3160 5086 3214 5140 in
3247 5086 3366 5156 lege
3403 5085 3730 5143 adumbrata

2146 5180 2429 5240 postremo
2463 5175 2519 5228 in
2551 5174 2774 5231 Christo
2804 5175 3047 5247 perfecta
3081 5185 3212 5232 sunt

2313 5380 2386 5434 De
2419 5380 2658 5450 Epistula
2689 5380 2795 5447 IX,
2827 5399 2942 5450 qua:
2971 5395 3047 5437 est
3077 5385 3145 5436 ad
3177 5382 3552 5438 Philemonem.

2215 5492 2328 5546 lloc
2363 5494 2510 5546 illam
2558 5495 2750 5549 ordine
2793 5493 2999 5550 Marcio
3047 5496 3370 5562 collocavit,
3416 5514 3541 5551 eum
3581 5498 3728 5567 Apo-

2142 5585 2317 5640 stolus
2345 5586 2537 5640 ultimo
2571 5587 2691 5641 loco
2723 5589 2986 5657 posuerit.
3022 5588 3128 5645 Sed
3165 5592 3218 5644 in
3266 5591 3546 5646 nonnullis
3575 5592 3724 5646 codi-

2235 5763 2251 5790 ⁸
2282 5760 2442 5814 Marc.
2473 5777 2526 5827 v,
2567 5761 2655 5815 41.
2737 5765 2756 5794 ⁵
2786 5763 2984 5833 Ephes.
3018 5784 3070 5830 ν,
3094 5767 3181 5822 3i.
3261 5771 3281 5799 ⁶
3314 5770 3505 5826 Coloss
3537 5788 3592 5836 ιι,
3628 5770 3713 5826 l6.

3345 5910 3423 5970 26
