4186 6374
520 352 618 409 8H

1917 352 1973 407 S.
2018 350 2359 409 EPIPIIANII

3661 354 3766 410 8I2

521 468 681 523 cibus
707 463 824 519 XIII
844 473 969 520 ante
988 464 1290 537 Epistolam
1312 465 1378 519 ad
1398 464 1674 529 Hebraeos,
1702 481 1823 535 qua!
1845 474 1929 522 est
1945 465 2083 527 XIV,

2191 484 2310 533 φοις
2358 470 2779 541 τρισκαιδεκάτη
2829 471 2936 543 πρὸ
2980 473 3079 543 τῆς
3124 472 3258 545 πρὸς
3319 473 3603 545 Ἐϐραίους
3644 491 3768 526 τεσ-

522 570 861 614 numeratur.
906 558 1024 612 Alia
1064 573 1261 613 rursus
1302 556 1635 627 exemplaria
1674 555 1972 625 Epistolam
2025 558 2089 610 ad

521 649 778 704 Hebraeos
824 648 1090 703 decimam
1140 655 1370 718 ponunt,
1419 645 1590 700 ante!
1642 655 1694 699 et
1730 643 1769 696 ll
1806 645 1873 699 ad
1914 643 2095 697 Timo-

520 743 731 806 theum,
788 740 856 795 ad
900 740 1102 805 Titum,
1144 748 1197 794 et
1241 738 1631 793 Philemonem.
1686 735 1791 791 Sed
1824 736 2089 807 quidquid

518 844 603 890 est
634 835 967 904 integrorum
1013 848 1075 886 ac
1116 832 1217 887 ﬁde
1248 832 1534 901 dignorum
1576 830 1826 884 codicum
1860 828 2089 897 primam

520 928 586 981 ad
625 925 902 980 Romanos
934 924 1231 994 Epistolam
1264 923 1519 985 collocat,
1557 938 1664 976 non
1699 938 1818 976 eam
1866 936 1987 991 qua:
2024 920 2091 974 ad

518 1016 736 1073 Galatas
758 1026 865 1077 est,
893 1032 1053 1086 quam
1086 1024 1143 1069 tu
1167 1016 1397 1083 primam
1428 1030 1571 1078 esse,
1597 1013 1820 1076 Marcio,
1848 1011 2087 1067 voluisti.

517 1112 786 1165 (laterum
820 1109 956 1163 nihil
988 1124 1050 1163 ex
1094 1106 1335 1177 Epistola
1363 1108 1429 1160 ad
1454 1105 1827 1161 Philemonem
1862 1104 2091 1158 adnota—

518 1202 718 1266 vimus,
750 1201 894 1272 quod
929 1199 1072 1270 apud
1105 1199 1256 1253 illum
1287 1198 1510 1253 omnino
1541 1197 1837 1268 depravata
1869 1198 2086 1268 legitur.

834 1334 918 1388 Ea:
948 1335 1187 1403 Epistula
1214 1333 1283 1387 ad
1316 1334 1676 1403 Philippenses
1701 1332 1773 1387 X.

585 1449 711 1504 Haec
743 1450 887 1505 enim
934 1450 1077 1519 apud
1110 1448 1442 1504 Marcionem
1486 1448 1697 1503 decima
1736 1456 1821 1503 est
1846 1445 2010 1519 374
2036 1453 2092 1501 et

515 1542 726 1604 ultima,
774 1541 916 1611 apud
951 1541 1271 1610 Apostolum
1315 1547 1490 1595 sexta.
1531 1540 1616 1595 Ab
1666 1540 1789 1605 hac,
1824 1540 1969 1610 quod
2009 1540 2091 1593 vi-

513 1633 647 1686 tiata
692 1633 908 1702 penitus
942 1639 1089 1688 esset
1140 1646 1204 1685 ac
1254 1638 1533 1702 corrupta,
1581 1630 1720 1685 nihil
1753 1628 2088 1699 seligendum

513 1725 790 1780 duximus.

2194 564 2688 635 σαρεσκαιδεκάτης
2716 566 2992 620 τέτακται.
3035 567 3203 620 Ἀλλα
3233 569 3291 621 δὲ
3317 568 3626 638 ἀντίγραφα
3653 567 3765 637 ἔχει

2192 654 2290 724 τὴν
2320 656 2456 726 πρὸς
2509 656 2792 727 Ἐϐραίους
2833 660 3066 731 δεκάτην
3091 660 3196 729 πρὸ
3232 660 3340 713 τῶν
3372 659 3463 712 δύο
3489 661 3597 712 τῶν
3631 660 3767 733 πρὸς

2192 747 2475 814 Τιμόθεον,
2526 750 2619 802 καὶ
2662 750 2842 816 Τίτον,
2892 754 2985 805 καὶ
3032 753 3332 822 Φιλήμονα.
3375 752 3559 805 Πάντα
3596 753 3652 805 δὲ
3698 753 3765 805 τά

2192 838 2499 911 ἀντίγραφα
2533 841 2599 894 τὰ
2642 842 2757 895 σῶα
2799 845 2896 896 καὶ
2925 844 3096 915 ἀληθῆ
3134 844 3233 914 τὴν
3278 844 3415 914 πρὸς
3463 845 3764 913 Ῥωμαίους

2191 928 2371 1002 έχουσι
2407 930 2648 1003 πρώτην,
2677 935 2776 1004 οὐχ
2806 935 2881 998 ὠς
2910 937 2996 999 σὺ,
3042 935 3322 1001 Μαρκίων,
3348 936 3443 1003 τὴν
3479 935 3613 1004 πρὸς
3658 934 3763 985 Γα·⁴

2192 1022 2361 1087 λάτας
2386 1023 2581 1089 ἔταξας
2614 1025 2857 1096 πρώτην.
2904 1027 3092 1096 Ὅμως
3119 1026 3228 1078 ἀπὸ
3266 1025 3472 1094 ταύτης
3494 1026 3592 1094 τῆς
3630 1024 3767 1092 πρὸς

2189 1114 2466 1184 Φιλήμονα
2492 1116 2645 1169 οὐδὲν
2675 1116 3046 1187 παρεθέμεθα,
3072 1116 3158 1170 διὰ
3176 1117 3236 1170 τὸ
3267 1117 3565 1188 ὁλοσχερῶς
3595 1116 3767 1187 αὐτὴν

2189 1203 2526 1276 διαστρόφως
2564 1208 2694 1277 παρ’
2722 1207 2869 1278 αὐτῷ
2898 1207 3129 1261 κεῖσθαι.

2506 1343 2662 1411 Πρὸς
2704 1346 3147 1409 Φιλιππησίους
3170 1343 3443 1411 δεκάτης.

2260 1454 2446 1518 Οὕτως
2491 1456 2597 1528 γὰρ
2656 1458 2832 1510 κεῖται
2888 1456 3037 1527 παρά
3087 1455 3164 1526 τῷ
3215 1456 3501 1525 Μαρκίωνι
3558 1456 3764 1525 ἐσχάτη

2192 1548 2285 1600 καὶ
2324 1546 2547 1617 δεκάτη.
2579 1548 2729 1617 παρὰ
2749 1548 2805 1601 δὲ
2830 1548 2907 1619 τῷ
2949 1548 3255 1618 Ἀποστόλῳ
3283 1548 3434 1617 ἕκτη,
3493 1546 3763 1609 Ὡσαύτως

2188 1635 2309 1690 οὐδὲ
2341 1638 2434 1689 ἀπ’
2473 1638 2664 1707 αὐτῆς,
2696 1637 2785 1691 διὰ
2813 1638 2873 1690 τὸ
2911 1638 3248 1711 διαστρόφως
3292 1640 3422 1709 παρ’
3463 1637 3611 1709 αὐτῷ
3649 1640 3762 1692 κεῖ-

2194 1726 2337 1792 σθαι,
2367 1727 2516 1780 οὐδὲν
2544 1728 2922 1798 ἐξελεξάμεθα.

582 1814 869 1871 Hactenus
906 1813 1198 1869 Marcionis
1232 1828 1370 1885 opus
1396 1830 1460 1869 ex
1495 1812 1771 1883 Evangelii
1806 1809 1989 1874 Lucae,
2035 1819 2088 1865 et

2262 1820 2409 1890 Αὕτη
2442 1822 2793 1893 πεπλήρωται
2828 1824 2861 1892 ἠ
2900 1822 2992 1874 τοῦ
3026 1822 3348 1893 Μαρκίωνος
3379 1822 3626 1889 σύνταξις
3656 1822 3763 1875 ἀπὸ

517 1907 764 1978 Apostoli
802 1906 1154 1975 scriptorum,
1186 1921 1249 1960 ac
1276 1906 1511 1975 denique
1538 1918 1818 1958 sacrorum
1852 1903 2086 1956 volumi—

513 2012 644 2051 num
680 1995 925 2065 reliquiis
959 2002 1298 2049 contextum.
1333 1992 1409 2045 Ex
1437 1991 1637 2061 quibus
1683 1990 1751 2043 ab
1779 2004 1845 2045 eo
1884 1987 2089 2043 relictis

513 2088 822 2161 particulis,
862 2102 982 2157 qua:
1008 2087 1073 2141 ad
1109 2087 1258 2139 illum
1302 2082 1734 2139 convincendum
1768 2081 1947 2136 facere
1991 2095 2089 2150 po-

512 2187 694 2236 terant
728 2179 1049 2249 delegimus.
1087 2178 1289 2232 Prwter
1323 2178 1437 2231 haec
1488 2190 1619 2231 vero
1654 2191 1720 2230 ex
1759 2189 1823 2230 ea
1868 2188 1989 2244 qua:
2022 2172 2088 2226 ad

512 2274 879 2328 Laodicenses
912 2272 1171 2341 inscripta
1202 2283 1285 2325 est
1308 2270 1570 2339 Epistola,
1600 2267 1847 2338 quadam
1880 2265 1935 2318 in
1964 2280 2087 2319 eum

511 2366 733 2429 librum,
763 2380 923 2436 quem
951 2364 1309 2433 Apostolicum
1343 2371 1521 2424 vocat,
1553 2360 1853 2414 transtulit.

584 2456 769 2512 Schol.
809 2458 834 2511 I
877 2468 930 2511 et
959 2458 1051 2511 40.
1096 2455 1242 2509 Unus
1281 2456 1562 2523 Dominus,
1603 2474 1709 2509 una
1740 2457 1891 2525 ﬁdes,
1925 2474 2089 2511 unum

512 2550 795 2618 baptisma,
841 2566 976 2603 unus
1024 2548 1288 2614 Christus,
1323 2565 1457 2603 unus
1498 2548 1640 2603 Deus
1688 2560 1736 2602 et
1783 2549 1945 2604 Pater
1979 2567 2091 2603 om—

511 2647 656 2698 nium
684 2662 696 2697 :
722 2644 813 2714 qui
834 2658 988 2712 super
1012 2644 1189 2697 omnia
1217 2652 1266 2695 et
1302 2657 1393 2711 per
1419 2642 1595 2696 omnia
1624 2651 1670 2695 et
1700 2644 1752 2695 in
1783 2640 2023 2695 omnibus
2044 2642 2085 2695 ¹.

580 2826 761 2882 Refut.
790 2828 816 2881 1
856 2834 910 2882 et
938 2827 1025 2881 40.
1068 2825 1435 2881 Consentium
1473 2841 1595 2879 cum
1626 2825 1692 2880 iis
1725 2840 1847 2893 qua:
1878 2825 1931 2879 in
1961 2824 2087 2895 Epi-

515 2923 662 2975 stola
687 2919 798 2974 adE
818 2920 1036 2990 phesios
1064 2919 1338 2989 leguntur,
1362 2932 1481 2988 qua:
1501 2933 1565 2971 ex
1592 2916 1833 2986 Epistola
1862 2917 1927 2970 ad
1949 2915 2089 2971 Lao-

521 3014 750 3068 dicenos
790 3013 891 3082 (sic
928 3011 1073 3065 enim
1106 3010 1445 3080 inscribitur)
1477 3016 1668 3063 contra
1698 3018 1751 3063 te
1777 3008 2087 3062 testimonia

512 3106 810 3176 protulisti,
856 3113 916 3159 ut
955 3105 1007 3158 in
1057 3104 1163 3159 ﬁne
1212 3102 1433 3157 tandem
1459 3116 1580 3171 qua:
1627 3100 1695 3154 ad
1729 3109 1782 3155 te
1812 3100 2087 3171 pertinent

512 3199 741 3270 legendo
772 3198 1073 3261 discamus,
1104 3206 1335 3266 tuasque
1363 3210 1451 3250 res
1491 3193 1842 3263 intelligendo
1869 3196 1974 3247 tria
1997 3193 2087 3247 illa

511 3300 719 3346 temere
742 3291 839 3346 abs
870 3298 922 3345 te
956 3290 1266 3360 excogitata
1297 3288 1564 3358 principia
1596 3287 1865 3357 principio
1888 3302 2087 3341 caren-

511 3383 607 3445 tia,
669 3390 722 3436 et
758 3398 789 3434 a
851 3396 910 3437 se
973 3381 1204 3434 invicem
1251 3380 1466 3435 diversa
1520 3379 1863 3434 damnemus.
1906 3376 2090 3449 Longe

510 3476 658 3528 enim
696 3474 804 3527 alia
848 3479 934 3528 est
965 3472 1211 3542 Apostoli
1240 3472 1513 3534 doctrina,
1559 3486 1624 3525 ac
1665 3470 1860 3541 dogma
1896 3469 2090 3526 ﬁrmis-

512 3567 734 3629 simum,
792 3564 936 3634 quod
981 3579 1011 3617 a
1043 3563 1204 3633 nugis
1258 3563 1366 3619 tuis
1403 3578 1466 3617 ac
1510 3564 1709 3618 fabulis
1762 3578 2090 3633 magnopere

511 3656 759 3713 dissidet.
792 3655 1007 3710 Etenim
1038 3655 1328 3725 perspicue
1372 3670 1539 3708 unum
1572 3653 1862 3709 Dominum
1901 3655 2090 3710 deﬁnit

510 3764 656 3812 esse,
716 3763 881 3802 unam
923 3748 1107 3811 ﬁdem,
1151 3762 1317 3800 unum
1367 3746 1656 3815 baptisma,
1705 3763 1872 3800 unum
1918 3746 2088 3801 Deum

510 3841 871 3910 eumdemque
910 3839 1126 3893 Patrem
1160 3838 1429 3899 omnium,
1481 3839 1576 3907 qui
1610 3853 1777 3907 super
1812 3839 1997 3894 omnia
2034 3847 2091 3894 et

511 3933 569 3987 in
594 3932 845 3988 omnibus
874 3942 980 3994 est,
1019 3940 1127 3985 tam
1156 3931 1209 3983 in
1243 3931 1359 4001 lege
1386 3946 1547 4000 quam
1592 3931 1648 3983 in
1690 3930 1991 4000 prophetis,
2034 3939 2092 3986 et

511 4025 567 4079 in
598 4024 863 4093 apostolis
898 4022 1177 4088 omnibus,
1217 4037 1281 4076 ac
1314 4021 1575 4090 deinceps
1608 4022 1838 4076 caeteris.

583 4116 709 4170 Ilaec
737 4116 903 4186 igitur
931 4130 960 4169 e
988 4129 1271 4169 sacrarum
1307 4113 1639 4167 Litterarum
1672 4113 1940 4182 reliquiis,
1967 4128 2089 4182 qua:

510 4205 655 4275 apud
696 4204 1024 4259 Marcionem
1055 4204 1234 4257 adhuc
1270 4204 1640 4273 reperiuntur,
1674 4220 1703 4257 a
1734 4205 1893 4260 nobis
1923 4205 2091 4259 colle—

513 4307 601 4352 cta
647 4297 692 4352 si
723 4297 850 4367 quis
889 4296 1221 4362 consideret,
1262 4295 1461 4350 divinae
1488 4296 1843 4365 providentia:
1876 4295 2089 4365 magni-

515 4387 782 4441 ﬁcentiam
817 4386 1183 4456 obstupescet.
1215 4385 1351 4439 Cum
1396 4386 1541 4439 enim
1572 4386 1825 4455 quaelibet
1873 4401 1962 4440 res
2000 4386 2093 4439 tri-

514 4480 618 4535 bus
651 4479 979 4534 testimoniis
1007 4479 1323 4549 approbari,
1357 4484 1411 4533 et
1449 4478 1639 4532 haberi
1669 4494 1768 4549 pro
1810 4489 2085 4549 comperta

514 4570 706 4633 soleat,
743 4570 1005 4639 singulari
1040 4578 1123 4623 est
1163 4568 1257 4623 Dei
1304 4569 1590 4631 beneﬁcio,
1639 4579 1693 4623 et
1737 4569 2086 4624 administra-

513 4663 681 4725 tione,
710 4661 789 4714 uti
828 4661 1089 4723 diximus,
1126 4661 1352 4723 l‘actum,
1399 4668 1458 4714 ut
1488 4661 1593 4714 hoc
1623 4664 1678 4714 in
1711 4663 1932 4732 negotio
1961 4671 2087 4716 octo

515 4754 676 4809 nobis
710 4768 775 4806 ac
807 4753 1150 4822 septuaginta
1180 4752 1494 4807 testimonia
1527 4767 1592 4806 ex
1628 4751 1921 4823 Evangelio
1957 4769 2088 4823 sup-

512 4851 782 4913 peterent,
815 4858 882 4897 ex
906 4841 1166 4910 Apostolo
1205 4840 1589 4911 quadraginta.
1621 4841 1751 4907 Quae
1802 4844 1984 4898 omnia
2018 4845 2087 4898 ad

513 4935 655 4989 hanc
685 4950 858 5005 usque
886 4934 1027 4989 diem
1066 4934 1208 5003 apud
1245 4934 1396 4987 illum
1435 4942 1672 5000 servata,
1714 4951 1814 4990 nec
1863 4936 1917 4990 in
1956 4952 2089 4991 con-

512 5029 834 5083 troversiam
879 5026 1112 5080 adducta
1143 5032 1290 5089 sunt,
1337 5025 1471 5079 adeo
1503 5034 1563 5079 ut
1605 5036 1827 5082 centum
1862 5031 2086 5084 omnino

514 5130 676 5191 atque
721 5121 1022 5176 octodecim
1066 5127 1303 5176 exstent.
1349 5120 1482 5186 Quae
1520 5123 1737 5191 quidem
1787 5123 2083 5179 Marcionis

512 5214 861 5285 opinionibus
894 5212 1279 5268 contradicunt
1306 5232 1319 5267 :
1356 5214 1437 5268 sic
1468 5222 1726 5283 tanquam
1755 5231 1818 5269 ex
1850 5232 2084 5286 persona

512 5306 725 5360 Domini
760 5304 971 5374 prolata
1004 5306 1130 5359 sint.
1165 5304 1272 5359 Sed
1313 5312 1367 5359 et
1398 5304 1544 5358 aliud
1575 5305 1801 5375 insuper
1836 5307 2084 5362 additum

512 5406 596 5454 est
654 5406 847 5467 praeter
892 5396 1204 5467 Evangelii,
1236 5396 1398 5467 375
1428 5397 1785 5468 Apostolirue
1838 5402 2087 5456 testimo-

586 5580 598 5608 ¹
629 5578 825 5647 Ephes.
861 5594 934 5643 IV,
971 5578 1022 5631 5.
1100 5581 1119 5609 ³
1149 5577 1274 5632 Fer.
1306 5594 1393 5648 ης.
1470 5580 1490 5610 ³
1517 5578 1645 5649 Leg.
1676 5582 1776 5632 οὐκ
1807 5581 1946 5649 ἀμφ.

2188 1913 2281 1966 τοῦ
2327 1914 2468 1968 κατά
2503 1916 2716 1968 Λονυκάν
2759 1916 3113 1984 Εὑαγγελίου,
3164 1917 3256 1969 καὶ
3302 1917 3395 1969 τοῦ
3442 1917 3762 1969 Ἀποστόλου

2192 2004 2513 2075 σωζομένων
2554 2005 2840 2075 λειψάνων.
2872 2007 3043 2074 λόγων
3081 2025 3140 2060 τε
3185 2008 3520 2070 ὑποθέσεως·
3568 2008 3661 2072 ἀφ’
3694 2002 3764 2078 ἦς

2189 2096 2578 2168 ἀναλεξάμενοι
2626 2098 2693 2151 τὰ
2742 2101 2861 2151 κατ’
2904 2099 3069 2152 αὑτοῦ
3115 2101 3223 2153 ἀπὸ
3268 2100 3375 2153 τῶν
3418 2100 3548 2171 παρ’
3596 2099 3760 2156 αὐτοῦ

2192 2188 2531 2259 σωζομένων,
2576 2190 2702 2249 τοὺς
2747 2189 3001 2259 ἐλέγχους
3041 2191 3411 2262 παρεθέμεθα.
3462 2191 3766 2262 ΠροσέΘετο

2189 2277 2245 2330 δὲ
2282 2280 2339 2331 ὲν
2363 2276 2439 2347 τῷ
2482 2278 2594 2349 ἰδίῳ
2624 2280 2732 2351 (86)
2781 2281 3178 2346 Ἀποστολικῷ
3206 2282 3520 2353 καλουμένῳ
3544 2283 3637 2335 καὶ
3664 2282 3762 2353 τῆς

2191 2368 2529 2438 καλουμένης
2560 2370 2694 2439 πρὸς
2725 2371 3041 2435 Λαοδικέας.

2260 2470 2309 2516 α’
2351 2466 2444 2516 καὶ
2492 2470 2545 2534 μ’
2600 2464 2747 2533 σχόλ.
2805 2460 2907 2530 Εἷς
2962 2466 3200 2533 Κύριος.
3250 2466 3359 2534 μία
3412 2466 3647 2530 πίστις,
3693 2464 3766 2517 ἐν

2184 2554 2533 2625 βάπτισμα,
2588 2551 2677 2622 εἷς
2726 2558 2998 2624 Χριστὸς,
3051 2553 3137 2624 εἷς
3202 2559 3345 2623 Θεὸς
3409 2558 3505 2610 καὶ
3563 2557 3766 2623 Πατὴρ

2190 2648 2452 2712 πάντων,
2498 2651 2531 2701 ὀ
2572 2648 2671 2702 ἐπὶ
2717 2648 2958 2702 πάντων
2988 2651 3085 2702 καὶ
3126 2648 3224 2703 διὰ
3271 2648 3510 2705 πάντων
3556 2650 3650 2702 καὶ
3696 2650 3766 2700 ἐν

2190 2736 2398 2793 πᾶσιν.

2261 2837 2308 2883 α’
2339 2831 2433 2883 καὶ
2481 2829 2534 2902 μ’
2573 2830 2752 2903 ἔλεγχ.
2787 2832 3128 2903 Συνᾳδόντως
3163 2834 3260 2902 μὲν
3301 2836 3367 2905 τῇ
3411 2833 3547 2902 πρὸς
3607 2833 3761 2899 Ἐφε-

2194 2919 2360 2982 σίους,
2390 2913 2434 2971 ὦ
2463 2920 2749 2991 Μαρκίων,
2777 2920 2872 2972 xui.
2898 2920 3101 2983 ταύτας
3126 2920 3223 2983 τὰς
3251 2919 3393 2973 κατὰ
3423 2919 3516 2972 σοῦ
3558 2936 3766 2989 μαρτυ-

2193 3011 2313 3083 ρίας
2344 3012 2451 3065 ἀπὸ
2492 3013 2592 3082 τῆς
2625 3013 2925 3084 λεγομένης
2958 3012 3092 3085 πρὸς
3126 3012 3422 3075 Λαοδικέας
3461 3013 3763 3082 συνήγαγες

2192 3104 2332 3157 κατὰ
2384 3104 2476 3156 σοῦ
2509 3105 2847 3176 μαρτυρίας’
2881 3105 2964 3156 ἵνα
3022 3105 3113 3156 ἐπὶ
3143 3102 3220 3173 τῷ
3268 3103 3407 3155 τέλει
3449 3102 3541 3154 τοῦ
3589 3119 3761 3173 σφρα-

2192 3196 2458 3267 γίσματος
2517 3196 2775 3267 μάθωμεν
2822 3196 3147 3265 ἀναγνόντες
3198 3195 3266 3248 τὰ
3314 3196 3463 3264 παρά
3508 3195 3624 3255 σοὶ,
3671 3195 3764 3246 καὶ

2193 3287 2409 3355 γνόντες
2441 3286 2508 3339 τά
2548 3288 2691 3340 κατά
2721 3288 2800 3353 σὲ,
2833 3287 3190 3357 καταγνῶμεν
3230 3285 3337 3339 τῶν
3361 3284 3449 3337 διὰ
3481 3283 3575 3336 σοῦ
3611 3282 3765 3337 ἁλλο-

2190 3380 2357 3449 τρίως
2387 3378 2817 3450 ὲπινενοημένων
2851 3379 3017 3449 τριῶν
3062 3380 3313 3449 ἀνάρχων
3354 3376 3535 3448 ἀρχῶν
3580 3376 3765 3443 διαφο-

2193 3470 2293 3543 ράς
2338 3471 2472 3541 πρὸς
2501 3471 2735 3541 ἀλλήλας
2776 3470 3034 3541 ἐχουσῶν.
3069 3471 3181 3541 Ούχ
3224 3469 3395 3532 οὕτως
3441 3470 3549 3539 γὰρ
3573 3467 3684 3538 ἔχει
3730 3469 3763 3537 ή

2189 3562 2283 3615 τοῦ
2335 3564 2491 3631 ἁγίου
2549 3562 2871 3617 Ἀποστόλου
2921 3561 3173 3625 ὑπόθεσις
3230 3561 3322 3614 καὶ
3364 3560 3765 3630 ἠσφαλισμένην

2191 3654 2468 3725 κήρυγμα,
2512 3654 2647 3708 ἀλλὰ
2677 3655 2869 3718 ἄλλως,
2902 3654 3050 3725 παρὰ
3082 3654 3142 3706 τὸ
3173 3653 3264 3706 σὺν
3296 3655 3619 3724 ποιήτευμα.
3662 3653 3767 3703 Σα-

2191 3747 2306 3814 φῶς
2337 3747 2442 3815 γὰρ
2488 3747 2589 3817 ἔφη
2622 3748 2713 3799 ἕνα
2741 3747 2962 3817 Κύριον,
2998 3747 3122 3818 μίαν
3148 3748 3349 3811 πίστιν,
3378 3746 3435 3798 ἓν
3459 3746 3762 3815 βάπτισμα,

2190 3839 2286 3891 ἕνα
2322 3838 2454 3891 Θεὸν
2489 3838 2578 3891 τὸν
2607 3839 2768 3891 αὐτὸν
2803 3840 3025 3910 Πατέρα
3068 3841 3307 3900 πάντων,
3346 3839 3438 3892 τὸν
3482 3839 3642 3891 αὐτὸν
3671 3838 3765 3890 ἐπὶ

2190 3928 2429 3994 πάντων,
2476 3929 2570 3981 καὶ
2614 3931 2672 3981 ὲν
2703 3930 2836 3981 πᾶσι
2868 3928 2954 3982 διά
2998 3946 3057 3981 τε
3098 3930 3261 3999 νόμου
3308 3930 3401 3982 καὶ
3447 3927 3764 4000 προςρητῶν,

2192 4019 2286 4072 καὶ
2316 4021 2373 4071 ἐν
2402 4021 2566 4073 πᾶσιν
2605 4020 2942 4085 ἀποστόλοις,
2975 4020 3071 4073 καὶ
3098 4022 3155 4073 ὲν
3189 4024 3302 4084 τοῖς
3333 4021 3584 4089 καθεξῆς.

2262 4112 2408 4183 Αὕτη
2441 4112 2539 4181 μὲν
2578 4112 2732 4181 ἡμῶν
2762 4114 2796 4183 ἡ
2843 4110 3287 4182 προθεωρηθεῖσα
3330 4113 3387 4164 ὲν
3429 4114 3540 4173 τοῖς
3580 4127 3764 4181 προειιο

2194 4205 2451 4275 ρημένοις
2481 4202 2848 4275 ἀναλεχθεῖσιν
2874 4203 2981 4256 ἀπὸ
3023 4205 3121 4275 τῆς
3161 4205 3290 4275 παρ’
3318 4202 3464 4273 αὐτῷ
3509 4202 3587 4272 τῷ
3615 4202 3766 4272 Μαρ-

2192 4297 2346 4349 κίωνι
2395 4298 2475 4349 ἔτι
2531 4296 2845 4367 σωζομένης
2892 4297 3136 4368 Γραφῆς,
3182 4298 3261 4359 εἰς
3318 4298 3337 4327 ³
3374 4296 3472 4365 τὴν
3517 4294 3765 4360 ἀνάλεξιν

2194 4390 2469 4458 σκοπήσας
2504 4407 2585 4452 τις
2624 4388 2924 4459 ἐκπλαγείη
2950 4388 3048 4453 τὰς
3075 4386 3480 4459 μεγαλοδώρους
3517 4386 3653 4439 Θεοῦ
3685 4389 3763 4439 οἰ-

2192 4490 2469 4559 κονομίας.
2515 4490 2774 4542 Ἑκάστου
2810 4489 2917 4560 γὰρ
2951 4489 3270 4559 πράγματος
3300 4487 3385 4539 διὰ
3419 4486 3584 4556 τριῶν
3628 4503 3765 4556 μαρ-

2191 4582 2393 4653 τυριῶν
2434 4582 2935 4652 ἐπιϐεϐαιουμένου,
2981 4582 3074 4634 καὶ
3119 4580 3524 4650 συνισταμένου,
3558 4579 3635 4642 ὡς
3679 4581 3765 4630 ὲν-

2191 4676 2366 4730 ταῦθα
2404 4676 2574 4747 ψιλῶς
2616 4675 2645 4727 ὁ
2684 4675 2815 4738 Θεὸς
2862 4675 3155 4744 ἐχαρίσατο
3209 4674 3460 4743 συνάψαι,
3500 4672 3575 4734 ὡς
3606 4671 3763 4741 ἔφην,

2191 4771 2339 4839 ἡμᾶς
2388 4768 2507 4821 κατ’
2553 4767 2859 4837 οἰκονομίαν
2910 4766 3276 4837 ἑϐδομήκοντα
3333 4767 3431 4835 μὲν
3482 4768 3574 4819 καὶ
3622 4767 3765 4821 ὀκτὼ

2195 4857 2499 4929 μαρτυρίας
2544 4856 2651 4909 ἀπὸ
2697 4856 2788 4908 τοῦ
2832 4855 3199 4923 Εύαγγελίου,
3250 4854 3657 4926 τεσσαράκοντα
3707 4857 3764 4909 δὲ

2193 4950 2300 5003 ἀπὸ
2331 4948 2423 5001 τοῦ
2466 4946 2808 5009 Ἀποστόλου,
2842 4947 2935 4999 καὶ
2978 4946 3180 5008 ταύτας
3214 4947 3342 5014 παρ’
3372 4945 3519 5015 αύτῷ
3570 4947 3648 5008 εἰς
3685 4945 3763 4997 ἔτι

2192 5039 2287 5092 καὶ
2315 5037 2472 5108 δεῦρο
2505 5034 2816 5106 σωζομένας
2860 5053 2919 5087 τε
2966 5035 3059 5087 καὶ
3087 5033 3567 5104 ἀμφιϐαλλομένας
3600 5035 3619 5063 ³
3640 5052 3652 5063 ⁸
3690 5036 3764 5096 ὡς

2192 5127 2330 5184 εἶναι
2358 5130 2455 5194 τὰς
2486 5130 2666 5191 πάσας
2700 5128 2891 5181 ἑκατὸν
2938 5125 3213 5180 δεκαοκτώ
3233 5142 3245 5156 ·
3281 5125 3666 5193 ἀντιλεγούσας
3708 5126 3761 5178 δὲ

2191 5222 2370 5284 πάσας
2399 5224 2464 5292 τῇ
2497 5220 2663 5274 αὑτοῦ
2714 5220 3041 5291 Μαρκίωνος
3090 5218 3304 5290 γνώμῃ,
3337 5217 3412 5281 ὡς
3460 5217 3761 5288 ἀπὸ-προσο

2190 5313 2338 5365 ὡπου
2370 5313 2631 5382 ὀνόματος
2660 5312 2864 5383 Κυρίου
2898 5311 2939 5373 ⁸,
2970 5310 3056 5361 διὰ
3086 5308 3193 5362 τῶν
3218 5307 3513 5373 δεκαοκτὼ,
3550 5309 3643 5361 καὶ
3670 5309 3762 5377 τῆς

2193 5400 2355 5454 αὑτοῦ
2390 5401 2622 5466 ὲνδεξίου
2666 5400 2913 5468 εὐλογίας
2958 5398 3045 5451 διὰ
3076 5400 3182 5451 τῶν
3211 5399 3424 5453 ἑκατόν.
3468 5397 3626 5451 Ἀλλά
3674 5398 3759 5451 κα¹

2026 5580 2047 5611 ⁸
2076 5579 2335 5635 Hendosa
2371 5580 2506 5633 haec.

563 5755 697 5825 ,(86)
736 5756 1066 5824 Προσέθετο
1107 5754 1176 5810 δὲ
1212 5756 1281 5812 ἐν
1328 5755 1405 5822 τῷ
1437 5756 1581 5821 ἰδίῳ.
1625 5754 1697 5813 De
1730 5757 1968 5829 Epistula
2009 5758 2075 5813 ad

2199 5758 2481 5815 odieenses
2517 5762 2774 5813 accurate
2802 5753 3047 5825 disputat
3081 5752 3278 5810 Baron.
3308 5771 3397 5811 an.
3431 5756 3519 5811 60.
