4186 6374
448 374 555 432 815

1135 366 1505 426 ADVERSUS
1544 366 1885 423 IIAEIIESES
1922 365 2051 421 LIB.
2095 365 2133 421 I.
2176 365 2338 422 TOM.
2375 366 2833 424 Ill.—IHSRES.
2882 369 3042 425 XLII.

3632 377 3736 433 8Ξὸ

449 495 536 550 ἐπ’
557 494 723 564 ἄλλης
754 492 1019 564 περισσῆς
1048 492 1184 563 πρὸς
1202 493 1298 545 ἐπί⁹
1322 493 1531 555 τούτοις
1559 493 1715 554 ἐκτὸς
1743 490 1836 545 τοῦ
1864 489 2041 559 Εὐαγ-

2144 484 2319 540 nium.
2354 485 2542 557 Neque
2578 489 2726 541 enim
2764 487 2970 543 infelici
3012 488 3275 546 Marcioni
3313 492 3493 548 visum
3536 503 3622 549 est
3668 512 3735 550 ex

450 589 631 659 γελίου
661 588 754 640 καὶ
781 585 875 640 τοῦ
920 586 1262 639 Ἀποστόλου.
1298 586 1373 639 Ού
1399 586 1508 658 γὰρ
1534 585 1679 649 ἔδοξε
1708 584 1786 655 τῷ
1814 583 2043 637 ἐλεεινο-

451 684 600 752 τάτῳ
632 680 919 752 Μαρκίωνι
952 680 1059 733 ἀπὸ
1088 679 1189 749 τῆς
1226 678 1363 750 πρὸς
1401 678 1683 747 Ἐφεσίους
1712 676 1918 746 ταύτην
1943 675 2042 747 τὴν

457 772 763 845 μαρτυρίαν
791 771 993 840 λέγειν,
1027 771 1165 825 ἀλλὰ
1198 771 1297 842 τῆς
1325 769 1463 841 πρὸς
1491 769 1810 833 Λαοδικέας,
1838 769 1938 840 τῆς
1967 768 2041 840 μὴ

453 866 621 937 οὔσης
653 865 711 917 ὲν
739 863 815 934 τῷ
848 863 1175 934 Ἀποστόλῳ·
1215 856 1297 925 οἷς
1330 862 1405 933 μὴ
1436 861 1780 933 ἐντυγχάνων
1820 860 2041 931 ἠλιθίως

451 960 481 1012 ὁ
511 958 809 1030 κτηνώδης,
843 958 938 1011 καὶ
967 959 1026 1010 ἐν
1056 956 1271 1021 πολλοῖς
1300 955 1480 1011 πεσὼν
1506 957 1534 1009 ό
1564 955 1753 1021 τάλας,
1793 955 1893 1026 οὐχ
1938 956 2041 1026 ὁρᾷ

450 1048 549 1119 τὴν
583 1049 701 1101 κατ’
734 1045 899 1100 αὑτοῦ
940 1044 1254 1117 ἀνατροπὴν
1306 1044 1427 1099 καθ’
1470 1045 1708 1116 ἑκάστην
1751 1045 2044 1114 ὁμολογου-

455 1140 643 1210 μένην.
695 1138 806 1191 Kal
863 1136 1052 1209 μηδεὶς
1099 1136 1427 1207 θαυμαζέτω
1478 1136 1606 1207 περὶ
1657 1133 1868 1187 τούτου.
1916 1132 2041 1197 Πῶς

451 1234 561 1304 γὰρ
618 1230 851 1302 ἠδύνατο
896 1223 1074 1295 οὗτος,
1127 1228 1597 1300 ἐπαγγειλάμενος
1638 1228 1784 1299 ἔχειν
1837 1245 1892 1280 τι
1945 1225 2039 1280 τοῦ

452 1323 784 1393 Εύαγγελίου
834 1322 930 1377 καὶ
963 1321 1057 1375 τοῦ
1105 1322 1448 1384 Ἀποστόλου,
1503 1320 1577 1393 μὴ
1604 1321 1725 1392 οὐχὶ
1752 1320 1858 1374 κᾶν
1885 1320 2041 1391 ὀλίγα

450 1419 550 1482 τῆς
588 1418 813 1488 Γραφῆς
854 1415 1049 1480 σώζειν
1087 1416 1344 1486 ῥήματα;
1378 1413 1542 1467 ’Ὀλου
1574 1413 1683 1485 γὰρ
1711 1414 1804 1467 τοῦ
1854 1412 2042 1485 σώμα-

450 1526 545 1572 τος
578 1506 844 1571 σώζοντος
877 1508 916 1571 ¹,
950 1507 1026 1569 ώς
1060 1507 1254 1569 εἰπεῖν,
1286 1505 1386 1575 τῆς
1419 1503 1572 1566 θείας
1605 1505 1849 1576 Γραφῆς,
1890 1507 2040 1557 ποῖον

451 1600 675 1670 ε’ύρισκε
717 1599 877 1669 μέλος
910 1597 1101 1671 νεκρὸν
1141 1597 1286 1650 κατὰ
1325 1596 1423 1668 τὴν
1458 1595 1624 1650 αὑτοῦ
1672 1594 1918 1665 γνώμην,
1954 1596 2041 1647 ἵνα

453 1691 841 1764 παρεισαγάγῃ
861 1690 1055 1760 ψεῦδος
1080 1689 1222 1744 κατὰ
1255 1689 1353 1760 τῆς
1392 1688 1686 1759 ἀληθείας;
1745 1687 1996 1751 ’Λλλοίως
2020 1689 2041 1719 ³

451 1786 627 1837 εἰπεῖν
655 1782 919 1853 ἐλώϐησε,
961 1782 1055 1835 καὶ
1086 1781 1497 1852 ἀκροτηριάσας
1546 1779 1825 1853 παρέκοψε
1868 1779 2040 1835 πολλὰ

2144 578 2389 649 Epistola
2438 580 2506 634 ad
2554 579 2823 649 Ephesios
2882 583 3264 639 auctoritatem
3304 584 3452 639 illam
3505 586 3732 653 aﬁ‘erre;

2144 670 2239 725 sed
2270 686 2337 726 ex
2366 686 2428 725 ea
2461 671 2527 725 ad
2559 671 2921 739 Laodicenos,
2957 690 3079 744 quae
3114 692 3387 747 nusquam
3414 680 3556 750 apud
3586 680 3734 752 Apo-

2144 765 2348 817 stolum
2380 766 2645 820 cernitur.
2682 765 2813 831 Quae
2853 782 2978 821 cum
3004 783 3174 839 pecus
3206 770 3300 823 illa
3339 787 3435 841 per
3462 788 3733 827 summam

2148 856 2506 911 stoliditatem
2563 858 2790 914 minime
2845 859 3057 931 legerit,
3131 864 3187 916 in
3246 863 3522 934 plerisque
3582 867 3734 936 lapsa

2147 964 2310 1019 quam
2360 950 2653 1006 manifeste
2704 953 2760 1006 in
2801 952 3032 1023 singulis
3068 955 3319 1010 convinci
3375 972 3439 1011 ac
3479 958 3733 1029 redargui

2144 1053 2333 1115 posset
2380 1058 2727 1114 nequaquam
2779 1046 3187 1101 animadvertit.
3227 1047 3414 1120 Neque
3456 1066 3587 1105 vero
3614 1053 3735 1106 cui-

2144 1136 2289 1205 piam
2323 1137 2522 1189 mirum
2557 1136 2689 1189 illud
2718 1137 2893 1191 videri
2921 1139 3102 1196 debet.
3144 1141 3247 1206 Qui
3277 1143 3423 1196 enim
3451 1142 3733 1214 Evangelii

2144 1227 2351 1297 aliquid
2391 1237 2446 1283 et
2484 1228 2735 1300 Apostoli
2783 1230 2983 1285 habere
3029 1247 3089 1287 se
3132 1232 3501 1303 proﬁteretur,
3546 1235 3737 1292 ﬁerine

2146 1322 2345 1392 potuit,
2380 1328 2442 1375 ut
2467 1336 2577 1377 non
2606 1336 2779 1393 pauca
2826 1325 3021 1378 saltem
3071 1322 3371 1396 Scriptura:
3406 1328 3573 1383 verba
3604 1330 3735 1385 reti-

2142 1413 2338 1468 neret?
2386 1410 2602 1483 Quippe
2651 1428 2776 1467 cum
2831 1421 3008 1467 totum
3065 1413 3364 1487 Scriptura:
3408 1417 3594 1471 vivum
3641 1419 3735 1484 sit,

2143 1509 2204 1555 ut
2255 1502 2328 1555 ita
2375 1501 2634 1567 dixerim,
2687 1517 2911 1572 corpus,
2952 1505 3199 1573 potuitne
3242 1512 3521 1560 mortuum
3560 1506 3734 1560 ullum

2143 1592 2449 1646 membrum
2478 1608 2578 1664 pro
2615 1594 2782 1648 animi
2812 1595 2895 1648 sui
2930 1596 3155 1650 libidine
3200 1596 3463 1666 reperire,
3490 1598 3635 1668 quod
3668 1598 3734 1651 ad

2141 1684 2529 1741 stabiliendum
2580 1685 2928 1740 mendacium
2965 1697 3157 1742 contra
3193 1689 3476 1743 veritatem
3522 1689 3737 1760 profer-

2141 1778 2262 1832 ret?
2311 1775 2495 1843 Quare
2545 1792 2748 1848 eorpus
2791 1779 2971 1848 ipsum
3033 1780 3308 1845 mutilare,
3365 1795 3432 1835 ac
3475 1781 3737 1852 pleraque

452 1875 560 1929 τῶν
598 1874 800 1947 μελῶν,
830 1874 1063 1944 κατέσχε
1094 1874 1152 1927 δὲ
1193 1873 1312 1927 ἔνιά
1355 1891 1478 1927 τινα
1514 1876 1646 1945 παρ’
1691 1873 1889 1945 ἑαυτῷ.
1934 1875 2041 1927 Καὶ

2145 1868 2391 1923 membra
2440 1884 2691 1925 resecare
2741 1871 3003 1935 instituit,
3064 1888 3301 1944 quorum
3350 1874 3614 1928 nonnulla
3668 1874 3737 1929 ad

450 1966 593 2019 αὐτὰ
628 1965 685 2018 δὲ
708 1965 778 2018 τὰ
823 1964 1232 2035 κατασχεθέντα
1272 1963 1351 2017 ἔτι
1382 1964 1562 2029 ζῶντα
1601 1965 1663 2017 ού
1703 1965 1925 2019 δύναται
1958 1983 2045 2019 νε-

452 2058 747 2131 κροῦσθαι·
801 2057 917 2112 ἀλλ’
958 2060 1076 2111 ἐκεῖ
1116 2057 1137 2088 ⁸
1194 2057 1295 2128 μὲν
1338 2058 1399 2111 τὸ
1446 2057 1676 2121 ζωτικὸν
1718 2058 1820 2128 τῆς
1860 2059 2042 2129 ἐμφά-

453 2169 610 2217 σεως,
640 2152 742 2206 κᾶν
790 2168 850 2204 τε
882 2151 1091 2223 μυρίως
1126 2152 1258 2223 παρ’
1297 2152 1446 2223 αὐτῷ
1482 2151 1625 2206 κατὰ
1670 2151 1866 2205 λεπτὸν
1908 2154 2043 2206 ἀπο-

450 2244 713 2317 τμηθείη.

521 2419 616 2473 1Γ’.
661 2421 783 2474 Ἔτι
814 2421 870 2475 δὲ
911 2420 1051 2492 μετὰ
1079 2423 1249 2476 ταῦτα
1282 2422 1463 2477 πάντα
1494 2425 1940 2497 ἐπεμνήσθημεν,
1968 2426 2043 2491 ὥς

451 2529 597 2575 τινες
624 2512 734 2565 ἀπὸ
760 2512 870 2567 τῶν
896 2514 1077 2567 αὐξῶν
1102 2515 1557 2585 Μαρκιωνιστῶν,
1586 2518 1666 2579 εἰς
1696 2516 1854 2586 βυθὸν
1882 2518 2045 2588 βλασ-

453 2603 664 2674 φημίας
708 2607 1235 2676 παραπεπτωκότες,
1265 2607 1360 2660 καὶ
1398 2608 1507 2660 ἀπὸ
1535 2609 1635 2679 τῆς
1684 2609 1896 2664 ἑαυτῶν
1923 2613 2041 2663 δαι-

456 2694 751 2766 μονιώδους
792 2697 1142 2761 διδασκαλίας
1190 2698 1550 2772 ἐμϐρόντητοι
1582 2702 1896 2756 παντάπασι
1950 2721 2044 2771 γε-

452 2787 693 2856 γονότες,
730 2790 826 2843 καὶ
857 2785 917 2844 οὗ
952 2790 1171 2844 ἐδόκουν
1224 2792 1433 2862 Κυρίου
1471 2794 1636 2863 μόνου
1683 2795 1788 2848 κᾶν
1832 2795 1901 2849 δι’
1932 2796 2047 2848 ὀνό-

455 2898 625 2950 ματος
656 2882 1041 2952 μνημονεύειν,
1067 2884 1163 2936 καὶ
1187 2884 1353 2938 αὐτοῦ
1383 2884 1814 2955 ἀθυρογλώσσως
1843 2887 2046 2958 ἑτέρως

463 2972 561 3042 τὴν
588 2973 753 3026 αὐτοῦ
781 2973 1010 3045 θεότητα
1037 2976 1494 3048 ἀποστρέφοντες,
1514 2976 1573 3028 τὸ
1588 2976 1759 3047 ὄνομα
1782 2977 1882 3048 τῆς
1908 2979 2046 3032 ἄνω-

465 3066 558 3119 θεν
590 3068 897 3138 γεννήσεως
929 3068 1176 3132 κακίζειν
1200 3068 1300 3121 οὐκ
1350 3068 1723 3140 ἐντρέπονται.
1759 3069 1915 3133 Τινὲς
1937 3068 2046 3141 γὰρ

464 3159 645 3212 αὐτῶν
674 3160 1091 3231 τετολμήκασιν,
1124 3161 1199 3224 ὡς
1237 3160 1395 3231 ἔφην,
1432 3162 1593 3214 αὑτὸν
1619 3160 1709 3215 τὸν
1741 3160 1945 3233 Κύριον
1969 3158 2048 3214 εί-

458 3270 546 3306 ναι
575 3251 689 3305 υἱὸν
720 3252 816 3305 τοῦ
855 3253 1099 3325 Πονηροῦ
1122 3254 1322 3323 λέγειν,
1353 3255 1452 3308 οὐκ
1484 3256 1883 3327 αἰσχυνόμενοι.
1918 3254 2047 3307 Ἀλ-

452 3346 534 3399 λοι
570 3345 629 3399 δὲ
672 3346 830 3416 οὐχὶ,
883 3347 1018 3400 ἀλλὰ
1060 3347 1153 3401 τοῦ
1211 3347 1399 3419 κριτοῦ
1451 3365 1511 3400 τε
1560 3348 1654 3401 καὶ
1700 3346 2044 3418 Δημιουργοῦ

454 3436 928 3508 ἄσπλαγχνότερον
953 3438 975 3468 ⁵
999 3438 1284 3506 γεγονότα,
1323 3438 1418 3491 καὶ
1448 3438 1653 3506 ἀγαθὸν
1690 3437 1841 3502 ὄντα,
1874 3454 2047 3491 κατα-

453 3529 635 3599 λεῖψαι
673 3530 773 3601 μὲν
813 3529 904 3582 τὸν
951 3530 1081 3583 ἴδιον
1127 3529 1290 3584 αύτοῦ
1338 3531 1559 3603 Πατέρα
1604 3532 1776 3597 κάτω,
1820 3532 1897 3605 πὴ
1947 3532 2046 3604 μὲν

452 3620 721 3690 λεγόντων
756 3621 849 3674 τὸν
891 3623 1261 3693 Δημιουργὸν,
1296 3622 1472 3676 ἄλλων
1512 3622 1574 3676 δέ
1620 3624 1713 3677 τὸν
1760 3625 2004 3697 Πονηρόν
2029 3642 2043 3656 ’

453 3714 566 3768 ἄνω
592 3714 648 3767 δὲ
672 3713 1174 3787 ἀναδεδραμηκέναι
1201 3716 1338 3785 πρὸς
1372 3718 1464 3769 τὸν
1490 3717 1549 3769 ἐν
1582 3718 2047 3787 ἀκατονομάστοις

453 3807 640 3870 τόποις
683 3806 889 3876 ἀγαθὸν
945 3807 1113 3872 Θεὸν,
1156 3810 1252 3863 καὶ
1309 3809 1459 3881 αὐτῷ
1512 3810 2041 3883 προσκεκολλῆσθαι.

456 3898 785 3969 Πεμφθέντα
824 3898 881 3953 δὲ
922 3899 1016 3951 ὑπ’
1044 3900 1211 3953 αὐτοῦ
1254 3902 1335 3963 είς
1373 3902 1465 3953 τὸν
1499 3902 1724 3971 κόσμον,
1769 3903 1863 3956 καὶ
1908 3903 2046 3975 πρὸς

454 3990 753 4045 ἁντιδικίαν
793 3991 888 4045 τοῦ
944 3993 1073 4046 ἰδίου
1126 3993 1339 4065 Πατρὸς
1384 3993 1608 4047 ἐλθόντα
1655 3996 1746 4048 τὸν
1784 3997 2041 4065 Χριστὸν,

455 4083 916 4137 καΥκαταλύοντα
943 4083 1110 4137 αὐτοῦ
1148 4085 1217 4137 τὰ
1258 4086 1457 4149 πάντα,
1492 4087 1592 4139 ὅσα
1635 4088 1663 4137 ό
1706 4087 1861 4157 κατὰ,
1883 4087 2043 4156 φύσιν

455 4175 646 4248 Πατὴρ
692 4175 858 4229 αὐτοῦ
922 4176 1265 4248 ἐνομοθέτει,
1324 4177 1443 4245 ἦτοι
1496 4180 1525 4231 ὁ
1575 4178 1816 4248 λαλήσας
1860 4183 1916 4233 ἐν
1967 4180 2044 4250 τῷ

455 4272 625 4342 νόμῳ,
660 4271 780 4341 ἦτοι
814 4273 843 4324 ὁ
870 4270 969 4341 τῆς
1016 4271 1214 4334 κακίας
1246 4270 1397 4335 Θεὸς,
1446 4273 1475 4324 ὁ
1513 4274 1642 4345 παρ’
1671 4273 1852 4327 αὐτῶν
1890 4277 1948 4329 ἐν
1976 4278 2041 4347 τῇ

452 4366 611 4436 τρίτῃ
645 4365 787 4435 ἀρχῇ
822 4364 1168 4434 ταττόμενος.
1212 4363 1423 4429 Ἀλλως
1457 4366 1566 4437 γὰρ
1604 4366 1699 4419 καὶ
1744 4366 1918 4431 ἄλλως
1947 4370 2043 4421 ἐκ-

451 4455 715 4517 τίθενται,
754 4455 830 4518 ώς
862 4455 1017 4527 ἔφην,
1047 4455 1204 4518 ἄλλος
1238 4455 1339 4527 μὲν
1370 4455 1464 4509 τὸν
1490 4457 1854 4528 Δημιουργὸν,
1886 4457 2042 4521 ἄλλος

451 4550 506 4603 δὲ
544 4550 635 4603 τὸν
672 4549 935 4619 Πονηρόν.

522 4736 707 4790 Ταῦτα
725 4735 781 4788 δέ
809 4735 947 4807 δῆλα
974 4751 1139 4788 παντο
1163 4732 1242 4805 τῷ
1272 4732 1490 4787 σύνεσιν
1513 4732 1838 4805 κεκτημένῳ
1863 4734 2039 4805 ὑπάρ-

452 4848 556 4899 χει,
593 4830 675 4882 ὅτι
698 4828 1011 4900 ἀκαθάρτου
1051 4827 1365 4898 πνεύματός
1398 4827 1545 4880 ἐστιν
1572 4830 1606 4898 ή
1645 4827 1909 4899 φρόνησις
1943 4830 2039 4882 καὶ

451 4925 484 4992 ἡ
527 4921 881 4976 διδασκαλία*
930 4921 1025 4974 καὶ
1072 4920 1196 4975 οὔτε
1226 4922 1384 4991 χρεία
1419 4917 1490 4993 ἦν
1524 4921 1654 4992 περὶ
1688 4920 1893 4992 ταύτης
1936 4921 2039 4990 τῆς

451 5014 759 5077 ὑποθέσεως
807 5014 1211 5083 ἀπολογεῖσθαι,
1247 5015 1280 5086 ἢ
1327 5014 1550 5085 ἔλεγχον
1602 5015 1873 5086 παριστᾷν
1916 5015 2037 5067 κατ’

448 5108 676 5178 ἀντικρὺ
701 5105 1043 5177 Μαρκίωνος,
1061 5107 1156 5159 τοῦ
1190 5106 1385 5160 ἐαυτοῦ
1414 5108 1556 5161 κατὰ
1588 5108 1768 5161 πάντα
1786 5107 1886 5179 τὴν
1918 5109 2039 5160 ἐπι-

447 5196 722 5268 λησμονὴν
752 5197 855 5266 τῆς
892 5196 1036 5269 ζωῆς
1073 5197 1465 5268 ποιησαμένου.
1500 5197 1890 5267 Φωραθήσεται
1927 5197 2037 5268 γὰρ

446 5289 595 5359 παρὰ
630 5290 765 5341 πᾶσι
798 5290 911 5352 τοῖς
943 5290 1185 5350 συνετοῖς
1214 5287 1274 5339 τὸ
1320 5286 1638 5356 βλάσφημον
1676 5285 1843 5339 αὑτοῦ
1877 5302 2033 5337 κενο-

446 5382 713 5453 φώνημα,
764 5382 858 5434 καὶ
907 5380 1179 5451 τολμηρὸν
1242 5379 1343 5449 τῆς
1405 5380 1679 5442 ἀπωλείας
1728 5379 2029 5449 ἐνέργημα.

458 5475 595 5528 Ἀλλ’
625 5474 814 5545 ἐπειδὴ
847 5472 1118 5542 εἰώθαμεν
1152 5471 1227 5542 μὴ
1260 5472 1355 5542 ἐᾷν
1390 5470 1643 5523 ἀκανθῶν
1673 5471 1857 5531 τόπον,
1892 5468 2031 5521 ἀλλὰ

442 5569 724 5638 ἐκτέμνειν
777 5570 842 5638 τῇ
894 5564 986 5619 τοῦ
1027 5563 1162 5619 Θεοῦ
1217 5563 1484 5635 μαχαίρᾳ,
1515 5566 1581 5635 τῇ
1631 5562 1785 5630 ὑπὲρ
1827 5562 2034 5615 πᾶσαν

435 5659 739 5727 μάχαιραν
784 5657 1096 5727 δίστομον,
1129 5656 1228 5708 καὶ
1272 5655 1657 5723 διικνουμένῃ
1702 5654 1839 5723 ἄχρι
1868 5671 2032 5721 μερι-

1610 5814 1628 5843 ³
1663 5811 1821 5867 Forte
1849 5811 1983 5882 ἔχει.

525 5812 716 5870 ‘Forle
743 5813 964 5878 ζῶντος.
1044 5817 1064 5845 ²
1096 5814 1256 5869 Forte
1283 5814 1397 5868 ἀλλ’
1433 5814 1528 5876 ὡς.

2144 1974 2305 2014 usum
2338 1974 2501 2014 suum
2525 1961 2774 2016 retinuit.
2799 1961 2932 2027 Quae
2960 1964 3178 2033 quidem
3211 1964 3281 2017 ab
3306 1963 3398 2018 illo
3434 1976 3734 2027 reservata,

2143 2060 2197 2107 et
2228 2052 2409 2107 adhuc
2443 2054 2711 2123 spirantia
2749 2056 2970 2124 penitus
3002 2057 3276 2127 exstingui
3308 2066 3606 2128 nequeunt,
3640 2056 3736 2111 sed

2144 2143 2327 2199 vitalis
2350 2144 2442 2198 ille
2481 2144 2827 2199 declarandae
2869 2148 3116 2203 veritatis
3155 2151 3309 2220 vigor
3335 2163 3605 2215 remanet,
3648 2148 3749 2205 ta-“

2144 2235 2304 2290 metsi
2328 2236 2732 2293 minutissimas
2758 2238 2827 2293 ‘in
2855 2248 3041 2309 partes
3072 2241 3284 2299 inﬁnite
3316 2251 3489 2310 secta,
3528 2243 3738 2299 divisa-

2144 2340 2252 2396 que
2278 2327 2501 2382 fuerint.

2215 2410 2355 2475 Xlll.
2400 2419 2607 2476 Praeter
2647 2422 2738 2477 illa
2773 2440 2906 2481 vero
2945 2428 3129 2482 omnia
3180 2426 3289 2482 hoc
3321 2427 3553 2499 insuper
3585 2444 3738 2485 com-

2148 2513 2572 2570 memoravimus
2600 2534 2613 2568 :
2646 2517 2942 2572 nonnullos
2977 2532 3009 2572 e
3046 2517 3520 2573 Mareionistarum
3574 2534 3737 2591 grege

2146 2619 2200 2658 tn
2234 2605 2564 2662 altissimum
2613 2608 2963 2679 blasphemiae
2994 2611 3263 2681 gurgitem
3307 2611 3619 2675 immersos,
3655 2621 3739 2664 at-

2146 2715 2253 2770 que
2286 2716 2353 2756 ex
2385 2702 2644 2772 pestifera
2694 2704 2785 2757 illa
2820 2704 3127 2759 daemonum
3167 2705 3419 2760 doctrina
3462 2705 3613 2759 velut
3653 2704 3738 2757 fu-

2146 2808 2274 2849 rore
2317 2804 2372 2850 et
2407 2797 2649 2851 amentia
2681 2797 2943 2867 percitos,
2974 2814 3134 2867 quem
3167 2814 3336 2851 unum
3378 2798 3460 2851 vel
3514 2797 3739 2851 nomine

2149 2893 2309 2941 tenus
2349 2886 2641 2941 Dominum
2700 2889 2964 2942 memoria
3028 2890 3331 2945 retinuisse
3383 2890 3734 2953 videbantur,

2148 2978 2316 3049 hujus
2363 2979 2537 3050 ipsius
2579 2980 2922 3035 divinitatem
2974 2981 3219 3036 inaudita
3250 2981 3486 3052 quadam
3536 2984 3738 3053 lingua:

2149 3069 2447 3139 petulantia
2495 3072 2857 3140 pervertisse;
2898 3086 3001 3127 nec
3045 3073 3288 3128 caelestis
3318 3073 3469 3129 illius
3507 3090 3736 3144 genera-

2152 3162 2321 3218 tionis
2381 3179 2581 3218 nomen
2634 3166 2948 3236 vituperare
3002 3166 3173 3221 fuisse
3222 3166 3448 3220 veritos.
3501 3166 3735 3233 Quidam

2156 3258 2301 3310 enim
2353 3271 2419 3309 ex
2470 3256 2580 3311 illis
2628 3257 2918 3311 Dominum
2968 3256 3147 3327 ipsum
3212 3257 3340 3311 mali
3390 3256 3560 3312 ﬁlium
3614 3276 3736 3313 esse

2166 3349 2285 3402 sine
2313 3348 2424 3402 ullo
2447 3349 2656 3419 pudore
2681 3349 2951 3418 jaetitant.
2978 3347 3133 3414 Quod
3158 3348 3246 3402 alii
3272 3349 3456 3404 minus
3480 3352 3732 3419 probant,

2146 3441 2347 3510 quibus
2380 3441 2561 3511 placet
2585 3442 2775 3513 judice
2805 3442 2959 3495 illum
2995 3456 3057 3495 ac
3087 3441 3349 3497 Creatore
3377 3452 3565 3497 natum
3589 3460 3732 3499 esse.

2145 3532 2250 3599 Qui
2276 3547 2401 3587 cum
2432 3533 2488 3587 in
2518 3533 2957 3589 misericordiam
2986 3542 3134 3588 esset
3162 3536 3510 3604 propensior,
3551 3551 3615 3591 ac
3640 3554 3736 3591 na-

2145 3632 2271 3677 tura
2305 3624 2505 3689 bonus,
2540 3623 2703 3680 Patre
2746 3640 2868 3686 suo,
2914 3639 3077 3695 quem
3122 3625 3212 3677 alii
3268 3624 3607 3692 Creatorem,
3639 3628 3732 3680 alii

2146 3717 2349 3771 malum
2394 3717 2729 3781 existimant,
2775 3716 3022 3771 inferiori
3076 3716 3205 3771 sede
3255 3717 3471 3781 relicto,
3511 3734 3733 3773 sursum

2146 3811 2214 3865 ad
2254 3812 2409 3865 illum
2445 3811 2656 3879 bonum
2689 3811 2939 3865 evolasse
2980 3810 3169 3870 Deum.
3202 3810 3293 3880 qui
3333 3810 3737 3881 inexplicabili-

2146 3903 2252 3957 bus
2286 3903 2341 3957 in
2372 3902 2509 3957 locis
2543 3902 2767 3965 residet,
2806 3910 2860 3956 et
2900 3901 3077 3955 eidem
3110 3902 3419 3957 inhtesisse.
3452 3904 3497 3955 A
3532 3920 3642 3973 quo
3679 3905 3733 3959 in

2146 3996 2293 4049 hunc
2332 3996 2521 4049 orbem
2558 3994 2883 4058 demissum,
2935 4002 2989 4048 et
3022 4001 3083 4048 ut
3118 3994 3265 4049 Patri
3302 4010 3404 4049 suo
3449 3997 3735 4051 resisteret

2145 4086 2429 4157 delapsum
2461 4087 2515 4139 in
2539 4093 2717 4141 terras
2743 4085 3051 4149 Christum,
3100 4086 3281 4138 omnia
3309 4084 3402 4137 illa
3436 4084 3731 4155 abrogasse

2144 4179 2385 4239 decreta,
2417 4193 2538 4247 qua:
2571 4178 2640 4230 ab
2685 4176 2922 4230 naturali
2949 4191 3050 4230 suo
3081 4174 3244 4231 Patre
3274 4175 3491 4231 fuerant
3521 4182 3731 4232 consti-

2144 4279 2284 4334 tuta,
2332 4272 2447 4325 sive
2482 4271 2529 4325 is
2573 4277 2658 4324 est
2686 4269 2781 4339 qui
2823 4269 2876 4322 in
2921 4268 3039 4337 lege
3090 4269 3304 4323 locutus
3340 4267 3565 4339 dicitur,
3614 4274 3730 4326 sive

2144 4362 2367 4417 malitia:
2396 4361 2539 4417 Deus
2574 4362 2685 4424 ille,
2728 4376 2889 4431 quem
2921 4362 3064 4415 inter
3106 4362 3376 4432 principia
3410 4365 3573 4417 tertio
3607 4364 3729 4419 loco

2144 4465 2414 4514 statuunt.
2448 4453 2585 4509 Nam
2634 4454 2815 4520 aliter,
2850 4454 2928 4508 uti
2965 4452 3174 4508 dictum
3213 4465 3319 4520 est,
3366 4462 3529 4525 atque
3571 4457 3732 4512 aliter

2073 4588 2119 4644 ο
2146 4552 2250 4607 ista
2284 4550 2587 4604 declarant.
2621 4549 2810 4617 Itaque
2840 4547 2981 4602 alius
3025 4546 3298 4617 opiﬁcem,
3330 4547 3472 4602 alius
3521 4550 3724 4603 malum

2146 4656 2269 4697 esse
2299 4640 2511 4695 statuit.

2216 4733 2382 4804 376
2404 4732 2537 4799 Quae
2563 4746 2688 4787 eum
2728 4731 2805 4786 ita
2846 4729 2978 4795 sint,
3017 4729 3368 4785 manifestum
3407 4745 3533 4786 esse
3573 4731 3729 4784 cuili-

2146 4823 2237 4879 bet
2261 4831 2460 4894 potest,
2484 4824 2579 4895 qui
2614 4822 2818 4896 ingenii
2851 4837 2915 4877 ac
2936 4821 3237 4893 prudentiae
3265 4822 3471 4891 aliquid
3507 4823 3725 4885 habeat,

2145 4925 2315 4970 totam
2360 4916 2507 4970 illam
2554 4915 2859 4969 doctrinam
2916 4922 3080 4983 atque
3126 4914 3321 4985 dogma
3357 4915 3428 4969 ab
3468 4915 3730 4984 impuris-

2144 5006 2283 5061 simo
2321 5005 2518 5075 spiritu
2554 5020 2931 5076 promanasse.
2978 5003 3247 5070 Quocirca
3293 5005 3431 5060 nihil
3471 5013 3590 5059 erat
3632 5007 3729 5060 ad-

2143 5100 2365 5154 modum
2387 5113 2615 5153 necesse
2643 5097 2701 5151 in
2735 5112 2802 5152 eo
2832 5104 3159 5167 argumento
3189 5097 3480 5150 tractando
3512 5111 3576 5150 ac
3606 5113 3723 5167 pro-

2142 5192 2436 5262 pugnanda
2465 5192 2570 5247 fide
2606 5192 2807 5245 morari
2839 5190 3070 5257 diutius,
3107 5198 3201 5244 aut
3233 5205 3362 5245 vero
3394 5188 3723 5244 Mareionem

2142 5284 2411 5349 refellere,
2442 5286 2534 5355 qui
2569 5285 2726 5355 juxta
2762 5284 2846 5339 sui
2892 5284 3065 5353 ipsius
3096 5298 3159 5338 ac
3184 5283 3312 5337 vitae
3355 5297 3478 5337 esse
3508 5281 3728 5337 videtur

2140 5377 2363 5431 oblitus.
2400 5376 2572 5431 Nemo
2607 5376 2877 5447 siquidem
2909 5385 3014 5438 est,
3059 5375 3151 5447 qui
3182 5374 3443 5428 nonnulla
3471 5374 3543 5429 sit
3568 5374 3727 5427 intel-

2139 5470 2362 5542 ligentia
2392 5469 2678 5539 praeditus,
2713 5469 2848 5539 quin
2876 5468 3226 5522 contumelia
3253 5468 3306 5520 in
3337 5465 3506 5521 Deum
3533 5466 3723 5535 plenas

2139 5564 2289 5617 illius
2317 5563 2553 5625 fabulas,
2588 5577 2654 5616 ac
2686 5562 3010 5617 temerarios
3037 5568 3092 5617 et
3123 5561 3464 5632 perniciosos
3494 5565 3726 5614 conatus

2140 5655 2374 5725 detegat.
2405 5653 2607 5709 Verum
2634 5656 2897 5724 quoniam
2921 5656 3131 5711 nullum
3168 5655 3344 5727 spinis
3378 5654 3616 5709 obsitum
3647 5653 3726 5705 Iu—

2066 5811 2085 5843 ⁸
2112 5810 2275 5867 Forte
2307 5812 2834 5886 εύσπλαγχνότερον.
