4186 6374
504 334 605 394 815

1956 340 2011 397 S.
2056 340 2395 402 ΕΡΙΡΠΛΝΙΙ

3667 350 3771 407 8η

494 476 623 518 cum
662 476 771 517 non
801 469 1154 533 repurgatum
1188 477 1311 518 esse
1342 462 1604 533 patimur,
1636 463 1732 519 sed
1759 462 1853 519 Dei
1894 465 2051 532 gladii

2180 468 2353 539 σμῶν
2389 470 2599 539 ψυχῆς
2631 468 2731 523 καί
2760 469 3124 539 πνεύματος,
3161 466 3364 537 ἁρμῶν
3401 484 3467 523 τε
3496 467 3595 522 καὶ
3624 484 3772 537 pve-

496 554 780 611 succidere
823 556 1063 610 solemus
1097 557 1406 619 universas,
1445 556 1538 626 qui
1574 556 1789 626 quidem
1831 566 2078 623 pcnetra-

496 650 654 704 bilior
681 659 757 703 est
802 648 945 702 omni
985 648 1162 718 gladio
1212 650 1451 717 ancipiti,
1490 659 1540 703 et
1572 651 1868 720 pertingens
1913 668 2077 721 usque

2186 561 2332 626 λῶν,
2379 561 2519 615 κατὰ
2572 561 2634 615 τὸ
2684 562 3105 633 γεγραμμένον⁶
3160 560 3315 630 ὀλίγα
3359 560 3456 614 καὶ
3493 560 3572 624 είς
3612 558 3773 613 τοῦτο

2186 656 2359 707 εἰπεῖν
2385 655 2486 707 οὐκ
2522 655 2921 725 ἀποκνήσομεν.

494 742 564 796 ad
603 741 883 795 divisiones
933 741 1125 794 anima:
1157 750 1207 794 et
1250 741 1492 808 spiritus,
1539 758 1847 813 compagum
1880 761 2080 813 quoque
2120 761 2182 797 ac
2216 745 2567 799 medullarum
2594 748 2634 811 ¹,
2664 754 2723 800 ut
2754 747 3040 818 Scriptura
3087 747 3352 817 loquitur,
3413 745 3536 802 ideo
3593 760 3766 818 pauca

494 834 563 890 de
595 850 657 888 ea
685 850 741 888 re
764 833 947 887 dicere
977 848 1084 887 non
1117 834 1489 904 gravabimur.

564 925 704 981 XIV.
746 925 825 981 Ac
862 926 1096 995 primum
1160 925 1292 978 illud
1343 924 1728 994 opponendum
1773 935 1879 990 est,
1945 926 1990 980 si
2043 941 2074 981 e

494 1016 639 1071 malo
682 1016 858 1070 bonus
912 1013 1025 1070 ﬁeri
1063 1013 1320 1083 poluerit,
1374 1022 1540 1067 totam
1584 1014 1729 1067 illam
1774 1015 2074 1084 principio—

493 1124 613 1163 rum
652 1109 920 1162 rationem
957 1106 1146 1161 everti.
1194 1105 1380 1161 Potest
1426 1107 1569 1161 enim
1620 1117 1674 1161 et
1714 1108 1857 1163 illius
1889 1107 2072 1171 Pater,

494 1201 541 1256 si
567 1201 744 1255 malus
785 1210 867 1257 est
898 1199 1067 1269 (quod
1109 1200 1253 1254 absit
1284 1210 1342 1253 ut
1387 1216 1625 1270 unquam
1658 1198 1943 1256 dicamus:
1976 1201 2074 1255 bo-

493 1309 599 1349 nus
628 1294 772 1348 enim
797 1291 923 1362 est),
955 1299 1294 1346 commutare
1315 1291 1576 1355 animum,
1608 1291 2068 1361 quemadmodum

488 1387 612 1457 ejus
655 1395 739 1440 est
789 1385 1111 1438 immutatus
1155 1382 1346 1438 Filius.
1401 1382 1607 1438 Deinde
1639 1384 1684 1440 si
1735 1394 1794 1439 ut
1825 1392 2068 1440 servaret

489 1479 773 1533 hominum
824 1492 999 1547 genus
1041 1474 1367 1546 Unigcnitus
1403 1475 1495 1529 ille
1540 1474 1849 1538 descendit,
1902 1483 1958 1529 et
2007 1483 2068 1528 ut

489 1573 755 1626 latronem
787 1570 842 1622 in
872 1568 1182 1639 paradisum
1206 1568 1601 1633 introduceret,
1627 1583 1691 1622 ac
1714 1568 2063 1638 publicanum

489 1679 520 1717 e
548 1661 749 1716 telonio
776 1666 996 1714 vocaret
1023 1658 1089 1712 ad
1120 1660 1519 1727 pmnitcntiam,
1562 1675 1626 1713 ac
1666 1661 1968 1715 meretricis
2008 1660 2069 1713 il-

2252 926 2350 978 IA'.
2383 924 2606 996 Πρῶτον
2658 924 2758 995 μὲν
2792 923 2903 995 γὰρ
2942 924 3045 987 ὅτι,
3079 925 3128 977 εί
3174 923 3380 991 ἀγαθὸς
3418 923 3482 975 ἐκ
3527 921 3766 995 πονηροῦ

2179 1015 2495 1085 γεγένηται,
2544 1014 2728 1067 οὐκέτι
2772 1014 2880 1066 τῶν
2919 1013 3102 1084 ἀρχῶν
3139 1013 3465 1084 σταθήσεται
3514 1016 3543 1067 6
3584 1014 3761 1081 λόγος.

2180 1104 2412 1156 Δύναται
2449 1102 2558 1174 γὰρ
2596 1103 2689 1155 καὶ
2726 1103 2754 1154 6
2784 1102 2948 1155 αὐτοῦ
2984 1102 3192 1173 Πατὴρ,
3229 1105 3277 1155 εί
3310 1102 3547 1173 πονηρὸς
3585 1104 3764 1174 ὑπάρ-

2179 1212 2262 1265 χει
2298 1195 2455 1263 (ὄπερ
2490 1194 2563 1263 μὴ
2602 1193 2831 1261 γένοιτο,
2886 1192 3020 1246 ἀλλὰ
3052 1194 3254 1262 ἀγαθός
3298 1196 3462 1265 ἐστι),
3498 1194 3765 1265 μεταὸλη-

2181 1284 2338 1354 θῆναι
2361 1284 2457 1354 τὴν
2485 1283 2732 1355 γνώμην,
2766 1284 2954 1356 ὥσπερ
2984 1287 3012 1338 6
3043 1287 3135 1337 ὑπ’
3166 1284 3332 1338 αὑτοῦ
3360 1287 3763 1357 γεγεννημένος

2178 1375 2596 1445 μεταϐέϐληται.
2648 1375 2721 1426 Τὸ
2751 1374 2807 1426 δὲ
2840 1376 3046 1445 ἕτερον,
3082 1377 3129 1427 εἰ
3163 1375 3297 1438 ὅλως
3338 1372 3500 1447 ἦλθεν
3528 1379 3555 1429 6
3589 1378 3764 1431 Μονο-

2173 1465 2336 1535 γενὴς
2371 1464 2691 1536 ἀνθρώπους
2728 1465 2918 1527 σῶσαι,
2956 1467 3049 1519 καὶ
3087 1466 3288 1537 λῃστὴν
3328 1471 3637 1536 εἰσαγαγεῖν
3682 1470 3763 1532 εἰς

2176 1556 2519 1626 παράδεισον,
2560 1560 2653 1611 καὶ
2700 1558 2938 1629 τελώνην
2970 1560 3196 1613 καλέσαι
3240 1560 3349 1613 ἀπὸ
3378 1561 3632 1614 τελωνίου
3680 1563 3762 1625 είς

2176 1649 2482 1719 μετάνοιαν,
2524 1652 2617 1703 καὶ
2656 1652 2860 1722 πόρνην
2890 1652 3216 1720 ἀλείφουσαν
3246 1651 3411 1706 αὐτοῦ
3441 1654 3565 1716 τοὺς
3594 1652 3760 1717 πόδας

492 1753 596 1807 lius
623 1766 740 1824 qua:
774 1748 938 1820 pedes
970 1765 1101 1805 suos
1126 1750 1301 1813 unxit,
1328 1758 1548 1804 sanaret
1577 1751 1906 1819 nequitiam;
1928 1766 2051 1820 praei

2175 1739 2427 1795 ἰάσασθαι
2467 1743 2576 1797 ἀπὸ
2614 1744 2877 1815 πονηρίας
2900 1761 2914 1777 ·
2968 1745 3048 1797 έτι
3088 1745 3144 1798 δὲ
3178 1746 3271 1798 καὶ
3304 1744 3487 1814 ἀγαθὰ
3527 1745 3760 1817 πράττει

488 1852 637 1901 terea
670 1843 713 1898 si
746 1842 1096 1897 commodare
1131 1844 1387 1897 omnibus
1426 1843 1609 1897 studet
1647 1843 1789 1898 idem
1825 1844 1936 1909 ille,
1974 1860 2045 1912 qu

2170 1834 2321 1899 Θεὸς,
2349 1835 2552 1904 ἀγαθὸς
2589 1838 2844 1909 ὑπάρχει,
2882 1838 2976 1891 καὶ
3027 1838 3421 1909 εὖσπλαγχνος,
3468 1839 3563 1894 καὶ
3599 1838 3757 1910 ἑλεή-

488 1938 667 1993 bonus
698 1934 841 1989 Deus
865 1942 972 1999 est,
1008 1950 1073 1989 ac
1104 1935 1444 1999 misericors,
1468 1944 1522 1990 et
1549 1935 1859 2005 benignus:
1895 1935 2051 1988 multi

2173 1945 2324 1999 μων·
2360 1928 2539 1999 πολλῷ
2591 1925 2684 1983 οὖν
2737 1931 2936 2001 μᾶλλον
2982 1930 3090 1984 ἔδει
3141 1933 3233 1984 ἐπὶ
3268 1932 3359 1985 τὸν
3412 1932 3543 1985 ίδιον
3592 1930 3756 1984 αὑτοῦ

488 2027 665 2097 magis
693 2040 821 2095 erga
853 2033 1133 2095 parentem
1176 2023 1486 2079 adhibenda
1532 2024 1909 2081 misericordia
1942 2026 2063 2091 fuit,

483 2128 544 2175 ut
573 2120 717 2173 hunc
742 2118 979 2189 primum
1002 2118 1245 2171 omnium
1279 2128 1561 2173 revocaret
1586 2118 1653 2172 ad
1690 2119 1941 2184 salutem,
1974 2131 2065 2171 eo-

482 2228 591 2290 que
624 2227 732 2281 pra:
762 2211 975 2265 caeteris
1008 2209 1076 2263 ad
1120 2210 1346 2265 meliora
1382 2225 1653 2265 converso
1686 2210 1941 2281 perfectae
1964 2210 2065 2265 ho-

482 2305 674 2360 nitatis
702 2302 978 2374 specimen
1005 2302 1291 2371 praeberet,
1332 2302 1461 2356 dum
1501 2303 1745 2372 parentis
1787 2303 1871 2357 sui
1907 2303 2066 2358 mise-

482 2395 696 2450 ratione
741 2399 1075 2456 moveretur,
1124 2390 1585 2461 quemadmodum
1630 2394 1895 2462 scriptum
1926 2401 2057 2449 est:

478 2486 620 2542 Bene
648 2487 821 2556 facere
861 2484 1101 2539 omnibus
1143 2494 1402 2554 oportere,
1442 2488 1672 2538 maxime
1720 2502 1838 2539 vero
1878 2484 2062 2539 dome-

477 2580 629 2633 sticis
649 2579 771 2647 ﬁdei
788 2580 808 2610 ⁸
838 2595 855 2631 :
880 2584 1085 2649 quanto
1107 2575 1273 2647 igitur
1295 2576 1468 2647 magis
1490 2585 1781 2646 parentum
1809 2578 2059 2633 misereri

479 2670 781 2726 convenit?

548 2760 655 2818 Sed
690 2759 837 2814 aliud
867 2767 974 2824 est,
1005 2758 1151 2828 quod
1185 2758 1252 2813 ad
1274 2763 1418 2813 hanc
1452 2757 1747 2815 Marcionis
1774 2760 2060 2816 refutatio-

475 2868 600 2910 nem
626 2852 930 2907 addendum
956 2851 1193 2906 videtur.
1224 2849 1359 2904 Nam
1397 2850 1466 2917 si,
1494 2866 1618 2905 cum
1650 2853 1876 2908 alterius
1911 2862 2059 2909 esset

475 2946 566 3001 ille
596 2944 762 3008 ﬁlius,
797 2959 920 2999 sese
955 2942 1023 2997 ad
1055 2944 1288 2996 alterum
1323 2942 1643 3007 contulerit,
1684 2958 1754 2998 ne
1789 2944 1920 2997 huic
1951 2944 2054 3013 ipsi

473 3040 695 3110 quidem
744 3036 904 3092 fidem
940 3037 1285 3107 praestitutus
1314 3036 1546 3091 videtur.
1602 3036 1707 3102 Qui
1739 3038 1888 3091 enim
1922 3036 2055 3092 ﬁde—

2173 2019 2390 2094 Πατέρα
2424 2021 2517 2074 τὸν
2548 2017 2727 2075 οἶκτον
2751 2022 3063 2090 ἀναλαϐεῖν,
3090 2023 3183 2076 καὶ
3224 2023 3387 2077 αὑτὸν
3416 2024 3632 2095 πρῶτον
3667 2041 3759 2095 με·

2166 2114 2409 2168 ταθεῖναι
2442 2116 2521 2178 είς
2562 2115 2624 2168 τὸ
2675 2115 3053 2185 σωηριῶδεςο
3113 2117 3222 2180 ἵνα,
3260 2117 3475 2187 πρῶτον
3514 2117 3607 2170 τὸν
3646 2117 3758 2171 Πα-

2164 2203 2299 2276 τέρα
2349 2205 2514 2258 αὐτοῦ
2571 2206 2910 2276 μεταϐαλὼν,
2959 2207 3180 2271 τελείως
3214 2207 3509 2273 ἐνδείξεται
3540 2209 3638 2279 τὴν
3666 2226 3756 2261 τε-

2165 2294 2314 2349 λείαν
2354 2296 2687 2368 ἀγαθότητα,
2728 2298 2819 2351 τὸν
2864 2299 3083 2370 Πατέρα
3131 2299 3295 2353 αὐτοῦ
3343 2301 3638 2371 οἰκτείρας,
3678 2301 3755 2363 ὡς

2164 2390 2259 2444 καί¹
2292 2390 2635 2461 γέγραπται·
2662 2391 2865 2444 Ποιεῒν
2894 2391 2960 2445 τὸ
2992 2392 3219 2461 ἀγαθὸν
3248 2392 3483 2463 πρῶτον
3501 2395 3588 2459 εἰς
3612 2392 3753 2459 τοὺς

2163 2482 2422 2547 οἰκείους
2479 2482 2591 2551 τῆς
2640 2483 2899 2549 πίστεως
2925 2498 2938 2512 °
2993 2484 3144 2557 πόσῳ
3192 2501 3258 2555 γε
3322 2484 3521 2556 μᾶλλον
3583 2484 3757 2541 ἑλεείν

2160 2576 2286 2639 τοὺς
2318 2574 2525 2629 ἑαυτῶν
2552 2575 2794 2647 πατέρας
2815 2593 2832 2644 ;

2232 2755 2306 2809 Τὸ
2335 2755 2394 2810 δὲ
2443 2755 2629 2827 ἕτερον
2672 2756 2786 2810 ἑστι
2821 2757 2843 2789 ⁵
2886 2758 3253 2829 προστέθεικα
3291 2764 3359 2833 τῇ
3400 2760 3622 2832 φράσει,
3656 2762 3751 2816 καὶ

2160 2846 2239 2919 τῷ
2290 2847 2497 2919 ἐλέγχῳ
2538 2847 2616 2919 τῷ
2668 2848 2804 2920 πρὸς
2872 2850 2963 2904 τὸν
3012 2852 3349 2922 Μαρκίωνα’
3407 2856 3510 2916 ὅτι,
3559 2857 3609 2907 εί
3653 2856 3751 2925 μὲν

2157 2940 2252 2993 τοῦ
2290 2942 2407 3004 ἑνός
2439 2944 2554 2994 ἑστι
2582 2942 2718 3006 υἱὸς,
2749 2942 2843 2995 καί⁸
2876 2942 3011 3014 πρὸς
3048 2944 3138 2997 τὸν
3166 2945 3352 3013 ἕτερον
3382 2947 3745 3017 προσέφυγεν,

2158 3035 2219 3087 οὐ
2249 3034 2443 3098 πιστὸς
2473 3035 2970 3106 παραδειχθήσεται
3001 3038 3152 3109 παρὰ
3192 3038 3269 3108 τῷ
3316 3039 3504 3110 ἑτέρῳ.
3553 3039 3609 3091 Ὀ
3638 3038 3749 3109 γὰρ

472 3134 579 3189 lem
618 3148 678 3188 se
708 3148 837 3203 erga
868 3140 1146 3201 parentem
1180 3131 1404 3184 minime
1440 3133 1693 3201 praebuit,
1732 3147 1799 3187 ex
1834 3132 1903 3186 iis
1934 3147 2051 3202 qua:

2162 3129 2465 3198 συνείδησιν
2501 3130 2582 3193 εἰς
2633 3130 2723 3183 τὸν
2759 3129 2889 3183 ἴδιον
2924 3130 3091 3184 αὐτοῦ
3140 3132 3359 3202 Πατέρα
3399 3131 3473 3203 μὴ
3505 3132 3745 3201 φυλάξας

472 3233 633 3280 antea
675 3224 864 3294 gessit,
913 3239 981 3279 ne
1018 3222 1159 3294 apud
1184 3224 1417 3278 alterum
1461 3224 1687 3293 quidem
1721 3223 1825 3279 [ide
1855 3224 2055 3295 dignus

470 3314 780 3370 habebitur.
821 3313 903 3367 Ad
954 3313 1069 3367 lnec
1122 3313 1229 3365 alio
1264 3312 1390 3365 licet
1444 3319 1765 3382 argumento
1809 3328 2051 3367 errorem

469 3417 648 3473 tuum,
694 3404 920 3467 Marcio,
956 3406 1305 3468 convincere,
1349 3419 1417 3458 ex
1463 3418 1528 3458 eo
1569 3404 1819 3458 videlicet
1850 3404 2050 3475 capite,

469 3495 614 3567 quod
647 3494 717 3548 ob
750 3492 985 3561 alicujus
1008 3493 1103 3562 qui
1132 3492 1439 3545 mitteretur
1468 3490 1704 3561 impiam
1738 3505 1907 3561 negas
1935 3505 2051 3547 ser-

467 3601 600 3642 vare
626 3586 829 3641 bonum
853 3583 1023 3639 Deum
1049 3584 1173 3637 illos
1194 3584 1460 3652 potuisse,
1489 3598 1629 3653 quos
1658 3583 1865 3639 servari
1887 3598 2052 3652 opor-

466 3679 591 3744 tuit,
622 3678 782 3749 377
813 3685 868 3732 et
916 3676 1115 3746 quibus
1160 3690 1255 3745 per
1289 3674 1571 3730 Christum
1598 3674 2047 3731 misericordiam

467 3770 680 3825 tribuit.
723 3768 841 3824 Nisi
895 3768 1040 3823 enim
1102 3766 1359 3822 Christus
1408 3765 1476 3820 ad
1533 3781 1845 3835 supremum
1894 3766 2047 3821 illum

464 3863 636 3919 Deum
686 3877 752 3917 ex
806 3859 1101 3915 Marcionis
1153 3858 1425 3915 sententia
1476 3858 1832 3929 confugisset,
1883 3874 2047 3929 quem

464 3951 556 4005 ille
585 3950 762 4004 bonus
793 3949 1057 4013 mitteret,
1086 3948 1375 4003 habuisset
1403 3948 1702 4011 neminem,
1744 3949 1791 4003 si
1822 3964 1931 4003 non
1958 3950 2047 4003 in-

465 4051 549 4097 ter
575 4041 792 4096 Patrem
835 4055 898 4095 ac
928 4038 1127 4093 Filium
1168 4038 1446 4095 Christum
1488 4040 1808 4096 odensionis
1840 4041 2045 4111 aliquid

463 4133 875 4189 intervenisset.
913 4133 1116 4187 Deinde
1156 4132 1202 4186 si
1236 4132 1513 4187 Creatoris
1561 4141 1644 4189 est
1682 4133 1847 4198 ﬁlius,
1880 4133 2047 4187 idem-

462 4242 569 4297 que
609 4225 875 4280 creationi
907 4224 1011 4295 ipsi
1056 4239 1119 4279 ac
1160 4225 1404 4295 paternis
1434 4226 1694 4295 Operibus
1743 4234 1827 4281 est
1854 4226 2042 4281 inimi-

462 4331 583 4382 cus,
631 4316 960 4386 simulatque
994 4316 1048 4370 in
1077 4316 1225 4371 hunc
1273 4318 1460 4373 orbem
1507 4316 1762 4388 delapsus
1806 4327 1912 4381 est,
1948 4318 2044 4372 hu-

463 4420 685 4459 manum
738 4406 792 4460 in
838 4408 1030 4476 primis
1085 4423 1257 4477 genus
1301 4409 1667 4463 exterminare
1714 4409 1922 4475 debuit,
1981 4418 2040 4465 ut

462 4497 743 4554 conditum
805 4497 935 4552 illud
989 4514 1128 4569 opus
1193 4515 1222 4553 a
1276 4499 1433 4556 Patre
1493 4499 1740 4557 funditus
1797 4502 2036 4570 deleret,

465 4598 651 4660 utpote
693 4598 1043 4660 paternarum
1092 4591 1433 4645 molitionum
1486 4592 1660 4647 hostis
1713 4595 2035 4651 acerrimus.

463 4685 571 4737 Aut
626 4691 687 4737 ut
738 4684 1070 4754 persanandi
1117 4698 1181 4738 ac
1233 4686 1461 4739 curandi
1510 4686 1874 4757 servandique
1926 4689 2036 4742 vim

462 4788 731 4844 usurpare
778 4774 970 4838 vellet,
1019 4774 1123 4828 hoc
1170 4774 1347 4844 ipsum
1394 4776 1750 4833 humanitatis
1800 4777 2036 4834 ollicium

460 4866 673 4937 parenti
726 4874 851 4920 ante
910 4875 1133 4920 caeteros
1175 4881 1367 4922 omnes
1410 4866 1775 4923 exhibendum
1835 4868 2034 4935 fuerat,

456 4958 618 5029 eique
641 4956 1101 5028 persuadendum.
1134 4958 1227 5012 ﬁlii
1262 4967 1321 5012 ut
1350 4974 1473 5014 esse
1507 4960 1705 5015 similis
1734 4962 1941 5027 mallet,
1972 4971 2032 5016 ut

460 5058 568 5103 tam
606 5048 721 5117 ipse
753 5048 855 5102 sibi
889 5063 1052 5117 quam
1089 5047 1237 5101 Patri
1271 5049 1469 5112 bonus,
1501 5057 1555 5104 et
1583 5049 1821 5106 humano
1846 5053 2033 5123 generi

460 5136 717 5192 salutaris
758 5144 923 5201 esset,
973 5146 1137 5207 atque
1182 5137 1257 5190 ita
1314 5152 1422 5192 una
1469 5147 1524 5194 et
1571 5140 1762 5196 eadem
1815 5143 2034 5199 bonitas

456 5228 764 5283 exsisteret.
825 5228 990 5297 Atqui
1056 5229 1211 5299 longe
1261 5229 1365 5284 ista
1423 5245 1545 5287 sese
1603 5233 1761 5289 aliter
1804 5235 2028 5303 habent,

454 5334 619 5390 quam
663 5321 810 5376 illius
845 5320 948 5376 fert
977 5323 1208 5376 conlicta
1243 5337 1307 5376 ac
1342 5322 1592 5380 fabulosa
1632 5329 1893 5383 narratio.
1932 5330 2031 5385 Ne-

454 5428 559 5483 que
584 5413 730 5468 enim
764 5413 870 5468 tria
914 5421 1043 5468 sunt
1075 5415 1364 5485 principia,
1400 5431 1500 5471 nec
1541 5418 1681 5474 alius
1711 5428 1795 5475 est
1824 5420 2025 5476 Christi

453 5504 636 5572 Pater,
668 5519 769 5560 nec
798 5505 889 5559 ille
919 5506 1173 5576 nequitiae
1208 5508 1426 5565 soboles
1451 5511 1679 5578 exstitit,
1709 5513 1850 5569 absit
1885 5523 1943 5568 ut
1974 5514 2028 5568 id

2157 3220 2277 3273 οὐδὲ
2324 3219 2476 3291 παρὰ
2522 3219 2600 3291 τῷ
2634 3220 2807 3291 ἑτέρῳ
2848 3220 3268 3292 πιστευθήσεται
3318 3224 3425 3277 ἀπὸ
3473 3223 3582 3276 τῶν
3618 3224 3747 3294 παρ’

2156 3311 2319 3365 αὐτοῦ
2354 3312 2703 3383 προαγόντως
2749 3313 3177 3384 πεπραγμένων.
3229 3314 3390 3368 Ἀλλὰ
3436 3317 3530 3369 καὶ
3570 3316 3743 3380 ἄλλως

2155 3404 2339 3468 πάλιν,
2369 3400 2415 3459 ὧ
2453 3405 2740 3475 Μαρκίων,
2775 3405 2842 3458 δι’
2876 3407 3111 3477 ἀπορίαν
3148 3406 3241 3459 τοῦ
3277 3408 3630 3477 πεμπομένου
3666 3409 3745 3479 μὴ

2153 3496 2469 3567 δυνηθέντος
2502 3497 2674 3551 σῶσαι
2723 3501 2851 3561 τοὺς
2887 3499 3018 3569 παρ’
3059 3499 3207 3569 αὐτῷ
3254 3500 3615 3570 σωζομένους,
3649 3502 3742 3555 καὶ

2153 3590 2285 3660 παρ’
2339 3589 2503 3642 αὑτοῦ
2559 3590 2648 3644 διὰ
2700 3590 2938 3661 Χριστοῦ
2988 3590 3330 3662 ἑλεηθέντας.
3392 3592 3458 3645 El
3506 3594 3581 3664 μὴ
3629 3593 3741 3663 γὰρ

2152 3683 2402 3752 ἀπέφυγε
2437 3684 2578 3737 κατὰ
2610 3684 2701 3737 τὸν
2749 3683 2843 3737 τοῦ
2883 3685 3209 3753 Μαρκίωνος
3246 3683 3404 3752 λόγον
3448 3687 3477 3737 6
3506 3686 3740 3755 Χριστὸς

2161 3775 2300 3846 πρὸς
2323 3775 2414 3829 τὸν
2440 3775 2552 3828 ἄνω
2580 3775 2733 3838 Θεὸν,
2768 3776 2865 3828 οὐκ
2900 3776 3131 3847 ηὐπόρει
3160 3778 3188 3830 6
3218 3776 3420 3844 ἀγαθὸς
3457 3776 3590 3841 Θεὸς
3616 3777 3738 3830 τινὰ

2154 3867 2493 3929 ἀποστεῖλαι,
2512 3870 2561 3920 εί
2592 3867 2666 3939 μὴ
2698 3869 2756 3921 ὲν
2786 3867 3150 3939 προσκρούσει
3176 3869 3203 3921 6
3234 3868 3326 3921 τοῦ
3359 3869 3594 3939 Χριστοῦ
3623 3871 3737 3922 Πα-

2146 3959 2272 4031 τὴρ,
2308 3960 2383 4023 ὡς
2412 3960 2438 4011 ὁ
2467 3959 2732 4029 Μαρκίων
2764 3959 2933 4029 λέγει,
2964 3960 3103 4031 πρὸς
3132 3960 3223 4013 τὸν
3255 3959 3383 4013 ἴδιον
3412 3959 3579 4014 αὐτοῦ
3610 3962 3737 4015 Υἰὸν

2146 4053 2460 4123 γεγένηται.
2502 4053 2613 4107 Καὶ
2656 4052 2833 4116 ἄλλως
2877 4052 2956 4116 δὲ,
3006 4053 3181 4106 εἰτοῦ
3232 4054 3575 4126 Δημιουργοῦ
3619 4056 3735 4118 υἱός

2146 4144 2313 4208 ἑστιν,
2352 4143 2651 4197 ἀντίκειται
2692 4143 2749 4196 δὲ
2774 4146 2839 4214 τῇ
2868 4142 3203 4216 δημιουργίᾳ
3239 4145 3334 4197 καὶ
3375 4145 3452 4215 τῷ
3483 4146 3579 4199 τοῦ
3615 4149 3731 4201 Πα-

2145 4236 2274 4304 τρὸς
2311 4233 2477 4305 ἔργῳ,
2512 4233 2727 4305 πρῶτον
2776 4235 2872 4305 μὲν
2906 4234 3077 4287 ἐλθὼν
3107 4237 3185 4298 εἰς
3222 4236 3311 4291 τὸν
3345 4237 3569 4307 κόσμον,
3605 4240 3727 4303 τοὺς

2144 4323 2465 4398 ἀνθρώπους
2509 4326 2727 4396 πρῶτον
2762 4322 2908 4397 εἶχεν
2934 4327 3310 4399 ἑξολοθρεῦσαι
3331 4344 3346 4361 ⁸
3380 4331 3464 4383 ἵνα
3493 4332 3731 4406 ἀφανίσῃ

2073 4457 2114 4510 D
2142 4417 2204 4469 τὸ
2257 4417 2417 4510 ἔργον
2458 4418 2523 4510 τὸ
2552 4419 2663 4473 ἀπὸ
2691 4419 2785 4473 τοῦ
2832 4420 2962 4473 ἰδίου
3006 4420 3217 4493 Πατρὸς
3261 4422 3730 4495 δεδημιουργημέ-

2143 4525 2252 4573 νον,
2287 4508 2362 4572 ὡς
2407 4509 2675 4573 ἀντίδικος
2720 4511 3011 4581 γενόμενος
3043 4513 3141 4583 τῆς
3175 4512 3268 4565 τοῦ
3309 4515 3518 4586 Πατρὸς
3546 4516 3715 4570 διαθέ-

2144 4617 2301 4664 σεως.
2339 4602 2409 4653 Ἦ
2436 4600 2597 4654 πάλιν
2623 4601 2799 4655 λαϐὼν
2828 4603 3055 4674 δύναμιν
3085 4605 3278 4669 ἰάσεως
3309 4606 3403 4659 καὶ
3433 4608 3726 4678 θεραπείας

2141 4693 2234 4745 καὶ
2267 4693 2559 4764 σωτηρίας,
2592 4693 2823 4763 ὠφειλεν
2854 4695 3188 4759 ἐνδείξασθαι
3226 4700 3305 4760 εἰς
3335 4698 3428 4750 τὸν
3470 4700 3597 4754 ἴδιον
3626 4703 3719 4756 αὑγ-

2140 4782 2234 4834 τοῦ
2278 4784 2497 4855 Πατέρα
2542 4784 2646 4855 πρὸ
2675 4784 2891 4839 πάντων
2926 4787 3025 4858 τὴν
3054 4787 3153 4857 τῆς
3186 4787 3595 4859 φιλανθρωπίας
3627 4793 3725 4863 ἐρσ-

2137 4874 2357 4942 γασίαν,
2393 4876 2485 4929 καὶ
2534 4875 2749 4947 πρῶτον
2796 4880 2981 4932 πεῖσαι
3020 4878 3112 4933 τὸν
3143 4881 3362 4953 Πατέρα
3390 4883 3554 4936 αὐτοῦ
3600 4888 3722 4937 κατ’

2138 4966 2300 5019 αὐτὸν
2329 4967 2581 5034 γενέσθαι
2600 4985 2613 4998 ’
2647 4970 2754 5037 ἵνα,
2788 4970 3076 5041 γενόμενος
3103 4973 3249 5043 αὐτῷ
3278 4992 3332 5026 τε
3378 4976 3471 5028 καὶ
3498 4976 3576 5047 τῷ
3610 4979 3705 5029 Παο

2138 5058 2227 5128 τρὶ
2276 5058 2440 5112 αὑτοῦ
2483 5059 2708 5129 ἀγαθὸς,
2754 5062 2850 5132 τῆς
2902 5062 3037 5133 πρὸς
3088 5062 3407 5135 ἀνθρώπους
3450 5068 3719 5138 σωτηρία,⁵

2138 5152 2170 5222 ἡ
2213 5151 2312 5221 μία
2339 5152 2431 5205 καὶ
2464 5155 2496 5223 ἡ
2537 5154 2675 5225 αὑτὴ
2711 5154 2982 5226 ἁγαθότης
3016 5158 3261 5229 γένηται.
3313 5159 3451 5213 Ἀλλ’
3484 5162 3582 5231 οὐχ
3625 5161 3719 5214 οὓ-

2138 5259 2244 5305 τως
2280 5243 2414 5313 έχει,
2444 5244 2519 5308 ώς
2549 5246 2577 5298 6
2604 5246 2795 5298 τούτου
2830 5250 3301 5321 κενοφωνούμενος
3349 5252 3599 5324 μυθώδης
3632 5252 3700 5305 λδ

2137 5353 2252 5403 γος.
2298 5336 2433 5391 Οὔτε
2462 5339 2570 5410 γὰρ
2601 5343 2748 5411 τρεῖς
2792 5342 2978 5412 ἁρχαὶ,
3010 5342 3131 5397 οὔτε
3173 5347 3328 5410 ἄλλος
3370 5348 3555 5418 Πατὴρ
3585 5349 3715 5419 Χρι-

2138 5428 2284 5489 στοῦ,
2334 5430 2456 5483 οὐδὲ
2496 5433 2696 5495 κακίας
2732 5432 2847 5485 ἐστὶ
2872 5434 3136 5506 γέννημα,
3174 5440 3247 5508 μὴ
3289 5438 3530 5507 γένοιτοί
3580 5439 3717 5510 Φησὶ

2136 5521 2277 5591 γάρ’
2329 5520 2474 5590 Ἐγὼ
2510 5523 2580 5577 ἐν
2615 5524 2695 5589 τῷ
2746 5527 2951 5594 Πατρί,
2995 5530 3095 5583 καὶ
3139 5532 3172 5585 ὁ
3214 5530 3417 5601 Πατὴρ
3455 5532 3526 5587 ἐν
3561 5532 3713 5603 ἐμοί.

453 5615 692 5670 unquam
724 5600 1120 5659 existimemus.
1170 5602 1246 5658 lta
1280 5609 1423 5660 enim
1464 5608 1578 5679 ipse
1611 5616 1880 5666 testatur:
1917 5610 2028 5682 Ego
2070 5616 2120 5668 in
2164 5615 2346 5679 Patre,
2378 5630 2426 5672 et
2462 5618 2626 5675 Pa:er
2658 5623 2711 5676 in
2754 5640 2833 5677 me
2859 5634 2934 5678 est
2957 5624 2998 5676 ³.

538 5756 745 5815 'llebr.
785 5762 968 5827 1v,12.
1049 5766 1069 5795 ²
1101 5762 1280 5821 Galat.
1314 5781 1387 5833 Vl,
1426 5766 1512 5821 l2.
1593 5768 1613 5801 ⁸
1642 5766 1798 5825 Joan.
1840 5786 1949 5840 XIV,
1985 5773 2068 5829 l0.
2147 5774 2166 5804 ⁸
2192 5773 2316 5829 For.
2347 5776 2440 5829 ἔτι.
