4186 6374
477 433 586 499 317

1158 436 1385 493 ADVEB
1397 436 1529 496 SUS
1567 435 1908 492 [UERESES
1941 434 2062 490 LIB.

2185 431 2350 489 ΤΟΜ.
2385 431 2471 488 Ill.
2485 428 2840 485 —IUERES.
2876 427 3061 484 XLlll.

3626 421 3738 484 8'13

554 550 663 604 Καὶ
707 550 755 602 εί
786 549 882 620 μὲν
912 548 1080 612 νόθως
1108 549 1256 617 λέγει
1298 549 1507 620 πατέρα
1536 548 1708 619 ἔχειν,
1738 550 1797 602 ού
1833 546 2054 601 δύναται

2228 543 2384 610 Quod
2413 543 2460 598 si
2492 541 2858 597 adulterinum
2890 541 3044 596 illum
3074 545 3354 610 parentem
3391 536 3738 609 intelligeret,

477 638 643 696 αὑτοῦ
666 641 694 691 6
730 639 881 701 νόθος
920 639 1111 710 Πατὴρ
1136 637 1465 708 καλούμενος
1490 639 1546 691 ὲν
1572 636 1721 703 αύτῷ
1744 633 1903 700 εἶναι,
1938 635 2061 689 οὐδὲ

479 732 643 795 αὐτὸς
672 734 729 785 ὲν
765 729 841 801 τῷ
866 730 1061 800 Πατρί.
1106 731 1163 782 '0
1192 730 1249 783 δὲ
1295 729 1435 782 κατά
1462 728 1623 798 φύσιν
1653 728 1818 782 αὑτοῦ
1844 726 2063 797 Πατέρα

480 823 569 875 ἀεὶ
599 820 833 889 ἀγαθὸν,
873 820 965 873 καὶ
1008 820 1139 872 Θεὸν
1177 820 1282 879 ἀεὶ,
1321 820 1414 872 καὶ
1451 820 1666 872 πάντων
1702 818 2059 889 Δημιουργὸν,

480 910 659 981 ἐαυτῷ
690 912 745 963 δὲ
786 910 915 963 ὄντα
951 910 1045 963 καὶ
1078 910 1173 962 σὺν
1223 910 1371 980 αύτῷ
1424 909 1735 981 ὑπάρχοντα
1775 909 2060 973 διδάσκων,

482 1004 579 1055 καὶ
624 1001 937 1072 ἀληθεύων,
983 1003 1122 1053 κατὰ
1162 1001 1255 1054 τού
1304 1003 1630 1072 Μαρκίωνος
1693 1005 1791 1072 τὴν
1835 1001 2062 1072 ἀπειλὴν

479 1092 813 1165 διεξέρχεται
850 1092 943 1145 τοῦ
969 1092 1219 1159 λέγοντος
1246 1093 1260 1122 ¹
1282 1109 1295 1121 ·
1336 1093 1397 1145 '0
1424 1092 1511 1162 μὴ
1542 1091 1727 1162 τιμῶν
1761 1092 1868 1146 τὸν
1904 1091 2062 1157 Υὶὸν,

480 1185 562 1249 ὡς
600 1182 736 1253 τιμᾷ
765 1183 872 1236 τὸν
911 1181 1163 1250 Πατέρα,
1194 1186 1231 1252 ἡ
1262 1184 1407 1253 ὀργὴ
1444 1184 1550 1237 τοῦ
1582 1185 1728 1238 Θεοῦ
1761 1185 1853 1237 ἐπ’
1879 1183 2066 1237 αὑτὸν

476 1275 665 1347 μένει.
706 1274 844 1344 Ἤδη
874 1274 930 1327 δὲ
962 1276 1018 1328 ὲν
1048 1275 1270 1339 πολλαῖς
1306 1275 1631 1347 μαρτυρίαις
1665 1276 1943 1345 ἐδείξαμεν
1972 1276 2065 1331 τὸν

482 1370 581 1423 ἕνα
603 1370 731 1422 ὄντα
763 1368 920 1434 Θεὸν,
949 1367 1039 1421 τὸν
1071 1367 1289 1439 Πατέρα
1311 1363 1400 1421 τοῦ
1438 1366 1647 1438 Κυρίου
1690 1370 1721 1439 ἡ
1733 1367 1847 1438 μῶν
1888 1368 2063 1439 Ἰησοῦ

484 1456 745 1529 Χριστοῦ,
775 1454 978 1525 ἀγαθὸν
1004 1456 1155 1522 ὄντα,
1184 1457 1279 1508 καὶ¹
1304 1456 1508 1527 ἀγαθὸν
1546 1458 1903 1527 γεννήσαντα,
1934 1457 2066 1525 ἀγά-

483 1567 594 1620 πην
620 1548 771 1612 ὄντα,
806 1548 900 1601 καὶ
927 1548 1149 1617 ἀγάπην
1185 1550 1545 1619 γεννήσαντα,
1577 1549 1758 1618 πηγὴν
1786 1548 1936 1611 ὄντα,
1973 1549 2067 1602 καὶ

2166 652 2279 691 non
2335 643 2519 705 potest
2546 635 2594 689 is
2644 635 2738 704 qui
2780 634 3122 689 adulterinus
3143 630 3302 687 Pater
3329 631 3530 693 dicitur
3559 630 3615 684 in
3646 629 3742 685 illo

2161 744 2303 793 esse,
2342 742 2441 781 nec
2475 726 2564 779 ille
2597 725 2649 779 in
2708 724 2887 779 Patre.
2927 722 3033 778 Sed
3065 739 3189 778 cum
3226 738 3541 794 germanum
3586 721 3739 776 illum

2172 836 2356 887 suum,
2384 834 2447 873 ac
2476 818 2780 872 naturalem
2809 825 3087 887 parentem
3117 831 3331 885 semper
3354 816 3577 879 bonum,
3604 828 3743 868 sem-

2164 928 2371 983 perque
2422 910 2616 974 Deum,
2681 909 3037 978 omniumque
3075 905 3438 969 conditorem,
3484 914 3645 975 atque
3685 911 3741 958 et

2163 1004 2309 1074 apud
2344 1002 2722 1071 semetipsum,
2755 1008 2959 1057 etcum
2998 998 3135 1053 Filio
3177 998 3532 1052 exsistentem
3566 996 3741 1051 veris-

2166 1093 2305 1147 sime
2355 1090 2582 1155 doceat,
2637 1090 2780 1145 idem
2830 1090 3159 1143 Marcionem
3208 1088 3404 1143 horum
3452 1087 3739 1141 verborum

2165 1184 2585 1241 comminatione
2619 1183 2973 1253 perstringit:
3027 1182 3130 1249 Qui
3164 1198 3267 1235 non
3294 1180 3612 1249 honoriﬁeat
3646 1177 3742 1232 Fi-

2166 1276 2318 1341 lium,
2349 1284 2407 1329 ut
2433 1275 2750 1343 honori/icui
2791 1273 3030 1339 Patrem,
3065 1276 3147 1326 ira
3182 1272 3282 1326 Dei
3306 1272 3362 1327 ξη
3383 1272 3476 1325 illo
3507 1272 3739 1325 manet‘.

2164 1372 2243 1426 Ac
2301 1386 2403 1427 nos
2472 1370 2752 1440 plerisque
2809 1368 2923 1438 jam
2980 1367 3313 1423 testimoniis
3375 1366 3739 1429 ostendimus,

2167 1478 2336 1518 unum
2378 1476 2502 1517 esse
2549 1460 2740 1524 Deum,
2788 1475 2852 1514 ac
2898 1459 3115 1515 Patrem
3161 1458 3375 1513 Domini
3410 1458 3583 1514 nostri
3611 1456 3741 1513 Iesu

2167 1549 2393 1615 Christi,
2429 1550 2523 1619 qui
2549 1549 2728 1603 bonus
2757 1555 2861 1613 est,
2899 1549 3211 1616 bonumque
3241 1546 3465 1616 genuit;
3502 1546 3743 1601 clnaritas

482 1640 631 1710 ζωῆς
680 1639 863 1712 πηγὴν
909 1640 1248 1710 γεννήσαντα.
1303 1640 1515 1710 (Παρὰ
1573 1640 1673 1693 σοὶ
1741 1641 1852 1710 γὰρ
1902 1639 2062 1710 πηγὴ

2172 1640 2300 1695 item
2331 1646 2437 1703 est,
2477 1646 2531 1693 et
2558 1638 2882 1693 cbaritatem
2914 1638 3134 1707 genuit;
3164 1636 3288 1691 fons
3316 1645 3421 1703 est,
3446 1647 3499 1691 et
3533 1634 3740 1693 fontem

480 1731 652 1798 ζωῆς,
678 1733 840 1804 φησὶν
866 1733 900 1803 ὴ
930 1730 1179 1803 Γραφή)·
1235 1732 1491 1802 ἀλήθειαν
1521 1731 1670 1793 ὄντα,
1696 1731 1786 1784 καὶ
1810 1731 2062 1799 ἀλήθειαν

2167 1732 2292 1786 vita:
2333 1729 2595 1801 produxit
2643 1728 2819 1798 (Apud
2886 1737 2932 1783 te
2974 1729 3115 1783 enim
3156 1736 3236 1782 est
3294 1726 3416 1796 fons
3459 1728 3617 1793 vitaz,
3665 1727 3744 1782 ait

482 1839 843 1893 γεννησαντα,
890 1823 1005 1893 φῶς
1038 1824 1194 1887 ὂντα,
1229 1824 1324 1877 καὶ
1360 1823 1476 1892 φῶς
1522 1824 1880 1894 γεννήσαντα,
1920 1823 2062 1892 ζωὴν

2169 1821 2457 1891 Scriptura
2485 1820 2550 1892 ³).
2602 1819 2744 1874 Idem
2774 1826 2829 1875 et
2857 1818 3071 1886 Veritas
3105 1826 3209 1884 est,
3242 1828 3295 1873 et
3326 1818 3621 1873 Veritatem
3653 1831 3745 1890 ge-

481 1914 633 1977 ὅντα,
665 1915 758 1968 καὶ
781 1915 925 1985 ζωὴν
954 1915 1315 1985 γεννήσαντα,
1348 1916 1599 1986 ἀνάρχως
1635 1916 1727 1967 καὶ
1755 1914 1940 1977 ἀϊδίως
1971 1913 2062 1967 καὶ

2166 1914 2325 1980 nuit;
2388 1914 2747 1982 similiterque
2804 1912 2991 1966 lumen
3043 1918 3148 1975 est,
3201 1919 3256 1967 et
3302 1913 3484 1967 lumen
3524 1911 3742 1982 genuit;

482 2005 749 2077 ἀχρόνως.
798 2008 907 2060 Καὶ
950 2006 1274 2078 έλήλεγκται
1314 2008 1454 2060 κατά
1495 2007 1734 2077 πάνταὴ
1781 2006 1873 2060 τοῦ
1906 2008 2062 2078 Μαρ-

482 2096 680 2160 κίωνος
715 2097 913 2170 πλάνη.

557 2267 774 2320 Τούτων
807 2268 992 2322 τοίνυν
1031 2268 1201 2332 οὕτως
1239 2269 1492 2340 ἐχόντων,
1526 2270 1620 2323 καὶ
1662 2268 1760 2340 τῆς
1795 2269 1938 2323 κατὰ
1969 2268 2063 2322 τοῦ

481 2358 802 2421 ἀπατεῶνος
836 2361 1153 2430 ἀνατροπῆς
1179 2360 1267 2413 διὰ
1298 2361 1500 2431 πολλῆς
1540 2362 1632 2414 καὶ
1670 2362 1932 2433 ἀληθινῆς
1976 2380 2066 2414 συ-

486 2449 727 2510 στάσεως
753 2450 810 2500 ὲν
834 2448 953 2518 Θεῷ
987 2451 1117 2519 ἡμῖν
1151 2450 1661 2521 κατεργασαμένης,
1689 2451 1850 2504 πάλιν
1875 2453 1967 2505 ἐπὶ
1999 2452 2066 2506 τὰ

483 2538 630 2608 ἑξῆς·
648 2537 851 2608 ταύτης
879 2538 981 2608 τῆς
996 2540 1113 2592 νυν)⁸
1134 2540 1209 2604 ὡς
1246 2542 1487 2612 μεγάλης
1508 2541 1731 2605 ἀσπίδος
1750 2557 2066 2613 καταπατη-

486 2630 677 2700 θείσης
724 2629 814 2682 διὰ
860 2630 954 2684 τοῦ
1008 2630 1276 2701 ἀψευδοῦς
1325 2632 1484 2699 λόγου
1528 2630 1622 2684 τοῦ
1676 2632 1927 2704 Σωτῆρος
1971 2635 2065 2689 τοῦ

483 2720 732 2783 εἰπόντος
756 2737 770 2752 ο
804 2719 1037 2773 Δέδωκα
1064 2720 1208 2789 ὑμῖν
1235 2721 1449 2775 πατεῖν
1486 2721 1584 2775 ἐπὶ
1633 2722 1799 2789 ὄφεις
1839 2724 1937 2775 καί
1967 2724 2065 2778 ἐπὶ

482 2808 695 2865 πᾶσαν
728 2809 842 2878 τὴν
874 2810 1131 2880 δύναμιν
1181 2812 1285 2865 τοῦ
1314 2812 1530 2880 ἐχθροῦ
1551 2829 1564 2843 ·
1618 2814 1787 2883 ῐωμεν
1823 2815 1918 2866 καὶ
1970 2816 2067 2878 τὰς

484 2901 594 2955 τῶν
633 2902 808 2956 ἄλλων
858 2904 1333 2975 ματαιοφροσύνας
1376 2905 1692 2959 διασκοπεῖν
1742 2923 1802 2957 τε
1848 2907 1943 2959 καὶ
1988 2907 2067 2961 δι-

486 2992 732 3063 ελέγχειν
777 2994 1260 3068 (ἐπικαλούμενοι)
1299 2996 1430 3049 Θεὸν
1482 2995 1704 3066 βοηθὸν,
1750 2997 1809 3051 ἐν
1865 2996 2068 3052 ἅπασιν

484 3083 747 3137 ὲπικαλού
756 3102 930 3156 μενοι.
1000 3134 1005 3139 .

898 3199 1087 3253 ΚΑΤΑ
1128 3200 1674 3270 ΛΟΥΚΙΑΝΙΣΤΩΝ,

551 3310 813 3381 Εἱκοστὴ
845 3313 1043 3381 τρίτη,
1085 3313 1124 3381 ἠ
1167 3312 1264 3366 καὶ
1304 3316 1763 3387 τεσσαρακοστὴ
1801 3317 1989 3386 τρίτη.

554 3422 635 3474 Α’.
678 3422 977 3486 Λουκιανός
1027 3440 1111 3486 τις
1154 3424 1398 3495 ἀρχαῖος,
1433 3425 1530 3496 οὐχ
1562 3428 1591 3478 6
1619 3428 1715 3480 νῦν
1760 3429 1817 3483 ὲν
1856 3429 2067 3500 χρόνοις

488 3510 904 3565 Κωνσταντίνου
953 3514 1048 3567 τοῦ
1094 3515 1348 3585 γέροντος
1389 3515 1628 3584 γεγονὼς
1652 3560 1668 3584 ,
1717 3518 1777 3572 ὃν
1818 3520 1977 3590 δῆθεν
2017 3522 2065 3573 οἱ

498 3601 774 3672 Ἀρειανοὶ
812 3605 870 3657 ἐν
908 3606 1178 3676 μάρτυσιν
1217 3607 1661 3677 ἐπιψηφίζονται.
1698 3605 1806 3663 Ἦν
1835 3610 1942 3683 γὰρ
1972 3611 2067 3664 καὶ

482 3685 639 3755 οὗτος
668 3695 696 3745 6
729 3694 1032 3759 Λουκιανὸς
1060 3697 1395 3767 πρόσφατος,
1428 3700 1591 3769 φημὶ,
1618 3700 1968 3771 προσανὲχων
1996 3704 2062 3773 τῇ

483 3782 595 3835 τῶν
631 3784 928 3853 Ἀρειανῶν
958 3789 1189 3858 αἱρέσει,
1226 3790 1355 3860 περὶ
1385 3785 1445 3844 οὗ
1490 3789 1717 3863 ὕστερον
1746 3794 1804 3845 ὲν
1845 3796 1907 3865 τῇ
1942 3795 2063 3846 κατ’

486 3875 651 3929 αὑτὸν
685 3878 968 3950 ἀνατροπῇ
996 3880 1244 3952 λέξομεν.
1278 3882 1392 3935 Νῦν
1418 3883 1475 3935 δὲ
1501 3884 1636 3954 πρὸς
1665 3884 1756 3937 τὸν
1779 3885 2064 3955 εἰρημένον

486 3964 712 4033 ἀρχαῖον
751 3967 1048 4020 Λουκιανὸν
1089 3971 1431 4025 ἀποτείνεται
1468 3973 1496 4024 6
1527 3972 1703 4041 λόγος.
1738 3967 1904 4037 Οὗτος
1933 3974 2061 4046 γὰρ,

486 4054 851 4123 συνεπόμενος
890 4056 967 4126 τῷ
1005 4061 1392 4130 προειρημένῳ
1441 4063 1767 4131 Μαρκίωνι,
1808 4063 1901 4117 καὶ
1956 4063 2065 4117 ἀπὺ

484 4139 671 4194 τούτου
705 4145 1032 4214 ἀποσχίσας,
1059 4149 1154 4200 καὶ
1193 4150 1355 4213 αὐτὸς
1396 4150 1669 4221 ἄθροισμα
1702 4153 1881 4222 ἑαυτῷ
1907 4171 2065 4224 ποιη-

485 4232 753 4302 σάμενος,
798 4237 1065 4307 αἱρέσεως
1111 4240 1368 4311 προέστη,
1410 4243 1501 4311 ἀφ’
1536 4240 1705 4313 οὗπερ
1735 4246 1784 4297 οἱ
1832 4246 2066 4298 Λουκια-

482 4325 661 4394 νιστᾳὶ
716 4329 935 4398 ἀρχαῖοι
981 4330 1324 4400 καλούμενοι.
1377 4332 1528 4386 Κατὰ
1584 4336 1763 4389 πάντα
1819 4337 1917 4407 μὲν
1968 4332 2063 4392 οὖν

483 4413 625 4467 κατά
654 4414 744 4467 τὸν
791 4416 1096 4488 Μαρκίωνα
1127 4418 1482 4491 δογματίζει·
1520 4424 1782 4495 κέχρηται
1825 4426 1902 4489 δὲ,
1929 4425 2004 4489 ὡς
2034 4428 2064 4480 6

481 4506 562 4569 εἰς
602 4508 749 4576 ἡμᾶς
794 4507 965 4561 ἐλθὼν
1007 4510 1312 4578 λόγος,·καὶ
1352 4515 1385 4584 ἡ
1420 4517 1550 4586 περὶ
1591 4517 1756 4570 αὐτοῦ
1800 4516 2056 4587 ἔμφασις.

2165 2005 2279 2059 vita
2310 2010 2418 2067 est,
2448 2012 2501 2058 et
2531 2004 2699 2056 vitam
2735 2003 3089 2074 propagavit;
3122 2003 3285 2073 idque
3314 2003 3435 2058 sine
3464 2003 3574 2056 ullo
3600 2002 3747 2072 prin-.

2163 2095 2331 2164 cipio,
2381 2094 2450 2149 ab
2500 2101 2724 2161 asterno,
2775 2094 3024 2164 citraque
3075 2102 3310 2164 tempus.
3354 2092 3473 2159 Qua
3533 2092 3746 2147 ratione

2166 2185 2459 2241 Marcionis
2484 2199 2639 2240 error
2661 2185 2841 2240 omnis
2863 2186 3151 2240 evertitur.

2235 2276 2370 2342 Quae
2417 2290 2540 2330 cum
2596 2275 2673 2329 ita
2723 2289 2782 2330 se
2837 2275 3096 2341 habeant,
3138 2290 3203 2330 ac
3244 2273 3538 2330 nebulonis
3582 2271 3743 2327 istius

2168 2367 2356 2422 multis
2387 2374 2440 2421 et
2475 2364 2802 2421 certissimis
2833 2366 3144 2423 rationibus
3177 2366 3289 2422 sint
3316 2366 3569 2421 convicta
3598 2378 3746 2419 men-

2166 2458 2344 2522 dacia,
2376 2473 2439 2512 ac
2470 2461 2749 2530 negotium
2776 2460 2943 2532 378
2962 2475 3123 2516 omne
3153 2458 3485 2524 contectum,
3531 2456 3600 2511 ad
3636 2455 3744 2511 alia

2169 2557 2552 2615 transeamus;
2603 2558 2657 2605 et
2695 2551 2799 2604 hac
2842 2552 2989 2605 velut
3033 2550 3257 2604 immani
3287 2549 3520 2619 quadam
3554 2546 3745 2617 aspide

2168 2641 2474 2695 verissimis
2536 2640 2838 2697 Salvatoris
2886 2642 3069 2697 verbis
3127 2641 3352 2705 obtrita,
3413 2638 3507 2710 qui
3563 2637 3739 2694 dixit:

2168 2730 2303 2785 Dedi
2340 2732 2481 2785 vobis
2512 2732 2717 2786 calcare
2744 2747 2898 2800 super
2927 2740 3209 2802 serpentes,
3240 2740 3289 2785 et
3336 2730 3654 2800 scorpiones,
3693 2736 3745 2783 et

2169 2838 2325 2892 super
2381 2840 2589 2877 omnem
2647 2831 2957 2891 potestatem
3000 2823 3202 2877 inimici
3226 2822 3288 2890 ‘;
3329 2822 3397 2877 ad
3421 2830 3740 2878 caeterorum

2169 2926 2270 2966 nos
2317 2911 2737 2981 contemplanda
2764 2927 2827 2965 ac
2857 2911 3147 2966 refutanda
3173 2911 3364 2967 deliria
3393 2910 3691 2967 referamus
3724 2928 3739 2965 :

2166 3005 2249 3060 sic
2277 3011 2336 3058 ut
2374 3003 2470 3059 Dei
2513 3005 2565 3058 in
2589 3005 2844 3061 omnibus
2879 3019 3039 3075 opem
3080 3017 3146 3058 ae
3188 3003 3501 3075 praesidium
3546 3001 3743 3072 implo-

2167 3109 2379 3152 remus.

2549 3206 2831 3264 CONTRA
2881 3205 3362 3269 LUCIANISTAS,

2408 3320 2541 3388 Qum
2572 3329 2651 3375 est
2678 3320 2894 3376 hceresis
2926 3318 3134 3374 XXIII
3168 3319 3245 3375 vel
3276 3315 3502 3373 XLIII.

2236 3431 2278 3489 l.
2334 3431 2616 3489 Lucianus
2675 3431 2897 3503 quidam
2956 3430 3280 3501 antiquior:
3339 3444 3449 3483 non
3507 3427 3597 3482 ille
3644 3425 3740 3497 qui

2164 3532 2326 3579 aetate
2367 3531 2553 3579 nostra
2584 3524 2687 3578 sub
2734 3523 3095 3578 Constantino
3134 3520 3350 3577 seniore
3378 3519 3533 3582 vixit,
3575 3530 3737 3587 quem

2165 3617 2353 3670 Ariani
2381 3616 2523 3671 inter
2557 3623 2825 3686 martyres
2848 3614 3150 3669 ascribunt.
3184 3611 3309 3667 Fuit
3357 3611 3503 3666 enim
3544 3609 3739 3664 Lueia-

2164 3721 2272 3761 nus
2310 3705 2414 3760 iste
2458 3704 2643 3774 junior
2688 3703 3016 3757 Arianorum
3068 3702 3347 3757 erroribus
3376 3699 3630 3764 infectus,
3671 3698 3740 3755 de

2164 3812 2274 3867 quo
2308 3805 2519 3868 postea,
2558 3810 2684 3852 cum
2736 3794 3059 3849 refutandus
3112 3794 3237 3859 erit,
3283 3790 3460 3846 acturi
3503 3805 3737 3846 sumus:

2166 3906 2317 3947 nunc
2370 3890 2637 3946 adversus
2678 3891 2940 3960 majorem
2999 3889 3151 3943 illum
3198 3886 3499 3941 Lucianum
3556 3886 3739 3941 susci-

2165 3981 2364 4051 pienda
2410 3980 2573 4036 nobis
2603 3987 2686 4036 est
2732 3980 3053 4050 disputatio.
3109 3978 3209 4033 llic
3250 3979 3419 4049 igitur
3448 3976 3741 4035 Marcionis

2166 4079 2293 4127 ante
2341 4078 2602 4135 sectator,
2644 4079 2770 4140 post
2801 4071 2871 4125 ab
2919 4069 3109 4125 eodem
3155 4069 3421 4133 divulsus,
3469 4070 3740 4138 privatum

2165 4157 2267 4210 sibi
2295 4170 2512 4226 gregem
2554 4155 2888 4209 contrahens
2918 4169 3071 4208 novae
3104 4161 3268 4209 sectae
3299 4154 3475 4208 factus
3498 4160 3582 4209 est
3608 4167 3740 4207 con-

2164 4246 2344 4313 ditor;
2372 4245 2440 4300 ab
2468 4260 2643 4315 eoque
2684 4244 3015 4299 Lucianistae
3037 4252 3249 4299 veteres
3280 4258 3478 4298 nomen
3512 4257 3738 4315 accepe-

2164 4343 2312 4392 runt.
2355 4334 2529 4389 Porro
2577 4334 2874 4389 Marcionis
2919 4333 3009 4387 ille
3040 4332 3295 4404 dogmata
3330 4332 3551 4403 penitus
3589 4348 3741 4389 com-

2164 4427 2356 4496 plexus
2402 4434 2504 4481 est.
2557 4423 2769 4489 Quibus
2808 4424 3036 4494 perinde
3083 4432 3168 4481 est
3209 4439 3363 4487 usus,
3415 4431 3473 4478 ut
3521 4424 3588 4478 ad
3639 4439 3741 4481 nos

2168 4516 2309 4570 fama
2338 4524 2422 4572 est
2452 4524 2504 4571 et
2539 4517 2819 4571 auditione
2852 4516 3141 4586 perlatum.
3173 4515 3308 4569 Nam
3337 4530 3461 4571 cum
3497 4517 3738 4587 antiquis

494 4596 762 4667 Ἀρχαίων
807 4599 916 4670 γὰρ
949 4601 1155 4655 τούτων
1198 4603 1397 4669 ὄντων,
1434 4606 1528 4657 καὶ
1558 4606 1750 4661 θᾶττον
1784 4608 2055 4661 κατασϐεο

2165 4608 2242 4662 illi
2296 4607 2635 4678 temporibus
2681 4607 3017 4674 exstiterint,
3061 4614 3116 4663 et
3150 4622 3314 4676 quam
3346 4607 3615 4662 citissime
3644 4622 3734 4662 re-

483 4687 739 4754 σθέντων,
763 4690 1020 4762 δυσχερὲς
1045 4694 1342 4765 γεγένηται
1374 4697 1529 4767 ὑμῖν,
1557 4697 1633 4761 ὡς
1672 4698 1886 4769 ἀληθῶς
1912 4700 2060 4755 ἔστιν

484 4779 631 4847 ἰδεῖν,
661 4782 693 4851 ἠ
720 4783 839 4835 κατ’
870 4784 1066 4849 αὐτοὺς
1100 4786 1315 4857 ἔρευνα.
1350 4790 1416 4841 Ἀ
1443 4789 1501 4842 δὲ
1534 4790 1642 4844 ἀπὸ
1674 4790 1875 4862 μέρους
1894 4793 2059 4861 ἐγνω-

482 4886 585 4940 μεν
616 4873 726 4924 τῶν
759 4874 946 4942 αὐτοῦ,
981 4875 1097 4929 ἐστι
1132 4878 1281 4931 τάδε.

550 5043 705 5096 Μετά
734 5045 794 5096 τὸ
833 5047 1091 5117 συστῆναι
1120 5048 1280 5118 δῆθεν
1311 5049 1496 5120 ἕτερον
1530 5050 1630 5121 μὲν
1666 5051 1757 5105 τὸν
1787 5055 2060 5125 Δημιουρ-

480 5132 597 5202 γδν,
633 5136 726 5187 καὶ
756 5138 971 5207 κριτὴν,
1003 5140 1097 5191 καὶ
1143 5140 1349 5194 δίκαιον
1371 5157 1384 5171 ·
1420 5143 1607 5213 ἓτερον
1651 5144 1809 5215 δῆθεν
1854 5146 2059 5214 ἀγαθὸν

481 5226 770 5291 ὡσαύτως,
800 5230 1100 5301 καὶὲτερον
1129 5232 1218 5284 τὸν
1253 5236 1513 5306 πονηρόνο
1548 5235 1793 5305 βούλεται
1827 5239 2059 5308 χρῆσθαι

482 5318 576 5370 καὶ
619 5320 943 5390 μαρτυρίαις
974 5324 1083 5374 τισὶ
1112 5324 1251 5376 κατὰ
1286 5325 1378 5376 τὸν
1413 5326 1733 5394 Μαρκίωνα,
1784 5329 1925 5380 κατὰ
1960 5328 2057 5400 τὴν

480 5407 644 5460 αὑτοῦ
694 5410 946 5462 ὑπόνοιαν
981 5412 1088 5464 ἀπὸ
1137 5414 1237 5483 τῆς
1294 5415 1402 5467 τῶν
1453 5417 1749 5486 προφητῶν
1794 5419 2050 5489 Γραφῆς·

480 5501 622 5570 φημὶ
655 5501 710 5554 δὲ
755 5502 835 5567 τὸ,
880 5503 1142 5572 Μάταιος
1188 5510 1220 5560 ό
1268 5507 1574 5560 δουλεύων
1615 5511 1837 5577 Κυρίῳ·
1871 5511 2055 5564 καὶτὸ

478 5593 806 5663 εἰρημένονο
876 5594 1277 5663 Ἀντέστησαν
1345 5597 1497 5663 Θεῷ,
1557 5600 1656 5653 καὶ
1710 5600 2048 5669 ἐσώθησαν.

479 5674 696 5734 τέλειον
738 5682 795 5734 δὲ
846 5678 1000 5748 οὗτος
1052 5687 1202 5757 παρά
1245 5686 1339 5759 τὴν
1387 5689 1479 5741 τοῦ
1518 5689 1835 5745 διδασκάλου
1885 5692 2047 5746 αὐτοῦ

552 5795 780 5873 illoest,
802 5800 1023 5873 Opinor,
1044 5802 1268 5873 aliquid,
1301 5804 1474 5871 λέγων
1513 5807 1882 5869 scribendum.

551 5865 932 5941 'Malachfnr,
968 5872 1053 5927 14.
1088 5869 1095 5878 ’
1130 5865 1306 5931 ‘ibid.
1338 5865 1405 5931 i3

2159 4698 2348 4754 stineti
2395 4702 2525 4764 sint,
2581 4698 2898 4754 dltiicillima
2946 4700 3126 4763 nobis,
3162 4706 3223 4753 ut
3255 4699 3481 4769 intelligi
3515 4699 3584 4753 ab
3614 4713 3734 4752 om-

2160 4790 2325 4846 nibus
2372 4799 2591 4861 potest,
2655 4791 2873 4845 illorum
2918 4790 3204 4862 inquisitio
3265 4791 3387 4845 fuit.
3446 4790 3553 4845 Sed
3611 4805 3733 4860 qua!

2156 4878 2224 4932 de
2252 4878 2346 4934 illo
2389 4886 2667 4950 utcunque
2704 4880 3009 4950 comperire
3054 4880 3354 4950 potuimus,
3403 4888 3533 4934 sunt
3580 4880 3731 4948 ejus-

2154 4967 2322 5023 modi.

2226 5057 2364 5114 Nam
2411 5064 2766 5129 posteaquam
2818 5060 2959 5116 alius
3008 5060 3075 5115 ab
3131 5076 3196 5116 eo
3251 5060 3587 5116 constitutus
3646 5069 3732 5115 est

2156 5149 2382 5205 Creator
2403 5163 2467 5203 ac
2494 5148 2686 5219 judex,
2719 5158 2772 5204 et
2798 5151 3025 5219 justus;
3066 5152 3243 5206 bonus
3282 5152 3453 5218 alius;
3493 5153 3732 5219 itemque

2156 5241 2334 5297 malus
2386 5243 2605 5307 tertius,
2656 5243 2939 5297 nonnullis
2975 5241 3268 5298 Marcionis
3300 5244 3548 5313 exemplo
3577 5241 3731 5297 testi-

2157 5332 2357 5389 moniis
2418 5332 2613 5397 utitur,
2673 5346 2795 5404 quas
2844 5348 2908 5388 ex
2960 5334 3351 5405 prophetarum
3403 5334 3628 5404 scriptis
3662 5333 3731 5387 ad

2158 5424 2386 5490 erroris,
2433 5431 2492 5478 ut
2538 5425 2648 5491 ille,
2702 5426 2784 5481 sui
2837 5428 3199 5493 patrocinium
3251 5426 3490 5480 adducit.
3532 5424 3732 5494 Cujus-

2159 5516 2305 5569 modi
2339 5514 2483 5569 istud
2531 5523 2658 5570 est:
2710 5515 2886 5570 Vanus
2934 5526 3008 5569 est
3064 5517 3158 5585 qui
3216 5518 3372 5570 servit
3420 5515 3726 5584 Domino';

2156 5606 2284 5661 item
2312 5624 2324 5660 :
2356 5605 2676 5659 Restiterunt
2737 5605 2866 5671 Deo,
2889 5617 2936 5661 et
2969 5608 3102 5663 salvi
3132 5611 3263 5680 [acti
3285 5619 3409 5665 sunt
3435 5610 3476 5664 ⁸.
3513 5608 3588 5663 Ad
3616 5609 3730 5663 hac

2164 5696 2349 5751 omnia
2404 5705 2601 5767 praeter
2643 5698 2892 5769 magistri
2938 5700 3023 5754 sui
3070 5701 3324 5773 dogmata
3371 5701 3591 5771 nuptias
3639 5699 3731 5755 ille

1960 5811 1979 5842 ³
2008 5806 2165 5865 Joan.
2200 5827 2251 5879 ν,
2275 5810 2373 5877 25;
2408 5824 2491 5879 ιιι,
2530 5809 2627 5870 26.
2699 5810 2721 5843 ³
2750 5810 2873 5868 Psal
2929 5827 3094 5880 xxxv,
3129 5815 3211 5869 10.
3289 5816 3310 5847 δ
3348 5813 3484 5869 Luc.
3534 5830 3587 5880 x,
3634 5812 3725 5867 £9.
