4186 6374
444 466 546 522 819

1849 460 1904 515 S.
1957 458 2294 513 ΕΙἸΡΙΙΑΝΙΙ

3598 458 3704 513 εεθ

443 580 790 645 condemnat,
836 590 889 635 et
928 580 1308 636 castimoniam
1360 579 1668 649 profitetur,
1711 593 1821 633 non
1854 577 2020 647 hujus

2143 576 2473 630 ῑιδασκαλίαν
2530 577 2851 645 απαρνεῖται
2902 573 2993 625 τὸν
3048 590 3268 643 γαμον,
3335 573 3427 625 καὶ
3481 573 3707 639 άγνείαν

442 687 631 727 amore
680 672 920 735 virtutis,
980 673 1075 727 sed
1127 679 1185 725 ut
1242 686 1408 741 opera
1457 669 1735 725 Creatoris
1788 676 2017 724 evertat.

444 766 628 831 Quare
658 764 931 832 conjugiis
962 764 1260 818 interdicit.
1304 762 1380 815 Ex
1417 763 1639 832 quibus,
1669 761 1867 831 inquit,
1901 776 2025 831 pro»

454 866 649 926 pagata
679 856 865 911 sobole
886 859 1061 922 major
1094 857 1146 909 in
1180 856 1384 909 mundo
1399 854 1683 909 Conditori
1717 854 1938 908 ubertas
1956 868 2021 906 ac

442 950 599 1017 copia
639 950 897 1017 suppetit.
945 946 1056 1002 Hoc
1094 949 1256 1019 igitur
1283 950 1335 1001 in
1363 947 1577 1015 opificis
1608 962 1673 1000 ac
1706 944 2022 999 Conditoris

443 1038 629 1091 odium
689 1038 955 1107 suscipit,
1033 1055 1101 1092 ne
1163 1054 1231 1092 ex
1280 1038 1578 1091 liberorum
1643 1035 2023 1105 procreatione

444 1128 610 1198 379
657 1127 806 1181 illius
854 1142 986 1196 opes
1020 1135 1339 1195 augeantur.
1405 1122 1608 1177 Verum
1660 1124 1822 1192 hujus
1870 1136 2025 1177 error

447 1219 600 1272 nullo
651 1217 873 1288 negotio
922 1216 1207 1286 detegetur
1237 1231 1300 1269 ac
1340 1214 1617 1270 refelletur
1644 1229 1710 1269 ex
1739 1230 1801 1269 ea
1830 1212 2022 1267 confu-

445 1310 671 1373 tatione,
712 1324 873 1379 quam
899 1315 1091 1363 contra
1126 1309 1299 1377 ipsius
1331 1316 1721 1376 praeceptorem
1750 1313 1873 1357 ante
1907 1318 2025 1373 pro-

446 1404 751 1474 posuimus.
807 1401 978 1467 Cujus
1043 1402 1332 1471 opiniones
1394 1401 1642 1471 pluribus
1694 1396 2025 1467 disputando

444 1495 818 1558 convicimus;
877 1492 1043 1563 idque
1088 1493 1266 1563 ipsum
1298 1492 1662 1557 ostendimus,
1694 1489 2023 1558 cujusmodi,

447 1605 510 1641 ac
538 1602 699 1655 quam
738 1586 907 1639 multa
946 1586 1074 1650 sint,
1108 1585 1163 1638 in
1192 1583 1394 1654 quibus
1424 1597 1637 1637 summa
1670 1586 1753 1634 est
1786 1578 2027 1649 Evange-

448 1676 502 1729 lii
547 1674 870 1745 Veterisque
920 1674 1262 1730 Tcstamenti
1309 1672 1622 1727 consensio.
1659 1670 2027 1735 Quemadmo-

446 1769 575 1822 durn
634 1770 796 1822 etiam
871 1768 1135 1823 Dominus
1191 1768 1308 1838 ipse
1364 1766 1602 1822 fateatur
1672 1779 1827 1818 suam
1904 1777 2027 1818 esse

454 1860 640 1914 mundi
692 1860 1127 1924 fabricationem,
1192 1874 1255 1913 ac
1297 1856 1562 1929 quidquid
1616 1854 1895 1909 conditum
1946 1861 2031 1907 est

2127 670 2321 721 ἀσκεῖ·
2360 667 2421 719 ού
2474 666 2539 719 δι’
2582 666 2826 733 ἁγνείαν,
2870 664 2986 717 ἀλλ’
3033 666 3120 717 ἵνα
3176 664 3418 737 ἀθετήσῃ
3461 663 3530 715 τὰ
3571 664 3707 733 ἔργα

2124 755 2220 809 τοῦ
2262 754 2643 825 Δημιουργοῦ,
2676 754 2943 806 διδάσκων
2989 753 3064 824 μὴ
3115 752 3482 806 συνάπτεσθαι
3521 752 3703 823 γάμῳ.

2137 849 2254 916 Ἀφ’
2289 840 2349 900 οὗ
2385 847 2564 917 γάμου
2613 845 2866 914 εὐθηνία,
2906 845 3063 916 φησι,
3099 845 3187 899 διὰ
3230 846 3329 914 τῆς
3366 844 3708 907 παιδοποιίας

2126 941 2183 993 ἐν
2215 939 2403 1010 κόσμῳ
2432 938 2510 1008 τῷ
2532 938 2858 1009 Δημιουργῷ
2888 939 3117 1007 γίνεται,
3146 938 3284 1008 πρὸς
3310 936 3581 989 ἀντίθεσιν
3613 938 3710 1007 τῆς

2127 1030 2219 1084 τοῦ
2254 1030 2603 1103 Δημιουργοῦ
2640 1030 2734 1084 καὶ
2767 1031 3000 1083 Κτίστου
3027 1030 3116 1083 διὰ
3142 1031 3241 1101 τῆς
3276 1028 3623 1092 παιδοποιίας
3653 1031 3711 1081 ἐν

2124 1125 2203 1195 τῷ
2244 1125 2434 1195 κόσμῳ
2466 1124 2744 1196 εὐθηνίας.
2770 1124 3161 1195 Φωραθήσεται
3186 1122 3241 1175 δὲ
3263 1123 3290 1174 6
3322 1121 3582 1185 τοιοῦτος,
3618 1121 3712 1173 καὶ

2126 1217 2602 1289 διελεγχθήσεται,
2658 1217 2766 1270 ἀπὸ
2814 1217 2913 1288 μὲν
2956 1218 3055 1287 τῆς
3088 1216 3189 1286 ήδη
3232 1215 3369 1288 πρὸς
3414 1215 3506 1268 τὸν
3544 1214 3710 1267 αὑτοῦ

2128 1311 2428 1380 ἐπιστάτην
2482 1310 2843 1376 ἀντιθέσεως,
2900 1309 2988 1362 διὰ
3057 1307 3266 1361 πολλῶν
3327 1308 3711 1379 ποιησαμένων

2128 1403 2285 1474 ἡμῶν
2322 1402 2419 1473 τὴν
2456 1403 2591 1477 πρὸς
2623 1404 2785 1456 αὑτὸν
2817 1402 3128 1470 ἀντιλογίαν
3160 1419 3218 1454 τε
3252 1403 3344 1454 καὶ
3376 1400 3709 1472 ἀνατροπὴν,

2128 1496 2185 1547 ἐν
2216 1496 2431 1559 ὁποίαις
2458 1513 2518 1548 τε
2559 1497 2654 1549 καὶ
2683 1496 2909 1557 ὁπόσαις
2944 1495 3159 1565 συνᾴδει
3186 1494 3247 1546 τὸ
3286 1493 3617 1561 Εὑαγγέλιον
3644 1495 3711 1563 τῇ

2130 1586 2342 1658 Παλαιᾷ
2364 1585 2610 1658 Διαθήκῃ
2635 1602 2647 1614 ’
2685 1586 2781 1638 καὶ
2806 1586 2880 1650 ῶς
2912 1586 3074 1649 αὐτὸς
3109 1586 3137 1638 6
3172 1584 3378 1655 Κύριος
3403 1582 3559 1653 ήμῶν
3587 1584 3715 1653 ὁμο-

2128 1678 2277 1745 λογεῖ
2307 1678 2369 1731 τὸ
2418 1677 2629 1747 ποίημα
2660 1677 2753 1729 τοῦ
2792 1679 2997 1747 κόσμου
3039 1673 3177 1731 εἶναι
3212 1677 3343 1730 ἴδιον
3384 1676 3479 1729 καὶ
3524 1673 3712 1739 αὑτοῦ,

2130 1773 2225 1822 καὶ
2258 1770 2352 1823 τοῦ
2383 1770 2595 1840 ΙΙατρὺς
2649 1766 2788 1823 εἷναι
2835 1770 2932 1840 τὴν
2986 1769 3195 1823 κτίσιν’
3248 1769 3324 1833 ῶς
3368 1786 3431 1837 γε
3482 1768 3714 1839 μάλιστα

2134 1862 2407 1915 συνελόντι
2433 1863 2639 1932 φράσαι
2681 1861 3110 1932 κορυφαιότατόν
3157 1878 3210 1914 τι
3260 1862 3411 1932 ῥῆμα
3443 1860 3596 1932 παρὰ
3638 1859 3715 1929 τῷ

454 1950 600 2005 Patri
639 1968 739 2008 suo
783 1952 1153 2005 tribuendum.
1197 1950 1353 2016 Quod
1384 1948 1603 2018 quidem
1633 1944 2029 2016 praestantissi-

2143 1955 2272 2026 Ξγίῳ
2306 1955 2525 2026 Ἰωάννῃ
2556 1954 2866 2026 είρημένον,
2898 1954 2958 2007 τὸ
2981 1995 2995 2019 ,
3032 1956 3134 2008 Ἐν
3160 1953 3319 2022 ἀρχῇ
3343 1950 3421 2023 ἦν
3444 1956 3476 2005 ό
3503 1953 3714 2021 Λόγος,

451 2045 555 2099 mis
607 2045 756 2101 hisce
804 2046 990 2099 verbis
1042 2044 1358 2100 summatim
1412 2041 1652 2096 Joannes
1711 2040 2030 2108 complexus

448 2145 565 2191 est:
592 2137 656 2189 In
686 2138 944 2205 principio
971 2146 1083 2191 erat
1122 2136 1343 2190 Verbum
1369 2176 1384 2200 ,
1409 2144 1458 2189 et
1494 2133 1716 2188 Verbum
1750 2142 1863 2185 erat
1891 2129 2030 2198 apud

453 2229 639 2293 Deum,
690 2239 739 2283 et
793 2229 933 2283 Deus
989 2237 1103 2282 erat
1169 2228 1416 2281 Verbum.
1476 2225 1674 2281 Omnia
1723 2240 1815 2293 per
1857 2223 2031 2289 ipsum

449 2321 595 2388 facta
623 2329 767 2385 sunt,
798 2329 849 2374 ει
874 2321 983 2374 sine
1010 2320 1122 2390 ipso
1154 2319 1355 2389 factum
1380 2327 1456 2372 est
1481 2316 1633 2384 nihil,
1665 2313 1803 2385 quod
1832 2312 2031 2383 factum

448 2425 524 2468 est
550 2415 590 2477 ¹,
623 2422 730 2469 etc.

524 2503 589 2561 ll.
631 2504 797 2575 Atqui
839 2505 1026 2561 statim
1062 2503 1152 2558 ille
1177 2502 1436 2558 facillime
1460 2499 1855 2556 confutabitur.
1899 2497 2034 2553 Nam

449 2595 496 2650 si
532 2595 862 2666 respondere
912 2594 985 2648 ita
1040 2593 1188 2656 velit,
1238 2608 1297 2647 se
1343 2600 1402 2645 ut
1446 2593 1512 2645 iis
1552 2606 1673 2661 qua:
1711 2588 2026 2644 Conditoris

449 2689 538 2745 hic
561 2704 685 2745 esse
715 2688 937 2759 propria
972 2687 1252 2751 dicuntur,
1283 2686 1579 2741 obsisteret
1611 2699 1673 2737 ac
1705 2683 2034 2745 destrueret,

456 2781 777 2851 nuptiarum
825 2781 1089 2835 damnare
1130 2779 1379 2849 copulas,
1428 2793 1497 2832 ne
1536 2773 2035 2831 Conditorisull'ra-

450 2874 565 2944 gari
604 2874 876 2937 videatur,
909 2883 1071 2943 atque
1112 2880 1173 2926 ut
1204 2872 1273 2926 ab
1304 2870 1425 2941 ejus
1454 2884 1621 2940 opere
1653 2882 1775 2923 sese
1805 2865 2035 2920 omnino

455 2972 672 3034 praestet
731 2964 993 3031 alienum,
1042 2978 1225 3019 nonne
1277 2980 1307 3016 a
1366 2962 1579 3015 ratione
1636 2972 1866 3029 prorsus
1922 2957 2038 3011 haac

451 3057 712 3113 abhorret
748 3058 973 3127 Opinio,
1018 3056 1249 3127 ejusque
1293 3053 1629 3126 deprehendi
1675 3052 1920 3115 falsitas,
1975 3068 2041 3106 ac

456 3152 710 3221 redargui
762 3150 923 3205 facile
958 3150 1169 3220 potest?
1214 3148 1353 3203 Ecce
1405 3148 1503 3201 tibi
1544 3145 1782 3201 conditis
1808 3159 1839 3197 a
1871 3142 2039 3199 Crea-

458 3254 578 3299 tore
610 3244 798 3310 rebus,
829 3244 999 3299 veluti
1027 3243 1189 3307 cibis,
1220 3258 1285 3297 ac
1318 3242 1587 3308 vestibus,
1632 3251 1687 3295 et
1723 3238 2035 3310 unguentis,

456 3349 520 3387 .ic
548 3342 701 3403 potu,
726 3341 781 3390 et
819 3334 1022 3390 eduliis
1070 3333 1417 3415 miserrimus
1463 3306 1579 3389 iste
1603 3306 1903 3389 circulator
1930 3332 2038 3386 uti-
2067 3306 2109 3363 C

456 3436 581 3493 tur;
620 3443 721 3483 nec
765 3427 1003 3499 elIugere
1049 3429 1210 3482 aliter
1252 3436 1451 3497 potest,
1500 3427 1634 3497 quin
1670 3445 1728 3485 se
1756 3432 1824 3489 iis
1858 3429 1935 3486 uti
1962 3428 2043 3482 fa-

459 3525 660 3572 teatur.
692 3516 834 3573 Deus
857 3517 1004 3571 enim
1035 3529 1121 3573 est
1146 3517 1413 3572 Dominus
1447 3518 1695 3573 omnium
1744 3536 1808 3574 ac
1852 3518 2043 3575 condi-

457 3616 545 3662 tor
574 3607 668 3677 qui
700 3622 889 3661 curam
923 3609 1168 3662 omnium
1199 3607 1339 3677 gerit
1381 3622 1444 3661 ac
1481 3608 1646 3663 solem
1691 3626 1847 3663 suum
1887 3624 2045 3677 super

460 3699 622 3753 bonos
653 3709 703 3754 et
728 3700 899 3754 malos
934 3701 1068 3754 oriri
1101 3701 1234 3770 facit
1260 3702 1302 3754 ’.
1354 3699 1494 3755 Tum
1533 3717 1663 3756 vero
1686 3703 1741 3756 in
1776 3718 1872 3758 eos
1908 3702 2045 3771 pari-

463 3799 572 3855 ter,
606 3791 699 3862 qui
753 3807 813 3847 se
849 3794 1200 3849 contumeliis
1230 3792 1494 3860 alliciunt,
1523 3802 1578 3849 et
1602 3793 1697 3864 qui
1721 3793 1900 3863 ipsum
1936 3794 2047 3846 lau-

459 3884 595 3939 dant
641 3898 707 3938 ac
750 3885 1074 3955 praedicant,
1122 3886 1362 3954 pluviam
1419 3886 1679 3953 demittit,
1734 3897 1897 3955 atque
1950 3885 2047 3939 alit

462 3976 775 4032 universos.
814 3975 975 4042 Quod
1027 3993 1139 4031 non
1189 3978 1481 4031 temeraria
1538 3978 1743 4047 aliqua,
1798 3979 2048 4049 citraque

463 4069 730 4123 rationem
777 4083 841 4123 ac
888 4084 1111 4125 sensum
1141 4069 1367 4124 deﬁnita
1399 4071 1516 4141 lege
1544 4072 1904 4126 constitutum
1939 4079 2046 4135 est,

462 4160 559 4215 sed
602 4160 726 4214 ideo
763 4159 1046 4227 nimirum,
1084 4160 1229 4231 quod
1270 4177 1558 4232 poenarum
1590 4162 1659 4217 ab
1696 4163 1788 4217 illo
1832 4171 2051 4234 tempus

464 4256 519 4307 iu
551 4252 796 4308 futurum
822 4252 1097 4323 judicium
1130 4264 1466 4309 reservatum
1513 4263 1619 4320 est,
1662 4256 1932 4325 patienter
1963 4273 2052 4312 ex-

464 4354 699 4416 spectat,
754 4361 819 4401 ac
869 4346 1097 4416 privatis
1157 4348 1392 4417 legibus,
1441 4356 1495 4402 et
1538 4351 1809 4419 sapientia
1850 4360 2051 4406 cuncta

466 4438 822 4504 moderatur,
879 4440 1343 4510 quemadmodum
1384 4442 1683 4496 beneficam
1730 4443 1878 4497 illam
1921 4459 2052 4515 erga

466 4550 658 4590 omnes
688 4535 1087 4603 providentiam
1113 4534 1291 4600 decet,
1332 4541 1391 4588 ut
1429 4535 1476 4590 si
1527 4536 1621 4605 qui
1668 4537 2051 4606 pmnitentiam

465 4625 842 4694 susceperint,
877 4624 1149 4679 scelerum
1185 4624 1431 4678 omnium
1476 4626 1806 4680 oblivionem
1850 4627 1918 4681 ab
1958 4626 2053 4680 illo

468 4717 639 4781 nacti,
666 4721 899 4772 salutem
932 4716 1332 4786 adipiscantur.
1364 4716 1461 4771 Sin
1486 4718 1901 4773 contumeliosis
1940 4719 2051 4797 illis

467 4809 712 4864 divinum
757 4809 813 4863 in
859 4806 1073 4863 Numen
1125 4810 1500 4879 opinionibus,
1543 4820 1707 4881 atque
1744 4812 2051 4879 erroribus,

467 4916 701 4972 quorum
727 4901 871 4956 Deus
900 4910 1094 4955 auctor
1131 4916 1242 4955 non
1288 4909 1395 4966 est,
1443 4903 1749 4971 insistant;
1793 4911 1909 4957 tum
1938 4918 2054 4959 me-

471 4993 574 5047 rita
598 4991 865 5062 supplicia
888 5000 1010 5061 post
1040 4991 1182 5044 hanc
1206 4990 1377 5045 vitam
1420 4991 1754 5062 expendant,
1787 5007 1912 5047 cum
1944 5006 2055 5045 non

471 5086 709 5155 amplius
735 5085 1041 5139 voluntatis
1078 5085 1133 5138 in
1172 5084 1254 5139 eis
1295 5083 1519 5138 libertas
1550 5083 1813 5138 manebit.
1848 5082 2051 5137 Verum

474 5195 655 5248 neque
710 5178 879 5232 animi
926 5176 1166 5247 quadam
1230 5175 1552 5246 impotentia
1612 5174 1859 5229 futurum
1920 5174 2053 5227 illud

467 5272 739 5344 judicium
769 5269 1032 5333 instituit;
1071 5283 1175 5323 nec
1210 5275 1443 5323 ventura
1477 5267 1573 5321 illa
1600 5267 1743 5321 mala
1770 5265 2056 5322 iracundia

472 5365 584 5422 ulla
629 5364 831 5419 ductus
876 5362 1095 5431 inﬂigit.
1148 5360 1276 5417 llaec
1325 5361 1492 5432 380
1542 5359 1691 5415 enim
1729 5358 1915 5414 omnia
1958 5374 2058 5430 pro

473 5472 539 5512 ea
568 5469 675 5525 qua
702 5453 963 5525 praaditus
993 5462 1078 5509 est
1118 5453 1189 5508 ab
1220 5452 1372 5507 omni
1410 5450 1845 5521 perturbatione,
1887 5452 2057 5506 libera

472 5547 761 5604 divinitate
791 5546 1098 5601 denuntiat.
1129 5544 1235 5601 Sed
1265 5545 1337 5600 ob
1370 5560 1488 5600 eam
1516 5544 1771 5599 videlicet
1810 5558 2057 5607 causam,

2134 2049 2233 2103 καὶ
2263 2052 2294 2102 ό
2333 2049 2526 2117 Λόγος
2566 2044 2646 2119 ἦν
2675 2048 2825 2116 πρὸς
2858 2048 2965 2101 τὸν
3008 2048 3180 2108 Θεὸν.
3228 2048 3327 2101 καὶ
3373 2047 3517 2112 Θεὸς
3561 2041 3640 2115 ἦν
3685 2046 3717 2096 ό

2133 2140 2342 2208 Λόγος.
2373 2138 2578 2192 Πάντα
2625 2137 2699 2190 δι’
2734 2137 2924 2192 αὐτοῦ
2962 2138 3224 2207 ἐγένετο,
3263 2136 3361 2189 καὶ
3396 2135 3574 2205 χωρὶς
3611 2135 3718 2188 αὺ-

2134 2232 2240 2287 τοῦ
2263 2229 2501 2301 ἐγένετο
2526 2230 2671 2286 οὐδὲ
2700 2229 2789 2299 ἐν,
2823 2230 2855 2285 ὃ
2888 2229 3116 2302 γέγονε,
3149 2230 3241 2283 καὶ
3269 2228 3338 2283 τὰ
3361 2229 3511 2299 ἐξῆς.

2222 2500 2384 2555 Ἀλλά
2409 2518 2471 2569 γε
2504 2503 2533 2555 6
2554 2500 2796 2565 τοιοῦτος
2828 2500 2991 2565 εὐθὺς
3018 2501 3488 2572 άνατραπήσεται.
3524 2501 3586 2553 Εἰ
3612 2500 3724 2570 γὰρ

2141 2592 2383 2663 βούλοιτο
2420 2594 2621 2662 λέγειν,
2659 2594 2743 2647 ὅτι
2785 2593 3114 2656 ἀντιθέσεως
3145 2594 3303 2663 χάριν
3328 2594 3423 2646 καὶ
3463 2593 3722 2663 καθαιρέ-

2142 2706 2277 2751 σεως
2310 2688 2419 2741 τῶν
2467 2688 2574 2740 ὑπὸ
2612 2687 2707 2741 τοῦ
2745 2688 3088 2759 Δημιουργοῦ
3130 2686 3367 2740 ἐνταῦθα
3417 2686 3725 2757 λεγομένων

2141 2784 2175 2853 ἡ
2200 2781 2295 2835 τοῦ
2344 2781 2523 2852 γάμου
2559 2780 2708 2850 αύτῷ
2754 2782 3019 2849 συνάφεια
3064 2778 3337 2831 ἁθετεῖται
3363 2820 3377 2841 ,
3411 2779 3498 2831 ἴνα
3547 2778 3727 2849 μὴτῷ

2142 2872 2472 2944 Δημιουργῷ
2530 2873 2934 2945 συμπράξειεν,
2983 2872 3125 2925 ὥστε
3169 2871 3469 2943 ἀπέχεσθαι
3522 2873 3731 2927 mm.

2144 2982 2277 3016 πασι
2330 2963 2424 3017 τοῦ
2465 2963 2628 3033 ἔργου
2659 2964 2751 3017 τοῦ
2793 2963 3174 3035 Δημιουργοῦ’
3219 2963 3336 3027 πῶς
3378 2963 3499 3033 οὐχὶ
3536 2963 3728 3031 ἄλογος

2142 3055 2287 3127 αύτῷ
2321 3059 2353 3127 ή
2398 3056 2653 3119 ὑπόθεσις
2677 3057 2718 3122 ⁸,
2759 3058 2854 3111 καὶ
2883 3056 3131 3127 φωρατὴ,
3177 3057 3271 3108 καὶ
3303 3055 3728 3123 εύθυέλεγκτος;

2156 3151 2286 3203 Ἰδοὺ
2322 3150 2428 3222 γὰρ
2458 3150 2566 3203 ἀπὸ
2598 3151 2697 3221 τῆς
2731 3150 2962 3213 κτίσεως
2997 3150 3089 3202 καὶ
3123 3153 3222 3219 τῆς
3249 3149 3344 3202 τοῦ
3382 3145 3726 3219 Δημιουργοῦ

2142 3241 2524 3312 δημιουργίας,
2557 3243 2651 3294 καὶ
2686 3241 2796 3295 τῶν
2832 3241 3064 3305 ἐδωδῶν,
3099 3242 3191 3294 καὶ
3215 3240 3322 3294 τῶν
3356 3240 3597 3311 ἀμφίων,
3636 3239 3729 3292 καὶ

2143 3334 2243 3404 τῆς
2287 3335 2539 3405 χρήσεως
2583 3334 2845 3405 πομάτων
2883 3333 3127 3404 μέτεισιν
3156 3335 3185 3387 ὁ
3207 3334 3340 3404 γόης
3376 3334 3470 3385 καὶ
3502 3335 3530 3385 ὁ
3562 3332 3730 3402 ἀγύρ-

2144 3444 2245 3496 της
2269 3443 2281 3455 ·
2326 3426 2421 3479 καὶ
2457 3425 2632 3489 ἄλλως
2665 3427 2725 3478 ού
2755 3426 3044 3497 δυνήσεται
3074 3426 3356 3494 ἐκφυγεῖν,
3385 3425 3479 3477 καὶ
3516 3424 3590 3495 μὴ
3612 3425 3735 3494 οὐχὶ

2145 3519 2357 3582 τούτοις
2388 3518 2643 3590 χρῆσθαι.
2681 3518 2814 3582 Θεὸς
2848 3518 2957 3588 γὰρ
3003 3521 3031 3571 6
3074 3518 3292 3571 πάντων
3327 3517 3606 3586 Δεσπότης
3639 3518 3734 3569 καὶ

2146 3608 2500 3680 δημιουργὸς,
2547 3609 2766 3665 πάντων
2830 3609 3262 3679 ἐπιμελόμενος,
3309 3607 3402 3661 καὶ
3452 3607 3551 3661 ἐπὶ
3594 3606 3736 3672 τοὺς

2149 3702 2456 3769 πονηροὺς
2511 3703 2610 3756 καὶ
2663 3702 2926 3772 ἀγαθοὺς
2995 3702 3313 3756 ἀνατέλλει
3374 3700 3562 3754 αὐτοῦ
3629 3700 3737 3751 τὸν

2152 3793 2350 3861 ἣλιον,
2383 3794 2476 3845 καὶ
2505 3795 2600 3845 ἐπὶ
2633 3794 2759 3856 τοὺς
2789 3794 2953 3847 αὐτὸν
3001 3793 3478 3865 βλασφημοῦντας,
3513 3792 3608 3845 καὶ
3642 3791 3736 3844 ἐπὶ

2150 3887 2275 3950 τοὺς
2305 3885 2467 3941 αὐτὸν
2494 3886 2816 3951 δοξάζοντας
2846 3885 3057 3957 πέμπει
3099 3884 3265 3940 αὑτοῦ
3296 3886 3391 3939 τὸν
3421 3884 3600 3948 ὑετὸν,
3641 3882 3735 3935 καὶ

2152 3980 2359 4041 πάντας
2400 3977 2616 4050 τρέφει,
2649 3979 2749 4031 οὐκ
2779 3978 2959 4048 ἀλόγῳ
2992 3979 3099 4031 τινὶ
3141 3978 3235 4032 καὶ
3271 3978 3585 4047 ἀναισθήτῳ
3623 3978 3738 4046 ὁρι⁶

2153 4069 2299 4141 σμῷ,
2342 4070 2479 4123 ἀλλὰ
2528 4070 2745 4141 ἐκδικίᾳ
2783 4073 2851 4140 τῇ
2898 4071 3030 4141 παρ’
3058 4068 3223 4122 αὐτοῦ
3254 4067 3533 4140 ὁρισθείσῃ
3568 4070 3625 4119 ἐν
3667 4068 3735 4138 τῇ

2156 4161 2425 4233 μελλούσῃ
2469 4161 2649 4231 κρίσει
2710 4160 3105 4231 μακροθυμῶν,
3161 4160 3257 4212 καὶ
3300 4161 3548 4230 ὁρισμοῖς
3590 4156 3740 4218 ἰδίοις

2153 4257 2248 4310 καὶ
2284 4254 2447 4325 σοφίᾳ
2489 4252 2558 4306 τὰ
2608 4252 2787 4305 πάντα
2832 4251 3081 4305 διοικῶν·
3128 4253 3204 4315 ὡς
3251 4251 3367 4305 ἐστι
3422 4251 3631 4322 πρέπον
3673 4249 3740 4319 τῇ

2154 4344 2321 4400 αὑτοῦ
2349 4346 2428 4408 εἰς
2458 4345 2665 4407 πάντας
2695 4343 2931 4413 ὠφελείᾳ
2950 4358 2964 4371 ·
3000 4344 3066 4397 ἶν’
3088 4345 3137 4397 οἱ
3171 4345 3622 4415 μετανοήσαντες,
3642 4340 3742 4410 τῆς

2155 4440 2288 4509 παρ’
2318 4436 2485 4491 αὐτοῦ
2519 4437 2855 4508 ἁμνηστείας
2884 4438 3160 4508 τυχόντες,
3190 4437 3253 4489 τὸ
3299 4437 3568 4508 σωτήριον
3606 4435 3743 4505 κτή-

2159 4548 2336 4584 σοιντο
2357 4547 2369 4561 ⁸
2401 4529 2535 4582 εἰδὲ
2572 4530 2883 4599 ἐπιμένοιεν
2922 4533 3043 4593 ταῖς
3068 4529 3246 4583 αὐτῶν
3282 4530 3621 4601 βλασφήμοις
3648 4529 3744 4581 καὶ

2086 4656 2130 4710 D
2160 4623 2440 4686 ὑπονοίαις
2493 4623 2589 4675 καὶ
2640 4622 3138 4695 ματαιοφροσύναις
3196 4626 3316 4686 ταῖς
3369 4624 3444 4694 μὴ
3498 4623 3562 4675 ἐκ
3606 4620 3743 4675 Θεοῦ

2159 4718 2343 4780 αὐτοῖς
2388 4713 2691 4778 δοθείσαις,
2724 4715 2787 4768 τὸ
2822 4716 3121 4786 τηνικαῦτα
3171 4715 3309 4785 μετὰ
3352 4714 3452 4786 τὴν
3496 4711 3745 4768 ἐντεῦθεν

2160 4809 2504 4879 ἀπαλλαγὴν,
2524 4808 2619 4863 τοῦ
2652 4808 2996 4872 αύτεξουσίου
3027 4809 3222 4880 μηκέτι
3248 4810 3429 4872 αὐτοῖς
3457 4825 3520 4861 συ
3529 4826 3745 4880 μπαρα-

2165 4901 2455 4973 μένοντοςο
2501 4900 2638 4955 ἀλλὰ
2686 4899 2806 4953 οὔτε
2860 4900 2948 4954 διὰ
3004 4901 3176 4971 θυμὸν
3220 4901 3405 4962 αὐτοῖς
3474 4901 3575 4971 τὴν
3624 4899 3747 4951 τότε

2164 4991 2429 5063 ἐσομένην
2487 4992 2709 5063 κρίσιν,
2759 4991 2883 5045 οὔτε
2934 4993 3009 5057 ὡς
3057 4995 3115 5048 ἐν
3162 4994 3298 5066 ὀργῇ
3351 4993 3629 5063 ἐπιφέρων
3680 4991 3750 5044 τὰ

2166 5085 2423 5154 ἐσόμενα.
2456 5085 2597 5138 ’Ὀλα
2634 5086 2741 5159 γὰρ
2772 5088 2794 5116 ⁸
2826 5087 3189 5157 προεθέσπισε
3228 5087 3315 5139 διὰ
3352 5087 3451 5157 τὴν
3485 5087 3585 5138 οὐκ
3620 5086 3750 5137 εἵσω

2165 5176 2357 5230 παθῶν
2420 5176 2821 5249 περιεχομένην
2858 5180 3026 5233 αὐτοῦ
3076 5180 3341 5251 θεότητα·
3383 5178 3520 5233 ἀλλὰ
3573 5179 3641 5231 δι’
3684 5178 3752 5248 ἢν

2164 5268 2399 5333 ἕκαστος
2424 5268 2535 5322 τῶν
2561 5270 2655 5323 ἐπὶ
2682 5269 2857 5344 βλάϐῃ
2877 5272 3071 5326 ἑαυτοῦ
3093 5290 3145 5326 τι
3170 5272 3559 5347 ἐργαζόμενος,
3577 5270 3753 5338 ἐαυτῷ

2170 5361 2462 5433 παραίτιος
2495 5364 2821 5435 γεγένηται,
2877 5365 2973 5420 τοῦ
3004 5366 3141 5419 Θεοῦ
3195 5365 3437 5419 ἀναιτίου
3468 5364 3621 5427 ὄντος
3654 5364 3757 5432 τῆς

2169 5451 2290 5505 καθ’
2327 5453 2477 5522 ήμᾶς
2507 5455 2897 5527 παρεκτροπῆς
2932 5472 2992 5507 τε
3028 5455 3123 5507 καὶ
3166 5455 3266 5524 τῆς
3299 5454 3366 5505 ἐκ
3394 5450 3601 5521 ταύτης
3635 5449 3758 5503 καθ’

2166 5545 2326 5616 ήμῶν
2363 5545 2666 5618 μελλούσης
2694 5547 2913 5601 ἔσεσθαι
2940 5546 3260 5617 καταδίκης.

471 5645 619 5718 quod
647 5642 1030 5716 unusquisque
1081 5656 1256 5713 suam
1278 5642 1335 5697 in
1378 5640 1626 5697 fraudem
1674 5640 1883 5713 aliquid
1919 5641 2187 5713 _molieus,
2253 5644 2397 5698 ultro
2444 5643 2610 5714 capiti
2660 5658 2763 5699 suo
2786 5642 2991 5698 malum
3027 5642 3282 5707 arcessit,
3345 5655 3476 5696 cum
3535 5636 3758 5696 interim

551 5826 567 5854 ¹
592 5823 750 5906 Joan.
790 5841 829 5889 ι,
864 5824 1034 5896 isqq.
1110 5824 1129 5855 ³
1162 5822 1355 5878 Matth.
1388 5840 1438 5889 ι’,
1474 5823 1563 5878 45.
1640 5823 1660 5854 ³
1702 5841 1788 5891 γρ.
1827 5823 2074 5877 ὑπόνοια.

473 5892 588 5966 γὰρ
618 5896 737 5948 ὅλα.

2156 5821 2175 5855 ⁵
2201 5822 2403 5883 Det-sse
2462 5826 2673 5882 vidttur
2716 5825 2943 5897 aliquid.
3001 5825 3129 5880 Cor.
3185 5822 3485 5895 ἐπιφέρων.
3522 5820 3605 5877 Τὰ
3638 5818 3755 5877 ὲσό.
