4186 6374
475 378 573 435 8‘21

1117 377 1488 437 ADVERSUS
1519 377 1863 435 HERESES
1899 378 2028 435 LIB.
2072 379 2112 433 l.
2155 377 2321 435 TOM.
2363 376 2828 433 [IL—HIERES.
2871 374 3051 431 XLIV.

3620 364 3729 422 8‘22

477 498 807 569 corruptelae
859 497 1025 569 hujus
1082 508 1304 563 nostrae,
1383 498 1879 568 damnationisque,
1936 513 2056 567 quze
2114 496 2266 550 illinc
2315 498 2603 567 sequitur,
2663 494 2879 566 culpam
2922 491 3067 546 Deus
3123 487 3275 544 nullo
3318 484 3480 541 modo
3559 486 3731 539 susti-

480 600 625 648 neat.

563 689 651 740 Ἐν
676 685 877 739 ἅπασιν
900 678 992 736 οὖν
1021 684 1114 735 καὶ
1142 676 1295 745 οὗτος
1318 683 1725 755 ιρωραθὴσεται,
1764 684 1884 745 ταῖς
1919 681 2055 752 πρό-

2236 676 2602 744 Quamobrem
2663 672 2864 741 ubique
2907 684 2966 724 se
3014 667 3204 739 prodet
3227 667 3406 737 ipsum
3452 661 3729 735 prioribus

477 797 637 851 τερον
682 778 777 830 καὶ
826 777 1121 847 μετέπειτα
1173 774 1601 845 ὲγκαταμιχθεὶς
1648 774 1962 846 αἱρέσεσιν,
1998 773 2063 825 ὲκ

480 872 573 925 τοῦ
624 870 860 942 ἀριθμοῦ
904 869 1012 922 τῶν
1062 869 1161 939 τῆς
1196 866 1472 930 ἀπωλείας
1517 868 1720 920 τέκνων
1765 866 2062 936 ὑπάρχων·

480 962 747 1032 δηλούσης
772 963 868 1031 τῆς
902 959 1202 1027 Ἀληθείας,
1230 959 1325 1011 καὶ
1351 957 1442 1010 τοῦ
1483 958 1657 1026 φωτὸς
1688 956 1780 1009 τοῦ
1825 955 2067 1024 Εὐαγγε-

482 1056 598 1110 λίου
630 1054 906 1125 φωτεινῶς
929 1052 1025 1122 τὴν
1051 1053 1230 1105 πᾶσαν
1253 1050 1576 1120 οἰκουμένην
1607 1047 2063 1116 καταυγὰζοντος,

487 1150 579 1201 καὶ
626 1146 889 1210 σώζοντος
928 1144 1053 1207 τοὺς
1101 1145 1251 1207 υἱοὺς
1284 1143 1383 1214 τῆς
1429 1141 1692 1211 ἀληθινῆς
1744 1141 1977 1201 πίστεως
2010 1139 2067 1191 ὲν

486 1237 734 1309 ἀληθείᾳ..
776 1238 863 1299 Ὡς
892 1232 984 1289 οὖν
1024 1238 1087 1288 ἐκ
1118 1235 1383 1305 συντόμου
1426 1233 1630 1286 σκοποῦ
1661 1231 1784 1300 ὅφιν
1817 1228 2067 1300 παρακύ-

485 1330 664 1394 ψαντα
689 1328 775 1382 διὰ
806 1326 1003 1399 μικροῦ
1038 1344 1185 1389 τινος
1224 1324 1453 1387 σκεύους
1485 1323 1784 1384 ἀνελόντες,
1826 1320 2068 1373 θανατω-

486 1423 671 1475 θεῖσαν
704 1418 909 1491 ταύτην
936 1418 1411 1480 καταλελοιπότες,
1449 1416 1543 1469 ἐπὶ
1584 1414 1681 1477 τὰς
1712 1413 1840 1483 ἑξῆς
1877 1413 2069 1483 ἴωμεν,

488 1512 629 1566 κατὰ
663 1511 763 1582 τὴν
805 1510 1135 1580 ἐπαγγελίαν
1173 1510 1271 1580 τὴν
1306 1508 1400 1561 τοῦ
1432 1506 1568 1559 Θεοῦ
1613 1504 2069 1576 συμπαραλαϐόν-

486 1621 576 1667 τες
622 1602 906 1674 βοήθειαν,
952 1603 1032 1666 είς
1076 1602 1137 1654 τὸ
1188 1599 1537 1672 παραστῆσαι
1570 1597 1668 1668 τὴν
1715 1595 1880 1650 αὑτοῦ
1931 1594 2064 1665 ἀλή-

488 1700 658 1750 θειαν.
874 1702 879 1707 ’

844 1906 1036 1960 ΚΑΤΑ
1061 1901 1563 1957 ΑΠΕΛΛΗῙΑΝΩΝ
1580 1899 1715 1971 (87),

492 2022 754 2091 Εἰκοστὴ
785 2020 1056 2090 τετάρτη,
1090 2019 1128 2087 ἠ
1171 2018 1269 2072 καὶ
1303 2014 1764 2084 τεσσαρακοστὴ
1800 2010 2067 2080 τετάρτη.
2103 2039 2145 2093 Β

562 2133 640 2185 Α’.
684 2128 886 2183 Τοῦτον
916 2127 1008 2181 τὸν
1036 2125 1433 2197 προειρημένον
1461 2123 1758 2178 Λουκιανὸν
1778 2122 2075 2193 διαδέχεται

507 2221 769 2291 Ἀπελλῆς
787 2237 800 2251 ο
825 2220 924 2289 οὐχ
946 2221 975 2272 ὁ
1003 2218 1158 2287 ἆγιος
1182 2219 1389 2279 ἐκεῖνος
1416 2218 1445 2269 ὁ
1477 2216 1582 2269 ὑπὸ
1608 2214 1701 2269 τοῦ
1724 2216 1879 2283 ἁγίου
1919 2215 2078 2267 Ἀπο-

499 2315 683 2368 στόλου
726 2312 1140 2382 συνιστάμενος,
1181 2311 1292 2365 ἀλλ’
1329 2310 1536 2379 ἕτερος,
1573 2309 1633 2373 ἐξ
1673 2301 1844 2380 οὗπερ
1886 2305 2078 2359 Ἀπελ-

494 2405 723 2477 ληῖανοὶ,
753 2403 829 2457 ὢν
857 2403 950 2456 καὶ
973 2404 1136 2465 αὐτὸς
1161 2400 1533 2472 συσχολαστὴς
1563 2398 1727 2451 αὐτοῦ
1756 2395 2076 2461 Λουκιανοῦ,

498 2499 590 2551 καὶ
624 2496 875 2568 μαθητὴς
909 2494 1003 2547 τοῦ
1051 2493 1451 2565 προειρημένου
1502 2490 1862 2562 Μαρκίωνος’
1903 2487 1979 2551 ὼς
2018 2489 2081 2539 ὲκ

504 2592 635 2661 μιᾶς
684 2589 841 2660 ῥίζης
884 2586 1093 2640 πολλῶν
1140 2584 1393 2638 ἀκανθῶν
1434 2582 1847 2653 ὑλομανήσασαι
1904 2595 2082 2649 παρα-

2168 787 2233 826 ae
2260 766 2661 841 posterioribus
2704 764 2871 819 sectis
2912 761 3273 831 implicatum,
3310 772 3374 812 ac
3417 770 3525 811 see
3550 754 3726 825 perdi-

2163 863 2330 917 tionis
2384 860 2613 914 filiorum
2664 870 2890 911 numero
2933 868 3054 909 esse
3102 849 3449 911 monstrabit,
3501 861 3623 901 cum
3680 844 3730 897 id

2165 953 2460 1009 manifeste
2490 949 2709 1006 Veritas
2758 948 2876 1016 ipsa
2923 943 3194 1009 declaret;
3236 941 3523 1010 ipsumque
3551 937 3732 989 lumen

2165 1048 2442 1119 Evangelii
2501 1053 2671 1099 totum
2729 1052 3000 1097 terrarum
3057 1037 3244 1092 orbem
3300 1048 3402 1088 suo
3448 1029 3735 1101 splendore

2166 1145 2472 1201 collustret,
2522 1152 2586 1192 ac
2634 1136 2865 1191 sincera}
2906 1129 3186 1201 religionis
3235 1126 3375 1181 filios
3407 1122 3474 1177 ad
3507 1122 3735 1177 salutem

2168 1233 2435 1291 beneficio
2472 1228 2720 1284 veritatis
2768 1224 3021 1278 adducat.
3067 1220 3363 1289 Postquam
3420 1216 3583 1284 igitur
3612 1212 3738 1266 bre-

2167 1329 2393 1384 vissimo
2425 1324 2519 1378 illo
2556 1318 2841 1391 proposito
2870 1315 3029 1370 nobis
3062 1313 3129 1366 ad
3163 1308 3550 1379 disputandum
3581 1319 3741 1374 argu-

2170 1426 2355 1473 mento
2390 1427 2663 1469 emersum
2706 1426 2736 1464 e
2782 1406 3008 1462 latebris
3042 1409 3345 1473 serpentem
3373 1398 3519 1453 velut
3548 1395 3743 1465 exiguo

2170 1512 2277 1567 telo
2331 1507 2685 1567 confecimus,
2736 1508 2899 1569 atque
2950 1504 3255 1552 emortuam
3306 1489 3542 1545 haeresin
3594 1486 3741 1539 illam

2168 1599 2516 1669 reliquimus,
2550 1596 2618 1650 ad
2650 1595 2887 1662 reliquas
2916 1587 3355 1661 progrediamur,
3382 1581 3497 1645 Dei,
3523 1586 3581 1633 ut
3603 1592 3744 1646 saepe

2170 1688 2407 1762 professi
2459 1702 2675 1748 sumus,
2731 1684 3022 1753 implorata
3076 1678 3230 1750 prius
3275 1691 3398 1745 ope,
3441 1686 3551 1744 quo
3598 1669 3745 1724 illius

2170 1781 2458 1837 veritatem
2489 1776 2763 1848 explicare
2794 1772 3089 1843 possimus.

2552 1886 2836 1945 CONTRA
2873 1875 3373 1941 APELLEIANOS,

2437 2007 2569 2074 Quae
2594 2014 2672 2059 est
2699 2003 2915 2058 hazresis
2937 1996 3131 2053 XXIV
3161 1996 3265 2050 sive
3297 1989 3500 2046 XLIV.

2242 2125 2286 2181 1.
2325 2123 2627 2178 Lucianum
2688 2117 2936 2189 proxime
2995 2112 3244 2182 sequitur
3314 2105 3570 2177 Apelles:
3641 2112 3753 2154 non

2177 2219 2267 2273 ille
2295 2224 2542 2278 sanctus,
2585 2221 2640 2268 et
2668 2212 2735 2265 ab
2766 2208 3025 2279 Apostolo
3053 2201 3511 2264 commendatus;
3549 2194 3642 2251 sed
3676 2193 3756 2246 di-

2176 2326 2372 2366 versus
2417 2308 2486 2362 ab
2526 2322 2591 2361 eo
2613 2304 2859 2375 quidam,
2908 2316 2938 2354 a
2985 2314 3094 2369 quo
3134 2291 3438 2366 Apelleiani
3471 2284 3754 2358 cognomi-

2178 2403 2293 2457 nati
2340 2411 2487 2457 sunt.
2532 2398 2632 2452 Hic
2679 2394 2908 2451 Luciani
2955 2389 3389 2459 condiscipulus,
3431 2391 3485 2440 et
3523 2379 3749 2435 Marcio-

2180 2496 2266 2550 nis
2312 2494 2528 2548 auditor
2574 2488 2697 2553 fuit,
2742 2484 3199 2557 quemadmodum
3247 2494 3388 2548 saepe
3443 2475 3520 2540 fit,
3553 2480 3614 2527 ut
3647 2470 3757 2540 spi-

2181 2588 2302 2643 nosi
2348 2585 2577 2639 frutices
2609 2580 2766 2635 multi
2798 2594 2864 2632 ex
2902 2591 3008 2629 una
3040 2573 3225 2628 radice
3268 2567 3611 2623 luxuriantes
3644 2560 3761 2631 pul-

498 2652 719 2751 ᾧυὰδες.
751 2652 954 2750 ’Ἕτερα
982 2677 1039 2731 δὲ
1072 2670 1228 2739 οὗτος
1258 2676 1409 2747 παρά
1450 2652 1577 2738 τους
1605 2674 1799 2735 ἀλλους
1835 2671 2077 2743 βούλεται

2184 2680 2367 2734 lulent.
2412 2676 2735 2744 Quanquam
2789 2670 2879 2724 ille
2926 2668 3141 2721 diversa
3190 2662 3258 2716 ab
3304 2659 3426 2713 aliis
3475 2652 3762 2725 quamplu-

497 2772 869 2844 δογματίζειν.
915 2771 1025 2824 Καὶ
1055 2771 1198 2824 κατά
1249 2769 1348 2839 μὲν
1380 2766 1474 2821 τοῦ
1524 2765 1721 2819 ἑαυτοῦ
1764 2764 2077 2818 διδασκάλου

2185 2773 2323 2827 rima
2348 2769 2559 2825 statuit.
2599 2765 2733 2818 Nam
2764 2771 2819 2817 et
2846 2761 3111 2815 adversus
3141 2754 3461 2824 magistrum
3493 2759 3673 2805 suum,
3708 2751 3765 2795 et

501 2835 865 2935 ὁπλισάμενος
912 2863 1127 2927 ἑαυτὸν,
1169 2835 1265 2915 καί
1297 2858 1438 2912 κατὰ
1475 2859 1575 2928 τῆς
1602 2857 1886 2928 ἀληθείας,
1920 2858 2000 2919 εἰς
2023 2856 2077 2908 τὸ

2188 2864 2454 2918 adversus
2534 2856 2819 2912 veritatem
2876 2852 3050 2921 ipsam
3111 2857 3356 2900 armasse
3413 2854 3472 2895 se
3523 2835 3761 2892 videtur,

506 2956 849 3026 συναγείρειν
880 2954 1057 3025 ἑαυτῷ
1093 2954 1184 3008 καὶ
1220 2952 1383 3016 αὐτὸς
1428 2951 1624 3022 σχολὴν
1655 2949 2077 3021 πεπλανημένων

2191 2971 2301 3027 quo
2338 2957 2393 3009 in
2428 2966 2616 3008 errore
2673 2945 3009 3003 versantium
3047 2940 3328 2994 hominum
3367 2928 3620 3003 privatim
3660 2923 3764 2979 sibi

505 3048 826 3119 ἀνθρώπων,
848 3046 920 3100 τά
942 3045 1167 3099 τοιαῦτα
1192 3045 1439 3115 βούλεται
1462 3041 1811 3113 δογματίζειν
1828 3058 1841 3071 ⁸
1866 3043 2077 3110 φάσκωη.

2190 3017 2308 3120 ipse
2344 3047 2587 3102 scholam
2621 3046 2911 3113 quareret.
2949 3029 3235 3104 Ejusmodi
3274 3033 3403 3083 sunt
3433 3029 3613 3076 autem
3646 3017 3765 3085 ejus

509 3110 629 3209 μὲν,
675 3140 757 3192 ὅτι
787 3139 885 3209 ούχ
915 3139 1108 3201 οὕτως,
1141 3110 1295 3207 φησὶ,
1325 3110 1619 3207 γεγένηται
1642 3152 1656 3166 ο
1702 3132 1838 3188 ἀλλά
1883 3132 2077 3187 πεπλά-

2190 3110 2465 3208 dogmata.
2522 3110 2693 3203 Negat
2740 3130 2835 3190 ita,
2886 3126 2966 3179 uti
3017 3118 3222 3174 Marcio
3264 3110 3476 3174 definit,
3504 3120 3626 3161 sese
3652 3116 3765 3156 rem

507 3203 666 3300 νηται
703 3203 1005 3300 Μαρκίωνο
1048 3203 1522 3296 ἴνα-πανταχόθεν.
1562 3223 1740 3294 ἐαυτῷ
1783 3222 1893 3294 (88)
1941 3222 2077 3291 ἐλέγ-

2193 3203 2439 3292 haliere;
2503 3222 2843 3296 proindeque
2885 3218 3037 3271 illum
3096 3209 3355 3281 Opinione
3418 3203 3653 3270 lapsum,
3708 3203 3770 3248 ut

507 3298 681 3393 κουσά
716 3339 776 3375 τε
803 3298 848 3392 -ή
888 3321 1064 3385 ἄνοια,
1102 3320 1198 3372 καὶ
1230 3320 1265 3388 ἡ
1304 3317 1505 3387 ἀνομία
1556 3318 1614 3369 ὲν
1657 3318 1824 3386 ἑαυτῇ
1872 3331 2077 3387 συντρι-

2196 3321 2481 3377 confutata
2510 3331 2606 3387 per
2631 3315 2869 3383 seipsam
2917 3305 3152 3367 insania,
3196 3298 3390 3355 collisa
3422 3306 3607 3349 secum
3638 3302 3771 3342 cono

510 3381 714 3486 ξομένη
751 3381 1074 3485 φανήσεται,
1102 3412 1198 3465 καὶ
1238 3381 1359 3465 καθ’
1404 3381 1603 3480 εαυτῆς
1643 3409 1742 3479 τὴν
1781 3381 2077 3479 ἀνατροπὴκ

2197 3414 2483 3481 fractaque
2513 3381 2792 3462 uvideat—ur
2849 3400 3100 3470 impietas
3127 3436 3141 3461 ,
3199 3402 3252 3448 et
3287 3389 3352 3443 ad
3425 3381 3769 3449 semetipsain

515 3474 895 3576 ἐπεγείρουσα,
934 3506 1033 3575 τῆς
1063 3474 1335 3574 ἀληθείας
1372 3502 1459 3555 ἀεὶ
1506 3474 1723 3572 ἑδραίας
1765 3474 1951 3572 οὔσης,
2002 3474 2077 3552 καὶ

2196 3502 2545 3562 evertendam
2581 3499 2732 3553 velut
2760 3492 2994 3564 quadam
3026 3482 3432 3554 conspiratione
3461 3474 3768 3532 concitata:

522 3597 597 3667 μὴ
630 3569 835 3668 -χρείαν
886 3569 1119 3665 ἐχούσης
1167 3569 1451 3664 βοηθείας,
1503 3569 1640 3645 ἀλλά
1696 3569 2077 3644 αὑτοσυστάτοι

2197 3608 2323 3647 cum
2349 3588 2566 3645 interim
2605 3586 2809 3641 veritas
2860 3578 3077 3635 stabilis
3120 3584 3175 3629 et
3238 3570 3393 3626 ﬁrma
3438 3569 3771 3636 permaneat.

728 3687 822 3741 καὶ
851 3663 1005 3759 παρά
1035 3684 1154 3756 Θεῷ
1172 3663 1266 3756 τῷ
1293 3682 1464 3747 ὅντως
1490 3682 1578 3735 ἀεὶ
1608 3679 2022 3751 συνισταμένης.

2200 3697 2304 3740 nec
2350 3679 2557 3734 auxilio
2611 3675 2941 3745 cujusquam
2991 3666 3271 3735 indigeat;
3327 3665 3515 3728 utpote
3538 3667 3657 3724 quae
3680 3663 3777 3721 per

2202 3786 2326 3829 sese
2359 3769 2659 3833 cohaereat,
2690 3772 2745 3820 et
2775 3741 2918 3832 apud
2951 3759 3143 3822 Deum,
3199 3752 3296 3823 qui
3336 3760 3527 3805 revera
3571 3741 3777 3811 sempi-

590 3953 793 4007 Φάσκει
830 3949 960 4019 γοῦν
988 3942 1141 4010 οὗτος
1187 3946 1216 3999 ὁ
1268 3942 1663 4015 προειρημένος
1704 3939 1964 4010 Ἀπελλῆς
2007 3942 2077 3991 κα

2203 3872 2396 3919 ternus
2422 3870 2527 3923 est,
2560 3863 2823 3928 perpetuo
2853 3855 3143 3907 consistat.

2275 3950 2437 4022 381
2488 3947 2657 4017 Igitur
2691 3942 2926 4013 Apelles,
3000 3937 3230 4005 ejusque
3277 3928 3440 3984 factio
3486 3920 3665 3977 omnis
3704 3918 3779 3972 ita

521 4048 572 4101 οἱ
603 4048 696 4101 ἀπ’
726 4016 890 4099 αὐτοῦ
910 4084 926 4109 ,
957 4044 1038 4095 ὅτι
1068 4042 1168 4094 οὐκ
1194 4039 1301 4093 εἰσὶ
1330 4041 1478 4104 τρεῖς
1504 4036 1697 4106 ἀρχαὶ,
1733 4033 1857 4086 οὕτε
1885 4031 1999 4096 δύο,
2028 4030 2077 4085 ὡι

2206 4016 2570 4100 εθιῆίῖἷΝοη
2626 4051 2749 4091 esse
2797 4030 3067 4102 principia
3124 4027 3254 4089 tria,
3308 4034 3485 4091 neque
3536 4016 3665 4077 duo,
3723 4018 3782 4064 ut

522 4142 636 4202 τοῖς
684 4137 812 4208 περὶ
846 4134 1142 4189 Λουκιανὸν
1177 4132 1272 4185 καὶ
1321 4127 1625 4202 Μαρκίωνα
1678 4124 1874 4190 ἔδοξεν.
1922 4122 2077 4176 Ἀλλά

2207 4133 2452 4189 Lueiano
2516 4143 2580 4182 ac
2642 4122 2904 4179 Marciani
2962 4120 3207 4182 videtur,
3273 4113 3367 4169 sed
3424 4121 3595 4163 unum
3657 4116 3782 4157 esse

525 4198 721 4300 φησὶν,
754 4198 833 4291 εἷς
885 4228 1033 4309 ἐστιν
1064 4222 1267 4290 ἀγαθὸς
1319 4198 1485 4282 Θεὸς,
1516 4217 1608 4270 καὶ
1643 4216 1741 4286 μία
1786 4215 1960 4287 ἀρχὴ,
2013 4230 2077 4266 κα

2210 4227 2415 4281 bonum
2458 4221 2650 4284 Deum,
2704 4206 3371 4283 unumqueprincipium,
3418 4216 3482 4256 ac
3525 4198 3785 4252 virtutem

530 4293 628 4394 μία
658 4321 887 4390 δύναμις
923 4306 1385 4386 ἀκατονόμαστος.
1417 4306 1489 4381 Ὦ
1516 4308 1598 4362 ἑνὶ
1624 4308 1742 4378 Θεῴ
1760 4347 1773 4369 ,
1803 4308 1971 4377 ἤγουν
2009 4323 2077 4376 μιε

2211 4331 2375 4375 unam
2412 4310 2652 4368 nominis
2692 4312 2989 4376 expertem.
3029 4302 3132 4368 Qui
3170 4299 3389 4369 quidem
3435 4293 3580 4347 Deus
3622 4302 3784 4343 unus.

530 4379 672 4486 ἀρχῇ
694 4454 709 4478 ,
742 4379 893 4466 οὐδὲν
939 4379 1243 4480 μεμέληται
1281 4402 1390 4457 τῶν
1420 4379 1655 4454 ἐνταῦθα
1701 4402 1759 4452 ὲν
1813 4398 1891 4468 τῷ
1919 4398 2077 4468 κόσμι

2212 4420 2489 4476 unumque
2544 4400 2870 4473 principium
2921 4395 3126 4451 nullam
3175 4404 3365 4446 eorum
3412 4400 3533 4457 quae
3582 4382 3637 4435 in
3684 4379 3788 4433 hoc

732 4471 1150 4575 γεγενημένων.-
1182 4495 1341 4549 Ἀλλά
1375 4495 1403 4547 ὁ
1442 4492 1604 4555 αὐτὸς
1656 4490 1809 4559 ἀγιος
1836 4490 1967 4553 Θεὸς
2016 4506 2077 4542 κο

2213 4500 2417 4556 mundo
2465 4499 2730 4567 geruntur
2782 4503 2969 4544 curam
3024 4483 3275 4554 suscipit.
3331 4480 3600 4536 Caeterum
3646 4471 3786 4525 idem

529 4564 771 4664 ἀγαθὸς..
868 4564 1075 4647 ἀνωθεν
1103 4587 1235 4650 Θεὸς
1284 4585 1379 4638 καὶ
1415 4582 1620 4651 ἀγαθὸς
1647 4621 1661 4644 ,
1709 4580 1963 4650 ἐποίησεν
2017 4580 2073 4631 ἓν

2216 4595 2307 4649 ille
2336 4564 2584 4653 sanctus,
2618 4587 2905 4653 bonusque
2930 4579 3093 4642 Deus,
3134 4577 3231 4646 qui
3268 4589 3298 4627 a
3338 4568 3608 4643 principio
3648 4564 3790 4615 Deus

531 4653 689 4740 ἄλλον
714 4653 891 4753 θεόν..
928 4683 985 4734 Ὀ
1014 4680 1070 4733 δὲ
1105 4678 1395 4748 γενόμενος
1447 4673 1604 4736 ἄλλος
1635 4672 1766 4735 Θεὸς
1807 4671 1989 4724 ἔκτισε
2043 4687 2073 4722 τ

2174 4738 2187 4753 ,
2215 4692 2320 4750 est,
2373 4697 2437 4736 ac
2469 4682 2671 4743 bonus,
2701 4675 2869 4730 alium
2908 4670 3164 4742 produxit
3203 4666 3390 4722 Deum.
3424 4662 3504 4716 Ab
3544 4660 3644 4712 hoc
3678 4653 3791 4708 uni-

534 4780 740 4841 πάντα,
776 4774 1047 4846 οὐρανὸν,
1100 4771 1194 4825 καὶ
1247 4769 1380 4840 γῆν,
1426 4766 1524 4820 καὶ
1568 4765 1746 4821 πάντα
1801 4762 1870 4817 τὰ
1919 4763 1978 4815 ἐν
2035 4766 2077 4814 τι

2174 4754 2188 4785 ’
2221 4790 2378 4831 versa
2402 4772 2623 4828 condita
2656 4774 2805 4831 sunt,
2830 4765 3030 4820 malum
3060 4759 3314 4814 videlicet
3336 4770 3399 4809 ac
3429 4762 3594 4813 terra,
3627 4754 3789 4800 ciete-

535 4838 741 4938 xdcpap.
792 4838 995 4934 ’Arré6q
1030 4838 1086 4915 δὲ
1136 4861 1237 4914 οὐκ
1268 4838 1512 4927 ἀγαθὸς,
1562 4855 1655 4908 καὶ
1704 4854 1773 4907 τὰ
1823 4854 1912 4906 ὑπ’
1947 4853 2077 4905 αὐτο

2220 4883 2391 4938 raque
2418 4881 2539 4936 quae
2564 4864 2622 4916 in
2645 4861 2749 4916 hoc
2769 4856 2979 4913 mundo
2995 4853 3269 4910 cernimus
3291 4891 3306 4914 ,
3336 4846 3431 4902 sed
3464 4844 3549 4898 hic
3569 4838 3792 4894 minime

537 4929 832 5028 γενομενα,
878 4929 1041 5024 φησὶν
1069 4993 1085 5017 ,
1126 4952 1227 5004 οὐκ
1278 4946 1497 5019 ἁγαθῶς
1555 4942 1924 5014 εἰργασμέναο
1980 4942 2077 4995 ἀλλ

2224 4961 2402 5016 bonus
2431 4956 2628 5019 evasit,
2652 4953 2880 5021 ejusque
2908 4961 3074 5018 Opera
3103 4943 3285 4999 omnia
3318 4954 3427 4993 non
3462 4936 3600 4989 bene
3630 4929 3794 4990 facta,

538 5052 682 5107 κατὰ
707 5051 806 5122 τὴν
827 5048 990 5104 αὑτοῦ
1035 5046 1245 5118 φαύλην
1292 5044 1533 5100 διάνοιαν
1580 5039 1650 5098 τὰ
1684 5040 1773 5093 ὑπ’
1820 5037 1985 5093 αὑτοῦ
2029 5037 2118 5090 ἔκ-

540 5161 740 5199 τισται.

614 5239 689 5290 B'.
724 5235 819 5298 Τίς
847 5233 903 5287 δὲ
950 5232 1199 5296 ἀνέξεται
1243 5229 1351 5284 τῶν
1378 5225 1635 5284 τοιούτων
1678 5223 1851 5288 λόγων
1875 5262 1890 5287 ,
1940 5220 2035 5274 καὶ
2059 5238 2077 5273 c

2298 5210 2363 5267 ll.
2387 5208 2589 5265 Verum
2613 5205 2737 5276 quis
2764 5202 2855 5257 illa
2881 5201 3133 5270 dogmata
3162 5193 3431 5265 patienter
3464 5186 3667 5246 audiat,
3701 5196 3800 5237 nec

614 5276 689 5290 ν·
735 5276 818 5298 δ”»
849 5276 903 5287 *ν
950 5276 1199 5296 *σν-ν---η
1255 5276 1346 5284 --νν
1391 5276 1623 5284 -ν---τννν
1753 5276 1765 5288 .
1875 5276 1890 5287 ,

549 5328 747 5401 μᾶλλον
790 5321 1183 5392 καταγελάσειε
1235 5321 1333 5390 τῆς
1384 5317 1640 5384 τοιαύτης
1696 5309 2077 5383 ματαιοπονίας

2230 5302 2504 5360 insaniam
2524 5300 2670 5353 illam
2703 5294 2886 5366 potius
2906 5299 2960 5347 et
2984 5288 3273 5344 amentiam
3298 5279 3552 5336 irrideat?
3581 5276 3801 5329 Duobus

2308 5396 2318 5401 ⁵
2566 5389 2596 5401 "
2661 5389 2674 5401 ‘
2869 5385 2879 5396 '
2905 5385 3003 5401 ’μμ
3044 5382 3091 5401 ε-
3141 5375 3391 5401 Α-εηεΛ-η
3419 5370 3644 5401 ωἶηῖηὶο
3671 5382 3801 5401 ,πηι-

550 5370 707 5473 ἰατὰ
736 5416 845 5487 γὰρ
893 5370 1660 5484 δύονιεύρεθήσετιαι
1696 5370 1807 5473 ὀὐχ
1850 5370 2077 5471 ἁρμοδία

2229 5396 2431 5466 quippe
2459 5389 2632 5445 modis
2661 5389 2763 5442 hac
2791 5385 3009 5456 quidem
3044 5382 3102 5434 in
3137 5375 3391 5446 Opinione
3419 5370 3645 5426 minime
3671 5382 3805 5421 con-

2557 5481 2566 5487 ·
2595 5479 2606 5487 ·
3052 5469 3116 5487 ιι-
3150 5482 3229 5487 πη
3268 5466 3342 5487 ,τη
3374 5463 3520 5487 ut”...
3546 5467 3802 5487 Inv-nillil“

550 5463 707 5473 ’π’-ν’
749 5463 839 5487 ιν-ι-
900 5463 981 5467 --ν
1041 5463 1118 5484 ἰτ
1241 5463 1258 5473 -
1334 5463 1387 5479 -ι
1490 5463 1502 5477 .
1775 5463 1807 5473 η
1890 5463 1941 5471 .-

550 5511 844 5583 πράττων,
876 5504 1159 5578 χρώμενος
1206 5504 1277 5572 τῇ
1319 5498 1542 5567 τοιαύτῃ
1594 5493 1839 5564 ὑπονοίᾳ.
1876 5491 1987 5545 Καὶ
2037 5489 2077 5541 δι

2232 5463 2491 5542 sciitanea
2520 5479 2735 5534 videtur
2758 5488 3020 5531 asserere.
3052 5469 3235 5538 Itaque
3265 5466 3345 5520 sic
3374 5463 3522 5516 illum
3546 5467 3803 5529 tanquam

2226 5068 2290 5108 ac
2315 5065 2414 5121 pro
2444 5049 2585 5103 mala
2612 5046 2759 5100 illius
2786 5050 2965 5097 mente
2986 5044 3115 5093 sunt
3146 5034 3213 5089 ab
3245 5033 3340 5087 illo
3368 5028 3652 5083 fabricata.

623 5666 737 5734 (8'7)
789 5657 1247 5734 Ἀπελληῖανῶφς.
1301 5655 1378 5734 De
1430 5652 1616 5734 Apelle
1681 5645 2120 5734 meminit'inter
2229 5638 2561 5717 Novatianos
2591 5638 2860 5689 recenset.
2907 5626 3037 5698 Leg.
3082 5623 3413 5692 Apelleianos
3474 5632 3574 5689 pro
3603 5612 3780 5669 Auaili

557 5711 693 5792 alios
718 5711 986 5788 Dacianus
1015 5711 1176 5801 epist.
1210 5730 1259 5801 l,
1285 5726 1445 5801 cujus
1478 5711 1533 5801 et
1564 5717 1920 5801 corrigendus
1947 5716 2120 5775 locus,
2232 5711 2504 5801 aurigas"
2847 5772 2911 5801 Μ
3015 5768 3040 5801 ὁ
3167 5762 3192 5773 _

1735 5798 1743 5801 .
2082 5792 2117 5801 ,.
2506 5794 2578 5801 --_
2612 5787 2838 5801 mn.--“
2918 5787 2981 5801 οη
3042 5783 3192 5801 mw...

558 5756 693 5792 auos
718 5756 986 5788 racmnus
1015 5756 1176 5801 epist.
1214 5756 1228 5780 l
1246 5767 1259 5790 ,
1285 5756 1445 5793 cujus
1478 5756 1533 5778 cu.
1564 5756 1647 5776 κρυ.
1665 5756 1920 5788 uacum...
1947 5756 2077 5770 ων...

558 5813 614 5864 in
647 5822 758 5880 quo
786 5801 1155 5871 Marcionitas,
1197 5795 1617 5871 Apollinaricos,
1650 5788 2042 5861 Cataphrygas,
2071 5804 2077 5835 4

2232 5756 2438 5853 “(35f
2455 5778 2580 5833 Ἵνα
2607 5772 2981 5843 πανταχόθεν
3011 5762 3217 5833 ἐαυτῷ.
3260 5762 3399 5833 Lege
3426 5756 3645 5816 ἑαυτήν.
