4186 6374
449 342 558 395 ενα

1862 346 1925 401 S.
1969 344 2315 400 EPIPIIANII

3602 340 3707 397 8'26

450 466 773 527 prmsentem
806 455 1082 527 alloquar:
1116 456 1208 511 Dic
1238 457 1395 520 mibi,
1429 458 1611 524 sodes,
1646 458 1880 529 Apelles.
1920 458 2025 513 lloc

2137 456 2293 509 τοῦτο
2328 456 2460 527 πρὸς
2490 456 2652 510 αὑτὸν
2679 455 2753 518 ὡς
2782 454 2919 525 πρὸς
2964 452 3207 525 παρόντα
3250 452 3360 523 ἐρῶ
3382 471 3395 483 ·
3427 454 3565 523 Λέγε
3598 473 3709 525 μοι,

450 546 595 600 enim
626 544 805 610 dabis,
833 549 1055 616 Opinor:
1090 553 1184 599 aut
1216 546 1367 600 illum
1398 562 1714 617 supremum
1746 547 1911 601 Deum
1944 549 2029 602 fu-

451 644 572 688 tura
600 634 954 700 nescientem,
998 637 1142 690 hunc
1183 651 1342 705 quem
1388 636 1527 693 dicis
1564 652 1728 707 opera
1760 653 1859 693 sua
1890 639 2029 695 male

449 722 770 791 fabricasse,
817 724 1089 781 effinxisse
1143 725 1349 792 Deum;
1394 735 1487 780 aut
1534 743 1659 781 cum
1708 730 1867 783 talem
1914 728 2029 784 fore

448 828 824 888 cognosceret,
857 818 977 875 ideo
1008 819 1352 890 produxisse,
1387 831 1447 876 ut
1476 836 1664 876 eorum
1701 832 1845 878 esset
1880 822 2027 894 ipso-

450 927 570 964 rum
597 927 785 977 causa,
816 927 937 981 qua:
966 913 1105 967 male
1141 923 1327 983 postea
1353 914 1617 968 condidit.
1647 913 1724 967 Ex
1754 930 1862 984 quo
1891 930 2026 969 con-

450 1019 686 1073 sequens
716 1013 820 1068 est,
858 1020 1174 1073 supremum
1217 1007 1367 1059 illum
1408 1004 1577 1061 Deum
1614 1006 1772 1077 plane
1803 1007 2027 1061 Creato-

449 1110 562 1150 rem
589 1111 731 1161 esse,
759 1097 852 1166 qui
884 1112 1050 1151 unum
1082 1097 1232 1152 illum
1264 1099 1585 1168 procrearit,
1612 1114 1640 1152 a
1674 1114 1782 1166 quo
1809 1099 2026 1153 condita

449 1196 579 1242 sunt
618 1190 819 1242 omnia.
860 1190 1039 1255 Quare
1075 1205 1241 1245 causa
1279 1190 1384 1245 erit
1416 1190 1579 1244 etiam
1622 1192 1747 1259 ille;
1792 1207 1898 1246 non
1932 1192 2027 1263 qui

447 1294 537 1333 res
560 1289 769 1334 creatas
791 1280 982 1342 edidit,
1003 1280 1095 1335 sed
1120 1296 1367 1337 summus
1387 1282 1501 1351 ipse
1522 1281 1796 1338 Creatoris
1813 1292 2026 1351 auctor,

446 1368 539 1441 qui
576 1368 646 1424 sit
674 1370 1052 1425 universorum
1082 1368 1261 1439 opifex

517 1542 631 1599 lloc
669 1562 798 1601 vero
828 1546 1053 1617 insuper
1080 1545 1338 1613 amrmas,
1370 1549 1663 1619 posin-mis
1692 1550 2027 1620 temporibus

448 1639 691 1697 adfuisse
727 1641 1032 1703 Christum,
1075 1643 1316 1713 supremi
1363 1643 1621 1696 nimirum
1668 1658 1731 1697 ac
1777 1644 1902 1699 boni
1935 1644 2027 1701 Dei

449 1730 665 1794 Filium,
687 1733 913 1802 ejusque
939 1732 1200 1802 Spiritum
1226 1743 1499 1798 sanctum,
1522 1734 1587 1787 ad
1611 1750 1799 1788 eorum
1833 1735 2028 1789 simili-

2130 542 2175 601 ὦ
2212 544 2384 613 οὗτος.
2420 548 2622 611 Δώσεις
2657 548 2795 619 γὰρ,
2832 542 2878 600 ὦ
2912 546 3171 617 Ἀπελλῆ,
3205 546 3354 617 ἢτὸν
3374 545 3505 598 Θεὸν
3535 547 3712 615 ἄγνω-

2131 656 2256 692 στον
2293 639 2400 692 τῶν
2452 638 2755 709 μελλόντων
2802 637 3141 708 πεποιηκότα
3170 637 3303 689 Θεὸν
3327 676 3343 699 ,
3390 636 3447 689 δν
3481 637 3710 706 φάσκεις

2128 730 2199 784 τὰ
2234 732 2511 802 ποιήματα
2564 730 2743 794 καλῶς
2786 730 2801 760 ί
2832 730 3387 801 δεδημιουργηκέναι·
3444 730 3478 801 ἦ
3518 749 3715 802 προγιο

2129 819 2406 874 νώσκοντα
2434 821 2533 891 μὲν
2552 861 2566 886 ,
2618 821 2700 873 ὅτι
2729 819 2968 882 τοιοῦτος
3013 820 3041 871 6
3069 820 3158 872 ὑπ’
3203 819 3365 872 αὑτοῦ
3395 821 3711 889 κτιζόμενος

2128 912 2261 977 Θεὸς
2291 914 2469 986 ἀπέϐη
2498 913 2688 967 τούτου
2714 912 2875 983 χάριν
2903 910 3067 965 αὑτὸν
3094 913 3473 981 πεποιηκέναι,
3510 912 3597 965 ἵνα
3626 914 3710 965 αῖ-

2128 1021 2239 1068 τιος
2278 1004 2505 1075 γένηται
2558 1004 2670 1057 τῶν
2697 1003 2884 1067 κακῶς
2918 1003 3007 1055 ὑπ’
3046 1002 3209 1055 αὑτοῦ
3243 1003 3711 1074 δεδημιουργημέ-

2128 1114 2255 1151 νων.
2306 1098 2416 1150 Καὶ
2463 1096 2615 1149 ἔσται
2666 1096 2967 1162 ἐξάπαντος
3016 1096 3045 1147 6
3094 1096 3206 1149 ἄνω
3243 1094 3375 1157 Θεὸς
3419 1094 3580 1158 αὑτὸς
3608 1100 3710 1166 Δηο

2132 1189 2390 1262 μιουργός
2411 1230 2424 1254 ,
2460 1191 2691 1261 ποιήσας
2720 1189 2810 1243 τὸν
2857 1189 2951 1242 ἐνα
2983 1187 3073 1241 τὸν
3117 1187 3187 1240 τὰ
3216 1187 3391 1241 πάντα
3417 1188 3710 1257 πεποιηκὸ-

2125 1301 2196 1336 τα
2221 1300 2235 1313 ο
2267 1284 2361 1336 καὶ
2385 1282 2535 1334 ἔσται
2564 1281 2748 1334 ούκέτι
2771 1282 2941 1344 αῐτιος
2963 1282 2991 1333 6
3019 1280 3117 1342 τάς
3141 1279 3347 1343 κτίσεις
3372 1278 3705 1349 πεποιηκὼς.

2128 1376 2264 1429 ἀλλὰ
2288 1378 2315 1430 6
2348 1376 2458 1430 ἀνω
2489 1375 2620 1439 Θεὸς
2652 1377 2681 1428 6
2708 1374 2798 1427 :6v
2826 1374 3066 1428 K:imv
3102 1374 3352 1444 ποιήσας,
3374 1374 3469 1426 καὶ
3500 1373 3575 1427 ὣν
3612 1373 3711 1427 αὑ⁴

2127 1470 2220 1531 τὸς
2245 1467 2353 1522 τῶν
2378 1468 2593 1521 πάντων
2624 1466 2976 1537 δημιουργός.

2199 1558 2434 1629 Χριστὸν
2480 1558 2537 1611 δὲ
2575 1560 2731 1629 ἥκειν
2767 1559 2871 1627 φῄς
2926 1556 3014 1610 ἐπ’
3054 1556 3298 1627 ἐσχάτων
3346 1554 3455 1609 τῶν
3484 1555 3707 1627 καιρῶν,

2130 1650 2244 1703 υίὸν
2273 1650 2402 1703 ὄντα
2432 1650 2525 1703 τοῦ
2559 1650 2669 1704 άνω
2712 1650 2917 1719 ἀγαθοῦ
2954 1650 3121 1710 Θεοῦ,
3152 1650 3245 1702 καὶ
3274 1648 3333 1700 τὸ
3361 1650 3511 1715 ἆγιον
3544 1647 3707 1700 αὑτοῦ

2130 1738 2355 1809 Πνεῦμα
2379 1738 2639 1803 ὡσαύτως
2673 1740 2765 1791 ἐπὶ
2791 1739 3033 1810 σωτηρίᾳ
3066 1738 3176 1791 τῶν
3204 1739 3283 1801 εἰς
3317 1736 3515 1805 γνῶσιν
3542 1737 3706 1790 αὑτοῦ

448 1836 530 1881 ter
577 1829 829 1894 salutem,
878 1831 969 1899 qui
1021 1828 1087 1881 ad
1140 1829 1311 1899 ipsius
1365 1829 1614 1883 notitiam
1657 1831 2024 1898 pervenirent.

2131 1832 2441 1903 ἐρχομένων
2462 1850 2473 1862 ·
2506 1834 2599 1886 καὶ
2634 1832 2857 1886 ἐλθόντα
2885 1833 2945 1885 οὑ
2968 1832 3189 1902 δοκήσει
3215 1831 3538 1901 πεφηνέναι,
3574 1830 3709 1883 ἀλλά

451 1916 709 1973 Euindcm
742 1933 905 1988 porro
934 1934 1043 1973 non
1078 1919 1259 1987 specie
1289 1920 1607 1989 apparuisse
1641 1920 1785 1978 sola.
1820 1920 1912 1974 sed
1951 1936 2028 1973 re-

448 2024 576 2064 vera
606 2025 825 2064 carnem
860 2011 1162 2081 sumpsisse
1191 2030 1202 2065 :
1236 2026 1343 2065 non
1375 2012 1443 2065 de
1475 2012 1640 2065 Maria
1684 2020 1864 2066 tamen
1907 2012 2025 2066 Vir-

447 2104 572 2173 ginc
621 2104 769 2157 illam
808 2105 1185 2174 expressisse,
1215 2104 1308 2159 sed
1347 2105 1559 2161 tametsi
1597 2120 1720 2160 vera
1756 2120 1923 2160 came
1962 2120 2026 2161 ac

447 2207 675 2263 corpore
697 2202 841 2248 esset
871 2194 1149 2264 prmditus,
1181 2208 1357 2264 neque
1383 2210 1447 2249 ex
1480 2196 1621 2249 virili
1660 2196 1899 2257 semine,
1931 2212 2027 2250 ne-

447 2300 554 2354 que
604 2301 667 2339 ex
718 2286 945 2341 muliere
998 2288 1209 2358 virgine
1246 2288 1349 2343 sibi
1398 2288 1532 2343 illud
1582 2290 1881 2355 ascivisse;
1930 2290 2025 2344 sed

447 2390 629 2428 veram
661 2375 881 2430 aliunde
914 2390 1136 2430 carnem
1173 2376 1275 2430 sibi
1317 2391 1687 2446 comparasse.
1720 2374 1874 2441 Quod
1912 2376 2026 2445 qui-

446 2466 566 2521 dem
595 2466 739 2520 bunc
778 2465 833 2519 in
867 2465 1086 2520 modum
1116 2466 1369 2536 explicat.
1400 2468 1559 2533 Cum,
1594 2467 1789 2536 inquit,
1824 2482 1854 2520 e
1886 2466 2026 2519 Ctelo

444 2558 704 2627 delapsus
739 2566 885 2613 esset
932 2558 987 2611 in
1030 2565 1255 2623 terram,
1299 2574 1501 2629 corpus
1547 2560 1650 2614 sibi
1690 2567 1925 2629 quatuor
1956 2574 2024 2613 ex

444 2650 731 2706 elementis
759 2650 984 2707 eliinxit.
1023 2650 1223 2706 Verum
1258 2668 1441 2706 nonne
1482 2652 1545 2705 ad
1585 2652 1637 2706 id
1674 2653 1835 2706 etiam
1880 2652 2027 2707 festi-

446 2757 578 2797 nare
612 2743 826 2798 videtur
855 2744 979 2807 iste,
1013 2753 1073 2799 ut
1106 2742 1270 2812 impia
1303 2743 1467 2813 382
1500 2744 1620 2813 ejus
1653 2744 2025 2812 scelerataque

446 2839 713 2891 sententia
761 2837 829 2891 ad
870 2846 1110 2893 veterum
1148 2844 1429 2906 poetarum
1469 2836 1780 2892 Graecorum
1812 2834 2024 2890 somnia

446 2941 509 2980 ac
543 2942 719 2999 nugas
763 2927 1086 2983 ascribenda
1126 2927 1416 2981 videatur?
1445 2926 1647 2981 Eadem
1682 2927 1825 2981 enim
1865 2927 2026 2995 plane

445 3034 570 3074 cum
612 3021 740 3081 illis,
770 3036 833 3073 ac
866 3020 1041 3091 magis
1069 3020 1232 3075 etiam
1268 3020 1498 3074 ridicula
1530 3021 1802 3089 proponit,
1859 3018 2022 3072 Cbri-

446 3121 588 3167 stum
622 3112 943 3182 sibimetipsi
1007 3111 1307 3168 fabricasse
1362 3126 1583 3181 corpus.
1653 3112 1729 3165 Ita
1786 3126 1817 3166 e
1874 3111 2023 3167 sicco

447 3206 653 3259 siccum
698 3206 990 3275 expressit,
1039 3222 1070 3261 e
1119 3208 1301 3260 calore
1341 3207 1600 3270 calidum,
1630 3206 1912 3260 humidum
1957 3222 2021 3260 ex

447 3296 695 3357 humore,
741 3312 773 3351 e
831 3296 1032 3365 frigore
1098 3296 1374 3365 frigidum.
1434 3296 1477 3349 Ε
1513 3296 1714 3366 quibus
1769 3296 2024 3350 omnibus

449 3387 685 3443 formato
726 3388 831 3443 sibi
873 3403 1121 3457 corpore,
1170 3404 1294 3443 vere
1336 3389 1390 3443 in
1439 3397 1583 3443 terra
1624 3391 1774 3445 visus
1807 3398 1913 3453 est,
1961 3404 2024 3441 ac

447 3480 754 3533 cmlestium
790 3495 973 3535 rerum
999 3479 1159 3534 nobis
1192 3480 1473 3534 scientiam
1517 3482 1851 3550 iniportavit,
1885 3489 1943 3535 ut
1972 3490 2025 3535 et

445 3570 801 3624 Conditorem
857 3585 1304 3641 aspernaremur,
1356 3581 1411 3625 et
1458 3571 1578 3640 ejus
1628 3573 2024 3641 abnegaremus
2064 3636 2069 3641 τ

445 3678 611 3732 opera
637 3705 653 3730 ,
692 3663 765 3716 ita
796 3672 855 3718 ut
885 3664 1044 3720 nobis
1073 3664 1206 3718 illud
1241 3664 1529 3727 indicaret,
1561 3680 1808 3733 quamam
1840 3665 1893 3719 in
1930 3681 2023 3719 sa-

446 3756 561 3811 cris
586 3754 806 3811 Litteris
845 3758 931 3811 vel
973 3772 1033 3812 se
1076 3758 1197 3827 ipso
1242 3758 1590 3826 pronuntiata
1636 3758 1833 3819 forent,
1876 3758 1958 3812 vel
1993 3774 2023 3813 a

445 3850 743 3904 Conditore
766 3852 998 3919 prolata.
1023 3849 1114 3904 Sic
1136 3850 1303 3916 enim,
1328 3850 1423 3912 ait,
1454 3849 1507 3902 in
1538 3848 1829 3920 Evangelio
1850 3851 2019 3905 dixit:

450 3941 635 3996 Estote
670 3942 819 4013 probi
860 3942 1172 4013 argentarii.
1204 3941 1390 4006 Utere,
1421 3943 1621 4012 inquit,
1650 3944 1928 4005 omnibus,
1956 3961 2020 3999 ex

450 4034 735 4106 Scriptura
768 4035 961 4105 quavis
993 4035 1148 4089 utilia
1188 4035 1445 4105 seligens.
1486 4034 1708 4098 Deinde,
1746 4036 2022 4102 Christus,

448 4131 545 4193 ait,
563 4128 914 4197 semetipsum
939 4126 993 4181 in
1016 4142 1247 4197 corpore
1273 4128 1339 4181 ad
1361 4126 1677 4197 patiendum
1696 4129 2024 4198 supplicium

448 4221 667 4284 obtulit,
712 4234 777 4274 ac
828 4235 1015 4276 revera
1060 4221 1116 4275 in
1165 4235 1330 4275 cruce
1379 4220 1606 4276 suﬂixus
1648 4228 1753 4285 est,
1796 4238 2026 4293 eamque

449 4314 622 4383 ipsam
647 4328 866 4369 carnem
893 4313 1177 4384 discipulis
1209 4314 1467 4371 ostendit.
1500 4313 1693 4369 Postea
1731 4315 2025 4369 humanam

449 4406 596 4460 illam
633 4422 795 4476 quam
833 4415 1141 4478 sumpserat
1173 4417 1422 4462 naturam
1467 4410 1766 4473 resolvens,
1802 4410 2019 4463 unicui-

2130 1924 2187 1974 ἐν
2214 1923 2440 1994 ἀληθεία
2468 1923 2646 1993 σάρκα
2691 1922 3017 1991 εἰληφέναι,
3057 1922 3156 1974 οὑκ
3202 1921 3309 1973 ἀπὸ
3344 1920 3561 1991 Μαρίας
3610 1919 3709 1989 τῆς

2131 2012 2407 2086 Παρθένου
2428 2054 2443 2077 ,
2475 2016 2611 2068 ἀλλά
2645 2014 2906 2085 ἀληθινὴν
2941 2014 3039 2085 μὲν
3083 2013 3375 2085 ἐσχηκέναι
3403 2013 3502 2083 τὴν
3532 2012 3704 2082 σάρκα

2130 2107 2224 2160 καὶ
2256 2108 2414 2177 σῶμα
2440 2146 2455 2172 ,
2503 2107 2626 2160 οὔτε
2658 2107 2766 2160 ἀπὸ
2814 2108 3126 2178 σπέρματος
3176 2105 3369 2177 ἀνδρὸς
3393 2147 3407 2170 ,
3447 2104 3569 2158 οὔτε
3603 2104 3711 2157 ἀπὸ

2128 2199 2387 2266 γυναικὸς
2418 2200 2690 2271 παρθένου
2718 2216 2733 2228 ’
2774 2198 2889 2251 ἀλλ’
2924 2199 3047 2269 ἔσχε
3084 2200 3183 2269 μὲν
3231 2197 3409 2264 σάρκα
3452 2194 3710 2267 ἀληθινὴν

2128 2290 2302 2360 τούτῳ
2335 2290 2413 2361 τῷ
2453 2292 2655 2361 τρόπῳ.
2690 2291 2797 2343 Καί
2831 2306 3029 2360 φησιν·
3072 2291 3162 2343 Ἑν
3203 2290 3280 2362 τῷ
3312 2289 3567 2360 ἔρχεσθαι
3602 2288 3712 2341 ἀπὸ

2126 2382 2236 2433 τῶν
2262 2381 2620 2451 ἐπουρανίων,
2655 2376 2817 2451 ἦλθεν
2862 2384 2941 2445 είς
2970 2380 3069 2451 τὴν
3103 2380 3207 2450 γῆν
3234 2419 3248 2444 ,
3287 2382 3381 2433 καὶ
3407 2380 3711 2449 συνήγαγεν

2128 2472 2304 2543 ἑαυτῷ
2331 2472 2438 2526 ἀπὸ
2469 2472 2579 2525 τῶν
2608 2474 2887 2543 τεσσάρων
2921 2472 3200 2542 στοιχείων
3246 2471 3423 2542 σῶμα.
3456 2472 3567 2523 Καὶ
3596 2469 3709 2531 πῶς

2128 2566 2222 2618 καὶ
2250 2560 2401 2629 οὗτος
2429 2566 2529 2618 οὑκ
2562 2565 2841 2633 ἐπείγεται
2873 2567 2952 2628 είς
2978 2565 3040 2618 τὸ
3078 2564 3396 2635 φωραθῆναι
3424 2562 3587 2615 αὑτοῦ
3602 2562 3710 2632 τὴν

2127 2658 2359 2729 ἀνομίαν
2403 2657 2807 2711 ἀκολουθοῦσαν
2842 2661 2962 2720 ταῖς
3002 2657 3110 2709 τῶν
3154 2655 3399 2708 παλαιῶν
3445 2654 3711 2725 Ἐλλήνων

2130 2749 2367 2820 ποιητῶν
2396 2750 2523 2820 περὶ
2556 2750 2653 2818 τῆς
2680 2748 3012 2815 κενοφωνίας
3042 2747 3245 2815 ταύτης
3270 2746 3449 2812 δόξαις
3471 2762 3486 2811 ς
3510 2746 3710 2799 Φάσκει

2126 2844 2236 2912 γὰρ
2270 2842 2361 2894 καὶ
2394 2835 2548 2904 οὗτος
2577 2841 2653 2904 ὼς
2694 2842 2924 2906 ἐκεῖνοι,
2960 2840 3052 2893 καὶ
3085 2839 3165 2891 ἐτι
3205 2839 3551 2909 ψυχροτέρως
3580 2840 3711 2909 παρ’

2126 2932 2367 2995 ἐκείνους
2394 2933 2568 3000 λέγων
2593 2932 2686 2985 τὸν
2720 2931 2949 3002 Σωτῆρα
2983 2930 3160 3000 ἐαυτῷ
3208 2929 3616 2998 ὑποστήσασθαι
3653 2929 3713 2981 τὸ

2129 3023 2307 3093 σῶμα.
2348 3024 2479 3076 Ἀπὸ
2526 3022 2633 3094 γὰρ
2674 3021 2767 3075 τοῦ
2800 3022 2967 3092 ξηροῦ
3008 3023 3067 3074 τὸ
3110 3022 3302 3091 ξηρὸν,
3337 3021 3432 3073 καὶ
3476 3019 3585 3073 ἀπὸ
3617 3018 3714 3071 τοῦ

2127 3114 2331 3185 θερμοῦ
2364 3116 2423 3167 τὸ
2456 3115 2675 3185 θερμὸν,
2716 3114 2808 3166 καὶ
2836 3114 2943 3165 ἀπὸ
2977 3113 3071 3166 τοῦ
3106 3112 3274 3184 ὑγροῦ
3303 3113 3364 3165 τὸ
3397 3112 3585 3184 ὑγρὸν,
3618 3112 3712 3163 καὶ

2127 3207 2345 3260 ἀπὸτοῦ
2366 3208 2574 3277 ψυχροῦ
2604 3207 2663 3259 τὸ
2690 3206 2917 3277 ψυχρόν.
2948 3208 3056 3259 Καὶ
3089 3205 3261 3269 οὕτως
3287 3206 3498 3268 πλάσας
3530 3204 3710 3274 ἐαυτῷ

2130 3296 2322 3367 σῶμα,
2368 3296 2637 3367 ἀληθινῶς
2671 3296 2911 3367 πέφηνεν
2950 3297 3008 3347 ἐν
3052 3296 3278 3366 κόσμῳ,
3334 3297 3428 3348 καὶ
3474 3294 3712 3360 ἐδίδαξεν

2126 3393 2274 3460 ἡμᾶς
2306 3391 2405 3460 τὴν
2435 3390 2546 3443 ἄνω
2574 3390 2775 3458 γνῶσιν
2799 3430 2812 3453 ,
2843 3392 3207 3461 καταφρονεῖν
3236 3407 3297 3442 τε
3320 3388 3415 3441 τοῦ
3441 3391 3712 3460 Δημιουρ-

2126 3482 2221 3551 γοῦ
2248 3525 2262 3550 ,
2294 3483 2386 3536 καὶ
2418 3482 2702 3554 ἀρνεῖσθαι
2734 3481 2901 3537 αὑτοῦ
2948 3483 3015 3535 τὰ
3051 3481 3218 3552 ἔργα·
3260 3481 3544 3547 ὑποδείξας
3579 3482 3714 3551 ἡμῖν

2127 3576 2183 3627 ἐν
2213 3575 2344 3646 ποία
2382 3576 2573 3645 Γραφῇ
2610 3575 2738 3628 ποῖά
2764 3575 2880 3627 ἐστι
2909 3574 2977 3626 τὰ
3008 3574 3168 3643 φύσει
3206 3574 3264 3640 ἐξ
3294 3572 3459 3627 αὑτοῦ
3490 3574 3713 3644 εἰρημέ-

2126 3683 2192 3719 να
2217 3705 2232 3731 ,
2286 3668 2380 3720 καὶ
2433 3667 2564 3722 ποῖά
2610 3667 2725 3719 ἐστι
2763 3667 2831 3721 τὰ
2861 3666 2968 3719 ἀπὸ
2997 3665 3091 3718 τοῦ
3123 3666 3489 3739 Δημιουργοῦ.
3526 3664 3713 3727 Οῦτως

2126 3758 2269 3829 γὰρ,
2306 3760 2499 3831 φησὶν,
2537 3758 2639 3830 ἐφη
2694 3761 2752 3812 ἐν
2790 3757 2870 3828 τῷ
2908 3759 3257 3828 Εὑαγγελίῳ·
3294 3760 3582 3813 Γίνεσθαι
3622 3758 3713 3810 δό-

2126 3868 2284 3919 κιμοι
2312 3849 2664 3919 τραπεζῖται.
2691 3850 2819 3921 Χρῶ
2845 3850 2983 3921 γὰρ,
3015 3850 3199 3919 φησὶν,
3232 3851 3339 3903 ἀπὸ
3369 3851 3549 3921 πάσης
3572 3851 3714 3921 Γρα-

2128 3942 2233 4012 φῆς
2281 3942 2558 4009 ἀναλέγων
2603 3942 2670 3994 τά
2705 3944 2949 4012 χρήσιμα
3007 3938 3141 3995 Εἶτά
3172 3960 3337 4011 φησιν
3364 3960 3378 3973 ·
3416 3944 3654 3995 Ἔδωκεν
3683 3944 3714 3995 6

2126 4034 2361 4103 Χριστὸς
2409 4033 2602 4085 ἐαυτὸν
2656 4034 2849 4086 παθεῖν
2899 4036 2956 4085 ἐν
3008 4034 3158 4105 αὑτῷ
3196 4034 3274 4105 τῷ
3330 4033 3565 4106 σώματι,
3619 4037 3714 4089 καὶ

2127 4125 2447 4197 ἐσταυρώθη
2510 4127 2570 4177 ἐν
2634 4124 2863 4195 ἀληθείᾳ
2891 4165 2906 4189 ,
2972 4126 3067 4179 καὶ
3128 4125 3327 4190 ἔδειξεν
3386 4126 3554 4196 αὑτὴν
3614 4127 3714 4197 τὴν

2128 4218 2307 4289 σάρκα
2348 4220 2460 4279 τοῖς
2497 4215 2690 4269 ἐαυτοῦ
2754 4216 3041 4286 μαθηταῖς.
3084 4218 3195 4271 Καὶ
3246 4217 3519 4281 ἀναλύσας
3545 4258 3561 4281 ,
3604 4235 3712 4288 φη-

2128 4309 2251 4373 σὶν,
2302 4308 2470 4377 αὑτὴν
2522 4308 2620 4378 τὴν
2667 4307 3076 4377 ἐνανθρώτπισιν
3116 4308 3347 4372 ἑαυτοῦ,
3404 4309 3711 4379 ἀπεμέρισε

2136 4400 2299 4454 πάλιν
2349 4399 2562 4468 ἑκάστῳ
2592 4397 2700 4450 τῶν
2738 4399 3017 4468 στοιχείων
3065 4399 3125 4452 τὸ
3174 4400 3301 4453 ἴδιον
3350 4401 3621 4464 ἀποδοὺς,
3650 4402 3713 4453 :6

450 4514 554 4567 que
586 4498 857 4553 elemento
898 4500 1042 4568 quod
1080 4500 1364 4570 proprium
1402 4508 1520 4554 erat
1553 4502 1832 4568 restituit;
1877 4503 2024 4557 velut

2130 4491 2329 4562 θερμὸν
2361 4489 2439 4560 τῷ
2472 4488 2658 4560 θερμῷ
2683 4530 2697 4553 ,
2728 4490 2788 4542 :6
2822 4491 3027 4561 ψυχρὸν
3058 4490 3136 4561 τῷ
3169 4491 3362 4563 ψυχρῷ
3384 4532 3399 4556 ,
3432 4492 3493 4545 τὸ
3549 4492 3712 4563 ξηρὸν

449 4587 629 4642 calido
655 4587 915 4651 calidum,
942 4587 1197 4658 frigidum
1229 4588 1444 4658 frigido,
1477 4588 1686 4642 siccum
1716 4588 1889 4654 sicco,
1920 4589 2025 4641 hu-

450 4681 656 4735 midum
680 4681 923 4735 humido.
952 4680 1026 4733 Ita
1058 4694 1289 4749 corpore
1320 4682 1411 4735 illo
1439 4681 1585 4749 quod
1615 4695 1782 4735 carne
1812 4688 2028 4735 consta-

450 4774 543 4828 bat
581 4772 845 4837 resoluto,
886 4772 941 4826 in
974 4773 1194 4836 caelum,
1222 4772 1367 4826 unde
1391 4782 1633 4836 venerat,
1665 4772 1935 4827 ascendit.

519 4863 605 4918 111.
633 4863 677 4920 Ο
708 4865 999 4919 mendaces
1035 4866 1164 4918 talia
1196 4864 1519 4933 jactantium
1553 4864 1791 4919 fabulas!
1824 4866 1938 4935 qui.
1967 4875 2025 4919 ut

450 4971 612 5010 nemo
642 4971 750 5009 non
780 4955 1048 5025 intelligit,
1088 4954 1378 5009 mimorum
1424 4954 1610 5009 ludum
1653 4963 1817 5023 atque
1855 4955 2023 5009 cilici-

450 5061 577 5101 nam
618 5046 829 5115 aperire
862 5046 1043 5115 potius
1077 5059 1240 5113 quam
1287 5046 1410 5099 vitae
1447 5043 1850 5113 consequentia:
1903 5058 2027 5112 pro-

451 5138 766 5199 fessionem,
794 5149 887 5191 aut
916 5137 1285 5209 intelligentiae
1311 5136 1538 5190 formam
1562 5136 1809 5191 obtinere
1834 5135 2027 5190 viden-

450 5239 558 5285 tur.
592 5230 803 5285 Etenim
839 5231 885 5284 si
924 5231 1148 5286 omnino
1186 5230 1328 5301 quod
1364 5231 1653 5285 asciverat'
1680 5228 1785 5283 sibi
1825 5242 2025 5296 corpus

449 5321 720 5384 dissolvit,
750 5336 851 5375 cur
883 5321 937 5375 id
973 5323 1128 5376 initio
1156 5322 1474 5376 fabricavit?
1500 5321 1652 5389 Quod
1688 5320 1734 5376 si
1764 5319 1832 5373 ad
1864 5336 2023 5375 usum

451 5411 737 5465 fabricavit
770 5413 1030 5483 aliquem,
1072 5414 1175 5467 hoc
1216 5413 1334 5483 ipso
1365 5429 1465 5469 usu
1501 5412 1819 5483 perfunctus
1853 5411 2023 5466 relin-

448 5520 616 5575 quere
663 5504 797 5558 illud
846 5507 900 5559 in
944 5505 1107 5561 terris
1158 5505 1381 5571 debuit;
1433 5505 1733 5575 prazsertim
1784 5518 1908 5557 cum
1956 5517 2023 5557 ex

448 5607 627 5651 vestra
675 5598 947 5653 sententia
990 5597 1163 5654 forma
1212 5598 1329 5669 ipsa
1378 5598 1800 5656 resurrectionis
1841 5596 2027 5654 carnis

523 5778 538 5807 ¹
574 5774 735 5831 Forte
763 5777 970 5841 κακῶς.

2131 4584 2210 4654 τῷ
2237 4583 2385 4654 ξηρῷ
2405 4622 2420 4646 ,
2460 4581 2522 4635 τὸ
2566 4582 2732 4653 ὑγρὸν
2764 4581 2841 4651 τῷ
2871 4582 3021 4654 ὑγρῴ
3046 4600 3061 4613 ο
3103 4586 3198 4637 καὶ
3231 4584 3404 4647 οὕτως
3451 4584 3711 4648 διαλύσας

2132 4676 2226 4728 ἀπ’
2257 4673 2420 4728 αὑτοῦ
2454 4672 2614 4726 πάλιν
2638 4674 2699 4726 τὸ
2729 4672 2994 4745 ἔνσαρκον
3035 4674 3193 4746 σῶμα
3215 4715 3229 4740 ,
3270 4676 3475 4749 ἀνέπτη
3510 4678 3591 4740 εἰς
3620 4676 3712 4731 τὸν

2130 4766 2357 4835 οὐρανὸν
2378 4807 2391 4828 ,
2421 4764 2542 4817 ὅθεν
2567 4764 2662 4817 καὶ

2202 4859 2274 4911 1".
2316 4858 2423 4910 Καὶ
2448 4856 2493 4909 ὢ
2524 4856 2722 4926 πολλῆς
2762 4856 3206 4929 δραματουργίας
3240 4857 3346 4912 τῶν
3391 4856 3459 4911 τά
3488 4858 3711 4911 τοιαῦτα

2130 4947 2432 5016 λεγόντωνί
2473 4947 2548 5009 ὠς
2585 4946 2746 4999 παντί
2782 4965 2858 5017 τῳ
2910 4949 3079 5017 σαφὲς
3109 4950 3215 5018 εἴη,
3273 4949 3457 5019 μίμων
3511 4950 3711 5019 μᾶλλον

2132 5040 2495 5112 ἐργαστήριον
2529 5042 2674 5112 ἤπερ
2708 5041 3041 5109 ἐπαγγελίας
3069 5041 3213 5112 ζωῆς
3241 5041 3273 5113 ἦ
3318 5043 3584 5106 συνέσεως
3614 5061 3711 5114 χα-

2134 5137 2380 5208 ρακτῆρα
2413 5137 2785 5207 κεκτημένων.
2844 5137 2906 5189 Et
2957 5136 3067 5207 γὰρ
3102 5137 3237 5199 ὅλως
3270 5138 3421 5189 ἔλυεν
3468 5139 3601 5191 αὐτὸ
3649 5139 3710 5191 τὸ

2132 5230 2322 5299 σῶμα,
2355 5230 2491 5300 ὅπερ
2520 5229 2730 5299 εἴληφε,
2769 5228 2876 5282 τίνι
2922 5230 3000 5299 τῷ
3041 5229 3186 5300 λόγῳ
3229 5231 3324 5283 ἀπ’
3355 5232 3531 5301 ἀρχῆς
3578 5232 3710 5284 αὑτὸ

2132 5320 2307 5392 ἐαυτῷ
2354 5320 2787 5387 κατεσκεύαζεν;
2831 5322 2892 5373 El
2942 5320 2998 5373 δὲ
3051 5320 3419 5384 κατεσκεύαζε
3462 5322 3552 5374 διά
3587 5338 3709 5375 τινα

2130 5414 2325 5484 χρῆσιν
2353 5452 2369 5477 ,
2407 5412 2700 5467 ἀπετέλεσε
2738 5412 2797 5466 δέ
2848 5412 2909 5464 τὸ
2947 5412 3107 5483 ἔργον
3147 5413 3242 5482 τῆς
3274 5415 3523 5485 χρήσεως
3546 5433 3561 5447 ·
3603 5416 3709 5468 ἔδει

2130 5503 2451 5573 καταλεῖψαι
2490 5503 2622 5558 αὐτὸ
2653 5505 2711 5557 ἐν
2754 5505 2819 5573 τῇ
2864 5505 2969 5573 γῇ,
3004 5502 3238 5573 μάλιστα
3276 5504 3398 5557 καθ’
3432 5504 3577 5574 ὑμᾶς
3612 5506 3709 5574 τῆς

2130 5596 2276 5651 κατὰ
2310 5595 2413 5669 τὴν
2445 5595 2741 5650 ἀνάστασιν
2775 5594 2873 5665 τῆς
2915 5594 3115 5665 σαρκὸς
3164 5593 3375 5658 ἐλπίδος
3409 5594 3586 5659 εἴδους
3634 5598 3708 5667 μὴ
