4186 6374
408 386 513 444 8’25

1088 388 1460 447 ADVERSUS
1498 390 1841 448 IUERESES
1880 393 2008 451 LIB.
2042 395 2082 450 1.
2123 394 2287 454 ΤΟΜ.
2331 399 2422 456 Ill.
2449 401 2811 460 —lUERES.
2856 402 3025 462 XLIV.

3577 399 3687 457 823

410 507 599 577 χρείαν
650 506 867 577 ἔχοντος
907 506 1283 587 τελειωθῆναι.
1331 508 1494 562 Ἀλλὰ
1537 510 1835 579 ἀνέστησεν
1874 512 1989 563 αὐτὶ

2109 514 2295 583 perlici
2340 517 2493 571 nullo
2529 526 2689 588 pacto
2730 519 3018 577 desideret.
3061 517 3223 587 Atqui
3263 515 3395 571 lllttd
3431 518 3688 574 exeitavit

411 600 593 664 πάλιν,
631 599 717 652 ἵνα
757 600 837 662 εἰς
865 599 1112 669 κάματον
1143 600 1337 653 ἑαυτὸν
1365 602 1457 654 τὸν
1494 601 1718 671 μείζονα.
1743 602 1993 672 ἐμϐάλοι,

409 691 495 743 ἵνα
534 690 700 762 μηδὲν
729 690 987 763 ὠφελήσῃ
1039 690 1501 756 κατασκευάζων,
1537 691 1632 744 καὶ
1660 693 1717 744 ἐν
1753 694 1995 763 μνήματι

409 781 836 852 άποτιθέμενος,
887 783 983 835 καὶ
1025 782 1296 848 διαλύων,
1338 783 1433 835 καὶ
1490 783 1726 853 μερίζων
1781 784 1995 854 ἑκάστῳ

409 871 517 927 τῶν
553 871 852 942 στοιχείων,
882 872 1017 942 ὅπερ
1050 874 1179 942 παρ’
1214 872 1378 925 αὐτοῦ
1411 872 1652 943 εἴληφεν,
1688 874 1763 936 ὡς
1793 875 1997 942 εὐγνώ-

414 981 529 1034 μων
575 961 981 1034 χρεοφειλέτης.
1017 962 1127 1014 Καὶ
1176 964 1225 1014 εί
1278 963 1414 1025 ὅλως
1466 964 1681 1034 ἑκάστῳ
1722 965 1991 1029 ἀπεδίδου,

411 1058 659 1109 τουτέστι
690 1056 750 1109 τὸ
789 1056 996 1127 ψυχρὸν
1033 1055 1112 1125 τῷ
1143 1055 1367 1126 ψυχρῷ,
1415 1057 1509 1109 καὶ
1554 1056 1615 1109 τὸ
1666 1056 1866 1127 θερμὸν
1918 1058 1994 1129 τῷ

411 1148 628 1220 θερμῷ,
654 1148 884 1220 ἠδύνατο
906 1148 1079 1201 ταῦτα
1111 1148 1184 1219 μὴ
1212 1147 1441 1219 ὁρᾶσθαι
1473 1151 1586 1212 τοῖς
1618 1149 1781 1202 αὐτοῦ
1821 1151 1997 1222 μαθη-

408 1245 554 1306 ταῖςο
592 1241 708 1295 ἀλλ’
736 1242 798 1294 οὑ
850 1240 955 1311 μὴν
988 1240 1048 1292 τὸ
1103 1239 1260 1310 σῶμα
1298 1239 1359 1291 τὸ
1403 1238 1584 1311 ξηρόν.
1619 1242 1844 1304 Πάντως
1885 1243 1993 1314 γὰρ

409 1334 470 1386 τὸ
499 1334 663 1405 ξηρὸν
689 1332 850 1403 σῶμά
879 1336 1016 1396 ἐστι,
1059 1332 1194 1402 σὰρξ
1228 1332 1323 1385 καὶ
1353 1332 1538 1385 ὀστέα.
1583 1334 1693 1385 Καὶ
1730 1333 1791 1386 τὸ
1828 1335 1993 1405 ὑγρὸν

409 1428 627 1489 πάντως
657 1425 851 1497 ἱχῶρές
894 1426 1022 1488 εἰσι,
1046 1424 1139 1477 καὶ
1175 1423 1310 1494 σὰρξ
1364 1426 1443 1487 εἰς
1483 1424 1754 1496 ὑγρότητα
1785 1425 1987 1480 διαλυοο

411 1517 570 1587 μὲνη.
606 1516 801 1568 Ἀτινα
853 1515 1069 1578 πάντως
1114 1516 1227 1577 τοῖς
1267 1514 1586 1578 ἀποστόλοις
1640 1516 1994 1588 φανερώτατα

408 1606 830 1678 ὰποτιϐἐμενος,
883 1608 1154 1677 ἐσήμανεν
1184 1645 1199 1671 ,
1245 1605 1321 1667 ὼς
1372 1605 1465 1658 καὶ
1499 1605 1561 1657 τὸ
1605 1606 1821 1677 πρῶτον
1847 1646 1862 1671 ,
1904 1610 1993 1662 ὅτε

409 1700 672 1753 ἐθάπτετο
710 1700 771 1753 τὸ
800 1700 962 1752 αὐτοῦ
996 1700 1187 1769 σῶμα,
1234 1698 1557 1768 κατηξιοῦτο
1600 1699 1797 1771 Ἰωσὴφ
1831 1703 1858 1753 6
1886 1701 1994 1755 άπὸ

421 1792 779 1865 Ἁριμαθαίας
804 1790 1069 1855 ἐντυλίξαι
1092 1790 1223 1843 αὐτὸ
1248 1793 1304 1843 ὲν
1330 1790 1546 1856 σινδόνι,
1576 1792 1671 1844 καὶ
1695 1792 1993 1847 ἀποθέσθαι

2097 606 2299 667 denuo,
2331 623 2440 677 quo
2467 610 2724 679 majorem
2759 610 2862 665 sibi
2890 609 3130 663 laborem
3159 609 3491 678 imponeret;
3523 608 3686 679 idque

2096 696 2218 751 sine
2265 697 2376 752 ullo
2430 698 2608 753 fructu
2660 707 3000 763 contextum,
3057 708 3219 768 atque
3267 698 3321 751 in
3369 700 3685 769 sepulcrum

2096 787 2404 858 depositum
2446 804 2632 861 postea
2662 798 2932 847 retexeret
2952 833 2966 857 ,
3013 800 3175 863 atque
3197 829 3212 854 ,
3248 798 3307 844 ttt
3335 792 3683 861 :equissimus

2096 879 2329 946 debitor,
2373 883 2521 951 quod
2566 884 2634 935 ab
2678 898 3007 952 unoquoque
3046 882 3314 935 elemento
3353 892 3680 951 sumpserat,

2095 971 2301 1025 eisdem
2338 974 2541 1041 optima
2584 972 2685 1027 [ide
2718 974 3057 1027 restitueret.
3097 970 3216 1024 Jam
3258 978 3317 1023 ut
3348 985 3447 1025 sua
3485 972 3685 1042 cuique

2095 1062 2416 1128 reddiderit,
2451 1074 2580 1134 puta
2611 1064 2806 1135 frigido
2832 1064 3109 1135 frigidum,
3138 1073 3192 1117 et
3220 1063 3398 1119 calido
3421 1065 3682 1129 calidum,

2096 1155 2271 1224 potuit
2328 1155 2380 1208 id
2427 1156 2594 1211 latere
2635 1158 2856 1225 quidem
2906 1156 3231 1225 discipulos,
3280 1156 3457 1226 ipsum
3502 1164 3684 1211 tamen

2095 1259 2294 1312 corpus
2333 1244 2538 1298 siccum
2574 1246 2799 1300 minime
2835 1246 3030 1315 potuit.
3070 1245 3290 1300 Siccum
3334 1249 3480 1300 enim
3527 1248 3687 1317 plane

2094 1350 2296 1404 corpus
2326 1335 2489 1406 383
2524 1344 2630 1404 est,
2670 1351 2822 1400 caro,
2869 1338 3116 1407 inquam,
3148 1348 3202 1393 et
3238 1353 3387 1393 ossa.
3424 1337 3687 1394 Similiter

2093 1435 2147 1479 et
2177 1425 2460 1478 lmmidum
2494 1427 2678 1481 sanies
2709 1432 2829 1492 est,
2864 1434 2918 1481 et
2966 1441 3097 1480 caro
3140 1442 3260 1496 qua:
3305 1428 3359 1481 in
3402 1427 3686 1483 humorem

2094 1516 2418 1570 extabescit.
2460 1514 2594 1581 Quae
2634 1517 2821 1572 omnia
2864 1533 2987 1572 cum
3030 1518 3322 1574 manifeste
3366 1519 3682 1589 deponeret,

2094 1608 2356 1677 apostolis
2403 1610 2518 1663 suis
2559 1610 2788 1664 omnino
2836 1610 3223 1681 signiﬁcasset,
3278 1620 3339 1666 ut
3389 1620 3550 1665 antea
3598 1612 3683 1667 l'e-

2094 1708 2265 1761 cerat,
2316 1716 2439 1754 cum
2495 1702 2614 1768 ejus
2657 1717 2859 1771 corpus
2906 1703 3160 1772 sepulcro
3209 1702 3527 1757 mandatum
3574 1712 3680 1759 est.

2094 1788 2233 1844 Tum
2263 1791 2411 1845 enim
2446 1789 2687 1862 Josepho
2721 1793 3144 1850 Arimathaeensi
3179 1794 3530 1864 permissum,
3567 1794 3685 1849 sin~

408 1886 466 1939 ἐν
502 1885 764 1956 μνήματι.
797 1885 949 1954 Ἀμα
976 1884 1034 1937 δὲ
1066 1884 1159 1937 καὶ
1187 1884 1244 1935 αἱ
1265 1887 1521 1951 γυναῖκες
1553 1880 1697 1954 εἶχον
1728 1884 1855 1937 ἰδεῖν
1890 1884 1989 1939 ποῦ

2097 1883 2241 1937 done
2277 1892 2334 1937 ut
2364 1883 2498 1938 illud
2534 1885 2868 1949 obvolveret,
2904 1894 3070 1956 atque
3104 1887 3161 1940 in
3196 1894 3552 1940 monumento
3583 1884 3682 1938 de-

406 1976 733 2046 κατελείφθη
764 1977 832 2029 τά
870 1975 1126 2045 λείψανα,
1158 1976 1245 2028 ἵνα
1279 1976 1417 2028 αὐτᾶ
1461 1977 1732 2046 τιμήσωσι
1765 1976 1851 2031 διὰ
1892 1978 1992 2048 μύ-

410 2086 517 2140 ρων
544 2069 636 2122 καὶ
667 2068 995 2139 ἀρωμάτων,
1026 2070 1101 2131 ὡς
1132 2067 1193 2120 τὸ
1213 2067 1449 2139 πρῶτον.
1498 2068 1637 2120 Ἀλλ’
1661 2068 1899 2140 οὐδαμοῦ
1930 2071 1990 2124 τὸ

403 2158 597 2229 ψεῦδος
628 2157 779 2229 ὑμῶν
802 2156 959 2210 τοῦτο
988 2156 1310 2227 δεδήλωται,
1344 2150 1389 2209 ὦ
1434 2157 1806 2227 Ἀπελληῖανοὶ
1830 2198 1846 2222 ,
1878 2160 1989 2214 ἀπὸ

405 2251 522 2314 ἐνὸς
562 2249 670 2304 τῶν
692 2250 862 2319 ἁγίων
887 2248 1217 2302 ἀποστόλων.
1246 2250 1320 2302 Οὐ
1346 2249 1453 2320 γάρ
1482 2250 1649 2304 ἐστιν.
1686 2250 1845 2304 Ἀλλά
1862 2252 1990 2316 τοὺς

408 2344 506 2412 μὲν
532 2343 796 2413 ἀοράτους
825 2342 1035 2413 ὁρατῶς
1063 2337 1202 2395 εἶδον
1226 2340 1317 2395 δύο
1342 2341 1570 2413 ἄνδρας,
1598 2343 1691 2396 καὶ
1727 2343 1887 2397 αὐτὸν
1909 2346 1990 2408 εἰς

400 2433 630 2505 οὒρανὸν
682 2434 1042 2505 ἀνερχόμενον
1073 2472 1087 2497 ,
1136 2432 1232 2486 καὶ
1285 2432 1390 2484 ὑπὸ
1442 2433 1670 2504 νεφέλης
1720 2435 1989 2503 φωτεινῆς

403 2524 939 2596 ὑπολαμϐανόμενον,
978 2523 1230 2593 λείψανον
1258 2521 1314 2576 δὲ
1343 2523 1505 2576 αὑτοῦ
1536 2524 1772 2594 οὐδαμοῦ
1820 2543 1986 2579 κατα-

402 2617 774 2689 λελειμμένον.
830 2618 904 2671 Οὺ
952 2617 1060 2689 γὰρ
1098 2618 1265 2690 ἐχρῆν
1293 2656 1309 2679 ,
1362 2618 1482 2670 οὐδὲ
1533 2618 1823 2688 ἐνεδέχετο.
1877 2621 1988 2673 Καὶ

400 2709 654 2781 ψεύδεται
697 2710 995 2781 Ἀπελλῆς,
1033 2710 1127 2763 καὶ
1160 2712 1207 2763 οἱ
1248 2711 1343 2763 ἀπ’
1386 2710 1550 2764 αὑτοῦ
1589 2711 1985 2781 Ἀπελληῖανοί.

2097 1984 2346 2044 poneret.
2389 1976 2662 2032 Praeterea
2704 1980 2968 2034 mulieres
3010 1981 3191 2034 locum
3232 1980 3384 2034 illum
3429 1979 3679 2033 animadr

2102 2075 2319 2122 vertere
2336 2069 2667 2139 potuissent,
2694 2072 2781 2124 cui
2802 2073 3046 2142 reliquiae
3060 2074 3456 2129 commendatze
3480 2074 3677 2139 forent,

2092 2166 2154 2213 ut
2189 2174 2285 2217 eas
2325 2161 2619 2231 unguentis
2663 2169 2718 2216 et
2761 2165 3100 2220 aromatibns
3147 2165 3452 2220 honoriﬁce
3497 2166 3683 2220 condi-

2094 2261 2235 2308 rent.
2302 2252 2409 2309 Sed
2441 2258 2542 2311 hoc
2571 2266 2836 2323 vestrum,
2870 2258 3200 2329 Apelleiani,
3234 2258 3579 2313 mendacium
3614 2274 3682 2313 ne

2094 2361 2240 2399 unus
2280 2346 2500 2415 quidem
2542 2364 2607 2403 ex
2649 2350 2914 2419 apostolis
2955 2349 3428 2405 commemoravit.
3470 2350 3681 2420 Quippe

2094 2454 2375 2509 nunquam
2411 2443 2480 2495 ita
2510 2451 2723 2513 gestum
2756 2444 2887 2497 illud
2922 2452 3027 2500 est.
3056 2441 3258 2498 Verum
3289 2442 3427 2499 duos
3457 2443 3676 2514 quidem

2095 2546 2197 2601 per
2218 2547 2340 2587 sese
2365 2534 2589 2589 minime
2619 2536 3005 2605 aspectabiles,
3039 2546 3261 2590 externa
3292 2542 3475 2589 tamen
3499 2536 3681 2605 specie

2086 2634 2419 2694 apparentes
2452 2627 2602 2683 viros
2633 2628 2816 2683 intuiti
2851 2636 3013 2693 sunt,
3064 2628 3354 2699 ipsumque
3388 2627 3441 2681 in
3479 2629 3680 2683 etelum

2086 2716 2499 2779 ascendentem,
2546 2732 2611 2774 ac
2654 2719 2837 2773 lucida
2872 2720 3021 2773 nube
3049 2718 3449 2772 circumfusum
3489 2717 3530 2781 ⁸,
3560 2717 3679 2771 τειίο

313 2856 324 2866 _
402 2806 562 2875 quias
611 2821 744 2861 vero
792 2820 1067 2876 nusquam
1112 2814 1382 2860 terrarum
1432 2806 1657 2861 relictas
1701 2807 1975 2862 viderunt.
2013 2807 2201 2880 Neque
2228 2813 2374 2866 enim
2408 2814 2526 2868 ﬁeri
2561 2814 2710 2870 istud
2740 2815 3053 2885 oportebat,
3104 2822 3202 2869 aut
3256 2829 3389 2869 vero
3441 2822 3675 2885 poterat-

402 2897 583 2963 Quare
621 2905 729 2951 tam
769 2897 985 2968 Apelles
1026 2900 1175 2967 ipse,
1218 2914 1379 2967 quam
1421 2898 1725 2968 Apelleiani
1766 2900 1977 2953 mentiti
2011 2908 2167 2956 sunt.

473 2993 547 3047 A'.
592 2992 675 3046 Τὰ
701 2994 863 3064 ὅμοια
913 2993 973 3047 δὲ
1024 2993 1103 3064 τῷ
1161 2994 1352 3047 ἑαυτοῦ
1406 2994 1671 3066 ἐπιστάτῃ
1697 2993 1984 3066 Maprth

2163 2998 2250 3054 IV.
2281 3000 2492 3055 Caetera
2528 3015 2693 3072 porro
2732 3013 2857 3055 cum
2899 3009 3235 3070 praeceptore
3270 3014 3372 3054 suo
3404 2996 3682 3052 Marciane

401 3087 529 3158 περί
565 3104 625 3139 τε
669 3086 770 3156 τῆς
816 3086 983 3159 ἄλλης
1020 3088 1221 3161 σαρκὸς
1260 3089 1354 3140 καὶ
1405 3089 1514 3141 τῶν
1563 3088 1737 3141 ἄλλων
1782 3090 1986 3159 ὁμοίως

2091 3100 2463 3147 consentanea
2515 3092 2823 3163 profitetur,
2866 3107 2989 3162 quze
3036 3095 3101 3147 ad
3155 3093 3384 3145 aliorum
3433 3106 3678 3153 carnem,

399 3178 723 3247 ἐδογμάτισε
743 3195 754 3207 ·
787 3179 1011 3247 φάσκων
1038 3180 1113 3251 μὴ
1143 3177 1280 3233 εἶναι
1312 3180 1608 3234 ἀνάστασιν
1633 3180 1861 3252 νεκρῶν,
1891 3182 1987 3234 καὶ

2091 3196 2154 3235 ac
2189 3183 2398 3253 reliqua
2435 3184 2486 3238 id
2515 3158 2696 3254 genus
2746 3158 3044 3254 pertinent.
3088 3183 3259 3253 Negat
3304 3184 3448 3236 enim
3491 3197 3681 3251 corpo-

400 3268 467 3321 τὰ
493 3268 647 3332 ἄλλα,
684 3270 895 3341 ὅσαπερ
928 3270 1020 3323 ἐπὶ
1042 3271 1140 3340 τῆς
1167 3271 1270 3342 γῆς
1303 3270 1476 3335 ἔδοξεν
1502 3272 1705 3341 ὁμοίως
1733 3270 1989 3341 δογματὶ-

401 3359 534 3424 ζειν.
578 3362 1046 3435 Ἀνατραπήσεται
1072 3363 1127 3415 δὲ
1159 3365 1188 3416 6
1211 3362 1376 3416 αὐτοῦ
1414 3363 1670 3433 λογισμὸς
1694 3362 1860 3434 λῆρός
1904 3380 1989 3425 τις

400 3453 476 3507 ὢν
514 3456 606 3508 καὶ
634 3456 776 3509 κατὰ
810 3454 988 3508 πάντα
1021 3456 1218 3527 τρόπον
1247 3456 1682 3527 πεπλανημένος.
1720 3455 1856 3509 Οὔτε
1880 3455 1988 3525 γὰρ

403 3546 611 3617 ἰσχύσει
662 3546 854 3609 σκότος
886 3546 1013 3600 ἔνθα
1051 3547 1111 3599 τὸ
1139 3546 1255 3616 φῶς
1289 3547 1690 3617 παραφαίνεται
1721 3584 1735 3608 ,
1766 3544 1890 3597 οὔτε
1926 3544 1988 3597 τὸ

399 3639 593 3707 ψεῦδος
623 3638 951 3709 σταθήσεται
974 3637 1140 3710 οὔσης
1162 3639 1261 3709 τῆς
1295 3638 1570 3709 ἀληθείας.
1618 3640 1680 3691 Εἰ
1711 3638 1819 3709 γὰρ
1852 3637 1988 3700 ὅλως

402 3730 669 3801 κέχρησαι
696 3734 814 3793 ταῖς
857 3731 1132 3801 Γραφαῖς,
1166 3724 1211 3783 ὦ
1253 3731 1483 3801 Ἀπελλῆ
1530 3732 1622 3784 καὶ
1664 3731 1713 3783 οἱ
1750 3731 1858 3784 ἀπὸ
1893 3731 1987 3784 σοῦ

415 3820 790 3890 Ἀπελληῖανοὶ
818 3861 833 3886 ,
874 3820 932 3887 ἐξ
985 3822 1164 3874 αὐτῶν
1223 3821 1332 3875 τῶν
1364 3820 1597 3893 Γραφῶν
1629 3820 1987 3891 εὑρεθήσεσοε

402 3912 749 3983 ἐλεγχόμενοι
781 3930 795 3943 ·
855 3914 1071 3985 πρῶτον
1133 3914 1229 3984 μὲν
1261 3952 1276 3977 ,
1326 3914 1407 3967 ὅτι
1460 3915 1581 3967 κατ’
1630 3913 1813 3966 είκόνα
1851 3910 1987 3965 Θεοῦ

402 4002 656 4071 ἐποίησεν
705 4005 734 4055 6
778 4002 911 4066 Θεὸς
937 4003 1028 4055 τὸν
1062 4002 1377 4073 ἄνθρωπον
1426 4005 1455 4055 6
1486 4003 1544 4055 δὲ
1575 4004 1807 4073 ποιήσας
1846 4000 1985 4070 ἔφη·

404 4092 757 4162 Ποιήσωμεν
786 4094 1099 4162 ἄνθρωπον
1146 4093 1273 4147 κατ’
1304 4095 1510 4147 εἰκόνα
1552 4094 1846 4162 ἡμετέραν
1890 4092 1988 4145 καὶ

402 4185 534 4240 καθ’
573 4185 875 4255 ὁμοίωσιν.
926 4185 1013 4248 Ὠς
1041 4185 1093 4236 εἰ
1117 4203 1200 4248 τις
1231 4185 1342 4237 ἀπὸ
1368 4186 1466 4256 τῆς
1512 4185 1605 4238 σοῦ
1634 4182 1988 4255 πεπλανημέ-

401 4297 501 4351 νης
526 4279 791 4351 αἱρέσεως
812 4277 1157 4349 ἐπιστρέψειε
1187 4279 1323 4348 πρὸς
1348 4279 1448 4348 τὴν
1476 4277 1754 4349 ἀλήθειαν,
1783 4278 1858 4341 ὡς
1880 4278 1989 4330 ἀπὸ

403 4372 629 4435 σκότους
660 4370 971 4441 ἀποδράσας
1009 4371 1103 4423 καὶ
1135 4370 1243 4423 ἀπὸ
1291 4371 1480 4434 νυκτὸς
1511 4370 1784 4436 ἀναστὰς,
1838 4370 1987 4441 εὖροι

2089 3290 2210 3330 rum
2254 3291 2377 3331 esse
2421 3278 2911 3342 resurrectionem,
2968 3286 3273 3345 caeteraque
3310 3274 3377 3328 ad
3420 3273 3675 3328 eumdem

2089 3366 2333 3431 modum,
2370 3382 2481 3437 quo
2523 3366 2613 3421 ille
2654 3381 2779 3421 cum
2822 3366 2875 3420 in
2916 3365 3055 3420 vivis
3100 3372 3283 3435 ageret
3324 3364 3381 3417 in
3419 3362 3678 3433 opinione

2090 3473 2190 3512 sua
2216 3459 2418 3530 posuit.
2459 3457 2565 3514 Sed
2600 3459 2921 3528 opinionum
2959 3457 3064 3510 illm
3100 3471 3257 3525 nugae
3296 3469 3357 3509 ac
3394 3452 3678 3509 mendacia

2088 3550 2379 3607 manifeste
2416 3551 2835 3619 redarguentur.
2876 3546 3063 3618 Neque
3097 3547 3240 3600 enim
3280 3545 3478 3599 virium
3517 3543 3672 3614 quid-

2090 3659 2254 3714 quam
2290 3644 2491 3698 habent
2527 3642 2789 3706 tenebrae,
2826 3640 2919 3695 ubi
2957 3639 3217 3710 splendor
3254 3636 3394 3691 lucis
3447 3636 3679 3699 emicat;

2091 3751 2192 3790 nec
2239 3736 2518 3805 aperiente
2561 3750 2621 3789 se
2664 3734 2895 3789 veritate
2945 3731 3159 3786 falsitas
3202 3728 3477 3784 consistit.
3518 3726 3677 3792 Quod

2092 3828 2137 3883 si
2193 3842 2478 3883 sacrarum
2536 3825 2873 3880 Litterarum
2943 3824 3022 3878 uti
3088 3821 3408 3877 testimonio
3471 3820 3673 3889 placet,

2089 3919 2331 3988 Apelles,
2368 3933 2577 3987 vosque
2612 3916 2942 3986 Apelleiani,
2986 3914 3091 3968 illa
3126 3915 3260 3983 ipsa:
3297 3927 3396 3965 sua
3430 3926 3530 3965 vos
3570 3925 3673 3963 au-

2089 4012 2342 4067 ctoritate
2373 4010 2718 4064 convincent.
2761 4008 3037 4071 Primum,
3091 4003 3239 4074 quod
3269 4004 3335 4057 ad
3372 4004 3663 4070 imaginem

2090 4102 2185 4157 Dei
2228 4103 2391 4155 homo
2436 4114 2465 4153 a
2508 4099 2619 4155 Deo
2663 4100 2844 4153 factus
2883 4105 2988 4152 est.
3030 4097 3108 4149 Ae
3149 4096 3242 4164 qui
3286 4094 3439 4146 illum
3485 4092 3615 4145 fecit
3654 4109 3670 4146 :

2091 4194 2401 4255 Faciamus,
2443 4192 2639 4261 inquit,
2678 4190 2938 4244 hominem
2978 4188 3048 4240 ad
3090 4188 3371 4256 imaginem
3402 4193 3451 4237 et
3484 4184 3667 4237 simili—

2091 4283 2326 4337 tudinem
2373 4293 2610 4335 nostram
2654 4283 2697 4333 ’.
2743 4278 3018 4344 Quocirca
3056 4278 3102 4332 si
3142 4276 3267 4345 quis
3306 4290 3336 4328 a
3376 4274 3674 4329 falsissims

2088 4382 2183 4429 tua
2232 4375 2425 4429 hzeresi
2477 4388 2601 4428 sese
2635 4371 2705 4425 ad
2745 4372 3031 4426 veritatem
3063 4367 3422 4431 converterit,
3455 4376 3509 4421 et
3542 4374 3671 4419 tan-

401 4464 467 4517 ἂν
492 4463 556 4517 τὸ
596 4463 712 4534 φῶς
745 4463 894 4533 αὐτῷ
932 4462 1216 4516 ἀνατεῖλαν
1265 4462 1363 4532 τῆς
1416 4460 1509 4514 τοῦ
1566 4461 1705 4515 Θεοῦ
1734 4460 1986 4531 γνώσεως

2091 4482 2253 4537 quam
2303 4480 2334 4519 e
2388 4473 2548 4519 nocte
2600 4477 2664 4516 ac
2720 4461 2961 4517 tenebris
3009 4459 3320 4520 emerserit,
3373 4458 3426 4511 in
3473 4457 3671 4511 divina:

401 4553 552 4625 ἡλίου
583 4553 737 4624 δίκην
766 4553 861 4607 καὶ
883 4552 1023 4623 ὑπὲρ
1055 4551 1224 4622 ἥλιον.

469 4735 774 4804 Φανήσεται
824 4732 934 4805 γὰρ
985 4732 1147 4787 παντὶ
1191 4732 1271 4805 τῷ
1314 4733 1407 4786 τὸν
1454 4731 1673 4802 εὔλογον
1724 4731 1985 4803 λογισμὸν

402 4823 722 4893 κεκτημένῳ
746 4861 762 4885 ,
799 4824 881 4876 ὃτι
918 4825 946 4874 6
980 4822 1149 4875 εἰπὼν
1176 4863 1189 4885 ,
1245 4823 1598 4892 Ποιήσωμεν
1650 4822 1982 4891 ἄνθρωπον,

400 4917 429 4967 6
458 4914 591 4976 Θεὸς
620 4917 765 4968 ἐστιν
792 4915 823 4966 6
850 4914 959 4967 τῶν
985 4915 1121 4968 ὅλων
1148 4916 1358 4987 Πατήρ.
1391 4916 1750 4984 Συγκαλεῖται
1776 4916 1833 4968 δὲ
1865 4914 1986 4985 μεθ’

399 5007 595 5061 ἑαυτοῦ
617 5008 708 5061 τὸν
736 5009 823 5061 ἀεὶ
848 5008 974 5062 ὄντα
1015 5012 1112 5063 σὺν
1144 5009 1292 5079 αὐτῴ
1320 5008 1453 5061 Θεὸν
1481 5008 1652 5077 Λόγον
1676 5008 1803 5061 Υἱὸν
1830 5024 1988 5078 μονο-

399 5100 532 5169 γενῆ
559 5140 574 5161 ,
610 5098 670 5163 ἐξ
692 5099 855 5152 αὑτοῦ
894 5101 1146 5172 άνάρχως
1178 5101 1272 5153 καὶ
1296 5101 1539 5172 ἀχρόνως
1566 5100 1982 5170 γεγεννημένονο

400 5192 518 5262 ἅμα
551 5192 608 5244 δὲ
659 5192 752 5245 καὶ
793 5192 856 5245 τὸ
895 5193 1050 5261 ἆγιον
1100 5191 1264 5245 αὐτοῦ
1320 5191 1581 5261 Πνεῦμα,
1629 5191 1692 5244 τὸ
1739 5192 1839 5245 οὐκ
1886 5192 1984 5244 ἁλ-

397 5284 610 5352 λότριον
639 5283 803 5336 αὐτοῦ
844 5283 962 5336 οὐδὲ
987 5284 1080 5337 τοῦ
1110 5283 1273 5337 αὑτοῦ
1306 5285 1436 5338 ἰδίου
1471 5285 1621 5339 Υίοῦ.
1651 5286 1714 5339 El
1752 5286 1862 5358 γὰρ
1887 5285 1983 5339 ἄλο

398 5377 489 5443 λος
515 5372 585 5447 ἦν
615 5376 644 5427 ὁ
674 5375 886 5437 πλάσας
909 5375 1000 5429 τὸν
1033 5376 1318 5447 ἄνθρωπον
1341 5416 1356 5440 ,
1392 5376 1486 5430 καὶ
1514 5377 1607 5431 τὸν
1635 5378 1839 5447 κόσμον
1872 5379 1989 5432 κτί-

401 5485 529 5531 σας,
561 5466 721 5529 ἄλλος
760 5466 819 5519 δὲ
866 5467 898 5519 6
946 5466 1058 5520 άνω
1085 5466 1289 5533 ἀγαθὸς
1322 5465 1455 5529 Θεὸς
1479 5505 1493 5529 ,
1523 5468 1652 5537 παρ’
1689 5462 1749 5521 οὗ
1787 5467 1987 5539 κατῆλ-

400 5560 491 5613 θεν
521 5561 550 5612 6
597 5558 831 5628 Χριστός
850 5574 863 5589 ⁸
892 5558 994 5621 οὐκ
1041 5557 1108 5612 ἂν
1135 5560 1164 5611 6
1211 5559 1443 5629 Χριστὸς
1475 5559 1778 5630 ἐλάμϐανεν
1812 5560 1987 5632 ἑαυτῷ

401 5650 596 5723 σῶμα,
658 5650 756 5702 καὶ
785 5649 986 5703 ἔπλασε
1034 5649 1133 5721 τὴν
1177 5650 1361 5703 εἰκόνα
1406 5649 1502 5703 τοῦ
1536 5650 1876 5723 Δημιουργοῦ
1912 5651 1992 5715 εὶς

477 5828 492 5859 ⁸
523 5831 646 5885 Act.
691 5847 727 5900 ι,
756 5829 788 5883 9
816 5845 931 5901 sqq.
1015 5832 1033 5861 ³
1074 5826 1209 5883 Gen.
1242 5788 1424 5894 tt,-26.

2089 4558 2333 4618 scientia
2368 4556 2551 4611 lumen
2594 4557 2860 4615 incurret,
2908 4551 3056 4623 quod
3090 4550 3140 4606 ei
3191 4550 3325 4605 solis
3373 4549 3548 4602 instar
3587 4551 3670 4604 vel

2082 4655 2246 4711 etiam
2281 4649 2394 4705 sole
2418 4651 2538 4717 ipso
2566 4647 2770 4700 clarius
2802 4645 3105 4700 illucescet.

2156 4742 2291 4796 Nam
2325 4741 2459 4794 illud
2489 4737 2740 4801 cuilibet,
2774 4738 2868 4807 qui
2901 4738 3135 4794 rationis
3167 4738 3413 4794 nonnihil
3450 4736 3668 4800 habeat,

2056 4833 2317 4889 ‘evidens
2350 4832 2479 4895 erit,
2509 4829 2678 4885 Deum
2710 4844 2835 4885 esse
2861 4837 3140 4899 parentem
3165 4831 3432 4889 omnium.
3467 4829 3559 4899 qui
3594 4828 3669 4881 ita

2086 4924 2307 4979 locutus
2333 4931 2418 4978 est
2450 4940 2464 4975 :
2504 4919 2792 4974 Faciamus
2822 4920 3103 4975 hominem.
3131 4920 3245 4987 Qua
3283 4919 3499 4990 quidem
3535 4933 3670 4973 voce

2086 5022 2350 5069 :eternum
2408 5012 2564 5066 illum
2609 5010 2804 5076 Deum,
2857 5010 3120 5077 Verbum,
3161 5013 3405 5081 inquam,
3470 5007 3665 5063 Filium

2086 5120 2248 5163 suum
2299 5104 2593 5175 unigenam
2639 5104 2960 5173 complexus
2992 5110 3078 5158 est
3119 5117 3133 5155 :
3172 5118 3333 5173 quem
3373 5117 3441 5156 ex
3488 5102 3669 5169 seipso

2085 5199 2207 5253 sine
2230 5197 2389 5251 initio
2414 5196 2566 5249 omni
2588 5210 2651 5250 ac
2676 5205 2921 5266 tempore
2946 5196 3167 5265 genuit;
3199 5210 3299 5248 nec
3321 5208 3429 5247 non
3455 5201 3508 5246 et
3541 5190 3667 5260 Spi-

2086 5291 2255 5343 ritum
2294 5295 2569 5352 sanctum,
2606 5288 2702 5357 qui
2731 5302 2834 5341 nec
2865 5288 2932 5341 ab
2966 5288 3082 5350 illo,
3118 5300 3219 5341 nec
3248 5286 3317 5339 ab
3354 5282 3521 5355 384
3548 5284 3671 5353 ejus

2091 5378 2231 5434 Filio
2257 5380 2329 5436 sit
2354 5380 2587 5434 alienus.
2624 5376 2681 5433 Si
2716 5379 2863 5433 enim
2898 5379 3039 5433 alius
3074 5377 3211 5434 foret
3234 5377 3474 5431 hominis
3503 5375 3673 5429 fabri-

2093 5479 2273 5536 cator,
2326 5471 2517 5526 mundi
2556 5471 2848 5538 conditor;
2888 5469 3031 5525 alius
3063 5483 3353 5539 supremus
3391 5482 3454 5521 ac
3492 5466 3672 5521 bonus

2094 5560 2260 5629 Deus,
2288 5577 2319 5615 a
2352 5578 2462 5633 quo
2486 5562 2737 5617 Christus
2764 5560 3071 5624 descendit,
3104 5574 3383 5629 nunquam
3416 5556 3670 5612 Christus

2098 5653 2204 5711 sibi
2230 5668 2435 5725 corpus
2470 5652 2770 5726 aﬂingeret,
2802 5662 2897 5709 aut
2929 5650 3158 5724 ﬁguram
3198 5651 3255 5707 in
3292 5664 3353 5707 se
3386 5646 3668 5707 Creatoris
