4186 6374
520 373 619 431 3⁵27

1936 386 1993 441 S.
2038 382 2377 441 EPIPHANII

3675 384 3779 441 828

511 486 866 555 exprimeret.
924 489 1105 555 Quare
1162 493 1512 565 perspicuum
1560 504 1664 561 est,
1720 497 1865 553 hunc
1911 500 2090 569 ipsum

2207 499 2389 552 ἑαυτὸν
2426 499 2751 552 ἀνατυπῶνο
2808 499 2941 552 ἀλλά
2992 498 3183 569 δῆλον,
3234 501 3314 553 ὅτι
3368 499 3526 564 αὑτός
3565 504 3708 555 ἐστιν
3751 504 3782 555 6

517 576 755 634 hominis
818 582 1119 653 mundique
1180 600 1304 640 esse
1356 588 1739 653 conditorem,
1802 606 1962 659 quem
2021 590 2094 642 ita

519 667 677 724 Pater
706 671 1003 743 alloquitur
1038 695 1051 729 :
1090 675 1379 732 Faciamus
1418 681 1678 735 hominem
1714 682 1781 735 ad
1817 683 2094 751 imaginem

512 771 563 812 et
589 762 993 820 similitudinem
1025 780 1284 823 nostram.
1331 770 1509 841 Atque
1551 773 1653 826 hoc
1681 788 1746 827 ex
1784 789 1891 827 uno
1932 788 2095 843 opere

518 853 840 928 manifestus
891 859 996 912 erit
1051 846 1271 924 artifex,
1327 879 1504 933 neque
1562 865 1703 919 alius
1761 866 2096 933 intelligetur

519 941 709 1006 fuisse,
748 946 841 1015 qui
876 955 1003 1001 ‘tum
1056 950 1331 1007 hominem
1375 956 1769 1024 procreaverit,
1811 964 1863 1011 et
1901 957 2093 1011 Adami

514 1050 715 1103 corpus
742 1053 771 1091 c
795 1046 937 1092 terra
966 1042 1185 1098 molitus
1214 1044 1395 1107 fuerit,
1426 1047 1788 1117 eumdemque
1834 1049 1885 1102 in
1918 1050 2097 1103 viven-

516 1134 622 1178 tem
691 1131 925 1184 animam
996 1132 1201 1189 fecerit.
1279 1135 1377 1191 Cui
1460 1141 1680 1209 quidem
1748 1142 1825 1195 rei
1901 1142 2093 1196 beatus

514 1216 755 1273 Joannes
791 1223 842 1275 in
883 1223 1169 1295 Evangelio
1213 1243 1312 1282 suo
1348 1229 1679 1300 suffragatur
1720 1233 1805 1287 his
1850 1233 2033 1288 verbis
2067 1252 2080 1286 :

518 1307 585 1362 In
635 1313 891 1380 principio
940 1328 1056 1368 erat
1125 1317 1369 1384 Verbum,
1420 1331 1468 1374 et
1528 1322 1753 1375 Verbum
1795 1335 1909 1377 erat
1954 1325 2095 1392 apud

516 1398 703 1462 Deum,
736 1411 784 1454 et
820 1402 957 1457 Deus
995 1416 1107 1459 erat
1155 1408 1397 1464 Verbum.
1442 1410 1557 1464 Hoc
1591 1422 1705 1465 erat
1748 1414 1801 1465 in
1839 1415 2096 1482 principio

516 1489 656 1555 apud
692 1490 881 1546 Deum.
938 1494 1128 1549 Omnia
1174 1514 1264 1563 per
1311 1500 1481 1567 ipsum
1514 1500 1659 1569 facta
1702 1512 1847 1567 sum,
1888 1513 1936 1555 et
1986 1504 2098 1558 sine

515 1582 629 1648 ipso
666 1582 867 1650 factum
900 1595 977 1639 est
1014 1588 1148 1641 nihil
1178 1590 1220 1650 ί,
1253 1600 1361 1645 etc.

586 1672 740 1737 Quod
773 1675 819 1729 si
853 1675 905 1729 in
947 1677 1065 1746 ipso
1107 1678 1250 1733 facta
1299 1688 1447 1746 sunt,
1487 1690 1541 1736 et
1578 1698 1675 1751 per
1706 1683 1884 1752 ipsum
1930 1683 2093 1749 facta,

516 1763 606 1815 ille
634 1771 686 1817 ct
716 1762 983 1819 Adamum
1019 1767 1333 1834 fabricavit,
1367 1783 1422 1827 et
1448 1788 1514 1826 ex
1546 1772 1712 1827 Maria
1750 1776 1966 1846 Virgine
1993 1778 2095 1832 sibi

2201 590 2541 660 Δημιουργδς
2575 590 2669 643 τοῦ
2707 590 2996 662 ἀνθρώπου
3033 592 3126 644 καὶ
3158 592 3252 645 τοῦ
3288 592 3492 662 κόσμου
3514 634 3528 654 ,
3562 586 3605 659 ᾧ
3633 589 3783 672 εἶπεν

2199 682 2227 732 ὁ
2259 681 2448 751 Πατήρ
2474 696 2486 709 ·
2523 680 2876 749 Ποιήσωμεν
2915 681 3229 749 ἄνθρωπον
3260 684 3386 735 κατ’
3417 684 3618 734 εἰκόνα
3642 683 3782 752 ἠμε-

2202 771 2380 838 τέραν
2425 771 2523 822 καί
2552 772 2681 825 καθ’
2714 772 3020 839 ὁμοίωσιν.
3070 771 3201 824 Ἀπὸ
3245 772 3302 824 δὲ
3333 771 3425 824 τοῦ
3460 772 3576 834 ἐνὸς
3618 772 3781 842 ἔργου

2205 861 2529 929 σταθήσεται
2562 862 2791 932 φανερὸς
2824 862 3104 932 γινόμενος
3132 866 3160 915 6
3201 863 3481 934 τεχνίτης,
3521 864 3601 916 ὃτι
3630 857 3781 927 οὗτός

2204 953 2351 1004 ἐστιν
2378 953 2405 1004 6
2432 953 2551 1004 τότε
2579 952 2669 1004 τὸν
2701 952 2985 1024 ἄνθρωπον
3019 954 3360 1024 πεποιηκὼς,
3392 956 3601 1020 πλάσας
3631 975 3691 1010 τε
3718 960 3782 1011 ὲκ

2202 1042 2304 1110 γῆς
2338 1040 2397 1094 τὸ
2425 1040 2514 1093 τοῦ
2555 1040 2726 1110 Ἀδὰμ
2758 1041 2935 1109 σῶμα,
2971 1042 3063 1095 καὶ
3088 1044 3317 1112 ποιήσας
3343 1043 3472 1096 αὐτὸ
3500 1046 3579 1105 εἰς
3605 1044 3780 1115 ψυχὴν

2204 1129 2407 1193 ζῶσαν.
2450 1129 2541 1181 Διὸ
2589 1131 2683 1182 καὶ
2733 1130 3112 1201 ἐμαρτύρησεν
3160 1132 3187 1183 6
3230 1130 3382 1199 ἅγιος
3439 1133 3689 1202 Ἰωάννης
3725 1137 3781 1186 ἐν

2202 1221 2279 1291 τῷ
2310 1221 2446 1292 ἁγίῳ
2486 1221 2800 1291 Εύαγγελίῳ
2826 1222 3043 1289 ,λέγων
3070 1262 3083 1285 ,
3136 1222 3216 1275 ὅτι
3274 1223 3371 1274 Ἐν
3420 1222 3577 1291 ἀρχῇ
3623 1220 3702 1294 ἦν
3749 1227 3782 1279 ό

2203 1314 2390 1381 Λόγος
2414 1353 2430 1375 ,
2467 1313 2563 1365 καί
2604 1317 2635 1365 ό
2664 1314 2853 1381 Λόγος
2888 1308 2963 1382 ἦν
2987 1312 3135 1381 πρὸς
3162 1314 3269 1365 τὸν
3298 1315 3445 1367 Θεὸν
3467 1355 3480 1377 ,
3513 1314 3611 1367 καὶ
3638 1314 3782 1381 Θεὸς

2201 1400 2280 1473 ἦν
2313 1406 2346 1456 ό
2391 1403 2598 1472 Λόγος.
2636 1398 2824 1467 Οὗτος
2858 1399 2934 1472 ἦν
2979 1404 3048 1455 ἐν
3078 1401 3236 1471 ἀρχῇ
3275 1403 3427 1471 πρὸς
3472 1403 3578 1457 τὸν
3613 1405 3777 1458 Θεόν.

2203 1494 2405 1549 Πάντα
2437 1494 2511 1547 δι’
2548 1494 2733 1549 αὑτοῦ
2762 1495 2998 1563 ἐγένετο
3024 1534 3038 1555 ,
3085 1493 3181 1546 καὶ
3210 1495 3390 1562 χωρίς
3428 1495 3613 1557 αὐτοῦ
3658 1493 3783 1565 ἐγέ-

2201 1601 2337 1637 νετο
2376 1584 2515 1637 οὐδε
2547 1583 2615 1636 ἐν
2634 1624 2647 1647 ,
2675 1586 2769 1635 καὶ
2804 1583 2870 1635 τὰ
2896 1582 3041 1652 ἑξῆς.

2273 1677 2335 1729 Εἰ
2368 1676 2423 1729 δὲ
2462 1678 2519 1728 ὲν
2575 1675 2721 1745 αύτῴ
2778 1676 2993 1743 ἐγένετο
3019 1716 3033 1739 ,
3076 1675 3169 1729 καὶ
3208 1674 3299 1728 ὑπ’
3331 1674 3497 1729 αὑτοῦ
3544 1675 3779 1744 ἐγένετο,

2203 1769 2366 1831 αὐτὸς
2412 1769 2530 1820 τότε
2580 1768 2671 1820 τὸν
2711 1767 2881 1836 Ἀδὰμ
2930 1767 3161 1832 ἔπλασε,
3198 1766 3290 1819 καὶ
3341 1767 3499 1830 αὐτὸς
3530 1767 3687 1819 πάλιν
3721 1766 3783 1821 τὺ

515 1871 718 1925 corpus
753 1857 979 1920 eﬂinxit,
1005 1876 1067 1913 ac
1101 1870 1267 1915 totam
1299 1865 1534 1935 denique
1574 1866 1677 1919 sibi
1712 1876 1967 1922 naturam
2005 1869 2100 1921 lto-

2207 1860 2363 1931 σῶμα
2396 1860 2504 1912 ἀπὸ
2533 1858 2748 1929 Μαρίας
2786 1858 2886 1927 τῆς
2912 1856 3187 1929 Παρθένου
3218 1857 3297 1920 εἰς
3328 1856 3519 1909 ἑαυτὸν
3554 1856 3783 1909 ἀνεπλά-

518 1946 682 2000 minis
714 1948 985 2016 adjunxit,
1023 1970 1188 2021 quam
1221 1970 1250 2007 a
1289 1970 1348 2009 se
1385 1957 1478 2010 illo
1521 1964 1765 2026 tempore
1796 1959 2096 2026 conditam,

514 2034 734 2089 demum
763 2042 1074 2095 arctiss'une
1110 2044 1212 2097 sibi
1243 2046 1540 2114 copulavit.
1578 2045 1696 2100 Jam
1729 2063 1858 2102 vero
1895 2050 1941 2104 si
1974 2050 2103 2103 alie-

515 2141 644 2177 ntnn
690 2141 828 2195 Opus
872 2133 1157 2199 usurpavit
1198 2133 1340 2201 ejus.
1401 2136 1493 2203 qui
1547 2144 1764 2191 creatas
1818 2153 1905 2191 res
1960 2138 2101 2191 male

512 2215 780 2282 condidit,
816 2233 880 2271 ac
910 2221 1085 2275 malus
1129 2224 1388 2291 opinione
1427 2233 1516 2277 tua
1554 2223 1686 2291 fuit;
1728 2226 1800 2290 si,
1853 2226 2097 2295 inquam,

514 2306 675 2360 malis
708 2309 970 2377 Oper-ibus
1012 2328 1147 2366 usus
1184 2320 1288 2377 est,
1332 2329 1455 2383 qua:
1489 2331 1518 2369 a
1550 2316 1694 2369 malo
1728 2324 1857 2371 sunt
1892 2316 2101 2371 artilice

514 2396 782 2465 profecta,
809 2400 1089 2457 Creatoris
1111 2420 1169 2457 se
1194 2405 1437 2473 nequitia
1468 2406 1830 2475 implicaverit
1858 2416 2096 2478 oportet,

516 2504 618 2542 usu
653 2490 747 2544 illo
774 2506 839 2547 ac
869 2494 1137 2549 beneficio
1174 2516 1185 2549 :
1220 2505 1333 2549 tum
1366 2498 1613 2566 ejusdem
1650 2500 1886 2570 imagine
1916 2516 2102 2573 capes-

513 2580 718 2648 senda;
771 2586 916 2653 quod
960 2588 1077 2641 fieri
1127 2590 1353 2643 omnino
1397 2606 1506 2644 non
1548 2600 1748 2660 potest.
1788 2592 2002 2647 Etenlm
2052 2594 2100 2649 si

514 2673 757 2728 hominis
793 2684 1044 2730 naturam
1075 2679 1273 2742 induit,
1316 2697 1426 2735 non
1460 2697 1681 2737 carnem
1714 2685 1897 2747 modo,
1926 2686 2018 2740 sed
2047 2694 2102 2741 et

515 2765 752 2817 animam
788 2769 1048 2837 suscepit.
1089 2769 1277 2840 Neque
1306 2774 1453 2826 enim
1486 2774 1784 2830 obscurum
1822 2776 1957 2830 illud
1994 2788 2096 2833 est.

514 2849 618 2915 Qui
646 2852 792 2905 enim
816 2856 1020 2927 alioqui
1046 2859 1251 2915 diceret
1276 2876 1293 2913 :
1323 2861 1647 2917 Potestatem
1678 2866 1840 2919 habeo
1867 2869 2102 2936 accipere

516 2942 752 2995 animam
782 2961 971 3013 meam,
993 2957 1042 3001 et
1070 2964 1261 3017 ponere
1292 2967 1409 3004 eam
1432 2955 1496 3006 ’Τ
1526 2954 1894 3019 Quamobrem
1928 2966 2100 3013 totum

518 3035 652 3089 illud
684 3052 823 3105 opus
858 3054 1168 3107 assumens,
1208 3060 1370 3113 quam
1411 3045 1642 3101 Creator
1680 3049 1968 3119 imaginem
2001 3067 2100 3121 ap-

519 3128 705 3190 pellat,
745 3138 916 3185 totum
951 3132 1106 3198 illud,
1148 3135 1393 3205 inquam,
1437 3152 1503 3192 ex
1547 3155 1776 3209 corpore
1810 3143 2102 3215 animaque

517 3219 844 3288 conﬂatum,
876 3226 1075 3293 quibus
1103 3228 1263 3281 homo
1294 3230 1544 3298 partibus
1571 3207 1810 3297 constat,
1850 3207 2099 3290 divinum
2127 3207 2169 3265 ϐ

521 3312 626 3366 sibi
662 3311 895 3368 Verbum
927 3317 1196 3387 adjunxit.
1245 3321 1401 3386 Quod
1451 3322 1494 3376 si
1538 3324 1610 3375 ita
1644 3332 1749 3388 est,
1782 3328 1975 3381 veneni
2020 3329 2102 3382 tui

520 3405 815 3460 ellicacitas
840 3410 1019 3464 omnis
1046 3412 1432 3481 exstinguitur,
1465 3426 1529 3467 ac
1556 3416 1955 3471 tumultuosum
1984 3434 2105 3486 perv

523 3496 913 3567 turbatumque
957 3500 1150 3571 dogma
1188 3503 1426 3558 concidit
1466 3523 1479 3559 :
1518 3506 1665 3575 quod
1710 3507 1862 3561 nullo
1911 3507 2103 3561 funda-

524 3598 711 3645 mento
751 3591 1080 3658 stabilitum,
1124 3595 1273 3648 nulla
1314 3596 1563 3652 veritatis
1602 3596 1857 3653 ﬁrmitate
1886 3613 1949 3654 ac
1978 3602 2107 3655 soli-

524 3681 700 3737 ditate
737 3683 956 3738 nititur.

592 3771 659 3827 γ.
690 3774 964 3830 Caeterum
988 3792 1112 3833 cum
1139 3793 1169 3833 e
1191 3779 1363 3835 sacris
1393 3779 1615 3838 Litteris
1645 3784 1908 3854 quidquid
1942 3785 2107 3856 385

520 3864 789 3935 placuerit
830 3868 1022 3939 eligas,
1079 3878 1172 3924 aut
1229 3872 1480 3941 rejicias,
1538 3876 1701 3943 plane
1758 3876 1999 3945 judicem
2056 3885 2109 3932 te

522 3958 700 4028 legum
750 3975 859 4013 non
901 3961 1251 4031 interpretem
1296 3964 1470 4030 facis,
1511 3981 1576 4020 ac
1615 3968 1947 4023 deloctorem
1992 3983 2111 4021 om-

522 4048 675 4101 nium
718 4065 841 4118 qua:
873 4067 943 4105 ex
985 4052 1153 4106 animi
1199 4054 1275 4107 tui
1325 4057 1598 4110 sententia
1642 4057 1865 4112 minime
1905 4058 2109 4127 scripta

524 4148 689 4207 sunt;
718 4156 839 4210 qua:
860 4143 964 4197 etsi
990 4144 1278 4200 verissima
1302 4147 1433 4210 sint,
1462 4149 1599 4202 falso
1621 4164 1650 4201 a
1682 4157 1734 4203 te
1755 4149 2109 4204 nihilominus

522 4241 959 4299 commutantur,
992 4242 1047 4290 et
1080 4236 1147 4291 ad
1180 4246 1333 4292 tuum
1378 4254 1440 4293 ac
1483 4247 1705 4293 tuorum
1738 4254 1983 4297 errorem
2017 4254 2111 4293 ac-

523 4325 964 4381 commodantur.
996 4327 1153 4394 Quod
1184 4331 1231 4386 si
1262 4332 1441 4387 malus
1470 4332 1694 4402 quidam
1737 4332 1931 4387 artifex
1974 4331 2113 4388 infe-

528 4415 673 4469 riora
697 4416 833 4481 hazc,
869 4433 932 4472 ac
966 4421 1229 4475 mundum
1258 4421 1395 4476 adeo
1424 4423 1589 4477 istum
1617 4423 1842 4477 molitus
1872 4430 1977 4488 est,
2012 4438 2113 4477 cur

527 4523 559 4560 a
590 4506 734 4561 bono
772 4507 933 4564 Patre
964 4510 1167 4567 missus
1206 4513 1312 4566 huc
1347 4514 1437 4568 ille
1467 4513 1789 4569 descendit?
1817 4513 1873 4567 Si
1920 4521 1979 4568 ut
2010 4514 2109 4567 ho-

529 4598 737 4651 minum
787 4616 958 4668 genus
1000 4603 1270 4672 eriperet.
1325 4605 1522 4658 horum
1580 4606 1794 4660 scilicet
1849 4615 2110 4675 tanquam

528 4705 755 4745 suorum
813 4709 999 4746 curam
1046 4696 1318 4764 suscepit,
1366 4712 1465 4751 nec
1514 4697 1655 4751 alius
1700 4697 1815 4766 jam
1861 4698 2115 4752 conditor

527 4795 649 4834 esse
674 4782 951 4850 putandus
982 4793 1085 4839 est.
1125 4784 1221 4838 Sin
1263 4786 1473 4841 alienos
1519 4788 1753 4851 curavit,
1786 4803 1961 4857 eaque
1991 4804 2114 4857 qua:

530 4869 666 4923 nihil
695 4871 761 4923 ad
787 4888 846 4927 se
870 4874 1240 4943 pertinebant,
1266 4892 1534 4945 usurpare
1570 4892 1635 4931 ac
1662 4894 1883 4934 servare
1908 4880 2111 4943 voluit;

530 4968 627 5014 aut
680 4964 1020 5019 adulatorem
1073 4963 1247 5021 fuisse
1303 4984 1530 5023 necesse
1579 4977 1691 5035 est,
1754 4970 1848 5039 qui
1920 4969 2115 5024 alienis

531 5053 851 5122 adhaeserit;
896 5065 992 5110 aut
1036 5059 1224 5129 gloria:
1268 5059 1551 5130 cupidum,
1597 5061 1692 5130 qui
1732 5070 1789 5115 ut
1820 5061 2118 5117 Conditore

533 5159 593 5198 sc
620 5148 1055 5214 prmstantiorem
1083 5150 1421 5217 ostenderet,
1463 5168 1575 5223 pra:
1613 5154 1806 5208 alienis
1834 5170 1955 5221 qua:
1997 5169 2115 5208 ser-

535 5250 663 5290 vare
712 5236 1044 5299 instituerat,
1088 5256 1314 5295 suorum
1369 5243 1596 5299 minime
1640 5244 1913 5299 desiderio
1965 5251 2117 5299 tene-

537 5336 687 5381 retur
722 5348 734 5383 :
766 5344 833 5383 ex
873 5346 980 5400 quo
1010 5347 1172 5389 verus
1206 5349 1269 5389 ac
1301 5335 1550 5391 sincerus
1579 5352 1702 5391 esse
1734 5335 1965 5392 desinet.
2007 5335 2112 5390 Sed

537 5436 715 5488 neque
744 5423 1117 5479 moderatione
1147 5427 1317 5480 animi
1350 5430 1642 5498 przeditus',
1676 5430 1767 5499 qui
1801 5445 1927 5484 cum
1957 5443 2113 5493 crea-

540 5522 651 5566 tam
703 5529 815 5567 rem
854 5516 1057 5569 nullam
1097 5520 1371 5587 propriam
1420 5520 1635 5585 habeat,
1683 5522 1861 5575 aliena
1906 5535 2115 5574 concu-

542 5602 724 5673 piscit,
755 5611 810 5659 et
837 5605 1188 5662 intervenere
1219 5608 1402 5665 studct
1422 5649 1436 5673 ,
1472 5610 1574 5665 hoc
1604 5619 1689 5666 est
1716 5611 1928 5666 animas
1949 5650 1963 5675 ,
1996 5625 2116 5679 qua:

637 5756 655 5787 ¹
685 5756 840 5814 Ioan.
872 5775 910 5823 ι,
950 5762 1000 5827 ἰ,
1036 5762 1088 5819 ει.

2203 1968 2359 2005 σατο·
2394 1953 2486 2004 καὶ
2514 1950 2733 2013 τελείως
2766 1951 2861 2019 τὴν
2919 1950 3098 2002 πᾶσαν
3152 1947 3317 2003 αὐτοῦ
3372 1948 3781 2020 ὲνανθρώπησιν

2202 2045 2475 2113 συνήνωσε
2503 2084 2517 2104 ,
2543 2041 2641 2113 τὴν
2673 2042 2763 2093 ὑπ’
2814 2040 2980 2093 αὐτοῦ
3015 2041 3136 2093 τότε
3168 2040 3498 2094 πλασθεῖσαν
3520 2082 3534 2105 ,
3564 2042 3655 2094 καὶ
3685 2040 3779 2094 νῦν

2200 2134 2259 2188 ἐν
2310 2132 2485 2203 ἑαυτῴ
2519 2132 2924 2185 συνενωθεῖσαν.
2967 2133 3028 2184 Εἰ
3062 2132 3119 2184 δὲ
3172 2132 3460 2203 ἀλλοτρίαν
3520 2133 3779 2203 ἐργασίαν

2200 2227 2280 2287 εἰς
2308 2224 2495 2276 ἑαυτὸν
2531 2222 2688 2275 ἔλαϐε
2738 2222 2832 2275 τοῦ
2875 2222 3060 2285 κακῶς
3088 2223 3185 2291 τὴν
3224 2222 3419 2276 πλάσιν
3452 2222 3775 2284 πλάσαντος,

2201 2317 2294 2370 καὶ
2322 2315 2491 2367 κακοῦ
2518 2314 2851 2385 ὑπάρχοντος
2878 2315 3018 2367 κατά
3044 2316 3143 2383 τὴν
3168 2314 3261 2367 σοῦ
3291 2314 3655 2377 διδασκαλίαν,
3685 2316 3779 2367 καὶ

2200 2409 2249 2461 εἰ
2288 2407 2423 2469 ὅλως
2453 2408 2720 2477 κέχρηται
2743 2410 2854 2469 τοῖς
2882 2409 3071 2469 κακοῖς
3103 2408 3401 2477 ποιήμασιν
3429 2450 3440 2472 ,
3472 2404 3553 2471 οἷς
3575 2410 3602 2460 6
3636 2408 3778 2461 κατά

2204 2499 2263 2552 σὲ
2292 2498 2460 2560 κακὸς
2489 2500 2717 2568 ποιητὴς
2744 2498 3036 2569 εἰργάσατο
3060 2515 3073 2527 ·
3101 2498 3209 2568 ἀρα
3252 2500 3488 2569 ἐπεμίγη
3518 2501 3582 2569 τῇ
3611 2500 3778 2571 κακίᾳ

2199 2584 2294 2639 τοῦ
2344 2586 2567 2656 ποιητοῦ
2608 2588 2800 2657 χρήσει
2841 2604 2900 2639 τε
2950 2589 3045 2640 καὶ
3092 2588 3415 2659 εὐεργεσίᾳ,
3452 2590 3546 2641 καὶ
3572 2593 3638 2660 τῇ
3672 2590 3777 2661 ἰδίᾳ

2201 2674 2367 2729 αὐτοῦ
2394 2676 2599 2728 εἰκόνι·
2631 2676 2746 2727 ἀλλ’
2778 2676 2877 2728 ούκ
2919 2677 3212 2746 ἐνδέχεται.
3244 2678 3306 2729 Εἰ
3355 2678 3461 2747 γάρ
3505 2678 3778 2750 ὲνηνθρώ-

2203 2784 2376 2836 πηοεν
2399 2806 2414 2831 ,
2449 2767 2509 2819 οῦ
2555 2768 2712 2837 μόνον
2748 2766 2926 2838 σάρκα
2976 2768 3224 2837 εἴληφεν,
3266 2768 3403 2821 ἀλλά
3441 2769 3533 2821 καὶ
3576 2768 3775 2839 ψυχήν.

2202 2859 2367 2929 Δῆλον
2396 2858 2504 2928 γὰρ
2528 2858 2679 2911 ἐσται
2706 2858 2881 2911 τοῦτο.
2927 2859 3079 2911 Ἐπεὶ
3110 2860 3272 2913 πόθεν
3301 2859 3488 2929 ἔλεγεν
3512 2876 3529 2892 ⁸
3577 2860 3779 2925 Ἐξου-

2202 2951 2346 3003 σιάν
2382 2950 2500 3019 ἔχω
2532 2950 2740 3003 λαϐεῖν
2777 2950 2891 3017 τὴν
2919 2949 3131 3019 ψυχήν
3160 2969 3303 3020 μου,
3330 2953 3429 3007 καί
3464 2952 3647 3007 θεῖναι
3676 2955 3780 3007 ai)-

2200 3042 2345 3109 τήνς
2375 3042 2485 3111 Τὴν
2518 3042 2700 3094 πᾶσαν
2726 3041 2907 3095 τοίνυν
2940 3043 3322 3112 πραγματείαν
3360 3043 3778 3114 ἀναλεξάμενος.

2201 3133 2300 3205 τὴν
2347 3133 2600 3205 ῥηθεῖσαν
2656 3133 2762 3186 ὑπὸ
2808 3132 2899 3186 τοῦ
2939 3134 3290 3205 Δημιουργοῦ
3334 3135 3550 3199 εἰκόνα,
3605 3138 3784 3188 πᾶσαν

2203 3228 2585 3297 πραγματείαν
2619 3226 2927 3292 ἀνεδέξατο,
2966 3230 3022 3279 ὲν
3048 3227 3125 3297 τῷ
3156 3228 3364 3297 σώματι
3396 3228 3489 3282 καί
3521 3229 3662 3299 ψυχῇ
3697 3229 3785 3281 ἐλ-

2205 3319 2313 3371 θὼν
2355 3321 2383 3371 6
2427 3320 2631 3387 Λόγος,
2662 3320 2755 3374 καὶ
2789 3322 2847 3372 ὲν
2889 3321 3093 3382 ὁποίοις
3122 3321 3323 3373 ἅπασίν
3354 3323 3501 3374 ἐστιν
3529 3323 3557 3374 6
3581 3322 3789 3392 ἀνθρω-

2205 3427 2325 3473 πος.
2394 3410 2609 3464 Τούτων
2666 3411 2725 3464 δὲ
2790 3411 2964 3474 οὕτως
3023 3411 3388 3466 τελεσθέντων
3416 3454 3431 3477 ,
3493 3412 3789 3477 ὲξάπαντος

2206 3500 2531 3572 ἠμαύρωταί
2570 3518 2661 3553 σου
2698 3501 2757 3553 τὸ
2779 3502 3125 3573 δηλητήριον,
3156 3505 3249 3556 καὶ
3279 3502 3443 3556 ἔπεσὲ
3471 3520 3564 3555 σου
3591 3506 3624 3573 ἡ
3662 3505 3792 3558 στά-

2207 3613 2290 3657 σις
2325 3596 2357 3665 ἡ
2388 3594 2751 3665 ἀθεμελίωτος
2778 3634 2794 3661 ,
2846 3594 2920 3664 μὴ
2973 3594 3170 3663 ἔχουσα
3212 3595 3376 3665 πῆξιν
3423 3595 3794 3666 ἑδραιώματος

2205 3686 2469 3759 ἀληθείας

2279 3782 2351 3833 Ε’.
2390 3781 2451 3833 Εἰ
2477 3780 2534 3834 δὲ
2578 3781 2673 3834 καὶ
2711 3780 2746 3834 ἃ
2778 3780 2957 3850 βούλει
2997 3780 3295 3852 λαμϐάνεις
3342 3780 3452 3835 ἀπὸ
3494 3782 3596 3853 τῆς
3640 3780 3790 3845 θείας

2209 3872 2474 3941 Γραφῆς,
2531 3873 2626 3926 καὶ
2673 3872 2711 3925 ἀ
2768 3872 2946 3943 βούλει
2999 3872 3468 3940 καταλιμπάνεις·
3508 3874 3615 3945 ἄρα
3663 3873 3795 3942 γοῦν

2211 3961 2403 4032 κριτὴς
2453 3962 2789 4033 προκαθίσας
2830 3962 2851 3993 ³
2876 4002 2892 4026 ,
2922 3962 3019 4031 οὐχ
3054 3963 3395 4033 ἑρμηνευτὴς
3432 3962 3541 4015 τῶν
3590 3963 3792 4032 νόμων,

2212 4054 2347 4108 ἀλλά
2397 4053 2654 4121 ὲκλογεὺς
2707 4054 2815 4108 τῶν
2852 4053 2913 4107 οὐ
2954 4052 3095 4106 κατὰ
3132 4054 3224 4106 τὸν
3256 4054 3381 4107 νοῦν
3431 4070 3524 4106 σου
3561 4052 3795 4122 γραφέν-

2212 4162 2320 4199 των
2346 4189 2361 4212 ,
2408 4146 2544 4199 ἀλλά
2572 4146 2742 4200 ὅντων
2770 4145 2869 4217 μὲν
2907 4144 3177 4215 ἀληθινῶν
3198 4183 3213 4209 ,
3250 4146 3399 4216 παρὰ
3430 4146 3513 4198 σοὶ
3549 4146 3605 4198 δὲ
3634 4161 3796 4215 μετα-

2214 4236 2549 4309 ποιηθέντων
2572 4236 2804 4306 ψευδῶς,
2841 4238 2938 4291 καὶ
2968 4236 3111 4291 κατά
3133 4237 3222 4290 τὸν
3246 4237 3370 4290 νοῦν
3402 4240 3499 4308 τῆς
3525 4238 3625 4307 σῆς
3655 4238 3799 4290 ἀπά-

2212 4345 2342 4399 της,
2373 4329 2469 4381 καὶ
2505 4328 2613 4383 τῶν
2645 4327 2749 4381 ὑπὸ
2781 4328 2874 4381 σοῦ
2916 4328 3302 4399 ἠπατημένων.
3355 4329 3415 4381 Et
3453 4328 3509 4381 δὲ
3540 4328 3633 4381 καὶ
3663 4329 3799 4391 ὅλως

2214 4418 2383 4481 κακὸς
2414 4419 2644 4489 ποιητὴς
2691 4421 2759 4472 τὰ
2792 4418 3026 4471 ἐνταῦθα
3078 4419 3403 4489 εἰργάσατο,
3451 4418 3592 4488 φημὶ
3622 4417 3679 4470 δὲ
3708 4418 3798 4470 τὸν

2217 4511 2441 4583 κόσμον,
2472 4510 2613 4574 τίνος
2641 4511 2803 4564 ἕνεκα
2835 4507 2999 4583 ἦλθεν
3031 4514 3060 4564 ὁ
3103 4511 3211 4564 ἀπὸ
3243 4508 3449 4578 ἀγαθοῦ
3481 4509 3691 4579 Πατρὸς
3720 4511 3797 4571 εἰς

2213 4601 2362 4655 τόνδε
2389 4582 2479 4655 τὸν
2522 4602 2730 4668 αἰῶνα;
2764 4602 2873 4655 Καὶ
2922 4603 2969 4655 εἰ
3010 4603 3106 4672 μὲν
3140 4602 3226 4653 ἵνα
3261 4598 3408 4671 σώσῃ
3454 4599 3796 4668 ἀνθρώπους,

2213 4692 2323 4764 ἄρα
2350 4692 2459 4747 τῶν
2490 4693 2636 4751 ἰδίων
2673 4692 3069 4764 ἐπεμελήσατο,
3108 4691 3202 4744 καὶ
3240 4691 3423 4743 οὐκέτι
3465 4689 3623 4753 ἄλλος
3655 4690 3742 4760 εἴη
3774 4690 3802 4741 6

2212 4783 2572 4854 δημιουργόςο
2608 4786 2655 4838 εἰ
2696 4784 2753 4837 δὲ
2782 4785 2843 4837 ού
2893 4784 3002 4837 τῶν
3035 4782 3180 4837 ἰδίων
3215 4781 3496 4853 προενόει,
3553 4780 3800 4850 βούλεται

2212 4873 2270 4926 δὲ
2302 4875 2360 4927 ὲν
2396 4876 2508 4937 τοῖς
2554 4873 2855 4945 ἀλλοτρίοις
2887 4872 3240 4945 ἐπεμϐαίνειν
3263 4915 3278 4939 ,
3313 4875 3409 4929 καὶ
3440 4885 3511 4928 τά
3537 4876 3639 4929 οὐκ
3672 4876 3800 4929 ὄντα

2213 4963 2363 5035 αὐτῷ
2426 4964 2709 5028 διασώζειν
2742 4982 2755 4995 '
2818 4964 2852 5037 ἢ
2916 4963 3081 5028 κόλαξ
3154 4965 3274 5017 ἐστὶ
3332 4966 3445 5029 τοῖς
3503 4964 3801 5036 ἀλλοτρίοις

2218 5056 2639 5129 προσλιπαρῶν,
2681 5057 2715 5128 ἢ
2759 5055 3037 5120 κενόδοξος
3063 5094 3078 5120 ,
3108 5056 3196 5110 ἵνα
3240 5056 3503 5128 κρείττων
3531 5054 3625 5109 τοῦ
3667 5055 3802 5109 Κτί-

2220 5165 2347 5201 στου
2374 5151 2515 5219 φανῇ
2537 5188 2552 5213 ,
2584 5148 2719 5218 πρὸς
2750 5147 2821 5201 τά
2851 5147 3104 5218 ἀλλότρια
3132 5146 3168 5200 ἃ
3194 5147 3479 5211 διασώζειν
3521 5149 3799 5218 πειρᾶται,

2218 5242 2325 5293 τῶν
2359 5241 2503 5294 ἰδίων
2534 5240 2609 5311 μὴ
2638 5240 2953 5310 ἐφιέμενοςο
2986 5240 3081 5294 καὶ
3119 5240 3301 5293 οὐκέτι
3326 5239 3476 5293 ἔσται
3513 5240 3765 5312 ἀληθινός
3788 5257 3799 5270 ο

2220 5334 2254 5404 ἢ
2287 5335 2367 5387 ὅτι
2403 5334 2622 5405 μέτριός
2651 5335 2769 5386 ἐστι
2799 5331 2940 5385 κατὰ
2969 5332 3048 5395 σὲ,
3081 5325 3127 5385 ὧ
3158 5332 3405 5404 ἀγύρται,
3436 5334 3529 5387 καὶ
3560 5333 3635 5405 μὴ
3664 5333 3802 5403 ἔχων

2222 5428 2400 5481 κτίσιν
2431 5423 2625 5479 ἑαυτοῦ
2648 5464 2664 5490 ,
2702 5424 2773 5478 τὰ
2812 5423 3066 5494 ἀλλότρια
3093 5422 3400 5494 ἐπιθυμῶν,
3426 5424 3598 5478 ταῦτα
3637 5425 3800 5495 συλᾷν

2225 5521 2502 5590 πειρᾶται,
2527 5517 2636 5571 ἀπὸ
2670 5516 2779 5570 τῶν
2805 5514 3099 5585 ἀλλοτρίων
3134 5513 3323 5585 ἐαυτῷ.
3354 5515 3800 5587 περιποιούμενος

2222 5608 2399 5680 ψυχὰς
2428 5611 2527 5674 τὰς
2560 5610 2660 5664 οὐκ
2696 5606 2860 5672 οὔσας
2902 5605 3065 5662 αὐτοῦ
3102 5607 3195 5660 καὶ
3225 5604 3320 5660 τοῦ
3359 5607 3524 5661 αὑτοῦ
3565 5606 3795 5679 Πατρός.

1170 5765 1187 5794 ¹
1214 5763 1371 5820 Joan.
1419 5782 1470 5832 κ,
1505 5769 1585 5824 18.
1668 5770 1686 5800 ³
1718 5767 1875 5826 Forte
1913 5767 2302 5840 προύκάθισας.
