4186 6374
391 442 497 496 829

1066 438 1435 496 ADVERSUS
1479 438 1823 498 ΙΙᾹΞΒΕΞΕΒ
1855 439 1982 495 LIB.

2108 440 2273 496 ΤΟΜ.
2316 439 2498 494 lll.—-
2526 436 2801 494 IIASRES.
2845 435 3029 493 XLlV.

3579 428 3685 486 850

393 562 454 614 Εἰ
482 560 540 613 δὲ
588 558 755 613 αὑτοῦ
805 558 902 629 μέν
934 559 1071 611 εἰσιν
1102 562 1158 612 αί
1185 558 1353 630 ψυχαὶ
1378 600 1393 623 ,
1423 560 1517 613 καὶ
1548 560 1754 614 ἄνωθεν
1800 560 1985 613 ἐλθοῦ-

2102 560 2227 614 nihil
2267 560 2334 613 ad
2374 574 2435 614 se
2476 559 2559 613 vel
2609 557 2894 612 Parentem
2942 570 3104 610 suunt
3152 552 3448 624 pertinent,
3492 560 3687 603 contra

394 669 483 704 σαι
519 650 797 720 φαίνονται
824 689 839 712 ,
870 649 979 721 ἄρα
1008 651 1090 712 εἰς
1119 649 1324 715 ἀγαθὸν
1363 650 1567 720 κόσμον
1597 648 1988 719 ἀπεστάλησαν

2102 653 2180 716 ius
2228 650 2422 720 fasque
2473 648 2776 703 vindicare.
2823 646 2981 712 Quod
3030 646 3074 701 si
3123 645 3356 714 propriae
3397 649 3526 698 sunt
3565 642 3687 711 ejus

394 743 546 815 παρὰ
572 741 666 794 τοῦ
701 739 907 795 ἄνωθεν
938 740 1082 794 κατὰ
1121 740 1181 791 σὲ
1212 739 1419 809 ἀγαθοῦ
1452 738 1613 805 Θεοῦ,
1642 740 1739 793 καὶ¹
1768 740 1869 793 οὐκ
1911 741 1993 802 είς

394 834 631 906 πονηρὸν
681 833 864 906 ἔργον.
916 834 980 886 Ei
1032 832 1089 885 δὲ
1141 832 1531 902 ἀπεστάλησαν
1561 874 1571 896 ,
1604 833 1693 886 διά
1731 850 1855 886 τινα
1893 832 1991 902 μὲν

395 928 623 999 χρῆσιν,
659 925 726 996 ῆν
759 926 900 996 τάχα
951 925 1307 997 μυθοποιεῖς,
1356 923 1697 980 εἰσελθοῦσαι
1744 926 1801 979 δὲ
1858 942 1990 995 μετ-

393 1019 590 1071 έπεσον
620 1020 701 1081 εἰς
734 1018 927 1088 ἑτέραν
948 1034 961 1047 ·
990 1017 1270 1070 τουτέστιν
1298 1018 1385 1070 ἵνα
1407 1017 1615 1071 δίκαιόν
1638 1035 1689 1071 τι
1717 1016 1988 1089 πράξωσι,

395 1110 631 1180 πονηρὸν
670 1109 727 1161 δὲ
760 1108 1087 1179 εἰργάσαντο
1108 1146 1123 1170 ,
1154 1106 1453 1178 ὀφθήσεται
1482 1108 1510 1159 ὁ
1549 1106 1866 1169 ἐπιστείλας
1894 1106 1992 1158 αὐ-

393 1204 494 1265 τὰς
520 1201 828 1274 πρόγνωσιν
861 1200 927 1254 ἂν
963 1200 1038 1272 μὴ
1082 1200 1241 1271 ἔχων.
1289 1201 1508 1271 Ἐπειδὴ
1534 1200 1644 1272 γὰρ
1671 1198 1991 1253 ἀπέστειλεν

396 1294 568 1357 αὑτὰς
594 1293 661 1347 δι’
694 1293 882 1365 ἕτερον
904 1333 919 1357 ,
950 1293 1044 1346 καὶ
1077 1293 1267 1365 ἕτερόν
1307 1310 1360 1345 τι
1410 1293 1716 1364 εὑρέθησαν
1755 1292 1993 1363 ἐργασά-

402 1404 583 1457 μεναι.
613 1387 684 1438 Ἢ
721 1386 884 1439 πάλιν
933 1386 1029 1439 ὲάν
1083 1386 1273 1456 εἴπῃς,
1308 1386 1388 1439 ὃτι
1423 1387 1483 1439 οὐ
1527 1386 1670 1439 κατὰ
1703 1385 1800 1455 τὴν
1825 1382 1991 1437 αὑτοῦ

401 1480 657 1550 βούλησιν
722 1478 1047 1550 ἐληλύθασιν
1080 1519 1094 1540 ,
1166 1478 1303 1532 ἀλλὰ
1360 1479 1502 1532 κατὰ
1558 1476 1848 1550 τυραννίδα
1898 1475 1991 1528 τοῦ

399 1571 847 1641 ἀφαρπάζοντος·
872 1569 983 1641 ἄρα
1013 1569 1232 1640 ἰσχυρός
1260 1571 1409 1625 ἐστιν
1433 1574 1461 1625 ὁ
1493 1569 1734 1634 κτισθεὶς
1760 1568 1866 1621 ὑπὸ
1898 1567 1992 1621 τοῦ
2010 1608 2022 1625 .

402 1663 607 1731 ἀγαθοῦ
637 1663 772 1717 Θεοῦ
802 1663 1040 1734 πονηρὸς
1086 1663 1419 1735 δημιουργὸς
1469 1663 1621 1735 παρὰ
1660 1661 1751 1714 τὸν
1790 1660 1993 1729 ἀγαθὸν

399 1756 557 1819 Θεὸν,
587 1757 670 1809 ὅτι
698 1756 768 1809 τὰ
796 1756 962 1809 αὐτοῦ
988 1757 1302 1827 ὑπάρχοντα
1332 1755 1666 1827 άφαρπάξας
1698 1754 1989 1825 ἐχρήσατο.

402 1851 572 1904 Πόθεν
622 1851 679 1903 δὲ
732 1850 793 1903 οὐ
829 1850 1186 1922 διελεγχθήσῃ
1211 1890 1226 1915 ,
1267 1847 1434 1903 αὐτοῦ
1479 1846 1576 1900 τοῦ
1606 1845 1861 1916 Σωτῆρος
1890 1845 1995 1915 φά-

2091 743 2310 807 θιιὶιιιιε,
2337 750 2502 811 atque
2531 759 2561 795 e
2590 742 2731 795 coelo
2763 739 3001 809 delapsa:
3030 738 3305 800 videntur,
3336 749 3683 804 consequens

2090 841 2197 899 est,
2226 849 2321 889 eas
2359 849 2391 887 a
2434 848 2693 903 supremo
2724 833 2975 901 bonoque
3005 828 3116 884 Deo
3159 830 3382 892 missas,
3414 836 3469 881 et
3505 827 3557 880 in
3590 826 3689 881 bo-

2092 940 2223 978 num
2265 922 2530 978 mundum
2567 921 2909 976 introductas
2952 920 3142 974 fuisse.
3179 920 3357 988 Atque
3397 925 3453 970 ut
3484 916 3687 971 missas

2092 1016 2217 1071 illas
2249 1015 2317 1070 ad
2348 1030 2509 1071 usum
2539 1014 2773 1083 aliquem
2802 1012 3029 1075 fateare,
3056 1026 3216 1079 quem
3249 1017 3365 1063 tute
3392 1007 3679 1062 confinxe-

2090 1108 2192 1173 ris,
2217 1108 2310 1163 ubi
2351 1115 2535 1163 autem
2577 1106 2843 1177 ingressae
2890 1112 3021 1160 sunt
3066 1102 3332 1157 aliorsum
3374 1098 3686 1164 deﬂexisse,

2096 1207 2229 1270 puta
2275 1205 2334 1253 ut
2368 1198 2519 1268 juste
2546 1195 2757 1266 aliquid
2801 1202 3029 1264 agerent
3084 1193 3395 1256 immissas,
3451 1188 3677 1245 sceleris

2092 1289 2377 1361 quidpiam
2417 1296 2799 1357 perpetrasse;
2829 1286 2921 1356 qui
2969 1300 3064 1340 eas
3105 1283 3363 1354 allegavit
3392 1280 3530 1335 nihil
3575 1295 3695 1335 om-

2099 1382 2233 1437 nino
2265 1379 2585 1450 praavidisse
2637 1378 2924 1433 videbatur
2945 1418 2960 1442 ,
2993 1392 3120 1432 cum
3152 1374 3382 1429 alterius
3409 1372 3489 1428 rei
3515 1372 3692 1444 gratia

2093 1472 2328 1537 miserit,
2357 1486 2436 1527 ea:
2471 1487 2601 1526 vero
2631 1469 2912 1525 contraria
2946 1468 3129 1523 omnia
3179 1464 3559 1538 praestiterint.
3596 1462 3693 1516 Sin

2095 1581 2161 1621 eo
2190 1565 2503 1636 confugias,
2548 1574 2609 1618 ut
2656 1564 2807 1619 illius
2857 1563 3096 1632 injussu,
3141 1576 3206 1616 ac
3251 1558 3486 1629 raptoris
3515 1566 3696 1628 tyran-

2095 1658 2225 1712 nide
2255 1666 2477 1713 coactas
2510 1656 2727 1711 venisse
2763 1656 3107 1726 pronunties,
3144 1653 3306 1724 plane
3340 1658 3560 1705 creatus
3604 1649 3694 1701 ille

2096 1763 2128 1802 a
2182 1748 2326 1803 bono
2381 1747 2491 1802 Deo
2537 1750 2718 1802 malus
2763 1745 2956 1801 artifex
3000 1746 3146 1799 bono
3184 1744 3304 1815 ipso
3342 1740 3455 1795 Deo
3502 1738 3697 1793 fortior

2097 1835 2411 1891 censendus
2450 1844 2555 1896 est.
2603 1835 2698 1906 qui
2735 1851 2857 1905 qua:
2899 1835 2967 1888 ad
2999 1833 3160 1887 illum
3200 1833 3544 1903 pertinebant
3581 1831 3697 1885 viov

404 1962 625 2008 σκοντος
645 1986 660 2009 ,
691 1945 773 1997 ὅτι
814 1912 1141 2008 Ἔξόυσίαν
1159 1912 1295 2010 Tam
1324 1940 1439 2009 τὴν
1465 1940 1681 2009 ψυχήν
1720 1912 1841 2008 nim
1876 1912 1993 1992 θεῖ-

2102 1927 2273 1982 lenter
2299 1934 2488 1996 erepta
2518 1929 2584 1981 ad
2610 1942 2744 1982 usus
2784 1943 2916 1982 suos
2940 1926 3245 1980 transtulit.
3277 1923 3478 1980 Verum
3513 1938 3698 1978 nonne

401 2053 523 2095 ναι,
554 2033 655 2088 καὶ
690 2033 901 2087 λαϐεῖν
933 2033 1130 2097 αὐτήν
1155 2051 1167 2063 ο
1197 2032 1272 2095 ὡς
1295 2030 1461 2084 αὐτοῦ
1498 2031 1597 2101 μὲν
1630 2029 1807 2100 ψυχὴν
1846 2029 1997 2099 εἰλη-

403 2124 600 2192 φότος,
638 2124 729 2176 καὶ
775 2122 992 2188 θέντος,
1036 2122 1131 2176 καὶ
1181 2121 1347 2175 πάλιν
1394 2120 1689 2183 λαϐόντοςο
1739 2119 1841 2171 οὐκ
1896 2118 1995 2171 ἁλ-

401 2217 619 2287 λοτρίαν
656 2212 795 2271 εἶναι
833 2215 932 2288 τὴν
960 2214 1138 2287 ψυχὴν
1161 2254 1176 2281 ,
1214 2214 1309 2268 καὶ
1340 2213 1533 2285 ἐτέρου
1567 2211 1923 2285 δημιουργοῦ.

441 2512 448 2521 ⁸
476 2506 643 2561 Πάλιν
671 2506 727 2560 δὲ
754 2506 1109 2578 εὑρεθήσεται
1138 2507 1342 2577 ἀγαθὸν
1376 2506 1537 2579 σῶμα
1568 2508 1770 2580 φορῶν.
1791 2511 1866 2564 Οὐ
1888 2511 1999 2584 γὰρ

406 2600 472 2652 ἂν
520 2598 875 2670 πεισθήσεται
922 2600 1126 2668 ἀγαθός
1172 2618 1256 2664 τις
1305 2601 1542 2673 χρῆσθαι
1574 2602 1797 2673 πονηρῷ
1826 2603 1997 2675 ἔργῳ,

405 2689 492 2742 ἵνα
529 2689 603 2761 μὴ
638 2691 746 2744 ἀπὸ
769 2690 863 2744 τοῦ
898 2692 1147 2762 μετέχειν
1179 2693 1383 2763 μέρους
1403 2692 1497 2746 τοῦ
1526 2693 1765 2765 πονηροῦ
1790 2698 1884 2749 καὶ
1904 2697 2003 2749 αὐ-

403 2781 496 2845 τὸς
538 2782 905 2852 χρανθήσεται
950 2785 1017 2854 τῇ
1066 2784 1168 2853 τῆς
1218 2785 1519 2856 ὲπιμίξεως
1560 2787 1815 2858 πονηρίᾳ.
1848 2790 1911 2841 Εἰ
1944 2789 2001 2841 δὲ

406 2874 501 2925 καὶ
550 2873 713 2937 αὐτὸς
759 2874 1046 2945 ἀνέστησε,
1072 2876 1199 2944 λέγε
1253 2894 1367 2947 μοι,
1399 2878 1452 2930 τί
1501 2879 1587 2933 ἵνα
1633 2884 1836 2955 ποιήσῃ
1865 2883 2004 2953 μετὰ

404 2964 705 3019 ἀνάστασιν
734 2967 829 3019 καὶ
859 2967 989 3029 αὐτὸ
1015 2968 1177 3023 πάλιν
1207 2969 1570 3024 καταλέλοιπε
1620 2974 1851 3044 μερίσας
1891 2978 2003 3037 τοῖς

406 3057 669 3127 τέσσαρσι
718 3058 1023 3130 στοιχείοις,
1058 3060 1136 3131 τῷ
1189 3060 1379 3133 θερμῷ
1425 3063 1488 3116 τὸ
1540 3063 1761 3135 θερμὸν,
1795 3065 2003 3138 καὶτῷ

405 3150 601 3222 ψυχρῷ
647 3151 709 3205 τὸ
756 3152 986 3223 ψυχρὸν,
1018 3154 1112 3206 καὶ
1161 3153 1241 3223 τῷ
1292 3153 1443 3225 ξηρῷ
1473 3155 1535 3208 τὸ
1570 3155 1753 3229 ξηρὸν,
1783 3159 1875 3211 καὶ
1927 3159 2005 3230 τῷ

2098 2026 2152 2074 ιε
2185 2035 2291 2073 vox
2320 2019 2438 2089 ipsa
2465 2018 2772 2075 Salvatoris
2796 2018 3079 2074 evidenter
3105 2018 3358 2088 coarguit
3391 2035 3402 2071 :
3442 2016 3695 2070 Potesta—

2099 2120 2203 2166 tem
2260 2111 2426 2166 habeo
2490 2110 2718 2182 ponendi
2778 2112 3013 2165 animant
3075 2129 3279 2177 meam,
3341 2120 3391 2165 et
3451 2107 3697 2163 sumendi

2099 2203 2291 2259 illam?
2334 2204 2494 2274 quasi
2539 2205 2777 2257 animam
2832 2204 2923 2258 ille
2969 2204 3288 2275 sumpserit,
3326 2218 3389 2256 ac
3426 2201 3693 2271 posuerit,

2100 2293 2395 2363 denaoque
2424 2294 2729 2364 receperit;
2763 2301 2822 2346 ut
2858 2308 2967 2347 non
3001 2294 3179 2348 aliena
3209 2308 3332 2349 esse
3361 2292 3570 2355 anima,
3603 2298 3697 2344 aut

2101 2386 2257 2442 alteri
2278 2384 2460 2457 opifici
2488 2384 2783 2441 tribuenda
2807 2384 3077 2441 videatur.

2171 2500 2310 2555 lllud
2332 2501 2494 2556 etiam
2515 2503 2784 2570 sequitur,
2806 2500 3012 2555 bonum
3044 2499 3177 2554 illud
3196 2499 3451 2555 habuisse
3471 2512 3696 2568 corpus.

2102 2592 2293 2663 Neque
2314 2594 2458 2648 enim
2479 2594 2796 2662 persuaderi
2835 2594 2977 2647 bono
3005 2593 3244 2662 cuipiam
3274 2600 3478 2663 potest,
3521 2590 3690 2661 386

2104 2687 2306 2740 malum
2335 2693 2394 2739 ut
2422 2701 2560 2753 opus
2588 2684 2654 2738 ad
2692 2700 2854 2739 usum
2896 2685 3151 2742 adhibeat
3176 2702 3188 2738 :
3218 2700 3287 2739 ne
3316 2685 3445 2739 dum
3472 2684 3600 2736 mali
3635 2685 3694 2735 tit

2105 2778 2401 2849 particeps,
2438 2775 2806 2846 improbitatis
2838 2791 2902 2831 ac
2936 2775 3194 2845 nequitia:
3222 2774 3548 2846 contagione
3580 2772 3699 2843 pol—

2106 2871 2309 2923 luatur.
2370 2865 2491 2921 Jam
2542 2882 2713 2930 vero,
2779 2867 2825 2923 si
2889 2868 3120 2937 ipsemet
3185 2883 3387 2937 corpus
3442 2864 3699 2920 excitavit

2109 2977 2293 3024 suum,
2349 2961 2486 3015 cedo
2540 2959 2672 3030 quid
2710 2975 2775 3014 eo
2818 2966 2940 3029 post
2998 2960 3461 3015 resurrectionem
3508 2957 3691 3011 facere

2106 3054 2473 3110 decreverat?
2501 3060 2598 3106 aut
2629 3067 2731 3105 cur
2774 3052 2972 3107 iterum
3008 3052 3141 3106 illud
3178 3052 3424 3121 reliquit.
3450 3049 3698 3119 atquein

2106 3155 2343 3217 quatuor
2373 3145 2643 3200 elementa
2670 3145 2909 3214 partitus
2940 3153 3045 3210 est,
3088 3144 3223 3199 adeo
3257 3150 3317 3197 ut
3338 3141 3576 3195 calidum
3605 3155 3699 3194 ca-

408 3242 561 3314 ὑγρῷ
587 3243 649 3296 τὸ
678 3245 875 3315 ὑγρόν;
901 3246 963 3297 Εἰ
992 3245 1103 3316 γάρ
1131 3246 1354 3317 ἤγειρεν
1379 3247 1532 3311 αὐτὸ,
1561 3248 1645 3301 ἵνα
1678 3249 1840 3302 πάλιν
1870 3251 2000 3304 αὐτὸ

2108 3240 2239 3307 lido,
2270 3239 2469 3309 frigido
2504 3240 2785 3311 frigidum,
2815 3239 2963 3294 sicco
3004 3239 3235 3301 siccum,
3280 3235 3562 3289 humidum
3602 3234 3699 3287 huc

407 3336 565 3407 λύσῃ,
595 3336 702 3408 ἄρα
722 3337 1167 3409 δραματουργίας
1192 3339 1251 3392 τὺ
1275 3339 1434 3410 ἔργον
1460 3340 1619 3394 τοῦτο
1652 3342 1758 3412 είη,
1785 3344 1879 3396 καὶ
1901 3344 2001 3397 οὐκ

407 3428 929 3501 ἀληθείας.Ἥγειρε
973 3429 1031 3483 δὲ
1080 3431 1214 3485 αὐτὸ
1261 3434 1289 3486 ὁ
1334 3430 1539 3503 Κύριος
1589 3432 1749 3503 ήμῶν
1793 3434 2002 3506 Ἰησοῦς

409 3520 663 3591 Χριστὸς,
695 3521 790 3574 καὶ
820 3522 1245 3594 συμπαρέλαϐεν
1270 3522 1470 3594 ἐαυτῷ,
1495 3525 1631 3595 ὅπερ
1660 3525 2005 3580 ἀνεπλάσατο

409 3614 488 3678 εἰς
521 3614 714 3667 ἑαυτὸν
760 3614 920 3685 σῶμα
970 3617 1067 3669 σὺν
1113 3617 1259 3687 ψυχῇ
1295 3617 1388 3670 καὶ
1414 3618 1563 3689 πάσῃ
1592 3618 2005 3691 ἐνανθρωπήσει

408 3705 799 3771 τελειωτάτως.
820 3708 1037 3779 Ἐπειδὴ
1072 3708 1182 3780 γὰρ
1210 3710 1552 3775 συνεκάθισε,
1578 3712 1721 3766 κατὰ
1748 3712 1840 3765 τὸν
1870 3715 2005 3769 ἁπο-

415 3799 660 3852 στολικὸν
683 3799 838 3869 λόγον
853 3842 867 3866 ,
894 3802 976 3855 ὃτι
991 3802 1045 3854 '0
1065 3803 1207 3869 Θεὸς
1235 3802 1453 3872 ἤγειρε,
1472 3804 1573 3858 καὶ
1597 3805 2005 3862 συνεκάθισεν

415 3889 484 3942 ἐν
507 3889 633 3955 τοῖς
663 3890 1077 3959 ἐπουρανίοιςο
1110 3893 1187 3955 ὡς
1218 3893 1591 3965 μαρτυροῦσιν
1636 3897 1685 3948 oi
1731 3895 1825 3948 δύο
1866 3898 1917 3949 οἱ
1946 3899 2005 3951 ὲν

417 3981 605 4052 ἐσθῆτι
652 3982 881 4055 λαμπρᾷ
928 3984 1184 4053 ὀφθέντες
1216 3986 1556 4051 ἀποστόλοις,
1590 3987 1666 4053 ὡς
1715 3988 1964 4058 λέγουσιν
1988 4006 2002 4021 ο

420 4074 661 4143 Ἄνδρες
699 4076 1032 4141 Γαλιλαῖοι,
1065 4078 1124 4131 τί
1160 4078 1458 4148 ἑστήκατε
1502 4079 1870 4147 ἀτενίζοντες
1918 4084 2006 4148 εἰς

415 4167 523 4220 τὸν
545 4168 842 4235 οὐρανύν;
881 4168 1080 4235 Οὕτως
1114 4170 1449 4238 ἐλεύσεται,
1484 4171 1556 4226 ὃν
1580 4174 1806 4242 τρόπον
1841 4172 1999 4228 ἐθεά-

415 4262 611 4315 σασθε
633 4258 822 4314 αὑτὸν
843 4260 1436 4332 ἀναλαμϐανόμενον.

485 4545 576 4610 ς’.
620 4543 732 4596 Καὶ
765 4543 851 4596 ἵνα
880 4542 955 4615 μὴ
977 4542 1138 4597 πάλιν
1159 4542 1289 4615 δοθῇ
1317 4560 1399 4597 σοι
1427 4543 1703 4616 πρόφασις
1738 4544 2005 4616 πονηρίας

414 4634 557 4687 κατὰ
587 4636 687 4706 τῆς
710 4635 989 4706 ἀληθείας,
1030 4637 1168 4706 μετὰ
1213 4636 1403 4708 χρόνον
1443 4638 1612 4690 πολὺν
1637 4637 1739 4707 τῆς
1765 4638 1859 4691 τοῦ
1892 4639 2004 4691 Σω-

412 4727 579 4799 τῆρος
610 4726 767 4797 ήμῶν
809 4726 1157 4799 ἀναλήψεως,
1191 4730 1464 4797 Στέφανος
1492 4731 1520 4783 ὁ
1545 4728 1699 4799 ᾶγιος
1718 4729 1815 4783 τοῦ
1866 4731 2002 4784 Θεοῦ

416 4819 635 4890 μάρτυρ
669 4818 1024 4890 λιθαζόμενος
1065 4820 1171 4873 ὑπὸ
1214 4821 1323 4873 τῶν
1350 4822 1623 4876 Ἰουδαίων
1645 4822 2002 4894 ἀπεκρίνατο,

414 4909 623 4979 λέγων·
673 4910 818 4964 Ἰδοὺ
860 4909 977 4978 ὁρῶ
1020 4910 1130 4964 τὸν
1171 4913 1438 4980 οὐρανὸν
1466 4913 1866 4983 ἀνεῳγμένον,
1905 4917 2005 4972 καὶ

416 5002 524 5056 τὸν
579 5004 714 5056 Υἱόν
758 5002 864 5057 τοῦ
910 5002 1229 5071 ἀνθρώπου
1277 5004 1509 5060 ἑστῶτα
1542 5007 1612 5060 ἐκ
1643 5006 1860 5072 δεξιῶν
1900 5010 2008 5064 τοῦ

417 5096 674 5162 Πατρός·
706 5095 792 5147 ἵνα
815 5094 964 5170 δείξῃ
990 5096 1121 5152 αὐτὸ
1141 5096 1203 5148 τὸ
1230 5095 1391 5168 σῶμα
1411 5100 1467 5152 ὲν
1488 5098 1716 5171 ἀληθείᾳ
1738 5102 1819 5164 είς
1842 5117 2006 5156 πνευ-

419 5186 649 5256 ματικὸν
691 5186 918 5257 ἀνιστᾷν
963 5187 1061 5240 σὺν
1108 5186 1326 5258 θεότητι
1357 5188 1451 5241 τοῦ
1497 5191 1858 5261 Μονογενοῦς,
1886 5192 2005 5246 ὅλον

415 5278 496 5339 εἰς
538 5276 910 5347 πνευματικὸν
937 5278 1155 5343 ἐνωθὲν,
1187 5280 1283 5333 καὶ
1312 5281 1393 5342 είς
1426 5280 1653 5349 θεότητα
1684 5284 2002 5354 συνηνωμέ-

415 5371 684 5422 νον.Ἀνω
707 5369 764 5422 δὲ
788 5370 919 5423 αὐτὸ
947 5370 1008 5423 τὸ
1042 5370 1195 5441 ἆγιον
1227 5371 1386 5446 σῶμα
1417 5373 1516 5425 σὺν
1542 5375 1607 5446 τῇ
1641 5373 1858 5446 θεότητι
1884 5377 2004 5440 ὅλος

414 5461 568 5526 Θεὸς,
595 5456 676 5526 εἷς
695 5462 822 5527 Υἱὸς
841 5464 876 5515 ὁ,
900 5464 1053 5533 ἆγιος
1080 5462 1174 5517 τοῦ
1205 5464 1365 5527 Θεοῦ,
1382 5464 1744 5537 καθεζόμενος
1772 5470 1829 5521 ἐν
1855 5469 2005 5541 δεξιᾷ

414 5554 511 5609 τοῦ
549 5554 764 5627 Πατρός
783 5569 796 5582 ·
833 5556 909 5620 ὡς
945 5556 1059 5627 ἔχει
1089 5557 1183 5611 καὶ
1207 5556 1268 5611 τὸ
1290 5558 1385 5611 τοῦ
1413 5558 1643 5631 Μάρκου
1672 5560 2004 5629 Εὐαγγέλιον

417 5648 644 5703 καὶτῶν
675 5648 850 5705 ἄλλων
884 5649 1287 5720 εὐαγγελιστῶν
1313 5666 1327 5683 ⁸
1364 5651 1473 5706 Καὶ
1507 5652 1778 5724 ἀνῆλθεν
1800 5658 1890 5726 εὶς
1910 5659 2000 5712 air

496 5899 512 5930 ¹
538 5899 737 5971 Epltcs.
776 5916 837 5968 ιι,
869 5899 920 5955 6.
1000 5903 1015 5933 ²
1048 5901 1167 5956 Act.
1211 5916 1248 5969 ι,
1294 5901 1376 5955 ll.
1458 5901 1476 5932 ³
1510 5899 1630 5957 Act.
1672 5917 1765 5967 ru,

2105 3331 2251 3385 mido
2295 3332 2649 3394 restitueret;
2694 3344 2821 3382 nam
2857 3329 2901 3383 si
2945 3328 3079 3382 illud
3135 3327 3411 3382 excitabat
3449 3324 3593 3389 ideo,
3637 3333 3697 3378 ut

2106 3422 2308 3476 iterum
2333 3420 2682 3484 dissolveret,
2724 3435 2822 3489 per
2854 3418 3043 3474 ludum
3078 3419 3182 3473 hoc
3215 3418 3436 3483 fecisse,
3469 3432 3577 3471 non
3616 3432 3701 3471 se-

2106 3518 2189 3573 rio
2218 3533 2282 3570 ac
2305 3517 2448 3571 bona
2485 3516 2591 3571 ﬁde
2624 3516 2919 3572 videbitur.
2977 3515 3268 3571 Enimvero
3313 3514 3578 3569 Dominus
3613 3511 3700 3569 Je-

2110 3626 2207 3665 sus
2237 3610 2495 3665 Christus
2546 3610 2798 3681 idipsum
2850 3610 3143 3675 excitavit;
3195 3623 3419 3679 corpus,
3453 3609 3700 3679 inquam,

2106 3700 2287 3771 ipsum
2329 3701 2480 3771 quod
2530 3702 2800 3756 formarat
2846 3701 2952 3758 sibi
2982 3717 3092 3755 una
3130 3717 3256 3756 cum
3291 3702 3474 3755 anima
3524 3708 3679 3755 crete-

2105 3799 2293 3865 risque
2338 3795 2540 3864 quibus
2581 3796 2822 3851 hominis
2878 3806 3073 3849 natura
3116 3802 3356 3858 constat,
3394 3792 3683 3864 perfectis—

2107 3888 2245 3943 sime
2270 3903 2464 3943 rursus
2492 3888 2810 3958 assumpsit.
2842 3888 3001 3954 Cum,
3026 3887 3396 3958 utApostolus
3428 3886 3695 3956 loquitur.

2112 3979 2458 4044 consederit,
2483 3980 2955 4051 quandoquidem,
2988 3979 3136 4035 Deus
3164 3980 3315 4034 illum
3340 3980 3601 4033 revocavit
3630 3976 3700 4030 ad

2108 4071 2288 4136 vitam,
2314 4080 2365 4123 et
2396 4072 2451 4123 in
2476 4072 2775 4125 caelestibus
2806 4070 3107 4137 consedit‘,
3138 4071 3189 4125 id
3222 4069 3369 4140 quod
3409 4071 3571 4124 ambo
3596 4070 3698 4135 illi,

2107 4160 2202 4229 qui
2236 4160 2293 4213 in
2321 4168 2477 4216 veste
2507 4162 2795 4231 Splendida
2820 4163 3091 4232 apostolis
3118 4160 3388 4216 videndos
3422 4176 3545 4215 sese
3570 4177 3701 4230 pra:-

2107 4254 2360 4318 buerant,
2416 4253 2569 4309 hisce
2615 4256 2797 4311 verbis
2850 4257 3037 4312 testati
3086 4264 3217 4312 sunt
3257 4274 3270 4310 :
3318 4254 3431 4308 Viri
3460 4254 3695 4317 Galilwi.

2108 4343 2236 4414 quid
2272 4347 2430 4400 statis
2468 4348 2782 4416 aspicientes
2814 4350 2867 4402 in
2897 4350 3130 4405 emtum?
3161 4347 3251 4404 Sic
3291 4349 3477 4416 veniet,
3516 4365 3700 4419 quem—

2108 4438 2398 4493 admodum
2428 4438 2635 4494 vidistis
2666 4457 2785 4493 eunt
2814 4441 3179 4496 ascendentem
3197 4444 3237 4497 ².

2181 4549 2270 4605 Vl.
2311 4551 2494 4623 Atque
2529 4559 2590 4606 ut
2634 4554 2815 4608 omnis
2859 4555 2956 4609 tibi
3012 4554 3415 4610 calumnianda:
3449 4555 3701 4612 veritatis

2110 4646 2332 4700 occasio
2358 4646 2810 4716 praecluderetur,
2850 4647 2949 4703 diu
2996 4662 3123 4718 post
3168 4653 3550 4705 ascensionem
3592 4648 3697 4703 Do-

2112 4736 2246 4789 mini
2302 4746 2531 4793 sanctus
2583 4738 2676 4792 ille
2726 4737 2821 4792 Dei
2880 4748 3089 4811 martyr
3132 4740 3468 4811 Stephanus,
3512 4757 3636 4796 cum
3670 4758 3700 4793 ιι

2048 4884 2051 4887 λ
2111 4826 2319 4883 Judatis
2365 4828 2646 4899 lapidibus
2686 4830 3037 4895 obrueretur,
3072 4834 3142 4888 ita
3184 4834 3401 4889 locutus
3435 4843 3563 4889 est:
3613 4834 3701 4889 Vi-

2110 4921 2208 4975 deo
2242 4921 2430 4975 cwlum
2458 4933 2722 4989 apertum,
2779 4934 2829 4977 et
2876 4924 3082 4979 Filium
3134 4927 3361 4981 hominis
3406 4937 3635 4981 stantem
3665 4945 3701 4981 a

2116 5012 2321 5067 dextris
2354 5012 2539 5068 Patris
2570 5015 2613 5081 ³,
2658 5025 2716 5068 ιιι
2750 5018 3062 5073 ostenderet
3116 5034 3317 5089 corpus
3353 5018 3536 5089 ipsum
3575 5035 3700 5075 sur-

2112 5106 2341 5173 rexisse,
2360 5124 2488 5162 vere
2518 5108 2573 5161 in
2596 5110 2843 5178 spiritale
2869 5120 3159 5174 mutatum,
3179 5127 3243 5165 ac
3266 5128 3389 5165 cum
3426 5110 3700 5183 Unigeniti

2111 5199 2403 5255 divinitate
2442 5200 2828 5269 coniunctum.
2885 5202 3042 5268 Quod
3086 5204 3227 5257 idem
3278 5216 3698 5260 sacrosanctum

2113 5292 2169 5346 in
2200 5293 2344 5357 caelo
2374 5308 2580 5362 corpus
2605 5311 2731 5350 cum
2765 5296 2883 5364 ipsa
2913 5296 3202 5350 divinitate
3238 5302 3387 5350 totus
3420 5295 3564 5351 Deus
3593 5306 3697 5365 est,

2111 5393 2167 5440 et
2198 5402 2342 5441 unus
2383 5394 2727 5458 sanctusque
2773 5388 2866 5443 Dei
2914 5386 3108 5454 Filius,
3139 5386 3207 5441 ad
3240 5386 3418 5444 Patris
3448 5387 3700 5445 dextram

2110 5477 2431 5541 consideus,
2459 5480 2922 5549 quemadmodum
2962 5491 3071 5535 tam
3116 5477 3307 5547 Marci,
3342 5497 3507 5551 quam
3538 5491 3703 5538 ca:te-

2112 5584 2301 5623 rorutn
2335 5568 2631 5639 Evangelia
2658 5578 2934 5626 testantur
2966 5592 2979 5628 :
3016 5571 3086 5625 Et
3132 5573 3369 5628 ascendit
3414 5575 3471 5628 in
3513 5576 3697 5639 caelos,

2110 5669 2161 5715 et
2200 5659 2334 5714 sedit
2373 5661 2429 5719 in
2470 5660 2692 5717 dextera
2742 5662 2929 5718 Patris
2957 5663 2997 5718 ⁸.
3062 5665 3141 5720 lta
3194 5674 3285 5721 tua
3314 5666 3408 5721 illa
3451 5675 3701 5723 tuorum-

1962 5901 1985 5933 δ
2012 5899 2180 5957 Marc.
2221 5917 2332 5968 nr,
2371 5902 2460 5969 [9:
2509 5901 2637 5960 Luc.
2676 5920 2820 5970 XXIV,
2864 5904 2955 5959 5t.
