4186 6374
518 389 621 450 351

1951 398 2012 456 S.
2058 397 2405 454 EPIPHANII

3704 396 3810 455 859.

520 523 627 577 que
668 506 970 565 falsissima
1021 510 1298 568 sententia
1352 525 1421 568 ex
1475 511 1628 569 omni
1682 521 1840 585 parte
1888 515 2103 570 convel-

2208 514 2458 582 ρανοὺς,
2504 515 2604 568 καὶ
2654 513 2940 568 ἐκάθισεν
2961 514 3031 568 ἐν
3059 514 3227 583 δεξιᾷ
3267 515 3374 571 τοῦ
3414 516 3662 584 ιιατρός.
3699 516 3810 570 Καὶ

521 602 671 658 litur.

591 777 748 844 Quod
812 796 942 836 vero
994 791 1338 838 mortuormn
1389 785 1454 839 ad
1496 784 1958 838 resurrectionem
1989 798 2115 854 spe-

519 879 654 937 ctat,
717 875 843 930 audi
893 877 1024 946 quid
1075 877 1372 947 Apostolus
1413 881 1581 933 dicat.
1617 879 1854 948 Oportet,
1905 880 2110 950 inquit,

519 969 867 1038 corruptibile
895 970 993 1024 hoc
1019 972 1240 1027 induere
1275 974 1748 1043 incorruptionem,
1791 983 1840 1027 et
1888 972 2112 1026 mortale

518 1065 615 1114 hoc
645 1061 864 1116 induere
885 1063 1346 1118 immortalitatem
1391 1065 1433 1120 ¹.
1475 1065 1592 1122 Nisi
1623 1066 1770 1121 enim
1795 1066 1941 1137 quod
1973 1081 2114 1120 mor-

522 1153 631 1209 tale
663 1161 750 1208 est
787 1154 1257 1211 immortalitatem
1293 1157 1546 1213 indueret
1580 1158 1896 1230 aliquando,
1930 1169 1986 1214 et
2021 1159 2106 1212 in-

515 1245 926 1316 corruptionem
960 1246 1108 1316 quod
1157 1257 1241 1302 est
1282 1248 1662 1319 corruptibile,
1722 1264 2004 1320 nunquam
2041 1249 2108 1305 ad

516 1340 828 1396 obeundam
887 1351 1122 1397 mortem
1213 1343 1542 1399 immortalis
1616 1344 1983 1408 accessisset,
2051 1353 2111 1399 ut

512 1443 751 1503 corpore
784 1447 888 1486 suo
917 1448 1109 1502 ptenas
1164 1435 1520 1504 expenderet,
1552 1451 1618 1490 ac
1659 1435 1957 1492 defunctus
1995 1443 2110 1492 ter-

515 1525 592 1577 tia
627 1525 716 1579 die
748 1523 913 1595 387
945 1535 1278 1598 resurgeret,
1315 1535 1369 1582 et
1397 1544 1522 1582 cum
1545 1529 1841 1583 divinitate
1875 1543 1998 1594 sua,
2043 1543 2108 1583 ac

513 1617 704 1686 gloria:
750 1618 1045 1688 splendore
1082 1620 1288 1690 pariter
1332 1620 1466 1676 illud
1517 1621 1760 1688 efferret,
1812 1629 1871 1676 ut
1914 1638 1978 1677 ex
2013 1621 2107 1676 be-

514 1708 684 1780 nigno
710 1709 806 1764 illo
832 1710 1115 1775 convictu,
1159 1713 1568 1785 praesentiaque
1599 1730 1721 1780 sua,
1753 1729 1916 1784 quam
1944 1713 2105 1770 nobis

515 1803 780 1860 hactenus
848 1805 1228 1876 impertierat,
1292 1823 1478 1862 veram
1539 1824 1694 1881 spem
1757 1809 2104 1878 solidamque

2215 605 2554 677 πανταχόθεν
2587 605 2926 659 διαπεσεῖταί
2957 624 3050 659 σου
3083 608 3177 660 καὶ
3209 607 3317 661 τῶν
3349 607 3454 661 ὑπὸ
3478 607 3571 660 σοῦ
3600 608 3811 662 πεπλα-

2214 698 2468 769 νημένων
2498 698 2526 750 ὁ
2551 698 2799 770 ἀγύρτης
2831 699 3008 768 λόγος.

2286 796 2397 850 Καὶ
2436 795 2565 868 περὶ
2593 795 2804 867 νεκρῶν
2835 796 3188 861 ἀναστάσεως
3223 798 3388 852 ἄκουε
3420 796 3515 851 τοῦ
3551 795 3808 851 Ἀποστά-

2213 887 2328 953 λου,
2357 887 2630 956 λέγοντος,
2665 887 2748 940 ὅτι
2792 885 2895 940 Δεῖ
2932 887 2996 940 τὸ
3042 887 3308 956 φθαρτὸν
3335 887 3513 942 τοῦτο
3547 887 3806 942 ἐνδύσα-

2215 986 2355 1038 σθαι
2378 981 2744 1051 ἀςρθαρσίαν,
2780 982 2877 1035 καὶ
2932 982 3000 1035 τὸ
3055 981 3278 1049 θνητὸν
3327 983 3506 1037 τοῦτο
3550 983 3807 1038 ἐνδύσα-

2213 1078 2352 1128 σθαι
2380 1073 2743 1129 ἀθανασίαν.
2776 1073 2839 1126 Ei
2873 1073 2948 1143 μὴ
2983 1073 3091 1143 γὰρ
3124 1073 3317 1144 ἔμελλε
3350 1074 3411 1128 τὸ
3438 1075 3629 1145 θνητὸν
3658 1075 3808 1128 ἐνδύ-

2215 1166 2414 1220 σασθαι
2444 1166 2767 1231 ἀθανασίαν,
2793 1166 2888 1227 καὶ
2913 1166 2973 1219 τὸ
2997 1165 3238 1239 φθαρτὸν
3259 1166 3582 1222 ἐνδύσασθαι
3603 1168 3808 1238 ἀφθαρ-

2215 1258 2356 1323 σίαν,
2389 1258 2489 1313 ούκ
2536 1257 2603 1312 ἂν
2658 1259 2688 1312 ὁ
2732 1257 3001 1322 ἀθάνατος
3037 1258 3220 1312 θανεῖν
3248 1254 3432 1330 ἦλθεν,
3461 1260 3548 1313 ἵνα
3577 1261 3635 1313 ὲν
3661 1259 3806 1330 αύτῷ

2211 1351 2384 1422 πάθῃ,
2412 1351 2508 1404 καὶ¹
2542 1349 2831 1421 κοιμηθεὶς
2864 1348 2927 1402 τὸ
2957 1350 3256 1421 τριήμερον
3287 1350 3518 1418 ἀναστῇ,
3549 1350 3644 1403 καὶ
3676 1366 3802 1402 συν-

2212 1443 2480 1515 ανενέγκῃ
2514 1443 2573 1495 ὲν
2603 1441 2754 1514 αύτῷ
2781 1445 2848 1514 τῇ
2879 1440 3093 1512 θεότητι
3126 1442 3220 1496 καὶ
3247 1445 3314 1513 τῇ
3344 1442 3508 1496 αὑτοῦ
3530 1442 3656 1514 δόξῃ
3676 1459 3688 1470 ·
3717 1442 3802 1495 ἵνα

2213 1535 2278 1588 ἐκ
2311 1534 2411 1604 τῆς
2435 1532 2601 1588 αὑτοῦ
2636 1532 2848 1604 ἀγαθῆς
2879 1532 3015 1604 πρὸς
3045 1535 3192 1604 ἡμᾶς
3218 1531 3478 1603 ὲνδημίας
3503 1532 3602 1603 τὴν
3625 1533 3806 1586 πᾶσαν

2214 1626 2404 1680 ἐλπίδα
2456 1627 2826 1697 κατάσχωμεν
2873 1628 2930 1679 ἐν
2963 1625 3214 1698 ἀληθεία,
3247 1626 3564 1689 ὑποδεικνὺς
3611 1623 3804 1679 ἑαυτὸν

2210 1719 2380 1774 τύπον
2431 1722 2585 1791 ἡμῖν,
2622 1721 2717 1774 καὶ
2763 1720 3062 1792 ἀρραϐῶνα
3113 1722 3193 1786 είς
3239 1720 3430 1774 ἐλπίδα
3478 1721 3579 1792 τῆς
3623 1720 3805 1790 πάσης

2216 1809 2364 1882 ζωῆς
2395 1811 2803 1883 πραγματείας.

511 1899 932 1966 concipercmus
959 1941 976 1966 ,
1033 1917 1160 1956 cum
1219 1918 1342 1958 sese
1388 1905 1550 1960 nobis
1577 1905 1645 1960 ad
1675 1921 1798 1962 eam
1839 1904 1966 1960 vita:
2002 1903 2554 1979 immortalitatisque
2590 1908 2844 1964 fiduciam
2920 1907 3390 1964 corroborandam
3441 1909 3590 1964 velut
3619 1924 3805 1964 exent-

511 1994 655 2063 plar,
692 2002 748 2048 et
777 1994 1145 2052 arrhabonem
1184 1998 1532 2067 prmbuissct.

584 2088 692 2144 VII.
734 2089 859 2146 llaec
884 2107 1007 2146 cum
1055 2092 1130 2146 ita
1182 2109 1304 2150 sese
1355 2096 1610 2165 habeant,
1663 2112 1842 2168 eoque
1879 2112 1910 2152 a
1951 2097 2103 2153 nobis

2287 2097 2360 2150 Z'.
2404 2092 2626 2148 Τούτων
2677 2093 2735 2147 δὲ
2784 2092 2958 2156 οὕτως
3004 2091 3236 2162 ἐχόντων
3264 2092 3358 2145 καὶ
3397 2090 3691 2162 ῥηθέντων,
3721 2091 3806 2154 τίς

511 2183 676 2238 modo
727 2183 1013 2254 disputata
1054 2185 1187 2250 sint,
1228 2188 1360 2257 quid
1409 2191 1605 2244 attinet
1634 2191 1688 2245 in
1718 2191 1988 2246 vilissimo
2011 2191 2106 2246 illo

509 2277 808 2343 crabrone,
843 2294 1005 2348 quem
1031 2292 1296 2348 mpyrum
1340 2290 1561 2349 vocant,
1611 2282 1975 2354 profligando,
2017 2285 2105 2338 vel

511 2369 672 2423 aliter
695 2370 1024 2440 occupando
1077 2371 1299 2441 ingenio
1360 2372 1570 2430 hmrere
1616 2375 1866 2432 diutius?
1930 2375 2102 2430 Suum

509 2461 657 2514 enim
716 2477 816 2532 per
861 2476 984 2516 sese
1042 2463 1293 2516 aculeum
1349 2465 1618 2534 perdidit;
1685 2481 1751 2521 ac
1808 2467 2103 2522 contictum

510 2555 659 2608 velut
695 2570 722 2606 a
758 2555 1094 2612 circulatore
1131 2557 1353 2628 dogma,
1405 2573 1507 2613 nec
1563 2559 1632 2613 ab
1682 2559 1916 2614 aliorum
1955 2575 2106 2614 som-

512 2646 622 2700 niis
671 2647 928 2704 diversus
963 2664 1124 2704 error
1159 2651 1380 2704 abunde
1418 2651 1832 2706 demonstratus
1859 2659 1964 2707 est.
1998 2650 2104 2706 Fe-

513 2748 644 2791 runt
693 2740 841 2792 enim
899 2741 1357 2797 molestissimum
1408 2744 1539 2798 illud
1575 2745 1861 2800 crabronis
1904 2761 2100 2816 genus,

509 2827 659 2898 quod
701 2843 966 2902 zopyrum
1000 2835 1304 2903 appellant,
1336 2837 1530 2890 aculeo
1559 2837 1796 2906 quodam
1832 2846 2102 2892 armatum

508 2935 654 2986 esse,
696 2932 970 2979 venenato
1021 2926 1116 2980 illo
1165 2929 1412 2999 quidem,
1470 2931 1566 2985 sed
1617 2931 1855 3002 exiguo,
1900 2932 2105 3001 quique

511 3010 658 3065 haud
694 3012 926 3067 multum
961 3015 1172 3074 doloris
1207 3019 1462 3085 incutiat,
1493 3029 1546 3075 et
1579 3037 1645 3076 ex
1683 3035 1786 3074 suo
1825 3021 2104 3076 nihilomi-

510 3115 618 3156 nus
651 3115 853 3172 genere
887 3105 960 3160 sit
988 3117 1316 3163 venenatus.
1355 3113 1433 3164 Ac
1465 3111 1510 3164 si
1545 3111 1670 3180 quis
1708 3111 1848 3166 forte
1883 3120 2106 3182 praeter-

510 3195 696 3248 eundo
745 3196 985 3254 latebras
1039 3200 1189 3258 illius
1221 3203 1521 3274 nidumque
1553 3205 1741 3260 diruat
1771 3224 1785 3273 ;
1822 3222 1987 3276 quem
2017 3207 2105 3261 in-

509 3293 597 3341 ter
642 3286 872 3346 frutices
910 3306 974 3345 ac
1017 3293 1305 3352 densiores
1353 3297 1554 3352 herbas
1599 3297 1706 3353 favi
1745 3299 1937 3366 instar,
1976 3308 2102 3354 tan-

509 3394 676 3448 quam
709 3380 764 3434 in
793 3383 1021 3449 alveari,
1051 3388 1353 3452 construit,
1392 3390 1579 3459 ibique
1611 3391 1822 3446 semine
1852 3392 2103 3448 immisso

513 3470 658 3526 fetus
684 3475 931 3530 excludit
964 3496 976 3531 :
1012 3478 1107 3533 sed
1143 3481 1187 3534 si
1225 3481 1353 3550 quis
1383 3481 1563 3536 viator
1598 3484 1795 3539 baculo
1829 3485 1912 3540 vel
1951 3487 2101 3556 virga

508 3565 688 3632 favos,
720 3567 800 3620 uti
828 3567 1095 3636 diximus,
1127 3571 1482 3639 demoliatur,
1535 3575 1728 3632 furens
1779 3577 1930 3633 illico
1973 3595 2104 3649 pro-

511 3657 721 3726 rumpit
760 3673 886 3714 acer
932 3661 1024 3717 ille
1075 3664 1320 3733 quidem,
1367 3666 1464 3720 sed
1521 3667 1830 3726 imbecillus
1877 3673 2098 3728 crabro.

513 3749 652 3803 Tum
690 3751 933 3807 vicinum
966 3755 1189 3825 aliquod
1223 3773 1420 3813 saxum
1452 3760 1731 3832 lignumve
1765 3774 1985 3832 nactus,
2021 3767 2100 3820 ira

509 3851 822 3900 exaestuans
853 3861 920 3902 eo
946 3863 1070 3901 cum
1098 3849 1302 3920 impetu
1340 3850 1537 3920 fertur,
1571 3869 1636 3909 ac
1659 3855 1872 3912 silicem
1897 3860 2100 3925 tundit,

510 3942 607 3988 aut
637 3934 866 4006 lignum.
911 3937 1124 4004 Quibus
1161 3955 1290 3996 cum
1338 3952 1535 3998 noceat
1583 3946 1741 4012 nihil,
1785 3962 1849 4004 ac
1892 3965 1961 4004 ne
2004 3950 2103 4005 ho-

510 4027 645 4081 mini
691 4028 953 4098 quidem,
1001 4035 1360 4102 quantumvis
1419 4045 1650 4108 pungat,
1707 4040 1854 4094 aliud
1905 4049 2102 4112 praeter

510 4117 854 4175 levissimum
914 4121 1160 4180 dolorem
1223 4125 1459 4194 inferat,
1524 4145 1719 4185 saxum
1781 4148 1912 4187 vero
1967 4134 2102 4188 nihil

508 4210 766 4276 obltcdat,
795 4215 1050 4270 aculeum
1082 4217 1187 4271 sibi
1219 4217 1443 4274 interim
1473 4224 1704 4288 excutit,
1749 4223 1937 4294 itaque
1979 4242 2102 4280 mo-

508 4303 672 4357 ritur.
714 4303 804 4358 Sie
837 4307 927 4359 illa
974 4309 1255 4364 simillima
1299 4313 1489 4384 zopyri
1529 4315 1822 4371 crabronis
1849 4317 2100 4383 haeresis,

507 4395 612 4449 levi
643 4395 830 4452 dolore
858 4398 1090 4466 inﬂicto,
1138 4401 1192 4456 in
1241 4411 1477 4472 petram,
1523 4405 1627 4460 hoc
1663 4417 1748 4462 est
1788 4409 2100 4478 veritatem,

511 4487 827 4554 incurrens,
858 4499 912 4545 et
950 4494 1202 4548 aculeum
1239 4495 1547 4567 infringens
1579 4501 1918 4556 enecahitur.
1954 4501 2104 4559 Hanc

508 4580 678 4651 igitur
707 4592 1155 4653 praetergressus,
1191 4587 1256 4641 ad
1288 4588 1425 4644 alias
1454 4592 1760 4647 orationem
1791 4594 2097 4659 conferam,

508 4683 660 4728 certa
696 4674 791 4728 Dei
827 4676 1028 4731 ﬁducia
1079 4678 1275 4745 fretus,
1331 4680 1648 4738 institutum
1701 4700 1789 4741 me
1845 4701 1986 4757 opus
2033 4689 2103 4742 ad

507 4765 716 4820 exitum
744 4781 868 4822 esse
891 4767 1316 4836 perducturum.

825 4861 1287 4948 38800NTRA
1328 4879 1784 4950 SEVEBIANOS,

790 4988 923 5056 Qua:
953 5001 1031 5046 est
1061 4991 1275 5047 Itwresis
1305 4992 1412 5048 XX
1427 4994 1468 5049 V
1496 4997 1602 5052 sive
1641 4996 1814 5053 XLV.

575 5103 620 5158 l.
660 5103 766 5172 Qui
814 5107 1201 5175 superioribus
1232 5107 1342 5163 illis
1386 5109 1639 5179 proxime
1689 5126 1718 5164 a
1769 5127 1855 5169 me
1919 5113 2098 5181 subji-

505 5197 738 5253 ciendus
769 5208 875 5262 est,
909 5199 993 5254 vel
1027 5197 1219 5254 iisdem
1261 5201 1601 5271 temporibus
1651 5203 1808 5268 vixit,
1857 5205 1940 5259 vel
1986 5206 2100 5260 sal-

509 5300 616 5343 tem
643 5297 729 5346 est
762 5297 922 5344 mtate
955 5306 1190 5362 suppar;
1245 5308 1424 5362 neque
1472 5293 1619 5348 enim
1669 5303 1886 5364 tempus
1917 5295 2096 5365 ipsum

507 5386 771 5435 accurate
795 5396 1240 5436 commemorare
1281 5397 1532 5452 possum,
1588 5383 1696 5439 nisi
1745 5385 1891 5453 quod
1927 5386 2096 5440 vicini

2210 2186 2291 2239 ἔτι
2332 2203 2423 2257 μοι
2471 2185 2630 2256 χρεία
2682 2184 2800 2237 ἐστὶ
2848 2183 3278 2254 κατατρίϐεσθαι
3331 2185 3460 2255 περὶ
3489 2183 3679 2236 τούτου
3709 2181 3803 2234 τοῦ

2209 2279 2465 2349 ζωπύρου
2499 2277 2754 2349 σφηκίου,
2787 2278 2883 2330 καὶ
2913 2277 3126 2340 οὐδενὸς
3163 2278 3316 2340 ὄντος
3343 2275 3658 2348 ἀνατροπῆς
3687 2274 3805 2327 ’ένε-

2208 2387 2302 2434 κα,
2338 2370 2370 2440 ἦ
2404 2369 2571 2439 ἄλλης
2596 2369 2742 2433 τινὸς
2773 2369 3192 2440 πραγματείας;
3219 2369 3337 2437 Ἀφ’
3369 2369 3564 2422 ἑαυτοῦ
3595 2368 3705 2438 γὰρ
3741 2367 3804 2420 τὸ

2208 2463 2434 2532 κέντρον
2476 2460 2760 2515 ἀπώλεσε·
2807 2462 2902 2516 καὶ
2946 2462 3368 2534 ἀπαράλλακτον
3403 2460 3569 2514 αὐτοῦ
3612 2461 3673 2513 τὸ
3703 2459 3803 2529 τῆς

2207 2553 2418 2624 πλάνης
2465 2553 2990 2625 παραπεποιημένον
3019 2554 3197 2624 δόγμα
3230 2552 3324 2606 καὶ
3367 2550 3677 2622 ἀγυρτῶδες
3718 2549 3806 2603 δέ·-

2205 2646 2435 2700 δεικται,
2470 2647 2608 2699 Φασὶ
2659 2647 2767 2717 γάρ
2820 2646 2881 2698 τὸ
2927 2645 3184 2718 ὀδυνηρὸν
3213 2645 3462 2717 σφηκίον,
3495 2644 3524 2696 ὃ
3551 2641 3803 2713 ζώπυρον

2206 2740 2352 2802 τινὲς
2377 2739 2733 2810 κεκλήκασιν,
2769 2739 2914 2808 ἔχειν
2953 2740 3050 2810 μὲν
3089 2741 3335 2810 κεντρίον
3369 2737 3572 2791 ἰοϐόλον
3605 2735 3800 2809 βραχὺ,

2208 2833 2569 2902 περιωδυνίαν
2614 2832 2817 2904 πολλὴν
2860 2833 2920 2884 ού
2971 2833 3332 2902 κεκτημένον,
3362 2830 3498 2884 ἀλλά
3538 2830 3678 2883 κατά
3703 2828 3802 2901 τὴν

2207 2927 2372 2980 αὐτοῦ
2417 2925 2650 2997 δύναμιν
2702 2925 2906 2980 ἰοϐόλον
2953 2925 3041 2978 ϐψ
3087 2926 3226 2978 ὲπάν
3258 2926 3314 2979 δέ
3345 2943 3429 2988 τις
3456 2923 3802 2996 διερχόμενος

2205 3018 2297 3071 τὸν
2331 3018 2495 3072 αὑτοῦ
2529 3019 2735 3087 φωλεὸν
2769 3019 2801 3090 ἢ
2837 3017 3032 3072 καλιὰν
3062 3018 3312 3072 καθέλοιο
3349 3019 3406 3071 ὲν
3438 3018 3548 3090 γὰρ
3578 3017 3803 3086 θάμνοις

2209 3109 2451 3180 βοτανῶν
2487 3115 2719 3164 ποιεῖται
2770 3111 2865 3164 καὶ
2916 3110 3110 3183 κηρίον
3146 3111 3302 3181 δίκην
3333 3109 3513 3180 ἐαυτῷ
3541 3109 3803 3180 σίμϐλους

2205 3203 2380 3267 τινὰς,
2419 3205 2477 3257 ὲν
2511 3199 2592 3267 οἷς
2625 3203 2874 3274 σίμϐλοις
2919 3202 3337 3272 ὲγκατατίθεται
3370 3202 3468 3274 τὴν
3503 3201 3669 3255 αὐτοῦ
3711 3219 3806 3270 γο-

2207 3299 2326 3366 νην,
2377 3297 2471 3350 καὶ
2527 3300 2762 3350 ποιεῖται
2813 3295 2993 3367 ἑαυτῷ
3041 3295 3107 3349 τά
3152 3299 3498 3367 γεννήματα·
3547 3297 3597 3349 εὶ
3637 3293 3695 3346 δέ
3719 3311 3803 3357 τις

2163 3453 2174 3470 .
2207 3388 2557 3461 διερχόμενος
2587 3388 2824 3462 ῥάϐδῳῆ
2855 3388 2998 3459 ξύλῳ
3020 3387 3180 3452 νύξας
3211 3387 3271 3441 τὸ
3304 3387 3514 3459 κηρίον,
3537 3386 3613 3451 ὡς
3644 3386 3801 3456 ἔφην,

2211 3481 2534 3544 καταϐάλοι,
2561 3481 2840 3552 ἐξέρχεται
2873 3478 3210 3550 θυμούμενον
3242 3478 3373 3530 αὐτὸ
3411 3477 3474 3548 δὴ
3525 3477 3586 3530 τὸ
3631 3474 3804 3530 δεινὸν

2211 3573 2330 3642 μὲν,
2362 3573 2592 3645 βληχρὸν
2621 3574 2678 3627 δὲ
2708 3575 2938 3645 σφηκίον
2964 3590 2976 3604 ⁸
3012 3572 3106 3625 καὶ
3134 3571 3230 3625 ἐὰν
3260 3569 3397 3643 εὕρῃ
3427 3570 3636 3641 πέτραν
3664 3568 3805 3637 πλη-

2211 3665 2323 3718 σίον
2350 3667 2382 3737 ἢ
2423 3664 2596 3731 ξύλον,
2631 3666 2740 3720 ἀπὸ
2767 3665 2858 3719 τοῦ
2895 3662 3274 3736 ὲμπλήσαντος
3298 3662 3458 3715 αὑτὸν
3486 3658 3659 3731 θυμοῦ
3691 3659 3804 3730 {Eoi--

2209 3754 2286 3825 ζῳ
2327 3755 2426 3824 μὲν
2472 3756 2760 3823 ἐφίσταται
2796 3755 2890 3807 καὶ
2919 3754 3085 3824 ὁρμᾷ,
3124 3752 3218 3806 καὶ
3240 3751 3388 3804 παίει
3421 3751 3522 3820 τὴν
3553 3749 3760 3820 πέτραν
3785 3765 3800 3780 ο

2209 3848 2304 3902 καὶ
2330 3847 2430 3918 τὴν
2465 3847 2564 3917 μὲν
2596 3845 2804 3919 πέτραν
2830 3846 2982 3900 οὐδὲν
3008 3844 3204 3910 ἀδικεῖ,
3233 3842 3355 3896 οὔτε
3383 3841 3442 3895 τὸ
3474 3841 3651 3908 ξύλον,
3677 3840 3802 3896 οὕτε

2212 3940 2319 4011 μὴν
2348 3940 2437 3994 τὸν
2465 3940 2777 4012 ἄνθρωπον,
2806 3939 2908 3994 κάν
2947 3957 3006 3992 τε
3033 3937 3210 4006 δάκοι,
3245 3936 3385 3990 ἀλλά
3429 3935 3566 4008 πρὸς
3611 3935 3802 4007 ὀδύνην

2207 4032 2396 4104 ὀλίγην
2449 4033 2602 4087 οὐδὲν
2653 4033 2848 4096 ἀδικεῖ,
2886 4032 3123 4104 μάλιστα
3155 4031 3255 4100 τὴν
3287 4030 3517 4100 πέτραν,
3560 4027 3696 4083 ἀλλά
3741 4027 3804 4082 τὸ

2213 4126 2310 4196 μὲν
2347 4126 2574 4198 κέντρον
2611 4127 2898 4190 ἀπόλλυσι,
2927 4125 3022 4180 καὶ
3048 4124 3191 4178 οὕτω
3217 4123 3518 4196 φθείρεται,
3547 4125 3582 4194 ὴ
3609 4122 3667 4176 δὲ
3705 4122 3804 4175 πέ-

2207 4235 2314 4290 τρα
2347 4219 2500 4273 οὐδὲν
2527 4218 2918 4292 ἀδικηθήσεται
2958 4219 3063 4273 ὑπὸ
3105 4217 3202 4272 τοῦ
3227 4218 3491 4272 τοιούτου.
3517 4215 3679 4272 Οῦτω
3706 4216 3802 4270 καὶ

2208 4311 2347 4382 αῦτη
2382 4313 2414 4382 ἡ
2445 4311 2760 4382 σφηκιὼδης
2787 4311 3040 4384 ζωπύρου
3067 4311 3222 4384 δίκην
3251 4311 3451 4382 μικρὰν
3477 4309 3675 4380 ἔχουσα
3703 4309 3803 4380 τὴν

2211 4400 2576 4472 περιωδυνίαν
2608 4402 3055 4475 ἀνατραπήσεται
3103 4404 3171 4471 τῇ
3218 4401 3394 4474 πέτρᾳ
3443 4398 3801 4470 συντυχοῦσα,

2207 4494 2456 4547 τουτέστι
2483 4497 2548 4566 τῇ
2581 4494 2828 4566 ἀληθείᾳ,
2852 4494 2948 4548 καὶ
2971 4494 3032 4548 τὸ
3055 4494 3277 4565 κέντρον
3301 4492 3634 4547 ἀπολέσασα.
3656 4490 3802 4544 Ταύη

2207 4601 2307 4655 την
2323 4584 2380 4637 δὲ
2409 4584 2656 4652 διελθὼν,
2681 4588 2774 4640 ἐπὶ
2804 4585 2902 4649 τὰς
2928 4587 3122 4658 ἑτέρας
3143 4586 3302 4639 πάλιν
3326 4584 3633 4656 βαδιοῦμαι,
3663 4583 3804 4636 κατά

2208 4679 2307 4748 τὴν
2340 4677 2478 4731 Θεοῦ
2507 4679 2700 4732 ἐλπίδα
2727 4678 3020 4744 πιστεύων,
3051 4679 3132 4733 ὃτι
3163 4679 3226 4732 τὸ
3258 4677 3582 4750 ἐπάγγελμα
3604 4677 3661 4732 ἐν
3683 4674 3806 4748 Θεῷ

2211 4769 2319 4841 πλη
2325 4770 2656 4843 ρωθήσεται.

2661 4883 2845 4938 ΚΑΤΑ
2883 4883 3347 4951 ΣΕΥΗΡΙΑΝΩΝ,

2243 4997 2510 5068 Εἱκοστὴ
2532 4998 2795 5069 πέμπτη,
2827 5000 2865 5068 ἡ
2893 4997 2993 5052 καὶ
3019 4995 3478 5065 τεσσαρακοστὴ
3503 4994 3764 5064 πέμπτη.

2278 5111 2356 5166 A'.
2400 5113 2624 5177 Τούτοις
2657 5112 2892 5184 καθεξῆς
2938 5113 3131 5166 ἕπεται
3177 5113 3295 5182 ἦτοι
3327 5111 3646 5181 σύγχρονος,
3682 5109 3803 5180 ἦτοι

2209 5205 2363 5277 παρὰ
2393 5207 2482 5259 τὸν
2512 5207 2738 5278 χρόνον*
2763 5207 2864 5259 οὐκ
2893 5205 3001 5276 ἔχω
3036 5204 3146 5276 γὰρ
3190 5205 3318 5275 περὶ
3348 5203 3440 5257 τοῦ
3478 5203 3671 5274 χρόνου
3697 5201 3803 5254 αύ-

2205 5299 2316 5353 τῶν
2347 5299 2603 5368 ἀσφαλῶς
2634 5301 2835 5369 λέγειν,
2867 5298 3009 5368 πλὴν
3055 5297 3319 5367 σύνεγγυς
3365 5296 3610 5368 ἀλλήλων
3637 5291 3799 5367 ἦσαν.

2219 5392 2310 5456 ’.Ως
2337 5392 2393 5445 δὲ
2429 5393 2499 5446 τὰ
2525 5395 2604 5457 εἰς
2637 5395 2784 5464 ἡμᾶς
2812 5391 3035 5445 ἐλθόντα
3061 5391 3407 5461 διηγήσομαι.

509 5469 616 5525 sibi
672 5471 910 5529 invicem
978 5473 1332 5530 exstiterunt.
1396 5473 1529 5542 Quae
1583 5491 1714 5532 vero
1777 5477 1843 5532 ad
1895 5480 2219 5538 memoriam
2293 5494 2546 5542 nostram
2591 5493 2983 5558 pervenerunt,
3041 5499 3204 5556 quam
3278 5481 3595 5537 fidelissime
3656 5493 3804 5533 com-

509 5562 739 5632 plectar.

583 5653 820 5712 Severus
865 5658 1120 5727 quidam,
1157 5674 1189 5716 a
1221 5675 1330 5732 quo
1362 5659 1680 5718 Severianis
1711 5677 1907 5718 nomen
1945 5661 2094 5718 indi-

586 5832 604 5866 ²
637 5836 653 5890 l
685 5836 810 5891 Cor.
851 5855 918 5894 xv
976 5841 1044 5896 55

2283 5662 2523 5736 Σευῆρός
2548 5680 2632 5728 τις
2657 5660 2878 5732 ἀνέστη,
2907 5657 2969 5726 ἐξ
2992 5652 3162 5730 οὗπερ
3187 5658 3238 5712 oi
3263 5657 3585 5730 Σευηριανοὶ
3613 5657 3805 5712 καλούο
