4186 6374
377 336 480 393 835

1015 336 1387 395 ADVERSUS
1423 338 1768 397 HIERESES
1805 339 1935 397 LIB.

2064 339 2229 396 ΤΟΜ.
2263 339 2351 396 111.
2377 371 2447 381 -
2479 336 2756 395 ΙίίΕῐιΕΞ.
2795 336 2958 393 XLV.

3546 335 3654 392 836

375 467 550 522 μενοι,
577 448 815 522 καθεΞις
853 452 1221 522 συνεπόμενος
1251 452 1329 524 τῷ
1366 470 1749 525 προειρημενῳ
1772 453 1957 506 Ἀπελ-

2072 461 2187 507 ιιιιη
2239 462 2345 518 est,
2397 460 2523 524 post
2575 453 2820 524 Apellem
2866 452 3020 506 illum
3079 449 3301 521 prodiit.
3336 448 3511 519 Cujus
3539 452 3653 504 haec

370 541 620 615 ληῖανῷί.
636 542 716 596 Τὰ
741 543 798 595 δὲ
826 543 955 614 παρ’
970 542 1117 613 αὐτῷ
1141 542 1566 614 μυθολογήματα
1590 544 1766 598 ταῦτά
1792 545 1961 609 ἐστιν,

373 634 531 688 ἅτινα
568 634 748 705 μέλλω
777 634 978 703 λέγειν.
1010 635 1269 691 Βούλεταί
1295 654 1353 689 τε
1375 637 1470 690 καὶ
1497 636 1659 700 αὐτὸς
1682 639 1880 709 ἀρχαῖς
1903 656 1962 691 τε

371 727 467 779 καὶ
509 726 779 792 ἐξουσίαις
805 725 1154 797 ’προσάπτειν
1186 727 1285 798 τὴν
1317 728 1437 780 καθ’
1464 728 1612 798 ἡμᾶς
1644 728 1820 781 κτίσιν
1844 746 1857 759 ο
1886 727 1964 782 εί-

380 819 457 872 θαί
483 836 542 871 τε
579 822 635 871 ἐν
665 819 1094 890 ἀκατονομάστῳ
1124 820 1231 872 τιν)⁴
1262 819 1523 889 ἀνωτάτῳ
1545 838 1603 872 τε
1626 820 1842 891 οὐρανῷ
1867 821 1963 874 καὶ

372 908 527 962 αίῶνι
578 909 778 977 ἀγαθόν
814 925 935 962 τινα
977 908 1131 961 Θεόν.
1157 909 1260 962 Τὸν
1289 909 1346 963 δὲ
1385 909 1628 963 διάϐολον
1665 910 1778 964 υίδν
1823 905 1963 964 εἶναι

372 1001 568 1070 φάσκει
593 999 684 1053 τοῦ
723 1001 962 1071 μεγάλου
1009 1000 1271 1073 ἄρχοντος
1300 1001 1399 1071 τῆς
1431 1002 1538 1054 τῶν
1562 1002 1819 1069 ἐξουσιῶν
1865 1005 1962 1056 τά-

373 1093 527 1158 ξεως,
557 1085 601 1160 ᾧ
634 1094 804 1163 ὄνομα
830 1092 1039 1147 τίθεται
1066 1093 1142 1163 πὴ
1177 1093 1275 1164 μὲν
1303 1082 1653 1157 Ἰαλδαὸαὼθ,
1682 1093 1758 1165 πὴ
1785 1093 1842 1146 δὲ
1867 1094 1962 1146 Σα-

372 1183 542 1237 ϐαὼθ.
578 1183 780 1237 Τοῦτον
802 1184 858 1239 δὲ
884 1184 1211 1256 γεννηθέντα
1241 1184 1300 1249 ἐξ
1322 1184 1485 1238 αὑτοῦ
1509 1180 1649 1239 εἶναι
1670 1185 1793 1254 ὄφιν
1818 1202 1830 1213 ·
1854 1184 1961 1237 ἀπὸ

371 1277 428 1329 δὲ
452 1277 553 1347 τῆς
580 1278 691 1331 άνω
714 1276 997 1347 δυνάμεως
1023 1276 1462 1347 καταϐεὸλῆσθαι
1491 1276 1695 1348 είςιτὴν
1718 1277 1842 1347 γῆν,
1866 1277 1961 1330 καὶ

373 1368 773 1439 κατεληλυθότα
803 1370 1105 1441 ὀφιείκελον
1129 1370 1280 1435 ὄντα,
1313 1372 1393 1433 εὶς
1434 1363 1650 1440 οἶστρον
1695 1369 1959 1440 ἐληλακέ-

370 1478 480 1523 ναι,
511 1460 605 1514 καὶ
628 1464 693 1532 τῇ
727 1462 800 1532 Γῇ
834 1462 1093 1533 μεμίχθαι
1122 1462 1311 1534 ὥσπερ
1346 1462 1600 1531 γυναικί·
1634 1461 1726 1514 καὶ
1748 1461 1841 1513 ἀπ’
1867 1461 1963 1513 αὐ-

369 1553 465 1606 τοῦ
487 1552 580 1606 τοῦ
606 1554 915 1626 σπέρματος
943 1554 1528 1625 ἀποσπερματίσαντος
1553 1554 1651 1623 τῆς
1680 1554 1843 1622 γονῆς
1861 1553 1960 1624 τὴν

370 1646 614 1717 ἄμπελον
645 1646 1092 1717 βεϐλάστηκέναι.
1121 1646 1211 1699 Διὸ
1237 1645 1302 1716 δὴ
1329 1646 1642 1717 μυθολογῶν
1670 1648 1750 1709 εἰς
1780 1645 1960 1716 παρά-

373 1754 559 1790 στασιν
580 1738 679 1808 τῆς
707 1737 886 1791 αὐτῶν
915 1737 1204 1807 ληρῳδίας,
1233 1737 1294 1789 τὸ
1318 1737 1618 1805 ὸφιείκελον
1647 1737 1748 1806 τῆς
1773 1737 1956 1807 ἀμπέ-

2069 551 2202 598 sunt
2236 543 2439 600 fabulis
2472 560 2535 599 ac
2571 543 2875 600 mendaciis
2913 542 3116 597 referta
3146 542 3437 611 dogmata:
3464 539 3650 594 Mundi

2063 638 2333 706 originem
2396 638 2682 708 principiis
2720 637 2909 693 nescio
2958 636 3161 707 quibus
3196 652 3260 690 ac
3286 634 3655 706 potestatibus

2060 730 2290 797 tribuit;
2330 746 2455 786 esse
2506 746 2639 784 vero
2694 737 2955 797 praeterea
3006 744 3263 799 supremo
3308 730 3363 781 in
3408 728 3548 782 cmlo
3580 742 3644 781 ac

2064 821 2289 883 saeculo,
2341 820 2485 890 quod
2530 821 2803 874 nominari
2842 836 2950 873 non
2990 825 3190 888 potest,
3226 818 3427 871 bonum
3458 832 3651 886 quem-

2063 911 2189 964 dam
2224 911 2414 966 Deum.
2448 912 2730 966 Diabolum
2782 913 2964 982 magni
2997 910 3265 981 principis
3298 910 3466 962 tilium
3499 924 3644 967 esse.

2065 1000 2160 1068 qui
2210 1000 2582 1070 potestatibus
2643 1002 2923 1071 praesidet,
2974 1000 3135 1069 cujus
3196 1014 3393 1052 nomen
3445 998 3646 1064 partim

2061 1090 2414 1159 Jaldabaoth,
2451 1095 2652 1167 partim
2706 1093 2949 1149 Sabaoth
2985 1094 3244 1163 appellat,
3289 1107 3317 1145 a
3358 1108 3466 1161 quo
3497 1091 3650 1161 geni-

2059 1192 2151 1240 tus
2186 1185 2275 1241 ille
2304 1201 2534 1255 serpens
2572 1186 2814 1256 primum
2846 1186 2984 1250 fuit;
3019 1185 3147 1239 inde
3186 1185 3253 1238 ab
3287 1185 3497 1238 cmlesti
3533 1182 3650 1236 vir-

2061 1285 2177 1331 tute
2202 1277 2450 1346 dejectus
2485 1278 2540 1331 in
2579 1286 2783 1331 terram
2822 1292 2885 1331 ac
2921 1277 3203 1346 delapsus,
3240 1277 3511 1347 serpentis
3539 1275 3651 1329 for-

2066 1385 2176 1434 mo,
2225 1369 2466 1424 libidinis
2497 1369 2737 1425 stimulis
2765 1370 3007 1439 percitus
3037 1382 3160 1422 cum
3199 1368 3370 1423 Terra
3395 1385 3495 1424 ceu
3528 1386 3650 1422 mu-

2061 1462 2197 1517 l-iere
2241 1462 2478 1533 quadam
2518 1464 2671 1517 coiit.
2732 1461 2852 1527 Quo
2885 1477 2949 1516 ex
2990 1470 3109 1516 satu
3137 1461 3271 1516 vitis
3328 1462 3646 1531 pullulavit.

2064 1554 2218 1611 Unde
2253 1554 2321 1609 ad
2348 1554 2753 1610 conciliandam
2800 1553 2960 1623 nugis
3005 1553 3120 1606 suis
3156 1551 3340 1617 ﬁdem,
3383 1553 3646 1607 sinuosos

2057 1646 2252 1699 vitium
2291 1644 2483 1709 ﬂexus,
2526 1660 2591 1697 ac
2641 1643 2932 1708 rotundos,
2988 1650 3042 1697 et
3078 1644 3385 1711 cujusmodi
3418 1659 3649 1713 serpen~

2063 1736 2200 1791 tium
2234 1735 2399 1807 spira:
2431 1745 2584 1800 sunt,
2610 1736 2889 1805 obliquos,
2938 1735 3006 1788 ad
3046 1734 3181 1788 illud
3218 1734 3646 1805 signiﬁcandum

369 1829 463 1882 λου
499 1829 797 1901 περιφερὲς
828 1829 1118 1894 ἐκτυποῦν,
1153 1829 1326 1897 λέγων
1353 1829 1442 1882 διὰ
1470 1830 1529 1882 τὸ
1558 1829 1821 1899 σκαληνὸν
1859 1830 1953 1881 τοῦ

2066 1827 2334 1882 referunt.
2371 1827 2506 1880 Nam
2555 1828 2730 1881 albam
2774 1842 2907 1881 sane
2951 1828 3109 1881 vitem
3139 1828 3413 1897 serpentis
3454 1826 3647 1882 simili-

372 1921 542 1991 φυτοῦ
576 1917 715 1976 εἶναι
749 1921 881 1975 αὐτὸ
922 1921 1100 1991 ὄφεως
1127 1922 1283 1994 δίκην
1306 1941 1318 1953 ’
1356 1922 1452 1976 καὶ
1482 1921 1579 1992 τὴν
1622 1924 1720 1992 μὲν
1758 1922 1958 1993 λευκὴν

370 2010 510 2070 εἶναι
546 2014 621 2078 ὡς
653 2014 795 2084 ὅφιν,
830 2014 929 2085 τὴν
961 2013 1016 2066 δὲ
1059 2012 1320 2083 μέλαιναν
1363 2013 1437 2076 ὡς
1467 2012 1756 2083 δράκοντα.
1803 2007 1957 2064 Εἶναι

368 2108 427 2161 δὲ
466 2108 560 2161 καὶ
591 2106 690 2171 τὰς
723 2106 898 2177 ράγας
926 2106 1025 2176 τῆς
1052 2104 1300 2175 ἀμπέλου
1330 2104 1521 2174 ὥσπερ
1565 2103 1645 2156 ἰοῦ
1687 2102 1958 2174 ῥαθάμιγ-

368 2217 490 2269 γας,
517 2199 691 2253 εῐτουν
723 2199 1009 2267 σταγόνας,
1034 2197 1122 2251 διὰ
1154 2196 1214 2250 τὸ
1239 2195 1570 2261 κυκλοειδές,
1607 2197 1640 2267 ἢ
1673 2197 1737 2249 τὸ
1768 2197 1957 2267 μείου-

372 2309 464 2363 ρον
497 2292 593 2345 xat‘t
620 2290 853 2361 διαμφὲς
881 2290 1114 2345 ἑκάστου
1147 2289 1315 2361 ῥαγὸς
1346 2290 1803 2361 στρογγυλώσεως
1822 2309 1835 2322 ο
1865 2291 1958 2346 τὸν

366 2383 426 2436 δὲ
453 2379 594 2437 οἶνον
623 2384 687 2435 ὲκ
717 2383 819 2453 τῆς
853 2381 1168 2445 ὑποθέσεως
1197 2379 1402 2451 ταύτης
1432 2382 1560 2435 ὄντα
1591 2384 1683 2436 τὸν
1718 2382 1843 2437 νοῦν
1870 2383 1957 2436 οο-

369 2473 496 2527 λοῦν
521 2475 620 2543 τῆς
641 2473 1081 2546 ἀνθρωπότητος.
1106 2472 1218 2527 Καὶ
1249 2473 1326 2543 πὴ
1353 2474 1450 2543 μὲν
1482 2477 1562 2538 είς
1591 2474 1767 2542 θέλειν
1789 2478 1957 2546 ἀφρο-

370 2566 555 2619 δισίων
584 2567 757 2643 ᾄγειν,
794 2568 868 2639 πὴ
902 2568 961 2621 δὲ
988 2571 1067 2632 εἰς
1090 2564 1307 2639 οἶστρον
1333 2568 1567 2637 ἐγείρειν
1589 2584 1602 2596 ·
1633 2568 1666 2638 ἢ
1693 2568 1738 2621 δ’
1761 2563 1827 2620 αὖ
1853 2567 1958 2620 πά-

368 2658 453 2711 λιν
496 2659 665 2730 ὀργὴν
692 2659 941 2730 ἐμποιεῖν
975 2660 1064 2713 διά
1106 2660 1167 2714 τὸ
1212 2659 1555 2730 κεπφοῦσθαι
1582 2660 1642 2713 τὸ
1686 2659 1845 2731 σῶμα
1891 2661 1955 2712 ἐκ

368 2750 468 2820 τῆς
495 2749 603 2803 ἀπὸ
624 2749 717 2803 τοῦ
746 2751 889 2804 οἴνου
910 2751 1215 2822 δυνάμεως,
1238 2749 1447 2805 καὶτοῦ
1473 2750 1555 2804 ίοῦ
1583 2750 1677 2803 τοῦ
1704 2767 1957 2821 προειρη-

375 2842 536 2914 μένου
566 2842 1049 2915 δράκοντος.”Οθεν
1088 2844 1386 2915 ἀπέχονται
1417 2843 1562 2898 οἴνου
1596 2842 1877 2904 παντελῶς
1906 2844 1955 2896 ot

369 2951 622 2992 τοιουτοι.

441 3049 517 3102 B'.
556 3047 831 3101 Φάσκουσι
858 3046 915 3102 δὲ
946 3048 1040 3101 καὶ
1080 3046 1180 3118 τὴν
1211 3050 1446 3117 γυναῖκα
1494 3042 1637 3101 εἶναι
1669 3047 1830 3118 ἔργον
1861 3046 1955 3100 τοῦ

2060 1920 2307 1975 tudinem
2337 1920 2677 1990 exprimere;
2711 1919 2921 1989 nigram
2955 1919 3245 1984 draconis;
3272 1919 3463 1973 aeinos
3482 1934 3650 1988 porro

2060 2020 2323 2083 tanquam
2369 2013 2563 2068 veneni
2612 2021 2800 2082 guttas
2860 2026 2925 2065 ac
2977 2012 3157 2065 stillas
3214 2027 3361 2075 esse,
3421 2021 3649 2082 propter

2061 2106 2476 2165 rotunditatem,
2535 2120 2600 2160 ac
2654 2106 2993 2174 singulorum
3033 2104 3379 2169 discrimina,
3412 2106 3549 2159 acleo
3585 2112 3644 2158 ut

2060 2199 2293 2253 orbiculi
2338 2199 2439 2267 ipsi
2472 2213 2503 2251 a
2541 2214 2601 2253 se
2639 2199 2872 2253 invicem
2917 2199 3093 2254 avulsi
3138 2200 3490 2269 separatione
3527 2214 3649 2253 cer—

2060 2299 2284 2345 nantur.
2341 2289 2703 2360 lndidemque
2746 2298 2801 2345 et
2850 2289 3041 2343 vinum
3092 2290 3378 2345 hominum
3431 2301 3650 2361 pertur-

2058 2382 2189 2437 bare
2220 2390 2428 2438 mentes
2461 2397 2525 2437 ac
2558 2384 2755 2452 partim
2789 2381 3005 2436 veneris
3038 2381 3294 2436 illecebra
3343 2383 3647 2446 concitare,

2060 2475 2259 2543 partim
2299 2474 2506 2527 furoris
2538 2475 2749 2543 agitare
2780 2473 3040 2537 stimulis,
3075 2474 3274 2544 partim
3300 2473 3543 2544 denique
3576 2475 3644 2529 ad

2056 2565 2397 2621 iracundiam
2451 2580 2793 2635 provocare;
2858 2565 3004 2635 quod
3065 2580 3129 2619 ea
3179 2565 3287 2618 vini
3315 2564 3387 2629 vi,
3423 2563 3529 2618 hoc
3559 2572 3644 2619 est

2061 2656 2320 2711 draconis
2346 2657 2497 2712 illius
2529 2672 2758 2721 veneno,
2796 2657 2913 2713 leve
2987 2657 3077 2710 ﬁat
3114 2656 3482 2726 eﬁ‘eraturque
3516 2672 3645 2711 cor-

2058 2763 2182 2817 pus.
2213 2746 2387 2813 Quam
2421 2748 2489 2801 ob
2517 2762 2741 2800 causam
2775 2747 2869 2817 qui
2902 2746 3042 2800 hanc
3085 2756 3294 2801 sectam
3320 2746 3648 2806 proﬁtentur

2059 2838 2126 2893 ab
2151 2840 2298 2893 omni
2330 2855 2434 2894 usu
2469 2839 2577 2893 vini
2613 2839 2832 2909 penitus
2868 2838 3169 2893 abstinent.

2130 3036 2194 3091 ll.
2222 3033 2518 3101 Mulierem
2558 3044 2817 3105 praeterea
2858 3032 3073 3088 Satanae
3102 3048 3241 3102 opus
3279 3047 3401 3087 esse
3430 3031 3645 3093 dicunt,

369 3140 605 3203 Σατανᾶ,
642 3139 895 3211 καθάπερ
927 3140 1022 3193 καὶ
1050 3141 1100 3193 οἱ
1125 3142 1468 3213 ’Δρχοντικοὶ
1510 3140 1667 3193 τοῦτο
1704 3140 1911 3210 ἔφασαν
1938 3158 1952 3173 ο

2062 3131 2114 3186 id
2140 3131 2289 3201 quod
2323 3140 2377 3186 et
2394 3128 2743 3184 Archonticis
2767 3126 2971 3197 placuit
2996 3145 3009 3180 :
3038 3126 3204 3196 389
3222 3126 3449 3196 ideoque
3467 3127 3558 3197 qui
3586 3142 3649 3181 se

369 3228 451 3281 διὸ
494 3230 621 3292 τοὺς
667 3229 830 3299 γάμῳ
870 3228 1292 3300 πλησιάζοντας,
1327 3228 1421 3283 τοῦ
1468 3229 1684 3283 Σατανᾶ
1712 3230 1773 3283 τὸ
1799 3230 1957 3302 ἔργον

2064 3225 2271 3296 nuptiis
2324 3225 2604 3295 copulant,
2661 3220 2878 3277 Satanae
2923 3235 3061 3288 opus
3106 3218 3388 3289 perﬁcere.
3427 3218 3543 3274 lmo
3590 3230 3644 3275 et

372 3320 613 3392 πληροῦν
660 3320 929 3390 λέγουσιν.
949 3321 1107 3375 Ἀλλά
1141 3322 1234 3375 καὶ
1279 3321 1373 3375 τοῦ
1419 3320 1709 3393 ἀνθρώπου
1753 3321 1814 3374 τὸ
1862 3322 1962 3392 μὲν

370 3413 541 3483 ἥμισυ
571 3407 708 3465 εἶναι
732 3412 823 3465 τοῦ
860 3413 1017 3477 Θεοῦ,
1051 3412 1112 3465 τὸ
1137 3412 1194 3466 δὲ
1226 3412 1399 3482 ἥμισυ
1427 3411 1522 3465 τοῦ
1550 3412 1821 3465 διαϐόλου.
1841 3412 1960 3463 Ἀπ’

369 3505 615 3576 ὀμφαλοῦ
644 3506 752 3578 γὰρ
783 3506 878 3559 καὶ
911 3506 1173 3560 ἀνωτάτω
1211 3502 1352 3559 εἶναι
1391 3506 1491 3576 τῆς
1522 3504 1615 3558 τοῦ
1643 3503 1777 3558 Θεοῦ
1811 3504 1963 3558 δυνά-

377 3613 521 3667 μεως
554 3595 702 3664 λέγει
746 3597 845 3669 τὴν
895 3596 1092 3651 πλάσιν
1114 3612 1128 3627 ·
1157 3597 1266 3650 ἀπὸ
1293 3597 1351 3650 δὲ
1376 3594 1621 3667 ὀμφαλοῦ
1662 3597 1757 3649 καὶ
1790 3612 1963 3647 κατω-

371 3686 541 3751 τάτω,
571 3687 669 3755 τῆς
693 3689 935 3760 πονηρᾶς
966 3686 1214 3751 ἐξουσίας
1241 3687 1340 3757 τὴν
1358 3687 1575 3741 πλάσιν.
1602 3686 1802 3757 Διόπερ
1825 3685 1960 3757 φησὶ

372 3776 550 3830 πάντα
577 3777 698 3830 καθ’
722 3779 911 3851 ἡδονὴν
935 3780 1028 3832 καὶ
1052 3777 1268 3851 οἶστρον
1297 3779 1391 3831 καὶ
1421 3779 1717 3849 ἐπιθυμίαν
1746 3780 1841 3832 ἀπ’
1866 3780 1960 3849 ὀμ-

372 3866 544 3934 φαλοῦ
576 3868 673 3932 καὶ
701 3870 999 3923 κατωτάτω
1022 3871 1287 3939 γίνεσθαι.
1309 3869 1468 3924 Ἀλλά
1489 3871 1581 3925 καὶ
1610 3872 1669 3924 αἱ
1696 3869 1850 3926 ἄλλαι
1878 3871 1962 3924 αἱ·

374 3957 554 4028 ρέσείς
582 3956 740 4011 τοῦτο
760 3959 967 4027 ἔφασαν
1001 3949 1182 4016 εἶναι(

446 4070 607 4124 Ὅθεν
632 4071 726 4124 καὶ
758 4066 913 4136 οὗτος
933 4072 1219 4128 ἁλίσκεται
1237 4074 1379 4129 κατά
1406 4075 1585 4129 πάντα
1618 4076 1816 4148 τρόπον
1842 4079 1953 4139 tot;

374 4161 554 4226 ἄλλοις
582 4164 962 4218 ἐπακολουθῶν
991 4164 1279 4236 ἀγύρταις,
1309 4169 1423 4230 τοῖς
1454 4167 1522 4221 τὰ
1545 4168 1845 4240 δηλητήρια
1877 4169 1953 4241 τῷ

375 4253 473 4324 βίῳ
516 4256 1013 4311 κατασκευάσασιν.
1070 4257 1541 4329 Ἀνατραπήσεται
1580 4260 1689 4331 γὰρ
1735 4260 1950 4331 ῥᾳδίως.

374 4345 450 4398 Οὐ
473 4344 581 4417 γὰρ
614 4346 807 4399 πολλοῦ
843 4348 1258 4420 ἐπιδεηθήσεται
1289 4350 1539 4420 καμάτου
1564 4336 1756 4422 ήπρὸς
1790 4352 1954 4407 αὐτὸν

371 4437 670 4509 ἀνατροπὴ.
716 4437 877 4493 ”Ολον
916 4439 1022 4510 γὰρ
1064 4439 1125 4492 τὸ
1174 4439 1333 4510 σῶμα
1364 4442 1813 4513 συγκεκραμένον
1839 4446 1954 4507 τοῖς

2065 3314 2305 3370 hominis
2340 3314 2571 3369 alteram
2608 3320 2817 3382 partem
2851 3308 2970 3372 Dei,
3002 3310 3230 3362 alteram
3270 3308 3475 3363 diaboli
3520 3325 3644 3365 esse

2064 3406 2416 3461 conﬁrmant.
2449 3403 2587 3471 Nam
2614 3402 2761 3470 quod
2803 3401 2872 3456 ab
2918 3400 3178 3454 umbilico
3217 3414 3436 3454 sursum
3469 3399 3647 3469 porri-

2065 3500 2231 3571 gitur,
2265 3497 2465 3552 divinae
2502 3494 2803 3549 molitionts
2838 3506 3003 3558 esse;
3070 3489 3215 3562 quod
3256 3488 3400 3544 infra
3424 3489 3644 3544 umbili-

2062 3607 2210 3656 cum,
2243 3604 2274 3642 a
2308 3589 2453 3642 mala
2486 3593 2762 3657 potestate
2813 3582 3094 3639 conditum
3145 3590 3417 3637 statuunt.
3468 3580 3549 3638 0b
3591 3582 3643 3637 id

2062 3680 2341 3750 inquiunt,
2397 3677 2743 3747 voluptatum
2796 3674 3134 3728 titillationes
3191 3688 3382 3729 omnes
3413 3689 3478 3728 ac
3529 3673 3648 3727 libi-

2061 3774 2220 3828 dines
2284 3772 2353 3826 ab
2419 3770 2680 3824 umbilico
2742 3776 2907 3835 atque
2965 3765 3321 3821 inferioribus
3396 3766 3646 3835 partibus

2060 3867 2393 3921 excitantur.
2462 3863 2606 3916 Idem
2674 3869 2728 3916 et
2802 3861 3035 3914 aliarum
3096 3857 3381 3913 haereseon
3444 3857 3645 3930 dogma

2061 3958 2182 4012 fuit.

2129 4068 2208 4122 Ex
2246 4082 2354 4137 quo
2399 4065 2570 4134 liquet
2601 4062 2739 4116 nihil
2769 4062 2914 4117 hunc
2950 4061 3056 4117 nisi
3092 4062 3379 4131 planorum
3412 4070 3639 4117 caetero-

2057 4177 2178 4217 rum
2210 4157 2494 4214 inhaesisse
2524 4153 2802 4223 vestigiis,
2843 4151 2934 4222 qui
2970 4154 3277 4222 perniciosa
3310 4167 3375 4207 ac
3426 4152 3642 4208 letifera

2055 4268 2261 4307 venena
2320 4252 2375 4305 in
2422 4251 2703 4305 hominum
2755 4266 2927 4321 genus
2980 4253 3308 4309 eﬂ‘uderunt.
3347 4251 3451 4308 Sed
3492 4254 3640 4309 nullo

2054 4344 2215 4413 plane
2252 4343 2506 4413 negotio,
2554 4357 2654 4397 nec
2689 4357 2923 4412 operoso
2958 4345 3247 4400 admodum
3294 4346 3477 4401 labore
3505 4362 3642 4402 con-

2058 4435 2340 4489 futabitur.
2382 4433 2595 4504 Corpus
2638 4434 2784 4489 enim
2832 4437 3150 4490 universum
3205 4452 3271 4491 ex
3320 4437 3390 4492 iis
3436 4452 3558 4506 qua:
3609 4453 3645 4492 a

372 4528 553 4592 καλῶς
579 4530 636 4582 ἐν
666 4530 812 4601 αὑτῷ
835 4530 1116 4600 γεγονόσιν
1148 4531 1213 4584 ἐκ
1244 4530 1402 4596 Θεοῦ,
1429 4534 1572 4603 φημὶ
1596 4533 1654 4586 δὲ
1681 4534 1942 4603 ὀρέξεσιν,

2059 4527 2162 4582 Deo
2193 4535 2341 4582 recte
2385 4526 2650 4583 fabricata
2682 4536 2844 4592 sunt,
2876 4528 2978 4584 hoc
3026 4538 3132 4594 est,
3180 4529 3523 4585 naturalibus
3554 4539 3640 4586 est

370 4620 431 4671 οὐ
458 4618 525 4672 δι’
553 4620 786 4674 ἀτοπίαν
822 4623 886 4674 ἐκ
912 4621 1047 4675 Θεοῦ
1073 4622 1417 4693 γενομέναις,
1450 4622 1586 4676 ἀλλὰ
1624 4623 1714 4678 διὰ
1753 4626 1961 4696 χρῆσιν.

369 4709 580 4782 ἀγαθὴν
632 4714 724 4766 καὶ
778 4714 1085 4781 ἀναγκαίας
1132 4716 1322 4787 χρείας
1360 4714 1512 4782 τάξιν
1537 4733 1550 4747 ·
1586 4716 1731 4787 λέγω
1778 4718 1837 4772 δὲ
1891 4719 1955 4772 τὸ

369 4801 660 4873 ὀρέγεσθαι
705 4804 899 4873 ὕπνου,
945 4805 1189 4877 βρωτῶν,
1225 4807 1490 4879 πόματος,
1532 4809 1818 4875 ἐνδύσεως,
1859 4813 1953 4866 καὶ

368 4893 477 4947 τῶν
502 4894 676 4950 άλλων
707 4898 924 4952 πάντων
944 4899 1050 4952 τῶν
1074 4900 1154 4963 είς
1185 4899 1255 4953 τά
1278 4900 1387 4956 ἴδια
1418 4902 1514 4955 καὶ
1535 4893 1653 4974 Θεῷ
1681 4904 1954 4975 εὖάρεστα

369 4983 501 5053 ἡμῖν
524 4985 919 5055 συμϐαίνοντα·
947 4987 1023 5052 ὡς
1049 4990 1142 5043 καὶ
1168 4989 1339 5062 αὐτὴν
1362 4991 1459 5063 τὴν
1488 4992 1666 5065 ὄρεξιν
1691 4996 1790 5067 τῆς
1812 4996 1951 5051 κατά

368 5072 427 5124 τὸ
482 5073 644 5145 σῶμα
698 5076 995 5149 ἐπιθυμίας
1037 5080 1139 5134 οὐκ
1196 5079 1396 5135 ἄτοπον
1436 5078 1605 5137 οὖσαν
1665 5087 1951 5157 παραστή-

368 5164 519 5234 σαιμ’
559 5165 644 5219 ἄν.
683 5166 840 5220 Ἐστι
869 5167 979 5238 γὰρ
1011 5169 1147 5240 πρὸς
1175 5170 1520 5225 παιδοποιίαν
1558 5172 1617 5226 ἐν
1655 5173 1948 5244 σεμνότητι

366 5255 598 5319 δοθεῖσα,
630 5258 725 5311 καὶ
772 5259 851 5321 είς
899 5258 1057 5325 δόξαν
1091 5258 1187 5313 τοῦ
1235 5263 1560 5333 ποιήσαντος
1611 5262 1681 5317 τὰ
1740 5264 1946 5330 πάντα,

365 5344 619 5417 καθάπερ
652 5350 717 5419 τῇ
753 5347 920 5419 γῇτά
968 5348 1258 5420 σπέρματα
1287 5351 1366 5412 εἰς
1412 5349 1665 5421 ἐπίχυσιν
1701 5352 1947 5423 πλήθους

364 5437 472 5490 τῶν
517 5438 623 5490 ὑπὸ
671 5438 805 5491 Θεοῦ
852 5440 1186 5511 ἐκτισμένων
1241 5440 1423 5495 καλῶν
1476 5442 1833 5513 γεννημάτων
1884 5444 1946 5497 τέ

365 5544 507 5598 φημι
555 5529 651 5581 καὶ
695 5529 1031 5602 ἀκροδρύων.
1068 5529 1255 5595 Οὕτως
1303 5532 1397 5586 καὶ
1442 5534 1508 5603 τῇ
1565 5532 1943 5605 ἀνθρωπότητι

434 5728 448 5758 ⁵
488 5723 615 5782 For.
666 5726 931 5785 Ἀπειιλεί

2057 4617 2487 4688 appetitionibus
2526 4619 2818 4675 conﬂatum
2852 4639 2867 4675 :
2903 4636 3041 4692 quas
3072 4637 3181 4676 non
3209 4622 3508 4678 absurdum
3539 4625 3649 4679 ali-

2056 4725 2216 4779 quem
2256 4710 2325 4763 ad
2351 4726 2534 4775 usum,
2560 4711 2654 4766 sed
2680 4712 2970 4767 honestum
3000 4727 3066 4766 ac
3092 4714 3465 4768 necessarium
3495 4714 3647 4771 Deus

2055 4798 2290 4859 indidit.
2326 4800 2585 4855 nimirum
2622 4809 2681 4854 ut
2720 4813 2775 4856 et
2807 4817 3059 4857 somnum
3097 4813 3449 4874 appetamus,
3479 4812 3534 4860 et
3560 4806 3640 4860 ci-

2055 4890 2184 4946 bum
2204 4932 2219 4957 ,
2253 4907 2316 4947 ac
2341 4900 2527 4963 potum
2547 4934 2562 4957 ,
2594 4894 2883 4959 vestitum,
2912 4910 2975 4951 ac
2998 4904 3224 4952 caeteras
3256 4897 3642 4966 opportunita-

2058 4994 2162 5051 tes,
2181 5002 2303 5056 qua:
2323 4987 2539 5057 quidem
2556 4986 2668 5043 Deo
2690 4988 2832 5041 haud
2852 4988 3078 5057 ingratae
3099 4989 3257 5045 nobis
3278 4991 3641 5057 usuveniunt,

2058 5075 2197 5130 adeo
2227 5082 2287 5129 ut
2313 5075 2396 5131 vel
2430 5075 2604 5145 ipsam
2634 5090 2664 5129 a
2700 5076 2913 5131 ratione
2946 5078 3177 5133 minime
3215 5080 3514 5136 abhorrere
3544 5096 3638 5134 ve-

2058 5168 2205 5223 neris
2237 5166 2590 5238 cupiditatem
2621 5166 2997 5224 demonstrare
3033 5170 3215 5225 liceat.
3252 5170 3346 5224 Est
3389 5172 3535 5226 enim
3568 5171 3637 5225 ad

2054 5260 2343 5315 honestam
2392 5262 2599 5316 sobolis
2653 5262 3104 5334 prepagationem
3151 5270 3203 5318 et
3229 5263 3295 5315 ad
3325 5262 3639 5320 Conditoris

2052 5354 2297 5407 omnium
2347 5353 2514 5410 decus
2543 5362 2596 5409 et
2638 5354 2900 5410 honorem
2940 5370 3205 5411 concessa
3233 5397 3248 5423 ,
3280 5356 3639 5425 quemadmo-

2052 5442 2182 5497 dum
2214 5444 2420 5500 semina
2450 5446 2517 5500 ad
2556 5461 2745 5500 eorum
2777 5446 3046 5501 bonorum
3076 5462 3199 5515 quae
3229 5446 3372 5501 Deus
3398 5446 3633 5510 creavit,

2051 5538 2354 5606 germinum
2392 5538 2648 5596 videlicet
2682 5554 2746 5595 ac
2788 5538 3066 5595 fructuum
3095 5540 3398 5595 ubertatem
3449 5552 3515 5593 ac
3544 5553 3639 5592 co-
