  <div class='ocr_page' id='page_1' title='image "/cluster/home/n/w/nwhite01/storage/ocr_20150623/41/nnc1.0046978747/463.png"; bbox 0 0 4186 6374; ppageno 0'>
   <div class='ocr_carea' id='block_1_1' title="bbox 512 337 617 395">
    <p class='ocr_par' dir='ltr' id='par_1_1' title="bbox 512 337 617 395">
     <span class='ocr_line' id='line_1_1' title="bbox 512 337 617 395; baseline -0.029 0"><span class='ocrx_word' id='word_1_1' title='bbox 512 337 617 395; x_wconf 70' lang='lat'><strong>359</strong></span> 
     </span>
    </p>
   </div>
   <div class='ocr_carea' id='block_1_2' title="bbox 1920 324 2364 386">
    <p class='ocr_par' dir='ltr' id='par_1_2' title="bbox 1920 324 2364 386">
     <span class='ocr_line' id='line_1_2' title="bbox 1920 324 2364 386; baseline -0.011 0"><span class='ocrx_word' id='word_1_2' title='bbox 1920 328 1980 386; x_wconf 89' lang='lat' dir='ltr'><strong>S.</strong></span> <span class='ocrx_word' id='word_1_3' title='bbox 2019 324 2364 385; x_wconf 76' lang='lat' dir='ltr'><strong>EPIPHANII</strong></span> 
     </span>
    </p>
   </div>
   <div class='ocr_carea' id='block_1_3' title="bbox 3680 316 3786 373">
    <p class='ocr_par' dir='ltr' id='par_1_3' title="bbox 3680 316 3786 373">
     <span class='ocr_line' id='line_1_3' title="bbox 3680 316 3786 373; baseline 0 0"><span class='ocrx_word' id='word_1_4' title='bbox 3680 316 3786 373; x_wconf 64' lang='grc'><strong>840</strong></span> 
     </span>
    </p>
   </div>
   <div class='ocr_carea' id='block_1_4' title="bbox 508 428 2102 523">
    <p class='ocr_par' dir='ltr' id='par_1_4' title="bbox 508 443 2095 523">
     <span class='ocr_line' id='line_1_4' title="bbox 508 443 2095 523; baseline -0.008 -14"><span class='ocrx_word' id='word_1_5' title='bbox 508 455 565 509; x_wconf 83' lang='lat' dir='ltr'><strong>in</strong></span> <span class='ocrx_word' id='word_1_6' title='bbox 599 456 719 523; x_wconf 83' lang='lat' dir='ltr'><strong>ipso</strong></span> <span class='ocrx_word' id='word_1_7' title='bbox 750 449 884 505; x_wconf 87' lang='lat' dir='ltr'><strong>llore</strong></span> <span class='ocrx_word' id='word_1_8' title='bbox 924 448 1264 520; x_wconf 79' lang='lat' dir='ltr'><strong>juventutis,</strong></span> <span class='ocrx_word' id='word_1_9' title='bbox 1312 460 1459 500; x_wconf 89' lang='lat' dir='ltr'><strong>anno</strong></span> <span class='ocrx_word' id='word_1_10' title='bbox 1492 443 1750 500; x_wconf 78' lang='lat' dir='ltr'><strong>videlicet</strong></span> <span class='ocrx_word' id='word_1_11' title='bbox 1785 443 1961 500; x_wconf 66' lang='lat' dir='ltr'><strong>aetatis</strong></span> <span class='ocrx_word' id='word_1_12' title='bbox 1987 444 2095 497; x_wconf 88' lang='lat' dir='ltr'><strong>tri-</strong></span> 
     </span>
    </p>
   </div>
   <div class='ocr_carea' id='block_1_5' title="bbox 2204 428 3786 523">
    <p class='ocr_par' dir='ltr' id='par_1_5' title="bbox 2204 428 3786 511">
     <span class='ocr_line' id='line_1_5' title="bbox 2204 428 3786 511; baseline -0.009 -16"><span class='ocrx_word' id='word_1_13' title='bbox 2204 441 2336 496; x_wconf 72' lang='grc' dir='ltr'>ἑτῶν</span> <span class='ocrx_word' id='word_1_14' title='bbox 2356 436 2649 511; x_wconf 83' lang='grc' dir='ltr'>τριάκοντα</span> <span class='ocrx_word' id='word_1_15' title='bbox 2670 435 2932 507; x_wconf 83' lang='grc' dir='ltr'><strong>ὑπάρχων</strong></span> <span class='ocrx_word' id='word_1_16' title='bbox 2950 433 3011 487; x_wconf 75' lang='grc' dir='ltr'>ὲν</span> <span class='ocrx_word' id='word_1_17' title='bbox 3030 430 3351 503; x_wconf 80' lang='grc' dir='ltr'><strong>καθεστώσῃ</strong></span> <span class='ocrx_word' id='word_1_18' title='bbox 3369 428 3576 500; x_wconf 70' lang='grc' dir='ltr'>ἡλικίᾳ..</span> <span class='ocrx_word' id='word_1_19' title='bbox 3595 429 3786 499; x_wconf 81' lang='grc' dir='ltr'>Τούτῳ</span> 
     </span>
    </p>
   </div>
   <div class='ocr_carea' id='block_1_6' title="bbox 507 536 2098 606">
    <p class='ocr_par' dir='ltr' id='par_1_6' title="bbox 507 536 2098 606">
     <span class='ocr_line' id='line_1_6' title="bbox 507 536 2098 606; baseline -0.009 -6"><span class='ocrx_word' id='word_1_20' title='bbox 507 546 736 600; x_wconf 87' lang='lat' dir='ltr'><strong>cesimo.</strong></span> <span class='ocrx_word' id='word_1_21' title='bbox 755 543 897 597; x_wconf 80' lang='lat' dir='ltr'><strong>Huic</strong></span> <span class='ocrx_word' id='word_1_22' title='bbox 917 556 1043 596; x_wconf 90' lang='lat' dir='ltr'><strong>cum</strong></span> <span class='ocrx_word' id='word_1_23' title='bbox 1073 556 1134 596; x_wconf 83' lang='lat' dir='ltr'><strong>se</strong></span> <span class='ocrx_word' id='word_1_24' title='bbox 1163 538 1428 593; x_wconf 85' lang='lat' dir='ltr'><strong>Tatiauus</strong></span> <span class='ocrx_word' id='word_1_25' title='bbox 1456 538 1615 591; x_wconf 90' lang='lat' dir='ltr'><strong>initio</strong></span> <span class='ocrx_word' id='word_1_26' title='bbox 1647 536 2098 606; x_wconf 88' lang='lat' dir='ltr'><strong>dedisset,quan—</strong></span> 
     </span>
    </p>
   </div>
   <div class='ocr_carea' id='block_1_7' title="bbox 508 627 2096 702">
    <p class='ocr_par' dir='ltr' id='par_1_7' title="bbox 508 627 2096 702">
     <span class='ocr_line' id='line_1_7' title="bbox 508 627 2096 702; baseline -0.008 -10"><span class='ocrx_word' id='word_1_27' title='bbox 508 640 601 692; x_wconf 91' lang='lat' dir='ltr'><strong>diu</strong></span> <span class='ocrx_word' id='word_1_28' title='bbox 625 652 746 691; x_wconf 88' lang='lat' dir='ltr'><strong>cum</strong></span> <span class='ocrx_word' id='word_1_29' title='bbox 772 643 965 690; x_wconf 89' lang='lat' dir='ltr'><strong>sancto</strong></span> <span class='ocrx_word' id='word_1_30' title='bbox 982 641 1222 702; x_wconf 83' lang='lat' dir='ltr'><strong>martyre</strong></span> <span class='ocrx_word' id='word_1_31' title='bbox 1241 631 1407 697; x_wconf 79' lang='lat' dir='ltr'><strong>vixit,</strong></span> <span class='ocrx_word' id='word_1_32' title='bbox 1448 645 1574 683; x_wconf 93' lang='lat' dir='ltr'><strong>cum</strong></span> <span class='ocrx_word' id='word_1_33' title='bbox 1612 629 1828 683; x_wconf 70' lang='lat' dir='ltr'><strong>czeleris</strong></span> <span class='ocrx_word' id='word_1_34' title='bbox 1851 627 1905 681; x_wconf 91' lang='lat' dir='ltr'><strong>in</strong></span> <span class='ocrx_word' id='word_1_35' title='bbox 1932 628 2096 682; x_wconf 84' lang='lat' dir='ltr'><strong>rebus</strong></span> 
     </span>
    </p>
   </div>
   <div class='ocr_carea' id='block_1_8' title="bbox 512 719 2096 794">
    <p class='ocr_par' dir='ltr' id='par_1_8' title="bbox 512 719 2096 794">
     <span class='ocr_line' id='line_1_8' title="bbox 512 719 2096 794; baseline -0.008 -12"><span class='ocrx_word' id='word_1_36' title='bbox 512 729 899 783; x_wconf 84' lang='lat' dir='ltr'><strong>honestissime</strong></span> <span class='ocrx_word' id='word_1_37' title='bbox 952 741 1012 780; x_wconf 80' lang='lat' dir='ltr'><strong>se</strong></span> <span class='ocrx_word' id='word_1_38' title='bbox 1046 724 1251 794; x_wconf 86' lang='lat' dir='ltr'><strong>gessit,</strong></span> <span class='ocrx_word' id='word_1_39' title='bbox 1301 730 1416 775; x_wconf 90' lang='lat' dir='ltr'><strong>tum</strong></span> <span class='ocrx_word' id='word_1_40' title='bbox 1463 721 1680 791; x_wconf 87' lang='lat' dir='ltr'><strong>egregia</strong></span> <span class='ocrx_word' id='word_1_41' title='bbox 1721 719 1823 772; x_wconf 90' lang='lat' dir='ltr'><strong>fuit</strong></span> <span class='ocrx_word' id='word_1_42' title='bbox 1862 734 1924 772; x_wconf 92' lang='lat' dir='ltr'><strong>ac</strong></span> <span class='ocrx_word' id='word_1_43' title='bbox 1965 733 2096 771; x_wconf 81' lang='lat' dir='ltr'><strong>con-</strong></span> 
     </span>
    </p>
   </div>
   <div class='ocr_carea' id='block_1_9' title="bbox 511 811 2097 889">
    <p class='ocr_par' dir='ltr' id='par_1_9' title="bbox 511 811 2097 889">
     <span class='ocr_line' id='line_1_9' title="bbox 511 811 2097 889; baseline -0.008 -13"><span class='ocrx_word' id='word_1_44' title='bbox 511 822 678 876; x_wconf 84' lang='lat' dir='ltr'><strong>stanti</strong></span> <span class='ocrx_word' id='word_1_45' title='bbox 738 820 845 875; x_wconf 80' lang='lat' dir='ltr'><strong>fide</strong></span> <span class='ocrx_word' id='word_1_46' title='bbox 897 818 1177 889; x_wconf 68' lang='lat' dir='ltr'><strong>prmditus.</strong></span> <span class='ocrx_word' id='word_1_47' title='bbox 1229 813 1336 869; x_wconf 89' lang='lat' dir='ltr'><strong>Sed</strong></span> <span class='ocrx_word' id='word_1_48' title='bbox 1379 814 1473 867; x_wconf 86' lang='lat' dir='ltr'><strong>illo</strong></span> <span class='ocrx_word' id='word_1_49' title='bbox 1515 822 1732 866; x_wconf 88' lang='lat' dir='ltr'><strong>mortuo</strong></span> <span class='ocrx_word' id='word_1_50' title='bbox 1771 811 1995 881; x_wconf 87' lang='lat' dir='ltr'><strong>perinde</strong></span> <span class='ocrx_word' id='word_1_51' title='bbox 2033 824 2097 863; x_wconf 91' lang='lat' dir='ltr'><strong>ac</strong></span> 
     </span>
    </p>
   </div>
   <div class='ocr_carea' id='block_1_10' title="bbox 511 903 2094 969">
    <p class='ocr_par' dir='ltr' id='par_1_10' title="bbox 511 903 2094 969">
     <span class='ocr_line' id='line_1_10' title="bbox 511 903 2094 969; baseline -0.009 0"><span class='ocrx_word' id='word_1_52' title='bbox 511 918 555 969; x_wconf 90' lang='lat' dir='ltr'><strong>si</strong></span> <span class='ocrx_word' id='word_1_53' title='bbox 585 930 765 969; x_wconf 72' lang='lat' dir='ltr'><strong>czecus</strong></span> <span class='ocrx_word' id='word_1_54' title='bbox 800 914 868 966; x_wconf 90' lang='lat' dir='ltr'><strong>ab</strong></span> <span class='ocrx_word' id='word_1_55' title='bbox 904 914 1073 967; x_wconf 91' lang='lat' dir='ltr'><strong>altero</strong></span> <span class='ocrx_word' id='word_1_56' title='bbox 1108 909 1378 964; x_wconf 88' lang='lat' dir='ltr'><strong>deductus</strong></span> <span class='ocrx_word' id='word_1_57' title='bbox 1423 921 1453 959; x_wconf 92' lang='lat' dir='ltr'><strong>a</strong></span> <span class='ocrx_word' id='word_1_58' title='bbox 1488 904 1717 958; x_wconf 84' lang='lat' dir='ltr'><strong>ductore.</strong></span> <span class='ocrx_word' id='word_1_59' title='bbox 1748 903 2094 967; x_wconf 88' lang='lat' dir='ltr'><strong>destituatur,</strong></span> 
     </span>
    </p>
   </div>
   <div class='ocr_carea' id='block_1_11' title="bbox 509 996 2097 1079">
    <p class='ocr_par' dir='ltr' id='par_1_11' title="bbox 509 996 2097 1079">
     <span class='ocr_line' id='line_1_11' title="bbox 509 996 2097 1079; baseline -0.009 -17"><span class='ocrx_word' id='word_1_60' title='bbox 509 1010 563 1062; x_wconf 94' lang='lat' dir='ltr'><strong>in</strong></span> <span class='ocrx_word' id='word_1_61' title='bbox 591 1022 831 1079; x_wconf 63' lang='lat' dir='ltr'><strong>praeceps</strong></span> <span class='ocrx_word' id='word_1_62' title='bbox 862 1022 985 1060; x_wconf 88' lang='lat' dir='ltr'><strong>sese</strong></span> <span class='ocrx_word' id='word_1_63' title='bbox 1013 1004 1390 1067; x_wconf 90' lang='lat' dir='ltr'><strong>committens,</strong></span> <span class='ocrx_word' id='word_1_64' title='bbox 1417 1015 1528 1069; x_wconf 65' lang='lat' dir='ltr'><strong>pra:</strong></span> <span class='ocrx_word' id='word_1_65' title='bbox 1552 999 1796 1051; x_wconf 70' lang='lat' dir='ltr'><strong>caecitate</strong></span> <span class='ocrx_word' id='word_1_66' title='bbox 1840 996 2097 1051; x_wconf 87' lang='lat' dir='ltr'><strong>deorsum</strong></span> 
     </span>
    </p>
   </div>
   <div class='ocr_carea' id='block_1_12' title="bbox 510 1089 2097 1163">
    <p class='ocr_par' dir='ltr' id='par_1_12' title="bbox 510 1089 2097 1163">
     <span class='ocr_line' id='line_1_12' title="bbox 510 1089 2097 1163; baseline -0.008 -7"><span class='ocrx_word' id='word_1_67' title='bbox 510 1104 583 1157; x_wconf 90' lang='lat' dir='ltr'><strong>ita</strong></span> <span class='ocrx_word' id='word_1_68' title='bbox 628 1100 834 1163; x_wconf 84' lang='lat' dir='ltr'><strong>fertur,</strong></span> <span class='ocrx_word' id='word_1_69' title='bbox 876 1106 930 1151; x_wconf 94' lang='lat' dir='ltr'><strong>nt</strong></span> <span class='ocrx_word' id='word_1_70' title='bbox 986 1096 1245 1151; x_wconf 88' lang='lat' dir='ltr'><strong>cohibere</strong></span> <span class='ocrx_word' id='word_1_71' title='bbox 1290 1094 1469 1163; x_wconf 90' lang='lat' dir='ltr'><strong>ipsum</strong></span> <span class='ocrx_word' id='word_1_72' title='bbox 1518 1097 1791 1161; x_wconf 85' lang='lat' dir='ltr'><strong>nequeat,</strong></span> <span class='ocrx_word' id='word_1_73' title='bbox 1824 1089 2013 1144; x_wconf 91' lang='lat' dir='ltr'><strong>.donec</strong></span> <span class='ocrx_word' id='word_1_74' title='bbox 2042 1089 2097 1144; x_wconf 90' lang='lat' dir='ltr'><strong>in</strong></span> 
     </span>
    </p>
   </div>
   <div class='ocr_carea' id='block_1_13' title="bbox 508 1184 1604 1253">
    <p class='ocr_par' dir='ltr' id='par_1_13' title="bbox 508 1184 1604 1253">
     <span class='ocr_line' id='line_1_13' title="bbox 508 1184 1604 1253; baseline -0.008 -5"><span class='ocrx_word' id='word_1_75' title='bbox 508 1194 739 1249; x_wconf 68' lang='lat' dir='ltr'><strong>exitium</strong></span> <span class='ocrx_word' id='word_1_76' title='bbox 780 1199 906 1245; x_wconf 85' lang='lat' dir='ltr'><strong>ruat</strong></span> <span class='ocrx_word' id='word_1_77' title='bbox 940 1208 952 1243; x_wconf 93' lang='lat'><strong>:</strong></span> <span class='ocrx_word' id='word_1_78' title='bbox 989 1188 1066 1241; x_wconf 90' lang='lat' dir='ltr'><strong>ita</strong></span> <span class='ocrx_word' id='word_1_79' title='bbox 1095 1185 1328 1239; x_wconf 90' lang='lat' dir='ltr'><strong>Tatiano</strong></span> <span class='ocrx_word' id='word_1_80' title='bbox 1356 1184 1604 1253; x_wconf 86' lang='lat' dir='ltr'><strong>contigit.</strong></span> 
     </span>
    </p>
   </div>
   <div class='ocr_carea' id='block_1_14' title="bbox 583 1276 2099 1350">
    <p class='ocr_par' dir='ltr' id='par_1_14' title="bbox 583 1276 2099 1350">
     <span class='ocr_line' id='line_1_14' title="bbox 583 1276 2099 1350; baseline -0.005 -12"><span class='ocrx_word' id='word_1_81' title='bbox 583 1284 714 1338; x_wconf 89' lang='lat' dir='ltr'><strong>Erat</strong></span> <span class='ocrx_word' id='word_1_82' title='bbox 769 1283 895 1343; x_wconf 85' lang='lat' dir='ltr'><strong>hic,</strong></span> <span class='ocrx_word' id='word_1_83' title='bbox 957 1278 1418 1350; x_wconf 83' lang='lat' dir='ltr'><strong>quemadmodum</strong></span> <span class='ocrx_word' id='word_1_84' title='bbox 1471 1277 1821 1346; x_wconf 76' lang='lat' dir='ltr'><strong>aecepimus,</strong></span> <span class='ocrx_word' id='word_1_85' title='bbox 1880 1276 2099 1330; x_wconf 82' lang='lat' dir='ltr'><strong>natione</strong></span> 
     </span>
    </p>
   </div>
   <div class='ocr_carea' id='block_1_15' title="bbox 514 1369 2097 1449">
    <p class='ocr_par' dir='ltr' id='par_1_15' title="bbox 514 1369 2097 1449">
     <span class='ocr_line' id='line_1_15' title="bbox 514 1369 2097 1449; baseline -0.007 -17"><span class='ocrx_word' id='word_1_86' title='bbox 514 1378 705 1449; x_wconf 82' lang='lat' dir='ltr'><strong>Syrus.</strong></span> <span class='ocrx_word' id='word_1_87' title='bbox 739 1374 839 1441; x_wconf 86' lang='lat' dir='ltr'><strong>Qui</strong></span> <span class='ocrx_word' id='word_1_88' title='bbox 872 1374 1104 1443; x_wconf 91' lang='lat' dir='ltr'><strong>primum</strong></span> <span class='ocrx_word' id='word_1_89' title='bbox 1145 1372 1197 1424; x_wconf 93' lang='lat' dir='ltr'><strong>in</strong></span> <span class='ocrx_word' id='word_1_90' title='bbox 1248 1369 1637 1440; x_wconf 84' lang='lat' dir='ltr'><strong>Mesopotamia</strong></span> <span class='ocrx_word' id='word_1_91' title='bbox 1670 1384 1865 1425; x_wconf 84' lang='lat' dir='ltr'><strong>novam</strong></span> <span class='ocrx_word' id='word_1_92' title='bbox 1892 1377 2097 1423; x_wconf 90' lang='lat' dir='ltr'><strong>sectam</strong></span> 
     </span>
    </p>
   </div>
   <div class='ocr_carea' id='block_1_16' title="bbox 511 1460 2099 1537">
    <p class='ocr_par' dir='ltr' id='par_1_16' title="bbox 511 1460 2099 1537">
     <span class='ocr_line' id='line_1_16' title="bbox 511 1460 2099 1537; baseline -0.008 -12"><span class='ocrx_word' id='word_1_93' title='bbox 511 1470 750 1525; x_wconf 89' lang='lat' dir='ltr'><strong>condere</strong></span> <span class='ocrx_word' id='word_1_94' title='bbox 788 1480 1082 1537; x_wconf 78' lang='lat' dir='ltr'><strong>aggressus</strong></span> <span class='ocrx_word' id='word_1_95' title='bbox 1116 1471 1231 1527; x_wconf 90' lang='lat' dir='ltr'><strong>est,</strong></span> <span class='ocrx_word' id='word_1_96' title='bbox 1284 1463 1433 1516; x_wconf 83' lang='lat' dir='ltr'><strong>circa</strong></span> <span class='ocrx_word' id='word_1_97' title='bbox 1484 1478 1689 1516; x_wconf 91' lang='lat' dir='ltr'><strong>annum</strong></span> <span class='ocrx_word' id='word_1_98' title='bbox 1726 1478 1800 1515; x_wconf 81' lang='lat' dir='ltr'><strong>xu</strong></span> <span class='ocrx_word' id='word_1_99' title='bbox 1835 1460 2099 1515; x_wconf 81' lang='lat' dir='ltr'><strong>Antonini</strong></span> 
     </span>
    </p>
   </div>
   <div class='ocr_carea' id='block_1_17' title="bbox 510 1552 2099 1630">
    <p class='ocr_par' dir='ltr' id='par_1_17' title="bbox 510 1552 2099 1630">
     <span class='ocr_line' id='line_1_17' title="bbox 510 1552 2099 1630; baseline -0.007 -12"><span class='ocrx_word' id='word_1_100' title='bbox 510 1563 611 1618; x_wconf 89' lang='lat' dir='ltr'><strong>Pii.</strong></span> <span class='ocrx_word' id='word_1_101' title='bbox 648 1562 859 1630; x_wconf 84' lang='lat' dir='ltr'><strong>Quippe</strong></span> <span class='ocrx_word' id='word_1_102' title='bbox 914 1566 1036 1628; x_wconf 92' lang='lat' dir='ltr'><strong>post</strong></span> <span class='ocrx_word' id='word_1_103' title='bbox 1084 1557 1261 1612; x_wconf 84' lang='lat' dir='ltr'><strong>sancti</strong></span> <span class='ocrx_word' id='word_1_104' title='bbox 1293 1554 1495 1610; x_wconf 84' lang='lat' dir='ltr'><strong>Justini</strong></span> <span class='ocrx_word' id='word_1_105' title='bbox 1551 1556 1873 1625; x_wconf 81' lang='lat' dir='ltr'><strong>martyrium</strong></span> <span class='ocrx_word' id='word_1_106' title='bbox 1926 1552 2099 1608; x_wconf 84' lang='lat' dir='ltr'><strong>Roma</strong></span> 
     </span>
    </p>
   </div>
   <div class='ocr_carea' id='block_1_18' title="bbox 512 1640 2100 1725">
    <p class='ocr_par' dir='ltr' id='par_1_18' title="bbox 512 1640 2100 1725">
     <span class='ocr_line' id='line_1_18' title="bbox 512 1640 2100 1725; baseline -0.006 -15"><span class='ocrx_word' id='word_1_107' title='bbox 512 1654 789 1725; x_wconf 90' lang='lat' dir='ltr'><strong>profectus</strong></span> <span class='ocrx_word' id='word_1_108' title='bbox 823 1652 876 1706; x_wconf 89' lang='lat' dir='ltr'><strong>in</strong></span> <span class='ocrx_word' id='word_1_109' title='bbox 909 1650 1222 1710; x_wconf 82' lang='lat' dir='ltr'><strong>Orientem.</strong></span> <span class='ocrx_word' id='word_1_110' title='bbox 1262 1659 1316 1703; x_wconf 93' lang='lat' dir='ltr'><strong>et</strong></span> <span class='ocrx_word' id='word_1_111' title='bbox 1356 1640 1553 1703; x_wconf 83' lang='lat' dir='ltr'><strong>ibidem</strong></span> <span class='ocrx_word' id='word_1_112' title='bbox 1595 1649 1848 1702; x_wconf 87' lang='lat' dir='ltr'><strong>habitans</strong></span> <span class='ocrx_word' id='word_1_113' title='bbox 1902 1648 1956 1701; x_wconf 90' lang='lat' dir='ltr'><strong>in</strong></span> <span class='ocrx_word' id='word_1_114' title='bbox 2003 1648 2100 1701; x_wconf 87' lang='lat' dir='ltr'><strong>ab-</strong></span> 
     </span>
    </p>
   </div>
   <div class='ocr_carea' id='block_1_19' title="bbox 511 1741 2100 1815">
    <p class='ocr_par' dir='ltr' id='par_1_19' title="bbox 511 1741 2100 1815">
     <span class='ocr_line' id='line_1_19' title="bbox 511 1741 2100 1815; baseline -0.004 -14"><span class='ocrx_word' id='word_1_115' title='bbox 511 1747 709 1802; x_wconf 80' lang='lat' dir='ltr'><strong>surdas</strong></span> <span class='ocrx_word' id='word_1_116' title='bbox 744 1744 1032 1815; x_wconf 89' lang='lat' dir='ltr'><strong>opiniones</strong></span> <span class='ocrx_word' id='word_1_117' title='bbox 1075 1741 1266 1796; x_wconf 90' lang='lat' dir='ltr'><strong>incidit</strong></span> <span class='ocrx_word' id='word_1_118' title='bbox 1297 1760 1311 1796; x_wconf 90' lang='lat'><strong>:</strong></span> <span class='ocrx_word' id='word_1_119' title='bbox 1346 1756 1409 1794; x_wconf 88' lang='lat' dir='ltr'><strong>ac</strong></span> <span class='ocrx_word' id='word_1_120' title='bbox 1463 1741 1651 1795; x_wconf 85' lang='lat' dir='ltr'><strong>nescio</strong></span> <span class='ocrx_word' id='word_1_121' title='bbox 1683 1755 1824 1810; x_wconf 91' lang='lat' dir='ltr'><strong>quos</strong></span> <span class='ocrx_word' id='word_1_122' title='bbox 1853 1755 2037 1794; x_wconf 74' lang='lat' dir='ltr'><strong>zeonas</strong></span> <span class='ocrx_word' id='word_1_123' title='bbox 2070 1755 2100 1794; x_wconf 89' lang='lat' dir='ltr'><strong>c</strong></span> 
     </span>
    </p>
   </div>
   <div class='ocr_carea' id='block_1_20' title="bbox 2193 521 3781 603">
    <p class='ocr_par' dir='ltr' id='par_1_20' title="bbox 2193 521 3781 603">
     <span class='ocr_line' id='line_1_20' title="bbox 2193 521 3781 603; baseline -0.007 -18"><span class='ocrx_word' id='word_1_124' title='bbox 2193 535 2222 585; x_wconf 84' lang='grc' dir='ltr'>ὁ</span> <span class='ocrx_word' id='word_1_125' title='bbox 2256 529 2657 603; x_wconf 85' lang='grc' dir='ltr'><strong>προειρημένος</strong></span> <span class='ocrx_word' id='word_1_126' title='bbox 2686 526 2951 589; x_wconf 85' lang='grc' dir='ltr'>Τατιανὸς</span> <span class='ocrx_word' id='word_1_127' title='bbox 2984 524 3340 593; x_wconf 83' lang='grc' dir='ltr'><strong>συνακμάσας</strong></span> <span class='ocrx_word' id='word_1_128' title='bbox 3360 522 3429 574; x_wconf 83' lang='grc' dir='ltr'>τὰ</span> <span class='ocrx_word' id='word_1_129' title='bbox 3463 521 3658 592; x_wconf 83' lang='grc' dir='ltr'>πρῶτα</span> <span class='ocrx_word' id='word_1_130' title='bbox 3692 539 3781 574; x_wconf 89' lang='grc' dir='ltr'>κα-</span> 
     </span>
    </p>
   </div>
   <div class='ocr_carea' id='block_1_21' title="bbox 2197 613 3782 695">
    <p class='ocr_par' dir='ltr' id='par_1_21' title="bbox 2197 613 3782 695">
     <span class='ocr_line' id='line_1_21' title="bbox 2197 613 3782 695; baseline -0.008 -18"><span class='ocrx_word' id='word_1_131' title='bbox 2197 626 2304 688; x_wconf 82' lang='grc' dir='ltr'><strong>λῶς</strong></span> <span class='ocrx_word' id='word_1_132' title='bbox 2339 625 2660 695; x_wconf 84' lang='grc' dir='ltr'>φερόμενος,</span> <span class='ocrx_word' id='word_1_133' title='bbox 2697 621 2791 676; x_wconf 79' lang='grc' dir='ltr'><strong>καὶ</strong></span> <span class='ocrx_word' id='word_1_134' title='bbox 2816 622 2882 691; x_wconf 82' lang='grc' dir='ltr'>τῇ</span> <span class='ocrx_word' id='word_1_135' title='bbox 2909 619 3091 672; x_wconf 81' lang='grc' dir='ltr'>πίστει</span> <span class='ocrx_word' id='word_1_136' title='bbox 3125 615 3437 689; x_wconf 68' lang='grc' dir='ltr'>ἐρρωμένος</span> <span class='ocrx_word' id='word_1_137' title='bbox 3462 613 3782 683; x_wconf 72' lang='grc' dir='ltr'>ἐτύγχανεν,</span> 
     </span>
    </p>
   </div>
   <div class='ocr_carea' id='block_1_22' title="bbox 2196 703 3786 787">
    <p class='ocr_par' dir='ltr' id='par_1_22' title="bbox 2196 703 3786 787">
     <span class='ocr_line' id='line_1_22' title="bbox 2196 703 3786 787; baseline -0.009 -18"><span class='ocrx_word' id='word_1_138' title='bbox 2196 717 2320 769; x_wconf 83' lang='grc' dir='ltr'>ὅσον</span> <span class='ocrx_word' id='word_1_139' title='bbox 2351 712 2419 787; x_wconf 79' lang='grc' dir='ltr'>ἦν</span> <span class='ocrx_word' id='word_1_140' title='bbox 2452 715 2549 768; x_wconf 77' lang='grc' dir='ltr'><strong>σὺν</strong></span> <span class='ocrx_word' id='word_1_141' title='bbox 2578 712 2656 784; x_wconf 81' lang='grc' dir='ltr'>τῷ</span> <span class='ocrx_word' id='word_1_142' title='bbox 2691 712 2832 782; x_wconf 83' lang='grc' dir='ltr'>ἁγίῳ</span> <span class='ocrx_word' id='word_1_143' title='bbox 2855 708 3236 779; x_wconf 80' lang='grc' dir='ltr'>Ἰουστίνῳ.τῷ</span> <span class='ocrx_word' id='word_1_144' title='bbox 3280 707 3541 779; x_wconf 80' lang='grc' dir='ltr'><strong>μάρτυρι.</strong></span> <span class='ocrx_word' id='word_1_145' title='bbox 3569 708 3697 757; x_wconf 82' lang='grc' dir='ltr'><strong>ὐτε</strong></span> <span class='ocrx_word' id='word_1_146' title='bbox 3726 703 3786 757; x_wconf 79' lang='grc' dir='ltr'><strong>δὲ</strong></span> 
     </span>
    </p>
   </div>
   <div class='ocr_carea' id='block_1_23' title="bbox 2197 797 3785 873">
    <p class='ocr_par' dir='ltr' id='par_1_23' title="bbox 2197 797 3785 873">
     <span class='ocr_line' id='line_1_23' title="bbox 2197 797 3785 873; baseline -0.009 -11"><span class='ocrx_word' id='word_1_147' title='bbox 2197 808 2449 862; x_wconf 74' lang='grc' dir='ltr'>ἐτελεύτα</span> <span class='ocrx_word' id='word_1_148' title='bbox 2490 807 2812 868; x_wconf 74' lang='grc' dir='ltr'>Ἰουςτῖνοςὸ</span> <span class='ocrx_word' id='word_1_149' title='bbox 2836 804 3009 872; x_wconf 86' lang='grc' dir='ltr'>ἆγιος,</span> <span class='ocrx_word' id='word_1_150' title='bbox 3042 800 3229 873; x_wconf 83' lang='grc' dir='ltr'>ὥσπερ</span> <span class='ocrx_word' id='word_1_151' title='bbox 3250 798 3266 831; x_wconf 82' lang='grc'>¹</span> <span class='ocrx_word' id='word_1_152' title='bbox 3288 797 3485 864; x_wconf 72' lang='grc' dir='ltr'>τυφλὸς</span> <span class='ocrx_word' id='word_1_153' title='bbox 3514 813 3785 868; x_wconf 87' lang='grc' dir='ltr'>χειραγω-</span> 
     </span>
    </p>
   </div>
   <div class='ocr_carea' id='block_1_24' title="bbox 2196 885 3788 968">
    <p class='ocr_par' dir='ltr' id='par_1_24' title="bbox 2196 885 3788 968">
     <span class='ocr_line' id='line_1_24' title="bbox 2196 885 3788 968; baseline -0.009 -17"><span class='ocrx_word' id='word_1_154' title='bbox 2196 899 2461 968; x_wconf 88' lang='grc' dir='ltr'>γούμενος</span> <span class='ocrx_word' id='word_1_155' title='bbox 2493 895 2598 949; x_wconf 78' lang='grc' dir='ltr'><strong>ὑπὸ</strong></span> <span class='ocrx_word' id='word_1_156' title='bbox 2633 892 2725 946; x_wconf 76' lang='grc' dir='ltr'>τοῦ</span> <span class='ocrx_word' id='word_1_157' title='bbox 2747 888 3090 963; x_wconf 81' lang='grc' dir='ltr'>χειραγωγοῦ</span> <span class='ocrx_word' id='word_1_158' title='bbox 3127 885 3536 956; x_wconf 79' lang='grc' dir='ltr'>καταλειφθείη,</span> <span class='ocrx_word' id='word_1_159' title='bbox 3570 886 3662 937; x_wconf 75' lang='grc' dir='ltr'><strong>καὶ</strong></span> <span class='ocrx_word' id='word_1_160' title='bbox 3686 901 3788 937; x_wconf 83' lang='grc' dir='ltr'>κα-</span> 
     </span>
    </p>
   </div>
   <div class='ocr_carea' id='block_1_25' title="bbox 2196 978 3786 1059">
    <p class='ocr_par' dir='ltr' id='par_1_25' title="bbox 2196 978 3786 1059">
     <span class='ocr_line' id='line_1_25' title="bbox 2196 978 3786 1059; baseline -0.011 -16"><span class='ocrx_word' id='word_1_161' title='bbox 2196 989 2505 1059; x_wconf 70' lang='grc' dir='ltr'>ταλειφθεὶς</span> <span class='ocrx_word' id='word_1_162' title='bbox 2531 988 2626 1040; x_wconf 73' lang='grc' dir='ltr'>ἐπὶ</span> <span class='ocrx_word' id='word_1_163' title='bbox 2659 984 2905 1057; x_wconf 79' lang='grc' dir='ltr'>κρημνὸν</span> <span class='ocrx_word' id='word_1_164' title='bbox 2938 983 3126 1037; x_wconf 80' lang='grc' dir='ltr'>ἑαυτὸν</span> <span class='ocrx_word' id='word_1_165' title='bbox 3158 982 3345 1044; x_wconf 73' lang='grc' dir='ltr'>ἐκδοὺς</span> <span class='ocrx_word' id='word_1_166' title='bbox 3372 978 3460 1032; x_wconf 82' lang='grc' dir='ltr'>διὰ</span> <span class='ocrx_word' id='word_1_167' title='bbox 3491 978 3591 1049; x_wconf 82' lang='grc' dir='ltr'>τὴν</span> <span class='ocrx_word' id='word_1_168' title='bbox 3620 992 3786 1047; x_wconf 85' lang='grc' dir='ltr'>προσ-</span> 
     </span>
    </p>
   </div>
   <div class='ocr_carea' id='block_1_26' title="bbox 2197 1064 3784 1151">
    <p class='ocr_par' dir='ltr' id='par_1_26' title="bbox 2197 1064 3784 1151">
     <span class='ocr_line' id='line_1_26' title="bbox 2197 1064 3784 1151; baseline -0.01 -15"><span class='ocrx_word' id='word_1_169' title='bbox 2197 1083 2364 1136; x_wconf 80' lang='grc' dir='ltr'>οῦσαν</span> <span class='ocrx_word' id='word_1_170' title='bbox 2408 1080 2558 1151; x_wconf 84' lang='grc' dir='ltr'>αὐτῷ</span> <span class='ocrx_word' id='word_1_171' title='bbox 2588 1079 2900 1148; x_wconf 82' lang='grc' dir='ltr'>τύφλωσιν,</span> <span class='ocrx_word' id='word_1_172' title='bbox 2950 1075 3321 1145; x_wconf 79' lang='grc' dir='ltr'>καταφέρεται</span> <span class='ocrx_word' id='word_1_173' title='bbox 3370 1064 3784 1140; x_wconf 82' lang='grc' dir='ltr'>ἀνεπισχέτως,</span> 
     </span>
    </p>
   </div>
   <div class='ocr_carea' id='block_1_27' title="bbox 2198 1163 3584 1239">
    <p class='ocr_par' dir='ltr' id='par_1_27' title="bbox 2198 1163 3584 1239">
     <span class='ocr_line' id='line_1_27' title="bbox 2198 1163 3584 1239; baseline -0.009 -11"><span class='ocrx_word' id='word_1_174' title='bbox 2198 1175 2304 1236; x_wconf 79' lang='grc' dir='ltr'>ἓως</span> <span class='ocrx_word' id='word_1_175' title='bbox 2338 1175 2414 1237; x_wconf 85' lang='grc' dir='ltr'>εἰς</span> <span class='ocrx_word' id='word_1_176' title='bbox 2440 1173 2669 1227; x_wconf 85' lang='grc' dir='ltr'>θάνατον</span> <span class='ocrx_word' id='word_1_177' title='bbox 2696 1168 3048 1239; x_wconf 82' lang='grc' dir='ltr'>κατενεχθείη</span> <span class='ocrx_word' id='word_1_178' title='bbox 3068 1183 3080 1197; x_wconf 86' lang='grc'><strong>·</strong></span> <span class='ocrx_word' id='word_1_179' title='bbox 3110 1166 3251 1220; x_wconf 74' lang='grc' dir='ltr'>οὕτω</span> <span class='ocrx_word' id='word_1_180' title='bbox 3275 1166 3369 1218; x_wconf 80' lang='grc' dir='ltr'>καὶ</span> <span class='ocrx_word' id='word_1_181' title='bbox 3401 1163 3584 1226; x_wconf 79' lang='grc' dir='ltr'>αὑτός.</span> 
     </span>
    </p>
   </div>
   <div class='ocr_carea' id='block_1_28' title="bbox 2270 1250 3786 1334">
    <p class='ocr_par' dir='ltr' id='par_1_28' title="bbox 2270 1250 3786 1334">
     <span class='ocr_line' id='line_1_28' title="bbox 2270 1250 3786 1334; baseline -0.011 -17"><span class='ocrx_word' id='word_1_182' title='bbox 2270 1264 2383 1317; x_wconf 72' lang='grc' dir='ltr'><strong>Καὶ</strong></span> <span class='ocrx_word' id='word_1_183' title='bbox 2403 1259 2469 1334; x_wconf 79' lang='grc' dir='ltr'>ἦν</span> <span class='ocrx_word' id='word_1_184' title='bbox 2506 1263 2601 1334; x_wconf 84' lang='grc' dir='ltr'>μὲν</span> <span class='ocrx_word' id='word_1_185' title='bbox 2629 1262 2797 1333; x_wconf 86' lang='grc' dir='ltr'>Σύρος</span> <span class='ocrx_word' id='word_1_186' title='bbox 2823 1260 2883 1312; x_wconf 89' lang='grc' dir='ltr'><strong>τὸ</strong></span> <span class='ocrx_word' id='word_1_187' title='bbox 2905 1260 3086 1328; x_wconf 89' lang='grc' dir='ltr'>γένος,</span> <span class='ocrx_word' id='word_1_188' title='bbox 3116 1257 3245 1327; x_wconf 84' lang='grc' dir='ltr'><strong>ὼςή</strong></span> <span class='ocrx_word' id='word_1_189' title='bbox 3276 1257 3354 1319; x_wconf 84' lang='grc' dir='ltr'><strong>είς</strong></span> <span class='ocrx_word' id='word_1_190' title='bbox 3378 1255 3525 1325; x_wconf 81' lang='grc' dir='ltr'>ἡμᾶς</span> <span class='ocrx_word' id='word_1_191' title='bbox 3558 1250 3786 1305; x_wconf 77' lang='grc' dir='ltr'>ἐλθοῦσα</span> 
     </span>
    </p>
   </div>
   <div class='ocr_carea' id='block_1_29' title="bbox 2200 1343 3789 1426">
    <p class='ocr_par' dir='ltr' id='par_1_29' title="bbox 2200 1343 3789 1426">
     <span class='ocr_line' id='line_1_29' title="bbox 2200 1343 3789 1426; baseline -0.01 -16"><span class='ocrx_word' id='word_1_192' title='bbox 2200 1356 2402 1425; x_wconf 80' lang='grc' dir='ltr'>γνῶσις</span> <span class='ocrx_word' id='word_1_193' title='bbox 2435 1356 2709 1426; x_wconf 82' lang='grc' dir='ltr'>περιέχει’</span> <span class='ocrx_word' id='word_1_194' title='bbox 2745 1353 2805 1406; x_wconf 85' lang='grc' dir='ltr'><strong>τὸ</strong></span> <span class='ocrx_word' id='word_1_195' title='bbox 2827 1353 2884 1405; x_wconf 82' lang='grc' dir='ltr'>δὲ</span> <span class='ocrx_word' id='word_1_196' title='bbox 2917 1351 3083 1405; x_wconf 78' lang='grc' dir='ltr'>αὑτοῦ</span> <span class='ocrx_word' id='word_1_197' title='bbox 3109 1348 3484 1403; x_wconf 83' lang='grc' dir='ltr'>διδασκαλεῖον</span> <span class='ocrx_word' id='word_1_198' title='bbox 3518 1343 3789 1417; x_wconf 83' lang='grc' dir='ltr'>προεστή-</span> 
     </span>
    </p>
   </div>
   <div class='ocr_carea' id='block_1_30' title="bbox 2202 1435 3787 1520">
    <p class='ocr_par' dir='ltr' id='par_1_30' title="bbox 2202 1435 3787 1520">
     <span class='ocr_line' id='line_1_30' title="bbox 2202 1435 3787 1520; baseline -0.01 -16"><span class='ocrx_word' id='word_1_199' title='bbox 2202 1468 2333 1504; x_wconf 89' lang='grc' dir='ltr'>σατο</span> <span class='ocrx_word' id='word_1_200' title='bbox 2370 1450 2464 1503; x_wconf 76' lang='grc' dir='ltr'><strong>ἀπ’</strong></span> <span class='ocrx_word' id='word_1_201' title='bbox 2505 1448 2680 1520; x_wconf 81' lang='grc' dir='ltr'>ἀρχῆς</span> <span class='ocrx_word' id='word_1_202' title='bbox 2713 1448 2811 1518; x_wconf 81' lang='grc' dir='ltr'><strong>μὲν</strong></span> <span class='ocrx_word' id='word_1_203' title='bbox 2861 1447 2920 1499; x_wconf 80' lang='grc' dir='ltr'>ὲν</span> <span class='ocrx_word' id='word_1_204' title='bbox 2953 1448 3018 1516; x_wconf 82' lang='grc' dir='ltr'>τῇ</span> <span class='ocrx_word' id='word_1_205' title='bbox 3066 1444 3223 1514; x_wconf 76' lang='grc' dir='ltr'>Μέση</span> <span class='ocrx_word' id='word_1_206' title='bbox 3266 1441 3373 1494; x_wconf 83' lang='grc' dir='ltr'><strong>τῶν</strong></span> <span class='ocrx_word' id='word_1_207' title='bbox 3410 1437 3671 1508; x_wconf 84' lang='grc' dir='ltr'>ποταμῶν</span> <span class='ocrx_word' id='word_1_208' title='bbox 3711 1435 3787 1499; x_wconf 88' lang='grc' dir='ltr'>ὡς</span> 
     </span>
    </p>
   </div>
   <div class='ocr_carea' id='block_1_31' title="bbox 2202 1525 3788 1614">
    <p class='ocr_par' dir='ltr' id='par_1_31' title="bbox 2202 1525 3788 1614">
     <span class='ocr_line' id='line_1_31' title="bbox 2202 1525 3788 1614; baseline -0.011 -19"><span class='ocrx_word' id='word_1_209' title='bbox 2202 1543 2331 1614; x_wconf 78' lang='grc' dir='ltr'>περὶ</span> <span class='ocrx_word' id='word_1_210' title='bbox 2360 1541 2422 1594; x_wconf 80' lang='grc' dir='ltr'>τὸ</span> <span class='ocrx_word' id='word_1_211' title='bbox 2455 1540 2751 1594; x_wconf 84' lang='grc' dir='ltr'>δωδέκατον</span> <span class='ocrx_word' id='word_1_212' title='bbox 2782 1538 2899 1601; x_wconf 77' lang='grc' dir='ltr'>ἔτος</span> <span class='ocrx_word' id='word_1_213' title='bbox 2918 1538 3031 1607; x_wconf 67' lang='lat'><strong>(92)</strong></span> <span class='ocrx_word' id='word_1_214' title='bbox 3062 1533 3379 1588; x_wconf 82' lang='grc' dir='ltr'>Ἀντωνίνου</span> <span class='ocrx_word' id='word_1_215' title='bbox 3399 1530 3492 1583; x_wconf 78' lang='grc' dir='ltr'><strong>τοῦ</strong></span> <span class='ocrx_word' id='word_1_216' title='bbox 3517 1525 3788 1589; x_wconf 72' lang='grc' dir='ltr'>Εὐσεϐοῦς</span> 
     </span>
    </p>
   </div>
   <div class='ocr_carea' id='block_1_32' title="bbox 2202 1619 3788 1702">
    <p class='ocr_par' dir='ltr' id='par_1_32' title="bbox 2202 1619 3788 1702">
     <span class='ocr_line' id='line_1_32' title="bbox 2202 1619 3788 1702; baseline -0.009 -17"><span class='ocrx_word' id='word_1_217' title='bbox 2202 1633 2482 1702; x_wconf 81' lang='grc' dir='ltr'>Καίσαρος</span> <span class='ocrx_word' id='word_1_218' title='bbox 2509 1628 2916 1698; x_wconf 73' lang='grc' dir='ltr'>ἐπικληθέντος.</span> <span class='ocrx_word' id='word_1_219' title='bbox 2963 1625 3095 1679; x_wconf 84' lang='grc' dir='ltr'><strong>Ἀπὸ</strong></span> <span class='ocrx_word' id='word_1_220' title='bbox 3128 1623 3345 1694; x_wconf 83' lang='grc' dir='ltr'><strong>Ῥώμης</strong></span> <span class='ocrx_word' id='word_1_221' title='bbox 3382 1622 3491 1693; x_wconf 83' lang='grc' dir='ltr'><strong>γὰρ</strong></span> <span class='ocrx_word' id='word_1_222' title='bbox 3524 1620 3661 1692; x_wconf 83' lang='grc' dir='ltr'>μετά</span> <span class='ocrx_word' id='word_1_223' title='bbox 3689 1619 3788 1688; x_wconf 78' lang='grc' dir='ltr'><strong>τὴν</strong></span> 
     </span>
    </p>
   </div>
   <div class='ocr_carea' id='block_1_33' title="bbox 2202 1710 3789 1791">
    <p class='ocr_par' dir='ltr' id='par_1_33' title="bbox 2202 1710 3789 1791">
     <span class='ocr_line' id='line_1_33' title="bbox 2202 1710 3789 1791; baseline -0.009 -15"><span class='ocrx_word' id='word_1_224' title='bbox 2202 1723 2296 1776; x_wconf 76' lang='grc' dir='ltr'>τοῦ</span> <span class='ocrx_word' id='word_1_225' title='bbox 2333 1722 2490 1791; x_wconf 82' lang='grc' dir='ltr'>ἁγίου</span> <span class='ocrx_word' id='word_1_226' title='bbox 2538 1720 2824 1773; x_wconf 77' lang='grc' dir='ltr'>Ἰουστίνου</span> <span class='ocrx_word' id='word_1_227' title='bbox 2866 1718 3144 1771; x_wconf 76' lang='grc' dir='ltr'>τελείωσιν</span> <span class='ocrx_word' id='word_1_228' title='bbox 3174 1714 3398 1768; x_wconf 86' lang='grc' dir='ltr'>διελθὼν</span> <span class='ocrx_word' id='word_1_229' title='bbox 3441 1713 3535 1766; x_wconf 73' lang='grc' dir='ltr'><strong>ἐπὶ</strong></span> <span class='ocrx_word' id='word_1_230' title='bbox 3577 1711 3646 1764; x_wconf 80' lang='grc' dir='ltr'><strong>τὰ.</strong></span> <span class='ocrx_word' id='word_1_231' title='bbox 3690 1710 3789 1779; x_wconf 78' lang='grc' dir='ltr'><strong>τῆς</strong></span> 
     </span>
    </p>
   </div>
   <div class='ocr_carea' id='block_1_34' title="bbox 512 1803 2102 1904">
    <p class='ocr_par' dir='ltr' id='par_1_34' title="bbox 512 1803 2095 1904">
     <span class='ocr_line' id='line_1_34' title="bbox 512 1803 2095 1904; baseline -0.003 -13"><span class='ocrx_word' id='word_1_232' title='bbox 512 1803 911 1895; x_wconf 67' lang='grc' dir='ltr'>νοιοηιίηίιιηίε</span> <span class='ocrx_word' id='word_1_233' title='bbox 942 1836 1162 1898; x_wconf 88' lang='lat' dir='ltr'><strong>fabulis,</strong></span> <span class='ocrx_word' id='word_1_234' title='bbox 1195 1849 1259 1888; x_wconf 88' lang='lat' dir='ltr'><strong>ac</strong></span> <span class='ocrx_word' id='word_1_235' title='bbox 1302 1834 1571 1904; x_wconf 89' lang='lat' dir='ltr'><strong>principia</strong></span> <span class='ocrx_word' id='word_1_236' title='bbox 1604 1803 1851 1903; x_wconf 67' lang='lat' dir='ltr'><strong>quaedam</strong></span> <span class='ocrx_word' id='word_1_237' title='bbox 1884 1850 1949 1887; x_wconf 90' lang='lat' dir='ltr'><strong>ac</strong></span> <span class='ocrx_word' id='word_1_238' title='bbox 1980 1848 2095 1903; x_wconf 53' lang='lat' dir='ltr'><strong>pro.</strong></span> 
     </span>
    </p>
   </div>
   <div class='ocr_carea' id='block_1_35' title="bbox 2204 1803 3789 1904">
    <p class='ocr_par' dir='ltr' id='par_1_35' title="bbox 2204 1803 3789 1885">
     <span class='ocr_line' id='line_1_35' title="bbox 2204 1803 3789 1885; baseline -0.01 -15"><span class='ocrx_word' id='word_1_239' title='bbox 2204 1816 2488 1884; x_wconf 82' lang='grc' dir='ltr'>’Λνατολῆς</span> <span class='ocrx_word' id='word_1_240' title='bbox 2526 1815 2691 1885; x_wconf 85' lang='grc' dir='ltr'>μέρη,</span> <span class='ocrx_word' id='word_1_241' title='bbox 2731 1813 2830 1866; x_wconf 73' lang='grc' dir='ltr'>καὶ</span> <span class='ocrx_word' id='word_1_242' title='bbox 2854 1812 3034 1864; x_wconf 79' lang='grc' dir='ltr'>ἐκεῖσε</span> <span class='ocrx_word' id='word_1_243' title='bbox 3059 1808 3371 1879; x_wconf 77' lang='grc' dir='ltr'>διατρίϐων,</span> <span class='ocrx_word' id='word_1_244' title='bbox 3404 1809 3549 1876; x_wconf 85' lang='grc' dir='ltr'>κακῇ</span> <span class='ocrx_word' id='word_1_245' title='bbox 3581 1803 3789 1873; x_wconf 59' lang='grc' dir='ltr'>διανοίᾳ.</span> 
     </span>
    </p>
   </div>
   <div class='ocr_carea' id='block_1_36' title="bbox 512 1926 2100 2003">
    <p class='ocr_par' dir='ltr' id='par_1_36' title="bbox 512 1926 2100 2003">
     <span class='ocr_line' id='line_1_36' title="bbox 512 1926 2100 2003; baseline -0.004 -18"><span class='ocrx_word' id='word_1_246' title='bbox 512 1932 835 2003; x_wconf 85' lang='lat' dir='ltr'><strong>pagationes</strong></span> <span class='ocrx_word' id='word_1_247' title='bbox 869 1936 1216 1984; x_wconf 90' lang='lat' dir='ltr'><strong>commentus</strong></span> <span class='ocrx_word' id='word_1_248' title='bbox 1252 1935 1357 1982; x_wconf 88' lang='lat' dir='ltr'><strong>est.</strong></span> <span class='ocrx_word' id='word_1_249' title='bbox 1401 1926 1505 1981; x_wconf 87' lang='lat' dir='ltr'><strong>Sed</strong></span> <span class='ocrx_word' id='word_1_250' title='bbox 1536 1926 1825 1981; x_wconf 85' lang='lat' dir='ltr'><strong>Antiochia</strong></span> <span class='ocrx_word' id='word_1_251' title='bbox 1871 1943 2100 1997; x_wconf 71' lang='lat' dir='ltr'><strong>praeser-</strong></span> 
     </span>
    </p>
   </div>
   <div class='ocr_carea' id='block_1_37' title="bbox 509 2018 2097 2093">
    <p class='ocr_par' dir='ltr' id='par_1_37' title="bbox 509 2018 2097 2093">
     <span class='ocr_line' id='line_1_37' title="bbox 509 2018 2097 2093; baseline -0.004 -16"><span class='ocrx_word' id='word_1_252' title='bbox 509 2025 641 2087; x_wconf 90' lang='lat' dir='ltr'><strong>tim,</strong></span> <span class='ocrx_word' id='word_1_253' title='bbox 675 2036 796 2093; x_wconf 67' lang='lat' dir='ltr'><strong>qnaa</strong></span> <span class='ocrx_word' id='word_1_254' title='bbox 834 2021 901 2075; x_wconf 91' lang='lat' dir='ltr'><strong>ad</strong></span> <span class='ocrx_word' id='word_1_255' title='bbox 938 2019 1199 2090; x_wconf 81' lang='lat' dir='ltr'><strong>Daphnen</strong></span> <span class='ocrx_word' id='word_1_256' title='bbox 1238 2028 1341 2083; x_wconf 86' lang='lat' dir='ltr'><strong>est,</strong></span> <span class='ocrx_word' id='word_1_257' title='bbox 1381 2020 1529 2074; x_wconf 88' lang='lat' dir='ltr'><strong>illius</strong></span> <span class='ocrx_word' id='word_1_258' title='bbox 1562 2018 1757 2088; x_wconf 80' lang='lat' dir='ltr'><strong>dogma</strong></span> <span class='ocrx_word' id='word_1_259' title='bbox 1790 2018 2097 2072; x_wconf 89' lang='lat' dir='ltr'><strong>derivatum</strong></span> 
     </span>
    </p>
   </div>
   <div class='ocr_carea' id='block_1_38' title="bbox 509 2107 2099 2177">
    <p class='ocr_par' dir='ltr' id='par_1_38' title="bbox 509 2107 2099 2177">
     <span class='ocr_line' id='line_1_38' title="bbox 509 2107 2099 2177; baseline -0.004 -11"><span class='ocrx_word' id='word_1_260' title='bbox 509 2114 563 2166; x_wconf 92' lang='lat' dir='ltr'><strong>in</strong></span> <span class='ocrx_word' id='word_1_261' title='bbox 605 2112 796 2168; x_wconf 90' lang='lat' dir='ltr'><strong>Cilicia</strong></span> <span class='ocrx_word' id='word_1_262' title='bbox 831 2126 896 2165; x_wconf 92' lang='lat' dir='ltr'><strong>ac</strong></span> <span class='ocrx_word' id='word_1_263' title='bbox 926 2108 1131 2165; x_wconf 83' lang='lat' dir='ltr'><strong>Pisidia</strong></span> <span class='ocrx_word' id='word_1_264' title='bbox 1183 2108 1506 2177; x_wconf 88' lang='lat' dir='ltr'><strong>cumprimis</strong></span> <span class='ocrx_word' id='word_1_265' title='bbox 1535 2108 1762 2161; x_wconf 88' lang='lat' dir='ltr'><strong>coaluit.</strong></span> <span class='ocrx_word' id='word_1_266' title='bbox 1789 2107 1927 2162; x_wconf 89' lang='lat' dir='ltr'><strong>llinc</strong></span> <span class='ocrx_word' id='word_1_267' title='bbox 1954 2107 2099 2162; x_wconf 91' lang='lat' dir='ltr'><strong>enim</strong></span> 
     </span>
    </p>
   </div>
   <div class='ocr_carea' id='block_1_39' title="bbox 514 2199 2099 2269">
    <p class='ocr_par' dir='ltr' id='par_1_39' title="bbox 514 2199 2099 2269">
     <span class='ocr_line' id='line_1_39' title="bbox 514 2199 2099 2269; baseline -0.003 -13"><span class='ocrx_word' id='word_1_268' title='bbox 514 2204 920 2258; x_wconf 86' lang='lat' dir='ltr'><strong>Encratitarnm</strong></span> <span class='ocrx_word' id='word_1_269' title='bbox 958 2208 1079 2255; x_wconf 89' lang='lat' dir='ltr'><strong>orta</strong></span> <span class='ocrx_word' id='word_1_270' title='bbox 1128 2200 1408 2255; x_wconf 84' lang='lat' dir='ltr'><strong>successio</strong></span> <span class='ocrx_word' id='word_1_271' title='bbox 1441 2208 1560 2260; x_wconf 83' lang='lat' dir='ltr'><strong>est,</strong></span> <span class='ocrx_word' id='word_1_272' title='bbox 1600 2199 1800 2269; x_wconf 88' lang='lat' dir='ltr'><strong>quibus</strong></span> <span class='ocrx_word' id='word_1_273' title='bbox 1830 2214 2099 2253; x_wconf 85' lang='lat' dir='ltr'><strong>venenum</strong></span> 
     </span>
    </p>
   </div>
   <div class='ocr_carea' id='block_1_40' title="bbox 510 2292 2103 2365">
    <p class='ocr_par' dir='ltr' id='par_1_40' title="bbox 510 2292 2103 2365">
     <span class='ocr_line' id='line_1_40' title="bbox 510 2292 2103 2365; baseline -0.003 -16"><span class='ocrx_word' id='word_1_274' title='bbox 510 2293 647 2349; x_wconf 88' lang='lat' dir='ltr'><strong>illud</strong></span> <span class='ocrx_word' id='word_1_275' title='bbox 680 2309 988 2365; x_wconf 84' lang='lat' dir='ltr'><strong>aspersum.</strong></span> <span class='ocrx_word' id='word_1_276' title='bbox 1014 2292 1222 2347; x_wconf 87' lang='lat' dir='ltr'><strong>Ferunt</strong></span> <span class='ocrx_word' id='word_1_277' title='bbox 1253 2307 1392 2361; x_wconf 88' lang='lat' dir='ltr'><strong>opus</strong></span> <span class='ocrx_word' id='word_1_278' title='bbox 1418 2293 1548 2347; x_wconf 90' lang='lat' dir='ltr'><strong>illud</strong></span> <span class='ocrx_word' id='word_1_279' title='bbox 1580 2292 1723 2362; x_wconf 88' lang='lat' dir='ltr'><strong>quod</strong></span> <span class='ocrx_word' id='word_1_280' title='bbox 1753 2308 1815 2347; x_wconf 82' lang='lat' dir='ltr'><strong>ex</strong></span> <span class='ocrx_word' id='word_1_281' title='bbox 1847 2309 1899 2345; x_wconf 83' lang='lat' dir='ltr'><strong>iv</strong></span> <span class='ocrx_word' id='word_1_282' title='bbox 1929 2292 2103 2345; x_wconf 82' lang='lat' dir='ltr'><strong>Evan-</strong></span> 
     </span>
    </p>
   </div>
   <div class='ocr_carea' id='block_1_41' title="bbox 510 2384 2103 2457">
    <p class='ocr_par' dir='ltr' id='par_1_41' title="bbox 510 2384 2103 2457">
     <span class='ocr_line' id='line_1_41' title="bbox 510 2384 2103 2457; baseline -0.001 -16"><span class='ocrx_word' id='word_1_283' title='bbox 510 2386 666 2457; x_wconf 90' lang='lat' dir='ltr'><strong>geliis</strong></span> <span class='ocrx_word' id='word_1_284' title='bbox 699 2394 1015 2441; x_wconf 83' lang='lat' dir='ltr'><strong>contextum</strong></span> <span class='ocrx_word' id='word_1_285' title='bbox 1052 2393 1136 2439; x_wconf 88' lang='lat' dir='ltr'><strong>est</strong></span> <span class='ocrx_word' id='word_1_286' title='bbox 1158 2425 1173 2447; x_wconf 89' lang='lat'><strong>,</strong></span> <span class='ocrx_word' id='word_1_287' title='bbox 1206 2384 1464 2455; x_wconf 87' lang='lat' dir='ltr'><strong>quodque</strong></span> <span class='ocrx_word' id='word_1_288' title='bbox 1510 2384 1812 2440; x_wconf 89' lang='lat' dir='ltr'><strong>secundum</strong></span> <span class='ocrx_word' id='word_1_289' title='bbox 1846 2384 2103 2440; x_wconf 77' lang='lat' dir='ltr'><strong>H.br:eos</strong></span> 
     </span>
    </p>
   </div>
   <div class='ocr_carea' id='block_1_42' title="bbox 511 2477 1673 2546">
    <p class='ocr_par' dir='ltr' id='par_1_42' title="bbox 511 2477 1673 2546">
     <span class='ocr_line' id='line_1_42' title="bbox 511 2477 1673 2546; baseline -0.003 -13"><span class='ocrx_word' id='word_1_290' title='bbox 511 2478 760 2533; x_wconf 85' lang='lat' dir='ltr'><strong>nonnulli</strong></span> <span class='ocrx_word' id='word_1_291' title='bbox 804 2486 1021 2541; x_wconf 85' lang='lat' dir='ltr'><strong>vocant,</strong></span> <span class='ocrx_word' id='word_1_292' title='bbox 1054 2477 1124 2532; x_wconf 90' lang='lat' dir='ltr'><strong>ab</strong></span> <span class='ocrx_word' id='word_1_293' title='bbox 1167 2492 1233 2531; x_wconf 93' lang='lat' dir='ltr'><strong>co</strong></span> <span class='ocrx_word' id='word_1_294' title='bbox 1272 2477 1673 2546; x_wconf 80' lang='lat' dir='ltr'><strong>conscriptum.</strong></span> 
     </span>
    </p>
   </div>
   <div class='ocr_carea' id='block_1_43' title="bbox 585 2736 2102 2809">
    <p class='ocr_par' dir='ltr' id='par_1_43' title="bbox 585 2736 2102 2809">
     <span class='ocr_line' id='line_1_43' title="bbox 585 2736 2102 2809; baseline -0.003 -14"><span class='ocrx_word' id='word_1_295' title='bbox 585 2739 646 2797; x_wconf 93' lang='lat' dir='ltr'><strong>ll.</strong></span> <span class='ocrx_word' id='word_1_296' title='bbox 677 2739 948 2795; x_wconf 63' lang='lat' dir='ltr'><strong>Caeterum</strong></span> <span class='ocrx_word' id='word_1_297' title='bbox 979 2738 1169 2794; x_wconf 90' lang='lat' dir='ltr'><strong>eadem</strong></span> <span class='ocrx_word' id='word_1_298' title='bbox 1203 2736 1318 2794; x_wconf 88' lang='lat' dir='ltr'><strong>fere</strong></span> <span class='ocrx_word' id='word_1_299' title='bbox 1365 2752 1491 2792; x_wconf 93' lang='lat' dir='ltr'><strong>cum</strong></span> <span class='ocrx_word' id='word_1_300' title='bbox 1522 2736 1761 2809; x_wconf 87' lang='lat' dir='ltr'><strong>antiquis</strong></span> <span class='ocrx_word' id='word_1_301' title='bbox 1800 2736 2102 2793; x_wconf 74' lang='lat' dir='ltr'><strong>lueresibns</strong></span> 
     </span>
    </p>
   </div>
   <div class='ocr_carea' id='block_1_44' title="bbox 512 2830 2099 2902">
    <p class='ocr_par' dir='ltr' id='par_1_44' title="bbox 512 2830 2099 2902">
     <span class='ocr_line' id='line_1_44' title="bbox 512 2830 2099 2902; baseline -0.001 -15"><span class='ocrx_word' id='word_1_302' title='bbox 512 2831 777 2887; x_wconf 77' lang='lat' dir='ltr'><strong>defendit.</strong></span> <span class='ocrx_word' id='word_1_303' title='bbox 811 2832 892 2885; x_wconf 90' lang='lat' dir='ltr'><strong>Ac</strong></span> <span class='ocrx_word' id='word_1_304' title='bbox 937 2834 1174 2901; x_wconf 90' lang='lat' dir='ltr'><strong>primum</strong></span> <span class='ocrx_word' id='word_1_305' title='bbox 1208 2830 1478 2885; x_wconf 88' lang='lat' dir='ltr'><strong>Adamum</strong></span> <span class='ocrx_word' id='word_1_306' title='bbox 1512 2840 1674 2902; x_wconf 87' lang='lat' dir='ltr'><strong>negat</strong></span> <span class='ocrx_word' id='word_1_307' title='bbox 1712 2846 1837 2887; x_wconf 89' lang='lat' dir='ltr'><strong>esse</strong></span> <span class='ocrx_word' id='word_1_308' title='bbox 1867 2832 2099 2886; x_wconf 84' lang='lat' dir='ltr'><strong>salvum.</strong></span> 
     </span>
    </p>
   </div>
   <div class='ocr_carea' id='block_1_45' title="bbox 513 2923 2101 2995">
    <p class='ocr_par' dir='ltr' id='par_1_45' title="bbox 513 2923 2101 2995">
     <span class='ocr_line' id='line_1_45' title="bbox 513 2923 2101 2995; baseline 0.003 -20"><span class='ocrx_word' id='word_1_309' title='bbox 513 2923 720 2979; x_wconf 85' lang='lat' dir='ltr'><strong>Deinde</strong></span> <span class='ocrx_word' id='word_1_310' title='bbox 757 2923 1155 2978; x_wconf 87' lang='lat' dir='ltr'><strong>continentiam</strong></span> <span class='ocrx_word' id='word_1_311' title='bbox 1207 2923 1563 2994; x_wconf 65' lang='lat' dir='ltr'><strong>caelibemque</strong></span> <span class='ocrx_word' id='word_1_312' title='bbox 1612 2924 1779 2977; x_wconf 85' lang='lat' dir='ltr'><strong>vitam</strong></span> <span class='ocrx_word' id='word_1_313' title='bbox 1821 2925 2101 2995; x_wconf 65' lang='lat' dir='ltr'><strong>praedicat.</strong></span> 
     </span>
    </p>
   </div>
   <div class='ocr_carea' id='block_1_46' title="bbox 512 3007 2100 3088">
    <p class='ocr_par' dir='ltr' id='par_1_46' title="bbox 512 3007 2100 3088">
     <span class='ocr_line' id='line_1_46' title="bbox 512 3007 2100 3088; baseline 0.001 -18"><span class='ocrx_word' id='word_1_314' title='bbox 512 3012 743 3088; x_wconf 87' lang='lat' dir='ltr'><strong>Nuptias</strong></span> <span class='ocrx_word' id='word_1_315' title='bbox 793 3007 1125 3071; x_wconf 81' lang='lat' dir='ltr'><strong>adulterium</strong></span> <span class='ocrx_word' id='word_1_316' title='bbox 1180 3031 1303 3071; x_wconf 88' lang='lat' dir='ltr'><strong>esse</strong></span> <span class='ocrx_word' id='word_1_317' title='bbox 1353 3032 1565 3071; x_wconf 90' lang='lat' dir='ltr'><strong>merum</strong></span> <span class='ocrx_word' id='word_1_318' title='bbox 1618 3032 1682 3072; x_wconf 89' lang='lat' dir='ltr'><strong>ac</strong></span> <span class='ocrx_word' id='word_1_319' title='bbox 1734 3019 2100 3088; x_wconf 88' lang='lat' dir='ltr'><strong>corruptelam</strong></span> 
     </span>
    </p>
   </div>
   <div class='ocr_carea' id='block_1_47' title="bbox 511 3108 2098 3179">
    <p class='ocr_par' dir='ltr' id='par_1_47' title="bbox 511 3108 2098 3179">
     <span class='ocr_line' id='line_1_47' title="bbox 511 3108 2098 3179; baseline -0.001 -15"><span class='ocrx_word' id='word_1_320' title='bbox 511 3110 819 3174; x_wconf 77' lang='lat' dir='ltr'><strong>existimat;</strong></span> <span class='ocrx_word' id='word_1_321' title='bbox 856 3123 956 3163; x_wconf 92' lang='lat' dir='ltr'><strong>nec</strong></span> <span class='ocrx_word' id='word_1_322' title='bbox 992 3109 1061 3160; x_wconf 86' lang='lat' dir='ltr'><strong>ab</strong></span> <span class='ocrx_word' id='word_1_323' title='bbox 1092 3108 1185 3161; x_wconf 87' lang='lat' dir='ltr'><strong>illa</strong></span> <span class='ocrx_word' id='word_1_324' title='bbox 1222 3108 1542 3177; x_wconf 90' lang='lat' dir='ltr'><strong>discrepare</strong></span> <span class='ocrx_word' id='word_1_325' title='bbox 1577 3110 1941 3179; x_wconf 85' lang='lat' dir='ltr'><strong>penitus,scd_</strong></span> <span class='ocrx_word' id='word_1_326' title='bbox 1960 3110 2098 3164; x_wconf 89' lang='lat' dir='ltr'><strong>idem</strong></span> 
     </span>
    </p>
   </div>
   <div class='ocr_carea' id='block_1_48' title="bbox 2202 1897 3790 1980">
    <p class='ocr_par' dir='ltr' id='par_1_48' title="bbox 2202 1897 3790 1980">
     <span class='ocr_line' id='line_1_48' title="bbox 2202 1897 3790 1980; baseline -0.008 -18"><span class='ocrx_word' id='word_1_327' title='bbox 2202 1907 2541 1980; x_wconf 85' lang='grc' dir='ltr'>περιπεσὼν,</span> <span class='ocrx_word' id='word_1_328' title='bbox 2572 1907 2775 1969; x_wconf 82' lang='grc' dir='ltr'>αίῶνάς</span> <span class='ocrx_word' id='word_1_329' title='bbox 2798 1922 2951 1967; x_wconf 85' lang='grc' dir='ltr'>τινας</span> <span class='ocrx_word' id='word_1_330' title='bbox 2983 1902 3123 1957; x_wconf 84' lang='grc' dir='ltr'>κατὰ</span> <span class='ocrx_word' id='word_1_331' title='bbox 3150 1901 3276 1964; x_wconf 77' lang='grc' dir='ltr'>τοὺς</span> <span class='ocrx_word' id='word_1_332' title='bbox 3324 1900 3527 1972; x_wconf 83' lang='grc' dir='ltr'>μύθους</span> <span class='ocrx_word' id='word_1_333' title='bbox 3553 1897 3790 1952; x_wconf 81' lang='grc' dir='ltr'>Οὐαλεν-</span> 
     </span>
    </p>
   </div>
   <div class='ocr_carea' id='block_1_49' title="bbox 2198 1986 3791 2070">
    <p class='ocr_par' dir='ltr' id='par_1_49' title="bbox 2198 1986 3791 2070">
     <span class='ocr_line' id='line_1_49' title="bbox 2198 1986 3791 2070; baseline -0.008 -17"><span class='ocrx_word' id='word_1_334' title='bbox 2198 1986 2369 2063; x_wconf 68' lang='grc' dir='ltr'>τίνου,</span> <span class='ocrx_word' id='word_1_335' title='bbox 2405 2000 2503 2054; x_wconf 77' lang='grc' dir='ltr'><strong>καὶ</strong></span> <span class='ocrx_word' id='word_1_336' title='bbox 2532 2000 2704 2070; x_wconf 84' lang='grc' dir='ltr'>ἀρχάς</span> <span class='ocrx_word' id='word_1_337' title='bbox 2738 2015 2910 2060; x_wconf 86' lang='grc' dir='ltr'>τινας,</span> <span class='ocrx_word' id='word_1_338' title='bbox 2944 1996 3039 2049; x_wconf 78' lang='grc' dir='ltr'>καὶ</span> <span class='ocrx_word' id='word_1_339' title='bbox 3067 1993 3340 2065; x_wconf 74' lang='grc' dir='ltr'>προϐολάς</span> <span class='ocrx_word' id='word_1_340' title='bbox 3368 1991 3462 2044; x_wconf 74' lang='grc' dir='ltr'>καὶ</span> <span class='ocrx_word' id='word_1_341' title='bbox 3492 1989 3654 2052; x_wconf 69' lang='grc' dir='ltr'>αὐτὸς</span> <span class='ocrx_word' id='word_1_342' title='bbox 3680 1988 3791 2041; x_wconf 79' lang='grc' dir='ltr'>εἰσ-</span> 
     </span>
    </p>
   </div>
   <div class='ocr_carea' id='block_1_50' title="bbox 2199 2078 3791 2163">
    <p class='ocr_par' dir='ltr' id='par_1_50' title="bbox 2199 2078 3791 2163">
     <span class='ocr_line' id='line_1_50' title="bbox 2199 2078 3791 2163; baseline -0.01 -17"><span class='ocrx_word' id='word_1_343' title='bbox 2199 2094 2448 2163; x_wconf 87' lang='grc' dir='ltr'>ηγήσατο</span> <span class='ocrx_word' id='word_1_344' title='bbox 2470 2107 2484 2119; x_wconf 93' lang='grc'><strong>·</strong></span> <span class='ocrx_word' id='word_1_345' title='bbox 2518 2091 2580 2143; x_wconf 82' lang='grc' dir='ltr'><strong>τὸ</strong></span> <span class='ocrx_word' id='word_1_346' title='bbox 2600 2092 2655 2143; x_wconf 80' lang='grc' dir='ltr'><strong>δὲ</strong></span> <span class='ocrx_word' id='word_1_347' title='bbox 2687 2090 2937 2142; x_wconf 86' lang='grc' dir='ltr'>πλεῖστον</span> <span class='ocrx_word' id='word_1_348' title='bbox 2974 2086 3067 2140; x_wconf 79' lang='grc' dir='ltr'><strong>τοῦ</strong></span> <span class='ocrx_word' id='word_1_349' title='bbox 3104 2083 3265 2138; x_wconf 78' lang='grc' dir='ltr'>αὑτοῦ</span> <span class='ocrx_word' id='word_1_350' title='bbox 3298 2082 3654 2155; x_wconf 82' lang='grc' dir='ltr'>κηρύγματος</span> <span class='ocrx_word' id='word_1_351' title='bbox 3683 2078 3791 2132; x_wconf 81' lang='grc' dir='ltr'><strong>ἀπὸ</strong></span> 
     </span>
    </p>
   </div>
   <div class='ocr_carea' id='block_1_51' title="bbox 2213 2172 3789 2254">
    <p class='ocr_par' dir='ltr' id='par_1_51' title="bbox 2213 2172 3789 2254">
     <span class='ocr_line' id='line_1_51' title="bbox 2213 2172 3789 2254; baseline -0.008 -17"><span class='ocrx_word' id='word_1_352' title='bbox 2213 2184 2549 2254; x_wconf 77' lang='grc' dir='ltr'>’Δντιοχείας</span> <span class='ocrx_word' id='word_1_353' title='bbox 2581 2184 2678 2253; x_wconf 79' lang='grc' dir='ltr'><strong>τῆς</strong></span> <span class='ocrx_word' id='word_1_354' title='bbox 2712 2183 2845 2251; x_wconf 68' lang='grc' dir='ltr'>πρὸς</span> <span class='ocrx_word' id='word_1_355' title='bbox 2873 2180 3115 2249; x_wconf 85' lang='grc' dir='ltr'>Δάφνην,</span> <span class='ocrx_word' id='word_1_356' title='bbox 3150 2180 3244 2232; x_wconf 71' lang='grc' dir='ltr'><strong>καὶ</strong></span> <span class='ocrx_word' id='word_1_357' title='bbox 3278 2180 3369 2230; x_wconf 73' lang='grc' dir='ltr'>ἐπὶ</span> <span class='ocrx_word' id='word_1_358' title='bbox 3394 2178 3463 2229; x_wconf 79' lang='grc' dir='ltr'><strong>τά</strong></span> <span class='ocrx_word' id='word_1_359' title='bbox 3493 2175 3603 2229; x_wconf 82' lang='grc' dir='ltr'><strong>τῶν</strong></span> <span class='ocrx_word' id='word_1_360' title='bbox 3634 2172 3789 2226; x_wconf 82' lang='grc' dir='ltr'>Κιλί-</span> 
     </span>
    </p>
   </div>
   <div class='ocr_carea' id='block_1_52' title="bbox 2202 2267 3786 2348">
    <p class='ocr_par' dir='ltr' id='par_1_52' title="bbox 2202 2267 3786 2348">
     <span class='ocr_line' id='line_1_52' title="bbox 2202 2267 3786 2348; baseline -0.006 -19"><span class='ocrx_word' id='word_1_361' title='bbox 2202 2293 2315 2329; x_wconf 88' lang='grc' dir='ltr'><strong>κων</strong></span> <span class='ocrx_word' id='word_1_362' title='bbox 2360 2277 2526 2348; x_wconf 86' lang='grc' dir='ltr'>μέρη,</span> <span class='ocrx_word' id='word_1_363' title='bbox 2574 2276 2667 2327; x_wconf 76' lang='grc' dir='ltr'><strong>ἐπὶ</strong></span> <span class='ocrx_word' id='word_1_364' title='bbox 2710 2275 2894 2328; x_wconf 86' lang='grc' dir='ltr'>πλεῖον</span> <span class='ocrx_word' id='word_1_365' title='bbox 2921 2274 2979 2326; x_wconf 83' lang='grc' dir='ltr'>δὲ</span> <span class='ocrx_word' id='word_1_366' title='bbox 3008 2275 3064 2326; x_wconf 80' lang='grc' dir='ltr'>ὲν</span> <span class='ocrx_word' id='word_1_367' title='bbox 3108 2276 3176 2343; x_wconf 79' lang='grc' dir='ltr'>τῇ</span> <span class='ocrx_word' id='word_1_368' title='bbox 3207 2269 3425 2339; x_wconf 83' lang='grc' dir='ltr'>Πισιδίᾳ</span> <span class='ocrx_word' id='word_1_369' title='bbox 3468 2267 3786 2338; x_wconf 79' lang='grc' dir='ltr'>ὲκράτυνεν.</span> 
     </span>
    </p>
   </div>
   <div class='ocr_carea' id='block_1_53' title="bbox 2217 2357 3788 2437">
    <p class='ocr_par' dir='ltr' id='par_1_53' title="bbox 2217 2357 3788 2437">
     <span class='ocr_line' id='line_1_53' title="bbox 2217 2357 3788 2437; baseline -0.008 -17"><span class='ocrx_word' id='word_1_370' title='bbox 2217 2368 2350 2421; x_wconf 79' lang='grc' dir='ltr'>Ἀπὸ</span> <span class='ocrx_word' id='word_1_371' title='bbox 2369 2369 2562 2420; x_wconf 83' lang='grc' dir='ltr'>τούτου</span> <span class='ocrx_word' id='word_1_372' title='bbox 2593 2367 2702 2437; x_wconf 83' lang='grc' dir='ltr'><strong>γάρ</strong></span> <span class='ocrx_word' id='word_1_373' title='bbox 2732 2366 2875 2420; x_wconf 83' lang='grc' dir='ltr'>κατὰ</span> <span class='ocrx_word' id='word_1_374' title='bbox 2909 2365 3160 2435; x_wconf 75' lang='grc' dir='ltr'>διαδοχὴν</span> <span class='ocrx_word' id='word_1_375' title='bbox 3185 2365 3232 2415; x_wconf 78' lang='lat' dir='ltr'><strong>oi</strong></span> <span class='ocrx_word' id='word_1_376' title='bbox 3256 2362 3608 2431; x_wconf 79' lang='grc' dir='ltr'>Ἑγκρατῐται</span> <span class='ocrx_word' id='word_1_377' title='bbox 3631 2357 3788 2425; x_wconf 84' lang='grc' dir='ltr'>λεγό-</span> 
     </span>
    </p>
   </div>
   <div class='ocr_carea' id='block_1_54' title="bbox 2206 2448 3790 2529">
    <p class='ocr_par' dir='ltr' id='par_1_54' title="bbox 2206 2448 3790 2529">
     <span class='ocr_line' id='line_1_54' title="bbox 2206 2448 3790 2529; baseline -0.007 -17"><span class='ocrx_word' id='word_1_378' title='bbox 2206 2476 2359 2529; x_wconf 90' lang='grc' dir='ltr'>μενοι</span> <span class='ocrx_word' id='word_1_379' title='bbox 2411 2458 2505 2511; x_wconf 82' lang='grc' dir='ltr'>τοῦ</span> <span class='ocrx_word' id='word_1_380' title='bbox 2547 2459 2625 2512; x_wconf 82' lang='grc' dir='ltr'>ίοῦ</span> <span class='ocrx_word' id='word_1_381' title='bbox 2673 2458 3071 2529; x_wconf 77' lang='grc' dir='ltr'>μετεσχηκότες</span> <span class='ocrx_word' id='word_1_382' title='bbox 3106 2455 3431 2525; x_wconf 83' lang='grc' dir='ltr'>ὑπάρχουσι.</span> <span class='ocrx_word' id='word_1_383' title='bbox 3474 2452 3706 2520; x_wconf 81' lang='grc' dir='ltr'>Λέγεται</span> <span class='ocrx_word' id='word_1_384' title='bbox 3733 2448 3790 2501; x_wconf 79' lang='grc' dir='ltr'>δὲ</span> 
     </span>
    </p>
   </div>
   <div class='ocr_carea' id='block_1_55' title="bbox 2202 2540 3788 2623">
    <p class='ocr_par' dir='ltr' id='par_1_55' title="bbox 2202 2540 3788 2623">
     <span class='ocr_line' id='line_1_55' title="bbox 2202 2540 3788 2623; baseline -0.009 -18"><span class='ocrx_word' id='word_1_385' title='bbox 2202 2552 2263 2605; x_wconf 81' lang='grc' dir='ltr'>τὸ</span> <span class='ocrx_word' id='word_1_386' title='bbox 2291 2551 2379 2605; x_wconf 83' lang='grc' dir='ltr'>διὰ</span> <span class='ocrx_word' id='word_1_387' title='bbox 2404 2552 2686 2623; x_wconf 78' lang='grc' dir='ltr'>τεσσάρων</span> <span class='ocrx_word' id='word_1_388' title='bbox 2728 2549 3075 2617; x_wconf 85' lang='grc' dir='ltr'>Εύαγγελίων</span> <span class='ocrx_word' id='word_1_389' title='bbox 3114 2549 3205 2601; x_wconf 80' lang='grc' dir='ltr'>ὑπ’</span> <span class='ocrx_word' id='word_1_390' title='bbox 3238 2544 3404 2600; x_wconf 79' lang='grc' dir='ltr'>αὑτοῦ</span> <span class='ocrx_word' id='word_1_391' title='bbox 3438 2540 3788 2612; x_wconf 80' lang='grc' dir='ltr'>γεγενῆσθαι,</span> 
     </span>
    </p>
   </div>
   <div class='ocr_carea' id='block_1_56' title="bbox 2203 2636 3293 2712">
    <p class='ocr_par' dir='ltr' id='par_1_56' title="bbox 2203 2636 3293 2712">
     <span class='ocr_line' id='line_1_56' title="bbox 2203 2636 3293 2712; baseline -0.005 -19"><span class='ocrx_word' id='word_1_392' title='bbox 2203 2642 2340 2712; x_wconf 82' lang='grc' dir='ltr'>ὅπερ</span> <span class='ocrx_word' id='word_1_393' title='bbox 2375 2640 2517 2693; x_wconf 81' lang='grc' dir='ltr'>κατὰ</span> <span class='ocrx_word' id='word_1_394' title='bbox 2553 2641 2840 2710; x_wconf 72' lang='grc' dir='ltr'>Ἐὄραίους</span> <span class='ocrx_word' id='word_1_395' title='bbox 2871 2639 3016 2700; x_wconf 83' lang='grc' dir='ltr'>τινὲς</span> <span class='ocrx_word' id='word_1_396' title='bbox 3045 2636 3293 2690; x_wconf 73' lang='grc' dir='ltr'>καλοῦσι.</span> 
     </span>
    </p>
   </div>
   <div class='ocr_carea' id='block_1_57' title="bbox 2275 2716 3792 2798">
    <p class='ocr_par' dir='ltr' id='par_1_57' title="bbox 2275 2716 3792 2798">
     <span class='ocr_line' id='line_1_57' title="bbox 2275 2716 3792 2798; baseline -0.009 -13"><span class='ocrx_word' id='word_1_397' title='bbox 2275 2734 2348 2785; x_wconf 88' lang='grc' dir='ltr'><strong>Β’.</strong></span> <span class='ocrx_word' id='word_1_398' title='bbox 2390 2732 2472 2785; x_wconf 80' lang='grc' dir='ltr'><strong>Τά</strong></span> <span class='ocrx_word' id='word_1_399' title='bbox 2518 2731 2656 2785; x_wconf 82' lang='grc' dir='ltr'>αὐτὰ</span> <span class='ocrx_word' id='word_1_400' title='bbox 2690 2731 2745 2783; x_wconf 81' lang='grc' dir='ltr'>δὲ</span> <span class='ocrx_word' id='word_1_401' title='bbox 2784 2734 2905 2794; x_wconf 86' lang='grc' dir='ltr'>ταῖς</span> <span class='ocrx_word' id='word_1_402' title='bbox 2933 2730 3190 2792; x_wconf 84' lang='grc' dir='ltr'>παλαιαῖς</span> <span class='ocrx_word' id='word_1_403' title='bbox 3216 2726 3462 2798; x_wconf 74' lang='grc' dir='ltr'>αἱρέσεσι</span> <span class='ocrx_word' id='word_1_404' title='bbox 3509 2723 3605 2777; x_wconf 67' lang='grc' dir='ltr'><strong>καὶ</strong></span> <span class='ocrx_word' id='word_1_405' title='bbox 3639 2716 3792 2784; x_wconf 68' lang='grc' dir='ltr'>οὗτος</span> 
     </span>
    </p>
   </div>
   <div class='ocr_carea' id='block_1_58' title="bbox 2203 2821 3793 2898">
    <p class='ocr_par' dir='ltr' id='par_1_58' title="bbox 2203 2821 3793 2898">
     <span class='ocr_line' id='line_1_58' title="bbox 2203 2821 3793 2898; baseline -0.004 -18"><span class='ocrx_word' id='word_1_406' title='bbox 2203 2827 2538 2898; x_wconf 73' lang='grc' dir='ltr'>δογματίζει.</span> <span class='ocrx_word' id='word_1_407' title='bbox 2593 2826 2705 2879; x_wconf 77' lang='grc' dir='ltr'><strong>Καὶ</strong></span> <span class='ocrx_word' id='word_1_408' title='bbox 2754 2825 2971 2896; x_wconf 80' lang='grc' dir='ltr'>πρῶτον</span> <span class='ocrx_word' id='word_1_409' title='bbox 3032 2824 3129 2894; x_wconf 83' lang='grc' dir='ltr'><strong>μὲν</strong></span> <span class='ocrx_word' id='word_1_410' title='bbox 3158 2824 3357 2891; x_wconf 78' lang='grc' dir='ltr'>φάσκει</span> <span class='ocrx_word' id='word_1_411' title='bbox 3406 2821 3481 2892; x_wconf 80' lang='grc' dir='ltr'>μὴ</span> <span class='ocrx_word' id='word_1_412' title='bbox 3524 2821 3793 2885; x_wconf 78' lang='grc' dir='ltr'>σώζεσθαι</span> 
     </span>
    </p>
   </div>
   <div class='ocr_carea' id='block_1_59' title="bbox 2202 2910 3793 2989">
    <p class='ocr_par' dir='ltr' id='par_1_59' title="bbox 2202 2910 3793 2989">
     <span class='ocr_line' id='line_1_59' title="bbox 2202 2910 3793 2989; baseline -0.003 -18"><span class='ocrx_word' id='word_1_413' title='bbox 2202 2919 2295 2971; x_wconf 82' lang='grc' dir='ltr'><strong>τὸν</strong></span> <span class='ocrx_word' id='word_1_414' title='bbox 2350 2919 2545 2989; x_wconf 85' lang='grc' dir='ltr'>Ἀδάμ.</span> <span class='ocrx_word' id='word_1_415' title='bbox 2585 2918 2947 2988; x_wconf 80' lang='grc' dir='ltr'>Ἐγκράτειαν</span> <span class='ocrx_word' id='word_1_416' title='bbox 2977 2916 3034 2968; x_wconf 83' lang='grc' dir='ltr'>δὲ</span> <span class='ocrx_word' id='word_1_417' title='bbox 3072 2910 3225 2978; x_wconf 71' lang='grc' dir='ltr'>οὗτος</span> <span class='ocrx_word' id='word_1_418' title='bbox 3266 2913 3548 2985; x_wconf 84' lang='grc' dir='ltr'>κηρύττει.</span> <span class='ocrx_word' id='word_1_419' title='bbox 3594 2915 3699 2967; x_wconf 85' lang='grc' dir='ltr'><strong>Τὸν</strong></span> <span class='ocrx_word' id='word_1_420' title='bbox 3736 2914 3793 2967; x_wconf 83' lang='grc' dir='ltr'>δὲ</span> 
     </span>
    </p>
   </div>
   <div class='ocr_carea' id='block_1_60' title="bbox 2204 3008 3793 3082">
    <p class='ocr_par' dir='ltr' id='par_1_60' title="bbox 2204 3008 3793 3082">
     <span class='ocr_line' id='line_1_60' title="bbox 2204 3008 3793 3082; baseline -0.002 -18"><span class='ocrx_word' id='word_1_421' title='bbox 2204 3012 2381 3082; x_wconf 85' lang='grc' dir='ltr'>γάμον</span> <span class='ocrx_word' id='word_1_422' title='bbox 2408 3010 2664 3081; x_wconf 89' lang='grc' dir='ltr'>πορνείαν</span> <span class='ocrx_word' id='word_1_423' title='bbox 2698 3011 2793 3063; x_wconf 77' lang='grc' dir='ltr'><strong>καὶ</strong></span> <span class='ocrx_word' id='word_1_424' title='bbox 2822 3008 3027 3082; x_wconf 85' lang='grc' dir='ltr'>φθορὰν</span> <span class='ocrx_word' id='word_1_425' title='bbox 3073 3010 3324 3079; x_wconf 78' lang='grc' dir='ltr'>ἡγεῖται·</span> <span class='ocrx_word' id='word_1_426' title='bbox 3364 3008 3591 3079; x_wconf 89' lang='grc' dir='ltr'>φάσκων</span> <span class='ocrx_word' id='word_1_427' title='bbox 3628 3008 3793 3079; x_wconf 83' lang='grc' dir='ltr'>μηδὲν</span> 
     </span>
    </p>
   </div>
   <div class='ocr_carea' id='block_1_61' title="bbox 2204 3096 3791 3172">
    <p class='ocr_par' dir='ltr' id='par_1_61' title="bbox 2204 3096 3791 3172">
     <span class='ocr_line' id='line_1_61' title="bbox 2204 3096 3791 3172; baseline -0.001 -19"><span class='ocrx_word' id='word_1_428' title='bbox 2204 3101 2537 3155; x_wconf 80' lang='grc' dir='ltr'>διαλλάττειν</span> <span class='ocrx_word' id='word_1_429' title='bbox 2581 3101 2837 3172; x_wconf 87' lang='grc' dir='ltr'>πορνείας</span> <span class='ocrx_word' id='word_1_430' title='bbox 2862 3102 2954 3154; x_wconf 83' lang='grc' dir='ltr'><strong>τὸν</strong></span> <span class='ocrx_word' id='word_1_431' title='bbox 2978 3101 3178 3170; x_wconf 88' lang='grc' dir='ltr'>γάμον,</span> <span class='ocrx_word' id='word_1_432' title='bbox 3208 3100 3345 3153; x_wconf 74' lang='grc' dir='ltr'>ἀλλὰ</span> <span class='ocrx_word' id='word_1_433' title='bbox 3368 3101 3429 3153; x_wconf 82' lang='grc' dir='ltr'><strong>τὸ</strong></span> <span class='ocrx_word' id='word_1_434' title='bbox 3469 3100 3601 3155; x_wconf 84' lang='grc' dir='ltr'>αὐτὸ</span> <span class='ocrx_word' id='word_1_435' title='bbox 3630 3096 3791 3153; x_wconf 80' lang='grc' dir='ltr'>εἶναι.</span> 
     </span>
    </p>
   </div>
   <div class='ocr_carea' id='block_1_62' title="bbox 510 3188 2102 3268">
    <p class='ocr_par' dir='ltr' id='par_1_62' title="bbox 510 3197 2102 3268">
     <span class='ocr_line' id='line_1_62' title="bbox 510 3197 2102 3268; baseline 0.001 -16"><span class='ocrx_word' id='word_1_436' title='bbox 510 3208 563 3252; x_wconf 88' lang='lat' dir='ltr'><strong>et</strong></span> <span class='ocrx_word' id='word_1_437' title='bbox 592 3212 761 3252; x_wconf 91' lang='lat' dir='ltr'><strong>unum</strong></span> <span class='ocrx_word' id='word_1_438' title='bbox 803 3213 948 3251; x_wconf 89' lang='lat' dir='ltr'><strong>esse.</strong></span> <span class='ocrx_word' id='word_1_439' title='bbox 981 3197 1098 3262; x_wconf 91' lang='lat' dir='ltr'><strong>Qua</strong></span> <span class='ocrx_word' id='word_1_440' title='bbox 1148 3197 1371 3267; x_wconf 90' lang='lat' dir='ltr'><strong>quidem</strong></span> <span class='ocrx_word' id='word_1_441' title='bbox 1406 3198 1763 3253; x_wconf 71' lang='lat' dir='ltr'><strong>continentia:</strong></span> <span class='ocrx_word' id='word_1_442' title='bbox 1808 3214 1873 3252; x_wconf 92' lang='lat' dir='ltr'><strong>ac</strong></span> <span class='ocrx_word' id='word_1_443' title='bbox 1904 3200 2102 3268; x_wconf 86' lang='lat' dir='ltr'><strong>pudici-</strong></span> 
     </span>
    </p>
   </div>
   <div class='ocr_carea' id='block_1_63' title="bbox 2204 3188 3794 3268">
    <p class='ocr_par' dir='ltr' id='par_1_63' title="bbox 2212 3188 3794 3261">
     <span class='ocr_line' id='line_1_63' title="bbox 2212 3188 3794 3261; baseline -0.001 -18"><span class='ocrx_word' id='word_1_444' title='bbox 2212 3191 2375 3243; x_wconf 79' lang='grc' dir='ltr'>Ὅθεν</span> <span class='ocrx_word' id='word_1_445' title='bbox 2403 3192 2461 3243; x_wconf 85' lang='grc' dir='ltr'>ὲν</span> <span class='ocrx_word' id='word_1_446' title='bbox 2510 3190 2589 3261; x_wconf 79' lang='grc' dir='ltr'>τῷ</span> <span class='ocrx_word' id='word_1_447' title='bbox 2632 3192 2981 3260; x_wconf 77' lang='grc' dir='ltr'>προσχήματι</span> <span class='ocrx_word' id='word_1_448' title='bbox 3036 3190 3137 3259; x_wconf 79' lang='grc' dir='ltr'><strong>τῆς</strong></span> <span class='ocrx_word' id='word_1_449' title='bbox 3180 3190 3508 3261; x_wconf 78' lang='grc' dir='ltr'>ἐγκρατείας</span> <span class='ocrx_word' id='word_1_450' title='bbox 3561 3190 3655 3242; x_wconf 74' lang='grc' dir='ltr'><strong>καὶ</strong></span> <span class='ocrx_word' id='word_1_451' title='bbox 3699 3188 3794 3242; x_wconf 79' lang='grc' dir='ltr'>τοῦ</span> 
     </span>
    </p>
   </div>
   <div class='ocr_carea' id='block_1_64' title="bbox 509 3288 2109 3361">
    <p class='ocr_par' dir='ltr' id='par_1_64' title="bbox 509 3288 2109 3361">
     <span class='ocr_line' id='line_1_64' title="bbox 509 3288 2109 3361; baseline 0.001 -17"><span class='ocrx_word' id='word_1_452' title='bbox 509 3290 602 3344; x_wconf 70' lang='lat' dir='ltr'><strong>the</strong></span> <span class='ocrx_word' id='word_1_453' title='bbox 643 3288 802 3360; x_wconf 72' lang='lat'><strong>392</strong></span> <span class='ocrx_word' id='word_1_454' title='bbox 837 3289 1020 3359; x_wconf 87' lang='lat' dir='ltr'><strong>specie</strong></span> <span class='ocrx_word' id='word_1_455' title='bbox 1043 3327 1059 3353; x_wconf 94' lang='lat'><strong>,</strong></span> <span class='ocrx_word' id='word_1_456' title='bbox 1107 3289 1255 3343; x_wconf 86' lang='lat' dir='ltr'><strong>velut</strong></span> <span class='ocrx_word' id='word_1_457' title='bbox 1290 3290 1545 3344; x_wconf 87' lang='lat' dir='ltr'><strong>illecebra</strong></span> <span class='ocrx_word' id='word_1_458' title='bbox 1591 3291 1870 3361; x_wconf 85' lang='lat' dir='ltr'><strong>proposita</strong></span> <span class='ocrx_word' id='word_1_459' title='bbox 1892 3331 1907 3354; x_wconf 88' lang='lat'><strong>,</strong></span> <span class='ocrx_word' id='word_1_460' title='bbox 1944 3291 2109 3345; x_wconf 84' lang='lat' dir='ltr'><strong>homo</strong></span> 
     </span>
    </p>
   </div>
   <div class='ocr_carea' id='block_1_65' title="bbox 510 3380 2112 3452">
    <p class='ocr_par' dir='ltr' id='par_1_65' title="bbox 510 3380 2112 3452">
     <span class='ocr_line' id='line_1_65' title="bbox 510 3380 2112 3452; baseline 0.001 -19"><span class='ocrx_word' id='word_1_461' title='bbox 510 3380 666 3434; x_wconf 79' lang='lat' dir='ltr'><strong>vafer</strong></span> <span class='ocrx_word' id='word_1_462' title='bbox 701 3380 984 3449; x_wconf 87' lang='lat' dir='ltr'><strong>obrepsit,</strong></span> <span class='ocrx_word' id='word_1_463' title='bbox 1015 3386 1279 3449; x_wconf 88' lang='lat' dir='ltr'><strong>tanquam</strong></span> <span class='ocrx_word' id='word_1_464' title='bbox 1334 3395 1503 3450; x_wconf 81' lang='lat' dir='ltr'><strong>rapax</strong></span> <span class='ocrx_word' id='word_1_465' title='bbox 1538 3382 1762 3451; x_wconf 89' lang='lat' dir='ltr'><strong>quidam</strong></span> <span class='ocrx_word' id='word_1_466' title='bbox 1804 3382 1965 3452; x_wconf 92' lang='lat' dir='ltr'><strong>lupus</strong></span> <span class='ocrx_word' id='word_1_467' title='bbox 2003 3382 2112 3452; x_wconf 68' lang='lat' dir='ltr'><strong>pel-</strong></span> 
     </span>
    </p>
   </div>
   <div class='ocr_carea' id='block_1_66' title="bbox 511 3471 2132 3544">
    <p class='ocr_par' dir='ltr' id='par_1_66' title="bbox 511 3471 2132 3544">
     <span class='ocr_line' id='line_1_66' title="bbox 511 3471 2132 3544; baseline 0.002 -17"><span class='ocrx_word' id='word_1_468' title='bbox 511 3471 618 3527; x_wconf 84' lang='lat' dir='ltr'><strong>lem</strong></span> <span class='ocrx_word' id='word_1_469' title='bbox 658 3472 777 3527; x_wconf 90' lang='lat' dir='ltr'><strong>ovis</strong></span> <span class='ocrx_word' id='word_1_470' title='bbox 824 3471 1097 3535; x_wconf 86' lang='lat' dir='ltr'><strong>induens,</strong></span> <span class='ocrx_word' id='word_1_471' title='bbox 1136 3487 1314 3540; x_wconf 89' lang='lat' dir='ltr'><strong>eoque</strong></span> <span class='ocrx_word' id='word_1_472' title='bbox 1356 3476 1543 3536; x_wconf 86' lang='lat' dir='ltr'><strong>cultu,</strong></span> <span class='ocrx_word' id='word_1_473' title='bbox 1574 3490 1737 3543; x_wconf 83' lang='lat' dir='ltr'><strong>quem</strong></span> <span class='ocrx_word' id='word_1_474' title='bbox 1771 3474 1839 3528; x_wconf 89' lang='lat' dir='ltr'><strong>ad</strong></span> <span class='ocrx_word' id='word_1_475' title='bbox 1890 3482 2132 3544; x_wconf 72' lang='lat' dir='ltr'><strong>tempus&#39;</strong></span> 
     </span>
    </p>
   </div>
   <div class='ocr_carea' id='block_1_67' title="bbox 512 3563 2106 3636">
    <p class='ocr_par' dir='ltr' id='par_1_67' title="bbox 512 3563 2106 3636">
     <span class='ocr_line' id='line_1_67' title="bbox 512 3563 2106 3636; baseline 0.001 -17"><span class='ocrx_word' id='word_1_476' title='bbox 512 3571 854 3633; x_wconf 86' lang='lat' dir='ltr'><strong>susceperat,</strong></span> <span class='ocrx_word' id='word_1_477' title='bbox 880 3564 1116 3618; x_wconf 87' lang='lat' dir='ltr'><strong>miseros</strong></span> <span class='ocrx_word' id='word_1_478' title='bbox 1145 3563 1397 3619; x_wconf 88' lang='lat' dir='ltr'><strong>homines</strong></span> <span class='ocrx_word' id='word_1_479' title='bbox 1433 3566 1489 3619; x_wconf 93' lang='lat' dir='ltr'><strong>in</strong></span> <span class='ocrx_word' id='word_1_480' title='bbox 1522 3565 1768 3619; x_wconf 86' lang='lat' dir='ltr'><strong>fraudem</strong></span> <span class='ocrx_word' id='word_1_481' title='bbox 1801 3566 2106 3636; x_wconf 87' lang='lat' dir='ltr'><strong>pelliciens.</strong></span> 
     </span>
    </p>
   </div>
   <div class='ocr_carea' id='block_1_68' title="bbox 514 3654 2110 3725">
    <p class='ocr_par' dir='ltr' id='par_1_68' title="bbox 514 3654 2110 3725">
     <span class='ocr_line' id='line_1_68' title="bbox 514 3654 2110 3725; baseline 0.003 -16"><span class='ocrx_word' id='word_1_482' title='bbox 514 3654 780 3709; x_wconf 86' lang='lat' dir='ltr'><strong>Similiter</strong></span> <span class='ocrx_word' id='word_1_483' title='bbox 810 3660 866 3708; x_wconf 90' lang='lat' dir='ltr'><strong>et</strong></span> <span class='ocrx_word' id='word_1_484' title='bbox 908 3655 1172 3725; x_wconf 87' lang='lat' dir='ltr'><strong>mysteria</strong></span> <span class='ocrx_word' id='word_1_485' title='bbox 1216 3656 1466 3725; x_wconf 85' lang='lat' dir='ltr'><strong>quaedam</strong></span> <span class='ocrx_word' id='word_1_486' title='bbox 1507 3656 1575 3711; x_wconf 91' lang='lat' dir='ltr'><strong>ad</strong></span> <span class='ocrx_word' id='word_1_487' title='bbox 1618 3656 1879 3713; x_wconf 74' lang='lat' dir='ltr'><strong>Ecclesia:</strong></span> <span class='ocrx_word' id='word_1_488' title='bbox 1906 3669 2110 3713; x_wconf 71' lang='lat' dir='ltr'><strong>sanctze</strong></span> 
     </span>
    </p>
   </div>
   <div class='ocr_carea' id='block_1_69' title="bbox 513 3743 2109 3818">
    <p class='ocr_par' dir='ltr' id='par_1_69' title="bbox 513 3743 2109 3818">
     <span class='ocr_line' id='line_1_69' title="bbox 513 3743 2109 3818; baseline 0.003 -20"><span class='ocrx_word' id='word_1_489' title='bbox 513 3743 875 3799; x_wconf 88' lang='lat' dir='ltr'><strong>imitationem</strong></span> <span class='ocrx_word' id='word_1_490' title='bbox 908 3744 1175 3810; x_wconf 85' lang='lat' dir='ltr'><strong>instituit;</strong></span> <span class='ocrx_word' id='word_1_491' title='bbox 1200 3744 1296 3799; x_wconf 86' lang='lat' dir='ltr'><strong>sed</strong></span> <span class='ocrx_word' id='word_1_492' title='bbox 1326 3745 1393 3800; x_wconf 90' lang='lat' dir='ltr'><strong>ad</strong></span> <span class='ocrx_word' id='word_1_493' title='bbox 1432 3761 1497 3801; x_wconf 87' lang='lat' dir='ltr'><strong>ea</strong></span> <span class='ocrx_word' id='word_1_494' title='bbox 1530 3756 1711 3800; x_wconf 87' lang='lat' dir='ltr'><strong>tamen</strong></span> <span class='ocrx_word' id='word_1_495' title='bbox 1746 3748 1881 3801; x_wconf 89' lang='lat' dir='ltr'><strong>nihil</strong></span> <span class='ocrx_word' id='word_1_496' title='bbox 1913 3758 2109 3818; x_wconf 65' lang='lat' dir='ltr'><strong>praeter</strong></span> 
     </span>
    </p>
   </div>
   <div class='ocr_carea' id='block_1_70' title="bbox 513 3831 2109 3909">
    <p class='ocr_par' dir='ltr' id='par_1_70' title="bbox 513 3831 2109 3909">
     <span class='ocr_line' id='line_1_70' title="bbox 513 3831 2109 3909; baseline 0.005 -23"><span class='ocrx_word' id='word_1_497' title='bbox 513 3847 715 3903; x_wconf 89' lang='lat' dir='ltr'><strong>aquam</strong></span> <span class='ocrx_word' id='word_1_498' title='bbox 753 3832 1027 3888; x_wconf 91' lang='lat' dir='ltr'><strong>adhibuit.</strong></span> <span class='ocrx_word' id='word_1_499' title='bbox 1075 3831 1276 3888; x_wconf 83' lang='lat' dir='ltr'><strong>Verum</strong></span> <span class='ocrx_word' id='word_1_500' title='bbox 1323 3851 1392 3890; x_wconf 90' lang='lat' dir='ltr'><strong>ne</strong></span> <span class='ocrx_word' id='word_1_501' title='bbox 1419 3836 1508 3891; x_wconf 90' lang='lat' dir='ltr'><strong>ille</strong></span> <span class='ocrx_word' id='word_1_502' title='bbox 1537 3837 1756 3906; x_wconf 90' lang='lat' dir='ltr'><strong>quidem</strong></span> <span class='ocrx_word' id='word_1_503' title='bbox 1786 3840 1986 3909; x_wconf 90' lang='lat' dir='ltr'><strong>poterit</strong></span> <span class='ocrx_word' id='word_1_504' title='bbox 2027 3856 2109 3894; x_wconf 86' lang='lat' dir='ltr'><strong>ra-</strong></span> 
     </span>
    </p>
   </div>
   <div class='ocr_carea' id='block_1_71' title="bbox 513 3924 2109 3998">
    <p class='ocr_par' dir='ltr' id='par_1_71' title="bbox 513 3924 2109 3998">
     <span class='ocr_line' id='line_1_71' title="bbox 513 3924 2109 3998; baseline 0.005 -21"><span class='ocrx_word' id='word_1_505' title='bbox 513 3926 665 3979; x_wconf 87' lang='lat' dir='ltr'><strong>tione</strong></span> <span class='ocrx_word' id='word_1_506' title='bbox 710 3924 819 3979; x_wconf 90' lang='lat' dir='ltr'><strong>ulla</strong></span> <span class='ocrx_word' id='word_1_507' title='bbox 863 3925 1197 3989; x_wconf 89' lang='lat' dir='ltr'><strong>consistere,</strong></span> <span class='ocrx_word' id='word_1_508' title='bbox 1242 3926 1402 3998; x_wconf 86' lang='lat' dir='ltr'><strong>cujus</strong></span> <span class='ocrx_word' id='word_1_509' title='bbox 1435 3934 1545 3983; x_wconf 89' lang='lat' dir='ltr'><strong>tam</strong></span> <span class='ocrx_word' id='word_1_510' title='bbox 1582 3930 1917 3985; x_wconf 88' lang='lat' dir='ltr'><strong>imbecillum</strong></span> <span class='ocrx_word' id='word_1_511' title='bbox 1948 3931 2109 3988; x_wconf 89' lang='lat' dir='ltr'><strong>mini-</strong></span> 
     </span>
    </p>
   </div>
   <div class='ocr_carea' id='block_1_72' title="bbox 514 4016 1386 4089">
    <p class='ocr_par' dir='ltr' id='par_1_72' title="bbox 514 4016 1386 4089">
     <span class='ocr_line' id='line_1_72' title="bbox 514 4016 1386 4089; baseline 0.003 -18"><span class='ocrx_word' id='word_1_512' title='bbox 514 4031 713 4086; x_wconf 90' lang='lat' dir='ltr'><strong>meque</strong></span> <span class='ocrx_word' id='word_1_513' title='bbox 739 4016 1023 4072; x_wconf 68' lang='lat' dir='ltr'><strong>cohaarcns</strong></span> <span class='ocrx_word' id='word_1_514' title='bbox 1054 4028 1140 4073; x_wconf 89' lang='lat' dir='ltr'><strong>est</strong></span> <span class='ocrx_word' id='word_1_515' title='bbox 1166 4018 1386 4089; x_wconf 81' lang='lat' dir='ltr'><strong>dogma.</strong></span> 
     </span>
    </p>
   </div>
   <div class='ocr_carea' id='block_1_73' title="bbox 582 4106 2105 4181">
    <p class='ocr_par' dir='ltr' id='par_1_73' title="bbox 582 4106 2105 4181">
     <span class='ocr_line' id='line_1_73' title="bbox 582 4106 2105 4181; baseline 0.006 -20"><span class='ocrx_word' id='word_1_516' title='bbox 582 4108 687 4172; x_wconf 86' lang='lat' dir='ltr'><strong>Ac,</strong></span> <span class='ocrx_word' id='word_1_517' title='bbox 710 4108 813 4162; x_wconf 87' lang='lat' dir='ltr'><strong>nisi</strong></span> <span class='ocrx_word' id='word_1_518' title='bbox 850 4106 1029 4172; x_wconf 89' lang='lat' dir='ltr'><strong>fallor,</strong></span> <span class='ocrx_word' id='word_1_519' title='bbox 1060 4108 1163 4163; x_wconf 91' lang='lat' dir='ltr'><strong>hoc</strong></span> <span class='ocrx_word' id='word_1_520' title='bbox 1195 4118 1440 4181; x_wconf 89' lang='lat' dir='ltr'><strong>tempore</strong></span> <span class='ocrx_word' id='word_1_521' title='bbox 1464 4127 1589 4168; x_wconf 92' lang='lat' dir='ltr'><strong>cum</strong></span> <span class='ocrx_word' id='word_1_522' title='bbox 1617 4115 1765 4169; x_wconf 90' lang='lat' dir='ltr'><strong>omni</strong></span> <span class='ocrx_word' id='word_1_523' title='bbox 1800 4116 1990 4171; x_wconf 90' lang='lat' dir='ltr'><strong>schola</strong></span> <span class='ocrx_word' id='word_1_524' title='bbox 2008 4133 2105 4173; x_wconf 87' lang='lat' dir='ltr'><strong>sua</strong></span> 
     </span>
    </p>
   </div>
   <div class='ocr_carea' id='block_1_74' title="bbox 512 4199 2106 4268">
    <p class='ocr_par' dir='ltr' id='par_1_74' title="bbox 512 4199 2106 4268">
     <span class='ocr_line' id='line_1_74' title="bbox 512 4199 2106 4268; baseline 0.008 -14"><span class='ocrx_word' id='word_1_525' title='bbox 512 4199 821 4255; x_wconf 77' lang='lat' dir='ltr'><strong>exstinctus</strong></span> <span class='ocrx_word' id='word_1_526' title='bbox 854 4199 1150 4255; x_wconf 89' lang='lat' dir='ltr'><strong>intercidit.</strong></span> <span class='ocrx_word' id='word_1_527' title='bbox 1198 4202 1339 4268; x_wconf 86' lang='lat' dir='ltr'><strong>Quid</strong></span> <span class='ocrx_word' id='word_1_528' title='bbox 1376 4205 1522 4259; x_wconf 90' lang='lat' dir='ltr'><strong>enim</strong></span> <span class='ocrx_word' id='word_1_529' title='bbox 1563 4206 1631 4260; x_wconf 88' lang='lat' dir='ltr'><strong>ad</strong></span> <span class='ocrx_word' id='word_1_530' title='bbox 1661 4208 1812 4262; x_wconf 92' lang='lat' dir='ltr'><strong>illum</strong></span> <span class='ocrx_word' id='word_1_531' title='bbox 1856 4211 2106 4265; x_wconf 89' lang='lat' dir='ltr'><strong>refutan-</strong></span> 
     </span>
    </p>
   </div>
   <div class='ocr_carea' id='block_1_75' title="bbox 515 4292 2104 4373">
    <p class='ocr_par' dir='ltr' id='par_1_75' title="bbox 515 4292 2104 4373">
     <span class='ocr_line' id='line_1_75' title="bbox 515 4292 2104 4373; baseline 0.008 -27"><span class='ocrx_word' id='word_1_532' title='bbox 515 4293 645 4347; x_wconf 83' lang='lat' dir='ltr'><strong>dum</strong></span> <span class='ocrx_word' id='word_1_533' title='bbox 694 4292 876 4348; x_wconf 79' lang='lat' dir='ltr'><strong>afferri</strong></span> <span class='ocrx_word' id='word_1_534' title='bbox 916 4310 1025 4348; x_wconf 88' lang='lat' dir='ltr'><strong>non</strong></span> <span class='ocrx_word' id='word_1_535' title='bbox 1058 4297 1274 4365; x_wconf 86' lang='lat' dir='ltr'><strong>potest?</strong></span> <span class='ocrx_word' id='word_1_536' title='bbox 1301 4294 1408 4351; x_wconf 86' lang='lat' dir='ltr'><strong>Sed</strong></span> <span class='ocrx_word' id='word_1_537' title='bbox 1444 4298 1583 4354; x_wconf 90' lang='lat' dir='ltr'><strong>illud</strong></span> <span class='ocrx_word' id='word_1_538' title='bbox 1614 4301 1760 4355; x_wconf 89' lang='lat' dir='ltr'><strong>valet</strong></span> <span class='ocrx_word' id='word_1_539' title='bbox 1797 4303 1852 4356; x_wconf 92' lang='lat' dir='ltr'><strong>in</strong></span> <span class='ocrx_word' id='word_1_540' title='bbox 1887 4305 2104 4373; x_wconf 88' lang='lat' dir='ltr'><strong>primis,</strong></span> 
     </span>
    </p>
   </div>
   <div class='ocr_carea' id='block_1_76' title="bbox 514 4383 2105 4464">
    <p class='ocr_par' dir='ltr' id='par_1_76' title="bbox 514 4383 2105 4464">
     <span class='ocr_line' id='line_1_76' title="bbox 514 4383 2105 4464; baseline 0.009 -27"><span class='ocrx_word' id='word_1_541' title='bbox 514 4383 661 4454; x_wconf 90' lang='lat' dir='ltr'><strong>quod</strong></span> <span class='ocrx_word' id='word_1_542' title='bbox 693 4384 959 4440; x_wconf 87' lang='lat' dir='ltr'><strong>adversus</strong></span> <span class='ocrx_word' id='word_1_543' title='bbox 984 4388 1192 4443; x_wconf 88' lang='lat' dir='ltr'><strong>similes</strong></span> <span class='ocrx_word' id='word_1_544' title='bbox 1222 4388 1460 4446; x_wconf 82' lang='lat' dir='ltr'><strong>haereses</strong></span> <span class='ocrx_word' id='word_1_545' title='bbox 1492 4400 1652 4446; x_wconf 88' lang='lat' dir='ltr'><strong>antea</strong></span> <span class='ocrx_word' id='word_1_546' title='bbox 1694 4398 2105 4464; x_wconf 89' lang='lat' dir='ltr'><strong>proposuimus.</strong></span> 
     </span>
    </p>
   </div>
   <div class='ocr_carea' id='block_1_77' title="bbox 516 4476 2110 4557">
    <p class='ocr_par' dir='ltr' id='par_1_77' title="bbox 516 4476 2110 4557">
     <span class='ocr_line' id='line_1_77' title="bbox 516 4476 2110 4557; baseline 0.009 -27"><span class='ocrx_word' id='word_1_547' title='bbox 516 4476 632 4531; x_wconf 87' lang='lat' dir='ltr'><strong>tieri</strong></span> <span class='ocrx_word' id='word_1_548' title='bbox 658 4476 882 4532; x_wconf 89' lang='lat' dir='ltr'><strong>omnino</strong></span> <span class='ocrx_word' id='word_1_549' title='bbox 917 4493 1025 4533; x_wconf 92' lang='lat' dir='ltr'><strong>non</strong></span> <span class='ocrx_word' id='word_1_550' title='bbox 1056 4496 1219 4551; x_wconf 87' lang='lat' dir='ltr'><strong>posse</strong></span> <span class='ocrx_word' id='word_1_551' title='bbox 1262 4482 1418 4552; x_wconf 86' lang='lat' dir='ltr'><strong>plura</strong></span> <span class='ocrx_word' id='word_1_552' title='bbox 1460 4491 1518 4537; x_wconf 92' lang='lat' dir='ltr'><strong>ut</strong></span> <span class='ocrx_word' id='word_1_553' title='bbox 1560 4486 1834 4557; x_wconf 87' lang='lat' dir='ltr'><strong>principia</strong></span> <span class='ocrx_word' id='word_1_554' title='bbox 1875 4489 1987 4546; x_wconf 92' lang='lat' dir='ltr'><strong>sint</strong></span> <span class='ocrx_word' id='word_1_555' title='bbox 2019 4506 2110 4544; x_wconf 92' lang='lat' dir='ltr'><strong>eo-</strong></span> 
     </span>
    </p>
   </div>
   <div class='ocr_carea' id='block_1_78' title="bbox 589 4631 900 4689">
    <p class='ocr_par' dir='ltr' id='par_1_78' title="bbox 589 4631 900 4689">
     <span class='ocr_line' id='line_1_78' title="bbox 589 4631 900 4689; baseline 0.013 -5"><span class='ocrx_word' id='word_1_556' title='bbox 589 4632 605 4663; x_wconf 85' lang='grc'>¹</span> <span class='ocrx_word' id='word_1_557' title='bbox 637 4631 796 4689; x_wconf 87' lang='lat' dir='ltr'><strong>Deest</strong></span> <span class='ocrx_word' id='word_1_558' title='bbox 829 4633 900 4688; x_wconf 81' lang='grc' dir='ltr'>εί.</span> 
     </span>
    </p>
   </div>
   <div class='ocr_carea' id='block_1_79' title="bbox 2212 3280 3794 3353">
    <p class='ocr_par' dir='ltr' id='par_1_79' title="bbox 2212 3280 3794 3353">
     <span class='ocr_line' id='line_1_79' title="bbox 2212 3280 3794 3353; baseline -0.001 -20"><span class='ocrx_word' id='word_1_559' title='bbox 2212 3281 2614 3353; x_wconf 78' lang='grc' dir='ltr'>ἐγκρατητικοῦ</span> <span class='ocrx_word' id='word_1_560' title='bbox 2648 3282 2809 3352; x_wconf 73' lang='grc' dir='ltr'>ἤθους</span> <span class='ocrx_word' id='word_1_561' title='bbox 2854 3280 3182 3351; x_wconf 76' lang='grc' dir='ltr'>κυϐευτικὴν</span> <span class='ocrx_word' id='word_1_562' title='bbox 3224 3280 3344 3351; x_wconf 75' lang='grc' dir='ltr'>ἔσχε</span> <span class='ocrx_word' id='word_1_563' title='bbox 3390 3281 3487 3352; x_wconf 83' lang='grc' dir='ltr'>τὴν</span> <span class='ocrx_word' id='word_1_564' title='bbox 3533 3281 3794 3352; x_wconf 83' lang='grc' dir='ltr'>ἀγωγήν·</span> 
     </span>
    </p>
   </div>
   <div class='ocr_carea' id='block_1_80' title="bbox 2210 3373 3796 3449">
    <p class='ocr_par' dir='ltr' id='par_1_80' title="bbox 2210 3373 3796 3449">
     <span class='ocr_line' id='line_1_80' title="bbox 2210 3373 3796 3449; baseline -0.001 -23"><span class='ocrx_word' id='word_1_565' title='bbox 2210 3376 2286 3437; x_wconf 81' lang='grc' dir='ltr'>ὡς</span> <span class='ocrx_word' id='word_1_566' title='bbox 2323 3375 2485 3439; x_wconf 85' lang='grc' dir='ltr'>λύκος</span> <span class='ocrx_word' id='word_1_567' title='bbox 2530 3376 2715 3447; x_wconf 78' lang='grc' dir='ltr'>ἅρπαξ</span> <span class='ocrx_word' id='word_1_568' title='bbox 2765 3375 3083 3449; x_wconf 78' lang='grc' dir='ltr'>ἐνδυόμενος</span> <span class='ocrx_word' id='word_1_569' title='bbox 3132 3374 3403 3445; x_wconf 75' lang='grc' dir='ltr'>προϐάτου</span> <span class='ocrx_word' id='word_1_570' title='bbox 3440 3373 3654 3435; x_wconf 83' lang='grc' dir='ltr'>κώδιον,</span> <span class='ocrx_word' id='word_1_571' title='bbox 3702 3373 3796 3428; x_wconf 78' lang='grc' dir='ltr'>καὶ</span> 
     </span>
    </p>
   </div>
   <div class='ocr_carea' id='block_1_81' title="bbox 2211 3467 3797 3539">
    <p class='ocr_par' dir='ltr' id='par_1_81' title="bbox 2211 3467 3797 3539">
     <span class='ocr_line' id='line_1_81' title="bbox 2211 3467 3797 3539; baseline 0.001 -20"><span class='ocrx_word' id='word_1_572' title='bbox 2211 3467 2429 3519; x_wconf 82' lang='grc' dir='ltr'>πλανῶν</span> <span class='ocrx_word' id='word_1_573' title='bbox 2459 3467 2538 3537; x_wconf 81' lang='grc' dir='ltr'><strong>τῷ</strong></span> <span class='ocrx_word' id='word_1_574' title='bbox 2571 3471 2920 3539; x_wconf 73' lang='grc' dir='ltr'>προσχήματι</span> <span class='ocrx_word' id='word_1_575' title='bbox 2962 3469 3089 3532; x_wconf 81' lang='grc' dir='ltr'>τοὺς</span> <span class='ocrx_word' id='word_1_576' title='bbox 3130 3469 3542 3530; x_wconf 73' lang='grc' dir='ltr'>ἀπατωμένους.</span> <span class='ocrx_word' id='word_1_577' title='bbox 3572 3471 3797 3539; x_wconf 84' lang='grc' dir='ltr'>Μυστη-</span> 
     </span>
    </p>
   </div>
   <div class='ocr_carea' id='block_1_82' title="bbox 2212 3559 3795 3632">
    <p class='ocr_par' dir='ltr' id='par_1_82' title="bbox 2212 3559 3795 3632">
     <span class='ocr_line' id='line_1_82' title="bbox 2212 3559 3795 3632; baseline 0 -21"><span class='ocrx_word' id='word_1_578' title='bbox 2212 3559 2348 3629; x_wconf 79' lang='grc' dir='ltr'>ρίοις</span> <span class='ocrx_word' id='word_1_579' title='bbox 2373 3559 2429 3611; x_wconf 83' lang='grc' dir='ltr'>δὲ</span> <span class='ocrx_word' id='word_1_580' title='bbox 2458 3560 2722 3623; x_wconf 83' lang='grc' dir='ltr'>ὡσαύτως</span> <span class='ocrx_word' id='word_1_581' title='bbox 2759 3561 3023 3632; x_wconf 82' lang='grc' dir='ltr'>κέχρηται</span> <span class='ocrx_word' id='word_1_582' title='bbox 3059 3560 3200 3614; x_wconf 81' lang='grc' dir='ltr'>κατὰ</span> <span class='ocrx_word' id='word_1_583' title='bbox 3250 3560 3480 3631; x_wconf 85' lang='grc' dir='ltr'>μίμησιν</span> <span class='ocrx_word' id='word_1_584' title='bbox 3506 3562 3604 3631; x_wconf 84' lang='grc' dir='ltr'>τῆς</span> <span class='ocrx_word' id='word_1_585' title='bbox 3634 3561 3795 3628; x_wconf 83' lang='grc' dir='ltr'>ἁγίας</span> 
     </span>
    </p>
   </div>
   <div class='ocr_carea' id='block_1_83' title="bbox 2223 3650 3795 3725">
    <p class='ocr_par' dir='ltr' id='par_1_83' title="bbox 2223 3650 3795 3725">
     <span class='ocr_line' id='line_1_83' title="bbox 2223 3650 3795 3725; baseline 0.002 -22"><span class='ocrx_word' id='word_1_586' title='bbox 2223 3650 2549 3719; x_wconf 88' lang='grc' dir='ltr'>Ἐκκλησίας</span> <span class='ocrx_word' id='word_1_587' title='bbox 2570 3668 2582 3680; x_wconf 89' lang='grc'><strong>·</strong></span> <span class='ocrx_word' id='word_1_588' title='bbox 2612 3652 2769 3705; x_wconf 78' lang='grc' dir='ltr'>ὕδατι</span> <span class='ocrx_word' id='word_1_589' title='bbox 2799 3652 2855 3705; x_wconf 79' lang='grc' dir='ltr'>δὲ</span> <span class='ocrx_word' id='word_1_590' title='bbox 2896 3653 3041 3723; x_wconf 84' lang='grc' dir='ltr'>μόνῳ</span> <span class='ocrx_word' id='word_1_591' title='bbox 3066 3653 3350 3725; x_wconf 84' lang='grc' dir='ltr'>χρώμενος</span> <span class='ocrx_word' id='word_1_592' title='bbox 3371 3655 3429 3706; x_wconf 80' lang='grc' dir='ltr'><strong>ἐν</strong></span> <span class='ocrx_word' id='word_1_593' title='bbox 3464 3656 3574 3717; x_wconf 88' lang='grc' dir='ltr'>τοῖς</span> <span class='ocrx_word' id='word_1_594' title='bbox 3612 3654 3795 3717; x_wconf 76' lang='grc' dir='ltr'>αὐτοῖς</span> 
     </span>
    </p>
   </div>
   <div class='ocr_carea' id='block_1_84' title="bbox 2212 3740 3793 3817">
    <p class='ocr_par' dir='ltr' id='par_1_84' title="bbox 2212 3740 3793 3817">
     <span class='ocr_line' id='line_1_84' title="bbox 2212 3740 3793 3817; baseline 0.003 -22"><span class='ocrx_word' id='word_1_595' title='bbox 2212 3745 2556 3814; x_wconf 86' lang='grc' dir='ltr'>μυστηρίοις.</span> <span class='ocrx_word' id='word_1_596' title='bbox 2601 3748 2857 3799; x_wconf 85' lang='grc' dir='ltr'>Πεσείται</span> <span class='ocrx_word' id='word_1_597' title='bbox 2884 3746 2941 3797; x_wconf 86' lang='grc' dir='ltr'>δὲ</span> <span class='ocrx_word' id='word_1_598' title='bbox 2979 3749 3071 3799; x_wconf 69' lang='grc' dir='ltr'><strong>καὶ</strong></span> <span class='ocrx_word' id='word_1_599' title='bbox 3102 3740 3253 3809; x_wconf 74' lang='grc' dir='ltr'>οὖτο,</span> <span class='ocrx_word' id='word_1_600' title='bbox 3283 3747 3425 3801; x_wconf 75' lang='grc' dir='ltr'>κατὰ</span> <span class='ocrx_word' id='word_1_601' title='bbox 3463 3747 3640 3800; x_wconf 85' lang='grc' dir='ltr'>πάντα</span> <span class='ocrx_word' id='word_1_602' title='bbox 3667 3747 3793 3817; x_wconf 82' lang='grc' dir='ltr'>τρό-</span> 
     </span>
    </p>
   </div>
   <div class='ocr_carea' id='block_1_85' title="bbox 2209 3836 3240 3910">
    <p class='ocr_par' dir='ltr' id='par_1_85' title="bbox 2209 3836 3240 3910">
     <span class='ocr_line' id='line_1_85' title="bbox 2209 3836 3240 3910; baseline 0.006 -24"><span class='ocrx_word' id='word_1_603' title='bbox 2209 3851 2331 3903; x_wconf 89' lang='grc' dir='ltr'>πον,</span> <span class='ocrx_word' id='word_1_604' title='bbox 2361 3836 2664 3890; x_wconf 86' lang='grc' dir='ltr'>άσύστατον</span> <span class='ocrx_word' id='word_1_605' title='bbox 2698 3838 2836 3908; x_wconf 81' lang='grc' dir='ltr'>ἔχων</span> <span class='ocrx_word' id='word_1_606' title='bbox 2862 3838 2922 3890; x_wconf 81' lang='grc' dir='ltr'><strong>τὸ</strong></span> <span class='ocrx_word' id='word_1_607' title='bbox 2959 3841 3240 3910; x_wconf 81' lang='grc' dir='ltr'>κήρυγμα.</span> 
     </span>
    </p>
   </div>
   <div class='ocr_carea' id='block_1_86' title="bbox 2283 4121 3792 4201">
    <p class='ocr_par' dir='ltr' id='par_1_86' title="bbox 2283 4121 3792 4201">
     <span class='ocr_line' id='line_1_86' title="bbox 2283 4121 3792 4201; baseline 0.004 -24"><span class='ocrx_word' id='word_1_608' title='bbox 2283 4126 2423 4194; x_wconf 79' lang='grc' dir='ltr'>’Ἤδη</span> <span class='ocrx_word' id='word_1_609' title='bbox 2450 4125 2504 4178; x_wconf 83' lang='grc' dir='ltr'><strong>δὲ</strong></span> <span class='ocrx_word' id='word_1_610' title='bbox 2534 4126 2629 4178; x_wconf 74' lang='grc' dir='ltr'><strong>καὶ</strong></span> <span class='ocrx_word' id='word_1_611' title='bbox 2664 4121 2820 4191; x_wconf 71' lang='grc' dir='ltr'>οὗτος</span> <span class='ocrx_word' id='word_1_612' title='bbox 2848 4128 3264 4192; x_wconf 71' lang='grc' dir='ltr'>κατασϐεσθεὶῖ,</span> <span class='ocrx_word' id='word_1_613' title='bbox 3301 4124 3478 4199; x_wconf 72' lang='grc' dir='ltr'>οἴμαι,</span> <span class='ocrx_word' id='word_1_614' title='bbox 3513 4129 3667 4201; x_wconf 75' lang='grc' dir='ltr'>ἔληξε</span> <span class='ocrx_word' id='word_1_615' title='bbox 3698 4132 3792 4185; x_wconf 69' lang='grc' dir='ltr'><strong>καὶ</strong></span> 
     </span>
    </p>
   </div>
   <div class='ocr_carea' id='block_1_87' title="bbox 2207 4218 3793 4291">
    <p class='ocr_par' dir='ltr' id='par_1_87' title="bbox 2207 4218 3793 4291">
     <span class='ocr_line' id='line_1_87' title="bbox 2207 4218 3793 4291; baseline 0 -19"><span class='ocrx_word' id='word_1_616' title='bbox 2207 4218 2270 4272; x_wconf 75' lang='grc' dir='ltr'>τὸ</span> <span class='ocrx_word' id='word_1_617' title='bbox 2294 4220 2485 4272; x_wconf 85' lang='grc' dir='ltr'>τούτου</span> <span class='ocrx_word' id='word_1_618' title='bbox 2519 4220 2909 4273; x_wconf 87' lang='grc' dir='ltr'>διδασκαλεῖον.</span> <span class='ocrx_word' id='word_1_619' title='bbox 2937 4220 3108 4273; x_wconf 80' lang='grc' dir='ltr'>Πόθεν</span> <span class='ocrx_word' id='word_1_620' title='bbox 3138 4221 3248 4291; x_wconf 80' lang='grc' dir='ltr'><strong>γὰρ</strong></span> <span class='ocrx_word' id='word_1_621' title='bbox 3274 4223 3373 4273; x_wconf 76' lang='grc' dir='ltr'><strong>οὐκ</strong></span> <span class='ocrx_word' id='word_1_622' title='bbox 3408 4220 3793 4291; x_wconf 74' lang='grc' dir='ltr'>ἐλεγχθήσεται</span> 
     </span>
    </p>
   </div>
   <div class='ocr_carea' id='block_1_88' title="bbox 2207 4309 3795 4383">
    <p class='ocr_par' dir='ltr' id='par_1_88' title="bbox 2207 4309 3795 4383">
     <span class='ocr_line' id='line_1_88' title="bbox 2207 4309 3795 4383; baseline 0.003 -22"><span class='ocrx_word' id='word_1_623' title='bbox 2207 4311 2235 4361; x_wconf 89' lang='grc' dir='ltr'>ὁ</span> <span class='ocrx_word' id='word_1_624' title='bbox 2256 4309 2525 4373; x_wconf 78' lang='grc' dir='ltr'>τοιοῦτοςς</span> <span class='ocrx_word' id='word_1_625' title='bbox 2560 4311 2785 4380; x_wconf 79' lang='grc' dir='ltr'>Πρῶτον</span> <span class='ocrx_word' id='word_1_626' title='bbox 2816 4312 2916 4379; x_wconf 82' lang='grc' dir='ltr'>μὲν</span> <span class='ocrx_word' id='word_1_627' title='bbox 2944 4310 3052 4380; x_wconf 85' lang='grc' dir='ltr'>γὰρ</span> <span class='ocrx_word' id='word_1_628' title='bbox 3087 4312 3228 4364; x_wconf 87' lang='grc' dir='ltr'>κατὰ</span> <span class='ocrx_word' id='word_1_629' title='bbox 3251 4313 3320 4363; x_wconf 73' lang='grc' dir='ltr'><strong>τά</strong></span> <span class='ocrx_word' id='word_1_630' title='bbox 3360 4312 3473 4365; x_wconf 79' lang='grc' dir='ltr'>ἄνω</span> <span class='ocrx_word' id='word_1_631' title='bbox 3502 4314 3630 4382; x_wconf 75' lang='grc' dir='ltr'>ἡμῖν</span> <span class='ocrx_word' id='word_1_632' title='bbox 3661 4330 3795 4383; x_wconf 79' lang='grc' dir='ltr'>προ-</span> 
     </span>
    </p>
   </div>
   <div class='ocr_carea' id='block_1_89' title="bbox 2208 4401 3790 4475">
    <p class='ocr_par' dir='ltr' id='par_1_89' title="bbox 2208 4401 3790 4475">
     <span class='ocr_line' id='line_1_89' title="bbox 2208 4401 3790 4475; baseline 0.003 -22"><span class='ocrx_word' id='word_1_633' title='bbox 2208 4401 2578 4472; x_wconf 80' lang='grc' dir='ltr'>δεδηλωμένα,</span> <span class='ocrx_word' id='word_1_634' title='bbox 2611 4402 2705 4456; x_wconf 73' lang='grc' dir='ltr'>καὶ</span> <span class='ocrx_word' id='word_1_635' title='bbox 2736 4404 2873 4474; x_wconf 74' lang='grc' dir='ltr'>πρὸς</span> <span class='ocrx_word' id='word_1_636' title='bbox 2892 4403 2989 4465; x_wconf 78' lang='grc' dir='ltr'><strong>τὰς</strong></span> <span class='ocrx_word' id='word_1_637' title='bbox 3019 4403 3160 4455; x_wconf 73' lang='grc' dir='ltr'>οὕτω</span> <span class='ocrx_word' id='word_1_638' title='bbox 3186 4404 3504 4471; x_wconf 79' lang='grc' dir='ltr'>φασκούσας</span> <span class='ocrx_word' id='word_1_639' title='bbox 3533 4404 3790 4475; x_wconf 85' lang='grc' dir='ltr'>αἱρέσεις,</span> 
     </span>
    </p>
   </div>
   <div class='ocr_carea' id='block_1_90' title="bbox 2206 4490 3793 4567">
    <p class='ocr_par' dir='ltr' id='par_1_90' title="bbox 2206 4490 3793 4567">
     <span class='ocr_line' id='line_1_90' title="bbox 2206 4490 3793 4567; baseline 0.003 -22"><span class='ocrx_word' id='word_1_640' title='bbox 2206 4494 2288 4546; x_wconf 82' lang='grc' dir='ltr'><strong>ὅτι</strong></span> <span class='ocrx_word' id='word_1_641' title='bbox 2336 4493 2601 4547; x_wconf 82' lang='grc' dir='ltr'>ἀδύνατον</span> <span class='ocrx_word' id='word_1_642' title='bbox 2649 4490 2790 4548; x_wconf 80' lang='grc' dir='ltr'>εἷναι</span> <span class='ocrx_word' id='word_1_643' title='bbox 2842 4495 3045 4559; x_wconf 82' lang='grc' dir='ltr'>πολλὰς</span> <span class='ocrx_word' id='word_1_644' title='bbox 3091 4495 3265 4567; x_wconf 78' lang='grc' dir='ltr'>ἀρχὰς</span> <span class='ocrx_word' id='word_1_645' title='bbox 3310 4497 3633 4567; x_wconf 77' lang='grc' dir='ltr'>γεννητικὰς</span> <span class='ocrx_word' id='word_1_646' title='bbox 3685 4498 3793 4551; x_wconf 67' lang='grc' dir='ltr'>τιῖιν</span> 
     </span>
    </p>
   </div>
   <div class='ocr_carea' id='block_1_91' title="bbox 515 4786 3794 4879">
    <p class='ocr_par' dir='ltr' id='par_1_91' title="bbox 515 4786 3794 4879">
     <span class='ocr_line' id='line_1_91' title="bbox 515 4786 3794 4879; baseline 0.004 -23"><span class='ocrx_word' id='word_1_647' title='bbox 515 4786 1264 4879; x_wconf 28' lang='grc' dir='ltr'><strong>,ἦξξςζπίηξηέξιΪξὶ-τξξέε</strong></span> <span class='ocrx_word' id='word_1_648' title='bbox 1285 4788 1589 4879; x_wconf 50' lang='grc' dir='ltr'><strong>βφξίιῇξαρ</strong></span> <span class='ocrx_word' id='word_1_649' title='bbox 1613 4793 1937 4879; x_wconf 43' lang='lat' dir='ltr'><strong>effata-verit</strong></span> <span class='ocrx_word' id='word_1_650' title='bbox 1965 4813 2099 4879; x_wconf 64' lang='lat' dir='ltr'><strong>aura</strong></span> <span class='ocrx_word' id='word_1_651' title='bbox 2130 4804 2177 4864; x_wconf 87' lang='lat' dir='ltr'><strong>D</strong></span> <span class='ocrx_word' id='word_1_652' title='bbox 2206 4800 2552 4879; x_wconf 60' lang='lat' dir='ltr'><strong>imperante.</strong></span> <span class='ocrx_word' id='word_1_653' title='bbox 2577 4805 2771 4861; x_wconf 87' lang='lat' dir='ltr'><strong>Postea</strong></span> <span class='ocrx_word' id='word_1_654' title='bbox 2817 4808 2921 4863; x_wconf 89' lang='lat' dir='ltr'><strong>sub</strong></span> <span class='ocrx_word' id='word_1_655' title='bbox 2964 4808 3241 4863; x_wconf 82' lang='lat' dir='ltr'><strong>Antonino</strong></span> <span class='ocrx_word' id='word_1_656' title='bbox 3287 4810 3523 4879; x_wconf 89' lang='lat' dir='ltr'><strong>majores</strong></span> <span class='ocrx_word' id='word_1_657' title='bbox 3571 4810 3794 4868; x_wconf 85' lang='lat' dir='ltr'><strong>trahens</strong></span> 
     </span>
    </p>
   </div>
   <div class='ocr_carea' id='block_1_92' title="bbox 516 4859 2093 4934">
    <p class='ocr_par' dir='ltr' id='par_1_92' title="bbox 516 4859 2093 4934">
     <span class='ocr_line' id='line_1_92' title="bbox 516 4859 2093 4934; baseline 0.008 -24"><span class='ocrx_word' id='word_1_658' title='bbox 516 4859 842 4934; x_wconf 60' lang='lat' dir='ltr'><strong>caniculart&#39;s</strong></span> <span class='ocrx_word' id='word_1_659' title='bbox 867 4900 880 4923; x_wconf 92' lang='lat'><strong>,</strong></span> <span class='ocrx_word' id='word_1_660' title='bbox 924 4876 1031 4934; x_wconf 66' lang='lat' dir='ltr'><strong>non</strong></span> <span class='ocrx_word' id='word_1_661' title='bbox 1061 4862 1242 4934; x_wconf 70' lang='lat' dir='ltr'><strong>curaui</strong></span> <span class='ocrx_word' id='word_1_662' title='bbox 1283 4860 1613 4934; x_wconf 57' lang='lat' dir='ltr'><strong>investigare.</strong></span> <span class='ocrx_word' id='word_1_663' title='bbox 1663 4863 2001 4934; x_wconf 85' lang='lat' dir='ltr'><strong>Epiphanius</strong></span> <span class='ocrx_word' id='word_1_664' title='bbox 2040 4870 2093 4922; x_wconf 92' lang='lat' dir='ltr'><strong>in</strong></span> 
     </span>
    </p>
   </div>
   <div class='ocr_carea' id='block_1_93' title="bbox 518 4927 2097 4993">
    <p class='ocr_par' dir='ltr' id='par_1_93' title="bbox 518 4927 2097 4993">
     <span class='ocr_line' id='line_1_93' title="bbox 518 4927 2097 4993; baseline 0.007 -11"><span class='ocrx_word' id='word_1_665' title='bbox 518 4927 962 4983; x_wconf 82' lang='lat' dir='ltr'><strong>Marcionitarum</strong></span> <span class='ocrx_word' id='word_1_666' title='bbox 1019 4929 1244 4991; x_wconf 62' lang='lat' dir='ltr'><strong>haeresi,</strong></span> <span class='ocrx_word' id='word_1_667' title='bbox 1290 4927 1486 4985; x_wconf 76' lang='lat' dir='ltr'><strong>scribit</strong></span> <span class='ocrx_word' id='word_1_668' title='bbox 1525 4927 1853 4988; x_wconf 72' lang='lat' dir='ltr'><strong>Marcionem</strong></span> <span class='ocrx_word' id='word_1_669' title='bbox 1897 4954 2021 4992; x_wconf 89' lang='lat' dir='ltr'><strong>cum</strong></span> <span class='ocrx_word' id='word_1_670' title='bbox 2066 4956 2097 4993; x_wconf 89' lang='lat' dir='ltr'><strong>a</strong></span> 
     </span>
    </p>
   </div>
   <div class='ocr_carea' id='block_1_94' title="bbox 516 5000 2104 5071">
    <p class='ocr_par' dir='ltr' id='par_1_94' title="bbox 516 5000 2104 5071">
     <span class='ocr_line' id='line_1_94' title="bbox 516 5000 2104 5071; baseline 0.008 -21"><span class='ocrx_word' id='word_1_671' title='bbox 516 5007 671 5068; x_wconf 89' lang='lat' dir='ltr'><strong>patre</strong></span> <span class='ocrx_word' id='word_1_672' title='bbox 699 5014 801 5054; x_wconf 87' lang='lat' dir='ltr'><strong>suo</strong></span> <span class='ocrx_word' id='word_1_673' title='bbox 827 5000 1018 5069; x_wconf 89' lang='lat' dir='ltr'><strong>pulsus</strong></span> <span class='ocrx_word' id='word_1_674' title='bbox 1046 5015 1234 5071; x_wconf 68' lang='lat' dir='ltr'><strong>pacem</strong></span> <span class='ocrx_word' id='word_1_675' title='bbox 1266 5016 1329 5054; x_wconf 88' lang='lat' dir='ltr'><strong>ac</strong></span> <span class='ocrx_word' id='word_1_676' title='bbox 1359 5002 1572 5055; x_wconf 85' lang='lat' dir='ltr'><strong>veniam</strong></span> <span class='ocrx_word' id='word_1_677' title='bbox 1625 5005 1895 5059; x_wconf 86' lang='lat' dir='ltr'><strong>eblandiri</strong></span> <span class='ocrx_word' id='word_1_678' title='bbox 1940 5010 2104 5065; x_wconf 88' lang='lat' dir='ltr'><strong>nullis</strong></span> 
     </span>
    </p>
   </div>
   <div class='ocr_carea' id='block_1_95' title="bbox 516 5069 2103 5145">
    <p class='ocr_par' dir='ltr' id='par_1_95' title="bbox 516 5069 2103 5145">
     <span class='ocr_line' id='line_1_95' title="bbox 516 5069 2103 5145; baseline 0.008 -24"><span class='ocrx_word' id='word_1_679' title='bbox 516 5071 773 5145; x_wconf 82' lang='lat' dir='ltr'><strong>precibus</strong></span> <span class='ocrx_word' id='word_1_680' title='bbox 810 5069 1060 5145; x_wconf 42' lang='lat' dir='ltr'><strong>posset,&#39;</strong></span> <span class='ocrx_word' id='word_1_681' title='bbox 1092 5069 1325 5145; x_wconf 63' lang='lat' dir='ltr'><strong>Romani</strong></span> <span class='ocrx_word' id='word_1_682' title='bbox 1365 5086 1424 5126; x_wconf 86' lang='lat' dir='ltr'><strong>se</strong></span> <span class='ocrx_word' id='word_1_683' title='bbox 1476 5084 1595 5145; x_wconf 88' lang='lat' dir='ltr'><strong>post</strong></span> <span class='ocrx_word' id='word_1_684' title='bbox 1645 5072 1838 5145; x_wconf 80' lang='lat' dir='ltr'><strong>Hygini</strong></span> <span class='ocrx_word' id='word_1_685' title='bbox 1893 5080 2103 5133; x_wconf 88' lang='lat' dir='ltr'><strong>obitum</strong></span> 
     </span>
    </p>
   </div>
   <div class='ocr_carea' id='block_1_96' title="bbox 514 5142 2109 5219">
    <p class='ocr_par' dir='ltr' id='par_1_96' title="bbox 514 5142 2109 5219">
     <span class='ocr_line' id='line_1_96' title="bbox 514 5142 2109 5219; baseline 0.006 -27"><span class='ocrx_word' id='word_1_686' title='bbox 514 5142 836 5219; x_wconf 66' lang='lat' dir='ltr'><strong>contulisse.</strong></span> <span class='ocrx_word' id='word_1_687' title='bbox 889 5142 1137 5209; x_wconf 77' lang='lat' dir='ltr'><strong>Cumque</strong></span> <span class='ocrx_word' id='word_1_688' title='bbox 1195 5142 1366 5219; x_wconf 79' lang='lat' dir='ltr'><strong>nihilo</strong></span> <span class='ocrx_word' id='word_1_689' title='bbox 1420 5143 1592 5219; x_wconf 70' lang='lat' dir='ltr'><strong>magis</strong></span> <span class='ocrx_word' id='word_1_690' title='bbox 1642 5142 1787 5219; x_wconf 80' lang='lat' dir='ltr'><strong>quod</strong></span> <span class='ocrx_word' id='word_1_691' title='bbox 1852 5150 2109 5219; x_wconf 75' lang='lat' dir='ltr'><strong>cupiebat</strong></span> 
     </span>
    </p>
   </div>
   <div class='ocr_carea' id='block_1_97' title="bbox 516 5211 2107 5282">
    <p class='ocr_par' dir='ltr' id='par_1_97' title="bbox 516 5211 2107 5282">
     <span class='ocr_line' id='line_1_97' title="bbox 516 5211 2107 5282; baseline 0.006 -20"><span class='ocrx_word' id='word_1_692' title='bbox 516 5211 627 5282; x_wconf 82' lang='lat' dir='ltr'><strong>illic</strong></span> <span class='ocrx_word' id='word_1_693' title='bbox 674 5212 967 5273; x_wconf 87' lang='lat' dir='ltr'><strong>obtineret.</strong></span> <span class='ocrx_word' id='word_1_694' title='bbox 1016 5220 1130 5264; x_wconf 89' lang='lat' dir='ltr'><strong>tum</strong></span> <span class='ocrx_word' id='word_1_695' title='bbox 1179 5211 1396 5265; x_wconf 90' lang='lat' dir='ltr'><strong>dennun</strong></span> <span class='ocrx_word' id='word_1_696' title='bbox 1444 5211 1721 5282; x_wconf 81' lang='lat' dir='ltr'><strong>publicata</strong></span> <span class='ocrx_word' id='word_1_697' title='bbox 1773 5211 1964 5274; x_wconf 65' lang='lat' dir='ltr'><strong>haeresi</strong></span> <span class='ocrx_word' id='word_1_698' title='bbox 2008 5235 2107 5274; x_wconf 86' lang='lat' dir='ltr'><strong>sua</strong></span> 
     </span>
    </p>
   </div>
   <div class='ocr_carea' id='block_1_98' title="bbox 518 5281 2105 5353">
    <p class='ocr_par' dir='ltr' id='par_1_98' title="bbox 518 5281 2105 5353">
     <span class='ocr_line' id='line_1_98' title="bbox 518 5281 2105 5353; baseline 0.007 -20"><span class='ocrx_word' id='word_1_699' title='bbox 518 5281 818 5353; x_wconf 78' lang='lat' dir='ltr'><strong>Ecclesiam</strong></span> <span class='ocrx_word' id='word_1_700' title='bbox 849 5297 1215 5351; x_wconf 80' lang='lat' dir='ltr'><strong>oppugnasse.</strong></span> <span class='ocrx_word' id='word_1_701' title='bbox 1267 5281 1457 5353; x_wconf 80' lang='lat' dir='ltr'><strong>Hygini</strong></span> <span class='ocrx_word' id='word_1_702' title='bbox 1510 5287 1692 5341; x_wconf 88' lang='lat' dir='ltr'><strong>obitus</strong></span> <span class='ocrx_word' id='word_1_703' title='bbox 1727 5288 2011 5343; x_wconf 89' lang='lat' dir='ltr'><strong>confertur</strong></span> <span class='ocrx_word' id='word_1_704' title='bbox 2054 5294 2105 5344; x_wconf 88' lang='lat' dir='ltr'><strong>iu</strong></span> 
     </span>
    </p>
   </div>
   <div class='ocr_carea' id='block_1_99' title="bbox 515 5352 2105 5428">
    <p class='ocr_par' dir='ltr' id='par_1_99' title="bbox 515 5352 2105 5428">
     <span class='ocr_line' id='line_1_99' title="bbox 515 5352 2105 5428; baseline 0.005 -23"><span class='ocrx_word' id='word_1_705' title='bbox 515 5368 718 5428; x_wconf 83' lang='lat' dir='ltr'><strong>annum</strong></span> <span class='ocrx_word' id='word_1_706' title='bbox 770 5352 1031 5428; x_wconf 78' lang='lat' dir='ltr'><strong>Antonini</strong></span> <span class='ocrx_word' id='word_1_707' title='bbox 1072 5368 1235 5428; x_wconf 75' lang='lat' dir='ltr'><strong>xvui;</strong></span> <span class='ocrx_word' id='word_1_708' title='bbox 1268 5352 1393 5428; x_wconf 77' lang='lat' dir='ltr'><strong>ante</strong></span> <span class='ocrx_word' id='word_1_709' title='bbox 1438 5356 1583 5425; x_wconf 90' lang='lat' dir='ltr'><strong>quod</strong></span> <span class='ocrx_word' id='word_1_710' title='bbox 1622 5365 1838 5428; x_wconf 89' lang='lat' dir='ltr'><strong>tempus</strong></span> <span class='ocrx_word' id='word_1_711' title='bbox 1870 5360 2105 5415; x_wconf 82' lang='lat' dir='ltr'><strong>Marcio-</strong></span> 
     </span>
    </p>
   </div>
   <div class='ocr_carea' id='block_1_100' title="bbox 516 5422 2101 5493">
    <p class='ocr_par' dir='ltr' id='par_1_100' title="bbox 516 5422 2101 5493">
     <span class='ocr_line' id='line_1_100' title="bbox 516 5422 2101 5493; baseline 0.005 -18"><span class='ocrx_word' id='word_1_712' title='bbox 516 5438 638 5493; x_wconf 80' lang='lat' dir='ltr'><strong>nem</strong></span> <span class='ocrx_word' id='word_1_713' title='bbox 670 5422 929 5493; x_wconf 71' lang='lat' dir='ltr'><strong>haeresim</strong></span> <span class='ocrx_word' id='word_1_714' title='bbox 951 5438 1107 5477; x_wconf 85' lang='lat' dir='ltr'><strong>suam</strong></span> <span class='ocrx_word' id='word_1_715' title='bbox 1148 5422 1539 5481; x_wconf 74' lang='lat' dir='ltr'><strong>disseminasse</strong></span> <span class='ocrx_word' id='word_1_716' title='bbox 1570 5422 1793 5483; x_wconf 79' lang='lat' dir='ltr'><strong>necesse</strong></span> <span class='ocrx_word' id='word_1_717' title='bbox 1841 5439 1943 5493; x_wconf 83' lang='lat' dir='ltr'><strong>est,</strong></span> <span class='ocrx_word' id='word_1_718' title='bbox 1977 5447 2101 5485; x_wconf 89' lang='lat' dir='ltr'><strong>cum</strong></span> 
     </span>
    </p>
   </div>
   <div class='ocr_carea' id='block_1_101' title="bbox 514 5490 2103 5569">
    <p class='ocr_par' dir='ltr' id='par_1_101' title="bbox 514 5490 2103 5569">
     <span class='ocr_line' id='line_1_101' title="bbox 514 5490 2103 5569; baseline 0.009 -26"><span class='ocrx_word' id='word_1_719' title='bbox 514 5490 798 5569; x_wconf 69' lang='lat' dir='ltr'><strong>=lustinus,</strong></span> <span class='ocrx_word' id='word_1_720' title='bbox 842 5492 935 5569; x_wconf 82' lang='lat' dir='ltr'><strong>qui</strong></span> <span class='ocrx_word' id='word_1_721' title='bbox 968 5494 1305 5569; x_wconf 87' lang='lat' dir='ltr'><strong>_Antoni_no_,_</strong></span> <span class='ocrx_word' id='word_1_722' title='bbox 1353 5498 1671 5569; x_wconf 79' lang='lat' dir='ltr'><strong>et_quideui</strong></span> <span class='ocrx_word' id='word_1_723' title='bbox 1716 5490 1941 5568; x_wconf 79' lang='lat' dir='ltr'><strong>imperii</strong></span> <span class='ocrx_word' id='word_1_724' title='bbox 1982 5503 2103 5569; x_wconf 89' lang='lat' dir='ltr'><strong>ejus</strong></span> 
     </span>
    </p>
   </div>
   <div class='ocr_carea' id='block_1_102' title="bbox 516 5563 2100 5634">
    <p class='ocr_par' dir='ltr' id='par_1_102' title="bbox 516 5563 2100 5634">
     <span class='ocr_line' id='line_1_102' title="bbox 516 5563 2100 5634; baseline 0.006 -18"><span class='ocrx_word' id='word_1_725' title='bbox 516 5563 705 5634; x_wconf 61' lang='lat' dir='ltr'><strong>initio,</strong></span> <span class='ocrx_word' id='word_1_726' title='bbox 745 5565 1073 5634; x_wconf 13' lang='lat' dir='ltr'><strong>iapologiam</strong></span> <span class='ocrx_word' id='word_1_727' title='bbox 1137 5564 1368 5625; x_wconf 89' lang='lat' dir='ltr'><strong>obtulit.</strong></span> <span class='ocrx_word' id='word_1_728' title='bbox 1428 5563 1720 5623; x_wconf 80' lang='lat' dir='ltr'><strong>Marcionis</strong></span> <span class='ocrx_word' id='word_1_729' title='bbox 1770 5563 2100 5625; x_wconf 70' lang='lat' dir='ltr'><strong>meminerit.</strong></span> 
     </span>
    </p>
   </div>
   <div class='ocr_carea' id='block_1_103' title="bbox 515 5630 2100 5703">
    <p class='ocr_par' dir='ltr' id='par_1_103' title="bbox 515 5630 2100 5703">
     <span class='ocr_line' id='line_1_103' title="bbox 515 5630 2100 5703; baseline 0.006 -18"><span class='ocrx_word' id='word_1_730' title='bbox 515 5630 697 5697; x_wconf 85' lang='lat' dir='ltr'><strong>Quare</strong></span> <span class='ocrx_word' id='word_1_731' title='bbox 724 5630 957 5703; x_wconf 62' lang='lat' dir='ltr'><strong>duplex,</strong></span> <span class='ocrx_word' id='word_1_732' title='bbox 991 5635 1067 5687; x_wconf 92' lang='lat' dir='ltr'><strong>uti</strong></span> <span class='ocrx_word' id='word_1_733' title='bbox 1104 5636 1537 5703; x_wconf 85' lang='lat' dir='ltr'><strong>conjiciebamns</strong></span> <span class='ocrx_word' id='word_1_734' title='bbox 1560 5680 1573 5699; x_wconf 92' lang='lat'><strong>,</strong></span> <span class='ocrx_word' id='word_1_735' title='bbox 1622 5638 2100 5697; x_wconf 81' lang='lat' dir='ltr'><strong>Mareionistariun</strong></span> 
     </span>
    </p>
   </div>
   <div class='ocr_carea' id='block_1_104' title="bbox 516 5703 2102 5774">
    <p class='ocr_par' dir='ltr' id='par_1_104' title="bbox 516 5703 2102 5774">
     <span class='ocr_line' id='line_1_104' title="bbox 516 5703 2102 5774; baseline 0.008 -20"><span class='ocrx_word' id='word_1_736' title='bbox 516 5713 671 5758; x_wconf 90' lang='lat' dir='ltr'><strong>ortus</strong></span> <span class='ocrx_word' id='word_1_737' title='bbox 700 5718 824 5774; x_wconf 76' lang='lat' dir='ltr'><strong>esse</strong></span> <span class='ocrx_word' id='word_1_738' title='bbox 848 5704 1029 5758; x_wconf 88' lang='lat' dir='ltr'><strong>debet.</strong></span> <span class='ocrx_word' id='word_1_739' title='bbox 1074 5703 1209 5757; x_wconf 86' lang='lat' dir='ltr'><strong>Nam</strong></span> <span class='ocrx_word' id='word_1_740' title='bbox 1246 5706 1482 5774; x_wconf 89' lang='lat' dir='ltr'><strong>primum</strong></span> <span class='ocrx_word' id='word_1_741' title='bbox 1520 5709 1575 5762; x_wconf 90' lang='lat' dir='ltr'><strong>in</strong></span> <span class='ocrx_word' id='word_1_742' title='bbox 1602 5708 1781 5763; x_wconf 91' lang='lat' dir='ltr'><strong>Ponto</strong></span> <span class='ocrx_word' id='word_1_743' title='bbox 1809 5712 1940 5766; x_wconf 88' lang='lat' dir='ltr'><strong>Asia</strong></span> <span class='ocrx_word' id='word_1_744' title='bbox 1968 5714 2102 5765; x_wconf 89' lang='lat' dir='ltr'><strong>dun-</strong></span> 
     </span>
    </p>
   </div>
   <div class='ocr_carea' id='block_1_105' title="bbox 517 5771 2103 5852">
    <p class='ocr_par' dir='ltr' id='par_1_105' title="bbox 517 5771 2103 5852">
     <span class='ocr_line' id='line_1_105' title="bbox 517 5771 2103 5852; baseline 0.009 -28"><span class='ocrx_word' id='word_1_745' title='bbox 517 5780 668 5827; x_wconf 79' lang='lat' dir='ltr'><strong>taxat</strong></span> <span class='ocrx_word' id='word_1_746' title='bbox 701 5771 969 5829; x_wconf 80' lang='lat' dir='ltr'><strong>nefarium</strong></span> <span class='ocrx_word' id='word_1_747' title='bbox 1014 5774 1208 5846; x_wconf 77' lang='lat' dir='ltr'><strong>dogma</strong></span> <span class='ocrx_word' id='word_1_748' title='bbox 1246 5771 1608 5847; x_wconf 50' lang='lat' dir='ltr'><strong>&#39;przedicavit,</strong></span> <span class='ocrx_word' id='word_1_749' title='bbox 1662 5780 1827 5852; x_wconf 91' lang='lat' dir='ltr'><strong>idque</strong></span> <span class='ocrx_word' id='word_1_750' title='bbox 1859 5783 2103 5839; x_wconf 87' lang='lat' dir='ltr'><strong>Adriano</strong></span> 
     </span>
    </p>
   </div>
   <div class='ocr_carea' id='block_1_106' title="bbox 2205 4876 3794 4951">
    <p class='ocr_par' dir='ltr' id='par_1_106' title="bbox 2205 4876 3794 4951">
     <span class='ocr_line' id='line_1_106' title="bbox 2205 4876 3794 4951; baseline 0.006 -25"><span class='ocrx_word' id='word_1_751' title='bbox 2205 4876 2433 4951; x_wconf 76' lang='lat' dir='ltr'><strong>spiritus</strong></span> <span class='ocrx_word' id='word_1_752' title='bbox 2475 4878 2853 4951; x_wconf 75' lang='lat' dir='ltr'><strong>vehementius</strong></span> <span class='ocrx_word' id='word_1_753' title='bbox 2890 4879 2943 4932; x_wconf 92' lang='lat' dir='ltr'><strong>in</strong></span> <span class='ocrx_word' id='word_1_754' title='bbox 2972 4880 3192 4951; x_wconf 86' lang='lat' dir='ltr'><strong>eosdem</strong></span> <span class='ocrx_word' id='word_1_755' title='bbox 3232 4881 3354 4933; x_wconf 90' lang='lat' dir='ltr'><strong>illus</strong></span> <span class='ocrx_word' id='word_1_756' title='bbox 3375 4876 3599 4935; x_wconf 79' lang='lat' dir='ltr'><strong>errores</strong></span> <span class='ocrx_word' id='word_1_757' title='bbox 3628 4884 3794 4951; x_wconf 85' lang='lat' dir='ltr'><strong>co-pit</strong></span> 
     </span>
    </p>
   </div>
   <div class='ocr_carea' id='block_1_107' title="bbox 2204 4945 3795 5018">
    <p class='ocr_par' dir='ltr' id='par_1_107' title="bbox 2204 4945 3795 5018">
     <span class='ocr_line' id='line_1_107' title="bbox 2204 4945 3795 5018; baseline 0.006 -21"><span class='ocrx_word' id='word_1_758' title='bbox 2204 4945 2540 5018; x_wconf 73' lang='lat' dir='ltr'><strong>incumbere.</strong></span> <span class='ocrx_word' id='word_1_759' title='bbox 2593 4947 2805 5018; x_wconf 82' lang='lat' dir='ltr'><strong>Hygino</strong></span> <span class='ocrx_word' id='word_1_760' title='bbox 2853 4964 2979 5003; x_wconf 88' lang='lat' dir='ltr'><strong>vero</strong></span> <span class='ocrx_word' id='word_1_761' title='bbox 3009 4950 3227 5003; x_wconf 88' lang='lat' dir='ltr'><strong>demum</strong></span> <span class='ocrx_word' id='word_1_762' title='bbox 3281 4963 3495 5005; x_wconf 86' lang='lat' dir='ltr'><strong>mortuo</strong></span> <span class='ocrx_word' id='word_1_763' title='bbox 3540 4945 3795 5016; x_wconf 79' lang='lat' dir='ltr'><strong>primitus</strong></span> 
     </span>
    </p>
   </div>
   <div class='ocr_carea' id='block_1_108' title="bbox 2202 5014 3795 5088">
    <p class='ocr_par' dir='ltr' id='par_1_108' title="bbox 2202 5014 3795 5088">
     <span class='ocr_line' id='line_1_108' title="bbox 2202 5014 3795 5088; baseline 0.006 -20"><span class='ocrx_word' id='word_1_764' title='bbox 2202 5014 2398 5085; x_wconf 87' lang='lat' dir='ltr'><strong>dogma</strong></span> <span class='ocrx_word' id='word_1_765' title='bbox 2415 5014 3067 5088; x_wconf 47' lang='lat' dir='ltr'><strong>certioni&#39;s&#39;interpolasse</strong></span> <span class='ocrx_word' id='word_1_766' title='bbox 3096 5019 3427 5074; x_wconf 82' lang='lat' dir='ltr'><strong>Marcioueln</strong></span> <span class='ocrx_word' id='word_1_767' title='bbox 3459 5014 3609 5076; x_wconf 83' lang='lat' dir='ltr'><strong>nullo</strong></span> <span class='ocrx_word' id='word_1_768' title='bbox 3633 5024 3795 5077; x_wconf 91' lang='lat' dir='ltr'><strong>modo</strong></span> 
     </span>
    </p>
   </div>
   <div class='ocr_carea' id='block_1_109' title="bbox 2203 5086 3794 5161">
    <p class='ocr_par' dir='ltr' id='par_1_109' title="bbox 2203 5086 3794 5161">
     <span class='ocr_line' id='line_1_109' title="bbox 2203 5086 3794 5161; baseline 0.006 -22"><span class='ocrx_word' id='word_1_769' title='bbox 2203 5100 2423 5161; x_wconf 79' lang='lat' dir='ltr'><strong>censeo.</strong></span> <span class='ocrx_word' id='word_1_770' title='bbox 2471 5086 2599 5161; x_wconf 75' lang='lat' dir='ltr'><strong>llaec</strong></span> <span class='ocrx_word' id='word_1_771' title='bbox 2638 5090 2705 5143; x_wconf 90' lang='lat' dir='ltr'><strong>de</strong></span> <span class='ocrx_word' id='word_1_772' title='bbox 2752 5086 2955 5161; x_wconf 74' lang='lat' dir='ltr'><strong>Justini</strong></span> <span class='ocrx_word' id='word_1_773' title='bbox 3007 5104 3070 5143; x_wconf 74' lang='lat' dir='ltr'><strong>ac</strong></span> <span class='ocrx_word' id='word_1_774' title='bbox 3123 5089 3416 5161; x_wconf 77' lang='lat' dir='ltr'><strong>Marcionis</strong></span> <span class='ocrx_word' id='word_1_775' title='bbox 3450 5092 3794 5161; x_wconf 85' lang='lat' dir='ltr'><strong>temporibus</strong></span> 
     </span>
    </p>
   </div>
   <div class='ocr_carea' id='block_1_110' title="bbox 2204 5155 3792 5226">
    <p class='ocr_par' dir='ltr' id='par_1_110' title="bbox 2204 5155 3792 5226">
     <span class='ocr_line' id='line_1_110' title="bbox 2204 5155 3792 5226; baseline 0.004 -18"><span class='ocrx_word' id='word_1_776' title='bbox 2204 5155 2369 5210; x_wconf 85' lang='lat' dir='ltr'><strong>habui</strong></span> <span class='ocrx_word' id='word_1_777' title='bbox 2399 5173 2519 5226; x_wconf 73' lang='lat' dir='ltr'><strong>qua:</strong></span> <span class='ocrx_word' id='word_1_778' title='bbox 2553 5159 2814 5213; x_wconf 89' lang='lat' dir='ltr'><strong>dicerem.</strong></span> <span class='ocrx_word' id='word_1_779' title='bbox 2865 5159 3056 5213; x_wconf 90' lang='lat' dir='ltr'><strong>Dicent</strong></span> <span class='ocrx_word' id='word_1_780' title='bbox 3104 5162 3195 5213; x_wconf 89' lang='lat' dir='ltr'><strong>alii</strong></span> <span class='ocrx_word' id='word_1_781' title='bbox 3246 5160 3482 5217; x_wconf 87' lang='lat' dir='ltr'><strong>fortasse</strong></span> <span class='ocrx_word' id='word_1_782' title='bbox 3530 5155 3792 5224; x_wconf 73' lang='lat' dir='ltr'><strong>nieliora;</strong></span> 
     </span>
    </p>
   </div>
   <div class='ocr_carea' id='block_1_111' title="bbox 2204 5229 3795 5296">
    <p class='ocr_par' dir='ltr' id='par_1_111' title="bbox 2204 5229 3795 5296">
     <span class='ocr_line' id='line_1_111' title="bbox 2204 5229 3795 5296; baseline 0.004 -17"><span class='ocrx_word' id='word_1_783' title='bbox 2204 5242 2329 5279; x_wconf 88' lang='lat' dir='ltr'><strong>nam</strong></span> <span class='ocrx_word' id='word_1_784' title='bbox 2360 5229 2565 5283; x_wconf 90' lang='lat' dir='ltr'><strong>nostris</strong></span> <span class='ocrx_word' id='word_1_785' title='bbox 2610 5230 2717 5284; x_wconf 91' lang='lat' dir='ltr'><strong>illis</strong></span> <span class='ocrx_word' id='word_1_786' title='bbox 2764 5244 2871 5284; x_wconf 92' lang='lat' dir='ltr'><strong>non</strong></span> <span class='ocrx_word' id='word_1_787' title='bbox 2909 5230 3044 5285; x_wconf 90' lang='lat' dir='ltr'><strong>adeo</strong></span> <span class='ocrx_word' id='word_1_788' title='bbox 3076 5230 3431 5296; x_wconf 82' lang='lat' dir='ltr'><strong>confidimus,</strong></span> <span class='ocrx_word' id='word_1_789' title='bbox 3464 5239 3521 5286; x_wconf 93' lang='lat' dir='ltr'><strong>ut</strong></span> <span class='ocrx_word' id='word_1_790' title='bbox 3553 5248 3664 5287; x_wconf 90' lang='lat' dir='ltr'><strong>non</strong></span> <span class='ocrx_word' id='word_1_791' title='bbox 3697 5237 3795 5286; x_wconf 79' lang='lat' dir='ltr'><strong>at-</strong></span> 
     </span>
    </p>
   </div>
   <div class='ocr_carea' id='block_1_112' title="bbox 2207 5296 3131 5370">
    <p class='ocr_par' dir='ltr' id='par_1_112' title="bbox 2207 5296 3131 5370">
     <span class='ocr_line' id='line_1_112' title="bbox 2207 5296 3131 5370; baseline 0.005 -21"><span class='ocrx_word' id='word_1_792' title='bbox 2207 5296 2604 5370; x_wconf 69' lang='lat' dir='ltr'><strong>ferricertiora</strong></span> <span class='ocrx_word' id='word_1_793' title='bbox 2634 5314 2796 5370; x_wconf 89' lang='lat' dir='ltr'><strong>posse</strong></span> <span class='ocrx_word' id='word_1_794' title='bbox 2824 5316 3131 5370; x_wconf 87' lang='lat' dir='ltr'><strong>speremus.</strong></span> 
     </span>
    </p>
   </div>
   <div class='ocr_carea' id='block_1_113' title="bbox 2279 5367 3794 5439">
    <p class='ocr_par' dir='ltr' id='par_1_113' title="bbox 2279 5367 3794 5439">
     <span class='ocr_line' id='line_1_113' title="bbox 2279 5367 3794 5439; baseline 0.005 -18"><span class='ocrx_word' id='word_1_795' title='bbox 2279 5367 2391 5439; x_wconf 73' lang='grc'><strong>(92)</strong></span> <span class='ocrx_word' id='word_1_796' title='bbox 2432 5370 2529 5435; x_wconf 86' lang='grc' dir='ltr'>Ὧς</span> <span class='ocrx_word' id='word_1_797' title='bbox 2557 5367 2691 5438; x_wconf 62' lang='grc' dir='ltr'>περὶ</span> <span class='ocrx_word' id='word_1_798' title='bbox 2719 5370 2785 5423; x_wconf 84' lang='grc' dir='ltr'>τὸ</span> <span class='ocrx_word' id='word_1_799' title='bbox 2816 5367 3155 5424; x_wconf 70' lang='grc' dir='ltr'>δωδέκατον</span> <span class='ocrx_word' id='word_1_800' title='bbox 3185 5371 3340 5434; x_wconf 59' lang='lat' dir='ltr'><strong>stoc.</strong></span> <span class='ocrx_word' id='word_1_801' title='bbox 3374 5369 3794 5428; x_wconf 85' lang='lat' dir='ltr'><strong>Consentaneus</strong></span> 
     </span>
    </p>
   </div>
   <div class='ocr_carea' id='block_1_114' title="bbox 2204 5440 3795 5511">
    <p class='ocr_par' dir='ltr' id='par_1_114' title="bbox 2204 5440 3795 5511">
     <span class='ocr_line' id='line_1_114' title="bbox 2204 5440 3795 5511; baseline 0.003 -18"><span class='ocrx_word' id='word_1_802' title='bbox 2204 5454 2361 5511; x_wconf 70' lang='lat' dir='ltr'><strong>eri-or</strong></span> <span class='ocrx_word' id='word_1_803' title='bbox 2400 5449 2485 5495; x_wconf 88' lang='lat' dir='ltr'><strong>est</strong></span> <span class='ocrx_word' id='word_1_804' title='bbox 2514 5442 2598 5502; x_wconf 82' lang='lat' dir='ltr'><strong>ei,</strong></span> <span class='ocrx_word' id='word_1_805' title='bbox 2645 5456 2805 5510; x_wconf 89' lang='lat' dir='ltr'><strong>quem</strong></span> <span class='ocrx_word' id='word_1_806' title='bbox 2863 5442 3027 5511; x_wconf 92' lang='lat' dir='ltr'><strong>paulo</strong></span> <span class='ocrx_word' id='word_1_807' title='bbox 3067 5451 3227 5496; x_wconf 86' lang='lat' dir='ltr'><strong>antea</strong></span> <span class='ocrx_word' id='word_1_808' title='bbox 3262 5440 3649 5505; x_wconf 79' lang='lat' dir='ltr'><strong>refutavimus,</strong></span> <span class='ocrx_word' id='word_1_809' title='bbox 3691 5447 3795 5498; x_wconf 87' lang='lat' dir='ltr'><strong>sub</strong></span> 
     </span>
    </p>
   </div>
   <div class='ocr_carea' id='block_1_115' title="bbox 2202 5509 3791 5580">
    <p class='ocr_par' dir='ltr' id='par_1_115' title="bbox 2202 5509 3791 5580">
     <span class='ocr_line' id='line_1_115' title="bbox 2202 5509 3791 5580; baseline 0.003 -19"><span class='ocrx_word' id='word_1_810' title='bbox 2202 5509 2446 5563; x_wconf 86' lang='lat' dir='ltr'><strong>Adriano</strong></span> <span class='ocrx_word' id='word_1_811' title='bbox 2486 5509 2704 5580; x_wconf 80' lang='lat' dir='ltr'><strong>passum</strong></span> <span class='ocrx_word' id='word_1_812' title='bbox 2737 5509 3186 5567; x_wconf 32' lang='lat' dir='ltr'><strong>esse-Iustinum.</strong></span> <span class='ocrx_word' id='word_1_813' title='bbox 3218 5511 3373 5576; x_wconf 83' lang='lat' dir='ltr'><strong>Quod</strong></span> <span class='ocrx_word' id='word_1_814' title='bbox 3426 5528 3551 5565; x_wconf 84' lang='lat' dir='ltr'><strong>cum</strong></span> <span class='ocrx_word' id='word_1_815' title='bbox 3594 5513 3791 5566; x_wconf 85' lang='lat' dir='ltr'><strong>falsum</strong></span> 
     </span>
    </p>
   </div>
   <div class='ocr_carea' id='block_1_116' title="bbox 2204 5580 3793 5650">
    <p class='ocr_par' dir='ltr' id='par_1_116' title="bbox 2204 5580 3793 5650">
     <span class='ocr_line' id='line_1_116' title="bbox 2204 5580 3793 5650; baseline 0 -15"><span class='ocrx_word' id='word_1_816' title='bbox 2204 5581 2296 5641; x_wconf 85' lang='lat' dir='ltr'><strong>sit,</strong></span> <span class='ocrx_word' id='word_1_817' title='bbox 2336 5582 2561 5650; x_wconf 87' lang='lat' dir='ltr'><strong>perinde</strong></span> <span class='ocrx_word' id='word_1_818' title='bbox 2602 5583 2797 5637; x_wconf 90' lang='lat' dir='ltr'><strong>falsum</strong></span> <span class='ocrx_word' id='word_1_819' title='bbox 2829 5591 2914 5637; x_wconf 90' lang='lat' dir='ltr'><strong>est</strong></span> <span class='ocrx_word' id='word_1_820' title='bbox 2943 5584 3045 5637; x_wconf 88' lang='lat' dir='ltr'><strong>sub</strong></span> <span class='ocrx_word' id='word_1_821' title='bbox 3070 5583 3347 5635; x_wconf 85' lang='lat' dir='ltr'><strong>Antonino</strong></span> <span class='ocrx_word' id='word_1_822' title='bbox 3384 5580 3513 5645; x_wconf 89' lang='lat' dir='ltr'><strong>Pio,</strong></span> <span class='ocrx_word' id='word_1_823' title='bbox 3543 5584 3793 5637; x_wconf 65' lang='lat' dir='ltr'><strong>videlicet</strong></span> 
     </span>
    </p>
   </div>
   <div class='ocr_carea' id='block_1_117' title="bbox 2204 5651 3793 5722">
    <p class='ocr_par' dir='ltr' id='par_1_117' title="bbox 2204 5651 3793 5722">
     <span class='ocr_line' id='line_1_117' title="bbox 2204 5651 3793 5722; baseline 0.002 -18"><span class='ocrx_word' id='word_1_824' title='bbox 2204 5662 2325 5720; x_wconf 91' lang='lat' dir='ltr'><strong>post</strong></span> <span class='ocrx_word' id='word_1_825' title='bbox 2349 5651 2554 5707; x_wconf 85' lang='lat' dir='ltr'><strong>Justini</strong></span> <span class='ocrx_word' id='word_1_826' title='bbox 2582 5654 2812 5722; x_wconf 84' lang='lat' dir='ltr'><strong>obitum.</strong></span> <span class='ocrx_word' id='word_1_827' title='bbox 2848 5654 3093 5708; x_wconf 90' lang='lat' dir='ltr'><strong>scholam</strong></span> <span class='ocrx_word' id='word_1_828' title='bbox 3129 5654 3336 5706; x_wconf 86' lang='lat' dir='ltr'><strong>erroris</strong></span> <span class='ocrx_word' id='word_1_829' title='bbox 3366 5655 3654 5722; x_wconf 89' lang='lat' dir='ltr'><strong>aperuisse</strong></span> <span class='ocrx_word' id='word_1_830' title='bbox 3685 5653 3793 5707; x_wconf 83' lang='lat' dir='ltr'><strong>Ta-</strong></span> 
     </span>
    </p>
   </div>
   <div class='ocr_carea' id='block_1_118' title="bbox 2203 5721 3644 5794">
    <p class='ocr_par' dir='ltr' id='par_1_118' title="bbox 2203 5721 3644 5794">
     <span class='ocr_line' id='line_1_118' title="bbox 2203 5721 3644 5794; baseline 0.003 -18"><span class='ocrx_word' id='word_1_831' title='bbox 2203 5725 2433 5789; x_wconf 90' lang='lat' dir='ltr'><strong>tianum,</strong></span> <span class='ocrx_word' id='word_1_832' title='bbox 2463 5724 2609 5794; x_wconf 88' lang='lat' dir='ltr'><strong>quod</strong></span> <span class='ocrx_word' id='word_1_833' title='bbox 2634 5724 2737 5780; x_wconf 91' lang='lat' dir='ltr'><strong>sub</strong></span> <span class='ocrx_word' id='word_1_834' title='bbox 2769 5721 2949 5780; x_wconf 75' lang='lat' dir='ltr'><strong>Marco</strong></span> <span class='ocrx_word' id='word_1_835' title='bbox 2971 5724 3194 5779; x_wconf 87' lang='lat' dir='ltr'><strong>Aurelio</strong></span> <span class='ocrx_word' id='word_1_836' title='bbox 3228 5721 3414 5779; x_wconf 85' lang='lat' dir='ltr'><strong>facere</strong></span> <span class='ocrx_word' id='word_1_837' title='bbox 3446 5726 3644 5793; x_wconf 89' lang='lat' dir='ltr'><strong>potuit.</strong></span> 
     </span>
    </p>
   </div>
  </div>
