4186 6374
454 343 552 401 8H

1131 343 1500 401 ADVERSUS
1537 345 1879 402 HERESES
1919 344 2044 402 LIB‘
2091 348 2130 402 1.
2164 346 2327 403 ΤΟΜ.
2366 348 2451 404 Ill.
2497 350 2770 408 Il/ERES.
2804 354 2987 411 XLVI.

3622 365 3728 422 852

452 458 597 515 κατά
620 459 874 534 διαδοχήν
902 461 1277 531 γεννωμένων.
1298 464 1365 515 Αἱ
1394 462 1502 534 γὰρ
1535 459 1691 516 οὖσαι
1719 464 1911 517 πολλαὶ
1937 463 2031 517 καὶ

2135 481 2258 520 rum
2296 482 2415 537 quae
2455 471 2809 527 successione
2853 480 3205 544 generantur.
3251 474 3415 531 Plura
3455 478 3726 550 siquidem

454 551 555 624 μία
603 553 669 606 ἐκ
719 553 819 623 τῆς
863 554 993 623 μιᾶς
1040 553 1405 625 ὑπάρχουσαι,
1439 557 1504 608 ὲκ
1536 556 1634 627 τῆς
1682 554 1849 626 ούσης
1904 558 2035 627 μιᾶς

451 643 633 708 αἰτίας
658 643 766 698 τῶν
793 643 983 697 παθῶν
1010 645 1025 675 ⁸
1057 645 1449 717 εὑρεθήσονται
1473 664 1486 679 ο
1514 649 1607 701 καί
1632 647 1814 700 οὑκέτι
1842 648 2034 702 πολλαὶ

450 736 639 806 ἀρχαὶ,
678 736 862 808 ἀλλ’ἢ
925 737 1025 808 μία
1074 740 1108 809 ἡ
1161 738 1367 792 τούτων
1412 740 1562 793 αἰτία
1604 744 1884 810 γεγονυῖα·
1936 741 2033 794 καὶ

451 829 819 900 ἀναχθήσεται
883 831 1062 883 πάντα
1105 834 1185 895 εἰς
1234 831 1333 902 τὴν
1375 832 1503 903 μίαν
1550 833 1884 905 μοναρχίαν·
1936 833 2032 886 καὶ

449 923 701 976 διέπεσεν
732 924 766 993 ἡ
810 922 904 976 τοῦ
937 922 1182 975 τοιούτου
1215 922 1586 992 πιθανολογία,
1623 926 1718 978 καὶ
1758 926 1857 979 οὑκ
1900 924 2032 994 ἀλή-

451 1014 594 1079 θεια,
632 1013 758 1067 οὔτε
780 1013 879 1086 τὴν
921 1014 1304 1085 πιθανολογίαν
1334 1016 1608 1089 δυναμένη
1644 1017 1805 1089 ἔχειν.
1832 1017 2031 1089 Μωρὸν

449 1105 561 1177 γὰρ
604 1105 666 1159 τὸ
697 1106 815 1160 ὅλον
865 1109 1144 1179 κήρυγμα.
1187 1110 1295 1162 Kal
1325 1111 1374 1161 εἰ
1416 1112 1445 1163 6
1469 1110 1641 1180 Ἀδὰμ
1678 1110 1737 1162 οὑ
1778 1109 2030 1177 σώζεται,

449 1196 511 1249 τὸ
544 1197 803 1269 φύραμα,
854 1200 977 1253 οὑδέ
1025 1218 1079 1253 τι
1126 1200 1221 1253 τοῦ
1272 1200 1592 1271 φυράματος
1636 1196 1866 1265 σώζεται
1888 1204 1930 1256 ².
1969 1204 2033 1257 Εἰ

450 1289 562 1361 γὰρ
591 1292 620 1344 6
652 1292 1077 1362 πρωτόπλαστος
1108 1293 1205 1345 καὶ
1247 1293 1306 1359 ἐξ
1347 1293 1569 1347 ἀθίκτου
1602 1296 1705 1364 γῆς
1741 1294 2034 1365 γενόμενος

453 1383 729 1454 σωτηρίας
762 1384 824 1437 οὑ
854 1383 1090 1455 μεθέξει,
1123 1383 1242 1448 πῶς
1269 1385 1340 1439 τὰ
1378 1386 1438 1450 ἐξ
1464 1386 1629 1439 αὑτοῦ
1660 1387 2032 1459 γεγεννημένα

453 1476 668 1548 μεθέξει
696 1476 997 1549 σωτηρίας;

2140 560 2263 624 illa,
2298 569 2353 617 ct
2397 578 2604 628 unum,
2654 564 2724 619 ab
2758 580 2868 619 uno
2914 566 3189 636 profecta,
3238 570 3307 625 ab
3346 586 3454 626 una
3481 576 3728 631 omnium

2140 666 2338 720 causa,
2389 670 2647 710 manasse
2692 658 3056 727 reperiemus.
3105 656 3182 713 Ita
3232 676 3341 715 non
3398 663 3515 731 jam
3555 666 3728 723 multa

2137 742 2441 815 principia,
2474 745 2570 801 sed
2598 763 2765 800 unum
2801 748 2926 812 erit,
2959 764 2989 802 a
3018 765 3126 820 quo
3153 758 3349 806 czetera
3381 753 3725 825 dependent,

2138 846 2193 891 et
2220 838 2286 893 ad
2318 840 2484 895 unius
2511 827 2802 910 imperium
2844 843 3099 899 universa
3139 844 3449 902 referentur
3485 868 3499 902 :
3533 851 3727 922 sicque

2138 929 2303 985 fallax
2350 946 2413 985 ac
2457 931 2649 987 fucosa
2696 934 2844 989 illius
2884 936 3063 990 oratio
3098 938 3383 1004 concidet,
3422 942 3555 996 nihil
3604 943 3726 1010 ipsa

2138 1021 2358 1091 quidem
2395 1023 2645 1078 veritatis
2678 1023 2911 1089 habens,
2950 1041 3012 1080 ac
3042 1027 3125 1081 vel
3157 1030 3305 1083 omni
3336 1031 3725 1101 probabilitate

2137 1113 2420 1168 destituta.
2460 1113 2640 1169 Stulta
2673 1118 2875 1186 quippe
2922 1126 3037 1172 tota
3075 1120 3191 1175 haec
3224 1129 3307 1175 est
3338 1123 3546 1193 opinio.
3586 1124 3723 1178 Nam

2135 1208 2181 1261 si
2216 1208 2461 1263 Adamus
2501 1210 2732 1264 salutem
2788 1211 3015 1267 minime
3059 1222 3144 1268 est
3190 1215 3457 1285 adeptus,
3499 1217 3602 1272 hoc
3639 1226 3726 1273 est

2134 1300 2255 1370 ipsa
2295 1301 2699 1370 quodammodo
2726 1304 2943 1371 generis
2983 1319 3199 1370 massa;
3252 1322 3353 1361 nec
3388 1309 3493 1361 ulla
3527 1323 3725 1364 massae

2135 1392 2301 1463 hujus
2350 1392 2618 1463 particula
2667 1397 2876 1450 servari
2929 1398 3149 1467 poterit.
3191 1397 3250 1453 Si
3291 1401 3436 1453 enim
3483 1401 3577 1472 qui
3610 1402 3725 1471 pri-

2132 1499 2257 1539 mus
2310 1487 2555 1540 omnium
2593 1486 2853 1541 conditus
2901 1495 3021 1552 est,
3071 1498 3127 1543 et
3172 1505 3239 1543 ex
3280 1490 3492 1559 integra
3541 1491 3719 1547 adhuc

450 1572 598 1621 terra
632 1567 929 1634 formatus,
961 1567 1157 1623 salutis
1196 1568 1421 1623 minime
1448 1576 1533 1624 est
1562 1568 1870 1640 particeps,
1903 1585 2026 1640 quae
2057 1573 2127 1629 ab
2154 1576 2345 1631 eodem
2389 1584 2509 1631 orta
2548 1584 2678 1631 sunt
2709 1593 2819 1647 quo
2866 1579 3085 1634 tandem
3122 1588 3287 1650 pacto
3342 1582 3571 1636 salutem
3625 1581 3722 1635 ob-

448 1658 735 1713 tinebunt?

519 1749 595 1803 1".
636 1748 793 1803 Κατὰ
818 1750 926 1821 γὰρ
963 1748 1057 1804 δύο
1081 1751 1315 1823 τρόπους
1352 1751 1708 1822 εὑρεθήσεται
1741 1752 1862 1806 καθ’
1896 1753 2025 1805 ἑαυ-

2200 1746 2289 1800 Ill.
2327 1746 2693 1813 Quamobrem
2742 1747 2959 1804 duobus
3008 1749 3187 1805 modis
3231 1764 3417 1805 secum
3463 1754 3579 1823 ipse
3608 1772 3714 1826 pu-

447 1840 542 1895 τοῦ
573 1840 779 1908 λέγων’
815 1841 1012 1909 φάσκει
1048 1840 1156 1912 γὰρ
1204 1841 1292 1893 τὸν
1323 1844 1499 1911 γάμον
1529 1839 1669 1895 εἶναι
1711 1843 1811 1896 οὑκ
1843 1846 1907 1896 ὲκ
1935 1842 2030 1896 τοῦ

449 1929 623 1998 Θεοῦ,
671 1930 809 1984 ἀλλά
855 1933 1115 2003 πορνείας
1147 1928 1286 1985 εἶναι
1331 1932 1494 1987 αὑτὸν
1552 1934 1647 1988 καὶ
1691 1934 1895 2005 μῦσος,
1937 1936 2033 1989 καὶ

449 2022 643 2077 ἑαυτὸν
676 2023 854 2094 γάμου
887 2024 1223 2094 ὑπάρχοντα,
1257 2023 1352 2076 καὶ
1383 2025 1445 2076 ὲκ
1482 2027 1739 2092 γυναικὸς
1770 2043 2031 2096 γεγεννη-

453 2115 635 2186 μένον,
657 2116 752 2169 καὶ
771 2117 837 2168 ὲκ
866 2118 1076 2187 σπορᾶς
1099 2117 1308 2188 ἀνδρῶν
1331 2120 1551 2188 ἡγεῖται
1582 2118 1868 2183 σώζεσθαι.
1891 2122 2033 2192 Ἀρα

448 2203 543 2263 οὖν
571 2207 732 2262 πάλιν
773 2207 999 2263 ἀνέλυσε
1041 2209 1140 2280 τὴν
1162 2209 1326 2262 αὑτοῦ
1356 2209 1495 2263 κατά
1524 2210 1617 2263 τοῦ
1661 2211 1838 2281 γάμου
1867 2211 2033 2282 βλασ-

450 2300 681 2372 φημίαν.
710 2302 773 2354 Εἰ
795 2300 902 2372 γάρ
958 2294 1115 2365 οὗτος
1143 2303 1208 2354 ὲκ
1234 2302 1428 2372 γάμων
1460 2302 1719 2373 ὑπάρχων
1750 2306 2026 2375 σωτηρίαν

448 2390 582 2457 ἕξει,
608 2393 717 2463 ἀρα
756 2392 817 2445 οὑ
865 2392 1141 2464 βδέλυγμα
1168 2395 1195 2445 6
1227 2393 1425 2463 γάμος,
1459 2395 1487 2446 6
1527 2394 1734 2462 γεννῶν
1778 2397 1906 2458 τοὺς
1937 2396 2036 2467 τῆς

452 2484 727 2555 σωτηρίας
758 2485 1107 2555 μετέχοντας,
1138 2486 1237 2557 οἵῳ
1272 2486 1317 2539 δ’
1340 2485 1407 2539 ἂν
1442 2485 1588 2539 θέλοι
1616 2488 1802 2558 τρόπῳ
1830 2488 2030 2557 λέγειν.

451 2576 519 2629 Εἰ
550 2574 606 2627 δὲ
635 2576 864 2647 συσταίη
899 2578 1019 2629 κατ’
1047 2576 1227 2630 αὑτῶν
1250 2577 1426 2646 λόγος,
1456 2578 1580 2631 Ὅτι
1608 2578 1865 2649 ἀθέμιτός
1888 2583 2034 2634 ἐστιν

451 2666 481 2717 6
514 2666 726 2737 γάμοςδ
776 2666 884 2738 ἄρα
933 2668 1133 2738 μᾶλλον
1162 2670 1190 2721 6
1240 2668 1411 2739 Ἀδὰμ
1455 2670 1781 2741 σωθήσεται,
1817 2672 1890 2743 μὴ
1927 2674 2035 2727 ἀπὸ

451 2759 629 2828 γάμου
668 2758 1020 2831 ὁρμώμενος,
1056 2760 1172 2813 ἀλλ’
1222 2763 1279 2815 ὲν
1314 2762 1455 2834 χειρὶ
1503 2764 1716 2835 Πατρὺς
1763 2766 1855 2819 καὶ
1905 2766 2032 2819 Υἱοῦ

452 2851 548 2905 καὶ
580 2851 735 2920 ἁγίου
765 2852 1082 2924 Πνεύματος
1108 2853 1509 2926 πεπλασμένος,
1536 2857 1677 2909 κατὰ
1702 2858 1762 2910 τὸ
1790 2875 2037 2930 γεγραμ-

456 2942 618 3013 μένον
639 2944 660 2974 ³
692 2943 785 2997 ὑπ’
825 2944 990 2998 αὑτοῦ
1021 2944 1116 2998 τοῦ
1154 2946 1309 3014 ἁγίου
1345 2947 1561 3018 Πατρὸς
1591 2948 1726 3019 πρὸς
1764 2949 1856 3002 τὸν
1885 2950 2031 3016 Υἱὸν,

452 3033 535 3086 ὅτι
573 3032 925 3103 Ποιήσωμεν
964 3035 1280 3103 ἄνθρωπον
1325 3037 1452 3090 κατ’
1501 3039 1705 3091 εἰκόνα
1740 3039 2035 3107 ἡμετέραν

2146 1846 2278 1909 gnat
2307 1854 2321 1891 :
2353 1836 2499 1906 quod
2532 1844 2587 1891 et
2620 1838 2841 1905 nuptias
2885 1840 3098 1892 auctori
3138 1838 3248 1894 Deo
3281 1842 3596 1900 tribuendas
3630 1861 3726 1901 ne-

2135 1937 2261 1996 gat,
2303 1943 2507 1998 easque
2550 1927 2815 1999 ﬂagitium
2866 1938 2921 1985 et
2968 1931 3297 1986 adulterium
3343 1936 3620 2004 nominat,
3674 1951 3729 1995 et

2134 2022 2375 2091 seipsum
2418 2019 2776 2074 nihilominus
2818 2036 2849 2076 e
2899 2022 3130 2076 muliere
3165 2033 3493 2094 prognatum
3555 2038 3722 2098 atque

2133 2129 2198 2167 ex
2239 2112 2386 2167 virili
2438 2120 2563 2166 satu
2620 2120 2969 2181 procreatum
3022 2115 3234 2168 servari
3268 2132 3434 2187 posse
3474 2118 3725 2177 confidit.

2133 2205 2253 2271 Qua
2286 2205 2506 2275 quidem
2541 2207 2753 2259 ratione
2790 2207 3028 2276 priorem
3068 2208 3219 2261 illam
3243 2248 3259 2272 ,
3310 2225 3475 2280 quam
3518 2214 3728 2282 nuptiis

2135 2299 2494 2367 imposuerat,
2531 2298 2920 2351 contumeliam
2949 2300 3195 2354 rescidit.
3229 2299 3287 2354 Si
3319 2302 3465 2356 enim
3495 2303 3588 2358 ille
3611 2303 3729 2373 ipse

2137 2393 2408 2462 originem
2457 2390 2681 2444 trahens
2726 2404 2757 2442 a
2797 2390 3007 2459 nuptiis
3064 2391 3299 2446 salutem
3344 2394 3724 2464 consequitur,

2135 2500 2247 2539 non
2274 2484 2442 2554 igitur
2485 2480 2824 2536 detestandae
2862 2488 2992 2536 sunt
3043 2481 3278 2552 nuptiaa,
3334 2498 3457 2553 quae
3504 2500 3601 2540 eos
3647 2486 3729 2555 gi-

2132 2586 2339 2646 gnant,
2379 2575 2579 2645 quibus
2633 2575 2783 2627 salus
2840 2573 3131 2628 tribuenda
3180 2574 3284 2640 sit,
3340 2592 3728 2649 quamcunque

2133 2676 2343 2738 partem
2363 2668 2581 2737 eligant.
2598 2666 2754 2731 Quod
2778 2667 2821 2721 si
2837 2682 2964 2721 vera
2983 2667 3055 2721 sit
3071 2668 3391 2723 eorumdem
3408 2671 3683 2725 sententia
3701 2712 3718 2736 ,

2135 2764 2207 2819 Ut
2230 2764 2436 2817 illicitae
2462 2763 2573 2817 sint
2595 2764 2801 2832 nuptiae
2826 2780 2841 2829 ;
2865 2772 3015 2818 tanto
3052 2764 3228 2835 magis
3247 2764 3518 2821 Adamum
3546 2767 3726 2837 ipsum

2136 2871 2233 2924 nar
2263 2863 2348 2911 est
2388 2855 2584 2909 salutis
2614 2866 2920 2925 compotem
2951 2856 3089 2921 fieri,
3124 2858 3217 2928 qui
3257 2859 3426 2915 nullis
3456 2875 3725 2934 propaga-

2134 2954 2224 3003 tus
2255 2948 2506 3019 nuptiis,
2585 2946 2768 3003 Patris
2822 2963 2885 3001 ac
2922 2946 3083 3013 Filii,
3137 2956 3190 3003 et
3250 2948 3490 3021 Spiritus
3540 2953 3724 3008 sancti

2137 3057 2303 3094 manu
2347 3048 2434 3095 est
2486 3039 2741 3095 effictus:
2778 3040 3241 3110 quemadmodum
3302 3040 3584 3113 Scriptura
3636 3051 3723 3100 te-

451 3127 549 3179 καὶ
579 3128 706 3181 καθ’
756 3128 1058 3196 ὁμοίωσιν.
1087 3128 1213 3192 Πῶς
1258 3128 1315 3182 δὲ
1364 3132 1425 3181 οὑ
1462 3128 1693 3193 σώζεται
1722 3133 1749 3183 6
1782 3131 1969 3201 Ἀδάμ,
2006 3134 2033 3185 6

2138 3142 2339 3197 statur,
2365 3149 2491 3188 cum
2534 3134 2607 3187 ita
2647 3132 2807 3188 Pater
2851 3130 3047 3187 Filium
3090 3133 3375 3204 alloquens
3416 3137 3721 3193 introduci-

451 3214 602 3286 παρά
654 3217 738 3270 σοὶ
798 3218 1267 3291 ἀπελπιζόμενος,
1325 3221 1488 3275 ὁπότε
1538 3222 1701 3286 αὑτὸς
1748 3224 1778 3275 6
1828 3221 2033 3291 Κύριος

450 3308 608 3380 ἡμῶν
628 3310 835 3382 Ἰησοῦς
867 3313 1125 3383 Χριστὸς,
1156 3312 1324 3367 ἐλθὼν
1352 3314 1536 3376 εἰςτὸν
1562 3314 1788 3384 κόσμον,
1807 3315 2030 3385 νεκροὺς

451 3404 593 3477 μετά
623 3405 723 3476 τὴν
766 3406 1021 3478 τελευτὴν
1053 3406 1257 3478 ἐγείρει
1294 3410 1352 3461 ἐν
1388 3407 1537 3478 αὑτῷ
1578 3407 1654 3479 τῷ
1691 3407 1925 3477 σώματι,
1958 3406 2032 3468 ὡς

447 3496 540 3549 τὸν
568 3494 839 3567 Λάζαρον,
879 3499 972 3550 καὶ
998 3496 1111 3549 υἱὸν
1144 3498 1243 3568 τῆς
1272 3499 1465 3569 χήρας,
1502 3497 1597 3550 καὶ
1623 3496 1723 3567 τὴν
1758 3497 2033 3567 θυγατέρα

446 3584 539 3638 τοῦ
558 3586 1031 3657 Ἀρχισυναγώγου
1059 3606 1073 3654 ;
1098 3589 1210 3641 Καὶ
1235 3591 1283 3641 εἰ
1305 3589 1467 3651 αὐτὸς
1494 3589 1593 3641 οὑκ
1612 3584 1679 3659 ἦν
1709 3589 1736 3639 6
1756 3588 1846 3641 τὸν
1863 3588 2034 3657 Ἀδάμ

448 3674 662 3737 πλάσας
707 3676 771 3726 ἐκ
818 3676 942 3745 χοὸς
988 3678 1084 3729 ἀπ’
1138 3677 1355 3747 ἀρχῆς,
1416 3677 1534 3740 πῶς
1582 3677 1791 3738 πτύσας
1860 3678 2034 3747 χαμαὶ

448 3767 673 3837 ἐποίησε
717 3768 908 3837 πηλὸν,
946 3770 1039 3821 καὶ
1064 3768 1289 3822 ἐπέθετο
1309 3769 1403 3822 ἐπὶ
1434 3770 1559 3833 τοὺς
1601 3768 1909 3839 ὀφθαλμοὺς
1937 3768 2031 3821 τοῦ

449 3853 653 3924 τυφλοῦ
684 3857 776 3909 τοῦ
810 3858 874 3908 ὲκ
906 3858 1153 3929 γενετῆς,
1178 3858 1275 3911 καὶ
1305 3859 1561 3929 ἐποίησεν
1585 3859 1747 3911 αὑτὸν
1780 3859 2029 3929 βλέπειν;

452 3950 571 4005 Ἵνα
605 3951 750 4022 δείξῃ
788 3952 979 4005 ἑαυτὸν
1005 3951 1103 4022 μὲν
1136 3947 1275 4005 εἶναι
1298 3953 1390 4004 τὸν
1414 3953 1666 4022 Πλάστην
1696 3954 1792 4006 σὺν
1818 3952 1897 4022 τῷ
1923 3954 2036 4005 Πα-

448 4047 540 4116 τρὶ
564 4045 660 4098 καὶ
688 4043 767 4114 τῷ
794 4044 934 4115 ἁγίῳ
960 4043 1260 4112 Πνεύματι,
1293 4045 1387 4097 καὶ
1421 4043 1481 4095 τὸ
1518 4042 1733 4105 ἐλλιπὲς
1768 4043 1931 4114 μέρος
1975 4044 2033 4094 έν

450 4135 528 4206 τῷ
552 4136 659 4189 ἀπὸ
703 4136 927 4206 γενετῆς
951 4136 1335 4205 γεγεννημένῳ
1375 4133 1562 4204 τυφλῷ
1589 4134 1678 4186 διὰ
1718 4134 1810 4187 τοῦ
1857 4133 2031 4204 πηλοῦ

452 4226 763 4299 προστιθεὶς
796 4226 873 4296 τῷ
899 4227 1137 4279 λείποντι
1166 4225 1342 4295 τόπῳ’
1400 4224 1735 4296 διορθώσεως
1766 4226 1876 4297 γὰρ
1914 4225 2033 4278 ἓνε-

449 4337 545 4374 κεν
581 4318 675 4372 τοῦ
722 4318 999 4381 λείποντος
1032 4318 1230 4387 μέρους
1264 4316 1512 4386 φαίνεται
1549 4315 1707 4369 τοῦτο
1740 4317 2033 4385 πεποιηκέ-

2133 3235 2225 3281 tur
2262 3245 2275 3281 :
2309 3226 2599 3279 Faciamus
2626 3226 2885 3279 hominem
2905 3224 2974 3277 ad
3008 3227 3287 3296 imaginem
3325 3237 3376 3282 et
3403 3229 3720 3283 similitudi-

2134 3335 2252 3371 nem
2280 3328 2517 3371 nostram
2551 3318 2592 3368 ⁵.
2619 3316 2723 3381 Qui
2759 3331 2924 3386 porro
2953 3318 3211 3372 convenit
3237 3316 3530 3385 Adamum,
3554 3336 3720 3390 quem

2134 3408 2295 3478 393
2323 3424 2420 3478 pro
2437 3407 2727 3477 desperato
2740 3408 2931 3471 habes,
2952 3423 2980 3461 a
2995 3408 3169 3463 salute
3187 3410 3423 3465 alienum
3439 3427 3580 3477 esse,
3598 3428 3724 3468 cum

2136 3498 2399 3554 Dominus
2416 3500 2530 3569 ipse
2544 3508 2731 3553 noster
2746 3497 2904 3554 Jesus
2929 3499 3202 3567 Christus,
3222 3502 3276 3555 in
3295 3501 3441 3558 hunc
3460 3503 3725 3559 mundum

2134 3590 2388 3655 veniens,
2433 3590 2543 3645 vita
2593 3589 2708 3659 jam
2744 3590 3032 3647 defunctos
3057 3591 3305 3647 homines
3342 3607 3572 3662 corpore
3600 3594 3722 3663 ipso

2136 3683 2417 3737 suscitarit
2443 3721 2457 3745 ,
2516 3682 2592 3734 uti
2638 3680 2906 3735 Lazarum
2938 3683 2993 3746 θ,
3055 3697 3120 3737 ac
3175 3682 3348 3737 viduae
3379 3683 3549 3739 filium
3579 3685 3621 3752 ⁷,
3663 3694 3719 3741 et

2138 3772 2433 3843 Synagogze
2462 3772 2722 3841 principis
2755 3774 2918 3827 ﬁliam
2951 3773 3011 3826 3?
3038 3772 3173 3827 Nam
3206 3775 3252 3829 si
3285 3774 3332 3830 is
3371 3790 3719 3845 nequaquam

2133 3865 2401 3918 Adamum
2435 3865 2591 3919 initio
2634 3865 2702 3919 de
2734 3874 2879 3919 terra
2914 3864 3236 3931 formasset,
3277 3880 3377 3920 cur
3402 3866 3456 3919 in
3496 3866 3723 3921 humum

2135 3958 2407 4025 despuens
2442 3955 2615 4008 lutum
2663 3956 2869 4009 faceret
2893 3995 2907 4019 .,
2942 3955 3170 4025 ejusque
3219 3955 3312 4024 qui
3347 3970 3524 4011 caecus
3561 3967 3722 4012 natus

2134 4047 2312 4101 fuerat
2362 4048 2539 4101 oculis
2596 4048 2867 4111 illineret,
2923 4048 3086 4116 eique
3140 4048 3318 4103 visum
3382 4048 3722 4103 redderet”?

2134 4135 2254 4201 Quo
2288 4135 2460 4201 facto,
2504 4136 2858 4190 Conditorem
2908 4152 2966 4191 se
2987 4152 3109 4189 esse
3153 4151 3275 4189 cum
3308 4134 3469 4191 Patre
3498 4151 3561 4191 ac
3604 4135 3723 4208 Spi-

2135 4226 2242 4279 ritu
2272 4233 2465 4280 sancto
2491 4225 2782 4279 manifeste
2811 4225 3131 4286 declaravit,
3157 4238 3280 4277 cum
3310 4232 3517 4293 partem
3546 4224 3717 4291 illam,

2135 4331 2255 4385 qua:
2290 4330 2435 4369 caaco
2474 4324 2604 4369 nato
2637 4316 2826 4369 deerat
2846 4358 2860 4379 ,
2888 4329 3115 4382 asperso
3146 4314 3280 4379 luto,
3318 4314 3567 4368 mutilato
3591 4329 3718 4367 cor-

450 4431 560 4466 vat.
592 4412 653 4466 Εἰ
682 4413 738 4465 δὲ
763 4411 926 4465 πάλιν
961 4411 1121 4472 αὑτός
1145 4412 1291 4462 ἐστιν
1317 4411 1346 4462 6
1371 4408 1574 4479 Κύριος
1605 4408 1775 4478 Ἀδὰμ
1800 4408 2030 4473 πλάσας,

2135 4407 2285 4477 poris
2343 4408 2587 4461 membro
2641 4407 2916 4471 restituit;
2968 4414 3027 4459 ut
3071 4406 3214 4460 enim
3272 4421 3525 4460 mancum
3569 4407 3717 4461 istud

450 4507 546 4559 καὶ
572 4504 734 4558 αὑτὸν
755 4504 847 4557 τὸν
871 4501 1294 4574 πρωτόπλαστον
1315 4499 1591 4562 ἀπολλύει,
1608 4501 1733 4562 τοὺς
1753 4499 1809 4551 δὲ
1834 4499 2028 4561 ἄλλους

2135 4500 2437 4554 membrum
2466 4500 2766 4565 corrigeret
2791 4539 2805 4564 ,
2838 4500 2943 4553 hoc
2972 4498 3151 4568 egisse
3179 4497 3414 4551 videtur.
3438 4496 3554 4551 Jam
3587 4514 3717 4553 vero

452 4599 635 4664 σώζει,
663 4594 708 4651 ῶ
733 4596 900 4667 πολλή
939 4613 1030 4649 σου
1069 4593 1531 4665 ματαιοφροσύνη,
1569 4592 1834 4645 Τατιανέι
1873 4592 2026 4644 Ἀδυ-

448 4692 650 4762 ναμίαν
681 4690 789 4761 γὰρ
816 4688 893 4759 τῷ
918 4687 1109 4760 Κυρίῳ
1138 4686 1279 4741 κατὰ
1311 4685 1538 4754 δύναμιν
1570 4685 1925 4755 προσάπτεις,
1950 4683 2027 4754 τῷ

448 4784 729 4855 δυναμένῳ
765 4783 855 4836 τὸν
888 4781 1313 4854 πρωτόπλαστον
1356 4778 1544 4843 αὑτοῦ,
1581 4776 1669 4830 διὰ
1690 4777 1820 4847 μίαν
1848 4794 2028 4848 παρα-

450 4876 583 4947 κοὴν
621 4875 1023 4946 ἐκϐεϐλημένον
1056 4872 1151 4925 τοῦ
1181 4871 1536 4943 παραδείσου,
1567 4871 1661 4923 καὶ
1689 4869 1936 4932 παιδείας
1965 4869 2026 4920 οὑ

450 4968 549 5037 τῆς
604 4966 872 5037 τυχούσης
909 4966 1279 5036 μετασχόντα,
1316 4965 1374 5016 ὲν
1436 4962 1619 5033 ἱδρῶτι
1656 4963 1750 5015 καὶ
1799 4962 2031 5032 καμάτῳ

450 5055 891 5122 διατετελεκότα,
928 5055 1022 5108 καὶ
1057 5055 1346 5107 κατέναντι
1388 5052 1481 5104 τοῦ
1528 5052 1857 5121 παραδείσου
1898 5068 2029 5104 κατ-

450 5148 727 5220 ῳκηκότα,
755 5147 902 5210 ὅπως
944 5144 1271 5216 μνημονεύοι
1310 5143 1409 5213 τῆς
1451 5144 1661 5213 ἀγαθῆς
1707 5143 1793 5195 διὰ
1825 5144 1922 5213 τῆς
1955 5144 2034 5204 εἰς

456 5242 676 5313 μνήμην
734 5239 1023 5309 μετανοίας
1075 5238 1302 5301 σώζεινο
1362 5237 1394 5305 ἢ
1447 5236 1728 5306 δυναμένῳ
1770 5235 1897 5306 μὲν,
1957 5234 2031 5305 μὴ

453 5332 693 5385 ἐλεοῦντι
727 5330 807 5383 δέ.
844 5328 919 5380 Δι’
947 5329 1013 5397 ἣν
1046 5328 1140 5380 τοῦ
1169 5326 1263 5381 νῦν
1293 5327 1471 5379 αἰτίαν
1495 5325 1517 5356 ⁸
1547 5328 1676 5395 ἄχρι
1715 5325 1821 5377 τῶν
1864 5342 2032 5377 κατα-

453 5424 681 5495 χθονίων
713 5420 949 5494 Χριστὸς
978 5418 1242 5487 κατῆλθε;
1277 5418 1397 5470 Τίνι
1427 5416 1505 5487 τῷ
1535 5416 1680 5486 λόγῳ
1708 5417 1769 5467 τὸ
1797 5416 2028 5485 τριήμε-

458 5536 549 5591 ρον
581 5514 866 5586 κοιμηθεὶς
898 5509 1184 5573 πεπονθὼς
1218 5510 1415 5579 ἀνέστη
1441 5526 1455 5574 ;
1478 5507 1602 5570 Πῶς
1628 5508 1683 5560 δὲ
1706 5506 2028 5577 πληροῦται,

525 5675 542 5707 ¹
566 5671 628 5729 F.
657 5673 895 5728 πάντων.

451 5744 576 5805 τινα
597 5744 655 5799 δὲ
682 5742 883 5798 αἰτίαν.
1028 5739 1051 5770 ³
1076 5739 1212 5794 Gen.
1240 5754 1279 5803 ι,

848 5843 1126 5902 -ΡΑτιιοιη
1168 5836 1287 5899 Gn.
1320 5834 1486 5897 XLI.

1006 5671 1027 5703 ‘
1062 5668 1223 5723 Deest
1262 5667 1548 5735 repetitum
1608 5666 1669 5720 οὑ
1724 5662 1975 5735 σώζεται,
2000 5663 2084 5735 vel
2109 5662 2215 5735 leg.
2243 5662 2304 5715 οὑ
2344 5660 2406 5735 δὲ
2439 5660 2869 5735 τδίφυράματος,

1357 5739 1411 5791 6.
1491 5738 1511 5767 ⁶
1535 5735 1693 5793 Joan.
1727 5750 1806 5803 χι,
1831 5734 1919 5789 45.
1997 5735 2015 5766 ⁷
2045 5731 2187 5790 Luc.
2205 5749 2306 5802 vn,
2333 5732 2421 5788 14.
2502 5734 2523 5766 ³
2560 5731 2730 5789 Marc.
2760 5749 2814 5800 v,
2849 5731 2937 5789 41.

2131 4588 2178 4644 si
2215 4589 2483 4643 Atlamum
2529 4587 2795 4643 Dominus
2841 4590 2959 4658 ipse
3002 4587 3325 4651 fabricavit,
3373 4603 3435 4641 ac
3479 4589 3715 4658 primum

2130 4678 2264 4732 illud
2311 4694 2470 4733 suum
2506 4693 2647 4748 Opus
2679 4678 3038 4733 nihilominus
3076 4679 3441 4743 exterminat,
3471 4679 3599 4732 dum
3634 4694 3716 4733 re-

2128 4773 2309 4845 liquos
2336 4772 2553 4827 interim
2590 4779 2804 4840 servat;
2835 4780 3039 4843 quanta
3070 4772 3207 4835 haec,
3241 4770 3469 4826 Tatiane
3496 4812 3511 4834 ,
3544 4772 3721 4826 stulti.

2133 4866 2206 4918 tia
2238 4865 2358 4920 est!
2388 4862 2824 4919 lmhecillitatem
2851 4865 2997 4919 enim
3019 4862 3252 4917 Domino
3279 4874 3540 4932 quantum
3572 4863 3627 4917 in
3658 4871 3716 4918 te

2138 4966 2223 5011 est
2252 4956 2496 5026 amngis;
2522 4957 2617 5025 qui
2657 4971 2782 5009 cum
2833 4955 3110 5010 hominem
3131 4996 3145 5019 ,
3174 4971 3335 5024 quem
3371 4964 3497 5009 ante
3527 4970 3718 5011 omnes

2136 5050 2451 5113 eﬂinxerat,
2485 5049 2558 5101 ob
2591 5048 2813 5102 unicum
2831 5048 3017 5101 violati
3056 5047 3300 5102 mandati
3333 5048 3540 5102 crimen
3568 5064 3598 5102 e
3628 5062 3717 5116 pa-

2137 5141 2322 5195 radiso
2373 5139 2694 5209 depulsum,
2758 5153 2857 5192 nec
2913 5136 3177 5191 mediocri
3241 5137 3718 5190 animadversione

2137 5234 2498 5303 castigatum,
2537 5238 2597 5284 ut
2641 5236 2854 5283 aetatem
2904 5242 3060 5283 suam
3099 5237 3361 5296 perpetuo
3404 5226 3605 5281 sudore
3654 5243 3716 5281 ac

2136 5323 2327 5378 labore
2370 5322 2741 5391 transigeret,
2784 5327 2949 5387 atque
2975 5334 3007 5373 e
3038 5317 3277 5387 paradisi
3310 5317 3531 5387 regione
3556 5317 3717 5385 dege-

2134 5425 2247 5478 ret,
2288 5431 2399 5485 quo
2428 5430 2494 5468 ex
2524 5412 2699 5467 felicis
2725 5411 2986 5466 domicilii
3018 5409 3399 5465 recordatione
3425 5410 3717 5464 vehemen-

2134 5514 2219 5562 ter
2239 5522 2365 5561 eum
2419 5504 2738 5576 paaniteret;
2769 5503 2937 5569 hunc,
2972 5503 3217 5573 inquam,
3246 5516 3465 5557 servare
3487 5501 3711 5554 minime

2985 5660 3007 5693 ³
3026 5657 3088 5732 ιτ,
3115 5659 3423 5732 εἰρημένον.
3501 5658 3523 5689 ⁸
3543 5654 3605 5713 F.
3626 5652 3716 5712 διὰ

3013 5734 3033 5766 ⁸
3063 5730 3336 5793 Ιοίιιιξιχ,
3375 5731 3398 5782 1
3429 5745 3548 5801 sqq.

3373 5824 3453 5884 27
