4186 6374
450 409 511 462 Si
522 407 554 460 3

450 519 714 595 potuerit,
764 526 858 570 aut
904 522 963 568 ut
998 498 1715 582 potuerit,misericordiam
1748 494 1799 551 ei
1834 494 2038 548 nullam
2070 502 2113 558 Α

453 584 781 669 adhibuerit.
826 596 967 674 Quid
1015 605 1159 659 enim
1196 613 1377 653 causa:
1410 595 1512 649 fuit
1551 608 1650 647 cur
1686 588 1940 645 Christus
1972 584 2039 638 ad

453 706 660 764 inferos
706 715 883 772 usque
938 692 1334 754 descenderet;
1390 694 1486 740 aut
1542 683 1726 738 triduo
1795 678 2043 748 sepultus

455 806 582 870 post
646 794 961 867 passionem
1009 782 1365 855 resurgeret?
1396 777 1499 845 Qui
1536 790 1701 847 porro
1751 771 1898 827 istud
1935 771 2041 823 im-

457 889 637 959 pletur
669 905 683 940 :
720 882 785 939 dt
826 881 1050 937 mortuis
1088 878 1314 945 vivisque
1356 870 1653 924 dominetur
1696 864 1753 917 ‘?
1781 861 1883 928 Qui
1916 866 2045 914 sunt

458 981 568 1035 vivi
599 979 676 1034 illi
706 975 1043 1044 mortuique,
1076 969 1180 1024 nisi
1204 966 1295 1037 qui
1327 972 1438 1017 tam
1487 958 1629 1014 infra
1666 970 1831 1027 quam
1879 966 2047 1022 supra

460 1084 665 1131 terram
695 1086 797 1142 ope
824 1070 970 1123 illius
1000 1059 1359 1134 indigebant?
1395 1056 1635 1110 Possunt
1669 1065 1796 1106 vero
1826 1061 1947 1119 quae
1972 1061 2042 1099 ex

462 1158 645 1221 massa
684 1163 775 1217 illa
809 1162 1064 1227 decerpta
1112 1160 1240 1208 sunt
1289 1163 1413 1205 esse
1466 1151 1654 1201 sancta
1681 1182 1695 1206 ,
1724 1139 1831 1195 nisi
1860 1151 2043 1192 massa

463 1263 581 1331 ipsa
611 1259 685 1313 sit
713 1264 901 1313 sancta
924 1296 939 1320 ,
971 1226 1029 1305 ut
1055 1247 1198 1319 apud
1223 1254 1471 1302 sanctum
1509 1238 1832 1311 Apostolum
1863 1230 2131 1305 legimus?
2157 1227 2262 1294 Qui
2292 1226 2360 1282 de

1870 376 1927 431 S.
1971 369 2318 429 EPIPIIANII

3625 348 3731 407 844

2146 490 2271 545 Ἵνα
2297 484 2395 539 καί
2440 500 2571 550 rex;
2586 480 2670 533 ῶν
2709 478 2805 532 καί
2847 475 3076 537 ζώντων
3108 468 3435 539 xvai'rdn;
3470 461 3650 518 Ποίων
3675 461 3733 516 δὲ

2148 579 2364 644 ζώντων
2397 577 2491 629 καὶ
2532 572 2761 647 νεκρῶν,
2791 570 2905 624 ἀλλ’
2936 568 2969 638 ἢ
3013 565 3123 619 τῶν
3153 560 3465 634 χρῃζόντων
3506 555 3604 626 τῆς
3638 553 3734 607 αὖ·

2148 670 2240 726 τοῦ
2269 671 2382 724 άνω
2416 667 2513 722 καλ⁴
2544 667 2696 719 κάτω
2723 660 3078 731 ὲπικουρὶαςς
3111 656 3235 719 Πῶς
3267 654 3324 706 δὲ
3350 652 3505 704 ἔσται
3528 649 3599 701 τὰ
3625 645 3736 700 ἀπὺ

2152 766 2473 837 φυράματος
2500 760 2652 829 ἅγια,
2681 758 2727 809 εἰ
2754 754 2885 809 αὐτὸ
2921 753 2981 805 τὸ
3006 747 3353 821 φύραμαόὑκ
3378 744 3525 796 ἔστιν
3554 741 3733 808 ἅγιον,

2153 832 2241 921 ῶς-
2261 832 2354 909 καὶ
2386 852 2538 925 παρά
2565 849 2641 919 τῷ
2666 848 2806 917 ἁγίῳ
2822 842 3130 925 Ἀποστόλῳ
3157 839 3458 911 ἐμφέρεται
3485 851 3500 899 ;
3532 832 3735 885 Φάσκει

2154 949 2263 1021 γὰρ
2304 948 2398 1001 καὶ
2427 921 2557 1016 περὶ
2590 940 2733 1005 Εὔας
2767 940 2796 991 ό
2844 924 3005 999 αὐτὸς
3036 932 3353 994 ἀπόστολος,
3418 928 3500 981 ὅτι
3532 921 3735 991 Σωθή-

2149 1014 2318 1095 derat
2374 1038 2473 1091 διὰ
2506 1014 2637 1101 τῆς
2692 1029 3106 1099 τεκνογονίας,
3162 1023 3271 1077 ἐὰν
3329 1020 3623 1091 μείνωσιν
3670 1014 3740 1067 ἐν

2150 1134 2349 1186 πίστει
2381 1129 2479 1183 καὶ
2511 1124 2891 1192 δικαιοσύνῃ.

2417 1224 2529 1279 Eva
2564 1222 2796 1291 loquens
2829 1237 2842 1273 :
2876 1213 3205 1275 Saluabitur,
3254 1206 3453 1277 inquit,
3496 1218 3589 1272 per
3614 1199 3741 1254 libe-

464 1369 648 1411 rorum
698 1346 1120 1421 generationem;
1151 1340 1197 1393 si
1225 1339 1281 1391 in
1312 1334 1416 1406 ﬁde
1445 1350 1506 1387 ac
1526 1331 1748 1401 justitia
1778 1322 2167 1397 permanserint
2196 1320 2233 1376 '.

534 1443 627 1498 IV.
677 1440 967 1495 innumera
1014 1437 1143 1488 sunt
1186 1443 1307 1500 quae
1352 1427 1421 1481 de
1477 1422 1670 1479 eodem
1723 1422 2049 1490 argumento

464 1529 737 1600 disputari
802 1529 1034 1597 possunt
1084 1539 1096 1575 :

468 1626 750 1691 comperta
797 1630 921 1672 esse
952 1618 1132 1684 potest
1174 1607 1414 1673 Tatiani,
1450 1603 1921 1668 Tatianorumqne
1970 1603 2055 1650 te-

468 1714 707 1771 meraria
747 1704 1167 1781 blasphemandi
1214 1700 1459 1763 licentia,
1494 1696 1772 1766 animique
1816 1688 2053 1745 czecitas.

471 1806 548 1861 De
576 1804 779 1876 quibus
800 1780 879 1856 ita
906 1798 1143 1853 breviter
1173 1791 1561 1853 disseruimus,
1595 1796 1657 1841 ut
1698 1786 1916 1840 illorum
1946 1780 2062 1835 vcl-

2222 1411 2294 1463 A'.
2338 1406 2450 1460 Καλ.
2484 1402 2655 1458 πολλὰ
2684 1400 2800 1454 ἔστι
2834 1396 2962 1469 περὶ
3000 1392 3201 1447 τούτων
3229 1388 3430 1457 λέγειν,
3463 1384 3537 1447 ὡς
3580 1380 3745 1435 παντὶ

1144 1473 1220 1575 et:
1259 1516 1462 1588 quibus
1520 1473 2055 1584 prudentiucuilibet

2185 1502 2228 1574 ᾧ
2259 1499 2471 1553 σύνεσιν
2500 1491 2824 1564 κεκτημένῳ
2853 1488 3152 1559 φανήσεται
3183 1484 3217 1553 ἡ
3260 1481 3549 1551 πρόχειρος
3585 1473 3745 1543 βλασ-

2153 1592 2353 1664 φημία,
2406 1589 2502 1642 καὶ
2544 1582 2893 1655 ἐσκοτωμένη
2950 1577 3161 1631 διάνοια
3210 1572 3307 1626 τοῦ
3324 1565 3616 1623 ’Τατιανοῦ
3652 1564 3747 1618 καὶ

2155 1687 2264 1740 τῶν
2328 1684 2422 1737 ἀπ’
2486 1678 2652 1733 αὑτοῦ
2717 1671 2998 1729 Τατιανῶν
3057 1664 3428 1736 καλουμένων.
3481 1658 3617 1731 Περὶ
3672 1649 3747 1709 ὧν

2163 1778 2446 1848 συντόμως
2477 1771 2860 1838 διεξελθόντες,
2893 1768 2961 1820 τὰ
2994 1764 3113 1818 κατ’
3159 1759 3356 1821 αὐτοὺς
3389 1750 3629 1827 βλαϐερά
3654 1746 3749 1801 καὶ

473 1838 548 1861 νῦ
576 1838 779 1876 tiu-uua
802 1838 876 1856 nu
907 1838 1135 1853 υιυυ-υ.
1175 1838 1561 1853 ...νυν---.υμη
1603 1838 1655 1841 __
1699 1838 1708 1840 ν
1742 1838 1779 1839 η

470 1904 534 1955 ιιι
573 1897 814 1952 culicum
862 1890 1044 1947 noxiis
1093 1887 1395 1950 morsibus,
1442 1882 1686 1937 adhibita
1729 1880 1799 1933 iis
1836 1876 1929 1947 qui
1967 1875 2063 1929 icti

2184 1838 2449 1925 κωνώπων
2491 1866 2646 1936 δίκην
2696 1863 2969 1934 δήγματα,
3027 1852 3206 1908 ἐλαίου
3266 1847 3467 1920 ἰκμάδα
3503 1842 3601 1913 τῆς
3653 1838 3751 1892 τοῦ

471 1992 692 2047 fuerant
732 1986 950 2043 Domini
998 1981 1273 2047 doctrina,
1318 1986 1583 2047 tanquam
1626 1970 1731 2025 olei
1777 1964 2064 2037 cujusdam

474 2085 641 2149 illitu,
693 2078 1021 2136 medicinam
1068 2074 1396 2135 fecerimus,
1451 2068 1600 2123 illius
1650 2061 1882 2117 veritate
1905 2054 2069 2127 394

476 2193 543 2232 ac
591 2146 836 2247 potentia
892 2170 1060 2235 freti,
1113 2165 1207 2237 qui
1265 2162 1452 2217 dixit:
1494 2156 1621 2211 Non
1673 2153 1790 2207 veni
1844 2150 1947 2203 nisi
1999 2146 2068 2199 ad

478 2288 596 2326 oves
643 2283 760 2338 quae
814 2265 1080 2333 perierant
1131 2259 1319 2313 domus
1380 2249 1552 2307 Israel
1577 2249 1619 2303 ³.
1675 2243 1834 2300 Unde
1897 2249 1951 2296 et
2014 2241 2069 2293 in

480 2330 739 2435 parabola
794 2330 931 2411 dixit
971 2374 983 2408 :
1027 2352 1201 2407 Homo
1244 2347 1460 2420 quidam
1512 2336 1781 2396 descendit
1825 2332 1890 2387 ab
1946 2330 2074 2384 Hie-

480 2451 716 2507 rusalem
782 2449 838 2502 in
893 2443 1107 2499 Iericho
1159 2441 1218 2494 δι
1263 2452 1426 2508 quem
1498 2435 1553 2486 in
1621 2430 1861 2483 latrones
1929 2421 2071 2476 inci-

484 2544 635 2601 disse
677 2540 960 2601 narrabat,
1012 2545 1071 2589 ut
1110 2542 1163 2588 et
1199 2544 1377 2593 ovem,
1425 2534 1481 2581 et
1528 2522 1808 2577 hominem
1858 2515 1953 2587 qui
2005 2513 2073 2567 ab

486 2634 829 2693 Herusalem
883 2631 941 2684 in
988 2626 1209 2682 Jericho
1259 2617 1641 2679 descenderat,
1694 2612 1847 2667 illum
1892 2610 2072 2678 ipsum

486 2732 715 2785 doceret
760 2738 905 2783 esse,
938 2720 1033 2790 qui
1063 2716 1130 2771 ab
1179 2711 1433 2785 ampliori
1463 2706 1732 2779 dignitate
1774 2701 2071 2758 ceciderat,

488 2831 545 2879 et
581 2820 650 2874 ab
683 2832 792 2872 uno
824 2812 1061 2886 pastoris
1085 2808 1170 2866 sui
1202 2803 1463 2861 mandato
1492 2798 1743 2855 divulsus
1773 2797 2073 2849 erraverat.

489 2911 573 2967 Ex
607 2923 715 2980 quo
752 2914 1003 2963 sanctum
1031 2898 1299 2953 Adamum
1333 2898 1616 2964 parentem
1646 2893 1900 2941 nostrum
1934 2881 2078 2935 inter

490 3006 648 3059 vivos
674 3010 1050 3058 numeramus,
1085 2996 1307 3063 propter
1340 3000 1499 3057 quem
1527 2990 1581 3038 et
1608 2995 1708 3035 nos
1736 2991 1928 3033 omnes
1957 2972 2077 3043 ejus

494 3107 749 3169 posteros
796 3090 1052 3146 Christus
1101 3082 1340 3143 advenit.
1378 3086 1437 3133 ut
1477 3076 1543 3131 iis
1588 3073 1683 3145 qui
1726 3073 1905 3142 ipsum
1946 3066 2077 3121 olim

495 3190 889 3261 cognoverant,
928 3194 1029 3235 nec
1059 3193 1088 3231 a
1118 3176 1405 3231 divinitate
1435 3171 1556 3239 ejus
1586 3169 1999 3226 abcrraverant,
2027 3166 2080 3214 ct

495 3256 867 3338 ob'nonnulla
897 3272 1098 3328 delicta
1128 3282 1227 3324 sua
1259 3264 1402 3335 apud
1434 3262 1640 3318 inferos
1672 3256 2080 3315 detinebantur,

498 3372 828 3443 injuriarum
877 3362 1212 3420 oblivionem
1246 3354 1589 3415 concederet,
1626 3362 1859 3418 eamque
1887 3354 1939 3400 et
1989 3344 2087 3399 ad—

494 3470 613 3525 huc
646 3459 959 3519 viventibus
999 3469 1095 3526 per
1134 3447 1533 3522 patuitentiam,
1583 3453 1638 3498 et
1704 3439 1846 3510 apud
1882 3437 2087 3493 inferos

504 3556 832 3631 degentibus
854 3566 950 3623 per
980 3541 1418 3603 misericordiam
1440 3553 1503 3592 ac
1536 3536 1767 3591 salutem
1800 3531 2087 3587 tribueret.

578 3734 647 3789 ν.
690 3733 789 3788 Est
818 3726 1064 3800 profecto
1109 3718 1255 3792 quod
1296 3712 1619 3786 intelligenti
1659 3710 1859 3765 mirum
1902 3705 2091 3762 videa-

504 3840 618 3896 tur,
664 3826 721 3882 id
776 3819 923 3894 quod
974 3834 1005 3874 e
1059 3816 1325 3870 librorum
1378 3805 1726 3862 monimentis
1772 3800 2089 3864 didicimus,

507 3892 811 3980 Dominum
850 3920 1100 3971 nostrum
1143 3900 1647 3962 Jcsum'Cltristum
1710 3896 1763 3949 in
1828 3892 2093 3963 Golgotha

504 4033 633 4076 esse
671 4010 1016 4073 crucifixum,
1061 4000 1321 4057 nimirum
1366 3996 1421 4049 in
1452 4007 1519 4048 eo
1556 3988 1903 4061 potissimum
1948 3985 2091 4048 loco,

505 4075 567 4165 in
600 4117 712 4176 quo
740 4097 933 4155 Adami
976 4105 1177 4161 corpus
1199 4090 1427 4159 jaceret.
1459 4082 1561 4136 Hic
1598 4081 1743 4135 enim
1777 4094 1808 4131 ο
1841 4075 2097 4147 paradiso

513 4168 848 4271 digrediens,
874 4190 966 4245 diu
1003 4202 1071 4242 ex
1103 4184 1336 4238 adverso
1376 4177 1524 4232 illius
1562 4172 1848 4228 habitavit.
1892 4168 2098 4224 Deinde

510 4262 676 4363 longo
704 4296 894 4359 postea
936 4290 1181 4350 tempore
1210 4277 1267 4329 in
1310 4272 1482 4334 illum,
1505 4282 1666 4339 quem
1697 4265 1809 4339 dixi
1840 4262 2098 4318 Hieroso-

512 4382 811 4456 lymorum,
844 4376 1022 4429 locum
1073 4363 1324 4429 secessit,
1384 4359 1481 4417 ubi
1526 4366 1583 4414 et
1634 4356 1744 4410 vita
1794 4354 2016 4408 functus
2043 4352 2099 4406 in

514 4447 785 4544 Colgotha
824 4464 1072 4537 sepultus
1104 4466 1208 4514 est.
1246 4457 1365 4522 Qua
1391 4468 1459 4507 ex
1484 4466 1543 4505 re
1568 4448 1765 4504 merito
1801 4448 1956 4501 locus
1983 4447 2100 4516 ipse

516 4580 717 4624 nomen
756 4535 1002 4626 accepit,
1058 4561 1118 4606 ut
1158 4546 1410 4602 calvaria:
1455 4537 1866 4611 interpretando
1891 4535 2101 4591 dicere-

517 4670 629 4715 tur.
654 4654 826 4724 Cujus
852 4624 1235 4719 appellationis
1271 4635 1421 4692 nulla
1459 4633 1515 4687 in
1543 4648 1609 4687 eo
1642 4633 1762 4685 loco
1798 4624 2103 4684 similitudo

517 4752 784 4810 cernitur.
821 4742 956 4800 Nam
986 4752 1085 4793 nec
1112 4735 1167 4788 in
1197 4732 1339 4786 clivo
1363 4728 1548 4796 aliquo
1579 4724 1715 4779 situs
1751 4730 1857 4784 est,
1891 4728 1951 4774 ut
1976 4734 2106 4790 pro-

519 4856 712 4920 pterea
764 4834 1015 4893 calvarite
1061 4823 1331 4883 vocabulo
1376 4817 1735 4874 nominetur:
1791 4810 2105 4883 cujusmodi

521 4906 719 5008 capitis
764 4934 821 4986 in
854 4929 1097 4983 humano
1123 4929 1354 4987 corpore
1393 4910 1552 4967 sedes
1593 4916 1707 4975 est;
1749 4921 1925 4975 neque
1971 4906 2106 4975 ﬁgu-

527 5046 643 5085 ram
677 5025 841 5081 habet
863 5019 1024 5074 editze
1069 5008 1375 5082 cujuspiam
1405 5002 1675 5074 specula;
1706 5015 1770 5055 ac
1798 5015 1867 5053 ne
1895 4998 2109 5053 caeteris

526 5120 747 5193 quidem
818 5103 1337 5177 circumjacentibus
1396 5096 1530 5151 locis
1586 5094 1750 5147 altius
1800 5090 2107 5159 consurgit.

524 5181 740 5283 duippe
790 5222 855 5263 ex
890 5203 1121 5259 adverso
1170 5202 1255 5251 est
1285 5188 1483 5246 Oliveti
1515 5201 1675 5242 mons
1726 5182 1960 5250 editior;
2013 5181 2111 5237 sed

598 5370 617 5403 ¹
647 5369 813 5424 Rom.
838 5378 948 5427 xlv,
1133 5357 1154 5386 ’
1182 5353 1204 5407 l
1230 5353 1373 5409 Tim.
1407 5367 1468 5419 ιι,
1511 5348 1600 5404 15.

602 5498 715 5571 (95>
756 5496 1003 5571 Ἕνεκεν
1036 5488 1104 5571 δὲ
1142 5446 1627 5571 avellere}?!
1658 5471 2115 5571 .iiasif‘ﬂ‘i‘ti‘?

533 5544 837 5641 Eprpvll’atiii'
855 5544 1161 5641 sententia:
1186 5544 1405 5612 Veteres
1436 5551 1627 5605 Patres
1656 5544 1784 5603 ante
1806 5544 2112 5641 Christum,

575 5615 827 5695 uirsalva
850 5615 953 5688 fide
995 5615 1385 5701 peccaverant,
1412 5630 1700 5701 propterea
1734 5616 1878 5687 apud
1907 5615 2116 5669 inferos

575 5658 629 5695 111
665 5658 815 5695 Silqu
850 5658 953 5688 ιιυις
996 5658 1374 5701 μΰυυᾱνυισιιι,
1414 5658 1462 5691 γι
1479 5658 1700 5691 υγιυιυιι
1734 5658 1878 5687 υνυς.-

535 5658 787 5767 getentos
820 5719 963 5765 esse,
999 5703 1172 5757 donec
1205 5713 1235 5750 ιι
1259 5696 1481 5767 Christo
1515 5691 1900 5767 liberarentur.

611 5753 1334 5849 iézivdtd—a‘diidayjtdaqt
1360 5765 1493 5817 ἐστι
1520 5758 1863 5849 considera.
1889 5753 2115 5849 ‘Tritam

538 5826 919 5921 ὀδῖὶόιῷιίιῳ
949 5842 1073 5915 sive
1104 5826 1365 5897 calvaria:
1392 5831 1753 5904 appellatione
1787 5826 2117 5883 sententiain

1675 5346 1697 5378 ⁸
1736 5342 1926 5400 Matth.
1959 5358 2050 5408 xv,
2075 5340 2167 5395 24.

2171 1962 2379 2035 Κυρίου
2426 1931 2775 2016 διδασκαλίας
2810 1931 2936 2014 τοῖς
2986 1943 3333 2016 δεδηγμένοις
3374 1938 3480 1993 ὑπὸ
3506 1934 3615 1988 τῶν
3646 1931 3755 1984 Τα-

2171 2022 2356 2111 τιανοῦ
2406 2053 2581 2121 λόγων
2634 2047 2982 2117 ἐπιθέμενοι,
3038 2035 3308 2109 ἰασάμεθα
3368 2030 3457 2085 διὰ
3505 2029 3607 2100 τῆς
3658 2022 3753 2080 τοῦ

2173 2148 2377 2219 Κυρίου
2410 2143 2685 2215 ἀληθείας,
2722 2141 2817 2194 καὶ
2847 2137 3127 2207 δυνάμεως
3160 2127 3325 2184 αὑτοῦ
3370 2126 3645 2195 λέγοντος,
3672 2121 3757 2175 ὅτι

2178 2216 2300 2294 Οὐκ
2329 2235 2521 2308 ἦλθον
2550 2236 2601 2288 εἰ
2645 2230 2731 2302 μὴ
2780 2232 2866 2295 εἰς
2899 2226 2965 2281 τὸ
2997 2224 3295 2293 πρόϐατον
3340 2216 3409 2271 τό
3443 2216 3756 2278 πεπλανη-

2169 2305 2362 2405 μένον
2395 2330 2566 2383 οίκου
2612 2322 2880 2393 Ἰσραήλ.
2916 2320 3007 2373 Διὸ
3039 2317 3133 2372 καὶ
3168 2317 3225 2369 ὲν
3266 2308 3599 2383 παραϐολαῖς
3647 2305 3760 2358 ἕλε-

2175 2403 2288 2495 Ϋεν,
2352 2425 2434 2477 ὅτι
2468 2408 2813 2487 ’Ἄνθρωπός
2844 2432 2935 2481 τις
2981 2410 3329 2465 κατέϐαινεν
3364 2403 3485 2459 ἀπὸ
3538 2403 3759 2468 Ἰερου-

2176 2493 2386 2584 οναλὴμ
2422 2515 2510 2580 εἰς
2549 2506 2807 2578 Ἰεριχὼ·
2842 2505 2901 2560 ὃν
2943 2502 3009 2574 δὴ
3054 2501 3149 2555 καὶ
3181 2497 3408 2571 λῃσταῖς
3443 2493 3762 2563 περιπεσεῖν

2176 2609 2435 2680 διηγεῖτο,
2464 2605 2552 2657 ἵνα
2579 2599 2727 2672 δείξῃ
2764 2598 2825 2652 τὸ
2858 2593 3152 2668 πρόϐατον,
3187 2590 3282 2644 καὶ
3312 2589 3404 2642 τὸν
3429 2585 3539 2641 ἀπὸ
3571 2585 3766 2654 Ἰερου-

2182 2701 2363 2772 σαλὴμ
2390 2694 2828 2768 καταϐεϐηκότα,
2862 2691 2954 2744 τὸν
2988 2687 3097 2742 ἀπὸ
3133 2687 3233 2758 τῆς
3260 2683 3419 2753 δόξης
3445 2681 3546 2751 τῆς
3576 2679 3762 2750 μείξοο

2180 2811 2270 2857 νος
2305 2769 2403 2855 εἰς
2449 2789 2746 2844 ἐλάττωσιν
2782 2779 3195 2851 κατενεχθέντα,
3249 2776 3344 2830 καὶ
3390 2773 3482 2827 τὸν
3516 2770 3624 2825 ἀπὸ
3666 2769 3765 2838 τῆς

2185 2889 2313 2962 μιᾶς
2340 2884 2563 2955 ἐντολῆς
2593 2878 2689 2935 τοῦ
2740 2878 2870 2932 ἰδίου
2899 2874 3157 2944 ποιμένος
3199 2866 3623 2925 ἀποσπασθέντα
3671 2878 3767 2915 και

2183 2955 2634 3048 πεπλανημένονο
2682 2971 2805 3025 ὅθεν
2841 2969 2935 3022 καὶ
2980 2965 3070 3020 τὸν
3124 2964 3278 3032 ἆγιον
3320 2958 3492 3029 Ἀδὰμ
3539 2955 3630 3008 τὸν
3664 2971 3769 3006 πα-

2182 3070 2317 3142 τέρα
2346 3068 2403 3120 tv
2454 3066 2588 3131 ζῶσι
2621 3058 3100 3128 πεπιστεύκαμεν·
3153 3054 3223 3106 δι’
3271 3052 3331 3104 ὃν
3360 3050 3449 3103 καῖ
3500 3047 3629 3109 τοὺς
3674 3041 3769 3098 ἀπ’

2187 3136 2354 3218 αυτοῦ
2388 3161 2534 3230 ἡμᾶς
2586 3156 2793 3218 πάντας
2832 3149 3068 3223 Χριστὸς
3116 3142 3268 3219 ἦλθε,
3309 3145 3422 3206 τοῖς
3476 3139 3577 3209 μὲν
3605 3136 3772 3191 πάλαι

2192 3254 2355 3309 αὐτὸν
2384 3250 2733 3321 γινώσκουσι,
2776 3244 2870 3299 καὶ
2914 3243 2989 3315 μὴ
3020 3240 3375 3310 πλανηθεῖσιν
3403 3233 3512 3288 ἀπὸ
3548 3233 3645 3304 τῆς
3676 3232 3776 3284 αὐ-

2193 3347 2286 3402 τοῦ
2306 3347 2577 3415 θεότητος,
2614 3340 2801 3394 ἕνεκεν
2833 3338 2890 3391 δὲ
2921 3333 3251 3405 σφαλμάτων
3277 3332 3335 3383 ὲν
3368 3328 3468 3401 ᾄδῃ
3503 3326 3614 3397 (93)
3645 3341 3777 3378 κατ-

2193 3436 2514 3511 εσχημένοις
2543 3429 2847 3503 ἀμνηστίαν
2906 3422 3268 3499 χαρίσασθαι·
3314 3423 3427 3481 τοῖς
3473 3418 3572 3489 μὲν
3608 3417 3689 3470 ἔτι
3719 3418 3776 3468 ὲν

2192 3508 2384 3599 κόσμῳ
2416 3526 2503 3580 διὰ
2541 3522 2849 3596 μετανοίας,
2883 3521 2996 3583 τοῖς
3037 3517 3094 3570 δὲ
3139 3516 3195 3569 ὲν
3237 3512 3338 3586 ᾄδῃ
3368 3511 3436 3565 δι’
3468 3509 3652 3571 ἐλέους
3684 3508 3778 3560 καὶ

2195 3619 2490 3691 σωτηρίας.

2264 3710 2341 3766 E'.
2382 3709 2473 3763 Διὸ
2502 3709 2597 3763 καὶ
2626 3706 2905 3777 θαυμάσαι
2935 3702 3055 3755 ἔστι
3086 3700 3179 3753 τὸν
3214 3696 3393 3752 εἰδότα
3420 3694 3555 3767 (94),
3584 3694 3662 3756 ὡς
3684 3693 3780 3744 καὶ

2195 3806 2254 3859 ὲν
2295 3802 2496 3875 βίϐλοις
2551 3802 2905 3873 ηὑρήκαμεν,
2951 3793 3043 3847 τὸν
3090 3791 3296 3861 Κύριον
3354 3787 3511 3860 ἡμῶν
3574 3785 3781 3857 Ἰησοῦν

2195 3893 2427 3967 Χριστὸν
2462 3894 2521 3945 ὲν
2563 3889 2641 3961 τῷ
2678 3889 2713 3941 Γ
2718 3886 2914 3958 ολγοθᾷ
2942 3882 3339 3955 ἐσταυρῶσθαι,
3374 3880 3475 3933 οὐκ
3507 3877 3643 3950 ἄλλῃ
3678 3893 3782 3929 που

2196 3986 2311 4040 ἀλλ’
2355 3986 2389 4057 ἢ
2440 3982 2570 4037 ἔνθα
2610 3981 2789 4034 ἔκειτο
2826 3979 2888 4032 τὸ
2935 3977 3029 4032 τοῦ
3084 3975 3255 4046 Ἀδὰμ
3297 3973 3477 4044 σῶμα.
3524 3968 3785 4037 Ἐξελθὼν

2197 4080 2308 4150 γὰρ
2349 4081 2415 4131 ἐκ
2449 4074 2547 4130 τοῦ
2600 4071 2953 4145 παραδείσου,
3006 4069 3100 4123 καὶ
3127 4063 3469 4137 κατῳκηκὼς
3498 4062 3787 4117 κατέναντι

2199 4169 2363 4226 αὐτοῦ
2394 4165 2574 4237 πολλῷ
2600 4164 2679 4236 τῷ
2707 4163 2901 4236 χρόνῳ,
2936 4163 3030 4215 καὶ¹
3057 4160 3147 4213 διὰ
3196 4156 3405 4211 πολλῶν
3432 4156 3541 4208 τῶν
3567 4153 3787 4225 ἡμερῶν

2199 4260 2441 4327 διελθὼν,
2488 4258 2715 4329 ὕστερον
2746 4252 2877 4327 ἦλθε
2918 4252 3015 4306 καὶ¹
3048 4253 3106 4304 έν
3146 4249 3227 4320 τῷ
3258 4248 3407 4319 τόπῳ
3456 4244 3651 4315 τούτῳ,
3690 4244 3791 4296 Ἰε-

2206 4353 2519 4429 ροσολύμων
2568 4349 2626 4403 δέ
2685 4365 2848 4419 φημι,
2902 4345 2964 4399 τὸ
3021 4341 3199 4415 χρεὼν
3253 4337 3641 4401 ἀποδεδωκὼς,
3696 4336 3793 4389 καὶ

2205 4426 2382 4500 έκεῖσε
2414 4442 2587 4512 ὲτάφη
2618 4442 2675 4494 ἐν
2705 4438 2785 4509 τῷ
2812 4438 2960 4508 τόπῳ
2982 4435 3061 4507 τῷ
3089 4432 3345 4504 Γολγοθᾷ.
3374 4429 3540 4485 ’Όθεν
3566 4426 3793 4489 εἰκότως

2132 4564 2179 4623 D
2205 4538 2265 4591 τὺ
2297 4534 2587 4623 ἐπώνυμον
2619 4534 2648 4585 ό
2684 4531 2847 4593 τόπος
2891 4529 3038 4599 ἔσχε,
3077 4526 3327 4595 κρανίου
3360 4520 3796 4594 ἑρμηνευόμενος

2210 4629 2396 4695 τόπος,
2422 4622 2490 4697 ἧς
2515 4623 2809 4695 ὀνομασίας
2836 4622 2898 4675 τὸ
2928 4621 3113 4691 σχῆμα
3157 4616 3251 4671 τοῦ
3300 4616 3466 4669 τόπου
3497 4609 3798 4683 ὲμφέρειάν

2211 4741 2332 4776 τινα
2363 4722 2461 4791 οὐχ
2484 4717 2882 4772 ὑποδείκνυσιν.
2906 4713 3043 4767 Οῠτε
3068 4712 3176 4782 γὰρ
3206 4713 3263 4763 ὲν
3289 4710 3435 4779 ἄκρᾳ
3458 4706 3565 4759 τινὶ
3597 4707 3797 4766 κεῖται,

2212 4815 2300 4868 ἵνα
2351 4811 2598 4881 κρανίον
2618 4807 2777 4862 τοῦτο
2825 4804 3225 4877 ὲρμηνεύηται,
3281 4801 3357 4864 ὡς
3410 4800 3503 4852 ἐπὶ
3548 4796 3800 4867 σώματος

2214 4903 2425 4976 κεφαλὴ
2454 4904 2617 4966 τόπος
2643 4901 2882 4970 λέγεται,
2917 4897 3038 4951 οὔτε
3091 4895 3354 4957 σκοπιᾶς·
3401 4893 3497 4945 καὶ
3532 4891 3643 4960 γὰρ
3674 4887 3801 4941 οὔτε

2216 5000 2272 5051 ἐν
2305 4998 2426 5067 ὕψει
2454 4997 2633 5048 κεῖται
2678 4990 2831 5066 παρὰ
2870 4990 2996 5053 τοὺς
3021 4988 3214 5051 ἄλλους
3250 4986 3469 5048 τόπους.
3506 4983 3802 5052 Ἀντικρυς

2215 5089 2326 5162 γάρ
2374 5090 2493 5142 ἐστι
2543 5086 2605 5138 τὸ
2656 5083 2751 5137 τοῦ
2807 5081 3095 5144 Ἐλαιῶνος
3145 5079 3270 5150 ὅρος
3315 5075 3666 5147 ὑψηλότερον,
3707 5073 3803 5125 καὶ

2215 5181 2326 5234 ἀπὸ
2359 5178 2602 5251 σημείων
2634 5175 2778 5229 ὀκτὼ
2805 5177 2839 5247 ἡ
2871 5172 3112 5244 Γαϐαὼμ
3143 5170 3475 5242 ὑψηλοτάτη.
3518 5165 3677 5220 Ἀλλὰ
3707 5167 3803 5219 καὶ

2241 5339 2262 5371 ⁸
2293 5339 2429 5393 Luc.
2460 5353 2515 5404 x,
2551 5335 2622 5393 50
2644 5350 2768 5405 sqq.

2214 5471 2484 5541 sequitur,
2520 5475 2579 5541 ut
2607 5468 2676 5541 ab
2705 5463 2898 5541 Adami
2927 5460 3459 5541 sepulto_cadavere,
3512 5473 3576 5541 ac
3610 5456 3809 5538 cranio

2215 5528 2581 5621 deductas“.
2613 5539 2682 5618 At
2710 5535 2946 5621 Cyrillus
2972 5528 3334 5621 .catecli.lx1n
3374 5528 3690 5621 prophetice
3724 5528 3807 5581 sic

2216 5626 2246 5666 a
2280 5612 2502 5669 Christo
2529 5599 2873 5663 nominatum
2901 5604 3180 5660 existimat
3209 5602 3353 5654 hunc
3386 5599 3802 5669 locumtquod,

2215 5666 2397 5737 ut'ait
2430 5666 2737 5750 Apostolus
2758 5716 2772 5741 ,
2821 5686 2991 5750 caput
3024 5672 3128 5728 viri
3162 5672 3235 5728 sit
3267 5669 3556 5732 Christus,
3591 5666 3797 5724 Christi

2219 5761 2398 5810 autem
2427 5745 2571 5808 Deus
2604 5748 2654 5812 (Ι
2682 5747 2809 5803 Cor.
2838 5760 2913 5811 ιι,
2944 5745 3020 5814 5).
3538 5749 3542 5753 ·
