4186 6374
487 345 596 404 845

1445 342 1815 399 ADVERSUS
1844 342 2186 399 IIERESES
2224 344 2354 403 LIB.
2400 348 2464 404 II.
2503 348 2667 405 TOM.
2710 351 2752 406 l.

3636 354 3741 411 846

488 459 701 534 ῆιᾶκρα
727 460 760 528 ἡ
796 457 929 511 ποτὲ
952 457 1274 530 ὑπάρχουσα
1301 458 1361 511 ὲν
1384 457 1546 521 Σιὼν,
1569 457 1668 512 νῦν
1692 457 1748 511 δὲ
1778 456 2068 529 τμηθεῖσα,

2183 459 2228 512 in
2259 460 2452 529 primis
2490 462 2696 519 arduus
2744 470 2831 520 est
2859 463 3134 521 Gabaonis
3173 481 3331 523 mons
3379 476 3573 522 octavo
3622 468 3750 525 inde

489 553 585 608 καὶ
612 549 752 621 αὐτὴ
782 549 1087 620 ὑψηλοτέρα
1117 549 1332 619 ὑπῆρχε
1358 547 1453 601 τοῦ
1482 548 1666 603 τόπου.
1715 549 1886 602 Πόθεν
1914 544 2008 602 οὖν
2037 551 2070 620 ἡ

489 642 777 715 ἐπωνυμία
828 642 923 697 τοῦ
950 643 1247 711 κρανίου;
1305 640 1442 694 Ἀλλ’
1489 641 1678 712 ἐπειδὴ
1728 640 1822 694 τοῦ
1862 658 2074 712 πρωτο-

492 736 731 791 πλάστου
779 733 1065 806 ἀνθρώπου
1116 734 1232 787 ἐκεῖ
1278 732 1340 787 τὸ
1395 733 1619 804 κρανίον
1667 733 1927 805 εὓρηται,
1983 734 2075 785 καὶ

491 830 610 883 ἐκεῖ
638 827 700 881 τὸ
742 826 991 896 λείψανον
1031 825 1369 888 ὲναπέκειτο,
1402 824 1589 879 τούτου
1635 825 1796 879 ἕνεκα
1826 825 2072 894 κρανίου

490 919 653 982 τόπος
678 918 1011 989 ἐπεκέκλητο
1029 935 1044 950 ο
1072 918 1157 987 ἐφ’
1184 911 1245 972 οῦ
1275 917 1606 989 σταυρωθεὶς
1634 920 1662 971 ὁ
1694 916 1893 989 Κύριος
1916 919 1949 987 ἠ
1960 916 2075 987 μῶν

504 1008 711 1081 Ἰησοῦς
752 1007 1005 1079 Χριστὸς,
1039 1008 1128 1061 διὰ
1164 1006 1257 1060 τοῦ
1291 1008 1577 1079 ρεύσαντος
1609 1008 1703 1061 ἀπ’
1752 1006 1918 1061 αὑτοῦ
1951 1005 2076 1061 ὑδα-

492 1120 584 1165 τος
613 1095 996 1171 καὶάἴματος,
1045 1099 1134 1152 διὰ
1169 1099 1268 1169 τῆς
1305 1099 1597 1170 νυχθείσης
1625 1099 1789 1153 αὑτοῦ
1814 1100 2073 1171 πλευρᾶς,

489 1191 910 1263 αἰνιγματωδῶς
975 1190 1144 1257 ἔδειξε
1185 1190 1283 1261 τὴν
1318 1191 1475 1261 ἡμῶν
1505 1191 1798 1263 σωτηρίαν,
1842 1191 1949 1266 ἀπὸ
1980 1193 2077 1263 τῆς

493 1283 670 1355 ἀρχῆς
713 1280 807 1334 τοῦ
852 1280 1173 1351 φυράματος
1223 1279 1528 1352 ἀρξάμενος
1558 1279 1826 1352 ραντίζειν
1854 1281 1925 1335 τὰ
1971 1282 2073 1334 λεί-

492 1375 639 1444 ψανα
685 1372 779 1425 τοῦ
827 1371 1190 1443 προπάτορος,
1242 1372 1330 1425 ἵνα
1374 1373 1468 1426 καὶ
1511 1374 1642 1443 ἡμῖν
1692 1373 1942 1445 ὑποδείξῃ
1986 1375 2077 1426 τὸν

496 1462 794 1535 ῥαντισμὸν
844 1461 940 1515 τοῦ
1003 1462 1169 1515 αὐτοῦ
1212 1462 1477 1533 αἵματος,
1530 1465 1613 1526 είς
1664 1464 1930 1535 κάθαρσιν
1977 1465 2079 1536 τῆς

494 1553 653 1624 ἡμῶν
696 1552 1000 1617 κοινώσεως
1047 1555 1140 1607 καὶ
1190 1553 1369 1625 ψυχῆς
1427 1556 1828 1627 μετανοούσης,
1860 1557 1955 1610 καὶ
2000 1559 2079 1621 εἰς

496 1647 801 1718 ὑπόδειγμα
853 1647 1139 1717 φυράσεως
1201 1647 1296 1701 καὶ
1350 1646 1694 1719 καθαρισμοῦ
1756 1648 1927 1721 ῥύπου
1970 1648 2079 1704 τῶν

495 1739 781 1812 ἡμετέρων
810 1739 1226 1811 ἁμαρτημάτων
1252 1739 1562 1811 γενόμενον,
1587 1740 1648 1793 τὸ
1681 1740 1910 1811 ἐκχυθὲν
1937 1739 2081 1811 ὕδωρ

2176 551 2356 622 lapide
2380 553 2611 611 distans.
2660 555 2947 611 Postremo
2980 558 3154 613 clivus
3201 559 3364 613 etiam
3417 559 3528 623 ille,
3560 560 3654 628 qui
3694 561 3748 615 in

2176 642 2343 698 Sione
2370 645 2645 713 quondam
2671 646 2905 710 exstitit,
2939 646 3033 701 sed
3058 648 3273 702 excisus
3320 647 3482 703 hodie
3513 657 3618 713 est,
3650 649 3751 704 fuit

2175 732 2455 804 Golgothae
2479 735 2574 790 illo
2606 736 2728 790 loco
2768 737 3073 793 sublimior.
3104 736 3387 793 Undenam
3420 740 3583 810 igitur
3635 741 3750 794 cal-

2175 826 2337 881 varia:
2370 842 2567 882 nomen
2606 827 2882 883 obtinuit?
2911 827 3066 893 Quod
3110 828 3365 883 nimirum
3397 830 3555 899 primi
3582 830 3752 885 homio

2176 922 2263 975 nis
2308 920 2420 975 illic
2466 921 2706 975 calvaria
2736 928 2949 992 reperta
2994 922 3085 985 sit,
3118 921 3346 991 ejusque
3388 922 3631 993 reliquiae
3659 922 3753 979 de-

2176 1010 2358 1079 fossa},
2417 1014 2490 1069 ob
2517 1013 2571 1068 id
2604 1014 2856 1069 calvaria:
2900 1014 3054 1069 locus
3091 1013 3394 1083 appellatus
3428 1022 3531 1070 est.
3564 1012 3621 1068 In
3645 1030 3754 1085 quo

2177 1103 2441 1161 Dominus
2468 1115 2657 1163 noster
2679 1106 2841 1163 Jesus
2870 1105 3124 1161 Christus
3149 1106 3402 1161 sublatus
3427 1107 3479 1159 in
3509 1120 3748 1168 crucem,

2176 1212 2275 1267 per
2303 1213 2499 1267 aquam
2528 1198 2675 1253 illam
2702 1207 2756 1254 et
2780 1198 3105 1270 sanguinem
3125 1215 3189 1254 ex
3220 1199 3340 1269 ejus
3372 1198 3648 1269 perforato
3679 1199 3755 1252 la-

2152 1298 2291 1342 'tere
2326 1286 2704 1358 proﬂuentem,
2739 1291 2887 1344 velut
2920 1290 3206 1359 imaginem
3242 1288 3556 1359 quamdam,
3581 1296 3753 1342 totum

2180 1380 2374 1435 salutis
2429 1389 2631 1435 nostrae
2674 1381 2951 1452 negotium
2982 1381 3144 1451 395
3186 1380 3567 1445 adumbravit,
3624 1379 3753 1434 dum

2180 1471 2341 1541 primi
2375 1472 2618 1542 parentis
2662 1473 2923 1543 reliquias
2970 1474 3038 1527 ab
3080 1474 3199 1542 ipso
3243 1486 3439 1527 massae
3482 1469 3757 1542 principio

2182 1562 2361 1633 rigare
2390 1565 2578 1635 coepit,
2620 1572 2680 1618 ut
2709 1565 2778 1619 ad
2805 1564 3192 1635 detergendam
3221 1564 3399 1618 labem
3432 1563 3759 1617 foeditatem-

2182 1670 2288 1724 que
2316 1663 2586 1721 nostram,
2628 1670 2692 1711 ac
2728 1656 3046 1726 paenitentis
3097 1656 3291 1709 anima:
3321 1654 3755 1725 repurgationem

2184 1748 2270 1802 sui
2329 1750 2612 1820 sanguinis
2665 1750 3038 1820 aspersionem
3089 1748 3436 1813 ostenderet,
3477 1754 3639 1816 atque
3690 1747 3758 1800 ad

497 1832 592 1885 ἐπὶ
633 1832 724 1886 τὸν
773 1832 1130 1903 ὑποκείμενον
1159 1830 1238 1902 τῷ
1279 1832 1450 1902 τόπῳ,
1502 1833 1596 1885 καὶ
1623 1834 1964 1904 τεθαμμένον
2004 1833 2081 1895 είς

2187 1840 2564 1895 subactionem
2625 1840 2917 1911 quamdam
2962 1840 3510 1909 commistionemque
3552 1837 3759 1908 signiti-

496 1921 692 1976 δλπίδα
739 1922 903 1975 αὑτοῦ
942 1939 1000 1975 τε
1052 1922 1146 1974 καὶ
1180 1921 1339 1992 ἡμῶν
1368 1921 1475 1974 τῶν
1522 1921 1583 1986 ἐξ
1621 1920 1786 1975 αὑτοῦ
1826 1940 2077 1993 γεγεννη-

501 2010 697 2083 μένων.
728 2012 820 2064 Διὺ
865 2012 959 2065 καὶ
1003 2010 1233 2064 ἐνταῦθα
1284 2010 1587 2083 ἐπληροῦτο
1636 2011 1696 2065 τὸ
1749 2012 2075 2084 εἰρημένον·

504 2104 757 2172 Ἔγειρε,
785 2105 818 2157 d
852 2102 1175 2168 καθεύδων,
1202 2101 1295 2155 καὶ
1323 2104 1561 2158 ἀνάστα
1586 2103 1656 2156 ἐκ
1684 2103 1803 2158 τῶν
1829 2104 2078 2173 νεκρῶν,

494 2192 599 2247 καί
643 2194 965 2263 ἐπιφαύσει
1006 2208 1106 2247 σοι
1156 2196 1189 2248 ό
1232 2196 1507 2263 Χριστός.
1551 2196 1614 2249 Et
1660 2194 1768 2266 γὰρ
1808 2197 1901 2250 καὶ
1952 2198 2081 2267 περὶ

500 2284 658 2356 ἡμῶν
680 2284 830 2353 λέγει
872 2283 980 2337 τῶν
1018 2285 1438 2356 νενεκρωμένων
1465 2288 1578 2349 τοῖς
1605 2285 1807 2357 ἔργοις,
1840 2286 1935 2340 καὶ
1972 2287 2079 2341 τῶν

500 2377 868 2431 καθευδόντων
893 2379 951 2429 ὲν
991 2377 1142 2447 βάθει
1190 2377 1356 2432 ῦπνου
1386 2378 1486 2448 τῆς
1516 2379 1786 2447 ἀγνωσίας
1806 2396 1819 2409 ”
1849 2379 1963 2432 ἀλλ’
1989 2373 2082 2434 οῦν

500 2486 565 2538 γε
595 2470 803 2523 ἐκεῖθεν
833 2472 865 2540 ἡ
896 2470 1161 2541 ἀρχὴτῆς
1190 2469 1437 2534 αἰνίξεως
1468 2469 1712 2541 περιέχει
1740 2470 1831 2524 τὸν
1858 2471 2080 2542 τρόπον,

502 2562 599 2615 καὶ
645 2561 744 2631 οὐχ
778 2560 984 2624 ἁπλῶς,
1027 2561 1146 2614 οὐδὲ
1199 2562 1418 2633 ἀργῶςο
1471 2561 1722 2629 Ἀνέστη
1756 2563 1892 2632 γὰρ,
1925 2564 2082 2633 φησὶ,

503 2654 703 2708 πολλὰ
724 2652 969 2721 σώματα
994 2651 1113 2706 τῶν
1132 2653 1315 2723 ἁγίων
1365 2653 1461 2719 (ὡς
1487 2653 1600 2724 ἔχει
1624 2653 1684 2706 τὸ
1708 2654 2084 2725 Εὑαγγέλιον),

506 2744 606 2798 καὶ
655 2744 947 2811 εἰσῆλθον
988 2744 1111 2798 σὺν
1161 2742 1324 2810 αὺτῷ
1367 2745 1456 2811 είς
1510 2744 1625 2814 τὴν
1651 2744 1832 2815 ἁγίαν
1882 2745 2084 2811 πόλιν,

505 2836 603 2890 καὶ
627 2834 696 2888 τὰ
721 2834 867 2906 ἑξῆς.

2183 1932 2436 1999 candam,
2470 1947 2534 1985 ac
2572 1942 2886 1987 nostrarum
2917 1931 3183 1997 sordium,
3226 1931 3330 1985 hoc
3357 1938 3440 1986 est
3468 1928 3755 1990 scelerum,

2185 2023 2573 2096 expiationem,
2615 2039 2812 2094 aquam
2852 2024 2997 2078 illam
3038 2025 3091 2078 in
3142 2022 3449 2095 subjectum
3486 2019 3760 2075 hominem

2185 2117 2498 2188 ibidemque
2524 2118 2796 2188 sepultum
2825 2117 3132 2173 destillasse
3163 2120 3526 2179 monstraret;
3558 2126 3623 2166 ac
3649 2120 3759 2165 tam

2186 2209 2389 2279 ipsum,
2434 2224 2598 2279 quam
2649 2224 2751 2264 nos
2807 2209 2929 2277 ejus
2974 2216 3222 2277 posteros
3267 2206 3333 2259 ad
3375 2219 3526 2274 spem
3578 2216 3765 2258 conse-

2186 2297 2416 2369 quentiae
2464 2298 2654 2361 salutis
2708 2298 2964 2369 erigeret.
3004 2295 3273 2362 Quocirca
3321 2294 3432 2346 illic
3469 2291 3764 2361 Scriptura:

2185 2389 2395 2445 dictum
2438 2390 2572 2445 illud
2610 2390 2893 2460 impletum
2920 2397 3043 2443 est:
3082 2387 3269 2457 Surge,
3309 2387 3399 2456 qui
3443 2384 3666 2443 dormis,
3710 2391 3765 2436 et

2185 2479 2418 2534 excitare
2451 2496 2485 2533 a
2524 2480 2772 2543 mortuis,
2802 2490 2852 2533 et
2886 2476 3208 2532 illuminabit
3238 2488 3286 2530 te
3326 2476 3569 2531 Christus
3590 2476 3627 2528 ί.
3668 2471 3765 2525 Li-

2188 2575 2276 2622 cet
2309 2567 2454 2622 enim
2489 2566 2557 2621 ad
2585 2582 2687 2622 nos
2722 2567 2868 2622 istud
2899 2569 3191 2637 pertineat,
3218 2566 3312 2636 qui
3337 2573 3392 2620 et
3422 2564 3581 2619 malis
3604 2561 3766 2616 lactis

2190 2658 2393 2711 mortui
2425 2672 2639 2724 sumus,
2670 2666 2725 2712 et
2754 2657 3024 2713 altissimo
3066 2656 3389 2728 ignorantiae
3414 2669 3606 2711 somno
3632 2669 3765 2709 con-

2193 2748 2377 2816 SOpiti,
2424 2748 2783 2804 nihilominus
2813 2748 2964 2803 illinc
2989 2749 3231 2817 ﬁguratae
3263 2747 3430 2817 hujus
3479 2748 3767 2803 sententia:

2192 2838 2584 2894 arcessendum
2610 2847 2694 2895 est
2724 2840 2960 2903 initium,
2994 2848 3054 2893 ut
3075 2855 3184 2896 non
3208 2847 3436 2907 temere,
3465 2854 3570 2895 nec
3591 2840 3767 2895 otiose

506 2929 858 2998 pronuntiata
895 2927 1190 2983 videatur:
1228 2928 1586 2984 Surrexerunt
1636 2930 1776 2983 enim
1832 2928 2002 2983 multa
2055 2947 2285 3003 corpora
2326 2944 2633 2989 sanctorum
2664 2935 2747 3007 (ut
2782 2939 2835 2991 in
2880 2934 3173 3007 Evangelio
3223 2936 3488 3007 scriptum
3533 2935 3664 3004 est),
3713 2944 3768 2992 et

505 3022 824 3077 introierunt
852 3037 969 3075 cum
1001 3024 1117 3091 ipso
1143 3022 1199 3075 in
1233 3032 1475 3076 sanctam
1508 3022 1774 3077 civitatem
1794 3024 1836 3089 ',
1872 3032 1976 3078 etc.

577 3113 921 3184 Πανταχόθεν
951 3116 1129 3168 τοίνυν
1162 3115 1643 3188 ἀποκρουσάμενος
1683 3117 1778 3171 τοῦ
1830 3116 2081 3181 κώνωπος

2262 3117 2398 3172 Cum
2443 3116 2609 3188 igitur
2646 3117 2840 3172 culicis
2874 3117 3035 3173 istius
3066 3132 3280 3173 morsus
3312 3118 3510 3173 divinae
3551 3120 3768 3176 miseri-

505 3205 698 3260 τούτου
728 3206 796 3260 τὰ
832 3205 1103 3279 δήγματα,
1148 3205 1215 3260 δι’
1245 3208 1427 3261 ελαίου
1472 3210 1573 3280 τῆς
1600 3208 1694 3263 τοῦ
1728 3209 1863 3263 Θεοῦ
1908 3209 2081 3279 φιλαν-

2191 3208 2393 3264 cordia:
2421 3209 2563 3273 oleo,
2599 3222 2664 3263 ac
2693 3208 2907 3263 Domini
2937 3210 3112 3263 nostri
3161 3208 3462 3266 Salvatoris
3500 3212 3762 3277 adventu,

507 3297 782 3371 θρωπίας,
809 3300 903 3352 καὶ
932 3299 1140 3371 Κυρίου
1170 3299 1326 3371 ἡμῶν
1355 3300 1634 3371 ὲνδημίας,
1667 3304 1763 3355 καὶ
1788 3300 1963 3373 φωτὸς
1994 3299 2081 3354 τοῦ

2189 3310 2244 3356 et
2270 3301 2516 3356 veritatis
2539 3301 2866 3371 evangelicae
2887 3300 3008 3354 luce
3038 3300 3493 3370 propulsaveriin,
3526 3301 3591 3357 ad
3628 3302 3765 3359 alias

508 3389 845 3459 Εὐαγγελίου
898 3390 998 3458 τῆς
1047 3390 1326 3461 ἀληθείας,
1384 3392 1477 3445 ἐπὶ
1520 3392 1621 3456 τὰς
1666 3394 1790 3465 ἑξῆς
1851 3392 1993 3448 κατὰ
2034 3392 2081 3447 τί

2190 3392 2446 3454 haereses,
2479 3391 2684 3455 divina,
2721 3407 2820 3461 pro
2850 3407 2916 3447 eo
2950 3407 3014 3448 ac
3056 3393 3226 3459 soleo,
3257 3392 3428 3449 fretus
3453 3408 3555 3464 ope
3581 3402 3766 3464 patro-

514 3482 700 3547 είωθὸς
720 3481 882 3537 πάλιν
915 3482 1196 3554 προελθεῖν
1224 3484 1281 3537 ἐν
1296 3485 1363 3557 τῇ
1391 3484 1486 3537 τοῦ
1515 3485 1651 3540 Θεοῦ
1683 3487 1908 3557 δυνάμει
1936 3502 2081 3539 σπουι

2190 3485 2444 3555 cinioque
2472 3483 2805 3557 progrediar.

514 3570 783 3645 δάσωμεν.

597 3668 617 3698 ι
647 3667 846 3738 Ephes.
870 3685 925 3735 v,
954 3669 1040 3724 14.
1118 3671 1139 3701 ¹
1176 3670 1368 3727 Matth.
1401 3688 1572 3739 xxvn,
1608 3674 1696 3728 52.

518 3860 3742 3896 Mm

825 3998 1007 4051 ἸἉΔΕ
1054 3996 1332 4050 ΕΝΕΣΤῙ
1364 3997 1495 4048 ΚΑΙ
1545 3995 1648 4048 ΕΝ
1696 3995 1781 4063 Τῼ
1822 3992 2030 4061 ΤΡΙΤῼ
2074 3995 2081 4044 ἶ

2183 3994 2264 4061 an
2314 3992 2530 4060 ΤΟΥΤῼ
2576 3993 2705 4043 Tor
2736 3989 3121 4043 AErIEpor
3146 3990 3449 4043 BIBAIOI‘

1814 4144 2129 4216 ΤΕΤΑΡΤῼ
2161 4144 2244 4196 ΔΕ
2279 4143 2464 4209 0er,

678 4306 840 4365 Κατὰ
859 4305 974 4376 τὴν
996 4304 1098 4361 ἀπ’
1133 4302 1327 4373 ἀρχῆς
1353 4300 1473 4356 τῶν
1512 4303 1704 4369 τόμων
1740 4298 1846 4353 τοῦ
1878 4297 2127 4368 ἀριθμοῦ
2155 4297 2556 4351 ἀκολουθίαν
2589 4298 2658 4350 ἐν
2688 4289 2737 4363 ᾧ
2768 4299 2926 4351 εἰσιν
2950 4296 3212 4366 αἱρέσεις
3258 4296 3577 4352 δεκαοκτώ.

1497 4523 1663 4596 396
1707 4524 2087 4586 SYNOPSIS
2123 4523 2327 4587 TOMI
2363 4521 2451 4582 III
2482 4520 2700 4581 LIBRI
2728 4520 2808 4593 II,

720 4657 849 4732 Qui
877 4656 948 4718 in
975 4663 1293 4718 tomorum
1322 4652 1511 4716 initio
1546 4653 1891 4717 constituta
1924 4653 2093 4715 serie
2123 4660 2390 4734 quartus
2417 4659 2536 4726 est,
2567 4651 2985 4729 continetque
3028 4649 3305 4713 haereses
3332 4651 3562 4713 XVIII.

585 4892 666 4945 A'.
716 4889 1112 4959 Ἐγκρατῖταιο
1141 4888 1191 4940 οἳ
1225 4885 1565 4955 ἀπόσπασμα
1618 4882 1943 4952 τυγχάνουσι
1992 4883 2081 4937 Τα·

2266 4884 2308 4939 l.
2348 4882 2666 4945 Encratim,
2700 4877 2913 4933 Tatiani
2942 4875 3188 4946 quaedam
3210 4875 3355 4930 velut
3383 4874 3671 4945 appendix.
3701 4873 3766 4928 lli

511 4980 719 5046 τιανοῦ,
758 4981 850 5033 τὸν
880 4980 1057 5050 γάμον
1086 4976 1470 5039 ἀποϐάλλουσι,
1500 4974 1593 5027 τοῦ
1621 4974 1835 5027 Σατανᾶ
1868 4972 2098 5042 φάσκον-

514 5092 608 5138 τες
637 5074 825 5127 τοῦτον
850 5068 1009 5126 εἶναι.
1057 5071 1247 5125 Πᾶσαν
1294 5069 1350 5122 δὲ
1390 5065 1824 5138 ἀπαγορεύουσιν
1864 5064 2096 5136 ἔμψυχο-

515 5165 740 5235 φαγίαν.

586 5257 663 5310 B’.
702 5251 1265 5323 Καταφρυγαστῶκν,
1326 5251 1422 5306 καὶ
1477 5246 1941 5313 Μοντανιστῶν,
2002 5248 2096 5303 καὶ

522 5341 1083 5412 Τασκονδρουγιτῶν
1106 5358 1121 5371 ’
1152 5343 1368 5413 οἵτινες
1402 5338 1643 5392 Παλαιὰν
1676 5338 1769 5392 καὶ
1803 5338 1947 5394 Νέαν
1972 5340 2097 5392 Δια-

516 5437 691 5509 θήκην
717 5435 963 5507 δέχονται
983 5451 997 5465 ο
1024 5436 1242 5506 ἑτέρους
1274 5433 1329 5486 δὲ
1358 5433 1643 5505 προφήτας
1669 5430 2094 5503 παρεισφέρουσι

520 5525 658 5597 μετὰ
691 5526 815 5588 τοὺς
846 5525 1147 5596 προφήτας,
1180 5522 1455 5577 Μοντάνον
1494 5518 1617 5573 τινὰ
1645 5515 1955 5587 αὐχοῦντες,
2002 5517 2096 5570 καὶ

513 5617 865 5690 Πρίσκιλλαν,
895 5618 990 5670 καὶ
1020 5614 1384 5686 Μαξιμίλλαν.

583 5708 660 5763 Γ’.
700 5706 1107 5771 Πεπουᾷανοί,
1141 5709 1190 5760 οἱ
1220 5706 1313 5760 καὶ
1341 5700 1805 5767 Κυϊντιλλιανοὶ,
1844 5699 1925 5765 οἷς
1969 5718 2095 5756 συν-

516 5799 1189 5872 άπτονταιἋιρτοτυρῖ-εαι.
1207 5796 1303 5853 Ἐκ
1324 5793 1528 5850 τούτων
1559 5793 1658 5864 μέν
1687 5794 1791 5848 είσι
1819 5791 1926 5848 τῶν
1952 5790 2095 5849 κατὰ

2194 4975 2415 5047 nuptias
2461 4973 2747 5035 damnant,
2793 4983 2931 5039 quas
2966 4966 3179 5021 Satanae
3209 4967 3476 5021 tribuunt.
3518 4967 3599 5021 Ab
3644 4968 3767 5021 ani-

2194 5074 2471 5120 matorum
2516 5059 2763 5117 omnium
2790 5074 2894 5114 usu
2927 5056 3311 5113 abstinendum
3336 5072 3457 5112 esse
3498 5057 3763 5113 sentiunt.

2260 5237 2325 5294 Il.
2368 5236 2827 5305 Cataphrygastw,
2864 5232 3204 5287 Montaniana
3224 5238 3278 5286 et
3310 5230 3765 5300 Tascondrugitw,

2192 5330 2286 5401 qui
2324 5337 2614 5398 utrumque
2642 5326 3052 5381 Testamentum
3090 5323 3430 5393 approbant;
3471 5320 3564 5376 sed
3594 5337 3766 5375 novos

2192 5421 2486 5492 prophetas
2532 5417 2599 5472 ad
2650 5425 2898 5487 receptos
2939 5424 2995 5471 et
3042 5415 3297 5483 antiquos
3347 5412 3647 5481 adjiciunt;
3702 5428 3768 5466 ac

2192 5510 2507 5565 Montanum
2535 5506 2846 5579 quemdam,
2870 5514 2925 5561 et
2952 5505 3282 5569 Priscillam,
3319 5518 3383 5557 ac
3413 5503 3765 5557 Maximillani

2142 5642 2145 5645 .
2192 5601 2510 5675 praedicant.

2269 5694 2354 5750 Ill.
2393 5694 2706 5764 Pepuziani,
2737 5692 2831 5764 qui
2862 5699 2923 5748 et
2957 5689 3302 5756 Quintilliam’
3332 5687 3611 5752 dicuntur,
3644 5684 3768 5756 qui-

2196 5789 2302 5847 bus
2346 5788 2614 5846 accedunt
2664 5793 2716 5844 et
2755 5784 3090 5857 Artotyritaz,
3136 5779 3509 5853 superioribus
3546 5777 3767 5849 quidem
3830 5802 3842 5814 -
