4186 6374
484 351 587 408 867

1886 347 1943 403 S.
1986 344 2329 401 EPIPHANII

3638 346 3744 404 848

482 475 612 534 illis,
635 472 738 526 hoc
760 477 843 525 est
869 468 1327 541 Cataphrygibus,
1351 468 1745 523 annumerandi
1772 476 1918 522 sunt.
1952 467 2050 522 Sed

2162 465 2411 538 Φρύγας·
2448 466 2608 537 ἕτερα
2643 465 2700 519 δὲ
2735 468 2863 538 παρ’
2903 466 3143 529 ἐκείνους
3177 465 3582 535 δογματίζουσι,
3635 467 3742 533 Πέέ

481 565 551 620 ab
595 565 663 620 iis
707 571 887 617 tamen
925 561 1140 616 diversa
1183 561 1444 616 nonnulla
1483 562 1748 616 sentiunt.
1780 562 1857 614 Ac
1882 558 2060 630 Pepu-

485 671 604 709 zam
630 654 908 709 desertum
933 653 1204 722 quoddam
1230 653 1488 723 oppidum
1511 652 1779 706 Galatiam
1812 652 1953 706 inter
2007 660 2061 705 et

483 745 885 815 Cappadociam
937 746 1102 800 situm
1149 745 1350 799 divinis
1407 744 1710 799 honoribus
1758 744 2056 807 extollunt,

482 859 711 914 eamque
753 842 1187 914 Hierosolymam
1220 858 1343 898 esse
1368 843 1575 897 dicunt.
1605 842 1928 899 Mulieribus
1972 859 2062 899 sa-

483 951 608 992 cros
640 936 991 1006 magistratus
1020 948 1083 988 ac
1113 935 1417 989 sacerdotia
1450 935 1721 991 deferunt.
1750 936 1928 991 Certis
1958 937 2061 990 ini-

485 1030 691 1084 tiantur
714 1026 1010 1099 mysteriis,
1036 1026 1235 1095 quibus
1256 1027 1541 1095 puerulum
1573 1028 1911 1081 confodiunt.
1939 1026 2061 1081 Fin-

483 1128 618 1193 gunt
646 1119 873 1189 Pepuza:
901 1117 1179 1172 Christum
1214 1118 1344 1171 olim
1373 1118 1646 1181 Quintillae
1679 1119 1969 1174 videndum
2001 1135 2059 1174 se

486 1206 785 1278 praebuisse
819 1206 1068 1260 muliebri
1122 1207 1322 1276 specie.
1365 1206 1500 1260 Tam
1542 1207 1710 1263 Vetus
1746 1224 1909 1279 quam
1948 1207 2057 1263 No-

482 1315 609 1357 vum
642 1297 1051 1352 Testamentum
1084 1296 1363 1360 adhibent,
1396 1297 1467 1351 ita
1502 1307 1680 1353 tamen
1715 1308 1775 1353 ut
1799 1300 2059 1370 pleraque

484 1406 583 1462 pro
613 1389 780 1444 animi
816 1387 1043 1442 libidine
1070 1396 1427 1444 commutent.

555 1479 645 1535 Ν.
689 1477 1280 1547 Τρεεανεεεαιάεεαιὶιιτ,
1307 1481 1400 1550 qui
1426 1489 1569 1535 stato
1589 1481 1714 1535 anni
1735 1480 1823 1536 die
1849 1479 2057 1537 Pascha

484 1573 787 1629 celebrant.
820 1569 890 1624 Ut
918 1586 1300 1641 quamcunque
1327 1573 1380 1626 in
1418 1572 1559 1628 diem
1588 1588 1679 1627 xw
1704 1574 1846 1627 lunae
1872 1572 2057 1627 incur-

483 1667 638 1730 rerit,
670 1666 786 1720 sive
832 1663 1152 1728 Sabbatum,
1188 1665 1303 1719 sive
1334 1663 1612 1719 Dominica
1661 1664 1841 1729 fuerit,
1872 1680 1936 1721 ea
1968 1665 2056 1720 die

477 1757 743 1827 jejunent,
774 1769 837 1809 ac
863 1755 1146 1825 pervigilia
1178 1755 1475 1811 celebrent.

546 1928 616 1986 ν.
678 1929 833 2003 Alogi
896 1946 925 1984 a
980 1931 1140 1985 nobis
1188 1932 1263 1986 ita
1314 1930 1616 1996 nominati,
1665 1932 1759 2003 qui
1826 1931 2054 1991 Joannis

478 2019 854 2094 Evangelium,
902 2037 967 2077 ac
1004 2023 1197 2091 Λόγον,
1249 2023 1351 2077 hoc
1400 2031 1485 2078 est
1514 2022 1753 2079 Verbum
1801 2024 1973 2081 Deum
2023 2040 2054 2080 a

479 2110 639 2167 Patre
669 2127 885 2181 semper
905 2111 1170 2182 genitum,
1196 2112 1522 2181 cmlitusque
1543 2112 1705 2183 397
1730 2112 2051 2176 demissum,

477 2204 637 2273 cujus
664 2204 720 2257 in
766 2201 1062 2273 Evangelio
1106 2202 1201 2256 illo
1244 2203 1446 2257 mentio
1472 2204 1552 2269 ﬁt,
1590 2203 1915 2274 repudiante
1953 2220 2054 2260 nec

474 2292 703 2348 Joannis
733 2292 1002 2347 duntaxat
1040 2291 1417 2361 Evangelium,
1464 2294 1561 2349 sed
1605 2304 1660 2349 et
1687 2294 2054 2367 Apocalypsin

476 2384 748 2456 rejiciunt.

543 2472 634 2526 Vl.
676 2472 965 2527 Adamiam'
997 2472 1065 2527 ab
1107 2471 1318 2526 Adamo
1358 2473 1546 2529 nescio
1583 2488 1692 2544 quo
1729 2474 1943 2530 vivente
1972 2490 2052 2531 sic

475 2562 629 2626 dicti,
653 2562 946 2617 ridiculum
977 2561 1323 2631 potiusquam
1356 2564 1654 2620 verisimile
1703 2565 1899 2636 dogma
1924 2583 2051 2637 pro-

477 2655 719 2710 ﬁtentur.
743 2653 882 2707 Nudi
905 2654 1127 2723 quippe,
1151 2654 1339 2724 quales
1363 2670 1429 2709 ex
1456 2665 1611 2711 utero
1630 2659 1820 2713 matris
1842 2660 2048 2729 egressi

474 2756 623 2813 sunt,
668 2746 772 2802 viri
805 2745 1028 2817 perinde
1072 2760 1136 2799 ac
1189 2745 1446 2801 mulieres
1496 2748 1849 2813 conveniunt,
1890 2762 2051 2821 atque

474 2842 550 2894 ita
598 2838 945 2900 lectionibus,
995 2837 1338 2892 orationibus
1400 2853 1464 2892 ac
1512 2841 1726 2907 caeteris
1770 2841 2049 2911 religionis

471 2930 663 2987 ociis
721 2930 1054 3001 funguntur;
1118 2936 1173 2984 et
1228 2930 1480 2986 videlicet
1532 2933 1926 2987 monachorum
1984 2949 2050 2988 ac

470 3023 870 3079 continentium
916 3022 1166 3077 instituta
1207 3031 1507 3089 sectantur,
1548 3028 1877 3097 nuptiasque
1916 3042 2047 3081 con-

470 3113 750 3167 demnant.
780 3110 1081 3167 Ecclesiam
1116 3125 1247 3165 vero
1270 3125 1423 3166 suam
1466 3115 1784 3184 paradisum
1829 3132 2043 3171 nuncu-

470 3210 620 3274 pant.

541 3292 652 3347 νη.
693 3292 954 3363 εαιιιρειεὶ
984 3294 1101 3350 sive
1131 3292 1349 3349 Elceuei
1392 3293 1458 3348 ad
1496 3292 1637 3349 hanc
1666 3293 1806 3349 diem
1834 3295 1890 3349 in
1913 3295 2043 3349 Ara-

469 3386 555 3439 hia
585 3386 811 3456 degunt,
856 3400 1021 3454 supra
1058 3386 1328 3441 Mortuum
1369 3401 1539 3450 mare,
1582 3386 1725 3441 Elxae
1753 3386 2043 3457 cujusdam

468 3476 954 3549 pseudoprophetze
1003 3476 1280 3548 discipuli.
1331 3477 1373 3530 E
1403 3478 1560 3548 cujus
1598 3480 1766 3550 stirpe
1798 3478 2041 3535 Marthus

467 3578 521 3625 et
552 3567 844 3633 Marthina,
878 3568 1093 3624 feminae
1131 3570 1250 3622 duae
1279 3579 1433 3624 :etate
1472 3579 1657 3625 nostra
1686 3569 2037 3640 prodierunt;

468 3675 607 3731 quas
663 3658 889 3715 dearum
939 3659 1114 3714 instar
1168 3660 1393 3715 lizeresis
1447 3661 1551 3715 ista
1597 3662 1788 3718 coluit.
1838 3661 2038 3718 Eadem

468 3770 632 3826 porro
659 3769 783 3808 cum
808 3752 1080 3808 Ebionasis
1111 3754 1335 3808 omnino
1364 3754 1628 3809 sentiunt.

539 3927 673 3982 Vlll.
718 3926 1065 3981 Tlleodotiani
1093 3942 1121 3979 a
1151 3925 1433 3981 Theodoto
1462 3926 1709 3981 Coriario
1737 3927 2037 3998 Byzantino

465 4022 619 4077 dicti.
652 4020 757 4087 Qui
793 4018 996 4075 Grrecis
1039 4019 1250 4073 artibus
1293 4020 1538 4089 adprime
1585 4020 1687 4074 fuit
1727 4022 2033 4075 institutus.

467 4113 568 4169 llic
598 4128 723 4169 cum
764 4112 888 4166 aliis
924 4112 1253 4183 quibusdam
1282 4112 1339 4165 in
1367 4126 1430 4167 ea
1461 4127 1582 4182 quae
1613 4122 1726 4166 tum
1760 4114 2032 4181 saeviebat,

464 4204 851 4276 persecutione
881 4204 1334 4273 comprehensus,
1368 4218 1491 4257 cum
1521 4204 1657 4258 socii
1692 4204 1811 4273 ejus
1846 4219 2035 4260 omnes

463 4293 785 4363 martyrium
824 4291 1112 4357 obiissent,
1153 4294 1307 4347 solus
1354 4292 1513 4347 ﬁdem
1546 4293 1798 4361 cjuravit.
1832 4292 1916 4349 Ob
1947 4295 2032 4348 id-

462 4400 569 4456 que
608 4385 826 4455 probris
860 4383 1153 4453 appetitus,
1194 4384 1247 4437 id
1280 4384 1631 4453 excogitavit,
1666 4392 1725 4437 nt
1748 4386 2027 4439 Christum

463 4479 672 4533 nudum
716 4492 839 4532 esse
883 4476 1156 4530 hominem
1207 4485 1497 4539 assereret,
1550 4493 1619 4532 ne
1665 4477 1883 4532 crimini
1929 4478 2031 4532 sibi
2065 4503 2109 4558 ι)

464 4569 611 4625 istud
637 4575 959 4627 verteretur,
995 4566 1141 4636 quod
1165 4567 1285 4636 ejus
1319 4566 1655 4623 divinitatem
1688 4577 1961 4640 negasset.

532 4658 624 4717 ix.
665 4658 1126 4715 Melchisedeciani
1166 4658 1617 4715 Melchisedccum
1666 4660 1739 4713 ita
1772 4677 2037 4717 veneran-

459 4762 572 4814 tur,
609 4757 669 4803 ut
697 4750 954 4803 virtutem
990 4763 1120 4804 esse
1156 4748 1447 4818 quamdam
1481 4747 1753 4816 jaetitent,
1784 4765 1893 4803 non
1931 4750 2034 4804 bo-

457 4843 657 4898 minem
692 4843 960 4896 duntaxat
990 4860 1003 4895 :
1033 4849 1088 4896 et
1122 4840 1178 4894 in
1216 4840 1337 4910 ejus
1361 4841 1581 4895 nomine
1620 4839 1803 4896 facere
1846 4825 1914 4895 ac
1953 4843 2027 4895 di-

454 4950 578 4989 cere
609 4933 792 4995 omnia
818 4947 1162 5001 nequaquam
1192 4931 1465 4986 dubitant.

524 5023 595 5078 Χ.
633 5022 1073 5078 Bardesianistw.
1114 5021 1475 5077 Bardesianus
1516 5023 1620 5078 iste
1652 5038 1682 5077 e
1720 5022 2026 5094 Mesopota-

452 5113 564 5168 mia
597 5114 869 5169 oriundus
900 5115 1171 5169 sinceram
1197 5112 1355 5168 Iidem
1390 5112 1546 5167 initio
1578 5102 1890 5183 complexus
1916 5125 2022 5180 est,

450 5218 519 5257 ac
549 5204 817 5275 sapientia
845 5205 1119 5275 praestitit.
1166 5202 1272 5260 Sed
1301 5219 1331 5257 a
1374 5205 1603 5261 veritate
1637 5214 1825 5276 postea
1870 5224 2023 5262 rece-

2164 554 2370 619 πουζάν
2404 572 2525 608 τινα
2575 556 2729 609 πόλιν
2761 557 2967 627 ἔρημον
2994 556 3099 608 ἀνά
3154 556 3319 626 μέσον
3350 556 3619 619 Γαλατίας
3649 559 3745 612 καὶ

2162 646 2557 711 Καππαδοκίας
2601 645 3005 715 ὲκθειάξοντες,
3058 649 3152 701 καὶ
3198 648 3262 719 δὴ
3305 649 3507 720 ταύτην
3546 650 3743 720 Ἰερου-

2164 736 2345 807 σαλὴμ
2379 736 2670 807 ἡγούμενοι
2695 753 2709 768 ο
2744 737 2957 806 γυναιξὶ¹
3002 738 3058 791 δὲ
3099 737 3439 801 ἀποδιδόντες
3467 739 3529 790 τὸ
3555 738 3744 810 ἄρχειν

2161 846 2220 881 τε
2263 829 2359 881 καὶ
2399 828 2717 899 ἱερατεύειν.
2758 829 3034 883 Μυοῦνται
3077 830 3156 896 δὲ,
3180 829 3302 883 τινὰ
3363 829 3528 884 παῖδα
3577 847 3744 882 κατα-

2161 919 2476 984 κεντοῦντες
2536 920 2673 974 νέον.
2731 920 2843 973 Καὶ
2906 920 2971 991 δὴ
3022 922 3088 990 τῇ
3152 919 3448 991 Κυϊντίλλῃ
3504 917 3742 989 Χριστὸν

2161 1014 2339 1067 ἐκεῖσε
2372 1015 2429 1065 ὲν
2473 1012 2728 1086 Πεπούζῃ
2778 1013 3225 1082 άποκεκαλύφθαι
3266 1013 3324 1064 ὲν
3372 1012 3484 1083 ἰδέᾳ
3523 1011 3741 1080 θηλείας

2164 1104 2601 1175 μυθοποιοῦνται.
2650 1106 2957 1177 Κέχρηνται
3005 1105 3061 1158 δὲ
3104 1104 3364 1167 ὡσαύτως
3404 1103 3616 1174 Παλαιᾷ
3645 1104 3740 1156 καὶ

2160 1200 2338 1270 Καινῇ
2366 1198 2630 1272 Διαθήκῃ,
2670 1189 2814 1253 κατὰ
2846 1198 2938 1252 τὸν
2981 1197 3104 1251 νοῦν
3131 1199 3223 1251 τὸν
3257 1197 3387 1251 ἴδιον
3416 1196 3740 1268 μεταποιού-

2164 1307 2334 1361 μενοι.

2228 1468 2303 1521 Δ’.
2351 1463 3085 1535 Τεσσαρεσκίιιδεκατῖται,
3128 1464 3177 1516 οί
3225 1462 3353 1534 μίαν
3384 1461 3598 1533 ἡμέραν
3640 1459 3733 1514 τοῦ

2158 1558 2310 1621 ἔτους
2346 1557 2408 1611 τὸ
2457 1557 2650 1627 Πάσχα
2685 1556 3051 1618 ἐκτελοῦντες.
3116 1554 3203 1606 Ἐν
3248 1554 3410 1623 ὁποίᾳ
3455 1552 3501 1605 δ’
3553 1552 3737 1623 ἡμέρᾳ

2156 1648 2373 1721 ἐμπέσῃ
2413 1650 2445 1719 ή
2482 1647 2578 1718 τῆς
2627 1647 2854 1719 σελήνης
2886 1644 3477 1717 τεσσαρεσκαιδεκάτη,
3527 1645 3646 1715 ήτοι
3677 1646 3735 1695 ὲν

2158 1740 2422 1811 Σαϐϐάτῳ
2474 1739 2593 1810 ήτοι
2645 1741 2702 1793 ὲν
2734 1741 3011 1812 Κυριακῇ,
3045 1739 3260 1810 ἐκείνην
3290 1755 3349 1791 τε
3384 1736 3733 1809 νηστεύοντες

2083 1820 2125 1875 Β
2160 1831 2252 1885 καὶ
2281 1831 2681 1900 ἀγρυπνοῦντες
2706 1832 3073 1902 ἑορτάζουσιν.

2224 1922 2301 1976 E'.
2347 1922 2586 1991 Ἀλογοι
2633 1922 2725 1991 ἀφ’
2757 1922 2915 1993 ἡμῶν
2963 1920 3272 1993 κληθέντες,
3306 1922 3356 1973 οἱ
3394 1921 3456 1974 τὸ
3488 1922 3731 1990 Εὐαγγέ-

2154 2014 2267 2066 λιον
2326 2014 2571 2067 Ἰωάννου
2621 2013 2715 2068 καὶ
2760 2014 2850 2066 τὸν
2884 2015 2941 2066 ὲν
2977 2012 3125 2083 αὐτῷ
3155 2011 3360 2068 ἀνωθεν
3384 2013 3490 2066 ἀπὸ
3520 2014 3732 2085 Πατρὶς

2154 2107 2241 2159 ἀεὶ
2272 2106 2403 2159 Θεὸν
2432 2105 2607 2174 Λόγον
2636 2104 3129 2176 παρεκὸάλλοντες,
3160 2104 3220 2157 τὸ
3242 2105 3572 2173 Εὐαγγέλιον
3600 2103 3732 2159 αὐτὸ

2153 2198 2217 2269 δὴ
2259 2198 2320 2250 τὸ
2349 2196 2490 2250 κατά
2528 2198 2783 2269 Ἰωάννην
2814 2196 2889 2267 μὴ
2924 2196 3223 2267 δεχόμενοι,
3256 2197 3394 2268 μήτε
3425 2197 3526 2267 τὴν
3564 2198 3729 2252 αὐτοῦ

2168 2287 2557 2357 Ἀποκάλυψιν.

2225 2474 2315 2539 ς’.
2358 2471 2684 2541 Ἀδαμιανοὶ
2716 2472 2821 2525 ἀπό
2846 2488 2990 2535 τινος
3026 2472 3197 2543 Ἀδάμ
3234 2473 3433 2538 ζῶντος
3460 2474 3725 2547 καλούμε-

2151 2580 2253 2627 νοι,
2308 2562 2505 2635 χλεύης
2549 2564 2582 2633 ἢ
2622 2563 2876 2634 ἀληθείας
2926 2564 3124 2635 μᾶλλον
3171 2565 3233 2617 τὸ
3276 2565 3451 2636 δόγμα
3490 2567 3721 2637 ἔχοντες.

2152 2655 2351 2725 Γυμνοὶ
2379 2655 2507 2726 γὰρ,
2536 2654 2610 2718 ὡς
2641 2658 2703 2708 ὲκ
2738 2656 2962 2728 μητρὸς,
3017 2656 3207 2726 ἄνδρες
3240 2674 3301 2709 τε
3342 2659 3435 2711 καὶ
3472 2662 3725 2726 γυναῖκες

2152 2747 2244 2798 ἐπὶ
2278 2745 2338 2798 τὸ
2380 2746 2511 2799 αὐτὸ
2544 2748 2886 2815 συνάγονται,
2912 2748 3004 2800 καὶ
3034 2747 3207 2811 οὕτως
3232 2748 3330 2812 τὰς
3368 2749 3723 2819 ἀναγνώσεις,

2152 2839 2245 2891 καὶ
2280 2837 2464 2908 εὐχὰς,
2501 2839 2593 2891 καὶ
2627 2840 2734 2891 πᾶν
2774 2838 2951 2891 ὁτιοῦν
2991 2837 3323 2891 ἐπιτελοῦσιο
3364 2839 3528 2909 δῆθεν
3561 2841 3724 2911 μονά-

2151 2923 2333 2987 ζοντές
2364 2942 2423 2977 τε
2468 2928 2563 2979 καὶ
2603 2927 3055 2998 ὲγκρατευόμενοι
3088 2928 3258 2994 ὄντες,
3314 2929 3406 2982 καὶ
3439 2930 3615 3000 γάμον
3648 2932 3723 3002 μὴ

2149 3016 2450 3087 δεχόμενοι,
2504 3019 2554 3072 οί
2614 3019 2713 3089 τὴν
2772 3019 2949 3077 αὐτῶν
3017 3020 3339 3091 Ἐκκλησίαν
3400 3023 3723 3094 παράδεισον

2150 3107 2284 3176 ήγού
2290 3126 2462 3177 μενοι.

2216 3288 2288 3339 Z'.
2321 3284 2635 3355 Σαμψαῖοι,
2671 3286 2721 3339 οἱ
2764 3286 2855 3339 καὶ
2896 3288 3243 3354 Ἐλκεσαῖοι,
3288 3288 3369 3343 ἔτι
3415 3290 3573 3363 δεῦρο
3620 3292 3718 3362 τὴν

2156 3378 2415 3447 Ἀραϐίαν
2450 3378 2539 3447 (οἱ)
2567 3378 2963 3443 κατοικοῦντες,
2990 3380 3334 3454 καθύπερθεν
3368 3386 3465 3453 τῆς
3499 3384 3716 3454 Νεκρᾶς

2144 3468 2419 3540 θαλάσσης
2469 3469 2729 3540 κειμένην
2769 3469 2947 3540 χώραν
2972 3485 2987 3499 '
3036 3473 3229 3535 οἵτινες
3265 3474 3373 3527 ἀπὸ
3418 3474 3512 3528 τοῦ
3555 3476 3715 3542 Ἠλξά

2142 3576 2285 3621 τινος
2309 3558 2751 3629 ψευδοπροφήτου
2774 3560 3114 3630 ἠπατημένοι
3132 3578 3144 3590 ·
3173 3555 3233 3615 οὗ
3259 3562 3340 3613 ἔτι
3360 3562 3519 3634 δεῦρο
3539 3566 3602 3617 ὲκ
3622 3564 3714 3617 τοῦ
3798 3616 3807 3625 ,

2140 3650 2327 3717 γένους
2355 3648 2577 3719 ὡρμᾶτο
2606 3648 2863 3721 Μαρθοῦς
2894 3651 2987 3703 καὶ
3020 3651 3292 3723 Μαρθίνη.
3321 3656 3577 3721 γυναῖκες
3600 3654 3713 3714 δύο,

2140 3740 2609 3810 προσκυνούμεναι
2650 3739 2872 3809 ὑπὸτῆς
2905 3740 3192 3811 αἱρέσεως,
3236 3745 3311 3807 ὡς
3349 3744 3499 3798 θεαί’
3536 3764 3714 3817 παρα-

2144 3833 2386 3903 πλησίως
2416 3833 2524 3886 τῶν
2563 3834 2888 3890 Ἐὅιωναίων
2918 3838 2984 3891 τά
3016 3839 3192 3891 πάντα
3220 3838 3454 3907 ἔχοντες.

2208 3926 2290 3978 Η’.
2325 3922 2714 3991 Θεοδοὲιανοὶ,
2739 3929 2787 3981 οί
2810 3929 2916 3981 ἀπὸ
2932 3928 3025 3982 τοῦ
3043 3930 3296 3982 Θεοδότου
3318 3930 3586 3994 Σκυτέως,
3621 3929 3711 3983 τοῦ

2140 4012 2247 4065 ἀπὸ
2271 4012 2587 4076 Βυζαντίου.
2624 4009 2792 4079 Οὗτος
2825 4018 2881 4070 ὲν
2913 4018 3131 4089 παιδείᾳ
3177 4017 3461 4090 Ἑλληνικῇ
3492 4021 3713 4089 γέγονεν

2139 4106 2326 4176 ἄκρος.
2357 4106 2507 4175 ’Ἅμα
2536 4106 2593 4158 δὲ
2619 4106 2800 4170 ἄλλοις
2831 4110 2972 4162 τισὶν
2991 4110 3048 4161 ὲν
3081 4109 3319 4180 ἡμέραις
3347 4109 3439 4163 τοῦ
3469 4110 3588 4164 τότε
3617 4128 3712 4178 γε-

2137 4197 2361 4266 νομένου
2392 4197 2632 4269 διωγμοῦ
2675 4200 2832 4268 μόνος
2867 4199 3140 4265 ἐκπεσὼν,
3175 4202 3399 4255 ἐκείνων
3428 4219 3707 4273 μαρτυρη-

2138 4290 2365 4353 σάντων,
2401 4289 2487 4343 διὰ
2515 4290 2574 4342 τὸ
2596 4290 2967 4355 ὀνειδίζεσθαι,
3000 4294 3291 4365 ἐπινοήσας
3316 4294 3469 4364 ψιλὸν
3497 4294 3708 4367 ἄνθρω-

2136 4395 2235 4431 πον
2265 4379 2441 4447 λέγειν
2466 4380 2555 4432 τὸν
2580 4381 2833 4451 Χριστὸν,
2869 4384 2957 4436 ἵνα
2981 4384 3054 4453 μὴ
3086 4384 3189 4437 ὑπὸ
3211 4383 3460 4454 ἔγκλημα
3483 4385 3707 4455 γένηται

2137 4466 2270 4520 Θεὸν
2301 4470 2691 4539 ἀρνησάμενος.
2727 4469 2898 4534 οὕτως
2924 4469 3180 4537 ἐδίδαξεν.

2203 4665 2280 4719 8'.
2326 4666 2875 4734 Μελχισεδεκιανοί,
2914 4670 2963 4722 οἱ
3011 4670 3104 4723 τὸν
3151 4670 3480 4744 Μελχισεδὲκ
3520 4677 3706 4747 γεραί-

2136 4776 2339 4831 ροντες,
2390 4757 2511 4811 τινὰ
2542 4759 2771 4830 δύναμιν
2804 4760 2964 4814 αὑτὸν
3007 4762 3325 4830 φάσκοντες,
3373 4765 3469 4818 καὶ
3511 4765 3585 4836 μὴ
3610 4767 3703 4819 ἄν·

2134 4848 2348 4919 θρωπον
2366 4846 2538 4917 ψιλὸν,
2565 4849 2659 4903 καὶ
2682 4850 2762 4911 είς
2785 4850 2847 4902 τὸ
2867 4849 3053 4904 τούτου
3081 4850 3253 4922 ὄνομα
3283 4854 3457 4907 πάντα
3480 4855 3700 4923 ἀνάγειν

2135 4939 2229 4991 καί¹
2257 4938 2436 5006 λέγειν
2461 4938 2871 5010 τετολμηκότες.

2203 5031 2260 5082 1'.
2309 5028 2835 5098 Βαρδησιανισταί.
2887 5031 3253 5103 Βαρδησιανδς
3293 5030 3448 5100 οὗτος
3493 5038 3557 5090 ἐκ
3603 5037 3703 5106 τῆς

2132 5119 2553 5190 Μεσοποταμίας
2579 5120 2824 5191 ὡρμᾶτο,
2850 5123 2919 5174 τὰ
2946 5123 3136 5194 πρῶτα
3180 5124 3276 5195 μὲν
3307 5127 3406 5196 τῆς
3446 5126 3701 5198 ἀληθινῆς

2131 5210 2364 5274 πίστεως
2388 5212 2668 5282 ὑπάρχων,
2690 5212 2782 5266 καὶ
2808 5214 2864 5265 ὲν
2886 5214 3044 5284 σοφίᾳ
3070 5215 3385 5286 διαπρέπων
3402 5234 3417 5246 ⁸
3447 5220 3701 5284 ἐκκλίνας

450 5292 588 5350 dens
623 5295 815 5350 eadem
852 5311 980 5349 cum
1023 5294 1311 5350 Valentino
1352 5297 1563 5360 docuit,
1609 5308 1808 5365 praeter
1847 5313 2020 5368 pauca

2149 5298 2183 5351 ἑὲ
2212 5300 2309 5370 τῆς
2354 5299 2631 5370 ἀληθείας,
2662 5302 3053 5372 παραπλησίως
3092 5303 3426 5378 Οὐαλεντίνῳ
3464 5309 3698 5380 ἐδογμά-

449 5384 722 5468 quzedam,
754 5386 813 5439 in
846 5386 1045 5455 quibus
1065 5386 1133 5440 ab
1158 5386 1249 5441 illo
1274 5386 1573 5457 discrepa:.

518 5553 609 5610 XI.
654 5554 930 5613 Noctiani.
981 5556 1187 5617 Noetus
1231 5561 1318 5615 hic
1379 5560 1729 5635 Smyrnensis
1781 5579 1847 5619 ex
1887 5565 2013 5620 Asia

449 5642 572 5703 fuit.
602 5647 706 5715 Qui
741 5650 797 5702 in
828 5651 996 5706 altum
1039 5653 1285 5710 sublatus
1334 5669 1459 5709 cum
1503 5654 1623 5710 aliis
1662 5656 2011 5727 quibusdam,

559 5762 581 5795 ί
610 5762 673 5823 F.
708 5766 937 5839 ἅρματι.

2126 5406 2262 5454 τισε,
2286 5390 2451 5462 χωρὶς
2490 5390 2646 5445 ἐνίων
2686 5392 2904 5460 ὀλίγων,
2931 5386 3008 5447 ὧν
3040 5394 3354 5467 διαφέρεται
3394 5400 3530 5473 πρδς
3553 5402 3695 5454 Οὐα-

2125 5478 2376 5533 λεντίνον.

2194 5573 2652 5642 1Α’.·Νοητιανοί.
2684 5576 2889 5649 Νοητὸς
2904 5573 3057 5643 οὗτος
3083 5579 3187 5633 ἀπὸ
3204 5581 3457 5654 Σμύρνης
3480 5584 3694 5657 ὑπῆρχε

2120 5662 2220 5731 τῆς
2253 5662 2455 5726 Ἀσίας.
2494 5663 2579 5717 Ἐν
2600 5662 2839 5734 ἆρματι¹
2868 5665 2925 5719 δὲ
2949 5667 3184 5738 ἐνεχθεὶς
3212 5669 3308 5723 σὺν
3329 5669 3508 5735 ἄλλοις
3530 5674 3697 5741 τισὶν,
