4186 6374
464 418 574 474 849

1290 411 1662 470 ADVERSUS
1695 411 2035 470 HERESES
2069 412 2201 470 LIB.
2242 413 2306 470 II.
2346 413 2511 471 TOM.
2550 411 2592 470 1.
2633 414 2907 471 ΗᾹΞΒΕΞ.
2949 412 3155 470 XLVII.

3624 408 3729 465 850

475 533 783 604 Υίοπάτορα
814 532 904 585 τὸν
929 528 1163 602 Χριστὸν
1192 529 1417 598 ἐδίδαξε,
1447 532 1538 586 τὸν
1569 529 1732 586 αὑτὸν
1761 527 1903 586 εἶναι
1934 532 2050 585 Πα-

2160 530 2472 586 Patriﬁlium
2504 547 2752 588 asserere
2777 531 3056 587 Chrismm
3078 542 3249 583 ausus
3288 532 3411 592 est;
3443 520 3729 580 eumdem-

469 627 603 698 τέρα
636 625 731 679 καὶ
759 622 887 677 Υἱόν
929 624 1023 678 καὶ
1068 623 1225 693 ἅγιον
1249 623 1498 695 Πνεῦμα.
1551 624 1773 679 Ἑαυτὸν
1806 625 1863 678 δὲ
1898 624 2052 695 ἔλεγε

471 716 728 782 Μωῦσέα,
776 716 872 770 καὶ
915 716 1006 770 τὸν
1051 716 1217 770 αὑτοῦ
1264 715 1487 786 ἀδελφὸν
1544 716 1730 786 ἔλεγεν
1776 714 1909 771 εἶναι
1961 718 2052 772 τὸν

484 805 714 872 Ἀαρών.

543 899 644 952 IB‘.
680 898 1029 965 Οὐαλήσιοι.
1087 891 1267 965 υῦτοι,
1310 897 1492 962 καθὼς
1517 898 1916 971 ὑπειλήφαμεν,
1957 901 2052 973 τὴν

474 989 720 1044 ΒάκαΘον
760 990 1160 1057 κατοικοῦντες,
1217 992 1610 1065 μητροκωμίαν
1655 991 1917 1062 Ἀραϐίας
1955 995 2054 1064 τῆς

471 1081 845 1151 Φιλαδελφίας,
868 1083 918 1135 οἱ
939 1084 1065 1146 τοὺς
1086 1084 1605 1155 παρατυγχάνοντας
1632 1083 2049 1155 ἀποτέμνοντες.

473 1174 694 1239 Πλείους
713 1174 771 1227 δὲ
785 1174 963 1227 αὐτῶν
978 1175 1222 1245 εὐνοῦχοι
1238 1174 1573 1246 ὑπάρχουσιν
1588 1176 2048 1247 ἀποτετμημένοι.

474 1265 610 1318 Τινά
642 1265 697 1319 δὲ
729 1264 891 1337 ἕτερα
917 1266 1260 1321 διδάσκουσιν
1293 1267 1559 1339 αἱρέσεως
1591 1266 1822 1337 ἔμπλεα,
1855 1269 2052 1338 ἀφανί-

474 1356 658 1419 ζοντες
700 1356 792 1409 τὸν
836 1357 996 1426 νόμον
1052 1358 1146 1410 καὶ
1194 1358 1318 1421 τοὺς
1361 1358 1644 1429 προφήτας
1670 1359 1716 1425 ¹,
1759 1360 1854 1412 καί
1899 1377 2053 1424 τινας

474 1446 865 1517 αἰσχρουργίας
889 1446 1083 1517 ἑτέρας
1118 1448 1600 1520 παρεισφέροντες.

543 1622 948 1691 ΙΓ’.ἶΚαθαροὶ,
970 1626 1018 1677 οἱ
1041 1624 1157 1695 ἅμα
1175 1623 1411 1696 Ναϐἀτῳ
1436 1624 1796 1694 συναφθέντες
1816 1624 1893 1697 τῷ
1917 1624 2053 1679 Ῥω-

477 1714 638 1785 μαίῳ,
687 1716 782 1768 καὶ
812 1715 936 1777 τοὺς
985 1716 1249 1787 διγάμους
1291 1717 1568 1782 παντελῶς
1605 1718 2052 1790 ἀποδαλλόμενοι,

475 1807 569 1859 καὶ
599 1806 883 1876 μετάνοιαν
923 1806 997 1879 μὴ
1029 1806 1331 1878 δεχόμενοι.

2157 637 2264 691 que
2292 621 2511 677 Patrem
2557 639 2621 678 ac
2649 623 2870 685 Filium,
2910 629 2965 677 et
2998 620 3266 691 Spiritum
3306 626 3561 672 sanetum
3604 631 3729 673 esse

2156 714 2421 783 proﬁteri.
2465 714 2537 771 Se
2561 731 2690 771 vero
2722 713 2963 786 Moysen,
2994 712 3219 768 fratrem
3265 724 3426 765 suum
3458 709 3729 764 Aaronem

2156 806 2362 862 dicere.

2228 896 2346 953 XII.
2400 897 2616 952 Valesii.
2659 895 2750 963 Ili,
2778 904 3043 966 quantum
3075 897 3346 966 suspicor,
3379 894 3730 950 Bacathiha-

2157 990 2353 1056 bitant,
2406 992 2499 1061 qui
2541 997 2625 1046 est
2682 990 2894 1045 Arabia:
2933 988 3403 1059 Philadelphensis
3435 988 3729 1057 primarius

2156 1080 2331 1137 vicus.
2368 1081 2534 1136 Iidem
2568 1080 2890 1135 accedentes
2917 1080 3084 1151 398
3112 1080 3178 1134 ad
3206 1096 3326 1135 sese
3365 1086 3612 1135 castrare
3640 1094 3731 1134 so-

2155 1174 2289 1228 lent.
2317 1176 2393 1229 Ac
2427 1174 2671 1245 plerique
2701 1177 2843 1230 inter
2869 1175 2992 1231 illos
3033 1172 3272 1228 eunuchi
3295 1178 3424 1227 sunt
3468 1179 3523 1226 et
3573 1186 3732 1227 exse-

2156 1267 2251 1320 cti.
2285 1265 2497 1322 Habent
2524 1274 2579 1323 et
2604 1268 2709 1322 alia
2741 1266 2988 1337 quaedam
3034 1265 3239 1319 erroris
3274 1263 3595 1334 plenissima
3626 1263 3728 1317 do—

2155 1368 2355 1429 gmata,
2399 1366 2561 1430 atque
2596 1360 2737 1415 inter
2776 1360 2881 1414 alia
2934 1360 3102 1427 legem
3153 1370 3219 1410 ac
3266 1355 3561 1426 prophetas
3608 1356 3733 1424 reji-

2156 1450 2328 1504 ciunt.
2376 1449 2659 1507 Postremo
2704 1448 3136 1506 innumerabiles
3185 1447 3252 1501 ad
3304 1448 3398 1502 illa
3456 1445 3729 1502 foeditates

2155 1539 2442 1608 adjiciunt.

2226 1627 2369 1682 XIII.
2412 1628 2655 1685 Cathari.
2692 1628 2958 1685 Novatum
3009 1628 3319 1683 Romanum
3356 1625 3536 1682 secuti
3579 1633 3727 1681 sunt.

2156 1718 2225 1773 Ili
2254 1719 2505 1790 digamos
2538 1722 2758 1789 penitus
2805 1721 3190 1790 proscribunt;
3224 1718 3603 1789 paenitentiam
3645 1732 3727 1771 re-

2156 1807 2406 1877 pudiant.

549 1899 644 1952 IA'.
664 1899 1000 1968 Ἄγγελικοί.
1037 1892 1195 1953 Οὗτοι
1224 1900 1505 1964 παντελῶς
1525 1899 1795 1967 ἐξέλιπον.
1820 1899 2055 1970 Αὐχοῦν-

2226 1897 2366 1954 XIV.
2408 1899 2666 1970 Angelici.
2710 1899 2773 1953 Hi
2829 1915 3099 1970 nusquam
3153 1898 3313 1954 hodie
3363 1894 3728 1968 reperiuntur.

475 2005 566 2052 τες
605 1989 662 2043 δὲ
703 1984 843 2061 ἦσαν
893 1990 1192 2062 ἀγγελικὴν
1231 1990 1376 2062 ἔχειν
1405 1991 1591 2058 τάξιν*
1641 1991 1676 2062 ἢ
1704 1990 1792 2045 διὰ
1823 1990 1886 2044 τὸ
1927 1993 2054 2052 τοὺς

486 2080 742 2149 ἀγγέλους
776 2082 1242 2153 προσκεκλῆσθαι.

545 2174 645 2228 IE'.
677 2175 1104 2239 Ἀποστολικοὶ,
1125 2178 1173 2229 οἱ
1204 2175 1714 2230 καὶἈποτακτικοὶ
1746 2175 1842 2229 καὶ
1879 2174 2053 2239 αὐτοὶ,

476 2264 525 2316 οἱ
558 2263 686 2335 περὶ
712 2264 810 2335 τὴν
846 2264 1092 2319 Πισιδίαν
1123 2254 1302 2336 μόνον,
1351 2267 1748 2329 ἀποτακτικοὺς
1777 2264 2053 2335 δεχόμενοι

478 2353 599 2406 καθ’
614 2350 860 2418 ἑαυτούς.
894 2355 1412 2428 Παραπλήσιάζουσι
1430 2357 1487 2410 δὲ
1505 2360 1616 2421 τοῖς
1640 2354 2017 2427 Ἑγκρατίταις
2035 2371 2049 2385 ο

477 2445 611 2500 ἄλλα
645 2446 705 2500 δὲ
732 2449 862 2520 παρ’
885 2447 1085 2511 αὐτοὺς
1117 2446 1427 2518 φρονοῦσιν.

549 2617 669 2683 ις’.
698 2619 1111 2685 Σαϐελλιανοὶ,
1126 2621 1175 2673 oi
1198 2621 1265 2675 τά
1286 2621 1447 2691 ὅμοια
1462 2619 1779 2692 Νοητιανῶν
1801 2619 2057 2685 δοξάζον-

477 2724 594 2771 τες·
634 2709 785 2780 παρά
810 2711 901 2764 τὸν
923 2712 1131 2780 Νοητὺν
1160 2712 1413 2782 Πατέρα²
1436 2712 1763 2767 πεπονθέναι
1783 2712 2055 2782 λέγοντες,

479 2801 809 2870 προφορικὸν
824 2802 985 2856 πάλιν
1012 2802 1373 2874 ἀναχεόμενον
1399 2803 1490 2857 τὸν
1516 2803 1704 2873 Λόγον.

551 2978 648 3031 IZ'.
675 2977 1081 3048 Ὦριγενιανοὶ,
1105 2981 1248 3045 τινὸς
1280 2982 1607 3053 Ὠριγὲνους.
1630 2983 1981 3055 Αίσχροποιοὶ
2001 2984 2059 3037 δὲ

478 3062 624 3122 οὗτοί
655 3071 811 3134 εἰσιν,
838 3071 1345 3142 ἀρῤητοποιοῦντες,
1374 3075 1469 3127 καὶ
1499 3074 1568 3128 τὰ
1593 3074 1801 3129 ἑαυτῶν
1829 3074 2060 3146 σώματα

482 3159 657 3233 φθορᾷ
689 3162 1093 3233 παραδιδόντες.

2157 1992 2403 2064 Angelici
2445 2007 2576 2047 vero
2632 1993 2849 2048 ordinis
2890 2008 2949 2047 se
2998 2008 3122 2048 esse
3159 1992 3589 2062 proﬁtebantur;
3637 1997 3732 2042 aut

2155 2093 2304 2138 certe
2339 2086 2485 2154 quod
2518 2084 2746 2153 angelos
2782 2085 3122 2139 invocarent.
3416 2102 3417 2105 η

2226 2172 2343 2230 XV.
2383 2176 2696 2244 Apostolici,
2721 2176 2814 2246 qui
2834 2184 2888 2230 et
2906 2175 3218 2244 Apotactici,
3250 2174 3365 2229 sive
3385 2173 3733 2227 Renuntiato-

2156 2262 2323 2322 resin
2350 2266 2553 2323 Pisidia
2591 2268 2856 2322 duntaxat
2898 2268 3267 2322 inveniuntur.
3325 2266 3387 2318 Ili
3434 2265 3583 2320 solos
3611 2265 3734 2319 illos

2157 2358 2477 2423 admittunt,
2508 2361 2601 2428 qui
2630 2375 2692 2414 se
2719 2359 2878 2413 bonis
2905 2359 3157 2413 omnibus
3187 2357 3585 2414 abdicaverint.
3614 2356 3733 2409 Cac-

2154 2458 2332 2502 terum
2397 2448 2803 2504 Encratitarum
2864 2449 3073 2506 similes
3136 2457 3295 2515 sunt,
3354 2449 3458 2503 etsi
3515 2447 3734 2503 diversa

2157 2539 2402 2609 quaedam
2429 2541 2497 2597 ab
2536 2542 2644 2597 illis
2671 2549 2943 2596 statuunt.

2227 2629 2368 2685 XVI.
2414 2630 2707 2686 Sabelliani
2739 2648 2864 2687 cum
2892 2631 3173 2688 Noetianis
3203 2631 3258 2685 in
3303 2630 3561 2686 omnibus
3605 2644 3737 2701 pro-

2158 2720 2449 2790 pemodum
2515 2723 2888 2790 consentiunt,
2941 2724 3046 2778 nisi
3090 2722 3235 2794 quod
3292 2722 3508 2777 Patrem
3553 2721 3734 2792 ipsum

2159 2820 2362 2884 negant
2406 2828 2527 2869 esse
2580 2830 2839 2884 passum;
2880 2815 2949 2871 ab
2987 2830 3162 2886 eoque
3214 2814 3550 2885 prolatitium
3595 2813 3736 2870 dun-

2160 2909 2311 2955 taxat
2350 2916 2569 2956 manare
2607 2900 2867 2957 Verbum.

2230 2990 2391 3046 XVII.
2447 2992 2754 3064 Origem'ani
2811 3009 2842 3047 a
2897 2993 3135 3065 quodam
3188 2992 3425 3064 Origene
3478 2991 3732 3047 der-ivati.

2161 3081 2487 3151 Turpissimi
2530 3085 2621 3139 isti
2665 3092 2815 3151 sunt,
2854 3102 2919 3142 ae
2954 3085 3222 3141 nefariam
3252 3098 3307 3141 et
3339 3092 3732 3155 praeposteram

2163 3173 2443 3227 libidinem
2500 3184 2777 3238 exercent,
2813 3192 3025 3247 suaque
3069 3190 3302 3247 corpora
3353 3184 3732 3245 corrumpunt.

535 3251 640 3306 IH'.
669 3254 1045 3323 Ὠριτενιανοὶ
1062 3254 1231 3321 ἄλλοι,
1250 3257 1556 3327 Ὠριγένους
1570 3257 1661 3310 τοῦ
1680 3258 1774 3310 καὶ
1789 3257 2055 3328 Ἀδαμαν-

2229 3263 2416 3321 XVIII.
2478 3265 2789 3338 Origem‘am’
2846 3268 2937 3323 alii
2995 3269 3063 3324 ab
3125 3268 3357 3339 Origene
3410 3266 3737 3323 Adamantio

480 3344 618 3408 τίου,
631 3344 725 3399 τοῦ
744 3347 1061 3415 συντ-ἀκτου,
1075 3348 1123 3401 οἱ
1145 3351 1242 3420 τὴν
1262 3350 1371 3403 τῶν
1387 3349 1592 3421 νεκρῶν
1609 3349 1905 3403 ἀνάστασιν
1923 3350 2058 3402 ἀπο-

480 3432 830 3504 ὄαλλόμενοιο
856 3436 1091 3506 Χριστὸν
1116 3436 1174 3488 δὲ
1196 3438 1421 3508 κτίσμα,
1444 3438 1538 3490 καὶ
1566 3436 1625 3490 τὸ
1653 3437 1807 3505 ἆγιον
1824 3436 2058 3508 Πνεῦμα

483 3525 703 3596 εἰσηγοῦ
712 3529 1219 3599 μενοι,παράδεισόν
1241 3547 1299 3581 τε
1322 3531 1413 3582 καὶ
1428 3529 1486 3582 οὗ
1497 3530 1709 3600 ρανοὺς,
1723 3528 1819 3581 καὶ¹
1837 3527 1905 3581 τὰ
1925 3528 2060 3582 ἄλλα

483 3619 661 3672 πάντα
693 3618 1118 3692 ἀλληγοροῦντες
1136 3636 1152 3651 ο
1178 3620 1414 3693 Χριστοῦ
1437 3621 1493 3674 δὲ
1523 3621 1622 3693 τὴν
1654 3619 1932 3692 βασιλείαν
1959 3637 2058 3672 πε-

485 3710 723 3764 παῦσθαι
744 3711 1055 3783 ληροῦντες,
1099 3712 1197 3766 καὶ
1231 3712 1366 3784 ὁμοῦ
1392 3714 1517 3776 τοὺς
1550 3713 1813 3782 ἀγγέλους
1845 3712 2060 3784 παυθῆ-

485 3802 707 3856 σεσθαιο
781 3803 1017 3875 Χριστὸν
1065 3803 1122 3856 δὲ
1200 3806 1297 3859 σὺν
1384 3803 1615 3875 διαϐόλῳ
1677 3802 2063 3874 βασιλευθησο-

487 3895 636 3966 μένῳ
652 3896 691 3951 ³.

2163 3356 2451 3426 scriptore.
2485 3355 2548 3411 Hi
2595 3367 2945 3414 mortuorum
2991 3360 3454 3415 resurrectionem
3490 3367 3734 3429 negant;
3833 3398 3843 3441 Β

2165 3456 2273 3502 tam
2299 3448 2602 3513 Christum,
2652 3468 2815 3521 quam
2847 3451 3111 3523 Spiritum
3138 3461 3388 3508 sanctum
3436 3450 3638 3505 creatis
3682 3449 3736 3503 in
3834 3478 3841 3485 η

2167 3538 2333 3594 rebus
2368 3551 2688 3609 numerant;
2737 3544 3074 3613 paradisum,
3108 3558 3173 3597 ac
3202 3543 3394 3605 caelos,
3433 3550 3740 3611 caeteraque

2166 3629 2349 3681 omnia
2391 3629 2459 3683 ad
2495 3631 2784 3701 allegorias
2813 3632 3057 3688 referunt
3079 3648 3112 3686 ε·
3135 3631 3339 3687 Christi
3372 3647 3600 3703 regnum
3626 3638 3737 3685 ter-

2168 3720 2489 3775 minandum
2522 3739 2666 3787 esse,
2702 3724 3087 3794 desiturosque
3108 3724 3359 3780 similiter
3389 3723 3612 3795 angelos
3638 3723 3741 3778 do-

2169 3818 2332 3876 cent;
2364 3813 2725 3885 eumdemque
2756 3830 2880 3869 cum
2924 3816 3141 3871 diabolo
3184 3813 3465 3872 Christum
3512 3814 3743 3871 alterius

2167 3915 2292 3956 esse
2321 3916 2492 3973 regno
2520 3904 2945 3976 subjiciendum.

561 4057 577 4085 ⁸
608 4074 696 4125 πο.
721 4056 1105 4129 σαφηνίζοντες
1129 4057 1222 4110 τοῦ
1249 4057 1414 4128 νόμου
1444 4058 1539 4110 καὶ
1565 4056 1673 4111 τῶν
1698 4056 2012 4128 προφητῶν.
2088 4058 2109 4088 ³
2130 4056 2287 4115 Corr.
2320 4062 2472 4134 παρά
2508 4062 2668 4117 τοῦτο
2717 4063 2875 4135 μόνον
2895 4080 2911 4095 ο
2956 4063 3047 4118 τὸν
3075 4064 3213 4119 Πατ.
3293 4069 3315 4101 ³
3335 4061 3397 4115 F.
3429 4058 3743 4135 βασιλευθη-

490 4125 548 4177 τό
553 4143 731 4195 μενον.

942 4377 1323 4464 ΤΟΜΟΣ
1389 4375 1832 4463 ΠΡΩΤΟΣ
1896 4304 2058 4463 ’ΤΟ

2214 4349 2791 4466 ΔΕΥΤΕΡΟΥ
2814 4379 3307 4468 -ΒΙΒΑΙΟΥ.

1537 4648 1864 4737 LIBRI
1944 4647 2033 4735 II
2110 4646 2513 4740 TOMUS
2587 4649 2665 4737 Ι.

942 4892 1133 4946 ΚΑΤΑ
1169 4889 1633 4953 ΕΓΚΡΑἸἸΤΩΝ,

1034 4984 1141 5037 KZ’
1169 4980 1209 5049 ἢ
1244 4979 1342 5035 καὶ
1370 4979 1509 5035 MZ'.

544 5074 622 5128 A'.
640 5073 985 5144 Ἑγκρατῖταί
1006 5090 1151 5135 τινες
1174 5070 1316 5124 οὕτω
1332 5070 1673 5141 καλούμενοι,
1695 5063 1837 5125 οῦτοι
1858 5071 1949 5125 τόν
1964 5073 2070 5127 Τα-

488 5166 667 5221 τιανὸν
686 5165 1035 5235 διαδέχονται,
1062 5165 1221 5233 φύσει
1255 5164 1347 5217 ὑπ’
1380 5161 1544 5215 αὐτοῦ
1576 5161 1982 5233 πεπλανημένοι
2003 5182 2063 5219 τε

489 5258 582 5311 καὶ
614 5256 957 5327 ἠπατημένοι
973 5272 986 5287 ·
1015 5256 1177 5328 ἕτερα
1198 5255 1261 5312 δὲ
1281 5253 1432 5325 παρὰ
1455 5252 1644 5306 τοῦτον
1670 5256 2060 5326 φρονήσαντες,

489 5351 583 5403 καὶ
599 5350 677 5413 εἰς
697 5349 919 5420 μείζονα
932 5347 1092 5401 πάλιν
1110 5345 1421 5419 ὲρεσχελίαν
1441 5346 1668 5408 ἑαυτοὺς
1686 5345 2062 5410 ὲκδεδωκότες.

489 5440 827 5512 Πληθύνουσι
847 5440 904 5493 δὲ
929 5431 1072 5493 οὗτοι
1103 5440 1197 5493 καὶ
1218 5441 1296 5502 είς
1327 5436 1484 5509 δεῦρο
1510 5438 1568 5489 ὲν
1596 5440 1663 5508 τῇ
1690 5437 1930 5505 Πισιδίᾳ,
1967 5438 2064 5491 καὶ

490 5537 546 5586 ὲν
564 5536 630 5604 τῇ
642 5533 853 5604 Φρυγίᾳ
870 5535 938 5603 τῇ
958 5533 1143 5586 Κεκαυ
1151 5530 1284 5602 μένῃ
1302 5530 1438 5601 (95),
1452 5530 1594 5586 οὔτω
1614 5528 2069 5601 λεγομένῃ.”1σως

563 5648 674 5727 (9ξί)
727 5626 822 5702 Ἐν
852 5648 929 5727 τεῇ
952 5651 1173 5727 Φρυγίᾳ
1203 5647 1277 5717 τῇ
1305 5649 1659 5727 κεκαυμένῃ.
1692 5649 1768 5701 Ea
1798 5654 1881 5701 est
1909 5647 2069 5727 .apud

492 5717 820 5792 ﬁtrabonem
850 5717 1024 5792 Laur
1050 5717 1323 5792 Lydorum
1343 5761 1358 5779 .
1394 5717 1781 5792 Mysorumque
1813 5717 1968 5792 regio
1993 5718 2067 5775 ad

493 5786 846 5859 Maeandrum.
891 5789 958 5842 At
992 5786 1300 5859 Stephanus
1345 5786 1851 5859 Κατακεκαυμὲνην
1884 5787 2071 5858 χώραν

492 5858 568 5913 ait
599 5873 721 5917 esse
745 5858 842 5927 τῆς
871 5858 1123 5928 Ἐφεσίας
1152 5876 1221 5917 ex
1251 5876 1349 5918 xm
1375 5860 1662 5919 Strabonis
1684 5858 1845 5916 libro.
1873 5859 2079 5915 Caeteri

2089 4896 2136 4952 D

2420 4893 2585 4965 399
2617 4891 2987 4949 ADVERSUS
3024 4891 3483 4957 ENCRATI'I‘AS,

2385 4986 2516 5052 Quae
2549 4996 2628 5041 est
2668 4986 2882 5041 hmresis
2910 4985 3141 5040 XXVII
3162 4987 3268 5040 sive
3293 4984 3389 5039 XL
3402 4984 3533 5040 VII.

2243 5077 2286 5132 Ι.
2327 5078 2428 5143 Qui
2475 5076 2767 5131 Encratitae
2823 5081 3123 5137 vocantur,
3171 5073 3402 5130 Tatiano
3463 5089 3743 5131 successe-

2174 5177 2324 5234 runt,
2364 5168 2521 5239 cujus
2548 5168 2829 5223 erroribus
2862 5166 3051 5222 imbuti
3086 5174 3235 5231 sunt,
3270 5165 3605 5237 eosdemque
3640 5183 3741 5223 no-

2174 5261 2256 5315 vis
2294 5258 2643 5329 opinionibus
2685 5258 3057 5321 cumularunt,
3101 5265 3154 5311 et
3191 5256 3428 5327 majores
3460 5272 3633 5328 nugas
3677 5272 3742 5311 ac

2176 5352 2367 5407 deliria
2404 5348 2699 5407 commenti
2756 5356 2905 5403 sunt.
2967 5346 3170 5402 Horum
3214 5349 3405 5418 ingens
3458 5356 3542 5404 est
3586 5348 3745 5403 hodie

2176 5455 2438 5495 numerus
2490 5440 2544 5493 in
2597 5437 2824 5501 Pisidia,
2873 5452 3047 5507 eaque
3091 5436 3341 5509 Phrygiae
3388 5444 3560 5508 parte,
3621 5454 3741 5507 qum

2174 5531 2386 5586 Adusta
2415 5529 2636 5584 dicitur.
2683 5528 2840 5594 Quod
2864 5528 2914 5583 ei
2957 5527 3168 5598 regioni
3214 5544 3414 5584 nomen
3465 5537 3613 5584 certo
3648 5528 3743 5583 Dei

2169 5651 2455 5722 Phrygiam
2502 5665 2627 5706 esse
2670 5656 2917 5722 censent.
2970 5645 3191 5722 Invenio
3217 5654 3270 5701 et
3300 5642 3619 5722 Laodiceam
3639 5658 3744 5722 co-

2168 5713 2461 5790 gnomento
2497 5719 3010 5790 κατακεκαυμένην
3034 5718 3093 5773 in
3137 5717 3437 5790 Lycaonia,
3486 5714 3601 5771 sive
3630 5713 3743 5770 ϐαρ

2170 5788 2320 5857 latia,
2347 5791 2488 5847 haud
2521 5790 2709 5863 procul
2742 5788 3073 5847 ab'lsauria.
