  <div class='ocr_page' id='page_1' title='image "/cluster/home/n/w/nwhite01/storage/ocr_20150623/41/nnc1.0046978747/469.png"; bbox 0 0 4186 6374; ppageno 0'>
   <div class='ocr_carea' id='block_1_1' title="bbox 514 429 608 488">
    <p class='ocr_par' dir='ltr' id='par_1_1' title="bbox 514 429 608 488">
     <span class='ocr_line' id='line_1_1' title="bbox 514 429 608 488; baseline -0.053 0"><span class='ocrx_word' id='word_1_1' title='bbox 514 429 608 488; x_wconf 86' lang='grc'><strong>851</strong></span> 
     </span>
    </p>
   </div>
   <div class='ocr_carea' id='block_1_2' title="bbox 1932 430 2375 487">
    <p class='ocr_par' dir='ltr' id='par_1_2' title="bbox 1932 430 2375 487">
     <span class='ocr_line' id='line_1_2' title="bbox 1932 430 2375 487; baseline -0.005 0"><span class='ocrx_word' id='word_1_2' title='bbox 1932 430 1990 487; x_wconf 86' lang='lat' dir='ltr'><strong>S.</strong></span> <span class='ocrx_word' id='word_1_3' title='bbox 2030 430 2375 487; x_wconf 70' lang='lat' dir='ltr'><strong>EPIPIIANII</strong></span> 
     </span>
    </p>
   </div>
   <div class='ocr_carea' id='block_1_3' title="bbox 3672 424 3780 480">
    <p class='ocr_par' dir='ltr' id='par_1_3' title="bbox 3672 424 3780 480">
     <span class='ocr_line' id='line_1_3' title="bbox 3672 424 3780 480; baseline 0 0"><span class='ocrx_word' id='word_1_4' title='bbox 3672 424 3780 480; x_wconf 88' lang='lat'>85‘2</span> 
     </span>
    </p>
   </div>
   <div class='ocr_carea' id='block_1_4' title="bbox 511 540 2096 621">
    <p class='ocr_par' dir='ltr' id='par_1_4' title="bbox 511 544 2075 618">
     <span class='ocr_line' id='line_1_4' title="bbox 511 544 2075 618; baseline 0 -14"><span class='ocrx_word' id='word_1_5' title='bbox 511 545 746 604; x_wconf 85' lang='lat' dir='ltr'><strong>consilio</strong></span> <span class='ocrx_word' id='word_1_6' title='bbox 793 544 1021 603; x_wconf 77' lang='lat' dir='ltr'><strong>forsitan</strong></span> <span class='ocrx_word' id='word_1_7' title='bbox 1062 546 1293 602; x_wconf 88' lang='lat' dir='ltr'><strong>inditum</strong></span> <span class='ocrx_word' id='word_1_8' title='bbox 1346 553 1451 613; x_wconf 89' lang='lat' dir='ltr'><strong>est,</strong></span> <span class='ocrx_word' id='word_1_9' title='bbox 1488 547 1634 618; x_wconf 91' lang='lat' dir='ltr'><strong>quod</strong></span> <span class='ocrx_word' id='word_1_10' title='bbox 1664 549 1790 606; x_wconf 85' lang='lat' dir='ltr'><strong>talis</strong></span> <span class='ocrx_word' id='word_1_11' title='bbox 1834 564 1898 605; x_wconf 91' lang='lat' dir='ltr'><strong>ac</strong></span> <span class='ocrx_word' id='word_1_12' title='bbox 1937 550 2075 604; x_wconf 89' lang='lat' dir='ltr'><strong>tanti</strong></span> 
     </span>
    </p>
   </div>
   <div class='ocr_carea' id='block_1_5' title="bbox 2198 540 3773 621">
    <p class='ocr_par' dir='ltr' id='par_1_5' title="bbox 2200 540 3773 621">
     <span class='ocr_line' id='line_1_5' title="bbox 2200 540 3773 621; baseline -0.004 -20"><span class='ocrx_word' id='word_1_13' title='bbox 2200 548 2308 621; x_wconf 83' lang='grc' dir='ltr'><strong>γάρ</strong></span> <span class='ocrx_word' id='word_1_14' title='bbox 2334 547 2473 601; x_wconf 77' lang='grc' dir='ltr'>κατὰ</span> <span class='ocrx_word' id='word_1_15' title='bbox 2493 544 2627 600; x_wconf 85' lang='grc' dir='ltr'><strong>Θεοῦ</strong></span> <span class='ocrx_word' id='word_1_16' title='bbox 2659 546 2969 615; x_wconf 70' lang='grc' dir='ltr'><strong>οἰκονομίαν</strong></span> <span class='ocrx_word' id='word_1_17' title='bbox 2996 558 3009 572; x_wconf 88' lang='grc'>·</span> <span class='ocrx_word' id='word_1_18' title='bbox 3049 542 3143 597; x_wconf 75' lang='grc' dir='ltr'><strong>καὶ</strong></span> <span class='ocrx_word' id='word_1_19' title='bbox 3167 540 3339 605; x_wconf 76' lang='grc' dir='ltr'>οὕτως</span> <span class='ocrx_word' id='word_1_20' title='bbox 3361 543 3394 612; x_wconf 81' lang='grc' dir='ltr'><strong>ἡ</strong></span> <span class='ocrx_word' id='word_1_21' title='bbox 3422 542 3620 614; x_wconf 73' lang='grc' dir='ltr'>πατρὶς</span> <span class='ocrx_word' id='word_1_22' title='bbox 3647 541 3773 595; x_wconf 75' lang='grc' dir='ltr'>τοῦ·</span> 
     </span>
    </p>
   </div>
   <div class='ocr_carea' id='block_1_6' title="bbox 509 638 2083 710">
    <p class='ocr_par' dir='ltr' id='par_1_6' title="bbox 509 638 2083 710">
     <span class='ocr_line' id='line_1_6' title="bbox 509 638 2083 710; baseline -0.001 -15"><span class='ocrx_word' id='word_1_23' title='bbox 509 638 718 695; x_wconf 89' lang='lat' dir='ltr'><strong>erroris</strong></span> <span class='ocrx_word' id='word_1_24' title='bbox 742 638 1013 709; x_wconf 72' lang='lat' dir='ltr'><strong>pravitate</strong></span> <span class='ocrx_word' id='word_1_25' title='bbox 1040 638 1186 693; x_wconf 87' lang='lat' dir='ltr'><strong>illius</strong></span> <span class='ocrx_word' id='word_1_26' title='bbox 1218 638 1411 693; x_wconf 66' lang='lat' dir='ltr'><strong>incola:</strong></span> <span class='ocrx_word' id='word_1_27' title='bbox 1442 639 1847 710; x_wconf 87' lang='lat' dir='ltr'><strong>quodammodo</strong></span> <span class='ocrx_word' id='word_1_28' title='bbox 1877 640 2083 695; x_wconf 85' lang='lat' dir='ltr'><strong>conﬂa-</strong></span> 
     </span>
    </p>
   </div>
   <div class='ocr_carea' id='block_1_7' title="bbox 510 726 2082 799">
    <p class='ocr_par' dir='ltr' id='par_1_7' title="bbox 510 726 2082 799">
     <span class='ocr_line' id='line_1_7' title="bbox 510 726 2082 799; baseline 0.001 -18"><span class='ocrx_word' id='word_1_29' title='bbox 510 728 807 799; x_wconf 74' lang='lat' dir='ltr'><strong>graverint.</strong></span> <span class='ocrx_word' id='word_1_30' title='bbox 862 726 962 783; x_wconf 89' lang='lat' dir='ltr'><strong>Est</strong></span> <span class='ocrx_word' id='word_1_31' title='bbox 1012 727 1158 782; x_wconf 91' lang='lat' dir='ltr'><strong>enim</strong></span> <span class='ocrx_word' id='word_1_32' title='bbox 1208 728 1509 783; x_wconf 69' lang='lat' dir='ltr'><strong>haeresibus</strong></span> <span class='ocrx_word' id='word_1_33' title='bbox 1562 728 1808 797; x_wconf 83' lang='lat' dir='ltr'><strong>adprime</strong></span> <span class='ocrx_word' id='word_1_34' title='bbox 1860 727 2082 783; x_wconf 84' lang='lat' dir='ltr'><strong>referta.</strong></span> 
     </span>
    </p>
   </div>
   <div class='ocr_carea' id='block_1_8' title="bbox 508 818 2083 890">
    <p class='ocr_par' dir='ltr' id='par_1_8' title="bbox 508 818 2083 890">
     <span class='ocr_line' id='line_1_8' title="bbox 508 818 2083 890; baseline -0.001 -17"><span class='ocrx_word' id='word_1_35' title='bbox 508 818 777 874; x_wconf 68' lang='lat' dir='ltr'><strong>Printerea</strong></span> <span class='ocrx_word' id='word_1_36' title='bbox 817 834 949 873; x_wconf 92' lang='lat' dir='ltr'><strong>vero</strong></span> <span class='ocrx_word' id='word_1_37' title='bbox 992 820 1048 873; x_wconf 91' lang='lat' dir='ltr'><strong>in</strong></span> <span class='ocrx_word' id='word_1_38' title='bbox 1087 819 1232 874; x_wconf 64' lang='lat' dir='ltr'><strong>Asiae</strong></span> <span class='ocrx_word' id='word_1_39' title='bbox 1284 820 1604 890; x_wconf 87' lang='lat' dir='ltr'><strong>provinciis,</strong></span> <span class='ocrx_word' id='word_1_40' title='bbox 1663 826 1718 874; x_wconf 92' lang='lat' dir='ltr'><strong>et</strong></span> <span class='ocrx_word' id='word_1_41' title='bbox 1762 820 1818 874; x_wconf 91' lang='lat' dir='ltr'><strong>in</strong></span> <span class='ocrx_word' id='word_1_42' title='bbox 1852 820 2083 883; x_wconf 89' lang='lat' dir='ltr'><strong>Isauria,</strong></span> 
     </span>
    </p>
   </div>
   <div class='ocr_carea' id='block_1_9' title="bbox 509 911 2085 984">
    <p class='ocr_par' dir='ltr' id='par_1_9' title="bbox 509 911 2085 984">
     <span class='ocr_line' id='line_1_9' title="bbox 509 911 2085 984; baseline -0.001 -16"><span class='ocrx_word' id='word_1_43' title='bbox 509 912 850 983; x_wconf 69' lang='lat' dir='ltr'><strong>Pamphylia,</strong></span> <span class='ocrx_word' id='word_1_44' title='bbox 899 911 1110 975; x_wconf 89' lang='lat' dir='ltr'><strong>Cilicia,</strong></span> <span class='ocrx_word' id='word_1_45' title='bbox 1166 911 1398 979; x_wconf 89' lang='lat' dir='ltr'><strong>Galatia,</strong></span> <span class='ocrx_word' id='word_1_46' title='bbox 1453 912 1750 967; x_wconf 74' lang='lat' dir='ltr'><strong>Encratita:</strong></span> <span class='ocrx_word' id='word_1_47' title='bbox 1803 913 2085 984; x_wconf 80' lang='lat' dir='ltr'><strong>propagati</strong></span> 
     </span>
    </p>
   </div>
   <div class='ocr_carea' id='block_1_10' title="bbox 510 1002 2087 1070">
    <p class='ocr_par' dir='ltr' id='par_1_10' title="bbox 510 1002 2087 1070">
     <span class='ocr_line' id='line_1_10' title="bbox 510 1002 2087 1070; baseline 0 -13"><span class='ocrx_word' id='word_1_48' title='bbox 510 1010 673 1067; x_wconf 87' lang='lat' dir='ltr'><strong>sunt;</strong></span> <span class='ocrx_word' id='word_1_49' title='bbox 705 1004 819 1057; x_wconf 92' lang='lat' dir='ltr'><strong>imo</strong></span> <span class='ocrx_word' id='word_1_50' title='bbox 843 1010 898 1057; x_wconf 91' lang='lat' dir='ltr'><strong>et</strong></span> <span class='ocrx_word' id='word_1_51' title='bbox 942 1003 996 1057; x_wconf 91' lang='lat' dir='ltr'><strong>in</strong></span> <span class='ocrx_word' id='word_1_52' title='bbox 1034 1002 1282 1058; x_wconf 83' lang='lat' dir='ltr'><strong>Romano</strong></span> <span class='ocrx_word' id='word_1_53' title='bbox 1307 1011 1507 1070; x_wconf 84' lang='lat' dir='ltr'><strong>tractu,</strong></span> <span class='ocrx_word' id='word_1_54' title='bbox 1549 1012 1604 1059; x_wconf 90' lang='lat' dir='ltr'><strong>et</strong></span> <span class='ocrx_word' id='word_1_55' title='bbox 1640 1004 1987 1059; x_wconf 82' lang='lat' dir='ltr'><strong>Antiocheno</strong></span> <span class='ocrx_word' id='word_1_56' title='bbox 2030 1004 2087 1057; x_wconf 91' lang='lat' dir='ltr'><strong>in</strong></span> 
     </span>
    </p>
   </div>
   <div class='ocr_carea' id='block_1_11' title="bbox 512 1095 1590 1169">
    <p class='ocr_par' dir='ltr' id='par_1_11' title="bbox 512 1095 1590 1169">
     <span class='ocr_line' id='line_1_11' title="bbox 512 1095 1590 1169; baseline 0 -19"><span class='ocrx_word' id='word_1_57' title='bbox 512 1095 694 1167; x_wconf 84' lang='lat' dir='ltr'><strong>Syria,</strong></span> <span class='ocrx_word' id='word_1_58' title='bbox 731 1096 860 1151; x_wconf 89' lang='lat' dir='ltr'><strong>licet</strong></span> <span class='ocrx_word' id='word_1_59' title='bbox 887 1112 996 1152; x_wconf 91' lang='lat' dir='ltr'><strong>non</strong></span> <span class='ocrx_word' id='word_1_60' title='bbox 1031 1097 1233 1167; x_wconf 87' lang='lat' dir='ltr'><strong>ubique</strong></span> <span class='ocrx_word' id='word_1_61' title='bbox 1266 1097 1590 1169; x_wconf 79' lang='lat' dir='ltr'><strong>pervaserit.</strong></span> 
     </span>
    </p>
   </div>
   <div class='ocr_carea' id='block_1_12' title="bbox 582 1358 2090 1432">
    <p class='ocr_par' dir='ltr' id='par_1_12' title="bbox 582 1358 2090 1432">
     <span class='ocr_line' id='line_1_12' title="bbox 582 1358 2090 1432; baseline -0.002 -20"><span class='ocrx_word' id='word_1_62' title='bbox 582 1359 746 1432; x_wconf 60' lang='lat'><strong>5,00</strong></span> <span class='ocrx_word' id='word_1_63' title='bbox 774 1358 1053 1428; x_wconf 85' lang='lat' dir='ltr'><strong>Principia</strong></span> <span class='ocrx_word' id='word_1_64' title='bbox 1097 1359 1263 1414; x_wconf 89' lang='lat' dir='ltr'><strong>etiam</strong></span> <span class='ocrx_word' id='word_1_65' title='bbox 1310 1358 1387 1411; x_wconf 88' lang='lat' dir='ltr'><strong>illi</strong></span> <span class='ocrx_word' id='word_1_66' title='bbox 1420 1358 1575 1427; x_wconf 84' lang='lat' dir='ltr'><strong>plura</strong></span> <span class='ocrx_word' id='word_1_67' title='bbox 1622 1358 1988 1420; x_wconf 85' lang='lat' dir='ltr'><strong>constituunt,</strong></span> <span class='ocrx_word' id='word_1_68' title='bbox 2035 1364 2090 1412; x_wconf 91' lang='lat' dir='ltr'><strong>et</strong></span> 
     </span>
    </p>
   </div>
   <div class='ocr_carea' id='block_1_13' title="bbox 512 1448 2089 1521">
    <p class='ocr_par' dir='ltr' id='par_1_13' title="bbox 512 1448 2089 1521">
     <span class='ocr_line' id='line_1_13' title="bbox 512 1448 2089 1521; baseline -0.005 -12"><span class='ocrx_word' id='word_1_69' title='bbox 512 1452 657 1509; x_wconf 85' lang='lat' dir='ltr'><strong>inter</strong></span> <span class='ocrx_word' id='word_1_70' title='bbox 684 1468 749 1508; x_wconf 92' lang='lat' dir='ltr'><strong>ea</strong></span> <span class='ocrx_word' id='word_1_71' title='bbox 778 1451 1057 1506; x_wconf 85' lang='lat' dir='ltr'><strong>diabolum</strong></span> <span class='ocrx_word' id='word_1_72' title='bbox 1088 1451 1353 1513; x_wconf 79' lang='lat' dir='ltr'><strong>referunt,</strong></span> <span class='ocrx_word' id='word_1_73' title='bbox 1385 1467 1547 1520; x_wconf 86' lang='lat' dir='ltr'><strong>quem</strong></span> <span class='ocrx_word' id='word_1_74' title='bbox 1581 1450 1674 1505; x_wconf 89' lang='lat' dir='ltr'><strong>Dei</strong></span> <span class='ocrx_word' id='word_1_75' title='bbox 1698 1450 1958 1521; x_wconf 88' lang='lat' dir='ltr'><strong>operibus</strong></span> <span class='ocrx_word' id='word_1_76' title='bbox 1989 1448 2089 1502; x_wconf 85' lang='lat' dir='ltr'><strong>ad-</strong></span> 
     </span>
    </p>
   </div>
   <div class='ocr_carea' id='block_1_14' title="bbox 510 1542 2089 1613">
    <p class='ocr_par' dir='ltr' id='par_1_14' title="bbox 510 1542 2089 1613">
     <span class='ocr_line' id='line_1_14' title="bbox 510 1542 2089 1613; baseline -0.003 -14"><span class='ocrx_word' id='word_1_77' title='bbox 510 1546 742 1609; x_wconf 89' lang='lat' dir='ltr'><strong>versari,</strong></span> <span class='ocrx_word' id='word_1_78' title='bbox 777 1560 877 1601; x_wconf 91' lang='lat' dir='ltr'><strong>nec</strong></span> <span class='ocrx_word' id='word_1_79' title='bbox 911 1544 989 1599; x_wconf 88' lang='lat' dir='ltr'><strong>illi</strong></span> <span class='ocrx_word' id='word_1_80' title='bbox 1027 1559 1149 1600; x_wconf 92' lang='lat' dir='ltr'><strong>esse</strong></span> <span class='ocrx_word' id='word_1_81' title='bbox 1192 1543 1472 1599; x_wconf 87' lang='lat' dir='ltr'><strong>subditum</strong></span> <span class='ocrx_word' id='word_1_82' title='bbox 1513 1544 1726 1609; x_wconf 92' lang='lat' dir='ltr'><strong>volunt,</strong></span> <span class='ocrx_word' id='word_1_83' title='bbox 1762 1543 1858 1598; x_wconf 90' lang='lat' dir='ltr'><strong>sed</strong></span> <span class='ocrx_word' id='word_1_84' title='bbox 1894 1542 2089 1613; x_wconf 70' lang='grc' dir='ltr'>ρηεοί-</span> 
     </span>
    </p>
   </div>
   <div class='ocr_carea' id='block_1_15' title="bbox 511 1634 2091 1705">
    <p class='ocr_par' dir='ltr' id='par_1_15' title="bbox 511 1634 2091 1705">
     <span class='ocr_line' id='line_1_15' title="bbox 511 1634 2091 1705; baseline -0.001 -16"><span class='ocrx_word' id='word_1_85' title='bbox 511 1635 879 1705; x_wconf 87' lang='lat' dir='ltr'><strong>puaquadam</strong></span> <span class='ocrx_word' id='word_1_86' title='bbox 918 1642 1186 1705; x_wconf 83' lang='lat' dir='ltr'><strong>potestate</strong></span> <span class='ocrx_word' id='word_1_87' title='bbox 1214 1635 1500 1705; x_wconf 65' lang='lat' dir='ltr'><strong>praeditum</strong></span> <span class='ocrx_word' id='word_1_88' title='bbox 1546 1650 1706 1705; x_wconf 78' lang='lat' dir='ltr'><strong>agere</strong></span> <span class='ocrx_word' id='word_1_89' title='bbox 1745 1649 1868 1705; x_wconf 69' lang='lat' dir='ltr'><strong>qua:</strong></span> <span class='ocrx_word' id='word_1_90' title='bbox 1913 1634 2091 1688; x_wconf 86' lang='lat' dir='ltr'><strong>libue-</strong></span> 
     </span>
    </p>
   </div>
   <div class='ocr_carea' id='block_1_16' title="bbox 514 1723 2091 1795">
    <p class='ocr_par' dir='ltr' id='par_1_16' title="bbox 514 1723 2091 1795">
     <span class='ocr_line' id='line_1_16' title="bbox 514 1723 2091 1795; baseline -0.001 -16"><span class='ocrx_word' id='word_1_91' title='bbox 514 1724 609 1790; x_wconf 86' lang='lat' dir='ltr'><strong>rit,</strong></span> <span class='ocrx_word' id='word_1_92' title='bbox 637 1740 748 1779; x_wconf 90' lang='lat' dir='ltr'><strong>non</strong></span> <span class='ocrx_word' id='word_1_93' title='bbox 780 1725 989 1779; x_wconf 90' lang='lat' dir='ltr'><strong>malitia</strong></span> <span class='ocrx_word' id='word_1_94' title='bbox 1025 1725 1403 1795; x_wconf 83' lang='lat' dir='ltr'><strong>depravatum.</strong></span> <span class='ocrx_word' id='word_1_95' title='bbox 1442 1724 1580 1779; x_wconf 89' lang='lat' dir='ltr'><strong>Cum</strong></span> <span class='ocrx_word' id='word_1_96' title='bbox 1612 1723 1860 1780; x_wconf 85' lang='lat' dir='ltr'><strong>Ecclesia</strong></span> <span class='ocrx_word' id='word_1_97' title='bbox 1888 1724 2091 1795; x_wconf 90' lang='lat' dir='ltr'><strong>quippe</strong></span> 
     </span>
    </p>
   </div>
   <div class='ocr_carea' id='block_1_17' title="bbox 514 1816 2091 1883">
    <p class='ocr_par' dir='ltr' id='par_1_17' title="bbox 514 1816 2091 1883">
     <span class='ocr_line' id='line_1_17' title="bbox 514 1816 2091 1883; baseline -0.001 -12"><span class='ocrx_word' id='word_1_98' title='bbox 514 1816 743 1873; x_wconf 88' lang='lat' dir='ltr'><strong>minime</strong></span> <span class='ocrx_word' id='word_1_99' title='bbox 791 1816 1166 1883; x_wconf 91' lang='lat' dir='ltr'><strong>consentiunt,</strong></span> <span class='ocrx_word' id='word_1_100' title='bbox 1204 1817 1299 1874; x_wconf 90' lang='lat' dir='ltr'><strong>sed</strong></span> <span class='ocrx_word' id='word_1_101' title='bbox 1344 1831 1374 1870; x_wconf 92' lang='lat' dir='ltr'><strong>a</strong></span> <span class='ocrx_word' id='word_1_102' title='bbox 1408 1817 1656 1872; x_wconf 88' lang='lat' dir='ltr'><strong>veritatis</strong></span> <span class='ocrx_word' id='word_1_103' title='bbox 1683 1816 1934 1871; x_wconf 86' lang='lat' dir='ltr'><strong>doctrina</strong></span> <span class='ocrx_word' id='word_1_104' title='bbox 1968 1817 2091 1870; x_wconf 91' lang='lat' dir='ltr'><strong>lon-</strong></span> 
     </span>
    </p>
   </div>
   <div class='ocr_carea' id='block_1_18' title="bbox 2186 634 3774 709">
    <p class='ocr_par' dir='ltr' id='par_1_18' title="bbox 2186 634 3774 709">
     <span class='ocr_line' id='line_1_18' title="bbox 2186 634 3774 709; baseline -0.002 -16"><span class='ocrx_word' id='word_1_105' title='bbox 2186 656 2326 709; x_wconf 90' lang='grc' dir='ltr'>νομα</span> <span class='ocrx_word' id='word_1_106' title='bbox 2354 638 2541 709; x_wconf 77' lang='grc' dir='ltr'>εἴληφε</span> <span class='ocrx_word' id='word_1_107' title='bbox 2569 637 2849 691; x_wconf 82' lang='grc' dir='ltr'>καλεῖσθαι</span> <span class='ocrx_word' id='word_1_108' title='bbox 2880 638 2938 689; x_wconf 81' lang='grc' dir='ltr'>ὲν</span> <span class='ocrx_word' id='word_1_109' title='bbox 2967 635 3046 707; x_wconf 81' lang='grc' dir='ltr'>τῷ</span> <span class='ocrx_word' id='word_1_110' title='bbox 3070 635 3279 707; x_wconf 85' lang='grc' dir='ltr'>κόσμῳ,</span> <span class='ocrx_word' id='word_1_111' title='bbox 3298 635 3387 689; x_wconf 90' lang='grc' dir='ltr'><strong>διά</strong></span> <span class='ocrx_word' id='word_1_112' title='bbox 3403 634 3774 690; x_wconf 79' lang='grc' dir='ltr'>τδκεκαῦσθαι</span> 
     </span>
    </p>
   </div>
   <div class='ocr_carea' id='block_1_19' title="bbox 2186 726 3776 801">
    <p class='ocr_par' dir='ltr' id='par_1_19' title="bbox 2186 726 3776 801">
     <span class='ocr_line' id='line_1_19' title="bbox 2186 726 3776 801; baseline -0.004 -16"><span class='ocrx_word' id='word_1_113' title='bbox 2186 734 2311 796; x_wconf 78' lang='grc' dir='ltr'>τοὺς</span> <span class='ocrx_word' id='word_1_114' title='bbox 2351 733 2641 801; x_wconf 86' lang='grc' dir='ltr'>οἰκήτορας</span> <span class='ocrx_word' id='word_1_115' title='bbox 2683 728 2791 783; x_wconf 79' lang='grc' dir='ltr'><strong>ἀπὸ</strong></span> <span class='ocrx_word' id='word_1_116' title='bbox 2830 728 2931 797; x_wconf 83' lang='grc' dir='ltr'>τῆς</span> <span class='ocrx_word' id='word_1_117' title='bbox 2976 726 3307 799; x_wconf 73' lang='grc' dir='ltr'><strong>διαστροφῆς</strong></span> <span class='ocrx_word' id='word_1_118' title='bbox 3387 728 3487 797; x_wconf 84' lang='grc' dir='ltr'>τῆς</span> <span class='ocrx_word' id='word_1_119' title='bbox 3521 726 3776 798; x_wconf 79' lang='grc' dir='ltr'><strong>τοιαύτης</strong></span> 
     </span>
    </p>
   </div>
   <div class='ocr_carea' id='block_1_20' title="bbox 2187 820 3778 894">
    <p class='ocr_par' dir='ltr' id='par_1_20' title="bbox 2187 820 3778 894">
     <span class='ocr_line' id='line_1_20' title="bbox 2187 820 3778 894; baseline -0.002 -16"><span class='ocrx_word' id='word_1_120' title='bbox 2187 824 2281 878; x_wconf 68' lang='grc' dir='ltr'><strong>καὶ</strong></span> <span class='ocrx_word' id='word_1_121' title='bbox 2302 823 2572 894; x_wconf 74' lang='grc' dir='ltr'>τοσαύτης</span> <span class='ocrx_word' id='word_1_122' title='bbox 2596 822 2824 893; x_wconf 80' lang='grc' dir='ltr'>πλάνης.</span> <span class='ocrx_word' id='word_1_123' title='bbox 2858 822 3058 875; x_wconf 75' lang='grc' dir='ltr'>Πολλαὶ</span> <span class='ocrx_word' id='word_1_124' title='bbox 3087 822 3196 892; x_wconf 78' lang='grc' dir='ltr'><strong>γάρ</strong></span> <span class='ocrx_word' id='word_1_125' title='bbox 3222 820 3463 892; x_wconf 80' lang='grc' dir='ltr'><strong>αἱρέσεις</strong></span> <span class='ocrx_word' id='word_1_126' title='bbox 3484 823 3541 875; x_wconf 83' lang='grc' dir='ltr'>ὲν</span> <span class='ocrx_word' id='word_1_127' title='bbox 3565 821 3643 893; x_wconf 83' lang='grc' dir='ltr'>τῷ</span> <span class='ocrx_word' id='word_1_128' title='bbox 3668 840 3778 891; x_wconf 80' lang='grc' dir='ltr'>χω-</span> 
     </span>
    </p>
   </div>
   <div class='ocr_carea' id='block_1_21' title="bbox 2191 913 3774 987">
    <p class='ocr_par' dir='ltr' id='par_1_21' title="bbox 2191 913 3774 987">
     <span class='ocr_line' id='line_1_21' title="bbox 2191 913 3774 987; baseline -0.001 -20"><span class='ocrx_word' id='word_1_129' title='bbox 2191 915 2310 987; x_wconf 89' lang='grc' dir='ltr'>ρίῳ.</span> <span class='ocrx_word' id='word_1_130' title='bbox 2362 916 2484 969; x_wconf 78' lang='grc' dir='ltr'><strong>Εἰσὶ</strong></span> <span class='ocrx_word' id='word_1_131' title='bbox 2523 915 2580 969; x_wconf 84' lang='grc' dir='ltr'>δὲ</span> <span class='ocrx_word' id='word_1_132' title='bbox 2627 915 2721 969; x_wconf 75' lang='grc' dir='ltr'>καὶ</span> <span class='ocrx_word' id='word_1_133' title='bbox 2763 915 2818 967; x_wconf 81' lang='grc' dir='ltr'>ὲν</span> <span class='ocrx_word' id='word_1_134' title='bbox 2860 914 3050 985; x_wconf 83' lang='grc' dir='ltr'><strong>μέρεσι</strong></span> <span class='ocrx_word' id='word_1_135' title='bbox 3090 913 3193 983; x_wconf 77' lang='grc' dir='ltr'>τῆς</span> <span class='ocrx_word' id='word_1_136' title='bbox 3239 913 3449 978; x_wconf 82' lang='grc' dir='ltr'>Ἀσίας,</span> <span class='ocrx_word' id='word_1_137' title='bbox 3489 915 3586 967; x_wconf 71' lang='grc' dir='ltr'>καὶ</span> <span class='ocrx_word' id='word_1_138' title='bbox 3627 915 3684 966; x_wconf 71' lang='grc' dir='ltr'>ἐν</span> <span class='ocrx_word' id='word_1_139' title='bbox 3706 915 3774 985; x_wconf 72' lang='grc' dir='ltr'>τῇ</span> 
     </span>
    </p>
   </div>
   <div class='ocr_carea' id='block_1_22' title="bbox 2202 1004 3775 1078">
    <p class='ocr_par' dir='ltr' id='par_1_22' title="bbox 2202 1004 3775 1078">
     <span class='ocr_line' id='line_1_22' title="bbox 2202 1004 3775 1078; baseline -0.001 -18"><span class='ocrx_word' id='word_1_140' title='bbox 2202 1006 2478 1078; x_wconf 85' lang='grc' dir='ltr'>Ἱσαύρων,</span> <span class='ocrx_word' id='word_1_141' title='bbox 2526 1007 2618 1059; x_wconf 78' lang='grc' dir='ltr'><strong>καὶ</strong></span> <span class='ocrx_word' id='word_1_142' title='bbox 2645 1005 2978 1076; x_wconf 68' lang='grc' dir='ltr'>Παμφύλων,</span> <span class='ocrx_word' id='word_1_143' title='bbox 3032 1004 3125 1057; x_wconf 74' lang='grc' dir='ltr'><strong>καὶ</strong></span> <span class='ocrx_word' id='word_1_144' title='bbox 3170 1004 3410 1057; x_wconf 82' lang='grc' dir='ltr'><strong>Κιλίκων</strong></span> <span class='ocrx_word' id='word_1_145' title='bbox 3452 1007 3545 1076; x_wconf 82' lang='grc' dir='ltr'><strong>γῇ.</strong></span> <span class='ocrx_word' id='word_1_146' title='bbox 3582 1006 3676 1059; x_wconf 75' lang='grc' dir='ltr'><strong>καὶ</strong></span> <span class='ocrx_word' id='word_1_147' title='bbox 3716 1006 3775 1059; x_wconf 83' lang='grc' dir='ltr'>ὲν</span> 
     </span>
    </p>
   </div>
   <div class='ocr_carea' id='block_1_23' title="bbox 2186 1096 3771 1171">
    <p class='ocr_par' dir='ltr' id='par_1_23' title="bbox 2186 1096 3771 1171">
     <span class='ocr_line' id='line_1_23' title="bbox 2186 1096 3771 1171; baseline -0.001 -20"><span class='ocrx_word' id='word_1_148' title='bbox 2186 1098 2455 1171; x_wconf 74' lang='grc' dir='ltr'>Γαλατίᾳ·</span> <span class='ocrx_word' id='word_1_149' title='bbox 2500 1098 2601 1169; x_wconf 75' lang='grc' dir='ltr'>ήδη</span> <span class='ocrx_word' id='word_1_150' title='bbox 2647 1098 2704 1151; x_wconf 85' lang='grc' dir='ltr'>δὲ</span> <span class='ocrx_word' id='word_1_151' title='bbox 2741 1098 2835 1152; x_wconf 76' lang='grc' dir='ltr'><strong>καὶ</strong></span> <span class='ocrx_word' id='word_1_152' title='bbox 2878 1097 2968 1149; x_wconf 74' lang='grc' dir='ltr'><strong>ἐπὶ</strong></span> <span class='ocrx_word' id='word_1_153' title='bbox 2998 1096 3059 1149; x_wconf 84' lang='grc' dir='ltr'>τὸ</span> <span class='ocrx_word' id='word_1_154' title='bbox 3096 1096 3203 1149; x_wconf 88' lang='grc' dir='ltr'><strong>τῶν</strong></span> <span class='ocrx_word' id='word_1_155' title='bbox 3246 1096 3517 1167; x_wconf 63' lang='grc' dir='ltr'>Ῥωμαίωε</span> <span class='ocrx_word' id='word_1_156' title='bbox 3569 1097 3771 1169; x_wconf 83' lang='grc' dir='ltr'>μέρος·</span> 
     </span>
    </p>
   </div>
   <div class='ocr_carea' id='block_1_24' title="bbox 2188 1188 3775 1261">
    <p class='ocr_par' dir='ltr' id='par_1_24' title="bbox 2188 1188 3775 1261">
     <span class='ocr_line' id='line_1_24' title="bbox 2188 1188 3775 1261; baseline -0.001 -16"><span class='ocrx_word' id='word_1_157' title='bbox 2188 1191 2323 1245; x_wconf 85' lang='grc' dir='ltr'><strong>ἀλλά</strong></span> <span class='ocrx_word' id='word_1_158' title='bbox 2374 1192 2467 1244; x_wconf 81' lang='grc' dir='ltr'>καὶ</span> <span class='ocrx_word' id='word_1_159' title='bbox 2510 1192 2604 1244; x_wconf 80' lang='grc' dir='ltr'><strong>ἐπὶ</strong></span> <span class='ocrx_word' id='word_1_160' title='bbox 2642 1191 2743 1261; x_wconf 84' lang='grc' dir='ltr'>τῆς</span> <span class='ocrx_word' id='word_1_161' title='bbox 2782 1190 2888 1244; x_wconf 89' lang='grc' dir='ltr'><strong>τῶν</strong></span> <span class='ocrx_word' id='word_1_162' title='bbox 2929 1188 3241 1260; x_wconf 73' lang='grc' dir='ltr'>Ἀντιοχέων</span> <span class='ocrx_word' id='word_1_163' title='bbox 3283 1189 3381 1259; x_wconf 82' lang='grc' dir='ltr'>τῆς</span> <span class='ocrx_word' id='word_1_164' title='bbox 3422 1190 3641 1261; x_wconf 68' lang='grc' dir='ltr'>Συρῖας.</span> <span class='ocrx_word' id='word_1_165' title='bbox 3699 1190 3775 1244; x_wconf 75' lang='grc' dir='ltr'><strong>Οὐ</strong></span> 
     </span>
    </p>
   </div>
   <div class='ocr_carea' id='block_1_25' title="bbox 2191 1281 3079 1353">
    <p class='ocr_par' dir='ltr' id='par_1_25' title="bbox 2191 1281 3079 1353">
     <span class='ocr_line' id='line_1_25' title="bbox 2191 1281 3079 1353; baseline -0.005 -18"><span class='ocrx_word' id='word_1_166' title='bbox 2191 1282 2353 1335; x_wconf 64' lang='grc' dir='ltr'><strong>παντὴ⁵</strong></span> <span class='ocrx_word' id='word_1_167' title='bbox 2378 1284 2396 1313; x_wconf 74' lang='grc'><em>’³</em></span> <span class='ocrx_word' id='word_1_168' title='bbox 2436 1282 2493 1335; x_wconf 81' lang='grc' dir='ltr'><strong>δὲ</strong></span> <span class='ocrx_word' id='word_1_169' title='bbox 2527 1283 2812 1353; x_wconf 83' lang='grc' dir='ltr'>ἡτοιαύτη</span> <span class='ocrx_word' id='word_1_170' title='bbox 2844 1281 3079 1352; x_wconf 83' lang='grc' dir='ltr'>αἵρεσις.</span> 
     </span>
    </p>
   </div>
   <div class='ocr_carea' id='block_1_26' title="bbox 2258 1367 3777 1444">
    <p class='ocr_par' dir='ltr' id='par_1_26' title="bbox 2258 1367 3777 1444">
     <span class='ocr_line' id='line_1_26' title="bbox 2258 1367 3777 1444; baseline -0.002 -16"><span class='ocrx_word' id='word_1_171' title='bbox 2258 1376 2531 1428; x_wconf 81' lang='grc' dir='ltr'>Φάσκουσι</span> <span class='ocrx_word' id='word_1_172' title='bbox 2562 1375 2619 1428; x_wconf 76' lang='grc' dir='ltr'>δὲ</span> <span class='ocrx_word' id='word_1_173' title='bbox 2659 1376 2753 1427; x_wconf 82' lang='grc' dir='ltr'>καὶ</span> <span class='ocrx_word' id='word_1_174' title='bbox 2804 1367 2950 1428; x_wconf 72' lang='grc' dir='ltr'>οὗτοι</span> <span class='ocrx_word' id='word_1_175' title='bbox 2986 1372 3161 1444; x_wconf 81' lang='grc' dir='ltr'>ἀρχάς</span> <span class='ocrx_word' id='word_1_176' title='bbox 3195 1389 3346 1435; x_wconf 87' lang='grc' dir='ltr'>τινας</span> <span class='ocrx_word' id='word_1_177' title='bbox 3390 1368 3549 1436; x_wconf 77' lang='grc' dir='ltr'>εἶναι,</span> <span class='ocrx_word' id='word_1_178' title='bbox 3598 1372 3695 1442; x_wconf 80' lang='grc' dir='ltr'>τήν</span> <span class='ocrx_word' id='word_1_179' title='bbox 3716 1389 3777 1425; x_wconf 84' lang='grc' dir='ltr'><strong>τε</strong></span> 
     </span>
    </p>
   </div>
   <div class='ocr_carea' id='block_1_27' title="bbox 2188 1463 3779 1537">
    <p class='ocr_par' dir='ltr' id='par_1_27' title="bbox 2188 1463 3779 1537">
     <span class='ocr_line' id='line_1_27' title="bbox 2188 1463 3779 1537; baseline -0.001 -18"><span class='ocrx_word' id='word_1_180' title='bbox 2188 1467 2285 1520; x_wconf 79' lang='grc' dir='ltr'>τοῦ</span> <span class='ocrx_word' id='word_1_181' title='bbox 2333 1467 2581 1521; x_wconf 78' lang='grc' dir='ltr'>διαϐόλου</span> <span class='ocrx_word' id='word_1_182' title='bbox 2633 1467 3020 1536; x_wconf 77' lang='grc' dir='ltr'>ἀντικειμένην</span> <span class='ocrx_word' id='word_1_183' title='bbox 3048 1465 3185 1535; x_wconf 80' lang='grc' dir='ltr'>πρὸς</span> <span class='ocrx_word' id='word_1_184' title='bbox 3226 1465 3297 1518; x_wconf 83' lang='grc' dir='ltr'>τὰ</span> <span class='ocrx_word' id='word_1_185' title='bbox 3328 1464 3420 1517; x_wconf 80' lang='grc' dir='ltr'>τοῦ</span> <span class='ocrx_word' id='word_1_186' title='bbox 3450 1463 3584 1518; x_wconf 80' lang='grc' dir='ltr'>Θεοῦ</span> <span class='ocrx_word' id='word_1_187' title='bbox 3626 1466 3779 1537; x_wconf 77' lang='grc' dir='ltr'>ποιή-</span> 
     </span>
    </p>
   </div>
   <div class='ocr_carea' id='block_1_28' title="bbox 2194 1556 3775 1631">
    <p class='ocr_par' dir='ltr' id='par_1_28' title="bbox 2194 1556 3775 1631">
     <span class='ocr_line' id='line_1_28' title="bbox 2194 1556 3775 1631; baseline -0.001 -20"><span class='ocrx_word' id='word_1_188' title='bbox 2194 1576 2355 1630; x_wconf 89' lang='grc' dir='ltr'>ματα,</span> <span class='ocrx_word' id='word_1_189' title='bbox 2406 1559 2499 1611; x_wconf 83' lang='grc' dir='ltr'><strong>καὶ</strong></span> <span class='ocrx_word' id='word_1_190' title='bbox 2541 1558 2616 1631; x_wconf 88' lang='grc' dir='ltr'><strong>μὴ</strong></span> <span class='ocrx_word' id='word_1_191' title='bbox 2668 1558 3125 1629; x_wconf 77' lang='grc' dir='ltr'>ύποτασσομένην</span> <span class='ocrx_word' id='word_1_192' title='bbox 3160 1557 3308 1628; x_wconf 84' lang='grc' dir='ltr'><strong>Θεῷ·</strong></span> <span class='ocrx_word' id='word_1_193' title='bbox 3351 1556 3486 1611; x_wconf 84' lang='grc' dir='ltr'><strong>ἀλλά</strong></span> <span class='ocrx_word' id='word_1_194' title='bbox 3524 1556 3775 1628; x_wconf 79' lang='grc' dir='ltr'>ἰσχύοντα</span> 
     </span>
    </p>
   </div>
   <div class='ocr_carea' id='block_1_29' title="bbox 2192 1649 3773 1722">
    <p class='ocr_par' dir='ltr' id='par_1_29' title="bbox 2192 1649 3773 1722">
     <span class='ocr_line' id='line_1_29' title="bbox 2192 1649 3773 1722; baseline -0.001 -19"><span class='ocrx_word' id='word_1_195' title='bbox 2192 1651 2285 1705; x_wconf 76' lang='grc' dir='ltr'>καὶ</span> <span class='ocrx_word' id='word_1_196' title='bbox 2309 1650 2634 1722; x_wconf 78' lang='grc' dir='ltr'>πράττοντα,</span> <span class='ocrx_word' id='word_1_197' title='bbox 2676 1650 2751 1716; x_wconf 84' lang='grc' dir='ltr'><strong>ὡς</strong></span> <span class='ocrx_word' id='word_1_198' title='bbox 2782 1651 2924 1705; x_wconf 87' lang='grc' dir='ltr'><strong>κατά</strong></span> <span class='ocrx_word' id='word_1_199' title='bbox 2969 1651 3104 1705; x_wconf 90' lang='grc' dir='ltr'>ίδίαν</span> <span class='ocrx_word' id='word_1_200' title='bbox 3149 1649 3417 1717; x_wconf 75' lang='grc' dir='ltr'>ἐξουσίαν,</span> <span class='ocrx_word' id='word_1_201' title='bbox 3448 1650 3541 1704; x_wconf 77' lang='grc' dir='ltr'><strong>καὶ</strong></span> <span class='ocrx_word' id='word_1_202' title='bbox 3566 1651 3665 1721; x_wconf 77' lang='grc' dir='ltr'><strong>οὐχ</strong></span> <span class='ocrx_word' id='word_1_203' title='bbox 3697 1650 3773 1713; x_wconf 86' lang='grc' dir='ltr'>ὡς</span> 
     </span>
    </p>
   </div>
   <div class='ocr_carea' id='block_1_30' title="bbox 2192 1740 3745 1815">
    <p class='ocr_par' dir='ltr' id='par_1_30' title="bbox 2192 1740 3745 1815">
     <span class='ocr_line' id='line_1_30' title="bbox 2192 1740 3745 1815; baseline -0.001 -18"><span class='ocrx_word' id='word_1_204' title='bbox 2192 1746 2250 1797; x_wconf 78' lang='grc' dir='ltr'>ὲν</span> <span class='ocrx_word' id='word_1_205' title='bbox 2275 1746 2634 1815; x_wconf 83' lang='grc' dir='ltr'>παρεκτροπῇ</span> <span class='ocrx_word' id='word_1_206' title='bbox 2661 1744 2971 1814; x_wconf 91' lang='grc' dir='ltr'>γενόμενον.</span> <span class='ocrx_word' id='word_1_207' title='bbox 3004 1743 3080 1796; x_wconf 84' lang='grc' dir='ltr'><strong>Οὐ</strong></span> <span class='ocrx_word' id='word_1_208' title='bbox 3113 1742 3221 1813; x_wconf 78' lang='grc' dir='ltr'>γὰρ</span> <span class='ocrx_word' id='word_1_209' title='bbox 3245 1742 3386 1795; x_wconf 85' lang='grc' dir='ltr'><strong>κατά</strong></span> <span class='ocrx_word' id='word_1_210' title='bbox 3407 1742 3505 1812; x_wconf 82' lang='grc' dir='ltr'><strong>τὴν</strong></span> <span class='ocrx_word' id='word_1_211' title='bbox 3546 1740 3745 1813; x_wconf 85' lang='grc' dir='ltr'>Ἐκκλη</span> 
     </span>
    </p>
   </div>
   <div class='ocr_carea' id='block_1_31' title="bbox 2194 1832 3774 1907">
    <p class='ocr_par' dir='ltr' id='par_1_31' title="bbox 2194 1832 3774 1907">
     <span class='ocr_line' id='line_1_31' title="bbox 2194 1832 3774 1907; baseline -0.001 -20"><span class='ocrx_word' id='word_1_212' title='bbox 2194 1835 2315 1887; x_wconf 91' lang='grc' dir='ltr'>σίαν</span> <span class='ocrx_word' id='word_1_213' title='bbox 2347 1834 2616 1903; x_wconf 84' lang='grc' dir='ltr'>λέγουσιν,</span> <span class='ocrx_word' id='word_1_214' title='bbox 2650 1834 2786 1889; x_wconf 87' lang='grc' dir='ltr'><strong>ἀλλά</strong></span> <span class='ocrx_word' id='word_1_215' title='bbox 2811 1835 2986 1897; x_wconf 75' lang='grc' dir='ltr'>ἄλλως</span> <span class='ocrx_word' id='word_1_216' title='bbox 3011 1833 3162 1905; x_wconf 87' lang='grc' dir='ltr'><strong>παρά</strong></span> <span class='ocrx_word' id='word_1_217' title='bbox 3186 1832 3247 1886; x_wconf 72' lang='grc' dir='ltr'>τὸ</span> <span class='ocrx_word' id='word_1_218' title='bbox 3272 1834 3372 1902; x_wconf 82' lang='grc' dir='ltr'>τῆς</span> <span class='ocrx_word' id='word_1_219' title='bbox 3397 1834 3655 1907; x_wconf 82' lang='grc' dir='ltr'>ἀληθείας</span> <span class='ocrx_word' id='word_1_220' title='bbox 3676 1844 3774 1903; x_wconf 89' lang='grc' dir='ltr'>κη-</span> 
     </span>
    </p>
   </div>
   <div class='ocr_carea' id='block_1_32' title="bbox 514 1900 2096 1998">
    <p class='ocr_par' dir='ltr' id='par_1_32' title="bbox 514 1907 2093 1979">
     <span class='ocr_line' id='line_1_32' title="bbox 514 1907 2093 1979; baseline -0.001 -16"><span class='ocrx_word' id='word_1_221' title='bbox 514 1910 636 1977; x_wconf 75' lang='lat' dir='ltr'><strong>gius</strong></span> <span class='ocrx_word' id='word_1_222' title='bbox 668 1908 946 1964; x_wconf 89' lang='lat' dir='ltr'><strong>aberrant.</strong></span> <span class='ocrx_word' id='word_1_223' title='bbox 986 1907 1134 1964; x_wconf 76' lang='lat' dir='ltr'><strong>inter</strong></span> <span class='ocrx_word' id='word_1_224' title='bbox 1182 1909 1470 1979; x_wconf 87' lang='lat' dir='ltr'><strong>primarias</strong></span> <span class='ocrx_word' id='word_1_225' title='bbox 1523 1908 1839 1979; x_wconf 87' lang='lat' dir='ltr'><strong>Scripturas</strong></span> <span class='ocrx_word' id='word_1_226' title='bbox 1890 1909 2093 1963; x_wconf 83' lang='lat' dir='ltr'><strong>habent</strong></span> 
     </span>
    </p>
   </div>
   <div class='ocr_carea' id='block_1_33' title="bbox 2198 1900 3772 1998">
    <p class='ocr_par' dir='ltr' id='par_1_33' title="bbox 2200 1900 3772 1998">
     <span class='ocr_line' id='line_1_33' title="bbox 2200 1900 3772 1998; baseline -0.002 -19"><span class='ocrx_word' id='word_1_227' title='bbox 2200 1900 2431 1998; x_wconf 40' lang='grc' dir='ltr'>ρυγμα.-</span> <span class='ocrx_word' id='word_1_228' title='bbox 2456 1927 2766 1997; x_wconf 82' lang='grc' dir='ltr'>Κέχρηνται</span> <span class='ocrx_word' id='word_1_229' title='bbox 2793 1926 2850 1979; x_wconf 85' lang='grc' dir='ltr'>δὲ</span> <span class='ocrx_word' id='word_1_230' title='bbox 2878 1900 3119 1996; x_wconf 78' lang='grc' dir='ltr'>Γραφαῖς</span> <span class='ocrx_word' id='word_1_231' title='bbox 3152 1900 3519 1995; x_wconf 74' lang='grc' dir='ltr'>πρωτοτύπως</span> <span class='ocrx_word' id='word_1_232' title='bbox 3546 1926 3664 1987; x_wconf 86' lang='grc' dir='ltr'>ταῖς</span> <span class='ocrx_word' id='word_1_233' title='bbox 3684 1900 3772 1976; x_wconf 81' lang='grc' dir='ltr'>λε-</span> 
     </span>
    </p>
   </div>
   <div class='ocr_carea' id='block_1_34' title="bbox 510 1997 2091 2071">
    <p class='ocr_par' dir='ltr' id='par_1_34' title="bbox 510 1997 2091 2071">
     <span class='ocr_line' id='line_1_34' title="bbox 510 1997 2091 2071; baseline 0 -19"><span class='ocrx_word' id='word_1_234' title='bbox 510 1997 744 2054; x_wconf 74' lang='lat' dir='ltr'><strong>Audi-ea:</strong></span> <span class='ocrx_word' id='word_1_235' title='bbox 770 2014 832 2053; x_wconf 90' lang='lat' dir='ltr'><strong>ac</strong></span> <span class='ocrx_word' id='word_1_236' title='bbox 851 1998 1080 2057; x_wconf 80' lang='lat' dir='ltr'><strong>Joannis</strong></span> <span class='ocrx_word' id='word_1_237' title='bbox 1132 2000 1264 2055; x_wconf 81' lang='lat' dir='ltr'><strong>Acta</strong></span> <span class='ocrx_word' id='word_1_238' title='bbox 1284 2040 1299 2064; x_wconf 91' lang='lat'><strong>,</strong></span> <span class='ocrx_word' id='word_1_239' title='bbox 1362 2016 1577 2056; x_wconf 88' lang='lat' dir='ltr'><strong>necnon</strong></span> <span class='ocrx_word' id='word_1_240' title='bbox 1603 2000 1845 2067; x_wconf 65' lang='lat' dir='ltr'><strong>Thomaa,</strong></span> <span class='ocrx_word' id='word_1_241' title='bbox 1876 2010 1929 2056; x_wconf 86' lang='lat' dir='ltr'><strong>et</strong></span> <span class='ocrx_word' id='word_1_242' title='bbox 1957 2017 2091 2071; x_wconf 85' lang='lat' dir='ltr'><strong>apo-</strong></span> 
     </span>
    </p>
   </div>
   <div class='ocr_carea' id='block_1_35' title="bbox 514 2090 2091 2164">
    <p class='ocr_par' dir='ltr' id='par_1_35' title="bbox 514 2090 2091 2164">
     <span class='ocr_line' id='line_1_35' title="bbox 514 2090 2091 2164; baseline 0.002 -20"><span class='ocrx_word' id='word_1_243' title='bbox 514 2092 751 2161; x_wconf 81' lang='lat' dir='ltr'><strong>cryphos</strong></span> <span class='ocrx_word' id='word_1_244' title='bbox 798 2091 956 2146; x_wconf 86' lang='lat' dir='ltr'><strong>alios.</strong></span> <span class='ocrx_word' id='word_1_245' title='bbox 1006 2090 1048 2145; x_wconf 91' lang='lat' dir='ltr'><strong>E</strong></span> <span class='ocrx_word' id='word_1_246' title='bbox 1080 2091 1272 2149; x_wconf 76' lang='lat' dir='ltr'><strong>Vetere</strong></span> <span class='ocrx_word' id='word_1_247' title='bbox 1320 2092 1673 2149; x_wconf 85' lang='lat' dir='ltr'><strong>Testamento</strong></span> <span class='ocrx_word' id='word_1_248' title='bbox 1705 2108 1827 2164; x_wconf 73' lang='lat' dir='ltr'><strong>qua:</strong></span> <span class='ocrx_word' id='word_1_249' title='bbox 1870 2093 2091 2148; x_wconf 88' lang='lat' dir='ltr'><strong>libuerit</strong></span> 
     </span>
    </p>
   </div>
   <div class='ocr_carea' id='block_1_36' title="bbox 513 2181 2091 2253">
    <p class='ocr_par' dir='ltr' id='par_1_36' title="bbox 513 2181 2091 2253">
     <span class='ocr_line' id='line_1_36' title="bbox 513 2181 2091 2253; baseline 0.001 -16"><span class='ocrx_word' id='word_1_250' title='bbox 513 2183 743 2252; x_wconf 74' lang='lat' dir='ltr'><strong>eligunt.</strong></span> <span class='ocrx_word' id='word_1_251' title='bbox 789 2181 1114 2253; x_wconf 81' lang='lat' dir='ltr'><strong>Nuptiarum</strong></span> <span class='ocrx_word' id='word_1_252' title='bbox 1163 2192 1441 2240; x_wconf 87' lang='lat' dir='ltr'><strong>auctorem</strong></span> <span class='ocrx_word' id='word_1_253' title='bbox 1489 2184 1769 2239; x_wconf 88' lang='lat' dir='ltr'><strong>diabolum</strong></span> <span class='ocrx_word' id='word_1_254' title='bbox 1802 2184 2091 2240; x_wconf 80' lang='lat' dir='ltr'><strong>manifeste</strong></span> 
     </span>
    </p>
   </div>
   <div class='ocr_carea' id='block_1_37' title="bbox 514 2276 2091 2346">
    <p class='ocr_par' dir='ltr' id='par_1_37' title="bbox 514 2276 2091 2346">
     <span class='ocr_line' id='line_1_37' title="bbox 514 2276 2091 2346; baseline 0.003 -18"><span class='ocrx_word' id='word_1_255' title='bbox 514 2276 874 2331; x_wconf 79' lang='lat' dir='ltr'><strong>constituunt.</strong></span> <span class='ocrx_word' id='word_1_256' title='bbox 905 2276 1175 2333; x_wconf 83' lang='lat' dir='ltr'><strong>Animatis</strong></span> <span class='ocrx_word' id='word_1_257' title='bbox 1204 2276 1353 2331; x_wconf 90' lang='lat' dir='ltr'><strong>vesci</strong></span> <span class='ocrx_word' id='word_1_258' title='bbox 1386 2278 1700 2346; x_wconf 85' lang='lat' dir='ltr'><strong>prohibent,</strong></span> <span class='ocrx_word' id='word_1_259' title='bbox 1733 2293 1841 2332; x_wconf 92' lang='lat' dir='ltr'><strong>non</strong></span> <span class='ocrx_word' id='word_1_260' title='bbox 1878 2285 2091 2346; x_wconf 89' lang='lat' dir='ltr'><strong>tempe-</strong></span> 
     </span>
    </p>
   </div>
   <div class='ocr_carea' id='block_1_38' title="bbox 514 2369 2089 2437">
    <p class='ocr_par' dir='ltr' id='par_1_38' title="bbox 514 2369 2089 2437">
     <span class='ocr_line' id='line_1_38' title="bbox 514 2369 2089 2437; baseline 0.001 -16"><span class='ocrx_word' id='word_1_261' title='bbox 514 2369 709 2422; x_wconf 72' lang='lat' dir='ltr'><strong>rantia:</strong></span> <span class='ocrx_word' id='word_1_262' title='bbox 746 2369 948 2432; x_wconf 88' lang='lat' dir='ltr'><strong>studio,</strong></span> <span class='ocrx_word' id='word_1_263' title='bbox 998 2384 1175 2437; x_wconf 89' lang='lat' dir='ltr'><strong>neque</strong></span> <span class='ocrx_word' id='word_1_264' title='bbox 1208 2370 1471 2437; x_wconf 84' lang='lat' dir='ltr'><strong>peculiari</strong></span> <span class='ocrx_word' id='word_1_265' title='bbox 1528 2385 1594 2424; x_wconf 79' lang='lat' dir='ltr'><strong>ex</strong></span> <span class='ocrx_word' id='word_1_266' title='bbox 1658 2369 1912 2424; x_wconf 79' lang='lat' dir='ltr'><strong>institdto</strong></span> <span class='ocrx_word' id='word_1_267' title='bbox 1946 2370 2089 2432; x_wconf 67' lang='lat' dir='ltr'><strong>vitai,</strong></span> 
     </span>
    </p>
   </div>
   <div class='ocr_carea' id='block_1_39' title="bbox 514 2460 2093 2531">
    <p class='ocr_par' dir='ltr' id='par_1_39' title="bbox 514 2460 2093 2531">
     <span class='ocr_line' id='line_1_39' title="bbox 514 2460 2093 2531; baseline -0.001 -14"><span class='ocrx_word' id='word_1_268' title='bbox 514 2460 610 2517; x_wconf 71' lang='lat' dir='ltr'><strong>sed</strong></span> <span class='ocrx_word' id='word_1_269' title='bbox 641 2460 778 2515; x_wconf 78' lang='lat' dir='ltr'><strong>falso</strong></span> <span class='ocrx_word' id='word_1_270' title='bbox 805 2460 1041 2531; x_wconf 91' lang='lat' dir='ltr'><strong>quodam</strong></span> <span class='ocrx_word' id='word_1_271' title='bbox 1075 2470 1128 2514; x_wconf 92' lang='lat' dir='ltr'><strong>et</strong></span> <span class='ocrx_word' id='word_1_272' title='bbox 1162 2460 1413 2514; x_wconf 83' lang='lat' dir='ltr'><strong>all‘ectato</strong></span> <span class='ocrx_word' id='word_1_273' title='bbox 1452 2471 1622 2528; x_wconf 90' lang='lat' dir='ltr'><strong>metu,</strong></span> <span class='ocrx_word' id='word_1_274' title='bbox 1664 2477 1732 2515; x_wconf 92' lang='lat' dir='ltr'><strong>ne</strong></span> <span class='ocrx_word' id='word_1_275' title='bbox 1778 2462 1849 2515; x_wconf 94' lang='lat' dir='ltr'><strong>ob</strong></span> <span class='ocrx_word' id='word_1_276' title='bbox 1880 2462 2093 2515; x_wconf 79' lang='lat' dir='ltr'><strong>anima-</strong></span> 
     </span>
    </p>
   </div>
   <div class='ocr_carea' id='block_1_40' title="bbox 513 2554 2091 2624">
    <p class='ocr_par' dir='ltr' id='par_1_40' title="bbox 513 2554 2091 2624">
     <span class='ocr_line' id='line_1_40' title="bbox 513 2554 2091 2624; baseline 0.001 -17"><span class='ocrx_word' id='word_1_277' title='bbox 513 2561 697 2607; x_wconf 89' lang='lat' dir='ltr'><strong>torum</strong></span> <span class='ocrx_word' id='word_1_278' title='bbox 762 2569 921 2609; x_wconf 84' lang='lat' dir='ltr'><strong>usum</strong></span> <span class='ocrx_word' id='word_1_279' title='bbox 980 2554 1082 2610; x_wconf 82' lang='lat' dir='ltr'><strong>sibi</strong></span> <span class='ocrx_word' id='word_1_280' title='bbox 1138 2554 1243 2624; x_wconf 87' lang='lat' dir='ltr'><strong>ipsi</strong></span> <span class='ocrx_word' id='word_1_281' title='bbox 1310 2554 1721 2609; x_wconf 87' lang='lat' dir='ltr'><strong>damnationem</strong></span> <span class='ocrx_word' id='word_1_282' title='bbox 1784 2561 2091 2611; x_wconf 85' lang='lat' dir='ltr'><strong>arcessant.</strong></span> 
     </span>
    </p>
   </div>
   <div class='ocr_carea' id='block_1_41' title="bbox 514 2641 2093 2714">
    <p class='ocr_par' dir='ltr' id='par_1_41' title="bbox 514 2641 2093 2714">
     <span class='ocr_line' id='line_1_41' title="bbox 514 2641 2093 2714; baseline 0.001 -19"><span class='ocrx_word' id='word_1_283' title='bbox 514 2645 725 2713; x_wconf 82' lang='lat' dir='ltr'><strong>Aquam</strong></span> <span class='ocrx_word' id='word_1_284' title='bbox 792 2641 859 2697; x_wconf 85' lang='lat' dir='ltr'><strong>ad</strong></span> <span class='ocrx_word' id='word_1_285' title='bbox 919 2642 1177 2714; x_wconf 83' lang='lat' dir='ltr'><strong>mysteria</strong></span> <span class='ocrx_word' id='word_1_286' title='bbox 1230 2643 1404 2699; x_wconf 89' lang='lat' dir='ltr'><strong>solam</strong></span> <span class='ocrx_word' id='word_1_287' title='bbox 1452 2643 1734 2699; x_wconf 88' lang='lat' dir='ltr'><strong>adhibent.</strong></span> <span class='ocrx_word' id='word_1_288' title='bbox 1780 2642 1915 2697; x_wconf 86' lang='lat' dir='ltr'><strong>Nam</strong></span> <span class='ocrx_word' id='word_1_289' title='bbox 1962 2644 2093 2697; x_wconf 90' lang='lat' dir='ltr'><strong>vino</strong></span> 
     </span>
    </p>
   </div>
   <div class='ocr_carea' id='block_1_42' title="bbox 515 2736 2092 2806">
    <p class='ocr_par' dir='ltr' id='par_1_42' title="bbox 515 2736 2092 2806">
     <span class='ocr_line' id='line_1_42' title="bbox 515 2736 2092 2806; baseline 0 -17"><span class='ocrx_word' id='word_1_290' title='bbox 515 2736 735 2805; x_wconf 82' lang='lat' dir='ltr'><strong>penitus</strong></span> <span class='ocrx_word' id='word_1_291' title='bbox 790 2736 1085 2799; x_wconf 85' lang='lat' dir='ltr'><strong>abstinent,</strong></span> <span class='ocrx_word' id='word_1_292' title='bbox 1128 2743 1183 2790; x_wconf 86' lang='lat' dir='ltr'><strong>et</strong></span> <span class='ocrx_word' id='word_1_293' title='bbox 1211 2736 1545 2790; x_wconf 87' lang='lat' dir='ltr'><strong>diabolicum</strong></span> <span class='ocrx_word' id='word_1_294' title='bbox 1597 2737 1901 2806; x_wconf 86' lang='lat' dir='ltr'><strong>appellant;</strong></span> <span class='ocrx_word' id='word_1_295' title='bbox 1946 2736 2092 2806; x_wconf 90' lang='lat' dir='ltr'><strong>quod</strong></span> 
     </span>
    </p>
   </div>
   <div class='ocr_carea' id='block_1_43' title="bbox 514 2829 2093 2900">
    <p class='ocr_par' dir='ltr' id='par_1_43' title="bbox 514 2829 2093 2900">
     <span class='ocr_line' id='line_1_43' title="bbox 514 2829 2093 2900; baseline 0.001 -17"><span class='ocrx_word' id='word_1_296' title='bbox 514 2829 609 2900; x_wconf 92' lang='lat' dir='ltr'><strong>qui</strong></span> <span class='ocrx_word' id='word_1_297' title='bbox 647 2829 857 2892; x_wconf 85' lang='lat' dir='ltr'><strong>bibant,</strong></span> <span class='ocrx_word' id='word_1_298' title='bbox 900 2844 1032 2883; x_wconf 82' lang='lat' dir='ltr'><strong>eove</strong></span> <span class='ocrx_word' id='word_1_299' title='bbox 1065 2837 1311 2895; x_wconf 83' lang='lat' dir='ltr'><strong>utantur,</strong></span> <span class='ocrx_word' id='word_1_300' title='bbox 1351 2830 1632 2899; x_wconf 88' lang='lat' dir='ltr'><strong>improbos</strong></span> <span class='ocrx_word' id='word_1_301' title='bbox 1678 2838 1733 2885; x_wconf 90' lang='lat' dir='ltr'><strong>et</strong></span> <span class='ocrx_word' id='word_1_302' title='bbox 1772 2842 2093 2900; x_wconf 88' lang='lat' dir='ltr'><strong>peccatores</strong></span> 
     </span>
    </p>
   </div>
   <div class='ocr_carea' id='block_1_44' title="bbox 514 2915 2093 2992">
    <p class='ocr_par' dir='ltr' id='par_1_44' title="bbox 514 2915 2093 2992">
     <span class='ocr_line' id='line_1_44' title="bbox 514 2915 2093 2992; baseline 0.001 -20"><span class='ocrx_word' id='word_1_303' title='bbox 514 2932 642 2972; x_wconf 87' lang='lat' dir='ltr'><strong>esse</strong></span> <span class='ocrx_word' id='word_1_304' title='bbox 688 2924 957 2971; x_wconf 86' lang='lat' dir='ltr'><strong>statuunt.</strong></span> <span class='ocrx_word' id='word_1_305' title='bbox 999 2915 1341 2972; x_wconf 87' lang='lat' dir='ltr'><strong>Mortnornm</strong></span> <span class='ocrx_word' id='word_1_306' title='bbox 1376 2918 1841 2975; x_wconf 71' lang='lat' dir='ltr'><strong>resurrectionem</strong></span> <span class='ocrx_word' id='word_1_307' title='bbox 1892 2935 2093 2992; x_wconf 88' lang='lat' dir='ltr'><strong>appro-</strong></span> 
     </span>
    </p>
   </div>
   <div class='ocr_carea' id='block_1_45' title="bbox 515 3008 2093 3081">
    <p class='ocr_par' dir='ltr' id='par_1_45' title="bbox 515 3008 2093 3081">
     <span class='ocr_line' id='line_1_45' title="bbox 515 3008 2093 3081; baseline 0.002 -18"><span class='ocrx_word' id='word_1_308' title='bbox 515 3008 669 3074; x_wconf 80' lang='lat' dir='ltr'><strong>bant,</strong></span> <span class='ocrx_word' id='word_1_309' title='bbox 697 3009 837 3062; x_wconf 88' lang='lat' dir='ltr'><strong>adeo</strong></span> <span class='ocrx_word' id='word_1_310' title='bbox 860 3017 919 3062; x_wconf 94' lang='lat' dir='ltr'><strong>ut</strong></span> <span class='ocrx_word' id='word_1_311' title='bbox 955 3008 1177 3064; x_wconf 75' lang='lat' dir='ltr'><strong>furiosa:</strong></span> <span class='ocrx_word' id='word_1_312' title='bbox 1208 3010 1499 3079; x_wconf 82' lang='lat' dir='ltr'><strong>cujusdam</strong></span> <span class='ocrx_word' id='word_1_313' title='bbox 1528 3012 1759 3066; x_wconf 70' lang='lat' dir='ltr'><strong>insaniae</strong></span> <span class='ocrx_word' id='word_1_314' title='bbox 1788 3012 1947 3081; x_wconf 89' lang='lat' dir='ltr'><strong>plena</strong></span> <span class='ocrx_word' id='word_1_315' title='bbox 1979 3013 2093 3066; x_wconf 69' lang='lat' dir='ltr'><strong>[HEC</strong></span> 
     </span>
    </p>
   </div>
   <div class='ocr_carea' id='block_1_46' title="bbox 515 3100 2093 3172">
    <p class='ocr_par' dir='ltr' id='par_1_46' title="bbox 515 3100 2093 3172">
     <span class='ocr_line' id='line_1_46' title="bbox 515 3100 2093 3172; baseline 0.001 -17"><span class='ocrx_word' id='word_1_316' title='bbox 515 3116 639 3155; x_wconf 90' lang='lat' dir='ltr'><strong>esse</strong></span> <span class='ocrx_word' id='word_1_317' title='bbox 663 3100 914 3154; x_wconf 80' lang='lat' dir='ltr'><strong>videatur</strong></span> <span class='ocrx_word' id='word_1_318' title='bbox 939 3100 1186 3157; x_wconf 82' lang='lat' dir='ltr'><strong>haeresis.</strong></span> <span class='ocrx_word' id='word_1_319' title='bbox 1215 3100 1311 3157; x_wconf 82' lang='lat' dir='ltr'><strong>Est</strong></span> <span class='ocrx_word' id='word_1_320' title='bbox 1340 3102 1473 3156; x_wconf 83' lang='lat' dir='ltr'><strong>illud</strong></span> <span class='ocrx_word' id='word_1_321' title='bbox 1503 3117 1637 3158; x_wconf 90' lang='lat' dir='ltr'><strong>sane</strong></span> <span class='ocrx_word' id='word_1_322' title='bbox 1674 3103 1971 3172; x_wconf 90' lang='lat' dir='ltr'><strong>cujuslibet</strong></span> <span class='ocrx_word' id='word_1_323' title='bbox 2004 3118 2093 3157; x_wconf 86' lang='lat' dir='ltr'><strong>sa-</strong></span> 
     </span>
    </p>
   </div>
   <div class='ocr_carea' id='block_1_47' title="bbox 514 3190 2093 3265">
    <p class='ocr_par' dir='ltr' id='par_1_47' title="bbox 514 3190 2093 3265">
     <span class='ocr_line' id='line_1_47' title="bbox 514 3190 2093 3265; baseline 0.002 -20"><span class='ocrx_word' id='word_1_324' title='bbox 514 3191 719 3261; x_wconf 88' lang='lat' dir='ltr'><strong>pientis</strong></span> <span class='ocrx_word' id='word_1_325' title='bbox 761 3199 815 3245; x_wconf 91' lang='lat' dir='ltr'><strong>et</strong></span> <span class='ocrx_word' id='word_1_326' title='bbox 860 3190 1246 3246; x_wconf 83' lang='lat' dir='ltr'><strong>observatione</strong></span> <span class='ocrx_word' id='word_1_327' title='bbox 1280 3200 1335 3247; x_wconf 89' lang='lat' dir='ltr'><strong>et</strong></span> <span class='ocrx_word' id='word_1_328' title='bbox 1360 3192 1722 3248; x_wconf 87' lang='lat' dir='ltr'><strong>admiratione</strong></span> <span class='ocrx_word' id='word_1_329' title='bbox 1748 3194 1994 3265; x_wconf 79' lang='lat' dir='ltr'><strong>dignum,</strong></span> <span class='ocrx_word' id='word_1_330' title='bbox 2026 3210 2093 3248; x_wconf 78' lang='lat' dir='ltr'><strong>ex</strong></span> 
     </span>
    </p>
   </div>
   <div class='ocr_carea' id='block_1_48' title="bbox 516 3283 2093 3355">
    <p class='ocr_par' dir='ltr' id='par_1_48' title="bbox 516 3283 2093 3355">
     <span class='ocr_line' id='line_1_48' title="bbox 516 3283 2093 3355; baseline 0.002 -18"><span class='ocrx_word' id='word_1_331' title='bbox 516 3285 777 3339; x_wconf 88' lang='lat' dir='ltr'><strong>omnibus</strong></span> <span class='ocrx_word' id='word_1_332' title='bbox 811 3300 932 3354; x_wconf 72' lang='lat' dir='ltr'><strong>qua:</strong></span> <span class='ocrx_word' id='word_1_333' title='bbox 961 3284 1031 3338; x_wconf 92' lang='lat' dir='ltr'><strong>ab</strong></span> <span class='ocrx_word' id='word_1_334' title='bbox 1067 3283 1339 3340; x_wconf 57' lang='lat' dir='ltr'><strong>haereticis</strong></span> <span class='ocrx_word' id='word_1_335' title='bbox 1373 3284 1479 3339; x_wconf 88' lang='lat' dir='ltr'><strong>diei</strong></span> <span class='ocrx_word' id='word_1_336' title='bbox 1533 3284 1759 3355; x_wconf 81' lang='lat' dir='ltr'><strong>ﬁerique</strong></span> <span class='ocrx_word' id='word_1_337' title='bbox 1790 3285 2093 3345; x_wconf 87' lang='lat' dir='ltr'><strong>cernimus.</strong></span> 
     </span>
    </p>
   </div>
   <div class='ocr_carea' id='block_1_49' title="bbox 518 3375 2096 3442">
    <p class='ocr_par' dir='ltr' id='par_1_49' title="bbox 518 3375 2096 3442">
     <span class='ocr_line' id='line_1_49' title="bbox 518 3375 2096 3442; baseline -0.001 -11"><span class='ocrx_word' id='word_1_338' title='bbox 518 3376 656 3431; x_wconf 84' lang='lat' dir='ltr'><strong>nihil</strong></span> <span class='ocrx_word' id='word_1_339' title='bbox 688 3375 793 3431; x_wconf 87' lang='lat' dir='ltr'><strong>sibi</strong></span> <span class='ocrx_word' id='word_1_340' title='bbox 822 3384 1087 3431; x_wconf 88' lang='lat' dir='ltr'><strong>constans</strong></span> <span class='ocrx_word' id='word_1_341' title='bbox 1118 3392 1183 3429; x_wconf 86' lang='lat' dir='ltr'><strong>ac</strong></span> <span class='ocrx_word' id='word_1_342' title='bbox 1212 3385 1645 3433; x_wconf 87' lang='lat' dir='ltr'><strong>consentaneum</strong></span> <span class='ocrx_word' id='word_1_343' title='bbox 1676 3393 1820 3442; x_wconf 87' lang='lat' dir='ltr'><strong>esse,</strong></span> <span class='ocrx_word' id='word_1_344' title='bbox 1855 3387 1950 3432; x_wconf 88' lang='lat' dir='ltr'><strong>aut</strong></span> <span class='ocrx_word' id='word_1_345' title='bbox 1986 3378 2096 3431; x_wconf 89' lang='lat' dir='ltr'><strong>ulla</strong></span> 
     </span>
    </p>
   </div>
   <div class='ocr_carea' id='block_1_50' title="bbox 516 3466 1309 3537">
    <p class='ocr_par' dir='ltr' id='par_1_50' title="bbox 516 3466 1309 3537">
     <span class='ocr_line' id='line_1_50' title="bbox 516 3466 1309 3537; baseline -0.003 -15"><span class='ocrx_word' id='word_1_346' title='bbox 516 3467 763 3523; x_wconf 88' lang='lat' dir='ltr'><strong>veritatis</strong></span> <span class='ocrx_word' id='word_1_347' title='bbox 801 3466 982 3537; x_wconf 84' lang='lat' dir='ltr'><strong>specie</strong></span> <span class='ocrx_word' id='word_1_348' title='bbox 1008 3466 1309 3536; x_wconf 88' lang='lat' dir='ltr'><strong>probabile.</strong></span> 
     </span>
    </p>
   </div>
   <div class='ocr_carea' id='block_1_51' title="bbox 593 3646 2100 3717">
    <p class='ocr_par' dir='ltr' id='par_1_51' title="bbox 593 3646 2100 3717">
     <span class='ocr_line' id='line_1_51' title="bbox 593 3646 2100 3717; baseline -0.002 -15"><span class='ocrx_word' id='word_1_349' title='bbox 593 3647 656 3702; x_wconf 91' lang='lat' dir='ltr'><strong>ll.</strong></span> <span class='ocrx_word' id='word_1_350' title='bbox 698 3647 911 3703; x_wconf 76' lang='lat' dir='ltr'><strong>Etenim</strong></span> <span class='ocrx_word' id='word_1_351' title='bbox 940 3648 982 3703; x_wconf 92' lang='lat' dir='ltr'><strong>si</strong></span> <span class='ocrx_word' id='word_1_352' title='bbox 1011 3656 1115 3701; x_wconf 91' lang='lat' dir='ltr'><strong>tam</strong></span> <span class='ocrx_word' id='word_1_353' title='bbox 1137 3646 1328 3714; x_wconf 75' lang='lat' dir='ltr'><strong>Vetus,</strong></span> <span class='ocrx_word' id='word_1_354' title='bbox 1352 3662 1516 3717; x_wconf 83' lang='lat' dir='ltr'><strong>quam</strong></span> <span class='ocrx_word' id='word_1_355' title='bbox 1546 3646 1756 3700; x_wconf 67' lang='lat' dir='ltr'><strong>Novum</strong></span> <span class='ocrx_word' id='word_1_356' title='bbox 1780 3646 2100 3702; x_wconf 83' lang='lat' dir='ltr'><strong>Testamen-</strong></span> 
     </span>
    </p>
   </div>
   <div class='ocr_carea' id='block_1_52' title="bbox 519 3737 2099 3810">
    <p class='ocr_par' dir='ltr' id='par_1_52' title="bbox 519 3737 2099 3810">
     <span class='ocr_line' id='line_1_52' title="bbox 519 3737 2099 3810; baseline -0.006 -11"><span class='ocrx_word' id='word_1_357' title='bbox 519 3752 636 3799; x_wconf 86' lang='lat' dir='ltr'><strong>tum</strong></span> <span class='ocrx_word' id='word_1_358' title='bbox 682 3741 977 3810; x_wconf 89' lang='lat' dir='ltr'><strong>recipiunt,</strong></span> <span class='ocrx_word' id='word_1_359' title='bbox 1009 3738 1286 3808; x_wconf 91' lang='lat' dir='ltr'><strong>quomodo</strong></span> <span class='ocrx_word' id='word_1_360' title='bbox 1314 3738 1532 3792; x_wconf 77' lang='lat' dir='ltr'><strong>diversa</strong></span> <span class='ocrx_word' id='word_1_361' title='bbox 1576 3738 1667 3791; x_wconf 89' lang='lat' dir='ltr'><strong>illa</strong></span> <span class='ocrx_word' id='word_1_362' title='bbox 1704 3737 1973 3807; x_wconf 89' lang='lat' dir='ltr'><strong>principia</strong></span> <span class='ocrx_word' id='word_1_363' title='bbox 2002 3752 2099 3806; x_wconf 91' lang='lat' dir='ltr'><strong>po-</strong></span> 
     </span>
    </p>
   </div>
   <div class='ocr_carea' id='block_1_53' title="bbox 521 3830 2100 3909">
    <p class='ocr_par' dir='ltr' id='par_1_53' title="bbox 521 3830 2100 3909">
     <span class='ocr_line' id='line_1_53' title="bbox 521 3830 2100 3909; baseline -0.006 -18"><span class='ocrx_word' id='word_1_364' title='bbox 521 3846 741 3896; x_wconf 89' lang='lat' dir='ltr'><strong>nentur,</strong></span> <span class='ocrx_word' id='word_1_365' title='bbox 788 3850 911 3889; x_wconf 86' lang='lat' dir='ltr'><strong>cum</strong></span> <span class='ocrx_word' id='word_1_366' title='bbox 944 3834 1110 3909; x_wconf 82' lang='lat' dir='ltr'><strong>ambo</strong></span> <span class='ocrx_word' id='word_1_367' title='bbox 1151 3834 1293 3887; x_wconf 89' lang='lat' dir='ltr'><strong>inter</strong></span> <span class='ocrx_word' id='word_1_368' title='bbox 1328 3848 1388 3888; x_wconf 86' lang='lat' dir='ltr'><strong>se</strong></span> <span class='ocrx_word' id='word_1_369' title='bbox 1416 3830 1770 3887; x_wconf 77' lang='lat' dir='ltr'><strong>Testamenta</strong></span> <span class='ocrx_word' id='word_1_370' title='bbox 1814 3830 1881 3885; x_wconf 90' lang='lat' dir='ltr'><strong>de</strong></span> <span class='ocrx_word' id='word_1_371' title='bbox 1909 3830 2100 3898; x_wconf 79' lang='lat' dir='ltr'><strong>singu-</strong></span> 
     </span>
    </p>
   </div>
   <div class='ocr_carea' id='block_1_54' title="bbox 520 3920 2099 3990">
    <p class='ocr_par' dir='ltr' id='par_1_54' title="bbox 520 3920 2099 3990">
     <span class='ocr_line' id='line_1_54' title="bbox 520 3920 2099 3990; baseline -0.005 -10"><span class='ocrx_word' id='word_1_372' title='bbox 520 3925 623 3981; x_wconf 85' lang='lat' dir='ltr'><strong>lari</strong></span> <span class='ocrx_word' id='word_1_373' title='bbox 680 3924 967 3980; x_wconf 85' lang='lat' dir='ltr'><strong>divinitate</strong></span> <span class='ocrx_word' id='word_1_374' title='bbox 1013 3923 1386 3985; x_wconf 90' lang='lat' dir='ltr'><strong>consentiant,</strong></span> <span class='ocrx_word' id='word_1_375' title='bbox 1442 3920 1678 3990; x_wconf 89' lang='lat' dir='ltr'><strong>ejusque</strong></span> <span class='ocrx_word' id='word_1_376' title='bbox 1728 3920 2099 3989; x_wconf 78' lang='lat' dir='ltr'><strong>cognitionem</strong></span> 
     </span>
    </p>
   </div>
   <div class='ocr_carea' id='block_1_55' title="bbox 520 4013 2101 4090">
    <p class='ocr_par' dir='ltr' id='par_1_55' title="bbox 520 4013 2101 4090">
     <span class='ocr_line' id='line_1_55' title="bbox 520 4013 2101 4090; baseline -0.004 -18"><span class='ocrx_word' id='word_1_377' title='bbox 520 4016 857 4090; x_wconf 65' lang='lat' dir='ltr'><strong>prmdicent?</strong></span> <span class='ocrx_word' id='word_1_378' title='bbox 898 4015 980 4069; x_wconf 86' lang='lat' dir='ltr'><strong>Ad</strong></span> <span class='ocrx_word' id='word_1_379' title='bbox 1015 4017 1149 4079; x_wconf 78' lang='lat' dir='ltr'><strong>haec,</strong></span> <span class='ocrx_word' id='word_1_380' title='bbox 1179 4016 1225 4069; x_wconf 90' lang='lat' dir='ltr'><strong>si</strong></span> <span class='ocrx_word' id='word_1_381' title='bbox 1281 4021 1620 4068; x_wconf 88' lang='lat' dir='ltr'><strong>mortuorum</strong></span> <span class='ocrx_word' id='word_1_382' title='bbox 1669 4021 1753 4067; x_wconf 90' lang='lat' dir='ltr'><strong>est</strong></span> <span class='ocrx_word' id='word_1_383' title='bbox 1789 4013 1972 4066; x_wconf 82' lang='lat' dir='ltr'><strong>futura</strong></span> <span class='ocrx_word' id='word_1_384' title='bbox 2012 4028 2101 4066; x_wconf 89' lang='lat' dir='ltr'><strong>re-</strong></span> 
     </span>
    </p>
   </div>
   <div class='ocr_carea' id='block_1_56' title="bbox 521 4103 2102 4179">
    <p class='ocr_par' dir='ltr' id='par_1_56' title="bbox 521 4103 2102 4179">
     <span class='ocr_line' id='line_1_56' title="bbox 521 4103 2102 4179; baseline -0.006 -13"><span class='ocrx_word' id='word_1_385' title='bbox 521 4110 816 4175; x_wconf 88' lang='lat' dir='ltr'><strong>surrectio,</strong></span> <span class='ocrx_word' id='word_1_386' title='bbox 863 4109 956 4179; x_wconf 89' lang='lat' dir='ltr'><strong>qui</strong></span> <span class='ocrx_word' id='word_1_387' title='bbox 996 4108 1215 4162; x_wconf 89' lang='lat' dir='ltr'><strong>tandem</strong></span> <span class='ocrx_word' id='word_1_388' title='bbox 1255 4106 1502 4161; x_wconf 82' lang='lat' dir='ltr'><strong>honestae</strong></span> <span class='ocrx_word' id='word_1_389' title='bbox 1546 4106 1748 4174; x_wconf 66' lang='lat' dir='ltr'><strong>nuptite</strong></span> <span class='ocrx_word' id='word_1_390' title='bbox 1776 4104 1941 4158; x_wconf 90' lang='lat' dir='ltr'><strong>tribui</strong></span> <span class='ocrx_word' id='word_1_391' title='bbox 1982 4103 2102 4157; x_wconf 77' lang='lat' dir='ltr'><strong>dia-</strong></span> 
     </span>
    </p>
   </div>
   <div class='ocr_carea' id='block_1_57' title="bbox 521 4195 2102 4271">
    <p class='ocr_par' dir='ltr' id='par_1_57' title="bbox 521 4195 2102 4271">
     <span class='ocr_line' id='line_1_57' title="bbox 521 4195 2102 4271; baseline -0.005 -14"><span class='ocrx_word' id='word_1_392' title='bbox 521 4202 647 4257; x_wconf 86' lang='lat' dir='ltr'><strong>bolo</strong></span> <span class='ocrx_word' id='word_1_393' title='bbox 684 4207 939 4271; x_wconf 91' lang='lat' dir='ltr'><strong>possunt,</strong></span> <span class='ocrx_word' id='word_1_394' title='bbox 982 4215 1106 4253; x_wconf 89' lang='lat' dir='ltr'><strong>cum</strong></span> <span class='ocrx_word' id='word_1_395' title='bbox 1157 4197 1462 4269; x_wconf 64' lang='lat' dir='ltr'><strong>praesertim</strong></span> <span class='ocrx_word' id='word_1_396' title='bbox 1494 4195 1636 4251; x_wconf 88' lang='lat' dir='ltr'><strong>Deus</strong></span> <span class='ocrx_word' id='word_1_397' title='bbox 1677 4195 1946 4251; x_wconf 83' lang='lat' dir='ltr'><strong>edixerit:</strong></span> <span class='ocrx_word' id='word_1_398' title='bbox 1975 4195 2102 4251; x_wconf 87' lang='lat' dir='ltr'><strong>Cre-</strong></span> 
     </span>
    </p>
   </div>
   <div class='ocr_carea' id='block_1_58' title="bbox 480 4282 2102 4359">
    <p class='ocr_par' dir='ltr' id='par_1_58' title="bbox 480 4282 2102 4359">
     <span class='ocr_line' id='line_1_58' title="bbox 480 4282 2102 4359; baseline -0.003 -14"><span class='ocrx_word' id='word_1_399' title='bbox 480 4352 483 4353; x_wconf 22' lang='grc' dir='ltr'><strong>ν</strong></span> <span class='ocrx_word' id='word_1_400' title='bbox 521 4292 651 4345; x_wconf 74' lang='lat' dir='ltr'><strong>scite</strong></span> <span class='ocrx_word' id='word_1_401' title='bbox 688 4299 738 4346; x_wconf 83' lang='lat' dir='ltr'><strong>et</strong></span> <span class='ocrx_word' id='word_1_402' title='bbox 770 4282 1277 4359; x_wconf 75' lang='lat' dir='ltr'><strong>multiplicamini‘;</strong></span> <span class='ocrx_word' id='word_1_403' title='bbox 1320 4295 1376 4341; x_wconf 92' lang='lat' dir='ltr'><strong>et</strong></span> <span class='ocrx_word' id='word_1_404' title='bbox 1412 4288 1467 4341; x_wconf 91' lang='lat' dir='ltr'><strong>in</strong></span> <span class='ocrx_word' id='word_1_405' title='bbox 1501 4284 1794 4357; x_wconf 83' lang='lat' dir='ltr'><strong>Evangelio</strong></span> <span class='ocrx_word' id='word_1_406' title='bbox 1834 4285 2102 4355; x_wconf 85' lang='lat' dir='ltr'><strong>Dominus</strong></span> 
     </span>
    </p>
   </div>
   <div class='ocr_carea' id='block_1_59' title="bbox 524 4377 2103 4455">
    <p class='ocr_par' dir='ltr' id='par_1_59' title="bbox 524 4377 2103 4455">
     <span class='ocr_line' id='line_1_59' title="bbox 524 4377 2103 4455; baseline -0.004 -17"><span class='ocrx_word' id='word_1_407' title='bbox 524 4384 601 4438; x_wconf 85' lang='lat' dir='ltr'><strong>ita</strong></span> <span class='ocrx_word' id='word_1_408' title='bbox 632 4385 989 4455; x_wconf 67' lang='lat' dir='ltr'><strong>praeceperit:</strong></span> <span class='ocrx_word' id='word_1_409' title='bbox 1017 4381 1149 4447; x_wconf 75' lang='lat' dir='ltr'><strong>Quo:</strong></span> <span class='ocrx_word' id='word_1_410' title='bbox 1196 4378 1337 4433; x_wconf 72' lang='lat' dir='ltr'><strong>Deus</strong></span> <span class='ocrx_word' id='word_1_411' title='bbox 1383 4377 1657 4441; x_wconf 69' lang='lat' dir='ltr'><strong>coniunxit</strong></span> <span class='ocrx_word' id='word_1_412' title='bbox 1696 4377 1849 4432; x_wconf 84' lang='lat' dir='ltr'><strong>homo</strong></span> <span class='ocrx_word' id='word_1_413' title='bbox 1895 4394 1998 4431; x_wconf 79' lang='lat' dir='ltr'><strong>non</strong></span> <span class='ocrx_word' id='word_1_414' title='bbox 2030 4394 2103 4431; x_wconf 78' lang='lat' dir='ltr'><strong>se-</strong></span> 
     </span>
    </p>
   </div>
   <div class='ocr_carea' id='block_1_60' title="bbox 523 4468 2101 4545">
    <p class='ocr_par' dir='ltr' id='par_1_60' title="bbox 523 4468 2101 4545">
     <span class='ocr_line' id='line_1_60' title="bbox 523 4468 2101 4545; baseline -0.005 -17"><span class='ocrx_word' id='word_1_415' title='bbox 523 4477 749 4545; x_wconf 78' lang='lat' dir='ltr'><strong>parat&#39;;</strong></span> <span class='ocrx_word' id='word_1_416' title='bbox 781 4474 875 4529; x_wconf 88' lang='lat' dir='ltr'><strong>sed</strong></span> <span class='ocrx_word' id='word_1_417' title='bbox 914 4480 968 4527; x_wconf 91' lang='lat' dir='ltr'><strong>et</strong></span> <span class='ocrx_word' id='word_1_418' title='bbox 1010 4471 1341 4542; x_wconf 80' lang='lat' dir='ltr'><strong>Apostolus:</strong></span> <span class='ocrx_word' id='word_1_419' title='bbox 1386 4468 1739 4522; x_wconf 69' lang='grc' dir='ltr'>Ιιοηοναὸἱιει</span> <span class='ocrx_word' id='word_1_420' title='bbox 1790 4470 2008 4537; x_wconf 76' lang='lat' dir='ltr'><strong>nuptiw,</strong></span> <span class='ocrx_word' id='word_1_421' title='bbox 2053 4479 2101 4522; x_wconf 86' lang='lat' dir='ltr'><strong>et</strong></span> 
     </span>
    </p>
   </div>
   <div class='ocr_carea' id='block_1_61' title="bbox 2195 2012 3777 2087">
    <p class='ocr_par' dir='ltr' id='par_1_61' title="bbox 2195 2012 3777 2087">
     <span class='ocr_line' id='line_1_61' title="bbox 2195 2012 3777 2087; baseline -0.002 -18"><span class='ocrx_word' id='word_1_422' title='bbox 2195 2016 2455 2086; x_wconf 88' lang='grc' dir='ltr'>γομέναις</span> <span class='ocrx_word' id='word_1_423' title='bbox 2495 2016 2740 2087; x_wconf 80' lang='grc' dir='ltr'>Ἀνδρέου</span> <span class='ocrx_word' id='word_1_424' title='bbox 2779 2016 2872 2069; x_wconf 71' lang='grc' dir='ltr'>καὶ</span> <span class='ocrx_word' id='word_1_425' title='bbox 2915 2016 3160 2069; x_wconf 78' lang='grc' dir='ltr'>Ἰωάννου</span> <span class='ocrx_word' id='word_1_426' title='bbox 3185 2012 3448 2082; x_wconf 80' lang='grc' dir='ltr'>Πράξεσι,</span> <span class='ocrx_word' id='word_1_427' title='bbox 3475 2015 3569 2068; x_wconf 80' lang='grc' dir='ltr'><strong>καὶ</strong></span> <span class='ocrx_word' id='word_1_428' title='bbox 3584 2012 3777 2084; x_wconf 76' lang='grc' dir='ltr'>Θωμᾶ,</span> 
     </span>
    </p>
   </div>
   <div class='ocr_carea' id='block_1_62' title="bbox 2195 2100 3783 2177">
    <p class='ocr_par' dir='ltr' id='par_1_62' title="bbox 2195 2100 3783 2177">
     <span class='ocr_line' id='line_1_62' title="bbox 2195 2100 3783 2177; baseline -0.002 -18"><span class='ocrx_word' id='word_1_429' title='bbox 2195 2107 2290 2159; x_wconf 78' lang='grc' dir='ltr'>καὶ</span> <span class='ocrx_word' id='word_1_430' title='bbox 2344 2105 2683 2177; x_wconf 78' lang='grc' dir='ltr'>ἀποκρύφοις</span> <span class='ocrx_word' id='word_1_431' title='bbox 2725 2106 2838 2159; x_wconf 65' lang='grc' dir='ltr'><strong>τισ)⁸</strong></span> <span class='ocrx_word' id='word_1_432' title='bbox 2861 2144 2875 2168; x_wconf 92' lang='grc'><strong>,</strong></span> <span class='ocrx_word' id='word_1_433' title='bbox 2907 2105 3002 2158; x_wconf 80' lang='grc' dir='ltr'>καὶ</span> <span class='ocrx_word' id='word_1_434' title='bbox 3035 2100 3116 2168; x_wconf 75' lang='grc' dir='ltr'>οἷς</span> <span class='ocrx_word' id='word_1_435' title='bbox 3155 2103 3431 2174; x_wconf 88' lang='grc' dir='ltr'>βούλονται</span> <span class='ocrx_word' id='word_1_436' title='bbox 3477 2103 3657 2172; x_wconf 86' lang='grc' dir='ltr'>λόγοις</span> <span class='ocrx_word' id='word_1_437' title='bbox 3679 2102 3783 2173; x_wconf 78' lang='grc' dir='ltr'>τῆς</span> 
     </span>
    </p>
   </div>
   <div class='ocr_carea' id='block_1_63' title="bbox 2201 2194 3787 2269">
    <p class='ocr_par' dir='ltr' id='par_1_63' title="bbox 2201 2194 3787 2269">
     <span class='ocr_line' id='line_1_63' title="bbox 2201 2194 3787 2269; baseline -0.001 -20"><span class='ocrx_word' id='word_1_438' title='bbox 2201 2198 2445 2261; x_wconf 81' lang='grc' dir='ltr'>Παλαιᾶς</span> <span class='ocrx_word' id='word_1_439' title='bbox 2467 2198 2764 2269; x_wconf 83' lang='grc' dir='ltr'>Διαθήκης.</span> <span class='ocrx_word' id='word_1_440' title='bbox 2789 2196 2892 2249; x_wconf 86' lang='grc' dir='ltr'><strong>Τὸν</strong></span> <span class='ocrx_word' id='word_1_441' title='bbox 2924 2196 2980 2261; x_wconf 71' lang='grc' dir='ltr'>δὲ</span> <span class='ocrx_word' id='word_1_442' title='bbox 3007 2196 3184 2266; x_wconf 84' lang='grc' dir='ltr'>γάμον</span> <span class='ocrx_word' id='word_1_443' title='bbox 3207 2196 3392 2265; x_wconf 82' lang='grc' dir='ltr'>σαφῶς</span> <span class='ocrx_word' id='word_1_444' title='bbox 3414 2195 3507 2249; x_wconf 81' lang='grc' dir='ltr'>τοῦ</span> <span class='ocrx_word' id='word_1_445' title='bbox 3535 2194 3787 2249; x_wconf 78' lang='grc' dir='ltr'>διαϐόλου</span> 
     </span>
    </p>
   </div>
   <div class='ocr_carea' id='block_1_64' title="bbox 2193 2285 3783 2359">
    <p class='ocr_par' dir='ltr' id='par_1_64' title="bbox 2193 2285 3783 2359">
     <span class='ocr_line' id='line_1_64' title="bbox 2193 2285 3783 2359; baseline -0.003 -17"><span class='ocrx_word' id='word_1_446' title='bbox 2193 2290 2485 2359; x_wconf 73' lang='grc' dir='ltr'>ὁρίζονται.</span> <span class='ocrx_word' id='word_1_447' title='bbox 2532 2287 2793 2358; x_wconf 71' lang='grc' dir='ltr'>Ἐμψυχα</span> <span class='ocrx_word' id='word_1_448' title='bbox 2824 2287 2880 2339; x_wconf 81' lang='grc' dir='ltr'>δὲ</span> <span class='ocrx_word' id='word_1_449' title='bbox 2911 2286 3290 2356; x_wconf 84' lang='grc' dir='ltr'>βδελύσσονται</span> <span class='ocrx_word' id='word_1_450' title='bbox 3328 2285 3783 2357; x_wconf 83' lang='grc' dir='ltr'>ἀπαγορεύοντες,</span> 
     </span>
    </p>
   </div>
   <div class='ocr_carea' id='block_1_65' title="bbox 2194 2375 3780 2451">
    <p class='ocr_par' dir='ltr' id='par_1_65' title="bbox 2194 2375 3780 2451">
     <span class='ocr_line' id='line_1_65' title="bbox 2194 2375 3780 2451; baseline -0.003 -18"><span class='ocrx_word' id='word_1_451' title='bbox 2194 2382 2292 2451; x_wconf 84' lang='grc' dir='ltr'><strong>οὐχ</strong></span> <span class='ocrx_word' id='word_1_452' title='bbox 2328 2381 2512 2435; x_wconf 79' lang='grc' dir='ltr'>ἕνεκεν</span> <span class='ocrx_word' id='word_1_453' title='bbox 2561 2379 2908 2450; x_wconf 77' lang='grc' dir='ltr'>ἐγκρατείας,</span> <span class='ocrx_word' id='word_1_454' title='bbox 2958 2376 3081 2431; x_wconf 77' lang='grc' dir='ltr'>οὔτε</span> <span class='ocrx_word' id='word_1_455' title='bbox 3125 2378 3427 2443; x_wconf 86' lang='grc' dir='ltr'>πολιτείας,</span> <span class='ocrx_word' id='word_1_456' title='bbox 3464 2378 3601 2433; x_wconf 83' lang='grc' dir='ltr'><strong>ἀλλά</strong></span> <span class='ocrx_word' id='word_1_457' title='bbox 3636 2375 3780 2431; x_wconf 78' lang='grc' dir='ltr'>κατὰ</span> 
     </span>
    </p>
   </div>
   <div class='ocr_carea' id='block_1_66' title="bbox 2195 2466 3783 2541">
    <p class='ocr_par' dir='ltr' id='par_1_66' title="bbox 2195 2466 3783 2541">
     <span class='ocr_line' id='line_1_66' title="bbox 2195 2466 3783 2541; baseline -0.004 -16"><span class='ocrx_word' id='word_1_458' title='bbox 2195 2472 2394 2541; x_wconf 78' lang='grc' dir='ltr'>φόϐον,</span> <span class='ocrx_word' id='word_1_459' title='bbox 2458 2471 2551 2525; x_wconf 77' lang='grc' dir='ltr'>καὶ</span> <span class='ocrx_word' id='word_1_460' title='bbox 2610 2470 2861 2541; x_wconf 79' lang='grc' dir='ltr'>ίνδαλμὸν</span> <span class='ocrx_word' id='word_1_461' title='bbox 2900 2468 2994 2523; x_wconf 80' lang='grc' dir='ltr'>τοῦ</span> <span class='ocrx_word' id='word_1_462' title='bbox 3042 2469 3118 2541; x_wconf 81' lang='grc' dir='ltr'>μὴ</span> <span class='ocrx_word' id='word_1_463' title='bbox 3172 2468 3632 2539; x_wconf 83' lang='grc' dir='ltr'>καταδικασθῆναι</span> <span class='ocrx_word' id='word_1_464' title='bbox 3673 2466 3783 2520; x_wconf 59' lang='grc' dir='ltr'><strong>ἀαιιίι</strong></span> 
     </span>
    </p>
   </div>
   <div class='ocr_carea' id='block_1_67' title="bbox 2194 2558 3780 2633">
    <p class='ocr_par' dir='ltr' id='par_1_67' title="bbox 2194 2558 3780 2633">
     <span class='ocr_line' id='line_1_67' title="bbox 2194 2558 3780 2633; baseline -0.002 -19"><span class='ocrx_word' id='word_1_465' title='bbox 2194 2564 2296 2633; x_wconf 84' lang='grc' dir='ltr'>τῆς</span> <span class='ocrx_word' id='word_1_466' title='bbox 2333 2561 2441 2617; x_wconf 88' lang='grc' dir='ltr'><strong>τῶν</strong></span> <span class='ocrx_word' id='word_1_467' title='bbox 2498 2561 2757 2633; x_wconf 75' lang='grc' dir='ltr'>ἐμψύχων</span> <span class='ocrx_word' id='word_1_468' title='bbox 2800 2561 3175 2632; x_wconf 75' lang='grc' dir='ltr'>μεταλήψεως.</span> <span class='ocrx_word' id='word_1_469' title='bbox 3234 2561 3543 2632; x_wconf 85' lang='grc' dir='ltr'>Κέχρηνται</span> <span class='ocrx_word' id='word_1_470' title='bbox 3586 2558 3645 2612; x_wconf 81' lang='grc' dir='ltr'>δὲ</span> <span class='ocrx_word' id='word_1_471' title='bbox 3688 2558 3780 2612; x_wconf 54' lang='grc' dir='ltr'>καὶ</span> 
     </span>
    </p>
   </div>
   <div class='ocr_carea' id='block_1_68' title="bbox 2195 2646 3777 2721">
    <p class='ocr_par' dir='ltr' id='par_1_68' title="bbox 2195 2646 3777 2721">
     <span class='ocr_line' id='line_1_68' title="bbox 2195 2646 3777 2721; baseline -0.003 -17"><span class='ocrx_word' id='word_1_472' title='bbox 2195 2650 2345 2705; x_wconf 75' lang='grc' dir='ltr'>αὐτοὶ</span> <span class='ocrx_word' id='word_1_473' title='bbox 2389 2650 2705 2721; x_wconf 85' lang='grc' dir='ltr'>μυστηρίοις</span> <span class='ocrx_word' id='word_1_474' title='bbox 2735 2648 2801 2701; x_wconf 88' lang='grc' dir='ltr'>δι’</span> <span class='ocrx_word' id='word_1_475' title='bbox 2832 2648 3039 2711; x_wconf 77' lang='grc' dir='ltr'>ὓδατος.</span> <span class='ocrx_word' id='word_1_476' title='bbox 3090 2646 3251 2702; x_wconf 85' lang='grc' dir='ltr'>υῖνον</span> <span class='ocrx_word' id='word_1_477' title='bbox 3284 2648 3341 2701; x_wconf 83' lang='grc' dir='ltr'><strong>δὲ</strong></span> <span class='ocrx_word' id='word_1_478' title='bbox 3378 2647 3514 2711; x_wconf 88' lang='grc' dir='ltr'>ὃλως</span> <span class='ocrx_word' id='word_1_479' title='bbox 3533 2647 3593 2700; x_wconf 84' lang='grc' dir='ltr'><strong>οὐ</strong></span> <span class='ocrx_word' id='word_1_480' title='bbox 3618 2663 3777 2718; x_wconf 79' lang='grc' dir='ltr'>μετα-</span> 
     </span>
    </p>
   </div>
   <div class='ocr_carea' id='block_1_69' title="bbox 2194 2735 3783 2813">
    <p class='ocr_par' dir='ltr' id='par_1_69' title="bbox 2194 2735 3783 2813">
     <span class='ocr_line' id='line_1_69' title="bbox 2194 2735 3783 2813; baseline -0.003 -18"><span class='ocrx_word' id='word_1_481' title='bbox 2194 2742 2561 2813; x_wconf 75' lang='grc' dir='ltr'>λαμϐάνουσι·</span> <span class='ocrx_word' id='word_1_482' title='bbox 2614 2741 2915 2810; x_wconf 78' lang='grc' dir='ltr'>φάσκοντες</span> <span class='ocrx_word' id='word_1_483' title='bbox 2962 2735 3101 2792; x_wconf 76' lang='grc' dir='ltr'>εἶναι</span> <span class='ocrx_word' id='word_1_484' title='bbox 3142 2738 3476 2792; x_wconf 76' lang='grc' dir='ltr'>διαϐολικόνο</span> <span class='ocrx_word' id='word_1_485' title='bbox 3518 2738 3613 2793; x_wconf 63' lang='grc' dir='ltr'><strong>καλ⁵</strong></span> <span class='ocrx_word' id='word_1_486' title='bbox 3656 2737 3783 2802; x_wconf 78' lang='grc' dir='ltr'>τοὺς</span> 
     </span>
    </p>
   </div>
   <div class='ocr_carea' id='block_1_70' title="bbox 2196 2826 3781 2902">
    <p class='ocr_par' dir='ltr' id='par_1_70' title="bbox 2196 2826 3781 2902">
     <span class='ocr_line' id='line_1_70' title="bbox 2196 2826 3781 2902; baseline -0.004 -15"><span class='ocrx_word' id='word_1_487' title='bbox 2196 2835 2466 2896; x_wconf 86' lang='grc' dir='ltr'>πίνοντας,</span> <span class='ocrx_word' id='word_1_488' title='bbox 2516 2833 2609 2886; x_wconf 76' lang='grc' dir='ltr'><strong>καὶ</strong></span> <span class='ocrx_word' id='word_1_489' title='bbox 2660 2833 2785 2895; x_wconf 73' lang='grc' dir='ltr'>τοὺς</span> <span class='ocrx_word' id='word_1_490' title='bbox 2832 2831 3146 2902; x_wconf 79' lang='grc' dir='ltr'>χρωμένους</span> <span class='ocrx_word' id='word_1_491' title='bbox 3200 2831 3437 2901; x_wconf 87' lang='grc' dir='ltr'>ἀνόμους</span> <span class='ocrx_word' id='word_1_492' title='bbox 3489 2827 3630 2882; x_wconf 74' lang='grc' dir='ltr'>εἶναι</span> <span class='ocrx_word' id='word_1_493' title='bbox 3686 2826 3781 2881; x_wconf 77' lang='grc' dir='ltr'>καὶ</span> 
     </span>
    </p>
   </div>
   <div class='ocr_carea' id='block_1_71' title="bbox 2196 2920 3783 2997">
    <p class='ocr_par' dir='ltr' id='par_1_71' title="bbox 2196 2920 3783 2997">
     <span class='ocr_line' id='line_1_71' title="bbox 2196 2920 3783 2997; baseline -0.006 -17"><span class='ocrx_word' id='word_1_494' title='bbox 2196 2925 2534 2997; x_wconf 84' lang='grc' dir='ltr'>ἁμαρτάδας.</span> <span class='ocrx_word' id='word_1_495' title='bbox 2591 2923 2915 2977; x_wconf 87' lang='grc' dir='ltr'>Πιστεύουσι</span> <span class='ocrx_word' id='word_1_496' title='bbox 2953 2922 3011 2975; x_wconf 82' lang='grc' dir='ltr'>δὲ</span> <span class='ocrx_word' id='word_1_497' title='bbox 3062 2921 3158 2974; x_wconf 75' lang='grc' dir='ltr'>καὶ</span> <span class='ocrx_word' id='word_1_498' title='bbox 3204 2921 3414 2992; x_wconf 84' lang='grc' dir='ltr'>νεκρῶν</span> <span class='ocrx_word' id='word_1_499' title='bbox 3465 2920 3783 2974; x_wconf 81' lang='grc' dir='ltr'>ἀνάστασιν.</span> 
     </span>
    </p>
   </div>
   <div class='ocr_carea' id='block_1_72' title="bbox 2207 3006 3783 3083">
    <p class='ocr_par' dir='ltr' id='par_1_72' title="bbox 2207 3006 3783 3083">
     <span class='ocr_line' id='line_1_72' title="bbox 2207 3006 3783 3083; baseline -0.006 -16"><span class='ocrx_word' id='word_1_500' title='bbox 2207 3016 2295 3077; x_wconf 84' lang='grc' dir='ltr'>Ὠς</span> <span class='ocrx_word' id='word_1_501' title='bbox 2328 3012 2467 3067; x_wconf 83' lang='grc' dir='ltr'>εἶναι</span> <span class='ocrx_word' id='word_1_502' title='bbox 2506 3014 2655 3083; x_wconf 83' lang='grc' dir='ltr'><strong>παρά</strong></span> <span class='ocrx_word' id='word_1_503' title='bbox 2696 3014 2809 3075; x_wconf 84' lang='grc' dir='ltr'>τοῖς</span> <span class='ocrx_word' id='word_1_504' title='bbox 2851 3010 2993 3064; x_wconf 72' lang='grc' dir='ltr'>οὕτω</span> <span class='ocrx_word' id='word_1_505' title='bbox 3031 3008 3473 3079; x_wconf 76' lang='grc' dir='ltr'>πεπλανημένοις</span> <span class='ocrx_word' id='word_1_506' title='bbox 3509 3008 3576 3061; x_wconf 83' lang='grc' dir='ltr'>τὰ</span> <span class='ocrx_word' id='word_1_507' title='bbox 3608 3006 3783 3059; x_wconf 76' lang='grc' dir='ltr'>πάντα</span> 
     </span>
    </p>
   </div>
   <div class='ocr_carea' id='block_1_73' title="bbox 2198 3098 3785 3177">
    <p class='ocr_par' dir='ltr' id='par_1_73' title="bbox 2198 3098 3785 3177">
     <span class='ocr_line' id='line_1_73' title="bbox 2198 3098 3785 3177; baseline -0.006 -18"><span class='ocrx_word' id='word_1_508' title='bbox 2198 3106 2396 3177; x_wconf 84' lang='grc' dir='ltr'>μανίας</span> <span class='ocrx_word' id='word_1_509' title='bbox 2434 3104 2663 3175; x_wconf 83' lang='grc' dir='ltr'>ἔμπλεα.</span> <span class='ocrx_word' id='word_1_510' title='bbox 2722 3104 2832 3156; x_wconf 82' lang='lat' dir='ltr'><strong>Kal</strong></span> <span class='ocrx_word' id='word_1_511' title='bbox 2861 3102 2971 3173; x_wconf 77' lang='grc' dir='ltr'><strong>γὰρ</strong></span> <span class='ocrx_word' id='word_1_512' title='bbox 3009 3102 3154 3156; x_wconf 81' lang='grc' dir='ltr'>ἔστιν</span> <span class='ocrx_word' id='word_1_513' title='bbox 3193 3101 3320 3153; x_wconf 81' lang='grc' dir='ltr'>ἰδεῖν</span> <span class='ocrx_word' id='word_1_514' title='bbox 3363 3100 3457 3154; x_wconf 79' lang='grc' dir='ltr'><strong>καὶ</strong></span> <span class='ocrx_word' id='word_1_515' title='bbox 3486 3098 3785 3169; x_wconf 84' lang='grc' dir='ltr'>Θαυμάσαι,</span> 
     </span>
    </p>
   </div>
   <div class='ocr_carea' id='block_1_74' title="bbox 2201 3191 3786 3265">
    <p class='ocr_par' dir='ltr' id='par_1_74' title="bbox 2201 3191 3786 3265">
     <span class='ocr_line' id='line_1_74' title="bbox 2201 3191 3786 3265; baseline -0.004 -15"><span class='ocrx_word' id='word_1_516' title='bbox 2201 3198 2295 3251; x_wconf 73' lang='lat' dir='ltr'><strong>xal</strong></span> <span class='ocrx_word' id='word_1_517' title='bbox 2335 3200 2414 3261; x_wconf 87' lang='grc' dir='ltr'><strong>είς</strong></span> <span class='ocrx_word' id='word_1_518' title='bbox 2446 3195 2705 3265; x_wconf 72' lang='grc' dir='ltr'>ἔκπληξιν</span> <span class='ocrx_word' id='word_1_519' title='bbox 2731 3194 2906 3247; x_wconf 80' lang='grc' dir='ltr'>ἐλθεῖν</span> <span class='ocrx_word' id='word_1_520' title='bbox 2948 3195 3040 3247; x_wconf 83' lang='grc' dir='ltr'><strong>τὸν</strong></span> <span class='ocrx_word' id='word_1_521' title='bbox 3070 3192 3356 3264; x_wconf 79' lang='grc' dir='ltr'>ἄνθρωπον</span> <span class='ocrx_word' id='word_1_522' title='bbox 3391 3191 3518 3264; x_wconf 75' lang='grc' dir='ltr'>περὶ</span> <span class='ocrx_word' id='word_1_523' title='bbox 3545 3191 3786 3256; x_wconf 78' lang='grc' dir='ltr'>πάντων,</span> 
     </span>
    </p>
   </div>
   <div class='ocr_carea' id='block_1_75' title="bbox 2200 3284 3789 3359">
    <p class='ocr_par' dir='ltr' id='par_1_75' title="bbox 2200 3284 3789 3359">
     <span class='ocr_line' id='line_1_75' title="bbox 2200 3284 3789 3359; baseline -0.004 -15"><span class='ocrx_word' id='word_1_524' title='bbox 2200 3286 2274 3344; x_wconf 80' lang='grc' dir='ltr'>ὧν</span> <span class='ocrx_word' id='word_1_525' title='bbox 2303 3292 2351 3343; x_wconf 81' lang='grc' dir='ltr'><strong>οἱ</strong></span> <span class='ocrx_word' id='word_1_526' title='bbox 2381 3288 2651 3359; x_wconf 77' lang='grc' dir='ltr'>ἀλλότριοι</span> <span class='ocrx_word' id='word_1_527' title='bbox 2670 3286 2908 3358; x_wconf 32' lang='grc' dir='ltr'>,λέγουσί</span> <span class='ocrx_word' id='word_1_528' title='bbox 2937 3303 2996 3339; x_wconf 90' lang='grc' dir='ltr'><strong>τε</strong></span> <span class='ocrx_word' id='word_1_529' title='bbox 3022 3286 3115 3339; x_wconf 75' lang='grc' dir='ltr'>καὶ</span> <span class='ocrx_word' id='word_1_530' title='bbox 3148 3286 3479 3356; x_wconf 75' lang='grc' dir='ltr'>πράττουσιν</span> <span class='ocrx_word' id='word_1_531' title='bbox 3502 3300 3515 3313; x_wconf 90' lang='grc'><strong>·</strong></span> <span class='ocrx_word' id='word_1_532' title='bbox 3552 3284 3789 3338; x_wconf 79' lang='grc' dir='ltr'>ἀσυστά-</span> 
     </span>
    </p>
   </div>
   <div class='ocr_carea' id='block_1_76' title="bbox 2196 3376 3789 3451">
    <p class='ocr_par' dir='ltr' id='par_1_76' title="bbox 2196 3376 3789 3451">
     <span class='ocr_line' id='line_1_76' title="bbox 2196 3376 3789 3451; baseline -0.005 -14"><span class='ocrx_word' id='word_1_533' title='bbox 2196 3401 2305 3446; x_wconf 92' lang='grc' dir='ltr'><strong>τως</strong></span> <span class='ocrx_word' id='word_1_534' title='bbox 2332 3382 2440 3436; x_wconf 90' lang='grc' dir='ltr'><strong>τῶν</strong></span> <span class='ocrx_word' id='word_1_535' title='bbox 2472 3382 2688 3435; x_wconf 75' lang='grc' dir='ltr'>πάντων</span> <span class='ocrx_word' id='word_1_536' title='bbox 2744 3380 2875 3451; x_wconf 79' lang='grc' dir='ltr'>παρ’</span> <span class='ocrx_word' id='word_1_537' title='bbox 2919 3380 3102 3442; x_wconf 77' lang='grc' dir='ltr'>αὐτοῖς</span> <span class='ocrx_word' id='word_1_538' title='bbox 3130 3378 3438 3448; x_wconf 85' lang='grc' dir='ltr'>λεγομένων</span> <span class='ocrx_word' id='word_1_539' title='bbox 3480 3394 3540 3429; x_wconf 93' lang='grc' dir='ltr'><strong>τε</strong></span> <span class='ocrx_word' id='word_1_540' title='bbox 3578 3376 3674 3430; x_wconf 78' lang='grc' dir='ltr'><strong>καὶ</strong></span> <span class='ocrx_word' id='word_1_541' title='bbox 3702 3393 3789 3444; x_wconf 79' lang='grc' dir='ltr'>γι-</span> 
     </span>
    </p>
   </div>
   <div class='ocr_carea' id='block_1_77' title="bbox 2197 3466 3790 3543">
    <p class='ocr_par' dir='ltr' id='par_1_77' title="bbox 2197 3466 3790 3543">
     <span class='ocr_line' id='line_1_77' title="bbox 2197 3466 3790 3543; baseline -0.005 -16"><span class='ocrx_word' id='word_1_542' title='bbox 2197 3472 2473 3543; x_wconf 90' lang='grc' dir='ltr'>νομένων,</span> <span class='ocrx_word' id='word_1_543' title='bbox 2525 3472 2619 3523; x_wconf 77' lang='grc' dir='ltr'><strong>καὶ</strong></span> <span class='ocrx_word' id='word_1_544' title='bbox 2662 3468 2932 3541; x_wconf 82' lang='grc' dir='ltr'>μηδεμίαν</span> <span class='ocrx_word' id='word_1_545' title='bbox 2972 3468 3210 3539; x_wconf 79' lang='grc' dir='ltr'>ἔμφασιν</span> <span class='ocrx_word' id='word_1_546' title='bbox 3248 3466 3501 3537; x_wconf 74' lang='grc' dir='ltr'>ἀληθείας</span> <span class='ocrx_word' id='word_1_547' title='bbox 3545 3467 3790 3537; x_wconf 79' lang='grc' dir='ltr'>ἐπιδεχο-</span> 
     </span>
    </p>
   </div>
   <div class='ocr_carea' id='block_1_78' title="bbox 2202 3566 2402 3637">
    <p class='ocr_par' dir='ltr' id='par_1_78' title="bbox 2202 3566 2402 3637">
     <span class='ocr_line' id='line_1_78' title="bbox 2202 3566 2402 3637; baseline -0.005 -19"><span class='ocrx_word' id='word_1_548' title='bbox 2202 3566 2402 3637; x_wconf 88' lang='grc' dir='ltr'>μένων.</span> 
     </span>
    </p>
   </div>
   <div class='ocr_carea' id='block_1_79' title="bbox 2272 3647 3789 3726">
    <p class='ocr_par' dir='ltr' id='par_1_79' title="bbox 2272 3647 3789 3726">
     <span class='ocr_line' id='line_1_79' title="bbox 2272 3647 3789 3726; baseline 0.01 -29"><span class='ocrx_word' id='word_1_549' title='bbox 2272 3660 2344 3711; x_wconf 54' lang='lat' dir='ltr'><strong>Bg</strong></span> <span class='ocrx_word' id='word_1_550' title='bbox 2377 3656 2440 3709; x_wconf 65' lang='lat' dir='ltr'><strong>Et</strong></span> <span class='ocrx_word' id='word_1_551' title='bbox 2462 3656 2571 3726; x_wconf 65' lang='grc' dir='ltr'><strong>γὰρ</strong></span> <span class='ocrx_word' id='word_1_552' title='bbox 2590 3653 2885 3726; x_wconf 81' lang='grc' dir='ltr'>κέχρηνται</span> <span class='ocrx_word' id='word_1_553' title='bbox 2908 3652 3120 3723; x_wconf 78' lang='grc' dir='ltr'>Παλαιᾷ</span> <span class='ocrx_word' id='word_1_554' title='bbox 3142 3654 3235 3706; x_wconf 65' lang='grc' dir='ltr'>καὶ</span> <span class='ocrx_word' id='word_1_555' title='bbox 3252 3651 3367 3722; x_wconf 71' lang='grc' dir='ltr'><strong>Νέᾳ</strong></span> <span class='ocrx_word' id='word_1_556' title='bbox 3382 3650 3646 3723; x_wconf 80' lang='grc' dir='ltr'>Διαθήκῃ,</span> <span class='ocrx_word' id='word_1_557' title='bbox 3671 3647 3789 3712; x_wconf 81' lang='grc' dir='ltr'>πῶς</span> 
     </span>
    </p>
   </div>
   <div class='ocr_carea' id='block_1_80' title="bbox 2199 3742 3793 3822">
    <p class='ocr_par' dir='ltr' id='par_1_80' title="bbox 2199 3742 3793 3822">
     <span class='ocr_line' id='line_1_80' title="bbox 2199 3742 3793 3822; baseline -0.008 -17"><span class='ocrx_word' id='word_1_558' title='bbox 2199 3749 2365 3822; x_wconf 70' lang='grc' dir='ltr'>ἀρχαὶ</span> <span class='ocrx_word' id='word_1_559' title='bbox 2382 3749 2630 3818; x_wconf 69' lang='grc' dir='ltr'>διάφοροι</span> <span class='ocrx_word' id='word_1_560' title='bbox 2643 3744 3159 3818; x_wconf 82' lang='grc' dir='ltr'>εὐρεθήσονται,τῶν</span> <span class='ocrx_word' id='word_1_561' title='bbox 3170 3742 3558 3813; x_wconf 82' lang='grc' dir='ltr'>δύοΔιαθηκῶν</span> <span class='ocrx_word' id='word_1_562' title='bbox 3571 3757 3793 3811; x_wconf 80' lang='grc' dir='ltr'>συμφω-</span> 
     </span>
    </p>
   </div>
   <div class='ocr_carea' id='block_1_81' title="bbox 2200 3832 3789 3906">
    <p class='ocr_par' dir='ltr' id='par_1_81' title="bbox 2200 3832 3789 3906">
     <span class='ocr_line' id='line_1_81' title="bbox 2200 3832 3789 3906; baseline -0.004 -18"><span class='ocrx_word' id='word_1_563' title='bbox 2200 3838 2405 3891; x_wconf 83' lang='grc' dir='ltr'>νουσῶν</span> <span class='ocrx_word' id='word_1_564' title='bbox 2429 3838 2555 3905; x_wconf 70' lang='grc' dir='ltr'>περὶ</span> <span class='ocrx_word' id='word_1_565' title='bbox 2582 3837 2709 3906; x_wconf 82' lang='grc' dir='ltr'>μιᾶς</span> <span class='ocrx_word' id='word_1_566' title='bbox 2732 3833 3005 3905; x_wconf 81' lang='grc' dir='ltr'>θεότητος,</span> <span class='ocrx_word' id='word_1_567' title='bbox 3030 3834 3124 3886; x_wconf 74' lang='grc' dir='ltr'><strong>καὶ</strong></span> <span class='ocrx_word' id='word_1_568' title='bbox 3151 3834 3250 3904; x_wconf 80' lang='grc' dir='ltr'><strong>τὴν</strong></span> <span class='ocrx_word' id='word_1_569' title='bbox 3270 3832 3471 3902; x_wconf 85' lang='grc' dir='ltr'>γνῶσιν</span> <span class='ocrx_word' id='word_1_570' title='bbox 3492 3847 3789 3902; x_wconf 75' lang='grc' dir='ltr'>κηρύττου-</span> 
     </span>
    </p>
   </div>
   <div class='ocr_carea' id='block_1_82' title="bbox 2203 3922 3789 3997">
    <p class='ocr_par' dir='ltr' id='par_1_82' title="bbox 2203 3922 3789 3997">
     <span class='ocr_line' id='line_1_82' title="bbox 2203 3922 3789 3997; baseline -0.006 -14"><span class='ocrx_word' id='word_1_571' title='bbox 2203 3931 2310 3983; x_wconf 84' lang='grc' dir='ltr'><strong>σῶν</strong></span> <span class='ocrx_word' id='word_1_572' title='bbox 2326 3930 2346 3959; x_wconf 75' lang='grc'>⁸</span> <span class='ocrx_word' id='word_1_573' title='bbox 2367 3948 2381 3996; x_wconf 88' lang='grc'>;</span> <span class='ocrx_word' id='word_1_574' title='bbox 2406 3927 2469 3982; x_wconf 78' lang='grc' dir='ltr'><strong>Εἰ</strong></span> <span class='ocrx_word' id='word_1_575' title='bbox 2486 3928 2541 3980; x_wconf 81' lang='grc' dir='ltr'>δὲ</span> <span class='ocrx_word' id='word_1_576' title='bbox 2556 3928 2639 3997; x_wconf 77' lang='grc' dir='ltr'><strong>εἴη</strong></span> <span class='ocrx_word' id='word_1_577' title='bbox 2655 3927 2748 3979; x_wconf 72' lang='grc' dir='ltr'><strong>καὶ</strong></span> <span class='ocrx_word' id='word_1_578' title='bbox 2762 3925 2969 3995; x_wconf 83' lang='grc' dir='ltr'>νεκρῶν</span> <span class='ocrx_word' id='word_1_579' title='bbox 2986 3926 3303 3988; x_wconf 86' lang='grc' dir='ltr'>ἀνάστασις,</span> <span class='ocrx_word' id='word_1_580' title='bbox 3321 3923 3435 3985; x_wconf 85' lang='grc' dir='ltr'><strong>πῶς</strong></span> <span class='ocrx_word' id='word_1_581' title='bbox 3452 3922 3531 3976; x_wconf 72' lang='grc' dir='ltr'>ἔτι</span> <span class='ocrx_word' id='word_1_582' title='bbox 3548 3926 3575 3976; x_wconf 83' lang='grc' dir='ltr'>ὁ</span> <span class='ocrx_word' id='word_1_583' title='bbox 3595 3922 3789 3993; x_wconf 80' lang='grc' dir='ltr'>σεμνὸς</span> 
     </span>
    </p>
   </div>
   <div class='ocr_carea' id='block_1_83' title="bbox 2200 4016 3784 4095">
    <p class='ocr_par' dir='ltr' id='par_1_83' title="bbox 2200 4016 3784 4095">
     <span class='ocr_line' id='line_1_83' title="bbox 2200 4016 3784 4095; baseline -0.008 -17"><span class='ocrx_word' id='word_1_584' title='bbox 2200 4026 2377 4095; x_wconf 76' lang='grc' dir='ltr'>γάμος</span> <span class='ocrx_word' id='word_1_585' title='bbox 2410 4022 2503 4076; x_wconf 77' lang='grc' dir='ltr'><strong>τοῦ</strong></span> <span class='ocrx_word' id='word_1_586' title='bbox 2536 4022 2782 4076; x_wconf 78' lang='grc' dir='ltr'>διαϐόλου</span> <span class='ocrx_word' id='word_1_587' title='bbox 2820 4019 3175 4091; x_wconf 81' lang='grc' dir='ltr'>εὑρεθήσεται</span> <span class='ocrx_word' id='word_1_588' title='bbox 3208 4057 3223 4081; x_wconf 92' lang='grc'><strong>,</strong></span> <span class='ocrx_word' id='word_1_589' title='bbox 3256 4019 3415 4071; x_wconf 82' lang='grc' dir='ltr'>ὁπότε</span> <span class='ocrx_word' id='word_1_590' title='bbox 3439 4018 3570 4080; x_wconf 77' lang='grc' dir='ltr'>Θεὸς</span> <span class='ocrx_word' id='word_1_591' title='bbox 3600 4016 3784 4084; x_wconf 82' lang='grc' dir='ltr'>λέγει’</span> 
     </span>
    </p>
   </div>
   <div class='ocr_carea' id='block_1_84' title="bbox 2203 4107 3790 4183">
    <p class='ocr_par' dir='ltr' id='par_1_84' title="bbox 2203 4107 3790 4183">
     <span class='ocr_line' id='line_1_84' title="bbox 2203 4107 3790 4183; baseline -0.006 -13"><span class='ocrx_word' id='word_1_592' title='bbox 2203 4117 2547 4183; x_wconf 77' lang='grc' dir='ltr'>Αὺξάνεσθε</span> <span class='ocrx_word' id='word_1_593' title='bbox 2571 4116 2667 4167; x_wconf 75' lang='grc' dir='ltr'>καὶ</span> <span class='ocrx_word' id='word_1_594' title='bbox 2700 4114 3082 4181; x_wconf 78' lang='grc' dir='ltr'>πληθύνεσθε</span> <span class='ocrx_word' id='word_1_595' title='bbox 3101 4130 3114 4142; x_wconf 70' lang='grc'><strong><em>⁸</em></strong></span> <span class='ocrx_word' id='word_1_596' title='bbox 3166 4113 3262 4165; x_wconf 72' lang='grc' dir='ltr'><strong>καὶ</strong></span> <span class='ocrx_word' id='word_1_597' title='bbox 3286 4111 3379 4164; x_wconf 81' lang='grc' dir='ltr'><strong>τοῦ</strong></span> <span class='ocrx_word' id='word_1_598' title='bbox 3414 4110 3610 4180; x_wconf 83' lang='grc' dir='ltr'>Κυρίου</span> <span class='ocrx_word' id='word_1_599' title='bbox 3633 4111 3691 4161; x_wconf 83' lang='grc' dir='ltr'>ὲν</span> <span class='ocrx_word' id='word_1_600' title='bbox 3710 4107 3790 4179; x_wconf 80' lang='grc' dir='ltr'>τῷ</span> 
     </span>
    </p>
   </div>
   <div class='ocr_carea' id='block_1_85' title="bbox 2203 4200 3788 4276">
    <p class='ocr_par' dir='ltr' id='par_1_85' title="bbox 2203 4200 3788 4276">
     <span class='ocr_line' id='line_1_85' title="bbox 2203 4200 3788 4276; baseline -0.006 -15"><span class='ocrx_word' id='word_1_601' title='bbox 2203 4205 2519 4276; x_wconf 84' lang='grc' dir='ltr'>Εύαγγελίῳ</span> <span class='ocrx_word' id='word_1_602' title='bbox 2560 4204 2842 4273; x_wconf 82' lang='grc' dir='ltr'>λέγοντος’</span> <span class='ocrx_word' id='word_1_603' title='bbox 2911 4205 2969 4256; x_wconf 78' lang='grc' dir='ltr'>Ἀ</span> <span class='ocrx_word' id='word_1_604' title='bbox 3012 4206 3044 4256; x_wconf 88' lang='grc' dir='ltr'><strong>ό</strong></span> <span class='ocrx_word' id='word_1_605' title='bbox 3077 4202 3222 4268; x_wconf 83' lang='grc' dir='ltr'>Θεὸς</span> <span class='ocrx_word' id='word_1_606' title='bbox 3254 4201 3646 4266; x_wconf 77' lang='grc' dir='ltr'>συνέζευξεν,</span> <span class='ocrx_word' id='word_1_607' title='bbox 3682 4200 3788 4253; x_wconf 63' lang='grc' dir='ltr'><strong>ἄνα</strong></span> 
     </span>
    </p>
   </div>
   <div class='ocr_carea' id='block_1_86' title="bbox 2203 4292 3787 4366">
    <p class='ocr_par' dir='ltr' id='par_1_86' title="bbox 2203 4292 3787 4366">
     <span class='ocr_line' id='line_1_86' title="bbox 2203 4292 3787 4366; baseline -0.004 -15"><span class='ocrx_word' id='word_1_608' title='bbox 2203 4302 2432 4366; x_wconf 78' lang='grc' dir='ltr'>Ορωπος</span> <span class='ocrx_word' id='word_1_609' title='bbox 2454 4296 2540 4366; x_wconf 84' lang='grc' dir='ltr'>μὴ</span> <span class='ocrx_word' id='word_1_610' title='bbox 2567 4294 2848 4365; x_wconf 80' lang='grc' dir='ltr'>χωριζέτω</span> <span class='ocrx_word' id='word_1_611' title='bbox 2866 4312 2877 4326; x_wconf 80' lang='grc'><strong><em>⁸</em></strong></span> <span class='ocrx_word' id='word_1_612' title='bbox 2910 4294 3003 4348; x_wconf 70' lang='grc' dir='ltr'>καὶ</span> <span class='ocrx_word' id='word_1_613' title='bbox 3028 4293 3125 4347; x_wconf 77' lang='grc' dir='ltr'>τοῦ</span> <span class='ocrx_word' id='word_1_614' title='bbox 3155 4293 3480 4347; x_wconf 84' lang='grc' dir='ltr'>’Λποστόλου</span> <span class='ocrx_word' id='word_1_615' title='bbox 3503 4292 3749 4361; x_wconf 85' lang='grc' dir='ltr'>λέγοντος</span> <span class='ocrx_word' id='word_1_616' title='bbox 3768 4308 3787 4321; x_wconf 85' lang='grc'><em>’</em></span> 
     </span>
    </p>
   </div>
   <div class='ocr_carea' id='block_1_87' title="bbox 2211 4385 3790 4459">
    <p class='ocr_par' dir='ltr' id='par_1_87' title="bbox 2211 4385 3790 4459">
     <span class='ocr_line' id='line_1_87' title="bbox 2211 4385 3790 4459; baseline -0.004 -16"><span class='ocrx_word' id='word_1_617' title='bbox 2211 4392 2402 4459; x_wconf 78' lang='grc' dir='ltr'>Τίμιος</span> <span class='ocrx_word' id='word_1_618' title='bbox 2433 4392 2466 4442; x_wconf 91' lang='grc' dir='ltr'><strong>ό</strong></span> <span class='ocrx_word' id='word_1_619' title='bbox 2493 4387 2697 4458; x_wconf 75' lang='grc' dir='ltr'>γάμος,</span> <span class='ocrx_word' id='word_1_620' title='bbox 2730 4388 2826 4440; x_wconf 78' lang='grc' dir='ltr'>καὶ</span> <span class='ocrx_word' id='word_1_621' title='bbox 2855 4388 2891 4455; x_wconf 76' lang='grc' dir='ltr'><strong><em>ἠ</em></strong></span> <span class='ocrx_word' id='word_1_622' title='bbox 2918 4387 3085 4456; x_wconf 82' lang='grc' dir='ltr'>κοίτη</span> <span class='ocrx_word' id='word_1_623' title='bbox 3114 4386 3426 4455; x_wconf 83' lang='grc' dir='ltr'>ἁμίιιντος;</span> <span class='ocrx_word' id='word_1_624' title='bbox 3459 4387 3553 4449; x_wconf 86' lang='grc' dir='ltr'><strong>Εἰς</strong></span> <span class='ocrx_word' id='word_1_625' title='bbox 3579 4385 3790 4438; x_wconf 78' lang='grc' dir='ltr'>ἑαυτῶν</span> 
     </span>
    </p>
   </div>
   <div class='ocr_carea' id='block_1_88' title="bbox 2203 4478 3790 4553">
    <p class='ocr_par' dir='ltr' id='par_1_88' title="bbox 2203 4478 3790 4553">
     <span class='ocr_line' id='line_1_88' title="bbox 2203 4478 3790 4553; baseline -0.004 -17"><span class='ocrx_word' id='word_1_626' title='bbox 2203 4484 2259 4536; x_wconf 84' lang='grc' dir='ltr'><strong>δὲ</strong></span> <span class='ocrx_word' id='word_1_627' title='bbox 2286 4482 2509 4553; x_wconf 82' lang='grc' dir='ltr'>γνώμην</span> <span class='ocrx_word' id='word_1_628' title='bbox 2539 4482 2632 4533; x_wconf 73' lang='grc' dir='ltr'><strong>καὶ</strong></span> <span class='ocrx_word' id='word_1_629' title='bbox 2663 4481 3005 4552; x_wconf 82' lang='grc' dir='ltr'>παράστασιν</span> <span class='ocrx_word' id='word_1_630' title='bbox 3036 4479 3359 4551; x_wconf 81' lang='grc' dir='ltr'>μυθολογίας</span> <span class='ocrx_word' id='word_1_631' title='bbox 3388 4478 3482 4532; x_wconf 75' lang='grc' dir='ltr'><strong>καὶ</strong></span> <span class='ocrx_word' id='word_1_632' title='bbox 3517 4478 3624 4531; x_wconf 87' lang='grc' dir='ltr'><strong>τῶν</strong></span> <span class='ocrx_word' id='word_1_633' title='bbox 3643 4480 3663 4510; x_wconf 88' lang='grc'><strong>⁹</strong></span> <span class='ocrx_word' id='word_1_634' title='bbox 3700 4495 3790 4529; x_wconf 86' lang='grc' dir='ltr'>πι-</span> 
     </span>
    </p>
   </div>
   <div class='ocr_carea' id='block_1_89' title="bbox 528 4557 2096 4645">
    <p class='ocr_par' dir='ltr' id='par_1_89' title="bbox 528 4557 2096 4627">
     <span class='ocr_line' id='line_1_89' title="bbox 528 4557 2096 4627; baseline -0.003 -11"><span class='ocrx_word' id='word_1_635' title='bbox 528 4573 675 4617; x_wconf 75' lang='lat' dir='ltr'><strong>torus</strong></span> <span class='ocrx_word' id='word_1_636' title='bbox 722 4559 1097 4614; x_wconf 81' lang='lat' dir='ltr'><strong>immaculatus</strong></span> <span class='ocrx_word' id='word_1_637' title='bbox 1122 4560 1165 4612; x_wconf 87' lang='grc'><strong>³.</strong></span> <span class='ocrx_word' id='word_1_638' title='bbox 1212 4557 1412 4613; x_wconf 87' lang='lat' dir='ltr'><strong>Verum</strong></span> <span class='ocrx_word' id='word_1_639' title='bbox 1453 4558 1518 4611; x_wconf 87' lang='lat' dir='ltr'><strong>ad</strong></span> <span class='ocrx_word' id='word_1_640' title='bbox 1568 4558 1876 4627; x_wconf 90' lang='lat' dir='ltr'><strong>opinionem</strong></span> <span class='ocrx_word' id='word_1_641' title='bbox 1924 4574 2096 4620; x_wconf 79' lang='lat' dir='ltr'><strong>suam,</strong></span> 
     </span>
    </p>
   </div>
   <div class='ocr_carea' id='block_1_90' title="bbox 2198 4557 3793 4645">
    <p class='ocr_par' dir='ltr' id='par_1_90' title="bbox 2210 4565 3793 4641">
     <span class='ocr_line' id='line_1_90' title="bbox 2210 4565 3793 4641; baseline -0.004 -16"><span class='ocrx_word' id='word_1_642' title='bbox 2210 4572 2407 4625; x_wconf 87' lang='grc' dir='ltr'>νόντων</span> <span class='ocrx_word' id='word_1_643' title='bbox 2440 4572 2529 4622; x_wconf 71' lang='grc' dir='ltr'>τὸν</span> <span class='ocrx_word' id='word_1_644' title='bbox 2558 4565 2721 4633; x_wconf 73' lang='grc' dir='ltr'>οἶνον,</span> <span class='ocrx_word' id='word_1_645' title='bbox 2753 4569 3215 4639; x_wconf 79' lang='grc' dir='ltr'>ἐπιλαμϐάνονταί</span> <span class='ocrx_word' id='word_1_646' title='bbox 3240 4586 3361 4622; x_wconf 90' lang='grc' dir='ltr'>τινα</span> <span class='ocrx_word' id='word_1_647' title='bbox 3398 4566 3793 4641; x_wconf 72' lang='grc' dir='ltr'>θηρολεκτοῦνο</span> 
     </span>
    </p>
   </div>
   <div class='ocr_carea' id='block_1_91' title="bbox 527 4647 2103 4722">
    <p class='ocr_par' dir='ltr' id='par_1_91' title="bbox 527 4647 2103 4722">
     <span class='ocr_line' id='line_1_91' title="bbox 527 4647 2103 4722; baseline -0.005 -13"><span class='ocrx_word' id='word_1_648' title='bbox 527 4654 644 4709; x_wconf 83' lang='lat' dir='ltr'><strong>sive</strong></span> <span class='ocrx_word' id='word_1_649' title='bbox 682 4652 863 4722; x_wconf 90' lang='lat' dir='ltr'><strong>potius</strong></span> <span class='ocrx_word' id='word_1_650' title='bbox 906 4650 1145 4704; x_wconf 78' lang='lat' dir='ltr'><strong>fabulam</strong></span> <span class='ocrx_word' id='word_1_651' title='bbox 1180 4647 1557 4711; x_wconf 89' lang='lat' dir='ltr'><strong>asserendam,</strong></span> <span class='ocrx_word' id='word_1_652' title='bbox 1597 4664 1802 4718; x_wconf 84' lang='lat' dir='ltr'><strong>eosque</strong></span> <span class='ocrx_word' id='word_1_653' title='bbox 1834 4649 2103 4702; x_wconf 72' lang='lat' dir='ltr'><strong>damnau-</strong></span> 
     </span>
    </p>
   </div>
   <div class='ocr_carea' id='block_1_92' title="bbox 526 4740 2103 4814">
    <p class='ocr_par' dir='ltr' id='par_1_92' title="bbox 526 4740 2103 4814">
     <span class='ocr_line' id='line_1_92' title="bbox 526 4740 2103 4814; baseline -0.006 -13"><span class='ocrx_word' id='word_1_654' title='bbox 526 4747 649 4808; x_wconf 85' lang='lat' dir='ltr'><strong>dos,</strong></span> <span class='ocrx_word' id='word_1_655' title='bbox 672 4744 766 4814; x_wconf 91' lang='lat' dir='ltr'><strong>qui</strong></span> <span class='ocrx_word' id='word_1_656' title='bbox 789 4744 975 4797; x_wconf 88' lang='lat' dir='ltr'><strong>vinum</strong></span> <span class='ocrx_word' id='word_1_657' title='bbox 1000 4742 1282 4804; x_wconf 89' lang='lat' dir='ltr'><strong>adhibent,</strong></span> <span class='ocrx_word' id='word_1_658' title='bbox 1316 4740 1595 4795; x_wconf 91' lang='lat' dir='ltr'><strong>nonnullis</strong></span> <span class='ocrx_word' id='word_1_659' title='bbox 1621 4741 1922 4795; x_wconf 89' lang='lat' dir='ltr'><strong>abutuntur</strong></span> <span class='ocrx_word' id='word_1_660' title='bbox 1952 4740 2103 4795; x_wconf 85' lang='lat' dir='ltr'><strong>Scri-</strong></span> 
     </span>
    </p>
   </div>
   <div class='ocr_carea' id='block_1_93' title="bbox 528 4832 2106 4908">
    <p class='ocr_par' dir='ltr' id='par_1_93' title="bbox 528 4832 2106 4908">
     <span class='ocr_line' id='line_1_93' title="bbox 528 4832 2106 4908; baseline -0.003 -17"><span class='ocrx_word' id='word_1_661' title='bbox 528 4847 703 4908; x_wconf 72' lang='lat' dir='ltr'><strong>ptura:</strong></span> <span class='ocrx_word' id='word_1_662' title='bbox 726 4836 882 4897; x_wconf 88' lang='lat' dir='ltr'><strong>locis,</strong></span> <span class='ocrx_word' id='word_1_663' title='bbox 910 4849 974 4888; x_wconf 85' lang='lat' dir='ltr'><strong>ac</strong></span> <span class='ocrx_word' id='word_1_664' title='bbox 992 4848 1154 4887; x_wconf 76' lang='lat' dir='ltr'><strong>voces</strong></span> <span class='ocrx_word' id='word_1_665' title='bbox 1180 4841 1543 4901; x_wconf 77' lang='lat' dir='ltr'><strong>ancupantur,</strong></span> <span class='ocrx_word' id='word_1_666' title='bbox 1571 4832 1772 4901; x_wconf 90' lang='lat' dir='ltr'><strong>quibus</strong></span> <span class='ocrx_word' id='word_1_667' title='bbox 1802 4846 1829 4883; x_wconf 87' lang='lat' dir='ltr'><strong>a</strong></span> <span class='ocrx_word' id='word_1_668' title='bbox 1858 4832 2106 4886; x_wconf 63' lang='lat' dir='ltr'><strong>dtemone</strong></span> 
     </span>
    </p>
   </div>
   <div class='ocr_carea' id='block_1_94' title="bbox 528 4922 2107 5003">
    <p class='ocr_par' dir='ltr' id='par_1_94' title="bbox 528 4922 2107 5003">
     <span class='ocr_line' id='line_1_94' title="bbox 528 4922 2107 5003; baseline -0.004 -19"><span class='ocrx_word' id='word_1_669' title='bbox 528 4931 833 5003; x_wconf 75' lang='lat' dir='ltr'><strong>profectimi</strong></span> <span class='ocrx_word' id='word_1_670' title='bbox 873 4928 1015 4981; x_wconf 85' lang='lat' dir='ltr'><strong>istud</strong></span> <span class='ocrx_word' id='word_1_671' title='bbox 1048 4926 1223 4995; x_wconf 83' lang='lat' dir='ltr'><strong>ipsum</strong></span> <span class='ocrx_word' id='word_1_672' title='bbox 1263 4925 1660 4979; x_wconf 87' lang='lat' dir='ltr'><strong>demonstrent.</strong></span> <span class='ocrx_word' id='word_1_673' title='bbox 1698 4922 1831 4976; x_wconf 81' lang='lat' dir='ltr'><strong>Nam</strong></span> <span class='ocrx_word' id='word_1_674' title='bbox 1872 4934 1925 4977; x_wconf 85' lang='lat' dir='ltr'><strong>et</strong></span> <span class='ocrx_word' id='word_1_675' title='bbox 1970 4922 2107 4977; x_wconf 89' lang='lat' dir='ltr'><strong>Noe-</strong></span> 
     </span>
    </p>
   </div>
   <div class='ocr_carea' id='block_1_95' title="bbox 527 5017 2106 5092">
    <p class='ocr_par' dir='ltr' id='par_1_95' title="bbox 527 5017 2106 5092">
     <span class='ocr_line' id='line_1_95' title="bbox 527 5017 2106 5092; baseline -0.003 -17"><span class='ocrx_word' id='word_1_676' title='bbox 527 5040 673 5087; x_wconf 85' lang='lat' dir='ltr'><strong>lllUS,</strong></span> <span class='ocrx_word' id='word_1_677' title='bbox 726 5022 1002 5092; x_wconf 87' lang='lat' dir='ltr'><strong>inquiunt,</strong></span> <span class='ocrx_word' id='word_1_678' title='bbox 1050 5029 1407 5089; x_wconf 85' lang='lat' dir='ltr'><strong>posteaquam</strong></span> <span class='ocrx_word' id='word_1_679' title='bbox 1457 5018 1640 5071; x_wconf 88' lang='lat' dir='ltr'><strong>vinum</strong></span> <span class='ocrx_word' id='word_1_680' title='bbox 1684 5018 1838 5077; x_wconf 87' lang='lat' dir='ltr'><strong>bibit.</strong></span> <span class='ocrx_word' id='word_1_681' title='bbox 1871 5017 2106 5070; x_wconf 73' lang='lat' dir='ltr'><strong>nudatus</strong></span> 
     </span>
    </p>
   </div>
   <div class='ocr_carea' id='block_1_96' title="bbox 526 5110 2103 5178">
    <p class='ocr_par' dir='ltr' id='par_1_96' title="bbox 526 5110 2103 5178">
     <span class='ocr_line' id='line_1_96' title="bbox 526 5110 2103 5178; baseline -0.006 -6"><span class='ocrx_word' id='word_1_682' title='bbox 526 5123 613 5171; x_wconf 74' lang='lat' dir='ltr'><strong>est</strong></span> <span class='ocrx_word' id='word_1_683' title='bbox 632 5114 676 5168; x_wconf 72' lang='grc'><strong><em>⁵.</em></strong></span> <span class='ocrx_word' id='word_1_684' title='bbox 708 5113 810 5166; x_wconf 86' lang='lat' dir='ltr'><strong>Lot</strong></span> <span class='ocrx_word' id='word_1_685' title='bbox 847 5114 1032 5167; x_wconf 88' lang='lat' dir='ltr'><strong>ebrius</strong></span> <span class='ocrx_word' id='word_1_686' title='bbox 1060 5127 1184 5166; x_wconf 90' lang='lat' dir='ltr'><strong>cum</strong></span> <span class='ocrx_word' id='word_1_687' title='bbox 1224 5110 1437 5163; x_wconf 80' lang='lat' dir='ltr'><strong>ﬁliabus</strong></span> <span class='ocrx_word' id='word_1_688' title='bbox 1486 5112 1603 5165; x_wconf 88' lang='lat' dir='ltr'><strong>suis</strong></span> <span class='ocrx_word' id='word_1_689' title='bbox 1638 5110 1952 5178; x_wconf 71' lang='lat' dir='ltr'><strong>imprudens</strong></span> <span class='ocrx_word' id='word_1_690' title='bbox 1983 5126 2103 5163; x_wconf 89' lang='lat' dir='ltr'><strong>con-</strong></span> 
     </span>
    </p>
   </div>
   <div class='ocr_carea' id='block_1_97' title="bbox 533 5202 2109 5262">
    <p class='ocr_par' dir='ltr' id='par_1_97' title="bbox 533 5202 2109 5262">
     <span class='ocr_line' id='line_1_97' title="bbox 533 5202 2109 5262; baseline -0.003 0"><span class='ocrx_word' id='word_1_691' title='bbox 533 5207 790 5262; x_wconf 70' lang='lat' dir='ltr'><strong>cubuit”.</strong></span> <span class='ocrx_word' id='word_1_692' title='bbox 829 5205 1025 5259; x_wconf 87' lang='lat' dir='ltr'><strong>Eadem</strong></span> <span class='ocrx_word' id='word_1_693' title='bbox 1071 5204 1137 5257; x_wconf 86' lang='lat' dir='ltr'><strong>ad</strong></span> <span class='ocrx_word' id='word_1_694' title='bbox 1181 5202 1561 5257; x_wconf 80' lang='lat' dir='ltr'><strong>fabricandum</strong></span> <span class='ocrx_word' id='word_1_695' title='bbox 1601 5203 1835 5256; x_wconf 83' lang='lat' dir='ltr'><strong>vitulum</strong></span> <span class='ocrx_word' id='word_1_696' title='bbox 1868 5202 2109 5257; x_wconf 87' lang='lat' dir='ltr'><strong>ebrietas</strong></span> 
     </span>
    </p>
   </div>
   <div class='ocr_carea' id='block_1_98' title="bbox 530 5292 2108 5371">
    <p class='ocr_par' dir='ltr' id='par_1_98' title="bbox 530 5292 2108 5371">
     <span class='ocr_line' id='line_1_98' title="bbox 530 5292 2108 5371; baseline -0.004 -17"><span class='ocrx_word' id='word_1_697' title='bbox 530 5300 744 5371; x_wconf 84' lang='lat' dir='ltr'><strong>impulit</strong></span> <span class='ocrx_word' id='word_1_698' title='bbox 762 5300 802 5353; x_wconf 80' lang='lat'><strong>°.</strong></span> <span class='ocrx_word' id='word_1_699' title='bbox 830 5298 949 5364; x_wconf 87' lang='lat' dir='ltr'><strong>Quo</strong></span> <span class='ocrx_word' id='word_1_700' title='bbox 969 5298 1059 5351; x_wconf 93' lang='lat' dir='ltr'><strong>illa</strong></span> <span class='ocrx_word' id='word_1_701' title='bbox 1087 5296 1381 5366; x_wconf 70' lang='lat' dir='ltr'><strong>Scriptura:</strong></span> <span class='ocrx_word' id='word_1_702' title='bbox 1405 5295 1565 5350; x_wconf 81' lang='lat' dir='ltr'><strong>Verba</strong></span> <span class='ocrx_word' id='word_1_703' title='bbox 1586 5296 1855 5365; x_wconf 89' lang='lat' dir='ltr'><strong>pertinent</strong></span> <span class='ocrx_word' id='word_1_704' title='bbox 1872 5311 1885 5348; x_wconf 87' lang='lat'><strong>:</strong></span> <span class='ocrx_word' id='word_1_705' title='bbox 1902 5292 2002 5350; x_wconf 86' lang='lat' dir='ltr'><strong>Cui</strong></span> <span class='ocrx_word' id='word_1_706' title='bbox 2026 5306 2108 5347; x_wconf 83' lang='lat' dir='ltr'><strong>tu-</strong></span> 
     </span>
    </p>
   </div>
   <div class='ocr_carea' id='block_1_99' title="bbox 534 5387 2108 5463">
    <p class='ocr_par' dir='ltr' id='par_1_99' title="bbox 534 5387 2108 5463">
     <span class='ocr_line' id='line_1_99' title="bbox 534 5387 2108 5463; baseline -0.004 -14"><span class='ocrx_word' id='word_1_707' title='bbox 534 5397 774 5449; x_wconf 78' lang='lat' dir='ltr'><strong>multus?</strong></span> <span class='ocrx_word' id='word_1_708' title='bbox 814 5395 900 5446; x_wconf 86' lang='lat' dir='ltr'><strong>cui</strong></span> <span class='ocrx_word' id='word_1_709' title='bbox 940 5408 1126 5463; x_wconf 75' lang='lat' dir='ltr'><strong>pugna:</strong></span> <span class='ocrx_word' id='word_1_710' title='bbox 1149 5393 1175 5447; x_wconf 69' lang='lat'><strong>.7</strong></span> <span class='ocrx_word' id='word_1_711' title='bbox 1202 5390 1286 5443; x_wconf 88' lang='lat' dir='ltr'><strong>cui</strong></span> <span class='ocrx_word' id='word_1_712' title='bbox 1319 5390 1572 5443; x_wconf 77' lang='lat' dir='ltr'><strong>molestia:</strong></span> <span class='ocrx_word' id='word_1_713' title='bbox 1617 5405 1678 5441; x_wconf 88' lang='lat' dir='ltr'><strong>ac</strong></span> <span class='ocrx_word' id='word_1_714' title='bbox 1705 5387 2060 5454; x_wconf 76' lang='lat' dir='ltr'><strong>fabulationes</strong></span> <span class='ocrx_word' id='word_1_715' title='bbox 2083 5390 2108 5442; x_wconf 86' lang='lat'><strong><em>?</em></strong></span> 
     </span>
    </p>
   </div>
   <div class='ocr_carea' id='block_1_100' title="bbox 533 5480 2107 5555">
    <p class='ocr_par' dir='ltr' id='par_1_100' title="bbox 533 5480 2107 5555">
     <span class='ocr_line' id='line_1_100' title="bbox 533 5480 2107 5555; baseline -0.003 -17"><span class='ocrx_word' id='word_1_716' title='bbox 533 5486 615 5542; x_wconf 73' lang='lat' dir='ltr'><strong>cui</strong></span> <span class='ocrx_word' id='word_1_717' title='bbox 659 5484 818 5555; x_wconf 66' lang='lat' dir='ltr'><strong>Ml</strong></span> <span class='ocrx_word' id='word_1_718' title='bbox 865 5484 1204 5535; x_wconf 82' lang='lat' dir='ltr'><strong>contritiones</strong></span> <span class='ocrx_word' id='word_1_719' title='bbox 1266 5482 1511 5550; x_wconf 77' lang='lat' dir='ltr'><strong>frustra?</strong></span> <span class='ocrx_word' id='word_1_720' title='bbox 1573 5480 1722 5549; x_wconf 78' lang='lat' dir='ltr'><strong>cujus</strong></span> <span class='ocrx_word' id='word_1_721' title='bbox 1780 5480 1928 5534; x_wconf 80' lang='lat' dir='ltr'><strong>lividi</strong></span> <span class='ocrx_word' id='word_1_722' title='bbox 1987 5488 2107 5534; x_wconf 80' lang='lat' dir='ltr'><strong>sunt</strong></span> 
     </span>
    </p>
   </div>
   <div class='ocr_carea' id='block_1_101' title="bbox 530 5572 2109 5642">
    <p class='ocr_par' dir='ltr' id='par_1_101' title="bbox 530 5572 2109 5642">
     <span class='ocr_line' id='line_1_101' title="bbox 530 5572 2109 5642; baseline -0.004 -9"><span class='ocrx_word' id='word_1_723' title='bbox 530 5578 713 5633; x_wconf 64' lang='lat' dir='ltr'><strong>oeufi?</strong></span> <span class='ocrx_word' id='word_1_724' title='bbox 763 5575 947 5629; x_wconf 82' lang='lat' dir='ltr'><strong>Nonne</strong></span> <span class='ocrx_word' id='word_1_725' title='bbox 993 5592 1172 5629; x_wconf 85' lang='lat' dir='ltr'><strong>eorum</strong></span> <span class='ocrx_word' id='word_1_726' title='bbox 1220 5575 1309 5642; x_wconf 82' lang='lat' dir='ltr'><strong>qui</strong></span> <span class='ocrx_word' id='word_1_727' title='bbox 1347 5582 1824 5627; x_wconf 82' lang='lat' dir='ltr'><strong>commemorantur</strong></span> <span class='ocrx_word' id='word_1_728' title='bbox 1865 5572 1919 5625; x_wconf 80' lang='lat' dir='ltr'><strong>in</strong></span> <span class='ocrx_word' id='word_1_729' title='bbox 1947 5572 2109 5627; x_wconf 81' lang='lat' dir='ltr'><strong>vino?</strong></span> 
     </span>
    </p>
   </div>
   <div class='ocr_carea' id='block_1_102' title="bbox 604 5751 1199 5820">
    <p class='ocr_par' dir='ltr' id='par_1_102' title="bbox 604 5751 1199 5820">
     <span class='ocr_line' id='line_1_102' title="bbox 604 5751 1199 5820; baseline -0.005 -12"><span class='ocrx_word' id='word_1_730' title='bbox 604 5758 624 5789; x_wconf 82' lang='lat'><strong>‘-</strong></span> <span class='ocrx_word' id='word_1_731' title='bbox 656 5751 793 5811; x_wconf 85' lang='lat' dir='ltr'><strong>Gen.</strong></span> <span class='ocrx_word' id='word_1_732' title='bbox 824 5769 862 5817; x_wconf 86' lang='grc' dir='ltr'><strong>ι,</strong></span> <span class='ocrx_word' id='word_1_733' title='bbox 897 5754 999 5820; x_wconf 72' lang='lat'><strong>28;</strong></span> <span class='ocrx_word' id='word_1_734' title='bbox 1033 5770 1103 5817; x_wconf 71' lang='lat' dir='ltr'><strong>ix,</strong></span> <span class='ocrx_word' id='word_1_735' title='bbox 1152 5753 1199 5806; x_wconf 86' lang='lat' dir='ltr'><strong>l.</strong></span> 
     </span>
    </p>
   </div>
   <div class='ocr_carea' id='block_1_103' title="bbox 532 5821 2105 5896">
    <p class='ocr_par' dir='ltr' id='par_1_103' title="bbox 532 5821 2105 5896">
     <span class='ocr_line' id='line_1_103' title="bbox 532 5821 2105 5896; baseline -0.004 -14"><span class='ocrx_word' id='word_1_736' title='bbox 532 5826 592 5882; x_wconf 76' lang='grc'><strong>4.</strong></span> <span class='ocrx_word' id='word_1_737' title='bbox 666 5826 683 5856; x_wconf 86' lang='grc'><strong>⁷</strong></span> <span class='ocrx_word' id='word_1_738' title='bbox 715 5824 775 5878; x_wconf 75' lang='lat' dir='ltr'><strong>F.</strong></span> <span class='ocrx_word' id='word_1_739' title='bbox 820 5826 1014 5896; x_wconf 72' lang='grc' dir='ltr'>πάντη.</span> <span class='ocrx_word' id='word_1_740' title='bbox 1096 5827 1115 5856; x_wconf 75' lang='grc'><strong>⁸</strong></span> <span class='ocrx_word' id='word_1_741' title='bbox 1147 5824 1304 5879; x_wconf 69' lang='lat' dir='ltr'><strong>Deest</strong></span> <span class='ocrx_word' id='word_1_742' title='bbox 1336 5824 1557 5892; x_wconf 74' lang='lat' dir='ltr'><strong>aliquid.</strong></span> <span class='ocrx_word' id='word_1_743' title='bbox 1633 5830 1654 5856; x_wconf 79' lang='lat'><strong>’</strong></span> <span class='ocrx_word' id='word_1_744' title='bbox 1689 5821 1745 5875; x_wconf 68' lang='grc' dir='ltr'>ν.</span> <span class='ocrx_word' id='word_1_745' title='bbox 1811 5823 1948 5876; x_wconf 76' lang='grc' dir='ltr'>κατὰ</span> <span class='ocrx_word' id='word_1_746' title='bbox 1979 5822 2105 5876; x_wconf 81' lang='grc' dir='ltr'>τῶν.</span> 
     </span>
    </p>
   </div>
   <div class='ocr_carea' id='block_1_104' title="bbox 1279 5749 2277 5817">
    <p class='ocr_par' dir='ltr' id='par_1_104' title="bbox 1279 5749 2277 5817">
     <span class='ocr_line' id='line_1_104' title="bbox 1279 5749 2277 5817; baseline -0.002 -12"><span class='ocrx_word' id='word_1_747' title='bbox 1279 5754 1298 5783; x_wconf 76' lang='grc'><em>³</em></span> <span class='ocrx_word' id='word_1_748' title='bbox 1330 5750 1519 5805; x_wconf 82' lang='lat' dir='ltr'><strong>Matth.</strong></span> <span class='ocrx_word' id='word_1_749' title='bbox 1555 5767 1667 5813; x_wconf 70' lang='lat' dir='ltr'><strong>imi,</strong></span> <span class='ocrx_word' id='word_1_750' title='bbox 1700 5751 1754 5805; x_wconf 79' lang='grc'><strong>6.</strong></span> <span class='ocrx_word' id='word_1_751' title='bbox 1831 5751 1851 5782; x_wconf 83' lang='grc'>³</span> <span class='ocrx_word' id='word_1_752' title='bbox 1875 5749 2039 5805; x_wconf 80' lang='lat' dir='ltr'><strong>llcbr.</strong></span> <span class='ocrx_word' id='word_1_753' title='bbox 2062 5765 2184 5817; x_wconf 77' lang='lat' dir='ltr'><strong>xm,</strong></span> <span class='ocrx_word' id='word_1_754' title='bbox 2226 5751 2277 5804; x_wconf 66' lang='grc'><strong>4.</strong></span> 
     </span>
    </p>
   </div>
   <div class='ocr_carea' id='block_1_105' title="bbox 2204 4654 3786 4730">
    <p class='ocr_par' dir='ltr' id='par_1_105' title="bbox 2204 4654 3786 4730">
     <span class='ocr_line' id='line_1_105' title="bbox 2204 4654 3786 4730; baseline -0.004 -16"><span class='ocrx_word' id='word_1_755' title='bbox 2204 4680 2312 4724; x_wconf 84' lang='grc' dir='ltr'>τες,</span> <span class='ocrx_word' id='word_1_756' title='bbox 2341 4660 2433 4713; x_wconf 85' lang='grc' dir='ltr'><strong>καί</strong></span> <span class='ocrx_word' id='word_1_757' title='bbox 2452 4676 2613 4727; x_wconf 78' lang='grc' dir='ltr'>φασιν</span> <span class='ocrx_word' id='word_1_758' title='bbox 2635 4661 2699 4712; x_wconf 85' lang='grc' dir='ltr'><strong>ὲκ</strong></span> <span class='ocrx_word' id='word_1_759' title='bbox 2722 4658 2814 4711; x_wconf 77' lang='grc' dir='ltr'>τοῦ</span> <span class='ocrx_word' id='word_1_760' title='bbox 2834 4659 3071 4730; x_wconf 82' lang='grc' dir='ltr'>πονηροῦ</span> <span class='ocrx_word' id='word_1_761' title='bbox 3094 4660 3155 4712; x_wconf 87' lang='grc' dir='ltr'>τὸ</span> <span class='ocrx_word' id='word_1_762' title='bbox 3180 4657 3425 4712; x_wconf 81' lang='grc' dir='ltr'>τοιοῦτον</span> <span class='ocrx_word' id='word_1_763' title='bbox 3451 4654 3590 4711; x_wconf 80' lang='grc' dir='ltr'>εἶναι</span> <span class='ocrx_word' id='word_1_764' title='bbox 3612 4657 3786 4719; x_wconf 83' lang='grc' dir='ltr'>τέλος.</span> 
     </span>
    </p>
   </div>
   <div class='ocr_carea' id='block_1_106' title="bbox 2206 4748 3790 4824">
    <p class='ocr_par' dir='ltr' id='par_1_106' title="bbox 2206 4748 3790 4824">
     <span class='ocr_line' id='line_1_106' title="bbox 2206 4748 3790 4824; baseline -0.003 -19"><span class='ocrx_word' id='word_1_765' title='bbox 2206 4754 2367 4805; x_wconf 85' lang='grc' dir='ltr'>Ἐπιε</span> <span class='ocrx_word' id='word_1_766' title='bbox 2396 4752 2526 4824; x_wconf 70' lang='grc' dir='ltr'>γὶιρ,</span> <span class='ocrx_word' id='word_1_767' title='bbox 2553 4753 2705 4821; x_wconf 75' lang='grc' dir='ltr'>φησὶ,</span> <span class='ocrx_word' id='word_1_768' title='bbox 2748 4750 2869 4803; x_wconf 86' lang='grc' dir='ltr'>Νῶε</span> <span class='ocrx_word' id='word_1_769' title='bbox 2894 4752 3002 4804; x_wconf 85' lang='grc' dir='ltr'><strong>ἀπὸ</strong></span> <span class='ocrx_word' id='word_1_770' title='bbox 3028 4750 3123 4804; x_wconf 79' lang='grc' dir='ltr'>τοῦ</span> <span class='ocrx_word' id='word_1_771' title='bbox 3156 4752 3319 4817; x_wconf 81' lang='grc' dir='ltr'>οἴνου,</span> <span class='ocrx_word' id='word_1_772' title='bbox 3350 4751 3443 4804; x_wconf 72' lang='grc' dir='ltr'>καὶ</span> <span class='ocrx_word' id='word_1_773' title='bbox 3472 4748 3790 4821; x_wconf 74' lang='grc' dir='ltr'>ἐγυμνώθη.</span> 
     </span>
    </p>
   </div>
   <div class='ocr_carea' id='block_1_107' title="bbox 2202 4840 3790 4914">
    <p class='ocr_par' dir='ltr' id='par_1_107' title="bbox 2202 4840 3790 4914">
     <span class='ocr_line' id='line_1_107' title="bbox 2202 4840 3790 4914; baseline -0.004 -15"><span class='ocrx_word' id='word_1_774' title='bbox 2202 4846 2313 4899; x_wconf 90' lang='lat' dir='ltr'><strong>Kal</strong></span> <span class='ocrx_word' id='word_1_775' title='bbox 2362 4844 2508 4907; x_wconf 86' lang='grc' dir='ltr'>Λὼτ,</span> <span class='ocrx_word' id='word_1_776' title='bbox 2546 4844 2699 4914; x_wconf 77' lang='grc' dir='ltr'>φησὶ,</span> <span class='ocrx_word' id='word_1_777' title='bbox 2738 4843 3047 4913; x_wconf 75' lang='grc' dir='ltr'>μεθυσθεὶς,</span> <span class='ocrx_word' id='word_1_778' title='bbox 3084 4842 3419 4914; x_wconf 81' lang='grc' dir='ltr'>θυγατράσιν</span> <span class='ocrx_word' id='word_1_779' title='bbox 3458 4841 3614 4905; x_wconf 82' lang='grc' dir='ltr'>ίδίαις</span> <span class='ocrx_word' id='word_1_780' title='bbox 3646 4840 3790 4893; x_wconf 81' lang='grc' dir='ltr'><strong>κατά</strong></span> 
     </span>
    </p>
   </div>
   <div class='ocr_carea' id='block_1_108' title="bbox 2204 4933 3790 5005">
    <p class='ocr_par' dir='ltr' id='par_1_108' title="bbox 2204 4933 3790 5005">
     <span class='ocr_line' id='line_1_108' title="bbox 2204 4933 3790 5005; baseline -0.004 -15"><span class='ocrx_word' id='word_1_781' title='bbox 2204 4936 2427 5004; x_wconf 82' lang='grc' dir='ltr'>ἄγνοιαν</span> <span class='ocrx_word' id='word_1_782' title='bbox 2462 4934 2748 5005; x_wconf 82' lang='grc' dir='ltr'>συνεμίγη.</span> <span class='ocrx_word' id='word_1_783' title='bbox 2797 4934 2905 4987; x_wconf 89' lang='lat' dir='ltr'><strong>Kal</strong></span> <span class='ocrx_word' id='word_1_784' title='bbox 2942 4934 3032 4986; x_wconf 75' lang='grc' dir='ltr'>διὰ.</span> <span class='ocrx_word' id='word_1_785' title='bbox 3060 4934 3228 5003; x_wconf 86' lang='grc' dir='ltr'>μέθης</span> <span class='ocrx_word' id='word_1_786' title='bbox 3260 4933 3484 5001; x_wconf 86' lang='grc' dir='ltr'>γέγονεν</span> <span class='ocrx_word' id='word_1_787' title='bbox 3518 4934 3550 5004; x_wconf 80' lang='grc' dir='ltr'><strong>ἡ</strong></span> <span class='ocrx_word' id='word_1_788' title='bbox 3588 4950 3790 5002; x_wconf 87' lang='grc' dir='ltr'>μοσχο-</span> 
     </span>
    </p>
   </div>
   <div class='ocr_carea' id='block_1_109' title="bbox 2209 5022 3792 5097">
    <p class='ocr_par' dir='ltr' id='par_1_109' title="bbox 2209 5022 3792 5097">
     <span class='ocr_line' id='line_1_109' title="bbox 2209 5022 3792 5097; baseline -0.002 -18"><span class='ocrx_word' id='word_1_789' title='bbox 2209 5026 2379 5079; x_wconf 86' lang='grc' dir='ltr'>ποιία.</span> <span class='ocrx_word' id='word_1_790' title='bbox 2416 5027 2523 5078; x_wconf 83' lang='grc' dir='ltr'>Καί</span> <span class='ocrx_word' id='word_1_791' title='bbox 2560 5043 2722 5095; x_wconf 76' lang='grc' dir='ltr'>φησιν</span> <span class='ocrx_word' id='word_1_792' title='bbox 2760 5026 2792 5095; x_wconf 82' lang='grc' dir='ltr'>ἡ</span> <span class='ocrx_word' id='word_1_793' title='bbox 2824 5026 3036 5097; x_wconf 59' lang='grc' dir='ltr'>Γραφή·</span> <span class='ocrx_word' id='word_1_794' title='bbox 3076 5026 3196 5079; x_wconf 83' lang='grc' dir='ltr'>Τίνι</span> <span class='ocrx_word' id='word_1_795' title='bbox 3226 5022 3792 5093; x_wconf 79' lang='grc' dir='ltr'>θόρυϐος;τίνιμά-</span> 
     </span>
    </p>
   </div>
   <div class='ocr_carea' id='block_1_110' title="bbox 2206 5117 3794 5188">
    <p class='ocr_par' dir='ltr' id='par_1_110' title="bbox 2206 5117 3794 5188">
     <span class='ocr_line' id='line_1_110' title="bbox 2206 5117 3794 5188; baseline 0.001 -17"><span class='ocrx_word' id='word_1_796' title='bbox 2206 5135 2341 5188; x_wconf 70' lang='grc' dir='ltr'>χαις</span> <span class='ocrx_word' id='word_1_797' title='bbox 2394 5120 2510 5171; x_wconf 83' lang='grc' dir='ltr'>τίνι</span> <span class='ocrx_word' id='word_1_798' title='bbox 2550 5118 2749 5185; x_wconf 80' lang='grc' dir='ltr'>ἀηδίαι</span> <span class='ocrx_word' id='word_1_799' title='bbox 2789 5117 2889 5170; x_wconf 77' lang='grc' dir='ltr'>καὶ</span> <span class='ocrx_word' id='word_1_800' title='bbox 2925 5117 3177 5187; x_wconf 77' lang='grc' dir='ltr'>λέσχαι;</span> <span class='ocrx_word' id='word_1_801' title='bbox 3210 5120 3328 5172; x_wconf 82' lang='grc' dir='ltr'>τίνι</span> <span class='ocrx_word' id='word_1_802' title='bbox 3375 5119 3794 5187; x_wconf 76' lang='grc' dir='ltr'>συντρίμματα</span> 
     </span>
    </p>
   </div>
   <div class='ocr_carea' id='block_1_111' title="bbox 2205 5209 3794 5280">
    <p class='ocr_par' dir='ltr' id='par_1_111' title="bbox 2205 5209 3794 5280">
     <span class='ocr_line' id='line_1_111' title="bbox 2205 5209 3794 5280; baseline 0 -17"><span class='ocrx_word' id='word_1_803' title='bbox 2205 5211 2489 5279; x_wconf 79' lang='grc' dir='ltr'>διακενῆς</span> <span class='ocrx_word' id='word_1_804' title='bbox 2504 5226 2521 5273; x_wconf 90' lang='lat'><strong><em>;</em></strong></span> <span class='ocrx_word' id='word_1_805' title='bbox 2568 5210 2732 5274; x_wconf 86' lang='grc' dir='ltr'>τίνος</span> <span class='ocrx_word' id='word_1_806' title='bbox 2767 5209 3039 5263; x_wconf 75' lang='grc' dir='ltr'>πελιδνοὶ</span> <span class='ocrx_word' id='word_1_807' title='bbox 3073 5213 3126 5264; x_wconf 83' lang='grc' dir='ltr'>οἱ</span> <span class='ocrx_word' id='word_1_808' title='bbox 3176 5211 3510 5280; x_wconf 58' lang='grc' dir='ltr'>ὀφθαλμοίξ</span> <span class='ocrx_word' id='word_1_809' title='bbox 3546 5212 3628 5264; x_wconf 83' lang='grc' dir='ltr'><strong>Οὐ</strong></span> <span class='ocrx_word' id='word_1_810' title='bbox 3674 5211 3794 5264; x_wconf 78' lang='grc' dir='ltr'><strong>τῶν</strong></span> 
     </span>
    </p>
   </div>
   <div class='ocr_carea' id='block_1_112' title="bbox 2206 5296 3791 5368">
    <p class='ocr_par' dir='ltr' id='par_1_112' title="bbox 2206 5296 3791 5368">
     <span class='ocr_line' id='line_1_112' title="bbox 2206 5296 3791 5368; baseline -0.001 -17"><span class='ocrx_word' id='word_1_811' title='bbox 2206 5297 2594 5368; x_wconf 75' lang='grc' dir='ltr'>χρονιζόντων</span> <span class='ocrx_word' id='word_1_812' title='bbox 2619 5298 2687 5349; x_wconf 65' lang='grc' dir='ltr'>ἐν</span> <span class='ocrx_word' id='word_1_813' title='bbox 2715 5297 2936 5363; x_wconf 76' lang='grc' dir='ltr'>οἵνοις;</span> <span class='ocrx_word' id='word_1_814' title='bbox 2969 5299 3040 5351; x_wconf 84' lang='grc' dir='ltr'>οὐ</span> <span class='ocrx_word' id='word_1_815' title='bbox 3069 5296 3187 5351; x_wconf 82' lang='grc' dir='ltr'><strong>τῶν</strong></span> <span class='ocrx_word' id='word_1_816' title='bbox 3212 5298 3648 5366; x_wconf 81' lang='grc' dir='ltr'>ἐξιχνευόντων</span> <span class='ocrx_word' id='word_1_817' title='bbox 3672 5298 3791 5349; x_wconf 80' lang='grc' dir='ltr'>ποῦ</span> 
     </span>
    </p>
   </div>
   <div class='ocr_carea' id='block_1_113' title="bbox 2206 5388 3792 5459">
    <p class='ocr_par' dir='ltr' id='par_1_113' title="bbox 2206 5388 3792 5459">
     <span class='ocr_line' id='line_1_113' title="bbox 2206 5388 3792 5459; baseline -0.003 -16"><span class='ocrx_word' id='word_1_818' title='bbox 2206 5393 2377 5443; x_wconf 84' lang='grc' dir='ltr'>πότοι</span> <span class='ocrx_word' id='word_1_819' title='bbox 2399 5389 2661 5459; x_wconf 74' lang='grc' dir='ltr'>γίνονται</span> <span class='ocrx_word' id='word_1_820' title='bbox 2682 5406 2699 5449; x_wconf 88' lang='lat'><strong>,&#39;</strong></span> <span class='ocrx_word' id='word_1_821' title='bbox 2739 5390 2849 5443; x_wconf 89' lang='lat' dir='ltr'><strong>Kal</strong></span> <span class='ocrx_word' id='word_1_822' title='bbox 2872 5389 3007 5444; x_wconf 82' lang='grc' dir='ltr'>ἄλλα</span> <span class='ocrx_word' id='word_1_823' title='bbox 3026 5388 3252 5442; x_wconf 81' lang='grc' dir='ltr'>τοιαῦτά</span> <span class='ocrx_word' id='word_1_824' title='bbox 3276 5406 3397 5443; x_wconf 81' lang='grc' dir='ltr'>τινα</span> <span class='ocrx_word' id='word_1_825' title='bbox 3426 5388 3792 5459; x_wconf 78' lang='grc' dir='ltr'>ἐξιχνεύοντες</span> 
     </span>
    </p>
   </div>
   <div class='ocr_carea' id='block_1_114' title="bbox 2210 5479 3787 5555">
    <p class='ocr_par' dir='ltr' id='par_1_114' title="bbox 2210 5479 3787 5555">
     <span class='ocr_line' id='line_1_114' title="bbox 2210 5479 3787 5555; baseline -0.003 -20"><span class='ocrx_word' id='word_1_826' title='bbox 2210 5480 2608 5553; x_wconf 84' lang='grc' dir='ltr'>συσσωρεύουσι</span> <span class='ocrx_word' id='word_1_827' title='bbox 2630 5482 2717 5536; x_wconf 77' lang='grc' dir='ltr'>διὰ</span> <span class='ocrx_word' id='word_1_828' title='bbox 2740 5485 2838 5555; x_wconf 80' lang='grc' dir='ltr'><strong>τὴν</strong></span> <span class='ocrx_word' id='word_1_829' title='bbox 2868 5482 3073 5535; x_wconf 81' lang='grc' dir='ltr'>ἑαυτῶν</span> <span class='ocrx_word' id='word_1_830' title='bbox 3108 5481 3443 5552; x_wconf 84' lang='grc' dir='ltr'>πιθανότητα</span> <span class='ocrx_word' id='word_1_831' title='bbox 3467 5498 3481 5513; x_wconf 92' lang='grc'><strong>·</strong></span> <span class='ocrx_word' id='word_1_832' title='bbox 3526 5481 3626 5533; x_wconf 77' lang='grc' dir='ltr'><strong>οὐκ</strong></span> <span class='ocrx_word' id='word_1_833' title='bbox 3651 5479 3787 5532; x_wconf 80' lang='grc' dir='ltr'>εἰδό-</span> 
     </span>
    </p>
   </div>
   <div class='ocr_carea' id='block_1_115' title="bbox 2207 5570 3790 5651">
    <p class='ocr_par' dir='ltr' id='par_1_115' title="bbox 2207 5570 3790 5651">
     <span class='ocr_line' id='line_1_115' title="bbox 2207 5570 3790 5651; baseline -0.002 -24"><span class='ocrx_word' id='word_1_834' title='bbox 2207 5590 2318 5639; x_wconf 88' lang='grc' dir='ltr'>τες,</span> <span class='ocrx_word' id='word_1_835' title='bbox 2353 5575 2435 5627; x_wconf 86' lang='grc' dir='ltr'>ὃτι</span> <span class='ocrx_word' id='word_1_836' title='bbox 2466 5576 2572 5628; x_wconf 81' lang='grc' dir='ltr'><strong>πᾶν</strong></span> <span class='ocrx_word' id='word_1_837' title='bbox 2599 5573 2660 5626; x_wconf 81' lang='grc' dir='ltr'>τὸ</span> <span class='ocrx_word' id='word_1_838' title='bbox 2686 5573 2924 5646; x_wconf 80' lang='grc' dir='ltr'>ἄμετρον</span> <span class='ocrx_word' id='word_1_839' title='bbox 2954 5573 3228 5643; x_wconf 88' lang='grc' dir='ltr'>πανταχοῦ</span> <span class='ocrx_word' id='word_1_840' title='bbox 3263 5572 3528 5651; x_wconf 69' lang='grc' dir='ltr'>λυπηρὸν,</span> <span class='ocrx_word' id='word_1_841' title='bbox 3561 5571 3653 5625; x_wconf 75' lang='grc' dir='ltr'><strong>καὶ</strong></span> <span class='ocrx_word' id='word_1_842' title='bbox 3684 5570 3790 5636; x_wconf 77' lang='grc' dir='ltr'><strong>ἔξω</strong></span> 
     </span>
    </p>
   </div>
   <div class='ocr_carea' id='block_1_116' title="bbox 2355 5745 3788 5817">
    <p class='ocr_par' dir='ltr' id='par_1_116' title="bbox 2355 5745 3788 5817">
     <span class='ocr_line' id='line_1_116' title="bbox 2355 5745 3788 5817; baseline -0.006 -12"><span class='ocrx_word' id='word_1_843' title='bbox 2355 5751 2374 5783; x_wconf 67' lang='grc' dir='ltr'>δ</span> <span class='ocrx_word' id='word_1_844' title='bbox 2409 5750 2541 5809; x_wconf 86' lang='lat' dir='ltr'><strong>Gen.</strong></span> <span class='ocrx_word' id='word_1_845' title='bbox 2578 5766 2651 5817; x_wconf 78' lang='lat' dir='ltr'><strong>ix,</strong></span> <span class='ocrx_word' id='word_1_846' title='bbox 2680 5750 2772 5804; x_wconf 70' lang='lat'><strong>2|.</strong></span> <span class='ocrx_word' id='word_1_847' title='bbox 2847 5748 2867 5781; x_wconf 88' lang='lat'><strong>&#39;</strong></span> <span class='ocrx_word' id='word_1_848' title='bbox 2893 5746 3028 5804; x_wconf 83' lang='lat' dir='ltr'><strong>Cen.</strong></span> <span class='ocrx_word' id='word_1_849' title='bbox 3057 5764 3173 5817; x_wconf 74' lang='lat' dir='ltr'><strong>xu,</strong></span> <span class='ocrx_word' id='word_1_850' title='bbox 3212 5750 3304 5804; x_wconf 80' lang='lat'><strong>53.</strong></span> <span class='ocrx_word' id='word_1_851' title='bbox 3368 5745 3574 5803; x_wconf 82' lang='lat' dir='ltr'><strong>‘Exod.</strong></span> <span class='ocrx_word' id='word_1_852' title='bbox 3614 5760 3788 5808; x_wconf 73' lang='lat' dir='ltr'><strong>nitu,</strong></span> 
     </span>
    </p>
   </div>
  </div>
