4186 6374
483 305 591 360 855

1180 302 1560 361 ADVURSUS
1600 299 1945 358 ll/ERESES
1982 298 2093 354 LIB
2126 298 2191 355 Il.
2234 295 2400 353 TOM.
2441 295 2483 353 Ῑ.
2525 296 2802 353 ΙΙᾹΞΒΕΞ.
2843 295 3053 352 XLVII.

3657 294 3759 351 8M

481 421 578 477 τοῦ
627 421 993 495 προκειμένου
1038 422 1485 495 ἀπηγορευμένον
1528 424 1783 494 ὑπάρχει.
1827 420 1939 475 Καὶ
1964 419 2073 490 γὰρ

2182 431 2346 470 nonne
2373 433 2555 470 eorum
2579 417 2669 487 qui
2689 416 2996 486 perquirunt
3018 413 3109 468 ubi
3131 414 3543 482 compotationes
3564 414 3697 483 ﬁant
3714 415 3764 468 ’Υ

481 514 541 567 οὐ
575 513 738 583 μόνον
771 513 865 566 ἐπὶ⁵
912 513 1040 584 οἴνῳ
1076 512 1236 566 τοῦτο
1278 514 1485 584 εἴποιμ’
1521 513 1608 578 ἂν,
1660 513 1795 567 ἀλλὰ
1840 512 1936 567 xui.
1983 512 2077 565 ἐπὶ

482 605 653 676 πολλῇ
694 604 996 677 ἀπληστίᾳ.
1032 605 1205 659 Τοῦτο
1250 605 1360 677 γὰρ
1388 606 1485 659 καὶ
1523 606 1551 657 ὁ
1590 605 1796 675 Κύριος
1830 604 2077 657 ἐδίδασκε

480 684 730 765 φάσκων·
747 697 845 765 Μὴ
857 697 1345 767 βαρυνέονθωσαν
1359 698 1548 769 ὑμῶν,
1564 698 1751 768 φησὶν,
1768 701 1829 751 αἱ
1844 697 2079 768 καρδίαι

481 789 549 842 ἐν
583 788 890 860 κραιπάλῃ
915 792 1013 844 καί
1039 792 1358 865 μερίμναις
1382 792 1693 860 ,ϐιωτικαῖς
1714 809 1728 824 ο
1768 795 1864 848 καὶ
1893 795 1975 856 τὸ,
2007 796 2080 848 El

480 880 936 952 ἀπληστότερος
969 881 1043 948 εἴ,
1074 884 1160 955 μὴ
1185 885 1455 955 ἐπιθύμει
1485 885 1604 938 τῶν
1638 886 1744 941 τοῦ
1773 887 2079 942 πλουσίου

479 972 809 1042 βρωμάτων
827 990 841 1005 ⁸
881 975 1072 1031 ταῦτα
1107 976 1218 1046 γὰρ
1242 978 1443 1046 ἔχεται
1470 977 1619 1047 ζωῆς
1645 976 1947 1046 ψευδοῦς-,τ
1971 978 2079 1031 Πε-

485 1067 817 1140 ρισσοτέρως
860 1067 917 1121 δὲ
959 1069 989 1120 ὁ
1036 1069 1191 1138 ἆγιος
1228 1069 1583 1133 Ἀπόστολος·
1631 1070 1941 1142 ἀπλήστους
1984 1070 2079 1124 καὶ

483 1156 797 1228 ἀδηφάγους
836 1161 1126 1227 σκώπτων,
1145 1162 1472 1232 λαιμάργοις
1509 1162 1824 1234 ἐπιθυμίαις
1861 1161 2081 1236 ἐπαρώ-

488 1266 671 1320 μενος,
712 1250 816 1321 ἔφη
837 1270 850 1282 ·
883 1256 960 1307 Τὰ
994 1252 1280 1322 ,βρώματα
1311 1252 1388 1323 τῇ
1426 1256 1646 1323 κοιλίᾳ,
1675 1255 1773 1310 καὶ
1808 1257 1847 1325 ἡ
1881 1257 2081 1311 κοιλία

485 1340 609 1408 τοῖς
633 1342 953 1411 ,βρώμασιν
975 1359 986 1372 ⁸
1030 1348 1064 1399 ὁ
1119 1344 1186 1398 δὲ
1214 1345 1359 1411 Θεὸς
1390 1346 1489 1399 καὶ
1511 1348 1739 1415 ταύτην
1767 1348 1867 1403 καὶ
1892 1349 2078 1404 ταῦτα

486 1434 876 1504 καταργήσει.
940 1436 1101 1490 Ἀλλά
1150 1438 1247 1492 καὶ
1297 1438 1469 1493 Ἠσαῦ
1518 1439 1588 1493 τὰ
1627 1439 1969 1512 πρωτοτόκια
2010 1442 2076 1495 δι’

484 1522 757 1594 ἐψέματος
777 1525 952 1598 πυροῦ
969 1526 1418 1599 ¹(96)ἀπώλεσεν,
1438 1529 1515 1592 ῶς
1544 1547 1708 1602 φησιν
1732 1532 1764 1601 ἡ
1785 1530 1999 1602 Γραφὴ,
2017 1530 2079 1583 τὸ

483 1613 614 1667 αὐτὸ
647 1616 887 1671 καλοῦσα
907 1617 1087 1691 ἓψεμα
1105 1619 1277 1694 πυροῦ
1302 1622 1395 1676 καὶ
1418 1622 1620 1692 φακῆς.
1654 1618 1821 1693 Οἶμαι
1836 1622 1893 1676 δὲ
1914 1623 2075 1693 τάχα,

481 1707 566 1760 δτι
615 1710 715 1763 οὐκ
754 1710 862 1764 ἀπὸ
907 1711 1103 1785 πυροῦ,
1137 1713 1418 1767 τουτέστιν
1463 1713 1573 1768 ἀπὸ
1616 1713 1762 1767 σίτου
1794 1709 1900 1786 ἦν’
1942 1713 2077 1768 ἀλλά

2178 507 2309 564 Haec
2357 518 2411 565 et
2459 508 2565 564 alia
2603 509 2659 564 id
2714 523 2890 580 genus
2939 508 3059 563 loca
3110 514 3519 579 perscrutantes
3556 520 3763 577 conge-

2178 615 2329 670 runt,
2362 621 2471 677 quo
2506 620 2663 662 suam
2702 603 3015 674 Opinionem
3051 602 3339 666 suadeant,
3379 598 3655 675 nec_illud
3686 600 3764 653 in-

2179 699 2456 769 telligunt,
2483 712 2593 752 non
2626 697 2682 751 in
2712 711 2779 752 eo
2808 696 2929 750 solo
2959 694 3027 749 de
3053 710 3165 765 quo
3198 695 3398 764 agitur,
3432 690 3529 749 sed
3555 691 3764 761 ubique

2179 792 2443 862 quidquid
2485 791 2707 845 modum
2735 789 3057 853 excesserit,
3092 788 3405 847 molestum,
3438 793 3493 840 et
3522 792 3678 839 extra
3707 782 3760 837 id

2178 883 2322 954 quod
2352 890 2695 955 propositum
2734 892 2820 939 est
2850 883 3185 954 prohibitum
3217 897 3360 936 esse.
3386 878 3574 949 Neque
3615 878 3761 933 enim

2179 976 2233 1030 id
2264 976 2331 1030 de
2364 976 2492 1029 vino
2527 976 2726 1041 solum,
2756 975 2852 1031 sed
2886 975 2954 1030 de
2984 975 3229 1030 ciborum
3255 974 3425 1026 nimia
3474 969 3762 1025 saturitate

2178 1068 2289 1123 dici
2318 1075 2520 1139 potest.
2569 1069 2750 1139 Atque
2788 1068 2892 1123 hoc
2938 1074 3023 1123 est
3058 1065 3205 1140 quod
3237 1065 3293 1121 in
3327 1063 3621 1135 Evangelio
3653 1060 3763 1117 Do-

2177 1160 2362 1213 minus
2410 1159 2697 1214 admonuit
2737 1178 2749 1214 :
2787 1157 2866 1213 Ne
2895 1168 3179 1230 graventur
3215 1154 3379 1210 corda
3428 1163 3603 1211 vestra
3646 1169 3765 1207 cra-

2177 1252 2327 1321 pula,
2361 1262 2411 1306 et
2449 1252 2720 1315 ebrietate.
2762 1264 2810 1307 et
2845 1254 2989 1307 curis
3017 1252 3175 1322 hujus
3216 1249 3463 1305 sa‘culi'.
3492 1250 3628 1303 Item
3658 1266 3670 1302 :
3705 1244 3762 1302 Si

2180 1346 2501 1399 insatiabilis
2534 1362 2609 1407 es,
2641 1361 2705 1399 ne
2733 1344 3073 1413 concupiscas
3102 1341 3278 1395 divitis
3319 1338 3501 1404 cibos;
3532 1338 3586 1391 hi
3623 1336 3768 1391 enim

2158 1437 2298 1491 rita:
2322 1436 2562 1490 mendaci
2584 1436 2851 1503 coniuncti
2877 1445 2998 1489 sunt
3016 1434 3059 1488 ⁸.
3085 1433 3193 1489 Sed
3224 1433 3366 1488 idem
3388 1432 3548 1501 longe
3574 1430 3765 1499 cepio-

2179 1528 2295 1582 sius
2348 1528 2415 1582 ab
2448 1527 2713 1597 Apostolo
2746 1526 3086 1583 declaratum
3118 1545 3130 1579 :
3165 1525 3261 1595 qui
3311 1523 3511 1579 edaces
3544 1529 3599 1595 et
3644 1520 3765 1576 hel—

2182 1622 2375 1676 luones
2428 1620 2707 1684 deridens,
2755 1636 2820 1676 ac
2870 1622 3011 1692 gulae
3058 1620 3391 1691 cupiditates
3437 1619 3762 1674 detestans:

2184 1711 2321 1767 Esca
2366 1713 2554 1778 ventri,
2587 1712 2787 1784 inquit,
2835 1722 2885 1767 et
2924 1706 3098 1769 uenter
3127 1714 3297 1776 escis;
3326 1711 3465 1766 Deus
3508 1719 3683 1763 autem
3716 1717 3767 1761 et

482 1800 622 1869 τάχα
652 1800 728 1866 ὡς
760 1803 860 1875 ἤδη
887 1775 1159 1876 ἐφημένον
1188 1805 1440 1876 λείψανον
1468 1805 1666 1875 φακοῦ,
1702 1806 1795 1859 xui.
1818 1775 1909 1859 ’ἔτι
1949 1807 2068 1858 ἐπι-

2186 1804 2322 1858 hunc
2360 1813 2409 1859 et
2437 1775 2561 1859 illas
2592 1775 2883 1860 destruet“.
2927 1805 3194 1861 Praeterea
3216 1803 3364 1859 Esau
3399 1800 3767 1873 primogenita

481 1894 636 1947 τεθὲν
665 1896 818 1967 πυρὶ,
849 1896 911 1951 τὸ
936 1893 1091 1961 αὖθις
1118 1898 1369 1971 πυρωθὲν
1398 1901 1431 1971 ἡ
1460 1899 1651 1971 Γραφὴ
1675 1902 1870 1970 πυροῦ
1893 1901 2080 1971 διηγή-

484 2000 653 2050 σατο,
692 1984 782 2040 διὰ
810 1987 871 2039 τὸ
915 1986 1386 2060 ἐπιθερμανθῆναι
1434 1990 1572 2060 μετά
1606 1989 1667 2043 τὸ
1698 1989 2073 2063 ψυχρωθῆναι.

484 2076 596 2128 Καὶ
620 2076 697 2141 ὡς
724 2079 930 2143 ἐκεῖνος
957 2079 1024 2132 δι’
1053 2076 1195 2135 οἶνον
1227 2080 1542 2155 ἐγυμνώθη,
1581 2082 1746 2153 μηδὲν
1775 2082 2073 2155 ἀδικηθεὶς,

483 2163 657 2227 οὕτως
691 2165 892 2234 μᾶλλον
913 2166 1001 2223 διὰ
1030 2172 1220 2224 πεῖναν
1249 2172 1344 2226 καὶ
1365 2172 1671 2243 ἀπληστίαν
1701 2172 1767 2226 τά
1801 2173 2076 2245 πρωτοτό-

484 2270 578 2307 κια
609 2254 903 2321 ἀπολέσας,
935 2258 1137 2329 μᾶλλον
1168 2260 1308 2333 ὑπὲρ
1347 2260 1439 2314 τὸν
1474 2257 1618 2315 οἶνον
1648 2261 1922 2334 ἠδίκηται.
1963 2264 2076 2317 Καὶ

483 2344 637 2401 οὐδὲν
697 2346 871 2419 ίσχύει
907 2351 1076 2418 ἐγγὺς
1129 2355 1229 2424 τῆς
1273 2352 1532 2424 ἀληθείας
1571 2355 2072 2427 παραπεποιημένη

482 2433 648 2500 λέξις,
670 2438 791 2491 οὐδὲ
822 2438 1077 2512 μυθώδης
1100 2459 1184 2505 τις
1218 2443 1611 2514 ἐπινενοημένη
1640 2443 2070 2516 δραματουργία.

2186 1911 2284 1951 sua
2322 1896 2581 1951 frumenti
2614 1896 2877 1969 pulticula
2917 1897 3186 1961 vendidit,
3218 1904 3277 1950 ut
3312 1893 3596 1965 Scriptura
3649 1908 3772 1946 nar-

2186 1988 2323 2052 rat‘,
2351 2003 2471 2058 quae
2501 1988 2747 2043 eamdem
2783 1996 2836 2043 et
2876 1987 3134 2044 frumenti
3174 1997 3227 2045 et
3257 1988 3417 2044 lentis
3447 1986 3767 2058 pulticulam

2177 2087 2356 2134 vocat.
2392 2078 2718 2150 Quanquam
2756 2079 2811 2133 id
2851 2095 2953 2151 ego
2979 2080 3335 2136 verisimilius
3363 2079 3623 2143 arbitror,
3658 2092 3766 2131 non

2178 2188 2246 2228 ex
2274 2172 2551 2227 frumento
2582 2187 2703 2227 eam
2728 2171 3083 2228 sorbitionem
3114 2172 3321 2237 fuisse;
3345 2170 3441 2228 sed
3466 2169 3671 2241 jusculi
3701 2185 3769 2224 ex

2182 2264 2329 2320 lente
2379 2264 2688 2329 residuum,
2731 2262 2879 2334 quod
2914 2265 3023 2331 igni
3080 2280 3275 2320 rursus
3327 2263 3665 2334 impositum,
3705 2276 3769 2314 ac

2180 2367 2483 2425 recoctum,
2506 2365 2793 2428 propterea
2820 2356 2998 2429 πυροῦ
3021 2373 3050 2410 a
3075 2357 3360 2426 Scriptura
3382 2364 3635 2410 vocatum
3660 2361 3767 2408 est.

2182 2449 2445 2520 quoniam
2481 2464 2607 2504 cum
2643 2449 2951 2507 refrixissct
2978 2448 3160 2504 denuo
3193 2450 3520 2504 calefactum
3562 2452 3667 2501 est.
3700 2444 3771 2499 Ut

485 2532 652 2603 igitur
691 2534 762 2588 ob
791 2535 975 2588 vinum
1008 2537 1099 2592 ille
1136 2538 1286 2592 nulla
1328 2553 1358 2592 a
1397 2554 1677 2609 quoquam
1716 2550 1941 2610 accepta
1982 2540 2184 2610 injuria
2225 2545 2465 2599 nudatus
2516 2552 2638 2607 est;
2704 2544 2785 2600 sic
2841 2544 2979 2598 alter
3016 2543 3087 2597 ob
3127 2543 3322 2596 famem
3372 2557 3437 2595 ac
3497 2538 3772 2595 voracita-

484 2634 595 2681 tem
654 2631 1036 2702 primogenitis
1095 2634 1339 2699 amissis,
1395 2636 1574 2704 majus
1618 2650 1785 2704 quam
1823 2652 1891 2691 ex
1944 2637 2075 2691 vino
2102 2637 2368 2694 damnum
2426 2647 2591 2709 atque
2634 2640 2897 2707 injuriam
2962 2636 3193 2709 accepit.
3245 2636 3323 2689 lta
3364 2634 3503 2689 nihil
3545 2632 3771 2687 omnino

484 2723 682 2778 virium
714 2726 876 2781 habet
902 2728 969 2781 ad
998 2729 1367 2785 simulandam
1405 2734 1690 2788 veritatem
1753 2733 2097 2804 compositus
2161 2750 2365 2805 sermo,
2432 2737 2516 2792 vel
2563 2736 2632 2791 ab
2678 2736 2787 2792 illis
2830 2734 3027 2790 fabula;
3072 2735 3246 2788 instar
3288 2731 3595 2802 excogitata
3643 2742 3771 2782 nar-

486 2817 649 2873 ratio.

556 2910 632 2966 I".
670 2913 1037 2985 Σεμνυνονται
1053 2916 1111 2970 δὲ
1128 2916 1291 2987 δῆθεν
1308 2918 1657 2990 ἐγκράτειαν,
1682 2920 1969 2991 σφαλερῶς
2004 2918 2075 2973 τὰ

2256 2928 2346 2985 lll.
2390 2932 2547 2998 Quod
2606 2946 2737 2987 vero
2786 2931 3185 2987 continentiam
3234 2930 3471 3002 gloriose
3492 2929 3767 3002 jactilant.

487 3002 668 3056 πάντα
715 3007 1098 3079 ἐργαζόμενοι,
1151 3011 1317 3080 μέσον
1354 3013 1633 3080 γυναικῶν
1670 3014 2072 3085 εὑρισκόμενοι,

2183 3021 2459 3077 lubricum
2507 3031 2592 3078 est
2641 3024 2861 3079 illorum
2911 3021 3133 3094 quidem
3181 3036 3245 3078 ac
3282 3022 3510 3092 periculi
3546 3023 3768 3092 plenum

487 3098 583 3150 xui.
609 3102 875 3167 γυναῖκας
906 3103 1243 3174 πανταχόθεν
1270 3104 1608 3170 ἀπατῶντες,
1632 3106 1848 3175 γυναιξὶ
1866 3106 1923 3159 δέ
1951 3124 2075 3161 συν-

487 3186 784 3256 οδεύοντες,
835 3193 932 3245 καὶ
960 3193 1427 3267 συνδιαιτώμενοι,
1460 3198 1554 3252 καὶ
1582 3197 2079 3270 ἐξυπηρετούμενοι

488 3281 594 3334 ὑπὸ
614 3282 724 3335 τῶν
746 3282 1026 3349 τοιούτων,
1054 3284 1160 3350 ἔξω
1194 3286 1293 3357 μὲν
1323 3288 1423 3360 τῆς
1448 3288 1711 3361 ἀληθείας
1741 3289 1915 3355 ὄντες,
1948 3292 2083 3364 μόρ-

488 3389 661 3442 φωσιν
699 3374 756 3426 δὲ
801 3374 1004 3445 μᾶλλον
1047 3376 1402 3448 κεκτημένοι,
1441 3378 1540 3450 τὴν
1567 3379 1626 3433 δὲ
1653 3378 1883 3452 δύναμιν
1911 3381 2082 3453 αὐτῆς

486 3466 588 3537 τῆς
616 3465 902 3531 εὐσεϐείας
938 3469 1261 3540 ἠρνημένοι.
1309 3470 1525 3524 Ὀποίου
1559 3471 1670 3544 γὰρ
1702 3471 1769 3525 ἀν
1799 3490 1884 3536 τις
1916 3472 2080 3545 ἔργου

486 3558 795 3633 καταλείψῃ
837 3561 1025 3633 μέρος,
1073 3561 1134 3614 τὸ
1175 3564 1285 3616 πᾶν
1331 3561 1609 3635 πλήρωμα
1652 3563 1831 3635 ἀφῆκε
1866 3565 1953 3618 διὰ
1984 3565 2081 3619 τοῦ

487 3650 607 3715 ἐνὸς
639 3651 838 3724 μέρους
864 3654 960 3707 τοῦ
1008 3655 1534 3728 καταλελειμμένου.
1604 3658 1771 3711 ’Ὅθεν
1833 3658 1904 3713 τὰ
1947 3660 2079 3732 παρ’

486 3743 676 3808 αὐτοῖς
718 3748 999 3818 μυστήρια
1041 3746 1107 3800 δι’
1140 3746 1332 3813 ὓδατος
1373 3749 1536 3819 μόνον
1572 3749 1803 3817 γίνεται,
1832 3751 1925 3804 xui.
1957 3750 2080 3805 οὔτε

493 3839 772 3908 μυστήρια
802 3838 952 3902 ὄντα,
990 3839 1127 3892 ἀλλά
1148 3840 1291 3893 κατά
1318 3841 1551 3912 μίμησιν
1573 3841 1683 3895 τῶν
1716 3842 1986 3914 ἀληθινῶν
2013 3845 2081 3898 τὰ

490 3928 661 4000 ψευδῆ
699 3930 978 3999 γινόμενα.
1014 3930 1177 3984 Ὅθεν
1207 3933 1302 3985 καὶ
1346 3934 1404 3986 ἐν
1447 3932 1621 4004 τούτῳ
1658 3934 2080 4007 ἐλεγχθήσονται

490 4020 601 4072 ἀπὸ
631 4018 727 4072 τοῦ
751 4020 955 4083 εὐθέως
984 4019 1079 4074 τοῦ
1107 4022 1359 4093 Σωτῆρος
1384 4022 1545 4091 λόγου
1573 4022 1668 4076 τοῦ
1694 4023 1964 4094 λέγοντοςο
1998 4029 2081 4080 Οὐ

485 4110 572 4180 μὴ
597 4112 708 4163 πίω
738 4110 857 4165 ἀπὸ
886 4113 992 4166 τοῦ
1018 4113 1392 4183 γεννήματος·
1411 4112 1520 4183 τῆς
1538 4115 1812 4184 ἀμπέλου
1836 4117 2080 4184 ταύτης,

490 4202 603 4269 ἕως
627 4202 704 4256 ἂν
732 4205 846 4257 πίω
875 4204 1023 4258 αὐτὸ
1054 4204 1270 4258 καινὸν
1300 4204 1370 4257 ἐν
1398 4203 1473 4274 τῇ
1504 4206 1799 4276 βασιλείᾳ
1830 4206 1950 4263 τῶν
1978 4211 2082 4263 οὐ·

482 4296 690 4363 ρανῶν
714 4297 845 4366 μεθ’
869 4294 1058 4366 ὑμῶν.

2184 3112 2420 3169 facinus.
2452 3112 2588 3169 Nam
2624 3115 2769 3171 inter
2803 3115 3164 3171 mulierculas
3201 3120 3496 3169 versantur
3526 3116 3767 3177 assidue.

2183 3222 2323 3278 quas
2371 3208 2740 3278 undecunque
2784 3209 3089 3279 pelliciunt,
3148 3224 3273 3263 cum
3307 3209 3376 3264 iis
3409 3210 3511 3264 iter
3538 3209 3766 3273 faciunt,

2168 3290 2249 3353 ac
2281 3301 2652 3356 communiter
2684 3302 2896 3366 vivunt,
2933 3316 3234 3371 carumque
3268 3300 3586 3356 ministeriis
3618 3308 3771 3355 utun-

2188 3396 2298 3445 tur.
2356 3388 2538 3456 Quare
2587 3406 2716 3446 cum
2759 3406 2790 3445 a
2820 3392 3055 3448 veritate
3106 3392 3323 3463 longius
3374 3392 3578 3455 absint,
3633 3392 3768 3447 nihil

2185 3489 2382 3551 praeter
2431 3483 2750 3539 ementitam
2792 3483 2959 3538 illius
2991 3485 3230 3554 speciem
3288 3491 3607 3551 ostentant;
3661 3485 3770 3537 vim

2186 3575 2362 3646 ipsam
2395 3576 2625 3633 sincera:
2656 3576 2878 3647 pietatis
2905 3577 3197 3647 abnegant.
3231 3575 3444 3631 Etenim
3470 3577 3772 3647 cujuscun-

2185 3681 2293 3735 que
2322 3665 2491 3721 oflicii
2542 3677 2757 3738 partem
2807 3667 3008 3735 aliquis
3062 3668 3495 3737 praetermiserit,
3546 3684 3610 3722 ea
3653 3668 3771 3738 ipsa

2185 3772 2350 3827 quam
2388 3758 2579 3813 omisit
2612 3766 2788 3829 parte,
2841 3765 3015 3812 totum
3066 3758 3396 3828 praeteriisse
3460 3758 3773 3815 censendus

2184 3858 2289 3905 est.
2358 3851 2450 3905 Sic
2507 3852 2724 3905 illorum
2787 3851 3094 3922 mysteria,
3171 3866 3293 3921 qua;
3349 3863 3491 3921 aqua
3560 3850 3770 3907 solum-

2185 3943 2350 3997 modo
2396 3950 2656 3998 constant
2700 3943 2963 4015 mysteria
2984 3958 3094 3998 non
3135 3950 3299 4007 sunt;
3331 3943 3425 3997 sed
3458 3943 3582 3997 ficta
3609 3952 3771 4014 atque

2185 4030 2421 4097 fallacia,
2456 4048 2709 4088 verorum
2749 4033 2817 4088 ad
2869 4033 3159 4103 imaginem
3195 4046 3476 4103 expressa.
3541 4031 3598 4085 ln
3660 4049 3771 4103 quo

2186 4120 2509 4189 planissima
2572 4122 2695 4177 illus
2752 4121 3054 4175 Salvatoris
3116 4121 3387 4176 sententia
3449 4120 3767 4192 redarguit:

2187 4213 2313 4267 Non
2358 4212 2534 4268 bibam
2595 4214 2758 4286 402
2804 4215 2867 4268 de
2902 4214 2999 4268 Ιιοο
3059 4214 3318 4283 genimine
3376 4214 3539 4278 uitis,
3610 4214 3774 4271 donec

2187 4304 2364 4358 bibam
2408 4305 2540 4360 illud
2580 4322 2769 4360 novum
2826 4307 2881 4358 in
2940 4322 3096 4375 regno
3135 4306 3386 4359 caelorum
3425 4304 3693 4359 vobiscum
3722 4307 3768 4360 ".

562 4387 732 4442 Πάλιν
755 4388 829 4452 ὡς
857 4388 1061 4461 ταύτην
1094 4390 1487 4460 παρωσάμενοι
1520 4391 1664 4462 χειρὶ
1703 4393 1943 4463 κραταιᾷ
1978 4392 2078 4463 τῆς

2256 4398 2620 4465 Quamobrem
2657 4408 3012 4469 posteaquam
3049 4398 3191 4452 hanc
3243 4398 3493 4454 haeresim
3544 4398 3772 4454 validis-

489 4481 769 4554 ἀληθείας,
814 4482 890 4546 ὡς
922 4482 1195 4538 κνώδαλον
1228 4476 1489 4555 ὀδυνηρὸν
1523 4484 1752 4538 ὀδόντων
1784 4486 2081 4557 ἀφῃρημέ-

489 4590 600 4637 νον,
640 4574 741 4651 ἐπὶ,
761 4573 859 4637 τάς
894 4574 1022 4645 ἑξῆς
1046 4574 1237 4645 ἴωμεν,
1272 4576 1519 4647 συνήθως
1547 4575 1638 4630 τὸν
1659 4576 1791 4630 Θεὸν
1812 4577 1921 4630 τῶν
1942 4577 2080 4631 ὅλων

490 4663 931 4734 ἐπικαλούμενοι,
967 4665 1161 4734 ὀδηγόν
1191 4682 1250 4718 τε
1286 4667 1380 4719 καὶ
1412 4666 1703 4738 ἁμυντῆρα
1730 4667 1840 4722 τῶν
1867 4668 2079 4734 δεινῶν,

490 4752 782 4822 ἐπίκουρόν
802 4770 858 4805 τε
882 4754 982 4824 τῆς
1012 4756 1348 4826 φρονήσεως,
1384 4756 1542 4828 δότην
1564 4775 1621 4811 τε
1644 4757 1773 4811 ὄντα
1796 4760 1961 4814 αὐτὸν
1982 4765 2080 4832 τῆς

490 4847 701 4914 σοφίας·
739 4846 804 4899 ἵν’
842 4848 1026 4917 ἡμεῖς,
1080 4850 1207 4920 παρ’
1237 4848 1404 4903 αὑτοῦ
1437 4851 1647 4923 τάληθῆ
1695 4851 2078 4923 μανθάνοντες,

487 4938 589 5002 τὰς
622 4937 734 4991 τῶν
774 4937 949 4993 ἄλλων
994 4940 1404 4997 ἀποκαλύπτειν
1436 4943 1820 5015 δυνηθείημεν,
1853 4945 1948 4999 καὶ
1980 4947 2081 5017 τὴν

489 5033 612 5086 κατ’
632 5032 815 5085 αὐτῶν
841 5032 1114 5087 ἀντίδοτον
1146 5033 1398 5105 ἰατρικὴν
1428 5036 1494 5087 ἐκ
1522 5035 1733 5089 πολλῶν
1762 5036 2082 5109 μυρεψικῶν

563 5188 579 5261 ξ
612 5186 751 5241 LXX
805 5188 1020 5261 πυρροῦ
1044 5190 1406 5260 scripserunt.
1480 5191 1503 5221 ’
1527 5190 1872 5261 Prowxxm,
1894 5191 1985 5260 29,
2019 5193 2109 5249 50.

490 5258 512 5291 ⁸
541 5257 678 5313 Gen.
721 5275 848 5326 xxv,
882 5257 971 5315 '50.
1056 5261 1077 5291 ⁷
1101 5257 1291 5317 Μέιιιιι.
1323 5277 1471 5331 nrt,
1498 5262 1589 5319 ‘29.

562 5414 805 5488 (96)74t,7
835 5415 1136 5485 ἐψέματος
1175 5416 1390 5485 πυροῦ.
1438 5416 1633 5472 Mirum
1667 5426 1754 5473 est
1800 5418 1927 5488 quid
1971 5418 2073 5474 sibi

488 5487 724 5544 voluerit
769 5487 1106 5557 Epiphanius
1132 5529 1146 5549 ,
1185 5498 1279 5542 aut
1311 5488 1443 5557 quid
1496 5489 1549 5542 iu
1590 5489 1771 5545 animo
1799 5487 2074 5551 habuerit,

490 5572 615 5629 cum
653 5558 766 5614 haec
796 5558 1089 5621 scriberet,
1124 5557 1395 5628 ἐψέματος
1435 5557 1608 5629 πυροῦ
1639 5559 1779 5613 idem
1812 5576 1967 5624 esse,
2012 5576 2075 5613 ac

491 5627 738 5701 [eruentis
778 5637 870 5682 aut
907 5638 1123 5683 recocta:
1162 5627 1487 5701 sorbitionis.
1516 5627 1668 5683 Nam
1714 5629 1860 5698 quod
1899 5630 2074 5701 πυροῦ

492 5697 924 5769 frumentaccam
974 5701 1152 5769 primo
1200 5700 1322 5754 loco
1382 5697 1794 5769 interpretatur,
1849 5710 1933 5756 est
1981 5697 2074 5754 illa

492 5766 713 5841 quidem
762 5766 1122 5837 tolerabilior,
1182 5770 1278 5827 scd
1311 5779 1505 5827 contra
1530 5766 1886 5828 Hebraeorum
1921 5771 2072 5827 Grae-

2184 4487 2324 4543 sima
2367 4488 2612 4543 veritatis
2654 4504 2820 4542 manu
2874 4488 3319 4558 propulsavimus
3342 4528 3357 4553 ,
3391 4504 3456 4543 ac
3484 4490 3634 4544 velut
3667 4484 3771 4544 im-

2186 4586 2439 4648 portuna:
2462 4578 2682 4634 cuidam
2720 4580 2909 4635 bestiae
2939 4581 3131 4636 dentes
3155 4581 3525 4648 excessimus,
3560 4581 3629 4635 ad
3653 4581 3773 4635 reli-

2186 4686 2324 4742 quas
2382 4679 2753 4728 transeamus.
2814 4673 2919 4730 Sed
2967 4672 3060 4728 Dei
3118 4673 3379 4744 primum,
3415 4681 3475 4727 ut
3508 4674 3771 4740 solemus,

2186 4765 2595 4835 implorandum
2644 4766 2803 4822 nobis
2833 4767 2941 4820 erit
2968 4767 3256 4833 auxilium,
3296 4768 3390 4838 qui
3424 4774 3479 4821 et
3510 4765 3612 4821 via:
3639 4765 3772 4829 dux,

2190 4857 2571 4927 malorumque
2613 4858 2910 4928 depulsor,
2965 4867 3020 4913 et
3065 4859 3370 4928 prudentiae
3418 4857 3659 4927 adjutor,
3717 4867 3772 4911 ct

2190 4949 2470 5017 sapientia:
2516 4950 2743 5021 largitor
2767 4958 2870 5016 est,
2907 4958 2965 5004 ut
2994 4951 3062 5005 ab
3109 4951 3229 5020 ipso
3266 4951 3549 5005 veritatem
3593 4950 3771 5005 edocti

2190 5042 2529 5113 reliquarum
2560 5043 2841 5100 lnereseon
2870 5058 3091 5099 errores
3132 5043 3457 5112 patefacere,
3497 5050 3663 5113 atque
3705 5058 3771 5097 ex

2186 5194 2205 5225 ³
2236 5194 2368 5251 Luc.
2403 5213 2517 5261 xxv,
2554 5197 2643 5251 54.
2750 5197 2951 5253 ‘Prov.
2980 5214 3135 5261 xxm,
3160 5197 3212 5251 ’5.
3290 5198 3312 5229 ⁸
3346 5197 3363 5251 l
3396 5196 3523 5251 Cor.
3576 5212 3652 5259 vr,
3684 5196 3771 5249 15.

2185 5434 2487 5488 eorumque
2533 5418 2784 5472 codicum
2832 5417 2990 5472 fidem
3026 5423 3289 5487 usurpata
3332 5418 3517 5488 lectio.
3560 5416 3772 5475 Etenim

2187 5489 2327 5543 LXX
2370 5487 2494 5561 cum
2541 5490 2765 5545 Hebraeo
2812 5489 3221 5561 consentientes
3276 5487 3512 5561 πυῤῥοῦ,
3558 5488 3661 5543 hoc
3690 5496 3774 5543 est

2184 5560 2330 5628 rufa,
2385 5559 2744 5629 scripserunt,
2782 5576 2889 5613 non
2925 5558 3120 5630 πυροῦ.
3147 5557 3406 5630 Quaenam
3440 5574 3570 5630 vero
3590 5574 3770 5629 graay
3839 5575 3850 5595 ι

2186 5631 2384 5709 Inatica
2420 5632 2560 5709 ratio
2611 5630 2785 5709 πυροῦ
2826 5645 2924 5701 pro
2973 5628 3319 5709 πυρωθέντος
3351 5628 3459 5683 dici
3503 5628 3768 5709 patiatur,

2184 5702 2342 5774 quasi
2367 5702 2650 5774 genitivus
2675 5698 2747 5755 sit
2777 5718 2806 5754 a
2827 5698 3068 5756 nomine
3102 5701 3325 5771 πυρόεις
3356 5698 3598 5773 πυροῦςῖ
3624 5702 3770 5774 quod

2186 5772 2410 5827 minime
2435 5772 2701 5842 procedit.
