4186 6374
423 278 529 334 855

1843 287 1901 341 S.
1942 287 2293 346 ΕΡΙΡΗΑΝΙί

3588 276 3695 337 856

422 395 557 466 ipsis
586 398 836 454 veritatis
864 399 1113 465 vocibus,
1146 402 1307 471 quasi
1339 417 1407 458 ex
1436 404 1627 459 multis
1659 406 2012 477 seplasiario—

2149 410 2271 465 ίδῶν
2301 410 2408 464 ἀπὸ
2435 407 2528 463 τοῦ
2560 408 2718 477 λόγου
2742 408 2842 478 τῆς
2869 405 3127 476 ἀληθείας
3154 400 3563 456 κατασκευάσαι
3582 400 3695 463 τοῖς

424 503 545 541 rum
582 490 927 558 simplicibus
953 494 1302 563 corporibus,
1336 496 1490 550 velut
1521 497 1832 552 antidotum
1872 515 2006 555 con-

427 579 587 635 iicere
625 583 924 661 possimus,
958 585 1012 638 in
1038 600 1229 640 eorum
1256 587 1349 656 qui
1381 588 1492 657 jam
1529 589 1625 643 icti
1656 589 1858 645 fuerint
1890 608 2009 663 gra-

426 676 579 740 tiam,
610 684 669 729 ut-
707 678 790 733 vel
819 678 952 734 iisce
993 682 1200 735 nostris
1243 682 1504 751 perlectis
1545 685 1849 739 remedium
1896 686 2006 742 illis

426 765 790 834 adhibeatur;
846 770 929 823 vel
955 770 1000 824 si
1034 772 1238 826 nullam
1279 772 1460 827 adhuc
1491 773 1611 844 ejus
1644 775 1721 829 rei
1754 775 2004 830 notitiam

2112 503 2211 574 ἤδη
2246 502 2675 573 πεπληγμένοις,
2725 501 2807 563 εἰς
2840 502 2985 554 ἴασιν
3014 498 3110 551 καὶ
3147 495 3439 569 θεραπείαν
3470 496 3582 555 τοῖς
3610 494 3694 544 ὲν-

2110 596 2463 665 τυγχάνουσι,
2500 594 2593 648 καὶ
2621 596 2734 657 τοῖς
2766 592 3019 664 μέλλουσι
3050 589 3361 660 γινώσκειν,
3386 585 3421 641 ἃ
3448 585 3522 657 μὴ
3546 584 3691 655 ᾔδει-

2114 704 2234 751 σαν,
2276 689 2354 752 εἰς
2404 687 2594 741 παθῶν
2630 684 3065 757 προκατάληψιν,
3107 682 3199 737 καὶ⁵
3240 682 3371 751 ἡμῖν
3405 680 3486 741 εἰς
3520 692 3694 747 σωτη-

2114 779 2256 849 ρίαν,
2288 782 2381 833 καὶ
2415 778 2553 832 Θεοῦ
2590 777 2801 850 μισθὸν,
2829 776 3077 847 ἀφθόνως
3100 770 3571 845 δωρηθησόμενον.

428 856 739 924 habuerint,
769 878 833 917 ea
865 864 1084 917 demum
1122 875 1381 936 percepta
1408 882 1605 922 cavere
1639 868 1745 923 sibi
1782 870 2021 938 possint,
2078 870 2333 943 idemque
2383 872 2564 942 ipsum
2599 880 2654 925 et
2695 872 2925 925 salutem
2973 867 3152 932 nobis,
3183 873 3239 920 et
3288 862 3622 919 uberrimum
3660 872 3693 912 a

429 953 542 1011 Deo
575 958 862 1027 prtemium
897 974 960 1013 ac
991 961 1298 1015 mercedem
1332 962 1613 1020 conciliet.

812 1070 1092 1127 CONTRA
1131 1072 1619 1141 PHRYGASTAS,

430 1181 554 1237 Sive
585 1181 941 1239 Montanistas
970 1196 1062 1239 aut
1082 1186 1496 1256 Tascodrugitas
1514 1191 1727 1246 haeresis
1749 1191 2010 1246 XXVIII

1044 1257 1121 1311 vel
1155 1257 1252 1311 XL
1268 1259 1427 1313 VIII.

503 1368 542 1424 1.
563 1368 643 1423 Ab
657 1369 742 1425 bis
764 1369 868 1422 alia
889 1386 1105 1425 rursum
1124 1370 1416 1428 etllorescit
1433 1373 1674 1440 hmresis,
1694 1390 1815 1445 qua:
1836 1375 2009 1448 Phry-

2502 1076 2688 1129 ΚΑΤΑ
2727 1074 3131 1128 ΦΡΥΓΛΣΤΩΝ
3162 1072 3304 1144 (97),

2118 1192 2240 1244 Εἶτ’
2265 1187 2377 1246 οὖν
2398 1188 2829 1244 Μοντανιοντῶν
2854 1188 3262 1257 καλουμένων,
3291 1186 3330 1253 ἢ
3355 1186 3452 1240 καὶ
3486 1190 3699 1242 Τασκο-

2468 1258 2795 1329 δρουγιτῶν
2824 1258 2964 1322 KII',
2996 1258 3034 1326 ἢ
3068 1257 3168 1312 καὶ
3198 1260 3343 1311 MH'.

2189 1374 2267 1426 A'.
2318 1372 2450 1424 Ἀπὸ
2472 1372 2675 1425 τούτων
2724 1370 2886 1442 ἑτέρα
2931 1370 3093 1424 πᾶλιν
3127 1368 3339 1439 αἵρεσις
3368 1366 3691 1433 ἀνακύπτει,

430 1474 558 1529 gum
599 1459 823 1525 dicitur,
861 1460 964 1513 sub
987 1460 1128 1513 idem
1159 1459 1272 1516 fere
1299 1463 1566 1531 producta
1596 1472 1832 1533 tempus.
1855 1465 2016 1534 eique

2141 1466 2226 1517 τῶν
2250 1464 2478 1535 Φρυγῶν
2502 1463 2836 1534 καλουμένη,
2863 1461 3160 1533 σύγχρονος
3180 1459 3445 1530 γενομένη
3465 1457 3697 1522 τούτοις,

433 1551 794 1605 successione
847 1551 1120 1620 proxima.
1175 1553 1311 1607 Nam
1373 1555 1462 1609 isti
1506 1555 1611 1610 sub
1641 1556 1863 1611 Antonii
1910 1557 2015 1622 Pii,

2141 1559 2211 1611 ιαὶ
2238 1559 2435 1620 αὐτοὺς
2464 1556 2839 1627 διαδεχομένη.
2866 1550 3024 1610 Οὗτοι
3055 1555 3165 1625 γὰρ
3189 1554 3447 1623 γεγόνασι
3479 1553 3607 1623 περὶ
3638 1552 3702 1605 τὸ

433 1642 525 1711 qui
550 1650 671 1711 post
699 1641 997 1695 Adrianum
1031 1644 1338 1713 imperavit,
1376 1660 1579 1699 annum
1610 1664 1702 1702 xix
1734 1664 2017 1720 emergere

2141 1650 2599 1702 ,ννεακαιδέκατον
2632 1647 2751 1710 ἔτος
2782 1647 2892 1717 (98)
2940 1646 3255 1699 Ἀντωνίνου
3293 1644 3387 1699 τοῦ
3428 1644 3700 1709 Εὐσεϐοῦς

433 1741 737 1802 cceperunt.
772 1733 977 1789 Marcio
1009 1751 1159 1800 vero,
1195 1734 1461 1791 Tatianus
1490 1746 1544 1792 et
1588 1740 1882 1793 Encratitaa
1912 1740 2015 1793 ho-

2141 1744 2260 1797 ιετὰ
2303 1742 2598 1813 Ἀδριανόν.
2635 1741 2746 1794 Καὶ
2770 1742 2796 1793 ό
2829 1739 3093 1811 Μαρκίων
3124 1738 3201 1802 δὲ,
3236 1738 3331 1791 καὶ
3359 1738 3409 1789 οἱ
3440 1736 3568 1806 περὶ
3595 1736 3703 1789 Τα-

434 1843 556 1881 rum
587 1828 843 1899 discipuli
874 1830 976 1882 sub
1011 1830 1275 1893 Adriano,
1308 1846 1371 1885 ac
1409 1841 1535 1901 post
1565 1830 1865 1886 Adrianum
1889 1847 2018 1903 pro-

433 1920 675 1975 dierum.

506 2010 751 2083 Phryges
802 2012 987 2082 itaque
1040 2010 1142 2080 (sic
1172 2015 1317 2068 enim
1351 2016 1650 2087 appellant)
1700 2024 1810 2069 tam
1848 2013 2019 2070 Vetus

433 2117 599 2173 quam
642 2102 852 2157 Novum
893 2103 1306 2161 Testamentum
1346 2109 1648 2163 asciscunt.
1678 2108 2019 2163 Mortuorum

436 2194 899 2248 resurrectionem
931 2196 1256 2265 approbant.
1305 2196 1427 2267 _Sed
1472 2198 1789 2253 Montanum
1834 2215 2023 2269 quem-

436 2284 562 2337 dam
618 2284 961 2354 prophetam,
1008 2303 1131 2341 cum
1173 2286 1417 2343 Priscilla
1473 2300 1525 2344 et
1554 2290 1855 2343 Maximilla
1897 2306 2024 2360 pro—

438 2377 701 2445 phetissis
750 2379 1087 2448 praedicant;
1147 2381 1349 2451 quibus
1400 2382 1733 2437 inhaerentes
1787 2398 1818 2435 a
1875 2393 2024 2437 recta

437 2469 525 2522 via
562 2468 877 2525 deﬂectunt.
941 2471 1071 2526 Nam
1108 2472 1177 2529 de
1206 2473 1388 2537 Patre,
1430 2482 1484 2528 et
1522 2472 1679 2538 Filio,
1724 2489 1787 2528 ac
1819 2473 2025 2544 Spiritu

438 2570 631 2616 sancto
662 2562 850 2616 eadem
880 2578 1005 2617 cum
1038 2563 1281 2620 Ecclesia
1312 2566 1582 2621 catholica
1614 2565 1880 2621 sentiunt.
1918 2564 2025 2620 Sed

440 2655 508 2707 ab
553 2655 673 2722 ejus
736 2668 796 2709 se
858 2657 1246 2712 communione
1291 2665 1652 2727 separarunt,
1681 2658 1829 2727 quod
1869 2672 2026 2713 erro-

440 2746 518 2802 ris
565 2747 794 2817 spiritus
861 2762 925 2802 ac
1002 2748 1285 2804 doctrinas
1338 2750 1649 2804 daemonum
1700 2757 2023 2819 sequantur.

441 2839 553 2895 Nos
576 2842 745 2907 enim,
776 2843 1051 2912 inquiunt,
1085 2844 1330 2899 cmlestia
1352 2854 1569 2915 oportet
1591 2845 1734 2900 dona
1762 2847 2028 2916 recipere.

2117 1832 2322 1895 τιανὸν,
2366 1831 2460 1885 καὶ
2494 1832 2588 1883 ἀπ’
2637 1828 2801 1882 αὐτοῦ
2836 1826 3206 1897 διαδεξάμενοι
3254 1826 3602 1895 Ἐγκρατῖται
3644 1824 3703 1876 ὲν

2120 1924 2331 1994 χρόνοις
2372 1921 2674 1993 Ἀδριανοῦ,
2708 1923 2802 1975 καὶ
2835 1921 2975 1991 μετὰ
3019 1918 3313 1991 Ἀδριανόν.

2193 2008 2354 2070 Οὗτοι
2395 2016 2503 2085 γὰρ
2542 2018 2589 2068 οἱ
2627 2015 2770 2068 κατὰ
2814 2013 3030 2085 Φρύγας
3079 2011 3428 2082 καλούμενοι,
3454 2009 3703 2080 δέχονται

2123 2110 2216 2163 καὶ
2233 2108 2387 2161 αὐτοὶ
2426 2108 2606 2161 πᾶσαν
2640 2106 2677 2158 Γ
2685 2106 2886 2177 ραφὴν,
2919 2103 3164 2157 Παλαιὰν
3198 2102 3293 2155 καὶ
3332 2100 3479 2153 Νέαν
3508 2096 3705 2167 Διαθῆ-

2124 2219 2245 2271 κην⁸
2274 2201 2367 2254 καὶ
2392 2199 2603 2270 νεκρῶν
2630 2199 2927 2253 ἀνάστασιν
2968 2196 3169 2266 ὁμοίως
3207 2194 3443 2262 λέγουσι.
3485 2191 3704 2244 Μοντα-

2124 2293 2214 2345 νόν
2248 2292 2305 2346 δέ
2341 2309 2464 2345 τινα
2505 2292 2790 2363 προφήτην
2818 2288 3076 2359 αὐχοῦσιν
3106 2287 3270 2357 ἔχειν,
3312 2285 3407 2338 καὶ
3444 2281 3705 2355 Πρίσκιλ-

2124 2386 2243 2447 λαν,
2288 2387 2383 2439 καὶ
2429 2383 2775 2454 Μαξιμίλλαν
2818 2380 3177 2453 προφήτιδας·
3219 2373 3302 2441 οἷς
3347 2375 3707 2447 προσέχοντες

2125 2479 2217 2532 τὸν
2248 2478 2372 2533 νοῦν
2421 2478 2824 2549 ἐξετράπησαν.
2856 2475 2991 2545 Περὶ
3031 2474 3089 2526 δὲ
3134 2471 3368 2543 Πατρὸς,
3413 2469 3509 2522 καὶ
3550 2466 3705 2531 Υίοῦ,

2128 2572 2223 2624 καὶ
2253 2570 2409 2639 ἁγίου
2437 2568 2577 2622 Πνεύ
2588 2586 2753 2639 ματος
2784 2566 2986 2638 ὁμοίως
3015 2564 3271 2636 φρονοῦσι
3299 2564 3365 2633 τῇ
3393 2560 3525 2631 ἁγίᾳ
3547 2558 3708 2612 καθο-

2127 2663 2252 2733 λικῇ
2284 2661 2593 2733 Ἐκκλησία.
2614 2662 2943 2730 Ἀπέσχισαν
2965 2657 3021 2709 δὲ
3046 2656 3294 2721 ἑαυτοὺς,
3319 2649 3711 2725 προσέχουσιν⁸

2129 2757 2406 2827 πνεύμασι
2441 2755 2651 2826 πλάνης
2677 2755 2772 2807 καὶ
2798 2751 3171 2813 διδασκαλίαις
3207 2748 3496 2818 δαιμόνων,
3527 2744 3713 2812 λέγον-

2128 2867 2241 2913 τες,
2266 2848 2347 2901 ὅτι
2376 2849 2466 2900 Δεῖ
2490 2849 2659 2918 ἡμᾶς,
2694 2846 2848 2915 φησι,
2876 2845 2972 2897 καὶ
2999 2842 3068 2895 τὰ
3095 2840 3409 2911 χαρίσματα
3440 2832 3709 2906 δέχεσθαι.

446 2933 557 2989 Sua
590 2933 811 3003 quidem
837 2943 892 2989 et
920 2933 1170 2991 Ecclesia
1236 2937 1508 2992 catholica
1568 2939 1713 2994 dona
1766 2939 2030 2993 divinitus

2141 2940 2294 3010 Καὶὴ
2318 2936 2447 3007 ἁγία
2473 2936 2567 2990 τοῦ
2596 2936 2732 2989 Θεοῦ
2766 2932 3063 3003 Ἐκκλησία
3083 2931 3285 3001 ὁμοίως
3306 2927 3373 2981 τὰ
3400 2924 3716 2997 χαρίσματα

446 3026 688 3095 accipit,
752 3026 848 3081 sed
901 3042 1024 3097 qua:
1083 3043 1215 3083 vera
1283 3030 1425 3084 dona
1482 3038 1633 3095 sunt,
1688 3038 1742 3086 et
1794 3029 2033 3101 Spiritus

2141 3029 2367 3100 δέχεται”
2396 3028 2533 3081 ἀλλὰ
2555 3026 2625 3079 τὰ
2652 3026 2821 3088 ὅντως
2851 3024 3189 3095 χαρίσματα,
3214 3020 3310 3073 καὶ
3332 3021 3399 3090 τῇ
3427 3017 3560 3088 ἁγίᾳ
3580 3010 3714 3068 Θεοῦ

446 3116 607 3188 403
665 3120 865 3183 sancti,
930 3135 994 3174 ac
1030 3121 1459 3190 prophetarum,
1522 3131 1577 3177 et
1629 3124 2031 3193 apostolorum,

2151 3118 2449 3190 Ἐκκλησία
2472 3116 2561 3170 διὰ
2583 3116 2721 3169 Πνεύ
2732 3133 2898 3186 ματος
2927 3112 3079 3181 ἁγίου
3109 3109 3543 3179 δεδοκιμασμένα
3566 3104 3719 3175 παρά

448 3209 776 3279 Dominique
833 3212 1010 3282 ipsius
1063 3214 1394 3269 auctoritate
1441 3218 1815 3285 comprobata.
1862 3216 2032 3272 Joan-

447 3315 546 3354 nes
576 3300 841 3369 siquidem
889 3304 1173 3371 apostolus
1202 3305 1359 3359 sicin
1388 3304 1628 3374 Epistola
1664 3321 1764 3360 sua
1797 3321 1900 3361 nos
1940 3307 2035 3361 ad-

450 3400 671 3447 monet:
706 3391 938 3448 Probate
967 3396 1208 3464 spiritus,
1257 3397 1305 3449 si
1339 3411 1404 3449 ea:
1452 3396 1561 3450 Deo
1585 3400 1767 3453 sunt‘.
1811 3398 1878 3453 Et
1910 3415 2037 3453 rur-

448 3497 571 3536 sum
613 3502 625 3535 :
682 3483 925 3538 Audistis
967 3486 1095 3554 quia
1151 3487 1513 3541 Antichristus
1563 3490 1744 3552 venit;
1794 3499 1845 3543 et
1898 3506 2037 3543 nunc

450 3572 768 3626 Antichristi
815 3574 973 3628 multi
1015 3586 1160 3630 sunt.
1211 3576 1259 3629 Ε
1294 3578 1444 3632 nobis
1490 3581 1754 3641 exierunt,
1796 3581 1888 3634 sed
1932 3598 2037 3635 non

451 3675 604 3719 eram
629 3682 656 3720 ε
690 3665 860 3722 nobis.
890 3668 951 3722 Si
989 3670 1128 3721 enim
1159 3685 1187 3722 e
1226 3670 1374 3723 nobis
1418 3670 1666 3739 fuissent,
1716 3674 2037 3727 mansissent

454 3759 634 3829 utique
670 3759 973 3824 vobiscum;
1009 3760 1100 3814 sed
1152 3771 1211 3813 ut
1261 3762 1531 3830 manifesti
1576 3765 1730 3832 ﬁant,
1786 3766 2035 3834 quoniam

455 3866 560 3903 non
601 3860 723 3903 sunt
759 3867 787 3904 ε
819 3850 991 3912 nobis,
1020 3850 1220 3904 idcirco
1251 3852 1425 3906 scribo
1461 3852 1628 3919 vobis,
1664 3854 1820 3923 filioli
1852 3856 1894 3921 ἓ,
1929 3863 2035 3909 etc.

456 3943 732 4009 Quocirca
761 3958 950 3997 verum
996 3952 1080 4000 est
1114 3944 1236 4000 illos
1272 3960 1303 3999 e
1339 3955 1654 4000 sanctorum
1709 3964 1872 4018 grege
1927 3964 2038 4003 non

456 4052 601 4090 esse.
654 4034 739 4089 Ab
769 4035 837 4091 iis
876 4035 1023 4090 enim
1051 4038 1420 4092 eontendendi
1458 4039 1640 4093 studio
1669 4050 2038 4105 recesserunt,

457 4135 512 4180 et
533 4127 741 4182 erroris
771 4142 835 4181 ac
860 4126 1169 4183 fabularum
1201 4137 1456 4184 auctores
1484 4132 1710 4199 spiritus
1740 4134 2039 4187 consectati

460 4226 609 4273 sunt.

530 4310 594 4365 ll.
639 4311 780 4369 Ecce
810 4314 909 4368 tibi
947 4314 1035 4369 vel
1068 4328 1133 4369 eo
1184 4314 1326 4383 ipso,
1371 4315 1517 4383 quod
1560 4314 1666 4368 sibi
1700 4313 2040 4383 propositum

460 4405 699 4473 habent,
749 4415 936 4476 aperte
981 4407 1426 4473 convincuntur,
1480 4421 1831 4475 nequaquam
1896 4405 2043 4460 istud

2139 3228 2197 3265 τε
2230 3208 2528 3282 προφητῶν
2562 3209 2657 3263 καὶ
2695 3206 3030 3269 ἀποστόλων,
3109 3202 3204 3256 καὶ
3244 3198 3413 3256 αὑτοῦ
3464 3198 3558 3251 τοῦ
3603 3198 3718 3251 Κυ-

2144 3302 2283 3374 ρίου·
2320 3302 2622 3371 φάσκοντος
2654 3297 2952 3352 ἀποστόλου
2996 3294 3243 3349 Ἰωάννου
3277 3294 3334 3345 ὲν
3364 3293 3430 3361 τῇ
3473 3289 3721 3342 Ἐπιστο-

2141 3396 2230 3467 λῇ,
2253 3396 2333 3447 ὃτι
2354 3392 2694 3462 Δοκιμὰζετε
2722 3391 2795 3444 τὰ
2816 3390 3146 3458 πνεύματα,
3176 3387 3231 3440 εὶ
3251 3386 3422 3439 ἐστιν
3450 3383 3520 3435 ἐκ
3549 3378 3719 3435 Θεοῦ.

2144 3488 2311 3542 Πάλιν
2333 3486 2389 3539 δὲ
2408 3486 2676 3554 λέγοντος,
2710 3482 3157 3545 ὄτιἨχούοάτε,
3192 3479 3284 3532 ὅτι
3321 3476 3725 3543 Ἁντίχριστος

2144 3580 2395 3648 ἔρχεται,
2430 3576 2527 3630 καὶ
2563 3576 2681 3630 νῦν
2730 3575 3113 3642 Ἄντίχριστοι
3134 3570 3353 3625 πολλοὶ
3380 3569 3720 3638 γεγόνασιν.

2158 3672 2253 3735 Ἐξ
2291 3668 2458 3739 ἡμῶν
2499 3666 2777 3736 ἐξῆλθον
2810 3668 2948 3721 ἀλλ’
2974 3667 3086 3719 οὐκ
3125 3660 3288 3733 ἦσαν
3330 3662 3399 3725 ἐξ
3434 3656 3626 3728 ἡμῶν.
3655 3657 3725 3709 ει

2146 3764 2256 3833 γὰρ
2286 3760 2449 3833 ἦσαν
2476 3764 2545 3827 ἐξ
2574 3761 2762 3831 ἡμῶν,
2790 3758 3236 3829 μεμενήκεισαν
3268 3755 3345 3809 ἂν
3378 3753 3506 3823 μεθ’
3532 3749 3720 3820 ἡμῶν

2145 3858 2285 3911 ἀλλ’
2309 3857 2410 3909 ἵνα
2433 3852 2810 3924 γνωσθῶονιν,
2840 3851 2927 3904 ὅτι
2946 3852 3057 3904 οὐκ
3087 3849 3248 3903 εἰσὶν
3276 3846 3345 3910 ἐξ
3370 3843 3561 3915 ἡμῶν,
3592 3842 3729 3896 τού-

2147 3968 2253 4005 του
2283 3948 2457 4019 χάριν
2472 3946 2672 4019 πράρω
2700 3945 2862 4015 ὑμῖν,
2889 3942 3111 3997 τεκνία.
3131 3940 3223 3994 καὶ
3238 3938 3305 3992 τὰ
3321 3936 3468 4007 ἑξῆς.
3486 3934 3727 4005 Ἀληθῶς

2147 4039 2241 4095 οὖν
2286 4042 2367 4093 ὅτι
2412 4041 2511 4092 οὐκ
2564 4038 2702 4089 εἰσὶν
2746 4035 2805 4099 ἐξ
2851 4033 3031 4087 αὐτῶν
3074 4030 3182 4084 τῶν
3210 4029 3395 4097 ἁγίων.
3433 4025 3727 4096 Ἐξὲδησαν

2149 4133 2257 4206 γὰρ
2290 4136 2353 4203 τῇ
2381 4131 2590 4184 ἑαυτῶν
2628 4127 2948 4197 φιλονεικία,
2986 4124 3412 4199 προσανέχοντες
3436 4119 3543 4185 καὶ
3567 4115 3731 4171 πνεύ-

2152 4241 2286 4293 μασι
2316 4223 2524 4291 πλάνης
2551 4222 2646 4273 καὶ
2679 4219 3024 4290 μυθολογίας.

2223 4315 2297 4366 B'.
2331 4313 2462 4365 Ἰδοὺ
2494 4312 2600 4382 γὰρ
2638 4308 2698 4375 ἐξ
2740 4309 2908 4379 αὐτῆς
2940 4308 3039 4377 τῆς
3075 4304 3384 4367 ὑποθέσεως
3417 4302 3726 4371 ἐλέγχονται

2156 4405 2230 4475 μὴ
2256 4403 2542 4473 δυνάμενοι
2576 4402 2816 4472 πληροῦν
2843 4401 2911 4453 τὰ
2946 4398 3155 4451 ἑαυτῶν
3188 4399 3246 4451 ὲν
3291 4394 3591 4466 φιλονεικίᾳ.
3619 4393 3726 4445 ὑπ-

462 4498 666 4567 ipsmn,
715 4500 861 4567 quod
916 4500 1263 4553 contentiosa
1316 4499 1406 4552 illa
1458 4499 1755 4551 ambitione
1815 4512 1925 4567 prae
1983 4513 2033 4551 se

2150 4496 2494 4567 ισχνούμενα.
2535 4496 2595 4547 Ei
2632 4494 2739 4565 γὰρ
2764 4494 2845 4546 δεῖ
2876 4492 3193 4563 χαρίσματα
3221 4487 3493 4559 δέχεσθαι,
3528 4489 3618 4539 καὶ
3648 4484 3730 4537 δεῖ

464 4589 673 4653 ferunt,
726 4590 977 4645 obtinere
1024 4606 1203 4660 posse.
1236 4589 1373 4643 Nam
1410 4590 1454 4646 si
1485 4590 1730 4645 coelestia
1770 4590 1862 4644 illa
1896 4590 2037 4645 dona

2147 4590 2204 4643 ἐν
2220 4586 2518 4657 Ἐκκλησία
2537 4586 2849 4656 χαρίσματα
2865 4584 2907 4650 δ,
2931 4582 3049 4646 πῶς
3065 4581 3246 4635 οὐκέτι
3272 4577 3410 4650 μετὰ
3433 4574 3735 4643 Μοντανὸν,

538 4746 555 4776 ι
588 4744 785 4799 lJoan.
827 4762 900 4807 Iv,
937 4747 985 4798 i.
1063 4748 1084 4776 ¹
1112 4744 1131 4797 l
1164 4744 1322 4799 Joan.
1354 4760 1416 4809 ιι,
1454 4745 1522 4800 18
1547 4760 1668 4815 sqq.
1745 4746 1767 4777 ³
1807 4743 1866 4799 F.
1905 4745 2033 4798 καὶι

2142 4760 2191 4796 σ.
2272 4743 2295 4773 ⁸
2326 4741 2486 4797 Deest
2525 4740 2669 4811 ἔχειν
2694 4740 2778 4794 vel
2812 4734 2974 4793 εἶναι.

542 4903 652 4971 (97)
693 4905 853 4955 Κατὰ
886 4901 1271 4970 Φρυγαο-τῶν.
1319 4900 1562 4971 Phryges
1593 4901 1709 4955 sive
1737 4900 2056 4971 Phrygastze

511 4974 688 5043 roprie
734 4973 883 5035 dicti,
936 4972 1079 5040 quod
1113 4989 1142 5026 e
1171 4971 1404 5043 Phrygia
1440 4971 1674 5043 primum
1729 4972 2052 5043 prodierint.

499 5040 638 5097 idem
692 5050 875 5095 tamen
921 5040 1740 5110 nonnunquamCataphryges
1795 5050 1849 5095 et
1901 5042 2058 5095 Cata-

474 5116 725 5184 phrygaz,
756 5113 916 5183 quasi
960 5114 1313 5183 Evangelium
1340 5122 1514 5175 esset,
1552 5114 1637 5166 vel
1682 5112 1878 5181 dogma
1918 5112 2058 5164 κατὰ

472 5185 714 5240 Φρύγας.

521 5201 879 5324 ρίέἒῗςδῦτοι
934 5253 1046 5322 γὰρ
1094 5253 1377 5323 γεγόνασι
1417 5253 1549 5324 περὶ
1583 5254 1650 5305 τὸ
1687 5250 2057 5324 εννεᾳκαιδέ-

476 5322 679 5381 καῖον.
722 5322 1109 5379 Consentanea
1156 5334 1283 5378 sunt
1334 5340 1454 5392 quae
1501 5323 1568 5376 de
1629 5323 1791 5389 hujus
1835 5322 2057 5376 haeresis

475 5399 626 5452 exitu
669 5412 734 5450 ae
768 5403 1011 5463 tempore
1056 5394 1300 5457 disserit,
1337 5410 1461 5448 cum
1497 5395 1564 5447 iis
1601 5408 1719 5461 qua:
1759 5408 1923 5461 supra
1955 5392 2057 5445 do-

458 5469 613 5531 cuit,
648 5467 903 5519 nimirum
936 5463 1211 5519 Iustinum
1248 5465 1474 5517 Adriani
1508 5475 1751 5532 tempore
1779 5474 2055 5516 mortuum

476 5554 630 5603 esse;
664 5536 967 5590 secundum
1000 5552 1160 5604 quem
1195 5536 1356 5603 paulo
1385 5544 1508 5602 post
1541 5532 1807 5587 Tatianus
1836 5534 2055 5601 prodie-

480 5609 587 5669 rit,
624 5625 652 5659 a
686 5624 796 5675 quo
838 5608 1130 5659 Encratitie
1175 5606 1440 5675 originem
1479 5607 1792 5672 acceperint
1822 5605 1926 5657 sub
1954 5604 2061 5675 An-

482 5624 587 5669 rit,
624 5625 652 5659 a
686 5624 796 5729 qni)
838 5624 1130 5659 mnu-auia:
1175 5624 1440 5675 originem
1479 5624 1792 5672 acceperint
1822 5624 1926 5657 suu
1954 5624 2059 5655 nu-

482 5676 672 5731 tonino
748 5679 798 5731 io
827 5692 840 5726 :
869 5693 978 5744 quo
1019 5676 1208 5730 eodem
1245 5683 1565 5743 imperante,
1603 5686 1764 5743 atque
1813 5689 1957 5727 anno
1995 5674 2059 5724 il-

482 5748 588 5803 lius
625 5764 711 5801 XIX
748 5747 1032 5801 Montanus
1086 5746 1376 5801 exstiterit.
1422 5744 1528 5800 Sed
1561 5761 1688 5799 cum
1718 5761 1782 5800 ex
1834 5745 1901 5801 iis
1938 5760 2066 5814 qua)

2159 4900 2320 4969 paulo
2349 4905 2474 4952 ante
2507 4898 2780 4967 disputata
2830 4904 2979 4960 sunt,
3030 4900 3247 4949 constet
3278 4892 3557 4969 J_ust_inum
3593 4904 3738 4945 non-

2160 4963 2266 5024 nisi
2298 4972 2401 5023 sub
2422 4963 2610 5022 Marco
2624 4970 2843 5022 Aurelio
2871 4982 3092 5035 passum
3122 4982 3265 5028 esse,
3290 4963 3741 5035 Tatianutuvero

2160 5042 2441 5108 aliquanto
2490 5041 2653 5091 etiam
2684 5031 2883 5108 postea
2909 5037 3156 5091 haeresim
3202 5031 3734 5108 suamieondidisse,

2160 5102 2449 5164 manil'csta
2496 5111 2581 5163 hic
2626 5102 2711 5164 est
2755 5118 3058 5177 temporum
3092 5107 3448 5177 perturbatio.
3477 5102 3634 5168 Quod
3670 5103 3739 5177 ad

2159 5181 2533 5250 Cataphrygas
2570 5187 2820 5250 spectat,
2850 5171 3116 5232 Eusebius
3147 5179 3205 5250 in
3230 5174 3428 5250 Chron.
3482 5188 3627 5228 anno
3666 5171 3737 5227 Μ.

2159 5247 2363 5306 Aurelii
2405 5247 2463 5303 si
2518 5250 2707 5303 scribit
2740 5249 3144 5319 Cataplirygum
3197 5247 3742 5319 hieresim,__auctore

2161 5322 2417 5375 Montano
2439 5362 2452 5384 ,
2497 5330 2551 5374 et
2579 5319 2826 5374 Priscilla
2848 5360 2860 5381 ,
2881 5308 2959 5373 ὀε
2984 5308 3301 5379 Maximilla,
3327 5315 3610 5369 exordium
3653 5315 3742 5366 ha-

2161 5394 2367 5448 buisse.
2398 5390 2537 5445 Tum
2568 5404 2713 5443 anno
2735 5398 2998 5459 sequente
3020 5387 3329 5459 Encralitas
3355 5384 3585 5459 Tat_iano
3605 5384 3743 5459 duce

2160 5463 2453 5533 prodiisse.
2488 5460 2619 5525 Quae.
2653 5461 2698 5533 si
2727 5455 2853 5514 ver'a
2885 5467 3033 5523 sunt,
3082 5458 3294 5511 'l'atiani
3337 5465 3392 5533 e_t
3437 5455 3742 5533 Encratita-

2165 5527 2282 5587 rum
2344 5533 2537 5587 haeresi
2607 5532 2845 5599 priorem
2896 5537 3111 5599 oportet
3175 5543 3297 5599 esse
3344 5527 3742 5599 Cataphrygum

2165 5604 2448 5669 harrcsim;
2483 5595 2676 5656 cont—ra
2705 5595 3016 5655 institutum
3045 5600 3112 5654 ab
3141 5598 3445 5667 Epiphanio
3468 5595 3743 5669 ordinem,

2169 5692 2229 5730 ac
2259 5675 2360 5730 sub
2386 5668 2611 5728 Aurelio
2642 5674 2909 5727 duntaxat
2940 5672 3268 5742 imperatore
3296 5668 3598 5725 exstitisse.
