4186 6374
417 381 525 440 85?

1118 381 1254 436 ADV
1263 381 1488 438 ERSUS
1527 380 1870 437 HAERESES
1909 379 2027 436 LIB.

2132 421 2146 435 .
2188 380 2352 449 TOM,
2394 383 2437 440 Ι.
2475 382 2752 440 ΗᾸΕΒΕΞ.
2788 383 3016 440 XLVIII.

3593 385 3698 442 858

417 507 514 560 καὶ
546 503 897 575 Πρίσκιλλαν,
937 503 1033 556 καὶ
1072 501 1442 572 Μαξιμίλλαν,
1465 502 1649 571 ἔχουσι
1685 501 2005 573 προφήτας;

2132 501 2429 572 'ecipienda
2480 511 2634 564 sunt.
2686 504 2865 573 iisque
2919 501 3204 572 praeditam
3239 501 3540 559 Ecclesiam
3575 519 3701 560 esse

423 594 565 669 Ἀρα
593 597 836 667 ἦργησεν
861 597 894 666 ἡ
925 595 1118 666 χάρις;
1144 595 1258 647 Οὐκ
1281 596 1442 666 ἀργεῖ
1466 595 1523 647 δὲ
1551 595 1584 664 ή
1613 593 1772 665 χάρις
1789 595 1848 645 ἐν
1871 591 2005 661 ἁγίᾳ

423 688 743 759 Ἐκκλησίᾳ·
781 686 856 757 μὴ
892 687 1128 755 γένοιτοῐ
1168 686 1231 738 Εἰ
1255 687 1313 739 δὲ
1354 687 1460 750 ἕως
1493 687 1638 751 τινὸς
1669 688 2009 757 προεφήτευ-

424 799 522 834 σαν
554 782 602 832 οί
634 778 1132 849 προφητεύσαντες,
1168 780 1261 832 καὶ
1293 779 1394 830 οὐκ
1426 778 1507 830 ἔτι
1547 779 2005 849 προφητεύουσιν’

424 871 560 923 ἄλλὰ
591 870 714 924 οὔτε
742 869 1212 941 Πρίσκιλλανοῦτε
1240 869 1556 938 Μαξιμίλλα
1588 871 2008 940 προεφήτευσαν

428 961 566 1030 μετὰ
594 959 692 1022 τὰς
721 961 1057 1029 προφητείας
1104 959 1204 1021 τάς
1235 959 1324 1012 διὰ
1355 958 1462 1012 τῶν
1495 960 1666 1028 ἁγίων
1697 959 2010 1012 ἀποστόλων

428 1053 484 1104 ὲν
514 1054 579 1121 τῇ
609 1050 743 1120 ἁγίᾳ
767 1049 1068 1119 Ἐκκλησία
1101 1049 1544 1120 δοκιμασθείσας.
1591 1050 1749 1104 Κατὰ
1792 1051 1885 1103 δύο
1917 1045 2010 1104 οὖν

426 1147 661 1212 τρόπους
689 1141 1078 1212 ἐλεγχθήσεται
1113 1144 1146 1212 ἡ
1177 1141 1340 1195 αὐτοῦ
1374 1141 1550 1197 ἄνοια.
1582 1143 1653 1193 ’Ἦ
1688 1141 1799 1212 γὰρ
1826 1139 2011 1204 δείξω-

430 1253 512 1288 σιν
533 1231 672 1287 εἶναι
700 1236 982 1303 προφήτας
1015 1234 1152 1303 μετὰ
1181 1231 1550 1303 Μαξιμίλλαν,
1577 1233 1663 1285 ἵνα
1689 1233 1762 1303 μὴ
1790 1234 2010 1306 ἁργήσῃ

428 1329 558 1398 παρ’
593 1328 774 1389 αὐτοῖς
806 1325 1077 1394 λεγομένη
1125 1325 1301 1394 χάρις·
1354 1324 1386 1396 ἢ
1427 1327 1474 1376 oi
1507 1325 1635 1394 περὶ
1669 1323 2010 1393 Μαξιμίλλαν

427 1419 870 1490 ψευδοπροφῆται
901 1418 1286 1485 εὑρεθήσονται
1323 1414 1462 1486 μετὰ
1486 1415 1576 1468 τὸν
1596 1417 1720 1486 ὅρον
1744 1415 1852 1468 τῶν
1883 1431 2016 1484 προ-

431 1510 677 1580 φητικῶν
705 1507 1060 1579 χαρισμάτων
1091 1506 1465 1577 τολμήσαντες
1484 1507 1583 1558 οὐκ
1606 1506 1713 1558 ἀπὸ
1735 1505 1830 1558 τοῦ
1857 1505 2012 1574 ἁγίου

431 1600 770 1670 Πνεύματος,
804 1597 918 1650 ἀλλ’
950 1597 1058 1649 ἀπὸ
1091 1596 1298 1666 πλάνης
1324 1595 1596 1665 δαιμόνων
1623 1596 2014 1666 ἐνθουσιασθῆ-

431 1713 542 1756 ναι,
583 1693 677 1746 καὶ
718 1690 989 1760 φαντάσαι
1027 1689 1156 1750 τοὺς
1188 1687 1486 1750 ἀκούοντας
1513 1686 1716 1750 αὐτῶν,
1740 1689 1834 1740 καὶ
1869 1689 2016 1752 ὅπως

432 1785 493 1851 ἐξ
521 1783 699 1839 αὐτῶν
727 1783 836 1835 τῶν
860 1783 992 1852 παρ’
1019 1781 1204 1842 αὐτοῖς
1231 1779 1542 1850 λεγομένων
1568 1781 1596 1832 ὁ
1626 1779 1848 1849 ἔλεγχος
1880 1780 2015 1852 πρὸς

2115 594 2396 658 convenit,
2453 610 2553 649 cur
2615 603 2740 664 post
2795 593 3137 655 Montanum,
3186 609 3248 646 ac
3276 593 3610 659 Priscillam,
3643 603 3702 651 et

2114 683 2468 739 Maximillam
2535 687 2718 739 nullos
2784 685 2988 739 habent
3059 685 3295 754 amplius
3359 687 3705 756 prophetas?

2121 775 2453 832 Divinumne
2494 786 2579 832 est
2627 793 2829 831 munus
2859 777 3231 832 exhaustum?
3267 775 3336 829 At
3370 777 3423 830 in
3460 776 3702 832 Ecclesia

2117 868 2388 922 catholica
2424 869 2646 923 minime
2681 869 2732 922 id
2767 869 2985 938 quidem
3015 876 3097 923 est
3126 868 3474 922 exhaustum.
3511 869 3698 925 Absit!

2117 959 2272 1022 Quod
2320 960 2367 1013 si
2400 959 2586 1028 aliquo
2632 969 2794 1014 tenus
2826 960 3106 1030 pr0phetae
3140 959 3423 1013 vaticinati
3455 968 3607 1023 sunt,
3647 969 3703 1015 et

2116 1050 2404 1103 vaticinari
2464 1050 2626 1102 modo
2684 1050 2968 1116 desinunt,
3057 1066 3408 1119 consequens
3462 1060 3550 1106 est
3635 1068 3705 1106 ne

2119 1137 2419 1193 Priscillam
2458 1141 2679 1210 quidem
2732 1151 2897 1209 atque
2955 1140 3347 1205 Maximillam,
3401 1141 3702 1197 secundum

2121 1232 2498 1299 apostolorum
2554 1232 2838 1295 vaticinia,
2907 1249 3025 1301 quae
3078 1234 3130 1286 in
3190 1233 3434 1288 Ecclesia
3484 1243 3704 1303 recepta

2121 1329 2271 1386 sunt,
2301 1323 2589 1376 oraculum
2625 1325 2796 1377 ullum
2823 1324 3085 1380 edidisse.
3120 1323 3488 1389 Quamobrem
3530 1326 3706 1380 utrin-

2118 1430 2226 1483 que
2251 1415 2470 1468 illorum
2533 1416 2749 1471 insania
2799 1417 3219 1486 constringitur.
3263 1415 3398 1469 Nam
3442 1427 3538 1472 aut
3573 1431 3705 1487 pro-

2122 1507 2316 1576 phetas
2349 1519 2466 1577 post
2505 1507 2859 1562 Maximillam
2905 1509 3120 1578 aliquos
3153 1508 3484 1576 ostendant;
3517 1525 3587 1564 ne
3617 1521 3704 1571 ea,

2122 1615 2285 1668 quam
2327 1601 2408 1654 illi
2437 1601 2720 1668 jactitant,
2757 1602 2934 1672 gratia
2965 1603 3238 1656 exstincta
3269 1601 3556 1669 videatur;
3613 1610 3709 1655 aut

2124 1691 2422 1745 Maximilla
2479 1709 2602 1747 cum
2653 1693 2770 1748 suis
2807 1694 2958 1748 falsa:
2995 1693 3139 1748 vatis
3165 1693 3386 1748 nomine
3419 1692 3712 1748 censenda:

2124 1788 2275 1845 sunt,
2323 1799 2446 1852 qua
2477 1792 2601 1852 post
2657 1786 3033 1854 pra‘scriptum
3074 1784 3376 1854 prophetici
3420 1783 3550 1838 doui
3589 1782 3712 1838 oili-

3730 755 3739 796 l

433 1877 630 1938 αὐτοὺς
667 1873 986 1944 ῥηθήσεται.
1021 1873 1224 1925 Φάσκει
1262 1873 1370 1944 γὰρ
1403 1874 1434 1942 ἡ
1474 1873 1606 1941 παρ’
1641 1871 1825 1934 αὐτοῖς
1861 1871 2018 1941 λεγο-

2132 1873 2302 1944 :iique
2340 1883 2576 1943 tempus,
2631 1891 2741 1929 non
2777 1876 2954 1931 sancti
2988 1875 3250 1945 Spiritus,
3288 1875 3385 1931 sed
3420 1873 3653 1931 immissi
3677 1891 3710 1929 a

435 1966 570 2034 μένη
597 1962 908 2032 Μαξιμίλλα
956 1963 987 2030 ἡ
1041 1961 1334 2032 προφῆτις,
1392 1962 1497 2023 ὅτι,
1551 1961 1704 2031 φησὶ,
1748 1962 1886 2015 Μετ’
1915 1961 2020 2031 ἐμὲ

432 2054 729 2124 προφῆτις
764 2053 964 2108 οὺκέτι
995 2051 1191 2113 ἔσται,
1233 2052 1394 2106 ἀλλὰ
1424 2053 1770 2107 συντέλεια.
1800 2053 1934 2106 Ἰδοὺ
1965 2054 2021 2107 δὲ

433 2148 696 2202 πάντοθεν
727 2147 978 2216 φαίνεται
1004 2145 1066 2197 τὸ
1098 2145 1318 2216 πνεῦμα
1343 2147 1442 2217 τῆς
1476 2146 1709 2216 πλάνης.
1746 2146 1887 2198 Ὅσα
1913 2146 2020 2217 γάρ

431 2241 483 2292 οἱ
518 2238 796 2310 προφῆται
839 2239 1118 2309 εἰρήκασι,
1161 2238 1256 2290 καὶ
1301 2236 1440 2307 μετὰ
1481 2237 1747 2301 συνέσεως
1781 2253 2025 2308 παρακο-

433 2331 754 2394 λουθοῦντες
810 2329 1158 2398 ἐφθέγγοντο,
1223 2329 1317 2381 καὶ
1376 2328 1740 2398 ὲτελέσθησαν
1781 2329 1850 2382 τὰ
1893 2331 2024 2400 παρ’

435 2423 615 2479 αὐτῶν
657 2420 944 2494 εἰρημένα,
990 2422 1084 2474 καὶ
1129 2421 1208 2474 ἔτι
1256 2420 1582 2492 πληροῦται.
1630 2421 1779 2492 Αὕτη
1817 2422 1872 2474 δὲ
1905 2419 2026 2476 εἷπε

438 2515 556 2587 μετ’
586 2514 759 2583 αὐτὴν
796 2509 936 2566 εἷναι
977 2511 1309 2564 συντέλειαν·
1340 2511 1435 2564 καὶ
1463 2509 1616 2564 οὔπω
1647 2513 2024 2584 συνετελέσθη,

440 2606 674 2677 μάλιστα
697 2605 967 2657 τοσούτων
1004 2603 1268 2674 βασιλέων
1293 2603 1625 2673 γενομένων,
1651 2606 1747 2658 καὶ
1769 2605 2026 2658 τοσούτου

438 2695 630 2766 χρόνου
677 2692 1140 2764 ὑπερϐεϐηκότος.
1187 2693 1322 2763 Ἔτη
1370 2691 1480 2763 γάρ
1527 2694 1666 2745 εἰσιν
1703 2692 1891 2747 ἔκτοτε
1916 2694 2028 2766 (99)

439 2786 609 2840 πλείω
639 2786 672 2856 ἢ
715 2785 928 2839 ἐλάσσω
967 2783 1218 2836 διακόσια
1254 2785 1610 2854 ἐννενήκοντα
1639 2783 1746 2848 ἕως
1773 2785 1866 2838 τοῦ
1893 2788 2031 2857 ήμεο

449 2879 602 2949 εέρου
649 2877 866 2949 χρόνου,
913 2875 1218 2929 δωδεκάτου
1249 2874 1403 2940 ἔτους
1432 2876 1902 2942 Οὐαλεντινιανοῦ,
1936 2881 2030 2932 καὶ

441 2972 761 3035 Οὐάλεντος,
797 2971 891 3024 καὶ
924 2967 1224 3041 Γρατιανοῦ
1251 2967 1547 3038 βασιλείας·
1579 2969 1676 3022 καὶ
1696 2968 1874 3042 οὖτεή
1903 2988 2021 3023 συνο

440 3065 621 3118 τέλεια
665 3062 805 3117 κατὰ
847 3061 946 3133 τὴν
991 3062 1279 3133 ήχήσασαν
1325 3063 1528 3131 ἑαυτὴν
1573 3063 1903 3134 προφήτιδα,
1955 3065 2030 3134 μὴ

2122 1968 2467 2022 daemonibus
2517 1970 2730 2023 erroris
2787 1968 3026 2022 amatum
3088 1969 3380 2024 admittere
3419 1984 3531 2023 non
3583 1978 3712 2024 sunt

2124 2059 2330 2122 veritas,
2369 2074 2434 2113 ac
2475 2060 2592 2115 suis
2635 2062 2988 2117 auditoribus
3033 2061 3282 2116 illudere.
3318 2061 3610 2116 Enimvero
3643 2079 3713 2118 ex

2125 2153 2195 2207 iis
2250 2151 2386 2222 ipsis
2439 2168 2560 2222 quae
2599 2162 2880 2216 asserunt,
2915 2169 3103 2208 eorum
3138 2153 3425 2208 mendacia
3457 2153 3711 2209 refellen-

2130 2253 2245 2299 tur.
2277 2242 2370 2298 Sic
2401 2246 2546 2299 enim
2586 2254 2736 2299 vates
2791 2245 3010 2299 illorum
3063 2243 3360 2298 Maximilla
3406 2244 3710 2314 praedicat:

2125 2335 2259 2390 Post
2289 2352 2370 2390 me
2403 2335 2556 2389 nulla
2609 2335 2840 2405 amplius
2884 2337 2988 2389 erit
3039 2334 3390 2404 prophetissa,
3447 2332 3537 2387 sed
3590 2333 3714 2402 ﬁnis

2126 2438 2388 2499 sequetur.
2432 2426 2608 2483 Vides
2639 2434 2698 2480 ιιι
2734 2427 2976 2496 undique
2999 2442 3058 2480 se
3089 2425 3283 2496 prodat
3312 2425 3517 2480 erroris
3547 2424 3717 2494 spiri-

2127 2529 2238 2576 tus.
2308 2519 2445 2574 Nam
2495 2535 2844 2589 quaecunque
2892 2520 3174 2590 prephetze
3229 2517 3402 2572 locuti
3461 2525 3610 2584 sunt,
3651 2532 3716 2570 ea

2129 2614 2370 2669 scientes
2417 2613 2891 2682 intelligentesque
2938 2611 3198 2664 dixerunt
3248 2628 3262 2663 :
3318 2607 3588 2678 planeque
3633 2607 3714 2659 uti

2133 2703 2569 2758 nuntiata-sunt
2601 2701 2958 2766 acciderunt,
3017 2708 3072 2754 et
3124 2699 3284 2754 hodie
3333 2698 3710 2767 perficiuntur.

2129 2796 2199 2849 At
2229 2795 2321 2849 illa
2359 2802 2483 2864 post
2520 2810 2580 2850 se
2610 2808 2792 2848 rerum
2841 2791 3090 2847 omnium
3145 2791 3354 2845 exitum
3413 2788 3531 2843 fore
3580 2803 3715 2859 pra»

2131 2882 2299 2950 dixit;
2331 2882 2480 2953 quod
2507 2882 2774 2936 hactenus
2809 2878 3055 2935 nondum
3096 2876 3370 2932 accidisse
3399 2874 3677 2930 cernimus
3704 2891 3718 2922 :

2134 2975 2434 3046 praesertim
2467 2989 2593 3028 cum
2627 2981 2709 3028 tot
2738 2972 2846 3027 sibi
2908 2971 3269 3041 imperatores
3321 2966 3720 3023 successerint.

2135 3082 2198 3120 ac
2231 3074 2442 3121 tantum
2478 3066 2551 3121 sit
2582 3064 2845 3135 temporis
2880 3062 3260 3130 interlapsum.
3290 3057 3434 3112 Anni
3453 3054 3620 3128 ᾖ.οᾷ
3643 3056 3723 3110 si-

442 3156 680 3226 γνοῦσαν
712 3158 848 3228 μήτε
885 3156 984 3227 τὴν
1020 3154 1239 3226 ἡμέραν
1265 3155 1372 3231 τῆς
1399 3156 1574 3226 αὐτῆς
1610 3155 1886 3226 τελευτῆς.
1921 3158 2027 3211 Καὶ

2134 3159 2354 3230 quidem
2397 3160 2464 3214 ad
2497 3159 2600 3213 hoc
2655 3166 2894 3228 tempus,
2942 3157 3035 3226 qui
3088 3164 3173 3210 est
3230 3150 3620 3216 Valentiniani,
3659 3164 3726 3203 ac

447 3251 577 3303 ἰδεῖν
601 3249 739 3312 ἐστι,
769 3248 888 3310 πῶς
923 3248 1127 3308 πάντες
1153 3247 1204 3299 οἱ
1236 3246 1344 3299 ἀπὸ
1372 3248 1476 3318 τῆς
1515 3246 1772 3317 ἀληθείας
1809 3248 2034 3311 ἑαυτοὺς

444 3339 927 3410 ἁλλοτριώσαντες,
962 3339 1064 3391 οὐκ
1091 3339 1150 3390 ὲν
1179 3337 1470 3410 εὐπαθείᾳ
1488 3340 1594 3392 τινὶ
1615 3339 1774 3406 λόγου
1800 3340 2036 3410 μεμενή-

445 3447 625 3485 κασιν·
659 3430 774 3484 ἀλλ’
807 3431 884 3492 ὡς
915 3431 1099 3500 νήπιοι
1138 3430 1242 3484 ὑπὸ
1269 3429 1366 3483 τοῦ
1401 3430 1488 3483 ἀεὶ
1514 3430 1828 3494 πλανῶντος
1860 3430 2036 3499 ὄφεως

448 3522 984 3593 παραπεποιημένοι,
1023 3523 1104 3586 είς
1135 3521 1414 3576 ἀπώλειαν
1430 3524 1655 3586 ἑαυτοὺς
1683 3521 2034 3576 ὲκδεδὼκασι.

449 3615 558 3668 Καὶ
593 3617 674 3676 είς
711 3613 773 3666 τὸ
804 3612 1057 3681 γενέσθαι
1104 3611 1448 3683 κατάὸρωμα
1487 3611 1581 3665 τοῦ
1619 3611 1808 3676 λύκου,
1851 3614 1916 3666 ἐκ
1940 3613 2039 3683 τῆς

454 3706 696 3778 μάνδρας
719 3705 1032 3777 αἱρεθέντες
1067 3705 1534 3776 παρελκυσθῆναι,
1570 3707 1665 3758 καὶ
1693 3705 1868 3769 οὕτως
1899 3707 2038 3758 ἀπο-

449 3799 660 3861 λέσθαι,
694 3797 768 3868 μὴ
830 3797 1164 3867 κρατοῦντες
1224 3797 1325 3868 τὴν
1355 3798 1552 3869 ἀρχήν,
1597 3797 1735 3851 ἀλλὰ
1791 3797 2042 3851 καταλεί-

450 3888 648 3957 ψαντες
691 3887 790 3957 τὴν
841 3885 1121 3958 ἀλήθειαν,
1172 3889 1230 3940 ὲν
1273 3889 1518 3957 ναυαγίῳ
1567 3889 1794 3951 ἑαυτοὺς
1837 3889 1931 3941 καὶ
1977 3890 2034 3940 ἐν

452 3980 683 4034 κλύδωνι
729 3981 830 4050 τῆς
865 3979 1047 4049 πάσης
1080 3979 1290 4050 πλάνης
1319 3979 1789 4050 παραδεδώκασιν.
1831 3981 1894 4033 Εἰ
1927 3979 2036 4051 γὰρ

452 4071 596 4138 λέξει
635 4070 977 4141 Μαξιμίλλῖι,
1023 4072 1105 4124 ὅτι
1151 4073 1442 4144 προφήτης
1485 4071 1671 4125 οὐκέτι
1714 4072 1888 4135 ἔσται,
1931 4071 2040 4143 ἄρα

453 4165 670 4234 ἀναιρεῖ
697 4162 760 4215 τὸ
791 4158 931 4215 εἶναι
965 4162 1094 4233 παρ’
1128 4161 1315 4222 αὐτοῖς
1341 4161 1404 4213 τὸ
1435 4161 1700 4232 χάρισμα,
1728 4163 1824 4214 καὶ
1851 4163 1931 4224 είς
1959 4160 2038 4213 ἔτι

451 4255 611 4327 δεῦρο
641 4253 926 4326 φέρεσθαι.
958 4255 1022 4307 Εἰ
1054 4253 1111 4306 δὲ
1151 4253 1256 4317 ἕως
1285 4254 1474 4323 αὐτῆς,
1516 4253 1592 4317 ὡς
1623 4256 1884 4325 προεῖπον
1917 4253 2035 4323 μὲν,

453 4348 515 4402 τὸ
537 4349 802 4419 χάρισμα,
838 4346 945 4416 ἄρα
972 4348 1067 4399 καὶ
1095 4347 1234 4417 αὑτὴ
1263 4347 1324 4398 οὐ
1359 4345 1589 4416 μετέσχε
1626 4345 1733 4400 τῶν
1768 4345 2040 4416 χαρισμά-

456 4459 564 4496 των
571 4479 584 4494 ο

2139 3250 2407 3315 Valentis,
2446 3259 2500 3304 et
2531 3249 2779 3304 Gratiani
2831 3247 3181 3320 imperatoris
3234 3261 3413 3300 annus
3459 3258 3557 3307 xu,
3599 3242 3725 3312 plus

2140 3345 2323 3399 minus
2352 3357 2486 3398 ccxc
2511 3348 2917 3405 numerantur;
2967 3349 3024 3394 et
3065 3347 3246 3392 tamen
3275 3336 3364 3391 hic
3403 3336 3492 3390 ille
3529 3333 3728 3406 pratdi-

2140 3444 2265 3491 ctus
2291 3435 2358 3490 ab
2387 3433 2540 3488 inani
2589 3447 2823 3500 seseque
2877 3436 3192 3487 ostentante
3221 3427 3566 3499 prophetissa
3590 3438 3728 3478 non-

2143 3527 2274 3583 dum
2331 3541 2518 3582 rerum
2582 3526 2766 3581 exitus
2826 3523 3050 3579 advenit
3089 3535 3256 3591 :quae
3308 3518 3527 3589 quidem
3581 3515 3727 3571 diem

2144 3619 2329 3676 obitus
2373 3618 2459 3673 sui
2503 3617 2732 3675 minime
2772 3624 3110 3685 compertum
3163 3610 3376 3666 habuit.
3419 3607 3560 3662 Hinc
3594 3606 3727 3662 illud

2144 3710 2332 3766 videre
2386 3709 2538 3772 licet,
2597 3723 2792 3763 omnes
2841 3707 2935 3776 qui
2996 3720 3055 3760 se
3096 3719 3126 3757 a
3157 3701 3387 3757 veritate
3416 3704 3726 3770 segregant,

2146 3801 2352 3856 nullam
2406 3801 2461 3854 in
2515 3797 2864 3854 sermonibus
2895 3797 3097 3851 habere
3155 3791 3568 3848 constantiam:
3608 3787 3727 3851 sed,
3797 3784 3805 3791 ’

2135 3889 2427 3946 infantium
2458 3905 2628 3952 more,
2662 3888 2729 3942 ab
2772 3888 3070 3956 impostore
3132 3891 3386 3953 serpente
3433 3879 3729 3948 deceptos,

2143 3984 2288 4036 ultro
2353 3997 2413 4036 se
2468 3981 2524 4035 in
2586 3981 2814 4036 exitium
2879 3977 3286 4049 pernicicn'ique
3343 3972 3734 4035 committerc;-_

2142 4089 2268 4127 nam
2299 4087 2424 4127 cum
2451 4083 2555 4126 uta
2573 4074 2702 4142 lupo
2727 4071 3079 4133 devorentur,
3100 4082 3130 4120 a
3147 4066 3303 4120 caula
3323 4062 3540 4134 longius
3572 4061 3745 4115 aber—.

2147 4180 2273 4219 rare
2303 4180 2367 4218 ac
2403 4164 2582 4234 perire
2622 4162 2913 4224 voluerint,
2969 4175 3082 4213 non
3127 4164 3341 4212 retento
3387 4152 3659 4226 principio
3683 4153 3738 4211 '..

2149 4259 2242 4314 sed
2281 4258 2564 4328 repudiata
2596 4257 2844 4316 veritate,
2878 4255 2933 4307 in
2969 4251 3313 4321 naufragium
3367 4259 3734 4314 errorumque

2148 4351 2395 4404 omnium
2422 4355 2804 4417 tempestatem
2837 4361 2958 4401 sese
2989 4343 3361 4413 conjecerunt.
3386 4337 3522 4391 Nam
3553 4335 3600 4391 si
3628 4335 3734 4389 hoc

2150 4440 2448 4494 Maximilla
2501 4440 2724 4504 dixerit,
2790 4438 3108 4507 prephetam
3166 4433 3402 4503 amplius
3457 4427 3730 4484 neminem

459 4535 723 4598 futurum,
774 4533 1018 4588 divinum
1059 4535 1159 4586 hoc
1184 4534 1291 4587 illis
1333 4547 1536 4587 munus
1570 4532 1818 4586 [illiditus
1869 4533 2054 4603 eripit,
2093 4544 2150 4589 ut
2185 4537 2252 4590 ad
2288 4535 2611 4590 hodiernum
2665 4543 2880 4604 tempus
2938 4531 3159 4585 minime
3187 4532 3522 4600 perseveret.
3569 4521 3731 4590 Quod

457 4627 501 4681 si
546 4627 612 4680 ad
653 4626 800 4679 illam
833 4639 1029 4693 usque,
1073 4631 1132 4676 ut
1180 4633 1328 4678 ante.
1371 4622 1638 4687 diximus,
1688 4622 1881 4678 eadem
1939 4633 2244 4696 prepagata
2291 4625 2464 4696 gratia
2527 4631 2632 4689 est,
2675 4638 2742 4678 ne
2805 4623 2923 4692 ipsa
2961 4619 3182 4691 quidem
3247 4613 3523 4689 ejusmodi.
3555 4612 3735 4667 dono-

459 4735 578 4773 ru-m
609 4733 834 4787 compos
859 4725 946 4772 est
974 4716 1142 4771 facta.

529 4813 602 4865 I".
635 4811 985 4882 Πεπλάνηται
1006 4810 1137 4881 γάρ.
1173 4812 1512 4883 Ἐσφράγισε
1539 4810 1648 4883 γὰρ
1672 4813 1701 4864 ὁ
1724 4811 1930 4882 Κύριος
1951 4811 2027 4883 τὴ·

2227 4808 2312 4862 111.
2377 4806 2485 4861 Sed
2543 4806 2805 4861 nimirum
2862 4803 3216 4858 vehementer
3275 4806 3454 4855 errat.
3511 4796 3731 4854 Etenim

459 4901 810 4973 Ἐκκλησίαν,
857 4903 952 4957 καὶ
1000 4903 1319 4974 ἐπλήρωσεν
1364 4903 1504 4975 αὑτὴ
1534 4903 1551 4934 ¹
1592 4904 1663 4958 τὰ
1704 4904 2037 4976 χαρίσματα.

463 4998 594 5051 “Ovs
623 4996 733 5067 γὰρ
768 4991 837 5068 ἦν
870 4995 1051 5067 χρεία,
1077 4998 1136 5049 ἐν
1163 4997 1475 5068 προφήταις
1515 4999 1573 5051 ὲν
1603 4997 1844 5068 ἀληθινῷ
1873 4998 2041 5050 πνεύ-

466 5105 616 5160 ματι,
654 5086 750 5140 καὶ
793 5085 1080 5158 ἐρρωμένη
1117 5087 1348 5158 διανοίᾳ,
1398 5089 1492 5142 καὶ¹
1546 5087 2043 5159 παρακολουθοῦντι

462 5177 561 5248 νῷ,
601 5179 648 5230 oi
679 5176 845 5231 αὐτοῦ
905 5176 1054 5244 ἅγιοι
1092 5177 1161 5230 τὰ
1202 5179 1381 5232 πάντα
1417 5184 1852 5251 προεφήτευσαν·
1880 5181 2045 5249 ὲμπι-

465 5268 740 5338 πλώμενοι
769 5266 1085 5338 Πνεύματος
1112 5268 1290 5336 ἁγίου,
1322 5269 1463 5322 κατὰ
1485 5268 1583 5339 τήν
1617 5267 1907 5335 ἀναλογίαν
1938 5266 2046 5319 τῶν

465 5345 532 5416 ἐκ
581 5358 897 5429 Πνεύματος
940 5360 1295 5430 χαρισμάτων
1335 5361 1552 5430 ἑκάστῳ
1593 5359 1905 5430 διδομένων,
1953 5358 2048 5412 καὶ

542 5519 560 5550 ⁸
595 5517 657 5573 F.
683 5517 844 5589 αὐτῇ.
921 5520 942 5549 ³
966 5517 1176 5574 Coloss.
1205 5530 1264 5579 ιι,
1291 5514 1354 5571 19

542 5673 654 5747 (99)
697 5673 971 5747 Ἔτιγάρ
1009 5675 1169 5747 εἰσιν
1207 5648 2049 5747 ἔκτοτε.-νίιίιιιηκξηιιιιιηιεςίε

469 5739 577 5804 est.
606 5739 800 5800 Annus
820 5739 1077 5801 Antonini
1114 5760 1207 5799 xux
1230 5742 1484 5812 congruit
1502 5757 1648 5795 anno
1675 5739 1880 5812 Qhrisli
2032 5756 2046 5803 ;

470 5832 654 5875 annus
685 5831 815 5874 vero
860 5815 1227 5873 Valentiniani
1259 5809 1362 5868 ιη’
1381 5813 1637 5868 convenit
1684 5809 1885 5867 Christi
1921 5811 2046 5867 575.

2152 4899 2293 4954 Deus
2342 4897 2642 4952 Ecclesiam
2697 4911 2852 4951 suam
2903 4894 3052 4948 velut
3088 4889 3421 4961 obsignavit,
3455 4902 3519 4942 ac
3547 4887 3740 4945 divina

2146 4992 2240 5046 illa
2292 5000 2524 5045 munera
2583 4987 2900 5058 complevit.
2951 4982 3208 5051 Quandiu
3260 4981 3416 5036 enim
3448 4978 3740 5048 praphetis.

2135 5097 2276 5151 opus
2339 5080 2463 5146 fuit,
2522 5087 2578 5134 et
2633 5079 2747 5134 veri
2789 5076 3030 5148 Spiritus
3088 5073 3375 5135 instinctu,
3407 5083 3532 5122 cum
3561 5067 3736 5125 animi

2147 5175 2418 5240 lirmitate,
2456 5184 2621 5244 alque
2649 5169 2984 5233 constantia,
3035 5175 3092 5222 et
3127 5180 3320 5221 eorum
3381 5177 3502 5232 qua:
3547 5161 3738 5230 loque-

2144 5277 2338 5323 rentur
2393 5265 2754 5337 intelligentia
2819 5259 3155 5318 sanctissimi
3207 5257 3312 5311 viri
3384 5269 3485 5310 sua
3539 5251 3732 5308 omnia

2147 5373 2412 5430 responsa
2439 5366 2494 5414 et
2521 5357 2744 5412 oracula
2770 5353 3060 5417 dederunt,
3101 5349 3379 5419 iidemque
3409 5358 3510 5417 pro
3544 5343 3738 5414 cujus-

2159 5669 2460 5724 Discrimen
2502 5676 2586 5724 cst
2633 5681 2904 5721 annorum
2943 5664 3071 5719 Q20.
3123 5662 3308 5730 itaque
3351 5675 3450 5731 pro
3489 5659 3744 5715 διακόσια

2156 5743 2532 5813 ἐννενήκοντα,
2565 5740 2919 5796 scribendum
2950 5737 3052 5792 fuit
3082 5734 3330 5789 διακόσια
3354 5731 3549 5787 εἴκοσι.
