4186 6374
554 331 659 388 859

2012 343 2070 400 S.
2108 345 2451 406 EPIPHANII

3717 362 3820 418 86:)

553 462 664 517 quc
718 462 1108 505 concessorum
1150 465 1178 504 ο
1221 460 1414 507 sancto
1473 452 1679 524 Spiritu
1726 457 2019 525 donorum,
2080 476 2143 516 ac

2254 466 2392 520 κατὰ
2414 466 2512 539 τὴν
2537 468 2829 538 ἀναλογίαν
2863 472 2961 542 τῆς
2996 474 3227 538 πίστεως
3262 474 3394 547 πρὸς
3427 474 3488 528 τὸ
3518 493 3815 549 συμφερθν.

562 540 687 594 lidei
741 542 976 606 ratione,
1037 560 1386 599 communem
1449 547 1516 601 ad
1566 550 1853 605 utilitatem
1898 552 1989 607 illo
2020 553 2141 625 ipso

555 632 763 703 Spiritu
821 636 1011 705 repleti
1068 647 1217 692 sunt.
1277 638 1418 704 Quid
1467 639 1635 708 igitur
1710 643 1779 697 ab
1830 643 1936 700 illis
1960 647 2141 700 estad

558 724 842 781 hominum
897 729 1188 784 utilitatem
1252 730 1594 799 prasdietum,
1648 742 1742 787 aut
1775 750 1897 804 qua:
1955 736 2141 791 habita

559 818 681 873 ﬁdei
737 820 915 875 ratio?
972 820 1163 877 Nonne
1206 824 1477 892 ejusmodi
1534 826 1718 895 potius
1772 826 2005 884 habendi
2064 830 2141 884 illi

557 922 707 976 sunt,
742 915 809 969 de
838 915 1039 985 quibus
1071 916 1295 971 locutus
1351 925 1435 972 est
1486 916 1787 975 Dominus:
1814 922 2082 977 Attendite
2110 941 2142 976 a

558 1007 716 1075 falsis
754 1008 1038 1077 prophetis,
1090 1011 1177 1079 qui
1223 1012 1433 1065 veniunt
1484 1012 1553 1063 ad
1594 1029 1684 1066 vos
1721 1013 1775 1066 in
1822 1016 2140 1070 vestimentis

558 1100 753 1163 ovium,
785 1102 1099 1155 intrinsecus
1152 1112 1326 1156 autem
1367 1114 1489 1157 sunt
1528 1104 1639 1174 lupi
1677 1122 1895 1175 rapaces
1922 1108 1973 1160 '2
2031 1109 2144 1178 Age

560 1208 692 1247 vero
722 1209 845 1261 quae
908 1194 978 1247 ab
1035 1195 1143 1249 illis
1193 1194 1454 1248 dicuntur
1479 1213 1603 1251 cum
1661 1198 1728 1253 iis
1754 1213 1876 1267 qua:
1906 1199 1959 1252 in
1992 1208 2145 1255 utro-

559 1302 665 1354 que
693 1285 1049 1341 Testamento
1100 1303 1287 1342 revera
1342 1290 1715 1355 continentur,
1756 1307 1985 1361 qumque
2023 1307 2145 1345 rer-

560 1379 774 1434 tissime
806 1388 959 1449 gesta
1003 1396 1066 1434 ac
1109 1380 1367 1450 prtedicta
1398 1389 1550 1448 sunt,
1585 1393 1995 1453 comparantes,
2036 1384 2146 1441 dis-

560 1491 853 1532 cernamus
898 1494 1017 1547 quae
1075 1479 1147 1533 sit
1197 1495 1349 1544 vera,
1387 1495 1621 1551 quaeque
1662 1480 1800 1536 falsa
1834 1482 2136 1552 prophetis.

562 1567 740 1622 Verus
767 1568 971 1639 quippe
1029 1571 1292 1639 propheta
1344 1587 1468 1625 cum
1518 1572 1604 1627 sui
1658 1587 1907 1644 compos,
1938 1581 2052 1628 tum
2080 1590 2145 1630 ea

558 1676 682 1730 qua:
709 1660 925 1716 dicebat
975 1663 1309 1733 intelligens,
1370 1662 1554 1719 futura
1582 1666 1905 1731 nuntiabat;
1938 1682 2146 1736 proque

560 1769 627 1808 eo
648 1769 713 1807 ac
747 1751 989 1823 Spiritus
1015 1764 1242 1809 sanctus
1268 1754 1583 1825 impulerat,
1607 1757 1884 1827 praecipuo
1907 1758 2143 1827 quodam

2243 560 2308 612 Τί
2332 556 2425 615 οὖν
2456 563 2736 635 συμφέρον
2771 558 2916 618 οὗτοι
2952 568 3266 639 εἰρήκασινς
3302 568 3334 638 ἢ
3371 570 3521 620 ποῖον
3562 567 3822 636 ἀνάλογον

2243 652 2342 722 τῆς
2376 652 2639 719 πίστεωςς
2688 656 2815 721 Πῶς
2860 658 2918 711 δὲ
2958 659 3080 728 οὐχὶ
3122 658 3321 729 μᾶλλον
3358 656 3500 713 οὗτοί
3534 660 3663 722 εἰσι,
3691 659 3820 729 περὶ

2241 735 2315 795 ὧν
2349 739 2502 797 εἶπεν
2528 748 2556 798 ὁ
2577 745 2801 819 Κύριος,
2832 746 2913 801 ὅτι
2942 747 3276 817 Προσέχετε
3306 749 3423 803 ἀπὸ
3452 746 3571 801 τῶν
3604 746 3824 816 ψευδο-

2245 839 2585 907 προφητῶν,
2620 841 2838 906 οἵτινες
2865 842 3143 911 ἔρχονται
3169 842 3321 911 πρὸς
3348 840 3504 911 ὑμᾶς
3536 841 3607 893 ἐν
3647 838 3821 893 ἐνδύ-

2239 944 2389 997 μασι
2416 929 2750 998 προϐάτων,
2798 933 3028 987 ἔσωθεν
3051 932 3119 987 δέ
3156 935 3277 986 εἱσι
3312 934 3485 986 λύκοι
3522 931 3823 1001 ἄρπαγες;

2248 1022 2641 1094 Συγκρίνοντες
2671 1025 2778 1097 γὰρ
2800 1025 2869 1079 τὰ
2890 1027 3020 1099 παρ’
3048 1025 3227 1079 αὐτῶν
3253 1028 3371 1096 εἱρη
3381 1025 3537 1096 μένα,
3563 1026 3659 1078 καὶ
3682 1025 3825 1078 κατὰ

2244 1116 2343 1187 τὴν
2377 1117 2620 1171 Παλαιὰν
2650 1119 2927 1192 Διαθήκην
2959 1121 3051 1173 καὶ
3085 1118 3292 1189 Καινήν
3325 1120 3381 1171 ἐν
3415 1117 3642 1189 ἀληθείᾳ
3669 1117 3821 1181 ὄντα,

2256 1208 2349 1260 καὶ
2382 1208 2440 1260 ἐν
2475 1208 2702 1280 ἀληθείᾳ
2730 1209 3018 1281 γενόμενα,
3059 1210 3155 1263 καὶ
3189 1208 3706 1281 προπεφητευμένα,
3738 1208 3828 1261 δο-

2247 1300 2577 1371 κιμάσωμεν
2603 1300 2733 1355 ποία
2762 1301 3066 1373 προφητεία
3095 1302 3373 1371 τυγχάνει,
3410 1300 3505 1354 xui.
3538 1299 3668 1353 ποία
3692 1298 3823 1368 ψευ-

2244 1390 2637 1462 δοπροφητεία.
2696 1394 2753 1446 Ὀ
2801 1396 3087 1465 προφήτης
3132 1392 3271 1464 μετὰ
3309 1391 3697 1455 καταστάσεως
3738 1391 3824 1444 λο-

2245 1480 2480 1550 γισμῶν,
2510 1481 2603 1534 xui.
2635 1483 3154 1555 παρακολουθήσεως
3176 1483 3375 1546 ἐλάλει,
3406 1483 3501 1537 xui
3531 1482 3826 1551 ἐφθέγγετο

2247 1572 2311 1623 ἐκ
2342 1571 2660 1643 Πνεύματος
2686 1574 2866 1641 ἁγίου.
2894 1573 2962 1626 τὰ
2984 1573 3163 1627 πάντα
3191 1573 3519 1646 ἐρρωμένως
3537 1571 3729 1640 λέγων·
3752 1570 3827 1633 ὡς

2246 1663 2510 1732 Μωϋσῆς
2536 1667 2571 1719 ό
2599 1664 2870 1734 θεράπων
2898 1666 3003 1719 τοῦ
3022 1664 3191 1733 Θεοῦ,
3212 1665 3311 1719 καὶ
3334 1664 3551 1730 πιστὸς
3574 1665 3645 1717 ἐν
3666 1664 3824 1729 οἴκῳ.

2260 1755 2314 1808 Ὁ
2337 1756 2593 1821 βλέπων
2628 1758 2845 1827 ἐλέγετο
2871 1761 2899 1813 ὁ
2928 1760 3216 1830 προφήτης
3252 1760 3310 1811 ἐν
3349 1759 3418 1829 τῇ
3460 1756 3675 1827 Παλαιᾷ
3705 1758 3833 1809 Δια-

559 1846 730 1900 animi
764 1848 964 1901 robore
994 1848 1287 1901 vaticinari
1330 1848 1561 1904 solebat.
1596 1849 1689 1904 Sic
1720 1867 1898 1905 servus
1928 1852 2015 1905 ille
2046 1850 2145 1905 Dei

2254 1850 2418 1926 Θήκῃ.
2444 1845 2706 1915 Ὃρασις,
2734 1850 2917 1919 φησὶν,
2949 1849 3029 1916 ῆν
3042 1846 3203 1904 εἶδεν
3238 1848 3476 1914 Ἡσαΐας
3500 1847 3629 1913 υίὸς
3656 1845 3833 1917 Ἆέίὼς

561 1939 787 2010 Moyses.
821 1957 883 1993 ac
900 1940 1246 2013 ﬁdelisﬂos
1279 1942 1334 1995 in
1366 1940 1522 1995 domo
1538 1944 1581 1997 '.
1604 1942 1756 1998 Unde
1790 1954 1843 1997 et
1876 1944 2054 1997 videns
2087 1944 2140 1997 in

561 2030 753 2087 Vetere
778 2031 1127 2087 Testamento
1152 2034 1412 2103 propheta
1434 2034 1697 2088 dicitur’.
1738 2035 1904 2098 Visio,
1934 2036 2137 2107 inquit,

557 2141 717 2194 quam
766 2123 897 2177 vidit
943 2123 1122 2179 Isaias
1145 2126 1289 2194 ﬁlius
1341 2128 1503 2180 Amos
1560 2127 1835 2196 propheta.
1874 2128 1992 2182 Vidi
2034 2128 2143 2181 Do-

560 2218 759 2269 minum
813 2218 1075 2271 sedentem
1126 2234 1283 2286 super
1326 2218 1574 2294 thronum
1605 2219 1869 2273 excelsum
1900 2229 1947 2273 et
1968 2220 2142 2274 eleva-

561 2318 692 2363 tum.
757 2309 824 2362 Et
855 2310 960 2363 vidi
990 2311 1255 2378 seraphim
1285 2320 1333 2364 et
1358 2310 1660 2372 cherubim;
1692 2321 1741 2365 et
1766 2313 1947 2366 audivi
1971 2329 2145 2367 vocem

555 2400 775 2455 Domini
830 2400 1085 2454 dicentem
1119 2402 1188 2454 ad
1224 2418 1352 2455 me:
1391 2402 1553 2466 Vade,
1594 2404 1680 2457 dic
1735 2406 1928 2473 populo
1981 2405 2143 2460 huic:

553 2491 760 2546 Auditu
790 2493 1039 2558 audietis,
1070 2507 1118 2547 et
1155 2511 1259 2547 non
1290 2495 1634 2565 intelligetis;
1663 2506 1711 2551 et
1736 2498 1963 2552 videntes
2002 2500 2146 2553 vide-

561 2587 706 2647 bitis.
728 2594 776 2639 et
802 2603 905 2640 non
927 2587 1188 2655 aspicietis
1208 2586 1249 2641 ⁸.
1273 2585 1405 2652 Quae
1429 2602 1554 2641 cum
1582 2590 1823 2645 audisset
1839 2606 1869 2643 a
1891 2592 2141 2658 Domino,

560 2685 675 2732 tum
703 2676 770 2732 ad
798 2680 1060 2749 p0pulum
1095 2678 1365 2734 accedens
1411 2680 1486 2734 ita
1518 2682 1815 2738 narrabat:
1847 2682 1978 2737 Ha'c
2015 2683 2145 2738 dicit

561 2769 845 2824 Dominus.

640 2860 877 2916 Videsne
919 2860 1270 2933 intelligentis
1310 2861 1425 2917 haec
1475 2878 1599 2920 esse
1633 2879 1756 2934 qua:
1804 2864 1973 2930 dicat,
2036 2881 2145 2920 non

562 2953 685 3023 ejus
710 2953 804 3023 qui
860 2963 1016 3008 extra
1055 2961 1381 3022 potestatein
1433 2957 1671 3011 exierit?
1711 2956 1846 3010 ham
1876 2958 2146 3026 ejusmodi

564 3061 669 3099 vox
698 3044 902 3098 nullam
933 3043 1103 3099 fuisse
1124 3046 1324 3100 mentis
1355 3046 1819 3115 perturbationem
1851 3048 2143 3117 signiﬁcat.

564 3134 641 3190 Ita
673 3145 898 3193 sanctus
919 3136 1169 3191 Ezechiel
1202 3138 1466 3208 prOpheta
1497 3138 1714 3195 dicente
1729 3140 1957 3195 Domino
1992 3156 2007 3198 :
2034 3140 2149 3193 Fac

566 3230 663 3282 tibi
689 3245 875 3296 panem
900 3229 952 3282 in
978 3240 1205 3284 stercore
1227 3229 1478 3292 humano,
1504 3231 1820 3301 respondit:
1843 3233 2019 3295 Absit,
2044 3230 2149 3285 Do—

565 3321 741 3374 mine!
798 3321 931 3374 nihil
968 3338 1200 3392 unquam
1236 3338 1510 3376 commune
1538 3332 1587 3375 et
1618 3323 1950 3377 immundum
1984 3324 2155 3378 intra-

564 3413 636 3467 vit
676 3414 731 3465 in
788 3430 844 3467 os
891 3430 1062 3466 meum
1090 3414 1133 3467 ⁸.
1168 3413 1305 3468 Cum
1338 3415 1483 3469 enim
1536 3415 1819 3470 minitandi
1845 3417 2018 3486 gratia
2049 3417 2153 3472 sibi

564 3519 597 3558 ε
620 3504 848 3558 Domino
882 3504 1088 3557 dictum
1121 3504 1253 3558 illud
1286 3506 1772 3573 animadverteret,
1810 3524 1917 3562 non
1949 3508 2097 3562 velut
2125 3525 2155 3564 e

501 3636 505 3639 .
567 3594 769 3648 mentis
787 3600 931 3647 statu
959 3592 1223 3661 dejectus,
1255 3594 1441 3647 statim
1475 3593 1656 3649 facere
1689 3596 1833 3649 istud
1863 3612 2155 3667 aggressus

566 3692 688 3751 est;
724 3684 815 3739 sed
856 3683 1134 3737 constanti
1170 3685 1337 3738 animi
1389 3686 1588 3739 robore
1628 3688 1911 3755 praeditus,
1954 3702 2017 3741 ac
2052 3688 2156 3742 sibi

567 3792 811 3847 prtescns
869 3778 945 3829 ita
993 3774 1275 3845 respondit
1308 3793 1324 3835 ;
1356 3775 1525 3841 Absit,
1553 3776 1820 3831 Domine!
1853 3778 1977 3832 llrec
2007 3780 2155 3833 enim

575 3868 962 3937 prOphetarum
1018 3880 1205 3920 revera
1259 3867 1475 3935 propria
1533 3875 1681 3930 sunt,
1710 3868 1804 3936 qui
1854 3868 2063 3921 ﬁrmam
2093 3884 2158 3922 ac

571 3959 821 4015 stabilem
863 3958 915 4010 in
950 3954 1158 4026 Spiritu
1192 3964 1381 4011 sancto
1416 3965 1651 4011 mentem
1684 3959 1941 4022 retinent,
1983 3974 2045 4014 ac
2068 3960 2159 4014 do-

569 4050 728 4107 cendi
769 4048 1228 4117 discernendique
1258 4047 1595 4103 facultatem.
1641 4048 1776 4102 Nam
1814 4048 2004 4104 Daniel
2042 4051 2159 4119 ipsc

571 4157 756 4197 nonne
786 4141 977 4211 plenus
1010 4142 1159 4194 omni
1193 4140 1463 4209 sapientia
1495 4139 1686 4202 fuisse,
1712 4156 1945 4210 quicque
1974 4141 2159 4196 animo

572 4242 901 4305 conceperat
940 4234 1098 4304 plane
1139 4234 1475 4288 intellexisse
1510 4234 1729 4287 videtur
1777 4233 1826 4286 °?
1853 4234 1945 4303 qui
1975 4242 2029 4288 et
2060 4232 2160 4286 Na-

574 4329 1050 4386 buchodonosoris
1106 4327 1391 4397 amigmata
1435 4326 1709 4391 dissolvit,
1746 4334 1803 4381 et
1834 4342 1956 4397 quae
1987 4329 2036 4381 ei
2066 4343 2161 4397 per

574 4422 851 4478 somnium
884 4421 1066 4475 oblata
1102 4420 1340 4484 fuerant,
1372 4420 1466 4475 sed
1498 4421 1649 4474 illum
1680 4421 1858 4490 ipsum
1895 4420 1986 4490 qui
2018 4421 2161 4475 vide-

2252 1950 2285 2001 ὀ
2321 1943 2645 2012 τροφήτης.
2682 1938 2885 2005 Εἶδον,
2921 1940 3075 2010 φησὶ,
3109 1937 3221 1993 τὸν
3246 1940 3467 2005 Κύριον
3497 1935 3837 2006 καθήμενον

2251 2040 2350 2093 ἐπὶ
2395 2038 2611 2107 θρόνου
2660 2032 2928 2103 ὑψηλοῦ,
2976 2031 3075 2085 καί
3126 2030 3487 2099 ἐπηρμένου.
3534 2029 3641 2083 Καὶ
3672 2025 3837 2082 εἶδον

2251 2129 2515 2199 σεραερὶμ
2537 2126 2636 2181 καὶ
2659 2126 2963 2196 χερουϐίμ·
2988 2122 3090 2175 καὶ
3120 2120 3357 2189 ἤκουσα
3386 2119 3593 2189 φωνῆς
3614 2120 3837 2189 Κυρίου

2250 2226 2555 2293 λεγούσης
2581 2222 2729 2289 πρός
2758 2236 2854 2289 με·
2895 2215 3124 2279 Βάδιζε,
3154 2211 3327 2268 εἶπον
3358 2213 3437 2279 τῷ
3464 2214 3594 2281 λαῷ
3626 2215 3835 2281 τούτῳο

2265 2316 2435 2384 Ἁκοῇ
2465 2316 2786 2381 ἀκούσητε,
2819 2311 2918 2365 καὶ
2945 2311 3017 2362 οὺ
3040 2308 3125 2378 μὴ
3164 2307 3413 2376 μάθητεο
3445 2306 3543 2359 καὶ
3567 2307 3841 2370 ,βλέπον-

2254 2427 2353 2474 τες
2379 2407 2672 2476 βλέψητε,
2705 2405 2802 2458 καὶ
2831 2394 3019 2472 οὐρὴ
3057 2400 3245 2469 ἴδητε.
3276 2401 3387 2453 Καὶ
3412 2399 3653 2463 ἀκούσας
3683 2398 3839 2470 παρὰ

2251 2508 2347 2561 τοῦ
2387 2507 2616 2578 Κυρίου,
2658 2502 2829 2557 ἐλθὼν
2878 2500 3015 2572 πρὸς
3056 2498 3147 2552 τὸν
3181 2496 3309 2551 λαὸν
3339 2496 3465 2567 ἔφη’
3509 2496 3653 2551 Τάδε
3676 2496 3845 2567 λέγει

2252 2603 2486 2670 Κύριος.

2325 2865 2435 2934 Οὐχ
2462 2864 2614 2934 ὁρᾷς,
2636 2862 2718 2915 ὅτι
2765 2854 3299 2931 παρακολουθοῦντος
3347 2856 3377 2909 ὁ
3400 2853 3577 2922 λόγος,
3610 2847 3703 2903 xui
3741 2846 3848 2900 οὐκ

2257 2955 2629 3027 ἐξισταμένου,
2664 2952 2788 3007 οὔτε
2832 2953 2908 3015 ὡς
2943 2951 3299 3023 ἐξισταμένης
3322 2946 3608 3016 διανοίαςή
3632 2942 3848 3015 φθογγὴ

2255 3052 2573 3114 ἀπεδίδοτο;
2617 3047 2893 3109 Ὡσαύτως
2939 3047 2996 3099 δέ
3038 3045 3133 3099 xui.
3178 3041 3436 3112 Ἰεζεκιὴλ
3474 3042 3503 3095 ὁ
3547 3039 3701 3107 ἆγιος
3746 3037 3850 3089 xui.

2258 3143 2557 3214 προφήτης.
2586 3138 2802 3192 άκούων
2829 3136 2978 3208 παρὰ
3005 3134 3233 3207 Κυρίου,
3261 3135 3343 3187 ὅτι
3371 3132 3639 3199 Ποίησον
3666 3144 3851 3185 σεαυ-

2255 3233 2335 3297 τῷ
2360 3232 2541 3300 ἄρτον
2575 3230 2673 3283 ἐπὶ
2704 3230 2933 3294 κόπρου
2975 3226 3367 3295 ἀνθρωπείας,
3402 3223 3587 3292 ἔλεγε·
3643 3219 3851 3288 Μηδα-

2250 3323 2397 3394 μῶς,
2432 3324 2638 3390 Κύριε”
2669 3319 2956 3374 οὐδέποτε
2974 3317 3179 3371 κοινὸν
3212 3316 3317 3369 παὶ
3355 3314 3696 3383 ἀκάθαρτον
3714 3314 3849 3365 εισ-

2254 3415 2444 3484 οῆλθεν
2487 3415 2573 3479 εις
2639 3412 2705 3465 τὸ
2742 3412 2938 3479 στόμα
2986 3427 3127 3479 μου.
3174 3406 3465 3463 Γινώσκων
3497 3404 3608 3474 γὰρ
3644 3404 3744 3474 τὴν
3777 3402 3852 3455 δι’

2255 3505 2485 3577 ἀπειλὴν
2512 3507 2588 3574 (1)
2624 3502 2925 3573 λεγομένην
2956 3501 3091 3571 πρὸς
3116 3498 3276 3553 αὐτὸν
3302 3500 3459 3571 ῥῆσιν
3488 3497 3595 3551 ὑπὸ
3614 3495 3849 3567 Κυρίου,

2258 3598 2349 3653 xui.
2375 3600 2493 3668 οὐχ,
2530 3596 2606 3660 ὡς
2634 3597 2693 3650 ἐν
2719 3595 2975 3649 ἐκστάσει
3003 3595 3243 3657 διανοίας
3267 3593 3589 3664 φερόμενος,
3617 3588 3855 3643 ἐπεϐάλ-

2256 3687 2377 3741 λετο
2425 3686 2583 3740 τοῦτο
2642 3686 2936 3757 πράττειν’
2986 3684 3099 3737 ἀλλ’
3138 3682 3291 3754 ἠξίου
3340 3680 3661 3754 ἐρρωμένην
3706 3678 3854 3750 ἔχων

2257 3782 2357 3852 τὴν
2391 3781 2647 3845 διάνοιαν,
2677 3779 2773 3833 xui.
2799 3777 3338 3851 παρακολουθοῦσαν,
3377 3776 3471 3829 xui
3504 3775 3656 3843 ἔλεγε
3676 3790 3689 3801 ·
3721 3776 3855 3838 Mn-

2258 3873 2478 3943 δαμῶς,
2506 3875 2703 3941 Κύριε.
2728 3872 2912 3926 Ταῦτα
2931 3873 3039 3943 γὰρ
3063 3870 3278 3942 ἀληθῶς
3303 3869 3599 3942 προφητῶν
3625 3869 3683 3922 ἐν
3709 3867 3853 3939 ἁγίῳ

2261 3964 2539 4034 Πνεύματι
2572 3964 2895 4034 ἐρρωμένην
2927 3963 3158 4033 ἐχόντων
3194 3962 3292 4032 τήν
3322 3960 3583 4027 διάνοιαν,
3628 3960 3724 4013 καὶ
3748 3960 3854 4029 τὴν

2259 4054 2628 4117 διδασκαλίαν,
2652 4054 2746 4107 xui.
2775 4053 2873 4125 τὴν
2897 4053 3174 4125 διαλογήν.
3218 4054 3275 4106 '0
3304 4052 3361 4105 δέ
3406 4052 3603 4124 Δανιὴλ
3634 4050 3735 4121 οὐχ
3756 4051 3852 4103 εὖ-

2263 4145 2511 4215 ρίσκεται
2546 4146 2727 4216 πάσης
2772 4147 3040 4209 συνέσεως
3067 4144 3340 4215 ἔμπλεως,
3367 4144 3463 4198 xui.
3502 4147 3615 4208 τοῖς
3646 4146 3850 4215 φρονή-

2265 4253 2398 4307 μασι
2416 4235 2872 4307 παρακολουοῶν;
2899 4235 2958 4299 ὃς
2974 4234 3045 4289 τὰ
3073 4236 3373 4305 αἰνίγματα
3388 4234 3481 4287 τοῦ
3511 4233 3853 4304 Ναϐουχοδο-

2262 4330 2437 4401 νόσωρ
2468 4329 2718 4392 ἐπέλυσε,
2745 4329 2839 4381 xui
2861 4328 2895 4381 ἃ
2922 4330 3127 4391 ἐκεῖνος
3148 4327 3215 4381 δι’
3232 4326 3528 4397 ὀνειράτων
3560 4325 3850 4389 ἐθεάσατο,

2262 4421 2357 4475 xui.
2391 4421 2602 4492 ἀπέστη
2644 4420 2737 4475 ἀπ’
2770 4419 2934 4472 αὐτοῦ
2966 4418 3059 4473 τοῦ
3095 4418 3420 4490 ἑωρακότος,
3450 4416 3622 4481 οὕτως
3643 4420 3848 4488 ὑπομι-

574 4520 659 4567 rat
681 4512 1001 4581 cli‘ngerant,
1031 4528 1137 4564 non
1171 4512 1328 4565 aliter
1365 4512 1420 4565 in
1449 4512 1765 4567 memoriam
1800 4511 2017 4566 reduxit
2057 4531 2069 4566 :
2103 4522 2149 4567 el

2266 4514 2496 4583 μνήσκει
2515 4531 2529 4543 ·
2562 4513 2656 4565 xui.
2680 4513 2779 4585 τὴν
2802 4512 3048 4565 ἐπίλυσιν
3076 4510 3236 4573 εὐθὺς
3263 4510 3530 4580 ἐπέφερεν
3553 4510 3853 4581 ἐρρωμένη

572 4617 699 4657 cum
747 4601 936 4655 eadem
996 4600 1163 4653 animi
1203 4598 1480 4662 lirmitate,
1516 4614 1581 4653 ac
1623 4599 1836 4654 cmlesti
1880 4599 1972 4652 illo
2006 4598 2149 4652 dono

2260 4605 2612 4670 καταστάσει,
2635 4606 2727 4658 xui.
2753 4603 3023 4675 ὑπερϐολῇ
3054 4602 3413 4673 χαρίσματος,
3448 4601 3852 4673 περιττοτέρως

576 4697 851 4752 uberrime
882 4696 1136 4764 perfusus
1168 4695 1303 4751 citra
1323 4695 1486 4748 ullam
1522 4710 1731 4749 moram
1762 4696 2149 4765 interpretatus

2259 4698 2358 4768 τὴν
2390 4698 2650 4769 φρόνησιν
2672 4696 2806 4766 ἔχων
2836 4695 2975 4767 ὑπὲρ
3020 4694 3198 4749 πάντα
3229 4693 3514 4764 ἄνθρωπον
3543 4692 3630 4745 διὰ
3665 4692 3730 4745 τὸ
3762 4694 3854 4762 χά-

574 4797 682 4851 est,
722 4801 846 4839 cum
879 4784 1168 4854 prudentia
1214 4785 1687 4855 intelligentiaun
1732 4787 1947 4842 czeteris
1977 4787 2154 4840 homi-

578 4879 743 4933 nibus
793 4878 1166 4943 antecelleret,
1225 4877 1297 4931 ob
1334 4891 1454 4931 eam
1517 4877 1728 4931 scilicet
1759 4892 1865 4947 qua
1896 4878 2156 4947 pra-ditus

577 4980 699 5027 erat
738 4970 977 5041 Spiritus
1035 4969 1212 5025 sancti
1245 4969 1498 5039 gratiam,
1530 4984 1653 5039 qua:
1701 4985 1810 5024 non
1841 4972 2003 5025 modo
2032 4988 2160 5040 pro-

579 5065 795 5134 phetam
827 5064 1109 5128 informat,
1145 5064 1239 5118 sed
1288 5072 1341 5117 et
1393 5078 1495 5117 nos
1522 5080 1734 5125 omnes,
1770 5066 1970 5135 quibus
2012 5068 2159 5121 illius

576 5158 915 5213 adminiculo
953 5156 1097 5214 Deus
1154 5157 1461 5212 doctrinam
1505 5158 1755 5211 veritatis
1796 5159 2055 5228 impertit.
2091 5162 2160 5212 At

576 5260 772 5306 contra
794 5268 915 5321 qua:
947 5252 1037 5307 isti
1076 5252 1377 5307 vaticinare
1405 5266 1464 5306 sc
1486 5250 1761 5320 jactitant.
1795 5268 1973 5320 neque
2005 5261 2154 5307 certa

576 5356 703 5394 cum
736 5342 905 5395 animi
939 5342 1191 5397 lirmitate
1224 5340 1544 5410 praedicant,
1586 5357 1687 5396 nec
1712 5358 1834 5411 qua:
1861 5342 2051 5396 dicunt
2079 5344 2156 5396 in-

2266 4807 2437 4860 ρισμα
2482 4788 2574 4842 τοῦ
2606 4790 2762 4857 ἁγίου
2797 4788 3138 4859 Πνεύματος,
3178 4787 3241 4840 τὸ
3284 4785 3502 4855 σοφίζον
3546 4785 3717 4848 ὅντως
3758 4785 3851 4839 τὸν

2265 4882 2573 4953 προφήτην,
2606 4883 2700 4934 xui.
2734 4882 2862 4946 τοὺς
2890 4881 2977 4934 διὰ
3024 4880 3115 4934 τοῦ
3151 4882 3431 4951 προφήτου
3464 4878 3563 4948 τῆς
3594 4877 3853 4930 διδασκα-

2264 4974 2384 5037 λίας
2410 4975 2509 5045 τῆς
2529 4974 2787 5045 ἀληθείας
2817 4972 3298 5043 καταξιουμένους.
3333 4974 3402 5023 "A
3432 4970 3488 5023 δὲ
3520 4965 3855 5037 οὖτοιέπαγ-

2264 5066 2545 5134 γέλλονται
2571 5066 2956 5137 προφητεύειν,
2986 5065 3106 5119 οὐδὲ
3126 5063 3512 5126 εὐσταθοῦντες
3536 5061 3854 5132 φανοῦνται,

2264 5158 2387 5212 οὔτε
2414 5159 2851 5231 παρακολουθίαν
2880 5159 3036 5227 λόγου
3063 5158 3299 5228 ἔχοντες.
3327 5156 3471 5224 Λοξὶι
3490 5156 3601 5228 γὰρ
3629 5156 3701 5209 τὰ
3722 5159 3857 5227 παρ’

2264 5252 2444 5307 αὐτῶν
2478 5256 2718 5325 ῥήματα,
2743 5254 2839 5310 καὶ
2872 5254 3136 5324 σκαληνὰ,
3168 5254 3263 5307 xui.
3281 5252 3537 5323 οὐδεμιᾶς
3562 5250 3860 5323 ὀρθότητος

2262 5346 2516 5417 ἐχόμενα.

579 5438 881 5507 tclligentia
912 5448 1343 5509 consequuntur.
1378 5437 1482 5493 Sed
1522 5438 1743 5507 obliqua
1783 5446 1913 5493 sunt
1980 5439 2197 5494 illorum
2251 5457 2316 5497 ac
2374 5446 2631 5516 perplexa
2668 5432 2857 5509 uerba,
2922 5460 3025 5501 nec
3073 5444 3211 5500 recti
3267 5442 3494 5498 omnino
3550 5440 3856 5513 quidquam

577 5530 853 5585 effutiunt.

660 5622 676 5695 ξ
705 5620 1017 5695 Μειῑιιικνιι,
1049 5622 1134 5677 15.
1209 5626 1230 5656 ί
1260 5621 1422 5678 Νυηι.
1454 5638 1552 5691 χιι,
1590 5624 1640 5690 7;
1679 5623 1842 5679 Hebr.
1881 5641 1963 5694 ιιι,
1993 5628 2049 5680 2.
2138 5624 2149 5656 ³

2254 5622 2365 5695 ζέε.
2393 5639 2471 5687 ix,
2502 5622 2554 5679 9.
2597 5623 2619 5657 ⁸
2646 5620 2750 5679 lsa.
2785 5637 2824 5689 ι,
2865 5622 2918 5692 1;
2955 5638 3032 5690 v1,
3074 5598 3115 5677 li
3144 5637 3267 5693 sqq.
3344 5623 3364 5653 ⁵
3388 5619 3587 5676 Ezech.
3653 5637 3728 5688 tv,
3763 5622 3855 5679 15.

578 5693 606 5723 ⁹
639 5692 773 5745 Dan.
806 5694 957 5757 11,27
1000 5710 1122 5763 sqq.

660 5780 734 5854 (l)
772 5783 1096 5838 Γινώσκων
1140 5785 1247 5854 γὰρ
1280 5785 1394 5853 τὴν
1421 5785 1498 5838 ἀί
1533 5785 1809 5851 ἀπειλήν.
1854 5784 1928 5840 De
1961 5785 2063 5839 hoc
2087 5786 2164 5841 di-

587 5852 791 5909 vinitus
833 5856 978 5915 edito
1010 5852 1285 5928 prophetae
1316 5856 1572 5914 mandato
1605 5858 1828 5913 consule
1857 5872 1977 5929 quis
2011 5873 2041 5911 ει
2073 5873 2159 5915 sa-

2268 5800 2487 5840 crorum
2544 5783 2838 5843 Librorum
2887 5783 3275 5856 interpretibus
3338 5782 3612 5842 uberrime
3657 5780 3859 5852 dispu-

2267 5866 2467 5913 tantur.
