4186 6374
392 408 492 465 861
1100 402 1475 460 ADVERSUS
1514 399 1860 457 IlIERESES
1895 397 2005 455 LIB

2106 398 2134 457 l.
2175 397 2340 453 T0“.
2383 395 2421 451 Ι.
2464 393 2739 451 ΠᾹΞΒΕΞ.
2779 392 3008 450 XLVIII.
3550 388 3659 445 862

467 525 538 576 A'.
571 523 748 586 Εὐθὺς
778 519 887 593 γάρ
929 523 956 576 ὁ
1001 521 1279 585 Μοντανός
1316 537 1512 592 φησιν’
1562 520 1716 576 Ἰδοὺ
1754 518 2005 586 ἄνθρω-.

2146 516 2236 571 IV.
2269 516 2361 571 Sic
2385 515 2529 571 enim
2556 514 2866 576 Montanus,
2885 508 3115 580 exempli
3146 508 3341 579 gratia,
3368 506 3616 578 loquitur
3641 526 3655 563 :

398 633 512 681 πος
534 615 677 668 ὡσεὶ
706 615 861 681 λύρα
878 630 892 640 ·
927 613 1087 683 κάγὼ
1114 614 1357 682 ἵπταμαι
1382 612 1522 666 ὠσεὲ
1546 610 1871 679 πλῆκτρον.
1913 609 1976 662 Ὃ

2106 600 2213 655 Ecce
2234 603 2389 656 homo
2420 611 2669 670 tanquam
2694 601 2831 669 lyra.
2866 616 2958 669 ego
2975 615 3093 652 vero
3115 613 3206 652 ceu
3238 598 3490 666 plectrum
3520 597 3658 654 volo.

398 709 708 773 ἅνθρωπος
724 703 995 773 κοιμᾶται
1019 721 1032 734 ·
1070 702 1231 773 κάγὼ
1255 702 1541 773 τρητορῶ.
1578 701 1733 757 Ἰδοὺ
1760 700 1979 769 Κύριός

2106 693 2253 747 ἳοιηο
2274 692 2515 754 dormit;
2563 707 2654 760 ego
2680 707 2797 744 vero
2855 689 3030 760 vigilo.
3083 686 3214 741 Ecce
3257 688 3515 742 Dominus
3560 697 3660 749 est,

397 799 569 851 ἐστιν
591 801 624 850 ὀ
649 795 961 849 ἐκστάνων
995 797 1010 826 ¹
1035 795 1285 862 καρδίας
1298 793 1641 863 ἀνθρώπων,
1664 793 1761 848 καὶ
1775 791 1980 858 διδοὺς

2106 788 2165 841 ui
2193 785 2357 840 corda
2389 785 2657 839 hominum
2681 785 2733 837 in
2783 795 3051 852 stuporem
3086 783 3263 841 vertit.
3294 790 3343 835 et
3377 779 3540 834 corda
3568 779 3663 831 dat

399 890 647 958 καρδίας
672 887 1024 956 ἀνθρώποις.
1049 888 1147 950 Τίς
1177 886 1356 941 τοίνυν
1379 885 1488 939 τῶν
1513 884 1985 956 παρακολουθούν-

2106 877 2400 932 nominibus.
2432 876 2567 942 Quis
2594 885 2678 930 est
2708 875 2895 947 igitur,
2939 874 3030 945 qui
3061 874 3108 930 si
3142 872 3491 927 utilissimam
3539 870 3664 925 fidei

398 999 528 1043 των,
553 981 645 1034 καὶ
679 978 816 1049 μετά
848 979 1116 1040 συνέσεως
1136 977 1441 1047 δεχομένων
1465 976 1556 1029 τὸν
1575 977 1673 1045 τῆς
1712 975 1982 1044 ὠφελείας

398 1071 575 1139 λόγον,
605 1068 822 1140 καὶτῆς
851 1068 1058 1120 ἑαυτῶν
1082 1067 1228 1136 ζωῆς
1257 1067 1685 1137 ἐπιμελομένων,
1718 1065 1779 1119 οὐ
1818 1083 1984 1119 κατα-

401 1162 667 1232 γνώσεται
693 1161 791 1231 τῆς
815 1159 1070 1230 τοιαύτης
1093 1176 1446 1229 παραπεποιη
1456 1158 1622 1229 μένης
1653 1157 1983 1221 ὑποθέσεως,

402 1249 610 1305 καὶτοῦ
634 1249 789 1319 λόγου
813 1248 907 1301 τοῦ
944 1247 1238 1318 αὐχοῦντος
1262 1247 1453 1300 ἐαυτὸν
1474 1248 1532 1300 ἐν
1562 1248 1870 1317 προφήταις
1894 1263 1986 1299 κα-

401 1341 739 1410 ταλέγεσθαι.
793 1341 866 1411 μὴ
899 1340 1197 1410 δυναμένου
1237 1338 1305 1391 τὰ
1336 1340 1495 1408 ὅμοια
1541 1338 1722 1406 λέγειν
1774 1337 1988 1407 προφή-

403 1451 565 1499 ταις;
600 1432 738 1485 Οῦτε
764 1433 872 1503 γὰρ
905 1431 1128 1501 Πνεῦμα
1154 1431 1307 1499 ἆγιον
1338 1430 1600 1499 ἐλάλησεν
1628 1432 1684 1482 ἐν
1709 1428 1879 1499 αὐτῷ.
1913 1428 1988 1481 Τὸ

402 1524 514 1594 γὰρ
558 1525 771 1576 εἰπεῖν·
819 1523 1196 1590 Ἐφίπταμαι,
1242 1522 1338 1575 καὶ
1380 1521 1675 1590 πλήσσω,
1716 1520 1813 1574 καὶ
1845 1537 1987 1589 γρη-

405 1613 585 1685 γορῶ,
631 1615 725 1668 καὶ
752 1613 960 1680 ἐξιστᾷ
994 1616 1207 1682 Κύριος
1249 1612 1515 1681 καρδίας,
1545 1611 1865 1665 ἐκστατικοῦ
1901 1612 1993 1683 ρή-

410 1722 557 1774 ματα
605 1704 838 1775 ὑπάρχει
883 1703 1076 1768 ταῦτα,
1118 1704 1213 1756 καὶ
1258 1703 1378 1773 οὐχὶ
1426 1702 1988 1773 παρακολουθοῦντος,

407 1798 545 1851 ἀλλὰ
575 1797 732 1851 ἄλλον
758 1797 1081 1869 χαρακτῆρα
1115 1793 1555 1857 ὑποδεικνύοντος
1600 1794 1750 1865 παρὰ
1776 1794 1869 1846 τὸν
1895 1811 1994 1864 χα-

2082 972 2391 1029 doctrinam
2451 971 2736 1042 percipiat,
2777 968 3248 1039 intelligentiaque
3301 964 3467 1036 406
3508 978 3664 1018 com-

2086 1061 2414 1133 prehendat,
2447 1075 2512 1114 ae
2559 1060 2684 1113 vit:e
2716 1074 2828 1112 sua:
2878 1056 3194 1111 nonnullam
3227 1066 3416 1106 curam
3447 1050 3665 1114 habeat,

2085 1170 2195 1208 non
2228 1160 2610 1224 argumentum
2648 1148 2962 1205 istiusmodi
2994 1146 3062 1200 ah
3085 1146 3263 1199 otioso
3288 1140 3508 1197 homine
3540 1154 3668 1194 eon-

2087 1246 2296 1309 fictum,
2336 1252 2391 1300 et
2426 1243 2757 1314 arrogantia:
2788 1241 3001 1311 plenam
3046 1237 3166 1307 ejus
3198 1235 3503 1289 orationem
3537 1247 3669 1286 cou-

2085 1338 2325 1402 detnnet,
2343 1335 2435 1406 qui
2451 1352 2509 1390 se
2530 1334 2916 1405 prophetarum
2934 1344 3160 1384 numero
3180 1327 3478 1381 insolenter
3496 1323 3670 1378 ascri-

2086 1429 2200 1493 bat,
2227 1442 2352 1482 cum
2379 1426 2596 1481 interim
2627 1424 2817 1481 eadem
2851 1423 3054 1486 dicere,
3088 1436 3209 1490 qua:
3234 1418 3361 1472 olim
3395 1414 3671 1486 prophetae

2088 1518 2411 1589 nequeant?
2458 1516 2577 1571 Non
2631 1516 2777 1571 enim
2819 1514 3060 1583 Spiritus
3101 1517 3326 1565 sanctus
3374 1509 3429 1561 in
3461 1507 3554 1560 illo
3587 1505 3669 1560 lo-

2089 1619 2249 1665 cutus
2279 1615 2382 1663 est.
2417 1609 2593 1677 Atque
2656 1606 2771 1659 haec
2807 1606 2926 1673 ipsa
2957 1602 3160 1657 verba:
3214 1598 3361 1660 Volo.
3396 1604 3450 1650 ct
3487 1610 3673 1663 percu-

2092 1701 2186 1764 tio,
2218 1709 2272 1755 et
2294 1699 2476 1770 vigilo,
2529 1708 2582 1753 et
2616 1697 2873 1751 Dominus
2918 1693 3077 1748 corda
3108 1694 3162 1746 in
3200 1701 3466 1758 stuperent
3494 1686 3670 1749 vertit,

2093 1790 2288 1845 furiosi
2328 1788 2565 1843 hominis
2597 1787 2764 1841 verba
2802 1793 2951 1847 sunt,
2985 1784 3316 1850 minimeque
3343 1794 3461 1849 qua:
3494 1775 3676 1857 loqui-

411 1890 660 1959 ρακτῆρα
680 1889 775 1942 τοῦ
798 1868 952 1941 ἁγίου
983 1886 1320 1958 Πνεύματος,
1350 1885 1445 1939 τοῦ
1474 1888 1532 1939 ἐν
1560 1886 1869 1957 προφήταις
1894 1886 1987 1939 λε-

2106 1892 2185 1936 tur
2211 1880 2554 1951 assequentis
2582 1897 2595 1934 :
2623 1879 2679 1932 in
2711 1893 2819 1949 quo
2850 1878 2955 1930 alia
2978 1890 3204 1946 prorsus
3236 1882 3363 1926 nota
3398 1871 3676 1940 figuraque

408 1980 722 2051 λαληκὸτος.

482 2248 547 2301 Εἰ
576 2246 631 2300 δὲ
670 2246 953 2319 θελήσουσι
993 2245 1367 2318 παραπλέκειν
1400 2247 1465 2316 τῇ
1510 2244 1737 2318 ἀληθείᾳ
1777 2246 1837 2300 τὸ
1866 2245 1994 2317 ψεῦ-

411 2335 524 2402 δος,
552 2340 647 2393 καὶ
681 2341 894 2408 ἀγνοεῖν
928 2338 1019 2392 τὸν
1050 2339 1174 2391 νοῦν
1218 2339 1307 2391 τὸν
1336 2338 1436 2407 τῆς
1466 2338 1754 2410 ἀκριϐείας
1799 2341 1993 2411 ἐπιμε-

412 2429 659 2500 λόμενον,
705 2430 920 2493 ἑαυτοῖς
959 2428 1018 2482 δὲ
1058 2427 1414 2499 ἐπισωρεύειν
1442 2428 1652 2496 λόγους,
1689 2428 1755 2481 δι’
1786 2422 1860 2484 ὧν
1886 2447 1994 2484 πα-

415 2522 864 2595 ραποιητεύονται
892 2521 990 2593 τὴν
1017 2521 1226 2574 ἐαυτῶν
1249 2521 1477 2591 πλάνην,
1505 2522 1697 2592 ὁμοίαν
1723 2523 1845 2576 τινὰ
1868 2524 1996 2578 ἀπο-

413 2615 629 2668 τελέσαι
679 2615 1119 2685 παραστήσουσιν
1164 2612 1272 2666 ἀπὸ
1318 2614 1412 2665 τοῦ
1436 2614 1535 2684 τὴν
1568 2613 1729 2681 ἁγίαν
1772 2614 1994 2685 Γραφὴν

415 2706 729 2777 εἰρηκέναι·
779 2704 1099 2759 Ἐπέϐαλεν
1135 2708 1168 2757 ὁ
1203 2703 1348 2769 Θεὸς
1393 2704 1689 2757 ἔκστασιν
1735 2704 1834 2757 ἐπὶ
1888 2705 1996 2758 τὸν

430 2795 627 2863 Ἀδὰμ,
668 2794 766 2848 καὶ
800 2793 1043 2847 ὕπνωσε
1063 2813 1074 2825 ·
1109 2793 1201 2846 καὶ
1242 2791 1425 2845 οὐκέτι
1456 2792 1640 2863 ὅμοιον
1668 2789 1825 2844 τοῦτο
1854 2792 1996 2845 ἐκεί-

416 2905 529 2941 νου.
562 2887 636 2939 υύ
677 2886 783 2956 γὰρ
828 2886 921 2940 καὶ
967 2884 1201 2938 ἐνταῦθα
1243 2884 1403 2953 σῶμα
1436 2883 1627 2953 ἔμελλε
1675 2882 1935 2937 πλάσσειν
1968 2884 1996 2936 ὁ

416 2976 570 3042 Θεὸς,
596 2977 686 3046 ἀφ’
718 2970 779 3029 οῦ
804 2977 883 3038 εἰς
930 2974 1185 3026 ἔκστασιν
1215 2972 1428 3043 ἔφερεν,
1463 2973 1550 3026 ἵνα
1578 2973 1648 3026 τὰ
1692 2974 1854 3044 ὅμοια
1908 2974 1999 3025 ἐπ-

418 3068 618 3139 ενέγκῃ
672 3067 737 3120 δι’
787 3065 1089 3137 ὑπερϐολὴν
1123 3067 1221 3135 τῆς
1270 3064 1708 3134 φιλανθρωπίας’
1761 3064 1839 3133 τῷ
1890 3064 2000 3135 γὰρ

432 3157 604 3228 Ἀδὰμ
640 3158 908 3227 ἐπήνεγκε
934 3155 1032 3225 τὴν
1057 3154 1313 3207 ἔκστασιν
1341 3152 1435 3207 τοῦ
1470 3152 1657 3218 ὕπνου,
1688 3154 1788 3207 οὐκ
1814 3153 2003 3207 ἔκστα-

422 3267 507 3303 σιν
540 3250 772 3321 φρενῶν.
804 3246 1100 3309 Ἔκστασις
1126 3247 1183 3299 δὲ
1214 3246 1357 3299 κατά
1381 3245 1644 3316 διαφορὰς
1670 3246 1871 3309 πολλὰς
1890 3246 2003 3317 ἔχει

418 3341 511 3394 τὸν
553 3339 774 3410 τρόπον.
813 3338 1112 3398 Ἔκστασις
1148 3335 1216 3387 δι’
1248 3333 1555 3405 ὑπερϐολὴν
1600 3332 1876 3404 θαύματος
1918 3333 2005 3385 λέ-

420 3449 600 3501 γεται.
636 3430 934 3492 ’Έκστασις
963 3426 1181 3497 λέγεται
1227 3428 1259 3497 ἠ
1293 3425 1480 3496 μανία,
1518 3425 1607 3479 διὰ
1646 3426 1708 3478 τὸ
1745 3426 2003 3497 ἐκστῆναι

420 3524 516 3577 τοῦ
562 3520 941 3594 προκειμένου.
990 3518 1202 3590 Ἐκείνη
1243 3520 1299 3572 δὲ
1336 3516 1488 3588 ἡτοῦ
1539 3517 1705 3570 ὕπνου
1746 3517 2002 3581 ἔκστασις

422 3616 565 3671 κατά
593 3616 747 3670 ἄλλον
774 3614 976 3685 τρόπον
1011 3611 1232 3684 ἐρρέθη,
1266 3610 1407 3663 κατὰ
1440 3610 1539 3682 τὴν
1570 3610 1805 3681 φυσικὴν
1848 3608 2002 3680 ἐνέρο

424 3726 606 3779 γειαν·
646 3708 878 3780 μάλιστα
908 3706 965 3758 δὲ
988 3704 1065 3774 τῷ
1100 3703 1414 3773 βαθυτάτως
1456 3700 1626 3772 αὐτὴν
1648 3700 2004 3771 ἐπενηνέχθαι

424 3801 505 3873 τῷ
533 3801 674 3871 ἁγίῳ
712 3799 904 3869 Ἀδὰμ,
929 3798 1023 3850 καὶ
1051 3797 1109 3849 ἐν
1134 3797 1278 3868 χειρὶ
1305 3796 1442 3850 Θεοῦ
1473 3793 1862 3865 πεπλασμένῳ.

2095 1975 2365 2038 cernitur,
2421 1988 2585 2044 quam
2644 1988 2764 2041 qua:
2810 1971 3048 2040 Spiritus
3082 1967 3279 2029 sancti,
3304 1965 3396 2035 qui
3428 1980 3522 2034 per
3547 1976 3677 2032 pro-

2095 2068 2291 2139 phetas
2319 2066 2448 2121 olim
2501 2066 2718 2122 loculus
2747 2068 2832 2118 est
2865 2073 3126 2132 germana
3175 2058 3425 2113 videatur
3458 2071 3521 2108 ac
3550 2067 3679 2124 pro-

2096 2160 2236 2233 pria.

2170 2247 2326 2313 Quod
2356 2247 2402 2303 si
2425 2246 2639 2302 veritati
2696 2243 3039 2299 mendacium
3070 2239 3376 2294 admiscere
3395 2234 3674 2290 voluerint

2098 2349 2153 2393 et
2170 2347 2487 2394 accuratum
2519 2351 2802 2392 sacrarum
2829 2332 3158 2388 Litterarum
3184 2327 3535 2384 dissimulare
3555 2340 3684 2379 sen-

2100 2445 2245 2495 sum,
2275 2443 2340 2481 ac
2372 2429 2491 2481 loca
2526 2425 2774 2495 quaedam
2808 2422 3183 2484 accumulare,
3213 2418 3415 2488 quibus
3438 2430 3680 2471 errorem

2101 2536 2264 2577 suum
2301 2519 2632 2590 procudam,
2685 2526 2740 2573 et
2772 2515 2976 2571 divinis
3007 2511 3245 2567 oraculis
3274 2524 3436 2581 quam
3469 2505 3688 2563 similli-

2101 2628 2251 2668 mum
2288 2610 2539 2672 reddant,
2574 2617 2704 2679 puta
2763 2606 2910 2677 quod
2948 2606 3233 2674 Scriptura
3264 2600 3499 2656 dixerit:
3529 2597 3686 2651 Misit

2101 2704 2243 2759 Deus
2299 2703 2716 2767 ἕκστασιν,,ιιοο
2743 2710 2827 2755 est
2873 2714 3134 2767 soporem,
3169 2697 3223 2750 in
3252 2694 3446 2756 Adam,
3479 2702 3529 2746 et
3554 2689 3686 2744 dor-

2105 2798 2219 2849 miit
2241 2795 2286 2857 ³,
2312 2796 2490 2850 sciant
2513 2794 2673 2864 longe
2703 2793 2866 2845 aliam
2892 2791 2981 2845 hic
3007 2804 3151 2851 esse,
3185 2802 3349 2857 quam
3382 2785 3436 2838 in
3466 2783 3687 2837 illorum

2103 2889 2325 2959 negotio
2359 2888 2648 2940 rationem.
2679 2883 2798 2937 Non
2822 2883 2965 2939 enim
3007 2880 3152 2952 quod
3186 2879 3253 2932 ad
3289 2877 3427 2931 istos
3467 2872 3684 2932 attinet,

2105 2994 2306 3032 novum
2330 2976 2605 3047 quoddam
2639 2990 2841 3043 corpus
2872 2989 2903 3027 a
2929 2971 3038 3027 Deo
3072 2968 3490 3040 designabatur;
3526 2962 3688 3031 cujus

2106 3068 2306 3140 gratia,
2332 3068 2478 3138 quod
2499 3068 2629 3120 olim
2666 3065 2877 3119 Adamo
2928 3064 3154 3118 fecerat.
3186 3075 3283 3129 pro
3314 3071 3412 3110 sua
3449 3052 3693 3123 benigni-

2107 3168 2218 3216 tate
2270 3167 2549 3229 stuporem
2604 3158 2942 3211 immitteret.
2991 3152 3125 3205 Nam
3167 3147 3361 3204 Adami
3407 3154 3688 3213 stuporem

2031 3223 2073 3282 C
2106 3254 2218 3320 ille,
2255 3223 2435 3308 sonini
2478 3250 2700 3321 quidam
2742 3257 2933 3317 torpor
2961 3244 3204 3305 exstitit,
3238 3234 3350 3296 non
3376 3235 3575 3292 mentis
3608 3233 3666 3288 in

2106 3346 2285 3401 sauia.
2322 3343 2587 3413 Stuporis
2643 3356 2805 3411 porro
2862 3336 3186 3393 vocabulum
3236 3330 3483 3401 pluribus
3514 3324 3694 3380 modis

2107 3436 2368 3505 usurpari
2430 3434 2590 3489 solet.
2647 3431 2803 3485 Alius
2850 3429 2995 3488 enim
3027 3433 3133 3487 est,
3174 3438 3335 3493 quem
3396 3419 3693 3474 vehemens

2102 3528 2355 3599 quaedam
2396 3526 2538 3596 parit
2565 3522 2878 3579 admiratio.
2948 3520 3092 3577 Alias
3124 3532 3222 3586 pro
3249 3516 3432 3569 furore
3456 3519 3510 3567 et
3538 3510 3691 3564 iusa-

2105 3618 2197 3671 nia
2233 3617 2490 3679 sumitur,
2527 3630 2593 3669 ex
2611 3629 2676 3667 co
2715 3612 2861 3682 quod
2889 3611 3107 3664 animus
3131 3623 3161 3660 a
3188 3604 3469 3675 proposito
3500 3597 3695 3667 ἐκστῆ-

2113 3724 2223 3772 ναι,
2251 3707 2356 3761 hoc
2383 3714 2468 3760 est
2497 3706 2765 3770 aberrare,
2813 3702 3033 3757 dicitur.
3067 3699 3136 3753 At
3179 3698 3255 3751 illi
3282 3710 3475 3751 somno
3502 3699 3697 3759 stupor

2116 3796 2247 3862 alio,
2296 3795 2557 3849 nimirum
2611 3793 2676 3846 ad
2705 3791 2985 3845 naturales
3015 3786 3327 3843 functiones
3372 3779 3694 3837 referendus

424 3900 534 3957 est,
587 3890 888 3961 praesertim
933 3904 1058 3943 cum
1118 3888 1328 3942 Adamo
1371 3890 1491 3944 viro
1552 3897 1767 3952 sancto,
1835 3903 1901 3943 ac
1944 3888 2041 3945 Dei
2104 3891 2364 3945 manibus
2424 3888 2695 3959 perpolito
2755 3886 3061 3941 altissimus
3116 3882 3187 3938 sit
3248 3880 3339 3935 ille
3378 3885 3571 3946 stupor
3605 3873 3693 3926 in—

423 3988 625 4058 jectus.

499 4089 576 4141 E'.
608 4086 718 4140 Kal.
749 4083 859 4153 γὰρ
888 4079 1099 4153 ἀληθῶς
1134 4079 1280 4130 ἔστιν
1306 4077 1454 4143 ἰδεῖν,
1481 4076 1554 4155 ὡς
1579 4075 1801 4138 δικαίως
1823 4073 2013 4128 ἔκστα-

433 4197 516 4233 σιν
545 4177 751 4248 ταύτην
791 4177 825 4246 ἡ
864 4173 986 4226 θεία
1033 4168 1222 4259 Γραιὶὴ
1274 4167 1535 4239 βέϐληκεν
1564 4168 1604 4220 ¹.
1654 4168 1742 4219 Ἐν
1778 4166 1856 4236 τῷ
1902 4166 2010 4237 γὰρ

434 4268 631 4324 ὑπνοῦν
653 4268 742 4320 τὸν
764 4264 1048 4336 ἄνθρωπον
1072 4258 1422 4331 μεθίστανται
1450 4260 1621 4312 πᾶσαι
1645 4259 1701 4310 αἱ
1730 4258 2011 4327 αἰσθήσεις

432 4366 512 4426 εἰς
540 4361 844 4415 ἀνάπαυσιν
864 4355 1178 4428 τραπεῖσαι.
1223 4352 1311 4414 Ὠς
1370 4344 1480 4403 οἷον
1519 4351 1713 4414 εἰπεῖν,
1762 4348 2012 4419 παροῦσα

435 4457 469 4525 ἡ
501 4451 783 4524 διορατικὴ
820 4450 918 4520 οὐχ
968 4447 1095 4518 ὁρᾷ·
1130 4442 1548 4497 ἀποκέκλεισται
1585 4440 1693 4512 γὰρ
1729 4440 1789 4493 τὸ
1827 4439 2009 4509 ὄμμα·

435 4545 699 4619 ἡσυχάζει
722 4542 782 4595 τὸ
812 4538 993 4593 κινοῦν
1033 4539 1090 4589 ἐν
1123 4536 1200 4607 τῷ
1229 4533 1503 4605 ἀνθρώπῳ
1532 4533 1767 4601 πνεῦμα,
1801 4532 1896 4584 εἴτ’
1922 4527 2014 4583 οῦν

435 4641 581 4711 ψυχή
603 4656 619 4670 ·
648 4635 936 4706 δυσοδμίας
960 4629 1125 4701 οὔσης
1150 4633 1207 4682 ἐν
1229 4630 1385 4697 οἴκῳ,
1416 4627 1509 4679 καὶ
1531 4625 1808 4694 εὐοδμίας,
1842 4624 2021 4676 καίτοι

438 4751 502 4801 γε
534 4726 813 4804 παρούσης
845 4729 945 4794 τῆς
988 4721 1354 4793 ὀσφραντικῆς
1381 4716 1705 4786 αἰσθήσεως,
1739 4718 1839 4768 ούκ
1872 4716 2020 4767 ἀντι-

438 4824 807 4895 λαμϐάνεται»
847 4819 1038 4885 ἐξέστη
1060 4815 1167 4885 γὰρ
1199 4815 1233 4883 ή
1264 4811 1486 4881 τοιαύτη
1521 4808 1771 4879 αἴσθησις
1799 4810 1878 4870 εἰς
1898 4807 2023 4861 ἀνά-

443 4932 642 4970 παυσιν
678 4912 970 4983 τραπεῖσα.
1008 4902 1228 4971 Πικρῶν
1259 4903 1428 4956 ὄντων
1456 4898 1646 4971 χυμῶν
1680 4901 1738 4952 ἐν
1783 4897 1859 4967 τῷ
1901 4897 2020 4949 στό-

447 5026 599 5079 ματι,
650 5006 685 5077 ἢ
736 5000 1016 5073 ἁλμυρῶν,
1076 4997 1112 5067 ἢ
1165 4995 1433 5063 γλυκέων,
1476 4991 1535 5045 τὸ
1586 4989 1874 5058 γευστικὸν
1923 4989 2023 5040 οὐκ

443 5100 759 5155 αἰσθάνεται
784 5111 798 5125 ·
836 5092 1134 5162 ἐπειδήπερ
1164 5091 1220 5141 ἐν
1251 5086 1504 5138 ἐκστάσει
1532 5084 1630 5154 τῆς
1664 5080 2025 5142 ἀναπαύσεως

444 5197 633 5258 κεῖταιξ
644 5188 720 5260 μὴ
749 5183 1026 5257 ἐνεργοῦν,
1060 5182 1194 5250 ὅπερ
1223 5180 1280 5230 ἐν
1298 5177 1375 5247 τῷ
1401 5176 1548 5245 ὕπαρ
1577 5176 1819 5245 ἐνήργει.
1860 5172 2024 5241 Ἀκοὴ

447 5287 743 5358 πάρεστινο
775 5279 887 5334 ἀλλ’
922 5278 1082 5347 ἀργεῖ
1106 5273 1169 5325 τὸ
1201 5269 1522 5325 ἀκουστικὸν
1550 5267 1692 5321 κατὰ
1716 5266 1814 5336 τὴν
1836 5263 2027 5331 αἴσθη-

450 5394 563 5431 σιν·
592 5377 687 5430 καὶ
722 5372 979 5432 πολλάκις
1014 5366 1122 5419 τῶν
1159 5360 1461 5416 λαλούντων
1495 5361 1553 5412 ἐν
1598 5359 1749 5427 οἴκῳ,
1780 5355 1828 5407 εἰ
1871 5356 1944 5424 μὴ
1972 5368 2026 5406 τι

448 5466 733 5536 διυπνισθῇ
765 5467 793 5518 ὁ
822 5461 1125 5531 ἄνθρωπος,
1156 5456 1254 5524 οὐχ
1277 5447 1539 5505 ὑπακούει
1564 5446 1670 5501 τῶν
1696 5446 1847 5517 παρά
1868 5461 2028 5497 τινων

454 5534 751 5632 ῥηθέντων,
774 5553 863 5607 διὰ
901 5551 962 5604 τὸ
994 5546 1292 5616 ἀποστῆναι
1321 5542 1417 5614 τὴν
1446 5541 1719 5611 ἐνέργειαν
1762 5536 1896 5608 πρὸς
1931 5534 2029 5605 τὴν

452 5627 622 5725 ῶραν.
656 5646 833 5702 Τινῶν
878 5640 1162 5697 κνωδάλων
1184 5634 1545 5709 διερχομένων
1585 5631 1672 5685 διὰ
1707 5628 1799 5683 τοῦ
1830 5627 2029 5698 ἡμετέι

530 5817 546 5849 ¹
571 5812 704 5884 Reg.
734 5807 962 5873 ἐτάζων.
1039 5807 1058 5837 ²
1090 5802 1247 5859 Corr.
1289 5798 1576 5870 κέκληκεν.
1656 5794 1675 5825 ³
1704 5792 1842 5849 Gen.
1865 5807 1929 5858 ιι,
1956 5789 2048 5844 ‘21.

2193 4067 2261 4122 ν.
2319 4067 2547 4121 Constat
2579 4066 2724 4120 enim
2760 4079 2924 4133 quam
2962 4061 3160 4116 merito
3188 4058 3432 4129 stuporis
3462 4057 3567 4112 hoc
3603 4071 3699 4111 no-

2117 4176 2241 4214 men
2270 4174 2300 4212 a
2334 4156 2617 4226 Scriptura
2653 4156 2817 4210 fuerit
2854 4161 3207 4223 ,usurpatum.
3237 4147 3689 4219 Quandoquidem

2118 4252 2339 4305 homine
2396 4248 2684 4316 consopito
2737 4262 2934 4300 sensus
2964 4259 3156 4298 omnes
3203 4240 3271 4297 ad
3299 4240 3537 4312 quietem
3569 4253 3696 4293 sese

2120 4342 2478 4398 transferunt.
2534 4341 2625 4394 Sic
2686 4338 2903 4393 videndi
2935 4336 3187 4398 facultas,
3219 4333 3455 4403 exempli
3498 4329 3695 4403 gratia,

2123 4434 2341 4489 tametsi
2370 4449 2612 4503 prmsens
2641 4431 2816 4495 adsit,
2846 4429 3052 4483 clausis
3093 4426 3270 4481 oculis
3302 4425 3440 4479 nihil
3474 4425 3699 4479 omnino

2119 4526 2385 4581 discernit
2421 4543 2433 4579 :
2469 4537 2755 4595 propterea
2782 4520 2929 4591 quod
2961 4528 3076 4573 tum
3112 4518 3228 4583 ille,
3250 4531 3359 4587 quo
3390 4528 3697 4578 movemur,

2119 4618 2347 4688 spiritus
2383 4617 2498 4672 sive
2532 4615 2717 4670 anima
2746 4613 3068 4685 requiescit.
3112 4610 3203 4664 Sic
3234 4607 3525 4679 quantavis
3550 4605 3707 4663 domi.

2117 4710 2418 4781 fragrantia
2466 4709 2559 4772 sit,
2589 4714 2684 4762 aut
2723 4707 2886 4769 fetor,
2939 4706 3071 4759 nihil
3106 4713 3289 4757 tamen
3321 4700 3580 4765 odoratu,
3604 4698 3699 4768 qui

2118 4819 2251 4859 sane
2294 4817 2538 4872 praesens
2583 4807 2689 4858 est.
2742 4800 3026 4871 percipere
3070 4811 3397 4867 possumus;
3441 4808 3507 4847 eo
3552 4790 3701 4861 quod

2120 4896 2307 4951 sensui
2336 4894 2412 4947 illi
2441 4894 2508 4947 ad
2540 4894 2779 4963 quietem
2812 4889 3117 4959 composito
3151 4888 3299 4941 velut
3336 4886 3556 4956 quidam
3591 4893 3707 4937 tor-

2125 5002 2224 5057 por
2270 4986 2531 5054 obrepsit.
2596 4984 2726 5038 lten‘i
2774 4984 2899 5037 licet
2939 4995 3159 5033 amarus
3203 4978 3258 5032 in
3298 4993 3390 5032 ore
3416 4977 3488 5032 sit
3517 4989 3705 5045 sapor,

2126 5084 2221 5131 aut
2278 5076 2475 5139 falsus,
2526 5082 2621 5128 aut
2660 5074 2859 5136 dulcis,
2907 5073 3042 5126 nihil
3082 5077 3303 5140 gustatu
3348 5067 3602 5130 sentitur,
3634 5081 3704 5119 eo

2126 5167 2270 5238 quod
2338 5165 2591 5235 stupidus
2644 5165 2735 5218 hic
2787 5178 3004 5223 sensus,
3039 5176 3102 5214 ac
3133 5159 3294 5230 ω’]
3331 5158 3544 5225 sepitus
3578 5156 3706 5209 fun-

2128 5260 2366 5313 ctionem
2400 5258 2604 5311 nullam
2650 5262 2890 5319 exercet,
2927 5250 3233 5320 cujustnodi
3276 5258 3535 5318 praestare
3565 5245 3705 5314 vigi-

2131 5350 2253 5406 lans
2297 5350 2526 5405 solebat.
2588 5346 2770 5404 Manet
2796 5354 2849 5401 et
2879 5344 3098 5398 auditus
3128 5342 3265 5411 ipse,
3304 5339 3397 5394 sed
3441 5336 3701 5391 audiendi

2134 5454 2219 5497 est
2275 5441 2507 5496 facultas
2562 5440 2741 5494 otiosa
2776 5437 2952 5492 :adco
2994 5444 3053 5489 ut
3087 5434 3403 5503 plerumque
3445 5428 3591 5483 domi
3628 5428 3710 5481 lo-

2135 5535 2429 5605 quentibus
2458 5532 2757 5595 nonnullis,
2786 5530 2894 5583 nisi
2927 5530 3019 5598 qui
3056 5526 3258 5581 dormit
3292 5520 3712 5593 expergefactus

2140 5628 2322 5693 fuerit,
2353 5644 2472 5698 quae
2505 5626 2573 5681 ab
2607 5626 2673 5680 iis
2696 5624 2956 5679 dicuntur
2977 5636 3095 5676 non
3114 5617 3321 5682 audiat,
3356 5613 3503 5686 quod
3532 5613 3713 5669 omnis
