4186 6374
547 368 659 425 865

1972 371 2031 428 S.
2075 370 2428 430 EPIPBANII

3718 378 3823 434 εει

547 502 617 541 eo
646 493 899 558 tempore
917 486 1220 558 intercepta
1244 486 1319 544 sit
1340 488 1502 545 actio.
1526 487 1818 546 Postremo
1842 506 1968 546 cum
1988 507 2139 563 quae-

2246 510 2341 564 ρου
2375 493 2647 564 σώματος,
2679 493 2779 546 οὐκ
2829 494 3195 566 αἰσθανόμεθα
3236 496 3337 567 τῆς
3376 494 3555 548 αὐτῶν
3596 491 3723 564 περὶ
3760 490 3824 545 τὸ

548 578 674 632 dam
703 594 799 648 per
845 595 1047 651 corpus
1073 581 1330 637 oberrent
1362 582 1571 647 bestiae,
1610 582 1806 639 barum
1844 592 2136 641 contactus

549 670 778 726 minime
811 678 929 726 tum
987 688 1019 727 a
1067 673 1232 729 nobis
1289 676 1591 746 percipitur
1640 676 1747 731 nisi
1795 675 1939 732 forte
1973 677 2137 733 vehe-

549 762 788 817 mentius
818 764 1169 834 pupugerint.
1205 764 1377 835 Cujus
1400 782 1463 821 ea
1494 782 1663 823 causa
1695 776 1801 833 est,
1838 770 1984 840 quod
2019 786 2137 826 sen-

548 868 645 906 sus
667 854 842 907 nostri
866 853 1207 908 domicilium
1246 855 1300 909 in
1340 856 1431 909 illa
1459 858 1637 911 somni
1668 858 1851 928 quiete
1884 859 1955 913 ab
1986 861 2135 914 omni

548 945 767 999 actione
816 947 1139 1000 cessaverit.
1183 947 1342 1012 Quod
1392 950 1614 1018 quidem
1666 967 1864 1006 sensus
1929 953 2137 1007 instru—

546 1044 813 1101 mentum,
876 1053 1001 1091 cum
1033 1040 1106 1093 sit
1160 1048 1357 1093 natura
1393 1053 1693 1107 terrenum,
1733 1045 2027 1114 animaque
2050 1046 2136 1099 ni-

547 1129 848 1184 hilominus
881 1131 1170 1185 cxcellenti
1202 1134 1492 1201 prmditum
1530 1153 1542 1187 :
1577 1134 1721 1203 quod
1750 1138 1824 1189 ita
1859 1135 2002 1192 Deus
2026 1138 2135 1191 uti-

550 1222 718 1275 litatis
744 1230 945 1276 nostra:
975 1238 1141 1277 causa
1172 1226 1460 1279 constituit
1490 1243 1503 1282 :
1542 1242 1702 1281 suum
1754 1228 1915 1283 habet
1942 1245 2136 1283 somno

550 1324 766 1383 tempus
788 1315 1137 1378 attributum,
1167 1332 1263 1384 per
1280 1318 1424 1385 quod
1457 1319 1526 1372 ab
1562 1324 1830 1373 acerrima
1862 1322 2134 1376 sentiendi

548 1408 852 1472 (unctione,
888 1409 942 1462 in
974 1409 1208 1477 quietem
1236 1418 1626 1482 torporemque
1684 1414 1997 1469 resolvitur.
2049 1415 2135 1469 ln-

549 1500 708 1554 terim
739 1501 935 1554 animae
959 1515 1087 1569 pars
1123 1502 1211 1553 illa
1264 1504 1538 1573 pnecipua
1574 1506 2021 1577 intelligendique
2052 1510 2135 1563 vis

549 1592 819 1660 ejusmodi
872 1600 957 1647 est
1008 1594 1251 1662 stuporis
1284 1611 1500 1664 expers.
1546 1596 1699 1665 Saepe
1727 1598 1873 1650 enim
1935 1608 2137 1653 semet-

551 1686 724 1753 ipsam
796 1686 900 1740 sibi
952 1688 1108 1756 quasi
1167 1688 1476 1758 vigilantem
1548 1690 1767 1757 objicit,
1824 1692 2131 1756 ambulans,

549 1793 719 1848 agens
752 1780 978 1848 aliquid,
1013 1781 1311 1850 navigans;
1354 1791 1516 1850 atque
1551 1782 1602 1835 in
1643 1783 1911 1852 pluribus,
1934 1794 1988 1837 et
2030 1801 2136 1838 ma-

543 1872 763 1937 joribus
810 1873 1045 1941 negotiis
1096 1874 1304 1926 versari
1362 1889 1459 1942 per
1511 1877 1784 1927 somnium
1835 1876 2132 1931 existimat.

548 1960 873 2029 Quanquam
911 1966 1069 2031 longe
1114 1963 1260 2016 istud
1288 1963 1396 2014 alio
1427 1962 1612 2025 modo,
1645 1979 1806 2033 quam
1851 1979 1880 2017 a
1929 1964 2135 2021 furioso

550 2068 614 2106 ac
639 2053 897 2117 fanatico,
932 2054 1171 2123 geritur;
1199 2053 1292 2122 qui
1324 2069 1554 2121 corpore
1578 2055 1871 2123 animoque
1903 2055 2136 2125 vigilans

549 2145 758 2197 atrocia
792 2145 1039 2213 quaedam
1074 2152 1371 2214 perpetrat,
1402 2151 1457 2199 et
1486 2160 1610 2197 cum
1646 2145 1748 2197 sibi
1784 2154 1898 2198 tum
1927 2148 2137 2201 caneris

2243 586 2403 656 σῶμα
2437 585 2593 656 ἡμῶν
2632 586 2797 657 ἁφῆς,
2826 588 2875 639 εἰ
2908 588 2981 659 μή
3014 604 3068 640 τι
3110 587 3321 659 βαρέως
3354 585 3650 640 ἐπιθῶνται
3692 586 3823 655 ἡμῖν

2238 677 2308 730 τὰ
2331 675 2579 730 κνώδαλα
2606 693 2618 706 ·
2652 677 2728 741 ὡς
2750 676 2845 730 τοῦ
2875 678 3073 742 παντὸς
3094 679 3327 751 ὀργάνου
3352 677 3441 731 διὰ
3469 676 3569 746 τὴν
3587 676 3823 729 ἀνάπαυ-

2242 785 2324 821 σιν
2350 767 2444 819 τοῦ
2472 766 2642 821 ὕπνου
2684 768 2977 833 ἐκστάντος
3007 770 3114 823 ἀπὸ
3154 770 3252 842 τῆς
3284 768 3583 840 ἐνεργείας.
3620 767 3693 821 Τὸ
3725 766 3825 838 μὲν

2238 860 2347 931 γὰρ
2379 860 2609 930 ὄργανον
2632 859 2846 928 φύσεως
2873 860 2932 913 ὃν
2954 863 3171 933 γηϊνης,
3194 862 3289 915 καὶ
3316 862 3442 931 περὶ
3473 858 3570 931 τὴν
3596 862 3617 891 ⁵
3647 858 3825 929 ψυχὴν

2238 952 2379 1023 ἐχον,
2420 952 2507 1006 διὰ
2532 953 2593 1006 τὸ
2629 952 2802 1015 οὕτως
2836 956 2900 1006 ἐκ
2932 952 3066 1006 Θεοῦ
3100 953 3209 1007 τῶν
3243 954 3529 1025 χρησίμων
3557 955 3692 1023 ἡμῖν
3722 969 3825 1020 γε·

2237 1047 2521 1118 γενῆσθαι,
2541 1046 2855 1099 ἀποδίδοται
2880 1047 2957 1119 τῷ
2987 1046 3139 1118 ὕπνῳ
3166 1048 3376 1119 καιρὸς,
3396 1046 3667 1117 μεθιστῶν
3694 1044 3825 1099 αὐτὸ

2238 1139 2346 1192 ἀπὺ
2400 1140 2499 1208 τῆς
2556 1138 2953 1209 ἐνεργεστάτης
3006 1138 3314 1209 αἰσθήσεως
3362 1140 3442 1202 εἰς
3492 1137 3823 1209 μετάστασιν

2238 1232 2617 1293 ἀναπαύσεως.
2651 1230 2799 1302 Αὐτὴ
2824 1231 2880 1283 δὲ
2906 1232 2937 1301 ἡ
2965 1230 3110 1302 ψυχὴ
3135 1232 3234 1285 οὐκ
3274 1230 3465 1303 ἐξέστη
3498 1230 3593 1283 τοῦ
3623 1232 3824 1301 ἠγεμο-

2237 1324 2389 1378 νικοῦ
2417 1325 2536 1378 οὐδὲ
2560 1325 2652 1378 τοῦ
2682 1328 3046 1398 φρονήματος.
3069 1324 3331 1388 Πολλάκις
3363 1324 3472 1395 γὰρ
3499 1324 3823 1394 φαντάζεται

2238 1418 2436 1489 ἐαυτὴν
2448 1418 2522 1481 ὡς
2536 1420 2592 1471 ἐν
2605 1422 2959 1491 γρηγορήσει,
2974 1419 3067 1472 καὶ.
3079 1420 3391 1489 περιπατεῖ,
3406 1418 3501 1471 xu‘t
3512 1420 3535 1469 ἐ
3542 1416 3682 1489 ργάζ
3686 1434 3821 1476 εται.

2238 1511 2332 1563 καὶ
2366 1514 2707 1582 ποντοπορεῖ,
2744 1512 2836 1563 καὶ
2858 1512 2915 1563 ἐν
2945 1511 3153 1563 πλείοσι
3175 1510 3268 1563 καὶ
3293 1509 3500 1580 μείζοσι
3527 1511 3731 1562 τούτων
3758 1509 3823 1561 δι’

2236 1601 2530 1673 ὀνειράτων
2558 1602 2756 1672 ἑαυτὴν
2781 1601 3025 1672 θεωμένη
3052 1614 3067 1627 ⁶
3101 1595 3138 1671 ἦ
3189 1598 3294 1669 μὴν
3334 1598 3474 1651 κατὰ
3510 1597 3601 1651 τὸν
3628 1596 3825 1666 ἀφραί-

2238 1710 2418 1757 νοντα,
2452 1695 2547 1746 καὶ
2576 1694 2633 1748 ἐν
2666 1692 2919 1746 ἐκστάσει
2948 1693 3230 1762 γινόμενον
3262 1689 3581 1744 ἐκστατικὸν
3619 1687 3826 1759 ἅνθρω-

2238 1801 2360 1847 πον,
2378 1786 2467 1837 τὸν
2496 1785 2573 1855 τῷ
2597 1784 2807 1855 σώματι
2834 1785 2924 1837 καὶ
2946 1787 3009 1854 τῇ
3034 1782 3179 1853 ψυχῇ
3201 1782 3557 1853 ἐγρηγορότα,
3586 1778 3655 1833 τὰ
3676 1778 3825 1832 δεινά

2247 1876 2779 1948 μεταχειριζόμενον,
2816 1876 2909 1929 καὶ
2952 1875 3209 1937 πολλάκις
3248 1872 3427 1942 ἑαυτῴ
3458 1870 3645 1935 δεινῶς
3676 1870 3823 1941 χρώ-

2248 1986 2405 2038 μενον
2439 1970 2532 2021 καὶ
2563 1972 2675 2032 τοῖς
2706 1968 2891 2031 πέλας.
2947 1968 3157 2035 Ἀγνοεῖ
3188 1965 3297 2035 γάρ
3329 1964 3365 2018 ὃ.
3402 1963 3697 2034 φθέγγεται
3764 1980 3823 2015 τε

2245 2059 2339 2111 καὶ
2381 2059 2645 2129 πράττει’
2687 2058 2987 2129 ἐπειδήπερ
3016 2059 3073 2112 ἐν
3111 2057 3367 2110 ἐκστάσει
3409 2057 3633 2125 γέγονεν
3659 2055 3827 2124 ἀφρο-

2248 2151 2413 2221 σύνης
2440 2154 2467 2204 ὁ
2488 2151 2747 2215 τοιοῦτος.

548 2238 804 2291 omnibus
853 2238 1087 2293 infestus
1144 2247 1259 2304 est;
1318 2240 1497 2294 nescit
1528 2240 1673 2294 enim
1701 2241 1833 2312 quid
1864 2242 2009 2297 dicat
2046 2251 2141 2297 aut
2176 2244 2361 2315 faciat,
2392 2249 2653 2319 quoniam
2701 2264 2731 2302 a
2767 2248 2997 2303 rationis
3058 2254 3202 2302 statu
3234 2244 3479 2315 dejectus
3526 2253 3583 2299 et
3635 2243 3692 2297 in
3741 2240 3831 2299 fu-

550 2348 727 2386 rorem
752 2348 943 2387 versus
969 2342 1072 2387 est.

622 2421 707 2475 Vl.
736 2423 860 2477 Haec
894 2441 995 2479 nos
1026 2426 1208 2479 omnia
1237 2426 1383 2480 illius
1411 2427 1704 2483 occasione
1733 2429 1870 2483 loci:
1899 2429 2133 2485 Immisit

547 2514 689 2568 Deus
734 2526 1001 2582 stuporem
1058 2518 1110 2569 in
1160 2519 1448 2582 Adamum,
1472 2530 1519 2571 et
1550 2520 1791 2583 dormiit,
1818 2524 2134 2576 necessario

548 2610 969 2677 disputavimus,
1018 2625 1081 2663 ac
1137 2610 1388 2665 diversos
1423 2613 1666 2680 stuporis
1715 2614 1908 2669 modos
1937 2630 2139 2685 propo-

550 2699 760 2752 suinms
787 2717 800 2763 ;
830 2710 993 2768 atque
1017 2700 1149 2753 illud
1193 2702 1372 2770 ipsum
1400 2704 1797 2771 explicavimus
1826 2722 1839 2770 ;
1872 2707 2033 2776 cujus
2063 2708 2139 2761 rei

548 2792 724 2858 gratia
759 2808 989 2846 somnus
1022 2792 1109 2845 ille
1142 2792 1379 2861 injectus
1409 2810 1438 2846 a
1467 2793 1699 2848 Domino
1740 2807 1933 2866 stupor
1952 2801 2138 2868 appel-

548 2883 711 2936 letur.
760 2881 1026 2937 Nimirum
1055 2885 1156 2939 hoc
1180 2887 1445 2955 singulari
1495 2886 1588 2941 Dei
1624 2890 1877 2944 cautione
1905 2906 1967 2944 ac
1991 2892 2140 2945 beni-

552 2976 755 3044 gnitate
780 2977 1106 3045 perfectum,
1133 2994 1296 3047 quam
1316 2979 1503 3049 generi
1539 2980 1823 3035 hominum
1852 2984 2133 3053 impertiit,

551 3085 662 3137 quo
688 3084 747 3122 se
776 3068 843 3120 ad
900 3070 1077 3122 somni
1120 3072 1361 3139 requiem
1392 3089 1418 3124 a
1443 3072 1761 3141 quotidiana
1791 3078 2135 3145 negotiorum

2316 2434 2404 2498 Cf’.
2440 2431 2624 2484 Ταῦτα
2667 2430 2723 2483 δὲ
2775 2429 2950 2484 πάντα
3004 2428 3091 2481 διὰ
3131 2428 3212 2492 τὸ,
3276 2427 3563 2480 Ἐπέὄαλε
3613 2426 3829 2493 Κύριος

2244 2524 2541 2576 ἔκστασιν
2570 2522 2669 2575 ἐπὶ
2706 2523 2811 2575 τὸν
2848 2520 3049 2589 ’Λδὰμ,
3096 2520 3194 2573 καὶ
3245 2519 3548 2581 ὕπνωσεν,
3585 2516 3830 2587 ἀνάγκην

2245 2616 2581 2685 ἐσχήκαμεν,
2629 2609 2674 2667 ὦ
2703 2614 3043 2682 ἐπιπόθητοι,
3076 2612 3402 2680 συναγαγεῖν
3432 2611 3533 2673 τὰς
3568 2607 3829 2680 διαφορὰς

2244 2710 2351 2760 τῶν
2380 2708 2596 2779 τρόπων
2635 2707 2736 2777 τῆς
2786 2707 3094 2768 ἐκστάσεως
3120 2722 3132 2735 ·
3167 2705 3261 2758 καὶ
3313 2704 3632 2773 ἐφράσαμεν
3668 2702 3734 2755 δι’
3764 2704 3829 2770 ἢν

2246 2798 2425 2851 αἰτίαν
2461 2800 2575 2850 ἐκεῖ
2605 2799 2756 2868 παρὰ
2773 2798 2977 2867 Κυρίου
2995 2797 3250 2859 ἔκστασις
3270 2796 3483 2865 εἴρηται
3500 2798 3532 2866 ἡ
3551 2795 3643 2848 τοῦ
3662 2794 3829 2847 ὕπνου

2249 2890 2448 2959 μετοχή
2473 2906 2484 2917 ·
2522 2890 2604 2941 ὅτι
2636 2887 2724 2940 διὰ
2752 2887 2848 2958 τὴν
2874 2888 2967 2941 τοῦ
3003 2886 3138 2938 Θεοῦ
3185 2885 3350 2955 φειδὼ
3390 2887 3483 2939 καὶ
3534 2886 3832 2957 φιλανθρω-

2247 2979 2397 3043 πίαν,
2428 2980 2494 3049 ἢν
2525 2981 2657 3031 πᾶσι
2688 2979 2784 3048 μὲν
2833 2976 3140 3048 ἀνθρώποις
3182 2977 3211 3028 ὁ
3238 2975 3399 3040 αὐτὸς
3422 2974 3743 3047 δεδώρηται,
3781 2978 3830 3029 εἰ

2248 3070 2310 3122 τὸ
2353 3070 2752 3141 μεταφέρεσθαι
2799 3070 2890 3121 τὸν
2944 3068 3231 3138 ἄνθρωπον
3277 3068 3384 3121 ἀπὸ
3434 3069 3706 3139 μερίμνης
3751 3070 3830 3132 εἰς

551 3175 685 3213 cura
745 3176 809 3213 ac
865 3162 1241 3217 sollicitudine
1276 3163 1610 3219 traduceret.
1658 3165 1986 3236 Quanquam
2027 3169 2140 3223 illic

2248 3164 2553 3216 ἀνάπαυσιν
2584 3162 2751 3215 ὕπνου
2788 3162 2881 3215 καὶ
2909 3160 3017 3213 τῶν
3040 3160 3117 3231 τῷ
3148 3159 3246 3230 βίῳ
3271 3158 3546 3229 χρειωδῶν
3574 3158 3834 3229 πραγμά-

554 3252 753 3321 potiori
780 3252 903 3321 jure
938 3255 1181 3323 stuporis
1213 3256 1539 3309 vocabulum
1575 3258 1705 3311 illud
1737 3258 2049 3324 adluescrit,
2073 3276 2139 3314 eo

552 3342 703 3409 quod
731 3344 1014 3411 aliquanto
1062 3346 1216 3397 illum
1280 3355 1525 3415 tempore
1553 3348 1621 3400 ab
1650 3351 1797 3401 omni
1837 3364 2001 3404 sensu
2043 3351 2141 3405 do-

554 3433 690 3489 loris
738 3436 983 3500 exemit,
1047 3451 1171 3491 cum
1221 3436 1267 3490 ei
1315 3449 1523 3492 costam
1584 3438 1933 3495 detracturus
1969 3450 2139 3505 esset,

556 3546 719 3598 quam
750 3531 801 3583 in
826 3532 1109 3586 mulierem
1140 3542 1508 3587 converteret.
1538 3533 1657 3589 Non
1685 3544 1801 3589 erat
1828 3537 1917 3590 ille
1941 3539 2140 3591 mentis

556 3628 652 3673 aut
684 3621 851 3674 animi
892 3630 1105 3691 stupor.
1155 3622 1288 3676 Nam
1323 3626 1507 3679 statim
1540 3636 1705 3695 atque
1726 3627 2141 3698 expergefactus

556 3717 662 3771 est,
694 3708 838 3778 quod
869 3718 1081 3780 gestum
1124 3722 1241 3766 erat
1264 3713 1505 3782 agnovit,
1537 3729 1600 3767 ac
1625 3714 1760 3768 divit
1796 3734 1807 3769 :
1839 3715 1953 3768 Hoc
2004 3734 2142 3771 nunc

558 3818 615 3854 os
639 3818 702 3854 ex
725 3803 934 3855 ossibus
972 3804 1099 3857 meis
1130 3815 1177 3858 et
1209 3822 1332 3859 caro
1360 3806 1423 3860 de
1467 3823 1627 3860 carne
1656 3823 1771 3860 mea
1802 3806 1954 3861 :ltaac
1990 3826 2143 3862 voca-

559 3894 701 3943 bitur
751 3893 956 3961 virago,
1008 3894 1133 3963 quia
1163 3910 1226 3945 θέε
1252 3896 1362 3948 viro
1414 3912 1509 3949 suo
1556 3905 1766 3964 sumpta
1804 3907 1881 3951 est
1910 3899 1951 3954 ¹.
1977 3897 2144 3969 408

559 3979 747 4043 Vides,
793 3983 1007 4051 opinor,
1065 3985 1525 4053 quemadmodmn
1576 3994 1687 4039 tam
1738 3988 1940 4057 priora,
1974 4004 2141 4056 quam

562 4071 869 4139 posteriora
923 4074 1168 4137 noverit,
1230 4090 1293 4128 ac
1347 4074 1529 4129 futura
1579 4076 1859 4146 praedicat.
1928 4078 2140 4130 Etenim

563 4163 744 4231 priora
800 4163 1019 4232 quidem
1082 4165 1510 4237 intellexit,quaa
1563 4168 1869 4223 dormiente
1904 4186 1963 4223 se
1989 4178 2143 4239 gesta

561 4257 814 4320 fuerant,
843 4264 901 4310 ut
934 4273 1001 4311 ex
1032 4258 1099 4312 iis
1148 4260 1254 4313 illis
1282 4262 1463 4315 verbis
1499 4261 1776 4330 colligitur
1812 4280 1824 4314 :
1862 4261 1934 4317 Os
1962 4278 2025 4315 ea:
2055 4280 2143 4315 os—

562 4347 705 4401 sibus
734 4348 883 4401 meis.
920 4346 1216 4403 Praesentia
1252 4366 1400 4415 vero,
1427 4366 1489 4404 ac
1518 4351 1764 4406 mulieris
1802 4353 2143 4420 procreatio-

562 4455 685 4493 nem
716 4441 1012 4495 subsecuta
1060 4443 1357 4512 cognovit;
1406 4445 1611 4513 quippe
1658 4444 1725 4497 dc
1774 4460 1877 4499 suo
1912 4460 2145 4513 corpore

562 4531 884 4586 translatam
960 4533 1103 4586 illam
1169 4534 1578 4590 animadvertit.
1636 4535 1920 4591 Postremo
1965 4535 2147 4590 futura

562 4641 783 4694 quoque
857 4626 1191 4682 vaticinatus
1262 4636 1382 4691 est,
1426 4644 1550 4682 cum
1602 4629 1675 4682 ita
1733 4630 2148 4699 pronuntiavit:

571 4716 790 4785 Propter
815 4717 910 4771 hoc
928 4719 1179 4788 relinquet
1224 4719 1377 4772 homo
1412 4732 1617 4790 patrem
1640 4739 1795 4775 suum
1836 4732 1883 4776 et
1926 4732 2151 4775 matrem

564 4823 751 4871 suam;
782 4819 829 4861 et
871 4808 1157 4862 adhwrebt’t
1183 4812 1339 4863 uxori
1360 4827 1487 4875 sum,
1514 4820 1561 4865 et
1588 4823 1740 4866 erunt
1764 4812 1917 4866 ambo
1950 4815 2003 4866 in
2031 4830 2152 4866 car-

565 4918 681 4953 nem
714 4916 875 4953 unam
909 4902 951 4953 '.
991 4900 1115 4955 llaec
1146 4902 1308 4972 igitur
1329 4918 1435 4956 non
1472 4903 1693 4957 fanatici
1733 4904 1970 4961 hominis
2000 4915 2147 4973 sunt,

570 5007 675 5044 non
704 4992 833 5060 quid
856 4990 1004 5045 dicat
1044 4990 1385 5061 ignorantis;
1426 4993 1523 5047 sed
1564 4994 1731 5048 animi
1761 4995 1956 5050 robore
1983 5012 2046 5050 ac
2069 4998 2133 5049 lir

568 5084 756 5137 mitate
777 5083 1008 5153 prmditi.

639 5174 749 5229 Vll.
797 5175 917 5229 Jam
951 5191 1081 5231 vero
1111 5182 1170 5231 ut
1199 5176 1401 5231 deloco
1431 5177 1523 5231 illo
1550 5194 1563 5232 :
1593 5175 1702 5247 Ego
1733 5160 1915 5231 dixiin
1934 5194 2150 5232 excessu

571 5286 681 5323 meo
712 5287 730 5324 :
769 5269 954 5324 Omnis
986 5269 1137 5323 homo
1166 5271 1395 5324 utendam
1423 5270 1463 5334 ³,
1496 5270 1699 5341 aliquid
1727 5271 2010 5337 dicamus;
2045 5271 2149 5324 alia

570 5361 820 5429 quazdam
880 5361 1045 5429 hujus
1095 5362 1244 5415 verbi
1284 5362 1433 5416 notio
1479 5370 1581 5427 est,
1632 5378 1743 5417 non
1770 5377 1833 5417 ea
1880 5362 2152 5425 videlicet,

571 5469 693 5522 quae
714 5453 915 5507 amenti
950 5444 1013 5507 ac
1044 5453 1251 5507 l'urioso
1275 5454 1554 5508 tribuitur.
1588 5453 1746 5507 Absit
1778 5463 1835 5508 ut
1867 5454 1916 5507 id
1950 5453 2003 5506 in
2038 5454 2155 5506 ani-

574 5560 723 5599 mum
786 5544 1131 5599 inducamus.
1187 5544 1295 5601 Sed
1347 5546 1622 5599 hominem
1680 5544 2059 5599 incredibilem
2096 5545 2150 5598 in

580 5637 801 5693 modum
835 5638 1311 5707 obstupesccntem
1375 5636 1667 5707 signiﬁcat,
1709 5644 1763 5691 et
1820 5638 2045 5692 usitatis
2090 5653 2154 5691 ac

648 5793 823 5849 ‘Gen.
862 5811 920 5860 ιι,
964 5796 1055 5851 ‘23.
1138 5798 1157 5827 ²
1189 5795 1319 5851 ibid.
1352 5795 1440 5851 Ἦ.
1524 5794 1711 5853 3Psal.
1746 5812 1869 5863 ειν,
1908 5794 1992 5849 Η.

2114 5796 2131 5827 ⁸
2160 5794 2314 5851 Corr.
2352 5797 2627 5866 περιττήν.
2703 5794 2721 5828 ⁵
2754 5792 2907 5849 Corr.
2938 5793 3036 5846 οὐκ
3062 5788 3150 5864 ἦν.

2245 3272 2373 3309 των.
2422 3254 2568 3306 Ἐκεῖ
2617 3254 2672 3306 δέ
2714 3252 3109 3323 περιττοτέρως
3158 3250 3375 3322 ἐκείνην
3440 3250 3697 3304 ἔκστασιν
3740 3249 3833 3303 κέ-

2247 3348 2437 3414 κληκε,
2469 3347 2557 3401 διὰ
2585 3348 2645 3400 τὸ
2692 3348 2913 3416 ποιῆσαι
2954 3346 3117 3399 αὐτὸν
3158 3345 3295 3417 πρὸς
3322 3344 3419 3415 τὴν
3445 3343 3596 3414 ὥραν
3625 3343 3699 3415 μὴ
3748 3345 3834 3396 αἰ-

2248 3438 2539 3491 σθάνεσθαι
2585 3440 2772 3502 πόνου,
2802 3438 2866 3491 δι’
2913 3438 2979 3509 ἢν
3013 3436 3203 3507 ἔμελλε
3250 3436 3548 3507 λαμϐάνειν
3595 3434 3836 3505 πλευράν

2246 3534 2343 3585 ἀπ’
2384 3530 2571 3594 αὐτοῦ,
2607 3532 2701 3583 καὶ
2741 3531 2999 3583 πλάττειν
3039 3529 3207 3600 αὐτὴν
3262 3527 3412 3597 αὕτῷ
3458 3529 3539 3592 εἰς
3579 3530 3834 3595 γυναῖκα.

2260 3621 2417 3674 Ἀλλά
2469 3622 2569 3673 οὐκ
2620 3617 2688 3692 ἦν
2734 3620 2991 3682 ἔκστασις
3025 3616 3239 3690 φρενῶν
3286 3617 3382 3671 καὶ
3434 3617 3833 3687 διανοημάτων.

2247 3711 2424 3773 Εὐθὺς
2454 3710 2563 3782 γὰρ
2605 3710 2843 3773 ἀναστὰς
2868 3709 3105 3777 ἐπέγνω,
3153 3710 3247 3762 καὶ
3292 3705 3411 3761 εἷπε
3436 3726 3447 3737 ·
3488 3708 3667 3762 Τοῦτο
3722 3706 3838 3761 νῦν

2249 3803 2473 3856 ὀστοῦν
2504 3803 2573 3855 ἐκ
2608 3802 2725 3855 τῶν
2752 3802 2950 3854 ὀστῶν
2977 3818 3118 3870 μου,
3154 3801 3251 3853 καὶ
3276 3800 3432 3869 σὰρξ
3452 3800 3521 3853 ἐκ
3548 3801 3659 3867 τῆς
3693 3815 3839 3869 σαρ-

2248 3895 2355 3960 κός
2365 3912 2505 3963 μου·
2520 3895 2672 3962 αὕτη
2705 3893 3069 3959 κληθήσεται
3087 3892 3265 3960 γυνὴ,
3286 3892 3375 3945 ὅτι
3402 3893 3471 3945 ἐκ
3489 3891 3597 3946 τοῦ
3617 3891 3839 3960 ἀνδρὸς

2246 3985 2684 4053 αὐτῆῌὲλήφθη
2701 3986 2875 4053 αὕτη.
2900 3986 3009 4038 Καὶ
3025 3985 3315 4038 ἐπίσταται
3332 3988 3462 4055 γάρ,
3480 3985 3554 4049 ὡς
3569 3986 3721 4057 ὁρᾷς,
3740 3985 3837 4039 καὶ

2247 4078 2315 4130 τά
2333 4079 2542 4149 πρῶτα,
2562 4077 2738 4129 καὶτὰ
2750 4078 2989 4148 παρόντα
3005 4076 3097 4129 καὶ
3110 4076 3441 4148 προφητεύει
3458 4076 3703 4149 περὶτῶν
3720 4077 3841 4147 μελ-

2249 4171 2468 4224 λόντων.
2502 4170 2631 4223 Ἰδοὺ
2653 4170 2760 4239 γὰρ
2784 4169 2999 4238 ἐπέγνω
3022 4168 3091 4223 τά
3122 4169 3334 4241 πρῶτα,
3365 4171 3453 4223 ὅτε
3484 4165 3553 4239 ἦν
3579 4172 3637 4223 ἐν
3664 4168 3839 4240 ὕπνῳ,

2249 4263 2439 4330 λέγων,
2471 4262 2552 4314 ὅτι
2592 4260 2848 4313 Ὀστοῦν
2872 4260 2941 4314 ἐκ
2959 4260 3078 4314 τῶν
3103 4259 3302 4314 ὀστῶν
3318 4279 3459 4330 μου.
3487 4261 3599 4313 Καὶ
3622 4260 3844 4328 ἐπέγνω

2249 4353 2317 4405 τὰ
2351 4353 2613 4423 παρόντα,
2667 4352 2805 4422 μετὰ
2845 4350 2907 4403 τὸ
2950 4350 3257 4423 πλασθῆναι
3290 4352 3390 4423 τὴν
3428 4354 3682 4421 γυναῖκα,
3722 4352 3844 4403 ἐπι-

2252 4446 2417 4512 γνοὺς
2445 4444 2614 4513 αὐτὴν
2640 4443 2746 4496 ἀπὸ
2771 4441 2865 4495 τοῦ
2899 4442 3151 4513 σώματος
3168 4442 3434 4513 ἠρμένην.
3454 4443 3565 4496 Καὶ
3597 4443 3846 4513 προεφή-

2186 4545 2226 4597 ι)
2256 4551 2413 4586 τευσε
2454 4534 2583 4605 περὶ
2612 4534 2720 4586 τῶν
2757 4533 3052 4603 ἐσομένων,
3094 4534 3175 4586 ὅτι
3205 4534 3455 4586 Ἕνεκεν
3485 4533 3701 4587 τούτου
3734 4550 3844 4585 κα-

2260 4629 2530 4695 ταλείψει
2573 4626 2882 4693 ἅνθρωπος
2930 4626 3039 4679 τὸν
3081 4626 3308 4694 πατέρα
3344 4624 3550 4687 αὐτοῦ,
3591 4624 3690 4677 καὶ
3728 4624 3849 4691 τὴν·

2252 4717 2477 4787 μητέρα
2503 4717 2711 4782 αὑτοῦ,
2742 4716 2839 4769 καὶ
2868 4716 3474 4785 προσκολληθήσεται
3498 4713 3573 4783 τῇ
3604 4715 3847 4783 γυναικὶ

2258 4812 2465 4876 αὑτοῦ,
2496 4811 2593 4863 καὶ
2614 4812 2855 4864 ἔσονται
2908 4814 2959 4863 οἱ
3008 4810 3115 4863 δύο
3140 4813 3228 4874 εὶς
3252 4807 3448 4876 σάρκα
3470 4808 3635 4876 μίαν.
3657 4806 3847 4860 Ταῦτα

2257 4904 2313 4955 δέ
2338 4904 2507 4956 οὐκέν
2534 4904 2554 4933 ³
2578 4901 2897 4956 ἐκστατικοῦ
2921 4901 3130 4971 ἀνδρὸς,
3154 4900 3275 4953 οὐδέ
3302 4897 3844 4971 ἁπαρακολουθήτου,

2259 4993 2394 5046 ἀλλὰ
2433 4993 2751 5064 ἐρρωμένην
2784 4992 2999 5062 ἔχοντος
3032 4992 3131 5063 τὴν
3168 4992 3429 5045 διάνοιαν.

2331 5177 2403 5228 Z'.
2433 5175 2495 5228 Εἰ
2524 5175 2579 5227 δέ
2604 5175 2699 5228 καὶ
2732 5174 2861 5245 περ).
2892 5172 3005 5238 τοῦ,
3053 5172 3202 5241 Ἐγὼ
3230 5166 3404 5225 εἷπον
3428 5171 3500 5226 ἐν
3534 5170 3610 5240 τῇ
3633 5172 3854 5226 ἐκστά-

2259 5285 2353 5322 σει
2380 5286 2499 5336 μου
2520 5285 2532 5298 ·
2570 5267 2696 5332 Πᾶς
2728 5266 3038 5335 ἅνθρωπος
3066 5265 3363 5332 ψεύστης,
3405 5262 3645 5327 λεκτέον,
3684 5262 3852 5334 ἑτέρα

2262 5361 2425 5414 πάλιν
2449 5360 2585 5431 αὕτη
2626 5358 2936 5432 ἡδύναμις,
2978 5360 3075 5429 οὕχ
3112 5359 3171 5412 ὃν
3224 5358 3423 5427 τρόπον
3464 5357 3610 5419 τινὸς
3646 5357 3853 5427 ἀφραί-

2261 5470 2441 5515 νοντος
2468 5451 2754 5523 ἀνθρώπου
2794 5452 2888 5505 καὶ
2918 5452 3240 5505 ἐκστατικοῦ
3265 5492 3279 5516 ,
3309 5452 3382 5523 μὴ
3411 5452 3653 5517 γένοιτοῑ
3712 5452 3855 5506 ἀλλὰ

2265 5546 2765 5615 ὑποθαυμάζοντος,
2796 5547 2889 5599 καὶ
2927 5545 3307 5615 διανοουμένου
3339 5545 3479 5615 ὑπὲρ
3512 5544 3620 5597 τῶν
3651 5545 3672 5575 ⁵
3706 5546 3854 5600 κατὰ

2262 5636 2361 5707 τὴν
2403 5636 2688 5707 συνήθειαν
2720 5635 2996 5707 λογισμιῖιν
3035 5635 3141 5688 τῶν
3182 5636 3512 5707 συμμέτρως
3548 5635 3854 5707 ὁρωμένων

3243 5795 3261 5825 ⁶
3302 5792 3365 5849 F.
3393 5794 3476 5847 τό.
