4186 6374
544 369 651 426 867

1972 359 2033 415 8.
2074 356 2425 416 EPIPHANII

3733 361 3843 420 868

542 483 690 553 quod
716 482 964 537 futurum
999 488 1117 535 erat
1146 477 1479 534 adumbrare
1512 479 1728 541 volens,
1762 477 1918 532 Pauli
1940 492 2134 531 zonam

2261 477 2367 531 ιτοῦ
2412 474 2816 548 αἰνιττόμενος,
2873 478 3055 535 λαϐὼν
3100 480 3198 552 τὴν
3250 479 3427 549 ζώνην
3481 478 3577 533 τοῦ
3624 478 3841 533 Παύλου

547 577 782 646 arripuit
819 590 994 645 eaque
1023 572 1197 643 pedes
1228 587 1362 628 suos
1394 571 1630 642 alligans
1659 571 1732 625 ita
1771 570 1987 625 locutus
2010 578 2095 624 est
2120 586 2134 623 :

555 666 745 719 Virum
776 665 931 733 cujus
954 673 1030 718 est
1063 679 1175 718 na'c
1209 679 1367 725 zona,
1407 662 1644 732 ligabunt
1680 662 1857 727 illum,
1885 670 1936 717 et
1963 660 2139 716 abdu-

546 768 663 811 cent
686 757 741 810 in
768 754 1109 810 Hierusalem
1130 756 1176 809 ¹.
1210 753 1295 808 Ad
1330 754 1447 809 haec
1469 754 1821 809 Antiochiam
1862 754 2140 825 prophetae

547 851 775 922 quidam
807 850 1027 905 venisse
1086 854 1425 913 narrantur,
1477 844 1791 918 famemque
1854 848 2143 903 nuntiasse

552 953 670 1001 toto
693 953 971 1001 terrarum
994 942 1129 998 orbe
1159 941 1425 995 futuram.
1454 940 1565 995 Nec
1584 956 1724 995 vana
1754 941 2141 1011 prazdictorum

554 1038 690 1092 ﬁdes
736 1035 859 1090 fuit.
898 1035 1075 1104 Atque
1128 1042 1186 1087 ut
1229 1048 1391 1087 veros
1438 1032 1563 1087 illos
1618 1032 1915 1103 prophetas
1973 1031 2145 1087 fuisse

554 1133 917 1189 monstraret,
957 1124 1246 1193 Scriptura
1281 1122 1465 1178 statim
1498 1122 1789 1193 adjunxit:
1836 1122 1968 1188 Quae
2000 1123 2146 1192 facta

553 1230 633 1273 est
661 1218 758 1273 sub
799 1216 1029 1272 Claudio
1070 1216 1285 1272 Cwsare
1307 1218 1349 1272 ⁸.
1400 1216 1469 1270 At
1514 1216 1717 1272 Paulus
1758 1217 2146 1271 sanctissinms

557 1314 846 1382 apostolus
887 1310 1154 1365 instinctu
1189 1308 1517 1379 prophetico
1557 1308 1742 1363 dixit:
1785 1307 2019 1378 Spiritus
2052 1326 2148 1361 au-

558 1413 665 1458 tem
701 1402 985 1471 manifeste
1018 1402 1190 1455 dicit:
1224 1399 1293 1454 In
1319 1400 1617 1454 novissimis
1648 1398 1832 1453 diebus
1872 1400 2149 1453 instabunt

559 1507 799 1565 tempora
819 1493 1058 1565 difﬁcilia
1083 1495 1132 1560 ³,
1154 1504 1261 1549 etc.
1290 1494 1421 1548 Item
1446 1492 1554 1547 alio
1583 1493 1638 1547 in
1670 1493 1793 1547 loco
1820 1511 1832 1546 :
1868 1492 2149 1546 Discedent

558 1587 779 1661 quidam
812 1606 846 1642 a
898 1604 1036 1641 sana
1088 1586 1229 1655 ﬁde,
1266 1584 1592 1639 attendentes
1628 1583 1907 1653 spiritibus
1951 1585 2150 1638 erroris

557 1690 611 1735 et
632 1679 888 1735 doctrinis
918 1678 1327 1742 daemoniorum,
1350 1675 1515 1747 510
1531 1675 1921 1745 prohibentium
1938 1676 2149 1739 nubere,

560 1773 825 1827 abstinere
855 1790 886 1825 a
914 1772 1065 1836 cibis,
1094 1788 1223 1841 quos
1259 1770 1397 1823 Deus
1433 1770 1629 1822 creavit
1663 1769 1731 1822 ad
1760 1768 2153 1838 percipiendum

2240 571 2337 625 καὶ
2373 570 2543 642 δήσας
2578 573 2689 635 τοῖς
2737 573 2889 636 ἰδίοις
2928 574 3078 637 ποσὶ,
3109 573 3277 645 φησὶν
3317 573 3523 637 οὕτως’
3587 572 3700 626 Τὸν
3734 573 3843 627 ἇν-

2240 664 2353 730 δρα
2388 657 2461 717 οὗ
2505 661 2678 716 ἐστιν
2704 662 2744 731 ἡ
2782 662 2930 733 ζώνη
2965 664 3139 732 αὕτη,
3168 663 3475 733 δήσουσιν
3500 664 3710 728 αὑτὸν,
3742 664 3841 716 καὶ

2243 754 2619 809 ἀποίσουσιν
2645 757 2734 821 είς
2770 756 3180 826 Ἰερουσαλήμ.
3226 756 3387 810 Ἀλλὰ
3434 757 3529 811 καὶ
3580 756 3741 810 πάλιν
3785 759 3845 809 ἐν

2257 844 2561 916 Ἀντιοχείᾳ.
2598 846 2865 917 κατῆλθον
2908 848 3207 919 προφῆται,
3244 850 3339 903 καὶ
3373 848 3741 918 κατήγγελλον
3766 847 3847 901 λι-

2249 935 2349 1007 μὸν
2380 936 2602 989 ἔσεσθαι
2630 937 2750 991 καθ’
2780 938 2911 1009 ὅλης
2956 939 3058 1008 τῆς
3106 939 3449 1010 οἰκουμένης.
3497 940 3609 993 Καὶ
3675 939 3735 992 ού
3765 939 3845 991 δι-

2248 1029 2445 1083 έπεσεν
2475 1030 2504 1082 6
2532 1031 2736 1083 τούτων
2768 1030 2945 1098 λόγος.
2982 1030 3126 1087 ,Ἀλλ’
3144 1031 3231 1085 ἵνα
3266 1030 3414 1105 δείξῃ
3440 1031 3635 1094 αὐτοὺς
3661 1030 3845 1102 ἀληθι-

2246 1124 2374 1188 νοὺς
2415 1125 2725 1195 προφήτας,
2770 1124 3026 1195 ἡΓραφή
3072 1124 3236 1187 εὐθὺς
3277 1123 3529 1193 ἐπιφέρει
3577 1123 3839 1192 λέγουσα·

2252 1216 2419 1282 Ἦτις
2446 1214 2684 1285 ἐγένετο
2741 1215 2840 1268 ἐπὶ
2869 1214 3170 1269 Κλαυδίου
3199 1215 3519 1283 Καίσαρος.
3546 1214 3759 1278 Παῦλος
3784 1215 3844 1268 δὲ

2247 1311 2277 1362 ὁ
2314 1307 2616 1377 ἀγιώτατος
2662 1306 2961 1372 ἀπόστολος
3012 1308 3370 1379 προφητεύων
3420 1307 3606 1377 ἔλεγε·
3660 1308 3732 1362 Τὸ
3775 1306 3845 1361 δὲ

2252 1401 2494 1471 Πνεῦμα
2528 1401 2723 1470 ῥητῶς
2754 1400 2935 1471 λέγει’
2982 1402 3086 1454 Ἐν
3116 1400 3405 1469 ἐσχάταις
3453 1400 3700 1469 ἡμέραις
3742 1400 3843 1453 ὲν-

2251 1494 2587 1563 στήσονται
2622 1493 2817 1561 καιροὶ
2848 1493 3123 1563 χαλεποὶ,
3160 1493 3255 1546 καὶ
3303 1492 3371 1546 τὰ
3408 1492 3556 1562 ἑξῆς.
3589 1492 3699 1545 Καὶ¹
3738 1493 3846 1547 πά-

2253 1586 2337 1638 λιν
2387 1584 2598 1649 ἀλλοτε,
2648 1584 2728 1637 ὃτι
2777 1583 3250 1650 Ἀποστήσονταί
3299 1601 3459 1648 τινες
3508 1583 3617 1652 τῆς
3664 1586 3846 1652 ὑγιαι-

2252 1677 2485 1743 νούσης
2523 1674 2939 1741 διδασκαλίας,
2988 1676 3393 1745 προσέχοντες
3441 1676 3698 1743 πλάνοις
3749 1676 3847 1729 καὶ

2255 1768 2677 1833 διδασκαλίαις
2707 1769 3025 1839 δαιμόνων,
3072 1770 3433 1823 κωλυόντων
3466 1769 3693 1839 ταμεῖν,
3735 1770 3834 1823 ἀπ-

562 1865 712 1919 nobis
754 1866 843 1933 qui
874 1881 989 1917 cum
1035 1864 1332 1934 gratiarum
1366 1863 1573 1915 actione
1601 1862 1803 1914 utimur
1826 1862 1882 1915 δε
1917 1861 1971 1915 id
2002 1860 2149 1931 quod

2261 1861 2499 1931 ἔχεσθαι
2543 1861 2893 1931 βρωμάτων,
2922 1860 2959 1915 ᾰ
3012 1864 3045 1915 ὁ
3095 1861 3237 1927 Θεὸς
3267 1862 3510 1915 ἔκτισεν
3551 1848 3840 1932 εἰς’μετὰ-

563 1957 621 2011 in
649 1957 811 2011 vobis
845 1972 906 2010 ac
932 1957 1103 2011 vestri
1134 1955 1411 2009 similibus
1440 1970 1563 2009 esse
1595 1954 1895 2023 perlectum
1918 1970 2007 2008 res
2034 1955 2151 2024 ipsa

562 2043 825 2099 declarat.
853 2044 1063 2098 Etenim
1089 2045 1357 2114 pleneque
1386 2044 1604 2097 illarum
1632 2044 1919 2099 Intereseon
1946 2045 2153 2115 nuptiis

562 2145 731 2207 atque
776 2153 878 2193 usu
929 2138 1293 2207 quorumdam
1336 2139 1587 2193 ciborum
1646 2138 2009 2201 interdicunt,
2041 2154 2154 2194 non

565 2239 629 2285 ut
686 2231 987 2285 sanctioris
1021 2231 1148 2284 vitae
1186 2246 1360 2301 genus
1413 2232 1729 2298 instituant,
1763 2239 1857 2284 aut
1903 2232 1970 2285 ad
2025 2248 2157 2303 pra:-

565 2321 890 2376 stantiorem
926 2321 1208 2388 virtutem,
1243 2336 1309 2375 ac
1341 2322 1587 2377 caelestia
1635 2323 1882 2391 praemia,
1920 2332 1975 2378 et
2003 2339 2159 2378 coro-

566 2426 670 2466 nas
696 2418 1049 2480 comparent;
1080 2409 1176 2464 sed
1200 2409 1349 2480 quod
1371 2410 1691 2467 detestanda
1713 2426 1836 2482 quae
1864 2426 1895 2465 a
1927 2411 2156 2469 Domino

565 2502 789 2557 condita
829 2511 964 2554 sunt
993 2501 1334 2556 existiment.

641 2678 733 2733 ΙΧ.
777 2679 849 2733 At
878 2678 1122 2734 Ecclesia
1153 2681 1424 2737 catholica
1475 2691 1530 2736 et
1570 2683 1939 2753 virginitatem
1967 2686 2154 2756 praedi-

567 2780 684 2835 cat,
715 2779 769 2825 et
795 2772 1049 2826 ccelibcm
1080 2774 1269 2837 vitam,
1297 2788 1363 2828 ac
1391 2775 1778 2829 castimoniam
1811 2777 2159 2833 viduitatem-

567 2875 678 2930 que
705 2861 1014 2927 collaudat;
1048 2870 1103 2916 et
1141 2862 1404 2919 honestas
1434 2864 1658 2932 nuptias
1694 2866 1849 2929 colit,
1878 2874 1934 2920 et
1966 2882 2159 2939 appro-

567 2951 699 3021 bat;
736 2964 925 3024 stupra
967 2969 1117 3019 vero,
1155 2954 1425 3009 adulteria
1477 2971 1541 3010 ac
1589 2958 1846 3013 libidines
1882 2961 2157 3030 prohibet.

570 3045 651 3100 Ex
701 3062 813 3116 quo
865 3062 1053 3101 veram
1102 3062 1167 3101 ac
1213 3063 1532 3118 germanam
1562 3048 1821 3107 Ecclesia:
1873 3055 2160 3110 catholica:

574 3148 783 3204 notam,
817 3148 871 3194 et
904 3141 1247 3197 adulterinos
1288 3142 1521 3196 aliorum
1574 3142 1716 3199 ritus
1764 3145 1890 3201 licet
1918 3146 2157 3214 intueri;

2255 1957 2451 2023 ληψιν
2495 1954 2673 2022 ἡμῖν,
2725 1953 2850 2019 τοῖς
2891 1955 3022 2023 μετ’
3070 1955 3499 2022 εὐχαριστίαςο
3538 1956 3615 2019 ὡς
3664 1956 3850 2025 σαφῶς

2256 2048 2342 2115 ἐφ’
2370 2048 2499 2117 ύμῖν
2527 2046 2622 2100 καὶ
2649 2049 2761 2109 τοῖς
2789 2046 2996 2117 ὁμοίοις
3030 2047 3159 2117 ύμῖν
3192 2047 3550 2119 πεπλήρωται
3580 2046 3640 2113 ἐξ
3672 2048 3851 2102 αὐτῶν

2256 2138 2368 2192 τῶν
2401 2139 2801 2210 προκειμένων.
2830 2141 2895 2191 At
2922 2139 3031 2210 γάρ
3062 2138 3279 2204 πλείους
3307 2140 3415 2192 τῶν
3447 2140 3711 2212 αἱρέσεων
3730 2142 3849 2194 τού-

2255 2249 2366 2287 των
2411 2232 2506 2287 τοῦ
2565 2235 2762 2303 γαμεῖν
2812 2232 3152 2299 κωλύουσιν,
3199 2232 3500 2302 ἀπέχεσθαι
3547 2232 3854 2304 βρωμάτων

2258 2325 2753 2398 παραγγέλλουσιν,
2792 2324 2891 2394 ούχ
2934 2324 3120 2378 ἕνεκεν
3164 2324 3439 2388 πολιτείας
3468 2327 3853 2398 προτρεπόμε-

2258 2433 2360 2481 νοι,
2393 2417 2491 2487 ούχ
2524 2416 2709 2470 ἕνεκεν
2745 2417 2949 2487 ἀρετῆς
2993 2417 3259 2487 μείζονος,
3303 2417 3399 2470 καὶ
3440 2417 3730 2489 βραϐείων,
3760 2418 3853 2470 καὶ

2260 2506 2564 2575 στεφάνων,
2595 2506 2730 2560 ἀλλά
2767 2506 3028 2576 βδελυκτὰ
3068 2508 3137 2561 τὰ
3177 2507 3283 2562 ὑπὸ
3320 2507 3415 2561 τοῦ
3458 2508 3664 2579 Κυρίου
3694 2525 3826 2577 γεγε

2260 2597 2469 2668 νημένα
2497 2597 2630 2668 ὴγού
2639 2614 2811 2668 μενοι.

2344 2688 2407 2742 Ἦ
2447 2688 2504 2742 δὲ
2550 2690 2682 2758 ἁγία
2723 2688 3019 2760 Ἐκκλησία
3044 2688 3120 2758 (5)
3152 2690 3246 2742 καὶ
3296 2688 3594 2762 παρθενίαν
3618 2688 3855 2755 δοξάζει,

2262 2782 2357 2836 καὶ
2394 2782 2683 2853 μονότητα,
2724 2781 2817 2835 καὶ
2860 2783 3085 2851 ἁγνείαν
3132 2782 3225 2835 καὶ
3268 2782 3575 2854 χηροσύνην
3618 2784 3855 2840 ἐπαινεῖ.

2261 2874 2357 2927 καὶ
2400 2874 2577 2944 γάμον
2629 2873 2825 2944 σεμνὸν
2877 2876 3013 2945 τιμᾷ
3064 2876 3156 2928 καὶ
3204 2876 3438 2945 δέχεται.
3492 2875 3753 2945 Πορνείαν
3796 2874 3861 2927 δὲ

2263 2966 2360 3019 καὶ
2396 2966 2662 3036 μοιχείαν,
2694 2968 2789 3020 καὶ
2822 2966 3111 3033 ἀσέλγειαν
3141 2965 3497 3038 ἀπαγορεύει.
3529 2967 3691 3019 Ὅθεν
3728 2966 3861 3019 ἱδεῖν

2264 3059 2379 3111 ἔστι
2426 3060 2519 3112 τὸν
2558 3059 2883 3131 χαρακτῆρα
2924 3058 3022 3129 τῆς
3076 3060 3238 3128 ἁγίας
3287 3059 3582 3129 καθολικῆς
3627 3058 3863 3129 Ἐκκλη-

2268 3151 2421 3217 σίας,
2463 3152 2556 3205 καὶ
2599 3153 2725 3215 τοὺς
2772 3152 3327 3223 παραπεποιημένους
3372 3151 3480 3205 τῶν
3519 3150 3694 3205 ἀλλων
3729 3152 3863 3222 τρό-

571 3247 639 3287 ac
690 3233 1150 3303 quemadmodum
1191 3234 1423 3289 sincera:
1470 3235 1754 3305 religionis
1784 3238 2035 3310 dogmata
2090 3242 2157 3295 ab

2266 3263 2429 3309 πους’
2468 3246 2560 3299 καὶ
2596 3244 2665 3298 τά
2703 3244 3100 3316 δοκιμασθέντα
3143 3245 3562 3317 ἀποδιδράσκειν
3603 3244 3712 3299 ἀπὸ
3753 3246 3864 3298 πά-

573 3326 727 3381 omni
756 3342 965 3391 errore,
1008 3341 1073 3380 ac
1114 3326 1377 3383 ﬂexuosis
1417 3328 1766 3398 ambagibus,
1806 3340 1861 3385 et
1908 3332 2161 3402 abriiphs

574 3432 643 3473 ac
673 3420 971 3475 salebrosis
998 3419 1289 3474 itineribus
1318 3420 1612 3476 declinent.
1640 3422 1753 3477 lloc
1772 3425 1918 3478 enim
1943 3433 1996 3481 et
2023 3437 2153 3482 ante

573 3512 767 3565 monui
805 3510 875 3566 ab
903 3511 1168 3579 Apostolo
1208 3526 1334 3566 esse
1364 3513 1709 3581 praedictum,
1732 3525 1788 3570 et
1822 3517 2018 3571 iterum
2054 3535 2165 3571 mo-

577 3604 742 3669 nebo,
775 3604 858 3657 uti
891 3618 994 3658 nos
1027 3602 1303 3657 cautiores
1340 3602 1576 3658 ediceret
1598 3646 1612 3669 ,
1646 3620 1711 3660 ac
1745 3621 2162 3664 sacrosanctam

575 3694 880 3750 Ecclesiam
924 3694 1161 3765 propriis
1210 3693 1540 3763 quibusdam
1589 3698 1737 3753 notis
1774 3700 1843 3752 ab
1886 3700 2165 3755 haeretico-

576 3804 699 3843 rum
741 3803 932 3843 errore
981 3787 1343 3853 discerneret,
1379 3790 1452 3844 ita
1498 3793 1928 3861 pronuntiasse:
1969 3794 2099 3859 Qua:
2133 3813 2163 3849 a

576 3881 689 3937 Deo
718 3890 867 3936 recte
895 3882 1195 3936 constituta
1227 3890 1357 3937 sunt
1384 3883 1694 3939 incredibili
1724 3886 2166 3958 audaciaprohi-

577 3974 771 4029 hentes
796 3974 933 4029 istos
966 3973 1180 4042 privata
1211 3975 1459 4045 quaedam
1491 3976 1709 4031 decreta
1736 3980 1971 4034 sancire.
2007 3981 2164 4047 Quod

578 4068 648 4121 ad
692 4082 788 4122 eos
831 4067 1069 4137 pertinet
1097 4067 1191 4134 qui
1232 4066 1455 4137 nuptias
1492 4068 1812 4137 prohibent,
1844 4080 1898 4126 et
1955 4088 1984 4126 a
2024 4075 2165 4130 cibis

578 4159 858 4213 abstinere
889 4158 1233 4228 praecipiunt.
1280 4158 1443 4227 Atqui
1479 4158 1621 4213 Deus
1658 4160 1773 4230 ipse
1804 4160 2058 4217 Verbum
2108 4166 2163 4221 in

583 4250 881 4321 Evangelio
913 4250 1345 4305 moderationem
1369 4252 1420 4305 ei
1452 4251 1528 4305 rei
1555 4252 1847 4321 quamdam
1872 4257 2161 4325 apposuit:

590 4344 703 4411 Vis,
742 4344 919 4415 inquit
944 4344 1205 4411 perfectus
1241 4360 1355 4397 esse
1387 4344 1434 4397 5?
1478 4345 1531 4398 in
1563 4362 1674 4414 quo
1692 4364 1752 4403 se
1780 4349 1844 4403 ad
1869 4348 2165 4405 humanam

580 4438 953 4492 conditionem
985 4445 1040 4491 et
1064 4437 1493 4491 imbecillitatem
1519 4440 1943 4496 acCommodare
1971 4444 2164 4498 voluit.

582 4529 657 4585 lis
684 4530 832 4585 enim
869 4530 1173 4584 delectatur
1209 4529 1457 4602 quidem,
1488 4531 1583 4601 qui
1625 4532 1896 4602 ejusmodi
1944 4535 2165 4605 pictatis

2267 3358 2368 3411 σης
2402 3340 2630 3408 πλάνης,
2675 3339 2772 3392 καὶ
2816 3338 3036 3403 σκολιᾶς
3072 3338 3217 3401 ὀδοῦ,
3248 3338 3341 3392 καὶ
3384 3337 3571 3408 τρίϐου
3604 3337 3805 3408 ἀνάντη
3841 3337 3865 3367 ⁸

2263 3430 2631 3501 διακειμένης.
2697 3431 2874 3501 Ἐφην
2930 3430 3039 3502 γὰρ
3087 3430 3233 3493 ἄνω,
3282 3430 3357 3492 ὡς
3401 3428 3510 3483 ἀπὸ
3553 3428 3649 3482 τοῦ
3700 3428 3864 3497 ἁγίου

2278 3524 2603 3577 ’Λποστόλου
2635 3522 2979 3594 προείρηται,
3023 3524 3118 3577 καὶ
3151 3522 3312 3576 πάλιν
3351 3521 3483 3592 ἐρῶ,
3516 3523 3599 3576 ὃτι
3626 3521 3857 3590 ἀσφαλι-

2266 3615 2491 3686 ζόμενος
2519 3617 2689 3686 ἡμᾶς,
2714 3614 2810 3668 καὶ
2840 3614 2930 3668 τὸν
2956 3615 3280 3686 χαρακτῆρα
3300 3614 3398 3684 τῆς
3430 3613 3595 3682 ἁγίας
3632 3612 3871 3684 Ἐκκλη-

2267 3708 2388 3770 σίας
2423 3707 2642 3778 διαιρῶν
2669 3707 2777 3760 ἀπὸ
2801 3709 2899 3777 τῆς
2926 3706 3036 3759 τῶν
3066 3707 3334 3778 αἱρέσεων
3373 3705 3601 3776 πλάνης,
3629 3705 3757 3777 ἔφη,
3786 3705 3871 3769 ὡς

2266 3800 2568 3872 Τολμηρῶς
2596 3801 2665 3853 τὰ
2700 3801 2763 3853 ὲκ
2793 3798 2885 3852 τοῦ
2919 3799 3057 3852 Θεοῦ
3099 3798 3277 3862 καλῶς
3311 3800 3621 3870 τεταγμένα
3648 3800 3868 3865 ἀπαγα-

2270 3893 2520 3965 ρεύοντες
2552 3890 2927 3962 νομοθετοῦσι,
2962 3892 3141 3962 φήσας
3174 3891 3301 3961 περί
3345 3907 3507 3944 τινων
3546 3890 3871 3943 κωλυόντων

2268 3986 2487 4053 γαμεῖν,
2524 3982 2616 4035 καὶ
2648 3980 2951 4051 ἀπέχεσθαι
2990 3980 3315 4051 βρωμάτων.
3364 3981 3476 4035 Καὶ
3512 3979 3622 4051 γὰρ
3649 3997 3869 4051 συμμε-

2267 4075 2395 4148 τρίᾳ
2419 4075 2525 4128 τινὶ
2558 4074 2586 4125 6
2610 4073 2743 4137 Θεὸς
2767 4075 2959 4143 Λόγος,
2992 4075 3050 4128 ὲν
3086 4073 3159 4145 τῷ
3178 4073 3495 4142 Εύαγγελίῳ
3532 4074 3734 4143 φήσας,
3760 4074 3870 4125 Θέ-

2268 4171 2397 4233 λεις
2438 4167 2669 4231 τέλειος
2715 4166 3041 4237 resciscant;
3097 4166 3497 4236 συγγνωμονῶν
3538 4169 3604 4236 τῇ
3637 4165 3747 4218 τῶν
3771 4165 3870 4217 ἀν-

2270 4258 2505 4331 θρώπων
2557 4260 2753 4313 πλάσει
2803 4259 2899 4313 καὶ
2943 4257 3219 4328 ἀσθενείᾳ,
3270 4258 3453 4328 χαίρει
3503 4256 3599 4309 ἐπὶ
3638 4258 3765 4319 τοῖς,
3797 4257 3870 4309 τὰ

2268 4348 2491 4420 δοκίμια
2540 4348 2638 4419 τῆς
2691 4348 3002 4411 θεοσεὸείας
3077 4348 3393 4419 δυναμένοις
3456 4346 3868 4411 ἐνδείκνυσθαι,

2271 4438 2570 4509 παρθενίαν
2616 4440 2807 4493 ἀσκεῖν
2848 4436 3216 4509 αἱρουμένοις,
3260 4437 3356 4490 καὶ
3387 4435 3632 4513 ἁγνείαν,
3658 4437 3754 4488 καὶ
3783 4436 3869 4502 ὲγ-

2274 4528 2560 4597 κράτειαν·
2592 4525 2690 4597 τὴν
2728 4526 2785 4579 δὲ
2814 4526 3153 4597 μονογαμίαν
3195 4526 3360 4595 τιμᾷο
3400 4525 3449 4577 εἱ
3490 4523 3584 4577 καὶ
3633 4522 3868 4593 μάλιστα

582 4623 867 4695 specimen
906 4632 1170 4692 praestare
1204 4624 1503 4692 potuerint,
1542 4632 1602 4678 ut
1643 4625 2035 4696 virginitatem,
2069 4643 2158 4682 ca-

2269 4619 2339 4673 τὰ
2378 4618 2693 4691 χαρίσματα
2718 4620 2817 4691 τῆς
2872 4618 3195 4689 ἱερωσύνης,
3223 4616 3310 4670 διὰ
3350 4616 3460 4670 τῶν
3484 4615 3593 4669 ἀπὸ
3633 4632 3870 4685 μονογα-

580 4716 895 4775 stimoniam
946 4715 1456 4785 continentiamque
1511 4716 1912 4786 proﬁteantur;
1980 4718 2169 4788 singu-

582 4811 728 4866 lares
764 4824 927 4879 porro
954 4808 1175 4878 nuptias
1213 4809 1596 4865 commendat:
1633 4824 1758 4863 cum
1803 4810 2166 4865 sacerdotalia

582 4914 814 4956 munera
860 4905 915 4951 et
976 4903 1300 4951 ornamenta
1353 4912 1479 4949 cum
1532 4896 1638 4962 iis,
1693 4896 1786 4966 qui
1848 4905 1973 4965 post
2028 4912 2168 4951 unas

583 4990 811 5060 nuptias
835 4985 1234 5040 continentiam
1258 4985 1621 5049 servaverint,
1649 4993 1745 5038 aut
1772 4986 1825 5039 in
1853 4984 2168 5054 virginitate

583 5082 948 5156 perstiterint,
980 5076 1439 5133 communicanda
1479 5092 1605 5132 esse
1648 5078 1793 5130 velut
1836 5078 1889 5130 in
1930 5077 2168 5146 quodam

584 5174 887 5245 exemplari
922 5170 1360 5226 monstraverit:
1400 5170 1452 5224 id
1486 5170 1633 5239 quod
1680 5169 1936 5239 apostoli,
1968 5168 2169 5224 deinde

582 5264 961 5322 ecclesiastica
998 5262 1295 5319 sacerdotii
1327 5263 1515 5333 regula
1553 5263 1785 5316 honeste
1815 5275 1881 5315 ac
1912 5261 2169 5332 religiose

675 5422 688 5451 ³
722 5419 844 5472 Act.
872 5434 987 5481 XXI,
1025 5417 1111 5470 il.
1189 5417 1211 5447 ¹
1248 5414 1381 5469 ibid.
1412 5414 1502 5469 98.
1611 5414 1632 5446 ⁸
1661 5412 1708 5469 ll
1734 5412 1877 5468 Tim.
1908 5428 1989 5477 Ill,
2023 5413 2071 5468 1.

661 5557 737 5623 (5)
790 5554 851 5607 Ἠ
881 5552 949 5604 δὲ
977 5545 1118 5621 ἁγία
1158 5554 1506 5620 Ἐκκλησία.
1539 5551 1733 5609 Totum
1765 5554 1870 5608 hoc
1897 5562 2063 5623 caput
2096 5554 2176 5607 in-

590 5627 795 5694 signem
834 5624 1185 5695 habctusum
1216 5625 1281 5677 ad
1314 5624 1641 5695 catholicum
1677 5624 1870 5695 dogma
1903 5625 1972 5679 ab
2005 5625 2175 5680 luere-

587 5693 825 5751 ticorum
866 5693 1073 5748 invidia
1103 5709 1167 5747 ac
1191 5695 1467 5748 calumnia
1514 5693 1903 5750 vindicandum
1936 5712 1947 5746 :
1983 5696 2074 5764 qui
2115 5703 2175 5749 ut

589 5764 812 5819 modum
844 5764 1078 5829 nullum,
1106 5780 1171 5818 ac
1201 5765 1627 5818 moderationem
1661 5767 1918 5829 retinent,
1945 5781 2069 5819 cum
2099 5766 2169 5821 ab

590 5832 837 5891 Ecclesia
877 5834 1249 5893 commendari
1289 5834 1511 5907 quidem
1541 5836 1782 5905 nuptias,
1814 5836 1910 5895 sed
1944 5837 2172 5907 virgini-

2178 5413 2201 5446 ⁸
2236 5414 2259 5467 Ι
2286 5414 2431 5469 Tim.
2459 5432 2533 5481 IV,
2565 5415 2673 5470 1-5.

2277 4711 2407 4782 μίας
2441 4711 2985 4782 ἐγκρατευσαμένων,
3010 4711 3103 4764 καὶ
3133 4710 3239 4763 τῶν
3277 4710 3336 4761 ἐν
3380 4707 3651 4779 παρθενίᾳ
3685 4707 3869 4760 διατε-

2274 4800 2511 4855 λούντων
2546 4802 2830 4871 κοσμήσας
2856 4800 3163 4871 προετύπου
3182 4816 3195 4829 ·
3231 4799 3306 4863 ὡς
3340 4800 3434 4853 καὶ
3456 4799 3507 4851 οἱ
3538 4797 3705 4852 αὑτοῦ
3732 4798 3870 4850 ἁπό-

2276 4890 2453 4945 στολοι
2478 4890 2570 4945 τὸν
2596 4891 3049 4961 ἐκκλησιαστικὸν
3090 4890 3290 4943 κανόνα
3317 4891 3417 4960 τῆς
3452 4888 3757 4961 ἱερωσύνης
3783 4890 3872 4941 56—

2274 4982 2490 5046 τάκτως
2524 4982 2619 5035 καὶ
2652 4982 2814 5045 ὁσίως
2847 4979 3177 5045 διετάξαντο.
3229 4982 3294 5035 Ei
3327 4981 3385 5033 δέ
3424 4998 3507 5046 τις
3536 4981 3678 5034 κατὰ
3709 4980 3874 5035 ἀσθέ-

2274 5091 2423 5129 νειαν
2462 5073 2795 5144 ὲπιδεηθείη,
2834 5073 2971 5143 μετὰ
3006 5072 3105 5143 τὴν
3138 5071 3391 5143 τελευτὴν
3433 5072 3532 5141 τῆς
3590 5071 3729 5134 ἱδίας
3770 5090 3876 5139 γα-

2279 5165 2452 5237 μετῆς
2494 5165 2833 5237 συναφθῆναι
2876 5165 3111 5237 δευτέρῳ
3148 5165 3332 5235 γάμῳ,
3381 5164 3482 5217 οὐκ
3534 5162 3879 5233 ἀπαγορεύει

2274 5259 2435 5315 τοῦτο
2484 5263 2514 5315 6
2555 5260 2735 5315 κανὼν
2767 5258 2870 5329 τῆς
2899 5257 3178 5329 ἀληθείας,
3205 5256 3447 5309 τουτέστι
3496 5256 3589 5308 τὸν
3635 5253 3711 5324 μὴ
3743 5254 3880 5306 ὄντα

2802 5415 2824 5447 ⁸
2855 5412 3049 5468 Matth.
3073 5427 3202 5475 XIX,
3241 5411 3332 5464 9.1.
3433 5411 3453 5441 ⁶
3486 5407 3549 5464 F.
3585 5408 3876 5471 ἐναντίως.

2236 5616 2237 5619 η
2280 5565 2450 5613 tatem
2481 5558 2988 5625 continentiamque
3012 5553 3257 5625 prtel‘erri
3299 5553 3523 5625 vident,
3558 5552 3879 5625 exclamant

2283 5629 2454 5690 illico,
2487 5640 2541 5684 et
2575 5630 2627 5682 in
2664 5623 3065 5682 conventiculis
3099 5626 3215 5680 suis
3244 5624 3388 5693 apud
3419 5623 3705 5692 imperitos
3740 5638 3879 5691 per-

2285 5699 2477 5754 ﬁdiose
2529 5714 2595 5753 ac
2643 5699 2838 5753 stolide
2893 5696 3284 5755 vociferantur,
3315 5694 3563 5747 damnari
3598 5707 3627 5743 a
3662 5694 3884 5751 Catho-

2280 5771 2399 5827 licis
2426 5769 2669 5842 nuptias,
2704 5784 2770 5825 ac
2800 5768 3049 5825 ciborum
3081 5781 3183 5822 usu
3214 5764 3437 5837 penitus
3464 5761 3748 5820 interdici.

3308 5948 3343 5958 .-
