4186 6374
402 375 507 433 869

1090 376 1467 434 ADVERSUS
1509 376 1850 433 IIASRESES
1886 376 1987 432 Llll

2089 376 2121 432 Ι.
2158 376 2322 437 ΤΟΜ.
2362 378 2405 435 Ι.
2445 380 2723 440 HASRES.
2768 384 2989 445 XLVIII.

3584 393 3693 453 870

405 491 575 563 ἱερέα.
602 478 763 541 Οὗτοι
787 486 844 541 δέ
873 487 1141 542 κωλύουσι
1167 488 1307 543 κατᾶ
1342 491 1357 521 ¹
1390 489 1680 561 εἰρημένον
1697 529 1714 553 ,
1739 492 1987 545 κωλυόν-

2109 490 2495 548 decreverunt.
2541 493 2699 560 Quod
2735 495 2782 551 si
2809 496 2937 566 quis
2974 504 3099 567 post
3129 501 3318 561 uxon's
3353 503 3562 561 obitum
3594 524 3690 567 se-

397 599 521 635 των
572 580 801 651 γαμεῖν.
841 580 1195 634 Ἐκὸἀλλουσι
1241 582 1353 654 γὰρ
1402 582 1494 635 τὸν
1547 583 1788 654 δευτέρῳ
1834 584 1999 654 γάμῳ

401 674 776 743 συναφθέντα,
830 674 926 727 καὶ
976 672 1348 741 ἀναγκάζουσι
1406 674 1484 745 μὴ
1542 673 1784 746 δευτέρῳ
1833 675 1998 746 γάμῳ

400 765 791 820 συνάπτεσθαι.
838 765 1032 836 Ἡμεῖς
1071 765 1129 819 δὲ
1166 766 1269 819 οὐκ
1306 766 1556 836 ἀνάγκην
1598 766 1953 837 ἐπιτιθέαμεν
1978 807 1993 831 ,

397 858 537 914 ἀλλά
598 858 973 930 παραινοῦμεν
1018 857 1158 929 μετά
1212 858 1546 929 συμϐουλίας
1599 858 1815 928 ἀγαθῆς
1860 876 1996 928 προ-

396 948 722 1021 τρεπόμενοι
765 947 856 1000 τὸν
903 948 1236 1019 δυνάμενον·
1286 948 1387 1001 οὐκ
1429 948 1677 1019 ἀνάγκην
1727 947 1783 1001 δὲ
1822 949 1997 1001 ἐπιτι-

399 1039 603 1111 θέαμεν
628 1038 708 1110 τῷ
739 1038 811 1111 μὴ
842 1040 1159 1112 δυναμένην
1195 1040 1295 1094 οὐκ
1323 1039 1659 1110 ἐκϐάλλομεν
1692 1040 1855 1094 αὐτὸν
1887 1040 1995 1094 ἀπὸ

396 1133 499 1203 τῆς
532 1132 697 1204 ζωῆς.
741 1133 798 1186 '0
841 1132 949 1204 γὰρ
1002 1132 1157 1202 ἅγιος
1205 1133 1361 1202 λόγος
1405 1134 1569 1186 παντὶ
1615 1133 1850 1204 ἐκήρυξε
1895 1135 1995 1204 τὴν

395 1224 683 1277 ἀσθένειαν
724 1223 834 1277 τῶν
887 1223 1256 1277 ἀσθενούντων
1292 1224 1609 1295 βαστάζεινο
1642 1224 1717 1287 ὡς
1763 1224 1857 1277 καὶ
1899 1224 1996 1278 αύ-

395 1315 486 1379 τὸς
540 1317 570 1369 6
627 1316 782 1383 ἅγιος
826 1316 1144 1380 Ἀπόστολος
1205 1315 1563 1387 εὑρεθήσεται
1625 1315 1831 1386 λέγων,
1902 1317 1995 1370 καὶ

393 1408 634 1479 ἐλέγχων
682 1409 808 1473 τοὺς
850 1409 1128 1472 τοιούτους
1164 1408 1237 1479 μή
1280 1409 1442 1471 ὄντας
1481 1407 1577 1462 τοῦ
1620 1407 1786 1461 αὐτοῦ
1832 1410 1993 1481 χαρί-

396 1513 624 1570 σματος’
652 1500 734 1553 ὅτι
762 1501 1068 1568 Νεωτέρας
1092 1500 1283 1570 χήρας
1299 1501 1611 1569 παραιτοῦ⁸
1631 1501 1783 1570 μετὰ
1801 1502 1912 1570 γὰρ
1928 1502 1992 1555 τὸ

394 1590 912 1660 καταστρηνιὰσαι
961 1592 1069 1646 τοῦ
1107 1592 1387 1661 Χριστοῦ,
1431 1593 1641 1663 γαμεῖν
1682 1593 1991 1660 θέλουσιν,

394 1683 650 1753 ἔχουσαι
676 1684 874 1754 κρῖμα,
897 1684 987 1739 ὅτι
1019 1684 1135 1755 τὴν
1161 1686 1402 1755 πρώτην
1423 1688 1632 1740 πίστιν
1660 1686 1990 1755 ἠθέτησαν.

395 1777 461 1830 Δί
517 1777 624 1850 γὰρ
682 1778 1147 1850 ἐπαγγειλάμεναι
1205 1780 1300 1833 καὶ
1370 1780 1746 1851 ἀθετήσασαι,
1810 1780 1991 1851 ἔχουσι

2099 587 2314 641 cundas
2368 588 2597 656 nuptias
2643 604 2743 659 pro
2804 604 2905 644 sua
2956 591 3327 650 imbecillitate
3378 598 3686 667 desiderat,

2099 676 2327 732 minime
2358 678 2412 732 id
2449 678 2674 749 quidem
2717 681 2970 737 veritatis
3004 686 3194 754 regula
3231 689 3506 756 prohibet,
3535 691 3592 746 in
3626 708 3694 748 eo

2098 766 2371 823 duntaxat
2418 771 2514 840 qui
2568 775 2830 829 sacerdos
2881 788 2992 830 non
3035 777 3224 832 fuerit.
3264 780 3334 834 At
3374 782 3465 838 isti
3512 786 3687 855 probi»

2102 859 2258 927 bent,
2297 862 2547 933 adeoque
2592 863 2749 920 Pauli
2782 866 2874 920 illa
2912 871 3185 923 sententia
3222 875 3691 944 comprehendun-

2100 958 2195 1006 tur
2229 993 2245 1020 ,
2284 952 2675 1022 prohibentium
2714 956 2925 1012 nubere.
2956 958 3091 1013 Nam
3123 978 3270 1031 eum,
3307 966 3401 1035 qui
3430 970 3690 1025 secundis

2098 1043 2313 1114 nuptiis
2354 1044 2600 1116 illigatus
2654 1045 2857 1113 fuerit,
2905 1051 3209 1121 expellunt,
3269 1069 3335 1109 ac
3390 1072 3473 1117 ne
3508 1058 3691 1114 facere

2099 1134 2248 1190 istud
2293 1137 2496 1193 audeat
2528 1139 2638 1193 vim
2694 1156 2760 1195 ac
2811 1145 3196 1201 necessitatem
3249 1148 3532 1207 adhibent.
3577 1152 3689 1209 Nos

2099 1235 2283 1283 autem
2316 1246 2497 1300 neque
2527 1231 2689 1303 411
2727 1235 3059 1292 necessitate
3090 1238 3201 1292 ulla
3230 1243 3687 1314 constringimus,

2099 1317 2196 1373 sed
2232 1319 2568 1385 suademus;
2602 1337 2703 1377 nec
2735 1322 2895 1378 aliter
2924 1340 3089 1393 quam
3121 1326 3369 1385 honestis
3400 1333 3690 1401 praeceptis

2098 1424 2164 1464 ac
2209 1412 2462 1467 consiliis
2496 1428 2621 1468 eum
2644 1455 2660 1480 ,
2691 1416 2787 1484 qui
2834 1416 3058 1487 quidem
3090 1419 3304 1488 possit,
3355 1422 3425 1476 ad
3472 1422 3525 1477 id
3558 1438 3692 1492 pra:-

2099 1501 2358 1556 standum
2417 1504 2783 1574 impellimus;
2824 1521 2949 1562 eum
2980 1523 3112 1563 vero
3141 1509 3235 1579 qui
3266 1511 3451 1567 minus
3484 1523 3687 1583 potest,

2098 1593 2249 1647 nulla
2274 1594 2327 1648 vi
2361 1596 2634 1665 cogimus,
2658 1612 2761 1652 nec
2795 1598 3033 1653 a‘salute
3062 1614 3293 1669 prorsus
3319 1603 3687 1661 excludimus.

2097 1687 2237 1740 Nam
2286 1692 2604 1743 tenuiorum
2655 1689 3095 1746 imbecillitatem
3142 1692 3425 1749 ferendam
3458 1696 3692 1753 cuilibet

2098 1778 2287 1833 divino
2348 1795 2603 1836 sermone
2663 1781 3006 1852 praecipitur.
3045 1783 3240 1854 Adque
3296 1785 3403 1839 hoc
3461 1796 3691 1843 sanctus

393 1870 590 1939 κρῖμα.
619 1870 684 1921 Ai
714 1869 769 1922 δὲ
806 1870 880 1943 μὴ
928 1870 1416 1941 ἐπαγγειλάμεναι,
1461 1872 1597 1925 ἀλλά
1633 1872 1987 1942 συναφθεῖσαι

2095 1870 2394 1940 Apostolus
2442 1887 2553 1926 non
2603 1872 2811 1929 dixisse
2872 1874 3036 1930 modo
3091 1877 3430 1946 reperietur;
3495 1880 3590 1934 sed
3634 1890 3690 1934 et

391 1957 462 2012 δι’
486 1959 793 2023 ἀσθένειαν,
829 1965 1005 2034 κρῖμα
1046 1964 1146 2017 οὐκ
1191 1964 1424 2035 ἔχουσιν.
1471 1964 1535 2016 Ei
1577 1964 1635 2018 δὲ
1679 1965 1783 2042 καὶ.
1816 1968 1987 2037 κρῖμα

2103 1963 2241 2019 istos
2273 1973 2459 2035 aperte
2482 1964 2752 2030 refellere,
2785 1975 2839 2022 et
2872 1968 2942 2023 ab
2968 1983 3028 2023 ea
3061 1984 3226 2039 quam
3256 1969 3491 2025 habebat
3515 1972 3687 2042 gratia

393 2050 619 2121 ἔμελλον
668 2053 836 2123 ἔχειν,
894 2055 1013 2119 πῶς
1064 2054 1251 2126 ἔλεγεο
1302 2055 1718 2126 Γαμείτωσαν,
1762 2040 1987 2111 obroda-

2099 2056 2314 2112 alienos
2374 2057 2688 2112 ostendere.
2724 2057 3182 2114 Adolescentiares
3204 2099 3219 2124 ,
3250 2061 3460 2131 inquit,
3500 2040 3688 2117 viduas

392 2144 813 2199 σποτείτωσαν
832 2163 853 2212 ;

392 2236 588 2293 nubere
624 2239 806 2295 uolunt
837 2239 1084 2295 habentes
1118 2240 1518 2296 damnationem
1567 2243 1695 2313 quia
1744 2244 1976 2312 primam
2015 2242 2176 2314 ﬁdem
2202 2244 2415 2297 irritam
2451 2242 2685 2313 fecerunt
2740 2243 2781 2299 ".
2848 2244 2905 2299 Si
2958 2246 3180 2316 quidem
3214 2263 3337 2318 quae
3376 2249 3688 2304 castitatem

392 2332 657 2401 professae
704 2333 919 2388 irritam
974 2349 1094 2388 eam
1136 2334 1536 2405 professionem
1590 2334 1843 2404 fecerint,
1902 2336 2318 2391 damnationem
2387 2336 2592 2393 habere
2633 2337 2914 2393 dicuntur.
2954 2337 3086 2405 Quae
3114 2354 3244 2394 vero
3279 2340 3506 2396 minime
3567 2357 3691 2413 pro-

393 2426 553 2479 fessae
602 2425 828 2492 fuerint,
881 2426 978 2482 sed
1019 2442 1119 2498 pro
1172 2426 1493 2483 infirmitate
1547 2444 1647 2483 sua
1687 2432 2001 2500 nupseriut,
2060 2430 2437 2485 damnationis
2494 2438 2624 2486 sunt
2668 2446 2896 2502 prorsus
2952 2438 3228 2502 expertes.
3287 2432 3346 2487 Si
3385 2434 3532 2489 enim
3582 2437 3683 2491 ulli

389 2525 579 2572 essent
610 2518 886 2584 obnoxiae,
925 2534 1029 2574 cur
1061 2519 1312 2576 diceret:
1353 2519 1600 2584 Nubant,
1628 2523 1812 2577 domui
1852 2523 2149 2591 pra'sint‘?

462 2610 520 2662 Ρ.
553 2609 718 2673 Πῶς’
750 2611 930 2664 τοίνυν
978 2612 1337 2683 προφητεύων
1383 2614 1811 2685 παρακολουθῶν
1845 2616 1987 2686 εὑρί-

2176 2615 2243 2670 Χ.
2286 2614 2479 2672 Omnis
2520 2616 2684 2687 igitur
2716 2617 3006 2688 propheta,
3037 2624 3152 2672 tam
3196 2618 3251 2673 in
3281 2616 3481 2675 Vetere
3518 2636 3683 2691 quam

392 2718 583 2756 σκεται
620 2702 722 2756 κάν
767 2721 828 2757 τε
856 2703 915 2757 ἐν
948 2706 1013 2775 τῇ
1064 2705 1277 2776 Παλαιᾷ
1310 2705 1573 2779 Διαθήκῃ,
1606 2708 1708 2761 κᾶν
1736 2724 1797 2760 τε
1826 2709 1882 2761 ὲν
1924 2710 1987 2779 τῇ

2101 2706 2159 2761 in
2192 2706 2344 2763 Novo
2368 2707 2744 2772 Testamento,
2772 2722 2895 2778 quae
2930 2707 3066 2763 dicit
3100 2709 3462 2781 intelligentia
3496 2726 3689 2768 conse-

391 2794 568 2864 Καινῇ
590 2810 604 2824 ’
640 2793 715 2857 ὡς
748 2795 842 2848 καὶ
867 2798 896 2849 6
928 2794 1083 2864 ἅγιος
1121 2797 1374 2867 Ἰωάννης
1414 2800 1472 2852 ἐν
1509 2801 1576 2869 τῇ
1625 2798 1987 2868 Ἀποκαλύψει

2097 2802 2305 2873 quitur.
2370 2801 2522 2859 Unde
2569 2810 2625 2856 et
2681 2800 2926 2857 Joannes
2994 2801 3071 2856 ita
3122 2802 3177 2856 in
3222 2803 3551 2875 Apocalypsi
3613 2805 3689 2859 lo-

391 2887 544 2957 ἔλεγε
560 2903 574 2917 °
603 2886 750 2941 Τάδε
775 2887 1135 2957 ἀπεκάλυψε
1156 2891 1371 2958 Κύριος
1390 2890 1512 2957 τοῖς
1534 2892 1722 2945 αὐτοῦ
1743 2890 1987 2958 δούλοις

2094 2893 2312 2964 quitur:
2338 2896 2469 2949 Hazc
2493 2892 2734 2947 reuelauit
2760 2891 3021 2945 Dominus
3042 2892 3202 2945 servis
3226 2893 3336 2946 suis
3358 2909 3451 2963 per
3478 2909 3686 2948 servum

390 2979 489 3033 διὰ
520 2979 628 3033 τοῦ
666 2979 893 3034 δούλου
934 2981 1120 3036 αὑτοῦ
1166 2982 1471 3037 Ἰωάννου·
1496 2982 1613 3048 καὶ,
1653 2982 1798 3037 Τάδε
1823 2983 1987 3053 λέγει

2094 3003 2251 3041 suum
2282 2985 2546 3040 Joannem
2571 2985 2614 3052 ’ς
2670 2992 2725 3039 et
2750 3003 2763 3040 :
2796 2988 2927 3039 ch
2955 2983 3083 3037 dicit
3112 2984 3394 3041 Dominus.
3428 2985 3559 3053 Qua.-
3588 2989 3682 3057 qui

390 3074 629 3142 Κύριος.
667 3074 724 3127 '0
744 3073 917 3127 ταῦτα
936 3074 1112 3143 λέγων
1134 3076 1455 3146 ἐρρωμένην
1477 3072 1588 3147 εἶχε
1611 3076 1708 3146 τὴν
1727 3076 1986 3143 διάνοιαν,

2097 3078 2257 3144 dixit,
2284 3078 2533 3149 profeCto
2564 3076 2720 3131 firmo
2749 3087 2866 3131 erat
2891 3075 3101 3146 judicio
3146 3077 3432 3147 praeditus,
3458 3094 3522 3133 ac
3549 3080 3682 3149 quid

391 3167 488 3218 καὶ
522 3166 937 3236 παρηκολούθει.
991 3167 1119 3220 Ἰδοὺ
1135 3168 1340 3231 τοίνυν,
1380 3166 1525 3223 Τάδε
1548 3170 1711 3238 λέγει
1744 3171 1987 3238 Κύριος·

2101 3171 2419 3241 loqueretur
2469 3169 2653 3224 animo
2692 3176 3030 3239 perceperat.
3074 3166 3212 3223 Hinc
3258 3169 3366 3223 illae
3405 3169 3680 3236 formulae,

392 3258 485 3311 καὶ
501 3300 515 3323 ,
541 3258 785 3327 ’Ὀρασις
805 3257 888 3326 ἢν
902 3254 1082 3314 εἶδεν.
1115 3259 1173 3311 Ὀ
1194 3259 1249 3311 δὲ
1272 3259 1550 3323 Μοντανὸς
1573 3252 1730 3323 οὗτος
1748 3262 1776 3313 6
1804 3260 1987 3330 αὐχῶν

2096 3266 2229 3318 Ηαιο
2252 3263 2382 3317 dicit
2402 3261 2665 3317 Dominus
2687 3277 2707 3325 ;
2732 3271 2819 3315 et:
2860 3259 3004 3313 Visio
3031 3277 3188 3327 quam
3210 3262 3361 3315 vidit.
3390 3261 3682 3319 Montanus

2095 2148 2293 2202 devita.
2349 2146 2485 2202 Cum
2555 2148 2694 2201 enim
2749 2148 3039 2203 luxuriata:
3086 2150 3284 2218 fuerint
3328 2152 3384 2206 in
3436 2152 3688 2220 Christo,
3780 2200 3787 2205 .

391 3349 583 3403 ἑαυτὸν
616 3345 757 3403 εἶναι
793 3350 1099 3420 προφήτην,
1142 3349 1234 3403 καὶ
1276 3349 1555 3421 πλανήσας
1595 3351 1722 3412 τοὺς
1758 3350 1850 3402 ὑπ’
1891 3351 1989 3402 αὐ-

387 3442 483 3496 τοῦ
521 3441 1297 3514 πεπλανημένους,ἀσύστατα
1343 3442 1485 3495 κατά
1522 3442 1621 3507 τὰς
1659 3442 1806 3505 θείας
1839 3443 1983 3513 Γρα-

391 3534 499 3605 φάς
543 3534 833 3604 διηγεῖται.
883 3534 1047 3603 Λέγει
1092 3532 1203 3607 γὰρ
1252 3536 1309 3587 ἐν
1355 3537 1423 3606 τῇ
1472 3535 1667 3588 ἑαυτοῦ
1717 3534 1987 3608 λεγομένῃ

391 3627 728 3700 προφητείᾳ·
771 3628 833 3683 Τί
858 3626 1060 3698 λέγεις
1101 3626 1211 3681 τὸν
1258 3626 1414 3697 ὑπὲρ
1460 3627 1780 3696 ἄνθρωπον
1808 3626 1988 3687 σωζό-

386 3737 577 3791 μενον
597 3736 617 3784 ;
660 3719 897 3790 Λάμψει
932 3721 1043 3788 γὰρ
1094 3722 1129 3774 ὁ
1169 3719 1420 3786 δίκαιος,
1453 3720 1653 3790 φησὶν,
1688 3718 1842 3788 ὑπὲρ
1879 3718 1985 3771 τὸν

391 3808 571 3879 ἣλιον
607 3811 1228 3865 ἑκατονταπλασίονα.
1284 3813 1347 3864 Οἱ
1402 3809 1470 3863 δὲ
1498 3810 1702 3879 μικροὶ
1743 3810 1814 3864 ἐν
1842 3810 1988 3877 ὑμῖν

391 3904 730 3973 σωζόμενοι,
781 3902 1136 3972 λάμψουσιν
1181 3902 1787 3957 ἑκατονταπλασίονα
1831 3902 1986 3970 ὑπὲρ

389 3998 507 4068 τὴν
532 3998 829 4065 σελήνην.
872 3997 931 4049 '0
968 3994 1025 4048 δὲ
1059 3994 1264 4066 Κύριος
1296 3994 1509 4065 ἐλέγχει
1544 3995 1635 4048 τὸν
1668 3994 1927 4055 τοιοῦτον,
1956 3996 1985 4046 ὁ

390 4090 529 4161 ἔχων
552 4090 662 4161 ίτὴν
705 4088 953 4154 ἐξουσίαν
981 4085 1312 4159 χαρίσασθαι
1340 4087 1401 4139 τὸ
1431 4086 1668 4157 λάμπειν
1712 4087 1781 4140 τὰ
1818 4087 1985 4158 πρόσ-

389 4200 517 4236 ωπα
553 4181 662 4235 τῶν
700 4180 893 4249 ἁγίων,
939 4179 1033 4233 καὶ
1082 4177 1380 4250 φαιδρύνας
1432 4178 1494 4232 τὸ
1548 4178 1841 4249 πρόσωπον
1890 4178 1983 4231 τοῦ

388 4274 691 4340 Μωῦσέως,
733 4272 829 4326 καλ⁸
870 4270 1188 4344 μεταϐαλὼν
1230 4270 1358 4333 τοὺς
1400 4270 1591 4340 ἁγίους
1625 4271 1681 4323 ἐν
1724 4271 1793 4341 τῇ
1851 4270 1984 4340 ἁγίᾳ

388 4366 556 4419 αὑτοῦ
597 4365 891 4419 ἀναστάσει
936 4363 1044 4418 τῶν
1090 4362 1378 4433 σωμάτων,
1420 4362 1547 4425 τοὺς
1594 4362 1983 4433 σπειρομένους

390 4462 449 4513 ἐν
486 4462 553 4530 τῇ
589 4457 804 4529 ἀτιμίᾳ,
849 4455 943 4510 καὶ
991 4454 1377 4527 ἐγειρομένους
1422 4456 1481 4508 ἐν
1524 4453 1683 4527 δόξῃ·
1715 4454 1815 4507 οὐκ
1846 4453 1980 4507 ἄλλα

392 4519 620 4623 σώματα
828 4547 898 4601 τὰ
944 4519 1271 4613 bur-again
1314 4546 1453 4599 αύτά
1508 4544 1579 4598 τὰ
1622 4519 1749 4598 ὄντα
1772 4545 1981 4616 ἐγειρό-
2016 4519 2056 4573 D

390 4661 528 4716 μενα
574 4643 699 4697 ὃλα”
748 4640 1097 4712 λαμϐάνοντα
1138 4638 1192 4692 δὲ
1240 4636 1399 4702 δόξαν
1458 4636 1591 4707 παρ’
1626 4636 1790 4689 αὐτοῦ
1841 4635 1981 4706 μετά

387 4738 702 4801 ἀνάστασιν,
733 4732 888 4806 παρά
914 4730 1007 4785 τοῦ
1048 4730 1147 4802 τήν
1181 4729 1339 4794 δόξαν
1367 4727 1615 4796 ἀφθόνως
1648 4728 1981 4799 παρέχοντος

386 4837 498 4896 τοῖς
523 4831 687 4887 αὑτοῦ
723 4832 930 4898 ἁγίοις·
963 4827 1151 4898 ἐπειδὴ
1186 4826 1299 4897 ἔχει
1345 4825 1442 4896 τὴν
1483 4824 1732 4891 ἐξουσίαν
1772 4824 1976 4887 δοῦναι,

386 4925 482 4980 καὶ
512 4922 860 4995 χαρίσασθαι,
893 4922 968 4985 ὡς
1009 4920 1141 4983 Θεὸς
1182 4920 1276 4974 καὶ
1314 4918 1535 4986 Κύριος.
1577 4917 1756 4988 Ἕχων
1794 4917 1849 4970 δὲ
1880 4917 1973 4970 τοῦ

386 5014 736 5087 χαρίσασθαι,
766 5013 878 5081 ⁵οὐκ
899 5011 919 5042 ³
942 5008 1305 5082 ἐπηγγείλατο
1329 5008 1470 5061 κατὰ
1500 5006 1776 5060 Μοντανόν
1794 5022 1809 5037 ·
1841 5005 1978 5060 ἀλλὰ

386 5107 552 5179 φησί·
600 5106 836 5176 Λάμψει
882 5103 1049 5174 ὑμῶν
1106 5102 1179 5156 τὰ
1226 5102 1518 5169 πρόσωπα
1566 5099 1646 5164 ὡς
1698 5101 1731 5152 ό
1780 5097 1973 5165 ἣλιος.

384 5198 452 5253 Εἰ
481 5196 662 5251 τοίνυν
696 5195 725 5246 6
753 5195 891 5265 ἔχων
913 5192 1012 5265 τήν
1048 5190 1320 5256 ἐξουσίαν,
1349 5190 1443 5242 καὶ
1471 5188 1683 5259 ἀληθῶς
1712 5189 1975 5261 ὑπάρχων

383 5290 670 5359 δεσπότης,
710 5288 806 5340 καὶ
849 5286 1052 5356 Κύριος
1097 5283 1254 5355 ήμῶν
1298 5279 1504 5353 Ἰησοῦς
1548 5281 1803 5352 Χριστὸς,
1833 5281 1908 5344 ὡς
1946 5283 1975 5334 ὁ

382 5382 533 5452 ἥλιος
559 5380 706 5449 λέγει
738 5378 805 5432 τά
838 5378 1104 5447 πρόσωπα
1134 5374 1245 5429 τῶν
1283 5373 1508 5427 δικαίων
1550 5372 1786 5443 λάμψειν
1806 5388 1819 5403 °
1857 5373 1975 5439 πῶς

381 5474 660 5537 Μοντανδς
711 5469 1102 5541 ἐπαγγέλλεται
1146 5465 1527 5539 περιττότερον
1571 5464 1973 5518 ἑκατονταπλα-

385 5566 575 5631 σίονα;
612 5566 661 5617 εί
708 5564 783 5636 μὴ
834 5564 943 5634 ἄρα
982 5563 1167 5633 ὅμοιος
1202 5555 1251 5613 εί
1293 5557 1484 5627 ἐκείνῳ
1525 5556 1603 5627 τῷ
1642 5556 1974 5627 ἐπαγγειλα-

384 5660 533 5731 μένῳ
572 5661 685 5721 τοῖς
733 5658 861 5730 περὶ
907 5657 997 5710 τὸν
1033 5653 1366 5727 Ἀδὰμ,“ὅτι
1399 5651 1653 5706 Ἔσεσθε
1696 5651 1778 5715 ὡς
1823 5652 1967 5720 θεοὶ,

455 5769 474 5801 ¹
502 5768 660 5826 Deest
690 5771 771 5825 τό.
845 5771 866 5801 ¹
897 5768 957 5827 F.
987 5773 1116 5836 πᾶς.

380 5854 504 5907 χιιι,
530 5841 619 5898 45.

2089 3368 2246 3417 vero,
2298 3354 2393 3425 qui
2442 3369 2502 3409 se
2550 3351 2871 3422 prophetam
2919 3350 3161 3420 jactitat,
3192 3366 3256 3405 ac
3308 3352 3683 3407 sectatoribus

2102 3444 2285 3500 illudit
2314 3445 2453 3510 suis,
2477 3459 2542 3500 ea
2568 3443 2720 3508 dicit,
2746 3458 2869 3513 qua":
2892 3443 3067 3498 sacris
3086 3441 3307 3500 Litteris
3333 3460 3681 3515 nequaquam

2089 3546 2467 3594 consentanea
2502 3539 2775 3593 videntur.
2813 3537 2904 3594 Sic
2931 3537 3077 3593 enim
3118 3537 3174 3591 in
3207 3550 3271 3592 ea
3303 3552 3468 3607 quam
3499 3540 3678 3607 appel-

2090 3632 2225 3698 lant,
2264 3632 2383 3700 ejus
2418 3632 2705 3703 prophetia
2746 3631 3013 3701 scriptum
3045 3636 3162 3684 est:
3198 3627 3339 3693 Quid
3370 3645 3488 3683 eum
3516 3629 3672 3691 dicis,

2088 3728 2179 3796 qui
2231 3740 2396 3793 supra
2446 3721 2712 3777 hominem
2765 3738 2885 3775 cum
2922 3723 3012 3785 sit,
3053 3720 3281 3774 salutem
3329 3719 3683 3786 adipiscitur?

2086 3817 2277 3871 Justus
2305 3817 2467 3883 enim,
2496 3816 2693 3886 inquit,
2732 3814 2972 3883 centuplo
3008 3829 3167 3883 quant
3207 3810 3288 3865 sol
3331 3810 3680 3880 splendidiori

2089 3909 2203 3963 luce
2252 3907 2493 3977 fulgebit.
2537 3907 2608 3960 At
2657 3908 2747 3977 qui
2777 3908 2914 3960 inter
2949 3922 3038 3959 vos
3076 3903 3254 3974 exigui
3301 3912 3445 3969 sunt,
3495 3903 3678 3957 lunam

2088 3999 2328 4067 centuplo
2355 3998 2700 4067 superabunt.
2730 3996 2834 4051 Sed
2867 3998 3014 4051 hunc
3048 3995 3265 4050 Domini
3293 3995 3468 4065 ipsius
3495 3993 3680 4050 aucto-

2088 4093 2226 4147 ritas
2262 4090 2463 4145 refellit
2487 4106 2503 4156 ;
2535 4104 2704 4159 penes
2730 4104 2893 4159 quem
2912 4088 3006 4158 jus
3037 4102 3199 4142 omne
3225 4102 3289 4141 ac
3318 4095 3563 4157 potestas
3591 4097 3678 4142 est

2087 4184 2142 4238 id
2178 4184 2389 4239 sanctis
2440 4184 2558 4238 suis
2596 4180 2895 4246 tribuendi,
2948 4187 3008 4233 ut
3043 4194 3234 4234 eorum
3269 4180 3456 4234 vultus
3496 4181 3676 4251 splen-

2085 4276 2220 4331 dore
2271 4275 2691 4331 eollustrentur.
2749 4272 2853 4339 Qui
2905 4273 3109 4344 Moysis
3159 4271 3356 4326 faciem
3405 4270 3675 4343 ejusmodi

2086 4369 2208 4422 luce
2254 4366 2531 4437 perfudit:
2577 4366 2673 4436 qui
2729 4364 2952 4421 eosdem
3000 4370 3226 4419 sanctos
3274 4363 3330 4418 in
3375 4379 3671 4434 corporum

2085 4457 2497 4513 resurrectione
2538 4463 2880 4522 commutat;
2929 4461 3173 4517 sanctos,
3224 4452 3473 4523 inquam,
3527 4453 3673 4520 illo<,

2086 4552 2181 4621 qui
2216 4551 2455 4620 quadam
2497 4549 2644 4603 velut
2678 4562 2804 4601 cmn
2850 4545 3151 4617 ignominia
3184 4546 3310 4609 sati,
3342 4560 3467 4599 cum
3498 4545 3674 4616 gloria

2088 4657 2152 4697 ac
2185 4641 2452 4713 dignitate
2505 4647 2835 4710 resurgunt,
2878 4653 2989 4692 non
3047 4645 3107 4691 ut
3149 4638 3254 4690 alia
3304 4646 3671 4709 praeterquam

2084 4747 2216 4788 vera
2269 4731 2604 4802 propriaque
2651 4744 2921 4799 corpora,
2972 4728 3069 4783 sed
3110 4735 3170 4783 ut
3212 4726 3404 4783 eadem
3434 4767 3449 4792 ,
3507 4738 3674 4799 atque

2089 4827 2302 4897 integra
2355 4824 2576 4895 penitus
2624 4823 2974 4878 excitentur:
3025 4821 3110 4875 ita»
3160 4827 3340 4874 tamen
3397 4827 3456 4873 ut
3495 4820 3562 4874 ab
3605 4838 3672 4876 eo

2085 4917 2388 4976 secundum
2432 4914 2893 4970 resurrectionem
2938 4927 3140 4967 novum
3181 4910 3457 4981 quoddam
3500 4912 3671 4969 decus

2084 5023 2149 5062 ac
2200 5006 2543 5075 majestatem
2593 5002 2902 5072 accipiant,
2935 5002 3028 5072 qui
3080 5001 3286 5056 sanctis
3334 5001 3450 5055 suis
3492 5002 3668 5055 incre-

2084 5098 2307 5153 dibiletn
2341 5095 2530 5167 gloria:
2564 5094 2870 5149 ubertatem
2906 5092 3187 5161 impertit;
3223 5091 3665 5162 quandoquidem

2084 5192 2355 5264 largiendi
2390 5189 2578 5259 hujus,
2616 5197 2806 5259 utpote
2845 5187 3111 5242 Dominus
3146 5200 3208 5239 ac
3239 5184 3406 5248 Deus,
3443 5187 3666 5256 amplis-

2034 5266 2037 5271 λ
2083 5284 2224 5338 sima
2251 5290 2336 5338 est
2369 5279 2951 5353 potestateqpraeditus.
2976 5277 3142 5347 Atqui
3176 5278 3393 5333 tametsi
3426 5293 3665 5346 summa,

2082 5378 2160 5433 uti
2197 5375 2331 5440 dixi,
2360 5391 2526 5446 penes
2558 5375 2711 5429 illum
2740 5374 2811 5428 sit
2844 5380 3110 5442 potestas,
3141 5370 3279 5423 nihil
3309 5377 3493 5426 tamen
3517 5372 3669 5441 ejus-

2080 5470 2229 5527 modi
2272 5468 2547 5539 promisit,
2605 5466 2769 5537 quale
2815 5464 3110 5519 Montanus
3160 5463 3360 5529 finxit;
3417 5464 3512 5519 sed
3561 5465 3663 5520 hoc

2079 5580 2249 5619 unum
2276 5563 2566 5634 pollicetur
2598 5580 2611 5616 :
2644 5558 2945 5631 Fulgebunt
2974 5558 3139 5627 facies
3162 5569 3345 5613 vestra:
3359 5560 3493 5613 sicut
3520 5560 3660 5615 sol’.

2076 5656 2239 5729 412
2274 5655 2464 5726 Itaque
2494 5668 2619 5709 cum
2648 5653 2716 5719 is,
2754 5668 2923 5724 penes
2956 5667 3118 5723 quem
3155 5652 3338 5707 omnis
3384 5658 3468 5707 est
3505 5660 3664 5717 pote-

1224 5767 1245 5798 ³
1275 5763 1337 5822 F.
1366 5763 1635 5830 ἐξουσίαν.
1754 5767 1774 5801 ⁸
1798 5769 1819 5824 1
1847 5767 1987 5826 Tim.

2089 5813 2094 5834 ,
2148 5770 2236 5832 ιι.
2292 5769 2378 5826 12.
2482 5766 2664 5826 “ibid.
2721 5766 2812 5824 ιι.
2903 5765 3128 5839 “Apoc.
3182 5781 3221 5834 ι,
3261 5765 3317 5822 ι.
3410 5764 3431 5797 τ
3466 5762 3662 5819 Matth.
