4186 6374
554 344 654 401 871
1982 354 2041 410 S.
2078 352 2421 409 EPIPIIANII
3738 360 3846 416 8‘12

550 477 690 533 stas,
727 468 939 541 quique
965 485 1096 527 vere
1124 470 1370 527 omnium
1418 471 1685 530 Dominus
1722 482 1827 542 est,
1865 474 2119 532 Christus

2250 478 2504 550 φήσαντι.
2544 478 2638 533 καὶ
2670 479 2778 533 ἀπὸ
2821 480 2919 551 τῆς
2966 481 3321 555 ὑπαρχούσης
3354 484 3538 548 αὐτοῖς
3565 483 3726 556 δόξης
3750 496 3845 539 και

552 561 800 630 inquam,
851 560 1016 619 Jesus
1050 562 1319 621 Dominus
1362 574 1571 631 noster,
1605 567 1740 623 solis
1787 568 1964 623 instar
2016 570 2110 623 illu

2249 572 2577 643 παραδείσου
2606 574 2818 645 τρυφῆς
2835 578 3318 647 παρασκευάσαντι
3348 580 3534 641 αὐτοῖς
3557 578 3656 650 τὴν
3686 578 3847 632 ὲκὸοςῖ

550 653 812 710 strandos
848 670 974 710 esse
1003 654 1285 725 justorum
1321 658 1508 713 vultus
1540 659 1785 726 deﬁniat,
1813 675 1922 730 qua
1958 662 2119 715 fronti

2249 662 2347 733 λὴν
2376 663 2651 731 γενέσθαι,
2684 664 2779 718 καὶ
2813 668 2895 730 είς
2920 667 3124 739 φθορὰν
3158 668 3392 723 θανάτου
3418 671 3805 741 κατενεχθῆναι
3825 690 3842 707 ·

547 748 809 818 centuplo
856 749 1121 805 clariores
1174 750 1292 807 fore
1341 751 1636 812 Montanus
1712 754 2008 811 aﬂlrmat?
2061 756 2181 812 Nisi
2250 758 2389 815 forte
2434 760 2582 816 illius
2637 777 2698 817 es
2747 762 2967 828 similis,
3022 766 3117 835 qui
3170 766 3225 820 id
3280 768 3472 837 primis
3528 768 3844 825 hominibus

563 844 928 913 pollicebatur
972 865 985 901 :
1044 846 1216 902 Erilis
1258 849 1397 902 sicut
1429 850 1585 917 dii‘;
1621 852 1825 922 quique
1863 860 1924 907 ut
1974 852 2044 908 ab
2073 869 2135 908 ea
2192 869 2358 925 quam
2408 858 2695 912 consecuti
2727 857 2947 915 fuerant
3013 862 3212 931 gloria,
3269 877 3335 918 ac
3395 865 3656 935 paradiso
3708 866 3845 937 deji-

549 946 832 1005 cerentur,
856 948 911 995 et
934 941 990 995 in
1014 942 1167 995 exitii
1201 944 1576 1013 corruptelam
1601 945 1968 1012 incurrerent,
1992 946 2296 1004 calliditate
2323 963 2423 1004 sua
2459 949 2713 1020 perfecit.

622 1033 711 1090 XI.
748 1033 855 1091 Sed
889 1037 1005 1092 haec
1032 1038 1261 1108 insuper
1288 1038 1585 1096 Montanus
1620 1042 1842 1113 adjicit:
1878 1041 1989 1113 Ego
2021 1060 2138 1097 sum

550 1122 811 1181 Dominus
847 1126 1011 1193 Deus,
1041 1130 1132 1199 qui
1158 1131 1213 1183 in
1243 1129 1452 1185 homine
1489 1149 1689 1190 versor.
1714 1133 1985 1189 Praeclare
2017 1135 2141 1206 qui-

2320 1047 2423 1101 IA'.
2463 1048 2583 1100 Ἔτι
2621 1048 2680 1100 δὲ
2716 1049 3072 1121 προστίθησιν
3109 1054 3137 1105 6
3166 1052 3327 1117 αὐτὸς
3368 1054 3667 1121 Μοντανὺς,
3700 1056 3842 1110 οὕτω

2246 1138 2452 1207 λέγων’
2501 1138 2649 1210 Ἐγὼ
2681 1143 2895 1210 Κύριος
2928 1146 2961 1197 ὀ
2996 1144 3138 1209 Θεὸς
3169 1147 3202 1197 ό
3225 1145 3646 1214 παντοκράτωρ
3667 1164 3842 1200 κατα-

550 1218 673 1271 dem
702 1234 804 1275 nos
823 1218 1115 1292 Scriptura
1144 1237 1325 1286 sacra,
1348 1232 1403 1279 et
1429 1236 1800 1282 consentanea
1822 1229 1927 1283 sibi
1959 1237 2119 1283 sanet

2249 1229 2561 1297 γινόμενος
2606 1230 2677 1283 ἐν
2722 1231 3026 1300 ἀνθρώπῳ.
3062 1234 3206 1305 Ἀρά
3252 1230 3347 1287 οὖν
3390 1236 3573 1299 καλῶς
3615 1239 3762 1307 ἡμᾶς
3805 1242 3838 1310 ή

551 1310 792 1382 Spiritus
846 1314 1102 1370 doctrina
1166 1318 1599 1375 commonitione
1669 1336 1771 1375 sua
1831 1329 2115 1393 comparat

2250 1318 2370 1371 θεία
2417 1319 2608 1389 Γραφὴ
2656 1320 3116 1390 ἐπασφαλίζεται,
3165 1326 3257 1377 καὶ
3315 1327 3347 1396 ή
3399 1327 3690 1390 ἀκόλουθος
3744 1328 3837 1381 τοῦ

548 1408 613 1456 ut
661 1419 787 1473 qua:
820 1404 985 1460 alieni
1039 1415 1169 1462 sunt
1210 1409 1444 1477 spiritus
1485 1413 1550 1464 ad
1601 1413 1715 1467 veri
1776 1413 2119 1469 imitationen

2243 1410 2401 1478 ἁγίου
2431 1412 2749 1484 Πνεύματος
2791 1414 3131 1479 διδασκαλία,
3178 1417 3506 1472 νουθετοῦσα
3539 1421 3707 1490 ἡμᾶς,
3750 1422 3839 1474 ἵνα

547 1495 787 1551 conﬁcta
836 1497 1122 1568 dogmata,
1168 1515 1233 1554 ac
1268 1502 1486 1556 veritati
1541 1506 1819 1559 contraria
1854 1508 2113 1562 discerna

2241 1502 2597 1576 γινώσκωμεν
2654 1508 2783 1560 ποῖά
2840 1509 2956 1560 ἐστι
3002 1508 3071 1561 τά
3130 1509 3343 1579 μιμηλὰ
3397 1510 3492 1563 τοῦ
3553 1511 3834 1583 ἀλλοτρίου

552 1604 701 1644 mus.
732 1588 932 1644 Statim
961 1591 1109 1646 enim
1144 1608 1208 1647 ac
1237 1592 1534 1651 Montanus
1564 1597 1667 1650 hoc
1698 1597 1857 1662 dixit,
1886 1614 1948 1653 ea
1981 1600 2119 1654 nobi:

2243 1596 2578 1667 πνεύματος,
2604 1599 2699 1651 καὶ
2733 1598 2799 1651 τὰ
2837 1599 3088 1652 ἀντίθετα
3127 1601 3263 1671 πρὸς
3294 1600 3389 1671 τὴν
3421 1602 3706 1673 ἀλήθειαν·
3747 1604 3837 1658 ὅτε

548 1681 605 1735 in
642 1683 966 1737 memoriam
998 1687 1282 1739 revocavit
1308 1702 1430 1755 quae
1465 1703 1493 1740 a
1526 1686 1755 1743 Domino
1787 1692 2119 1761 pronuntiat:

2241 1689 2350 1760 γὰρ
2393 1690 2554 1755 εὐθὺς
2588 1689 2745 1743 τοιῖτο
2792 1688 2912 1745 εἷπε
2965 1693 3265 1756 Μοντανὸς,
3295 1695 3550 1748 ὑπόνοιαν
3588 1696 3719 1765 ἡμῖν
3747 1696 3836 1749 δέ·

545 1773 824 1841 leguntur.
868 1774 950 1827 ita
991 1775 1139 1830 enim
1173 1776 1229 1830 in
1264 1775 1560 1847 Evangelio
1592 1788 1827 1835 testatus
1862 1789 1945 1835 est
1976 1800 1988 1835 :
2027 1780 2119 1852 Egi

2240 1781 2412 1834 δωκεν
2441 1783 2852 1853 ἀναμνησθῆναι
2900 1783 2971 1837 τὰ
3015 1785 3121 1837 ὑπὸ
3164 1784 3260 1838 τοῦ
3305 1786 3509 1857 Κυρίου
3548 1788 3834 1858 εἰρημένα.

542 1865 659 1918 veni
693 1866 747 1919 in
779 1867 990 1920 nomine
1027 1866 1236 1932 Patris,
1268 1878 1318 1922 et
1352 1863 1456 1923 non
1494 1872 1801 1939 suscepistis
1834 1890 1949 1937 me;
1994 1874 2119 1927 aliut

2239 1872 2396 1926 Οὕτω
2428 1874 2536 1942 γάρ
2564 1892 2728 1945 φησιν
2768 1878 2797 1928 6
2835 1876 3040 1947 Κύριος
3080 1878 3137 1930 ὲν
3181 1876 3259 1948 τῷ
3296 1877 3613 1949 Εὐαγγελίῳ
3637 1894 3651 1907 ·
3688 1878 3836 1948 Ἐγὼ

541 1959 707 2012 veniet
743 1959 796 2012 in
820 1959 1034 2013 nomine
1058 1976 1174 2026 suo,
1210 1970 1260 2014 et
1288 1962 1445 2016 talem
1476 1965 1760 2032 suscipient
1785 1964 1827 2017 ¹.
1866 1963 2136 2030 Quocirca

542 2047 865 2103 Montanum
901 2066 931 2104 a
961 2051 1137 2107 sacris
1180 2050 1406 2107 Litteris
1450 2053 1751 2110 dissentire
1778 2058 2007 2110 omnino
2041 2057 2137 2112 de-

540 2145 1018 2212 monstravimus;
1055 2144 1223 2216 idque
1252 2147 1459 2201 nemini
1504 2164 1611 2202 non
1640 2149 1995 2217 perspicuum
2027 2138 2133 2214 est,

536 2235 635 2305 qui
685 2235 806 2306 ejus
850 2237 1060 2308 scripta
1093 2254 1221 2292 cum
1265 2238 1477 2309 judicio
1520 2241 1838 2295 revolverit.
1894 2240 2047 2307 Quod
2086 2242 2133 2296 si

537 2326 616 2379 ita
658 2334 765 2392 est,
802 2335 977 2384 restat
1029 2336 1089 2382 ut
1124 2338 1236 2383 tam
1286 2331 1403 2399 ipse
1456 2330 1527 2385 ab
1561 2330 1809 2387 Ecclesia
1858 2332 2131 2387 catholica

537 2419 755 2477 alienus
793 2421 1170 2488 existimetur,
1207 2438 1372 2492 quam
1411 2424 1534 2493 ejus
1574 2424 1821 2487 haeresis,
1859 2441 1979 2495 qum
2014 2440 2133 2495 pro-

535 2508 734 2578 phetas
768 2525 833 2565 ac
884 2512 1135 2567 etnlestia
1166 2512 1259 2566 illa
1303 2512 1446 2567 dona
1488 2530 1657 2584 penes
1690 2530 1750 2570 se
1786 2531 1909 2571 esse
1940 2516 2133 2585 praedi-

534 2609 647 2670 cat,
697 2618 822 2673 qua:
862 2619 1213 2674 nequaquam
1257 2609 1552 2676 acceperit,
1582 2607 1679 2661 sed
1732 2607 1801 2662 ab
1838 2608 1907 2662 iis
1946 2609 2131 2678 potius

532 2696 855 2751 desciverit.
898 2696 1105 2767 Ecquis
1144 2698 1333 2768 igitur,
1369 2700 1416 2753 si
1469 2699 1755 2768 paululum
1804 2699 1938 2769 quid
1981 2698 2131 2754 dicat

532 2788 828 2858 intelligat,
871 2789 1170 2859 prOphetas
1204 2790 1362 2854 istos,
1408 2806 1471 2845 ac
1506 2807 1618 2845 non
1659 2792 1857 2861 planos
1896 2800 1951 2847 et
1981 2801 2129 2847 vete-

528 2889 748 2937 ratores
796 2882 1151 2951 appellandos
1193 2884 1453 2938 censeat?
1502 2883 1759 2938 Christus
1816 2885 1960 2939 enim
2013 2900 2118 2939 nos

2228 1963 2430 2036 ἧλθον
2458 1969 2527 2021 ἐν
2555 1968 2636 2033 τῷ
2671 1970 2913 2038 ὀνόματι
2960 1970 3067 2023 τοῦ
3119 1970 3373 2038 Πατρὸς,
3421 1971 3520 2024 καὶ
3559 1973 3671 2024 οὐκ
3708 1970 3836 2024 ἐδέ-

2239 2056 2427 2122 ξασθέ
2452 2077 2549 2129 με.
2582 2062 2797 2126 Ἄλλος
2821 2062 3134 2114 ἐλεύσεται
3160 2061 3258 2114 ἐπὶ
3285 2061 3364 2126 τῷ
3400 2062 3527 2127 ἰδίῳ
3555 2063 3822 2131 ὀνόματι,

2236 2150 2334 2203 καὶ
2396 2149 2670 2216 δέξονται
2734 2152 2841 2205 τὸν
2890 2152 3184 2207 τοιοῦτον.
3236 2153 3588 2224 Ἀσύμφωνος
3653 2156 3836 2210 τοίνυν

2234 2238 2583 2295 παντάπασιν
2608 2244 2636 2295 6
2661 2241 2903 2306 τοιοῦτος
2925 2242 3034 2297 τῶν
3061 2242 3221 2297 θείων
3250 2244 3481 2315 Γραφῶν
3516 2245 3732 2317 εὑρέθη,
3756 2245 3836 2311 ὡς

2237 2331 2400 2383 παντί
2429 2349 2506 2403 τῳ
2550 2334 2718 2401 σαφές
2763 2333 2972 2404 ἐστιτῷ
3017 2336 3281 2405 νουνεχῶς
3329 2338 3726 2407 ἐντυγχάνοντι.
3766 2340 3834 2394 Et

2234 2422 2413 2474 τοίνυν
2442 2423 2771 2493 ἀσύμφωνος
2796 2425 3051 2496 ὑπάρχει,
3088 2426 3367 2498 ἁλλότριός
3396 2428 3512 2481 ἐστι
3540 2429 3639 2500 τῆς
3668 2429 3834 2497 ἁγίας

2233 2512 2532 2585 καθολικῆς
2578 2517 2922 2587 Ἐκκλησίας,
2973 2518 3070 2571 καὶ
3119 2520 3152 2589 ή
3208 2521 3330 2572 κατ’
3380 2520 3541 2574 αὑτὸν
3588 2520 3833 2590 αὐχοῦσα

2233 2604 2447 2675 αἵρεσις
2488 2608 2774 2679 προφήτας
2806 2608 2949 2678 ἔχειν
2989 2609 3082 2661 καὶ
3119 2610 3453 2680 χαρίσματα,
3492 2610 3528 2665 ἁ
3570 2611 3643 2684 μὴ
3681 2612 3833 2683 εἴλη-

2234 2714 2353 2766 φεν,
2392 2698 2529 2751 ἀλλὰ
2571 2701 2635 2753 ὲκ
2675 2700 2879 2753 τούτων
2923 2702 3156 2773 ἀπέστη.
3205 2704 3301 2766 Τίς
3335 2703 3512 2755 τοίνυν
3541 2705 3831 2775 τολμήσειε

2232 2791 2658 2861 παρακολουθῶν
2714 2792 2930 2855 τούτους
2987 2795 3274 2863 προφήτας
3328 2794 3545 2860 καλεῖν,
3597 2796 3692 2849 καὶ
3750 2798 3829 2867 μὴ

2234 2881 2434 2950 μᾶλλον
2478 2881 2710 2945 πλάνους
2753 2877 2892 2936 εἶναι
2935 2885 3064 2946 τοὺς
3094 2883 3404 2951 τοιούτους;
3452 2886 3689 2955 Χριστὸς
3716 2885 3831 2957 γὰρ

529 2975 761 3030 docuit:
804 2974 871 3029 Et
923 2973 1219 3043 Spiritum,
1258 2976 1471 3045 inquit,
1520 2976 1863 3030 Paracletum
1917 2979 2119 3031 mittam

2229 2975 2263 3042 ἠ
2273 2975 2377 3043 μᾶς
2407 2973 2611 3040 ἐδίδαξε
2632 2974 2830 3042 λέγων,
2851 2976 2931 3027 ὅτι
2968 2974 3037 3029 Τὸ
3062 2975 3308 3044 Πνεῦμα
3340 2975 3407 3028 τὸ
3428 2976 3833 3044 Παράπλητον

530 3064 601 3118 ad
636 3082 725 3120 vos
751 3066 791 3121 ³.
855 3064 1087 3121 Necnon
1121 3066 1410 3121 miraculis
1456 3066 1618 3123 editis
1650 3070 1830 3124 aiebat
1864 3089 1877 3124 :
1914 3070 2017 3125 Ille
2048 3089 2119 3125 me

2229 3066 2591 3120 ἀποστέλλω
2633 3066 2797 3136 ὑμῖν.
2845 3068 2956 3119 Καὶ
3008 3066 3077 3119 τά
3124 3070 3325 3136 σημεῖα
3376 3066 3551 3129 διδοὺς
3604 3066 3829 3134 ἔλεγεν,

528 3157 850 3228 gloriﬁcabit
875 3158 919 3212 ⁵.
954 3158 1113 3225 Quod
1149 3160 1315 3214 etiam
1362 3159 1545 3231 reipsa
1603 3162 1907 3234 contigisse
1949 3166 2119 3219 cerni-

2225 3159 2309 3212 ὅτι
2358 3158 2621 3225 Ἐκεῖνος
2669 3134 2774 3227 ἐμὲ
2850 3157 3118 3221 δοξάσει.
3311 3158 3383 3211 τὰ
3436 3157 3613 3228 ἀληθῆ
3672 3157 3828 3210 ἐστιν

527 3264 676 3313 mus,
710 3264 776 3305 eo
811 3251 958 3320 quod
1007 3251 1266 3320 apostoli,
1299 3267 1425 3305 cum
1474 3252 1820 3308 Paracletum
1855 3253 2119 3324 Spiritum

2229 3251 2377 3314 ίδεῖν,
2406 3252 2485 3304 ὅτι
2519 3254 2567 3304 οἱ
2602 3251 2745 3319 ἆγιοι
2776 3250 3087 3316 ἀπόστολοι,
3116 3252 3176 3303 τὸ
3208 3250 3566 3321 Παράκλητον
3598 3249 3833 3319 Πνεῦμα

527 3340 918 3412 accepissent,
969 3340 1251 3397 Christum
1304 3343 1775 3413 gloriﬁcaverunt.
1828 3343 2119 3402 Montanus

2223 3343 2495 3403 λαϐόντες,
2553 3340 2788 3411 Χριστὸν
2826 3340 3103 3404 ἐδόξασαν.
3153 3333 3323 3403 Οὗτος
3367 3340 3424 3393 δὲ
3474 3342 3503 3393 6
3533 3340 3817 3404 Μοντανὸς

526 3448 659 3488 vero
683 3449 840 3488 suam
878 3434 995 3503 ipse
1025 3434 1256 3503 gloriam
1289 3436 1554 3489 celebrat.
1595 3436 1863 3491 Dominus
1904 3437 2120 3495 Patrem

528 3538 693 3577 suum
720 3523 1074 3592 glorilicavit.
1107 3524 1253 3578 idem
1287 3524 1379 3577 ille
1412 3522 1678 3593 Spiritum
1715 3542 1937 3596 quoque
1963 3528 2123 3597 glori-

525 3614 734 3681 ﬁcavit,
768 3630 894 3669 cum
922 3616 1176 3670 veritatis
1234 3631 1358 3670 esse
1410 3613 1676 3685 Spiritum
1716 3617 1923 3671 docuit.
1973 3618 2125 3674 Mon—

524 3715 694 3763 tanus
721 3723 892 3762 unum
931 3723 990 3763 se
1022 3707 1320 3778 gloriﬁcat,
1355 3722 1420 3761 ac
1447 3707 1667 3761 Patrem
1696 3723 1820 3763 esse
1844 3709 1978 3763 dicit
2011 3726 2124 3763 om-

524 3801 888 3872 nipotentem,
924 3801 1019 3870 qui
1064 3800 1118 3853 in
1155 3815 1280 3855 sese
1322 3798 1571 3853 habitet:
1612 3812 1674 3854 ut
1711 3800 1845 3855 illud
1895 3801 2122 3856 omnino

525 3899 779 3958 constet,
832 3892 999 3946 talem
1040 3907 1165 3946 eum
1202 3906 1314 3945 non
1368 3906 1527 3956 esse,
1557 3892 1777 3961 qualem
1830 3908 1889 3948 se
1943 3893 2118 3949 videri

524 3985 804 4050 voluerit;
835 3998 940 4039 nec
970 3984 1041 4038 ab
1076 3984 1293 4038 cmlesti
1326 3983 1421 4037 illo
1462 3982 1623 4039 Patre
1657 3984 1916 4047 missum,
1953 3999 2057 4040 nec
2088 4000 2119 4039 a

523 4076 748 4131 Christo
770 4073 1074 4145 quidquam
1103 4074 1406 4143 accepisse.
1447 4071 1584 4127 Nam
1616 4072 1671 4126 in
1716 4072 1951 4128 Domino
1978 4089 2120 4128 com-

525 4168 739 4240 placuit
790 4180 1009 4220 omnem
1068 4163 1469 4234 plenitudinem
1506 4164 1815 4219 divinitatis
1868 4165 2120 4221 habitare

521 4257 957 4328 corporaliter“;
995 4255 1159 4327 413
1190 4263 1244 4309 et
1289 4253 1359 4310 de
1400 4255 1746 4325 plenitudine
1781 4257 1903 4327 ejus
1926 4297 1939 4319 ,
1990 4273 2120 4328 pro-

522 4348 698 4420 pheta:
740 4362 934 4403 omnes
989 4355 1351 4417 acceperunt,
1409 4355 1470 4400 ut
1517 4343 1760 4401 Joannes
1813 4346 2045 4401 afﬁrmat
2073 4348 2113 4401 ⁸.

526 4440 689 4497 Vides
715 4456 850 4496 sane
876 4440 1345 4510 quemadmodum
1374 4437 1656 4494 Christum
1686 4447 1898 4495 veteres
1919 4455 2109 4495 omnes

522 4533 894 4605 praedicarim,
927 4543 1041 4586 tum
1075 4531 1169 4601 qui
1208 4537 1402 4601 postea
1442 4530 1619 4586 secuti
1659 4539 1789 4585 sunt
1819 4531 2098 4587 Christum

521 4624 799 4695 praeconio
829 4638 934 4679 suo
964 4632 1018 4677 et
1069 4620 1423 4679 confessione
1455 4620 1810 4678 celebrarint.
1850 4621 1920 4676 At
1955 4622 2101 4676 Mon-

523 4731 689 4774 tanus
716 4715 988 4770 violenter
1018 4713 1242 4784 irrupit,
1283 4712 1579 4767 miriﬁcum
1608 4714 1899 4783 quemdam
1934 4714 2106 4768 homi-

2224 3432 2415 3485 ἑαυτὸν
2456 3431 2686 3498 δοξάζει.
2731 3430 2788 3483 ὐ
2842 3430 3045 3502 Κύριος
3092 3431 3184 3484 τὸν
3235 3430 3452 3502 Πατέρα
3506 3429 3668 3483 αὐτοῦ
3713 3431 3835 3483 ἐδό-

2224 3524 2377 3590 ξασε.
2434 3525 2543 3576 Καὶ
2587 3524 2616 3575 6
2668 3523 2873 3594 Κύριος
2915 3523 3077 3576 πάλιν
3130 3526 3159 3576 ὁ
3206 3523 3440 3593 Χριστὸς
3485 3523 3547 3575 τὸ
3596 3521 3829 3593 Πνεῦμα

2222 3615 2463 3681 ἐδόξασε,
2491 3615 2662 3683 λέγων
2695 3613 2825 3666 αὐτὸ
2862 3614 3084 3685 Πνεῦμα
3117 3613 3397 3685 ἀληθείας.
3442 3614 3503 3666 '0
3534 3613 3821 3677 Μοντανὺς

2222 3707 2280 3760 δὲ
2330 3707 2519 3760 ἑαυτὸν
2565 3706 2776 3771 δοξάζει
2834 3707 3013 3777 μόνον,
3055 3707 3151 3759 καὶ
3204 3706 3351 3775 λέγει
3397 3700 3538 3759 εἶναι
3588 3705 3820 3777 Πατέρα

2223 3801 2658 3870 παντοκράτορα,
2685 3800 2779 3852 καὶ
2817 3801 2874 3852 ὲν
2903 3797 3053 3868 αὐτῷ
3088 3800 3395 3869 ἐνοικῆσαι·
3429 3798 3517 3851 ἵνα
3546 3797 3823 3868 πανταχό-

2222 3891 2314 3945 θεν
2339 3890 2522 3961 δειχθῇ
2558 3891 2659 3943 οὐκ
2695 3890 2857 3952 αὐτὸς
2887 3887 2982 3953 ὢν,
3015 3888 3137 3941 οὐδὲ
3172 3890 3262 3942 ὑπ’
3294 3889 3505 3941 ἐκείνου
3548 3888 3826 3942 ἀπεσταλ-

2225 3982 2404 4053 μένος,
2435 3981 2556 4033 οὑδὲ
2592 3982 2719 4053 παρ’
2750 3967 3269 4050 αὐτοῦ’λαμὸάνων.
3311 3980 3399 4033 Ἐν
3432 3979 3541 4050 γὰρ
3586 3979 3665 4049 τῷ
3702 3981 3821 4032 Κυ-

2223 4074 2323 4145 ρίῳ
2355 4072 2620 4144 ηὐδόκησε
2654 4073 2762 4124 πᾶν
2804 4071 2864 4123 τὸ
2906 4070 3177 4143 πλήρωμα
3210 4072 3311 4140 τῆς
3343 4071 3595 4142 θεότητος
3628 4088 3819 4126 κατοι-

2220 4167 2385 4237 κῆσαι
2422 4164 2777 4234 σωματικῶς’
2810 4163 2905 4217 καὶ
2942 4164 3056 4217 ἀπὸ
3105 4163 3199 4217 τοῦ
3242 4163 3613 4234 πληρώματος
3646 4164 3816 4216 αὐτοῦ

2219 4259 2419 4320 πάντες
2447 4257 2496 4309 οἱ
2531 4257 2808 4327 προφῆται
2843 4254 3120 4326 εἰλήφασι,
3177 4254 3319 4309 κατὰ
3367 4254 3460 4309 τὸν
3508 4254 3619 4307 τοῦ·⁴
3656 4255 3817 4321 ἁγίου

2231 4349 2477 4403 Ἰωάννου
2523 4347 2700 4415 λόγον.
2751 4348 2862 4402 Καὶ
2908 4348 3041 4417 ὁρᾷς
3088 4346 3207 4410 πῶς
3251 4347 3453 4409 πάντες
3499 4347 3548 4398 οἱ
3593 4346 3817 4399 παλαιοὶ

2218 4440 2456 4511 Χριστὸν
2516 4438 2912 4510 κατήγγελλον,
2959 4438 3056 4490 καὶ
3107 4439 3159 4490 οἱ
3221 4438 3520 4509 μετέπειτα
3578 4436 3818 4505 Χριστὸν

2207 4531 2485 4594 ἐδόξασανο
2506 4531 2600 4583 καὶ
2617 4530 2780 4583 αὐτὸν
2798 4530 3173 4600 ὡμολόγησαν.
3192 4531 3471 4590 Μοντανὸς
3483 4529 3539 4581 δὲ
3555 4546 3577 4580 ε
3590 4528 3819 4598 ίσέφρησ

2208 4642 2299 4677 σεν
2315 4624 2654 4687 ὲαυτὸν,τινὰ
2671 4622 2862 4690 λέγων,
2876 4623 3021 4685 ὅπως
3032 4622 3237 4692 δειχθῇ,
3254 4623 3334 4674 ὅτι
3359 4620 3482 4673 οὔτε
3500 4617 3814 4686 ἔστιν,;οὒτε

2208 4718 2303 4770 ἀπ’
2352 4716 2518 4770 αὐτοῦ
2588 4715 2943 4780 ἀπέσταλται,
2984 4714 3109 4769 οὔτε
3158 4714 3289 4787 παρ’
3344 4713 3510 4767 αὐτοῦ
3561 4713 3809 4783 εἴληφεν.

520 4809 645 4861 IIem
668 4821 731 4862 se
750 4821 873 4861 esse
899 4804 1196 4873 jactitans;
1229 4814 1289 4859 ut
1311 4805 1395 4859 vel
1422 4804 1526 4857 hoc
1555 4804 1675 4875 ipso
1698 4820 1803 4860 nec
1830 4805 2101 4874 ejusmodi
2133 4822 2279 4874 esse,
2303 4824 2406 4865 nec
2436 4809 2504 4863 ab
2531 4807 2627 4862 illo
2655 4808 2883 4874 missus,
2914 4823 3017 4863 nec
3068 4808 3137 4862 ab
3170 4824 3236 4863 eo
3296 4808 3603 4879 quidquam
3658 4820 3813 4866 accc-

456 4935 457 4939 η
521 4902 671 4970 pisse
699 4906 1059 4953 monstretur.

587 4989 771 5061 Pergit
797 4990 1084 5045 Montanus
1116 4987 1304 5043 infelix
1335 4989 1666 5044 homuncio:
1693 4988 1818 5044 Non
1855 4990 2097 5060 angelus,

519 5082 717 5153 inquit,
751 5098 856 5136 non
903 5080 1106 5151 legatus
1152 5080 1383 5149 aliquis;
1420 5080 1511 5134 sed
1541 5090 1739 5150 egomet
1769 5080 1911 5135 Deus
1941 5080 2107 5135 Pater

518 5176 736 5230 accessi.
772 5174 891 5240 Qua
931 5190 1028 5230 sua
1066 5189 1199 5229 voce
1234 5175 1447 5228 alienus
1499 5189 1623 5229 esse
1654 5174 2105 5245 deprehenditur,

515 5267 611 5338 qui
636 5266 913 5322 Christum
961 5266 1187 5321 minimc
1235 5265 1625 5335 przedicatione
1653 5282 1753 5322 sua
1791 5267 2106 5321 celebrave-

516 5358 610 5420 rit,
638 5373 801 5426 quem
836 5357 1061 5412 cmleste
1088 5373 1250 5412 onmc
1293 5358 1496 5412 donum
1532 5358 1799 5413 divinitus
1841 5358 2100 5413 Ecclesia:

517 5446 779 5501 collatum
838 5462 966 5501 vere
1020 5463 1235 5517 semper
1290 5462 1354 5501 ac
1414 5449 1699 5518 magniﬁce
1763 5450 2099 5519 praedicavit.

517 5534 703 5604 Quare
750 5546 905 5594 extra
940 5555 1142 5609 corpus
1195 5538 1478 5605 Ecclesiae,
1516 5542 1795 5612 totiusque
1848 5542 2101 5608 corporis

517 5636 683 5699 caput
726 5645 849 5685 esse
886 5633 1190 5701 reperietur
1222 5649 1235 5684 :
1269 5645 1370 5686 nec
1415 5646 1541 5686 cum
1577 5633 1692 5702 illo,
1726 5634 1974 5702 inquam,
2017 5646 2105 5686 co-

2282 4984 2415 5041 Εἶτα
2441 4985 2601 5039 πάλιν
2626 4986 2759 5055 φησὶ
2781 4984 2843 5036 τὸ
2861 4983 3061 5036 ἐλεινὸν
3080 4983 3467 5055 ἀνθρωπάριον
3499 4987 3809 5053 Μοντανδς,

2211 5083 2291 5135 ὅτι
2319 5080 2467 5133 Οὔτε
2500 5078 2777 5147 ἄγγελος,
2796 5077 2936 5129 οὔτε
2957 5076 3245 5143 πρέσϐυς,
3264 5075 3427 5130 ἀλλὰ
3453 5077 3568 5146 ἐγὼ
3591 5081 3813 5148 Κύριος

2215 5179 2248 5229 ό
2274 5174 2419 5239 Θεὸς
2455 5169 2659 5238 Πατὴρ
2686 5166 2899 5240 ἦλθον.
2933 5168 3119 5221 Ταῦτα
3139 5168 3197 5220 δὲ
3224 5168 3813 5241 λέγωνφωραθήσεται

2214 5265 2490 5335 ἀλλότριος
2528 5262 2625 5327 ὢν,
2664 5259 2898 5331 Χριστὸν
2933 5260 3007 5330 μὴ
3035 5258 3293 5324 δοξάζων,
3320 5260 3379 5312 ὃν
3422 5262 3531 5313 πᾶν
3560 5262 3815 5331 χάρισμα

2210 5353 2655 5427 ἐκκλησιαστικὸν
2671 5355 2727 5405 ὲν
2752 5350 3046 5421 Ἐκκλησία
3060 5353 3124 5421 τῇ
3142 5350 3273 5422 ἁγίᾳ
3302 5350 3479 5417 δοθὲν,
3497 5354 3553 5404 ἐν
3574 5353 3815 5423 ἀληθείᾳ.

2210 5448 2481 5513 ἐδόξασεν.
2538 5443 2909 5515 Εὐρεθήσεται
2953 5442 3061 5512 γὰρ
3125 5441 3282 5504 ἐκτὸς
3354 5436 3493 5494 εἶναι
3552 5442 3814 5511 σώματος

2221 5535 2569 5606 Ἐκκλησίας,
2636 5534 2731 5587 καὶ
2780 5532 3024 5602 κεφαλῆς
3065 5531 3159 5585 τοῦ
3199 5532 3541 5602 σύμπαντος,
3595 5535 3692 5587 καὶ
3728 5537 3811 5604 μὴ

2210 5627 2426 5700 κρατῶν
2440 5626 2537 5698 τὴν
2570 5624 2833 5696 κεφαλὴν,
2868 5623 2936 5687 ἐξ
2968 5619 3166 5694 ἧσπερ
3190 5622 3316 5687 πᾶν
3342 5624 3409 5678 τὸ
3449 5626 3626 5695 σῶμα
3653 5642 3784 5680 συν

584 5777 607 5813 ⁸
635 5778 771 5836 Gen.
804 5797 885 5852 ιιι,
913 5782 968 5837 5.
1043 5785 1063 5817 ⁸
1089 5780 1247 5840 Joan.
1285 5800 1338 5855 ν,
1376 5784 1465 5839 45.
1539 5783 1739 5842 'Joan.
1771 5800 1883 5854 xvr,
1910 5784 1963 5843 7.
2043 5789 2071 5859 §
2096 5783 2119 5841 il

2223 5823 2229 5836 .
2263 5781 2348 5836 14.
2425 5782 2445 5813 ⁸
2481 5779 2696 5836 Coloss.
2730 5794 2793 5846 ιι,
2819 5775 2872 5832 9.
2955 5776 2975 5808 ⁸
3004 5773 3162 5833 Joan.
3192 5792 3232 5844 ι,
3270 5778 3357 5831 l6.
