4186 6374
364 421 474 478 873

993 416 1363 473 ADVERSUS
1400 414 1744 472 HERESES
1776 413 1905 471 LIB.
1946 414 2009 469 ll.
2050 410 2216 467 TOM.
2257 409 2299 468 l.
2338 442 2406 450 -—
2442 408 2714 464 HERES.
2758 406 2987 463 XLVIII.

3516 404 3619 461 87S

366 530 888 607 αρμολοτρύμενον
918 532 1112 596 αὔξει,
1156 531 1295 584 κατὰ
1332 529 1393 583 τὸ
1431 514 1836 599 γεγραμμένον.
1887 525 1948 581 Ὀ

2066 536 2257 580 Merere
2289 525 2485 593 capite,
2519 538 2583 575 ea.
2611 538 2712 591 quo
2756 530 2921 574 totum
2967 535 3153 588 corpus
3200 530 3619 591 coagmentatum

367 631 476 700 γὰρ
512 628 714 698 Κύριος
763 625 919 696 ἡμῶν
981 624 1188 693 Ἰησοῦς
1239 623 1473 694 Χριστὸς
1511 621 1701 674 ἑαυτὸν
1740 619 1942 684 ἔδειξεν

368 721 538 782 ὅντως
575 717 651 770 ὢν
708 717 835 779 Υἱὸς
871 717 930 768 ἐν
957 715 1205 785 ἀληθείᾳ.
1236 713 1510 777 Μοντανὸς
1538 713 1594 766 δὲ
1630 712 1822 764 ἑαυτὸν
1849 711 1944 764 καὶ

370 811 591 881 Πατέρα
614 810 783 877 λέγει.

440 1072 539 1127 ῙΒ’.
573 1071 697 1134 Πῶς
750 1072 949 1134 τοίνυν,
978 1067 1025 1125 ὦ
1070 1071 1299 1144 Φρύγες,
1341 1074 1473 1143 ἡμῖν
1524 1073 1684 1125 πάλιν
1741 1075 1944 1126 ἐπανα-

372 1167 595 1228 στάντες
630 1165 897 1235 πολέμιοι,
937 1166 1032 1217 καὶ
1069 1165 1487 1235 μεμορφωμένοι
1526 1168 1604 1228 είς
1631 1164 1947 1236 Χριστιανι-

371 1258 472 1328 κὴν
489 1257 793 1327 ἐπίκλησιν,
820 1255 1107 1325 βαρϐάρων
1120 1256 1177 1308 δὲ
1194 1258 1598 1328 ἐπανῃρημένοι
1620 1259 1823 1327 μάχην,
1851 1259 1946 1311 καὶ

369 1351 478 1401 τὼν
495 1348 696 1419 Τρώων
724 1350 816 1401 xui.
837 1348 1063 1418 Φρυγῶν
1094 1349 1417 1420 μιμούμενοι
1441 1349 1502 1402 τὸ
1529 1351 1806 1419 πολέμιον,
1832 1349 1950 1412 πῶς

373 1441 680 1511 πεισθῶμεν
739 1442 888 1509 ὑμῖν,
920 1441 1135 1509 λέγουσι
1174 1440 1262 1495 διὰ
1303 1442 1620 1512 χαρίσματα
1650 1442 1949 1508 ἀφεστάναι

371 1536 467 1603 τῆς
503 1534 853 1603 Ἐκκλησίας;
889 1535 1085 1586 Οὐκέτι
1116 1534 1224 1604 γάρ
1254 1534 1570 1604 χαρίσματα
1596 1533 1679 1603 εἴη
1714 1534 1781 1586 τὰ
1807 1534 1953 1587 ἀλλό-

372 1641 496 1694 τρια
529 1624 884 1692 χαρισμάτων
911 1624 1058 1682 ὄντα,
1086 1625 1180 1676 καὶ
1214 1624 1364 1693 παρὰ
1392 1623 1482 1676 τὸν
1515 1622 1839 1694 χαρακτῆρα
1861 1624 1952 1675 τὸν

372 1715 479 1769 ὑπὸ
497 1716 700 1786 Κυρίου
728 1716 1155 1787 ύπισχνούμενα,
1185 1716 1262 1778 ὼς
1283 1718 1331 1768 οἱ
1354 1714 1474 1768 καθ’
1511 1717 1653 1785 ὑμᾶς
1683 1716 1959 1786 προφῆται

373 1806 639 1873 λέγουσιν.
700 1806 991 1874 Είσάγεται
1022 1808 1037 1837 ¹
1088 1808 1218 1877 ἡμῖν
1251 1806 1413 1859 πάλιν
1450 1807 1544 1859 καὶ
1576 1806 1917 1876 Μαξιμίλλαν
1937 1825 1952 1837 α

2044 617 2254 678 crescit,
2304 622 2361 666 ut
2406 612 2688 681 Scriptura
2738 612 2982 680 loquitur
3013 612 3053 664 ³.
3091 610 3303 682 Quippe
3354 611 3621 665 Dominus

2045 717 2233 761 noster
2270 704 2432 760 Jesus
2473 706 2728 759 Christus
2776 704 2848 757 ita
2896 704 3251 775 semetipsum
3302 704 3620 769 declaravit,

2047 808 2234 847 revera
2280 800 2339 845 ut
2370 807 2686 861 germanum
2731 807 2854 846 esse
2904 792 3150 849 Parentis
3190 791 3388 847 Filium
3434 804 3624 850 osten-

2046 886 2217 941 deret.
2276 886 2568 941 Montanus
2589 894 2804 952 contra,
2838 887 2920 941 vel
2949 884 3239 942 Parentem
3271 903 3329 942 se
3358 903 3480 943 esse
3506 889 3625 959 glo»

2046 979 2240 1032 riatur.

2118 1070 2230 1123 XII.
2272 1069 2403 1137 Qua:
2432 1085 2554 1124 cum
2585 1071 2658 1124 ita
2684 1072 2814 1135 sint,
2846 1087 2957 1141 quo
2986 1072 3201 1126 tandem
3236 1081 3413 1142 pacto,
3452 1070 3625 1142 Phry-

2049 1178 2164 1231 ges,
2192 1163 2283 1231 qui
2304 1171 2495 1216 contra
2529 1178 2630 1224 nos
2666 1165 2791 1217 novi
2817 1162 3014 1218 iterum
3044 1163 3229 1219 hostes
3269 1166 3622 1234 consurgitis,

2049 1264 2102 1309 et
2134 1264 2361 1309 externa
2390 1255 2627 1325 quadam
2666 1257 2849 1326 specie
2896 1257 3269 1312 Christianum
3318 1258 3383 1312 ad
3428 1276 3626 1314 nomen

2051 1346 2429 1416 usurpandum
2468 1348 2733 1412 illuditis;
2780 1363 2844 1402 ac
2874 1350 3236 1419 Trojanorum
3269 1360 3316 1404 el
3351 1350 3625 1421 Phrygum

2053 1439 2249 1492 hostile
2284 1442 2335 1492 in
2382 1454 2481 1492 nos
2513 1439 2696 1493 odium
2738 1442 3060 1495 imitamini:
3091 1445 3185 1510 qui
3223 1458 3342 1503 nos,
3380 1443 3625 1511 inquam,

2055 1530 2256 1583 habere
2312 1530 2470 1583 [idem
2526 1531 2679 1584 vobis
2740 1544 3055 1599 possumus.
3092 1548 3215 1585 cum
3268 1532 3338 1585 ub
3387 1534 3629 1587 ewlestia

2054 1615 2196 1669 dona
2216 1632 2312 1669 vos
2337 1617 2406 1669 ab
2439 1616 2680 1671 Ecclesia
2705 1615 3031 1673 discessisse
3056 1618 3279 1687 iactatis
3297 1621 3319 1671 ?
3338 1618 3454 1673 Non
3483 1622 3627 1674 enim

2056 1709 2301 1763 ctelestia
2335 1725 2458 1763 esse
2488 1710 2629 1763 dona
2664 1720 2915 1779 possunt,
2944 1727 3065 1780 quae
3092 1721 3375 1782 tantopere
3407 1722 3535 1768 sunt
3562 1715 3631 1767 ab

2056 1801 2327 1869 ejusmodi
2356 1801 2517 1855 donis
2546 1802 2757 1865 aliena;
2787 1818 3017 1872 quaeque
3043 1811 3238 1873 praeter
3260 1806 3567 1858 institutam
3600 1822 3631 1858 ει

374 1899 469 1952 xui
492 1899 599 1971 γὰρ
628 1900 723 1953 xui.
747 1899 815 1951 τὰ
834 1899 1073 1968 ὀνόματα
1097 1900 1129 1967 ή
1139 1898 1254 1967 μῶν
1274 1898 1642 1968 διηλλαγμένοι
1670 1899 1764 1949 xui.
1793 1898 1952 1965 φοὸε-

2066 1892 2285 1946 Domino
2309 1893 2633 1953 formam.ae
2654 1896 2920 1949 rationem
2942 1897 3251 1959 ostenditis,
3275 1899 3633 1965 qumnadmo-

377 1989 611 2060 ρώτατα,
637 1991 731 2043 καὶ
754 1990 877 2043 οῦτε
902 1989 1171 2058 προσηνές
1191 2006 1243 2040 τι
1274 1990 1367 2041 xui.
1389 1988 1723 2056 γλυκύτατον
1745 1982 1956 2057 ἔχοντα,

374 2080 511 2134 ἀλλά
527 2081 718 2151 ἄγριον
752 2082 845 2134 καὶ
868 2080 1221 2151 βαρϐαρικόν.
1254 2080 1429 2143 Εὐθὺς
1458 2081 1567 2150 γὰρ
1606 2080 1740 2150 αῦτη
1771 2082 1803 2150 ἡ
1843 2081 1961 2133 Μα-

376 2172 645 2244 ξιμίλλαή
682 2173 832 2243 παρά
858 2176 967 2235 τοῖς
989 2172 1247 2235 τοιούτοις
1272 2171 1414 2225 κατά
1449 2171 1667 2242 Φρύγας
1688 2171 1828 2224 οὕτω
1861 2188 1961 2224 κα·-

375 2265 676 2335 ληυμένοις,
723 2266 1013 2330 ἀκούσατε,
1054 2260 1099 2317 ὦ
1149 2264 1338 2327 παῖδες
1376 2264 1637 2335 Χριστοῦ,
1678 2264 1729 2316 τί
1767 2263 1954 2331 λέγει·

389 2356 567 2424 Ἐμοῦ
610 2356 697 2425 μὴ
753 2356 1074 2423 ἀκούσητε,
1114 2356 1193 2410 ἀλ
1207 2357 1276 2411 λὰ
1333 2355 1589 2422 Χριστοῦ
1634 2356 1955 2411 ἀκούσατε.

377 2449 488 2502 Καὶ
521 2451 579 2501 ὲν
618 2444 699 2511 οἷς
752 2449 897 2515 ἔδοξε
957 2449 1190 2519 Χριστὸν
1230 2446 1473 2514 δοξάζειν
1502 2447 1865 2516 πεπλάνηται.
1894 2448 1958 2501 Ei

376 2539 485 2610 γὰρ
510 2536 577 2609 ἦν
596 2538 690 2592 τοῦ
713 2539 969 2610 Χριστοῦ,
998 2540 1181 2606 ἔλεγεν
1202 2539 1267 2591 ἂν
1294 2538 1436 2591 κατὰ
1455 2539 1583 2600 τοὺς
1608 2538 1797 2606 ἁγίους
1824 2538 1961 2591 ἀπο-

380 2632 617 2695 στόλους,
665 2632 740 2694 ὡς
782 2633 1011 2695 ἕκαστος
1048 2631 1235 2699 λέγει·
1271 2631 1473 2702 Πέτρος
1511 2631 1608 2701 μὲν
1636 2630 1851 2701 πρῶτος
1876 2630 1962 2681 λέ-

380 2738 488 2789 γων
508 2761 523 2783 ,
554 2722 635 2775 ὄτι
661 2722 860 2790 Ἡμεῖς
888 2725 1024 2790 παρ’
1049 2722 1237 2775 αὐτοῦ
1264 2723 1615 2791 ἠκούσαμεν
1637 2738 1649 2753 ·
1673 2722 1768 2774 καὶ
1794 2722 1960 2775 αὑτοῦ

378 2816 470 2868 τοῦ
537 2817 745 2886 Κυρίου
794 2816 1081 2883 λέγοντος·
1162 2816 1225 2867 '0
1279 2814 1447 2884 ὑμῶν
1501 2817 1756 2878 ἀκούων,
1815 2817 1961 2886 ἐμοῦ

379 2906 583 2959 ἀκούει
609 2922 623 2935 ·
657 2906 751 2959 καὶ
791 2905 886 2958 τοῦ
922 2904 1136 2958 Παύλου
1188 2905 1471 2973 λέγοντοςο
1530 2907 1790 2974 Μιμηται
1842 2924 1962 2975 μου

380 2998 643 3062 γίνεσθε,
684 2997 897 3063 ’καθὼς
927 2996 1088 3065 κάγὼ
1115 2997 1394 3067 Χριστοῦ.
1436 2997 1585 3068 Αῦτη
1622 2998 1680 3050 δὲ
1708 2997 1963 3069 ἀληθεύει

380 3090 706 3159 ψευδομένη,
763 3091 853 3142 καὶ
914 3090 986 3161 μὴ
1017 3088 1334 3160 βουλομένη.
1361 3090 1557 3153 Καλῶς
1581 3090 1638 3143 δὲ
1674 3090 1823 3158 λέγει
1860 3090 1964 3159 φά-

384 3198 607 3244 σκουσα,
636 3181 797 3235 ἀλλὰ
836 3182 1113 3250 Χριστοῦ.
1151 3182 1419 3244 Πολλάκις
1445 3182 1551 3254 γὰρ
1577 3183 1646 3235 τά
1678 3182 1964 3254 ἀκάθαρτα

2059 1984 2188 2037 dum
2222 1985 2496 2054 prophetae
2532 1986 2698 2040 vestri
2729 1986 3074 2057 proﬁtentur.
3136 1986 3243 2042 Sed
3278 1988 3632 2043 Maximillam

2057 2080 2246 2133 nescio
2279 2095 2441 2149 quam
2472 2080 2629 2135 nobis
2666 2080 2959 2136 obtruditis
3000 2083 3242 2151 :quippe
3282 2083 3364 2136 vel
3391 2085 3505 2152 ipsa
3544 2100 3636 2135 uo-

2058 2170 2205 2223 mina
2247 2180 2430 2225 vestra
2480 2187 2509 2224 a
2545 2174 2825 2226 communi
2869 2190 2971 2227 usu
3021 2182 3230 2228 remota
3282 2184 3430 2237 sunt,
3464 2183 3518 2227 et
3565 2175 3635 2229 ad

2058 2268 2321 2316 terrorem
2373 2264 2710 2333 composita;
2767 2282 2941 2335 neque
2998 2268 3127 2321 mite
3174 2266 3472 2337 quidquam
3527 2268 3636 2321 illis

2059 2354 2220 2420 inest,
2249 2364 2342 2408 aut
2385 2356 2687 2423 jucundum
2723 2376 2737 2412 :
2774 2359 2867 2413 sed
2930 2359 3247 2422 barbarum,
3292 2369 3344 2414 et
3398 2370 3632 2430 agreste.
3673 2410 3677 2415 .

2060 2445 2185 2501 Haec
2230 2448 2394 2517 igitur
2443 2446 2760 2512 Maximilla,
2801 2466 2963 2519 quam
3012 2449 3252 2522 Phryges
3305 2452 3393 2506 isti
3440 2451 3637 2522 praedi-

2060 2545 2208 2605 cant,
2233 2539 2437 2601 audite,
2469 2539 2671 2593 Christi
2710 2540 2827 2602 ﬁlii,
2856 2543 3316 2611 quemadmodum
3352 2545 3591 2613 loquitur
3620 2562 3636 2597 :

2061 2627 2150 2683 He
2180 2629 2391 2698 quidem
2418 2647 2523 2683 non
2552 2631 2751 2695 audite,
2782 2632 2871 2686 sed
2898 2631 3169 2687 Christum
3202 2633 3399 2688 audite.
3428 2634 3638 2700 Quibus

2062 2721 2262 2787 verbis,
2292 2721 2417 2775 licet
2457 2722 2677 2777 Christo
2706 2724 2967 2779 honorem
3003 2725 3203 2780 habere
3249 2726 3516 2788 videatur,
3544 2726 3640 2781 iis-

2061 2810 2184 2865 dem
2208 2820 2390 2867 tamen
2417 2812 2549 2881 ipsis
2577 2829 2817 2868 errorem
2847 2830 3005 2869 suum
3033 2815 3395 2869 demonstrat.
3430 2814 3564 2869 Nam
3592 2816 3637 2869 si

2062 2901 2263 2957 Christi
2306 2902 2463 2970 foret,
2492 2904 2737 2959 eamdem
2770 2907 2824 2959 in
2856 2906 3129 2976 loquendo
3165 2908 3449 2961 formulam
3481 2908 3640 2961 adhi-

2063 2994 2237 3061 beret,
2295 3011 2402 3066 qua
2452 2997 2683 3067 apostoli
2743 3012 2934 3053 omnes
2987 2998 3303 3070 singillatim
3350 3001 3434 3054 usi
3492 3012 3639 3056 sunt.

2065 3084 2322 3157 Inprimis
2354 3086 2590 3143 Petrus:
2636 3086 2776 3150 Nos,
2806 3089 3002 3159 inquit,
3033 3093 3098 3143 ab
3138 3090 3233 3144 illo
3269 3091 3565 3146 audivimus
3596 3094 3639 3147 ⁸.

2068 3180 2176 3236 Sed
2205 3189 2260 3236 et
2287 3181 2549 3237 Dominus
2598 3182 2715 3252 ipse
2742 3182 2923 3239 dixit:
2960 3183 3064 3249 Qui
3108 3201 3195 3237 vos
3231 3184 3402 3249 audit,
3443 3202 3522 3239 me
3547 3203 3645 3238 au-

382 3270 669 3340 πνεύματα
721 3272 1088 3339 ἀναγκάζεται
1138 3273 1307 3326 ἑαυτᾶ
1347 3272 1650 3344 καθαιρεῖν,
1702 3273 1803 3325 οὐκ
1838 3272 1965 3327 ὄντα

2068 3272 2147 3325 dit
2176 3274 2219 3327 ⁸.
2262 3272 2465 3330 Paulus
2492 3275 2618 3330 item
2645 3293 2660 3331 :
2690 3273 2995 3331 Imitatores
3038 3278 3137 3330 mei
3187 3287 3368 3343 estote,
3415 3279 3550 3331 sicut
3595 3288 3644 3331 et

392 3363 479 3431 τῆς
526 3362 805 3433 ἀληθείας,
857 3365 951 3417 xui.
1002 3365 1321 3433 ὑποφαίνειν
1373 3364 1465 3416 τὸν
1517 3365 1721 3435 Κύριον
1759 3365 1959 3428 αὐτῶν,

386 3452 625 3519 θέλοντα,
658 3456 751 3506 xui.
782 3456 855 3525 μὴ
887 3455 1124 3520 θέλοντα,
1153 3456 1219 3509 δι’
1247 3456 1520 3525 ἀνάγκην*
1550 3456 1624 3519 ὡς
1649 3458 1680 3526 ἡ
1704 3456 1960 3528 παιδίσκη

386 3547 419 3614 ἡ
449 3545 645 3616 ἔχουσα
674 3547 890 3617 πνεῦμα
923 3548 1176 3612 Πύθωνος
1208 3549 1391 3617 ἔλεγεν
1414 3565 1430 3581 ⁸
1459 3545 1633 3603 Οὗτοι
1656 3552 1708 3603 οὶ
1743 3550 1965 3617 ἅνθρω-

386 3649 485 3688 ποι
532 3637 637 3690 τοῦ
666 3640 812 3692 Θεοῦ
864 3638 1070 3693 δοῦλοι
1095 3640 1201 3693 τοῦ
1272 3641 1540 3707 ὑψίστου
1568 3642 1717 3694 εἰσιο
1749 3641 1844 3694 xui.
1882 3642 1963 3703 τὸ,

391 3728 457 3781 Τί
488 3729 671 3797 ἦλθες
700 3732 811 3798 πρυ
858 3733 1065 3800 καιροῦ
1108 3734 1447 3796 βασανίσαι
1467 3733 1664 3803 maio;
1713 3734 1969 3804 Οἵδαμέν

387 3834 462 3872 σε
490 3821 582 3887 τίς
611 3818 684 3885 εἷ,
714 3826 746 3875 ὁ
774 3824 963 3892 ’Ἄγιος
990 3825 1095 3878 τοῦ
1125 3825 1273 3878 Θεοῦ
1295 3844 1306 3857 ·
1335 3825 1410 3889 ὡς
1436 3826 1531 3879 καὶ
1559 3826 1695 3897 αῦτη
1730 3828 1968 3896 ἀναγκα-

360 3908 589 3988 ζομένη
616 3911 803 3979 ἔλεγεν
828 3915 995 3982 αὐτῆς
1028 3916 1100 3985 μὴ
1135 3915 1375 3981 ἀκούειν,
1405 3916 1540 3970 ἀλλά
1566 3917 1824 3988 Χριστοῦ.

390 3998 511 4065 Quo
561 4012 615 4058 et
664 4004 795 4057 illud
834 4006 1070 4073 pertinet
1116 4025 1127 4059 :
1166 4006 1276 4059 Cur
1326 4008 1510 4060 venisti
1562 4017 1683 4060 ante
1740 4017 1938 4074 tempus
1992 4015 2231 4073 torquere
2275 4006 2416 4059 nos?
2453 4003 2709 4057 Nouimus
2752 4004 2843 4073 qui
2891 4006 2965 4058 sis

2068 3380 2161 3435 ego
2196 3364 2397 3419 Christi
2428 3366 2466 3419 ⁸.
2518 3366 2587 3419 At
2635 3367 2726 3422 illa
2762 3369 3073 3424 mentiendo
3106 3369 3189 3423 vel
3238 3370 3409 3424 invita
3457 3386 3645 3426 verum

2070 3455 2244 3508 dicit:
2287 3455 2453 3528 414
2498 3468 2752 3529 recteque
2792 3458 2941 3515 istud
2984 3461 3190 3530 adjicit,
3232 3461 3322 3515 sed
3353 3459 3643 3517 Christum.

2075 3544 2228 3615 Saepe
2276 3547 2418 3600 enim
2472 3548 2670 3617 impuri
2724 3551 2951 3620 spiritus
2996 3554 3320 3622 semetipsos
3376 3562 3649 3625 coguntur

2073 3646 2340 3702 evertere,
2367 3653 2490 3692 cum
2523 3656 2550 3691 ιι
2582 3642 2809 3695 veritate
2854 3643 3201 3708 abhorreant,
3247 3660 3310 3698 ac
3358 3644 3647 3699 Dominum

2076 3747 2259 3795 suum,
2295 3732 2464 3787 velint
2495 3734 2690 3795 nolint,
2729 3737 3043 3791 necessario
3099 3738 3395 3793 declarant.
3444 3737 3643 3804 Quem-

2075 3823 2365 3877 admodum
2424 3825 2600 3891 puella
2662 3826 2751 3878 illa
2819 3826 3117 3897 Pythonieo
3169 3828 3365 3897 spiritu
3423 3828 3649 3898 praedita

2076 3916 2387 3969 clamabat:
2418 3916 2671 3969 Homines
2716 3916 2805 3967 isti
2845 3914 2939 3969 Dei
2984 3918 3237 3971 altissimi
3270 3920 3403 3973 servi
3435 3928 3557 3973 sunt
3604 3920 3646 3971 ".

3006 4020 3025 4059 :
3078 4004 3310 4062 Sanctus
3358 4007 3523 4062 Dei‘.
3575 4007 3651 4062 lta

393 4094 685 4149 Maximilla
739 4096 789 4147 vi
835 4095 1069 4163 quadam
1126 4097 1358 4164 impulsa
1408 4097 1583 4149 audiri
1635 4112 1693 4151 se
1747 4096 1969 4161 minime
1995 4094 2132 4159 vult,
2170 4093 2265 4147 sed
2291 4095 2592 4148 Christum.

467 4186 586 4247 Πῶς
609 4180 700 4237 οῦν
730 4184 885 4238 τοῦτο
921 4187 970 4237 οἱ
995 4185 1121 4257 παρ’
1146 4186 1316 4249 αὐτῆς
1354 4187 1669 4255 ἀκηκοότες,
1708 4187 1800 4238 καὶ
1831 4186 1968 4255 αὐτῇ

396 4272 837 4335 πεπιστευκότες,
876 4272 1150 4342 βούλονται
1172 4274 1341 4344 αὐτῆς
1372 4274 1610 4335 ἀκούειν,
1640 4276 1768 4344 παρ’
1803 4274 1972 4342 αὐτῆς

399 4360 768 4437 μαθόντεςμὴ
803 4367 971 4435 αὐτῆς
1006 4366 1244 4429 ἀκούειν,
1289 4366 1425 4418 ἀλλὰ
1463 4367 1664 4437 Κυρίου
1688 4382 1701 4429 ;
1727 4365 1834 4417 Καὶ
1864 4366 1971 4435 γὰρ

396 4458 610 4527 ἀληθῶς
638 4457 852 4525 ἐπίγεια
876 4456 1251 4526 φθεγγομένης
1277 4457 1466 4526 αὐτῆς,
1503 4458 1551 4508 εἰ
1574 4457 1755 4527 παρῆν
1790 4456 1974 4518 αὐτοῖς

401 4550 635 4615 σύνεσις,
660 4551 759 4602 οὐκ
788 4550 891 4602 ἔδει
937 4551 1107 4620 αὐτὴν
1140 4549 1451 4605 ἀκούεσθαι.
1483 4552 1591 4604 Καὶ
1618 4552 1692 4621 μὴ
1721 4550 1867 4618 λέγε,
1890 4550 1973 4601 ὅτι

399 4641 816 4712 παρηκολούθει.
838 4642 909 4693 Ού
929 4641 1035 4711 γάρ
1058 4640 1587 4708 παρακολουθοῦντός
1606 4644 1724 4695 ὲστι
1750 4642 1811 4694 τὸ
1829 4642 1976 4695 διδά-

403 4750 571 4795 σκειν,
598 4734 689 4785 καὶ
716 4733 905 4785 ἑαυτὸν
926 4734 1271 4804 ἀνατρέπειν.
1306 4734 1370 4785 Et
1396 4733 1503 4802 γὰρ
1528 4733 1664 4795 ὅλως
1696 4731 1974 4801 λέγει,Μὴ

400 4826 649 4880 ἀκούετέ
666 4843 807 4895 μου,
842 4827 991 4877 ποῖον
1015 4820 1081 4895 ἦν
1102 4825 1160 4877 τὸ
1186 4824 1411 4895 Πνεῦμα
1431 4824 1490 4876 τὸ
1508 4824 1700 4877 λαλοῦν
1725 4827 1783 4877 ἐν
1802 4824 1938 4893 αὐτῇ
1961 4841 1976 4890 ;

403 4918 465 4970 Εἰ
500 4917 637 4988 αὐτὴ
675 4918 879 4984 ἔλεγεν,
925 4916 958 4986 ἢ
996 4920 1013 4946 ²
1045 4916 1350 4987 ἄνθρωπος,
1377 4916 1483 4988 ἄρα
1506 4917 1606 4969 οὐκ
1635 4911 1702 4986 ἦν
1724 4918 1781 4967 ὲν
1810 4915 1977 4968 Πνεύ-

407 5027 536 5079 ματι
556 5010 715 5078 ἀγίῳ.
758 5010 820 5060 Ἡ
840 5008 949 5078 γάρ
976 5007 1231 5076 λέγουσα,
1261 5009 1357 5075 Μὴ
1372 5008 1625 5065 ἀκούετέ
1646 5025 1787 5075 μου,
1820 4995 1980 5076 δῆλον
2016 4990 2019 4993 ἀ

404 5102 463 5154 τὸ
495 5099 829 5172 ἀνθρώπινον
868 5100 1042 5168 ἔλεγε,
1072 5101 1165 5152 xui.
1195 5101 1295 5151 οὐκ
1321 5095 1389 5167 ἦν
1433 5102 1488 5150 ὲν
1512 5098 1789 5168 Πνεύματι
1814 5098 1976 5167 ἀγίῳ.

414 5195 479 5246 Ἥ
506 5194 560 5246 δὲ
572 5186 653 5264 μὴ
675 5190 808 5247 οὖσα
834 5195 890 5247 ἐν
907 5192 1184 5262 Πνεύματι
1218 5191 1355 5261 ἁγίῳ
1380 5190 1608 5252 ἄνωθεν,
1633 5186 1767 5243 οὖσα
1798 5190 1855 5242 δὲ
1881 5188 1975 5242 τοῦ

405 5288 746 5359 ἀνθρωπίνου
797 5288 1163 5359 φρονήματος,
1213 5286 1363 5338 οὐδὲν
1401 5283 1685 5351 ἐγίνωσκε.
1734 5282 1845 5335 Καὶ
1877 5283 1977 5335 οὐκ

407 5379 473 5452 ῆν
506 5384 612 5453 ἄρα
642 5381 866 5450 Πνεῦμα
913 5378 1091 5447 ἆγιον,
1142 5378 1278 5431 ἀλλὰ
1318 5375 1644 5447 ἀνθρωπίνῳ
1676 5376 1984 5446 φρονήματι

407 5474 586 5527 ἐλάλει
633 5473 727 5525 καὶ
762 5470 1077 5540 ἐφθέγγετο.
1124 5468 1186 5521 Ei
1214 5468 1270 5521 δὲ
1318 5465 1593 5536 Πνεύματι
1628 5466 1767 5535 ἀγίῳ
1810 5465 1988 5519 ἐλάλει

409 5570 501 5622 καὶ
541 5568 898 5638 προεφήτευε,
939 5566 1093 5616 ποῖον
1125 5561 1234 5633 ἄρα
1260 5556 1328 5632 ῆν
1362 5560 1425 5613 τὸ
1469 5557 1693 5630 Πνεῦμα
1722 5558 1781 5611 τὸ
1811 5558 1987 5627 ἅγιον,

2147 4182 2250 4247 Qui
2301 4184 2462 4252 igitur
2498 4184 2601 4235 hoc
2630 4182 2698 4235 ab
2745 4183 2835 4235 illa
2871 4184 3165 4248 audierint,
3201 4186 3359 4255 eique
3406 4189 3652 4245 credide-

2079 4272 2210 4333 rint,
2261 4286 2361 4323 cur
2408 4287 2526 4323 eam
2576 4271 2784 4326 diutius
2837 4273 3086 4334 audiunt.
3124 4288 3247 4327 cum
3289 4292 3398 4329 non
3450 4278 3647 4346 ipsam.

2082 4363 2176 4416 sed
2199 4362 2475 4417 Christum
2502 4361 2832 4416 audiendum
2861 4365 2931 4417 ab
2954 4364 3157 4420 illamet
3183 4367 3297 4436 ipsa
3324 4367 3657 4425 didicerint?

2081 4453 2145 4507 Et
2178 4469 2307 4508 vero
2351 4470 2473 4509 cum
2514 4454 2733 4510 nonnisi
2785 4464 3000 4511 terrena
3042 4458 3291 4525 quaedam
3322 4460 3554 4522 eﬂ'utiat,
3608 4462 3656 4518 si

2080 4546 2225 4601 ullus
2256 4546 2309 4599 iu
2336 4545 2416 4601 eis
2441 4561 2636 4601 sensus
2667 4548 2893 4612 inesset,
2918 4549 3105 4603 audire
3132 4550 3277 4603 illam
3312 4566 3655 4623 nequaquam

2078 4646 2376 4708 oporteret.
2424 4638 2533 4694 Nec
2563 4648 2648 4693 est
2678 4639 2821 4710 quod
2860 4640 3092 4709 objieias
3144 4643 3281 4695 hanc
3326 4644 3659 4700 intellexisse

2079 4729 2212 4800 quid
2270 4730 2496 4783 diceret.
2533 4728 2655 4781 Non
2690 4731 2835 4784 enim
2896 4729 3247 4800 intelligentis
3299 4750 3419 4788 esse
3480 4745 3660 4804 potest

2080 4830 2269 4878 contra
2322 4836 2383 4876 se
2424 4826 2623 4876 docere
2680 4822 2908 4892 aliquid,
2964 4838 3028 4877 ac
3065 4824 3169 4877 sibi
3218 4825 3320 4893 ipsi
3373 4826 3657 4897 refragari.

2079 4914 2215 4969 Nam
2247 4915 2293 4969 si
2325 4916 2551 4969 omnino
2579 4915 2654 4968 ita
2686 4915 2931 4985 loquitur
2964 4934 2977 4970 :
3013 4914 3097 4970 Ne
3131 4935 3210 4970 me
3238 4919 3494 4984 auditote,
3524 4935 3661 4989 qua-

2086 5008 2285 5063 lisnam
2344 5009 2433 5063 hic
2482 5011 2576 5079 qui
2634 5009 2687 5063 in
2734 5025 2796 5065 ea
2858 5010 3182 5081 loquebatur
3240 5012 3467 5082 spiritus
3520 5012 3661 5067 luit?

2087 5100 2241 5166 Quod
2276 5101 2321 5154 si
2357 5116 2453 5170 per
2483 5116 2605 5155 sese
2629 5101 2746 5170 ipsa
2776 5110 3050 5170 quatenus
3079 5102 3243 5155 homo
3265 5112 3402 5164 erat,
3432 5103 3503 5157 ita
3538 5122 3661 5173 pro-

2086 5192 2383 5254 nuntiavit,
2418 5207 2529 5245 non
2563 5193 2732 5262 igitur
2762 5190 3004 5261 Spiritus
3028 5207 3147 5246 eam
3179 5204 3403 5247 sanctus
3443 5194 3661 5248 amave-

2086 5294 2190 5341 rat.
2234 5286 2367 5351 Qute
2393 5286 2537 5339 enim
2564 5285 2741 5339 audiri
2775 5300 2834 5340 se
2868 5284 3141 5354 prohibet.
3175 5285 3471 5337 humanum
3501 5284 3655 5351 quid-

2085 5378 2211 5433 dam
2246 5378 2436 5448 procul
2499 5378 2665 5432 dubio
2714 5378 3010 5449 signiﬁcat,
3050 5391 3151 5431 nec
3202 5378 3437 5445 impulsu
3489 5375 3664 5429 sancti

2089 5465 2330 5537 Spiritus
2386 5469 2588 5538 agitur.
2648 5468 2813 5523 Porro
2874 5484 2996 5538 quae
3044 5468 3264 5522 cmlitus
3313 5467 3511 5519 hausto
3574 5467 3665 5518 illo

2091 5556 2301 5628 Spiritu
2350 5560 2577 5614 minime
2624 5559 2953 5623 ducebatur,
2991 5559 3088 5613 sed
3124 5558 3361 5611 humana
3400 5559 3662 5611 duntaxat

488 5745 500 5773 '
536 5741 592 5795 F.
628 5742 896 5809 εἱσάγετε.
974 5742 995 5771 ³
1266 5740 1287 5771 ³
1316 5738 1531 5795 Coloss.
1572 5754 1631 5803 II,
1674 5737 1758 5793 i9.
1836 5740 1858 5768 ⁵
1886 5737 1963 5792 Ac

2077 5753 2127 5804 v,
2169 5739 2261 5792 ΞΟ.
2339 5738 2359 5769 ⁵
2393 5736 2526 5792 Luc.
2566 5754 2617 5802 x,
2656 5739 2741 5792 I6.
2823 5739 2842 5768 °
2878 5736 2897 5788 Ι
2934 5737 3062 5797 (lor.
3096 5753 3174 5801 ιι,
3211 5736 3261 5789 l.
3340 5736 3361 5765 '
3391 5735 3521 5788 Act.
3554 5748 3665 5797 an,

416 5817 501 5866 to.
594 5814 614 5842 ⁸
640 5812 831 5864 Matth.
859 5826 979 5875 vni,
1010 5811 1090 5865 29.

613 5909 885 5970 Ρηιιοι.
926 5907 1040 5966 Gn.
1088 5906 1140 5967 Χ
1156 5906 1251 5966 LI.

3280 5894 3358 5954 28
