4186 6374
541 388 649 446 87b

1955 382 2011 438 S.
2057 381 2401 438 EPIPIIANII

3674 384 3787 442 870

540 498 829 571 sapientia,
862 506 1087 552 noverat
1114 497 1274 553 nihil.
1303 494 1424 553 Non
1454 506 1572 552 erat
1609 497 1774 566 igitur
1810 496 1864 551 in
1897 511 1961 552 ea
1986 495 2110 566 Spi-

2224 495 2274 548 :t
2323 494 2500 563 λέγον,
2558 494 2724 565 Ἐμοῦ
2760 494 2836 567 μὴ
2884 495 3142 562 auctis-re;
3195 497 3306 550 Kal
3332 495 3501 563 πολλή
3544 497 3661 549 ἐστι
3699 494 3804 558 τίς

541 594 681 647 ritus
710 598 959 653 sanctus,
999 590 1096 644 sed
1143 589 1403 655 humana,
1449 596 1508 643 ut
1538 588 1676 650 dixi,
1711 588 1979 658 sapientia
1998 587 2119 642 uni-

540 698 699 737 versa
736 682 1149 752 pronuntiabat.
1190 681 1408 751 Alioqui
1444 681 1493 736 si
1546 681 1723 735 sancti
1774 679 2015 750 Spiritus
2049 682 2120 733 lo-

539 781 802 840 queretur
850 786 915 825 ac
946 771 1345 826 vaticinaretur
1392 771 1682 836 instinctu,
1732 770 1857 840 quis
1892 770 1983 825 ille
2025 768 2119 823 de—

540 880 689 918 mum
723 864 951 934 spiritus
976 863 1210 927 exstitit,
1250 862 1343 932 qui
1380 862 1561 916 audiri
1604 877 1661 917 se
1693 862 1894 916 nollet?
1929 860 2118 931 Magna

543 956 791 1028 profecto
827 955 1098 1011 mendacii
1135 964 1221 1010 est
1268 955 1585 1024 errorisque
1615 954 1853 1008 caecitas.
1894 952 2120 1022 Magnus

544 1064 709 1119 porro
750 1048 843 1102 Dei
894 1062 1095 1111 sermo,
1126 1048 1219 1117 qui
1253 1062 1353 1102 nos
1385 1046 1534 1100 omni
1561 1046 1772 1099 ratione
1802 1044 1871 1098 ad
1910 1060 1973 1098 ea
2004 1044 2118 1098 dis-

542 1140 812 1195 cernenda
867 1140 1125 1202 instituit,
1185 1154 1307 1209 qua:
1354 1138 1530 1193 sancti
1585 1134 1823 1207 Spiritus
1879 1137 2117 1206 impulsu

543 1233 753 1303 prolata
783 1239 914 1287 suut
946 1250 959 1286 :
990 1247 1111 1302 qua:
1145 1230 1343 1301 partim
1383 1246 1451 1285 ex
1485 1245 1721 1301 persona
1759 1228 1962 1293 Patris,
1994 1243 2118 1299 par-

542 1324 637 1376 tim
678 1337 746 1378 ex
788 1336 1024 1392 persona
1082 1319 1246 1386 Filii,
1296 1320 1495 1391 partim
1545 1336 1611 1376 ex
1664 1319 1901 1390 Spiritus
1944 1319 2117 1373 sancti

541 1429 776 1485 persona
824 1413 1101 1468 dicuntur.
1138 1412 1304 1483 Atqui
1359 1412 1405 1469 si
1455 1412 1546 1467 ille
1597 1411 1693 1483 qui
1730 1412 1785 1465 iu
1826 1410 2116 1465 Maximilla

541 1504 649 1559 fuit
700 1503 940 1574 Spiritus
986 1510 1214 1559 sanctus
1262 1503 1603 1567 exstitisset,
1663 1517 1942 1572 nunquam
2002 1500 2118 1556 suis

540 1597 659 1666 ipse
698 1594 885 1651 verbis
919 1594 1345 1650 contradiceret.
1393 1592 1540 1648 Unus
1585 1596 1726 1649 enim
1775 1603 1853 1648 est
1886 1592 2117 1661 Spiritus

2223 587 2440 656 ἀπάτης
2480 589 2516 657 ἠ
2548 585 2840 657 τύφλωσις,
2875 589 2967 641 καὶ
2999 588 3173 659 μέγας
3208 590 3355 642 ἐστὶν
3383 590 3411 642 6
3435 588 3531 641 τοῦ
3550 587 3689 640 Θεοῦ
3713 587 3805 640 λό-

2222 694 2339 745 γος,
2376 678 2405 729 6
2453 678 2596 731 κατά
2647 678 2826 732 πάντα
2863 680 3062 750 τρόπον
3104 683 3253 749 ἡμᾶς
3284 673 3599 743 συνετίζων,
3631 680 3713 741 εἰς
3742 678 3804 732 τὸ

2222 771 2418 824 ειδέναι
2453 774 2578 823 ποῖα
2607 771 2675 824 τά
2702 774 2766 824 ἐκ
2790 771 2884 829 τοῦ
2933 772 3245 843 Πνεύματος
3272 771 3365 825 τοῦ
3394 772 3550 839 ἁγίου
3573 770 3803 839 λελαλη-

2224 862 2381 932 μένα,
2415 861 2489 933 πὴ
2523 862 2621 933 μὲν
2652 863 2717 915 ἐκ
2749 861 3041 932 προσώπου
3072 861 3303 932 Πατρὸς,
3340 860 3416 931 πὴ
3446 861 3503 913 δὲ
3538 861 3604 913 ἐκ
3628 876 3801 930 προσ-

2220 952 2370 1006 ὡπου
2403 954 2554 1017 Υἱοῦ,
2585 953 2660 1025 πὴ
2681 954 2737 1007 δὲ
2778 957 2842 1007 ἐκ
2864 954 3153 1024 προσώπου
3170 953 3263 1007 τοῦ
3287 954 3442 1021 ἁγίου
3465 952 3801 1021 Πνεύματος.

2222 1047 2331 1099 Kal
2364 1046 2495 1098 ειτὺ
2523 1047 2581 1098 ἐν
2607 1044 2918 1117 Μαξιμίλλῃ
2966 1044 3189 1115 Πνεῦμα
3232 1045 3387 1113 ἅγιον
3411 1039 3503 1114 ἦν,
3541 1044 3641 1095 οὐκ
3699 1044 3804 1096 ὰπ-

2220 1138 2451 1208 ηγόρευε
2508 1138 2578 1191 τὰ
2627 1137 2735 1191 ἴδια
2789 1139 3030 1207 ῥήματα.
3083 1136 3345 1206 'Er'ra'p
3380 1137 3512 1189 ἐστι
3539 1136 3603 1188 τὸ
3633 1134 3807 1204 ἅγιον

2220 1229 2482 1299 Πνεῦμα,
2501 1229 2568 1283 τό
2590 1229 2859 1298 διαιροῦν
2882 1228 3118 1293 ἑκάστῳ
3140 1231 3221 1294 ὡς
3237 1230 3547 1293 βούλεται.
3575 1228 3807 1294 Λέγεται

2223 1319 2280 1373 δὲ
2312 1320 2537 1389 Πνεῦμα
2573 1320 2876 1383 εὐσεϐείας,
2895 1320 2988 1373 καὶ
3016 1320 3231 1388 λέγεται
3260 1315 3399 1373 εἶναι
3421 1318 3648 1388 Πνεῦμα.
3670 1319 3807 1388 Χρυ-

2222 1410 2390 1475 στοῦ,
2440 1412 2533 1464 καὶ
2586 1410 2810 1479 Πνεῦμα
2867 1412 3016 1482 παρὰ
3068 1412 3277 1482 Πατρὸς
3330 1411 3805 1481 ἐκπορευόμενον.

2223 1504 2313 1556 καὶ
2374 1502 2468 1556 τοῦ
2500 1502 2632 1555 Υἱοῦ
2663 1502 2959 1573 λαμϐάνον,
2993 1504 3095 1556 οὐκ
3136 1503 3417 1573 ἀλλότριον
3452 1502 3663 1572 Πατρὸς
3709 1499 3809 1551 καὶ

2241 1593 2371 1647 Υἱοῦ
2424 1594 2502 1647 δν.
2557 1594 2700 1665 Ἀρα
2756 1595 2853 1648 οὑκ
2902 1594 3087 1663 ἔλεγε·
3120 1594 3219 1660 Μὴ
3253 1593 3499 1653 ἀκούετέ
3529 1609 3667 1660 μου.
3723 1591 3809 1642 Τὰ

538 1694 774 1751 sanctus,
827 1688 917 1757 qui
965 1686 1153 1740 dividit
1193 1686 1417 1757 singulis
1470 1696 1627 1755 prout
1675 1686 1785 1739 vult
1833 1688 1872 1739 ‘.
1928 1687 2032 1753 Qui
2064 1694 2118 1741 et

2224 1685 2334 1756 γὰρ
2357 1685 2591 1757 Χριστοῦ
2622 1686 2682 1739 τὸ
2724 1685 2949 1756 Πνεῦμα
2980 1684 3155 1739 ἐλάλει
3182 1684 3304 1755 (5⁸),
3329 1684 3420 1736 καὶ
3439 1684 3467 1735 6
3490 1681 3719 1753 Χριστὸς
3747 1678 3815 1733 τὸ

539 1778 757 1847 pietatis
784 1785 839 1833 et
866 1778 1072 1835 Christi
1108 1777 1346 1848 Spiritus
1378 1786 1629 1841 vocatur,
1658 1785 1713 1833 et
1736 1793 1766 1832 a
1791 1777 1953 1833 Patre
1988 1794 2116 1847 pro-

2228 1779 2450 1848 Πνεῦμα
2489 1776 2828 1841 ἀποστέλλει,
2880 1776 2975 1829 καὶ
3007 1779 3065 1829 ἐν
3105 1775 3384 1844 Πνεῦματι
3411 1773 3551 1842 ἁγίῳ
3604 1771 3811 1824 ἐκϐάλ-

536 1838 761 1933 cedens,
812 1875 868 1923 et
901 1882 932 1921 ο
984 1866 1122 1923 Filio
1150 1838 1461 1939 accipiens,
1497 1876 1551 1923 et
1602 1838 1632 1921 a
1682 1867 1844 1924 Patre
1883 1884 1947 1924 ac
1978 1838 2118 1923 Pilio

2224 1870 2300 1922 λει
2347 1838 2415 1921 τά
2456 1869 2709 1939 δαιμόνια
2732 1884 2745 1897 ·
2782 1838 2876 1921 καὶ
2918 1869 2947 1920 6
2975 1868 3178 1939 Κύριος
3210 1838 3276 1920 τά
3309 1865 3404 1918 τοῦ
3712 1862 3809 1915 λέ-

538 1960 765 2015 minitne
797 1960 1009 2016 alienus
1034 1960 1360 2031 appellatur.
1397 1958 1516 2014 Non
1546 1958 1711 2029 igitur
1740 1960 1999 2015 dixisset:
2036 1958 2117 2013 Ne

2224 1979 2343 2029 γει·
2394 1961 2489 2013 καὶ
2543 1964 2575 2015 ό
2627 1960 2832 2029 Πατὴρ
2879 1960 2987 2014 τὸν
3045 1961 3186 2014 Υίόν
3236 1960 3485 2027 ἡγίασε,
3528 1957 3626 2011 καί
3660 1956 3806 2011 ἀκέο

538 2067 619 2104 me
656 2050 928 2131 nuditate?
963 2049 1096 2117 Quae
1142 2051 1289 2105 enim
1321 2051 1525 2105 Christi
1564 2061 1692 2106 sunt
1748 2050 1990 2121 Spiritus
2048 2051 2119 2106 lo-

2224 2056 2463 2113 στειλεν
2490 2054 2577 2117 εις
2614 2052 2721 2104 τὸν
2753 2052 3009 2121 κόσμον,
3039 2052 3140 2104 ἵνα
3179 2051 3557 2121 γινώσκωσιν
3592 2047 3808 2111 αὑτὸν,

538 2148 824 2210 queretur.
878 2132 1136 2197 Christus
1183 2141 1386 2211 quippe
1441 2140 1708 2213 Spiritum
1747 2143 1933 2204 mittit,
1968 2152 2021 2197 et
2065 2143 2120 2197 iu

2224 2142 2321 2194 καὶ
2350 2141 2677 2204 δοξάσωσι,
2711 2142 2903 2207 καθὼς
2936 2139 3253 2206 δοξάζουσι
3281 2141 3389 2193 τὸν
3411 2139 3664 2207 Πατέρα.
3692 2136 3811 2192 Kal

540 2231 747 2302 Spiritu
784 2240 975 2287 sancto
1005 2232 1284 2287 da:mones
1314 2232 1501 2302 ejicit;
1543 2231 1806 2287 Dominus
1845 2248 1976 2288 vero
2002 2250 2120 2302 qua:

2224 2234 2441 2287 διέπεσε
2472 2231 2616 2286 κατά
2657 2232 2833 2285 πάντα
2857 2231 3058 2302 τρόπον
3088 2233 3122 2301 ἡ
3160 2231 3269 2284 τῶν
3300 2229 3811 2300 ἀπαλλοτριούντων

538 2320 717 2377 Patris
747 2331 877 2377 sunt
901 2324 1174 2393 eloquitur
1190 2326 1209 2355 ²
1232 2342 1246 2378 :
1272 2334 1324 2378 ct
1342 2321 1545 2378 Filium
1562 2323 1727 2379 Pater
1743 2326 2116 2393 sanctiﬁcavit,

2224 2326 2447 2388 ἑαυτοὺς
2475 2323 2682 2378 διάνοια
2711 2324 2820 2377 ἀπὸ
2846 2323 2946 2391 τῆς
2972 2322 3065 2375 τοῦ
3082 2322 3318 2393 Χριστοῦ
3352 2321 3691 2383 ἀκολουθίας.

536 2429 602 2468 ac
653 2416 793 2469 misit
847 2415 902 2468 in
936 2414 1098 2487 5.15
1170 2416 1455 2483 mundum,
1515 2426 1575 2470 ut
1634 2426 1942 2487 cognoscant
1994 2418 2165 2486 ipsum
2204 2427 2251 2471 et
2315 2417 2610 2485 gloriﬁcent
2661 2414 3099 2485 quemadmodum
3151 2414 3451 2484 gloriﬁcant
3509 2412 3726 2466 Patrem
3762 2412 3811 2471 ⁸.

539 2502 632 2561 Sic
672 2507 903 2563 istorum
952 2508 1255 2573 hominum,
1308 2510 1401 2580 qui
1458 2524 1519 2565 se
1558 2525 1588 2563 a
1630 2510 1833 2565 Christi
1877 2520 2021 2564 secta
2076 2525 2141 2565 ac
2193 2510 2481 2579 disciplina
2536 2515 2860 2579 segregant,
2902 2506 3147 2561 funditus
3188 2504 3548 2560 labefactatur
3593 2502 3811 2571 opinio-

608 2596 747 2653 Xlll.
781 2599 850 2652 At
876 2599 1022 2653 enim
1054 2597 1345 2653 Maximilla
1377 2600 1572 2671 pergit,
1601 2614 1813 2655 summa
1848 2600 1941 2654 illa
1966 2599 2120 2655 intel-

2304 2599 2401 2652 II".
2447 2599 2653 2652 Φάσκει
2685 2597 2743 2650 δὲ
2793 2596 2955 2650 πάλιν
3002 2598 3035 2665 ἡ
3078 2596 3215 2665 αὐτὴ
3244 2595 3579 2665 Μαξιμίλλα,
3619 2597 3653 2665 ἠ
3698 2594 3810 2663 τῆς

539 2691 774 2761 ligentiac
803 2688 1177 2759 doctrinaeque
1208 2690 1315 2752 vis,
1358 2698 1417 2744 ut
1451 2689 1503 2745 id
1546 2688 1656 2760 joci
1706 2689 1883 2745 obiter
1929 2705 2119 2761 asper-

2232 2689 2671 2763 παρακολουθίας
2712 2689 2805 2742 καὶ
2847 2686 3194 2748 διδασκαλίας
3241 2686 3462 2753 γνῶσις,
3495 2686 3583 2738 ἵνα
3610 2686 3811 2754 χλευαο

539 2794 662 2849 gam
696 2798 710 2835 :
742 2778 1003 2833 Dominus
1034 2794 1116 2830 me
1150 2777 1315 2841 misit,
1348 2777 1545 2847 inquit,
1599 2774 1797 2829 laboris
1835 2774 2014 2844 hujus,
2058 2791 2120 2827 ac

2230 2781 2429 2845 στικῶς
2493 2780 2657 2843 εἴπω,
2707 2779 2791 2832 ὅτι
2847 2776 3185 2831 Ἃπέστειλέ
3218 2792 3295 2844 με
3324 2777 3537 2842 Κύριος
3587 2776 3815 2829 τούτου

537 2870 905 2940 professionis,
948 2878 997 2923 et
1026 2868 1234 2936 [aderis
1264 2867 1400 2921 velut
1430 2876 1584 2921 secta:
1616 2868 1932 2925 antistitem.
1963 2882 2120 2919 enar-

2225 2874 2330 2927 τοῦ
2360 2874 2572 2935 πόνου,
2618 2871 2716 2924 καὶ
2743 2869 2855 2939 τῆς
2886 2870 3266 2939 ἐπαγγελίας,
3302 2869 3400 2921 καὶ
3432 2867 3542 2935 τῆς
3575 2866 3807 2936 συνθή-

540 2969 793 3025 rntorem,
822 2970 871 3013 et
901 2960 1267 3026 interpretem;
1295 2966 1344 3009 et
1390 2955 1597 3026 quidem
1639 2955 1707 3007 ad
1733 2954 2117 3023 percipiendam

2226 2982 2339 3031 κης
2365 2963 2733 3033 ιιιρετιστὴν,
2768 2961 3069 3032 μηνυτὴν,
3108 2960 3504 3030 ἐρμηνευτὴν,
3538 2960 3811 3026 air-arta-

541 3054 640 3107 Dei
673 3053 938 3113 notitiam,
974 3050 1153 3105 vellem
1188 3049 1401 3110 nollem,
1436 3048 1629 3115 majori
1683 3049 1912 3117 quadam
1947 3062 2119 3100 neces-

2228 3057 2476 3124 σμένον,
2504 3054 2775 3116 θέλοντα,
2812 3053 2913 3107 καὶ
2934 3053 3019 3123 μὴ
3045 3053 3319 3115 θέλοντα,
3336 3050 3554 3119 μαθεῖν
3576 3050 3813 3119 γνῶσιν

541 3147 699 3198 sitate
732 3142 1079 3211 compulsum.
1131 3138 1232 3195 Hic
1263 3154 1365 3195 nos
1404 3139 1596 3208 igitur,
1626 3138 1963 3200 charissimi,
1999 3137 2120 3190 vitae

2227 3148 2396 3203 Θεοῦ.
2434 3149 2801 3218 Σκοπήσωμεν
2823 3142 2915 3199 οῦν
2944 3146 3041 3215 τῆς
3076 3145 3228 3215 ἡμῶν
3254 3144 3401 3213 ζωῆς
3428 3142 3528 3214 τὴν
3565 3141 3809 3211 εὐσταθῆ

542 3246 746 3289 nostra:
799 3233 1035 3290 solidum
1064 3240 1119 3288 et
1163 3232 1359 3288 stabile
1409 3232 1829 3293 ﬁrmamentum,
1872 3244 1936 3283 ac
1979 3231 2121 3282 viam

542 3326 686 3380 lucis
719 3322 1151 3388 consideremus,
1178 3338 1374 3393 ‘neque
1403 3321 1740 3376 contrarium
1792 3320 2120 3384 insistentis,

545 3417 649 3471 hoc
681 3424 767 3471 est
796 3415 1082 3486 peregrino
1112 3414 1308 3487 spiritu
1343 3414 1558 3484 agitata:
1601 3410 1829 3483 pecudis
1856 3410 2120 3481 ejusmodi

546 3506 773 3567 vocibus
809 3507 863 3560 in
898 3520 1140 3561 errorem
1170 3505 1533 3559 abducantur.
1567 3502 1707 3568 Quid
1740 3502 1886 3556 enim
1921 3500 2010 3554 ille
2039 3499 2121 3553 di-

545 3606 635 3652 cat
670 3596 1063 3651 animadverte.
1098 3593 1218 3649 Non
1248 3611 1346 3650 sua
1379 3602 1574 3665 sponte
1615 3608 1693 3659 se,
1744 3592 1839 3647 sed
1869 3601 2122 3646 coactum

546 3690 599 3743 id
614 3689 925 3758 suscepisse
941 3687 1202 3742 declarat.
1226 3686 1389 3757 Atqui
1413 3685 1675 3740 Dominus
1695 3692 1879 3738 noster
1900 3684 1954 3737 in
1978 3684 2123 3737 hunc

546 3781 735 3834 orbem
762 3778 906 3832 haud
926 3778 1130 3832 iuvitus
1159 3776 1464 3839 descendit,
1492 3788 1592 3828 nec
1610 3788 1640 3827 a
1657 3772 1820 3827 Patre
1842 3772 1949 3825 ulla
1967 3771 2125 3825 adhi-

550 3871 663 3924 bita
720 3868 1050 3923 necessitate
1088 3866 1290 3921 missus
1323 3875 1426 3921 est.
1480 3864 1586 3920 Sed
1619 3879 1743 3918 cum
1778 3878 2121 3917 communem

545 3977 671 4017 cum
698 3961 855 4015 Patre
892 3958 1189 4013 voluntatis
1230 3974 1411 4023 usum,
1442 3964 1496 4012 et
1529 3971 1655 4011 cum
1687 3955 1893 4025 Spiritu
1930 3963 2122 4009 sancto

548 4049 813 4122 largiendi
838 4066 1033 4105 munus
1056 4050 1273 4112 habeat,
1306 4064 1413 4103 una
1441 4057 1495 4103 et
1520 4056 1579 4108 ut
1604 4048 1733 4102 velit
1761 4047 1810 4101 ei
1830 4062 1952 4101 cum
1966 4045 2125 4101 Patre

546 4142 825 4205 conrenit,
861 4149 916 4195 et
950 4149 1009 4195 ut
1047 4140 1186 4193 citra
1222 4139 1601 4194 necessitatem
1656 4140 1842 4203 ullam,
1881 4154 1980 4206 pro
2025 4153 2122 4193 sua

547 4230 812 4285 duntaxat
845 4227 1151 4282 incredibili
1201 4226 1535 4296 benignitate
1581 4224 1905 4280 beneﬁcium
1937 4226 2039 4280 hoc
2068 4227 2123 4281 iu

551 4322 841 4376 universos
892 4319 1159 4373 conferat.
1205 4318 1297 4371 Sic
1335 4333 1477 4387 quos
1513 4318 1748 4381 vocavit,
1791 4317 2125 4370 voluntarios

2226 3236 2399 3305 βάσιν,
2430 3237 2524 3289 καὶ
2546 3236 2643 3307 τὴν
2685 3236 2801 3289 ὁδὸν
2837 3234 2931 3289 τοῦ
2966 3235 3165 3303 φωτὸς.
3204 3229 3250 3288 ὦ
3274 3233 3567 3303 ἀγαπητοὶ,
3598 3233 3691 3284 καὶ
3726 3234 3815 3302 μὴ

2226 3328 2513 3396 σφαλῶμεν
2560 3326 2649 3379 διὰ
2694 3326 2801 3379 τῶν
2823 3326 2997 3392 λόγων
3034 3325 3142 3378 τῶν
3174 3324 3268 3378 τοῦ
3315 3323 3382 3378 δι’
3414 3324 3678 3386 ἐναντίας,
3709 3326 3810 3375 καὶ

2222 3418 2315 3469 τοῦ
2350 3417 2692 3487 βοσκήματος
2730 3417 2822 3469 τοῦ
2849 3416 3130 3487 ἀλλοτρίου
3166 3415 3493 3486 πνεύματος.
3530 3416 3671 3485 Ὅρα
3695 3415 3812 3485 γὰρ

2224 3510 2458 3562 ἐνταῦθα
2489 3510 2578 3561 τὸν
2609 3509 2779 3571 οὕτως
2817 3508 3143 3577 λαλήσαντα,
3172 3510 3300 3577 qua}
3315 3507 3586 3577 κασμένον
3611 3506 3815 3559 ἐαυτὸν

2224 3601 2598 3669 ἀποφήναντα,
2624 3598 2721 3668 οὐχ
2749 3598 2971 3669 ἑκουσίᾳ
2996 3596 3209 3668 γνώμῃ.
3252 3599 3309 3651 '0
3334 3598 3391 3650 δὲ
3420 3598 3623 3668 Κύριος
3644 3597 3813 3667 ἡμῶν

2224 3692 2321 3743 οὐκ
2346 3692 2491 3744 ἄκων
2512 3686 2671 3760 ἦλθεν
2711 3691 2789 3751 εἰς
2821 3689 2909 3740 τὸν
2957 3692 3179 3758 κόσμον,
3215 3688 3334 3741 οὐδὲ
3376 3688 3511 3757 μετά
3557 3689 3809 3757 ἀνάγκης

2225 3783 2332 3835 ἀπὸ
2355 3782 2565 3852 Πατρός
2594 3781 2870 3851 ἀπεστάλη
2892 3797 2905 3810 '
2944 3780 3080 3833 ἀλλὰ
3102 3780 3215 3850 ἅμα
3248 3781 3342 3833 σὺν
3365 3781 3540 3851 Πατρὶ
3569 3780 3708 3850 ἔχων
3744 3779 3816 3831 τὸ

2226 3871 2420 3934 θέλειν,
2472 3871 2564 3923 καὶ
2624 3872 2720 3922 σὺν
2778 3870 2917 3940 ἁγίῳ
2964 3869 3241 3939 Πνεῦματι
3288 3869 3349 3921 τὸ
3390 3869 3674 3939 παρέχειν,
3714 3869 3813 3920 καὶ

2225 3962 2483 4025 ὡσαύτως
2515 3961 2631 4032 ἅμα
2683 3963 2779 4015 σὺν
2811 3961 2887 4032 τῷ
2932 3962 3107 4030 Πατρὶ
3142 3960 3201 4012 τὸ
3225 3960 3402 4013 θέλειν
3444 3960 3580 4031 ἔχει,
3615 3960 3713 4012 καὶ
3746 3960 3815 4013 τὸ

2226 4055 2342 4122 οὐχὶ
2388 4054 2523 4123 μετά
2558 4052 2801 4121 ἀνάγκης
2850 4052 3057 4121 ταύτην
3106 4053 3206 4123 τὴν
3232 4052 3392 4123 χάριν
3418 4054 3554 4105 πᾶσι
3584 4051 3813 4113 διδόναι,

2226 4143 2368 4197 ἀλλά
2390 4144 2455 4196 δι’
2495 4143 2798 4213 ὑπερϐολὴν
2831 4142 3257 4211 φιλανθρωπίας.
3290 4142 3399 4196 Καὶ
3429 4142 3573 4194 οῦτω
3594 4142 3690 4193 καὶ
3713 4139 3812 4204 οὓς

2226 4235 2473 4295 ἐκάλεσε,
2520 4234 2657 4303 μετὰ
2694 4232 3062 4304 προαιρέσεως
3105 4233 3393 4303 κέκληκεν,
3425 4234 3527 4285 οὐκ
3557 4233 3817 4300 ἀνάγκην

2227 4325 2550 4386 ἐπιϐάλλων,
2579 4325 2638 4376 οὐ
2672 4324 2850 4377 κλοιὸν
2896 4324 3288 4395 ἐπιτιθέμενος.
3324 4318 3535 4376 Φάσκεῖ
3558 4323 3690 4392 γὰρ.
3725 4324 3816 4376 ὅτι

550 4413 739 4481 utique
770 4411 1000 4473 vocavit,
1054 4425 1164 4467 non
1215 4418 1275 4463 ut
1314 4410 1480 4462 ullam
1528 4410 1637 4462 vim
1690 4408 1992 4469 adhiberet,
2027 4414 2120 4460 aut

2224 4413 2534 4482 Διψῶντες.
2558 4413 2757 4466 ἔλθετε
2787 4414 2933 4481 πρὸς
2954 4414 3059 4483 μέτ’
3097 4416 3185 4469 καὶ
3219 4414 3410 4467 πάλιν·
3434 4414 3508 4465 El
3531 4430 3620 4476 τις
3647 4412 3815 4465 θέλει

549 4504 692 4557 collo
717 4501 995 4555 vinculum
1027 4501 1346 4555 innecteret.
1372 4499 1447 4552 Ita
1475 4500 1618 4553 enim
1638 4499 1903 4567 loquitur:
1926 4496 2119 4550 Omnes

550 4595 807 4659 sitientes,
840 4594 1002 4646 venite
1038 4590 1106 4644 ad
1140 4607 1219 4643 me
1263 4590 1304 4643 ³.
1346 4590 1477 4643 Item
1507 4608 1519 4643 :
1556 4588 1615 4644 Si
1655 4590 1770 4659 quis
1803 4588 1911 4641 vult
1950 4590 2122 4641 venire

549 4686 622 4739 ad
658 4700 757 4747 me,
789 4681 1003 4750 abneget
1030 4682 1382 4749 semetipsum,
1415 4694 1463 4733 et
1494 4690 1741 4749 sequatur
1766 4697 1844 4733 me
1878 4680 1918 4735 ⁵.
1953 4679 2119 4745 Quin-

548 4778 714 4831 etiam
746 4789 843 4843 per
870 4772 1065 4827 Isaiam
1092 4773 1167 4826 ita
1201 4772 1337 4826 dixit
1372 4792 1383 4825 :
1423 4769 1483 4825 Si
1525 4772 1791 4826 volueritis
1818 4781 1866 4825 et
1891 4774 2123 4827 audieri-

551 4867 618 4919 tis
654 4880 733 4918 me
769 4865 812 4918 ⁸.
850 4867 928 4928 Ae
961 4863 1240 4932 deinceps,
1266 4870 1327 4915 ut
1367 4861 1621 4930 quisnam
1652 4862 1965 4930 loqueretur
2007 4878 2126 4931 pro-

546 4954 711 5022 pheta
747 4953 1051 5008 declararet
1084 4970 1099 5007 :
1137 4950 1207 5006 0s
1231 4952 1392 5010 enim.
1432 4951 1626 5019 inquit,
1650 4949 1873 5003 Domini
1893 4951 2123 5005 locutum

545 5055 625 5100 est
673 5046 779 5099 ista
834 5046 875 5100 ⁸.
920 5044 1113 5099 Jamne
1155 5042 1310 5099 vides
1345 5044 1479 5099 istos
1508 5058 1633 5097 cum
1679 5044 1853 5098 sacris
1898 5042 2123 5099 Litteris

550 5138 700 5191 nulla
732 5153 799 5191 ex
835 5143 992 5206 parte
1028 5135 1342 5201 convenire,
1389 5134 1485 5189 sed
1519 5132 1897 5187 abhorrentem
1932 5148 1961 5186 a
1990 5149 2120 5189 con-

549 5236 818 5284 sentanea
856 5226 1055 5281 divina:
1080 5226 1201 5280 fidei
1232 5225 1480 5281 doctrina
1504 5224 1831 5278 sententiam
1854 5239 2125 5279 errorem-

549 5336 658 5391 que
695 5318 1028 5374 defendere?
1069 5317 1283 5372 Etenim
1322 5316 1613 5370 Maximilla
1651 5317 1896 5370 volentes
1939 5316 2124 5370 nolen-

550 5419 634 5465 tes
673 5425 866 5481 cogere
907 5425 966 5465 se
1004 5409 1241 5472 dicebat,
1289 5415 1346 5461 ut
1374 5406 1457 5460 vel
1494 5406 1596 5460 hoc
1628 5407 1747 5476 ipso
1785 5407 1930 5461 dicto
1971 5423 2121 5461 meu-

551 5502 767 5557 dacium
814 5501 934 5571 ejus
981 5502 1155 5571 possit
1196 5499 1442 5569 agnosci.
1500 5497 1633 5551 Nam
1693 5514 1793 5553 nec
1854 5500 2119 5563 volentes,

2226 4506 2504 4574 ἔρχεσθαι
2543 4502 2803 4572 πρὸςμέ,
2848 4504 3212 4572 ἀρνησάσθω
3258 4503 3497 4567 ἑαυτὸν,
3537 4504 3637 4556 καὶ
3663 4504 3802 4556 rixo-

2227 4597 2431 4650 λουθεί
2434 4614 2509 4648 τω
2521 4596 2754 4663 μοι.Καὶ
2768 4596 2852 4648 διὰ
2867 4597 3083 4649 Ἡσαΐου
3101 4596 3257 4648 τοῦτο
3273 4598 3403 4649 αὐτὸ
3416 4596 3816 4666 φθεγγόμενος,

2228 4686 2441 4752 ἔλεγεν
2483 4684 2622 4737 Ἐὰν
2667 4687 2899 4752 θέλητε,
2934 4685 3032 4738 καὶ
3063 4688 3474 4754 είσακούσητέ
3505 4705 3652 4755 μου.
3702 4688 3816 4741 Kal

2232 4776 2475 4847 ὕστερον,
2504 4777 2589 4828 ἵνα
2610 4776 2757 4849 δείξῃ
2781 4780 2811 4830 6
2841 4780 3144 4848 προφήτης,
3163 4781 3244 4832 ὃτι
3266 4780 3353 4841 τίς
3380 4783 3530 4833 ἐστιν
3556 4780 3587 4832 6
3610 4780 3818 4848 λέγων,

2228 4866 2331 4936 ἔφη
2354 4882 2365 4897 ·
2412 4868 2481 4921 Τὸ
2521 4866 2632 4934 γὰρ
2676 4869 2869 4936 στόμα
2902 4870 3123 4934 Κυρίου
3149 4869 3420 4936 ἐλάλησα
3454 4871 3662 4925 ταῦτα.
3700 4872 3818 4924 Kal

2228 4958 2359 5027 ὁρᾷς
2388 4957 2528 5009 κατὰ
2572 4958 2747 5010 πάντα
2785 4958 2986 5028 τρόπον
3010 4960 3109 5029 τὴν
3145 4960 3280 5030 πρὸς
3307 4960 3367 5013 τὸ
3398 4960 3541 5013 θεῖον
3572 4960 3821 5031 γράμμα

2226 5046 2429 5099 τούτων
2484 5047 2799 5116 διαφωνίαν,
2845 5050 2936 5101 καὶ
2970 5049 3069 5120 τὴν
3104 5050 3323 5105 ἀλλοίαν
3357 5052 3618 5105 ὑπόνοιάν
3640 5070 3702 5105 τε
3721 5052 3824 5105 καὶ

2228 5137 2493 5206 ὑπόληψιν
2524 5138 2673 5209 παρά
2698 5140 2797 5209 τὴν
2828 5138 2921 5191 τοῦ
2955 5140 3088 5193 Θεοῦ
3116 5141 3299 5195 πίστιν
3326 5144 3424 5196 καλ⁵
3453 5142 3820 5207 ἀκολουθίανς

2228 5228 2340 5281 Kal
2371 5227 2479 5298 γὰρ
2508 5229 2602 5281 καὶ
2633 5229 2941 5299 Μαξιμίλλα
2966 5232 3091 5293 τοὺς
3124 5231 3377 5296 θέλοντας
3402 5234 3499 5286 καὶ
3531 5234 3608 5303 μὴ
3632 5234 3823 5286 θέλον-

2226 5334 2324 5379 τας
2360 5317 2543 5386 ἔλεγεν
2596 5319 2925 5386 ἀναγκάζειν
2948 5338 2960 5350 ·
2998 5320 3073 5382 ὼς
3101 5322 3195 5373 καὶ
3219 5322 3281 5386 ἐξ
3321 5323 3490 5376 αὐτοῦ
3516 5323 3615 5376 τοῦ
3647 5324 3823 5394 ῥητοῦ

2225 5406 2483 5476 ψεύσεται
2514 5411 2547 5479 ἡ
2585 5410 2828 5481 τοιαύτη.
2862 5410 2999 5463 Οῦτε
3022 5410 3130 5482 γὰρ
3151 5411 3404 5477 θέλοντας
3433 5414 3641 5478 ἐδίδαξε
3671 5415 3825 5483 γνῶ-

2227 5517 2309 5553 σιν
2338 5501 2492 5566 Θεοῦ,
2519 5504 2584 5571 ἢν
2614 5503 2711 5555 οὐκ
2730 5502 2862 5573 ᾔδει,
2892 5503 3010 5556 οὐδὲ
3041 5505 3166 5568 τοὺς
3191 5506 3268 5577 μὴ
3297 5506 3551 5572 θέλοντας
3573 5512 3825 5580 ἠνάγκα-

624 5615 644 5647 ί
681 5614 702 5669 ι
736 5615 860 5670 Cor.
894 5630 992 5681 xu,
1023 5615 1110 5669 il.
1186 5617 1206 5646 ²
1233 5611 1391 5667 Joan.
1418 5629 1471 5676 κ,
1505 5612 1595 5677 56;
1619 5630 1671 5678 v,
1698 5614 1787 5668 25.
1865 5615 1885 5646 ⁸
1920 5616 2023 5669 lsa.
2060 5630 2120 5668 ιν

2226 5654 2238 5667 .
2315 5614 2337 5645 ⁸
2366 5616 2551 5672 Matth.
2587 5634 2694 5683 xvr,
2734 5618 2822 5671 24.
2901 5620 2921 5650 ⁸
2950 5617 3055 5674 lsa.
3089 5634 3126 5685 ι,
3153 5619 3244 5675 19.
3320 5624 3342 5656 ⁸
3370 5620 3475 5677 lsa.
3507 5638 3669 5691 ινιιι,
3699 5625 3795 5681 Η.

625 5729 727 5797 (3’)
768 5728 927 5785 Forte
956 5728 1240 5801 lcgmdum
1270 5728 1336 5781 ἂν
1370 5728 1565 5794 ἐλάλει,
1607 5729 1683 5783 vel
1719 5728 1888 5783 λαλεῖ.
1924 5728 2080 5785 Εοιτ.

2224 5745 2341 5785 MOI.
2355 5774 2364 5785 .
3232 5711 3243 5719 ς
