4186 6374
384 395 492 452 877

995 389 1365 446 ADVERSUS
1404 387 1749 443 ΗΑΞΚΕΞΕΞ
1791 385 1919 441 LIB.
1964 387 1974 438 l

2077 385 2239 442 TOM.
2280 387 2296 439 Ι
2338 418 2407 426 -
2448 385 2727 441 IUERES.
2768 386 2999 442 XLVIII.

3531 390 3637 442 878

382 523 497 561 σεν.
549 506 757 559 Αὐτίκα
800 506 861 559 ού
914 498 1113 570 πάντες
1152 509 1203 559 οἱ
1250 508 1310 558 ὲν
1337 505 1415 575 τῷ
1452 509 1641 575 κόσμῳ
1667 503 1861 564 οἴδασι,
1909 501 1961 554 τί

2077 499 2186 567 Dei,
2219 516 2382 569 quam
2408 515 2518 555 non
2563 500 2817 562 habebat,
2853 501 3217 569 cognitionem
3250 499 3504 561 edocuit;
3546 516 3638 554 ne-

382 600 531 650 ἐστιν
569 598 739 667 ὄνομα
801 597 1169 668 Μαξιμίλλης,
1200 600 1319 651 οὐδὲ
1347 599 1455 651 τῶν
1494 598 1661 668 αὐτῆς
1706 597 1876 664 λόγων
1899 594 1961 647 τὸ

382 687 779 759 παράφθεγμα.
844 690 954 742 Καὶ
1006 689 1149 741 κατὰ
1182 689 1358 742 πάντα
1410 689 1613 760 τρόπον
1651 687 1897 740 διέπεσεν
1926 687 1960 755 ἠ

380 781 587 834 τούτων
621 781 1011 853 πεπλανημένη
1040 782 1389 847 ὲπίνοια,οὐκ
1417 778 1555 836 οὖσα
1587 784 1685 853 τῆς
1714 778 1809 833 τοῦ
1826 778 1959 831 Θεοῦ

380 872 662 945 ἀληθείας.

454 1049 554 1101 IA'.
585 1048 798 1118 Τιμῶσι
831 1049 888 1101 δὲ
945 1050 994 1101 οἱ
1038 1049 1265 1103 τοιοῦτοι
1296 1052 1392 1104 καὶ
1418 1049 1580 1103 τόπον
1607 1049 1727 1102 τινὰ
1759 1049 1962 1119 ἔρημον

384 1145 443 1195 ὲν
470 1145 534 1213 τῇ
557 1144 787 1214 Φρυγία,
824 1144 1108 1208 Πὲπουζὰν
1136 1163 1265 1199 ποτε
1301 1146 1642 1217 καλουμένην
1666 1146 1838 1209 πόλιν,
1868 1145 1965 1198 νῦν

384 1235 445 1287 δὲ
487 1236 880 1305 ηδαφισμένην.
918 1238 1028 1291 Καί
1056 1255 1219 1305 φασιν
1250 1240 1425 1291 ἐκεῖσε
1466 1238 1707 1291 κατιέναι
1734 1237 1831 1307 τὴν
1852 1238 1965 1291 ἅνω

395 1327 768 1398 Ἰερουσαλήμ.
803 1328 968 1383 ’Όθεν
1001 1331 1365 1401 ἀπερχόμενοι
1394 1332 1668 1403 μυστήριά
1696 1348 1815 1384 τινα
1846 1335 1964 1384 ἑπι-

383 1418 628 1472 τελοῦσιν
662 1420 718 1470 ἐν
740 1419 817 1489 τῷ
839 1421 1010 1490 τόπῳ,
1052 1422 1149 1473 καὶ
1176 1421 1517 1488 ἁγιάζουσιν,
1539 1422 1614 1484 ὡς
1644 1421 1964 1491 ὑπολαμϐά-

385 1526 584 1565 νουσιν.
628 1511 786 1564 Ἔστι
826 1512 933 1583 γὰρ
967 1512 1061 1564 καὶ
1111 1512 1171 1565 τὸ
1204 1514 1361 1581 γένος
1401 1516 1459 1565 ὲν
1495 1516 1558 1584 τῇ
1598 1512 1965 1583 Καππαδοκίᾳ

386 1601 481 1655 καὶ
524 1602 778 1674 Γαλατίᾳ,
825 1604 919 1656 καὶ
965 1606 1023 1656 ὲν
1051 1607 1116 1675 τῇ
1166 1605 1540 1678 προειρημένῃ
1580 1605 1966 1676 Φρυγίᾳοὸθεν

390 1692 542 1746 κατὰ
562 1695 796 1763 Φρύγας
815 1696 849 1765 ἡ
872 1695 1083 1765 αἵρεσις
1098 1696 1513 1760 καλεῖται’ἷὰλλὰ
1541 1697 1633 1749 καὶ
1656 1700 1711 1750 ἐν
1728 1696 1964 1767 Κιλικίᾳ,

389 1785 487 1837 καὶ
517 1786 575 1838 ὲν
611 1786 1176 1841 Κωνσταντινουπόλει
1198 1788 1259 1841 τὸ
1284 1789 1551 1842 πλεῖστον.

458 2051 575 2104 Ἵνα
610 2050 667 2104 δὲ
724 2051 887 2122 μηδὲν
922 2051 1336 2120 καταλείψωμεν
1371 2050 1446 2120 (Α)
1487 2053 1594 2103 τῶν
1631 2051 1765 2121 πρὸς
1788 2052 1966 2122 ,ὄνομα

387 2144 625 2213 ἑκάστης
686 2144 951 2214 αἱρέσεως
1000 2144 1088 2211 ὑφ’
1139 2143 1297 2213 ἡμῶν
1334 2142 1844 2213 προδεδηλωμένης,
1873 2143 1967 2195 κοιλ⁸

389 2238 516 2308 περὶ
544 2235 637 2288 τοῦ
696 2236 1175 2307 Τασκοδρουγιτῶν
1208 2236 1469 2305 ὀνόματος
1513 2232 1667 2297 αὖθις
1715 2235 1966 2306 ἐροῦμεν.

392 2329 549 2380 ’Ἐστι
593 2328 701 2400 γὰρ
730 2329 789 2381 τὺ
813 2328 982 2398 ὄνομα
1009 2328 1168 2380 τοῦτο
1207 2328 1238 2396 ἢ
1280 2329 1337 2379 ὲν
1365 2328 1502 2397 αὐτῇ
1533 2327 1726 2399 ταύτῃ,
1760 2328 1792 2397 ἢ
1824 2330 1879 2379 ὲν
1902 2330 1968 2397 τῇ

392 2418 532 2489 μετὰ
550 2420 754 2491 ταύτην
787 2420 895 2473 τῶν
927 2419 1343 2472 Κυϊντιλλιανών
1366 2419 1703 2491 καλουμένῃ⁹
1745 2419 1838 2471 ἀπ’
1877 2420 1973 2470 αύ-

387 2512 496 2566 τῶν
533 2512 641 2583 γὰρ
674 2512 878 2564 τούτων
912 2514 1148 2583 ὁρμᾶται
1189 2512 1284 2563 καὶ
1323 2510 1481 2563 τοῦτο
1515 2510 1576 2562 τὸ
1628 2511 1817 2580 ὄνομα,
1865 2511 1971 2562 Κα-

388 2604 607 2658 λοῦνται
665 2605 722 2657 δὲ
799 2604 887 2656 διὰ
949 2603 1205 2671 τοιαύτην
1262 2603 1441 2655 αἰτίαν
1488 2602 1970 2673 Τασκοδρουγῑται.

395 2698 608 2759 Τασκὸς
636 2698 766 2768 παρ’
807 2697 990 2757 αὐτοῖς
1026 2696 1301 2757 πάσσαλος
1337 2694 1413 2762 (5ι
1444 2694 1726 2747 καλεῖται·
1760 2692 1973 2761 δροῦτ-

394 2807 501 2857 τος
528 2788 585 2841 δὲ
622 2787 855 2858 μυκτὴρ,
891 2789 1065 2840 εῐτουν
1089 2787 1286 2856 ῥύγχος
1312 2785 1550 2837 καλεῖται
1573 2801 1587 2814 ο
1624 2786 1718 2837 καὶ
1744 2784 1850 2836 ἀπὸ
1880 2783 1973 2836 τοῦ

392 2880 598 2934 τιθέναι
652 2880 861 2933 ἑαυτῶν
902 2880 992 2932 τὸν
1020 2877 1277 2932 δάκτυλον
1310 2877 1402 2928 τὸν
1441 2876 1732 2945 λεγόμενον
1761 2875 1977 2945 λιχανὸν

394 2972 489 3025 ἐπὶ
523 2972 613 3025 τόν
659 2972 915 3043 μυκτῆρα
947 2973 1003 3023 ὲν
1040 2970 1117 3039 τῷ
1160 2969 1434 3039 εὔχεσθαι,
1482 2968 1644 3038 δῆθεν
1675 2967 1977 3036 κατηφείας

397 3064 576 3134 χάριν,
598 3065 691 3117 καὶ
711 3062 1227 3132 ὲθελοδικαιοσύνης,
1256 3060 1563 3131 ἐκλήθησαν
1581 3059 1683 3111 ὑπό
1697 3076 1856 3111 τινων
1870 3060 1912 3109 Τ
1917 3076 1979 3109 α-

393 3157 1054 3227 σκοδρουγῖται,τουτέστι
1087 3154 1678 3220 Πασσαλορυγχῒται.
1702 3151 1788 3201 Ἐν
1806 3149 1977 3219 ταύτῃ

391 3242 451 3296 δὲ
482 3246 548 3313 τῇ
578 3243 806 3313 αἱρέσει.
899 3246 955 3295 ἐν
976 3246 1040 3313 τῇ
1068 3242 1285 3311 συζύγῳ
1314 3241 1516 3309 ταύτης
1548 3241 1646 3309 τῆς
1671 3238 1778 3290 τῶν
1810 3240 1976 3290 Κυϊν-

392 3336 701 3401 τιλλιανῶν,
744 3337 917 3389 εῐτουν
960 3334 1410 3407 Πρισκιλλιανῶν,
1452 3333 1544 3384 καὶ
1594 3329 1976 3393 Πεπουξιανῶν

394 3428 726 3498 καλουμένῃ,
775 3426 945 3479 δεινόν
974 3444 1026 3478 τι
1059 3426 1151 3477 καὶ
1201 3424 1455 3491 ἀθέμιτον
1489 3422 1646 3491 ἔργον
1681 3420 1814 3488 φασὶ
1835 3420 1979 3487 γίνε-

396 3519 542 3573 σθαι.
570 3520 745 3573 Παῖδα
770 3520 878 3589 γὰρ
919 3518 1112 3588 κομιδῇ
1141 3519 1331 3587 νήπιον
1365 3515 1505 3567 κατὰ
1536 3515 1728 3584 ἑορτήν
1757 3529 1876 3565 τινα
1911 3513 1976 3563 δι’

395 3614 517 3668 ὅλου
551 3613 645 3666 τοῦ
674 3612 923 3683 σώματος
966 3608 1407 3670 κατακεντῶντες
1430 3607 1615 3677 ῥαφίσι
1645 3603 1891 3673 χαλκαῖς,
1918 3604 1980 3656 τὸ

399 3698 540 3775 αἷμα
572 3702 736 3756 αὐτοῦ
788 3700 1246 3773 προσπορίζονται
1275 3698 1485 3758 ἑαυτοῖς
1520 3695 1599 3755 εἰς
1635 3690 1978 3761 ἐπιτήδευσιν

396 3796 556 3865 δῆθεν
586 3795 798 3857 θυσίας.

472 3882 571 3934 1Ε’.
618 3880 867 3950 Ἀρκὲσει
891 3879 947 3932 δὲ
984 3882 1115 3948 ἡμῖν
1158 3877 1194 3931 ἂ
1240 3878 1333 3929 καὶ
1364 3877 1493 3946 περὶ
1523 3877 1723 3947 ταύτης
1747 3878 1976 3947 εἰρήκα-

403 3990 528 4042 μεν,
570 3965 614 4024 ὦ
662 3970 1003 4041 ἐπιπόθητοι.
1046 3966 1520 4038 Ἐπηγγειλάμεθα
1569 3968 1672 4039 γὰρ
1708 3969 1815 4020 ἀπὸ
1848 3968 1979 4020 ἑκά-ι

401 4079 531 4131 στης
559 4062 659 4130 τῆς
681 4062 697 4093 ί
731 4062 825 4131 μὲν
849 4061 1112 4131 αἱρέσεως
1132 4059 1205 4129 μὴ
1232 4058 1515 4128 φθονῆσαι,
1542 4060 1678 4112 ἀλλὰ
1708 4062 1979 4129 ὐποῳῆναι

400 4156 454 4207 ετ
487 4170 547 4206 τε
599 4153 665 4206 δι’
722 4153 909 4221 ἀκοῆς,
954 4151 989 4204 ἃ
1031 4168 1087 4203 τε
1119 4150 1222 4203 ὑπὸ
1253 4151 1563 4220 ἐγγράφων,
1608 4153 1700 4203 καὶ
1732 4153 1765 4204 ἆ
1791 4169 1846 4203 τε
1878 4151 1982 4202 ὑπό

400 4262 559 4299 τινων
592 4244 805 4314 ἀληθῶς
830 4243 1258 4313 πιστωσαμὲνων
1293 4243 1389 4311 τὴν
1414 4241 1569 4311 ἡμῶν
1605 4243 1811 4295 ἔννοιαν
1845 4260 1981 4293 κατ-

400 4333 700 4405 ειληφαμεν
721 4349 735 4364 ⁸
770 4334 880 4393 ἵνα,
917 4332 1081 4402 μηδὲν
1130 4350 1183 4384 τι
1217 4333 1468 4401 περιττὸν
1499 4325 1572 4383 ὧν
1605 4332 1703 4398 (τε)
1736 4332 1980 4400 ἔγνωμεν

402 4426 779 4496 ποιησάμενοι,
813 4425 916 4477 ὑπὸ
953 4424 1255 4494 συνείδησιν
1287 4422 1527 4491 δόξωμεν
1559 4418 1716 4485 εἶναι,
1756 4423 1827 4493 μὴ
1848 4424 1981 4492 ὀρθὰ

402 4522 497 4575 καὶ
553 4519 706 4573 αὐτοὶ
761 4518 1179 4588 ὲφευρίσκοντες
1232 4516 1373 4569 κατὰ
1421 4514 1721 4587 ἀνθρώπων
1765 4514 1974 4581 λέγειν,

2067 610 2173 664 que
2211 595 2319 648 vim
2368 594 2683 649 nolentibus
2715 585 2915 648 attulit.
2955 592 3076 647 Non
3124 593 3268 647 enim
3307 609 3499 650 omnes
3546 595 3640 665 qui

2064 692 2182 739 toto
2219 686 2353 740 orbe
2386 694 2534 743 sunt.
2576 684 2883 739 Maximilla:
2922 699 3119 738 nomen
3148 684 3351 746 sciunt,
3395 692 3489 738 aut
3522 686 3642 752 ejus

2066 775 2203 830 falsa
2237 777 2491 846 dogmata
2518 785 2571 830 et
2598 792 2879 832 sermones
2923 777 3232 830 audierunt.
3284 774 3375 829 Sic
3414 778 3641 829 omnino

2066 868 2297 921 conﬁcta
2357 868 2574 922 illorum
2620 869 2831 922 somnia
2894 883 3156 939 nugaeque
3220 869 3536 933 concidunt,
3582 876 3643 922 ut

2065 976 2185 1030 quae
2215 960 2351 1013 nihil
2395 961 2635 1014 habeant
2675 976 2798 1015 cum
2826 960 3010 1015 divina
3052 962 3281 1015 veritate
3325 976 3637 1016 commune.

2110 1050 2298 1123 ’416
2313 1052 2451 1106 XIV.
2477 1052 2744 1107 Caeterum
2768 1054 2928 1107 iidem
2955 1054 3032 1107 illi
3054 1054 3328 1127 desertum
3348 1055 3637 1124 quemdam

2068 1144 2122 1198 in
2153 1144 2383 1214 Phrygia
2412 1146 2588 1199 locum
2620 1147 2891 1215 prmcipue
2908 1155 3257 1212 venerantur,
3288 1148 3377 1201 ubi
3424 1146 3638 1216 Pepuza

2066 1237 2341 1305 quondam
2376 1238 2635 1307 oppidum
2673 1238 2795 1302 fuit,
2833 1237 2978 1306 quod
3022 1238 3183 1292 hodie
3214 1240 3330 1293 solo
3368 1249 3638 1309 aequatum

2066 1338 2170 1382 cst.
2207 1329 2285 1383 Eo
2318 1331 2583 1399 siquidem
2618 1330 2947 1384 descendere
2979 1331 3256 1383 caelestem
3300 1330 3641 1383 Hierusalem

2067 1419 2354 1474 afﬁrmant.
2421 1421 2561 1491 Ergo
2613 1423 2705 1474 illo
2763 1420 3205 1491 proﬁciscuntur,
3261 1438 3324 1475 ac
3386 1424 3641 1491 mysteria

2067 1513 2314 1581 quaedam
2373 1513 2602 1577 obeunt,
2662 1515 2944 1584 sacrisque
3006 1516 3344 1569 caaremoniis
3395 1532 3491 1582 pro
3543 1529 3642 1567 sua

2068 1604 2325 1673 opinione
2373 1605 2672 1658 celebrant.
2708 1606 2804 1659 Est
2832 1606 2975 1659 enim
3026 1607 3301 1659 hominum
3338 1608 3427 1659 illa
3476 1606 3643 1659 factio

2068 1712 2166 1764 per
2209 1693 2629 1765 Cappadociam,
2670 1696 2955 1759 Galatiam,
3009 1696 3430 1767 Phrygiamque,
3476 1714 3641 1767 quam

2069 1793 2195 1839 ante
2229 1787 2801 1851 commemoravimus,
2835 1786 3112 1856 dispersa;
3149 1788 3291 1842 unde
3341 1797 3394 1842 et
3444 1805 3613 1841 secun.

2072 1876 2196 1929 dum
2237 1876 2477 1946 Phrygas
2521 1886 2668 1929 secta
2721 1876 2941 1930 dicitur.
2994 1876 3099 1931 Sed
3145 1888 3197 1931 et
3241 1878 3295 1930 in
3330 1877 3540 1941 Cilicia,
3588 1882 3646 1931 et

2000 1954 2040 2008 Β
2070 1965 2540 2033 Constantinopoli
2573 1964 3013 2034 frequentissima
3044 1966 3306 2018 cernitur.

2139 2055 2425 2111 Postremo
2467 2071 2536 2109 ne
2579 2056 2709 2125 quid
2734 2056 3003 2124 _omisisse
3048 2056 3352 2120 videamur,
3395 2057 3538 2125 quod
3578 2056 3646 2110 ad

2071 2148 2408 2218 singularum
2443 2149 2959 2216 emnprelrensarum
2999 2163 3028 2200 a
3055 2149 3213 2201 nobis
3246 2149 3521 2203 haereseon
3554 2165 3648 2218 ap-

2072 2241 2424 2310 pellationem
2475 2241 2749 2309 pertinet,
2810 2243 2877 2295 de
2932 2241 3454 2310 Tascodrugitarum
3512 2257 3648 2297 voce

2074 2329 2336 2382 nonnulla
2368 2329 2599 2383 dicenda
2626 2337 2773 2383 sunt.
2810 2327 2923 2382 Hoc
2961 2331 3104 2383 enim
3139 2344 3335 2384 nomen
3363 2332 3446 2385 vel
3479 2347 3648 2400 penes

2076 2420 2212 2473 hanc
2247 2420 2444 2489 ipsam,
2487 2420 2569 2473 vel
2603 2436 2768 2488 penes
2798 2430 3115 2488 sequentem
3165 2421 3647 2486 Quintillianorum

2076 2512 2308 2566 haeresin
2372 2511 2594 2566 resedit.
2665 2510 2907 2565 Indidem
2963 2513 3107 2565 enim
3166 2513 3266 2566 hoc
3320 2512 3682 2566 vocabulum.

2075 2604 2340 2673 originem
2390 2606 2618 2672 accepit.
2669 2592 2837 2673 Igitur
2869 2602 3281 2673 Tascodrugita':
3316 2604 3520 2658 idcirco
3555 2620 3649 2659 co-

2076 2692 2374 2762 gnominati
2404 2702 2554 2753 sunt,
2593 2693 2739 2759 quod
2773 2693 2975 2755 τασκός
2998 2695 3214 2746 illorum
3247 2694 3428 2762 lingua
3473 2695 3652 2762 paxil-

2080 2781 2185 2835 lum
2201 2783 2500 2853 signiﬁcat;
2524 2783 2788 2853 δροῢγκος
2817 2800 2942 2838 vero
2982 2801 3190 2848 nasum,
3244 2785 3357 2839 sive
3392 2798 3647 2841 rostrum.

2079 2871 2234 2938 Quod
2265 2876 2431 2944 igitur
2463 2876 2605 2929 inter
2636 2877 2899 2929 orandum
2936 2876 3168 2930 indicem
3197 2891 3390 2930 manus
3421 2875 3650 2946 digitum

2081 2981 2216 3021 naso
2267 2968 2574 3036 imponunt,
2606 2976 2665 3021 ut
2714 2968 2881 3020 animi
2920 2968 3223 3031 tristitiam,
3256 2976 3309 3023 et
3344 2968 3651 3023 affectatam

2080 3059 2370 3126 quamdam
2413 3060 2758 3114 sanctitatem
2808 3074 2920 3127 prie
2963 3075 3021 3114 se
3071 3060 3270 3123 ferant,
3302 3076 3331 3112 a
3372 3062 3651 3115 nonnullis

2080 3148 2202 3203 ideo
2232 3148 2639 3220 Tascodrugitae
2672 3152 3047 3215 nominantur,
3084 3155 3242 3221 quasi
3277 3152 3654 3208 Paxillonaso-

2082 3258 2171 3295 nes
2205 3241 2429 3296 dixeris.
2470 3243 2577 3296 Sed
2622 3243 2678 3296 in
2721 3244 2825 3297 hac
2859 3243 3124 3307 Montani,
3176 3246 3258 3300 vel
3294 3247 3348 3299 in
3384 3247 3502 3316 ejus
3529 3263 3653 3317 ger-

2081 3349 2242 3387 mana
2280 3334 2783 3399 Quintillianorum,
2822 3344 2915 3389 aut
2963 3346 3111 3392 certe
3161 3336 3651 3401 Priscillianorum,

2079 3436 2133 3480 et
2177 3424 2610 3494 Pepuzianorum
2654 3427 2844 3482 hatresi
2903 3428 3232 3482 horrendum
3290 3431 3547 3499 quiddam
3588 3446 3654 3485 ac

2080 3514 2461 3569 detestandum
2496 3516 2610 3569 ﬁeri
2653 3516 2871 3569 dicitur.
2908 3516 3039 3569 Nam
3076 3518 3403 3573 infantulum
3437 3534 3534 3589 per
3562 3536 3654 3574 so-

2082 3606 2260 3660 lemne
2298 3607 2569 3676 quoddam
2610 3607 2805 3661 festum
2854 3610 3061 3664 acubus
3088 3612 3245 3664 aereis
3277 3619 3392 3664 toto
3426 3626 3655 3679 corpore

2081 3705 2407 3763 pungenles,
2437 3706 2722 3765 exceptum
2750 3698 3072 3766 sanguinem
3102 3701 3386 3755 sacriﬁciis
3411 3702 3527 3755 suis
3554 3701 3655 3753 ad-

2082 3786 2286 3839 bibent.

2153 3876 2269 3931 XV.
2324 3876 2427 3930 Sed
2484 3877 2546 3931 de
2603 3878 2705 3931 bac
2765 3878 2957 3932 haeresi
3012 3880 3145 3934 satis
3198 3881 3479 3936 hactenus.
3543 3881 3657 3936 Iloc

2080 3968 2226 4021 enim
2271 3967 2325 4020 in
2372 3983 2697 4036 unaquaque
2729 3970 3106 4038 suscepimus;
3144 3972 3281 4023 nihil
3334 3981 3393 4025 ut
3442 3981 3657 4041 praeter-

2083 4060 2441 4121 mitteremus,
2487 4060 2578 4111 sed
2627 4060 2859 4129 ingenue
2908 4063 3462 4126 communicaremus,
3508 4065 3653 4133 quod

2083 4149 2163 4202 vel
2183 4150 2458 4203 auditione
2475 4161 2831 4217 compertum,
2858 4152 2937 4204 vel
2968 4152 3198 4203 aliorum
3230 4153 3450 4221 scriptis
3478 4156 3658 4223 prodi‘

2084 4247 2219 4299 tum,
2250 4239 2334 4291 vel
2380 4239 2788 4300 nonnullorum,
2834 4240 2927 4307 qui
2968 4240 3123 4293 Iidem
3158 4241 3317 4295 nobis
3369 4240 3652 4305 fecissent,

2084 4329 2467 4384 testiﬁcatione
2516 4330 2795 4399 cognitum
2849 4331 3177 4385 haberemus
3222 4350 3234 4384 :
3285 4348 3353 4387 ne
3400 4334 3446 4388 si
3499 4336 3655 4403 plura

2083 4438 2247 4493 quam
2296 4437 2416 4490 qua:
2459 4424 2793 4490 accepimus,
2840 4423 3099 4476 mandare
3140 4423 3359 4492 scriptis
3403 4425 3654 4490 velimus,

2085 4512 2137 4564 in
2170 4528 2289 4565 eam
2341 4514 2709 4584 suspicionem
2761 4515 2955 4567 merito
3000 4514 3308 4580 veniamus,
3356 4532 3518 4584 prava
3554 4534 3656 4572 nos

401 4610 539 4665 ἀλλὰ
604 4609 1000 4668 ὑποπίπτοντες
1047 4606 1226 4668 πάθει,
1274 4599 1318 4672 ᾧ
1350 4606 1443 4657 καὶ
1490 4605 1641 4657 αὐτοὶ
1677 4605 1974 4666 ὑπέπεσαν,

2086 4604 2331 4672 quaedam
2382 4615 2435 4659 et
2482 4604 2718 4659 absurda
2776 4621 2840 4659 eo
2883 4606 3217 4661 conﬁnxisse
3264 4609 3465 4671 studio,
3500 4621 3558 4663 ut
3589 4612 3657 4665 ad

401 4701 657 4770 ἀλήθειαν
690 4699 763 4769 μὴ
785 4698 1051 4765 λέγοντες,
1084 4696 1219 4748 ἀλλὰ
1247 4695 1608 4766 κηρύσσοντες
1637 4695 1671 4749 ἂ
1709 4696 1781 4765 μὴ
1812 4696 1986 4765 ὲωράο

405 4809 585 4854 κασιν,
617 4791 735 4843 οὐδὲ
765 4787 1161 4860 ἡκουσαν,οὐδὲ
1189 4788 1341 4858 παρὰ
1369 4787 1468 4856 τῆς
1488 4787 1701 4856 άληθῶς
1729 4788 1983 4842 διδασκα-

406 4887 526 4949 λίας
575 4884 670 4938 τοῦ
711 4885 862 4951 ἁγίου
904 4883 1220 4952 Πνεύματος
1250 4881 1669 4951 παρειλήφασιν.
1716 4882 1982 4952 Ἀκριϐὦς

407 4980 467 5033 δὲ
497 4979 696 5035 πάντα.
713 4977 788 5038 ὡς
818 4975 971 5043 ἔφην,
996 4972 1394 5044 διεξερχόμενοι
1430 4971 1556 5041 περὶ
1581 4972 1815 5042 ἑκάστης
1833 4972 1981 5043 αίρέ-

405 5086 561 5132 σεως,
617 5068 678 5121 τὸ
714 5068 809 5138 μὲν
852 5065 1025 5118 δεινὸν
1076 5062 1551 5124 ἀποκαλύπτοντες
1594 5064 1674 5124 εἰς
1699 5062 1981 5132 διόρθωσιν

400 5161 510 5215 τῶν
538 5157 1108 5229 παρεντυγχανόντων,
1144 5156 1239 5207 καὶ
1272 5154 1360 5207 διὰ
1401 5155 1497 5224 τῆς
1527 5154 1841 5224 ἀνατροπῆς
1871 5155 1981 5208 τῶν

402 5252 511 5305 ἀπὸ
538 5250 694 5304 θείων
718 5249 912 5318 λόγων,
932 5250 1026 5301 καὶ
1057 5247 1116 5313 ἐξ
1148 5245 1323 5317 ὀρθῶν
1352 5245 1624 5314 λογισμῶν
1648 5244 1979 5315 ποιούμενοι,

406 5342 631 5407 ίατικὸν,
681 5340 757 5404 ὡς
795 5342 987 5400 εἰπεῖν,
1014 5339 1302 5408 φάρμακον
1338 5335 1478 5388 κατὰ
1503 5334 1715 5397 διττοὺς
1748 5336 1981 5407 τρόπους

474 5456 493 5488 ι
525 5456 639 5511 Del.
665 5456 786 5526 τῆς,
823 5463 875 5510 et
904 5469 1025 5507 mox
1058 5454 1162 5522 leg.
1188 5452 1282 5505 ἆτε
1310 5450 1375 5503 δι’
1408 5434 1526 5502 ἀκο.

470 5565 552 5639 (4)
593 5568 719 5622 Ἵνα
756 5566 823 5620 δὲ
861 5564 1056 5639 μηδὲν
1090 5557 1976 5639 καταλείψωμενλ,Τίιοομοιοιιιδ

407 5628 746 5694 Ascodrutas
766 5680 803 5710 ,_
832 5628 915 5710 vel
934 5628 1372 5710 ‘Ascodrupitas,
1399 5632 1519 5710 sive
1550 5628 1975 5710 Tascodrupitas

405 5711 684 5791 appellat;
715 5708 807 5777 qui
836 5708 1049 5791 illorum
1079 5702 1330 5791 djogmata
1362 5701 1606 5791 pluribus
1628 5702 1972 5791 exsequitur.

407 5770 749 5835 P'h'ilastrius'
783 5793 909 5833 vero
951 5770 1341 5843 Ascodrogitas
1372 5770 1430 5825 'a
1490 5770 1979 5839 I’assalorynchitis

408 5851 665 5905 secernit.

2086 4697 2465 4751 hazreticorum
2511 4697 2766 4750 invidiam
2800 4698 2867 4752 iis
2912 4699 3332 4761 ascriberemus,
3358 4700 3658 4771 eodemque

2086 4801 2195 4856 quo
2229 4788 2306 4840 illi
2340 4788 2570 4840 crimine
2606 4799 2909 4851 teneamur,
2945 4789 3037 4857 qui
3072 4789 3182 4843 veri
3218 4790 3351 4843 nihil
3386 4790 3656 4857 aderunt;

2086 4880 2179 4934 sed
2208 4894 2329 4948 qua:
2360 4895 2635 4949 nunquam
2668 4888 2762 4933 aut
2792 4881 3086 4943 audierint,
3122 4891 3213 4933 aut
3258 4883 3517 4949 viderint,
3564 4894 3659 4937 aut

2084 4986 2341 5039 germana
2398 4970 2637 5039 Spiritus
2694 4971 2871 5024 sancti
2906 4971 3198 5042 disciplina
3255 4972 3568 5036 didicerint,
3602 4975 3657 5029 in

2085 5062 2322 5116 medium
2368 5063 2668 5116 adducunt.
2708 5062 2842 5114 Cum
2898 5063 3063 5132 igitur
3100 5073 3374 5129 accurate,
3421 5074 3481 5117 ut
3516 5065 3658 5117 dixi-

2085 5169 2228 5219 mus,
2263 5156 2446 5209 omnia
2477 5170 2596 5225 qua:
2628 5153 2790 5225 417
2830 5153 2898 5207 ad
2940 5170 3381 5223 unamquamque
3409 5163 3657 5224 spectant

2086 5247 2319 5301 haaresin
2370 5246 2918 5315 comprehendamus,
2973 5246 3108 5301 adeo
3150 5255 3209 5299 ut
3253 5247 3398 5316 quod
3447 5248 3503 5302 in
3550 5248 3659 5303 illis

2086 5340 2378 5393 exitiosum
2416 5346 2520 5401 est,
2554 5355 2617 5391 ac
2650 5336 2989 5407 pestiferum,
3023 5339 3089 5393 ad
3117 5339 3379 5392 lectorum
3409 5341 3660 5395 emenda-

2158 5558 2234 5625 (5)
2254 5555 2481 5619 Τασκὸς
2493 5559 2628 5635 παρ’
2640 5556 3195 5635 αρτοῖςήπάσρναλος,
3212 5564 3374 5635 x_.1:.é.
3403 5564 3621 5635 Drungu
3632 5582 3659 5621 s

2084 5644 2187 5682 vox
2223 5635 2306 5679 est
2336 5641 2366 5679 a
2398 5626 2796 5698 recentioribus
2822 5626 3025 5683 Graecis
3074 5633 3324 5698 perinde,
3358 5650 3420 5688 ac
3448 5626 3657 5691 Lativnis

2083 5704 2369 5769 usurpata,
2414 5712 2575 5769 quam
2627 5712 2657 5749 a
2696 5694 2885 5769 Graeca
2922 5694 3121 5769 ρύγχός
3172 5694 3438 5757 detortam
3481 5707 3654 5759 innuit

2089 5764 2451 5846 Epiphanius?
2474 5764 2785 5846 Vegetalib.
2825 5783 2882 5820 ιιι
2908 5764 2933 5829 ,⁷
2960 5764 3112 5822 οζΊϐ
3166 5781 3217 5824 et
3261 5773 3531 5844 lﬂ'glnbos
3562 5792 3631 5846 ap

2090 5839 2280 5906 pellat,
2319 5852 2513 5904 quema
2537 5838 2771 5892 lmudum
2796 5848 2847 5892 et
2875 5854 3080 5893 cuneos
3104 5854 3259 5910 caput
3288 5838 3581 5910 poi'ciuum.
