4186 6374
456 376 558 431 879
1874 373 1932 426 S.
1977 370 2318 425 EPIPHANII
3625 366 3730 420 880

457 497 660 542 tionem
687 485 1098 556 signiﬁcemus;
1133 494 1189 542 et
1231 485 1300 540 ad
1339 485 1473 540 illud
1502 485 1680 555 ipsum
1717 486 2041 555 propulsan-

2155 479 2643 545 κατασκευάζοντες
2689 480 2746 531 ἐν
2803 478 3028 548 Κυρίῳ·
3082 479 3196 540 τοῖς
3228 476 3324 546 μὲν
3363 475 3729 544 διερχομένοις

456 579 587 632 dum
618 577 814 649 partim
844 593 876 631 e
924 576 1254 648 Scripturis,
1284 576 1485 646 partim
1517 591 1587 630 ex
1633 585 1783 631 recta
1832 576 2045 630 ratione

2155 575 2223 636 εἰς
2260 572 2320 624 τὸ
2373 568 2684 637 ὰνασφῆλαι
2733 568 2832 637 τῆς
2872 567 3052 629 νόσου,
3081 565 3175 618 καὶ
3211 565 3309 635 τῆς
3349 564 3616 634 τοσαύτης
3645 565 3727 617 ἀλ-

458 673 604 726 velnt
660 671 1123 731 medicamentum
1190 668 1635 724 confecerimus:
1689 667 1850 736 cujus
1900 677 2048 722 esset

2155 662 2364 733 γηδόνος
2391 675 2404 690 °
2445 661 2557 721 τοῖς
2587 657 2643 710 δὲ
2679 657 2816 728 μηδὲ
2851 653 3267 727 παρεμπεσοῦσί
3297 671 3428 706 ποτε
3453 671 3730 724 προκατα-

465 761 853 832 opportunitas
893 761 1116 831 duplex,
1161 768 1223 814 ut
1268 766 1323 814 et
1369 758 1464 830 qui
1497 774 1560 814 ea
1603 757 1926 830 contagione
1970 758 2048 811 la-

2155 753 2424 825 ληπτικὸν,
2457 752 2533 814 ὡς
2570 752 2767 813 εἰπεῖν,
2801 749 2861 802 τὸ
2898 747 3170 819 βοήθημα,
3206 746 3300 800 τοῦ
3335 747 3432 815 τῆς
3476 746 3730 815 ἀληθείας

459 855 739 920 borarent,
773 854 842 909 iis
870 853 1028 908 lectis
1057 852 1126 907 ab
1154 852 1304 906 omni
1333 851 1550 922 penitus
1585 851 1798 918 morbo,
1841 864 1905 906 ac
1934 857 2044 904 tam

2155 844 2440 916 φαρμάκου
2497 839 2868 912 μεταδιδόντες
2908 841 3021 901 τοῖς
3050 839 3312 900 συνετοίς,
3355 835 3600 906 μαθηταὶ
3633 836 3730 888 καὶ

460 944 792 1000 intolerabili
819 945 1068 999 cruciatu
1116 943 1522 1010 relevarentur;
1551 950 1606 998 et
1639 942 1732 1013 qui
1772 942 2046 998 immunes

2155 937 2298 990 αὐτοὶ
2327 932 2614 1004 κληθῶμεν
2629 930 2739 984 τῶν
2765 928 2858 983 τοῦ
2880 928 3114 1001 Χριστοῦ
3141 927 3418 999 μαθητῶν,
3448 927 3544 978 καὶ
3565 926 3730 978 αὑτοῦ

459 1037 728 1092 hactenus
763 1037 1017 1101 fuissent,
1044 1051 1110 1091 eo
1131 1035 1199 1090 ad
1227 1034 1536 1090 cantionem
1569 1042 1875 1090 uterentur.
1907 1032 2042 1098 Hoc,

2155 1028 2236 1082 τοῦ
2298 1025 2573 1096 Σωτῆρος,
2646 1020 2844 1093 βοηθοῦ
2906 1019 3249 1093 ὑπάρχοντος
3315 1018 3586 1089 σωμάτων
3636 1017 3730 1070 καὶ

461 1127 709 1198 inquam,
741 1127 991 1182 veritatis
1020 1125 1483 1181 medicamentum
1517 1124 1648 1179 dum
1679 1123 2043 1196 prudentibus
2139 1120 2348 1193 ψυχῶν.

459 1229 940 1294 repraesentamus,
971 1221 1025 1275 id
1060 1221 1296 1293 agimus,
1326 1231 1384 1276 ut
1413 1220 1808 1291 discipulorum
1838 1220 2044 1276 Christi
2072 1219 2330 1289 discipuli
2365 1218 2736 1284 nominemur,
2771 1224 2827 1272 et
2866 1214 3033 1285 hujus
3091 1211 3228 1268 adeo
3261 1213 3457 1282 ipsius,
3503 1210 3599 1281 qui
3648 1216 3732 1264 est

461 1333 755 1387 corporum
788 1317 1208 1386 animorumque
1250 1326 1519 1372 servator.

529 1409 687 1464 Nunc
721 1417 1075 1480 posteaquam
1119 1409 1254 1464 satis
1295 1423 1568 1478 superque
1607 1408 1661 1462 in
1709 1408 1814 1462 hac
1857 1406 2041 1462 confu-

2239 1401 2328 1462 Ὡς
2369 1398 2425 1451 δὲ
2473 1396 2568 1449 καὶ
2623 1396 2723 1466 τὴν
2765 1393 2998 1447 ἐνταῦθα
3053 1391 3253 1456 ἱκανῶς
3301 1395 3732 1465 εἰσηγησάμενοι

459 1501 629 1556 tanda
661 1500 856 1554 haeresi
895 1498 1099 1553 versati
1133 1496 1360 1560 fuimus,
1389 1496 1696 1566 opitulante
1721 1494 1942 1551 Christo
1979 1494 2049 1548 ad

2155 1493 2279 1562 περὶ
2333 1490 2539 1558 ταύτης
2595 1489 2693 1558 τῆς
2748 1485 3012 1558 αἱρέσεως
3055 1485 3336 1557 ἐργασίαν,
3389 1489 3485 1540 σὺν
3504 1487 3730 1558 δυνάμει

461 1602 691 1650 caeteras
728 1590 1130 1663 aggrediamur,
1166 1604 1469 1660 earumque
1502 1589 1676 1652 virus,
1709 1588 1813 1642 hoc
1840 1596 1925 1642 est
1957 1587 2052 1641 ha-

2155 1581 2390 1653 Χριστοῦ
2422 1581 2512 1632 ἐπὶ
2551 1579 2649 1642 τὰς
2682 1579 2809 1648 ἑξῆς
2855 1578 3124 1647 προϐῆναι
3167 1578 3394 1642 ἑαυτοὺς
3425 1578 3725 1647 ἐπιδῶμεν·

460 1695 640 1742 matos
677 1690 1087 1752 venenatosque
1129 1681 1340 1746 dentes,
1401 1680 1670 1744 veritatis,
1706 1694 1826 1749 quae
1862 1687 1948 1735 est
1993 1680 2046 1732 in

2155 1673 2238 1726 τὸν
2283 1673 2379 1743 μὲν
2431 1672 2527 1735 ἰὸν,
2572 1671 2642 1724 τὰ
2689 1669 3070 1740 ἀγκιστροειδῆ
3120 1669 3230 1721 τῶν
3282 1670 3511 1723 ὀδόντων
3556 1670 3729 1740 αὐτῆς

461 1795 648 1842 cruce,
698 1777 849 1831 velut
886 1776 1124 1846 quodam
1170 1772 1313 1829 iuste
1369 1774 1828 1828 comminuamus.
1869 1769 2043 1838 Quam

2155 1767 2419 1837 φάρμακα
2469 1766 2527 1816 ἐν
2580 1763 2660 1833 τῷ
2713 1765 2812 1834 τῆς
2861 1763 3120 1834 ἀληθείας
3157 1763 3252 1816 τοῦ
3296 1764 3530 1835 σταυροῦ
3586 1763 3729 1832 ξύλῳ

461 1869 608 1923 enim
643 1866 1001 1936 subjecimus,
1039 1863 1417 1917 haemorrhois:
1451 1864 1654 1933 vipera:
1689 1862 1887 1918 similis
1918 1869 2041 1916 est:

463 1963 626 2031 cujus
665 1961 817 2014 virus
869 1973 935 2013 ea
978 1959 1029 2012 vi
1067 1956 1353 2027 praeditum
1401 1964 1507 2020 est,
1560 1963 1621 2008 ut
1667 1969 1858 2009 eorum
1905 1967 2046 2024 quos
2082 1990 2122 2044 Β

462 2051 842 2119 momorderit,
863 2065 1082 2106 omnem
1107 2065 1136 2104 e
1157 2047 1486 2119 corporibus
1507 2048 1830 2117 sanguinem
1849 2061 2041 2102 excer-

464 2152 581 2207 nat,
617 2129 802 2213 itaque
832 2141 1107 2196 conliciat.
1149 2137 1306 2205 Quod
1349 2138 1529 2208 ipsum
1562 2135 2044 2203 Quintillianorum

466 2244 691 2306 praestat
717 2235 964 2291 hzeresis.
1007 2231 1321 2286 Innocentis
1356 2230 1500 2284 enim
1527 2228 1743 2300 pueruli
1785 2227 2046 2284 confosso

465 2341 718 2396 corpore,
761 2326 1079 2394 sanguinem
1118 2337 1336 2376 omnem
1391 2321 1616 2390 excipit,
1653 2335 1764 2390 quo
1809 2321 1863 2374 in
1911 2321 2048 2376 cele-

467 2419 695 2472 brandis
735 2414 1247 2487 participandisque
1304 2413 1577 2482 mysteriis
1625 2412 1694 2465 ad
1741 2411 2048 2466 circumvco

468 2513 704 2566 mendos
740 2510 992 2564 homines
1023 2507 1232 2562 nefarie
1264 2507 1530 2560 abutitur.

540 2604 828 2658 Postremo
858 2609 1151 2670 antequam
1178 2613 1280 2653 nos
1301 2596 1508 2652 Christi
1541 2597 1786 2666 potentia
1823 2594 1943 2652 freti
1978 2595 2048 2649 ad

467 2696 710 2765 reliquas
755 2693 1127 2762 accingamus,
1163 2689 1313 2743 illius
1342 2689 1630 2744 veritatem
1665 2688 2048 2759 imploremus,

469 2798 530 2842 ut
574 2785 782 2841 erroris
830 2784 1102 2854 cujusque
1135 2781 1363 2852 vestigia
1417 2781 1759 2843 subodorati,
1801 2780 2049 2852 ejusdem

471 2884 754 2948 comperta
785 2874 1130 2944 disjectaque
1169 2875 1241 2939 vi,
1271 2871 1382 2930 Deo
1407 2874 1462 2928 in
1488 2873 1745 2929 omnibus
1769 2888 1869 2942 pro
1897 2887 1965 2929 eo
1989 2887 2051 2927 ac

474 2971 716 3026 solemus
745 2967 975 3039 gratiam
1009 2965 1332 3020 habeamus.

772 3093 1146 3150 ADVERSUS
1186 3090 1744 3160 QUINTILLIANOS,

2150 1857 2653 1921 καταθλὰσαντεςί,
2688 1859 2756 1927 τῇ
2811 1855 3100 1926 αἱμορῤοίᾳ
3138 1855 3320 1928 ἐχίδνῃ
3372 1858 3614 1928 ἑοικυίᾳ,
3661 1854 3728 1928 ἦς

2151 1952 2185 2021 ἡ
2221 1951 2367 2021 λύμη
2399 1949 2511 2002 τῶν
2545 1949 2890 2020 δεδηγμένων
2915 1949 2934 1978 ³
2977 1950 3178 2013 παντὸς
3216 1949 3310 2003 τοῦ
3347 1949 3599 2021 σώματος
3630 1954 3726 2004 ἐκ-

2151 2042 2348 2112 κρίνει,
2385 2042 2479 2094 καὶ
2503 2039 2674 2104 οὕτως
2699 2041 2718 2071 ³
2749 2041 2838 2094 τὸν
2867 2040 3095 2094 θάνατον
3131 2041 3402 2094 ἐκϐάλλει.
3443 2043 3591 2114 Αὕτη
3620 2045 3733 2116 γάρ

2150 2135 2246 2188 καὶ
2291 2136 2324 2206 ἡ
2373 2134 2481 2188 τῶν
2533 2132 2957 2187 Κυϊντιλλιανῶν
3001 2135 3211 2204 αἵρεσις
3261 2134 3418 2188 τοῦτο
3468 2136 3726 2194 ἐπιτελεῖ.

2164 2225 2428 2298 Ἀφθόρου
2469 2225 2578 2298 γάρ
2622 2225 2812 2289 παιδὸς
2851 2228 3160 2296 κατακεντᾷ
3197 2226 3264 2280 τὸ
3323 2227 3502 2298 σῶμα,
3532 2229 3623 2280 καὶ
3669 2229 3736 2280 τὺ

2155 2313 2297 2388 αἷμα
2335 2318 2498 2388 δῆθεν
2545 2320 2624 2380 είς
2679 2319 2979 2389 μετάληψιν
3018 2319 3384 2390 ἀποφέρεται,
3426 2321 3507 2382 εἰς
3563 2337 3732 2388 μυστ-

2159 2410 2406 2478 αγωγίαν
2439 2409 2702 2480 ὀνόματος
2727 2409 2963 2481 Χριστοῦ
2993 2411 3119 2474 τοὺς
3161 2411 3550 2481 ἠπατημένους
3595 2411 3732 2463 πλα-

2155 2500 2303 2554 νῶσα

2233 2593 2422 2662 Ἡμεῖς
2450 2593 2505 2646 δὲ
2536 2593 2630 2646 ἐπὶ
2660 2593 2759 2657 τάς
2783 2593 2910 2665 ἑξῆς
2938 2595 2996 2646 ἐν
3037 2593 3263 2664 δυνάμει
3290 2594 3530 2665 Χριστοῦ
3559 2611 3730 2665 προσ-

2151 2684 2472 2755 ερχόμενοι,
2520 2685 2620 2756 τὴν
2685 2685 2856 2738 αὑτοῦ
2925 2685 3184 2756 ἀλήθειαν
3235 2687 3729 2758 ἐπικαλεσώμεθαο

2145 2775 2327 2837 ὅπως,
2369 2778 2606 2844 ἑκάστης
2651 2777 2864 2848 πλάνης
2915 2779 3388 2849 ίχνηλατήσαντες,
3430 2779 3530 2852 τὴν
3573 2780 3731 2834 δύνα-

2151 2888 2243 2941 μιν
2291 2870 2647 2942 φωράσαντες
2685 2890 2746 2925 τε
2781 2873 2878 2926 καὶ
2945 2872 3298 2942 ἐλέγξαντες,
3342 2874 3465 2945 Θεῷ
3493 2876 3552 2927 ἐν
3595 2877 3735 2928 πᾶσι

2151 2961 2398 3032 συνήθως
2437 2963 2946 3033 εὐχαριστήσωμεν.

2543 3099 2733 3152 ΚΑΤΑ
2770 3091 3322 3154 ΚΥῘΝΤΙΛΛΙΑΝΩΝ
3338 3144 3353 3167 ,

472 3210 588 3264 Sive
631 3210 984 3284 Pepuzianos,
1030 3217 1078 3284 et
1137 3206 1528 3284 Priscil'ligngs,
1569 3205 1755 3284 quibus
1779 3203 2047 3284 accedunt

2155 3211 2267 3264 Εἶτ’
2326 3207 2440 3284 οὗνξ
2475 3212 2914 3277 Πεπουζῖανῶν,
2965 3216 3063 3268 καὶ
3103 3215 3607 3279 Πρισκιλλιανῶν,
3640 3212 3733 3284 οἷς

611 3291 660 3334 et
687 3274 1018 3349 Attotyritw,
1050 3278 1262 3331 [tmesis
1291 3275 1506 3340 XXIX,
1534 3274 1639 3330 sive
1669 3274 1876 3330 XLIX.

545 3391 585 3448 l.
640 3390 1006 3458 Quintilliani,
1063 3389 1157 3460 qui
1211 3397 1264 3442 et
1313 3387 1609 3459 Pepuziani
1649 3397 1937 3457 vocantur,
1999 3399 2049 3444 et

473 3485 808 3553 Artotyritaz,
845 3497 909 3537 ac
950 3481 1308 3549 Priscilliani,
1353 3483 1497 3538 inter
1543 3482 1787 3553 Phrygas
1820 3498 2050 3539 censen-

476 3590 585 3641 tur,
613 3577 759 3631 etab
791 3577 858 3630 iis
890 3577 1069 3630 exorti
1108 3584 1257 3639 sunt,
1304 3574 1399 3630 sed
1432 3575 1683 3630 nonnihil
1717 3584 1899 3629 tamen
1932 3575 2044 3630 dis~

475 3674 725 3738 crepant.
781 3666 994 3720 Etenim
1052 3666 1291 3738 Phryges
1352 3665 1468 3728 isti,
1527 3665 1643 3722 sive
1695 3665 2046 3728 Priscilliani,

2288 3282 2654 3336 συνέπονται
2672 3284 3086 3352 Ἀρτοτυρῖται,
3110 3289 3240 3350 ΚΘ,
3271 3288 3307 3354 ὴ
3329 3288 3583 3352 καὶ,ΜΘ’.

2219 3395 2297 3447 Α’.
2341 3394 2740 3448 Κυϊντιλλιανοὶ
2769 3396 2824 3448 δὲ
2847 3397 3028 3461 πάλιν,
3047 3399 3096 3450 oi
3126 3399 3218 3451 καὶ
3246 3398 3604 3462 Πεπουζιανοὶ
3633 3418 3734 3454 και·

2149 3487 2418 3557 λούμενοι,
2438 3487 2810 3559 ’Λρτοτυρῖταί
2830 3505 2888 3539 τε
2912 3489 3421 3559 καὶΠρισκιλλιανοὶ
3431 3490 3752 3561 λεγόμενα.-

2149 3580 2199 3630 οἰ
2227 3579 2377 3630 αὐτοὶ
2409 3579 2504 3648 μὲν
2532 3578 2682 3640 ὄντες
2707 3579 2849 3631 κατά
2871 3579 3106 3650 Φρύγας,
3145 3579 3239 3631 καὶ
3267 3580 3324 3645 ἐξ
3350 3580 3530 3634 αὐτῶν
3553 3579 3737 3651 optati»

2153 3685 2322 3738 μενον
2346 3669 2629 3739 διῄρηνται
2661 3668 2716 3721 δὲ
2751 3669 2892 3722 κατά
2915 3687 3035 3723 τινα
3053 3670 3274 3740 τρόπον.
3303 3671 3440 3722 Φασὶ
3460 3671 3568 3742 γὰρ
3589 3668 3736 3725 οὗτοι

477 3759 820 3826 Quintillam,
863 3765 958 3811 aut
1003 3755 1334 3817 Priscillam,
1377 3770 1556 3824 neque
1603 3755 1752 3808 enim
1806 3763 1927 3808 utra
1979 3757 2050 3809 sit

2155 3761 2194 3812 οἱ
2219 3761 2356 3812 κατὰ
2367 3760 2600 3832 Φρύγας.
2620 3761 2790 3814 εἵτουν
2811 3761 3233 3832 Πρισκιλλιανοὶ,
3255 3764 3310 3814 ἐν
3335 3765 3400 3833 τῇ
3423 3763 3678 3836 Πεπούζῃ
3697 3765 3734 3836 ἢ

477 3859 628 3905 certo
689 3851 896 3904 scimus
927 3890 941 3915 ,
982 3847 1149 3920 418
1184 3849 1280 3902 sed
1320 3848 1512 3901 harmn
1569 3847 1794 3903 alteram
1859 3849 2052 3902 dicunt

2155 3851 2496 3916 Κυϊντιλλαν,
2527 3853 2559 3922 ἢ
2594 3853 2922 3922 Πρίσκιλλαν
2941 3894 2954 3916 ,
2988 3854 3090 3905 οὐκ
3119 3853 3226 3923 ἔχω
3251 3853 3493 3926 ἀκριϐῶς
3530 3854 3734 3922 λέγειν,

477 3941 706 4012 Pepuza:
729 3941 1023 4011 aliquando
1054 3954 1247 3993 somno
1288 3949 1620 4008 correptam.
1665 3938 1801 3992 Tum
1833 3939 1901 3993 ad
1929 3953 2047 3993 eam

2155 3938 2281 4009 μίαν
2301 3940 2360 3992 δέ
2396 3941 2451 4005 ἐξ
2481 3939 2681 4004 αὐτῶν,
2724 3942 2798 4005 ὡς
2841 3945 3121 4012 προεῖπον,
3167 3945 3222 3995 ἐν
3259 3946 3324 4014 τῇ
3355 3944 3607 4015 Πεπούζῃ
3640 3962 3732 3997 κε-

479 4033 828 4088 descendisse
851 4031 1152 4094 Christum,
1191 4045 1253 4084 ac
1281 4031 1442 4084 simul
1470 4045 1595 4084 cum
1635 4031 1751 4100 ipsa
1783 4030 2049 4099 ejusmodi

2155 4033 2566 4104 καθευδηκέναι,
2587 4035 2788 4087 καὶτὸν
2814 4032 3041 4106 Χριστὸν
3056 4036 3190 4106 πρὸς
3210 4035 3380 4107 αὐτὴν
3395 4036 3733 4107 ἐληλυθέναι,

479 4125 670 4180 habitu
729 4123 1041 4190 dormiisse,
1095 4132 1155 4176 ut
1210 4137 1347 4175 vana
1398 4122 1717 4177 muliercula
1761 4123 2046 4192 jactabat:

2155 4123 2558 4176 συνυπνωκέναι
2591 4140 2652 4176 τε
2693 4125 2829 4195 αὐτῇ
2868 4123 3040 4194 τούτῳ
3068 4124 3146 4195 τῷ
3183 4125 3402 4196 τρόπῳ,
3437 4126 3514 4188 ὡς
3549 4126 3733 4197 ἐκείνη

478 4217 750 4280 Muliebri,
785 4215 981 4285 inquit,
1024 4215 1211 4284 specie,
1237 4229 1298 4266 ac
1327 4223 1463 4267 veste
1490 4214 1767 4281 splendida
1809 4215 1945 4268 venit
1981 4215 2050 4270 ad

2155 4215 2486 4286 ἀπατωμένη
2516 4215 2719 4283 ἐλεγεν·
2755 4217 2856 4270 Ἐν
2889 4215 3036 4284 ἰδέᾳ,
3067 4217 3220 4287 φησὶ,
3251 4217 3538 4286 γυναικὸς
3557 4217 3736 4287 ἐσχη-

478 4327 558 4364 me
580 4309 845 4371 Christus,
884 4307 1108 4377 mihique
1142 4305 1454 4372 sapientiam
1484 4305 1695 4370 indidit,
1739 4315 1892 4376 atque
1915 4306 2053 4360 hunc

2155 4306 2512 4374 ματισμένος
2539 4308 2609 4360 ἐν
2636 4306 2830 4376 στολῇ
2854 4306 3100 4376 λαμπρᾴ
3132 4305 3279 4378 ἦλθε
3310 4309 3461 4376 πρὸς
3491 4308 3571 4378 μὲ
3599 4312 3732 4376 Χρι-

481 4403 652 4454 [actim
680 4408 921 4453 sanctum
949 4414 1057 4451 esse
1092 4397 1444 4466 signiﬁcavit;
1478 4397 1533 4449 in
1576 4412 1792 4468 eumque
1813 4411 2052 4452 sanctam

2155 4397 2320 4464 στὸς,
2346 4398 2444 4451 καὶ
2473 4398 2757 4453 ἐνέϐαλεν
2796 4400 2865 4452 ἐν
2889 4400 3017 4469 ἐμοὶ
3043 4401 3157 4468 τὴν
3192 4403 3435 4469 σοφίαν,
3469 4401 3568 4454 καὶ
3587 4402 3734 4455 ἀπε-

485 4489 819 4544 !Iierusalem
862 4488 1055 4542 delabi.
1086 4486 1168 4543 0b
1210 4488 1262 4542 id
1300 4488 1574 4542 nonnulla:
1618 4488 1683 4542 ad
1728 4489 2048 4544 hodiernum

2155 4487 2396 4556 κάλυψέ
2412 4507 2512 4558 μοι
2533 4491 2766 4543 τουτονὶ
2793 4490 2898 4543 τὸν
2919 4487 3268 4546 τόπονεῖναι
3290 4492 3480 4561 ἅγιον,
3495 4493 3592 4546 καὶ
3618 4487 3736 4546 ὦδε

485 4599 657 4652 usque
683 4591 900 4650 tempus
928 4580 1183 4633 mulieres
1207 4594 1270 4632 ac
1301 4579 1403 4632 viri
1441 4581 1631 4634 eodem
1661 4581 1862 4634 initiari
1901 4582 2053 4636 cultu

486 4681 688 4737 solent,
734 4681 792 4726 ut
846 4672 1048 4727 ibidem
1086 4671 1421 4725 excubantes
1467 4671 1749 4726 Christum
1805 4681 2052 4728 contem-

485 4767 724 4834 plentur.
772 4762 1140 4829 Quamobrem
1189 4762 1306 4817 sive
1363 4762 1506 4830 apud
1556 4763 1718 4830 istos,
1761 4765 1875 4820 sive
1913 4765 2055 4834 apud

483 4856 753 4926 Phrygas,
800 4853 1164 4924 prophetissa:
1213 4851 1430 4907 feminae
1474 4865 1896 4924 nuncupantur,
1957 4873 2056 4912 nec

482 4961 736 5005 utrorum
768 4949 820 5004 id
853 4949 1160 5002 institutum
1183 4946 1255 5002 sit
1284 4947 1420 5002 satis
1451 4950 1690 5017 comperi
1727 4968 1738 5001 :
1768 4958 2053 5019 pr0pterca

483 5044 630 5114 quod
664 5041 1029 5096 communiter
1061 5039 1287 5110 degunt,
1322 5046 1488 5110 atque
1529 5039 1672 5096 idem
1705 5043 1900 5114 dogma
1932 5058 2060 5114 pro-

483 5137 726 5190 litentur.
1928 5139 1944 5162 ι

555 5312 616 5365 ΙΙ.
661 5309 968 5380 Utrumque
1015 5324 1180 5378 porro
1206 5308 1621 5365 Testamentum
1674 5313 1957 5374 adhibent,
2005 5323 2058 5367 et

487 5414 828 5461 mortuorum
877 5402 1335 5458 resurrectionem
1378 5403 1698 5472 approbant.
1732 5405 2049 5470 Qnintillam

485 5511 612 5551 vero
645 5509 771 5548 eum
805 5493 1059 5548 Priscilla
1086 5501 1343 5548 auctores
1376 5507 1507 5548 suas
1537 5495 1857 5564 praedicant,
1884 5513 2047 5567 quam

482 5595 537 5638 et
574 5584 815 5655 Phryges
846 5584 1147 5638 asciscunt.
1194 5581 1391 5640 Multas
1419 5591 1472 5637 et
1508 5584 1835 5642 vanissimas
1863 5598 2051 5641 aucto-

2156 4579 2272 4647 τὴν
2319 4581 2715 4650 Ἰερουσαλὴμ
2741 4583 2809 4635 ἐκ
2847 4583 2953 4635 τοῦ
2993 4583 3255 4651 οὐρανοῦ
3301 4583 3582 4638 κατιέναι.
3618 4584 3734 4649 Διὸ,

2155 4671 2287 4741 φησὶ
2312 4671 2354 4735 ’⁵,
2406 4672 2498 4724 καὶ
2547 4673 2675 4743 ἄχρι
2719 4675 2816 4744 τῆς
2873 4673 3034 4745 δεῦρο
3083 4674 3346 4745 μυοῦσθαί
3393 4692 3542 4738 τινας
3593 4674 3740 4728 οὕτω

2156 4765 2420 4828 γυναῖκας
2463 4765 2642 4816 ἐκεῖσε
2673 4766 2728 4816 ἐν
2775 4764 2852 4834 τῷ
2901 4766 3051 4836 τόπῳ
3085 4767 3181 4819 καὶ
3231 4767 3450 4837 ἄνδρας,
3491 4767 3626 4836 πρὸς
3674 4768 3738 4821 τὸ

2158 4853 2514 4923 ἐπιμεινάσας
2539 4854 2707 4918 αὐτὰς
2739 4855 2771 4926 ἢ
2800 4857 2995 4920 αὐτοὺς
3024 4858 3115 4910 τὸν
3158 4859 3390 4928 Χριστὸν
3436 4859 3735 4932 θεωρῆσαι.

2163 4947 2422 5009 Γυναῖκες
2448 4942 2539 5000 οὖν
2578 4950 2709 5019 παρ’
2743 4949 2923 5012 αὐτοῖς
2953 4949 3243 5003 καλοῦνται
3280 4951 3625 5024 προφήτιδες.
3660 4954 3736 5006 Οῦ

2166 5039 2305 5092 πάνυ
2327 5039 2382 5092 δὲ
2414 5040 2600 5109 σαφῶς
2621 5037 2752 5107 οἶδα,
2782 5043 2814 5112 ἢ
2845 5044 2972 5112 παρ’
2993 5042 3197 5108 αὐτοῖς,
3222 5042 3255 5111 ἢ
3279 5044 3430 5114 παρά
3455 5047 3566 5109 τοῖς
3596 5044 3739 5098 κατὰ

2156 5131 2394 5202 Φρύγας.
2449 5133 2616 5202 Ὁμοῦ
2666 5135 2773 5204 γάρ
2829 5135 2970 5200 εἱσι,
3028 5135 3121 5188 καὶ
3181 5135 3314 5188 αὐτὸ
3366 5136 3428 5189 τὸ
3481 5139 3738 5208 φρόνημα

2159 5223 2466 5294 κέκτηνται.

2229 5315 2302 5366 B'.
2337 5317 2648 5386 Κέχρηνται
2689 5317 2744 5370 δὲ
2775 5310 2922 5370 οῦτοι
2953 5317 3166 5388 Παλαιᾷ
3200 5319 3293 5371 καὶ
3321 5319 3438 5389 Νέᾳ
3471 5319 3736 5392 Διαθήκῃ,

2160 5405 2253 5459 καὶ
2283 5406 2579 5461 ἀνάστασιν
2605 5408 2814 5481 νεκρῶν
2846 5410 3049 5480 ὁμοίως
3089 5411 3379 5479 φάσκουσι.
3417 5410 3741 5464 Κυῖντιλλαν

2159 5496 2217 5551 δὲ
2239 5497 2451 5568 ἔχουσιν
2472 5499 2713 5570 ἀρχηγὸν
2745 5502 2857 5570 ἅμα
2884 5501 3202 5573 Πρισκίλλῃ,
3232 5503 3298 5571 τῇ
3329 5501 3422 5553 καὶ⁵
3448 5501 3599 5571 παρά
3629 5503 3741 5563 τοῖς

2159 5592 2300 5643 κατὰ
2353 5591 2590 5661 Φρύγας.
2646 5593 2874 5665 Φέρουσι
2913 5595 2969 5649 δὲ
3035 5593 3341 5666 μαρτυρίας
3385 5594 3585 5658 πολλὰς
3631 5613 3742 5666 μα-

559 5736 576 5767 ¹
605 5734 860 5790 Nonnihil
891 5735 1254 5792 desideratur.
1332 5737 1351 5768 ¹
1382 5735 1542 5793 Deest
1572 5731 1731 5807 αἷμα.
1810 5741 1829 5771 ³
1867 5741 1996 5795 Cor.
2034 5759 2053 5793 ε

2155 5743 2229 5796 τὸν
2258 5743 2446 5800 θάνατ.
2480 5755 2534 5802 et
2562 5748 2842 5820 ἐμϐάλλει.
2922 5753 2940 5782 ⁸
2971 5752 3031 5807 F.
3065 5754 3218 5824 φασί.
