4186 6374
425 379 525 437 831

1103 375 1473 432 ADVERSUS
1510 375 1856 432 IWRESES
1896 375 2027 434 LIB.
2070 375 2131 430 ΙΙ.
2175 373 2340 430 TOM.
2377 375 2495 430 l.—
2533 371 2812 428 HERES.
2857 367 2919 422 L.

3583 357 3691 414 88?.

426 500 606 562 ταίας,
652 499 813 571 χάριν
853 497 1085 562 διδόντες
1117 501 1184 568 τῇ
1216 498 1352 568 Εὕα,
1382 499 1463 552 ὅτι
1499 497 1688 570 πρώτη
1717 499 2008 571 Ιβέϐρωκεν

2113 496 2302 551 ritates
2336 460 2754 552 circumferunt.
2789 489 3138 559 Singularem
3168 485 3291 539 Evae
3321 483 3550 554 gratiam
3589 481 3691 535 tri-

428 591 538 644 ἀπὸ
563 590 657 643 τοῦ
685 589 843 656 ξύλου
870 591 968 660 τῆς
1002 593 1336 660 φρονήσεως.
1377 593 1488 644 Καὶ
1516 591 1613 662 τὴν
1643 591 1875 662 ἀδελφὴν
1914 589 2007 643 τοῦ

431 683 708 746 Μωῡσέως
728 683 802 746 ὡς
826 682 1133 755 προφήτιδα
1160 683 1428 752 λέγουσιν,
1459 683 1540 745 εἰς
1565 682 1870 754 μαρτυρίαν
1900 681 2008 734 τῶν

433 779 561 848 παρ’
583 777 766 839 αὐτοῖς
788 775 1197 848 καθισταμένων
1219 775 1492 844 γυναικῶν
1519 777 1575 828 ἐν
1599 775 1801 846 κλήρῳ.
1827 774 2006 838 Ἀλλά,

432 866 586 938 φησὶ,
617 866 880 935 τέσσαρες
909 865 1204 938 θυγατέρες
1233 861 1372 936 ἦσαν
1397 864 1476 935 τῷ
1511 864 1760 935 Φιλίππῳ
1792 881 2008 936 προφηια

438 959 711 1011 τεύουσαι.
750 958 1015 1021 Πολλάκις
1038 958 1095 1010 δὲ
1134 959 1191 1011 ἐν
1227 960 1294 1028 τῇ
1327 955 1534 1013 ἑαυτῶν
1599 955 1865 1026 ἐκκλησίᾳ
1899 957 2010 1008 εἱσ-

433 1050 683 1121 έρχονται
733 1050 1257 1125 λαμπαδηφοροῦσαι
1315 1050 1458 1103 ἑπτά
1516 1065 1662 1111 τινες
1709 1047 2005 1119 παρθένοι,

433 1143 796 1214 λευχείμονες,
825 1144 984 1214 δῆθεν
1019 1143 1333 1215 ἐρχόμεναι,
1365 1143 1454 1198 ἵνα
1485 1141 1901 1214 προφητεύσωσι
1932 1139 2010 1211 τῷ

431 1235 566 1306 λαῷ.
595 1237 659 1288 Ai
697 1236 754 1288 δὲ
786 1238 988 1306 τρόπον
1007 1239 1131 1291 τινὰ
1165 1238 1571 1308 ἐνδεικνύμεναι
1611 1235 2008 1307 ἐνθουσιασμοῦ

432 1332 545 1391 τοῖς
594 1329 829 1402 παροῦσι
872 1331 1023 1395 λαοῖς
1074 1332 1291 1402 ἀπάτην
1330 1332 1676 1402 ἐργάζονται,
1715 1329 1922 1383 κλαίειν
1948 1346 2009 1382 τε

434 1419 698 1485 ποιοῦσιν,
730 1421 806 1484 ὡς
833 1421 1013 1475 οἶκτον
1042 1422 1328 1492 μετανοίας
1351 1424 1600 1491 ἄγουσαι,
1640 1422 1851 1493 δάκρυα
1891 1421 2011 1492 χεό-

434 1515 737 1582 μεναι,καὶ
785 1513 1024 1584 σχήματί
1073 1531 1178 1566 τινι
1223 1513 1617 1584 ἐποδυρόμεναι
1649 1513 1739 1566 τὸν
1767 1512 1876 1566 τῶν
1919 1513 2012 1566 άν-

432 1603 667 1676 θρώπων
700 1604 832 1674 βίον.
889 1605 1209 1660 Ἐπίσκοποί
1240 1623 1300 1658 τε
1342 1607 1471 1676 παρ’
1509 1606 1695 1667 αὐτοῖς
1727 1606 2007 1674 γυναῖκες,

433 1697 525 1748 καὶ
554 1697 910 1769 πρεσϐύτεροι
944 1701 1221 1766 γυναῖκες,
1268 1699 1364 1751 καὶ
1408 1698 1474 1751 τὰ
1527 1697 1692 1752 ἄλλαδ
1721 1697 1797 1761 ὡς
1843 1696 2008 1768 μηδὲν

334 1814 343 1831 ι
432 1785 708 1856 διαφέρειν
758 1790 920 1860 φησίν
951 1792 988 1842 ¹.
1044 1792 1140 1843 Ἐν
1185 1791 1296 1860 γὰρ
1339 1788 1572 1858 Χριστῷ
1621 1791 1824 1858 Ἰησοῦ
1869 1791 2009 1844 οὔτε

431 1879 622 1947 ὔρσεν
649 1880 788 1933 οὔτε
840 1880 1015 1949 θῆλυ.
1068 1881 1254 1935 Ταῦτά
1296 1885 1472 1946 ἐστιν,
1505 1881 1541 1934 ἃ
1580 1882 2005 1952 κατειλήφαμεν.

445 1969 831 2044 Ἀρτοτυρίτας
863 1974 919 2026 δέ
967 1975 1165 2037 αὐτοὺς
1196 1973 1455 2028 καλοῦσιν
1500 1973 1609 2027 ἀπὸ
1657 1972 1751 2026 τοῦ
1798 1974 1855 2026 ἐν
1898 1975 2009 2036 τοῖς

429 2061 610 2115 αὐτῶν
647 2062 966 2133 μυστηρίοις
991 2064 1342 2127 ἐπιτιθέντας
1373 2063 1538 2135 ἄρτον
1574 2063 1670 2118 καὶ
1707 2064 1891 2134 τυρὸν,
1914 2064 2010 2118 καὶ

429 2153 604 2219 οὕτως
633 2159 806 2209 ποιεῖν
839 2155 908 2210 τὰ
935 2157 1116 2209 αὐτῶν
1152 2158 1442 2228 μυστήρια.

502 2305 575 2358 I".
635 2306 792 2358 Πᾶσα
838 2305 895 2357 δὲ
937 2305 1240 2375 ἀνθρώπων
1275 2305 1440 2375 χλεύη
1492 2306 1550 2357 ἐν
1583 2304 1660 2375 τῷ
1705 2306 2009 2376 ἀποστῆναι

428 2397 539 2450 ἀπὸ
585 2398 684 2467 τῆς
739 2398 904 2468 ὀρθῆς
947 2397 1210 2463 πίστεως,
1266 2398 1362 2450 καὶ
1397 2399 1478 2460 είς
1529 2397 1840 2468 ἀμηχανίαν
1881 2400 2009 2470 τρέ-

414 2489 650 2555 ¹πεσθαι,
679 2491 771 2543 καὶ
805 2492 886 2553 είς
911 2489 1175 2561 διαφοράν
1215 2489 1623 2561 ἐνθουσιασμῶν
1654 2507 1714 2543 τε
1742 2491 1835 2544 καὶ
1858 2493 2010 2562 ἐνερ-

429 2581 612 2652 γειῶν.
652 2582 1149 2652 Ἐκϐακχευόμεναι
1182 2583 1290 2652 γὰρ
1315 2585 1370 2636 αἱ
1397 2583 1626 2636 διάνοιαι
1654 2584 1742 2636 ἀεὶ
1773 2584 1900 2648 τοὺς
1932 2585 2007 2657 μὴ

429 2674 761 2744 κατέχοντας
787 2674 884 2745 τὴν
925 2673 1174 2744 ἄγκυραν
1221 2676 1320 2744 τῆς
1357 2675 1638 2744 ἀληθείας,
1677 2675 1793 2729 ἀλλ’
1832 2677 2007 2730 ἐπιδι-

427 2764 615 2827 δόντας
636 2765 863 2827 ἑαυτοὺς
893 2764 973 2834 τῷ
996 2764 1213 2838 φέροντι
1233 2766 1374 2819 κατὰ
1397 2768 1578 2819 πᾶσαν
1601 2767 1780 2820 ὁτιοῦν
1805 2769 2006 2824 αίτίαν.

432 2855 550 2909 Κάν
581 2873 642 2909 τε
700 2856 809 2928 γὰρ
841 2860 1096 2925 γυναῖκες
1143 2860 1272 2930 παρ’
1321 2859 1506 2924 αὐτοῖς
1548 2861 1628 2924 εἰς
1701 2862 2009 2935 ἐπισκοπὴν

428 2947 519 3000 καῖ
594 2947 988 3018 πρεσϐυτέριον
1077 2950 1432 3005 καθίστανται
1496 2949 1587 3005 διὰ
1651 2953 1752 3024 τὴν
1819 2952 1964 3008 Εὕαν
1993 2993 2008 3020 ,

426 3037 685 3090 ἀκούουσι
740 3037 834 3092 τοῦ
879 3040 1086 3111 Κυρίου
1141 3041 1424 3112 λέγοντος’
1476 3045 1636 3113 Πρὸς
1681 3045 1789 3101 τὸν
1816 3047 2008 3116 ἄνδρα

427 3146 544 3184 σου
565 3133 602 3199 ἠ
629 3131 984 3201 ἀποστροφή
1013 3149 1130 3188 σου
1148 3177 1164 3202 ,
1194 3135 1293 3189 καὶ
1319 3137 1503 3203 αὐτός
1528 3151 1646 3192 σου
1677 3140 2005 3209 κυριεύσει.

426 3223 633 3294 Λέληθε
677 3225 734 3278 δέ
791 3226 990 3290 αὐτοὺς
1038 3229 1134 3280 καὶ
1184 3229 1213 3282 ό
1263 3227 1622 3294 άποστολικὸς
1679 3229 1870 3299 λόγος’
1923 3231 2005 3284 ὅτι

427 3315 680 3369 Γυναικὶ
725 3319 837 3371 οὐκ
882 3317 1178 3386 ἐπιτρέπω
1217 3319 1467 3383 λαλεῖν,
1514 3321 1653 3374 οὔτε
1696 3320 2008 3376 αὐθεντεῖν

424 3407 647 3476 ἀνδρός
669 3424 683 3437 ·
724 3410 822 3462 καὶ
850 3409 1014 3463 πάλιν
1033 3427 1048 3441 ⁸
1084 3412 1167 3464 Οὐ
1192 3410 1304 3480 γάρ
1329 3412 1503 3466 ἐστιν
1527 3413 1683 3481 ἀνὴρ
1709 3413 1778 3466 ἐκ
1806 3430 2009 3484 γυναι-

427 3497 555 3564 κὸς,
605 3499 767 3553 ἀλλὰ
799 3500 955 3569 γυνὴ
997 3501 1068 3567 ἐξ
1109 3502 1326 3570 ἀνδρός
1351 3519 1366 3534 ο
1402 3503 1518 3567 καὶ,
1575 3505 1636 3558 '0
1679 3504 1851 3574 Ἀδὰμ
1895 3508 2008 3559 οὐκ

425 3587 724 3656 ἠπάτηται
749 3631 765 3655 ,
815 3591 956 3645 ἀλλ’
1000 3593 1040 3660 ἡ
1095 3593 1222 3648 Εὔα
1271 3593 1473 3663 πρώτη
1520 3595 1896 3664 ἁπατηθεῖσα
1940 3597 2009 3650 ἐν

427 3680 760 3746 παρασῖὶσει
796 3683 1024 3752 γέγονε.
1071 3685 1181 3738 Καὶ
1212 3684 1257 3738 ὣ
1302 3687 1404 3756 τῆς
1447 3687 1755 3760 πολυφόρου
1798 3689 2008 3761 πλάνης

427 3767 522 3820 τοῦ
555 3769 761 3840 κόσμου
788 3771 980 3824 τούτου
1002 3773 1014 3825 !

500 3945 590 3998 Διὸ
627 3946 704 4009 ὡς
730 3947 898 4000 νωδόν
929 3965 982 4001 τι
1015 3949 1110 4002 καὶ
1132 3950 1444 4022 ἀφροσύνης
1473 3951 1730 4022 ἔμπλεον,
1764 3955 2010 4011 ἀσκαλα-

429 4035 602 4088 ϐώτου
631 4037 786 4108 δίκην
810 4039 1015 4112 ταύτην
1037 4041 1344 4114 παρελθὼν,
1369 4043 1460 4096 ἐπὶ
1493 4045 1592 4109 τὰς
1627 4045 1754 4119 ἑξῆς
1793 4047 2010 4118 βαδιοῦ-

433 4146 551 4199 μαι,
581 4123 626 4182 ὧ
664 4130 960 4202 ἀγαπητοὶ,
993 4129 1126 4187 Θεὸν
1164 4134 1586 4206 ἐπικαλούμενοι
1610 4139 1630 4168 ³
1654 4141 1733 4203 εἰς
1758 4138 2012 4211 βοήθειαν

427 4222 528 4290 τῆς
555 4223 832 4294 ἡμετέρας
868 4225 1278 4296 ταπεινότητος,
1323 4227 1419 4280 καὶ
1468 4229 1550 4291 είς
1584 4229 1866 4301 πλήρωσιν
1913 4232 2013 4303 τῆς

427 4314 587 4385 ἡμῶν
629 4315 980 4384 ἐπαγγελίας.

590 4427 782 4479 ΚΑΤΑ
821 4389 1696 4486 ΤΕΣΣΑΡΕΣΚΑΙΔΕΚΑΤΪΤΩΝ
1737 4433 1850 4506 (6),

734 4540 1084 4610 Τριακοστὴ,
1114 4543 1151 4612 ἠ
1177 4543 1278 4597 καὶ
1308 4546 1712 4614 πεντηκοστή.

499 4655 578 4708 A'.
631 4655 762 4708 Ἀπὸ
788 4655 995 4710 τούτων
1031 4658 1142 4710 τῶν
1167 4659 1262 4712 δύο
1290 4660 1556 4731 αἱρέσεων
1586 4661 1723 4733 ὁμοῦ
1749 4662 2006 4734 ἀλλήλαις

507 4810 522 4839 ¹
557 4809 681 4886 C9r_.
709 4809 899 4886 φύσιν,
976 4811 1080 4886 Ὗ.
1119 4815 1566 4886 ἐπικαλούμενος.

430 4879 518 4934 54.
595 4881 615 4910 ⁷
648 4879 668 4932 l
700 4882 827 4934 Cor.
865 4897 940 4946 xi,
973 4884 1028 4938 8.
1120 4883 1184 4937 ⁸1
1219 4884 1362 4941 Tim.
1387 4879 1463 4950 'u,
1498 4879 1584 4944 ll.

499 5036 574 5106 (6)
621 5039 1369 5105 Τεσσαρεσκαιδεκατιτῶν,
1409 5042 1523 5097 sive
1556 5041 2006 5108 Quartadecima-

429 5123 640 5182 noruni_
674 5109 896 5182 haeresis
945 5125 1008 5162 ea
1057 5110 1277 5178 proprie
1330 5112 1561 5177 dicitur,
1607 5129 1730 5182 quae
1775 5113 2005 5168 Judaico

430 5194 580 5231 more
609 5176 816 5253 Pascha
847 5180 970 5253 luna
1001 5176 1090 5253 xiv
1132 5176 1518 5253 celebrandum
1547 5176 1786 5243 Vas-serit,
1821 5200 2009 5253 quam-

428 5265 646 5320 cunque
695 5248 911 5320 demum
957 5251 1009 5302 in
1050 5249 1240 5320 feriam
1277 5251 1523 5306 incidat:
1557 5268 1679 5320 quae
1712 5253 1816 5306 fuit
1841 5248 2006 5308 'Asia-

427 5319 660 5394 ticorum
687 5319 1020 5394 opinio,‘_qui
1054 5319 1284 5375 Joannis
1313 5319 1641 5394 auctoritate
1673 5322 1794 5378 freti
1835 5325 2006 5394 perti-

431 5390 635 5462 naciter
674 5390 1054 5462 ritumrillum,
1079 5392 1640 5462 consuetudinemque
1689 5390 2003 5447 tenuerunt.

429 5457 503 5533 lle
530 5474 639 5525 quo
670 5458 1005 5533 Eusebiusl.
1032 5477 1065 5514 v
1102 5461 1244 5515 Hist.
1284 5461 1446 5533 Addit
1476 5457 1817 5533 Augustinus
1849 5465 1885 5516 ι.
1931 5464 2009 5517 De

431 5527 616 5580 han-es.
653 5529 872 5585 eosdem
910 5531 1033 5585 illos
1072 5547 1157 5584 xw
1190 5533 1317 5584 luna
1353 5531 1530 5585 Martii
1565 5527 1768 5588 mensis
1798 5533 2007 5589 Pascha

432 5598 636 5651 ﬁxisse.
680 5599 781 5653 Ubi
819 5598 1072 5654 Martium
1123 5619 1229 5656 non
1272 5600 1548 5655 lulianum
1578 5643 1592 5665 ,
1628 5603 1724 5658 sed
1760 5605 2006 5657 lunarem

433 5668 658 5738 intelligi
693 5686 918 5742 necesse
959 5680 1060 5735 est,
1094 5688 1216 5725 cum
1246 5674 1492 5742 plerique
1531 5674 1818 5742 paschales
1859 5689 1978 5725 men
1994 5702 2011 5708 »-

432 5755 522 5811 aes
553 5742 716 5793 etiam
745 5739 956 5796 .l'udaici
989 5743 1043 5796 in
1069 5739 1308 5811 Aprilem
1362 5739 1684 5797 inciderent.
1722 5743 1836 5797 Nisi
1871 5743 2012 5796 forte

2039 4553 2088 4608 Ι)

1677 4817 1698 4848 ³
1724 4821 1845 4873 Act.
1884 4835 1996 4886 χιι,
2041 4821 2096 4882 9.
2173 4821 2194 4852 "
2227 4821 2402 4877 Gulat.
2440 4839 2523 4888 Ill,
2572 4825 2664 4880 28.

2114 590 2309 652 buunt,
2349 587 2495 658 quod
2541 587 2718 657 prima
2751 585 2818 638 de
2857 581 3102 637 scientia:
3142 579 3322 632 fructu
3361 574 3688 630 comederit.

2113 682 2373 739 Sororem
2405 698 2538 738 vero
2583 680 2786 752 Moysis
2817 678 3222 750 prophetissam
3261 673 3551 744 jactitant;
3594 686 3692 724 eu—

2104 776 2196 844 jus
2229 775 2482 846 exemplo
2512 789 2614 830 suo
2648 774 2725 827 illi
2753 770 3188 841 cooptandarum
3231 767 3284 821 in
3325 767 3534 820 clerum
3568 776 3688 816 mu-

2109 868 2304 921 lierum
2353 867 2613 922 instituto
2673 865 3062 935 suffragantur.
3127 859 3270 924 Quin
3315 865 3370 912 et
3423 861 3688 936 quatuor;

2110 958 2381 1029 inquiunt,
2401 957 2683 1028 Philippus
2716 956 3083 1027 pr0phetissas
3114 953 3254 1006 lilias
3285 938 3474 1004 habuit
3499 948 3540 1000 ³.
3573 944 3687 1000 Sa:-

2108 1065 2404 1119 penumero
2432 1049 2487 1103 in
2518 1049 2734 1103 illorum
2765 1047 3050 1103 ecclesiam
3087 1051 3295 1114 septem
3319 1056 3444 1096 cum
3475 1038 3688 1092 facibus

2109 1141 2350 1212 virgines
2409 1138 2813 1211 ingrediuntur,
2853 1135 3088 1192 candida
3143 1143 3312 1193 veste.
3369 1137 3430 1185 ut
3480 1129 3684 1200 populo

2109 1231 2368 1287 videlicet
2394 1231 2620 1284 oracula
2651 1229 2904 1284 reddant.
2946 1227 3037 1282 Hae
3071 1240 3194 1281 cum
3227 1222 3464 1292 speciem
3495 1234 3685 1289 quam-

2109 1323 2232 1378 dam
2268 1322 2472 1377 l‘uroris
2515 1337 2628 1392 prae
2673 1336 2735 1377 se
2781 1319 3032 1380 tulerint,
3082 1315 3394 1372 astantibus
3428 1310 3690 1375 illudunt,

2109 1420 2164 1469 et
2205 1415 2273 1468 ad
2316 1414 2505 1469 ﬂetum
2536 1420 2866 1484 provocant,
2915 1418 2974 1464 ut
3027 1411 3074 1464 is
3125 1406 3469 1478 pinnitentiae
3508 1404 3693 1458 luctus

2110 1521 2235 1560 esse
2283 1505 2548 1558 videatur.
2602 1502 2739 1556 Nam
2787 1511 2843 1556 et
2893 1492 3167 1572 lacrymas
3225 1495 3586 1575 profundunt.
3638 1499 3693 1545 et

2109 1602 2228 1648 toto
2285 1594 2537 1664 corporis
2587 1605 2740 1664 gestu
2795 1593 2965 1646 vitam
3039 1590 3322 1643 hominum
3379 1585 3688 1654 deplorant.

2109 1684 2267 1753 Apud
2297 1683 2522 1738 eosdem
2555 1681 2812 1735 mulieres
2840 1677 3086 1749 episcopi
3129 1686 3257 1732 sunt
3279 1683 3332 1729 et
3358 1671 3690 1744 presbyteri.

2110 1783 2164 1827 et
2197 1773 2266 1826 ad
2306 1780 2536 1827 caeteros
2568 1771 2774 1841 gradus
2811 1767 3386 1840 alleguntur,nullum
3419 1771 3480 1818 ut
3525 1777 3693 1818 sexus

2111 1866 2408 1921 discrimen
2436 1871 2704 1919 servetur.
2737 1861 2882 1914 Nam
2904 1862 2959 1914 in
2987 1859 3200 1916 Christo
3229 1858 3359 1912 Jesu
3386 1872 3546 1926 neque
3568 1871 3684 1908 mas

2109 1965 2209 2022 est,
2249 1972 2411 2024 neque
2444 1955 2640 2025 femina
2661 1954 2702 2006 ⁵.
2733 1952 2858 2008 Haec
2901 1958 3032 2008 sunt
3061 1966 3184 2021 quae
3213 1951 3281 2005 de
3329 1949 3438 2002 illis
3475 1962 3695 2016 compe—

2111 2048 2221 2102 rire
2277 2046 2582 2118 potuimus.
2629 2046 2903 2100 Cteterum
2944 2042 3280 2113 Artotyritas
3331 2039 3554 2095 eosdem
3610 2040 3692 2092 id-

2110 2138 2264 2192 circo
2294 2145 2524 2196 vocant.
2546 2135 2694 2206 quod
2720 2134 2789 2189 ad
2819 2133 3152 2189 celebranda
3187 2132 3451 2204 mysteria
3471 2145 3569 2186 sua
3599 2145 3696 2201 pa-

2111 2243 2235 2282 nem
2264 2234 2320 2282 et
2359 2242 2582 2281 caseum
2622 2224 2907 2279 adhibent.

2181 2316 2270 2370 lll.
2311 2316 2516 2372 Verum
2545 2319 2828 2371 enimvero
2853 2314 2946 2369 ubi
2972 2314 3040 2369 ab
3068 2315 3286 2369 sincera
3314 2312 3580 2382 religione
3607 2327 3694 2366 se-

2111 2410 2220 2464 mel
2248 2409 2562 2464 aberratum
2592 2417 2701 2468 est.
2730 2407 2964 2463 ridicula
2999 2423 3064 2462 ac
3100 2406 3442 2477 perturbata,
3476 2420 3599 2476 quae
3625 2404 3696 2459 ab

2112 2499 2430 2555 hominibus
2470 2509 2761 2570 geruntur,
2799 2515 2924 2556 esse
2959 2500 3144 2554 omnia
3185 2513 3416 2554 necesse
3457 2505 3564 2563 est,
3600 2512 3695 2551 va-

2109 2594 2192 2645 ria
2226 2603 2284 2647 ut
2315 2593 2441 2647 inde
2491 2593 2695 2648 luroris
2749 2608 2972 2664 genera,
3008 2591 3433 2662 daemonumque
3474 2593 3531 2645 in
3578 2605 3698 2643 cor-

2109 2699 2244 2754 pora
2269 2684 2665 2754 impressiones
2687 2684 2960 2739 oriantur.
2985 2681 3119 2736 Nam
3144 2683 3238 2753 qui
3265 2683 3513 2738 veritatis
3529 2680 3697 2754 419

2109 2775 2410 2829 anchoram
2469 2775 2696 2830 minime
2723 2775 2996 2840 retinent,
3033 2773 3128 2829 sed
3159 2780 3446 2828 ventorum
3468 2769 3694 2825 ﬂatibus

2110 2881 2443 2937 quacunque
2480 2881 2541 2923 se
2574 2865 2868 2922 occasione
2897 2867 3242 2938 permittunt,
3289 2866 3488 2919 horum
3517 2862 3689 2917 animi

2110 2960 2427 3031 praecipites
2454 2961 2692 3015 amentia
2724 2959 2998 3016 feruntur.
3028 2958 3188 3026 Quod
3220 2958 3365 3014 enim
3404 2956 3697 3012 muliercu-

2111 3050 2194 3105 las
2241 3053 2308 3106 ad
2361 3051 2748 3121 episcoporum
2807 3061 2901 3105 aut
2951 3051 3399 3120 presbyterorum
3443 3046 3693 3102 ordinem

2115 3140 2416 3200 asciscunt.
2453 3141 2617 3211 idque
2645 3143 2716 3196 ob
2752 3141 2916 3196 Evam
2962 3141 3143 3195 facere
3187 3155 3248 3194 se
3287 3139 3567 3206 dictitant,
3601 3153 3695 3193 au-

2114 3230 2274 3286 diunt
2325 3247 2462 3287 sane
2501 3233 2650 3303 quod
2682 3247 2714 3287 a
2741 3231 2976 3287 Domino
3008 3232 3214 3286 dictum
3256 3240 3341 3285 est
3370 3250 3382 3284 :
3412 3229 3494 3283 Ad
3523 3232 3696 3283 virum

2108 3323 2207 3378 erit
2252 3324 2519 3378 conversio
2559 3334 2674 3389 tua,
2706 3333 2756 3379 et
2801 3325 2912 3392 ipse
2945 3321 3311 3378 dominabitur
3359 3321 3455 3374 tibi
3475 3321 3516 3375 ⁸.
3550 3321 3693 3397 Quin

2109 3413 2246 3469 illud
2285 3400 2544 3484 ignorant
2588 3415 2837 3486 Apostoli
2877 3415 3258 3484 praescriptum
3291 3431 3305 3466 :
3337 3412 3552 3467 Mulieri
3592 3430 3694 3466 non

2107 3507 2352 3574 permitto
2385 3507 2552 3576 loqui,
2584 3523 2746 3577 neque
2773 3508 2829 3560 in
2857 3509 2995 3562 viros
3029 3507 3401 3560 auctoritatem
3435 3503 3691 3568 habere‘;

2109 3598 2238 3650 item
2273 3616 2285 3650 :
2316 3595 2438 3651 Non
2469 3598 2604 3652 enim
2653 3597 2734 3652 vir
2781 3605 2860 3651 est
2912 3613 2945 3649 α
2982 3595 3222 3660 muliere,
3259 3593 3351 3649 sed
3400 3592 3592 3646 mulier
3628 3607 3696 3646 ea:

2109 3689 2286 3755 viro";
2335 3697 2430 3742 et:
2465 3689 2636 3742 Adam
2676 3706 2780 3744 non
2815 3698 2893 3742 est
2942 3688 3209 3756 deceptus,
3259 3687 3349 3740 sed
3401 3684 3514 3738 Eva
3547 3685 3696 3754 prior

2108 3781 2324 3852 decepta
2355 3786 2408 3836 in
2451 3784 2872 3855 transgressione
2900 3782 3004 3852 fuit
3022 3783 3066 3840 ⁸.
3101 3783 3146 3837 0
3190 3782 3380 3836 mundi
3409 3780 3576 3849 hujus
3599 3795 3696 3834 va-

2112 3873 2342 3929 nitatem
2373 3890 2732 3945 erroremque
2758 3875 3156 3946 multiplicem!

2181 3962 2289 4020 Sed
2327 3963 2464 4033 jam,
2510 3965 2848 4033 charissimi,
2881 3966 3146 4022 edentula
3178 3965 3302 4032 hac,
3337 3971 3394 4021 et
3441 3964 3694 4019 amentiae

2111 4057 2272 4128 plena
2321 4058 2520 4113 haeresi
2565 4059 2838 4114 stellionis
2891 4060 3068 4115 instar
3114 4059 3410 4130 praeterita,
3451 4058 3694 4128 reliquas

2110 4148 2528 4219 aggrediamur;
2578 4165 2644 4204 ac
2690 4150 2788 4206 Dei
2839 4153 3079 4222 primum
3125 4153 3484 4221 imploremus
3533 4152 3693 4206 auxi-

2110 4240 2268 4302 lium,
2303 4247 2364 4292 ut
2399 4240 2444 4294 is
2475 4241 2734 4295 tenuitati
2757 4250 2963 4296 nostrae
3006 4242 3324 4308 subveniat,
3357 4257 3469 4312 quo
3497 4257 3662 4299 susce

2109 4336 2261 4399 ptum
2293 4345 2433 4399 opus
2465 4330 2533 4384 ad
2563 4332 2767 4386 exitum
2797 4335 3194 4403 perducamus.

2384 4445 2668 4500 CONTRA
2703 4447 3414 4515 QUARTADECIMANOS,

2581 4557 2814 4614 Ilwresis
2840 4557 3022 4625 XXX,
3059 4561 3163 4614 sive
3188 4558 3252 4612 L.

2184 4665 2225 4720 1.
2268 4665 2344 4720 Ex
2401 4669 2470 4724 iis
2500 4669 2714 4726 duabus
2757 4671 2901 4727 inter
2949 4688 3008 4728 se
3051 4673 3356 4728 commistis
3388 4672 3686 4746 Phrygum,

2758 4826 2780 4856 ⁵
2811 4825 2946 4883 Gen.
2997 4843 3078 4889 Ill,
3128 4828 3211 4880 16.
3293 4829 3314 4859 ⁸
3352 4825 3524 4882 lCor.
3575 4845 3687 4892 xn',

2109 5053 2372 5116 perpetuo
2404 5044 2800 5116 celebrandum
2831 5051 3128 5116 putarent.
3150 5044 3355 5098 Scribit
3378 5046 3539 5116 enim
3560 5044 3690 5099 Phi-

2109 5114 2331 5170 last'rius
2390 5114 2920 5181 Quartadecimanos
2977 5115 3186 5170 Pascha
3249 5131 3435 5168 mense
3494 5114 3689 5169 Martio

2108 5185 2496 5256 celebrandum
2545 5200 2814 5240 asserere.
2858 5187 3037 5255 Atque
3083 5186 3197 5238 haec
3235 5183 3691 5256 ’t'tiwiTEO'O'apEa-

2109 5255 2500 5327 καιδεκατιτῶν
2532 5271 2661 5309 vera
2703 5262 2821 5327 est,
2849 5264 2925 5327 fel.
2957 5269 3212 5327 germana
3261 5255 3439 5327 notio,
3489 5255 3583 5310 sed
3635 5266 3690 5310 et

2109 5327 2215 5380 alia
2265 5325 2367 5379 fuit
2398 5326 2591 5395 eodem
2627 5325 2899 5395 vocabulo
2937 5324 3331 5395 comprehensa
3366 5324 3687 5394 depravato-

2110 5412 2230 5450 rum
2273 5397 2503 5450 istorum
2551 5393 2741 5461 factio,
2786 5411 2906 5464 quae
2953 5393 3090 5449 mira
3124 5394 3356 5464 quadam
3397 5393 3684 5456 abusione.

2111 5465 2736 5531 Quartadecimanorum
2771 5463 2968 5520 nomen
3000 5467 3219 5519 meruit.
3245 5463 3501 5534 Nonnulli
3527 5465 3686 5534 quip-

2112 5551 2179 5604 pe
2221 5537 2550 5590 celebrando
2600 5535 2853 5589 Paschati
2903 5545 3110 5590 certum
3162 5536 3216 5588 in
3274 5549 3416 5588 anno
3468 5533 3689 5588 Julianu

2113 5606 2254 5659 diem
2287 5612 2598 5659 statuerunt
2633 5623 2646 5658 :
2681 5607 2830 5661 velut
2857 5620 2952 5658 vui
3008 5605 3128 5660 Kal.
3159 5611 3253 5657 aut
3284 5620 3374 5667 xv,
3411 5615 3503 5658 aut
3530 5621 3594 5672 x,_
3619 5605 3686 5658 de

2112 5675 2312 5755 quibus
2358 5677 2520 5755 paulo
2547 5681 2670 5755 post
2691 5675 2983 5755 _ag_endum
3014 5678 3119 5730 erit
3147 5691 3157 5726 :
3192 5689 3331 5755 quos
3355 5689 3544 5755 clunes
3567 5673 3688 5755 Epi-

2117 5742 2441 5816 ph‘anius'ad
2466 5742 2991 5811 Quartadecimanos
3016 5742 3346 5816 aggregavit.
3373 5742 3558 5816 Tertia
3585 5742 3686 5814 τῆς

434 5808 488 5862 in
530 5827 595 5866 ea
631 5811 852 5882 quidam
898 5808 1153 5884 opinione
1207 5813 1448 5880 fuerint,
1483 5821 1543 5868 ut
1585 5812 1781 5869 Martio
1825 5829 2008 5869 mense

2117 5808 2209 5868 τοῦ
2256 5814 2447 5886 Πάσχα
2477 5808 2805 5888 διαστροφῆς
2851 5817 2989 5870 ratio
3009 5854 3022 5880 ,
3051 5808 3236 5886 atque
3265 5815 3492 5872 haeresis
3510 5852 3529 5880 .
3558 5819 3620 5872 ut
3643 5808 3688 5867 '1
