4186 6374
523 327 626 380 883

1952 326 2009 380 S.
2058 323 2396 380 EPlPllANll

3673 327 3780 382 εει

521 455 577 499 et
637 444 1143 510 Qiiintillianorum,
1207 460 1322 499 sive
1381 444 1854 499 Priscillianorum
1907 445 2097 508 sectis,

2210 443 2523 515 μιχθεισῶν,
2561 442 2702 496 κατὰ
2726 439 2943 514 ⁴Ιιρῦγας
2975 458 3033 494 τε
3061 441 3154 494 καὶ
3183 440 3628 503 Κυϊντιλλιανῶν,
3659 444 3778 512 ἤτοι

527 552 662 590 nova
693 537 941 605 quiedam
971 537 1210 590 conﬂata
1245 545 1352 596 est.
1385 547 1440 592 et
1471 539 1526 591 in
1559 539 1748 592 orbem
1785 538 2102 592 introducta

524 623 1149 689 Quartadecimanorum
1206 627 1458 682 haeresis.
1499 627 1603 694 Qui
1647 628 1862 682 caeteris
1914 629 1968 681 in
2016 643 2102 682 rc-

526 717 626 770 bus
663 731 788 769 cum
819 715 1063 770 Ecclesia
1105 719 1540 781 consentientes,
1593 719 1698 771 hoc
1730 721 1851 788 ipso
1885 719 1953 772 ab
1985 734 2092 771 om-
2131 754 2138 763 ι

524 810 688 864 nibus
730 810 1013 873 aberrant,
1050 811 1194 879 quod
1246 827 1354 864 non
1394 812 1542 866 illius
1587 813 1857 866 institutis
1897 811 2104 865 doctri-

527 916 718 970 uaeque
746 910 1115 956 consentanea
1146 903 1393 971 quaedam
1421 904 1654 973 amplexi
1692 911 1857 958 sunt:
1896 918 2022 957 nam
2051 909 2106 956 et

527 989 772 1046 Judaicis
821 994 1048 1061 insuper
1094 992 1294 1050 fabulis
1342 994 1646 1060 inhaerent;
1695 1010 1873 1064 neque
1921 1005 2106 1048 tamen

531 1083 682 1151 paria
711 1099 834 1137 cum
862 1084 970 1138 illis
991 1086 1295 1154 eademque
1318 1087 1580 1140 sentiunt.
1606 1087 1738 1152 Quae
1763 1089 1897 1140 enim
1923 1086 2111 1139 dicunt

529 1192 633 1228 non
663 1186 878 1240 norunt,
910 1193 1003 1230 nec
1027 1177 1090 1230 de
1125 1177 1310 1246 quibus
1336 1180 1600 1247 afﬁrmant
1626 1181 1666 1234 ί.
1698 1179 1911 1249 Quippe
1940 1179 2108 1235 semel

529 1267 828 1335 quotannis
882 1283 1051 1321 unum
1094 1267 1376 1324 Paschatis
1430 1271 1575 1325 diem
1625 1269 1913 1340 praefracte
1961 1272 2108 1327 cele-

531 1360 714 1414 brant.
746 1359 1072 1430 Quanquam
1103 1361 1170 1414 de
1197 1360 1377 1419 Patre.
1411 1360 1570 1426 Filio,
1622 1377 1686 1417 ac
1717 1363 1927 1432 Spiritu
1979 1379 2108 1418 san-

530 1459 621 1504 cto
649 1451 920 1505 sinceram
966 1467 1092 1504 cum
1143 1454 1432 1508 catholicis
1475 1455 1789 1524 opinionem
1834 1455 2106 1518 retinent;

533 1541 630 1596 sed
658 1550 715 1598 et
743 1542 1064 1612 prophetas.
1105 1553 1161 1598 et
1188 1546 1493 1614 apostolos,
1539 1556 1591 1600 et
1625 1547 1987 1615 evangelistas
2017 1563 2111 1617 ap-

534 1634 801 1700 probant;
848 1635 1313 1691 resurrectionem
1351 1638 1536 1692 carnis
1569 1637 1794 1707 perinde
1828 1646 1888 1691 ut
1916 1638 1993 1691 illi
2031 1639 2113 1691 lu-

535 1734 715 1779 turam
746 1740 856 1778 non
900 1725 1189 1793 dubitant;
1238 1728 1701 1796 quemadmodum
1752 1746 1930 1800 neque
1960 1731 2108 1800 judi-

2206 532 2660 604 Πρισκιλλιανῶν,
2693 532 2928 601 ἀνέκυψε
2975 533 3138 585 πάλιν
3174 533 3252 602 τῷ
3288 532 3474 602 κόσμῳ
3504 534 3664 603 ἑτέρα
3692 535 3781 586 ατ-

2208 641 2356 694 ρεσις
2393 622 3083 695 Τεσσαρεσκαιδεκατιτῶν,
3111 621 3283 684 οὕτως
3314 623 3638 694 καλουμένη.
3669 624 3780 677 Καὶ

2207 711 2352 770 οὗτοι
2391 717 2489 786 μὲν
2533 716 2711 768 πάντα
2739 714 2950 785 ἔχουσιν
2987 714 3062 778 ὡς
3096 716 3129 783 ἡ
3165 715 3487 784 Ἐκκλησίαο
3526 714 3782 782 σφάλλον-

2205 825 2294 860 ται
2328 808 2383 860 δὲ
2430 807 2538 860 ἀπὸ
2569 807 2805 870 πάντων,
2836 805 2926 859 διὰ
2963 805 3024 857 τὸ
3059 805 3132 875 μὴ
3178 808 3245 875 τῇ
3271 803 3560 875 ἀκολουθίᾳ
3596 806 3688 858 καὶ
3710 808 3778 875 τῇ

2207 900 2524 970 διδασκαλίᾳ
2556 899 2648 952 τοῦ
2683 897 2887 969 θεσμοῢ
2926 899 3296 968 προσανέχειν,
3355 898 3657 960 Ἰουδαϊκοῖς
3700 897 3780 949 ἔτι

2212 991 2400 1061 μύθοις
2445 991 2903 1061 προσανέχοντες·
2941 990 3036 1044 καί
3073 989 3194 1041 οὔτε
3230 989 3299 1040 τὰ
3348 989 3437 1041 ῐσα
3481 988 3661 1050 αὐτοῖς
3699 987 3781 1040 δο-

2209 1084 2592 1156 γματίζουσιν.
2639 1086 2723 1138 Οὐ
2770 1084 2881 1153 γὰρ
2931 1083 2971 1136 d
3009 1086 3299 1153 λέγουσιν
3334 1080 3591 1144 οἴδασιν,
3638 1081 3784 1134 οὐδέ

2216 1178 2347 1246 περὶ
2380 1178 2558 1231 τίνων
2607 1175 3094 1230 διαϐεϐαιοῦνται.
3121 1172 3302 1238 Ἂπαξ
3341 1171 3449 1244 γὰρ
3491 1171 3584 1224 τοῦ
3628 1171 3782 1232 ἔτους

2218 1271 2347 1341 μίαν
2394 1270 2608 1340 ἡμέραν
2665 1267 2759 1321 τοῦ
2829 1267 3018 1335 Πάσχα
3075 1268 3122 1318 οἱ
3179 1265 3405 1317 τοιοῦτοι
3468 1263 3790 1331 φιλονείκως

2210 1360 2436 1427 ἄγουσιο
2471 1358 2711 1424 καίτοιγε
2739 1356 2866 1426 περὶ
2911 1353 3141 1422 Πατρὸς,
3184 1355 3278 1406 καὶ
3303 1351 3454 1416 Υἱοῦ,
3489 1351 3583 1405 καὶ
3622 1352 3780 1419 ἁγίου

2211 1451 2527 1520 Πνεῦματος
2575 1448 2754 1512 καλῶς
2797 1448 2892 1500 καὶ
2939 1447 3067 1508 ἴσως
3105 1445 3352 1514 ἔχοντες·
3403 1444 3683 1514 προφήτας
3725 1443 3785 1495 δὲ

2210 1542 2508 1612 δεχόμενοι,
2537 1542 2631 1595 καὶ
2671 1540 3022 1602 ἀποστόλους,
3066 1539 3159 1591 καὶ
3202 1535 3620 1605 εὐαγγελιστάς·
3654 1535 3784 1586 ἀνά-

2215 1651 2402 1686 στασιν
2442 1633 2498 1686 δὲ
2541 1632 2739 1703 σαρκὸς
2775 1631 2974 1700 ὁμοίως
3008 1628 3426 1699 ὁμολογοῦντες,
3468 1627 3560 1679 καὶ
3604 1625 3784 1696 κρίσιν

2214 1725 2502 1794 ἐσομένην,
2557 1724 2651 1776 καὶ
2699 1723 2843 1792 ζωὴν
2874 1721 3107 1775 αἰώνιον.
3151 1720 3482 1791 Περιέπεσον
3520 1717 3576 1770 δὲ
3623 1718 3784 1769 ἀστο-

534 1814 703 1876 cium,
731 1818 1009 1886 vitamque
1037 1818 1446 1886 sempiternam.
1480 1817 1586 1874 Sed
1613 1820 1756 1874 inter
1786 1820 1899 1876 haec
1923 1831 2104 1877 tamen

2212 1817 2416 1886 χήματι
2439 1815 2533 1868 καὶ
2583 1815 2738 1866 αὐτοὶ
2777 1813 2838 1865 οὐ
2879 1811 2956 1882 τῷ
2984 1811 3218 1882 τυχόντι,
3263 1809 3424 1879 δῆθεν
3453 1807 3782 1878 κεχρημένοι

536 1921 644 1960 non
680 1907 942 1962 mediocri
977 1909 1288 1964 calamitate
1333 1912 1741 1976 conﬂictantur,
1784 1929 1849 1968 eo
1875 1916 2019 1983 quod
2055 1915 2106 1969 id

535 1998 678 2067 quod
711 1999 828 2070 lege
871 2001 1138 2070 scriptum
1178 2009 1262 2056 est
1298 2018 1581 2073 perperam
1631 2006 1910 2076 accipiunt
1945 2006 2108 2060 :Ma-

535 2086 755 2143 (edictus
782 2090 873 2158 qui
894 2107 994 2144 non
1019 2092 1199 2160 fecerit
1224 2090 1435 2147 Pascha
1460 2110 1548 2148 xlv
1582 2095 1668 2150 die
1701 2099 1914 2152 mensis.

604 2177 770 2249 420
792 2178 932 2233 Sunt
972 2182 1116 2236 inter
1158 2198 1253 2236 eos
1285 2185 1557 2250 nonnulli,
1599 2188 1695 2255 qui
1749 2204 1914 2242 unam
1962 2204 2110 2243 eam-

614 2338 629 2366 '
666 2337 683 2390 Ι
721 2335 864 2391 Tim.
893 2355 931 2402 I,
969 2340 1019 2393 7.

542 2467 816 2553 prioribus
841 2469 1078 2553 diversa,
1111 2476 1190 2527 sic
1231 2475 2112 2553 Quartadecimauorumappella-

543 2547 747 2592 tionem
797 2547 1025 2620 justius,
1079 2559 1260 2620 quam
1304 2551 1572 2620 posterior
1623 2550 1758 2610 haec,
1812 2547 2110 2620 obtinebit;

583 2625 669 2690 0&3.
693 2624 818 2691 cum
845 2613 1159 2691 universam
1193 2613 1671 2691 oliin_l_‘3cc|esiam,
1703 2627 1814 2672 tum
1846 2613 2114 2691 praccipue

591 2678 947 2758 ccidentaleni
985 2687 1270 2758 exercuit.
1315 2686 1486 2758 illam:
1559 2678 1668 2758 qui
1716 2678 1888 2744 secuti
1951 2678 2110 2753 su'nt,

547 2751 756 2825 Pascha
790 2750 864 2802 illi
901 2752 1126 2825 quidem
1175 2754 1456 2809 Dominieo
1483 2750 1982 2825 die-celebrabant;
2020 2750 2115 2817 sed

547 2821 595 2900 si
623 2819 870 2900 Xl_v.luna
899 2819 952 2874 in
983 2839 1119 2900 eum
1144 2826 1285 2900 diem
1315 2828 1596 2900 incideret.
1617 2845 1746 2900 “non
1771 2847 1834 2883 ex
1873 2819 2116 2900 pratscri-

551 2899 639 2957 pto
669 2888 899 2970 Sicana:
932 2894 1122 2970 syn_odi
1162 2896 1214 2948 in
1247 2912 1335 2970 xxi
1356 2898 1501 2970 diem
1545 2888 1891 2970 dillerebant',
1927 2902 2022 2956 sed
2062 2904 2117 2957 in

551 2963 784 3034 termino
838 2963 956 3034 ipso
1015 2964 1208 3018 festum
1281 2968 1523 3021 obibant.
1603 2969 1758 3034 Quod
1827 2971 1880 3023 in
1938 2971 2118 3026 Gallia

550 3030 845 3109 quondam,
875 3032 1156 3102 Hispania,
1183 3040 1575 3109 ac.pr_aesertim
1609 3030 1888 3093 Britannia
1914 3042 2118 3109 pleros-

550 3117 655 3168 que
679 3102 920 3180 tenuisse
950 3110 1221 3180 testantur
1247 3102 1400 3180 [tedae
1422 3110 1750 3180 ,_Sige.berti
1807 3127 1868 3164 ac
1895 3102 2121 3167 caetero-

555 3186 670 3222 rum
699 3171 922 3295 scrifta.
959 3171 1093 3227 Vide
1123 3175 1175 3228 in
1210 3177 1401 3244 primis
1435 3171 1631 3231 Bedam
1684 3179 1775 3232 lib.
1831 3196 1866 3233 ιι
1917 3181 2118 3238 Eccles.

555 3242 676 3294 trist.
705 3255 755 3294 C.
826 3281 839 3295 .
866 3251 920 3295 et
950 3243 1044 3295 lib.
1071 3259 1122 3295 ν.
1154 3261 1203 3295 c.
1233 3247 1333 3295 l6:
1382 3257 1495 3295 tum
1521 3264 1642 3295 nune
1664 3249 1728 3295 ad
1763 3247 2118 3295 Nieenlmrnm

553 3242 676 3294 trist.
705 3255 755 3294 c.
787 3242 839 3304 5,
866 3251 920 3296 et
950 3243 1044 3296 lib.
1071 3259 1122 3309 v,
1154 3242 1333 3319 c.__l6;
1382 3257 1496 3301 tum
1521 3264 1642 3319 quie
1664 3249 1728 3301 ad
1760 3247 2122 3319 Nicephorum

553 3319 912 3390 antetpaucos
941 3327 1113 3390 annos
1155 3316 1558 3390 adnotavimus.
1589 3316 1909 3390 Postremus
1937 3321 2004 3376 de
2031 3337 2123 3375 ce-

555 3381 1118 3459 lebritate_Pascliatis
1154 3401 1308 3440 error
1335 3385 1654 3442 Latinorum
1705 3389 1838 3452 fuit,
1871 3392 1963 3459 qui
2001 3407 2124 3445 cum

557 3451 612 3530 in
651 3452 865 3530 caeteris
897 3451 1175 3530 Nica-num
1208 3471 1479 3530 canonem
1514 3467 1568 3511 et
1604 3451 1928 3530 catholicam
1969 3478 2127 3530 regu-

559 3522 665 3599 lam
695 3519 1071 3587 observarent,
1119 3523 1564 3599 Judaicotamen
1599 3529 1706 3581 ritu
1745 3529 1990 3583 citimum
2023 3519 2128 3584 tuer-

560 3597 1230 3671 minumuantevertentes
1290 3597 1710 3671 primi_mensis
1784 3602 2124 3654 neomeniam

557 3674 591 3712 ν
636 3658 813 3713 Martii
858 3658 1305 3729 constituebant;
1336 3682 1400 3720 ac
1443 3667 1582 3722 duos
1609 3684 1781 3722 annos
1809 3685 2126 3725 communes

561 3729 874 3804 habebant,
937 3748 1076 3801 quos
1134 3736 1324 3804 reliqui
1382 3739 1786 3794 embolismicos
1819 3757 1833 3792 :
1869 3741 2124 3793 nimirum

561 3800 716 3880 cyclo
742 3815 860 3880 viii,
887 3800 1092 3880 aclxux.
1124 3800 1402 3880 Adversus
1435 3822 1594 3880 quos,
1620 3824 1917 3878 eorumque
1959 3811 2128 3880 signi-

564 3868 738 3945 ferum
773 3868 1110 3945 Victorinum
1143 3875 1387 3945 disputat
1431 3868 1718 3932 Beda'non
1759 3868 1869 3932 uno
1897 3880 1948 3932 in
1986 3868 2124 3934 loco.

562 3943 737 4020 Atque
771 3943 878 4020 etsi
921 3943 1056 4020 luna
1093 3961 1179 4020 διν
1221 3943 1613 4015 nonnunquam
1658 3950 1745 4003 isti
1785 3947 1996 4004 Pascha
2030 3949 2130 4005 Do-

564 4012 766 4086 minico
827 4013 915 4086 die
979 4015 1353 4086 celebrarent,
1417 4012 1691 4086 nunquam
1755 4029 1936 4073 tamen
2003 4031 2129 4074 ante

563 4082 949 4152 aequinoctium
1004 4100 1016 4133 :
1069 4085 1213 4152 quod
1262 4084 1432 4140 Judaei
1487 4082 1839 4151 faetitaliant,
1888 4097 1946 4142 ut
2000 4092 2128 4144 alibi

563 4152 798 4222 dicetur.
843 4150 1096 4206 Fuerunt»
1111 4162 1165 4206 et
1195 4155 1284 4208 alii
1331 4150 1943 4222 Quartadecimanorum
1977 4175 2129 4214 erro-

565 4237 673 4299 res.
707 4219 842 4299 Nam
893 4222 1035 4277 inter
1065 4225 1187 4299 Aalia
1219 4219 1694 4299 _c_um'_Novatiano
1746 4230 1928 4299 lapsos
1977 4246 2130 4299 repu-

565 4291 824 4365 diarunt,
880 4301 940 4344 ut
998 4293 1163 4365 refert
1219 4293 1591 4351 Theodoretus
1623 4313 1637 4348 :
1673 4291 1818 4365 quod
1877 4297 1944 4352 de
1997 4291 2129 4354 solis

567 4362 824 4418 Asiaticis
854 4365 1052 4417 asserit
1099 4363 1352 4419 Socrates
1400 4367 1434 4418 Ι.
1470 4383 1521 4428 v,
1570 4381 1620 4418 c.
1653 4362 1715 4420 εἰ
1739 4405 1755 4430 ,
1798 4369 1890 4422 tibi
1923 4368 1987 4421 de
2022 4371 2129 4423 ritu

567 4431 874 4505 celebrandi
904 4431 1205 4505 Paschatis,
1233 4433 1406 4505 deque
1436 4437 1796 4491 Asiaticorum
1838 4454 1901 4492 ac
1931 4439 2127 4494 Roma-

568 4515 762 4554 norum
793 4502 1023 4557 dissidio
1054 4504 1298 4572 pluribus
1319 4502 1562 4561 disserit.

641 4573 716 4640 (7)
761 4572 880 4645 Ὅτι
931 4572 1362 4641 ἑπικατάρατος
1415 4575 1483 4640 ὃς
1534 4578 1604 4629 οὺ
1656 4577 1916 4645 ποιήσει.
1974 4577 2126 4635 Haud

569 4642 970 4716 scio‘anlocus
1015 4645 1221 4716 istesic
1251 4661 1544 4716 expressus
1578 4642 1791 4713 uspiam
1831 4649 2054 4716 legatur.

641 4710 718 4781 (8)
745 4711 966 4780 Ἕτεροι
1008 4712 1076 4765 δὲ
1109 4713 1178 4777 ἐξ
1213 4710 1431 4767 αὐτῶν.
1465 4710 1736 4779 Quantum
1762 4732 1824 4770 ex
1858 4710 1925 4770 iis
1952 4720 2128 4774 verbis

570 4782 865 4847 colligitur,
896 4799 1002 4835 non
1039 4785 1214 4836 solum
1249 4787 1355 4838 lixo
1377 4801 1440 4838 ac
1460 4786 1734 4838 constanti
1764 4787 1874 4847 die,
1915 4788 2015 4840 hoc
2046 4799 2129 4843 est

569 4869 668 4906 vm
703 4852 1034 4924 Ka|._iMaﬁrt.
1082 4851 1288 4907 Pascha
1325 4856 1652 4924 peragebant
1683 4873 1695 4907 :
1731 4871 1918 4910 verum
1967 4858 2130 4912 etiam

571 4939 637 4977 eo
675 4924 792 4992 ipso
820 4922 908 4976 die
946 4922 1542 4991 jejunahant,icontra
1589 4935 1821 4979 veterem
1875 4925 2131 4982 Ecclesiae

575 4994 760 5053 ritum,
789 5008 909 5060 qua:
959 4996 1012 5045 in
1051 4994 1168 5061 ipso
1199 4994 1336 5048 festo
1380 4995 1645 5061 jejunium
1675 4996 2029 5060 dissolvebat,
2073 5011 2131 5052 ut

574 5080 638 5115 ex
703 5063 932 5131 epistola
997 5063 1236 5134 Dionysii
1305 5065 1654 5117 Alexandrini
1718 5074 1952 5121 constat.
2023 5068 2129 5123 Sed

575 5136 825 5204 σιιιειοιιιτξΔ
860 5143 990 5186 sunt
1034 5133 1152 5202 quae
1190 5133 1446 5203 deinceps
1491 5135 1825 5204 Epiphanius
1864 5137 2080 5191 disserit
2114 5158 2126 5192 :

578 5219 752 5271 neque
783 5201 1481 5258 Tessaresciedecatitarui'u
1513 5201 1824 5273 opinionem
1873 5208 2004 5261 satis
2038 5225 2127 5262 as-

578 5274 730 5341 sequi
766 5288 1080 5346 possumus.
1117 5275 1251 5346 Cuin
1283 5275 1425 5328 enim
1455 5276 1646 5346 scribit
1675 5290 1688 5325 :
1726 5277 1834 5328 Καὶ
1865 5278 1923 5327 ὲν
1949 5279 2131 5346 ἐκείνῃ

578 5346 642 5412 τῇ
662 5340 862 5414 θήμέρᾳ
908 5343 1183 5412 βούλονται
1223 5344 1376 5409 ἄγειν
1419 5345 1478 5396 τὸ
1523 5346 1743 5414 Πάσχα,
1787 5347 1947 5399 ὁποία
1989 5348 2033 5400 δ’
2065 5340 2131 5400 ἂν

581 5397 1460 5486 εὖ.πέἒῇἠμιξεσσαρεσκαιδεκάτη
1498 5417 1594 5485 τῆς
1630 5397 1885 5486 έέλῆνης,
1918 5397 2020 5470 hoc

583 5482 797 5535 ﬁrmare
841 5482 1096 5537 videtur:
1132 5485 1415 5538 htereticos
1449 5482 1569 5538 illos
1599 5482 1753 5539 certo
1785 5482 1850 5540 ac
1887 5489 1993 5539 lixo
2022 5489 2128 5551 die,

582 5553 840 5606 nimirum
869 5569 958 5607 vm
991 5552 1108 5607 Kal.
1146 5557 1274 5623 Apr.
1323 5556 1564 5609 solemne
1611 5555 1890 5612 Paschalis
1938 5562 2133 5610 astrin-

585 5624 1008 5695 xisse,_securos
1040 5626 1180 5678 luna:
1209 5641 1316 5677 xiv.
1340 5626 1436 5677 Cui
1473 5633 1652 5679 tamen
1680 5641 1798 5694 quae
1832 5637 2133 5695 sequuntur

586 5692 832 5765 nonnihil
889 5703 1243 5765 repugnant;
1291 5695 1522 5762 Subjicit
1575 5692 1717 5749 enim
1781 5692 2132 5765 Cappadoces

588 5759 834 5818 eamdem
874 5759 1013 5818 diem
1037 5759 1155 5819 'vm
1205 5762 1321 5818 Kal.
1371 5759 1501 5835 Apr.
1555 5767 1828 5821 celebrare
1846 5759 1877 5829 ;,'
1901 5759 2047 5837 quod
2103 5783 2132 5820 a

2207 1907 2286 1977 τῷ
2327 1905 2494 1978 ῥητῷ,
2527 1899 2570 1974 ᾧ
2613 1901 2766 1959 εἶπεν
2801 1908 2829 1958 ὁ
2870 1905 3065 1974 νόμοςο
3105 1903 3186 1962 in
3221 1899 3676 1966 Ἐπικατάρατος
3713 1897 3789 1964 ὃς

2208 2001 2281 2051 οὐ
2336 1999 2574 2065 ποιήσει
2605 1997 2678 2067 (7)
2702 1997 2769 2050 τὸ
2806 1995 3020 2064 Πάσχα
3053 1992 3126 2061 τῇ
3160 1987 3782 2060 τεσσαρεσκαιδεκάτῃ

2208 2088 2396 2160 ἡμέρᾳ
2417 2087 2524 2141 τοῦ
2553 2088 2765 2156 μηνός.

2283 2183 2498 2253 Ἐτεροι
2530 2180 2586 2234 δὲ
2627 2180 2686 2245 ἐξ
2724 2181 2902 2233 αὐτῶν
2934 2181 3032 2251 (8),
3069 2181 3167 2252 τὴν
3211 2181 3383 2253 αὐτὴν
3417 2181 3542 2252 μίαν
3571 2179 3788 2252 ἡμέραν

2215 2485 2459 2552 priorum
2492 2476 2743 2531 instituto
2781 2475 2914 2552 nihil
2942 2475 3219 2543 discrepat
3247 2489 3261 2524 :
3291 2482 3553 2552 et__tamen
3585 2483 3770 2552 poste-

2216 2545 2333 2604 rius
2389 2551 2492 2601 hoc
2543 2557 2799 2613 tanquam
2855 2545 3132 2598 diversum
3203 2559 3268 2596 ac
3329 2545 3514 2610 dispar
3572 2545 3780 2597 attulit.

2215 2621 2578 2687 Quamobrem
2619 2614 2908 2669 videndum
2940 2614 3134 2687 ecquid
3183 2614 3394 2687 priores
3428 2614 3663 2687 illi,_qui
3708 2631 3776 2667 ex

2216 2684 2367 2745 A'ctis
2417 2687 2574 2740 Pilati
2626 2694 2832 2739 certum
2865 2701 2922 2738 se.
2956 2686 3096 2739 diem
3146 2685 3462 2753 explorasse
3513 2684 3778 2742 dicerent.

2218 2778 2308 2815 liv
2340 2761 2522 2812 lunam
2558 2757 2968 2810 observaverint
2991 2799 3005 2819 ,
3051 2754 3187 2808 adeo
3217 2755 3432 2821 quidem
3468 2761 3527 2805 ut
3564 2753 3675 2806 hac
3715 2754 3784 2808 de

2219 2847 2316 2885 vm
2360 2828 2480 2882 Kal.
2533 2826 2854 2895 interposita
2897 2826 3100 2879 mentio
3136 2825 3268 2878 nihil
3304 2826 3356 2877 in
3401 2839 3487 2875 xw
3520 2824 3659 2876 luna:
3688 2839 3778 2876 ra—

2220 2901 2366 2954 tione
2397 2904 2662 2950 mutatum
2694 2895 2981 2964 significet,
3011 2896 3103 2949 sed
3133 2895 3780 2964 supervacaneamaxpt-

2215 2967 2466 3036 ϐολογίαν
2497 2963 2791 3020 contineat.
2817 2963 2955 3018 Fieri
2981 2966 3142 3019 etiam
3175 2963 3373 3036 potest.
3405 2973 3461 3036 ut
3483 2979 3573 3016 ιιν
3599 2963 3785 3016 lunam

2221 3034 2442 3092 eamad
2468 3036 2752 3090 Paschalis
2783 3036 3152 3089 celebritatem
3185 3034 3504 3102 delegerint,
3545 3048 3665 3102 quae
3685 3049 3787 3087 vnt

2223 3109 2340 3162 Kal.
2372 3109 2500 3175 Apr.
2531 3106 2761 3159 vicinior
2780 3113 2958 3159 esset:
2986 3104 3404 3175 attiappadoces
3433 3103 3774 3175 illatn_ipsat_ii

2227 3181 2279 3232 in
2306 3172 2519 3231 Juliano
2546 3192 2688 3230 anno
2710 3175 2937 3229 delixam
2963 3175 3105 3229 diem
3136 3172 3244 3242 vin,
3262 3173 3382 3226 Kal.
3412 3174 3542 3242 Apr.
3577 3172 3680 3226 Sed
3714 3172 3787 3226 de

2227 3247 2927 3314 Tessarcscmdecatitarum
2953 3261 3019 3299 ex
3041 3245 3192 3298 Actis
3223 3241 3379 3298 Pilati
3404 3241 3660 3314 opinione
3687 3243 3787 3296 illa

2226 3320 2500 3373 disserens
2530 3315 2773 3384 Scaliger
2800 3331 2836 3368 Il
2857 3313 2930 3367 De
2967 3314 3206 3384 emendat
3251 3323 3402 3381 temp.
3423 3312 3455 3384 ξ
3475 3312 3782 3384 Perperam,

2228 3390 2424 3458 inquit,
2455 3387 2635 3440 seribit
2678 3382 3784 3458 ῘίρίρΙιαηίιιε,Τεσσαρεσκαιδεκᾴταξριο)

2227 3452 2360 3511 τιαἰῆ
2401 3459 2582 3510 solitos
2628 3473 2682 3510 se
2714 3452 3035 3522 compertum
3088 3452 3274 3508 habere
3309 3469 3373 3508 ex
3413 3453 3557 3505 Actis
3596 3452 3782 3512 Pilati,

2228 3528 2494 3582 Christum
2529 3542 2743 3595 passum
2778 3526 2942 3595 fuisse
2968 3540 3059 3580 vui
3096 3523 3224 3577 Kal.
3254 3526 3384 3592 Apr.
3437 3523 3648 3588 Quibus
3681 3524 3782 3595 ista

2229 3609 2501 3668 postremo
2530 3593 2767 3668 subiicit
2802 3615 2813 3649 τ
2866 3594 3153 3668 Eiusmodi
3191 3594 3347 3661 plura
3392 3603 3600 3646 exstant
3643 3593 3788 3668 apud-

2228 3665 2380 3721 illum
2426 3666 2692 3719 eruditum
2733 3665 2969 3726 Patrem,
2997 3674 3046 3718 et
3081 3666 3216 3717 alios
3241 3674 3453 3725 ueteres,
3493 3665 3782 3731 pra'sertim

2230 3737 2543 3797 Eusebium;
2564 3753 2680 3803 quae
2713 3752 2838 3788 sane
2871 3753 2986 3788 cum
3007 3735 3208 3788 delectu
3235 3745 3355 3788 sunt
3383 3733 3614 3803 legenda.
3641 3734 3782 3798 Quid

2228 3818 2312 3862 est
2349 3811 2450 3862 ista
2486 3806 2768 3876 Epiphanii
2822 3807 3242 3875 reprehensione
3276 3805 3379 3876 vel
3403 3804 3666 3876 iniquius,
3697 3804 3780 3855 vel

2229 3877 2501 3946 ineptius?
2523 3873 2670 3931 Itane
2682 3873 2943 3944 quotquot
2962 3877 3336 3930 hzereticorum
3357 3873 3491 3927 falsa
3509 3874 3781 3946 dogmata,

2229 3943 2618 4016 opinionesque
2651 3943 3168 4016 commemorantur.
3205 3959 3406 4016 eorum
3425 3943 3666 4016 omnium
3698 3958 3783 3994 ve-
3817 3953 3826 3958 ·

2231 4012 2362 4072 ritas
2391 4018 2460 4070 ab
2495 4012 2585 4072 illo
2631 4014 2935 4084 praestanda
2967 4015 3160 4078 fuerit,
3195 4014 3287 4084 qui
3332 4012 3466 4068 nihil
3498 4013 3602 4084 nis_i
3645 4022 3788 4084 retu-

2230 4088 2396 4141 lerit?
2431 4087 2535 4140 Sed
2585 4081 2891 4155 cujusmodi
2927 4087 3016 4155 illa
3065 4086 3135 4139 sit
3182 4081 3248 4139 de
3275 4085 3530 4155 passione
3568 4081 3783 4137 Domini

2230 4158 2285 4210 in
2313 4173 2408 4210 vni
2438 4157 2555 4210 Kal.
2583 4154 2939 4210 conveniente
2967 4154 3666 4209 Tessarescmdecatitarum
3695 4169 3783 4206 ra—

2231 4229 2328 4288 tio,
2370 4238 2554 4296 postea
2585 4227 2974 4295 disputabitur.
3012 4226 3142 4291 Quae
3171 4239 3302 4278 vero
3333 4225 3596 4296 adversus
3636 4223 3781 4296 illam

2231 4293 2385 4350 atl'ert
2428 4293 2846 4366 Scaliger—levia
2897 4305 3056 4359 sunt,
3096 4299 3216 4366 imo
3246 4296 3415 4366 nulla.
3465 4293 3779 4354 Nemneuia,

2234 4367 2440 4434 inquit,
2493 4363 2663 4418 Nisrm
2713 4366 2896 4418 incidit
2939 4367 2992 4418 in
3035 4382 3107 4418 xu
3159 4363 3379 4428 Martii,
3432 4366 3630 4432 quoties
3678 4378 3782 4415 xxv

2233 4435 2414 4490 Martii
2426 4448 2500 4490 est
2520 4453 2605 4489 xw
2635 4435 2822 4489 Nisan.
2848 4437 3006 4505 Atqui
3022 4453 3128 4490 a’vo
3145 4435 3238 4488 illo
3253 4436 3348 4487 hoc
3364 4451 3466 4487 non
3482 4436 3782 4503 potuitcom

2234 4509 2447 4575 tingere,
2485 4507 2588 4560 nisi
2642 4507 2787 4576 cyclo
2815 4522 2946 4567 ιιιι,
3001 4506 3150 4574 idque
3194 4508 3246 4558 in
3290 4522 3426 4558 anno
3477 4505 3788 4576 Hagareno,

2233 4579 2287 4630 in
2315 4572 2466 4631 annis
2499 4592 2611 4639 ιιι,
2641 4572 2846 4630 χὶινιῐι
2870 4617 2883 4637 ,
2915 4590 3021 4629 LVII
3062 4572 3284 4644 periodi.
3313 4576 3471 4643 Atqui
3515 4572 3636 4627 tunc
3681 4572 3786 4625 Ju-

2233 4647 2467 4700 dteorum
2501 4649 2782 4700 neomeniw
2831 4662 2934 4699 uno
2966 4646 3049 4699 die
3087 4647 3342 4699 tardiores
3387 4655 3538 4697 erant
3575 4654 3785 4712 propter

2233 4718 2605 4785 proemptosin.
2627 4715 2763 4785 Non
2799 4717 2961 4784 igitur
2997 4718 3168 4779 potuit
3195 4715 3448 4770 accidere.
3485 4713 3541 4767 lu
3572 4731 3690 4785 quo
3713 4715 3783 4766 il-

2235 4783 2324 4840 lud
2376 4783 2561 4846 sumit,
2610 4783 3178 4856 JudteosCalippicam
3225 4785 3350 4856 anni
3395 4785 3646 4847 formam,
3681 4783 3784 4838 hoc

2235 4865 2319 4911 est
2341 4856 2846 4928 Syromacedouum
2869 4896 2882 4916 ,
2918 4855 3029 4910 sive
3058 4855 3612 4928 Alexandreamtunc
3647 4863 3788 4907 tem-

2235 4923 2710 4994 poris'usurpasse
2736 4965 2751 4983 .
2780 4941 2900 4993 qua:
2929 4942 3051 4979 cum
3083 4941 3177 4978 ccc
3213 4927 3324 4978 lere
3353 4925 3512 4994 annis
3543 4923 3782 4991 llagare-

2237 4993 2359 5048 nam
2392 4993 2670 5065 periodum
2705 4997 3020 5066 antecedat,
3057 4997 3359 5066 προήγησιν
3392 4993 3784 5066 Hipparcheam

2238 5061 2408 5119 habet
2432 5067 2591 5119 unius
2635 5067 2761 5118 diei.
2813 5065 2964 5118 Unde
3011 5061 3222 5118 tardior
3251 5061 3336 5117 est
3380 5061 3664 5118 neomenia
3695 5061 3790 5116 Ju-

2237 5137 2389 5188 daii-a
2417 5176 2430 5196 ,
2484 5151 2643 5204 quam
2681 5135 3000 5203 llagarcna;
3034 5151 3156 5188 nam
3190 5135 3355 5202 hujus
3388 5133 3643 5202 periodus
3683 5133 3787 5204 sub

2237 5208 2450 5259 initium
2476 5203 2704 5259 .luliana:
2750 5205 2935 5259 formae
2967 5213 3222 5258 contexta
3254 5212 3373 5268 est,
3414 5219 3536 5256 cum
3572 5203 3786 5256 novilu-

2237 5276 2386 5329 nium
2426 5281 2478 5331 in
2518 5275 2692 5327 Martii
2735 5291 2814 5328 ιιι·
2865 5276 3158 5336 incideret,
3197 5275 3340 5343 quod
3385 5275 3441 5327 in
3471 5273 3785 5342 Calippica,

2236 5345 2567 5416 Judaicaque
2616 5344 2837 5416 periodo
2879 5345 2933 5398 in
2976 5361 3072 5416 xui
3106 5343 3653 5416 conveniebat.__Qua
3695 5357 3782 5416 ra.

2237 5417 2380 5470 tione
2413 5411 2565 5486 cyclo
2587 5411 2704 5476 xiii,
2725 5415 2899 5486 Martii
2930 5432 3033 5486 xxv
3058 5415 3180 5486 luna
3210 5415 3310 5468 fuit
3338 5430 3457 5486 xui,
3484 5411 3790 5486 Hagarenie

2240 5502 2365 5540 vero
2392 5483 2711 5540 xiv.Verum
2737 5485 2951 5538 Judaros
2970 5485 3244 5553 Calippica
3269 5485 3395 5536 anni
3417 5483 3790 5550 descriptione

2239 5572 2370 5610 usos
2418 5572 2574 5616 esse,
2626 5570 2734 5624 quo
2769 5554 3135 5623 Scaligeriana
3171 5554 3348 5608 omnis
3395 5553 3485 5606 illa
3533 5554 3784 5607 doctrina

2240 5627 2452 5688 nititur,
2487 5627 2534 5680 si
2561 5627 2684 5694 quis
2714 5627 3012 5694 negaverit.
3045 5625 3293 5694 progredi
3329 5625 3470 5676 ultra
3497 5639 3602 5677 non
3635 5629 3790 5694 pote-

2239 5697 2331 5748 rit.
2379 5697 2452 5748 Ac
2499 5692 2597 5750 nos
2633 5695 2697 5748 a’d
2727 5692 3061 5764 sequentem'
3090 5692 3336 5764 haeresim
3367 5695 3579 5763 cyclum
3613 5692 3778 5743 alium

2240 5765 2522 5823 Judaicum
2552 5763 2966 5835 eXplicabimus,
2986 5767 3036 5818 in
3054 5779 3162 5835 quo
3178 5763 3349 5819 biduo.
3366 5774 3788 5832 nonnunquam,
