4186 6374
405 355 517 414 εεε

1117 353 1492 412 ADVERSUS
1529 352 1873 409 HERESES
1909 352 2039 407 LIB.
2070 350 2134 408 ll.
2180 351 2344 407 TOM.
2383 353 2425 409 1.
2465 383 2534 393 -
2572 351 2849 408 ΗΑΞΠΕΞ.
2895 352 2957 408 L.

3560 353 3664 410 886

406 477 665 546 ἄγοντες,
713 476 807 529 καὶ
841 475 940 548 τὴν
993 476 1163 549 αὐτὴν
1200 476 1329 547 μίαν
1356 474 1573 547 ἡμέραν
1610 473 1987 546 νηστεύοντες,

2091 472 2325 544 demque
2363 471 2508 527 diem
2562 471 2883 537 observant,
2937 477 2993 527 et
3044 484 3152 524 una
3197 469 3500 539 eademque
3522 468 3637 538 jejn

408 569 505 621 καὶ
544 566 613 620 τά
671 568 945 639 μυστήρια
1011 566 1416 631 ἐπιτελοῦντες,
1450 565 1558 619 ἀπὸ
1613 567 1724 620 τῶν
1766 566 1982 619 ’Ἀκτων

406 658 569 729 δῆθεν
597 658 829 713 Πιλάτου
866 658 1091 729 αὑχοῦσι
1129 656 1228 729 τὴν
1259 657 1546 729 ἀκρίϐειαν
1580 657 1897 730 εὑρηκέναι,
1925 658 1983 710 ἐν

406 743 490 812 οἷς
528 749 845 821 ἐμφέρεται,
883 751 950 820 τῇ
991 750 1095 820 πρὸ
1121 747 1265 802 ὀκτὼ
1316 747 1612 802 Καλανδῶν
1662 746 1983 819 Ἀπριλλίων

408 842 502 896 τὸν
550 842 777 913 Σωτῆρα
809 840 1156 895 πεπονθέναι.
1208 839 1317 893 Καὶ
1352 841 1410 893 ἐν
1462 839 1646 909 ἐκείνῃ
1697 841 1760 908 τῇ
1802 837 1983 907 ἡμέρᾳ

412 932 690 1005 βούλονται
745 932 896 1000 ἄγειν
940 931 1001 985 τὸ
1048 931 1261 1000 Πάσχα,
1311 929 1478 1001 ὁποίᾳ
1503 929 1547 982 δ’
1583 928 1651 982 ἂν
1690 927 1907 998 ἐμπέσῃ
1948 929 1983 997 ἠ

408 1024 970 1095 τεσσαρεσκαιδεκάτη
1020 1022 1118 1092 τῆς
1165 1021 1415 1091 σελήνης.
1451 1021 1514 1073 Οί
1542 1019 1598 1072 δὲ
1629 1021 1687 1071 ἐν
1728 1022 1795 1089 τῇ
1828 1020 1984 1070 Καπ-

411 1117 644 1187 παδοκία
681 1115 778 1186 τὴν
813 1115 981 1185 αὐτὴν
1011 1114 1139 1192 μίαν
1169 1113 1380 1185 ἡμέραν
1409 1112 1508 1181 τὴν
1538 1110 1644 1183 πρδ
1695 1109 1839 1164 ὀκτὼ
1870 1111 1985 1162 Καί

411 1208 620 1263 λανδῶν
662 1206 987 1278 Ἀπριλλίων
1033 1204 1247 1272 ἄγουσι.
1291 1204 1402 1257 Καὶ
1436 1206 1493 1256 ἐν
1536 1203 1719 1265 αὐτοῖς
1756 1201 1814 1254 δὲ
1858 1200 1985 1254 στά-

412 1312 497 1359 σις
527 1296 605 1365 (9)
634 1296 732 1364 οὐχ
756 1297 790 1365 ἡ
835 1292 1094 1363 τυχοῦσα,
1116 1292 1226 1344 τῶν
1263 1290 1363 1361 μὲν
1391 1291 1660 1360 λεγόντων
1690 1292 1757 1359 τῇ
1793 1304 1987 1341 τεσσα-

409 1388 801 1462 ρεσκαιδεκάτῃ
848 1386 945 1456 τῆς
969 1384 1195 1455 σελήνης
1222 1383 1330 1437 τῶν
1362 1382 1468 1454 πρὸ
1516 1381 1659 1436 ὀκτὼ
1692 1379 1985 1434 Καλανδῶν

425 1477 765 1548 Ἀπριλλίων.
801 1477 919 1530 Ἔτι
947 1475 1005 1527 δέ
1040 1473 1271 1546 εὕρομεν
1292 1474 1611 1545 ἀντίγραφα
1653 1475 1716 1526 ἐκ
1742 1472 1850 1524 τῶν
1890 1473 1987 1523 Πι-

411 1564 600 1628 λάτου,
645 1566 702 1616 ἐν
756 1556 837 1626 οἷς
893 1562 1145 1631 σημαίνει
1196 1563 1302 1632 πρὸ
1355 1562 1649 1615 δεκαπέντε
1694 1560 1986 1615 Καλανδῶν

425 1653 746 1724 Ἀπριλλίων
773 1653 832 1705 τὸ
859 1653 1037 1716 Πάθος
1098 1652 1445 1723 γεγενῆσθαι.
1483 1653 1697 1722 Τάληθῆ
1726 1653 1799 1710 δὲ,
1819 1652 1894 1715 ὡς
1923 1653 1986 1705 ἐκ

414 1744 613 1814 πολλῆς
667 1743 953 1815 ἀκριϐείας
1009 1744 1286 1815 ἔγνωμεν,
1341 1747 1399 1799 ἐν
1442 1748 1505 1815 τῇ
1538 1745 1642 1815 πρὸ
1688 1742 1984 1812 δεκατριῶν

415 1833 714 1888 Καλανδῶν
757 1834 1078 1905 Ἀπριλλίων
1110 1835 1201 1888 τὸν
1248 1835 1477 1906 Σωτῆρα.
1510 1832 1835 1886 πεπονθέναι
1864 1850 1991 1884 κατ-

413 1924 733 1995 ειλήφαμεν.
775 1925 929 1986 Τινὲς
953 1924 1007 1977 δέ
1038 1927 1103 1995 τῇ
1130 1924 1235 1996 πρὸ
1260 1925 1393 1978 δέκα
1420 1923 1711 1978 Καλανδῶν
1770 1924 1989 1995 Ἀπριλ-

414 2015 544 2069 λίων
589 2015 857 2085 λέγουσιν.
911 2016 1197 2081 Ἐξέπεσον
1228 2016 1287 2070 δὲ
1332 2018 1426 2070 κα)⁸
1467 2010 1613 2069 οῦτοι
1645 2014 1739 2068 τοῦ
1778 2032 1992 2086 προκει-

418 2106 603 2175 μένου.
636 2107 793 2161 Δέδια
830 2107 887 2160 δέ
916 2108 1010 2159 καὶ
1059 2108 1188 2178 περὶ
1218 2108 1423 2161 τούτων
1466 2107 1559 2160 ἐπὶ
1605 2107 1853 2160 πλεῖστον
1890 2124 1992 2177 μη-

413 2199 575 2252 κῦναι
606 2200 696 2252 τὸν
727 2199 904 2268 λόγον.
939 2200 1119 2254 Πολλὰ
1146 2199 1253 2272 γὰρ
1280 2199 1476 2271 ἔχομεν
1508 2199 1707 2269 λέγειν.

486 2289 560 2342 Β’.
602 2289 904 2360 Πληρὼσας
934 2290 1044 2358 γὰρ
1076 2291 1104 2341 6
1143 2290 1440 2362 νομοθέτης
1477 2290 1569 2344 τὸν
1602 2291 1793 2345 πάντα
1830 2290 1993 2361 νόμον

409 2382 638 2452 Μωσῆς,
673 2383 737 2434 ἐκ
782 2382 915 2435 Θεοῦ
945 2381 1125 2435 λαϐὼν
1169 2382 1228 2436 τὸ
1261 2385 1495 2453 πρᾶγμα
1523 2384 1540 2414 ¹
1586 2383 1644 2435 ἐν
1694 2384 1761 2453 τῇ
1789 2382 2022 2454 ἐσχάτῃ.

419 2472 583 2543 βίϐλῳ
628 2473 1048 2544 Δευτερονομίου
1074 2514 1090 2538 ,
1131 2473 1377 2526 τουτέστι
1428 2473 1612 2544 τίθησι
1656 2472 1839 2536 πάσας
1892 2472 1991 2534 τὰς

416 2565 698 2633 κατάρας,
740 2565 802 2616 οὺ
866 2564 1023 2633 μόνον
1054 2563 1185 2632 περὶ
1237 2561 1489 2633 Πασχῶν,
1532 2561 1671 2616 ἀλλὰ
1720 2562 1815 2615 καὶ
1866 2562 1992 2633 περὶ

418 2651 749 2721 περιτομῆς,
797 2652 890 2703 καὶ
927 2652 1055 2722 περὶ
1091 2650 1470 2714 δεκατώσεως,
1506 2651 1600 2704 καὶ
1642 2648 1990 2721 προσφορῶν.

414 2740 583 2794 Ὠστε
616 2738 811 2817 σῦνκεί
842 2741 967 2813 μίαν
1008 2743 1251 2814 κατάραν
1276 2741 1628 2811 πεφεύγασιν,
1667 2743 1747 2805 είς
1789 2732 1993 2804 πολλὰς

412 2833 645 2896 ἑαυτοὺς
674 2834 980 2904 ἐνέπειραν.
1012 2832 1412 2905 Εὑρεθήσονται
1439 2832 1546 2907 γὰρ
1579 2833 1990 2905 ἐπικατάρατοι,

423 2923 501 2993 μὴ
536 2924 1018 2993 περιτεμνόμενοι·
1041 2923 1459 2993 ἐπικατάρατοι,
1496 2924 1572 2995 μὴ
1601 2922 1995 2977 άποδεκατοῦν-

412 3031 513 3076 τες
534 3030 548 3044 ο
585 3014 678 3066 καὶ
707 3014 1098 3086 ἐπικατάρατοι
1131 3015 1394 3083 γίνονται,
1427 3016 1501 3086 μὴ
1529 3018 1608 3078 είς
1639 3013 1992 3085 Ἰερουσαλὴμ

417 3106 845 3177 προσφέροντες.
906 3107 1017 3159 Καὶ
1061 3106 1106 3158 ὣ
1139 3107 1245 3158 τῶν
1291 3105 1498 3158 πολλῶν
1538 3106 1842 3177 ἀνθρώπων
1888 3105 1995 3159 τῶν

2088 556 2246 628 nant,
2280 578 2345 618 ac
2377 563 2658 635 mysteriis
2684 570 3007 634 operantur.
3044 561 3178 616 Nam
3211 578 3278 617 ex
3318 562 3474 617 Actis
3502 559 3661 616 Pilati

2087 664 2401 710 accuratam
2436 669 2515 709 se
2572 652 2738 722 hujus
2796 653 3030 709 instituti
3084 654 3352 707 rationem
3400 652 3663 706 didicisse

2085 746 2416 817 gloriantur,
2458 746 2512 799 in
2544 745 2750 818 quibus
2783 746 3048 814 scriptum
3087 756 3170 798 est
3202 759 3299 797 vm
3332 743 3453 797 Kal.
3501 744 3666 814 Apri-

2086 835 2153 889 lis
2199 833 2538 889 Salvatorem
2567 849 2693 889 esse
2723 848 2969 903 passum.
3005 833 3372 899 Quamobrem
3416 832 3508 886 illa
3542 832 3662 900 ipsa

2084 926 2173 980 die
2198 926 2477 981 celebrare
2500 927 2708 981 Pascha
2730 924 3012 991 volunt,in
3039 938 3423 994 quamcunque
3442 924 3662 978 demum

2085 1016 2227 1071 lunae
2276 1031 2368 1069 xxv
2420 1015 2539 1070 dies
2592 1015 2911 1071 incurrerit.
2964 1014 3033 1068 At
3080 1014 3175 1085 qui
3222 1014 3276 1068 in
3309 1014 3661 1084 Cappadocia

2090 1106 2317 1178 degunt,
2347 1107 2592 1161 eamdem
2634 1106 2802 1171 diem,
2833 1122 2956 1177 quae
2992 1115 3078 1162 est
3105 1121 3202 1161 vm
3238 1104 3358 1160 Kal.
3393 1106 3527 1175 Apr.
3571 1120 3664 1161 ce-

2087 1197 2596 1261 lebrant.,Tametsi
2630 1214 2741 1254 non
2780 1198 3074 1256 mediocris
3099 1204 3183 1253 est
3212 1198 3357 1254 inter
3388 1199 3513 1254 illos
3542 1197 3664 1253 dis-

2086 1287 2290 1342 sensio.
2340 1284 2600 1342 Nonnulli
2661 1287 2806 1342 enim
2860 1286 3046 1342 lunam
3101 1303 3193 1341 xw
3233 1295 3481 1343 statuunt
3536 1302 3660 1358 quae

2087 1379 2144 1432 in
2185 1393 2282 1431 vm
2310 1375 2429 1431 Kal.
2484 1376 2614 1447 Apr.
2669 1377 2879 1432 incidit.
2935 1375 3047 1433 Nos
3084 1379 3345 1432 Actorum
3392 1378 3662 1447 ejusmodi

2084 1467 2245 1522 Pilati
2300 1468 2632 1537 exemplaria
2690 1469 2935 1539 quaedam
2995 1468 3325 1531 invenimus,
3369 1485 3490 1538 quae
3538 1479 3664 1524 ante

2088 1558 2231 1615 diem
2289 1575 2359 1613 xv
2408 1558 2529 1612 Kal.
2563 1559 2694 1629 Apr.
2738 1558 3056 1614 Passionem
3114 1558 3319 1614 Christi
3355 1560 3660 1630 contigisse

2088 1652 2405 1706 narrabant.
2433 1650 2634 1705 Verum
2664 1659 2816 1705 certo
2861 1660 2915 1706 et
2959 1668 3023 1707 ex
3058 1653 3139 1707 rei
3173 1654 3403 1708 veritate
3442 1666 3663 1721 compe-

2089 1742 2282 1805 rimus,
2322 1748 2449 1794 ante
2478 1739 2621 1794 diem
2677 1755 2775 1793 xm
2807 1738 2928 1794 Kal.
2964 1740 3098 1810 Apr.
3131 1756 3355 1810 passum
3389 1756 3512 1797 esse
3541 1741 3663 1797 Sal-

2026 1836 2065 1888 Β
2089 1837 2354 1884 vatorem.
2390 1828 2496 1881 Alii
2538 1827 2606 1881 ad
2642 1844 2674 1881 x
2699 1827 2820 1881 Kal.
2865 1828 2996 1898 Apr.
3044 1829 3321 1898 rejiciunt.
3365 1827 3473 1884 Sed
3503 1829 3593 1885 isti
3632 1846 3663 1883 a

2092 1919 2375 1990 proposito
2399 1918 2742 2001 exciderunt.
2774 1916 2975 1973 Verum
3002 1920 3131 1975 nolo
3153 1920 3402 1990 pluribus
3430 1935 3494 1975 ea
3515 1920 3580 1974 de
3608 1936 3665 1975 re

2092 2012 2398 2080 disputare.
2428 2009 2647 2079 Alioqui
2697 2010 2870 2065 multa
2908 2011 3064 2067 nobis
3101 2011 3170 2065 ad
3200 2010 3495 2067 dicendum
3533 2028 3665 2082 snp-

2093 2109 2304 2170 petunt.

2163 2277 2227 2332 ll.
2272 2277 2485 2350 Moyses
2542 2278 2760 2350 quidem
2814 2279 3116 2349 legislator,
3179 2296 3302 2336 cum
3352 2281 3664 2337 universam

2095 2370 2266 2439 legem
2308 2368 2595 2433 edixisset,
2650 2368 2909 2423 mandato
2945 2369 3214 2426 divinitus
3244 2380 3484 2442 recepto,
3519 2380 3580 2425 ut
3610 2371 3663 2425 iu

2097 2467 2374 2529 postremo
2399 2460 2804 2514 Deuteronomii
2839 2460 2977 2515 libro
3002 2462 3266 2533 scriptum
3296 2472 3376 2517 est
3392 2466 3434 2528 ⁵,
3464 2463 3665 2533 impre-

2094 2551 2337 2606 cationes
2397 2566 2588 2607 omnes
2635 2551 2956 2622 proposuit;
3017 2568 3124 2607 non
3188 2553 3351 2609 modo
3421 2570 3543 2624 qua:
3596 2557 3662 2610 ad

2094 2643 2382 2699 Paschatis
2427 2645 2876 2709 celebrationem,
2929 2646 3023 2701 sed
3065 2647 3227 2701 etiam
3272 2662 3391 2716 quae
3441 2646 3511 2700 ad
3557 2648 3665 2701 cir-

2094 2732 2518 2799 cumcisionem,
2573 2748 2637 2788 ac
2683 2735 2947 2797 decimas,
3000 2744 3054 2789 et
3096 2736 3399 2792 oblationes
3451 2743 3668 2806 specta-

2094 2824 2248 2880 bant.
2283 2823 2465 2890 Quare
2491 2824 2622 2878 dum
2658 2840 2826 2879 unum
2856 2825 3267 2895 imprecationis
3306 2842 3478 2896 genus
3517 2825 3669 2882 devi-

2094 2921 2232 2979 tant,
2275 2914 2328 2968 in
2356 2915 2492 2970 alias
2519 2916 2830 2986 complures
2854 2916 3177 2988 semetipsos
3210 2917 3464 2972 induunt.
3495 2916 3668 2972 Exse-

2095 3005 2328 3060 crabiles
2369 3006 2570 3076 quippe
2614 3021 2709 3061 eos
2758 3013 2973 3077 oportet
3005 3021 3148 3069 esse,
3190 3007 3284 3077 qui
3331 3023 3509 3078 neque
3556 3009 3666 3062 cir-

2096 3096 2479 3151 cumcidantur
2530 3097 2785 3168 amplius,
2842 3113 3020 3168 neque
3068 3096 3309 3153 decimas
3369 3098 3666 3169 pensitent,

416 3191 503 3252 είς
527 3190 724 3253 πολλὰς
746 3192 970 3255 ἑαυτοὺς
995 3193 1302 3262 ἐρεσχελίας
1325 3193 1699 3263 ἐμϐαλλόντων
1728 3195 1741 3248 !
1761 3193 1993 3264 Ἀληθῶς

2101 3202 2279 3257 neque
2304 3186 2679 3259 Hierosolyma
2704 3178 3004 3259 quidquam
3032 3188 3297 3244 efferendi
3332 3192 3506 3257 gratia
3535 3191 3668 3246 sub-

427 3279 537 3350 γὰρ
564 3278 709 3333 ἔστιν
739 3284 914 3335 εἰπεῖν
946 3284 1123 3337 ἐκεῖνο
1150 3283 1213 3336 τὸ
1247 3285 1397 3354 ῥῆμα.
1422 3283 1484 3336 τὸ
1508 3284 1722 3338 συνετὸν
1746 3283 1840 3337 τοῦ
1883 3283 2000 3336 Ἐκ-

420 3372 752 3441 κλησιαστοῦ
773 3376 816 3437 ³,
850 3374 912 3427 τὸ
945 3378 1008 3428 ἐκ
1053 3375 1368 3446 Πνεύματος
1402 3375 1556 3444 ἁγίου
1600 3377 1731 3446 ἡμῖν
1758 3374 2000 3428 διεσταλ-

430 3461 624 3530 μένον·
658 3464 740 3517 ὃτι
770 3465 940 3518 Τοῦτο
972 3465 1115 3540 ἔγνω
1140 3469 1168 3519 6
1211 3465 1664 3539 Ἐκκλησιαστὴς,
1695 3468 1777 3521 ὅτι
1804 3468 1833 3519 6
1870 3466 2001 3529 Θεὸς

430 3554 649 3607 συνετὸν
670 3554 954 3628 ἄνθρωπον
982 3557 1237 3629 ἐποίησεν
1266 3557 1397 3629 εὐθῆ
1418 3573 1431 3586 °
1465 3558 1618 3612 αὐτοὶ
1645 3558 1701 3612 δὲ
1730 3556 2001 3629 ἐζήτησαν

429 3643 629 3709 πολλὰς
652 3646 863 3712 ἑαυτοῖς
881 3647 1052 3713 ὁδούς.

2100 3279 2339 3333 mittant.
2389 3277 2433 3333 0
2474 3279 2726 3335 homines
2771 3288 2966 3351 sponte
3016 3280 3456 3338 cavillationibus
3505 3282 3671 3336 variis

2100 3384 2164 3423 ac
2196 3369 2452 3426 ludibriis
2502 3380 2840 3441 opportunos
2860 3361 2885 3426 li
2918 3370 3033 3427 Hoc
3064 3376 3207 3428 enim
3240 3373 3308 3427 ab
3342 3372 3672 3429 Ecclesiaste

2100 3461 2374 3530 sapienter
2417 3462 2645 3527 dictum,
2680 3463 2766 3518 vel
2803 3464 2983 3534 potius
3031 3477 3061 3516 a
3101 3461 3309 3533 Spiritu
3355 3474 3546 3520 sancto
3580 3482 3674 3520 no-

2100 3559 2213 3607 stra
2266 3567 2433 3607 causa
2484 3554 2920 3624 pronuntiatum,
2974 3555 3042 3610 ad
3100 3556 3225 3611 illos
3270 3555 3669 3611 accommodari

2101 3651 2314 3713 potest:
2341 3642 2455 3698 Hoc
2488 3645 2640 3700 novit
2665 3638 3047 3713 Ecclesiastes,
3078 3645 3339 3717 quoniam
3370 3644 3513 3701 Deus
3541 3661 3676 3715 pru-

2101 3735 2318 3791 dentem
2364 3735 2642 3791 hominem
2693 3735 2822 3791 fecit
2855 3744 3102 3803 rectum;
3135 3736 3215 3793 illi
3264 3744 3449 3792 autem
3493 3737 3671 3806 inqui-

1959 3797 2055 3866 θ’
2103 3828 2315 3883 sierunt
2350 3828 2533 3882 varias
2564 3827 2923 3900 sibimetipsis
2947 3828 3066 3883 vias
3086 3823 3132 3884 ⁸.

502 3908 676 3962 Πόθεν
708 3908 816 3980 γὰρ
844 3911 904 3964 οὐ
938 3910 1219 3965 διαπίπτει
1254 3910 1459 3965 τούτων
1493 3913 1527 3982 ἡ
1563 3911 1806 3979 διάνοια;
1847 3912 2005 3983 Πρῶ-

432 4016 525 4053 τον
557 3999 665 4071 γὰρ
694 4002 751 4053 ἐν
780 4004 846 4073 τῇ
884 4001 1445 4074 τεσσαρεσκαιδεκάτῃ
1475 4002 1537 4055 τὸ
1561 4003 1752 4073 Πάσχα
1790 4003 2003 4072 ἄγουσι,

380 4108 382 4110 τ
434 4086 625 4158 χρείαν
662 4087 843 4158 έχουσι
878 4088 941 4142 τὸ
968 4090 1237 4161 πρόϐατον
1274 4090 1458 4143 λαϐεῖν
1485 4092 1592 4144 ἀπὸ
1619 4091 1874 4163 δεκάτης,
1911 4092 2007 4146 καὶ

432 4180 623 4250 τηρεῖν
645 4178 777 4233 αὐτὸ
797 4179 903 4244 ἕως
919 4181 1515 4252 τεσσαρεσκαιδεκάτης
1534 4196 1548 4210 ⁸
1566 4182 1668 4234 καὶ
1701 4182 1883 4236 οὐκέτι
1913 4182 2007 4253 μία

443 4270 618 4342 ἡμέρα
635 4269 785 4324 ἔσται
813 4272 910 4342 τῆς
927 4273 1179 4343 νηστείας
1198 4288 1214 4303 ⁸
1234 4272 1368 4326 ἀλλὰ
1400 4272 1580 4337 πέντε,
1600 4273 1633 4343 ἢ
1663 4274 1761 4344 τῇ³
1784 4274 2004 4348 δεκάτῃ,

433 4362 534 4415 ’καὶ
562 4362 838 4435 ἑνδεκάτῃ,
862 4362 959 4415 καὶ
995 4362 1291 4435 δωδεκάτῃ,
1322 4363 1417 4416 καὶ
1445 4364 1887 4437 τρισκαιδεκάτῃ,
1916 4368 2011 4420 καὶ

432 4455 1018 4527 τεσσαρεσκαιδεκάτῃ.
1056 4454 1183 4509 Ἐὰν
1225 4455 1283 4509 δὲ
1307 4455 1444 4526 πρὸς
1474 4455 1713 4528 ἑσπέραν
1732 4457 1845 4527 (Ιυ)
1875 4458 2007 4531 τυθῇ

2172 3920 2368 3973 Annon
2443 3918 2675 3973 istorum
2737 3917 3077 3988 explodenda
3132 3917 3327 3973 merito
3403 3916 3675 3972 sententia

2103 4008 2225 4062 est?
2276 4007 2523 4062 Primum
2572 4008 2715 4063 enim
2752 4009 2799 4063 si
2842 4008 3054 4064 Pascha
3107 4007 3195 4062 die
3232 4023 3325 4061 xw
3374 4007 3673 4071 celebrant,

2100 4096 2213 4165 jam
2243 4104 2357 4150 tum
2386 4112 2416 4151 a
2447 4096 2534 4152 die
2560 4113 2595 4151 x
2635 4096 3030 4167 praeparandus
3063 4096 3172 4152 illis
3214 4112 3389 4168 agnus
3417 4098 3541 4156 erit.
3574 4112 3675 4151 nec

2107 4188 2345 4258 amplius
2368 4204 2476 4244 una
2504 4190 2609 4244 erit
2633 4197 2957 4245 consecrata
2977 4189 3191 4260 jejunio
3221 4191 3337 4245 dies
3358 4208 3373 4256 ;
3399 4189 3492 4245 sed
3514 4189 3675 4259 quin-

2107 4293 2234 4349 que,
2263 4279 2525 4335 nimirum
2568 4280 2802 4345 decima,
2847 4281 3157 4345 undecima,
3192 4280 3540 4345 duodecima,
3571 4280 3672 4335 de-

2108 4369 2249 4423 cima
2300 4370 2459 4425 tertia
2499 4380 2553 4425 et
2600 4370 2813 4425 decima
2852 4379 3070 4442 quarta.
3103 4370 3262 4443 421
3294 4369 3454 4437 Quod
3508 4371 3552 4426 si
3608 4371 3673 4425 ad

2108 4476 2392 4531 vesperam
2432 4462 2641 4516 Pascha
2683 4461 2847 4517 fuerit
2878 4462 3240 4526 immolatum,
3286 4462 3433 4533 quod
3466 4470 3557 4516 xiv
3588 4461 3677 4516 die

507 4608 525 4639 ⁸
553 4606 612 4662 F.
645 4607 995 4678 πρόσταγμα.
1070 4609 1090 4638 ¹
1122 4626 1211 4676 γρ.
1255 4598 1761 4679 Ἑκκλησιαστικσῦ.
1837 4611 1859 4642 ³
1883 4609 1942 4665 F.
1975 4614 1993 4664 ί

2091 4631 2159 4667 ιν.
2238 4616 2260 4645 ⁸
2296 4615 2448 4672 Deut.
2479 4633 2651 4681 xxv",
2688 4617 2754 4671 l8
2794 4634 2916 4688 sqq.
2998 4619 3018 4650 '
3052 4616 3230 4673 Eccle.
3256 4632 3355 4681 vn,
3394 4617 3484 4673 '50.

441 4728 497 4802 et
524 4735 589 4774 eo
622 4720 856 4802 amplius
887 4720 1197 4802 anticipata:
1230 4723 1378 4802 _sint_
1400 4723 1733 4787 neomeniae,
1767 4733 1833 4778 ut
1862 4725 2001 4779 nihil
2033 4732 2080 4789 ο
2108 4730 2430 4802 absurdum,
2461 4734 2618 4802 quasi
2645 4732 2713 4786 ad
2751 4748 2872 4788 eum
2901 4731 3045 4786 diem
3076 4732 3335 4802 lumean
3366 4731 3481 4786 dies
3506 4733 3678 4801 possit

444 4791 547 4843 hac
597 4790 813 4863 quidem
865 4790 1076 4845 ratione
1123 4790 1380 4863 Scaligeri
1420 4801 1742 4862 argumenta
1777 4810 1996 4863 promo-

444 4857 626 4940 veant.
660 4857 766 4946 Sled'
793 4874 974 4941 sares
1001 4876 1102 4946 suo
1132 4862 1253 4942 loco
1273 4857 1620 4946 tractabitur.
1660 4857 1847 4946 Neque
1873 4880 2003 4946 vero

447 4929 648 5003 minor_
675 4929 976 5003 (Zalviniani
1027 4931 1250 5003 alterius
1289 4939 1372 4986 est
1398 4936 1642 4998 vanitas,
1677 4929 1771 5003 qui
1802 4933 1999 5003 Epiph.

446 4998 784 5071 credulitatis
816 5000 1115 5071 insimulat
1156 5016 1223 5055 ex
1261 5016 1327 5055 eo
1371 5002 1517 5071 quod
1552 4998 1719 5058 variis
1764 5004 1819 5057 in
1850 4998 2006 5059 'lo'cis

446 5066 609 5121 Pilati
640 5067 774 5141 Acta
816 5068 1000 5141 laudet
1023 5085 1248 5141 ._neque
1276 5066 1459 5125 tam—cn
1491 5073 1546 5125 in
1577 5072 1700 5128 falsi
1730 5073 2003 5141 suspicio—

449 5152 571 5191 nem
606 5137 862 5192 adducat.
912 5136 1069 5203 Quod
1117 5136 1186 5195 ne
1215 5141 1601 5196 refutationem
1631 5136 1853 5212 quidem
1898 5158 2013 5198 me-

446 5217 619 5262 retur.

523 5276 601 5345 (9)
638 5275 750 5330 Kal
783 5277 853 5330 ἐν
898 5278 1104 5345 αὐτοῖς
1143 5278 1211 5331 δὲ
1248 5278 1485 5345 στάσις.
1539 5279 1664 5336 Haec
1707 5281 1869 5336 verba
1907 5281 2017 5336 τῶν

455 5347 555 5416 μὲν
580 5346 868 5421 λεγόντων,
890 5358 1039 5421 _etc..
1083 5349 1258 5421 aliena
1286 5350 1356 5403 ab
1401 5349 1504 5403 hoc
1536 5350 1658 5404 loco
1695 5350 1866 5405 videri
1894 5366 2018 5421 pos-

451 5414 605 5472 sunt.
638 5414 771 5469 Nam
822 5418 1065 5487 priorum
1096 5418 1314 5487 illorum
1347 5420 1674 5474 sententiam
1704 5414 2011 5485 continent,

455 5487 549 5554 qui
575 5503 662 5540 xw
686 5486 1227 5543 luna'celebrandum
1262 5486 1473 5542 Pascha
1504 5490 1798 5543 sciverant.
1826 5489 2014 5555 Quan-

455 5571 621 5625 quam
656 5572 798 5626 stepe
832 5558 1007 5612 otiosa
1053 5558 1322 5626 ejusmodi
1374 5573 1433 5612 re
1505 5559 1625 5612 titio
1673 5559 1813 5628 apud
1866 5560 2010 5615 hunc

459 5627 780 5680 scriptorem
829 5626 1300 5680 animadvertitur.
1353 5574 1630 5680 Serauid
1678 5644 1740 5680 ea
1790 5630 2007 5680 tandem

459 5625 1300 5697 scriptoremanimadvertitur.
1342 5625 1456 5697 _Sed
1502 5628 1630 5697 quid
1678 5625 1740 5683 ea
1790 5630 2007 5684 tandem

457 5695 562 5768 sibi
597 5696 814 5768 volunt?
848 5697 1132 5768 >Statuisse
1180 5698 1302 5768 illos
1317 5695 1551 5768 _Pascha
1592 5714 1679 5751 xw
1714 5699 1862 5764 luna,
1887 5715 2009 5768 qua:

456 5766 514 5819 in
551 5782 644 5820 vlu
677 5765 794 5821 Kal.
832 5766 962 5837 Apr.
993 5767 1267 5822 incurrat?
1316 5765 1411 5823 Est
1438 5767 1567 5823 illud
1594 5768 1812 5838 quidem
1840 5765 2005 5824 nimis

2107 4800 2670 4873 adhaarescerelrQuid
2702 4802 2748 4857 si
2770 4802 2876 4873 πρὸ
2903 4802 3012 4873 τῶν
3039 4801 3183 4873 ὀκτῲ
3206 4801 3357 4873 Kal,
3393 4800 3540 4873 legas
3566 4818 3674 4855 non

2106 4870 2215 4923 τῶν
2248 4871 2359 4943 πρὸῗ
2390 4872 2533 4943 ὀκτῴ
2549 4874 2611 4943 ’ἐϋ
2626 4870 2759 4943 Nam
2795 4870 2851 4925 αἱ
2881 4872 2987 4942 πρὸ
3017 4872 3162 4943 ὀκτώ
3205 4871 3325 4943 Kal.
3374 4870 3514 4943 idem
3536 4882 3681 4943 _sunt

2108 4950 2272 5011 atque
2292 4939 2363 4995 ἀἱ
2394 4941 2541 4995 ὀκτώ
2571 4941 2691 4995 Kal.
2718 4942 2856 5008 Quae
2904 4939 3157 5011 loquendi
3203 4942 3437 5011 formula
3460 4955 3498 5011 7a
3535 4939 3682 4995 Lati-

2108 5010 2197 5065 nis
2227 5012 2490 5082 manavit,
2525 5014 2725 5082 quibus
2793 5019 2919 5082 ante
2950 5009 3095 5066 diem
3129 5028 3226 5082 vin
3266 5009 3387 5064 Kal.
3420 5010 3563 5082 idem
3593 5019 3681 5082 est

2122 5087 2285 5152 atque
2308 5096 2407 5135 vm
2434 5080 2559 5136 Kal.
2592 5082 2660 5134 At
2694 5082 2738 5137 si
2774 5081 2880 5152 πρὸ
2907 5081 3015 5136 τῶν
3043 5080 3188 5134 ὀκτώ
3216 5082 3386 5152 legas,
3420 5080 3567 5135 hunc
3589 5081 3682 5134 ha-

2123 5151 2213 5204 bet
2239 5165 2485 5215 sensum,
2517 5153 2699 5205 lunam
2728 5150 2851 5205 illos
2891 5167 2981 5204 xlv
3007 5150 3382 5212 constituisse.
3420 5165 3526 5219 qua
3556 5159 3683 5207 ante

2120 5234 2218 5292 vni
2243 5220 2385 5292 Kal.
2436 5221 2718 5276 incideret.
2763 5220 2877 5274 Nisi
2918 5219 3069 5292 forte
3101 5237 3191 5274 xxv
3211 5221 3401 5292 lunam
3431 5220 3541 5292 τῶν
3575 5220 3683 5292 πρὸ

2119 5290 2264 5343 ὀκτώ
2276 5289 2401 5346 Kal.
2434 5299 2590 5345 vocet
2614 5306 2757 5354 eam,
2774 5305 2896 5360 quae
2917 5290 3044 5344 huic
3069 5291 3297 5344 termino
3326 5289 3682 5359 propinquior

2121 5369 2227 5422 est,
2258 5360 2403 5431 quod
2451 5377 2639 5414 verum
2667 5369 2819 5430 puto.
2852 5360 2909 5414 Si
2942 5360 3161 5430 quidem
3195 5370 3250 5414 et
3276 5360 3390 5414 haec
3419 5360 3679 5484 largiendi

2121 5428 2388 5484 formula.
2437 5445 2601 5484 uuam
2652 5445 2753 5484 pro
2801 5439 3021 5484 recenta
3068 5443 3380 5484 excusaaue
3424 5444 3487 5484 su
3531 5431 3679 5484 stitui

2120 5428 2388 5495 formula,
2437 5445 2601 5499 quam
2652 5428 3021 5500 prorrrecepta
3068 5443 3380 5500 excusaque
3411 5428 3682 5500 substitui

2122 5514 2283 5582 posse
2307 5498 2550 5582 diximus
2582 5498 2690 5582 πρὸ
2720 5498 3014 5582 τῶν-’ὀκτώ
3030 5515 3140 5582 pro
3165 5498 3355 5582 eodem
3375 5567 3387 5582 '
3406 5498 3683 5554 interdum

2123 5567 2258 5640 Solet
2290 5570 2569 5639 usurpari,
2601 5567 2765 5640 atque
2791 5571 2961 5640 altera
2988 5567 3096 5640 τῶν
3116 5568 3235 5640 ,πρὸ
3258 5567 3420 5640 ὀκτώ.

2192 5639 2305 5707 (10)
2357 5638 2490 5693 Ἐὰν
2524 5639 2673 5707 πρὸς
2710 5638 2992 5709 ἑσπέραν.
3026 5638 3160 5695 Vide
3176 5638 3433 5695 'Animad.
3465 5645 3685 5695 nostras

2118 5710 2185 5764 ad
2225 5709 2354 5764 haer.
2386 5724 2515 5774 ωτι,
2547 5725 2602 5764 n.
2642 5709 2727 5767 ll.
