4186 6374
500 313 598 377 837

1900 330 1957 382 ες.
2003 325 2347 383 EPIPIIANII

3669 323 3785 380 888

497 450 848 501 “lucescente
873 444 1105 516 geritur,
1144 462 1195 499 v1
1217 444 1339 501 dies
1363 447 1576 516 jejunio
1603 448 1882 503 tribuendi
1913 457 2075 514 sunt;

2188 449 2243 501 τὸ
2266 449 2524 519 Πάσχα.ή
2556 449 2695 520 αὐτὴ
2714 446 3280 519 τεσσαρεσκαιδεκάτη
3305 445 3694 514 ἑπιφώσκουσα
3714 443 3778 510 ἓξ

497 554 594 592 nec
616 537 729 605 jam
758 553 901 592 unus
937 538 1305 609 praeﬁnietur;
1335 540 1525 610 sicque
1554 542 1735 597 omnis
1760 543 1850 595 illa
1882 542 1950 597 de
1975 558 2083 597 una

492 630 583 682 die
606 630 838 699 quaestio
863 647 960 699 per
992 647 1051 685 se
1083 632 1200 701 ipsa
1224 633 1455 697 corruit,
1489 648 1611 703 qua:
1640 649 1765 689 esse
1795 635 1959 689 unica
1990 634 2087 689 de-

495 722 647 775 sinit.
680 722 819 775 Nam
869 731 923 776 et
958 723 1024 777 ad
1062 725 1189 779 illas
1219 724 1523 793 ﬁgurarum
1567 727 1815 788 umbras,
1858 743 1980 797 qua:
2013 728 2085 783 iis

493 813 631 883 ipsis
700 815 1085 885 signiﬁcantur
1164 817 1506 873 adamussim
1602 830 1957 891 congruunt;
2025 828 2081 876 et

494 907 633 961 istos
675 922 906 963 necesse
928 916 1013 964 est
1062 909 1207 965 haud
1256 911 1587 967 mediocwm
1623 913 1937 967 divinorum
1968 930 2086 986 my-

496 1000 790 1053 steriorum
820 1000 1097 1069 jacturam
1130 1003 1330 1059 facere.
1365 1004 1649 1061 Christum
1679 1008 1828 1061 enim
1868 1023 1962 1062 xw
1996 1008 2086 1062 die

498 1093 729 1144 mactari
783 1108 847 1146 ex
890 1096 1212 1164 prazscripto
1247 1096 1382 1164 legis
1433 1099 1698 1170 oportuit,
1742 1110 1800 1154 ut
1845 1100 1966 1168 ejus
2008 1100 2085 1153 lu-

496 1199 644 1246 men,
683 1185 826 1252 quod
858 1185 1078 1241 Judaeos
1112 1189 1494 1253 collustrabat,
1527 1192 1739 1247 oriente
1770 1192 1887 1247 sole
1919 1207 1983 1247 ac
2010 1193 2085 1245 lu-

500 1292 622 1328 nam
654 1278 1048 1341 abscondente,
1075 1281 1372 1336 desineret.
1402 1282 1614 1339 Etenim
1648 1300 1677 1339 a
1708 1301 1799 1339 xrv
1822 1285 1912 1341 die
1933 1286 2086 1341 deiu-

496 1384 627 1436 CPps
659 1371 800 1423 luna:
830 1372 1093 1440 splendor
1125 1373 1493 1428 imminuitur.
1535 1373 1627 1429 Sic
1660 1376 1713 1429 in
1737 1378 1908 1430 veteri
1944 1377 2079 1445 lege,

497 1470 621 1529 post
666 1462 955 1514 adventum
1011 1478 1075 1516 ac
1131 1465 1443 1534 passionem
1493 1465 1729 1525 Domini.
1766 1467 2079 1521 Judaeorum

496 1552 787 1605 obscurata
831 1551 1139 1625 Synagoga,
1189 1558 1562 1625 evangelicum
1615 1560 1794 1613 lumen
1849 1559 2077 1625 allulsit,

500 1659 606 1698 non
655 1653 713 1697 ut
751 1647 929 1700 soluta
974 1648 1056 1702 lex
1117 1649 1209 1711 sit,
1252 1649 1345 1703 sed
1404 1650 1657 1719 impleta;
1698 1664 1874 1721 neque
1931 1662 1987 1706 ut
2028 1654 2078 1705 in

498 1737 732 1789 nihilum
771 1738 943 1809 ﬁgura
984 1740 1205 1795 redacta
1241 1742 1332 1802 sit,
1366 1743 1461 1796 sed
1506 1750 1562 1795 ut
1594 1744 1879 1799 veritatem
1928 1746 2078 1799 exhi-

2191 541 2425 594 διατελεῖ
2446 540 2660 612 ἡμέρας
2696 544 2753 592 ὲν
2785 544 2855 611 τῇ.
2878 540 3129 611 νηστείᾳ·
3160 540 3255 592 καὶ
3280 537 3463 591 οὐκέτι
3496 537 3597 607 μία
3623 536 3781 588 ἔσται

2190 634 2291 704 τῆς
2339 635 2634 705 νηστείας·
2688 634 2784 687 καὶ
2836 634 3083 686 διέπεσεν
3128 633 3161 702 ἡ
3212 632 3339 702 περὶ
3385 632 3516 701 μιᾶς
3564 630 3781 699 ἡμέρας

2192 724 2373 777 αὐτῶν
2410 724 2658 794 ζήτησις,
2695 725 2755 777 οὺ
2790 724 2887 794 μία
2921 740 3001 786 τις
3029 716 3181 775 οὖσα.
3212 723 3365 790 Ἔχει
3388 720 3498 791 γὰρ
3526 719 3596 772 τὰ
3633 738 3785 790 πρω-

2192 813 2399 867 τότυπα
2450 815 2888 884 συνεζευγμένα·
2934 815 3028 867 καὶ
3079 811 3413 883 ἐζημίωνται
3450 812 3551 864 οὐκ
3589 812 3783 879 ὀλίγην

2193 908 2334 960 κατὰ
2375 908 2508 961 Θεὸν
2541 907 2945 979 πραγματείαν.
2982 906 3134 960 Ἔδει
3175 906 3282 977 γὰρ
3316 905 3407 959 τὸν
3448 905 3679 976 Χριστὸν
3718 906 3783 957 ὲν

2191 1003 2761 1073 τεσσαρεσκαιδεκάτη
2795 1001 2978 1073 ἡμέρᾳ
3004 1000 3227 1053 θύεσθαι
3266 999 3408 1054 κατὰ
3451 1000 3543 1051 τὸν
3585 1000 3779 1068 νόμον,

2191 1093 2339 1154 ὅπως
2365 1092 2500 1163 λήξῃ
2532 1094 2662 1163 παρ’
2689 1093 2872 1155 αὐτοῖς
2899 1091 2962 1145 τὸ
2996 1090 3229 1161 φωτίζον
3262 1093 3458 1153 αὐτοὺς
3488 1089 3602 1159 φῶς
3631 1088 3785 1141 κατὰ

2191 1184 2282 1237 τὸν
2311 1186 2495 1255 νόμον,
2530 1184 2622 1237 τοῦ
2655 1185 2807 1255 ἡλίου
2837 1184 3236 1247 ἀνατείλαντος,
3269 1183 3365 1235 καὶ
3399 1182 3782 1243 σκεπάσαντος

2190 1276 2290 1347 τῆς
2317 1276 2547 1350 σελήνης
2570 1276 2631 1330 τὸ
2662 1276 2840 1339 σέλας.
2877 1276 3009 1328 Ἀπὸ
3034 1275 3146 1347 γὰρ
3169 1273 3783 1345 τεσσαρεσκαιδεκάτης

2192 1372 2287 1423 καὶ
2323 1371 2474 1423 κάτω
2502 1371 2677 1440 φθίνει
2712 1370 2773 1423 τὸ
2821 1369 3039 1439 φαεινὸν
3068 1370 3165 1440 τῆς
3205 1368 3453 1439 σελήνης.
3482 1366 3637 1420 Οὕτω
3677 1367 3783 1418 καὶ

2192 1463 2249 1513 ὲν
2295 1462 2372 1532 τῷ
2404 1462 2554 1533 νόμῳ
2596 1464 2704 1515 ἀπὸ
2752 1464 2852 1531 τῆς
2894 1461 2987 1514 τοῦ
3045 1461 3283 1533 Χριστοῦ
3328 1459 3628 1529 παρουσίας
3679 1459 3783 1511 καὶ

2190 1554 2397 1614 πάθους
2420 1557 2451 1621 ἢ
2462 1553 2569 1623 μαύ
2580 1571 2747 1625 ρωται
2778 1556 2809 1623 ἡ
2848 1553 3111 1623 Ἰουδαῖκὴ
3132 1553 3439 1623 συναγωγὴ,
3459 1550 3707 1621 κατηύγα
3718 1568 3781 1602 σε

2188 1645 2245 1697 δὲ
2303 1645 2364 1698 τὸ
2418 1646 2783 1714 Εὐαγγέλιον·
2854 1647 2928 1717 μὴ
2989 1645 3380 1707 καταλυθέντος
3437 1644 3530 1697 τοῦ
3582 1643 3777 1712 νόμου,

2189 1738 2327 1790 ἀλλὰ
2373 1738 2779 1810 πληρωθέντος·
2824 1739 2897 1808 μὴ
2960 1738 3401 1808 καταργηθέντος
3444 1735 3539 1789 τοῦ
3576 1736 3779 1799 τύπου,

498 1829 699 1883 buerit.
743 1830 820 1885 lta
849 1840 973 1901 post
1003 1831 1215 1888 Pascha
1247 1835 1314 1889 ad
1364 1832 1774 1891 Hierichuntem
1803 1847 2083 1907 peractum

2190 1830 2327 1883 ἀλλὰ
2358 1832 2810 1901 παραστήσαντος
2835 1830 2933 1901 τὴν
2965 1830 3246 1900 ἀλήθειαν.
3273 1829 3429 1882 Οὕτω
3450 1828 3558 1900 γὰρ
3587 1828 3681 1881 καὶ
3714 1829 3780 1879 ἐν

500 1921 781 1992 Scriptura
814 1925 1002 1979 statim
1034 1928 1236 1995 adjecit
1263 1945 1275 1980 :
1314 1926 1380 1980 Et
1413 1927 1748 1982 comederunt
1790 1930 1845 1983 in
1882 1928 2079 1999 Calga-

499 2014 586 2075 lis,
627 2026 675 2069 et
711 2017 898 2085 defecit
929 2035 1125 2071 manna
1158 2021 1195 2073 ‘.
1242 2021 1451 2085 Quibus
1490 2022 1672 2076 verbis
1714 2022 1947 2092 idipsutn
1997 2040 2083 2077 sa-

498 2124 605 2163 cra:
656 2108 876 2166 Littera:
944 2112 1298 2166 vaticinando
1355 2122 1566 2168 testata:
1608 2122 1758 2177 sunt,
1802 2114 2081 2168 Dominica

496 2217 651 2266 nece,
695 2211 918 2273 propter
957 2206 1287 2275 adnegatum
1336 2206 1404 2259 ab
1450 2207 1559 2259 illis
1607 2222 1831 2269 numen,
1883 2206 2087 2276 angeli-

495 2310 644 2356 cum,
668 2312 731 2348 ac
753 2298 977 2351 caeleste
999 2300 1275 2367 pabulum,
1305 2298 1451 2369 quod
1485 2300 1831 2369 appellabant
1858 2315 2082 2363 manna,

495 2388 825 2444 desiturum.

568 2570 653 2624 lll.
702 2572 942 2627 Ecclesia
975 2588 1138 2642 porro
1167 2572 1474 2639 Catholica,
1509 2589 1630 2643 qua:
1664 2573 1732 2629 ad
1768 2572 1821 2627 id
1874 2583 2083 2646 myste-

496 2666 637 2717 rium
681 2663 1067 2718 celebrandum
1122 2666 1439 2721 necessaria
1494 2673 1624 2721 sunt
1660 2667 1901 2738 undique
1951 2682 2084 2721 con-

494 2757 741 2817 trahens,
779 2765 831 2811 et
863 2758 916 2811 in
955 2772 1122 2810 unum
1163 2756 1487 2825 conferens,
1544 2760 1828 2815 veritatem
1862 2760 2079 2816 retinet.

494 2844 631 2899 Nam
660 2864 767 2900 non
800 2847 975 2902 solum
1018 2864 1109 2901 xw
1147 2847 1289 2901 diem
1314 2850 1609 2917 observat;
1646 2849 1742 2906 sed
1776 2857 1832 2906 et
1878 2850 2084 2905 hebdo-

496 2939 748 3003 malam;
791 2938 895 2994 hoc
933 2947 1017 2994 est
1065 2949 1319 3008 septenos
1383 2940 1508 2995 illos
1545 2940 1767 2996 Sabbati
1797 2941 1915 2997 dies
1941 2981 1956 3007 ,
1987 2943 2082 3014 qui

499 3039 762 3099 perpetuo
820 3031 1055 3085 circuitu
1105 3044 1170 3084 ac
1221 3033 1559 3088 revolutione
1596 3032 1860 3099 redeunt,
1913 3044 1973 3090 ut
2014 3036 2082 3091 ad

496 3136 687 3173 eorum
718 3121 999 3192 exemplar
1031 3139 1152 3193 qure
1193 3133 1322 3179 sunt
1358 3138 1389 3177 a
1427 3122 1656 3179 Domino
1683 3133 1864 3195 gesta,
1898 3142 2083 3181 resur-

499 3212 669 3263 rectio
702 3212 983 3283 epulaaque
1023 3214 1388 3268 celebrentur.
1448 3214 1650 3271 Deinde
1704 3228 1900 3286 praeter
1942 3220 2083 3274 lunae

497 3319 588 3357 xw
619 3304 792 3367 diem,
837 3307 1002 3361 etiam
1038 3322 1262 3363 cursum
1314 3308 1447 3363 solis
1481 3310 1737 3371 adhibet,
1780 3328 1848 3365 ne
1886 3312 2083 3382 duplex

498 3398 551 3448 in
610 3398 860 3453 eumdem
916 3414 1118 3454 annum
1159 3399 1371 3457 Pascha
1428 3404 1502 3456 ita
1556 3405 1966 3471 committatur,
2028 3417 2086 3461 ut

500 3489 670 3543 altero
710 3505 855 3544 anno
910 3508 979 3547 ne
1015 3508 1185 3547 unum
1218 3494 1440 3565 quidem
1498 3495 1783 3551 habeatur.
1813 3497 2085 3564 Quocirca

499 3597 590 3635 xw
622 3582 767 3635 illam
805 3583 945 3637 diem
981 3585 1063 3639 sic
1100 3595 1348 3641 tenemus
1375 3630 1389 3650 ,
1437 3596 1495 3641 ut
1527 3589 1918 3658 aaquinoctium
1949 3607 2085 3661 prae-

499 3668 936 3737 tergrediamur;
996 3688 1060 3728 ac
1101 3673 1321 3729 demum
1365 3679 1418 3730 in
1467 3686 1713 3733 sanctam
1746 3679 2083 3735 Dominicam

500 3758 897 3827 religiosissimi
916 3765 1178 3833 temporis
1205 3766 1367 3822 ﬁnem
1393 3768 1739 3836 conjicimus,
1765 3770 1861 3825 sed
1886 3786 2085 3841 agnum

495 3848 607 3913 jam
650 3858 764 3904 tum
798 3867 825 3905 a
870 3854 1084 3909 decimo
1114 3856 1201 3912 die
1241 3860 1549 3921 sumimus,
1584 3862 1843 3930 quoniam
1880 3862 1933 3915 in
1971 3862 2081 3917 lota

501 3944 678 3998 littera
732 3942 861 3999 Jesu
903 3962 1103 4003 nomen
1145 3951 1526 4020 agnoscimus;
1569 3967 1638 4006 ne
1684 3952 1815 4022 quid
1861 3955 2088 4009 omnino

498 4036 834 4106 diligentiam
878 4047 1117 4093 nostram
1160 4040 1401 4113 effugiat,
1440 4045 1585 4113 quod
1641 4044 1709 4098 ad
1746 4046 2087 4102 ecclesiasti-

499 4144 621 4183 cam
655 4138 706 4183 et
742 4148 1059 4202 germanam
1080 4176 1094 4199 ,
1127 4149 1192 4189 ac
1230 4136 1357 4190 vitae
1414 4138 1715 4207 salutisque
1749 4140 2081 4194 conciliatri-

500 4238 617 4276 cem
652 4221 941 4281 Paschatis
978 4226 1404 4285 celebrationem
1444 4232 1717 4300 pertinere
1741 4233 2010 4288 videatur.

570 4316 732 4388 422
764 4317 869 4372 Sed
896 4319 1009 4388 jam
1046 4321 1363 4389 pestiferum
1399 4322 1618 4379 bufonis
1646 4325 1811 4394 hujus
1844 4327 2082 4381 amatum

500 4407 704 4461 Christi
741 4410 977 4476 potentia
1013 4409 1167 4471 velut!
1185 4411 1506 4482 obsignatus
1552 4415 1904 4486 munitusque
1942 4432 2083 4486 τινες

2184 1923 2264 1993 τῷ
2317 1923 2677 1992 πεποιηκέναι
2725 1923 2785 1974 τὸ
2840 1924 3031 1993 Πάσχα
3086 1924 3144 1974 ἐν
3196 1924 3262 1993 τῇ
3322 1920 3553 1993 Ἱεριχὼ,
3612 1918 3780 1982 εὐθὺς

2186 2018 2489 2087 ἐπήνεγκεν
2529 2017 2561 2085 ἡ
2592 2014 2713 2068 θεία
2753 2014 2965 2086 Γραφὴ,
3002 2015 3269 2082 λέγουσα·
3303 2013 3413 2067 Καὶ.
3446 2013 3674 2082 ἔφαγον
3701 2012 3779 2065 ἐν

2184 2107 2527 2175 Γαλγάλοις
2557 2107 2656 2160 καὶ
2683 2106 2927 2170 ἐξέλιπε
2948 2107 3014 2160 τὸ
3036 2106 3241 2175 μάννα
3262 2122 3273 2134 ·
3307 2103 3775 2177 προμαρτυροῦσα

2185 2200 2370 2261 αὐτοῖς
2422 2200 2456 2269 ἡ
2491 2199 2614 2252 θεία
2651 2198 2875 2269 Γραφὴ,
2923 2199 3017 2252 καὶ
3063 2196 3485 2268 προφητεύουσα
3509 2238 3522 2259 ,
3576 2197 3657 2249 ὅτι
3690 2195 3777 2265 τῷ

2185 2290 2348 2344 πάθει
2383 2290 2589 2361 Κυρίου
2635 2289 2727 2343 διὰ
2772 2289 2888 2360 τὴν·
2914 2289 3095 2344 αὐτῶν
3145 2289 3573 2361 έπαρνησιθεϊαν
3620 2288 3774 2358 λήξει

2185 2383 2314 2454 παρ’
2344 2382 2527 2445 αὐτοῖς
2560 2382 2592 2452 ἡ
2625 2381 2828 2452 βρῶσις
2855 2382 3236 2453 ὴεὺαγγελικὴ
3265 2386 3283 2414 ³
3311 2383 3403 2434 καὶ
3425 2381 3771 2452 ἐπουράνιος,

2184 2473 2324 2540 ὅπερ
2363 2472 2539 2543 μάννα
2569 2472 2699 2541 παρ’
2736 2472 2919 2533 αὐτοῖς
2959 2471 3243 2543 κέκληται.

2256 2564 2328 2615 I".
2370 2562 2715 2633 Πανταχόθεν
2760 2562 2817 2615 δὲ
2873 2564 2905 2633 ἡ
2956 2563 3087 2631 ἁγία
3123 2562 3235 2635 (ll)
3284 2560 3419 2614 Θεοῦ
3476 2561 3775 2631 Ἐκκλησία

2186 2655 2313 2728 περὶ
2342 2656 2442 2727 τῆς
2467 2655 2655 2727 χρείας
2686 2654 2891 2725 ταύτης
2920 2655 3017 2725 τῆς
3056 2653 3445 2724 μυσταγωγίας
3480 2652 3772 2721 συλλέγου-

2187 2766 2256 2803 σα
2292 2748 2383 2802 τὺν
2416 2747 2709 2819 σύνδεσμον
2732 2789 2745 2813 ,
2770 2748 2831 2800 οὑ
2865 2747 3146 2801 διαπίπτει
3189 2750 3289 2818 τῆς
3336 2747 3613 2817 ἀληθείας.
3655 2746 3775 2798 Κέ-

2185 2860 2388 2914 χρηται
2413 2842 2521 2912 γὰρ
2544 2843 2604 2894 οὐ
2640 2841 2799 2912 μόνον
2818 2844 2882 2912 τῇ
2898 2840 3464 2911 τεσσαρεσκαιδεκάτῃ
3486 2882 3497 2902 ,
3525 2839 3657 2893 ἀλλὰ
3675 2840 3775 2891 καὶ

2185 2938 2249 3006 τῇ
2287 2934 2542 3005 έόδομάδι
2568 2936 2632 3004 τῇ
2669 2932 2809 2986 κατὰ
2846 2934 3093 3005 περίοδον
3134 2932 3586 3002 ἀνακυκλουμένῃ
3618 2929 3772 2996 τάξει

2183 3028 2292 3081 τῶν
2333 3026 2428 3080 τοῦ
2480 3026 2758 3079 Σαὸὄάτου
2789 3026 2930 3079 ἑπτὰ
2965 3026 3188 3096 ἡμερῶν
3211 3043 3224 3054 ·
3258 3026 3344 3078 ἵνα
3378 3025 3519 3077 κατὰ
3570 3025 3635 3076 τὰ
3668 3024 3776 3076 ὑπὸ

2187 3121 2279 3176 τοῦ
2306 3120 2513 3192 Κυρίου
2548 3119 2818 3193 γενόμενα
2847 3120 2989 3173 κατὰ
3020 3119 3079 3171 τὸ
3113 3119 3489 3191 πρωτότυπον,
3525 3118 3606 3188 εἴη
3633 3117 3772 3171 ἀνά-

2190 3214 2378 3277 στασίς
2416 3231 2476 3266 τε
2523 3213 2617 3265 καὶ
2662 3212 2884 3283 εὐωχία.
2923 3212 3033 3266 Καὶ
3073 3212 3339 3285 κέχρηται
3384 3213 3442 3265 ού
3501 3213 3657 3283 μόνον
3702 3213 3771 3281 τῇ

2185 3306 2754 3379 τεσσαρεσκαιδεκάτῃ
2784 3307 2882 3376 τῆς
2916 3308 3145 3379 σελήνης
3168 3348 3182 3368 ,
3236 3307 3370 3360 ἀλλὰ
3408 3307 3501 3360 καὶ
3531 3304 3609 3374 τῷ
3650 3304 3778 3375 δρό-

2193 3418 2277 3471 μῳ
2328 3400 2423 3452 τοῦ
2470 3398 2653 3469 ἡλίου·
2714 3400 2799 3451 ἵνα
2852 3398 2960 3471 μὴ,
2997 3400 3076 3451 ἐνὶ
3139 3398 3371 3468 ἐνιαυτῷ
3428 3398 3520 3451 δύο
3580 3398 3775 3467 Πάσχα

2190 3490 2496 3552 ποιοῦντες,
2528 3492 2584 3543 ἐν
2622 3489 2699 3559 τῷ
2744 3490 2913 3561 ἑτέρῳ
2962 3489 3095 3561 μηδὲ
3127 3488 3184 3541 ἓν
3218 3489 3408 3558 Πάσχα
3440 3488 3773 3557 τελέσωμεν.

2187 3583 2278 3635 Διὸ
2328 3581 2797 3651 παρατηρούμεθα
2844 3582 2941 3650 μὲν
2992 3584 3090 3651 τὴν
3146 3580 3774 3651 τεσσαρεσκαιδεκάτην,

2190 3674 2591 3744 ὑπερϐαίνομεν
2626 3672 2679 3725 δὲ
2708 3672 2806 3743 τὴν
2843 3672 3154 3743 ἰσημερίαν,
3189 3672 3426 3743 φέρομεν
3459 3673 3513 3724 δὲ
3556 3674 3646 3725 ἐπὶ
3673 3671 3775 3742 τὴν

2188 3766 2351 3833 ἁγίαν
2378 3764 2665 3835 Κυριακὴν
2701 3764 2761 3816 τὸ
2794 3764 2947 3826 τέλος
2985 3763 3085 3833 τῆς
3119 3764 3593 3834 συμπληρώσεως·
3626 3765 3774 3832 λαμ-

2187 3860 2422 3928 ϐάνομεν
2447 3858 2503 3910 δὲ
2529 3858 2588 3910 τὸ
2612 3857 2883 3928 πρόϐατον
2911 3856 3019 3909 ἀπὸ
3042 3856 3304 3927 δεκάτης,
3333 3857 3504 3927 ὄνομα
3533 3857 3627 3909 τοῦ
3667 3859 3773 3926 ’1η-

2188 3952 2282 4005 σοῦ
2318 3953 2628 4021 ἐπιγνόντες
2659 3952 2745 4005 διὰ
2771 3952 2831 4004 τὸ
2861 3950 3032 4004 ἰῶτα·
3072 3951 3159 4003 ἵνα
3195 3951 3269 4020 μὴ
3310 3949 3451 4021 λάθῃ
3486 3950 3631 4018 ἡμᾶς
3668 3966 3774 4017 μη-

2185 4046 2272 4099 δὲν
2302 4044 2412 4098 τῶν
2448 4044 2591 4097 κατὰ
2621 4044 2719 4114 τὴν
2750 4044 3011 4115 ἀλήθειαν
3037 4045 3217 4097 πᾶσαν
3243 4044 3341 4113 τῆς
3372 4042 3611 4110 ζωτικῆς
3639 4041 3767 4093 ταύ-

2185 4156 2285 4209 της
2325 4136 2419 4191 τοῦ
2464 4137 2658 4207 Πάσχα
2708 4136 2809 4207 τῆς
2856 4136 3316 4206 ἐκκλησιαπικῆς
3368 4136 3463 4189 καὶ
3516 4134 3774 4205 ἀληθινῆς

2189 4229 2592 4301 πραγματείας.

2270 4319 2683 4391 ’Υπερόήσομαι
2743 4319 2800 4371 δὲ
2850 4319 2943 4372 καὶ
2993 4318 3153 4371 τοῦτο
3203 4318 3265 4370 τὸ
3322 4316 3629 4387 ἐμφύσημα
3677 4316 3772 4369 τοῦ

2190 4412 2389 4483 βέωνος
2435 4412 2578 4483 (12),
2623 4413 2797 4465 εἶτονν
2837 4411 3076 4479 φυσαλοῦ
3126 4412 3303 4481 δφεως
3329 4450 3343 4475 ,
3398 4410 3485 4464 διὰ
3529 4413 3628 4481 τῆς
3677 4409 3773 4463 τοῦ

500 4500 708 4564 teribo;
749 4516 812 4554 ac
851 4500 947 4557 Dei
992 4518 1095 4572 ope
1137 4507 1431 4573 postulata,
1472 4506 1712 4561 animum
1748 4509 1814 4561 ad
1847 4510 2085 4579 reliquas

2192 4506 2427 4577 Χριστοῦ
2465 4505 2745 4576 δυνάμεως
2777 4503 3317 4575 ὲπισφραγισάμενος
3340 4543 3354 4566 ,
3392 4504 3484 4555 καὶ
3528 4504 3621 4556 ἐπὶ
3676 4502 3775 4565 τὰς

501 4603 841 4646 convertam.

720 4870 723 4873 ἰ
767 4795 1138 4853 ADVERSUS
1179 4796 1505 4851 ll/EIiESlN
1556 4798 1797 4859 ILLMI,

502 4911 634 4976 Quae
688 4910 916 4964 Joannis
976 4910 1317 4980 Evangelium
1369 4921 1417 4966 et
1471 4913 1827 4980 Apocalypsin
1887 4916 2079 4981 rejm‘t,

532 4999 689 5050 quam
718 4983 1015 5035 Amantium
1043 4983 1296 5050 appellat,
1329 4983 1544 5037 haeresis
1571 4982 1621 5037 Χ
1628 4984 1786 5047 XXI,
1819 4986 1923 5039 sine
1954 4985 2051 5038 LI.

569 5157 608 5213 ι.
656 5157 789 5214 Post
820 5158 1249 5230 Cataphrygum,
1283 5159 1787 5224 Quintillianorum,
1826 5172 1881 5217 et
1915 5163 2086 5227 Quar-

500 5251 971 5305 ttdecitnanorum
1001 5261 1200 5311 sectas.
1227 5266 1366 5305 nova
1398 5252 1643 5322 quzedam
1677 5254 1729 5307 in
1758 5256 1945 5309 orbem
1977 5264 2088 5310 ter-

500 5358 681 5396 rarum
741 5343 924 5411 erupit
983 5343 1206 5398 haeresis
1233 5383 1247 5403 .
1288 5344 1436 5399 velut
1488 5346 1797 5401 imbecillus
1836 5362 2087 5416 serpens.

2187 4596 2315 4666 ἑξῆς
2344 4596 2434 4648 τὸν
2465 4594 2589 4648 νοῦν
2620 4593 2938 4665 προτείνων,
2969 4594 3101 4648 Θεὸν
3138 4593 3383 4665 συνήθως
3410 4593 3776 4664 ἐπικαλούμε-

2188 4705 2277 4751 νος
2310 4689 2389 4751 είς
2415 4687 2686 4758 βοήθειαν.

2614 4802 2801 4854 ΚΑΤΑ
2842 4802 2978 4854 ΤΗΣ
3014 4800 3357 4865 ΑΙΡΕΣΕΩΣ,

2190 4913 2310 4982 Τῆς
2333 4917 2419 4982 μὴ
2441 4914 2770 4983 δεχομένης
2797 4914 2862 4967 τὸ
2894 4914 3043 4983 κατὰ
3079 4913 3357 4976 Ἰωάννην
3381 4913 3773 4981 Εὐαγτέλιον,

2248 4986 2346 5038 καί
2380 4982 2942 5052 τὴν-Ἀποκάλυψιν,
2964 4982 3044 5049 ἣν
3070 4983 3368 5036 ἐκὼιίεσεν
3413 4983 3703 5046 Ἁνοήτων
3732 4983 3773 5045 ³,

2244 5055 2561 5123 ιριακοστὴ
2593 5056 2790 5123 πρώτη
2816 5096 2828 5120 ,
2865 5055 2903 5121 ἠ
2935 5054 3033 5106 καὶ
3068 5056 3452 5122 πεντηκοστὴ
3493 5053 3718 5123 πρώτη.

2252 5166 2330 5220 A'.
2364 5165 2614 5234 Καθεξῆς
2663 5166 2720 5219 δὲ
2766 5165 2971 5218 τούτων
3017 5166 3125 5217 τῶν
3154 5165 3454 5237 αἱρέσεων,
3490 5164 3631 5234 μετὰ
3676 5165 3777 5233 τὴν

2185 5257 2326 5311 κατὰ
2378 5257 2596 5329 Φρύγας
2651 5275 2711 5311 τε
2764 5260 2859 5312 καὶ
2908 5258 3395 5321 Κυϊντιλλιανοὺς,
3438 5258 3533 5310 καὶ
3561 5258 3778 5309 Τεσσα-

2190 5350 2672 5419 ρεσκαιδεκατίτας
2703 5349 2846 5404 οὕτω
2887 5350 3256 5421 καλουμένους
3275 5389 3290 5413 ,
3321 5347 3531 5421 ἁνεφύη
3563 5347 3641 5419 τῷ
3676 5347 3777 5418 βίῳ

574 5503 587 5529 ¹
621 5498 737 5555 Jos.
774 5518 828 5568 ν,
866 5502 933 5556 18
1008 5504 1029 5533 ¹
1059 5501 1121 5557 F.
1151 5503 1435 5574 ἁγγελική.
1515 5503 1669 5559 ³11ηο
1710 5506 1891 5573 potius
1937 5506 2197 5574 Ἀλόγων.

571 5618 683 5686 (Η)
726 5621 1113 5687 Πανταχόθεν
1144 5620 1212 5673 δὲ
1248 5623 1285 5687 ἡ
1321 5623 1478 5689 ἁγία.
1533 5622 1664 5687 Quae
1711 5623 1776 5674 ad
1813 5622 1960 5676 hunc
1997 5623 2079 5677 lo-

503 5703 628 5762 cum
666 5689 975 5762 adnotanda
1007 5700 1187 5747 erant.
1209 5693 1374 5762 eaad
1407 5693 1538 5746 ha'r.
1580 5709 1680 5745 tu
1714 5708 1835 5762 quae
1868 5700 1951 5745 est
1978 5693 2083 5746 Au-

506 5758 655 5830 a_t_ia_n.
699 5758 1048 5830 diﬁ'errmus,
1112 5762 1201 5814 ubi
1252 5760 1407 5830 plura
1472 5763 1535 5821 ad
1602 5758 2083 5821 ltoc'institutum

506 5824 699 5897 Epiplt.
737 5828 997 5899 disputat.

2261 5624 2373 5693 (Ιῖ)
2421 5625 2489 5678 Τὸ
2533 5625 2861 5694 ἐμφύσημα
2893 5626 2998 5679 τοῦ
3038 5626 3291 5690 ﬁsco-oc.
3338 5623 3451 5678 Vox
3490 5627 3590 5679 ista
3636 5626 3775 5696 βέων

2192 5711 2462 5767 nusquam
2517 5711 2546 5747 a
2591 5711 2676 5750 me
2736 5698 2891 5767 lecta.
2943 5697 3119 5765 Atque
3165 5696 3323 5767 haud
3367 5698 3484 5750 scio
3527 5713 3597 5751 an
3648 5696 3774 5767 βού-

2192 5783 2368 5836 (ξιυνος
2395 5763 2590 5821 Latino
2617 5765 2883 5821 vocabulo
2915 5763 3203 5836 scripserit
3232 5766 3432 5839 Epipb.
