4186 6374
440 286 544 340 839

1110 292 1479 353 ADVERSUS
1518 298 1865 359 HIERESES
1903 305 2043 370 LIB“
2076 308 2138 367 1|.
2178 311 2342 369 TOM.
2384 315 2427 371 1.
2463 349 2532 360 —
2564 315 2835 376 HEBES.
2879 321 2966 378 L1.

3585 329 3693 387 890

439 409 646 479 αἵρεσις
682 406 842 480 ἑτέρα
868 447 883 472 ,
908 408 1095 482 ὥσπερ
1134 413 1363 484 ἑρπετὸν
1389 417 1639 483 ἀσθενὲς,
1677 422 1751 494 μὴ
1780 422 2009 496 δυνάμε-

2115 432 2210 500 qui
2239 431 2524 497 dictamni,
2554 439 2633 491 vel
2668 440 2923 508 styracis,
2951 449 3041 493 aut
3062 440 3397 500 libanitidis.-
3412 452 3507 497 aut
3536 447 3698 496 abro-

438 516 526 554 νον
555 501 826 571 ἀντισχεῖν
860 501 997 572 πρὸς
1025 505 1123 574 τὴν
1165 505 1339 577 ὀσμὴν
1376 509 1469 579 τῆς
1516 510 1813 583 δικτάμνου
1841 556 1857 579 ,
1895 518 2013 588 ἤτοι

439 592 742 663 στύρακος,
787 592 820 663 ἢ
868 593 1218 661 λιὸανίτιδος,
1262 598 1293 666 ἢ
1334 601 1432 669 τῆς
1486 602 1778 672 ἀϐροτόνου
1808 645 1823 669 ,
1853 606 1884 677 ἢ
1915 609 2014 679 τῆς

439 684 615 755 ὀσμῆς
642 685 736 736 τοῦ
767 685 1040 755 ἀσφάλτου
1062 728 1078 752 ,
1130 689 1160 759 ἢ
1198 690 1288 743 τοῦ
1322 691 1699 763 θυμιάματος,
1747 697 1780 767 ἢ
1812 698 1905 751 τοῦ
1934 700 2013 752 λί-

441 776 533 829 θου
586 777 681 829 τοῦ
714 779 954 846 γαγὰτου
1004 781 1117 850 (1'5)
1138 820 1152 844 ,
1186 782 1219 853 ἢ
1274 783 1367 836 τοῦ
1403 786 1630 856 κέρατος
1662 790 1758 859 τῆς
1790 791 2009 859 ἐλάφου.

438 869 571 921 Φασὶ
600 870 707 941 γὰρ
754 872 803 921 οἰ
843 874 901 924 ὲν
932 870 1186 943 συνηθείᾳ
1237 876 1522 942 γεγονότες
1556 878 1650 931 καὶ
1686 880 1775 933 διὰ
1817 884 2013 953 πείρας

438 959 639 1013 τούτων
660 960 833 1014 ταῦτα
861 962 929 1015 τὰ
960 963 1072 1033 εἴδη
1108 964 1446 1020 ἁπελαστικά
1477 964 1615 1022 εἶναι
1643 971 1885 1040 ἑρπετῶν
1916 974 2013 1027 καὶ

442 1050 678 1103 ἰοϐόλων.
714 1051 823 1105 Καὶ
856 1053 955 1123 τὴν
993 1055 1090 1124 μὲν
1110 1055 1398 1125 δίκταμνὸν
1441 1076 1586 1123 τινες
1621 1062 1874 1116 καλοῦσιν
1904 1065 2011 1119 ἀπὸ

436 1144 530 1197 τοῦ
581 1146 707 1208 τοὺς
752 1146 944 1209 παῖδας
980 1146 1088 1201 τῶν
1130 1149 1331 1219 ἰατρῶν
1375 1152 1673 1223 κεχρῆσθαι
1712 1155 1881 1226 ταύτῃ
1931 1159 2011 1220 εἰς

437 1236 533 1306 τὴν
567 1237 676 1289 τῶν
714 1237 1014 1290 τικτουσῶν
1065 1242 1339 1308 γυναικῶν
1389 1242 1662 1313 βοήθειαν.
1702 1247 1865 1299 Ὥστε
1915 1249 2011 1317 ἀφ’

436 1326 594 1395 ἡμῶν
621 1327 845 1390 εἰκότως
874 1329 1267 1391 ἀπεικάζεσθαι
1304 1334 1385 1395 είς
1427 1333 1518 1386 τὸν
1547 1334 1751 1387 ἄνωθεν
1789 1337 2012 1391 ἐλθόντα

439 1417 628 1484 Λόγον,
661 1418 791 1470 Θεὸν
837 1420 944 1471 ἀπὸ
971 1421 1079 1472 τῶν
1108 1423 1444 1490 ἐπουρανίων
1464 1462 1478 1487 ,
1505 1426 1568 1476 ὲκ
1609 1426 1819 1493 Ila-.96;
1851 1428 2013 1499 ἀχρό-

437 1524 542 1570 νως
574 1509 665 1561 καὶ
705 1510 953 1579 ἀνάρχως
984 1515 1396 1583 γεγεννημένον.
1457 1517 1593 1584 Φησί
1638 1516 1746 1586 γάρ
1779 1520 1806 1570 6
1858 1519 2012 1571 Σολο-

439 1596 556 1665 μὼν
609 1600 735 1669 περὶ
787 1601 883 1671 τῆς
921 1602 1151 1670 ἄφρονος
1208 1608 1303 1657 καὶ
1348 1604 1556 1675 φαύλης
1606 1608 1895 1674 γυναικὸς,
1929 1610 2013 1662 ὄτι

436 1689 618 1743 Μισεῖ
648 1693 834 1759 λόγον
864 1693 1221 1761 ἀσφαλείας.
1258 1694 1443 1759 Οῦτως
1476 1696 1568 1750 καὶ
1600 1692 1744 1751 οῦτοι
1785 1698 1854 1751 τά
1893 1717 2010 1752 στε-

437 1781 535 1851 ρεά
568 1781 662 1833 τοῦ
701 1783 1054 1853 κηρύγματος
1110 1787 1481 1855 μεμισήκασιν
1509 1826 1523 1849 ,
1574 1787 1803 1855 ἐπίγειοι
1836 1788 2007 1854 ὄντες,
2042 1761 2084 1818 Β

436 1875 529 1925 καὶ
557 1874 693 1944 πρὸς
725 1875 793 1926 τὰ
824 1876 1121 1945 ἐπουράνια
1158 1876 1607 1947 ἀπεχθανόμενοι.
1641 1879 1799 1931 Ὅθεν
1849 1880 2010 1931 δεδιό-

434 1983 525 2029 τες
548 1967 645 2037 τὴν
675 1966 859 2037 φωνὴν
885 1966 977 2020 τοῦ
1012 1968 1165 2034 ἁγίου
1201 1970 1340 2021 Ιινεύ
1350 1988 1516 2040 ματος
1536 2012 1551 2033 ,
1581 1971 1676 2041 τὴν
1712 1971 1973 2039 λέγουσαν
1992 1989 2005 2001 ·

435 2056 607 2126 Φωνὴ
634 2058 853 2124 Κυρίου
883 2057 1338 2127 καταρτιζομένη
1376 2060 1644 2128 ἐλάφους
1662 2078 1676 2092 ⁸
1715 2061 1808 2114 τοῦ
1834 2064 2011 2116 εἰπόν-

438 2168 524 2212 τος
556 2153 667 2212 τοῖς
692 2149 855 2203 αὐτοῦ
893 2150 1097 2216 δούλοις
1124 2153 1218 2205 καὶ
1246 2153 1561 2218 ἀποστόλοις
1581 2171 1594 2183 ·
1642 2153 1800 2208 Ἰδοὺ
1834 2155 2012 2208 δέδω-

435 2257 509 2294 κα
562 2241 703 2309 ὑμῖν
756 2241 871 2310 τὴν
906 2242 1199 2305 ἐξουσίαν
1235 2242 1446 2295 πατεῖν
1493 2244 1586 2295 ἐπὶ
1653 2243 1850 2311 ὄφεις,
1911 2244 2011 2297 καί

434 2334 766 2402 σκορπίους
797 2373 811 2397 ,
876 2333 977 2385 καὶ
1029 2334 1128 2386 ἐπὶ
1188 2334 1395 2388 πᾶσαν
1440 2335 1554 2403 τὴν·
1603 2334 1858 2404 δύναμιν
1906 2337 2010 2389 τοῦ

435 2424 668 2493 ἐχθροῦ.
698 2423 845 2495 Αὕτη
871 2424 978 2496 γὰρ
1016 2420 1084 2495 ἦν
1111 2426 1143 2495 ἡ
1175 2426 1381 2496 φωνὴή
1417 2426 1851 2497 καταρτιζομένη
1884 2428 2010 2480 ὲλά-

434 2533 566 2583 ,ρους
589 2559 602 2579 ,
636 2517 669 2586 ἡ
697 2516 909 2570 δοθεῖσα
957 2518 1036 2580 εἰς
1066 2518 1156 2569 τὸν
1181 2517 1384 2588 κόσμον
1421 2518 1508 2571 διὰ
1537 2519 1643 2571 τῶν
1678 2519 1845 2587 ἁγίων
1875 2522 2011 2572 ἀπο-

434 2605 635 2658 στόλων
664 2606 756 2658 καὶ
782 2606 1202 2674 εὐαγγελιστῶν,
1235 2608 1620 2679 καταπατῆσαι
1648 2608 1746 2679 τὴν
1774 2608 1868 2661 τοῦ
1894 2609 2008 2662 δια-

434 2693 587 2746 ϐόλου
632 2694 1005 2766 ἐναντιότητα.
1052 2695 1141 2762 Ἐξ
1194 2690 1270 2749 ὧν
1302 2698 1505 2765 ὁᾶγιος
1541 2697 1793 2763 Ἰωάννης
1842 2699 2008 2769 ἀκρό-

442 2802 568 2837 ςατιιτ
616 2784 918 2857 ἐπέστησε,
955 2786 1048 2838 καὶ
1079 2786 1326 2855 διήλεγξε
1376 2786 1469 2858 τὴν
1501 2787 1727 2857 δύναμιν
1760 2785 1867 2839 τῶν
1914 2805 2011 2840 πε·-

435 2877 814 2947 πλανημένων,
848 2878 940 2929 καὶ
971 2878 1341 2949 ὀφιομόρφων.

504 2970 578 3022 Β’.
634 2968 793 3021 Ἀλλά
818 2970 919 3023 οὐκ
957 2969 1229 3039 ἰσχύουσιν
1259 2972 1316 3023 ἐν
1342 2972 1406 3040 τῇ
1446 2970 1664 3040 κιϐωτῷ
1685 2972 1734 3023 οἰ
1756 2973 2006 3026 τοιοῦτοι.

445 3060 829 3130 Ἐπιτρέπεται
864 3061 971 3130 γάρ
1002 3061 1031 3112 6
1073 3060 1225 3129 ἅγιος
1257 3060 1381 3113 Νῶε
1431 3062 1568 3116 κατά
1612 3062 1673 3115 τὸ
1709 3063 1861 3133 ρῆμα
1893 3065 2007 3117 Κυ-
2035 3094 2078 3154 C

434 3152 550 3223 ρίου
597 3151 1071 3221 ὲπασφαλίσασθαι
1110 3152 1206 3221 τὴν
1246 3153 1531 3222 τοιαύτην,
1580 3153 1656 3215 ὡς
1697 3154 1830 3222 φησὶ
1873 3154 2009 3225 πρὸς

432 3245 623 3298 αὐτόν’
678 3244 1122 3311 Ἀσφαλτώσεις
1150 3244 1344 3312 αὐτὴν
1368 3244 1617 3307 ἔσωθεν,
1642 3245 1740 3298 καὶ
1767 3246 2008 3308 ἔξωθεν

433 3339 519 3391 ἵνα
547 3337 696 3411 δείξῃ
728 3338 788 3390 τὸ
816 3333 953 3398 εἶδος
982 3336 1080 3407 τῆς
1121 3335 1283 3404 ἁγίας
1333 3336 1442 3404 (14)
1479 3337 1573 3389 τοῦ
1604 3336 1736 3389 Θεοῦ
1782 3338 2012 3410 Ἐκκλη-

432 3431 556 3492 σίας
577 3467 592 3493 ,
621 3427 853 3499 ἐχούσης
885 3432 986 3499 τῆς
1019 3428 1291 3496 ἀσφάλτου
1319 3428 1418 3497 τὴν
1456 3428 1684 3497 δύναμιν
1702 3471 1716 3494 ,
1744 3429 1843 3499 τὴν
1880 3430 2015 3481 ἀπο·-

432 3521 732 3573 διώκουσαν
759 3521 827 3573 τὰ
854 3520 1001 3573 δεινά
1031 3522 1124 3573 καὶ
1153 3520 1408 3590 ὀλετήρια
1434 3521 1713 3591 ἐρπετώδη
1747 3520 2012 3590 διδάγμα-

431 3631 518 3666 τα.
561 3614 733 3666 ’Ὁπου
783 3613 892 3683 γὰρ
931 3613 1190 3682 θυμιᾶται
1235 3614 1269 3679 ἡ
1308 3612 1612 3681 ἄσφαλτος,
1663 3612 1763 3665 οὐκ
1807 3611 2013 3682 ἰσχύσει

434 3706 624 3775 στῆναι
668 3707 810 3773 ὄφις.
854 3705 1130 3776 Ἐκάρωσε
1162 3706 1337 3759 τοίνυν
1373 3708 1595 3767 τούτους
1636 3705 1696 3756 τὸ
1734 3704 1889 3772 ἅγιον
1920 3703 2013 3756 θυτ

436 3797 612 3865 μίαμα
656 3797 750 3849 τοῦ
787 3797 1085 3868 στύρακος,
1122 3798 1215 3849 καὶ
1247 3795 1640 3868 παραιτοῦνται
1681 3795 1870 3848 τούτου
1913 3795 2012 3865 τὴν

431 3886 597 3955 ὀδμὴν
619 3926 632 3948 ,
665 3888 758 3938 καὶ
799 3887 898 3957 τῆς
929 3886 1221 3957 ἀϐροτὸνου
1248 3929 1261 3949 ,
1299 3886 1473 3939 είτουν
1506 3885 1828 3948 λι6ανίτιδος
1862 3886 1895 3956 ἡ
1923 3886 2013 3938 δύ-

433 3995 595 4045 ναμις
614 4017 627 4039 ,
659 3979 777 4030 κατ’
806 3978 970 4030 αὐτοῦ
1003 3978 1097 4030 τοῦ
1130 3978 1304 4046 ὄφεως
1334 3978 1670 4045 ἐπιφύσασα,
1702 3977 1796 4029 καὶ
1825 3976 2012 4029 ἐπάνω

431 4069 523 4121 τοῦ
576 4068 784 4137 φωλεοῦ
840 4069 1004 4121 αὑτοῦ
1057 4069 1489 4138 ὲκὸλσιστήσασα.
1548 4067 1716 4120 Ἔνθα
1768 4068 1875 4137 γὰρ
1919 4067 2011 4120 τὸν

432 4161 664 4227 Χριστὸν
694 4162 758 4213 ἐκ
788 4161 1131 4231 παρατριϐῆς
1160 4160 1313 4229 ψιλὸν
1344 4159 1627 4229 ἄνθρωπον
1656 4160 1952 4229 ἐκήρυττεν
1982 4160 2011 4211 6

445 4250 637 4303 Ἑϐίων
666 4251 760 4303 καὶ
789 4252 817 4302 6
849 4249 1148 4321 Κήρινθος,
1202 4251 1297 4302 καὶ
1343 4251 1391 4301 οἰ
1429 4250 1566 4319 ἀμφ’
1601 4249 1832 4311 αὐτοὺς,
1868 4251 2011 4319 φημὶ

430 4342 487 4394 δὲ
526 4342 584 4393 ἐν
626 4346 693 4412 τῇ
738 4341 930 4411 Ἀσίᾳ,
967 4341 1083 4393 ἐκεῖ
1117 4339 1179 4392 τὺ
1222 4337 1447 4408 Πνεῦμα
1492 4338 1554 4390 τὸ
1588 4337 1740 4404 ἆγιον
1770 4335 2009 4389 ἀνέτειλε

2118 525 2254 589 toni,
2278 534 2372 579 aut
2406 527 2711 592 bituminis,
2741 541 2835 584 aut
2864 532 3095 593 sullitus,
3124 542 3218 586 aut
3242 542 3446 603 gagata:
3474 535 3689 604 lapidis,

2115 625 2209 669 aut
2252 618 2486 687 denique
2534 622 2738 674 cervini
2780 638 2952 678 cornu
2987 624 3208 679 odorem
3265 641 3375 679 non
3432 628 3688 681 sustinet.

2115 705 2211 762 His
2241 709 2384 762 enim
2415 711 2575 764 rebus
2605 722 2884 781 serpentes
2916 731 2979 768 ac
3020 724 3312 771 venenatas
3345 718 3544 771 bestias
3572 719 3688 771 abi—

2113 801 2165 868 gi
2216 801 2490 869 proditum
2537 803 2604 857 ab
2654 804 2723 858 iis
2755 813 2859 867 est,
2892 808 2983 874 qui
3021 807 3072 861 id
3108 824 3208 862 usu
3247 810 3690 878 experientiaquc

2113 890 2442 945 didicerunt.
2467 890 2620 957 Quod
2650 910 2780 947 vero
2812 896 2877 948 ad
2909 896 3243 950 dictamnum
3277 900 3530 967 pertinet,
3563 899 3690 955 inde

2112 992 2235 1033 esse
2278 979 2481 1033 dictum
2529 981 2773 1051 plerique
2809 993 3067 1047 censent,
3109 986 3252 1054 quod
3289 986 3354 1038 ad
3384 987 3690 1055 parturiens

2111 1062 2245 1123 tium
2299 1071 2536 1125 remedia
2577 1087 2605 1124 a
2644 1074 2870 1129 medicis
2919 1075 3226 1129 adhibetur.
3268 1076 3447 1141 Quare
3496 1080 3689 1134 merito

2111 1159 2166 1213 id
2193 1159 2377 1213 divino
2410 1158 2608 1223 Verbo,
2645 1160 2771 1225 Deo,
2793 1162 3033 1232 inquam,
3055 1165 3146 1232 qui
3176 1164 3241 1218 de
3267 1165 3405 1219 ccelo
3431 1166 3689 1234 delapsus

2111 1257 2194 1304 est
2215 1291 2228 1313 ,
2258 1259 2311 1305 et
2344 1266 2373 1304 a
2404 1250 2566 1306 Patre
2592 1254 2709 1307 sine
2735 1254 2848 1306 ullo
2877 1263 3118 1322 tempore
3142 1263 3247 1318 est,
3289 1262 3381 1309 aut
3409 1255 3567 1309 initio
3595 1272 3682 1326 ge-

2111 1341 2279 1403 nitus,
2316 1356 2345 1394 a
2386 1344 2546 1398 nobis
2570 1346 3034 1400 accommodatur.
3070 1346 3225 1412 Quod
3256 1364 3383 1402 vero
3425 1348 3684 1403 Salomon

2112 1431 2178 1485 de
2218 1433 2416 1487 stolida
2461 1450 2524 1488 ac
2574 1452 2805 1504 nequam
2841 1438 3067 1493 muliere
3100 1439 3273 1502 dicit,
3320 1438 3502 1495 odisse
3536 1441 3683 1493 illam

2112 1527 2423 1582 securitatis
2478 1543 2819 1593 sermonem;
2854 1530 2957 1585 hoc
2986 1530 3050 1583 ad
3094 1532 3231 1585 istos
3278 1532 3563 1587 transferri
3595 1549 3685 1603 po-

2110 1625 2239 1681 test,
2280 1616 2371 1685 qui
2411 1618 2640 1672 solidam
2669 1633 2732 1673 ac
2760 1629 3100 1676 constantem
3136 1622 3438 1676 doctrinam
3469 1625 3685 1691 penitus

2111 1706 2363 1761 oderunt.
2396 1706 2575 1762 Terra:
2601 1708 2867 1777 siquidem
2904 1709 3041 1764 allixi
3084 1719 3213 1765 sunt
3236 1750 3250 1775 ,
3277 1719 3331 1765 et
3370 1726 3399 1763 a
3447 1713 3678 1766 cmlesti-

2111 1798 2214 1853 bus
2239 1799 2554 1853 abhorrent.
2581 1799 2815 1869 Ideoque
2853 1817 3040 1855 vocem
3070 1802 3215 1855 illam
3249 1804 3421 1855 sancti
3449 1801 3685 1871 Spiritus

2111 1890 2574 1957 perhorrescunt:
2628 1891 2740 1945 Vox
2786 1891 3000 1945 Domini
3044 1896 3396 1961 prwparanlis
3434 1911 3608 1948 cervos
3640 1896 3682 1958 ¹;

2111 1981 2201 2049 qui
2244 1982 2459 2051 quidem
2488 1984 2660 2038 servis
2690 1985 2805 2037 suis
2836 1992 2889 2038 et
2919 1986 3179 2053 apostolis
3201 1987 3371 2041 dixit:
3401 1986 3535 2040 Ecce
3564 1987 3685 2042 dedi

2110 2070 2252 2123 vobis
2285 2080 2595 2140 potestatem
2626 2072 2870 2126 calcandi
2900 2090 3053 2141 super
3082 2088 3342 2145 serpentes
3373 2086 3420 2130 et
3453 2080 3685 2147 scorpio-

2112 2178 2199 2215 nes
2221 2201 2234 2223 ,
2281 2173 2330 2215 et
2370 2180 2527 2232 super
2554 2180 2756 2217 onmem
2786 2167 3027 2219 virtutem
3059 2168 3261 2220 inimici
3291 2170 3332 2221 ’.
3378 2167 3501 2222 Haec
3539 2170 3682 2223 eniut

2113 2253 2201 2305 illa
2244 2270 2346 2306 vox
2380 2264 2497 2309 erat
2536 2271 2726 2310 cervos
2762 2272 3074 2327 praeparans
3098 2301 3111 2322 ,
3160 2275 3281 2328 quae
3320 2276 3414 2328 per
3462 2269 3683 2316 sanctos

2110 2348 2391 2416 apostolos
2421 2355 2475 2401 et
2525 2349 2890 2418 evangelistas
2931 2365 3026 2418 per
3053 2349 3239 2404 orbem
3271 2359 3354 2403 est
3396 2349 3681 2419 dissipata.

2112 2439 2187 2491 uti
2229 2438 2433 2492 diaboli
2466 2439 2683 2494 hostilis
2714 2440 2780 2494 ad
2818 2440 3230 2509 repugnandum
3264 2441 3345 2493 vis
3374 2449 3427 2495 et
3457 2443 3683 2497 audacia

2110 2530 2542 2600 proculcaretur.
2581 2528 2685 2583 Sed
2726 2546 2791 2585 ex
2848 2532 3217 2600 apostolorum
3272 2548 3499 2586 numero
3550 2548 3688 2602 prae-

2111 2623 2269 2690 cipue
2303 2620 2543 2676 Joannes
2581 2622 2831 2687 exstitit,
2863 2622 2956 2691 qui
2991 2624 3230 2676 animum
3263 2624 3550 2678 intendens
3579 2640 3686 2678 cte-

2110 2725 2299 2763 corum
2335 2710 2590 2774 istorum,
2621 2726 2684 2764 ac
2715 2711 3060 2780 serpentibus
3092 2711 3350 2767 similium
3388 2714 3681 2782 potentiam

2112 2800 2452 2871 reprimeret.

2180 2971 2342 3044 4.23
2382 2972 2446 3028 ll.
2486 2975 2807 3043 Quanquam
2836 2974 2967 3028 nihil
2998 2976 3261 3031 adversus
3294 2992 3476 3031 arcam
3518 2992 3686 3032 cona-

2111 3069 2199 3118 tus
2233 3064 2459 3116 istorutn
2495 3064 2725 3132 proiicit.
2760 3064 2932 3130 Quam
2971 3066 3092 3120 ideo
3139 3067 3350 3123 munire
3379 3084 3440 3121 ac
3468 3068 3688 3127 ﬁrmare

2115 3159 2336 3205 sanctus
2384 3149 2495 3204 Noe
2545 3152 2730 3205 divina
2779 3168 2912 3207 voce
2960 3163 3358 3211 commonetur.
3401 3155 3492 3210 Sic
3539 3159 3683 3212 enim

2115 3241 2254 3295 Deus
2286 3243 2556 3310 praecipit:
2595 3243 2771 3297 Linies
2802 3261 2916 3298 eam
2947 3245 3198 3300 bitumine
3232 3249 3373 3302 intus
3404 3259 3455 3302 et
3485 3250 3616 3317 foris
3637 3251 3681 3306 ³.

2114 3330 2182 3386 Ut
2204 3342 2406 3388 sanctae
2441 3333 2532 3389 Dei
2561 3334 2815 3390 Ecclesia:
2845 3337 3081 3406 speciem
3118 3340 3399 3408 przeberet,
3453 3357 3572 3410 quae
3600 3343 3692 3396 hi-

2112 3427 2336 3481 tuminis
2366 3428 2471 3479 vim
2525 3428 2721 3490 habet,
2752 3444 2857 3497 qua
2890 3431 3199 3498 pernicmsa
3229 3447 3291 3485 ac
3325 3432 3532 3487 letifera
3566 3450 3682 3488 ser-

2112 3524 2333 3585 pentum
2394 3518 2642 3585 dogmata
2699 3521 3107 3587 prOpulsantur.
3168 3520 3488 3592 Ubicunque
3538 3523 3684 3576 enim

2112 3610 2352 3662 bitumen
2390 3608 2629 3672 suiliunt,
2660 3611 2842 3663 nullus
2868 3611 2940 3663 ibi
2968 3626 3192 3679 serpens
3242 3622 3507 3669 moratur.
3542 3614 3687 3679 Quin

2111 3702 2271 3753 etiam
2297 3710 2487 3754 sancto
2524 3700 2757 3770 styracis
2784 3700 2975 3754 nidore
3010 3704 3320 3770 sopiuntur,
3360 3707 3518 3771 cujus
3552 3706 3688 3759 odo—

2111 3808 2224 3847 rem
2262 3792 2507 3861 fugiunt,
2545 3803 2603 3845 ut
2640 3802 2692 3846 et
2734 3794 3022 3857 abrotoni,
3060 3796 3174 3849 sive
3217 3796 3516 3850 libanitidis
3554 3797 3686 3862 vim,

2112 3883 2156 3935 si
2189 3898 2351 3950 supra
2382 3884 2651 3952 serpentis
2692 3884 2974 3937 latibulum
3024 3880 3243 3939 consita.
3282 3888 3480 3951 fuerit,
3528 3898 3688 3957 atque

2111 3972 2409 4042 pullularit.
2444 3971 2656 4025 Etenim
2697 3973 2887 4026 iisdem
2930 3973 3038 4026 illis
3092 3975 3145 4027 in
3177 3976 3311 4031 locis
3335 4016 3351 4039 ,
3402 3979 3457 4030 in
3486 3979 3686 4047 quibus

2110 4064 2317 4117 nudum
2350 4062 2658 4123 hominem,
2716 4072 2769 4116 et
2815 4079 2878 4117 ex
2935 4066 3219 4133 utriusque
3260 4084 3422 4121 sexus
3453 4070 3685 4137 conjun-

2112 4153 2291 4205 ctione
2341 4160 2518 4204 satum
2576 4166 2700 4204 esse
2744 4150 3021 4205 Christum
3056 4154 3227 4208 Ehion
3278 4168 3333 4209 et
3387 4157 3683 4213 Cerintlius

2112 4258 2233 4296 cum
2265 4241 2381 4295 suis
2410 4255 2655 4296 asserere
2685 4242 2806 4295 ausi
2843 4251 3006 4306 sunt,
3049 4246 3152 4299 hoc
3180 4254 3265 4299 est
3308 4246 3359 4299 in
3399 4248 3548 4309 Asia,
3582 4250 3685 4303 ibi-

2112 4336 2234 4387 dem
2268 4332 2502 4401 Spiritus
2529 4339 2756 4387 sanctus
2790 4333 2935 4386 illam
2969 4336 3117 4388 velut
3148 4334 3371 4388 herbam
3400 4337 3685 4393 sanctissi—

430 4435 508 4504 τῷ
534 4435 720 4505 κόσμῳ
747 4434 950 4504 ταύτην
980 4434 1078 4504 τὴν
1112 4432 1269 4500 ἁγίαν
1292 4432 1543 4502 βοτάνην,
1585 4431 1758 4482 εἴτουν
1787 4428 2011 4497 θάμνον,

2117 4441 2288 4490 mam,
2321 4435 2412 4478 aut
2464 4422 2715 4477 fruticem
2768 4425 2821 4477 in
2861 4427 3047 4479 orbem
3076 4429 3306 4491 extulit,
3344 4444 3452 4497 quo
3483 4437 3536 4483 et
3564 4444 3684 4485 ser-

430 4527 528 4594 τὴν
565 4525 940 4591 ἀποδιώξασαν
967 4525 1056 4577 τὸν
1085 4524 1228 4591 ὅφιν,
1265 4522 1360 4575 καὶ
1382 4520 1621 4573 λύσασαν
1645 4518 1743 4588 τὴν
1772 4517 1865 4570 τοῦ
1895 4517 2008 4569 δια-

430 4620 585 4672 ϐόλου
621 4619 932 4690 τυραννίδα.
986 4617 1132 4669 Ἐκεῖ
1162 4616 1268 4685 γάρ
1317 4616 1345 4665 6
1387 4613 1540 4680 ἆγιος
1596 4611 1847 4678 Ἰωάννης
1888 4608 2005 4679 μεθ’

430 4710 647 4781 ἡλικίαν
689 4709 968 4781 γηραλέαν
1011 4707 1362 4777 ἐπιτρέπεται
1415 4704 1520 4757 ὑπὸ
1548 4702 1641 4755 τοῦ
1689 4700 2006 4770 Πνεύματος

430 4798 523 4852 τοῦ
552 4800 706 4867 ἁγίου
744 4796 978 4869 κηρύξαι
998 4838 1013 4861 ,
1060 4798 1152 4849 καὶ
1181 4794 1501 4864 ἀνακάμψαι
1531 4793 1657 4849 τοὺς
1686 4791 1743 4842 ὲν
1786 4792 1849 4860 τῇ
1900 4788 2005 4859 ὁδῷ

432 4890 920 4961 πεπλανημένους,
994 4889 1054 4941 οὐ
1128 4889 1263 4959 μετά
1318 4886 1566 4954 ἀνάγκης
1592 4924 1608 4950 ,
1672 4880 1809 4934 ἀλλὰ
1870 4879 2007 4950 μετά

433 4985 822 5057 προαιρέσεως,
847 4988 963 5048 τοῖς
1000 4983 1339 5053 πειθομένοις
1372 4978 1726 5048 ἀποκαλύψας
1770 4975 1906 5030 Θεοῦ
1945 4974 2006 5029 τὸ

508 5139 526 5169 ¹
552 5136 698 5194 Psal.
731 5153 921 5201 xxvut,
953 5136 1005 5190 9.
1079 5140 1100 5169 ί
1128 5136 1259 5192 Luc.
1297 5151 1353 5196 x,
1387 5135 1475 5189 16.
1552 5133 1573 5165 ³
1600 5133 1735 5189 Gen.
1764 5148 1844 5197 τι,
1877 5131 1972 5186 14.

503 5296 617 5367 (15)
666 5298 727 5352 Ἠ
772 5297 889 5367 τοῦ,
928 5296 1103 5349 λίθου
1159 5295 1265 5349 τοῦ
1310 5294 1591 5367 γα-γάτου)
1643 5290 1844 5367 Eadem
1898 5287 2011 5344 fere

431 5360 746 5435 serpentum
776 5366 1112 5437 ἀλεξητήρια
1146 5360 1347 5420 cecinit
1379 5360 1668 5418 Nicander.
1713 5360 1786 5417 De
1814 5368 2011 5430 gagate

432 5452 600 5506 porro
626 5455 638 5490 :

513 5553 767 5629 Ῐέλλοῗξ
785 5550 846 5629 ,δ’
879 5548 1136 5629 ἀζαλέην
1170 5549 1355 5629 καίιιξν
1379 5545 1695 5629 ἐγτάγγιδα
1725 5544 1982 5629 πέτρηγη

512 5624 618 5676 Ἦν
661 5622 803 5675 οὐδὲ
832 5620 1135 5688 κρατεροῖο
1166 5619 1355 5685 πυρὸς
1394 5618 1805 5685 περικαίνυται
1836 5618 2008 5683 ὁρμή.

432 5711 538 5773 Ubi
585 5712 769 5769 Schol.
806 5729 819 5764 :
854 5711 969 5780 Τὴν
1012 5712 1263 5789 γαγγῖτιν
1304 5709 1482 5763 λίθον·
1533 5710 1591 5761 ὲν
1627 5707 1864 5778 Γάγγαις
1905 5704 2014 5777 γὰρ

2112 4533 2246 4588 pens
2285 4517 2593 4586 abigeretur
2625 4558 2640 4582 ,
2694 4527 2747 4571 et
2784 4519 3101 4587 tyrannicus
3140 4520 3340 4573 diaboli
3370 4520 3684 4577 dominatus

2112 4617 2463 4664 everteretur.
2523 4606 2639 4661 Illic
2685 4608 2951 4680 siquidem
2990 4611 3180 4665 beatus
3209 4610 3447 4668 Joannes
3491 4615 3682 4669 aﬂ'ecta

2107 4701 2223 4769 jam
2239 4706 2395 4754 aetate
2424 4699 2720 4768 praedicare
2745 4703 2918 4755 sancti
2941 4701 3176 4771 Spiritus
3202 4703 3416 4757 hortatu
3436 4705 3681 4773 jubetur.

2110 4799 2161 4843 et
2183 4799 2427 4846 errantes
2459 4808 2488 4844 a
2514 4794 2600 4846 via
2628 4808 2887 4848 revocare
2906 4832 2920 4855 ,
2962 4810 3068 4846 non
3104 4802 3163 4846 ut
3188 4794 3241 4848 vi
3267 4810 3329 4849 ac
3358 4798 3684 4851 necessitate

2111 4892 2363 4950 cogeret,
2391 4883 2486 4938 sed
2519 4892 2577 4937 ut
2614 4892 2809 4953 sponte
2860 4901 2922 4938 ac
2958 4885 3202 4938 volentes
3242 4884 3552 4947 induceret,
3590 4887 3683 4941 iis-

2111 4976 2344 5044 demque
2381 4983 2569 5047 postea
2617 4977 2862 5031 divinum
2920 4976 3160 5031 caelestis
3194 4975 3455 5030 doctrinae
3498 4977 3681 5033 lutnen

2114 5287 2214 5357 τῆς
2246 5287 2450 5350 Λυκίας
2483 5283 2828 5357 εὐρίοξιεται)
2856 5283 2955 5344 τὰς
2991 5282 3047 5357 δὲ
3073 5282 3291 5357 [ἀγγαμς
3328 5279 3484 5332 πόλιν
3514 5275 3677 5357 οὖσαν

2116 5353 2215 5426 τῆς
2246 5358 2471 5418 Λυκίας,
2495 5353 2590 5407 καὶ
2620 5353 2858 5421 Γαγγίδα
2882 5354 3063 5426 φασίν.
3083 5355 3224 5426 Plin.
3256 5354 3291 5405 Ι.
3314 5367 3567 5426 xst'th.
3587 5354 3672 5426 1.9.

2117 5419 2369 5495 (lagatesi
2401 5426 2538 5493 lapis
2584 5419 2778 5476 nomen
2806 5424 2988 5495 habet
3029 5424 3131 5476 loci
3172 5431 3225 5477 et
3267 5423 3443 5475 amnis
3475 5419 3676 5491 Gangis

2119 5493 2319 5566 Lyciae,
2348 5494 2545 5566 Diosc.‘
2563 5495 2681 5566 Inv,
2710 5509 2758 5546 c.
2781 5493 2881 5566 A99.

2189 5565 2300 5631 (14)
2343 5566 2476 5618 Ἵνα
2517 5562 2685 5630 δείξῃ
2732 5562 2799 5615 τὸ
2841 5557 3002 5627 εἶδος
3034 5559 3142 5629 τῆς
3184 5561 3373 5631 ἁγίας.
3419 5558 3673 5613 Eamdem

2121 5651 2262 5689 arcae
2304 5633 2715 5688 similitudinem
2766 5631 3007 5687 declarat
3051 5633 3187 5702 Aug.
3230 5633 3323 5686 lib.
3374 5645 3446 5684 xu
3488 5641 3677 5687 contra

2122 5704 2339 5771 Faust.,
2370 5719 2418 5757 c.
2456 5703 2542 5757 14.
