4186 6374
507 359 607 418 891

1913 366 1970 423 S.
2013 365 2353 425 EPIPJIANII

3671 368 3781 427 899.

508 470 833 541 impertiret.
883 469 1086 529 Verum
1122 474 1258 545 quid
1293 490 1396 547 ego
1440 475 1509 531 de
1542 490 1607 531 ea
1658 492 1716 532 re
1743 476 1953 534 diutius
1984 480 2101 535 dis-

2224 482 2321 552 ρῶς
2344 522 2359 547 ,
2389 481 2451 536 τὸ
2484 482 2543 535 ὲν
2563 484 2629 554 τῇ
2656 481 2787 553 ἁγίᾳ
2814 480 2947 535 Θεοῦ
2976 478 3309 553 διδασκαλίᾳ.
3350 480 3488 535 Ἀλλ’
3513 480 3620 545 ἓως
3649 485 3777 536 πότε

510 564 685 632 ρειιοῖ
746 562 1075 637 Quicunque
1129 569 1276 623 enim
1329 573 1383 623 in
1435 584 1503 623 eo
1565 570 1687 625 loco
1738 581 1956 635 manet,
2003 572 2094 626 ubi

509 656 840 711 abrotonum
868 659 1145 714 consitum
1173 670 1276 723 est,
1308 662 1493 717 nullus
1525 661 1598 716 ibi
1631 663 1871 716 manebit
1895 663 2100 717 latebit-

510 762 617 815 que
644 763 893 819 serpens.
931 749 1024 805 Sic
1061 751 1152 805 ubi
1207 768 1335 806 vera
1377 764 1463 808 est
1495 753 1589 809 Dei
1619 754 1869 809 doctrina
1895 775 1920 819 ,-
1949 756 2099 809 nulla

510 850 794 896 venenatae
845 842 1111 898 doctrinae
1163 845 1373 899 latebra
1425 849 1537 901 vim
1572 847 1794 901 habebit
1840 848 2100 917 aliquam,

511 932 607 985 sed
638 931 890 989 funditus
920 936 1158 992 occidet.

583 1021 672 1078 Ill.
714 1022 839 1081 Haec
876 1027 1043 1095 igitur
1066 1031 1359 1100 Alogorum
1401 1040 1486 1085 est
1529 1030 1752 1100 Opinio:
1798 1045 1924 1084 nam
1958 1028 2106 1099 ejus:-

514 1116 663 1170 modi
700 1118 783 1173 eis
816 1134 1015 1175 nomen
1050 1122 1408 1192 imponimus,
1446 1139 1546 1178 nec
1587 1139 1617 1176 a
1657 1123 1817 1178 nobis
1845 1123 2105 1193 deinceps

515 1208 675 1263 aliter
703 1214 935 1267 vocandi
986 1198 1136 1269 sunt.
1172 1214 1239 1269 Et
1271 1232 1369 1271 vos
1425 1231 1663 1278 mecum,
1711 1231 1744 1269 ο
1769 1214 2104 1278 charissimi,

516 1299 721 1369 Alogos
778 1302 901 1355 illos
958 1306 1257 1359 nominate.
1312 1306 1555 1373 Quorum
1616 1305 1842 1359 haeresis
1880 1304 2106 1359 Joannis

518 1392 689 1448 libros
720 1396 989 1465 repudiat.
1020 1398 1386 1463 Quamobrem
1412 1414 1536 1453 cum
1565 1396 1803 1451 Verbum
1838 1413 1868 1451 a
1896 1396 2107 1451 Joanne

519 1487 873 1552 praedicatum
906 1498 1185 1559 respuant,
1221 1491 1399 1560 Alogi,
1439 1491 1542 1545 hoc
1567 1498 1649 1544 est
1679 1504 1708 1541 a
1736 1486 1917 1543 Verbo
1944 1488 2105 1543 alieni

522 1578 873 1647 uuucupandi
907 1590 1059 1635 sunt.
1092 1582 1233 1652 Ergo
1257 1582 1331 1636 illi
1368 1597 1397 1634 a
1424 1582 1673 1636 doctrina
1711 1580 1958 1634 veritatis
1987 1580 2109 1633 l'un-

518 1668 670 1723 ditus
701 1671 1061 1727 abhorrentes
1116 1673 1389 1728 sinceram
1437 1674 1595 1726 lldem
1641 1671 1951 1741 abnegant,
2008 1686 2109 1725 nec

518 1760 748 1816 Joannis
794 1764 1181 1835 Evangelium,
1219 1776 1312 1819 aut
1364 1765 1731 1835 Apocalypsin
1778 1764 2103 1834 approbant.

2204 575 2431 644 μηκύνω
2464 574 2555 627 τὸν
2583 574 2773 643 λόγον;
2824 573 2933 627 Kal
2967 571 3075 645 γὰρ
3120 571 3197 642 τῷ
3228 571 3439 642 μένοντι
3474 573 3608 625 ὅπου
3646 573 3777 626 ἀνα-

2201 668 2308 737 φυῇ
2336 666 2623 738 ἀϐρότονος
2642 707 2657 731 ,
2691 666 2807 717 ἐκεῖ
2838 663 2961 732 δφις
2992 663 3173 716 οὐκέτι
3217 662 3581 732 ὲγκαταμένει
3601 702 3615 725 ,
3653 660 3780 713 οὔτε

2202 757 2533 828 ὲμφωλεύει.
2564 758 2675 811 Kal
2718 757 2853 809 ὅπου
2901 755 3033 810 Θεοῦ
3082 754 3284 827 ἀληθής
3324 754 3675 817 διδασκαλία,
3715 754 3780 805 οὐ

2203 850 2521 919 κατισχύσει
2556 851 2976 920 κατοικητήριον
3022 844 3361 918 έρπετὼδπυς
3412 844 3780 909 διδασκαλίας,

2203 943 2341 996 ἀλλά
2376 943 2662 997 διόλλυται.

2276 1037 2351 1090 Γ¹.
2381 1036 2652 1089 Φάσκουσι
2684 1033 2863 1087 τοίνυν
2892 1034 2941 1085 οί
2970 1032 3206 1101 Ἀλογοιο
3231 1032 3435 1103 ταύτην
3460 1032 3569 1103 γὰρ
3593 1030 3783 1092 αὐτοῖς

2205 1128 2395 1199 τίθημι
2427 1128 2523 1198 τὴν
2565 1126 2902 1196 ἐπωνυμίαν.
2947 1125 3081 1177 Ἀπὸ
3128 1126 3234 1196 γὰρ
3275 1124 3375 1193 τῆς
3409 1122 3567 1193 δεῦρο
3608 1120 3785 1183 οὕτως

2207 1222 2572 1293 κληθήσονται
2599 1239 2613 1252 ·
2643 1221 2739 1274 καὶ
2763 1218 2966 1282 οὕτως,
3025 1217 3333 1289 ἀγαπητοὶ,
3383 1215 3659 1285 ἐπιθῶμεν
3685 1215 3787 1266 αὐ-

2206 1318 2318 1378 τοῖς
2353 1315 2530 1385 ὄνομα
2554 1354 2567 1375 .
2605 1313 2881 1366 τουτέστιν
2919 1312 3157 1380 Ἀλογοι.
3186 1308 3342 1381 Εἶχον
3375 1310 3483 1381 γὰρ
3508 1310 3608 1379 τὴν
3635 1309 3789 1378 αἴρε-

2210 1426 2293 1462 σιν
2318 1407 2683 1479 καλουμένην,
2705 1406 3008 1459 ἀποϐάλλου
3018 1423 3116 1458 σαν
3155 1405 3399 1458 Ἰωάννου
3422 1403 3521 1467 τὰς
3546 1401 3785 1471 βίϐλους.

2220 1502 2374 1555 Ἐπεὶ
2402 1497 2495 1555 οὖν
2538 1501 2629 1553 τὸν
2661 1500 2832 1569 Λόγον
2863 1500 2923 1551 οὐ
2953 1498 3197 1568 δέχονται
3235 1497 3327 1551 τὸν
3356 1496 3505 1566 παρά
3539 1495 3790 1547 Ἰωάννου

2209 1589 2641 1662 κεκηρυγμένον,
2684 1588 2903 1655 ⁸Ἀλογοι
2928 1587 3309 1659 κληθήσονται.
3351 1584 3643 1655 Ἀλλότριοι
3675 1582 3794 1634 τοίαν

2208 1697 2302 1734 νυν
2358 1678 2704 1733 παντάπασιν
2757 1677 3092 1747 ὑπάρχοντες
3136 1674 3229 1727 τοῦ
3284 1673 3635 1745 κηρύγματος
3688 1670 3795 1740 τῆς

2215 1772 2503 1842 ἀληθείας,
2551 1769 2840 1842 ἀρνοῦνται
2884 1768 2945 1821 τὸ
2983 1768 3219 1841 καθαρὸν
3266 1765 3356 1821 τοῦ
3414 1764 3791 1836 κηρύγματος,

522 1856 685 1924 Atqui
729 1856 774 1911 si
820 1856 1145 1929 Apocalypsi
1204 1859 1470 1912 duntaxat
1517 1858 1719 1926 rejecta
1760 1856 2109 1926 Evangelium

2224 1840 2454 1920 καὶ-οὗτε
2485 1865 2545 1918 τὸ
2574 1840 2666 1918 τοῦ
2708 1864 2953 1917 Ἰωάννου
2987 1840 3320 1931 Εὐαγγέλιον
3355 1859 3597 1929 δέχονται
3620 1898 3634 1923 ,
3666 1854 3792 1908 οὔτε

518 1947 897 2013 admitterent,
942 1948 1049 2003 dici
1085 1950 1137 2004 id
1174 1958 1401 2021 possent
1439 1949 1626 2004 subtili
1658 1948 1895 2018 quodam
1930 1953 1984 2001 et
2023 1961 2111 1999 ac-

523 2050 716 2094 curato
751 2041 962 2110 judicio
1011 2041 1241 2105 fecisse,
1286 2049 1345 2095 ut
1391 2040 1701 2111 apocrypha
1751 2047 2108 2108 respuerent;

520 2134 670 2203 quod
722 2135 977 2203 pleraque
1028 2134 1081 2187 in
1145 2133 1473 2204 Apocalypsi
1516 2131 1817 2186 altissimos
1858 2138 1911 2184 et
1949 2127 2114 2201 424

519 2226 793 2281 obscuros
824 2242 1020 2281 sensus
1049 2227 1306 2280 habeant.
1342 2224 1447 2279 Sed
1478 2240 1601 2278 cum
1634 2224 1919 2278 universos
1946 2220 2113 2274 Joan-

527 2318 614 2372 nis
656 2318 828 2373 libros
861 2312 1082 2389 proprie
1116 2319 1392 2387 rejiciant,
1436 2317 1688 2371 dubitare
1721 2332 1879 2370 nemo
1913 2323 2110 2385 potest,

524 2412 658 2480 quin
685 2410 751 2475 ii,
793 2427 1095 2481 eorumque
1123 2411 1370 2475 similes,
1433 2412 1511 2465 illi
1546 2410 1649 2480 ipsi
1685 2409 1796 2463 sint
1822 2450 1836 2468 ,
1876 2424 2113 2478 quorum

529 2504 583 2556 in
631 2502 927 2558 Catholicis
972 2503 1235 2572 Lpistolis
1271 2501 1511 2557 Joannes
1578 2502 1866 2556 meminit:
1922 2499 2115 2554 Novis-

524 2596 667 2648 sima
698 2594 829 2647 hora
876 2605 952 2649 est
974 2636 989 2659 ,
1028 2596 1242 2665 inquit,
1275 2605 1325 2649 et
1376 2595 1603 2649 audistis
1629 2634 1645 2659 ,
1674 2594 1924 2664 quoniam
1955 2592 2114 2646 Anti-

525 2686 759 2739 christus
792 2689 925 2741 venit
952 2704 969 2749 ;
997 2698 1043 2741 et
1076 2704 1213 2741 nunc
1240 2704 1354 2741 ecce
1397 2687 1702 2740 antichristi
1736 2687 1890 2739 multi
1926 2688 1966 2748 ί,
2005 2698 2113 2742 etc.

526 2778 857 2848 Quanquam
902 2780 978 2833 illi
1016 2780 1264 2833 nonnihil
1300 2782 1367 2832 ad
1406 2779 1777 2833 excusandam
1814 2795 1968 2833 suam
2018 2794 2115 2831 au-

532 2871 745 2924 daciam
782 2880 1053 2925 conantur
1108 2872 1321 2926 afferre.
1357 2871 1528 2926 Pudet
1556 2872 1700 2925 enim
1739 2872 1914 2942 palam
1949 2871 2110 2925 beato

529 2960 729 3016 Joanni
756 2964 1155 3029 contradicere,
1185 2964 1329 3033 quod
1363 2972 1417 3017 et
1453 2964 1631 3033 ipsum
1659 2964 1801 3018 inter
1839 2967 2118 3035 apostolos

535 3055 705 3109 fuisse
736 3063 1080 3111 numeratum
1116 3096 1130 3117 ,
1156 3064 1208 3109 et
1239 3072 1266 3107 a
1293 3055 1522 3111 Domino
1550 3057 1823 3126 pnecipue
1860 3056 2116 3127 dilectum

535 3163 643 3200 non
673 3145 965 3212 dubitent;
1002 3148 1094 3217 qui
1126 3157 1179 3202 et
1202 3163 1359 3202 sacra
1396 3150 1655 3219 mysteria
1694 3164 1793 3219 pro
1817 3148 1894 3203 rei
1934 3149 2111 3219 digni—

536 3248 646 3294 tate
688 3241 985 3309 patefecit,
1020 3252 1075 3295 et
1124 3256 1287 3308 supra
1346 3240 1560 3295 Domini
1613 3251 1803 3311 pectus
1850 3241 2116 3295 incubuit.

534 3331 718 3397 Quare
775 3332 935 3384 aliam
992 3332 1429 3385 damnandorum
1497 3333 1726 3403 apostoli
1789 3333 2121 3402 scriptorum

536 3436 761 3474 causam
808 3423 1102 3475 commenti
1136 3432 1285 3477 sunt.
1339 3422 1550 3493 Negant
1582 3424 1697 3477 hac
1724 3422 1954 3477 Joannis
1980 3438 2122 3488 esse,

536 3520 591 3566 et
618 3510 882 3565 Cerintho
910 3512 1193 3577 tribuunt;
1226 3527 1326 3566 nec
1355 3528 1476 3568 esse
1512 3512 1674 3584 digna
1716 3520 1950 3583 putant,
2004 3528 2124 3583 qua:

538 3605 608 3657 ab
632 3603 876 3659 Ecclesia
914 3606 1235 3674 probentur.

616 3695 703 3749 IV.
732 3694 934 3750 Verum
973 3697 1057 3751 vel
1110 3696 1215 3750 hoc
1257 3698 1376 3766 ipso
1406 3698 1490 3751 sui
1524 3705 1756 3752 conatus
1792 3697 1953 3750 initio
1990 3712 2127 3751 con-

540 3789 871 3853 vincuntur,
917 3803 1020 3843 nec
1076 3786 1207 3857 quid
1264 3787 1455 3841 dicant
1515 3789 1862 3857 intelligere,
1903 3803 2002 3841 nec
2060 3786 2128 3842 de

536 3880 743 3951 quibus
771 3880 1039 3935 allirment
1064 3881 1106 3935 '.
1156 3880 1261 3948 Qui
1291 3880 1439 3936 enim
1472 3880 1588 3935 ﬁeri
1619 3888 1798 3950 potest
1824 3920 1839 3941 ,
1870 3890 1927 3933 ut
1960 3881 2071 3934 haec
2099 3898 2129 3934 a

536 3972 805 4028 Cerintho
843 3974 1049 4043 scripta
1086 3974 1239 4039 sint,
1294 3989 1416 4044 quae
1469 3972 1729 4027 Cerintho
1780 3973 2125 4043 potissimum

544 4062 878 4132 repugnent?
911 4061 1010 4118 Hic
1032 4064 1176 4118 enim
1208 4070 1484 4118 recentem
1516 4078 1579 4116 ac
1609 4064 1816 4116 nudum
1854 4062 2129 4115 hominem

536 4168 666 4207 esse
709 4153 986 4209 Christum
1042 4155 1301 4209 asseruit.
1344 4155 1551 4208 Contra
1576 4152 1815 4208 Joannes
1868 4162 2130 4223 perpetuo

546 4244 716 4300 fuisse
748 4243 1007 4311 Verbum,
1044 4253 1207 4315 atque
1237 4237 1269 4300 'e
1302 4246 1443 4299 caelo
1480 4244 1786 4314 delapsum,
1821 4252 1875 4298 et
1908 4260 2127 4299 carnem

543 4353 665 4393 esse
704 4338 906 4391 factum
931 4339 1267 4407 pronuntiat.
1298 4337 1569 4404 Quocirca
1603 4337 1785 4391 statim
1814 4334 1964 4390 aditu
2008 4337 2129 4406 ipso

545 4429 1001 4499 deprehenditur,
1037 4446 1233 4484 vanam
1267 4432 1501 4485 istorum
1542 4429 1921 4483 calumniandi
1963 4429 2132 4483 licen-

2217 1960 2313 2031 τὴν
2366 1957 2529 2012 αὐτοῦ
2589 1955 2974 2025 Ἀποκάλυψιν.
3036 1955 3147 2009 Kal
3203 1955 3251 2006 εί
3301 1953 3398 2023 μὲν
3436 1950 3678 2021 ἐδέχοντο
3727 1947 3793 2000 τὸ

2222 2051 2551 2120 Εὐαγγέλιον
2584 2049 2693 2118 (15)
2717 2089 2733 2114 ,
2768 2050 2869 2121 τὴν
2908 2049 2965 2101 δὲ
3010 2045 3376 2114 ’Δποκάλυψιν
3404 2041 3791 2104 ἀπεϐἀλλοντο,

2220 2144 2478 2214 ἐλέγομεν
2506 2143 2593 2207 ἀν,
2635 2142 2713 2213 μὴ
2770 2141 2847 2211 πῆ
2892 2142 3002 2212 ἄρα
3046 2140 3187 2195 κατά
3217 2136 3600 2209 ἀκριϐολογίαν
3636 2132 3797 2187 τοῦτο

2220 2236 2533 2297 ποιοῦνται,
2602 2234 2917 2304 ἀπόκρυφον
2965 2232 3039 2303 μὴ
3072 2231 3380 2302 δεχόμενοι,
3410 2227 3500 2281 διὰ
3538 2226 3605 2279 τὰ
3641 2226 3698 2277 ὲν
3722 2226 3794 2295 τῇ

2234 2325 2596 2395 Ἀποκαλύψει
2630 2323 2840 2395 βαθέως
2872 2325 2966 2377 καὶ
2991 2321 3279 2383 σκοτεινῶς
3308 2317 3570 2389 εἰρημένα
3592 2333 3606 2347 ο
3633 2318 3796 2368 ὁπότε

2220 2422 2278 2476 δὲ
2318 2422 2379 2474 οὑ
2436 2420 2682 2491 δέχονται
2720 2418 2878 2487 φύσει
2921 2416 2989 2469 τά
3021 2415 3201 2487 βιϐλία
3247 2412 3317 2467 τὰ
3366 2411 3473 2465 ἀπὸ
3508 2408 3601 2462 τοῦ
3638 2408 3796 2475 ἁγίου

2234 2514 2480 2567 Ἰωάννου
2519 2512 2905 2583 κεκηρυγμένα
2931 2552 2946 2575 ,
2990 2508 3151 2562 παντί
3205 2525 3284 2578 τῳ
3330 2504 3487 2575 δῆλον
3536 2502 3657 2571 εἴη,
3713 2500 3799 2552 ὅτι

2222 2598 2366 2657 οὗτοί
2423 2606 2529 2657 είσι
2584 2604 2677 2656 καὶ
2715 2605 2763 2655 οἱ
2794 2604 2969 2673 ὅμοιοι
3017 2599 3256 2662 τούτοις,
3294 2594 3421 2665 περὶ¹
3456 2587 3530 2646 ὧν
3586 2587 3733 2643 εἶπεν
3768 2590 3799 2642 ό

2224 2696 2377 2763 ἀγιος
2418 2695 2672 2765 Ἰωάννης
2724 2695 2782 2746 έν
2818 2696 2937 2756 ταῖς
2968 2690 3282 2752 καθολικαῖς
3314 2685 3653 2747 Ἐπιστολαῖς
3672 2724 3686 2747 ,
3716 2683 3799 2735 ὅτι

2237 2786 2498 2857 Ἐσχάτη
2523 2786 2644 2856 ὥρα
2686 2786 2840 2851 ἐστὶ,
2897 2784 2997 2838 καί
3027 2784 3347 2852 ἠκούσατε,
3379 2779 3469 2833 ὅτι
3510 2778 3798 2843 'Art'xpt-

2225 2896 2370 2943 στος
2400 2880 2663 2946 ἕρχεται·
2689 2878 2785 2930 καὶ
2818 2876 2934 2930 νῦν
2968 2874 3095 2928 ὶδοὺ
3132 2873 3501 2940 ἀντίχριστοι
3556 2864 3795 2923 πολλοὶ.

2227 2971 2319 3023 καὶ
2344 2971 2410 3023 τά
2441 2969 2588 3039 ἑξῆς.
2622 2969 3056 3041 Προφασίζονται
3089 2965 3196 3037 γὰρ
3223 2959 3389 3026 οῦτοι,
3425 2959 3800 3030 αἰσχυνέμενοι

2226 3060 2525 3128 ἀντιλέγειν
2568 3059 2647 3129 τῷ
2678 3060 2817 3130 ἁγίῳ
2867 3058 3084 3129 Ἰωάννη
3133 3056 3222 3110 διὰ
3268 3054 3330 3107 τὸ
3379 3052 3576 3106 εἰδέναι
3608 3049 3802 3111 αὐτοὺς

2228 3152 2320 3205 καὶ
2360 3150 2521 3204 αὐτὸν
2548 3153 2605 3203 ὲν
2632 3150 2852 3222 ἀριθμῷ
2876 3150 2983 3202 τῶν
3013 3146 3329 3202 ἀποστόλων
3358 3145 3507 3209 ὄντα,
3542 3142 3635 3195 καὶ
3662 3142 3803 3208 ήγα-

2226 3242 2470 3313 πημένον
2508 3243 2613 3295 ὑπὸ
2659 3242 2752 3296 τοῦ
2793 3241 3000 3310 Κυρίου
3033 3257 3047 3270 ·
3088 3239 3147 3303 ὃς
3188 3237 3353 3303 ἀξίως
3403 3235 3474 3289 τὰ
3533 3233 3806 3305 μυστήρια

2225 3334 2542 3404 ἀπεκάλυψε
2567 3374 2583 3397 ,
2618 3336 2714 3387 καὶ
2746 3335 2837 3387 ἐπὶ
2874 3334 2934 3386 τὸ
2967 3332 3160 3403 στῆθος
3207 3329 3371 3384 αὐτοῦ
3411 3328 3663 3383 ἀνέπεσε.
3695 3324 3809 3377 Καὶ

2230 3429 2432 3499 ἑτέρως
2484 3427 2624 3481 αὑτά
2676 3425 3002 3496 ἀνατρέπειν
3054 3422 3377 3494 πειρῶνται.
3418 3419 3649 3488 Λέγουσι
3699 3416 3809 3487 γὰρ

2232 3521 2305 3590 μὴ
2340 3514 2478 3573 εἷναι
2531 3519 2671 3573 αῦτά
2710 3518 2956 3571 Ἰωάννου
2984 3556 2997 3580 ,
3033 3514 3169 3569 ἀλλά
3221 3512 3497 3584 Κηρίνθου
3521 3526 3536 3541 ·
3579 3510 3672 3563 καὶ
3709 3508 3810 3560 οὐκ

2227 3611 2356 3676 ἀξια
2394 3612 2533 3665 αὑτά
2562 3628 2726 3679 φασιν
2758 3605 2895 3663 εἶναι
2929 3611 2987 3659 ὲν
3036 3606 3352 3677 Ἐκκλησία.

2260 3768 2261 3773 η
2299 3701 2374 3754 Δ’.
2418 3702 2528 3754 Καὶ
2551 3701 2645 3753 ἀπ’
2678 3700 2850 3769 αὐτῆς
2873 3700 2969 3769 τῆς
3000 3698 3257 3768 ἐπιϐολῆς
3288 3696 3451 3759 εὐθὺς
3476 3694 3810 3763 ἐλέγχονται,

2234 3796 2371 3865 μήτε
2410 3794 2447 3847 ἀ
2478 3793 2728 3862 λέγουσιν
2760 3790 3039 3855 νοοῦντες,
3072 3792 3211 3862 μήτε
3249 3790 3379 3861 περί⁵
3426 3788 3586 3841 τίνων
3628 3786 3814 3839 διαϐε-

2230 3880 2528 3933 ϐαιοῦνται.
2561 3880 2685 3942 Πῶς
2711 3879 2819 3951 γάρ
2847 3879 2999 3931 ἔσται
3034 3877 3309 3949 Κηρίνθου
3341 3876 3409 3931 τά
3437 3877 3581 3930 κατὰ
3611 3875 3814 3945 Κηρίν-

2231 3972 2324 4025 θου
2381 3972 2646 4040 λέγοντα;
2693 3971 2966 4042 Κήρινθος
3012 3971 3121 4041 γὰρ
3169 3972 3480 4043 πρόσφατον
3534 3970 3628 4022 καὶ
3659 3967 3814 4035 ψιλὸν

2227 4064 2320 4116 τὸν
2350 4064 2584 4135 Χριστὸν
2616 4064 2729 4133 ἔχει
2762 4064 3069 4134 ἄνθρωπον.
3112 4064 3170 4115 '0
3212 4063 3268 4116 δὲ
3317 4062 3569 4130 Ἰωάννης
3605 4060 3693 4113 ἀεὶ⁵
3723 4060 3814 4111 ὃν-

2230 4174 2298 4209 τα
2338 4156 2428 4208 τὸν
2476 4155 2646 4223 Λόγον
2690 4156 2996 4225 κεκήρυχε,
3046 4153 3143 4207 καὶ
3186 4153 3392 4207 ἀνωθεν
3430 4154 3631 4224 ἥκοντα
3659 4189 3673 4210 ,
3722 4149 3815 4202 καὶ

2233 4246 2605 4319 σαρκωθέντα.
2649 4247 2767 4298 Ἀπ’
2794 4247 2962 4317 αὐτῆς
2986 4246 3165 4299 τοίνυν
3190 4246 3292 4315 τῆς
3320 4244 3569 4313 εἰσϐολῆς
3594 4242 3818 4313 έλήλεγ-

2233 4353 2359 4389 κται
2399 4338 2432 4407 ή
2487 4336 2691 4388 τούτων
2744 4336 3280 4405 ματαιοσυκοφαντία
3321 4333 3500 4406 μωρία
3530 4350 3614 4396 τις
3657 4328 3814 4393 οὖσα,

2235 4425 2329 4477 καὶ
2368 4425 2442 4495 μὴ
2491 4423 2688 4477 νοοῦσα
2727 4424 2889 4477 πόθεν
2926 4423 3280 4493 διελέγχεται.
3315 4420 3542 4475 Δοκοῦσι
3569 4421 3677 4491 γὰρ
3721 4420 3820 4472 καὶ

541 4523 676 4577 tiam
701 4538 905 4577 meram
936 4538 1057 4577 esse
1081 4523 1392 4586 stultitiam,
1423 4538 1524 4578 nec
1547 4523 1692 4578 unde
1720 4522 1972 4594 redargui
1999 4541 2117 4594 pos-

2236 4516 2389 4570 αὐτοὶ
2419 4516 2490 4569 τὰ
2539 4516 2630 4571 ῐσα
2678 4518 2809 4587 ἡμῖν
2842 4515 3118 4597 πιστεύειν
3138 4531 3151 4544 ’
3198 4516 3272 4586 μὴ
3304 4514 3624 4584 κατέχοντες
3648 4513 3703 4565 δὲ
3750 4511 3821 4565 τὰ

544 4615 621 4670 sit
650 4615 785 4671 satis
824 4616 1293 4680 animadvertere;
1333 4630 1457 4669 nam
1496 4616 1573 4669 illi
1608 4616 1890 4670 nobiscum
1931 4616 2117 4686 alioqu?

2237 4608 2451 4679 ἀσφαλῆ
2501 4607 2595 4662 τοῦ
2646 4610 2710 4662 ὲκ
2755 4607 2889 4661 Θεοῦ
2939 4608 3380 4679 οίκονομηθέντος
3420 4609 3551 4678 ἡμῖν
3602 4604 3691 4658 διά
3722 4605 3819 4657 τοῦ

544 4708 737 4762 eadem
772 4723 837 4763 ac
868 4709 1021 4777 paria
1060 4710 1263 4764 sentire
1292 4708 1565 4762 videntur.
1605 4707 1711 4763 Sed
1744 4724 1866 4762 cum
1903 4707 1970 4761 ad
2007 4710 2126 4778 ejus

548 4794 838 4861 doctrinae,
874 4812 1036 4867 quam
1081 4814 1174 4868 per
1198 4797 1419 4852 beatum
1453 4796 1717 4851 Joannem
1759 4797 1941 4851 divina
1975 4799 2134 4854 nobis

548 4888 818 4959 sapientia
848 4886 1106 4957 providit,
1153 4885 1479 4942 soliditatem
1524 4902 1865 4957 nequaquam
1896 4885 2138 4941 adhaere-

547 4990 728 5042 scant,
753 4980 807 5035 in
830 4980 897 5034 iis
924 4994 1044 5049 qua:
1073 4979 1325 5034 nesciunt
1354 4988 1545 5032 contra
1570 4981 1815 5034 veritatis
1840 4980 2124 5034 scientiam

549 5067 852 5123 insolenter
876 5067 997 5122 illos
1031 5066 1209 5121 efferri
1241 5068 1647 5139 cognoscimus.
1677 5071 1853 5139 Atque
1878 5070 1980 5126 hoc
2009 5071 2137 5141 ipsi-

550 5168 666 5214 mct
713 5160 1013 5230 intelligere
1053 5168 1351 5230 poterunt,
1394 5161 1439 5215 si
1476 5162 1799 5231 resipiscere
1832 5163 1993 5217 modo
2022 5203 2038 5226 ,
2070 5178 2133 5218 ac

552 5259 792 5307 mentem
850 5252 1132 5307 advertere
1178 5252 1471 5307 voluerint.
1513 5252 1625 5309 Nos
1666 5253 1811 5307 enim
1852 5269 1916 5307 ea
1951 5254 2133 5308 moni-

552 5352 736 5399 menta
768 5341 967 5413 quibus
1000 5342 1239 5414 Spiritus
1290 5345 1465 5399 sancti
1517 5344 1766 5398 doctrina
1800 5344 2133 5412 continetur,

549 5453 677 5507 quae
704 5436 924 5507 quidem
948 5437 1052 5493 fide
1081 5437 1265 5509 digna,
1296 5437 1633 5507 probataque
1664 5438 1797 5503 sint,
1832 5436 1984 5492 nullo
2013 5451 2133 5491 mo-

624 5592 646 5625 ¹
675 5591 695 5647 l
721 5593 881 5649 Joan.
912 5609 971 5660 ιι,
1014 5593 1101 5650 18.
1176 5597 1196 5628 ¹
1228 5595 1249 5647 ι
1280 5592 1421 5649 Tim.
1455 5611 1495 5658 I,
1532 5594 1585 5647 7.

2239 4702 2394 4769 ἁγίου
2464 4703 2710 4755 Ἰωάννου
2749 4700 3133 4772 κηρύγματος,
3176 4700 3562 4771 εὑρεθήσονται
3612 4698 3821 4766 διελεγ-

2240 4795 2458 4864 χόμενοι
2481 4795 2537 4847 ὲν
2574 4787 2654 4856 οἷς
2679 4792 2953 4862 ἀγνοοῦσι,
2984 4793 3100 4856 πῶς
3130 4794 3268 4846 κατά
3296 4793 3395 4863 τὴν
3419 4790 3520 4860 τῆς
3562 4789 3823 4860 ἀληθείας

2242 4886 2558 4957 ἐπαίρονται
2589 4885 2808 4953 γνῶσιν.
2843 4886 2953 4937 Kal
2982 4885 3076 4938 ὲάν
3104 4902 3168 4953 γε
3199 4884 3496 4955 θελήσωσιν
3526 4882 3819 4951 ἀνανῆψαι,

2239 4978 2334 5032 καὶ
2365 4978 2719 5047 κατανοῆσαι,
2750 4974 3068 5045 γνώσονται.
3108 4976 3299 5045 Ἡμεῖς
3325 4973 3434 5045 γάρ
3462 4974 3559 5036 τὰς
3588 4970 3698 5025 ἀπὸ
3728 4968 3822 5024 τοῦ

2239 5069 2395 5138 ἁγίου
2441 5068 2754 5140 Πνεύματος
2794 5069 3143 5132 διδασκαλίας
3192 5066 3485 5134 ἀξιολόγως
3515 5064 3610 5117 καὶ
3642 5064 3823 5131 ita?”

2230 5160 2507 5230 λισμένως
2533 5159 2698 5224 οὔσας
2720 5161 2821 5214 οὑκ
2849 5159 3234 5229 ἀποϐάλοιμεν.
3260 5157 3535 5210 Φάσκουσι
3562 5154 3672 5224 γάρ
3699 5152 3823 5205 καθ’

2240 5252 2447 5305 ἑαυτῶν
2467 5291 2481 5314 ,
2532 5254 2592 5306 οὐ
2640 5252 2748 5323 γάρ
2781 5252 2989 5322 εἴποιμι
3026 5251 3168 5305 κατὰ
3199 5249 3300 5320 τῆς
3329 5247 3614 5319 ἀληθείας,
3650 5246 3733 5298 ὅτι
3760 5243 3823 5296 οὐ

2242 5345 2521 5415 συμφωνεῖ
2561 5345 2629 5397 τὰ
2661 5344 2825 5398 αὐτοῦ
2862 5344 3043 5416 βιϐλία
3094 5345 3207 5406 τοῖς
3238 5342 3447 5404 λοιποῖς
3478 5335 3820 5398 ἀποστόλοις.

2242 5438 2353 5491 Kal
2399 5435 2615 5491 δοκοῦσι
2650 5436 2836 5491 λοιπὸν
2885 5434 3352 5507 ἐπιλαμϐάνεσθαι
3389 5432 3491 5504 τῆς
3536 5429 3697 5497 ἁγίας
3726 5426 3825 5480 καὶ

633 5751 749 5819 (ιδ)
785 5750 894 5804 Καί
933 5752 986 5805 ει
1018 5750 1135 5820 μὲν
1158 5711 1440 5820 ἐδέχοντο
1468 5749 1535 5803 τὸ
1570 5750 1960 5819 murram.
1998 5747 2117 5805 Nan

2224 5746 2579 5820 :Apocalypsi
2636 5743 2885 5802 nonnihil
2935 5740 3323 5814 aquibusdam
3378 5737 3710 5803 dubitatum,
3754 5729 3827 5791 do

553 5836 670 5890 quo
700 5828 957 5877 accurate
990 5822 1043 5875 in
1076 5823 1214 5875 Ann.
1248 5820 1425 5875 Bai-ou
1460 5860 1473 5885 ,
1505 5822 1569 5873 A.
1601 5820 1662 5893 ti.
1702 5822 1790 5877 97.
