  <div class='ocr_page' id='page_1' title='image "/cluster/home/n/w/nwhite01/storage/ocr_20150623/41/nnc1.0046978747/490.png"; bbox 0 0 4186 6374; ppageno 0'>
   <div class='ocr_carea' id='block_1_1' title="bbox 442 318 551 375">
    <p class='ocr_par' dir='ltr' id='par_1_1' title="bbox 442 318 551 375">
     <span class='ocr_line' id='line_1_1' title="bbox 442 318 551 375; baseline 0 0"><span class='ocrx_word' id='word_1_1' title='bbox 442 318 551 375; x_wconf 75' lang='lat'><strong>895</strong></span> 
     </span>
    </p>
   </div>
   <div class='ocr_carea' id='block_1_2' title="bbox 1103 317 2950 411">
    <p class='ocr_par' dir='ltr' id='par_1_2' title="bbox 1103 317 2950 411">
     <span class='ocr_line' id='line_1_2' title="bbox 1103 317 2950 411; baseline 0.006 -37"><span class='ocrx_word' id='word_1_2' title='bbox 1103 317 1485 377; x_wconf 79' lang='lat' dir='ltr'><strong>ADVERSUS</strong></span> <span class='ocrx_word' id='word_1_3' title='bbox 1518 319 1864 411; x_wconf 64' lang='grc' dir='ltr'><strong>ΗΕΒΕὸΕὸ</strong></span> <span class='ocrx_word' id='word_1_4' title='bbox 1898 322 2028 380; x_wconf 85' lang='lat' dir='ltr'><strong>LIB.</strong></span> <span class='ocrx_word' id='word_1_5' title='bbox 2065 323 2130 380; x_wconf 90' lang='grc'><strong>11.</strong></span> <span class='ocrx_word' id='word_1_6' title='bbox 2171 325 2337 383; x_wconf 79' lang='lat' dir='ltr'><strong>TOM.</strong></span> <span class='ocrx_word' id='word_1_7' title='bbox 2378 328 2507 383; x_wconf 91' lang='grc'><strong>1.-</strong></span> <span class='ocrx_word' id='word_1_8' title='bbox 2546 326 2821 385; x_wconf 71' lang='grc' dir='ltr'><strong>ΗΑΞΒΕὸ.</strong></span> <span class='ocrx_word' id='word_1_9' title='bbox 2862 330 2950 387; x_wconf 82' lang='lat' dir='ltr'><strong>LI.</strong></span> 
     </span>
    </p>
   </div>
   <div class='ocr_carea' id='block_1_3' title="bbox 3590 340 3699 399">
    <p class='ocr_par' dir='ltr' id='par_1_3' title="bbox 3590 340 3699 399">
     <span class='ocr_line' id='line_1_3' title="bbox 3590 340 3699 399; baseline 0 0"><span class='ocrx_word' id='word_1_10' title='bbox 3590 340 3699 399; x_wconf 74' lang='grc' dir='ltr'><strong>εει</strong></span> 
     </span>
    </p>
   </div>
   <div class='ocr_carea' id='block_1_4' title="bbox 441 433 2017 522">
    <p class='ocr_par' dir='ltr' id='par_1_4' title="bbox 441 433 2017 509">
     <span class='ocr_line' id='line_1_4' title="bbox 441 433 2017 509; baseline 0.006 -22"><span class='ocrx_word' id='word_1_11' title='bbox 441 433 626 488; x_wconf 71' lang='grc' dir='ltr'><em>ἐνθέου</em></span> <span class='ocrx_word' id='word_1_12' title='bbox 656 433 1025 499; x_wconf 81' lang='grc' dir='ltr'><em>διδασκαλίας.</em></span> <span class='ocrx_word' id='word_1_13' title='bbox 1052 437 1162 491; x_wconf 80' lang='grc' dir='ltr'><strong>Καὶ</strong></span> <span class='ocrx_word' id='word_1_14' title='bbox 1201 438 1271 502; x_wconf 90' lang='grc' dir='ltr'><strong>τί,</strong></span> <span class='ocrx_word' id='word_1_15' title='bbox 1310 438 1496 509; x_wconf 76' lang='grc' dir='ltr'><em>φησὶν,</em></span> <span class='ocrx_word' id='word_1_16' title='bbox 1525 433 1713 507; x_wconf 79' lang='grc' dir='ltr'><em>εἶπεν;</em></span> <span class='ocrx_word' id='word_1_17' title='bbox 1746 440 1870 494; x_wconf 87' lang='grc' dir='ltr'><em>Ὅτι</em></span> <span class='ocrx_word' id='word_1_18' title='bbox 1925 441 2017 496; x_wconf 81' lang='grc' dir='ltr'><strong>Ἐν</strong></span> 
     </span>
    </p>
   </div>
   <div class='ocr_carea' id='block_1_5' title="bbox 2115 433 3698 522">
    <p class='ocr_par' dir='ltr' id='par_1_5' title="bbox 2123 445 3698 522">
     <span class='ocr_line' id='line_1_5' title="bbox 2123 445 3698 522; baseline 0.008 -24"><span class='ocrx_word' id='word_1_19' title='bbox 2123 445 2197 500; x_wconf 91' lang='lat' dir='ltr'><strong>do</strong></span> <span class='ocrx_word' id='word_1_20' title='bbox 2228 446 2530 516; x_wconf 87' lang='lat' dir='ltr'><strong>rejicimus.</strong></span> <span class='ocrx_word' id='word_1_21' title='bbox 2561 447 2633 500; x_wconf 81' lang='lat' dir='ltr'><strong>At</strong></span> <span class='ocrx_word' id='word_1_22' title='bbox 2679 448 2758 501; x_wconf 86' lang='lat' dir='ltr'><strong>illi</strong></span> <span class='ocrx_word' id='word_1_23' title='bbox 2786 456 2978 503; x_wconf 87' lang='lat' dir='ltr'><strong>contra</strong></span> <span class='ocrx_word' id='word_1_24' title='bbox 3009 463 3068 504; x_wconf 81' lang='lat' dir='ltr'><strong>se</strong></span> <span class='ocrx_word' id='word_1_25' title='bbox 3093 449 3277 519; x_wconf 92' lang='lat' dir='ltr'><strong>potius</strong></span> <span class='ocrx_word' id='word_1_26' title='bbox 3304 467 3467 522; x_wconf 86' lang='lat' dir='ltr'><strong>quam</strong></span> <span class='ocrx_word' id='word_1_27' title='bbox 3504 462 3698 510; x_wconf 78' lang='lat' dir='ltr'><strong>contra</strong></span> 
     </span>
    </p>
   </div>
   <div class='ocr_carea' id='block_1_6' title="bbox 440 525 2020 601">
    <p class='ocr_par' dir='ltr' id='par_1_6' title="bbox 440 525 2020 601">
     <span class='ocr_line' id='line_1_6' title="bbox 440 525 2020 601; baseline 0.004 -20"><span class='ocrx_word' id='word_1_28' title='bbox 440 525 599 595; x_wconf 77' lang='grc' dir='ltr'><em>ἀρχῇ</em></span> <span class='ocrx_word' id='word_1_29' title='bbox 632 527 714 596; x_wconf 81' lang='grc' dir='ltr'><strong>ἦν</strong></span> <span class='ocrx_word' id='word_1_30' title='bbox 755 530 790 581; x_wconf 83' lang='grc' dir='ltr'><em>ὁ</em></span> <span class='ocrx_word' id='word_1_31' title='bbox 838 527 1064 597; x_wconf 76' lang='grc' dir='ltr'><em>Λόγος,</em></span> <span class='ocrx_word' id='word_1_32' title='bbox 1117 529 1216 582; x_wconf 79' lang='grc' dir='ltr'><em>καὶ</em></span> <span class='ocrx_word' id='word_1_33' title='bbox 1262 533 1296 583; x_wconf 83' lang='grc' dir='ltr'><strong>ό</strong></span> <span class='ocrx_word' id='word_1_34' title='bbox 1342 531 1533 600; x_wconf 89' lang='grc' dir='ltr'><em>Λόγος</em></span> <span class='ocrx_word' id='word_1_35' title='bbox 1577 527 1659 599; x_wconf 80' lang='grc' dir='ltr'><strong>ἦν</strong></span> <span class='ocrx_word' id='word_1_36' title='bbox 1707 533 1859 601; x_wconf 77' lang='grc' dir='ltr'><em>πρὸς</em></span> <span class='ocrx_word' id='word_1_37' title='bbox 1911 533 2020 589; x_wconf 77' lang='grc' dir='ltr'><em>τὸν</em></span> 
     </span>
    </p>
   </div>
   <div class='ocr_carea' id='block_1_7' title="bbox 442 616 2021 695">
    <p class='ocr_par' dir='ltr' id='par_1_7' title="bbox 442 616 2021 695">
     <span class='ocr_line' id='line_1_7' title="bbox 442 616 2021 695; baseline 0.005 -24"><span class='ocrx_word' id='word_1_38' title='bbox 442 616 631 686; x_wconf 79' lang='grc' dir='ltr'><em>Θεὸν,</em></span> <span class='ocrx_word' id='word_1_39' title='bbox 678 619 778 672; x_wconf 80' lang='grc' dir='ltr'><em>καὶ</em></span> <span class='ocrx_word' id='word_1_40' title='bbox 828 620 971 687; x_wconf 86' lang='grc' dir='ltr'><strong>Θεὸς</strong></span> <span class='ocrx_word' id='word_1_41' title='bbox 1006 618 1086 691; x_wconf 81' lang='grc' dir='ltr'><strong>ἦν</strong></span> <span class='ocrx_word' id='word_1_42' title='bbox 1137 625 1171 675; x_wconf 83' lang='grc' dir='ltr'><em>ὀ</em></span> <span class='ocrx_word' id='word_1_43' title='bbox 1206 623 1432 693; x_wconf 86' lang='grc' dir='ltr'><em>Λόγος·</em></span> <span class='ocrx_word' id='word_1_44' title='bbox 1472 623 1565 677; x_wconf 77' lang='grc' dir='ltr'><em>καὶ</em></span> <span class='ocrx_word' id='word_1_45' title='bbox 1617 625 1699 677; x_wconf 83' lang='grc' dir='ltr'><em>ὃτι</em></span> <span class='ocrx_word' id='word_1_46' title='bbox 1748 625 1800 677; x_wconf 90' lang='grc' dir='ltr'><strong><em>Ὁ</em></strong></span> <span class='ocrx_word' id='word_1_47' title='bbox 1829 625 2021 695; x_wconf 86' lang='grc' dir='ltr'><em>Λόγος</em></span> 
     </span>
    </p>
   </div>
   <div class='ocr_carea' id='block_1_8' title="bbox 438 709 2021 786">
    <p class='ocr_par' dir='ltr' id='par_1_8' title="bbox 438 709 2021 786">
     <span class='ocr_line' id='line_1_8' title="bbox 438 709 2021 786; baseline 0.006 -25"><span class='ocrx_word' id='word_1_48' title='bbox 438 709 597 777; x_wconf 80' lang='grc' dir='ltr'><em>σὰρξ</em></span> <span class='ocrx_word' id='word_1_49' title='bbox 633 710 870 780; x_wconf 83' lang='grc' dir='ltr'><em>ἐγένετο</em></span> <span class='ocrx_word' id='word_1_50' title='bbox 895 752 910 776; x_wconf 92' lang='grc'><strong>,</strong></span> <span class='ocrx_word' id='word_1_51' title='bbox 950 714 1047 768; x_wconf 77' lang='grc' dir='ltr'><strong>καὶ</strong></span> <span class='ocrx_word' id='word_1_52' title='bbox 1088 716 1559 784; x_wconf 79' lang='grc' dir='ltr'><strong>κατεσκήνωσεν</strong></span> <span class='ocrx_word' id='word_1_53' title='bbox 1598 717 1667 770; x_wconf 80' lang='grc' dir='ltr'><strong>ἐν</strong></span> <span class='ocrx_word' id='word_1_54' title='bbox 1708 717 1852 786; x_wconf 74' lang='grc' dir='ltr'><em>ἡμῖν</em></span> <span class='ocrx_word' id='word_1_55' title='bbox 1872 736 1884 748; x_wconf 93' lang='grc'><strong>·</strong></span> <span class='ocrx_word' id='word_1_56' title='bbox 1921 719 2021 771; x_wconf 77' lang='grc' dir='ltr'><em>καὶ</em></span> 
     </span>
    </p>
   </div>
   <div class='ocr_carea' id='block_1_9' title="bbox 436 798 2020 880">
    <p class='ocr_par' dir='ltr' id='par_1_9' title="bbox 436 798 2020 880">
     <span class='ocr_line' id='line_1_9' title="bbox 436 798 2020 880; baseline 0.007 -27"><span class='ocrx_word' id='word_1_57' title='bbox 436 802 677 870; x_wconf 79' lang='grc' dir='ltr'><strong>εἴδομεν</strong></span> <span class='ocrx_word' id='word_1_58' title='bbox 701 803 816 872; x_wconf 75' lang='grc' dir='ltr'><em>τὴν</em></span> <span class='ocrx_word' id='word_1_59' title='bbox 849 804 1037 869; x_wconf 81' lang='grc' dir='ltr'><em>δόξαν</em></span> <span class='ocrx_word' id='word_1_60' title='bbox 1068 806 1284 873; x_wconf 85' lang='grc' dir='ltr'><em>αὑτοῦ,</em></span> <span class='ocrx_word' id='word_1_61' title='bbox 1313 798 1502 871; x_wconf 80' lang='grc' dir='ltr'><em>δόξαν</em></span> <span class='ocrx_word' id='word_1_62' title='bbox 1529 809 1609 873; x_wconf 86' lang='grc' dir='ltr'><em>ὡς</em></span> <span class='ocrx_word' id='word_1_63' title='bbox 1640 811 2020 880; x_wconf 74' lang='grc' dir='ltr'><em>Μονογενοῦς</em></span> 
     </span>
    </p>
   </div>
   <div class='ocr_carea' id='block_1_10' title="bbox 437 891 2020 968">
    <p class='ocr_par' dir='ltr' id='par_1_10' title="bbox 437 891 2020 968">
     <span class='ocr_line' id='line_1_10' title="bbox 437 891 2020 968; baseline 0.008 -25"><span class='ocrx_word' id='word_1_64' title='bbox 437 891 597 959; x_wconf 80' lang='grc' dir='ltr'><strong>παρά</strong></span> <span class='ocrx_word' id='word_1_65' title='bbox 621 894 870 960; x_wconf 77' lang='grc' dir='ltr'><strong>Πατρός,</strong></span> <span class='ocrx_word' id='word_1_66' title='bbox 904 897 1141 963; x_wconf 79' lang='grc' dir='ltr'><strong>πλήρης</strong></span> <span class='ocrx_word' id='word_1_67' title='bbox 1172 897 1412 966; x_wconf 82' lang='grc' dir='ltr'><em>χάριτος</em></span> <span class='ocrx_word' id='word_1_68' title='bbox 1443 898 1544 952; x_wconf 76' lang='grc' dir='ltr'><em>καὶ</em></span> <span class='ocrx_word' id='word_1_69' title='bbox 1568 900 1855 968; x_wconf 83' lang='grc' dir='ltr'><strong>ἀληθείας</strong></span> <span class='ocrx_word' id='word_1_70' title='bbox 1876 917 1890 930; x_wconf 83' lang='grc'><em>’</em></span> <span class='ocrx_word' id='word_1_71' title='bbox 1925 901 2020 954; x_wconf 78' lang='grc' dir='ltr'><em>καὶ</em></span> 
     </span>
    </p>
   </div>
   <div class='ocr_carea' id='block_1_11' title="bbox 437 981 2021 1061">
    <p class='ocr_par' dir='ltr' id='par_1_11' title="bbox 437 981 2021 1061">
     <span class='ocr_line' id='line_1_11' title="bbox 437 981 2021 1061; baseline 0.008 -27"><span class='ocrx_word' id='word_1_72' title='bbox 437 981 638 1045; x_wconf 78' lang='grc' dir='ltr'><em>εὐθέως</em></span> <span class='ocrx_word' id='word_1_73' title='bbox 661 1000 675 1012; x_wconf 69' lang='grc'><strong>⁸</strong></span> <span class='ocrx_word' id='word_1_74' title='bbox 714 984 768 1036; x_wconf 93' lang='lat'><strong>&#39;0</strong></span> <span class='ocrx_word' id='word_1_75' title='bbox 817 984 1088 1053; x_wconf 80' lang='grc' dir='ltr'><strong>Ἰωάννης</strong></span> <span class='ocrx_word' id='word_1_76' title='bbox 1115 988 1437 1057; x_wconf 81' lang='grc' dir='ltr'><em>μαρτυρεῖ,</em></span> <span class='ocrx_word' id='word_1_77' title='bbox 1472 990 1568 1043; x_wconf 82' lang='grc' dir='ltr'><em>καὶ</em></span> <span class='ocrx_word' id='word_1_78' title='bbox 1609 991 1880 1061; x_wconf 78' lang='grc' dir='ltr'><strong>κέκραγε,</strong></span> <span class='ocrx_word' id='word_1_79' title='bbox 1914 991 2021 1054; x_wconf 54' lang='grc' dir='ltr'><strong>λέέ</strong></span> 
     </span>
    </p>
   </div>
   <div class='ocr_carea' id='block_1_12' title="bbox 440 1073 2018 1151">
    <p class='ocr_par' dir='ltr' id='par_1_12' title="bbox 440 1073 2018 1151">
     <span class='ocr_line' id='line_1_12' title="bbox 440 1073 2018 1151; baseline 0.007 -24"><span class='ocrx_word' id='word_1_80' title='bbox 440 1093 591 1145; x_wconf 74' lang='grc' dir='ltr'><em>γωνο</em></span> <span class='ocrx_word' id='word_1_81' title='bbox 645 1075 734 1129; x_wconf 83' lang='grc' dir='ltr'><em>ὅτι</em></span> <span class='ocrx_word' id='word_1_82' title='bbox 779 1073 966 1143; x_wconf 82' lang='grc' dir='ltr'><em>Οὗτός</em></span> <span class='ocrx_word' id='word_1_83' title='bbox 1014 1080 1217 1143; x_wconf 85' lang='grc' dir='ltr'><em>ἐστιν,</em></span> <span class='ocrx_word' id='word_1_84' title='bbox 1272 1080 1344 1133; x_wconf 82' lang='grc' dir='ltr'><strong>ὃν</strong></span> <span class='ocrx_word' id='word_1_85' title='bbox 1383 1078 1557 1135; x_wconf 86' lang='grc' dir='ltr'><em>εἷπον</em></span> <span class='ocrx_word' id='word_1_86' title='bbox 1592 1082 1768 1151; x_wconf 72' lang='grc' dir='ltr'><strong>ὐμῐνο</strong></span> <span class='ocrx_word' id='word_1_87' title='bbox 1804 1085 1897 1136; x_wconf 74' lang='grc' dir='ltr'><em>καὶ</em></span> <span class='ocrx_word' id='word_1_88' title='bbox 1937 1086 2018 1138; x_wconf 86' lang='grc' dir='ltr'><em>ὅτι</em></span> 
     </span>
    </p>
   </div>
   <div class='ocr_carea' id='block_1_13' title="bbox 444 1162 2019 1243">
    <p class='ocr_par' dir='ltr' id='par_1_13' title="bbox 444 1162 2019 1243">
     <span class='ocr_line' id='line_1_13' title="bbox 444 1162 2019 1243; baseline 0.007 -24"><span class='ocrx_word' id='word_1_89' title='bbox 444 1162 632 1231; x_wconf 84' lang='grc' dir='ltr'><em>Οὗτός</em></span> <span class='ocrx_word' id='word_1_90' title='bbox 675 1167 847 1221; x_wconf 82' lang='grc' dir='ltr'><em>ἐστιν</em></span> <span class='ocrx_word' id='word_1_91' title='bbox 894 1173 927 1222; x_wconf 82' lang='grc' dir='ltr'><strong>ό</strong></span> <span class='ocrx_word' id='word_1_92' title='bbox 968 1169 1182 1239; x_wconf 83' lang='grc' dir='ltr'><em>Ἀμνὸς</em></span> <span class='ocrx_word' id='word_1_93' title='bbox 1209 1171 1316 1225; x_wconf 86' lang='grc' dir='ltr'><em>τοῦ</em></span> <span class='ocrx_word' id='word_1_94' title='bbox 1366 1174 1513 1228; x_wconf 84' lang='grc' dir='ltr'><em>Θεοῦ</em></span> <span class='ocrx_word' id='word_1_95' title='bbox 1540 1216 1554 1240; x_wconf 92' lang='grc'><strong>,</strong></span> <span class='ocrx_word' id='word_1_96' title='bbox 1606 1177 1639 1227; x_wconf 83' lang='grc' dir='ltr'><strong>ό</strong></span> <span class='ocrx_word' id='word_1_97' title='bbox 1675 1174 1858 1243; x_wconf 79' lang='grc' dir='ltr'><em>αἴρων</em></span> <span class='ocrx_word' id='word_1_98' title='bbox 1902 1175 2019 1243; x_wconf 81' lang='grc' dir='ltr'><em>τὴν</em></span> 
     </span>
    </p>
   </div>
   <div class='ocr_carea' id='block_1_14' title="bbox 437 1257 2014 1333">
    <p class='ocr_par' dir='ltr' id='par_1_14' title="bbox 437 1257 2014 1333">
     <span class='ocr_line' id='line_1_14' title="bbox 437 1257 2014 1333; baseline 0.006 -24"><span class='ocrx_word' id='word_1_99' title='bbox 437 1257 729 1325; x_wconf 80' lang='grc' dir='ltr'><strong>ἁμαρτίαν</strong></span> <span class='ocrx_word' id='word_1_100' title='bbox 775 1259 880 1312; x_wconf 86' lang='grc' dir='ltr'><strong>τοῦ</strong></span> <span class='ocrx_word' id='word_1_101' title='bbox 919 1261 1171 1328; x_wconf 80' lang='grc' dir='ltr'><strong>κόσμου.</strong></span> <span class='ocrx_word' id='word_1_102' title='bbox 1230 1262 1340 1314; x_wconf 78' lang='grc' dir='ltr'><strong>Καὶ</strong></span> <span class='ocrx_word' id='word_1_103' title='bbox 1387 1262 1625 1332; x_wconf 81' lang='grc' dir='ltr'><em>καθεξῆς</em></span> <span class='ocrx_word' id='word_1_104' title='bbox 1672 1281 1804 1333; x_wconf 85' lang='grc' dir='ltr'><em>φησι</em></span> <span class='ocrx_word' id='word_1_105' title='bbox 1836 1282 1849 1294; x_wconf 80' lang='grc'><em>’</em></span> <span class='ocrx_word' id='word_1_106' title='bbox 1904 1265 2014 1318; x_wconf 81' lang='grc' dir='ltr'><em>Καὶ</em></span> 
     </span>
    </p>
   </div>
   <div class='ocr_carea' id='block_1_15' title="bbox 434 1343 2017 1423">
    <p class='ocr_par' dir='ltr' id='par_1_15' title="bbox 434 1343 2017 1423">
     <span class='ocr_line' id='line_1_15' title="bbox 434 1343 2017 1423; baseline 0.005 -24"><span class='ocrx_word' id='word_1_107' title='bbox 434 1343 609 1401; x_wconf 82' lang='grc' dir='ltr'><em>εἷπον</em></span> <span class='ocrx_word' id='word_1_108' title='bbox 633 1349 792 1414; x_wconf 82' lang='grc' dir='ltr'><em>αὐτῷ</em></span> <span class='ocrx_word' id='word_1_109' title='bbox 822 1352 875 1402; x_wconf 82' lang='grc' dir='ltr'><strong>οἱ</strong></span> <span class='ocrx_word' id='word_1_110' title='bbox 903 1351 1281 1423; x_wconf 66' lang='grc' dir='ltr'><em>ἀκούσαντες</em></span> <span class='ocrx_word' id='word_1_111' title='bbox 1300 1369 1314 1382; x_wconf 67' lang='grc' dir='ltr'><strong>θ</strong></span> <span class='ocrx_word' id='word_1_112' title='bbox 1362 1353 1546 1406; x_wconf 77' lang='grc' dir='ltr'><strong>Ῥαϐϐὶ</strong></span> <span class='ocrx_word' id='word_1_113' title='bbox 1569 1392 1583 1418; x_wconf 92' lang='grc'><strong>,</strong></span> <span class='ocrx_word' id='word_1_114' title='bbox 1627 1354 1744 1407; x_wconf 80' lang='grc' dir='ltr'><em>ποῦ</em></span> <span class='ocrx_word' id='word_1_115' title='bbox 1781 1354 1985 1423; x_wconf 75' lang='grc' dir='ltr'><em>μένεις</em></span> <span class='ocrx_word' id='word_1_116' title='bbox 1996 1371 2017 1418; x_wconf 86' lang='grc'><strong><em>;</em></strong></span> 
     </span>
    </p>
   </div>
   <div class='ocr_carea' id='block_1_16' title="bbox 440 1437 2017 1512">
    <p class='ocr_par' dir='ltr' id='par_1_16' title="bbox 440 1437 2017 1512">
     <span class='ocr_line' id='line_1_16' title="bbox 440 1437 2017 1512; baseline 0.006 -23"><span class='ocrx_word' id='word_1_117' title='bbox 440 1437 589 1507; x_wconf 76' lang='grc' dir='ltr'><em>’Ἅμα</em></span> <span class='ocrx_word' id='word_1_118' title='bbox 617 1438 672 1490; x_wconf 84' lang='grc' dir='ltr'><em>δὲ</em></span> <span class='ocrx_word' id='word_1_119' title='bbox 699 1441 756 1491; x_wconf 84' lang='grc' dir='ltr'><em>ἐν</em></span> <span class='ocrx_word' id='word_1_120' title='bbox 790 1439 999 1509; x_wconf 80' lang='grc' dir='ltr'><strong>ταυτῷ⁹</strong></span> <span class='ocrx_word' id='word_1_121' title='bbox 1048 1440 1126 1509; x_wconf 77' lang='grc' dir='ltr'><em>Τῇ</em></span> <span class='ocrx_word' id='word_1_122' title='bbox 1158 1443 1465 1510; x_wconf 82' lang='grc' dir='ltr'><em>ἐπαύριον,</em></span> <span class='ocrx_word' id='word_1_123' title='bbox 1499 1445 1684 1512; x_wconf 79' lang='grc' dir='ltr'><em>φησὶν,</em></span> <span class='ocrx_word' id='word_1_124' title='bbox 1713 1444 2017 1512; x_wconf 72' lang='grc' dir='ltr'><em>ἠθέλησεν</em></span> 
     </span>
    </p>
   </div>
   <div class='ocr_carea' id='block_1_17' title="bbox 433 1528 2008 1604">
    <p class='ocr_par' dir='ltr' id='par_1_17' title="bbox 433 1528 2008 1604">
     <span class='ocr_line' id='line_1_17' title="bbox 433 1528 2008 1604; baseline 0.005 -23"><span class='ocrx_word' id='word_1_125' title='bbox 433 1528 702 1592; x_wconf 73' lang='grc' dir='ltr'><em>ἐξελθεῖν</em></span> <span class='ocrx_word' id='word_1_126' title='bbox 726 1533 813 1597; x_wconf 87' lang='grc' dir='ltr'><strong>είς</strong></span> <span class='ocrx_word' id='word_1_127' title='bbox 845 1531 959 1600; x_wconf 83' lang='grc' dir='ltr'><em>τὴν</em></span> <span class='ocrx_word' id='word_1_128' title='bbox 985 1534 1339 1603; x_wconf 74' lang='grc' dir='ltr'><em>Γαλιλαίαν,</em></span> <span class='ocrx_word' id='word_1_129' title='bbox 1372 1536 1467 1587; x_wconf 79' lang='grc' dir='ltr'><em>καὶ</em></span> <span class='ocrx_word' id='word_1_130' title='bbox 1499 1538 1765 1604; x_wconf 79' lang='grc' dir='ltr'><em>εὑρίσκει</em></span> <span class='ocrx_word' id='word_1_131' title='bbox 1798 1538 2008 1590; x_wconf 72' lang='grc' dir='ltr'><em>Φίλιπ-</em></span> 
     </span>
    </p>
   </div>
   <div class='ocr_carea' id='block_1_18' title="bbox 436 1620 2011 1699">
    <p class='ocr_par' dir='ltr' id='par_1_18' title="bbox 436 1620 2011 1699">
     <span class='ocr_line' id='line_1_18' title="bbox 436 1620 2011 1699; baseline 0.006 -27"><span class='ocrx_word' id='word_1_132' title='bbox 436 1632 553 1682; x_wconf 49' lang='grc' dir='ltr'><strong>πον</strong></span> <span class='ocrx_word' id='word_1_133' title='bbox 577 1658 591 1682; x_wconf 93' lang='grc'><strong>,</strong></span> <span class='ocrx_word' id='word_1_134' title='bbox 626 1621 722 1673; x_wconf 79' lang='grc' dir='ltr'><strong>καὶ</strong></span> <span class='ocrx_word' id='word_1_135' title='bbox 745 1621 905 1690; x_wconf 85' lang='grc' dir='ltr'><em>λέγει</em></span> <span class='ocrx_word' id='word_1_136' title='bbox 937 1620 1097 1686; x_wconf 84' lang='grc' dir='ltr'><em>αὐτῷ</em></span> <span class='ocrx_word' id='word_1_137' title='bbox 1123 1626 1155 1675; x_wconf 86' lang='grc' dir='ltr'><strong>ό</strong></span> <span class='ocrx_word' id='word_1_138' title='bbox 1198 1624 1436 1691; x_wconf 87' lang='grc' dir='ltr'><em>Ἰησοῦς</em></span> <span class='ocrx_word' id='word_1_139' title='bbox 1468 1641 1483 1656; x_wconf 72' lang='grc' dir='ltr'><strong><em>ο</em></strong></span> <span class='ocrx_word' id='word_1_140' title='bbox 1536 1627 1868 1682; x_wconf 77' lang='grc' dir='ltr'><em>Ἀκολούθει</em></span> <span class='ocrx_word' id='word_1_141' title='bbox 1893 1647 2011 1699; x_wconf 89' lang='grc' dir='ltr'><em>μοι.</em></span> 
     </span>
    </p>
   </div>
   <div class='ocr_carea' id='block_1_19' title="bbox 436 1709 2015 1786">
    <p class='ocr_par' dir='ltr' id='par_1_19' title="bbox 436 1709 2015 1786">
     <span class='ocr_line' id='line_1_19' title="bbox 436 1709 2015 1786; baseline 0.008 -26"><span class='ocrx_word' id='word_1_142' title='bbox 436 1710 544 1762; x_wconf 74' lang='grc' dir='ltr'><strong>Καὶ</strong></span> <span class='ocrx_word' id='word_1_143' title='bbox 577 1709 711 1781; x_wconf 84' lang='grc' dir='ltr'><em>μετὰ</em></span> <span class='ocrx_word' id='word_1_144' title='bbox 742 1710 898 1763; x_wconf 79' lang='grc' dir='ltr'><em>τοῦτο</em></span> <span class='ocrx_word' id='word_1_145' title='bbox 920 1711 1084 1782; x_wconf 80' lang='grc' dir='ltr'><strong>ὀλίγῳ</strong></span> <span class='ocrx_word' id='word_1_146' title='bbox 1112 1712 1343 1783; x_wconf 81' lang='grc' dir='ltr'><em>πρόσθεν</em></span> <span class='ocrx_word' id='word_1_147' title='bbox 1375 1717 1530 1784; x_wconf 79' lang='grc' dir='ltr'><em>φησί·</em></span> <span class='ocrx_word' id='word_1_148' title='bbox 1557 1717 1666 1770; x_wconf 84' lang='grc' dir='ltr'><strong>Καὶ</strong></span> <span class='ocrx_word' id='word_1_149' title='bbox 1687 1718 1837 1786; x_wconf 87' lang='grc' dir='ltr'><em>μετὰ</em></span> <span class='ocrx_word' id='word_1_150' title='bbox 1860 1719 2015 1785; x_wconf 84' lang='grc' dir='ltr'><em>τρεῖς</em></span> 
     </span>
    </p>
   </div>
   <div class='ocr_carea' id='block_1_20' title="bbox 2121 537 3697 603">
    <p class='ocr_par' dir='ltr' id='par_1_20' title="bbox 2121 537 3697 603">
     <span class='ocr_line' id='line_1_20' title="bbox 2121 537 3697 603; baseline 0.006 -12"><span class='ocrx_word' id='word_1_151' title='bbox 2121 537 2404 594; x_wconf 85' lang='lat' dir='ltr'><strong>veritatem</strong></span> <span class='ocrx_word' id='word_1_152' title='bbox 2440 539 2573 593; x_wconf 87' lang='lat' dir='ltr'><strong>illud</strong></span> <span class='ocrx_word' id='word_1_153' title='bbox 2620 538 2887 603; x_wconf 70' lang='lat' dir='ltr'><strong>afferunt,</strong></span> <span class='ocrx_word' id='word_1_154' title='bbox 2926 537 3156 597; x_wconf 83' lang='lat' dir='ltr'><strong>Joannis</strong></span> <span class='ocrx_word' id='word_1_155' title='bbox 3208 543 3380 600; x_wconf 87' lang='lat' dir='ltr'><strong>libros</strong></span> <span class='ocrx_word' id='word_1_156' title='bbox 3426 561 3549 600; x_wconf 91' lang='lat' dir='ltr'><strong>cum</strong></span> <span class='ocrx_word' id='word_1_157' title='bbox 3588 561 3697 601; x_wconf 65' lang='lat' dir='ltr'><strong>ca-</strong></span> 
     </span>
    </p>
   </div>
   <div class='ocr_carea' id='block_1_21' title="bbox 2118 632 3695 704">
    <p class='ocr_par' dir='ltr' id='par_1_21' title="bbox 2118 632 3695 704">
     <span class='ocr_line' id='line_1_21' title="bbox 2118 632 3695 704; baseline 0.008 -19"><span class='ocrx_word' id='word_1_158' title='bbox 2118 638 2359 685; x_wconf 89' lang='lat' dir='ltr'><strong>terorum</strong></span> <span class='ocrx_word' id='word_1_159' title='bbox 2402 632 2774 701; x_wconf 93' lang='lat' dir='ltr'><strong>apostolorum</strong></span> <span class='ocrx_word' id='word_1_160' title='bbox 2808 634 3029 704; x_wconf 74' lang='lat' dir='ltr'><strong>scriptis</strong></span> <span class='ocrx_word' id='word_1_161' title='bbox 3085 635 3311 690; x_wconf 88' lang='lat' dir='ltr'><strong>minime</strong></span> <span class='ocrx_word' id='word_1_162' title='bbox 3362 639 3695 697; x_wconf 85' lang='lat' dir='ltr'><strong>consentire.</strong></span> 
     </span>
    </p>
   </div>
   <div class='ocr_carea' id='block_1_22' title="bbox 2119 719 3699 791">
    <p class='ocr_par' dir='ltr' id='par_1_22' title="bbox 2119 719 3699 791">
     <span class='ocr_line' id='line_1_22' title="bbox 2119 719 3699 791; baseline 0.006 -17"><span class='ocrx_word' id='word_1_163' title='bbox 2119 720 2198 774; x_wconf 83' lang='lat' dir='ltr'><strong>Ex</strong></span> <span class='ocrx_word' id='word_1_164' title='bbox 2228 737 2337 790; x_wconf 93' lang='lat' dir='ltr'><strong>quo</strong></span> <span class='ocrx_word' id='word_1_165' title='bbox 2391 719 2649 791; x_wconf 87' lang='lat' dir='ltr'><strong>deinceps</strong></span> <span class='ocrx_word' id='word_1_166' title='bbox 2700 732 3109 778; x_wconf 75' lang='lat' dir='ltr'><strong>sacrosanctam</strong></span> <span class='ocrx_word' id='word_1_167' title='bbox 3167 741 3232 780; x_wconf 85' lang='lat' dir='ltr'><strong>ac</strong></span> <span class='ocrx_word' id='word_1_168' title='bbox 3267 727 3508 782; x_wconf 83' lang='lat' dir='ltr'><strong>divinam</strong></span> <span class='ocrx_word' id='word_1_169' title='bbox 3550 730 3699 785; x_wconf 86' lang='lat' dir='ltr'><strong>illius</strong></span> 
     </span>
    </p>
   </div>
   <div class='ocr_carea' id='block_1_23' title="bbox 2118 812 3697 887">
    <p class='ocr_par' dir='ltr' id='par_1_23' title="bbox 2118 812 3697 887">
     <span class='ocr_line' id='line_1_23' title="bbox 2118 812 3697 887; baseline 0.004 -21"><span class='ocrx_word' id='word_1_170' title='bbox 2118 812 2424 867; x_wconf 75' lang='lat' dir='ltr'><strong>doctrinam</strong></span> <span class='ocrx_word' id='word_1_171' title='bbox 2466 813 2820 881; x_wconf 76' lang='lat' dir='ltr'><strong>redargttunt.</strong></span> <span class='ocrx_word' id='word_1_172' title='bbox 2857 814 2997 881; x_wconf 87' lang='lat' dir='ltr'><strong>Quid</strong></span> <span class='ocrx_word' id='word_1_173' title='bbox 3037 818 3206 883; x_wconf 90' lang='lat' dir='ltr'><strong>enim,</strong></span> <span class='ocrx_word' id='word_1_174' title='bbox 3242 819 3518 887; x_wconf 82' lang='lat' dir='ltr'><strong>inquiunt,</strong></span> <span class='ocrx_word' id='word_1_175' title='bbox 3556 823 3697 875; x_wconf 91' lang='lat' dir='ltr'><strong>scri-</strong></span> 
     </span>
    </p>
   </div>
   <div class='ocr_carea' id='block_1_24' title="bbox 2119 904 3698 976">
    <p class='ocr_par' dir='ltr' id='par_1_24' title="bbox 2119 904 3698 976">
     <span class='ocr_line' id='line_1_24' title="bbox 2119 904 3698 976; baseline 0.005 -17"><span class='ocrx_word' id='word_1_176' title='bbox 2119 905 2267 974; x_wconf 91' lang='lat' dir='ltr'><strong>psit?</strong></span> <span class='ocrx_word' id='word_1_177' title='bbox 2322 904 2389 958; x_wconf 89' lang='lat' dir='ltr'><strong>In</strong></span> <span class='ocrx_word' id='word_1_178' title='bbox 2429 907 2684 973; x_wconf 85' lang='lat' dir='ltr'><strong>principio</strong></span> <span class='ocrx_word' id='word_1_179' title='bbox 2712 918 2828 960; x_wconf 88' lang='lat' dir='ltr'><strong>erat</strong></span> <span class='ocrx_word' id='word_1_180' title='bbox 2873 908 3097 962; x_wconf 82' lang='lat' dir='ltr'><strong>Verbum</strong></span> <span class='ocrx_word' id='word_1_181' title='bbox 3126 950 3142 976; x_wconf 92' lang='lat'><strong>,</strong></span> <span class='ocrx_word' id='word_1_182' title='bbox 3202 920 3250 964; x_wconf 91' lang='lat' dir='ltr'><strong>et</strong></span> <span class='ocrx_word' id='word_1_183' title='bbox 3308 909 3535 965; x_wconf 84' lang='lat' dir='ltr'><strong>Verbum</strong></span> <span class='ocrx_word' id='word_1_184' title='bbox 3579 922 3698 967; x_wconf 83' lang='lat' dir='ltr'><strong>erat</strong></span> 
     </span>
    </p>
   </div>
   <div class='ocr_carea' id='block_1_25' title="bbox 2118 994 3696 1066">
    <p class='ocr_par' dir='ltr' id='par_1_25' title="bbox 2118 994 3696 1066">
     <span class='ocr_line' id='line_1_25' title="bbox 2118 994 3696 1066; baseline 0.006 -18"><span class='ocrx_word' id='word_1_185' title='bbox 2118 994 2258 1063; x_wconf 80' lang='lat' dir='ltr'><strong>apud</strong></span> <span class='ocrx_word' id='word_1_186' title='bbox 2286 995 2475 1063; x_wconf 89' lang='lat' dir='ltr'><strong>Deum,</strong></span> <span class='ocrx_word' id='word_1_187' title='bbox 2517 1007 2565 1050; x_wconf 88' lang='lat' dir='ltr'><strong>et</strong></span> <span class='ocrx_word' id='word_1_188' title='bbox 2593 996 2735 1051; x_wconf 84' lang='lat' dir='ltr'><strong>Deus</strong></span> <span class='ocrx_word' id='word_1_189' title='bbox 2769 1008 2883 1051; x_wconf 85' lang='lat' dir='ltr'><strong>erat</strong></span> <span class='ocrx_word' id='word_1_190' title='bbox 2932 999 3229 1066; x_wconf 64' lang='lat' dir='ltr'><strong>Verbum”;</strong></span> <span class='ocrx_word' id='word_1_191' title='bbox 3255 1001 3417 1058; x_wconf 88' lang='lat' dir='ltr'><strong>item:</strong></span> <span class='ocrx_word' id='word_1_192' title='bbox 3457 1002 3525 1056; x_wconf 86' lang='lat' dir='ltr'><strong>Et</strong></span> <span class='ocrx_word' id='word_1_193' title='bbox 3569 1004 3696 1058; x_wconf 81' lang='lat' dir='ltr'><strong>Ver-</strong></span> 
     </span>
    </p>
   </div>
   <div class='ocr_carea' id='block_1_26' title="bbox 2119 1088 3699 1157">
    <p class='ocr_par' dir='ltr' id='par_1_26' title="bbox 2119 1088 3699 1157">
     <span class='ocr_line' id='line_1_26' title="bbox 2119 1088 3699 1157; baseline 0.004 -16"><span class='ocrx_word' id='word_1_194' title='bbox 2119 1088 2242 1141; x_wconf 89' lang='lat' dir='ltr'><strong>bum</strong></span> <span class='ocrx_word' id='word_1_195' title='bbox 2280 1105 2406 1141; x_wconf 89' lang='lat' dir='ltr'><strong>caro</strong></span> <span class='ocrx_word' id='word_1_196' title='bbox 2456 1089 2657 1157; x_wconf 79' lang='lat' dir='ltr'><strong>factum</strong></span> <span class='ocrx_word' id='word_1_197' title='bbox 2687 1099 2786 1148; x_wconf 85' lang='lat' dir='ltr'><strong>est,</strong></span> <span class='ocrx_word' id='word_1_198' title='bbox 2813 1099 2863 1143; x_wconf 93' lang='lat' dir='ltr'><strong>et</strong></span> <span class='ocrx_word' id='word_1_199' title='bbox 2891 1090 3151 1146; x_wconf 86' lang='lat' dir='ltr'><strong>habitavit</strong></span> <span class='ocrx_word' id='word_1_200' title='bbox 3179 1094 3231 1146; x_wconf 86' lang='lat' dir='ltr'><strong>in</strong></span> <span class='ocrx_word' id='word_1_201' title='bbox 3257 1093 3406 1147; x_wconf 87' lang='lat' dir='ltr'><strong>nobis</strong></span> <span class='ocrx_word' id='word_1_202' title='bbox 3430 1110 3447 1157; x_wconf 89' lang='lat'><em>;</em></span> <span class='ocrx_word' id='word_1_203' title='bbox 3475 1104 3525 1148; x_wconf 86' lang='lat' dir='ltr'><strong>et</strong></span> <span class='ocrx_word' id='word_1_204' title='bbox 3564 1094 3669 1148; x_wconf 83' lang='lat' dir='ltr'><strong>vidi</strong></span> <span class='ocrx_word' id='word_1_205' title='bbox 3688 1123 3699 1132; x_wconf 89' lang='lat'>-</span> 
     </span>
    </p>
   </div>
   <div class='ocr_carea' id='block_1_27' title="bbox 2119 1180 3693 1257">
    <p class='ocr_par' dir='ltr' id='par_1_27' title="bbox 2119 1180 3693 1257">
     <span class='ocr_line' id='line_1_27' title="bbox 2119 1180 3693 1257; baseline 0.006 -25"><span class='ocrx_word' id='word_1_206' title='bbox 2119 1195 2233 1233; x_wconf 89' lang='lat' dir='ltr'><strong>mus</strong></span> <span class='ocrx_word' id='word_1_207' title='bbox 2258 1180 2484 1248; x_wconf 83' lang='lat' dir='ltr'><strong>gloriam</strong></span> <span class='ocrx_word' id='word_1_208' title='bbox 2524 1182 2660 1249; x_wconf 82' lang='lat' dir='ltr'><strong>ejus,</strong></span> <span class='ocrx_word' id='word_1_209' title='bbox 2691 1183 2917 1251; x_wconf 85' lang='lat' dir='ltr'><strong>gloriam</strong></span> <span class='ocrx_word' id='word_1_210' title='bbox 2947 1187 3101 1252; x_wconf 87' lang='lat' dir='ltr'><strong>quasi</strong></span> <span class='ocrx_word' id='word_1_211' title='bbox 3136 1183 3403 1257; x_wconf 80' lang='lat' dir='ltr'><strong>Unigeniti</strong></span> <span class='ocrx_word' id='word_1_212' title='bbox 3444 1204 3477 1240; x_wconf 92' lang='lat' dir='ltr'><strong>a</strong></span> <span class='ocrx_word' id='word_1_213' title='bbox 3507 1185 3693 1254; x_wconf 87' lang='lat' dir='ltr'><strong>Patre,</strong></span> 
     </span>
    </p>
   </div>
   <div class='ocr_carea' id='block_1_28' title="bbox 2116 1273 3698 1341">
    <p class='ocr_par' dir='ltr' id='par_1_28' title="bbox 2116 1273 3698 1341">
     <span class='ocr_line' id='line_1_28' title="bbox 2116 1273 3698 1341; baseline 0.008 -18"><span class='ocrx_word' id='word_1_214' title='bbox 2116 1273 2327 1339; x_wconf 89' lang='lat' dir='ltr'><strong>plenum</strong></span> <span class='ocrx_word' id='word_1_215' title='bbox 2362 1273 2552 1340; x_wconf 76' lang='lat' dir='ltr'><strong>gratia:</strong></span> <span class='ocrx_word' id='word_1_216' title='bbox 2579 1282 2629 1325; x_wconf 84' lang='lat' dir='ltr'><strong>et</strong></span> <span class='ocrx_word' id='word_1_217' title='bbox 2656 1274 2893 1327; x_wconf 86' lang='lat' dir='ltr'><strong>veritatis</strong></span> <span class='ocrx_word' id='word_1_218' title='bbox 2927 1275 2984 1341; x_wconf 81' lang='grc'><strong>³;</strong></span> <span class='ocrx_word' id='word_1_219' title='bbox 3015 1283 3070 1331; x_wconf 88' lang='lat' dir='ltr'><strong>et</strong></span> <span class='ocrx_word' id='word_1_220' title='bbox 3099 1278 3315 1331; x_wconf 87' lang='lat' dir='ltr'><strong>statim:</strong></span> <span class='ocrx_word' id='word_1_221' title='bbox 3343 1277 3578 1334; x_wconf 78' lang='lat' dir='ltr'><strong>Joannes</strong></span> <span class='ocrx_word' id='word_1_222' title='bbox 3621 1291 3698 1335; x_wconf 77' lang='lat' dir='ltr'><strong>te-</strong></span> 
     </span>
    </p>
   </div>
   <div class='ocr_carea' id='block_1_29' title="bbox 2115 1364 3694 1438">
    <p class='ocr_par' dir='ltr' id='par_1_29' title="bbox 2115 1364 3694 1438">
     <span class='ocr_line' id='line_1_29' title="bbox 2115 1364 3694 1438; baseline 0.004 -21"><span class='ocrx_word' id='word_1_223' title='bbox 2115 1375 2311 1427; x_wconf 78' lang='lat' dir='ltr'><strong>statur,</strong></span> <span class='ocrx_word' id='word_1_224' title='bbox 2344 1374 2391 1417; x_wconf 90' lang='lat' dir='ltr'><strong>et</strong></span> <span class='ocrx_word' id='word_1_225' title='bbox 2432 1364 2628 1417; x_wconf 87' lang='lat' dir='ltr'><strong>clamat</strong></span> <span class='ocrx_word' id='word_1_226' title='bbox 2650 1364 2827 1419; x_wconf 87' lang='lat' dir='ltr'><strong>dicens</strong></span> <span class='ocrx_word' id='word_1_227' title='bbox 2846 1383 2864 1419; x_wconf 90' lang='lat'><strong>:</strong></span> <span class='ocrx_word' id='word_1_228' title='bbox 2894 1369 2993 1420; x_wconf 86' lang='lat' dir='ltr'><strong>Hic</strong></span> <span class='ocrx_word' id='word_1_229' title='bbox 3030 1377 3109 1420; x_wconf 84' lang='lat' dir='ltr'><strong>est</strong></span> <span class='ocrx_word' id='word_1_230' title='bbox 3142 1384 3291 1436; x_wconf 86' lang='lat' dir='ltr'><strong>quem</strong></span> <span class='ocrx_word' id='word_1_231' title='bbox 3320 1369 3433 1421; x_wconf 76' lang='lat' dir='ltr'><strong>dixi</strong></span> <span class='ocrx_word' id='word_1_232' title='bbox 3459 1369 3598 1424; x_wconf 87' lang='lat' dir='ltr'><strong>vobis</strong></span> <span class='ocrx_word' id='word_1_233' title='bbox 3629 1372 3650 1403; x_wconf 73' lang='lat'><strong>“</strong></span> <span class='ocrx_word' id='word_1_234' title='bbox 3678 1390 3694 1438; x_wconf 89' lang='lat'><strong>;</strong></span> 
     </span>
    </p>
   </div>
   <div class='ocr_carea' id='block_1_30' title="bbox 2115 1448 3699 1521">
    <p class='ocr_par' dir='ltr' id='par_1_30' title="bbox 2115 1448 3699 1521">
     <span class='ocr_line' id='line_1_30' title="bbox 2115 1448 3699 1521; baseline -0.008 -1"><span class='ocrx_word' id='word_1_235' title='bbox 2115 1448 2277 1520; x_wconf 66' lang='grc'><strong>425</strong></span> <span class='ocrx_word' id='word_1_236' title='bbox 2294 1457 2383 1503; x_wconf 84' lang='lat' dir='ltr'><strong>et:</strong></span> <span class='ocrx_word' id='word_1_237' title='bbox 2420 1449 2520 1501; x_wconf 86' lang='lat' dir='ltr'><strong>Hic</strong></span> <span class='ocrx_word' id='word_1_238' title='bbox 2549 1458 2626 1503; x_wconf 87' lang='lat' dir='ltr'><strong>est</strong></span> <span class='ocrx_word' id='word_1_239' title='bbox 2654 1451 2833 1519; x_wconf 86' lang='lat' dir='ltr'><strong>Agnus</strong></span> <span class='ocrx_word' id='word_1_240' title='bbox 2867 1450 2981 1515; x_wconf 90' lang='lat' dir='ltr'><strong>Dei,</strong></span> <span class='ocrx_word' id='word_1_241' title='bbox 3013 1453 3103 1521; x_wconf 89' lang='lat' dir='ltr'><strong>qui</strong></span> <span class='ocrx_word' id='word_1_242' title='bbox 3142 1451 3279 1505; x_wconf 87' lang='lat' dir='ltr'><strong>tollit</strong></span> <span class='ocrx_word' id='word_1_243' title='bbox 3304 1464 3521 1521; x_wconf 86' lang='lat' dir='ltr'><strong>peccata</strong></span> <span class='ocrx_word' id='word_1_244' title='bbox 3550 1471 3699 1507; x_wconf 88' lang='lat' dir='ltr'><strong>mun-</strong></span> 
     </span>
    </p>
   </div>
   <div class='ocr_carea' id='block_1_31' title="bbox 2115 1540 3695 1613">
    <p class='ocr_par' dir='ltr' id='par_1_31' title="bbox 2115 1540 3695 1613">
     <span class='ocr_line' id='line_1_31' title="bbox 2115 1540 3695 1613; baseline 0.004 -21"><span class='ocrx_word' id='word_1_245' title='bbox 2115 1541 2171 1592; x_wconf 87' lang='lat' dir='ltr'><strong>di</strong></span> <span class='ocrx_word' id='word_1_246' title='bbox 2197 1541 2241 1595; x_wconf 82' lang='grc'><strong>⁸.</strong></span> <span class='ocrx_word' id='word_1_247' title='bbox 2275 1540 2475 1595; x_wconf 85' lang='lat' dir='ltr'><strong>Deinde</strong></span> <span class='ocrx_word' id='word_1_248' title='bbox 2530 1542 2603 1594; x_wconf 88' lang='lat' dir='ltr'><strong>ita</strong></span> <span class='ocrx_word' id='word_1_249' title='bbox 2656 1543 2883 1597; x_wconf 89' lang='lat' dir='ltr'><strong>scribit:</strong></span> <span class='ocrx_word' id='word_1_250' title='bbox 2928 1540 2995 1595; x_wconf 85' lang='lat' dir='ltr'><strong>Et</strong></span> <span class='ocrx_word' id='word_1_251' title='bbox 3044 1543 3291 1596; x_wconf 77' lang='lat' dir='ltr'><strong>dixerunt</strong></span> <span class='ocrx_word' id='word_1_252' title='bbox 3323 1543 3406 1597; x_wconf 85' lang='lat' dir='ltr'><strong>illi</strong></span> <span class='ocrx_word' id='word_1_253' title='bbox 3446 1545 3537 1613; x_wconf 89' lang='lat' dir='ltr'><strong>qui</strong></span> <span class='ocrx_word' id='word_1_254' title='bbox 3593 1561 3695 1598; x_wconf 86' lang='lat' dir='ltr'><strong>au-</strong></span> 
     </span>
    </p>
   </div>
   <div class='ocr_carea' id='block_1_32' title="bbox 2115 1632 3696 1700">
    <p class='ocr_par' dir='ltr' id='par_1_32' title="bbox 2115 1632 3696 1700">
     <span class='ocr_line' id='line_1_32' title="bbox 2115 1632 3696 1700; baseline 0.001 -13"><span class='ocrx_word' id='word_1_255' title='bbox 2115 1634 2322 1687; x_wconf 87' lang='lat' dir='ltr'><strong>dierant</strong></span> <span class='ocrx_word' id='word_1_256' title='bbox 2346 1648 2365 1686; x_wconf 84' lang='lat'><strong>.°</strong></span> <span class='ocrx_word' id='word_1_257' title='bbox 2403 1632 2589 1700; x_wconf 83' lang='lat' dir='ltr'><strong>Rabbi,</strong></span> <span class='ocrx_word' id='word_1_258' title='bbox 2621 1637 2709 1688; x_wconf 85' lang='lat' dir='ltr'><strong>ubi</strong></span> <span class='ocrx_word' id='word_1_259' title='bbox 2746 1637 3001 1690; x_wconf 65' lang='lat' dir='ltr'><strong>manes“?</strong></span> <span class='ocrx_word' id='word_1_260' title='bbox 3035 1635 3231 1691; x_wconf 84' lang='lat' dir='ltr'><strong>Postea</strong></span> <span class='ocrx_word' id='word_1_261' title='bbox 3271 1650 3430 1691; x_wconf 90' lang='lat' dir='ltr'><strong>vero:</strong></span> <span class='ocrx_word' id='word_1_262' title='bbox 3467 1635 3696 1689; x_wconf 86' lang='lat' dir='ltr'><strong>Postera</strong></span> 
     </span>
    </p>
   </div>
   <div class='ocr_carea' id='block_1_33' title="bbox 2116 1725 3697 1796">
    <p class='ocr_par' dir='ltr' id='par_1_33' title="bbox 2116 1725 3697 1796">
     <span class='ocr_line' id='line_1_33' title="bbox 2116 1725 3697 1796; baseline -0.001 -16"><span class='ocrx_word' id='word_1_263' title='bbox 2116 1727 2240 1789; x_wconf 83' lang='lat' dir='ltr'><strong>die,</strong></span> <span class='ocrx_word' id='word_1_264' title='bbox 2285 1727 2504 1796; x_wconf 89' lang='lat' dir='ltr'><strong>inquit,</strong></span> <span class='ocrx_word' id='word_1_265' title='bbox 2536 1729 2698 1781; x_wconf 89' lang='lat' dir='ltr'><strong>voluit</strong></span> <span class='ocrx_word' id='word_1_266' title='bbox 2744 1726 2889 1781; x_wconf 85' lang='lat' dir='ltr'><strong>abire</strong></span> <span class='ocrx_word' id='word_1_267' title='bbox 2929 1729 2984 1780; x_wconf 89' lang='lat' dir='ltr'><strong>in</strong></span> <span class='ocrx_word' id='word_1_268' title='bbox 3032 1725 3358 1790; x_wconf 67' lang='lat' dir='ltr'><strong>Galilaeam,</strong></span> <span class='ocrx_word' id='word_1_269' title='bbox 3403 1735 3453 1780; x_wconf 83' lang='lat' dir='ltr'><strong>et</strong></span> <span class='ocrx_word' id='word_1_270' title='bbox 3500 1728 3697 1780; x_wconf 80' lang='lat' dir='ltr'><strong>invenit</strong></span> 
     </span>
    </p>
   </div>
   <div class='ocr_carea' id='block_1_34' title="bbox 434 1798 2017 1896">
    <p class='ocr_par' dir='ltr' id='par_1_34' title="bbox 434 1801 2008 1877">
     <span class='ocr_line' id='line_1_34' title="bbox 434 1801 2008 1877; baseline 0.007 -24"><span class='ocrx_word' id='word_1_271' title='bbox 434 1801 659 1869; x_wconf 76' lang='grc' dir='ltr'><em>ἡμέρας</em></span> <span class='ocrx_word' id='word_1_272' title='bbox 710 1801 895 1872; x_wconf 80' lang='grc' dir='ltr'><em>γάμος</em></span> <span class='ocrx_word' id='word_1_273' title='bbox 920 1803 1154 1872; x_wconf 82' lang='grc' dir='ltr'><em>ἐγένετο</em></span> <span class='ocrx_word' id='word_1_274' title='bbox 1193 1806 1264 1859; x_wconf 77' lang='grc' dir='ltr'><strong>ἐν</strong></span> <span class='ocrx_word' id='word_1_275' title='bbox 1301 1807 1469 1874; x_wconf 75' lang='grc' dir='ltr'><em>Κανᾶ.</em></span> <span class='ocrx_word' id='word_1_276' title='bbox 1495 1808 1605 1876; x_wconf 85' lang='grc' dir='ltr'><em>τῆς</em></span> <span class='ocrx_word' id='word_1_277' title='bbox 1637 1812 1970 1877; x_wconf 80' lang='grc' dir='ltr'><em>Γαλιλαίας</em></span> <span class='ocrx_word' id='word_1_278' title='bbox 1996 1827 2008 1841; x_wconf 88' lang='grc'><strong>·</strong></span> 
     </span>
    </p>
   </div>
   <div class='ocr_carea' id='block_1_35' title="bbox 2115 1798 3695 1896">
    <p class='ocr_par' dir='ltr' id='par_1_35' title="bbox 2118 1817 3695 1896">
     <span class='ocr_line' id='line_1_35' title="bbox 2118 1817 3695 1896; baseline 0.001 -25"><span class='ocrx_word' id='word_1_279' title='bbox 2118 1818 2423 1887; x_wconf 82' lang='lat' dir='ltr'><strong>Philippum</strong></span> <span class='ocrx_word' id='word_1_280' title='bbox 2447 1859 2462 1883; x_wconf 88' lang='lat'><strong>,</strong></span> <span class='ocrx_word' id='word_1_281' title='bbox 2517 1829 2566 1896; x_wconf 89' lang='lat' dir='ltr'><strong>et</strong></span> <span class='ocrx_word' id='word_1_282' title='bbox 2597 1819 2726 1871; x_wconf 82' lang='lat' dir='ltr'><strong>dicit</strong></span> <span class='ocrx_word' id='word_1_283' title='bbox 2769 1820 2818 1872; x_wconf 86' lang='lat' dir='ltr'><strong>ei</strong></span> <span class='ocrx_word' id='word_1_284' title='bbox 2851 1817 3040 1872; x_wconf 84' lang='lat' dir='ltr'><strong>Jesus:</strong></span> <span class='ocrx_word' id='word_1_285' title='bbox 3071 1818 3295 1888; x_wconf 86' lang='lat' dir='ltr'><strong>Sequere</strong></span> <span class='ocrx_word' id='word_1_286' title='bbox 3334 1836 3415 1872; x_wconf 90' lang='lat' dir='ltr'><strong>me</strong></span> <span class='ocrx_word' id='word_1_287' title='bbox 3447 1820 3490 1875; x_wconf 86' lang='grc'><strong>⁷.</strong></span> <span class='ocrx_word' id='word_1_288' title='bbox 3525 1818 3695 1873; x_wconf 89' lang='lat' dir='ltr'><strong>Paulo</strong></span> 
     </span>
    </p>
   </div>
   <div class='ocr_carea' id='block_1_36' title="bbox 433 1893 2013 1970">
    <p class='ocr_par' dir='ltr' id='par_1_36' title="bbox 433 1893 2013 1970">
     <span class='ocr_line' id='line_1_36' title="bbox 433 1893 2013 1970; baseline 0.007 -23"><span class='ocrx_word' id='word_1_289' title='bbox 433 1894 530 1947; x_wconf 84' lang='grc' dir='ltr'><em>καὶ</em></span> <span class='ocrx_word' id='word_1_290' title='bbox 564 1893 788 1963; x_wconf 72' lang='grc' dir='ltr'><em>ἐκλήθη</em></span> <span class='ocrx_word' id='word_1_291' title='bbox 824 1898 855 1948; x_wconf 87' lang='grc' dir='ltr'><em>ὀ</em></span> <span class='ocrx_word' id='word_1_292' title='bbox 916 1896 1156 1963; x_wconf 87' lang='grc' dir='ltr'><em>Ἰησοῦς</em></span> <span class='ocrx_word' id='word_1_293' title='bbox 1193 1898 1291 1951; x_wconf 79' lang='grc' dir='ltr'><em>καὶ</em></span> <span class='ocrx_word' id='word_1_294' title='bbox 1329 1902 1381 1952; x_wconf 90' lang='grc' dir='ltr'><em>οἱ</em></span> <span class='ocrx_word' id='word_1_295' title='bbox 1424 1901 1685 1969; x_wconf 81' lang='grc' dir='ltr'><em>μαθηταὶ</em></span> <span class='ocrx_word' id='word_1_296' title='bbox 1717 1903 1902 1957; x_wconf 86' lang='grc' dir='ltr'><em>αὑτοῦ</em></span> <span class='ocrx_word' id='word_1_297' title='bbox 1928 1906 2013 1970; x_wconf 83' lang='grc' dir='ltr'><strong>είς</strong></span> 
     </span>
    </p>
   </div>
   <div class='ocr_carea' id='block_1_37' title="bbox 432 1984 1699 2060">
    <p class='ocr_par' dir='ltr' id='par_1_37' title="bbox 432 1984 1699 2060">
     <span class='ocr_line' id='line_1_37' title="bbox 432 1984 1699 2060; baseline 0.008 -23"><span class='ocrx_word' id='word_1_298' title='bbox 432 1985 539 2037; x_wconf 84' lang='grc' dir='ltr'><em>τὸν</em></span> <span class='ocrx_word' id='word_1_299' title='bbox 564 1984 775 2055; x_wconf 76' lang='grc' dir='ltr'><em>γάμον,</em></span> <span class='ocrx_word' id='word_1_300' title='bbox 802 1988 902 2041; x_wconf 77' lang='grc' dir='ltr'><em>καὶ</em></span> <span class='ocrx_word' id='word_1_301' title='bbox 934 1986 1013 2060; x_wconf 83' lang='grc' dir='ltr'><strong>ἦν</strong></span> <span class='ocrx_word' id='word_1_302' title='bbox 1041 1990 1169 2043; x_wconf 86' lang='grc' dir='ltr'><em>ἐκεῖ</em></span> <span class='ocrx_word' id='word_1_303' title='bbox 1192 1992 1230 2059; x_wconf 78' lang='grc' dir='ltr'>ἡ</span> <span class='ocrx_word' id='word_1_304' title='bbox 1260 1990 1459 2060; x_wconf 80' lang='grc' dir='ltr'><em>μήτηρ</em></span> <span class='ocrx_word' id='word_1_305' title='bbox 1489 1994 1566 2045; x_wconf 86' lang='grc' dir='ltr'><em>αὑ</em></span> <span class='ocrx_word' id='word_1_306' title='bbox 1577 1992 1699 2047; x_wconf 87' lang='grc' dir='ltr'><em>τοῦ.</em></span> 
     </span>
    </p>
   </div>
   <div class='ocr_carea' id='block_1_38' title="bbox 503 2172 2015 2260">
    <p class='ocr_par' dir='ltr' id='par_1_38' title="bbox 503 2172 2015 2260">
     <span class='ocr_line' id='line_1_38' title="bbox 503 2172 2015 2260; baseline 0.002 -22"><span class='ocrx_word' id='word_1_307' title='bbox 503 2186 566 2238; x_wconf 83' lang='grc' dir='ltr'><em>Οί</em></span> <span class='ocrx_word' id='word_1_308' title='bbox 593 2185 652 2237; x_wconf 83' lang='grc' dir='ltr'><em>δὲ</em></span> <span class='ocrx_word' id='word_1_309' title='bbox 677 2184 823 2239; x_wconf 72' lang='grc' dir='ltr'><em>ἄλλοι</em></span> <span class='ocrx_word' id='word_1_310' title='bbox 862 2187 1245 2255; x_wconf 78' lang='grc' dir='ltr'><em>εὐαγγελισταὶ</em></span> <span class='ocrx_word' id='word_1_311' title='bbox 1277 2189 1388 2260; x_wconf 85' lang='grc'><strong>(16)</strong></span> <span class='ocrx_word' id='word_1_312' title='bbox 1438 2191 1736 2259; x_wconf 73' lang='grc' dir='ltr'><em>φάσκουσιν</em></span> <span class='ocrx_word' id='word_1_313' title='bbox 1767 2192 1930 2245; x_wconf 82' lang='grc' dir='ltr'><em>αὑτὸν</em></span> <span class='ocrx_word' id='word_1_314' title='bbox 1949 2172 2015 2243; x_wconf 51' lang='grc' dir='ltr'><strong>’ὲν</strong></span> 
     </span>
    </p>
   </div>
   <div class='ocr_carea' id='block_1_39' title="bbox 430 2277 2016 2353">
    <p class='ocr_par' dir='ltr' id='par_1_39' title="bbox 430 2277 2016 2353">
     <span class='ocr_line' id='line_1_39' title="bbox 430 2277 2016 2353; baseline 0.002 -25"><span class='ocrx_word' id='word_1_315' title='bbox 430 2279 495 2346; x_wconf 81' lang='grc' dir='ltr'><em>τῇ</em></span> <span class='ocrx_word' id='word_1_316' title='bbox 527 2277 717 2347; x_wconf 76' lang='grc' dir='ltr'><em>ἐρήμῳ</em></span> <span class='ocrx_word' id='word_1_317' title='bbox 746 2277 1104 2346; x_wconf 79' lang='grc' dir='ltr'><em>πεποιηκέναι</em></span> <span class='ocrx_word' id='word_1_318' title='bbox 1137 2280 1546 2350; x_wconf 83' lang='grc' dir='ltr'><em>τεσσαράκοντα</em></span> <span class='ocrx_word' id='word_1_319' title='bbox 1573 2281 1804 2353; x_wconf 79' lang='grc' dir='ltr'><em>ἡμέρας,</em></span> <span class='ocrx_word' id='word_1_320' title='bbox 1832 2297 2016 2351; x_wconf 84' lang='grc' dir='ltr'><em>πειρα-</em></span> 
     </span>
    </p>
   </div>
   <div class='ocr_carea' id='block_1_40' title="bbox 432 2367 2011 2444">
    <p class='ocr_par' dir='ltr' id='par_1_40' title="bbox 432 2367 2011 2444">
     <span class='ocr_line' id='line_1_40' title="bbox 432 2367 2011 2444; baseline 0.006 -26"><span class='ocrx_word' id='word_1_321' title='bbox 432 2367 656 2438; x_wconf 84' lang='grc' dir='ltr'><em>ζόμενον</em></span> <span class='ocrx_word' id='word_1_322' title='bbox 691 2368 795 2421; x_wconf 64' lang='lat' dir='ltr'><strong>(inab</strong></span> <span class='ocrx_word' id='word_1_323' title='bbox 842 2368 935 2421; x_wconf 78' lang='grc' dir='ltr'><em>τοῦ</em></span> <span class='ocrx_word' id='word_1_324' title='bbox 982 2369 1253 2434; x_wconf 69' lang='grc' dir='ltr'><em>διαϐόλου,</em></span> <span class='ocrx_word' id='word_1_325' title='bbox 1283 2372 1379 2423; x_wconf 77' lang='grc' dir='ltr'><em>καὶ</em></span> <span class='ocrx_word' id='word_1_326' title='bbox 1420 2371 1541 2424; x_wconf 87' lang='grc' dir='ltr'><em>τότε</em></span> <span class='ocrx_word' id='word_1_327' title='bbox 1577 2374 2011 2444; x_wconf 78' lang='grc' dir='ltr'><strong>ὑποστρέψαντα,</strong></span> 
     </span>
    </p>
   </div>
   <div class='ocr_carea' id='block_1_41' title="bbox 431 2459 2012 2532">
    <p class='ocr_par' dir='ltr' id='par_1_41' title="bbox 431 2459 2012 2532">
     <span class='ocr_line' id='line_1_41' title="bbox 431 2459 2012 2532; baseline 0.006 -21"><span class='ocrx_word' id='word_1_328' title='bbox 431 2460 525 2512; x_wconf 75' lang='lat' dir='ltr'><strong>xui</strong></span> <span class='ocrx_word' id='word_1_329' title='bbox 560 2459 943 2530; x_wconf 81' lang='grc' dir='ltr'><em>παραλαϐόντα</em></span> <span class='ocrx_word' id='word_1_330' title='bbox 971 2460 1096 2524; x_wconf 82' lang='grc' dir='ltr'><em>τοὺς</em></span> <span class='ocrx_word' id='word_1_331' title='bbox 1126 2461 1393 2532; x_wconf 87' lang='grc' dir='ltr'><em>μαθητάς.</em></span> <span class='ocrx_word' id='word_1_332' title='bbox 1424 2464 1533 2515; x_wconf 77' lang='grc' dir='ltr'><strong>Καὶ</strong></span> <span class='ocrx_word' id='word_1_333' title='bbox 1578 2466 1676 2516; x_wconf 72' lang='grc' dir='ltr'><em>οὐκ</em></span> <span class='ocrx_word' id='word_1_334' title='bbox 1720 2465 1923 2518; x_wconf 78' lang='grc' dir='ltr'><em>οἴδασιν</em></span> <span class='ocrx_word' id='word_1_335' title='bbox 1962 2469 2012 2520; x_wconf 78' lang='grc' dir='ltr'><em>οἱ</em></span> 
     </span>
    </p>
   </div>
   <div class='ocr_carea' id='block_1_42' title="bbox 431 2550 2014 2628">
    <p class='ocr_par' dir='ltr' id='par_1_42' title="bbox 431 2550 2014 2628">
     <span class='ocr_line' id='line_1_42' title="bbox 431 2550 2014 2628; baseline 0.004 -26"><span class='ocrx_word' id='word_1_336' title='bbox 431 2550 956 2622; x_wconf 82' lang='grc' dir='ltr'><em>ὰπαρακολούθητοι,</em></span> <span class='ocrx_word' id='word_1_337' title='bbox 982 2552 1062 2604; x_wconf 85' lang='grc' dir='ltr'><em>ὄτι</em></span> <span class='ocrx_word' id='word_1_338' title='bbox 1093 2552 1307 2623; x_wconf 80' lang='grc' dir='ltr'><em>ἑκάστῳ</em></span> <span class='ocrx_word' id='word_1_339' title='bbox 1332 2553 1686 2625; x_wconf 84' lang='grc' dir='ltr'><em>εὐαγγελιστῇ</em></span> <span class='ocrx_word' id='word_1_340' title='bbox 1715 2556 2014 2628; x_wconf 84' lang='grc' dir='ltr'><em>μεμελέτη-</em></span> 
     </span>
    </p>
   </div>
   <div class='ocr_carea' id='block_1_43' title="bbox 430 2641 2011 2715">
    <p class='ocr_par' dir='ltr' id='par_1_43' title="bbox 430 2641 2011 2715">
     <span class='ocr_line' id='line_1_43' title="bbox 430 2641 2011 2715; baseline 0.006 -24"><span class='ocrx_word' id='word_1_341' title='bbox 430 2657 520 2692; x_wconf 87' lang='grc' dir='ltr'><strong>ται</strong></span> <span class='ocrx_word' id='word_1_342' title='bbox 554 2641 855 2710; x_wconf 81' lang='grc' dir='ltr'><em>συμφώνως</em></span> <span class='ocrx_word' id='word_1_343' title='bbox 888 2642 986 2710; x_wconf 81' lang='grc' dir='ltr'><em>μὲν</em></span> <span class='ocrx_word' id='word_1_344' title='bbox 1011 2645 1124 2704; x_wconf 85' lang='grc' dir='ltr'><em>τοῖς</em></span> <span class='ocrx_word' id='word_1_345' title='bbox 1158 2643 1363 2712; x_wconf 76' lang='grc' dir='ltr'><em>ἑτέροις</em></span> <span class='ocrx_word' id='word_1_346' title='bbox 1386 2643 1614 2715; x_wconf 84' lang='grc' dir='ltr'><em>λαλῆσαι</em></span> <span class='ocrx_word' id='word_1_347' title='bbox 1648 2645 1717 2697; x_wconf 82' lang='grc' dir='ltr'><strong>τά</strong></span> <span class='ocrx_word' id='word_1_348' title='bbox 1751 2647 1841 2697; x_wconf 86' lang='grc' dir='ltr'><strong>ὑπ’</strong></span> <span class='ocrx_word' id='word_1_349' title='bbox 1868 2647 2011 2699; x_wconf 82' lang='grc' dir='ltr'><em>ὲκεί-</em></span> 
     </span>
    </p>
   </div>
   <div class='ocr_carea' id='block_1_44' title="bbox 433 2732 2015 2806">
    <p class='ocr_par' dir='ltr' id='par_1_44' title="bbox 433 2732 2015 2806">
     <span class='ocr_line' id='line_1_44' title="bbox 433 2732 2015 2806; baseline 0.004 -23"><span class='ocrx_word' id='word_1_350' title='bbox 433 2748 538 2784; x_wconf 91' lang='grc' dir='ltr'><strong>νων</strong></span> <span class='ocrx_word' id='word_1_351' title='bbox 566 2732 862 2802; x_wconf 61' lang='grc' dir='ltr'><em>εἰρημένω</em></span> <span class='ocrx_word' id='word_1_352' title='bbox 896 2732 1030 2785; x_wconf 83' lang='grc' dir='ltr'><em>ἀλλὰ</em></span> <span class='ocrx_word' id='word_1_353' title='bbox 1069 2734 1133 2803; x_wconf 82' lang='grc' dir='ltr'><em>δὴ</em></span> <span class='ocrx_word' id='word_1_354' title='bbox 1165 2733 1236 2786; x_wconf 87' lang='grc' dir='ltr'><strong>τά</strong></span> <span class='ocrx_word' id='word_1_355' title='bbox 1264 2735 1354 2786; x_wconf 85' lang='grc' dir='ltr'><strong>ὑπ’</strong></span> <span class='ocrx_word' id='word_1_356' title='bbox 1391 2736 1613 2787; x_wconf 78' lang='grc' dir='ltr'><em>ἐκείνων</em></span> <span class='ocrx_word' id='word_1_357' title='bbox 1646 2735 1878 2806; x_wconf 81' lang='grc' dir='ltr'><em>ρηθέντα</em></span> <span class='ocrx_word' id='word_1_358' title='bbox 1909 2755 2015 2790; x_wconf 80' lang='grc' dir='ltr'><em>πα-</em></span> 
     </span>
    </p>
   </div>
   <div class='ocr_carea' id='block_1_45' title="bbox 433 2822 2014 2898">
    <p class='ocr_par' dir='ltr' id='par_1_45' title="bbox 433 2822 2014 2898">
     <span class='ocr_line' id='line_1_45' title="bbox 433 2822 2014 2898; baseline 0.003 -22"><span class='ocrx_word' id='word_1_359' title='bbox 433 2822 785 2893; x_wconf 82' lang='grc' dir='ltr'><em>ραλειφθέντα</em></span> <span class='ocrx_word' id='word_1_360' title='bbox 817 2823 988 2886; x_wconf 75' lang='grc' dir='ltr'><em>οὕτως</em></span> <span class='ocrx_word' id='word_1_361' title='bbox 1012 2824 1379 2894; x_wconf 74' lang='grc' dir='ltr'><em>ἀποκαλύψαι.</em></span> <span class='ocrx_word' id='word_1_362' title='bbox 1410 2827 1483 2879; x_wconf 81' lang='grc' dir='ltr'><strong>Οὐ</strong></span> <span class='ocrx_word' id='word_1_363' title='bbox 1511 2827 1619 2898; x_wconf 87' lang='grc' dir='ltr'><strong>γάρ</strong></span> <span class='ocrx_word' id='word_1_364' title='bbox 1648 2824 1714 2897; x_wconf 83' lang='grc' dir='ltr'><em>ἦν</em></span> <span class='ocrx_word' id='word_1_365' title='bbox 1745 2828 1925 2882; x_wconf 80' lang='grc' dir='ltr'><em>αὐτῶν</em></span> <span class='ocrx_word' id='word_1_366' title='bbox 1954 2829 2014 2881; x_wconf 87' lang='grc' dir='ltr'><em>τὸ</em></span> 
     </span>
    </p>
   </div>
   <div class='ocr_carea' id='block_1_46' title="bbox 431 2915 2014 2990">
    <p class='ocr_par' dir='ltr' id='par_1_46' title="bbox 431 2915 2014 2990">
     <span class='ocr_line' id='line_1_46' title="bbox 431 2915 2014 2990; baseline 0.003 -21"><span class='ocrx_word' id='word_1_367' title='bbox 431 2915 662 2987; x_wconf 82' lang='grc' dir='ltr'><em>θέλημα,</em></span> <span class='ocrx_word' id='word_1_368' title='bbox 690 2916 825 2971; x_wconf 86' lang='grc' dir='ltr'><strong>ἀλλά</strong></span> <span class='ocrx_word' id='word_1_369' title='bbox 864 2922 928 2969; x_wconf 74' lang='grc' dir='ltr'><em>ἐκ</em></span> <span class='ocrx_word' id='word_1_370' title='bbox 962 2917 1275 2987; x_wconf 77' lang='grc' dir='ltr'><em>Πνεύματος</em></span> <span class='ocrx_word' id='word_1_371' title='bbox 1310 2919 1468 2986; x_wconf 80' lang='grc' dir='ltr'><em>ἁγίου</em></span> <span class='ocrx_word' id='word_1_372' title='bbox 1505 2922 1536 2990; x_wconf 82' lang='grc' dir='ltr'>ὴ</span> <span class='ocrx_word' id='word_1_373' title='bbox 1570 2920 1889 2973; x_wconf 80' lang='grc' dir='ltr'><em>διδασκαλία</em></span> <span class='ocrx_word' id='word_1_374' title='bbox 1921 2924 2014 2974; x_wconf 76' lang='grc' dir='ltr'><em>καὶ</em></span> 
     </span>
    </p>
   </div>
   <div class='ocr_carea' id='block_1_47' title="bbox 429 3008 2015 3083">
    <p class='ocr_par' dir='ltr' id='par_1_47' title="bbox 429 3008 2015 3083">
     <span class='ocr_line' id='line_1_47' title="bbox 429 3008 2015 3083; baseline 0.003 -23"><span class='ocrx_word' id='word_1_375' title='bbox 429 3012 462 3080; x_wconf 80' lang='grc' dir='ltr'>ὴ</span> <span class='ocrx_word' id='word_1_376' title='bbox 509 3008 815 3062; x_wconf 80' lang='grc' dir='ltr'><em>ἀκολουθία.</em></span> <span class='ocrx_word' id='word_1_377' title='bbox 860 3011 921 3063; x_wconf 83' lang='grc' dir='ltr'>Εἰ</span> <span class='ocrx_word' id='word_1_378' title='bbox 967 3012 1074 3083; x_wconf 84' lang='grc' dir='ltr'><em>γὰρ</em></span> <span class='ocrx_word' id='word_1_379' title='bbox 1118 3011 1306 3063; x_wconf 76' lang='grc' dir='ltr'><em>τούτου</em></span> <span class='ocrx_word' id='word_1_380' title='bbox 1340 3011 1616 3080; x_wconf 75' lang='grc' dir='ltr'><em>βούλονται</em></span> <span class='ocrx_word' id='word_1_381' title='bbox 1651 3012 2015 3082; x_wconf 70' lang='grc' dir='ltr'><em>ἐπιλαμϐάνε-</em></span> 
     </span>
    </p>
   </div>
   <div class='ocr_carea' id='block_1_48' title="bbox 434 3100 2082 3203">
    <p class='ocr_par' dir='ltr' id='par_1_48' title="bbox 434 3100 2082 3203">
     <span class='ocr_line' id='line_1_48' title="bbox 434 3100 2082 3203; baseline 0.001 -50"><span class='ocrx_word' id='word_1_382' title='bbox 434 3100 578 3165; x_wconf 88' lang='grc' dir='ltr'><em>σθαι,</em></span> <span class='ocrx_word' id='word_1_383' title='bbox 608 3102 950 3170; x_wconf 80' lang='grc' dir='ltr'><em>μαθέτωσαν,</em></span> <span class='ocrx_word' id='word_1_384' title='bbox 986 3104 1067 3155; x_wconf 84' lang='grc' dir='ltr'><em>ὅτι</em></span> <span class='ocrx_word' id='word_1_385' title='bbox 1108 3106 1157 3155; x_wconf 82' lang='grc' dir='ltr'><em>οἱ</em></span> <span class='ocrx_word' id='word_1_386' title='bbox 1199 3102 1346 3156; x_wconf 82' lang='grc' dir='ltr'><em>ἄλλοι</em></span> <span class='ocrx_word' id='word_1_387' title='bbox 1396 3105 1542 3170; x_wconf 83' lang='grc' dir='ltr'><em>τρεῖς</em></span> <span class='ocrx_word' id='word_1_388' title='bbox 1577 3104 1676 3154; x_wconf 72' lang='grc' dir='ltr'><em>οὐκ</em></span> <span class='ocrx_word' id='word_1_389' title='bbox 1720 3104 1814 3155; x_wconf 81' lang='grc' dir='ltr'><em>ἀπ’</em></span> <span class='ocrx_word' id='word_1_390' title='bbox 1845 3103 2013 3173; x_wconf 76' lang='grc' dir='ltr'><em>αὐτῆς</em></span> <span class='ocrx_word' id='word_1_391' title='bbox 2041 3147 2082 3203; x_wconf 77' lang='lat' dir='ltr'><strong>C</strong></span> 
     </span>
    </p>
   </div>
   <div class='ocr_carea' id='block_1_49' title="bbox 429 3193 2011 3266">
    <p class='ocr_par' dir='ltr' id='par_1_49' title="bbox 429 3193 2011 3266">
     <span class='ocr_line' id='line_1_49' title="bbox 429 3193 2011 3266; baseline 0.003 -21"><span class='ocrx_word' id='word_1_392' title='bbox 429 3194 723 3264; x_wconf 78' lang='grc' dir='ltr'><em>ὲνήρξαντο</em></span> <span class='ocrx_word' id='word_1_393' title='bbox 753 3195 850 3264; x_wconf 79' lang='grc' dir='ltr'><em>τῆς</em></span> <span class='ocrx_word' id='word_1_394' title='bbox 879 3193 1215 3257; x_wconf 83' lang='grc' dir='ltr'><em>ἀκολουθίας.</em></span> <span class='ocrx_word' id='word_1_395' title='bbox 1241 3194 1513 3257; x_wconf 86' lang='grc' dir='ltr'><em>Ματθαῖος</em></span> <span class='ocrx_word' id='word_1_396' title='bbox 1541 3194 1650 3265; x_wconf 82' lang='grc' dir='ltr'><strong>γάρ</strong></span> <span class='ocrx_word' id='word_1_397' title='bbox 1678 3194 1891 3264; x_wconf 85' lang='grc' dir='ltr'><em>πρῶτος</em></span> <span class='ocrx_word' id='word_1_398' title='bbox 1916 3196 2011 3266; x_wconf 85' lang='grc' dir='ltr'><strong>ἄρ·</strong></span> 
     </span>
    </p>
   </div>
   <div class='ocr_carea' id='block_1_50' title="bbox 429 3281 2013 3356">
    <p class='ocr_par' dir='ltr' id='par_1_50' title="bbox 429 3281 2013 3356">
     <span class='ocr_line' id='line_1_50' title="bbox 429 3281 2013 3356; baseline 0.001 -19"><span class='ocrx_word' id='word_1_399' title='bbox 429 3303 581 3355; x_wconf 82' lang='grc' dir='ltr'><em>χεται</em></span> <span class='ocrx_word' id='word_1_400' title='bbox 627 3286 1089 3354; x_wconf 78' lang='grc' dir='ltr'><em>εὐαγγελίζεσθαι.</em></span> <span class='ocrx_word' id='word_1_401' title='bbox 1124 3286 1311 3355; x_wconf 82' lang='grc' dir='ltr'><em>Τούτῳ</em></span> <span class='ocrx_word' id='word_1_402' title='bbox 1352 3285 1461 3355; x_wconf 83' lang='grc' dir='ltr'><em>γὰρ</em></span> <span class='ocrx_word' id='word_1_403' title='bbox 1490 3281 1557 3355; x_wconf 80' lang='grc' dir='ltr'><em>ἦν</em></span> <span class='ocrx_word' id='word_1_404' title='bbox 1592 3286 2013 3356; x_wconf 80' lang='grc' dir='ltr'><em>ἐπιτεταγμένον</em></span> 
     </span>
    </p>
   </div>
   <div class='ocr_carea' id='block_1_51' title="bbox 428 3374 2012 3447">
    <p class='ocr_par' dir='ltr' id='par_1_51' title="bbox 428 3374 2012 3447">
     <span class='ocr_line' id='line_1_51' title="bbox 428 3374 2012 3447; baseline -0.001 -19"><span class='ocrx_word' id='word_1_405' title='bbox 428 3375 489 3428; x_wconf 83' lang='grc' dir='ltr'><em>τὸ</em></span> <span class='ocrx_word' id='word_1_406' title='bbox 540 3374 861 3442; x_wconf 78' lang='grc' dir='ltr'><em>Εὐαγγέλιον</em></span> <span class='ocrx_word' id='word_1_407' title='bbox 911 3375 1147 3446; x_wconf 78' lang='grc' dir='ltr'><em>κηρύξαι</em></span> <span class='ocrx_word' id='word_1_408' title='bbox 1199 3375 1294 3429; x_wconf 83' lang='grc' dir='ltr'><em>ἀπ’</em></span> <span class='ocrx_word' id='word_1_409' title='bbox 1322 3377 1515 3446; x_wconf 83' lang='grc' dir='ltr'><em>ἀρχῆς,</em></span> <span class='ocrx_word' id='word_1_410' title='bbox 1548 3376 1623 3438; x_wconf 85' lang='grc' dir='ltr'><em>ὼς</em></span> <span class='ocrx_word' id='word_1_411' title='bbox 1664 3377 1758 3428; x_wconf 81' lang='grc' dir='ltr'><em>καὶ</em></span> <span class='ocrx_word' id='word_1_412' title='bbox 1800 3378 1856 3430; x_wconf 81' lang='grc' dir='ltr'><em>ὲν</em></span> <span class='ocrx_word' id='word_1_413' title='bbox 1881 3377 2012 3447; x_wconf 74' lang='grc' dir='ltr'><em>ἄλλῃ</em></span> 
     </span>
    </p>
   </div>
   <div class='ocr_carea' id='block_1_52' title="bbox 428 3466 2014 3539">
    <p class='ocr_par' dir='ltr' id='par_1_52' title="bbox 428 3466 2014 3539">
     <span class='ocr_line' id='line_1_52' title="bbox 428 3466 2014 3539; baseline 0.002 -21"><span class='ocrx_word' id='word_1_414' title='bbox 428 3466 636 3536; x_wconf 78' lang='grc' dir='ltr'><em>αἱρέσει</em></span> <span class='ocrx_word' id='word_1_415' title='bbox 666 3468 791 3539; x_wconf 75' lang='grc' dir='ltr'><em>περὶ</em></span> <span class='ocrx_word' id='word_1_416' title='bbox 822 3467 1011 3520; x_wconf 85' lang='grc' dir='ltr'><em>τούτου</em></span> <span class='ocrx_word' id='word_1_417' title='bbox 1037 3468 1123 3520; x_wconf 87' lang='grc' dir='ltr'><strong>διά</strong></span> <span class='ocrx_word' id='word_1_418' title='bbox 1150 3467 1384 3530; x_wconf 79' lang='grc' dir='ltr'><em>πλάτους</em></span> <span class='ocrx_word' id='word_1_419' title='bbox 1415 3468 1716 3539; x_wconf 83' lang='grc' dir='ltr'><em>εἰρήκαμεν</em></span> <span class='ocrx_word' id='word_1_420' title='bbox 1735 3486 1747 3498; x_wconf 90' lang='grc'><strong>·</strong></span> <span class='ocrx_word' id='word_1_421' title='bbox 1783 3469 1932 3521; x_wconf 78' lang='grc' dir='ltr'><em>οὐδὲν</em></span> <span class='ocrx_word' id='word_1_422' title='bbox 1958 3469 2014 3521; x_wconf 84' lang='grc' dir='ltr'><em>δὲ</em></span> 
     </span>
    </p>
   </div>
   <div class='ocr_carea' id='block_1_53' title="bbox 429 3555 2014 3632">
    <p class='ocr_par' dir='ltr' id='par_1_53' title="bbox 429 3555 2014 3632">
     <span class='ocr_line' id='line_1_53' title="bbox 429 3555 2014 3632; baseline 0.004 -23"><span class='ocrx_word' id='word_1_423' title='bbox 429 3559 576 3628; x_wconf 75' lang='grc' dir='ltr'><em>ἡμᾶς</em></span> <span class='ocrx_word' id='word_1_424' title='bbox 608 3558 839 3629; x_wconf 74' lang='grc' dir='ltr'><em>λυπήσει</em></span> <span class='ocrx_word' id='word_1_425' title='bbox 872 3561 966 3613; x_wconf 77' lang='grc' dir='ltr'><em>καὶ</em></span> <span class='ocrx_word' id='word_1_426' title='bbox 998 3555 1153 3622; x_wconf 79' lang='grc' dir='ltr'><em>αὖθις</em></span> <span class='ocrx_word' id='word_1_427' title='bbox 1182 3560 1310 3630; x_wconf 82' lang='grc' dir='ltr'><em>περὶ</em></span> <span class='ocrx_word' id='word_1_428' title='bbox 1340 3560 1446 3611; x_wconf 78' lang='grc' dir='ltr'><em>τῶν</em></span> <span class='ocrx_word' id='word_1_429' title='bbox 1493 3561 1671 3614; x_wconf 81' lang='grc' dir='ltr'><em>αὐτῶν</em></span> <span class='ocrx_word' id='word_1_430' title='bbox 1715 3561 2014 3632; x_wconf 76' lang='grc' dir='ltr'><em>διαλαμϐά-</em></span> 
     </span>
    </p>
   </div>
   <div class='ocr_carea' id='block_1_54' title="bbox 431 3652 2014 3725">
    <p class='ocr_par' dir='ltr' id='par_1_54' title="bbox 431 3652 2014 3725">
     <span class='ocr_line' id='line_1_54' title="bbox 431 3652 2014 3725; baseline 0.003 -23"><span class='ocrx_word' id='word_1_431' title='bbox 431 3667 564 3715; x_wconf 88' lang='grc' dir='ltr'><em>νειν,</em></span> <span class='ocrx_word' id='word_1_432' title='bbox 598 3653 677 3715; x_wconf 82' lang='grc' dir='ltr'><strong>είς</strong></span> <span class='ocrx_word' id='word_1_433' title='bbox 724 3652 1067 3721; x_wconf 83' lang='grc' dir='ltr'><em>παράστασιν</em></span> <span class='ocrx_word' id='word_1_434' title='bbox 1115 3653 1214 3720; x_wconf 83' lang='grc' dir='ltr'><em>τῆς</em></span> <span class='ocrx_word' id='word_1_435' title='bbox 1248 3653 1504 3723; x_wconf 83' lang='grc' dir='ltr'><em>ἀληθείας</em></span> <span class='ocrx_word' id='word_1_436' title='bbox 1539 3654 1633 3707; x_wconf 80' lang='grc' dir='ltr'><em>καὶ</em></span> <span class='ocrx_word' id='word_1_437' title='bbox 1664 3653 1883 3725; x_wconf 76' lang='grc' dir='ltr'><em>ἔλεγχον</em></span> <span class='ocrx_word' id='word_1_438' title='bbox 1905 3654 2014 3707; x_wconf 82' lang='grc' dir='ltr'><em>τῶν</em></span> 
     </span>
    </p>
   </div>
   <div class='ocr_carea' id='block_1_55' title="bbox 432 3744 882 3813">
    <p class='ocr_par' dir='ltr' id='par_1_55' title="bbox 432 3744 882 3813">
     <span class='ocr_line' id='line_1_55' title="bbox 432 3744 882 3813; baseline 0.007 -19"><span class='ocrx_word' id='word_1_439' title='bbox 432 3744 882 3813; x_wconf 86' lang='grc' dir='ltr'><em>πεπλανημένων.</em></span> 
     </span>
    </p>
   </div>
   <div class='ocr_carea' id='block_1_56' title="bbox 502 3914 2015 3990">
    <p class='ocr_par' dir='ltr' id='par_1_56' title="bbox 502 3914 2015 3990">
     <span class='ocr_line' id='line_1_56' title="bbox 502 3914 2015 3990; baseline 0.003 -20"><span class='ocrx_word' id='word_1_440' title='bbox 502 3920 578 3971; x_wconf 89' lang='lat' dir='ltr'><strong>E’.</strong></span> <span class='ocrx_word' id='word_1_441' title='bbox 621 3914 789 3982; x_wconf 75' lang='grc' dir='ltr'><em>Οὗτος</em></span> <span class='ocrx_word' id='word_1_442' title='bbox 818 3919 993 3973; x_wconf 85' lang='grc' dir='ltr'><em>τοίνυν</em></span> <span class='ocrx_word' id='word_1_443' title='bbox 1024 3923 1052 3973; x_wconf 87' lang='grc' dir='ltr'>ὁ</span> <span class='ocrx_word' id='word_1_444' title='bbox 1079 3920 1356 3983; x_wconf 85' lang='grc' dir='ltr'><em>Ματθαῖος</em></span> <span class='ocrx_word' id='word_1_445' title='bbox 1383 3920 1731 3985; x_wconf 78' lang='grc' dir='ltr'><em>καταξιοῦται</em></span> <span class='ocrx_word' id='word_1_446' title='bbox 1756 3922 1815 3973; x_wconf 81' lang='grc' dir='ltr'><em>τὸ</em></span> <span class='ocrx_word' id='word_1_447' title='bbox 1838 3922 2015 3990; x_wconf 79' lang='grc' dir='ltr'><em>Εὐαγ-</em></span> 
     </span>
    </p>
   </div>
   <div class='ocr_carea' id='block_1_57' title="bbox 431 4008 2013 4082">
    <p class='ocr_par' dir='ltr' id='par_1_57' title="bbox 431 4008 2013 4082">
     <span class='ocr_line' id='line_1_57' title="bbox 431 4008 2013 4082; baseline -0.001 -18"><span class='ocrx_word' id='word_1_448' title='bbox 431 4010 631 4078; x_wconf 85' lang='grc' dir='ltr'><em>γέλιον,</em></span> <span class='ocrx_word' id='word_1_449' title='bbox 658 4011 733 4072; x_wconf 82' lang='grc' dir='ltr'><em>ὡς</em></span> <span class='ocrx_word' id='word_1_450' title='bbox 785 4010 952 4081; x_wconf 77' lang='grc' dir='ltr'><em>ἔφην·</em></span> <span class='ocrx_word' id='word_1_451' title='bbox 988 4011 1081 4064; x_wconf 79' lang='grc' dir='ltr'><em>καὶ</em></span> <span class='ocrx_word' id='word_1_452' title='bbox 1124 4012 1440 4065; x_wconf 83' lang='grc' dir='ltr'><em>δικαιότατα</em></span> <span class='ocrx_word' id='word_1_453' title='bbox 1490 4008 1732 4082; x_wconf 82' lang='grc' dir='ltr'><em>ἧν.“Ἐδει</em></span> <span class='ocrx_word' id='word_1_454' title='bbox 1785 4012 1892 4081; x_wconf 80' lang='grc' dir='ltr'><em>γὰρ</em></span> <span class='ocrx_word' id='word_1_455' title='bbox 1924 4013 2013 4065; x_wconf 88' lang='grc' dir='ltr'><em>τὸν</em></span> 
     </span>
    </p>
   </div>
   <div class='ocr_carea' id='block_1_58' title="bbox 431 4100 2013 4173">
    <p class='ocr_par' dir='ltr' id='par_1_58' title="bbox 431 4100 2013 4173">
     <span class='ocr_line' id='line_1_58' title="bbox 431 4100 2013 4173; baseline 0 -19"><span class='ocrx_word' id='word_1_456' title='bbox 431 4102 541 4155; x_wconf 83' lang='grc' dir='ltr'><em>ἀπὸ</em></span> <span class='ocrx_word' id='word_1_457' title='bbox 586 4100 797 4154; x_wconf 85' lang='grc' dir='ltr'><em>πολλῶν</em></span> <span class='ocrx_word' id='word_1_458' title='bbox 843 4101 955 4172; x_wconf 86' lang='lat' dir='ltr'><strong>(l7)</strong></span> <span class='ocrx_word' id='word_1_459' title='bbox 1000 4103 1408 4173; x_wconf 80' lang='grc' dir='ltr'><em>ἁμαρτημάτων</em></span> <span class='ocrx_word' id='word_1_460' title='bbox 1464 4103 1885 4172; x_wconf 77' lang='grc' dir='ltr'><em>ἐπιστρέψαντα,</em></span> <span class='ocrx_word' id='word_1_461' title='bbox 1919 4106 2013 4156; x_wconf 79' lang='grc' dir='ltr'><em>καὶ</em></span> 
     </span>
    </p>
   </div>
   <div class='ocr_carea' id='block_1_59' title="bbox 430 4192 2013 4263">
    <p class='ocr_par' dir='ltr' id='par_1_59' title="bbox 430 4192 2013 4263">
     <span class='ocr_line' id='line_1_59' title="bbox 430 4192 2013 4263; baseline -0.003 -16"><span class='ocrx_word' id='word_1_462' title='bbox 430 4194 540 4248; x_wconf 85' lang='grc' dir='ltr'><em>ἀπὸ</em></span> <span class='ocrx_word' id='word_1_463' title='bbox 570 4194 663 4247; x_wconf 75' lang='grc' dir='ltr'><em>τοῦ</em></span> <span class='ocrx_word' id='word_1_464' title='bbox 682 4192 963 4246; x_wconf 87' lang='grc' dir='ltr'><em>τελωνείου</em></span> <span class='ocrx_word' id='word_1_465' title='bbox 989 4193 1295 4245; x_wconf 84' lang='grc' dir='ltr'><em>ἀναστάντα</em></span> <span class='ocrx_word' id='word_1_466' title='bbox 1322 4192 1399 4262; x_wconf 83' lang='grc' dir='ltr'><em>τῷ</em></span> <span class='ocrx_word' id='word_1_467' title='bbox 1421 4192 1625 4245; x_wconf 72' lang='grc' dir='ltr'><em>ἐλθόντι</em></span> <span class='ocrx_word' id='word_1_468' title='bbox 1653 4192 1745 4244; x_wconf 76' lang='grc' dir='ltr'><strong>ἐπὶ</strong></span> <span class='ocrx_word' id='word_1_469' title='bbox 1772 4193 2013 4263; x_wconf 69' lang='grc' dir='ltr'><em>σωτηρίᾳ</em></span> 
     </span>
    </p>
   </div>
   <div class='ocr_carea' id='block_1_60' title="bbox 430 4281 2014 4356">
    <p class='ocr_par' dir='ltr' id='par_1_60' title="bbox 430 4281 2014 4356">
     <span class='ocr_line' id='line_1_60' title="bbox 430 4281 2014 4356; baseline -0.001 -18"><span class='ocrx_word' id='word_1_470' title='bbox 430 4286 510 4356; x_wconf 82' lang='grc' dir='ltr'><em>τῷ</em></span> <span class='ocrx_word' id='word_1_471' title='bbox 539 4286 685 4353; x_wconf 86' lang='grc' dir='ltr'><em>γένει</em></span> <span class='ocrx_word' id='word_1_472' title='bbox 731 4285 839 4339; x_wconf 85' lang='grc' dir='ltr'><em>τῶν</em></span> <span class='ocrx_word' id='word_1_473' title='bbox 882 4285 1206 4356; x_wconf 85' lang='grc' dir='ltr'><em>ἀνθρώπων,</em></span> <span class='ocrx_word' id='word_1_474' title='bbox 1239 4286 1334 4337; x_wconf 78' lang='grc' dir='ltr'><em>καὶ</em></span> <span class='ocrx_word' id='word_1_475' title='bbox 1388 4284 1630 4352; x_wconf 88' lang='grc' dir='ltr'><em>λέγοντι·</em></span> <span class='ocrx_word' id='word_1_476' title='bbox 1663 4286 1783 4337; x_wconf 82' lang='grc' dir='ltr'><strong>Οὐκ</strong></span> <span class='ocrx_word' id='word_1_477' title='bbox 1825 4281 2014 4354; x_wconf 77' lang='grc' dir='ltr'><em>ἦλθον</em></span> 
     </span>
    </p>
   </div>
   <div class='ocr_carea' id='block_1_61' title="bbox 431 4376 2012 4445">
    <p class='ocr_par' dir='ltr' id='par_1_61' title="bbox 431 4376 2012 4445">
     <span class='ocr_line' id='line_1_61' title="bbox 431 4376 2012 4445; baseline -0.001 -14"><span class='ocrx_word' id='word_1_478' title='bbox 431 4377 689 4433; x_wconf 84' lang='grc' dir='ltr'><em>καλέσαι</em></span> <span class='ocrx_word' id='word_1_479' title='bbox 722 4378 1012 4443; x_wconf 85' lang='grc' dir='ltr'><em>δικαίους,</em></span> <span class='ocrx_word' id='word_1_480' title='bbox 1055 4377 1216 4431; x_wconf 83' lang='grc' dir='ltr'><em>ἀλλὰ</em></span> <span class='ocrx_word' id='word_1_481' title='bbox 1268 4376 1655 4445; x_wconf 78' lang='grc' dir='ltr'><em>ἁμαρτωλοὺς</em></span> <span class='ocrx_word' id='word_1_482' title='bbox 1701 4379 1784 4441; x_wconf 80' lang='grc' dir='ltr'><strong>είς</strong></span> <span class='ocrx_word' id='word_1_483' title='bbox 1831 4376 2012 4444; x_wconf 85' lang='grc' dir='ltr'><em>μετά-</em></span> 
     </span>
    </p>
   </div>
   <div class='ocr_carea' id='block_1_62' title="bbox 430 4467 2088 4562">
    <p class='ocr_par' dir='ltr' id='par_1_62' title="bbox 430 4467 2088 4562">
     <span class='ocr_line' id='line_1_62' title="bbox 430 4467 2088 4562; baseline -0.002 -40"><span class='ocrx_word' id='word_1_484' title='bbox 430 4487 623 4534; x_wconf 76' lang='grc' dir='ltr'><em>νοιαν,</em></span> <span class='ocrx_word' id='word_1_485' title='bbox 651 4471 737 4533; x_wconf 77' lang='grc' dir='ltr'><em>εἰς</em></span> <span class='ocrx_word' id='word_1_486' title='bbox 769 4469 1074 4538; x_wconf 83' lang='grc' dir='ltr'><em>ὑπόδειγμα</em></span> <span class='ocrx_word' id='word_1_487' title='bbox 1098 4471 1228 4539; x_wconf 83' lang='grc' dir='ltr'><em>ἡμῖν</em></span> <span class='ocrx_word' id='word_1_488' title='bbox 1255 4467 1363 4520; x_wconf 81' lang='grc' dir='ltr'><em>τῶν</em></span> <span class='ocrx_word' id='word_1_489' title='bbox 1394 4468 1695 4539; x_wconf 84' lang='grc' dir='ltr'><em>μελλόντων</em></span> <span class='ocrx_word' id='word_1_490' title='bbox 1719 4467 2007 4531; x_wconf 79' lang='grc' dir='ltr'><em>σώζεσθαι,</em></span> <span class='ocrx_word' id='word_1_491' title='bbox 2043 4505 2088 4562; x_wconf 80' lang='lat' dir='ltr'><strong>D</strong></span> 
     </span>
    </p>
   </div>
   <div class='ocr_carea' id='block_1_63' title="bbox 433 4560 2009 4631">
    <p class='ocr_par' dir='ltr' id='par_1_63' title="bbox 433 4560 2009 4631">
     <span class='ocr_line' id='line_1_63' title="bbox 433 4560 2009 4631; baseline -0.001 -17"><span class='ocrx_word' id='word_1_492' title='bbox 433 4561 541 4631; x_wconf 83' lang='grc' dir='ltr'><strong>¹τῷ</strong></span> <span class='ocrx_word' id='word_1_493' title='bbox 572 4564 629 4615; x_wconf 85' lang='grc' dir='ltr'><em>ὲν</em></span> <span class='ocrx_word' id='word_1_494' title='bbox 657 4562 734 4631; x_wconf 86' lang='grc' dir='ltr'><em>τῷ</em></span> <span class='ocrx_word' id='word_1_495' title='bbox 766 4560 1032 4629; x_wconf 86' lang='grc' dir='ltr'><em>τελωνείῳ</em></span> <span class='ocrx_word' id='word_1_496' title='bbox 1066 4561 1377 4631; x_wconf 83' lang='grc' dir='ltr'><em>ἀναχθέντι,</em></span> <span class='ocrx_word' id='word_1_497' title='bbox 1398 4562 1491 4614; x_wconf 71' lang='grc' dir='ltr'><em>καὶ</em></span> <span class='ocrx_word' id='word_1_498' title='bbox 1512 4561 1618 4614; x_wconf 83' lang='grc' dir='ltr'><em>ἀπὸ</em></span> <span class='ocrx_word' id='word_1_499' title='bbox 1647 4560 1857 4623; x_wconf 83' lang='grc' dir='ltr'><em>ἀδικίας</em></span> <span class='ocrx_word' id='word_1_500' title='bbox 1878 4561 2009 4612; x_wconf 79' lang='grc' dir='ltr'><em>ἀνα-</em></span> 
     </span>
    </p>
   </div>
   <div class='ocr_carea' id='block_1_64' title="bbox 432 4646 2010 4727">
    <p class='ocr_par' dir='ltr' id='par_1_64' title="bbox 432 4646 2010 4727">
     <span class='ocr_line' id='line_1_64' title="bbox 432 4646 2010 4727; baseline -0.003 -19"><span class='ocrx_word' id='word_1_501' title='bbox 432 4655 721 4727; x_wconf 76' lang='grc' dir='ltr'><em>στρέψαντι</em></span> <span class='ocrx_word' id='word_1_502' title='bbox 753 4654 1133 4726; x_wconf 83' lang='grc' dir='ltr'><em>παρασχέσθαι</em></span> <span class='ocrx_word' id='word_1_503' title='bbox 1166 4655 1228 4707; x_wconf 87' lang='grc' dir='ltr'><em>τὸ</em></span> <span class='ocrx_word' id='word_1_504' title='bbox 1272 4656 1533 4725; x_wconf 86' lang='grc' dir='ltr'><em>κήρυγμα</em></span> <span class='ocrx_word' id='word_1_505' title='bbox 1559 4654 1658 4724; x_wconf 76' lang='grc' dir='ltr'><em>τῆς</em></span> <span class='ocrx_word' id='word_1_506' title='bbox 1698 4646 1970 4723; x_wconf 78' lang='grc' dir='ltr'><em>σωτηρίας</em></span> <span class='ocrx_word' id='word_1_507' title='bbox 1997 4671 2010 4682; x_wconf 74' lang='grc' dir='ltr'><strong><em>ο</em></strong></span> 
     </span>
    </p>
   </div>
   <div class='ocr_carea' id='block_1_65' title="bbox 429 4746 2017 4817">
    <p class='ocr_par' dir='ltr' id='par_1_65' title="bbox 429 4746 2017 4817">
     <span class='ocr_line' id='line_1_65' title="bbox 429 4746 2017 4817; baseline -0.003 -17"><span class='ocrx_word' id='word_1_508' title='bbox 429 4747 519 4800; x_wconf 73' lang='grc' dir='ltr'><em>ἵνα</em></span> <span class='ocrx_word' id='word_1_509' title='bbox 544 4747 639 4801; x_wconf 78' lang='grc' dir='ltr'><em>ἀπ’</em></span> <span class='ocrx_word' id='word_1_510' title='bbox 669 4746 832 4801; x_wconf 82' lang='grc' dir='ltr'><strong>αὐτοῦ</strong></span> <span class='ocrx_word' id='word_1_511' title='bbox 879 4747 1122 4816; x_wconf 83' lang='grc' dir='ltr'><em>μάθωσιν</em></span> <span class='ocrx_word' id='word_1_512' title='bbox 1150 4749 1198 4799; x_wconf 78' lang='lat' dir='ltr'><strong>oi</strong></span> <span class='ocrx_word' id='word_1_513' title='bbox 1233 4746 1509 4817; x_wconf 81' lang='grc' dir='ltr'><em>ἄνθρωποι</em></span> <span class='ocrx_word' id='word_1_514' title='bbox 1545 4747 1643 4816; x_wconf 81' lang='grc' dir='ltr'><em>τὴν</em></span> <span class='ocrx_word' id='word_1_515' title='bbox 1682 4746 1780 4815; x_wconf 82' lang='grc' dir='ltr'><em>τῆς</em></span> <span class='ocrx_word' id='word_1_516' title='bbox 1814 4762 2017 4815; x_wconf 87' lang='grc' dir='ltr'><em>παρου-</em></span> 
     </span>
    </p>
   </div>
   <div class='ocr_carea' id='block_1_66' title="bbox 430 4836 2018 4909">
    <p class='ocr_par' dir='ltr' id='par_1_66' title="bbox 430 4836 2018 4909">
     <span class='ocr_line' id='line_1_66' title="bbox 430 4836 2018 4909; baseline -0.004 -16"><span class='ocrx_word' id='word_1_517' title='bbox 430 4841 550 4905; x_wconf 83' lang='grc' dir='ltr'><em>σίας</em></span> <span class='ocrx_word' id='word_1_518' title='bbox 581 4838 1008 4909; x_wconf 86' lang='grc' dir='ltr'><em>φιλανθρωπίαν.</em></span> <span class='ocrx_word' id='word_1_519' title='bbox 1038 4838 1191 4891; x_wconf 77' lang='grc' dir='ltr'><em>Μετὰ</em></span> <span class='ocrx_word' id='word_1_520' title='bbox 1222 4839 1330 4909; x_wconf 80' lang='grc' dir='ltr'><em>γὰρ</em></span> <span class='ocrx_word' id='word_1_521' title='bbox 1357 4840 1455 4908; x_wconf 81' lang='grc' dir='ltr'><em>τὴν</em></span> <span class='ocrx_word' id='word_1_522' title='bbox 1488 4838 1681 4907; x_wconf 80' lang='grc' dir='ltr'><em>ἄφεσιν</em></span> <span class='ocrx_word' id='word_1_523' title='bbox 1705 4837 1813 4889; x_wconf 83' lang='grc' dir='ltr'><em>τῶν</em></span> <span class='ocrx_word' id='word_1_524' title='bbox 1835 4836 2018 4907; x_wconf 89' lang='grc' dir='ltr'><em>ἀμαρ-</em></span> 
     </span>
    </p>
   </div>
   <div class='ocr_carea' id='block_1_67' title="bbox 427 4928 2011 5001">
    <p class='ocr_par' dir='ltr' id='par_1_67' title="bbox 427 4928 2011 5001">
     <span class='ocr_line' id='line_1_67' title="bbox 427 4928 2011 5001; baseline -0.003 -17"><span class='ocrx_word' id='word_1_525' title='bbox 427 4931 559 4984; x_wconf 82' lang='grc' dir='ltr'><em>τιῶν</em></span> <span class='ocrx_word' id='word_1_526' title='bbox 606 4930 915 5001; x_wconf 78' lang='grc' dir='ltr'><em>ἐδωρήσατο</em></span> <span class='ocrx_word' id='word_1_527' title='bbox 960 4930 1108 4999; x_wconf 84' lang='grc' dir='ltr'><em>αὐτῷ</em></span> <span class='ocrx_word' id='word_1_528' title='bbox 1158 4932 1251 4983; x_wconf 78' lang='grc' dir='ltr'><em>καὶ</em></span> <span class='ocrx_word' id='word_1_529' title='bbox 1304 4931 1597 4983; x_wconf 86' lang='grc' dir='ltr'><em>ἀνάστασιν</em></span> <span class='ocrx_word' id='word_1_530' title='bbox 1644 4928 1875 5000; x_wconf 83' lang='grc' dir='ltr'><em>νεκρῶν,</em></span> <span class='ocrx_word' id='word_1_531' title='bbox 1918 4929 2011 4982; x_wconf 81' lang='grc' dir='ltr'><em>καὶ</em></span> 
     </span>
    </p>
   </div>
   <div class='ocr_carea' id='block_1_68' title="bbox 429 5020 2010 5092">
    <p class='ocr_par' dir='ltr' id='par_1_68' title="bbox 429 5020 2010 5092">
     <span class='ocr_line' id='line_1_68' title="bbox 429 5020 2010 5092; baseline -0.001 -18"><span class='ocrx_word' id='word_1_532' title='bbox 429 5021 697 5092; x_wconf 83' lang='grc' dir='ltr'><em>κάθαρσιν</em></span> <span class='ocrx_word' id='word_1_533' title='bbox 726 5020 951 5091; x_wconf 78' lang='grc' dir='ltr'><em>λέπρας,</em></span> <span class='ocrx_word' id='word_1_534' title='bbox 986 5023 1079 5072; x_wconf 68' lang='grc' dir='ltr'><em>καὶ</em></span> <span class='ocrx_word' id='word_1_535' title='bbox 1109 5021 1354 5090; x_wconf 85' lang='grc' dir='ltr'><em>ἰαμάτων</em></span> <span class='ocrx_word' id='word_1_536' title='bbox 1380 5020 1654 5090; x_wconf 85' lang='grc' dir='ltr'><em>δυνάμεις,</em></span> <span class='ocrx_word' id='word_1_537' title='bbox 1684 5023 1776 5074; x_wconf 76' lang='grc' dir='ltr'><em>καὶ</em></span> <span class='ocrx_word' id='word_1_538' title='bbox 1809 5020 2010 5073; x_wconf 82' lang='grc' dir='ltr'><em>ἀπέλα-</em></span> 
     </span>
    </p>
   </div>
   <div class='ocr_carea' id='block_1_69' title="bbox 431 5111 2010 5183">
    <p class='ocr_par' dir='ltr' id='par_1_69' title="bbox 431 5111 2010 5183">
     <span class='ocr_line' id='line_1_69' title="bbox 431 5111 2010 5183; baseline 0 -19"><span class='ocrx_word' id='word_1_539' title='bbox 431 5130 515 5165; x_wconf 89' lang='grc' dir='ltr'><strong>σιν</strong></span> <span class='ocrx_word' id='word_1_540' title='bbox 560 5112 861 5181; x_wconf 88' lang='grc' dir='ltr'><em>δαιμόνων·</em></span> <span class='ocrx_word' id='word_1_541' title='bbox 902 5112 990 5165; x_wconf 80' lang='grc' dir='ltr'><em>ἵνα</em></span> <span class='ocrx_word' id='word_1_542' title='bbox 1038 5112 1111 5182; x_wconf 85' lang='grc' dir='ltr'><em>μὴ</em></span> <span class='ocrx_word' id='word_1_543' title='bbox 1161 5112 1318 5182; x_wconf 83' lang='grc' dir='ltr'><em>μόνον</em></span> <span class='ocrx_word' id='word_1_544' title='bbox 1359 5111 1468 5164; x_wconf 83' lang='grc' dir='ltr'><em>ἀπὸ</em></span> <span class='ocrx_word' id='word_1_545' title='bbox 1512 5111 1604 5164; x_wconf 76' lang='grc' dir='ltr'><em>τοῦ</em></span> <span class='ocrx_word' id='word_1_546' title='bbox 1658 5112 1816 5179; x_wconf 84' lang='grc' dir='ltr'><em>λόγου</em></span> <span class='ocrx_word' id='word_1_547' title='bbox 1847 5112 2010 5183; x_wconf 83' lang='grc' dir='ltr'><em>πείσῃ</em></span> 
     </span>
    </p>
   </div>
   <div class='ocr_carea' id='block_1_70' title="bbox 430 5189 2011 5277">
    <p class='ocr_par' dir='ltr' id='par_1_70' title="bbox 430 5189 2011 5277">
     <span class='ocr_line' id='line_1_70' title="bbox 430 5189 2011 5277; baseline 0.001 -21"><span class='ocrx_word' id='word_1_548' title='bbox 430 5206 554 5267; x_wconf 82' lang='grc' dir='ltr'><em>τοὺς</em></span> <span class='ocrx_word' id='word_1_549' title='bbox 585 5202 901 5265; x_wconf 85' lang='grc' dir='ltr'><em>ἀκούοντας,</em></span> <span class='ocrx_word' id='word_1_550' title='bbox 930 5203 1065 5256; x_wconf 86' lang='grc' dir='ltr'><strong>ἀλλά</strong></span> <span class='ocrx_word' id='word_1_551' title='bbox 1093 5189 1186 5256; x_wconf 73' lang='grc' dir='ltr'><em>καὶ</em></span> <span class='ocrx_word' id='word_1_552' title='bbox 1210 5204 1305 5256; x_wconf 83' lang='grc' dir='ltr'><em>ἀπ’</em></span> <span class='ocrx_word' id='word_1_553' title='bbox 1333 5203 1503 5257; x_wconf 77' lang='grc' dir='ltr'><em>αὑτοῦ.</em></span> <span class='ocrx_word' id='word_1_554' title='bbox 1532 5204 1625 5257; x_wconf 82' lang='grc' dir='ltr'><em>τοῦ</em></span> <span class='ocrx_word' id='word_1_555' title='bbox 1657 5204 1816 5275; x_wconf 79' lang='grc' dir='ltr'><em>ἔργου</em></span> <span class='ocrx_word' id='word_1_556' title='bbox 1842 5205 2011 5277; x_wconf 80' lang='grc' dir='ltr'><em>κηρύ-</em></span> 
     </span>
    </p>
   </div>
   <div class='ocr_carea' id='block_1_71' title="bbox 511 5357 2052 5425">
    <p class='ocr_par' dir='ltr' id='par_1_71' title="bbox 511 5357 2052 5425">
     <span class='ocr_line' id='line_1_71' title="bbox 511 5357 2052 5425; baseline 0.004 -18"><span class='ocrx_word' id='word_1_557' title='bbox 511 5359 523 5388; x_wconf 87' lang='grc'>¹</span> <span class='ocrx_word' id='word_1_558' title='bbox 566 5359 871 5425; x_wconf 71' lang='lat' dir='ltr'><strong>tlorruptus</strong></span> <span class='ocrx_word' id='word_1_559' title='bbox 896 5357 981 5409; x_wconf 88' lang='lat' dir='ltr'><strong>hic</strong></span> <span class='ocrx_word' id='word_1_560' title='bbox 1012 5358 1187 5412; x_wconf 90' lang='lat' dir='ltr'><strong>locus.</strong></span> <span class='ocrx_word' id='word_1_561' title='bbox 1264 5359 1288 5389; x_wconf 77' lang='lat'><strong>’</strong></span> <span class='ocrx_word' id='word_1_562' title='bbox 1318 5359 1479 5411; x_wconf 82' lang='lat' dir='ltr'><strong>Joan.</strong></span> <span class='ocrx_word' id='word_1_563' title='bbox 1511 5375 1550 5421; x_wconf 86' lang='grc' dir='ltr'><strong>ι,</strong></span> <span class='ocrx_word' id='word_1_564' title='bbox 1584 5360 1635 5413; x_wconf 75' lang='grc' dir='ltr'><em>ί.</em></span> <span class='ocrx_word' id='word_1_565' title='bbox 1713 5361 1734 5391; x_wconf 88' lang='grc'>³</span> <span class='ocrx_word' id='word_1_566' title='bbox 1770 5359 1902 5414; x_wconf 85' lang='lat' dir='ltr'><strong>ibid.</strong></span> <span class='ocrx_word' id='word_1_567' title='bbox 1965 5359 2052 5414; x_wconf 74' lang='grc'><strong>14.</strong></span> 
     </span>
    </p>
   </div>
   <div class='ocr_carea' id='block_1_72' title="bbox 432 5426 1352 5493">
    <p class='ocr_par' dir='ltr' id='par_1_72' title="bbox 432 5426 1352 5493">
     <span class='ocr_line' id='line_1_72' title="bbox 432 5426 1352 5493; baseline 0.001 -12"><span class='ocrx_word' id='word_1_568' title='bbox 432 5428 455 5460; x_wconf 87' lang='grc'><strong>⁸</strong></span> <span class='ocrx_word' id='word_1_569' title='bbox 477 5427 633 5481; x_wconf 83' lang='lat' dir='ltr'><strong>Joan.</strong></span> <span class='ocrx_word' id='word_1_570' title='bbox 669 5444 725 5490; x_wconf 91' lang='grc' dir='ltr'><strong>ιι,</strong></span> <span class='ocrx_word' id='word_1_571' title='bbox 769 5432 814 5480; x_wconf 88' lang='lat' dir='ltr'><strong>l.</strong></span> <span class='ocrx_word' id='word_1_572' title='bbox 886 5430 905 5457; x_wconf 85' lang='lat'><strong>’</strong></span> <span class='ocrx_word' id='word_1_573' title='bbox 939 5426 1128 5481; x_wconf 79' lang='lat' dir='ltr'><strong>Matth.</strong></span> <span class='ocrx_word' id='word_1_574' title='bbox 1162 5444 1238 5493; x_wconf 83' lang='lat' dir='ltr'><strong>rx,</strong></span> <span class='ocrx_word' id='word_1_575' title='bbox 1268 5428 1352 5482; x_wconf 75' lang='lat' dir='ltr'><strong>i5.</strong></span> 
     </span>
    </p>
   </div>
   <div class='ocr_carea' id='block_1_73' title="bbox 506 5541 2006 5665">
    <p class='ocr_par' dir='ltr' id='par_1_73' title="bbox 506 5541 2006 5665">
     <span class='ocr_line' id='line_1_73' title="bbox 506 5541 2006 5665; baseline 0.001 -68"><span class='ocrx_word' id='word_1_576' title='bbox 506 5541 723 5665; x_wconf 51' lang='lat'><strong>(162,01</strong></span> <span class='ocrx_word' id='word_1_577' title='bbox 760 5542 828 5595; x_wconf 83' lang='grc' dir='ltr'><em>δὲ</em></span> <span class='ocrx_word' id='word_1_578' title='bbox 863 5542 1042 5597; x_wconf 83' lang='grc' dir='ltr'><em>ἄλλοι</em></span> <span class='ocrx_word' id='word_1_579' title='bbox 1087 5544 1527 5613; x_wconf 64' lang='grc' dir='ltr'><em>εὐαγγελιπταί.</em></span> <span class='ocrx_word' id='word_1_580' title='bbox 1596 5544 1731 5601; x_wconf 86' lang='lat' dir='ltr'><strong>Vide</strong></span> <span class='ocrx_word' id='word_1_581' title='bbox 1775 5546 2006 5618; x_wconf 80' lang='lat' dir='ltr'><strong>August.</strong></span> 
     </span>
     <span class='ocr_line' id='line_1_74' title="bbox 511 5616 1305 5665; baseline 0 0"><span class='ocrx_word' id='word_1_582' title='bbox 511 5630 548 5665; x_wconf 89' lang='grc' dir='ltr'><strong>ιι</strong></span> <span class='ocrx_word' id='word_1_583' title='bbox 635 5630 662 5665; x_wconf 89' lang='lat' dir='ltr'><strong>e</strong></span> <span class='ocrx_word' id='word_1_584' title='bbox 707 5630 851 5665; x_wconf 87' lang='lat' dir='ltr'><strong>cons.</strong></span> <span class='ocrx_word' id='word_1_585' title='bbox 887 5629 1095 5665; x_wconf 74' lang='grc' dir='ltr'><em>ειοαηιι..</em></span> <span class='ocrx_word' id='word_1_586' title='bbox 1131 5630 1183 5665; x_wconf 90' lang='lat' dir='ltr'><strong>c.</strong></span> <span class='ocrx_word' id='word_1_587' title='bbox 1219 5616 1305 5665; x_wconf 86' lang='grc'><strong>16.</strong></span> 
     </span>
    </p>
   </div>
   <div class='ocr_carea' id='block_1_74' title="bbox 438 5615 1305 5676">
    <p class='ocr_par' dir='ltr' id='par_1_74' title="bbox 438 5615 1305 5676">
     <span class='ocr_line' id='line_1_75' title="bbox 438 5615 1305 5676; baseline -0.005 -7"><span class='ocrx_word' id='word_1_588' title='bbox 438 5615 476 5669; x_wconf 91' lang='grc' dir='ltr'><em>ι.</em></span> <span class='ocrx_word' id='word_1_589' title='bbox 511 5630 548 5667; x_wconf 91' lang='grc' dir='ltr'><strong>ιι</strong></span> <span class='ocrx_word' id='word_1_590' title='bbox 586 5615 662 5666; x_wconf 90' lang='lat' dir='ltr'><strong>De</strong></span> <span class='ocrx_word' id='word_1_591' title='bbox 707 5630 851 5666; x_wconf 86' lang='lat' dir='ltr'><strong>cons.</strong></span> <span class='ocrx_word' id='word_1_592' title='bbox 887 5629 1095 5676; x_wconf 82' lang='lat' dir='ltr'><strong>erang.,</strong></span> <span class='ocrx_word' id='word_1_593' title='bbox 1131 5630 1183 5667; x_wconf 90' lang='lat' dir='ltr'><strong>c.</strong></span> <span class='ocrx_word' id='word_1_594' title='bbox 1219 5616 1305 5668; x_wconf 87' lang='grc'><strong>16.</strong></span> 
     </span>
    </p>
   </div>
   <div class='ocr_carea' id='block_1_75' title="bbox 509 5630 2003 5752">
    <p class='ocr_par' dir='ltr' id='par_1_75' title="bbox 509 5630 2003 5752">
     <span class='ocr_line' id='line_1_76' title="bbox 511 5630 1305 5676; baseline -0.003 -9"><span class='ocrx_word' id='word_1_595' title='bbox 511 5630 548 5667; x_wconf 89' lang='grc' dir='ltr'><strong>ιι</strong></span> <span class='ocrx_word' id='word_1_596' title='bbox 586 5630 662 5666; x_wconf 85' lang='lat' dir='ltr'><strong>ue</strong></span> <span class='ocrx_word' id='word_1_597' title='bbox 707 5630 851 5666; x_wconf 86' lang='lat' dir='ltr'><strong>cons.</strong></span> <span class='ocrx_word' id='word_1_598' title='bbox 887 5630 1015 5666; x_wconf 84' lang='lat' dir='ltr'><strong>eran</strong></span> <span class='ocrx_word' id='word_1_599' title='bbox 1057 5653 1095 5676; x_wconf 94' lang='lat'><strong>.,</strong></span> <span class='ocrx_word' id='word_1_600' title='bbox 1131 5630 1183 5667; x_wconf 90' lang='lat' dir='ltr'><strong>c.</strong></span> <span class='ocrx_word' id='word_1_601' title='bbox 1219 5630 1305 5668; x_wconf 77' lang='grc' dir='ltr'><em>ιι).</em></span> 
     </span>
     <span class='ocr_line' id='line_1_77' title="bbox 509 5630 2003 5752; baseline 0 -16"><span class='ocrx_word' id='word_1_602' title='bbox 509 5685 620 5751; x_wconf 80' lang='grc' dir='ltr'><strong>(Π)</strong></span> <span class='ocrx_word' id='word_1_603' title='bbox 665 5684 820 5737; x_wconf 83' lang='grc' dir='ltr'><em>Ἔδει</em></span> <span class='ocrx_word' id='word_1_604' title='bbox 844 5683 952 5752; x_wconf 73' lang='grc' dir='ltr'><em>γὰρ</em></span> <span class='ocrx_word' id='word_1_605' title='bbox 982 5630 1089 5736; x_wconf 55' lang='grc' dir='ltr'><strong>τόν</strong></span> <span class='ocrx_word' id='word_1_606' title='bbox 1124 5684 1241 5736; x_wconf 81' lang='grc' dir='ltr'><strong>ἀπὸ</strong></span> <span class='ocrx_word' id='word_1_607' title='bbox 1275 5682 1542 5737; x_wconf 78' lang='grc' dir='ltr'><em>πολλῶν,</em></span> <span class='ocrx_word' id='word_1_608' title='bbox 1578 5682 1756 5737; x_wconf 86' lang='lat' dir='ltr'><strong>Malim</strong></span> <span class='ocrx_word' id='word_1_609' title='bbox 1784 5685 1861 5752; x_wconf 82' lang='grc' dir='ltr'><em>τῷ</em></span> <span class='ocrx_word' id='word_1_610' title='bbox 1887 5684 2003 5736; x_wconf 80' lang='grc' dir='ltr'><em>ἐπι-</em></span> 
     </span>
    </p>
   </div>
   <div class='ocr_carea' id='block_1_76' title="bbox 443 5752 2002 5824">
    <p class='ocr_par' dir='ltr' id='par_1_76' title="bbox 443 5752 2002 5824">
     <span class='ocr_line' id='line_1_78' title="bbox 443 5752 2002 5824; baseline -0.001 -13"><span class='ocrx_word' id='word_1_611' title='bbox 443 5753 769 5824; x_wconf 77' lang='grc' dir='ltr'><em>στρέψαντι,</em></span> <span class='ocrx_word' id='word_1_612' title='bbox 818 5764 870 5809; x_wconf 91' lang='lat' dir='ltr'><strong>ct</strong></span> <span class='ocrx_word' id='word_1_613' title='bbox 928 5755 1220 5806; x_wconf 83' lang='grc' dir='ltr'><em>ἀναστάντι</em></span> <span class='ocrx_word' id='word_1_614' title='bbox 1293 5752 1544 5808; x_wconf 74' lang='lat' dir='ltr'><strong>Vicissim</strong></span> <span class='ocrx_word' id='word_1_615' title='bbox 1595 5771 1751 5816; x_wconf 84' lang='lat' dir='ltr'><strong>vero,</strong></span> <span class='ocrx_word' id='word_1_616' title='bbox 1795 5752 1885 5808; x_wconf 72' lang='grc' dir='ltr'><em>τὸν</em></span> <span class='ocrx_word' id='word_1_617' title='bbox 1917 5754 2002 5809; x_wconf 58' lang='lat'><strong>9.-</strong></span> 
     </span>
    </p>
   </div>
   <div class='ocr_carea' id='block_1_77' title="bbox 2116 1909 3695 1981">
    <p class='ocr_par' dir='ltr' id='par_1_77' title="bbox 2116 1909 3695 1981">
     <span class='ocr_line' id='line_1_79' title="bbox 2116 1909 3695 1981; baseline -0.001 -16"><span class='ocrx_word' id='word_1_618' title='bbox 2116 1921 2241 1981; x_wconf 91' lang='lat' dir='ltr'><strong>post</strong></span> <span class='ocrx_word' id='word_1_619' title='bbox 2268 1927 2397 1966; x_wconf 91' lang='lat' dir='ltr'><strong>vero</strong></span> <span class='ocrx_word' id='word_1_620' title='bbox 2440 1912 2513 1964; x_wconf 92' lang='lat' dir='ltr'><strong>ita</strong></span> <span class='ocrx_word' id='word_1_621' title='bbox 2550 1913 2933 1981; x_wconf 87' lang='lat' dir='ltr'><strong>prosequitur:</strong></span> <span class='ocrx_word' id='word_1_622' title='bbox 2979 1911 3048 1964; x_wconf 86' lang='lat' dir='ltr'><strong>Et</strong></span> <span class='ocrx_word' id='word_1_623' title='bbox 3089 1921 3206 1976; x_wconf 90' lang='lat' dir='ltr'><strong>post</strong></span> <span class='ocrx_word' id='word_1_624' title='bbox 3239 1910 3474 1964; x_wconf 84' lang='lat' dir='ltr'><strong>triduum</strong></span> <span class='ocrx_word' id='word_1_625' title='bbox 3498 1909 3695 1979; x_wconf 69' lang='lat' dir='ltr'><strong>nuptias</strong></span> 
     </span>
    </p>
   </div>
   <div class='ocr_carea' id='block_1_78' title="bbox 2115 2000 3696 2072">
    <p class='ocr_par' dir='ltr' id='par_1_78' title="bbox 2115 2000 3696 2072">
     <span class='ocr_line' id='line_1_80' title="bbox 2115 2000 3696 2072; baseline -0.001 -17"><span class='ocrx_word' id='word_1_626' title='bbox 2115 2003 2273 2072; x_wconf 70' lang='lat' dir='ltr'><strong>facta:</strong></span> <span class='ocrx_word' id='word_1_627' title='bbox 2323 2012 2444 2056; x_wconf 86' lang='lat' dir='ltr'><strong>sunt</strong></span> <span class='ocrx_word' id='word_1_628' title='bbox 2471 2004 2524 2055; x_wconf 88' lang='lat' dir='ltr'><strong>in</strong></span> <span class='ocrx_word' id='word_1_629' title='bbox 2566 2002 2717 2057; x_wconf 84' lang='lat' dir='ltr'><strong>Cana</strong></span> <span class='ocrx_word' id='word_1_630' title='bbox 2758 2002 3034 2066; x_wconf 72' lang='lat' dir='ltr'><strong>Galilazte;</strong></span> <span class='ocrx_word' id='word_1_631' title='bbox 3063 2012 3113 2056; x_wconf 88' lang='lat' dir='ltr'><strong>et</strong></span> <span class='ocrx_word' id='word_1_632' title='bbox 3140 2012 3353 2056; x_wconf 88' lang='lat' dir='ltr'><strong>vocatus</strong></span> <span class='ocrx_word' id='word_1_633' title='bbox 3377 2011 3456 2056; x_wconf 85' lang='lat' dir='ltr'><strong>est</strong></span> <span class='ocrx_word' id='word_1_634' title='bbox 3497 2000 3655 2054; x_wconf 75' lang='lat' dir='ltr'><strong>Iesus</strong></span> <span class='ocrx_word' id='word_1_635' title='bbox 3674 2039 3696 2068; x_wconf 89' lang='lat'><strong>,</strong></span> 
     </span>
    </p>
   </div>
   <div class='ocr_carea' id='block_1_79' title="bbox 2114 2093 3691 2163">
    <p class='ocr_par' dir='ltr' id='par_1_79' title="bbox 2114 2093 3691 2163">
     <span class='ocr_line' id='line_1_81' title="bbox 2114 2093 3691 2163; baseline 0 -15"><span class='ocrx_word' id='word_1_636' title='bbox 2114 2103 2163 2148; x_wconf 86' lang='lat' dir='ltr'><strong>et</strong></span> <span class='ocrx_word' id='word_1_637' title='bbox 2199 2094 2447 2160; x_wconf 81' lang='lat' dir='ltr'><strong>discipuli</strong></span> <span class='ocrx_word' id='word_1_638' title='bbox 2475 2093 2589 2163; x_wconf 83' lang='lat' dir='ltr'><strong>ejus</strong></span> <span class='ocrx_word' id='word_1_639' title='bbox 2621 2093 2690 2147; x_wconf 86' lang='lat' dir='ltr'><strong>ad</strong></span> <span class='ocrx_word' id='word_1_640' title='bbox 2720 2096 2952 2162; x_wconf 84' lang='lat' dir='ltr'><strong>nuptias,</strong></span> <span class='ocrx_word' id='word_1_641' title='bbox 2976 2103 3025 2148; x_wconf 89' lang='lat' dir='ltr'><strong>et</strong></span> <span class='ocrx_word' id='word_1_642' title='bbox 3067 2107 3183 2148; x_wconf 85' lang='lat' dir='ltr'><strong>erat</strong></span> <span class='ocrx_word' id='word_1_643' title='bbox 3216 2094 3289 2146; x_wconf 88' lang='lat' dir='ltr'><strong>ibi</strong></span> <span class='ocrx_word' id='word_1_644' title='bbox 3312 2104 3480 2147; x_wconf 86' lang='lat' dir='ltr'><strong>mater</strong></span> <span class='ocrx_word' id='word_1_645' title='bbox 3517 2094 3627 2162; x_wconf 88' lang='lat' dir='ltr'><strong>ejus</strong></span> <span class='ocrx_word' id='word_1_646' title='bbox 3644 2093 3691 2148; x_wconf 80' lang='grc'><strong>⁸.</strong></span> 
     </span>
    </p>
   </div>
   <div class='ocr_carea' id='block_1_80' title="bbox 2185 2186 3696 2256">
    <p class='ocr_par' dir='ltr' id='par_1_80' title="bbox 2185 2186 3696 2256">
     <span class='ocr_line' id='line_1_82' title="bbox 2185 2186 3696 2256; baseline 0.001 -17"><span class='ocrx_word' id='word_1_647' title='bbox 2185 2187 2540 2256; x_wconf 66' lang='grc' dir='ltr'><em>Ενοιιεειίειιε</em></span> <span class='ocrx_word' id='word_1_648' title='bbox 2572 2202 2699 2240; x_wconf 90' lang='lat' dir='ltr'><strong>vero</strong></span> <span class='ocrx_word' id='word_1_649' title='bbox 2729 2186 2910 2240; x_wconf 84' lang='lat' dir='ltr'><strong>caeteri</strong></span> <span class='ocrx_word' id='word_1_650' title='bbox 2943 2193 3166 2240; x_wconf 89' lang='lat' dir='ltr'><strong>narrant</strong></span> <span class='ocrx_word' id='word_1_651' title='bbox 3196 2202 3262 2239; x_wconf 75' lang='lat' dir='ltr'><strong>XL</strong></span> <span class='ocrx_word' id='word_1_652' title='bbox 3293 2186 3410 2240; x_wconf 87' lang='lat' dir='ltr'><strong>dies</strong></span> <span class='ocrx_word' id='word_1_653' title='bbox 3446 2186 3598 2240; x_wconf 90' lang='lat' dir='ltr'><strong>illum</strong></span> <span class='ocrx_word' id='word_1_654' title='bbox 3636 2188 3696 2240; x_wconf 90' lang='lat' dir='ltr'><strong>in</strong></span> 
     </span>
    </p>
   </div>
   <div class='ocr_carea' id='block_1_81' title="bbox 2116 2276 3696 2340">
    <p class='ocr_par' dir='ltr' id='par_1_81' title="bbox 2116 2276 3696 2340">
     <span class='ocr_line' id='line_1_83' title="bbox 2116 2276 3696 2340; baseline 0.001 -9"><span class='ocrx_word' id='word_1_655' title='bbox 2116 2277 2335 2333; x_wconf 81' lang='lat' dir='ltr'><strong>deserto</strong></span> <span class='ocrx_word' id='word_1_656' title='bbox 2366 2278 2653 2340; x_wconf 86' lang='lat' dir='ltr'><strong>mansisse,</strong></span> <span class='ocrx_word' id='word_1_657' title='bbox 2681 2285 2735 2331; x_wconf 92' lang='lat' dir='ltr'><strong>et</strong></span> <span class='ocrx_word' id='word_1_658' title='bbox 2766 2293 2796 2331; x_wconf 89' lang='lat' dir='ltr'><strong>a</strong></span> <span class='ocrx_word' id='word_1_659' title='bbox 2830 2276 3047 2331; x_wconf 86' lang='lat' dir='ltr'><strong>diabolo</strong></span> <span class='ocrx_word' id='word_1_660' title='bbox 3079 2278 3249 2332; x_wconf 83' lang='lat' dir='ltr'><strong>fuisse</strong></span> <span class='ocrx_word' id='word_1_661' title='bbox 3284 2285 3552 2332; x_wconf 89' lang='lat' dir='ltr'><strong>tentatum</strong></span> <span class='ocrx_word' id='word_1_662' title='bbox 3578 2294 3593 2340; x_wconf 90' lang='lat'><strong>;</strong></span> <span class='ocrx_word' id='word_1_663' title='bbox 3630 2291 3696 2332; x_wconf 87' lang='lat' dir='ltr'><strong>ac</strong></span> 
     </span>
    </p>
   </div>
   <div class='ocr_carea' id='block_1_82' title="bbox 2115 2368 3694 2437">
    <p class='ocr_par' dir='ltr' id='par_1_82' title="bbox 2115 2368 3694 2437">
     <span class='ocr_line' id='line_1_84' title="bbox 2115 2368 3694 2437; baseline 0.001 -15"><span class='ocrx_word' id='word_1_664' title='bbox 2115 2376 2229 2423; x_wconf 91' lang='lat' dir='ltr'><strong>tum</strong></span> <span class='ocrx_word' id='word_1_665' title='bbox 2256 2369 2477 2423; x_wconf 89' lang='lat' dir='ltr'><strong>demum</strong></span> <span class='ocrx_word' id='word_1_666' title='bbox 2511 2368 2823 2423; x_wconf 87' lang='lat' dir='ltr'><strong>redeuntem</strong></span> <span class='ocrx_word' id='word_1_667' title='bbox 2873 2368 3266 2437; x_wconf 90' lang='lat' dir='ltr'><strong>discipulorum</strong></span> <span class='ocrx_word' id='word_1_668' title='bbox 3300 2369 3562 2425; x_wconf 87' lang='lat' dir='ltr'><strong>habuisse</strong></span> <span class='ocrx_word' id='word_1_669' title='bbox 3595 2368 3694 2423; x_wconf 88' lang='lat' dir='ltr'><strong>de-</strong></span> 
     </span>
    </p>
   </div>
   <div class='ocr_carea' id='block_1_83' title="bbox 2119 2459 3696 2529">
    <p class='ocr_par' dir='ltr' id='par_1_83' title="bbox 2119 2459 3696 2529">
     <span class='ocr_line' id='line_1_85' title="bbox 2119 2459 3696 2529; baseline 0.002 -17"><span class='ocrx_word' id='word_1_670' title='bbox 2119 2460 2335 2514; x_wconf 87' lang='lat' dir='ltr'><strong>lectum.</strong></span> <span class='ocrx_word' id='word_1_671' title='bbox 2371 2459 2479 2513; x_wconf 84' lang='lat' dir='ltr'><strong>Nec</strong></span> <span class='ocrx_word' id='word_1_672' title='bbox 2510 2460 2665 2522; x_wconf 89' lang='lat' dir='ltr'><strong>illud,</strong></span> <span class='ocrx_word' id='word_1_673' title='bbox 2694 2475 2813 2529; x_wconf 64' lang='lat' dir='ltr'><strong>quae</strong></span> <span class='ocrx_word' id='word_1_674' title='bbox 2841 2475 3029 2513; x_wconf 90' lang='lat' dir='ltr'><strong>eorum</strong></span> <span class='ocrx_word' id='word_1_675' title='bbox 3064 2462 3282 2516; x_wconf 87' lang='lat' dir='ltr'><strong>inscitia</strong></span> <span class='ocrx_word' id='word_1_676' title='bbox 3308 2470 3413 2527; x_wconf 91' lang='lat' dir='ltr'><strong>est,</strong></span> <span class='ocrx_word' id='word_1_677' title='bbox 3444 2462 3696 2516; x_wconf 87' lang='lat' dir='ltr'><strong>animad-</strong></span> 
     </span>
    </p>
   </div>
   <div class='ocr_carea' id='block_1_84' title="bbox 2117 2551 3700 2622">
    <p class='ocr_par' dir='ltr' id='par_1_84' title="bbox 2117 2551 3700 2622">
     <span class='ocr_line' id='line_1_86' title="bbox 2117 2551 3700 2622; baseline 0.003 -20"><span class='ocrx_word' id='word_1_678' title='bbox 2117 2560 2334 2605; x_wconf 90' lang='lat' dir='ltr'><strong>vertunt</strong></span> <span class='ocrx_word' id='word_1_679' title='bbox 2361 2568 2372 2600; x_wconf 90' lang='lat'><strong>:</strong></span> <span class='ocrx_word' id='word_1_680' title='bbox 2408 2551 2461 2603; x_wconf 90' lang='lat' dir='ltr'><strong>id</strong></span> <span class='ocrx_word' id='word_1_681' title='bbox 2490 2551 2946 2619; x_wconf 88' lang='lat' dir='ltr'><strong>evangelistarum</strong></span> <span class='ocrx_word' id='word_1_682' title='bbox 2979 2567 3424 2622; x_wconf 88' lang='lat' dir='ltr'><strong>unumquemque</strong></span> <span class='ocrx_word' id='word_1_683' title='bbox 3458 2553 3700 2607; x_wconf 80' lang='lat' dir='ltr'><strong>studuis-</strong></span> 
     </span>
    </p>
   </div>
   <div class='ocr_carea' id='block_1_85' title="bbox 2117 2642 3694 2711">
    <p class='ocr_par' dir='ltr' id='par_1_85' title="bbox 2117 2642 3694 2711">
     <span class='ocr_line' id='line_1_87' title="bbox 2117 2642 3694 2711; baseline 0.001 -13"><span class='ocrx_word' id='word_1_684' title='bbox 2117 2661 2195 2705; x_wconf 85' lang='lat' dir='ltr'><strong>se,</strong></span> <span class='ocrx_word' id='word_1_685' title='bbox 2230 2650 2307 2705; x_wconf 90' lang='lat' dir='ltr'><strong>ut,</strong></span> <span class='ocrx_word' id='word_1_686' title='bbox 2345 2658 2465 2711; x_wconf 79' lang='lat' dir='ltr'><strong>quae</strong></span> <span class='ocrx_word' id='word_1_687' title='bbox 2491 2643 2559 2695; x_wconf 86' lang='lat' dir='ltr'><strong>ab</strong></span> <span class='ocrx_word' id='word_1_688' title='bbox 2586 2642 2707 2696; x_wconf 87' lang='lat' dir='ltr'><strong>aliis</strong></span> <span class='ocrx_word' id='word_1_689' title='bbox 2733 2653 2915 2695; x_wconf 87' lang='lat' dir='ltr'><strong>essent</strong></span> <span class='ocrx_word' id='word_1_690' title='bbox 2944 2643 3157 2711; x_wconf 89' lang='lat' dir='ltr'><strong>prodita</strong></span> <span class='ocrx_word' id='word_1_691' title='bbox 3181 2684 3194 2708; x_wconf 90' lang='lat'><strong>,</strong></span> <span class='ocrx_word' id='word_1_692' title='bbox 3230 2660 3294 2699; x_wconf 91' lang='lat' dir='ltr'><strong>ea</strong></span> <span class='ocrx_word' id='word_1_693' title='bbox 3323 2654 3694 2700; x_wconf 89' lang='lat' dir='ltr'><strong>consentanee</strong></span> 
     </span>
    </p>
   </div>
   <div class='ocr_carea' id='block_1_86' title="bbox 2115 2735 3697 2810">
    <p class='ocr_par' dir='ltr' id='par_1_86' title="bbox 2115 2735 3697 2810">
     <span class='ocr_line' id='line_1_88' title="bbox 2115 2735 3697 2810; baseline 0.003 -19"><span class='ocrx_word' id='word_1_694' title='bbox 2115 2754 2238 2792; x_wconf 88' lang='lat' dir='ltr'><strong>cum</strong></span> <span class='ocrx_word' id='word_1_695' title='bbox 2269 2738 2376 2790; x_wconf 89' lang='lat' dir='ltr'><strong>illis</strong></span> <span class='ocrx_word' id='word_1_696' title='bbox 2404 2742 2697 2804; x_wconf 79' lang='lat' dir='ltr'><strong>exponeret</strong></span> <span class='ocrx_word' id='word_1_697' title='bbox 2735 2754 2747 2788; x_wconf 92' lang='lat'><strong>:</strong></span> <span class='ocrx_word' id='word_1_698' title='bbox 2776 2735 2992 2789; x_wconf 89' lang='lat' dir='ltr'><strong>interim</strong></span> <span class='ocrx_word' id='word_1_699' title='bbox 3030 2744 3207 2789; x_wconf 84' lang='lat' dir='ltr'><strong>tamen</strong></span> <span class='ocrx_word' id='word_1_700' title='bbox 3240 2739 3502 2792; x_wconf 88' lang='lat' dir='ltr'><strong>nonnulla</strong></span> <span class='ocrx_word' id='word_1_701' title='bbox 3522 2780 3538 2805; x_wconf 89' lang='lat'><strong>,</strong></span> <span class='ocrx_word' id='word_1_702' title='bbox 3572 2754 3697 2810; x_wconf 64' lang='lat' dir='ltr'><strong>quae</strong></span> 
     </span>
    </p>
   </div>
   <div class='ocr_carea' id='block_1_87' title="bbox 2116 2825 3698 2900">
    <p class='ocr_par' dir='ltr' id='par_1_87' title="bbox 2116 2825 3698 2900">
     <span class='ocr_line' id='line_1_89' title="bbox 2116 2825 3698 2900; baseline 0.004 -20"><span class='ocrx_word' id='word_1_703' title='bbox 2116 2829 2183 2881; x_wconf 89' lang='lat' dir='ltr'><strong>ab</strong></span> <span class='ocrx_word' id='word_1_704' title='bbox 2226 2827 2417 2880; x_wconf 87' lang='lat' dir='ltr'><strong>iisdem</strong></span> <span class='ocrx_word' id='word_1_705' title='bbox 2463 2833 2649 2881; x_wconf 86' lang='lat' dir='ltr'><strong>essent</strong></span> <span class='ocrx_word' id='word_1_706' title='bbox 2688 2825 3088 2894; x_wconf 78' lang='lat' dir='ltr'><strong>praetermissa,</strong></span> <span class='ocrx_word' id='word_1_707' title='bbox 3136 2838 3478 2882; x_wconf 84' lang='lat' dir='ltr'><strong>memoraret.</strong></span> <span class='ocrx_word' id='word_1_708' title='bbox 3510 2828 3698 2900; x_wconf 83' lang='lat' dir='ltr'><strong>Neque</strong></span> 
     </span>
    </p>
   </div>
   <div class='ocr_carea' id='block_1_88' title="bbox 2115 2916 3693 2991">
    <p class='ocr_par' dir='ltr' id='par_1_88' title="bbox 2115 2916 3693 2991">
     <span class='ocr_line' id='line_1_90' title="bbox 2115 2916 3693 2991; baseline 0.003 -20"><span class='ocrx_word' id='word_1_709' title='bbox 2115 2919 2258 2973; x_wconf 84' lang='lat' dir='ltr'><strong>enim</strong></span> <span class='ocrx_word' id='word_1_710' title='bbox 2286 2917 2336 2970; x_wconf 88' lang='lat' dir='ltr'><strong>id</strong></span> <span class='ocrx_word' id='word_1_711' title='bbox 2361 2918 2413 2969; x_wconf 93' lang='lat' dir='ltr'><strong>in</strong></span> <span class='ocrx_word' id='word_1_712' title='bbox 2438 2933 2625 2970; x_wconf 90' lang='lat' dir='ltr'><strong>eorum</strong></span> <span class='ocrx_word' id='word_1_713' title='bbox 2650 2917 2929 2969; x_wconf 85' lang='lat' dir='ltr'><strong>voluntate</strong></span> <span class='ocrx_word' id='word_1_714' title='bbox 2952 2916 3114 2970; x_wconf 90' lang='lat' dir='ltr'><strong>situm</strong></span> <span class='ocrx_word' id='word_1_715' title='bbox 3144 2916 3243 2970; x_wconf 81' lang='lat' dir='ltr'><strong>fuit</strong></span> <span class='ocrx_word' id='word_1_716' title='bbox 3269 2936 3284 2985; x_wconf 89' lang='lat'>;</span> <span class='ocrx_word' id='word_1_717' title='bbox 3312 2920 3407 2973; x_wconf 89' lang='lat' dir='ltr'><strong>sed</strong></span> <span class='ocrx_word' id='word_1_718' title='bbox 3429 2937 3459 2973; x_wconf 92' lang='lat' dir='ltr'><strong>a</strong></span> <span class='ocrx_word' id='word_1_719' title='bbox 3487 2921 3693 2991; x_wconf 88' lang='lat' dir='ltr'><strong>Spiritu</strong></span> 
     </span>
    </p>
   </div>
   <div class='ocr_carea' id='block_1_89' title="bbox 2116 3009 3701 3080">
    <p class='ocr_par' dir='ltr' id='par_1_89' title="bbox 2116 3009 3701 3080">
     <span class='ocr_line' id='line_1_91' title="bbox 2116 3009 3701 3080; baseline 0.001 -16"><span class='ocrx_word' id='word_1_720' title='bbox 2116 3019 2305 3064; x_wconf 86' lang='lat' dir='ltr'><strong>sancto</strong></span> <span class='ocrx_word' id='word_1_721' title='bbox 2350 3010 2529 3064; x_wconf 87' lang='lat' dir='ltr'><strong>omnis</strong></span> <span class='ocrx_word' id='word_1_722' title='bbox 2571 3009 2787 3063; x_wconf 89' lang='lat' dir='ltr'><strong>illorum</strong></span> <span class='ocrx_word' id='word_1_723' title='bbox 2828 3009 3097 3074; x_wconf 81' lang='lat' dir='ltr'><strong>doctrina,</strong></span> <span class='ocrx_word' id='word_1_724' title='bbox 3134 3010 3519 3080; x_wconf 88' lang='lat' dir='ltr'><strong>scribendique</strong></span> <span class='ocrx_word' id='word_1_725' title='bbox 3559 3012 3701 3067; x_wconf 90' lang='lat' dir='ltr'><strong>ordo</strong></span> 
     </span>
    </p>
   </div>
   <div class='ocr_carea' id='block_1_90' title="bbox 2116 3098 3702 3168">
    <p class='ocr_par' dir='ltr' id='par_1_90' title="bbox 2116 3098 3702 3168">
     <span class='ocr_line' id='line_1_92' title="bbox 2116 3098 3702 3168; baseline 0.002 -17"><span class='ocrx_word' id='word_1_726' title='bbox 2116 3102 2393 3168; x_wconf 76' lang='lat' dir='ltr'><strong>prolectus</strong></span> <span class='ocrx_word' id='word_1_727' title='bbox 2433 3108 2539 3153; x_wconf 88' lang='lat' dir='ltr'><strong>est.</strong></span> <span class='ocrx_word' id='word_1_728' title='bbox 2583 3098 2717 3151; x_wconf 87' lang='lat' dir='ltr'><strong>Nam</strong></span> <span class='ocrx_word' id='word_1_729' title='bbox 2768 3100 2813 3152; x_wconf 87' lang='lat' dir='ltr'><strong>si</strong></span> <span class='ocrx_word' id='word_1_730' title='bbox 2856 3099 3362 3168; x_wconf 85' lang='lat' dir='ltr'><strong>reprehendendum</strong></span> <span class='ocrx_word' id='word_1_731' title='bbox 3410 3099 3544 3153; x_wconf 90' lang='lat' dir='ltr'><strong>illud</strong></span> <span class='ocrx_word' id='word_1_732' title='bbox 3580 3102 3702 3154; x_wconf 79' lang='lat' dir='ltr'><strong>exi-</strong></span> 
     </span>
    </p>
   </div>
   <div class='ocr_carea' id='block_1_91' title="bbox 2117 3191 3699 3261">
    <p class='ocr_par' dir='ltr' id='par_1_91' title="bbox 2117 3191 3699 3261">
     <span class='ocr_line' id='line_1_93' title="bbox 2117 3191 3699 3261; baseline -0.001 -14"><span class='ocrx_word' id='word_1_733' title='bbox 2117 3192 2362 3255; x_wconf 85' lang='lat' dir='ltr'><strong>stimant,</strong></span> <span class='ocrx_word' id='word_1_734' title='bbox 2392 3191 2699 3261; x_wconf 78' lang='lat' dir='ltr'><strong>intelligant</strong></span> <span class='ocrx_word' id='word_1_735' title='bbox 2734 3198 2845 3246; x_wconf 90' lang='lat' dir='ltr'><strong>tres</strong></span> <span class='ocrx_word' id='word_1_736' title='bbox 2895 3192 3034 3246; x_wconf 90' lang='lat' dir='ltr'><strong>alios</strong></span> <span class='ocrx_word' id='word_1_737' title='bbox 3077 3191 3441 3260; x_wconf 87' lang='lat' dir='ltr'><strong>evangelistas</strong></span> <span class='ocrx_word' id='word_1_738' title='bbox 3481 3206 3590 3245; x_wconf 93' lang='lat' dir='ltr'><strong>non</strong></span> <span class='ocrx_word' id='word_1_739' title='bbox 3626 3194 3699 3246; x_wconf 87' lang='lat' dir='ltr'><strong>ab</strong></span> 
     </span>
    </p>
   </div>
   <div class='ocr_carea' id='block_1_92' title="bbox 2116 3284 3695 3353">
    <p class='ocr_par' dir='ltr' id='par_1_92' title="bbox 2116 3284 3695 3353">
     <span class='ocr_line' id='line_1_94' title="bbox 2116 3284 3695 3353; baseline 0.003 -18"><span class='ocrx_word' id='word_1_740' title='bbox 2116 3284 2233 3353; x_wconf 90' lang='lat' dir='ltr'><strong>ipso</strong></span> <span class='ocrx_word' id='word_1_741' title='bbox 2279 3299 2460 3336; x_wconf 90' lang='lat' dir='ltr'><strong>rerum</strong></span> <span class='ocrx_word' id='word_1_742' title='bbox 2506 3289 2780 3352; x_wconf 87' lang='lat' dir='ltr'><strong>gestarum</strong></span> <span class='ocrx_word' id='word_1_743' title='bbox 2829 3284 2987 3337; x_wconf 88' lang='lat' dir='ltr'><strong>initio</strong></span> <span class='ocrx_word' id='word_1_744' title='bbox 3019 3284 3354 3337; x_wconf 79' lang='lat' dir='ltr'><strong>narrationis</strong></span> <span class='ocrx_word' id='word_1_745' title='bbox 3388 3300 3502 3338; x_wconf 69' lang='lat' dir='ltr'><strong>sua:</strong></span> <span class='ocrx_word' id='word_1_746' title='bbox 3546 3300 3695 3339; x_wconf 88' lang='lat' dir='ltr'><strong>sum-</strong></span> 
     </span>
    </p>
   </div>
   <div class='ocr_carea' id='block_1_93' title="bbox 2114 3374 3701 3447">
    <p class='ocr_par' dir='ltr' id='par_1_93' title="bbox 2114 3374 3701 3447">
     <span class='ocr_line' id='line_1_95' title="bbox 2114 3374 3701 3447; baseline 0.003 -19"><span class='ocrx_word' id='word_1_747' title='bbox 2114 3377 2290 3446; x_wconf 88' lang='lat' dir='ltr'><strong>psisse</strong></span> <span class='ocrx_word' id='word_1_748' title='bbox 2318 3376 2639 3446; x_wconf 86' lang='lat' dir='ltr'><strong>primordia.</strong></span> <span class='ocrx_word' id='word_1_749' title='bbox 2686 3374 2975 3431; x_wconf 66' lang='lat' dir='ltr'><strong>Matthaaus</strong></span> <span class='ocrx_word' id='word_1_750' title='bbox 3020 3378 3164 3431; x_wconf 89' lang='lat' dir='ltr'><strong>enim</strong></span> <span class='ocrx_word' id='word_1_751' title='bbox 3210 3380 3420 3447; x_wconf 88' lang='lat' dir='ltr'><strong>primus</strong></span> <span class='ocrx_word' id='word_1_752' title='bbox 3453 3376 3701 3447; x_wconf 86' lang='lat' dir='ltr'><strong>Evange—</strong></span> 
     </span>
    </p>
   </div>
   <div class='ocr_carea' id='block_1_94' title="bbox 2115 3468 3698 3538">
    <p class='ocr_par' dir='ltr' id='par_1_94' title="bbox 2115 3468 3698 3538">
     <span class='ocr_line' id='line_1_96' title="bbox 2115 3468 3698 3538; baseline 0.003 -19"><span class='ocrx_word' id='word_1_753' title='bbox 2115 3468 2245 3519; x_wconf 91' lang='lat' dir='ltr'><strong>lium</strong></span> <span class='ocrx_word' id='word_1_754' title='bbox 2276 3468 2517 3521; x_wconf 89' lang='lat' dir='ltr'><strong>scribere</strong></span> <span class='ocrx_word' id='word_1_755' title='bbox 2542 3482 2836 3537; x_wconf 75' lang='lat' dir='ltr'><strong>aggressus</strong></span> <span class='ocrx_word' id='word_1_756' title='bbox 2865 3475 2969 3521; x_wconf 86' lang='lat' dir='ltr'><strong>est.</strong></span> <span class='ocrx_word' id='word_1_757' title='bbox 2998 3468 3098 3523; x_wconf 86' lang='lat' dir='ltr'><strong>Cui</strong></span> <span class='ocrx_word' id='word_1_758' title='bbox 3130 3468 3347 3538; x_wconf 88' lang='lat' dir='ltr'><strong>quidem</strong></span> <span class='ocrx_word' id='word_1_759' title='bbox 3381 3470 3537 3522; x_wconf 87' lang='lat' dir='ltr'><strong>initio</strong></span> <span class='ocrx_word' id='word_1_760' title='bbox 3566 3484 3698 3538; x_wconf 73' lang='lat' dir='ltr'><strong>prae-</strong></span> 
     </span>
    </p>
   </div>
   <div class='ocr_carea' id='block_1_95' title="bbox 2113 3557 3697 3631">
    <p class='ocr_par' dir='ltr' id='par_1_95' title="bbox 2113 3557 3697 3631">
     <span class='ocr_line' id='line_1_97' title="bbox 2113 3557 3697 3631; baseline 0.003 -20"><span class='ocrx_word' id='word_1_761' title='bbox 2113 3557 2328 3611; x_wconf 88' lang='lat' dir='ltr'><strong>dicandi</strong></span> <span class='ocrx_word' id='word_1_762' title='bbox 2378 3557 2653 3627; x_wconf 83' lang='lat' dir='ltr'><strong>Evangelii</strong></span> <span class='ocrx_word' id='word_1_763' title='bbox 2705 3574 2906 3615; x_wconf 90' lang='lat' dir='ltr'><strong>munus</strong></span> <span class='ocrx_word' id='word_1_764' title='bbox 2945 3568 3028 3613; x_wconf 83' lang='lat' dir='ltr'><strong>est</strong></span> <span class='ocrx_word' id='word_1_765' title='bbox 3059 3563 3436 3616; x_wconf 87' lang='lat' dir='ltr'><strong>commissum.</strong></span> <span class='ocrx_word' id='word_1_766' title='bbox 3479 3560 3556 3615; x_wconf 89' lang='lat' dir='ltr'><strong>De</strong></span> <span class='ocrx_word' id='word_1_767' title='bbox 3587 3578 3697 3631; x_wconf 86' lang='lat' dir='ltr'><strong>qua</strong></span> 
     </span>
    </p>
   </div>
   <div class='ocr_carea' id='block_1_96' title="bbox 2114 3648 3697 3720">
    <p class='ocr_par' dir='ltr' id='par_1_96' title="bbox 2114 3648 3697 3720">
     <span class='ocr_line' id='line_1_98' title="bbox 2114 3648 3697 3720; baseline 0.004 -21"><span class='ocrx_word' id='word_1_768' title='bbox 2114 3665 2172 3702; x_wconf 85' lang='lat' dir='ltr'><strong>re</strong></span> <span class='ocrx_word' id='word_1_769' title='bbox 2218 3650 2271 3701; x_wconf 92' lang='lat' dir='ltr'><strong>in</strong></span> <span class='ocrx_word' id='word_1_770' title='bbox 2317 3648 2423 3700; x_wconf 89' lang='lat' dir='ltr'><strong>alia</strong></span> <span class='ocrx_word' id='word_1_771' title='bbox 2472 3648 2666 3703; x_wconf 80' lang='lat' dir='ltr'><strong>haeresi</strong></span> <span class='ocrx_word' id='word_1_772' title='bbox 2714 3650 2936 3718; x_wconf 89' lang='lat' dir='ltr'><strong>copiose</strong></span> <span class='ocrx_word' id='word_1_773' title='bbox 2986 3651 3422 3720; x_wconf 88' lang='lat' dir='ltr'><strong>disputavimus,</strong></span> <span class='ocrx_word' id='word_1_774' title='bbox 3459 3662 3512 3706; x_wconf 90' lang='lat' dir='ltr'><strong>et</strong></span> <span class='ocrx_word' id='word_1_775' title='bbox 3549 3668 3697 3707; x_wconf 92' lang='lat' dir='ltr'><strong>nunc</strong></span> 
     </span>
    </p>
   </div>
   <div class='ocr_carea' id='block_1_97' title="bbox 2112 3740 3695 3810">
    <p class='ocr_par' dir='ltr' id='par_1_97' title="bbox 2112 3740 3695 3810">
     <span class='ocr_line' id='line_1_99' title="bbox 2112 3740 3695 3810; baseline 0.001 -15"><span class='ocrx_word' id='word_1_776' title='bbox 2112 3740 2302 3795; x_wconf 88' lang='lat' dir='ltr'><strong>eadem</strong></span> <span class='ocrx_word' id='word_1_777' title='bbox 2335 3741 2436 3793; x_wconf 89' lang='lat' dir='ltr'><strong>hoc</strong></span> <span class='ocrx_word' id='word_1_778' title='bbox 2455 3741 2576 3794; x_wconf 91' lang='lat' dir='ltr'><strong>loco</strong></span> <span class='ocrx_word' id='word_1_779' title='bbox 2611 3749 2855 3810; x_wconf 85' lang='lat' dir='ltr'><strong>repetere</strong></span> <span class='ocrx_word' id='word_1_780' title='bbox 2877 3757 3000 3795; x_wconf 91' lang='lat' dir='ltr'><strong>cum</strong></span> <span class='ocrx_word' id='word_1_781' title='bbox 3017 3742 3085 3795; x_wconf 87' lang='lat' dir='ltr'><strong>ad</strong></span> <span class='ocrx_word' id='word_1_782' title='bbox 3106 3744 3353 3797; x_wconf 89' lang='lat' dir='ltr'><strong>veritatis</strong></span> <span class='ocrx_word' id='word_1_783' title='bbox 3372 3742 3551 3809; x_wconf 76' lang='lat' dir='ltr'><strong>(idem,</strong></span> <span class='ocrx_word' id='word_1_784' title='bbox 3582 3754 3695 3798; x_wconf 86' lang='lat' dir='ltr'><strong>tum</strong></span> 
     </span>
    </p>
   </div>
   <div class='ocr_carea' id='block_1_98' title="bbox 2114 3832 3667 3904">
    <p class='ocr_par' dir='ltr' id='par_1_98' title="bbox 2114 3832 3667 3904">
     <span class='ocr_line' id='line_1_100' title="bbox 2114 3832 3667 3904; baseline 0.003 -20"><span class='ocrx_word' id='word_1_785' title='bbox 2114 3832 2181 3885; x_wconf 92' lang='lat' dir='ltr'><strong>ad</strong></span> <span class='ocrx_word' id='word_1_786' title='bbox 2212 3832 2430 3885; x_wconf 90' lang='lat' dir='ltr'><strong>illorum</strong></span> <span class='ocrx_word' id='word_1_787' title='bbox 2463 3833 2870 3887; x_wconf 89' lang='lat' dir='ltr'><strong>convincendos</strong></span> <span class='ocrx_word' id='word_1_788' title='bbox 2911 3848 3126 3887; x_wconf 86' lang='lat' dir='ltr'><strong>errores</strong></span> <span class='ocrx_word' id='word_1_789' title='bbox 3179 3834 3405 3888; x_wconf 89' lang='lat' dir='ltr'><strong>minime</strong></span> <span class='ocrx_word' id='word_1_790' title='bbox 3444 3834 3667 3904; x_wconf 81' lang='lat' dir='ltr'><strong>pigebit.</strong></span> 
     </span>
    </p>
   </div>
   <div class='ocr_carea' id='block_1_99' title="bbox 2187 3923 3691 3995">
    <p class='ocr_par' dir='ltr' id='par_1_99' title="bbox 2187 3923 3691 3995">
     <span class='ocr_line' id='line_1_101' title="bbox 2187 3923 3691 3995; baseline 0.002 -18"><span class='ocrx_word' id='word_1_791' title='bbox 2187 3923 2253 3977; x_wconf 77' lang='grc' dir='ltr'><strong>γ.</strong></span> <span class='ocrx_word' id='word_1_792' title='bbox 2289 3923 2575 3979; x_wconf 68' lang='grc' dir='ltr'><em>Μειιιιιεοιιε</em></span> <span class='ocrx_word' id='word_1_793' title='bbox 2625 3926 2790 3993; x_wconf 85' lang='lat' dir='ltr'><strong>igitur</strong></span> <span class='ocrx_word' id='word_1_794' title='bbox 2837 3926 3045 3994; x_wconf 89' lang='lat' dir='ltr'><strong>primus</strong></span> <span class='ocrx_word' id='word_1_795' title='bbox 3092 3924 3367 3995; x_wconf 79' lang='lat' dir='ltr'><strong>Evangelii</strong></span> <span class='ocrx_word' id='word_1_796' title='bbox 3414 3927 3691 3981; x_wconf 87' lang='lat' dir='ltr'><strong>scribendi</strong></span> 
     </span>
    </p>
   </div>
   <div class='ocr_carea' id='block_1_100' title="bbox 2114 4016 3696 4087">
    <p class='ocr_par' dir='ltr' id='par_1_100' title="bbox 2114 4016 3696 4087">
     <span class='ocr_line' id='line_1_102' title="bbox 2114 4016 3696 4087; baseline 0.003 -19"><span class='ocrx_word' id='word_1_797' title='bbox 2114 4016 2449 4086; x_wconf 88' lang='lat' dir='ltr'><strong>provinciam</strong></span> <span class='ocrx_word' id='word_1_798' title='bbox 2501 4025 2693 4070; x_wconf 86' lang='lat' dir='ltr'><strong>nactus</strong></span> <span class='ocrx_word' id='word_1_799' title='bbox 2721 4024 2826 4079; x_wconf 90' lang='lat' dir='ltr'><strong>est,</strong></span> <span class='ocrx_word' id='word_1_800' title='bbox 2860 4024 2918 4068; x_wconf 91' lang='lat' dir='ltr'><strong>ut</strong></span> <span class='ocrx_word' id='word_1_801' title='bbox 2965 4016 3242 4080; x_wconf 79' lang='lat' dir='ltr'><strong>diximus,</strong></span> <span class='ocrx_word' id='word_1_802' title='bbox 3276 4018 3441 4086; x_wconf 75' lang='lat' dir='ltr'><strong>idque</strong></span> <span class='ocrx_word' id='word_1_803' title='bbox 3489 4019 3537 4071; x_wconf 92' lang='lat' dir='ltr'><strong>ei</strong></span> <span class='ocrx_word' id='word_1_804' title='bbox 3572 4019 3696 4087; x_wconf 89' lang='lat' dir='ltr'><strong>jure</strong></span> 
     </span>
    </p>
   </div>
   <div class='ocr_carea' id='block_1_101' title="bbox 2116 4105 3695 4179">
    <p class='ocr_par' dir='ltr' id='par_1_101' title="bbox 2116 4105 3695 4179">
     <span class='ocr_line' id='line_1_103' title="bbox 2116 4105 3695 4179; baseline 0.002 -20"><span class='ocrx_word' id='word_1_805' title='bbox 2116 4108 2309 4161; x_wconf 90' lang='lat' dir='ltr'><strong>merito</strong></span> <span class='ocrx_word' id='word_1_806' title='bbox 2358 4107 2608 4174; x_wconf 73' lang='lat' dir='ltr'><strong>contigit.</strong></span> <span class='ocrx_word' id='word_1_807' title='bbox 2662 4105 2962 4175; x_wconf 87' lang='lat' dir='ltr'><strong>Oportebat</strong></span> <span class='ocrx_word' id='word_1_808' title='bbox 2995 4108 3140 4159; x_wconf 86' lang='lat' dir='ltr'><strong>enim</strong></span> <span class='ocrx_word' id='word_1_809' title='bbox 3185 4124 3309 4161; x_wconf 89' lang='lat' dir='ltr'><strong>eum</strong></span> <span class='ocrx_word' id='word_1_810' title='bbox 3354 4109 3564 4177; x_wconf 83' lang='lat' dir='ltr'><strong>ipsum,</strong></span> <span class='ocrx_word' id='word_1_811' title='bbox 3599 4110 3695 4179; x_wconf 90' lang='lat' dir='ltr'><strong>qui</strong></span> 
     </span>
    </p>
   </div>
   <div class='ocr_carea' id='block_1_102' title="bbox 2114 4199 3693 4270">
    <p class='ocr_par' dir='ltr' id='par_1_102' title="bbox 2114 4199 3693 4270">
     <span class='ocr_line' id='line_1_104' title="bbox 2114 4199 3693 4270; baseline 0.003 -18"><span class='ocrx_word' id='word_1_812' title='bbox 2114 4200 2181 4253; x_wconf 90' lang='lat' dir='ltr'><strong>ad</strong></span> <span class='ocrx_word' id='word_1_813' title='bbox 2221 4199 2616 4252; x_wconf 88' lang='lat' dir='ltr'><strong>conciliandam</strong></span> <span class='ocrx_word' id='word_1_814' title='bbox 2650 4200 2891 4253; x_wconf 89' lang='lat' dir='ltr'><strong>humano</strong></span> <span class='ocrx_word' id='word_1_815' title='bbox 2935 4202 3120 4270; x_wconf 87' lang='lat' dir='ltr'><strong>generi</strong></span> <span class='ocrx_word' id='word_1_816' title='bbox 3171 4203 3401 4255; x_wconf 89' lang='lat' dir='ltr'><strong>salutem</strong></span> <span class='ocrx_word' id='word_1_817' title='bbox 3455 4202 3693 4257; x_wconf 88' lang='lat' dir='ltr'><strong>advene-</strong></span> 
     </span>
    </p>
   </div>
   <div class='ocr_carea' id='block_1_103' title="bbox 2115 4291 3692 4362">
    <p class='ocr_par' dir='ltr' id='par_1_103' title="bbox 2115 4291 3692 4362">
     <span class='ocr_line' id='line_1_105' title="bbox 2115 4291 3692 4362; baseline 0.001 -18"><span class='ocrx_word' id='word_1_818' title='bbox 2115 4298 2221 4356; x_wconf 88' lang='lat' dir='ltr'><strong>rat,</strong></span> <span class='ocrx_word' id='word_1_819' title='bbox 2248 4291 2449 4360; x_wconf 90' lang='lat' dir='ltr'><strong>quique</strong></span> <span class='ocrx_word' id='word_1_820' title='bbox 2480 4292 2553 4344; x_wconf 91' lang='lat' dir='ltr'><strong>ita</strong></span> <span class='ocrx_word' id='word_1_821' title='bbox 2584 4291 2831 4345; x_wconf 82' lang='lat' dir='ltr'><strong>dixerat:</strong></span> <span class='ocrx_word' id='word_1_822' title='bbox 2865 4292 2988 4346; x_wconf 88' lang='lat' dir='ltr'><strong>Non</strong></span> <span class='ocrx_word' id='word_1_823' title='bbox 3026 4294 3139 4347; x_wconf 82' lang='lat' dir='ltr'><strong>veni</strong></span> <span class='ocrx_word' id='word_1_824' title='bbox 3170 4310 3354 4347; x_wconf 87' lang='lat' dir='ltr'><strong>vocare</strong></span> <span class='ocrx_word' id='word_1_825' title='bbox 3372 4293 3572 4362; x_wconf 80' lang='lat' dir='ltr'><strong>justas,</strong></span> <span class='ocrx_word' id='word_1_826' title='bbox 3602 4294 3692 4349; x_wconf 87' lang='lat' dir='ltr'><strong>sed</strong></span> 
     </span>
    </p>
   </div>
   <div class='ocr_carea' id='block_1_104' title="bbox 2114 4380 3695 4451">
    <p class='ocr_par' dir='ltr' id='par_1_104' title="bbox 2114 4380 3695 4451">
     <span class='ocr_line' id='line_1_106' title="bbox 2114 4380 3695 4451; baseline 0.003 -17"><span class='ocrx_word' id='word_1_827' title='bbox 2114 4390 2409 4450; x_wconf 85' lang='lat' dir='ltr'><strong>peccatores</strong></span> <span class='ocrx_word' id='word_1_828' title='bbox 2439 4380 2507 4432; x_wconf 84' lang='lat' dir='ltr'><strong>ad</strong></span> <span class='ocrx_word' id='word_1_829' title='bbox 2532 4382 2891 4449; x_wconf 69' lang='lat' dir='ltr'><strong>paenitentiam</strong></span> <span class='ocrx_word' id='word_1_830' title='bbox 2918 4383 2972 4449; x_wconf 67' lang='lat'><strong>9;</strong></span> <span class='ocrx_word' id='word_1_831' title='bbox 3000 4382 3069 4435; x_wconf 90' lang='lat' dir='ltr'><strong>ad</strong></span> <span class='ocrx_word' id='word_1_832' title='bbox 3093 4398 3284 4437; x_wconf 89' lang='lat' dir='ltr'><strong>eorum</strong></span> <span class='ocrx_word' id='word_1_833' title='bbox 3313 4384 3403 4451; x_wconf 91' lang='lat' dir='ltr'><strong>qui</strong></span> <span class='ocrx_word' id='word_1_834' title='bbox 3438 4384 3695 4438; x_wconf 87' lang='lat' dir='ltr'><strong>servandi</strong></span> 
     </span>
    </p>
   </div>
   <div class='ocr_carea' id='block_1_105' title="bbox 2113 4474 3695 4548">
    <p class='ocr_par' dir='ltr' id='par_1_105' title="bbox 2113 4474 3695 4548">
     <span class='ocr_line' id='line_1_107' title="bbox 2113 4474 3695 4548; baseline 0.004 -19"><span class='ocrx_word' id='word_1_835' title='bbox 2113 4484 2271 4529; x_wconf 89' lang='lat' dir='ltr'><strong>erant</strong></span> <span class='ocrx_word' id='word_1_836' title='bbox 2294 4474 2624 4544; x_wconf 78' lang='lat' dir='ltr'><strong>exemplum,</strong></span> <span class='ocrx_word' id='word_1_837' title='bbox 2648 4476 2697 4530; x_wconf 89' lang='lat' dir='ltr'><strong>ei</strong></span> <span class='ocrx_word' id='word_1_838' title='bbox 2721 4476 2927 4530; x_wconf 91' lang='lat' dir='ltr'><strong>homini</strong></span> <span class='ocrx_word' id='word_1_839' title='bbox 2956 4478 3298 4547; x_wconf 86' lang='lat' dir='ltr'><strong>potissimum</strong></span> <span class='ocrx_word' id='word_1_840' title='bbox 3335 4478 3695 4548; x_wconf 70' lang='lat' dir='ltr'><strong>praedicanda:</strong></span> 
     </span>
    </p>
   </div>
   <div class='ocr_carea' id='block_1_106' title="bbox 2113 4567 3693 4641">
    <p class='ocr_par' dir='ltr' id='par_1_106' title="bbox 2113 4567 3693 4641">
     <span class='ocr_line' id='line_1_108' title="bbox 2113 4567 3693 4641; baseline 0.004 -18"><span class='ocrx_word' id='word_1_841' title='bbox 2113 4567 2307 4623; x_wconf 83' lang='lat' dir='ltr'><strong>salutis</strong></span> <span class='ocrx_word' id='word_1_842' title='bbox 2342 4584 2540 4623; x_wconf 90' lang='lat' dir='ltr'><strong>munus</strong></span> <span class='ocrx_word' id='word_1_843' title='bbox 2574 4570 2877 4638; x_wconf 67' lang='lat' dir='ltr'><strong>iniungere,</strong></span> <span class='ocrx_word' id='word_1_844' title='bbox 2910 4571 3003 4639; x_wconf 91' lang='lat' dir='ltr'><strong>qui</strong></span> <span class='ocrx_word' id='word_1_845' title='bbox 3027 4571 3095 4625; x_wconf 89' lang='lat' dir='ltr'><strong>ab</strong></span> <span class='ocrx_word' id='word_1_846' title='bbox 3125 4571 3427 4625; x_wconf 91' lang='lat' dir='ltr'><strong>innumeris</strong></span> <span class='ocrx_word' id='word_1_847' title='bbox 3454 4573 3693 4641; x_wconf 87' lang='lat' dir='ltr'><strong>peccatis</strong></span> 
     </span>
    </p>
   </div>
   <div class='ocr_carea' id='block_1_107' title="bbox 2113 4660 3692 4725">
    <p class='ocr_par' dir='ltr' id='par_1_107' title="bbox 2113 4660 3692 4725">
     <span class='ocr_line' id='line_1_109' title="bbox 2113 4660 3692 4725; baseline 0.003 -13"><span class='ocrx_word' id='word_1_848' title='bbox 2113 4672 2440 4721; x_wconf 85' lang='lat' dir='ltr'><strong>conversus,</strong></span> <span class='ocrx_word' id='word_1_849' title='bbox 2481 4667 2535 4713; x_wconf 91' lang='lat' dir='ltr'><strong>et</strong></span> <span class='ocrx_word' id='word_1_850' title='bbox 2572 4674 2603 4712; x_wconf 88' lang='lat' dir='ltr'><strong>a</strong></span> <span class='ocrx_word' id='word_1_851' title='bbox 2634 4660 2836 4714; x_wconf 90' lang='lat' dir='ltr'><strong>telonio</strong></span> <span class='ocrx_word' id='word_1_852' title='bbox 2870 4660 3166 4715; x_wconf 85' lang='lat' dir='ltr'><strong>suscitatus</strong></span> <span class='ocrx_word' id='word_1_853' title='bbox 3200 4660 3401 4725; x_wconf 82' lang='lat' dir='ltr'><strong>fuerat,</strong></span> <span class='ocrx_word' id='word_1_854' title='bbox 3443 4677 3507 4715; x_wconf 90' lang='lat' dir='ltr'><strong>ac</strong></span> <span class='ocrx_word' id='word_1_855' title='bbox 3538 4678 3597 4717; x_wconf 89' lang='lat' dir='ltr'><strong>se</strong></span> <span class='ocrx_word' id='word_1_856' title='bbox 3624 4664 3692 4716; x_wconf 89' lang='lat' dir='ltr'><strong>ab</strong></span> 
     </span>
    </p>
   </div>
   <div class='ocr_carea' id='block_1_108' title="bbox 2113 4750 3691 4818">
    <p class='ocr_par' dir='ltr' id='par_1_108' title="bbox 2113 4750 3691 4818">
     <span class='ocr_line' id='line_1_110' title="bbox 2113 4750 3691 4818; baseline 0.004 -17"><span class='ocrx_word' id='word_1_857' title='bbox 2113 4750 2262 4802; x_wconf 87' lang='lat' dir='ltr'><strong>omni</strong></span> <span class='ocrx_word' id='word_1_858' title='bbox 2314 4751 2519 4805; x_wconf 86' lang='lat' dir='ltr'><strong>scelere</strong></span> <span class='ocrx_word' id='word_1_859' title='bbox 2577 4758 2631 4805; x_wconf 87' lang='lat' dir='ltr'><strong>et</strong></span> <span class='ocrx_word' id='word_1_860' title='bbox 2684 4750 2954 4818; x_wconf 88' lang='lat' dir='ltr'><strong>injustitia</strong></span> <span class='ocrx_word' id='word_1_861' title='bbox 2996 4759 3317 4815; x_wconf 75' lang='lat' dir='ltr'><strong>revocaret,</strong></span> <span class='ocrx_word' id='word_1_862' title='bbox 3363 4760 3422 4805; x_wconf 90' lang='lat' dir='ltr'><strong>ut</strong></span> <span class='ocrx_word' id='word_1_863' title='bbox 3474 4753 3543 4806; x_wconf 91' lang='lat' dir='ltr'><strong>ab</strong></span> <span class='ocrx_word' id='word_1_864' title='bbox 3597 4754 3691 4808; x_wconf 88' lang='lat' dir='ltr'><strong>illo</strong></span> 
     </span>
    </p>
   </div>
   <div class='ocr_carea' id='block_1_109' title="bbox 2115 4841 3690 4910">
    <p class='ocr_par' dir='ltr' id='par_1_109' title="bbox 2115 4841 3690 4910">
     <span class='ocr_line' id='line_1_111' title="bbox 2115 4841 3690 4910; baseline 0.003 -16"><span class='ocrx_word' id='word_1_865' title='bbox 2115 4851 2318 4910; x_wconf 88' lang='lat' dir='ltr'><strong>quanta</strong></span> <span class='ocrx_word' id='word_1_866' title='bbox 2350 4841 2453 4895; x_wconf 91' lang='lat' dir='ltr'><strong>sibi</strong></span> <span class='ocrx_word' id='word_1_867' title='bbox 2480 4849 2624 4897; x_wconf 90' lang='lat' dir='ltr'><strong>esset</strong></span> <span class='ocrx_word' id='word_1_868' title='bbox 2648 4842 2881 4897; x_wconf 89' lang='lat' dir='ltr'><strong>adventu</strong></span> <span class='ocrx_word' id='word_1_869' title='bbox 2917 4844 3119 4898; x_wconf 78' lang='lat' dir='ltr'><strong>Christi</strong></span> <span class='ocrx_word' id='word_1_870' title='bbox 3150 4845 3459 4899; x_wconf 83' lang='lat' dir='ltr'><strong>humanitas</strong></span> <span class='ocrx_word' id='word_1_871' title='bbox 3494 4846 3690 4900; x_wconf 84' lang='lat' dir='ltr'><strong>collata</strong></span> 
     </span>
    </p>
   </div>
   <div class='ocr_carea' id='block_1_110' title="bbox 2118 4932 3694 5005">
    <p class='ocr_par' dir='ltr' id='par_1_110' title="bbox 2118 4932 3694 5005">
     <span class='ocr_line' id='line_1_112' title="bbox 2118 4932 3694 5005; baseline 0.004 -22"><span class='ocrx_word' id='word_1_872' title='bbox 2118 4932 2375 4985; x_wconf 89' lang='lat' dir='ltr'><strong>mortales</strong></span> <span class='ocrx_word' id='word_1_873' title='bbox 2411 4932 2703 4987; x_wconf 89' lang='lat' dir='ltr'><strong>discerent.</strong></span> <span class='ocrx_word' id='word_1_874' title='bbox 2745 4932 2955 5003; x_wconf 87' lang='lat' dir='ltr'><strong>Quippe</strong></span> <span class='ocrx_word' id='word_1_875' title='bbox 3002 4944 3124 5005; x_wconf 77' lang='lat' dir='ltr'><strong>post</strong></span> <span class='ocrx_word' id='word_1_876' title='bbox 3171 4945 3516 5005; x_wconf 90' lang='lat' dir='ltr'><strong>peccatorum</strong></span> <span class='ocrx_word' id='word_1_877' title='bbox 3562 4951 3694 4989; x_wconf 88' lang='lat' dir='ltr'><strong>con-</strong></span> 
     </span>
    </p>
   </div>
   <div class='ocr_carea' id='block_1_111' title="bbox 2117 5022 3692 5090">
    <p class='ocr_par' dir='ltr' id='par_1_111' title="bbox 2117 5022 3692 5090">
     <span class='ocr_line' id='line_1_113' title="bbox 2117 5022 3692 5090; baseline 0.004 -15"><span class='ocrx_word' id='word_1_878' title='bbox 2117 5022 2505 5084; x_wconf 89' lang='lat' dir='ltr'><strong>donationem,</strong></span> <span class='ocrx_word' id='word_1_879' title='bbox 2537 5024 2640 5078; x_wconf 88' lang='lat' dir='ltr'><strong>hoc</strong></span> <span class='ocrx_word' id='word_1_880' title='bbox 2675 5023 2851 5078; x_wconf 91' lang='lat' dir='ltr'><strong>cidem</strong></span> <span class='ocrx_word' id='word_1_881' title='bbox 2884 5026 3175 5090; x_wconf 89' lang='lat' dir='ltr'><strong>concessit,</strong></span> <span class='ocrx_word' id='word_1_882' title='bbox 3214 5033 3272 5079; x_wconf 93' lang='lat' dir='ltr'><strong>ut</strong></span> <span class='ocrx_word' id='word_1_883' title='bbox 3319 5034 3564 5081; x_wconf 90' lang='lat' dir='ltr'><strong>mortuos</strong></span> <span class='ocrx_word' id='word_1_884' title='bbox 3594 5042 3692 5081; x_wconf 81' lang='lat' dir='ltr'><strong>ex-</strong></span> 
     </span>
    </p>
   </div>
   <div class='ocr_carea' id='block_1_112' title="bbox 2116 5114 3692 5187">
    <p class='ocr_par' dir='ltr' id='par_1_112' title="bbox 2116 5114 3692 5187">
     <span class='ocr_line' id='line_1_114' title="bbox 2116 5114 3692 5187; baseline 0.003 -20"><span class='ocrx_word' id='word_1_885' title='bbox 2116 5114 2287 5169; x_wconf 86' lang='lat' dir='ltr'><strong>citare</strong></span> <span class='ocrx_word' id='word_1_886' title='bbox 2316 5123 2500 5184; x_wconf 85' lang='lat' dir='ltr'><strong>posset</strong></span> <span class='ocrx_word' id='word_1_887' title='bbox 2528 5116 2597 5170; x_wconf 85' lang='lat' dir='ltr'><strong>ad</strong></span> <span class='ocrx_word' id='word_1_888' title='bbox 2644 5117 2831 5180; x_wconf 89' lang='lat' dir='ltr'><strong>vitam,</strong></span> <span class='ocrx_word' id='word_1_889' title='bbox 2876 5133 3169 5187; x_wconf 78' lang='lat' dir='ltr'><strong>repurgare</strong></span> <span class='ocrx_word' id='word_1_890' title='bbox 3214 5119 3439 5187; x_wconf 88' lang='lat' dir='ltr'><strong>lepram,</strong></span> <span class='ocrx_word' id='word_1_891' title='bbox 3468 5131 3522 5172; x_wconf 83' lang='lat' dir='ltr'><strong>et</strong></span> <span class='ocrx_word' id='word_1_892' title='bbox 3547 5134 3692 5172; x_wconf 90' lang='lat' dir='ltr'><strong>mor-</strong></span> 
     </span>
    </p>
   </div>
   <div class='ocr_carea' id='block_1_113' title="bbox 2115 5204 3691 5281">
    <p class='ocr_par' dir='ltr' id='par_1_113' title="bbox 2115 5204 3691 5281">
     <span class='ocr_line' id='line_1_115' title="bbox 2115 5204 3691 5281; baseline 0.001 -20"><span class='ocrx_word' id='word_1_893' title='bbox 2115 5204 2216 5263; x_wconf 87' lang='lat' dir='ltr'><strong>bos</strong></span> <span class='ocrx_word' id='word_1_894' title='bbox 2247 5208 2536 5277; x_wconf 85' lang='lat' dir='ltr'><strong>depellere,</strong></span> <span class='ocrx_word' id='word_1_895' title='bbox 2567 5208 2949 5279; x_wconf 71' lang='lat' dir='ltr'><strong>daemonesque</strong></span> <span class='ocrx_word' id='word_1_896' title='bbox 2974 5212 3331 5281; x_wconf 88' lang='lat' dir='ltr'><strong>pr0pulsare:</strong></span> <span class='ocrx_word' id='word_1_897' title='bbox 3360 5226 3428 5265; x_wconf 89' lang='lat' dir='ltr'><strong>ne</strong></span> <span class='ocrx_word' id='word_1_898' title='bbox 3460 5208 3691 5264; x_wconf 90' lang='lat' dir='ltr'><strong>dicendo</strong></span> 
     </span>
    </p>
   </div>
   <div class='ocr_carea' id='block_1_114' title="bbox 2134 5362 3687 5421">
    <p class='ocr_par' dir='ltr' id='par_1_114' title="bbox 2134 5362 3687 5421">
     <span class='ocr_line' id='line_1_116' title="bbox 2134 5362 3687 5421; baseline 0.003 -7"><span class='ocrx_word' id='word_1_899' title='bbox 2134 5362 2313 5417; x_wconf 55' lang='lat' dir='ltr'><strong>‘ibid.</strong></span> <span class='ocrx_word' id='word_1_900' title='bbox 2352 5362 2440 5416; x_wconf 79' lang='grc'><strong>15.</strong></span> <span class='ocrx_word' id='word_1_901' title='bbox 2520 5364 2542 5394; x_wconf 81' lang='grc'><strong><em>⁵</em></strong></span> <span class='ocrx_word' id='word_1_902' title='bbox 2589 5365 2723 5421; x_wconf 89' lang='lat' dir='ltr'><strong>ibid.</strong></span> <span class='ocrx_word' id='word_1_903' title='bbox 2785 5366 2877 5421; x_wconf 72' lang='lat'><strong>‘29.</strong></span> <span class='ocrx_word' id='word_1_904' title='bbox 2953 5366 2971 5397; x_wconf 84' lang='grc'><strong><em>⁸</em></strong></span> <span class='ocrx_word' id='word_1_905' title='bbox 3016 5365 3147 5420; x_wconf 86' lang='lat' dir='ltr'><strong>ibid.</strong></span> <span class='ocrx_word' id='word_1_906' title='bbox 3191 5367 3279 5421; x_wconf 78' lang='lat'><strong>58.</strong></span> <span class='ocrx_word' id='word_1_907' title='bbox 3354 5365 3537 5421; x_wconf 82' lang='lat' dir='ltr'><strong>&#39;ibid.</strong></span> <span class='ocrx_word' id='word_1_908' title='bbox 3596 5365 3687 5420; x_wconf 66' lang='grc'><strong>45.</strong></span> 
     </span>
    </p>
   </div>
   <div class='ocr_carea' id='block_1_115' title="bbox 2120 5547 3689 5623">
    <p class='ocr_par' dir='ltr' id='par_1_115' title="bbox 2120 5547 3689 5623">
     <span class='ocr_line' id='line_1_117' title="bbox 2120 5547 3689 5623; baseline 0.003 -23"><span class='ocrx_word' id='word_1_909' title='bbox 2120 5547 2281 5623; x_wconf 73' lang='grc' dir='ltr'><em>θόντα</em></span> <span class='ocrx_word' id='word_1_910' title='bbox 2307 5591 2323 5613; x_wconf 90' lang='grc'><strong>,</strong></span> <span class='ocrx_word' id='word_1_911' title='bbox 2356 5560 2485 5623; x_wconf 75' lang='lat' dir='ltr'><strong>etc._</strong></span> <span class='ocrx_word' id='word_1_912' title='bbox 2522 5549 2588 5605; x_wconf 90' lang='lat' dir='ltr'><strong>Ut</strong></span> <span class='ocrx_word' id='word_1_913' title='bbox 2635 5551 2797 5607; x_wconf 89' lang='lat' dir='ltr'><strong>dandi</strong></span> <span class='ocrx_word' id='word_1_914' title='bbox 2836 5567 2999 5608; x_wconf 89' lang='lat' dir='ltr'><strong>casus</strong></span> <span class='ocrx_word' id='word_1_915' title='bbox 3045 5552 3340 5623; x_wconf 88' lang='lat' dir='ltr'><strong>Apostolo.</strong></span> <span class='ocrx_word' id='word_1_916' title='bbox 3392 5550 3689 5623; x_wconf 86' lang='lat' dir='ltr'><strong>accusandi</strong></span> 
     </span>
    </p>
   </div>
   <div class='ocr_carea' id='block_1_116' title="bbox 2117 5620 3689 5699">
    <p class='ocr_par' dir='ltr' id='par_1_116' title="bbox 2117 5620 3689 5699">
     <span class='ocr_line' id='line_1_118' title="bbox 2117 5620 3689 5699; baseline 0.004 -29"><span class='ocrx_word' id='word_1_917' title='bbox 2117 5620 2339 5699; x_wconf 71' lang='lat' dir='ltr'><strong>Christo</strong></span> <span class='ocrx_word' id='word_1_918' title='bbox 2398 5620 2724 5678; x_wconf 88' lang='lat' dir='ltr'><strong>tribuatur:</strong></span> <span class='ocrx_word' id='word_1_919' title='bbox 2776 5624 2920 5693; x_wconf 90' lang='lat' dir='ltr'><strong>quod</strong></span> <span class='ocrx_word' id='word_1_920' title='bbox 2975 5620 3535 5693; x_wconf 45' lang='lat' dir='ltr'><strong>nos—interpretando</strong></span> <span class='ocrx_word' id='word_1_921' title='bbox 3591 5636 3689 5677; x_wconf 78' lang='lat' dir='ltr'><strong>se-</strong></span> 
     </span>
    </p>
   </div>
   <div class='ocr_carea' id='block_1_117' title="bbox 2114 5704 2358 5758">
    <p class='ocr_par' dir='ltr' id='par_1_117' title="bbox 2114 5704 2358 5758">
     <span class='ocr_line' id='line_1_119' title="bbox 2114 5704 2358 5758; baseline 0.008 -17"><span class='ocrx_word' id='word_1_922' title='bbox 2114 5704 2358 5758; x_wconf 78' lang='lat' dir='ltr'><strong>quimur.</strong></span> 
     </span>
    </p>
   </div>
  </div>
