4186 6374
494 379 600 433 895

1896 373 1956 429 S.
2013 372 2351 427 EPlPllANlI
2396 416 2397 419 η

3652 369 3757 424 836

494 494 669 547 solum
720 492 1073 563 persuaderet
1122 492 1507 555 auditoribus,
1554 490 1649 546 sed
1706 492 2071 561 evangelicum

2184 492 2267 555 ξαι
2292 492 2400 560 (l8)
2428 489 2731 558 Εύαγγέλια
2758 490 2868 552 τοῖς
2896 487 3304 561 ἀπολλυμένοις,
3330 486 3413 538 ὅτι
3437 482 3761 555 εὖρεθήσον-

492 582 798 635 doctrinam
838 582 995 635 factis
1042 583 1205 636 etiam
1256 582 1390 651 ipsis
1428 582 1787 650 praedicaret;
1829 591 1991 650 atque
2021 587 2076 633 et

495 675 723 742 perditis
754 675 1066 728 hominibus
1090 674 1384 735 nuntiaret,
1413 688 1577 744 posse
1612 674 1731 725 illos
1757 672 2073 741 pmuitendo

2180 601 2269 636 ται
2298 582 2387 634 διὰ
2421 582 2729 651 μετανοίας,
2758 580 2985 642 καὶτοῖς
3016 579 3377 639 πεπτωκόσιν,
3411 577 3493 628 ὅτι
3526 577 3758 645 ἀναστή-

2184 689 2387 735 σονται,
2422 672 2515 723 καὶ
2541 674 2650 732 τοῖς
2679 669 3015 738 τεθνηκόσιν,
3046 670 3127 721 ὅτι
3154 666 3670 737 ζωογονηθήσονται.

491 766 841 833 recuperari;
870 775 923 818 et
964 765 1031 817 iis
1074 764 1168 834 qui
1210 762 1541 828 ceciderant,
1597 773 2007 817 resurrecturos
2039 777 2099 817 se
2132 777 2255 817 esse
2281 780 2294 827 ;
2325 760 2491 832 426
2517 769 2572 815 et
2622 761 2714 831 qui
2749 760 2947 813 mortui
2980 768 3187 823 essent,
3218 759 3379 811 vitam
3427 770 3551 811 esse
3580 756 3763 807 denuo

492 861 908 907 consecuturos.

562 942 661 995 Hic
698 944 865 1012 igitur
897 942 1181 996 Mattlimus
1210 939 1480 995 Hebraica
1513 941 1697 1011 lingua
1730 939 1975 1009 scripsit,
2010 955 2073 994 ac

491 1036 808 1105 praedicavit
840 1034 1213 1103 Evangelium,
1249 1050 1349 1088 nec
1381 1036 1449 1087 ab
1477 1035 1597 1103 ejus
1629 1036 1783 1087 initio
1810 1034 2075 1086 duntaxat

490 1142 722 1181 exorsus
772 1135 886 1193 est;
931 1127 1023 1181 sed
1070 1126 1306 1196 primum
1349 1126 1553 1180 Christi
1604 1127 1976 1196 genealogiam
2008 1126 2076 1179 ab

491 1220 800 1272 Abrahamo
873 1220 1162 1288 pertexuit.
1217 1217 1519 1281 Abraham,
1590 1219 1765 1288 inquit
1808 1218 1843 1282 ¹,
1901 1219 2077 1287 genuit

493 1306 841 1377 lsaac,Isaac
870 1322 1045 1363 autem
1072 1311 1248 1377 genuit
1280 1308 1616 1375 Jacob,etc.,
1640 1326 1815 1379 usque
1841 1310 1906 1363 ad
1935 1310 2082 1365 Jose-

492 1408 655 1471 phtlln
687 1410 740 1455 et
770 1401 1017 1455 Mariam.
1054 1401 1118 1453 Et
1148 1401 1280 1454 illud
1327 1402 1546 1470 quidem
1593 1403 1748 1456 initio
1794 1403 2023 1471 przelixit
2052 1421 2066 1457 :

490 1492 645 1545 Liber
704 1493 1056 1562 generationis
1099 1490 1230 1545 Jesu
1281 1491 1481 1546 Christi
1526 1493 1628 1561 ﬁlii
1673 1493 1879 1558 David;
1922 1494 2073 1547 addit

490 1582 709 1647 deinde,
740 1582 841 1649 ﬁlii
888 1582 1179 1636 Abraham.
1209 1579 1346 1635 Tum
1387 1583 1453 1636 ad
1490 1583 1541 1635 id
1571 1582 1715 1650 quod
1762 1584 2075 1637 instituerat

491 1675 864 1743 progressus:
922 1671 1153 1734 Christi,
1213 1674 1418 1742 inquit,
1469 1675 1736 1743 generatio
1786 1676 1862 1727 sic
1911 1683 2075 1727 erat:

2242 937 2349 989 Kal
2377 927 2531 997 οὗτος
2566 934 2663 1004 μὲν
2693 929 2785 987 οῦν
2833 933 2861 986 ὁ
2912 934 3189 997 Ματθαῖος
3229 934 3536 1005 Ἑϐραϊκοῖς
3568 937 3760 1006 γράμ-

2176 1045 2307 1097 μασι
2340 1026 2542 1096 γράφει
2575 1026 2635 1077 τὸ
2670 1024 3019 1093 Εὑαγγέλιον,
3050 1026 3142 1077 καὶ
3187 1025 3465 1094 κηρύττει.
3501 1028 3611 1079 Καὶ
3652 1028 3761 1098 ἀρ-

2173 1136 2328 1188 χεται
2357 1119 2457 1171 ούκ
2484 1119 2578 1172 ἀπ’
2608 1120 2781 1189 ἀρχῆς
2802 1134 2817 1147 ⁸
2844 1119 2978 1171 ἀλλὰ
3008 1119 3270 1188 διηγεῖται
3301 1118 3399 1187 μὲν
3431 1118 3531 1187 τὴν
3566 1136 3763 1186 γενεα-

2173 1213 2358 1281 λογίαν
2381 1212 2489 1265 ἀπὸ
2518 1211 2612 1263 τοῦ
2640 1211 2902 1282 Ἀϐραάμ.
2927 1210 3200 1280 Ἀϐραὰμ,
3238 1211 3420 1281 φησὶν,
3466 1211 3763 1281 ἐγέννησε

2174 1304 2282 1357 τὸν
2317 1301 2553 1357 Ἰσαάκ·
2587 1302 2795 1356 Ἰσαὰκ
2836 1301 2903 1353 δὲ
2930 1301 3222 1369 ἐγέννησε
3264 1302 3371 1353 τὸν
3393 1302 3621 1368 Ἰακὼϐ,
3663 1303 3763 1356 καὶ

2165 1396 2235 1450 τὰ
2265 1395 2413 1465 ἑξῆς,
2437 1394 2565 1464 ἄχρι
2592 1394 2686 1447 τοῦ
2714 1394 2911 1464 Ἰωσὴφ
2936 1394 3029 1447 καὶ
3049 1395 3302 1462 Μαρίας.
3332 1395 3443 1447 Καὶ
3465 1395 3558 1447 ἀπ’
3578 1396 3762 1464 ἀρχῆς

2168 1491 2374 1553 τάττει,
2418 1488 2625 1556 λέγων’
2663 1490 2880 1553 Βίϐλος
2925 1488 3217 1557 γενέσεως
3240 1488 3442 1555 Ἰησοῦ
3496 1487 3762 1555 Χριστοῦ

2171 1581 2304 1635 υἱοῦ
2332 1579 2510 1633 Audio
2536 1596 2550 1610 °
2579 1577 2695 1633 εἶτά
2729 1597 2888 1650 φησιν
2912 1598 2923 1610 ·
2957 1580 3092 1633 υίοῦ
3127 1579 3394 1647 Ἀϐραάμ.
3428 1576 3557 1631 Εἶτα
3584 1578 3765 1630 ἐλθὸν

2176 1675 2264 1725 ἐπ’
2297 1673 2429 1726 αὐτὸ
2460 1671 2521 1724 τὸ
2554 1670 2903 1741 ζητούμενον,
2941 1671 3102 1741 φησι·
3145 1670 3255 1723 Τοῦ
3290 1670 3357 1722 δὲ
3383 1671 3588 1732 Ἰησοῦ
3628 1673 3765 1739 Χρι-

489 1763 623 1817 Cum
662 1773 797 1818 esset
844 1765 1161 1833 desponsata
1200 1775 1369 1817 mater
1415 1765 1581 1833 ipsius
1634 1764 1814 1818 Maria
1859 1765 2071 1834 Ioseph,

2177 1765 2327 1819 στοῦ
2370 1766 2408 1833 ἠ
2443 1763 2537 1832 Ter
2550 1777 2728 1829 νησις
2753 1763 2940 1827 οὕτως
2963 1758 3042 1831 ἦν
3060 1777 3073 1790 °
3101 1762 3597 1828 Μνηστευθείσης
3643 1761 3764 1827 τῆς

489 1868 769 1925 antequam
800 1858 1148 1921 convenirent,
1180 1858 1387 1909 intenta
1417 1867 1492 1909 est
1524 1858 1575 1910 in
1609 1860 1756 1909 utero
1782 1856 1977 1910 habens
2008 1856 2071 1910 de

488 1942 693 2010 Spiritu
740 1953 944 1997 sancto.
999 1944 1196 2013 Ioseph
1250 1956 1445 2008 autent,
1502 1964 1619 1998 cum
1670 1957 1802 2000 esset
1850 1948 2068 2015 justus,

487 2033 755 2100 qucerebat
805 2036 1003 2087 occulte
1057 2035 1323 2089 dimittere
1366 2036 1534 2090 illam.
1594 2036 1661 2089 Et
1698 2054 1812 2090 ecce
1854 2040 2071 2107 angelus

489 2122 707 2177 Domini
738 2127 982 2193 apparuit
1015 2126 1094 2177 illi
1122 2127 1175 2178 in
1210 2128 1431 2187 somnis,
1466 2128 1642 2181 dicens
1675 2145 1691 2180 :
1726 2128 1855 2181 Noli
1883 2129 2069 2180 dimit-

492 2224 599 2267 tere
629 2217 902 2285 conjugem
932 2227 1097 2269 tuam.
1134 2218 1287 2281 Quod
1317 2220 1453 2272 enim
1486 2222 1539 2271 in
1572 2222 1685 2286 ipsa
1720 2230 1819 2282 est,
1858 2222 1922 2274 de
1954 2220 2071 2289 Spi-

490 2310 599 2359 ritu
644 2320 829 2362 sancto
876 2322 971 2363 est.
1012 2310 1144 2364 Ecce
1185 2313 1322 2365 enim
1365 2315 1534 2378 pariet
1570 2315 1740 2381 ﬁlium
1770 2324 1818 2367 et
1863 2314 2069 2366 vocabis

486 2414 675 2450 nomen
721 2400 834 2467 ejus
882 2398 1087 2453 Iesum.
1139 2403 1241 2453 Hic
1293 2402 1517 2455 salvabit
1565 2404 1812 2471 populant
1852 2420 2005 2456 suum
2039 2420 2071 2455 a

485 2492 733 2559 peccatis.
780 2490 848 2543 Et
890 2492 1007 2555 hoc,
1066 2494 1262 2561 inquit,
1303 2494 1504 2561 factum
1536 2504 1633 2557 est,
1676 2505 1731 2545 ut
1771 2497 2073 2562 impleretur

486 2584 623 2651 quod
657 2584 855 2635 dictum
882 2594 959 2636 est
990 2601 1021 2636 a
1056 2584 1278 2638 Domino
1308 2601 1399 2653 per
1425 2588 1729 2653 prophetam
1760 2588 2015 2641 dicentem
2052 2605 2070 2641 :

491 2670 624 2724 Ecce
658 2671 811 2740 Virgo
840 2674 1112 2739 concipiet,
1146 2685 1252 2729 etc.
1280 2675 1579 2745 Exsurgens
1613 2688 1787 2729 autem
1818 2696 1850 2730 a
1889 2694 2071 2731 somno

487 2764 564 2815 ita
611 2764 734 2831 fecit
782 2765 998 2833 Joseph.
1038 2765 1102 2818 Et
1148 2770 1345 2836 accepit
1390 2784 1609 2821 uxorem
1644 2786 1834 2833 suam;
1881 2779 1931 2823 et
1969 2787 2073 2823 non

487 2858 831 2922 cognoscebat
875 2875 1023 2921 eam,
1054 2860 1215 2912 donec
1250 2862 1443 2927 peperit
1493 2862 1662 2929 ﬁlium
1689 2877 1841 2914 suum
1872 2863 2071 2928 primo-

488 2949 749 3014 genitum;
779 2960 826 3001 et
859 2952 1060 3003 vocavit
1097 2968 1281 3004 nomen
1321 2953 1434 3019 ejus
1464 2951 1668 3004 Jesum.
1705 2951 1883 3022 Pergit
1918 2954 2071 3007 dein-

488 3036 555 3088 de
585 3038 604 3066 ’
639 3052 651 3087 :
687 3036 820 3090 Cum
871 3049 1028 3091 natus
1060 3049 1193 3092 esset
1240 3039 1395 3093 Jesus
1445 3042 1498 3091 in
1538 3040 1834 3091 Bethlehem
1867 3038 2073 3092 Juda'te

2168 1853 2391 1923 μητρὸς
2433 1851 2621 1905 αὐτοῦ
2666 1852 2894 1918 Μαρίας
2920 1849 2999 1914 τῷ
3024 1850 3269 1917 Ἰωσὴφ,
3310 1850 3489 1917 πρινὴ
3538 1855 3763 1903 συνελ-

2174 1946 2298 1999 θεῖν
2329 1946 2571 2010 αὐτοὺς,
2602 1942 2811 2010 εὑρέθη
2853 1944 2921 1995 έν
2955 1944 3165 2011 γαστρὶ
3195 1943 3424 2011 ἔχουσα
3458 1942 3526 1995 ἐκ
3566 1943 3761 1994 Πνεύ-

2167 2054 2355 2104 ματος
2387 2038 2579 2104 ἁγίου.
2609 2035 2716 2088 Kal
2744 2033 2992 2102 Ἰωσὴφ,
3014 2032 3247 2098 δίκαιος
3278 2032 3383 2095 ὢν,
3412 2032 3599 2097 ἐζήτει
3619 2034 3765 2085 ἀπο-

2171 2128 2357 2181 λῦσαι
2402 2126 2600 2194 αὐτὴν
2642 2126 2851 2193 λάθρα.
2898 2127 3010 2179 Kal
3055 2124 3183 2178 ὶδοὺ
3230 2124 3485 2194 ἄγγελος
3535 2124 3763 2190 Κυρίου

2172 2218 2367 2285 ἐφάνη
2398 2214 2559 2279 αὐτῷ
2590 2216 2715 2268 κατ’
2739 2215 2884 2283 ὄναρ
2922 2217 3143 2283 λέγων·
3174 2214 3269 2281 Μὴ
3294 2215 3614 2279 ἀπολύσῃς
3645 2214 3765 2280 τὴν

2172 2308 2425 2376 γυναῖκά
2445 2325 2560 2361 σου
2588 2324 2593 2331 ·
2629 2307 2691 2360 τὸ
2714 2307 2824 2375 γὰρ
2851 2308 2920 2359 ἐν
2944 2306 3100 2375 αὐτῇ
3122 2308 3191 2359 ἐκ
3220 2308 3563 2375 Πνεὺματός
3589 2307 3767 2360 ἐστιν⁵

2172 2400 2535 2468 ἀγίου.Ἰδοὺ
2562 2399 2673 2467 γὰρ
2708 2399 2985 2467 γεννήσει
3034 2398 3188 2462 υἱὸν,
3234 2400 3331 2451 καὶ
3375 2399 3654 2463 καλέσεις
3690 2398 3763 2450 τὸ

2174 2493 2359 2560 ὄνομα
2388 2491 2572 2545 αὑτοῦ
2604 2493 2865 2559 Ἰησοῦν.
2903 2487 3091 2557 Οὗτος
3124 2491 3310 2545 σώσει
3346 2491 3455 2544 τὸν
3474 2491 3626 2544 λαὸν
3655 2494 3767 2545 αὐ-

2173 2583 2278 2634 τοῦ
2303 2583 2421 2636 ἀπὸ
2451 2582 2769 2651 ἁμαρτιῶν.
2796 2582 2904 2636 Καὶ
2926 2582 3122 2646 τοῦτο,
3154 2585 3307 2653 φησι,
3346 2584 3618 2651 γέγονεν,
3659 2583 3769 2635 ἵνα

2173 2674 2457 2743 πληρωθῇ
2480 2675 2546 2728 τὸ
2569 2676 2758 2743 ῥηθὲν
2785 2675 2904 2729 ὑπὸ
2945 2674 3052 2727 τοῦ
3073 2676 3298 2742 Κυρίου
3338 2674 3437 2728 διὰ
3478 2674 3585 2727 τοῦ
3617 2687 3736 2740 προ

2172 2767 2386 2835 φήτου,
2430 2767 2750 2837 λέγοντος’
2798 2766 2957 2821 Ἰδοὺ
3000 2766 3039 2835 ἡ
3087 2767 3390 2833 Παρθένος
3425 2766 3496 2818 έν
3541 2764 3763 2834 γαστρὶ

2172 2856 2315 2920 ἕξει,
2351 2856 2445 2909 καὶ
2484 2856 2553 2908 τὰ
2599 2856 2745 2926 ἑξῆς.
2789 2856 2899 2909 Kal
2942 2856 3225 2925 ἐγερθεὶς,
3258 2858 3443 2925 φησὶν,
3490 2853 3607 2909 ἀπὸ
3652 2853 3767 2906 τοῦ

2173 2948 2390 3011 ὕπνου,
2422 2949 2715 3017 ἐποίησεν
2743 2949 2929 3013 οὕτως
2957 2952 2989 3001 ὁ
3018 2947 3265 3016 Ἰωσήφ.
3314 2949 3421 3002 Καὶ
3464 2948 3766 3015 παρέλαϐε

2174 3040 2289 3106 τὴν
2318 3040 2569 3108 γυναῖκα
2610 3041 2794 3093 αὑτοῦ
2819 3054 2831 3069 ⁸
2868 3040 2967 3093 καὶ
3011 3042 3122 3093 οὑκ
3162 3040 3495 3109 ἐγίνωσκεν
3533 3038 3759 3101 αὐτὴν.

491 3128 543 3178 in
573 3127 754 3181 diebus
785 3131 1012 3184 Herodis
1045 3134 1204 3199 regis,
1231 3148 1345 3185 ecce
1379 3134 1519 3199 magi
1553 3132 1617 3183 ab
1665 3132 1878 3185 Oriente
1917 3147 2067 3183 vene-

2173 3133 2282 3199 ἓως
2308 3129 2380 3188 οὗ
2409 3134 2575 3186 ἔτεκε
2597 3134 2704 3186 τὸν
2726 3133 2859 3187 υἱὸν
2881 3131 3071 3211 αὐτῆς
3098 3131 3206 3183 τὸν
3243 3132 3638 3199 πρωτότοκον·
3660 3128 3766 3182 καὶ

490 3229 613 3269 runt
642 3220 1065 3290 Hierosolymam
1102 3222 1370 3274 dicentes:
1410 3222 1509 3275 Ubi
1553 3232 1629 3275 est
1668 3224 1757 3292 qui
1804 3233 1959 3275 natus
1990 3232 2067 3275 est

490 3323 583 3361 rex
604 3307 913 3363 Juda'ornnt
940 3316 965 3366 ?
1000 3311 1232 3365 Vidimus
1259 3315 1397 3365 enim
1421 3314 1630 3385 stellam
1656 3315 1768 3382 ejus
1798 3316 1851 3366 in
1883 3316 2068 3368 Orien-

492 3409 557 3461 te,
586 3414 633 3453 et
663 3404 892 3455 venimus
925 3403 1150 3455 adorare
1179 3422 1318 3456 eum.
1356 3405 1454 3458 Ubi
1490 3406 1653 3474 igitur
1682 3415 1764 3457 est
1792 3405 2068 3460 Zacharite

493 3491 584 3541 ila
622 3494 802 3546 omnis
841 3494 1105 3546 historia?
1143 3494 1239 3546 Ubi
1286 3503 1414 3546 sunt
1448 3511 1569 3562 qu;e
1604 3511 1632 3546 a
1669 3494 1809 3547 Luca
1845 3512 2070 3548 narran-

494 3583 620 3634 tur?
656 3583 754 3637 Ubi
789 3586 963 3637 visum
998 3586 1127 3638 illud
1161 3586 1379 3654 angeli?
1408 3583 1507 3637 Ubi
1548 3584 1777 3637 Joannis
1812 3584 2069 3654 Baptism

492 3675 822 3742 prophetia?
861 3675 960 3729 Ubi
1000 3678 1298 3745 increpatio
1331 3676 1627 3739 Zachariae,
1664 3685 1721 3727 ut
1771 3677 1917 3744 loqui
1945 3688 2070 3731 ante

492 3782 601 3819 non
638 3777 857 3835 posset,
890 3784 1052 3837 quam
1102 3769 1343 3837 perlecta
1390 3775 1575 3820 essent
1609 3768 1813 3825 omnia,
1847 3783 1967 3835 quae
2002 3769 2070 3820 ab

493 3860 689 3927 angelo
714 3867 873 3912 erant
910 3859 1112 3911 allata?
1145 3858 1247 3912 Ubi
1296 3867 1425 3911 sunt
1468 3874 1590 3927 qua:
1631 3860 1857 3926 angelus
1890 3856 2070 3911 Maria:

493 3950 712 4003 locutus
762 3951 887 4005 est?
917 3949 1019 4003 Ubi
1064 3952 1248 4003 cautio
1299 3951 1389 4003 illa
1432 3964 1495 4002 ac
1546 3950 1869 4018 prudentia,
1904 3964 2068 4018 quam

494 4057 597 4096 suo
631 4042 727 4096 illo
775 4044 843 4096 ad
894 4045 1146 4113 angelum
1182 4057 1448 4111 responso
1480 4041 1649 4094 Maria
1694 4056 1802 4110 pra:
1838 4057 1897 4096 se
1925 4042 2068 4105 tulit,

494 4151 617 4188 cum
663 4136 733 4188 ita
763 4137 913 4188 illum
945 4135 1304 4203 interrogavit
1331 4133 1352 4164 ³
1387 4149 1401 4183 :
1449 4132 1725 4198 Quomodo
1768 4134 1858 4201 [iet
1900 4133 2061 4198 illud,

492 4228 741 4293 quoniam
772 4228 938 4279 virum
988 4242 1091 4278 non
1136 4228 1430 4295 cognosco?
1461 4233 1555 4277 aut
1594 4225 1812 4278 sincera
1846 4225 1937 4277 illa
1972 4241 2070 4277 an-

496 4317 602 4385 geli
633 4328 998 4386 accurataque
1038 4319 1114 4371 rei
1160 4315 1409 4385 gerendae
1440 4316 1779 4385 propositio?
1810 4315 2067 4384 Spiritus,

495 4408 695 4477 inquit,
730 4420 941 4462 sanctus
971 4414 1289 4479 superveniet
1320 4410 1374 4461 in
1407 4422 1486 4471 te,
1529 4420 1576 4461 et
1610 4410 1775 4461 virtus
1809 4407 2071 4461 Altissimi

500 4500 827 4551 obumbrabit
867 4500 988 4556 tibi.

2173 3226 2430 3280 ἐκάλεσε
2462 3225 2528 3278 τὸ
2557 3226 2744 3294 ὄνομα
2784 3225 2970 3279 αὐτοῦ
2997 3226 3260 3293 Ἰησοῦν.
3293 3225 3403 3279 Τοῦ
3445 3224 3513 3276 δὲ
3553 3220 3766 3289 Ἰησοῦ

2174 3318 2587 3386 γεννηθέντος,
2621 3317 2807 3387 φησὶν,
2835 3318 2906 3369 ἐν
2939 3316 3213 3384 Βηθλεὲμ
3248 3316 3357 3383 τῆς
3378 3314 3770 3381 Ἰουδαίαςὲν

2174 3410 2420 3478 ἡμέραις
2461 3407 2717 3475 Ἡρώδου
2757 3407 2865 3460 τοῦ
2908 3407 3231 3471 βασιλέως,
3259 3407 3387 3460 ἰδοὺ
3428 3405 3606 3474 μάγοι
3644 3408 3768 3461 ἀπὸ

2188 3498 2522 3554 Ἀνατολῶν
2539 3500 2933 3568 παρεγένοντο
2976 3502 3064 3564 είς
3103 3498 3517 3567 Ἰερουσαλὴμ,
3560 3497 3771 3565 λέγον-

2176 3608 2299 3655 τες·
2326 3591 2448 3644 Ποῦ
2472 3591 2642 3643 ἐστιν
2669 3594 2701 3643 ό
2721 3591 2950 3657 τεχθεὶς
2967 3590 3268 3653 ,βασιλεὺς
3291 3587 3408 3641 τῶν
3434 3587 3767 3648 Ἰουδαίων-ς

2175 3683 2430 3750 Εἷδομεν
2475 3683 2583 3751 γὰρ
2623 3682 2729 3734 τὸν
2764 3681 2989 3747 ἀστέρα
3017 3682 3203 3734 αὐτοῦ
3228 3680 3297 3733 ἐν
3324 3678 3401 3747 τῇ
3444 3676 3767 3744 Ἀνατολῆ,

2177 3776 2275 3827 καὶ
2320 3774 2581 3841 ἤλθομεν
2611 3772 3033 3840 προσκυνῆσαι
3068 3771 3249 3836 αὐτῷ.
3284 3771 3392 3824 Ποῦ
3424 3767 3517 3823 οὖν
3548 3773 3580 3841 ή
3614 3788 3765 3839 πρα-

2176 3865 2411 3933 γματεία
2464 3863 2558 3915 τοῦ
2605 3864 2913 3931 Ζαχαρίους
2960 3861 3069 3913 Ποῦ
3104 3862 3173 3914 τὰ
3200 3861 3277 3931 τῷ
3328 3862 3511 3930 Λουκᾷ
3548 3876 3766 3927 πεπρα-

2176 3952 2566 4022 γματευμένας
2598 3952 2707 4003 Ποῦ
2757 3954 2790 4023 ἡ
2834 3952 3069 4004 ὀπτασία
3116 3952 3211 4003 τοῦ
3257 3951 3527 4019 ἀγγέλους
3570 3948 3681 4001 Ποῦ
3730 3952 3766 4018 ἠ

2179 4046 2483 4115 προφητεία
2512 4045 2758 4097 Ἰωάννου
2785 4044 2878 4096 τοῦ
2908 4042 3250 4109 Βαπτιστοῦ;
3296 4042 3405 4096 Ποῦ
3446 4042 3542 4094 τοῦ
3586 4044 3766 4111 Ζαχα-

2181 4138 2295 4206 ρίου
2343 4140 2375 4206 ή
2425 4136 2762 4206 ἐπιτίμησις,
2789 4136 2883 4188 τοῦ
2938 4136 3011 4205 μὴ
3063 4135 3323 4189 δύνασθαι
3372 4134 3535 4186 αὑτὸν
3586 4133 3769 4185 λαλεῖν

2177 4228 2336 4295 ἄχρις
2363 4218 2424 4277 οὗ
2458 4225 2682 4294 γένηται
2734 4225 2797 4277 τὰ
2841 4226 2944 4277 ὑπὸ
2986 4225 3079 4278 τοῦ
3117 4225 3348 4292 ἀγγέλου
3387 4223 3765 4293 λελαλημένοις

2178 4313 2286 4366 Ποῦ
2316 4314 2383 4365 τὰ
2412 4313 2515 4365 ὑπὸ
2541 4314 2633 4365 τοῦ
2665 4314 2904 4383 Γαϐριὴλ
2933 4316 2997 4383 τῇ
3031 4314 3291 4383 Παρθένῳ
3326 4312 3618 4383 λεχθέντα;
3653 4311 3767 4364 Ποῦ

2177 4407 2208 4473 ἡ
2260 4404 2604 4474 παράστασις
2654 4403 2751 4471 τῆς
2796 4402 3118 4470 ἀσφαλείας,
3156 4403 3257 4471 τῆς
3306 4403 3443 4473 μετά
3496 4403 3767 4462 συνέσεως

2104 4485 2146 4538 Ῐ)
2175 4498 2272 4565 τῆς
2296 4495 2511 4565 Μαρίας
2539 4493 2687 4563 αὐτῷ
2716 4493 2792 4562 τῷ
2821 4493 3039 4563 ἀγγέλῳ
3061 4494 3478 4564 ἀποκριθείσης,
3508 4494 3587 4556 ὼς
3613 4491 3766 4564 ἡρώ-

488 4603 578 4648 τα,
609 4587 866 4657 λέγουσα·
903 4591 1033 4657 Πῶς
1060 4591 1229 4647 ἔσται
1254 4592 1450 4654 τοῦτο,
1475 4592 1603 4645 ἐπεὶ
1640 4591 1829 4657 ἄνδρα
1868 4592 1939 4643 οὺ
1983 4590 2253 4659 γινώσκω
2276 4606 2292 4651 ;
2318 4589 2412 4640 καὶ
2444 4589 2476 4657 ὴ
2533 4587 2672 4657 μετὰ
2726 4587 3011 4657 ἀκριϐείας
3063 4587 3282 4657 καθαρά
3329 4588 3627 4658 ύφήγησις,
3691 4586 3770 4651 ὠς

491 4674 647 4733 εἶπεν
678 4682 814 4749 αὐτῇ
834 4695 849 4710 ο
896 4682 1136 4750 Πνεῦμα
1166 4680 1385 4750 Κυρίου
1421 4683 1812 4739 ἐπελεύσεται
1844 4683 1940 4735 ἐπὶ
1969 4680 2063 4742 σὲ,
2092 4681 2188 4734 καὶ
2212 4681 2468 4747 δύναμις
2508 4679 2788 4745 Ὑψίστου
2810 4678 3154 4732 ἐπισκιάσει
3178 4696 3281 4733 σοι
3308 4695 3328 4743 ;

580 4769 655 4823 vl.
690 4771 925 4835 Quinam
957 4788 1086 4841 ergo
1122 4773 1323 4827 factum
1354 4775 1693 4842 putabimus,
1733 4783 1792 4827 ut
1818 4790 1939 4843 quae
1973 4773 2072 4829 Lu-

494 4877 590 4915 cas
624 4864 898 4931 exposuit.
930 4879 992 4917 ea
1020 4865 1129 4917 sint
1158 4880 1186 4916 a
1214 4864 1467 4918 Mattlueo
1500 4866 1904 4934 pra-termissa?
1932 4864 2069 4917 Num

490 4952 810 5010 Matthreum
853 4955 922 5009 ab
966 4957 1044 5009 rei
1095 4957 1319 5010 veritate
1369 4956 1683 5026 discrepare
1732 4959 2073 5012 statuemus?

493 5040 656 5113 427
690 5046 769 5098 An
806 5053 999 5099 contra
1045 5046 1097 5099 in
1146 5047 1338 5115 primis
1376 5048 1484 5101 illis
1522 5048 1687 5102 rebus
1714 5052 1901 5117 gestis,
1934 5064 2072 5116 quas

500 5139 784 5192 Matthaeus
835 5136 1177 5206 perscripsit,
1211 5135 1411 5190 Lucam
1462 5138 1642 5208 ipsum
1685 5139 1909 5193 minime
1942 5156 2068 5193 vera

497 5229 795 5283 narrasse?
840 5227 1032 5283 Nonne
1080 5228 1313 5297 singulis
1361 5231 1579 5299 propria
1629 5232 1872 5299 quaedam
1930 5232 2069 5287 Deus

497 5320 766 5387 attribuit,
805 5327 864 5373 ut
897 5322 1244 5389 evangelista
1285 5328 1522 5389 quatuor
1551 5323 1617 5375 ad
1666 5323 2067 5390 praedicandum

499 5412 849 5482 llvangelium
876 5411 1072 5466 delecti
1103 5428 1263 5467 suum
1292 5412 1565 5481 quoddam
1598 5415 1929 5483 praecipuum
1959 5429 2069 5465 mu-

570 5591 583 5619 ¹
617 5589 806 5642 Matth.
841 5606 854 5642 ι
907 5591 928 5643 l
969 5605 1089 5659 sqq.
1168 5609 1187 5621 α
1220 5588 1406 5641 Matth.
1441 5604 1501 5650 ιι,
1538 5590 1555 5640 l
1587 5603 1709 5656 sqq.

2250 4773 2339 4837 (ζ’.
2382 4770 2446 4822 Τί
2469 4766 2560 4821 οὖν
2589 4769 2858 4840 ὲροῦμεν;
2890 4772 3010 4823 ἐπεὶ
3044 4771 3117 4841 μὴ
3157 4771 3524 4841 κατήγγελλεν
3558 4775 3587 4825 ὁ
3615 4774 3772 4826 Ματ-

2179 4863 2327 4925 Gaio;
2382 4862 2446 4914 τά
2486 4861 2591 4914 ὑπὸ
2633 4861 2729 4913 τοῦ
2779 4863 2961 4915 Λουκᾶ
2994 4863 3250 4933 ῥηθέντα,
3282 4865 3390 4934 ἄρα
3439 4864 3773 4934 ἀσύμφωνος

2174 4953 2259 5024 εἴη
2309 4956 2337 5005 ὀ
2372 4954 2525 5020 ἅγιος
2552 4953 2831 5014 Ματθαῖος
2867 4954 3005 5023 πρὸς
3047 4954 3145 5023 τὴν
3178 4954 3467 5025 ἀλήθειαν;
3496 4955 3638 5007 Ἀλλ’
3669 4957 3771 5008 οὐκ

2177 5046 2429 5114 ἀληθεύει
2452 5046 2481 5096 ὁ
2514 5044 2668 5112 ἅγιος
2693 5048 2929 5108 Λουκᾶς,
2955 5045 3126 5097 εἰπὼν
3150 5046 3277 5113 περὶ
3304 5046 3411 5097 τῶν
3436 5046 3671 5116 πρώτων
3693 5048 3770 5117 τῷ

2178 5134 2440 5205 Ματθαίῳ
2467 5136 3046 5206 πεπραγματευμένων
3072 5151 3084 5196 ;
3108 5136 3243 5203 Οὐχὶ
3265 5135 3483 5204 ἑκάστῳ
3510 5135 3773 5205 ἐμέρισεν

2176 5229 2204 5278 ὁ
2238 5226 2387 5289 Θεὸς,
2417 5227 2502 5277 ἵνα
2529 5228 2576 5277 οἱ
2608 5226 2874 5296 τέσσαρες
2895 5226 3300 5293 εύαγγελισταὶ,
3329 5226 3635 5293 ὀφείλοντες
3666 5244 3772 5294 κη·-

2181 5316 2359 5388 ρύξαι,
2395 5316 2631 5387 εῦρωσιν
2659 5318 2887 5377 ἕκαστος
2909 5316 2960 5368 τί
2992 5316 3366 5385 ἑργὰσωνται;
3417 5319 3510 5370 καὶ
3555 5316 3623 5371 τὰ
3673 5318 3776 5386 μὲν

2179 5408 2482 5479 συμφώνως
2533 5409 2627 5462 καὶ
2680 5410 2807 5471 ἴσως
2852 5408 3178 5477 κηρύξωσιν,
3224 5410 3311 5463 ἵνα
3348 5408 3657 5481 δειχοῶσιν,
3690 5410 3776 5462 ὅτι

1779 5586 1799 5617 ³
1834 5585 1966 5638 Luc.
2006 5602 2043 5647 ι,
2077 5584 2167 5644 54,
2196 5584 2283 5638 '55.

570 5763 680 5827 (l8)
738 5760 861 5815 Ἀπ’
896 5759 1082 5814 αὐτοῦ
1116 5758 1221 5813 τοῦ
1261 5762 1438 5827 ἔργου
1477 5761 1749 5829 κηρύξαι.
1780 5761 1887 5814 Aut
1929 5758 2067 5828 κηρύ

2173 5760 2296 5829 leg.,
2344 5768 2436 5813 aut
2464 5760 2555 5812 τοῦ
2585 5760 2839 5832 κηρύξαι.
