4186 6374
453 363 564 424 897

1177 354 1544 413 ADVERSUS
1583 351 1927 410 [LERESES
1963 351 2090 408 LIB.
2137 351 2200 406 11.
2240 351 2402 407 ΤΟΜ.
2445 351 2484 407 1.
2526 384 2595 392 -
2654 352 2927 411 ΗᾸΞΒΕΒ.
2968 353 3053 412 L1.

3617 359 3724 416 898

447 478 509 544 ἐξ
533 477 702 550 αὐτῆς
743 479 842 549 τῆς
874 478 1052 548 πηγῆς
1095 476 1378 548 ὥρμηνται
1397 493 1413 510 ο
1433 476 1505 529 τὰ
1531 476 1588 528 δὲ
1616 475 1830 544 ἑκάστῳ
1854 491 2018 544 παρα·

2142 487 2246 525 nus
2290 472 2589 527 haberent?
2622 471 2699 524 ita
2748 472 2994 542 quidem,
3047 482 3106 527 ut
3156 474 3422 529 nonnulla
3457 455 3723 531 concordi

447 570 742 642 ληφθέντα,
773 569 931 632 ἄλλος
951 569 1286 640 διηγήσεται,
1312 569 1371 632 ὃς
1393 568 1550 620 ἔλαϐε
1571 568 1723 638 παρὰ
1743 566 1836 619 τοῦ
1862 564 2034 618 Πνεύ-

449 681 617 733 ματος
652 664 818 734 μέρος
848 664 950 732 τῆς
983 662 1297 730 ἀναλογίας.
1329 661 1394 713 Τί
1434 662 1495 715 δὲ
1531 662 1849 731 ποιήσομεν,
1879 659 2032 712 Ματ-

446 753 598 806 θαίου
631 755 729 825 μὲν
760 753 1120 825 κηρύττοντος
1154 757 1211 808 ὲν
1246 754 1494 824 Βηθλεὲμ
1546 752 1646 823 τὴν
1676 751 1910 822 Μαριὰμ
1936 767 2030 819 γε-

444 843 785 913 γεννηκέναι,
830 840 972 895 κατὰ
1018 841 1116 905 τὰς
1167 842 1300 913 παρ’
1324 841 1473 912 αὐτῷ
1513 839 1885 909 γενεαλογίας,
1913 837 2021 890 ἀπὸ

457 935 707 1006 Ἀϐραὰμ
731 936 826 989 καὶ
853 936 1016 988 Δαϐὶδ
1037 936 1135 1007 τὴν
1160 935 1422 1006 ἔνσαρκον
1442 931 1677 1004 Χριστοῦ
1700 931 2026 1002 παρουσίαν,

443 1025 519 1087 ὡς
571 1027 668 1096 οὐχ
718 1028 1033 1099 εὑρίσκεται
1079 1031 1108 1081 ὁ
1155 1027 1310 1094 ἅγιος
1342 1027 1568 1097 Μάρκος
1595 1024 1767 1076 ταῦτα
1817 1022 2022 1090 λέγων·

443 1118 580 1170 ἀλλὰ
612 1119 719 1172 ἀπὸ
746 1120 845 1190 τῆς
879 1123 936 1172 ἐν
965 1119 1042 1190 τῷ
1075 1121 1318 1190 Ἰορδάνῃ
1363 1118 1748 1190 πραγματείας
1793 1117 2027 1168 ποιεῖται

441 1211 540 1281 τὴν
574 1212 882 1282 εἰσαγωγὴν
935 1213 1028 1265 τοῦ
1078 1212 1431 1280 Εὑαγγελίου,
1467 1213 1561 1264 καὶ
1606 1209 1800 1278 φησίν·
1854 1207 2025 1275 Ἀρχὴ

443 1304 548 1355 τοῦ
576 1305 945 1372 [εὐαγγελίου
967 1323 980 1335 ο
1004 1307 1085 1371 ὡς
1109 1304 1430 1373 γέγραπται
1453 1304 1520 1355 ἐν
1546 1303 1750 1366 Ἡσαΐᾳ
1778 1298 1858 1364 τῷ
1883 1316 2025 1365 προ-

441 1394 621 1462 φήτῃ.
657 1396 829 1463 Φωνὴ
854 1396 1127 1460 βοῶντος
1169 1397 1238 1450 ἐν
1285 1394 1359 1464 τῇ
1393 1394 1607 1463 ἐρήμῳ.
1637 1392 1793 1446 Οὕτω
1835 1393 1930 1444 καὶ
1959 1392 2028 1443 τά

440 1484 517 1554 τῷ
567 1486 705 1555 ἁγίῳ
757 1487 979 1558 Ἰωάννῃ
1026 1486 1594 1560 πεπραγματευμένα,
1642 1486 1736 1538 καὶ
1781 1485 1840 1536 ὲν
1886 1483 2025 1551 ἁγίῳ

441 1575 718 1646 Πνεύματι
762 1578 1143 1649 ἡσφαλισμένα
1179 1578 1278 1649 τὴν
1325 1577 1579 1648 φροντίδα
1615 1576 1770 1646 ἔσχεν
1801 1575 1862 1628 οὐ
1894 1573 2024 1644 περὶ

439 1660 546 1712 τῶν
579 1663 678 1732 ἤδη
720 1666 1146 1735 κεκηρυγμένων
1175 1665 1433 1728 πολλάκις
1473 1665 1630 1736 μόνον
1657 1664 1855 1730 λέγειν,
1887 1661 2024 1715 ἀλλὰ

440 1753 570 1821 περὶ
593 1753 700 1805 τῶν
735 1756 1049 1823 ἀναγκαίων
1077 1757 1180 1809 ὑπὸ
1209 1757 1316 1810 τῶν
1350 1757 1524 1810 ἄλλων
1550 1758 1630 1819 εἰς
1655 1756 1854 1818 αὐτοὺς
1875 1756 1889 1785 ³
1923 1771 2022 1823 κη-

2135 577 2198 615 ac
2233 572 2605 618 consentanea
2655 579 2788 618 νοςθ
2826 571 3148 630 narrarent,
3187 581 3298 636 quo
3329 583 3387 620 se
3417 583 3480 622 ex
3525 567 3720 623 eodem

2133 652 2385 707 hausisse
2415 652 2568 708 fonte
2613 655 2983 708 monstrarent
3014 671 3030 719 ;
3065 656 3312 725 quaedam
3349 673 3476 711 vero
3509 659 3577 713 ab
3605 659 3722 712 sin-

2131 745 2272 814 gulis
2328 745 2695 814 praetermissa
2744 745 2885 801 alius
2932 756 3267 816 exponeret,
3319 750 3408 802 cui
3463 750 3719 819 privatim

2131 833 2267 888 illud
2291 842 2438 890 esset
2470 850 2500 887 a
2530 834 2736 905 Spiritu
2767 845 2962 890 sancto
3010 851 3109 908 pro
3139 846 3259 893 rata
3296 841 3551 908 portione
3583 856 3717 895 con-

2128 941 2367 980 cessum.
2396 924 2538 992 Quid
2574 926 2740 996 igitur
2774 926 3060 993 faciemus,
3100 945 3224 984 cum
3275 929 3565 987 Matthaens
3599 931 3716 985 Maa

2131 1019 2268 1071 riam
2301 1019 2636 1074 Bethlehemi
2671 1021 2953 1090 peperisse
2999 1022 3225 1087 scribat,
3259 1025 3562 1078 secundum
3594 1041 3716 1094 per-

2129 1110 2388 1178 scriptam
2463 1110 2534 1164 ab
2591 1110 2785 1165 eodem
2845 1113 3254 1183 genealogiam,
3322 1130 3430 1184 qua
3504 1115 3715 1171 Christi

2127 1216 2251 1254 cum
2284 1217 2448 1255 carne
2476 1204 2746 1257 venientis
2777 1205 3044 1274 Originem
3078 1207 3146 1258 ab
3171 1207 3484 1264 Abrahamo
3513 1209 3714 1263 acDa-

2125 1292 2250 1346 vide
2282 1295 2583 1362 pertexuit;
2627 1295 2842 1350 Marcus
2875 1312 3006 1350 vero
3035 1298 3169 1350 nihil
3197 1298 3393 1353 habent.
3415 1299 3710 1369 ejusmodi,

2127 1385 2223 1438 scd
2258 1386 2326 1438 ab
2356 1400 2421 1439 eo
2451 1386 2594 1454 quod
2643 1387 2710 1441 ad
2753 1385 3048 1440 Jordanem
3077 1397 3291 1458 gestum
3324 1401 3428 1453 est,
3465 1393 3710 1461 Evange-

2126 1473 2258 1526 lium
2313 1474 2585 1534 ordiatur,
2643 1477 2715 1528 ita
2767 1478 3062 1531 scribens:
3113 1476 3338 1531 Initium
3383 1479 3711 1551 Evangelii:

2125 1567 2261 1618 sicut
2289 1566 2542 1634 scriptum
2567 1577 2644 1620 est
2670 1569 2723 1621 in
2759 1567 2911 1622 Isaia
2938 1569 3194 1639 propheta
3223 1587 3240 1624 :
3279 1571 3392 1624 Vox
3427 1574 3710 1628 clamantis

2123 1658 2180 1710 in
2217 1656 2423 1712 deserto
2452 1657 2509 1710 ‘?
2543 1657 2634 1712 Sic
2684 1659 2739 1713 in
2779 1660 2848 1716 iis
2893 1677 3014 1730 quae
3049 1663 3241 1717 beatus
3273 1661 3513 1720 Joannes
3550 1681 3712 1721 man-

2124 1746 2274 1800 davit
2307 1751 2601 1804 memoriae.
2635 1767 2864 1820 quseque
2901 1752 3108 1821 Spiritu
3139 1764 3335 1808 sancto
3365 1756 3710 1827 gubernante

445 1845 737 1914 ρυγμάτων
772 1847 1345 1915 καταλειφθέντων.Ἠ
1383 1848 1491 1920 γὰρ
1535 1849 1683 1901 πᾶσα
1710 1846 1816 1900 τῶν
1843 1845 2018 1914 Εὐαγ-

2125 1840 2230 1895 lide
2262 1842 2410 1894 omni
2463 1859 2528 1896 ac
2573 1845 2804 1899 veritate
2857 1846 3100 1900 stabilita
3141 1854 3293 1910 sunt,
3347 1848 3401 1902 id
3452 1849 3706 1904 videlicet

439 1938 634 2004 γελίων
660 1941 914 2004 ὑπόθεσις
934 1941 1175 1994 τοιοῦτον
1204 1937 1316 2011 εἶχε
1343 1941 1565 2012 τρόπον.

2127 1940 2310 1986 actum
2343 1943 2454 1999 est,
2503 1943 2562 1987 ut
2606 1952 2715 1989 non
2759 1938 2935 1990 solum
2972 1953 3036 1991 ea
3077 1954 3198 2008 qua:
3229 1939 3428 2008 saepius
3458 1943 3709 1997 nuntiata

440 2029 676 2092 fuerant,
714 2043 1181 2102 proponerentur;
1215 2033 1310 2088 sed
1349 2041 1405 2087 et
1432 2033 1743 2088 necessaria
1770 2029 2016 2101 quaedam
2053 2025 2384 2079 adderentur
2409 2027 2684 2097 dogmata,
2717 2045 2837 2098 quae
2863 2031 3044 2084 cteteri
3098 2039 3225 2085 ante
3274 2033 3426 2086 illiilli
3485 2034 3708 2089 minime

447 2127 671 2196 scriptis
703 2128 1035 2197 attigissent.
1066 2126 1346 2195 Ejusmodi
1391 2140 1586 2193 nempe
1631 2131 1804 2177 totum
1841 2117 2260 2189 Evangeliorum
2292 2128 2675 2187 argumentum
2706 2120 2828 2174 fuit.

509 2218 788 2272 Ματθαίου
821 2221 918 2289 μὲν
950 2220 1058 2291 γάρ
1087 2218 1452 2290 κεκηρυχότος
1483 2216 1572 2268 τὸν
1617 2213 1849 2284 Χριστὸν
1897 2228 2020 2280 γεν-

439 2308 694 2380 νηθέντα,
721 2311 814 2365 καὶ
864 2313 928 2363 ἐκ
962 2311 1278 2381 Πνεύματος
1319 2309 1474 2377 ἁγίου
1528 2305 1917 2376 συλληφθέντα,
1952 2304 2018 2355 ἐκ

439 2402 754 2472 σπέρματος
786 2402 949 2455 Δαϐὶδ
992 2403 1086 2456 καὶ
1131 2401 1381 2472 Ἀϐραὰμ
1410 2399 1552 2453 κατά
1598 2399 1777 2469 σάρκα
1809 2399 2016 2449 οἰκονο-

441 2491 704 2562 μηθέντα,
736 2492 913 2562 πλάνη
941 2493 1050 2544 τισὶ
1075 2493 1366 2561 γεγένηται
1388 2493 1501 2552 τοῖς
1549 2491 1622 2560 μὴ
1667 2487 1976 2558 νενοηκὸσιν
1998 2503 2012 2516 ο

434 2585 496 2636 οὐ
529 2583 622 2636 τοῦ
655 2583 993 2652 Εὐαγγελίου
1023 2584 1196 2637 αἰτίου
1230 2583 1380 2646 ὄντος
1407 2582 1587 2642 αὐτοῖς
1613 2582 1690 2642 εἰς
1713 2579 1775 2630 τὸ
1808 2577 2015 2647 πλανη-

438 2676 618 2746 θῆναι,
648 2676 784 2730 ἀλλά
825 2677 923 2746 τῆς
967 2677 1146 2729 αὐτῶν
1188 2677 1424 2738 διανοίας
1468 2671 2016 2743 πεπλανημένης.εἱς

435 2767 778 2837 παράστασιν
821 2767 922 2835 τῆς
967 2767 1096 2838 περὶ
1144 2767 1252 2819 τῶν
1305 2765 1484 2820 αὐτῶν
1526 2761 1920 2834 πληροφορίας,
1948 2759 2018 2812 τὰ

435 2857 542 2909 ἀπὸ
593 2857 684 2909 τοῦ
726 2857 1063 2925 Εὐαγγελίου
1110 2861 1252 2929 κακῇ
1289 2858 1515 2929 ὑπονοίᾳ
1562 2847 2015 2933 ²ἐπινενοημένα.

441 2949 632 3001 Ἔνθεν
658 2947 766 3019 γὰρ
798 2949 848 3001 οί
875 2949 1004 3019 περὶ
1049 2948 1321 3020 Κήρινθον
1352 2951 1447 3003 καὶ
1479 2950 1710 3006 Ἐϐίωνα
1741 2953 1896 3022 ψιλὸν
1921 2953 2012 3008 τὸν

435 3039 720 3109 ἄνθρωπον
777 3039 1062 3110 κατέσχον,
1116 3041 1210 3094 καὶ
1252 3041 1549 3112 Μήρινθον,
1595 3045 1690 3098 καὶ
1732 3043 2005 3109 Κλεόϐιον,

2193 2207 2329 2263 Cum
2363 2209 2650 2265 Matth-acus
2679 2212 2921 2281 genitum
2948 2211 3230 2268 Christum
3263 2222 3429 2286 atque
3452 2232 3483 2270 e
3514 2226 3710 2271 sancto

2125 2297 2334 2368 Spiritu
2379 2311 2746 2370 conceptum,
2798 2317 2862 2357 ac
2909 2303 2977 2358 de
3007 2303 3230 2360 Davidis
3277 2314 3332 2360 et
3379 2305 3703 2373 Abrahami,

2123 2392 2266 2460 quod
2312 2391 2379 2445 ad
2425 2407 2648 2448 carnem
2697 2395 2926 2458 attinet,
2969 2411 3170 2466 genere
3223 2405 3554 2467 prognatum
3603 2415 3707 2454 sua

2123 2487 2437 2537 narratione
2463 2485 2871 2554 descripsisset,
2905 2489 3186 2542 nonnullis
3213 2489 3592 2561 ignorantibus
3618 2506 3705 2545 er-

2121 2575 2262 2627 roris
2300 2575 2445 2629 istud
2475 2578 2826 2632 occasionem
2873 2578 3043 2632 dedit.
3073 2579 3246 2647 Cujus
3285 2581 3503 2649 quidem
3535 2597 3706 2638 causa

2120 2681 2228 2718 non
2257 2665 2550 2736 Evangelio
2582 2667 2682 2736 ipsi
2715 2667 3040 2728 tribuenda;
3070 2670 3164 2722 sed
3203 2668 3340 2723 falsa
3367 2670 3582 2723 illorum
3614 2685 3706 2724 ac-

2118 2757 2362 2810 cusanda
2393 2773 2571 2820 mens,
2597 2759 2690 2828 qui
2724 2759 2789 2813 ad
2818 2758 2870 2812 id
2907 2759 3052 2829 quod
3090 2768 3242 2815 certo
3274 2761 3378 2816 sibi
3402 2760 3703 2832 persuase-

2119 2855 2262 2911 rant,
2291 2863 2575 2918 perperam
2607 2858 2863 2919 acceptas
2905 2867 2969 2905 ex
3014 2851 3312 2923 Evangelio
3344 2855 3707 2910 auctoritates

2118 2939 2628 2993 accommodabant.
2688 2939 2830 2994 Hinc
2881 2942 3024 2996 enim
3075 2941 3412 3006 Cerinthus,
3463 2953 3518 2998 et
3567 2943 3704 2999 Ebio

2113 3030 2320 3084 nudum
2372 3031 2649 3085 hominem
2707 3031 2882 3087 fuisse
2915 3031 3192 3087 Christum
3245 3035 3504 3098 asseruit,
3546 3042 3608 3088 ut
3648 3043 3704 3090 ct

435 3128 609 3182 εἶτουν
661 3127 991 3182 Κλεόϐουλον
1026 3130 1158 3199 (l9),
1206 3132 1300 3184 ml
1347 3133 1631 3198 Κλαύδιον,
1664 3135 1761 3187 καὶ
1803 3139 2013 3207 Δημᾶν,

2120 3121 2442 3190 Merinthus,
2469 3133 2523 3178 et
2542 3124 2825 3188 Clcohius,
2851 3125 2967 3180 sive
2988 3125 3305 3191 Cleobulus,
3337 3133 3391 3181 et
3414 3127 3701 3189 Claudius,

435 3221 528 3270 καὶ
571 3218 902 3289 Ἑρμογένην
937 3219 1069 3287 (20),
1102 3222 1228 3284 τοὺς
1250 3222 1642 3292 ἀγαπήσαντας
1666 3225 1757 3277 τὸν
1784 3225 2016 3279 ἐνταῦθα

433 3309 628 3371 αἰῶνα,
661 3312 755 3363 καὶ
803 3311 1234 3382 καταλείψαντας
1281 3314 1379 3384 τὴν
1427 3315 1542 3368 ὁδὸν
1585 3316 1685 3385 τῆς
1735 3315 2012 3387 ἀληθείας.

447 3401 847 3470 ’Λντιλέγοντες
898 3404 1006 3474 γὰρ
1052 3407 1163 3468 τοῖς
1208 3404 1303 3458 τοῦ
1351 3407 1553 3478 Κυρίου
1602 3407 1868 3478 μαθηταῖς
1893 3412 2012 3462 κατ’

434 3497 611 3548 ἐκεῖνο
640 3496 856 3568 καιροῦ,
892 3498 1000 3550 ἀπὸ
1031 3499 1129 3568 τῆς
1159 3498 1299 3551 κατὰ
1326 3499 1418 3553 τὸν
1444 3500 1695 3571 Ἀϐραάμ
1722 3501 1816 3554 καὶ¹
1848 3502 2013 3554 Δαϐὶδ

431 3585 783 3653 γενεαλογίας
829 3586 931 3657 τὴν
955 3587 1134 3641 αὐτῶν
1163 3589 1346 3641 ἄνοιαν
1382 3593 1652 3662 παριστᾷν
1679 3592 2001 3664 ἐπειρῶντο·

431 3675 490 3727 οὐ
526 3675 705 3739 καλῶς
751 3677 850 3747 μὲν
874 3679 1130 3748 οἰόμενοι,
1164 3680 1304 3751 πλὴν
1330 3681 1578 3736 ἐντεῦθεν
1605 3684 1703 3754 τὴν
1740 3686 2010 3756 πρόφασιν

433 3766 760 3837 θηρώμενοι.
780 3770 1120 3838 Ἀντέλεγον³
1153 3772 1256 3843 γὰρ
1288 3774 1546 3838 πολλάκις
1581 3777 1686 3829 ὑπὸ
1729 3778 1822 3830 τοῦ
1855 3779 2010 3846 ἁγίου

445 3857 688 3912 Ἰωάννου
729 3862 823 3913 καὶ
864 3861 970 3915 τῶν
1011 3864 1146 3933 ἀμφ’
1178 3865 1378 3928 αὐτῶν,
1408 3868 1642 3920 Λευκίου
1698 3871 1792 3922 καὶ
1839 3870 2011 3924 ἄλλων

433 3949 660 4005 πολλῶν.
692 3953 1086 4024 Παρατρίψασα
1112 3957 1170 4009 δὲ
1196 3958 1393 4027 ἑαυτῆς
1416 3959 1477 4012 τὸ
1500 3959 1768 4030 μετώπιον
1798 3963 1830 4033 ἡ
1859 3963 2008 4016 ἀναι-

433 4041 678 4109 σχυντία,
709 4043 874 4115 ἑαυτῇ
910 4045 1056 4098 κακά
1087 4047 1493 4101 ἐπισπάσασθαι
1525 4049 1956 4122 ἐφιλοτιμήσατο.

499 4299 677 4364 Εὐθὺς
706 4301 763 4355 δὲ
793 4304 931 4374 μετά
959 4305 1051 4358 τὸν
1082 4304 1361 4359 Ματθαϊον
1389 4304 1501 4376 (21)
1539 4304 1830 4369 ἀκόλουθος
1857 4307 2010 4375 γενό-

2111 3230 2176 3270 ac
2205 3214 2421 3281 Dcmas,
2466 3225 2520 3272 et
2562 3215 2952 3287 Hermogenes,
2988 3220 3080 3288 qui
3125 3218 3436 3274 dilexerunt
3465 3220 3568 3274 hoc
3595 3236 3698 3275 sac-

2109 3307 2315 3369 culum,
2398 3315 2451 3362 et
2493 3308 2639 3362 viam
2687 3309 2940 3364 veritatis
2995 3311 3336 3379 reliquerunt
3380 3311 3423 3365 ⁵.
3482 3311 3700 3382 Quippe

2112 3397 2328 3454 Domini
2353 3401 2640 3471 discipulis
2665 3417 2762 3472 per
2784 3402 2838 3457 id
2865 3409 3080 3472 tempus
3121 3403 3564 3458 contradicentes
3590 3403 3694 3464 illi,

2107 3509 2174 3548 ex
2199 3493 2401 3547 Christi
2446 3494 2760 3563 genealogis
2799 3494 2868 3547 ab
2907 3493 3220 3548 Abrahamo
3252 3501 3306 3548 et
3336 3493 3542 3548 Davide
3575 3511 3700 3564 per-

2107 3586 2270 3639 ducta
2292 3584 2561 3640 insaniam
2592 3600 2746 3639 suam
2772 3585 3130 3661 corroborare
3156 3585 3505 3641 studuerunt.
3536 3587 3696 3653 Quod

2107 3677 2211 3731 etsi
2244 3690 2526 3744 perperam
2574 3676 2626 3728 in
2671 3675 2917 3729 animum
2952 3676 3303 3742 induxerant,
3333 3677 3697 3732 nihilominus

2109 3767 2258 3819 illinc
2287 3765 2632 3819 occasionem
2679 3766 2826 3819 nacti
2870 3773 3016 3820 sunt.
3061 3765 3128 3819 Et
3159 3765 3399 3821 Joannes
3454 3767 3694 3836 quidem,

2108 3857 2337 3925 ejuSque
2380 3854 2668 3924 discipuli,
2699 3855 3045 3926 maximeque
3087 3855 3322 3921 Lucius,
3357 3867 3412 3910 et
3450 3857 3542 3910 alii
3575 3857 3694 3926 ple—

2108 3945 2266 4014 rique
2307 3945 2537 3998 istorum
2582 3945 2876 3999 conatibus
2902 3946 3102 4014 sapius
3145 3944 3312 4016 428
3339 3946 3692 4001 obstiterant.

2111 4034 2217 4087 Sed
2255 4033 2516 4086 nimirmn
2551 4033 2644 4086 ubi
2673 4033 2842 4088 semel
2891 4033 3125 4088 frontem
3160 4050 3315 4088 suam
3353 4035 3691 4104 impudentia

2109 4121 2430 4192 perfricuit,
2465 4123 2610 4176 mala
2657 4123 2762 4177 sibi
2813 4122 2984 4177 multa
3023 4123 3284 4194 deinceps
3339 4126 3693 4181 accumulare

2109 4231 2218 4267 non
2249 4214 2476 4268 destitit.

2177 4306 2366 4377 itaque
2393 4314 2517 4377 post
2555 4305 2868 4362 Mattbaeum
2909 4311 3093 4364 statim
3139 4308 3346 4374 Marco,
3378 4311 3471 4381 qui
3505 4309 3691 4364 Romae

503 4487 519 4560 ξ
553 4484 614 4560 Ε,
651 4484 866 4560 «ardva
909 4485 930 4516 ³
963 4483 1164 4541 Deesse
1221 4484 1438 4540 videtur
1491 4484 1760 4539 nonnihil.
1837 4485 1860 4517 ⁸
1893 4482 1955 4538 F.
1990 4484 2018 4537 ά

2111 4484 2358 4553 ιλέγοντο,
2397 4495 2452 4540 et
2494 4497 2641 4546 mox,
2697 4483 2834 4553 ἀμφ’
2868 4483 3048 4537 αὐτόν.
3127 4483 3150 4515 ⁸
3179 4483 3347 4542 Marc.
3379 4503 3393 4540 ι
3422 4526 3437 4550 ,
3481 4488 3506 4540 1
3561 4503 3685 4560 sqq.

426 4556 448 4586 ⁸
478 4555 519 4610 Il
555 4555 694 4611 Tim.
731 4571 804 4619 tv,
838 4553 891 4610 9.

502 4713 763 4785 (19)](αὶ
797 4713 1111 4785 Κλεόϐιοτς,
1145 4711 1348 4785 εἶτουν
1395 4707 1795 4785 Κλείξϐουιξον.
1834 4704 1987 4785 lgna:

2111 4713 2314 4785 intest,
2364 4705 2453 4761 uti
2490 4708 2600 4785 duo
2647 4709 2894 4785 ejusdem
2937 4713 3176 4785 nominis
3221 4712 3403 4767 Demze
3455 4713 3716 4772 fuerint.‘

429 4789 533 4840 tius
567 4775 634 4836 ad
675 4784 979 4837 Trallianos
1011 4780 1461 4857 :tl’sdysﬁenxai
1500 4777 1571 4857 τὰ
1613 4775 1718 4857 του.
1750 4776 1988 4846 πονηροῦ

427 4857 644 4926 ἔγγονα,
672 4855 946 4926 Θεόδοτον,
975 4853 1080 4926 καὶ.
1105 4847 1531 4926 Κλεόϐουλον-τὰ
1555 4847 1830 4915 γεννῶντα
1856 4863 1992 4926 καρ-

981 4903 1084 4977 Ubi
1114 4903 1632 4997 non_Nicolaitarum
1655 4903 1990 4997 propagines

428 4985 766 5068 istosl‘uisse
785 4985 980 5068 docet,
1011 5000 1070 5045 ut
1110 5002 1195 5068 est
1222 4991 1275 5043 in
1309 4989 1509 5068 Annal.
1530 5026 1544 5050 ,
1575 4985 1670 5068 sed
1699 4985 1991 5068 τοῦπονη-

428 5067 523 5136 ροῦ
554 5065 772 5137 ἔγγονα,
826 5065 930 5137 hoc
949 5056 1061 5137 _est_
1091 5061 1355 5137 daemonis
1390 5059 1551 5113 fetus.
1584 5056 1854 5137 imposuit
1879 5059 1990 5137 {tn-

425 5127 640 5190 naliuin'
662 5127 918 5202 scriptori
949 5133 1174 5186 Latinus
1215 5131 1504 5198 interpres,
1540 5127 1634 5197 qui
1659 5128 1733 5180 ita
1764 5127 1942 5181 reddit
1971 5144 1986 5182 :

425 5207 642 5274 Fugite,
677 5205 906 5274 perversi
940 5204 1088 5274 illius
1123 5211 1353 5274 nepotes.

495 5265 608 5346 (Ξο,
629 5265 871 5344 λημᾶν,
924 5273 1021 5326 καὶ
1045 5265 1442 5346 ’Ἐριιογένηῃ
1495 5265 1868 5321 Theodoretus
1893 5345 1896 5346 ν
1921 5265 1988 5346 ad

423 5344 467 5400 ll
494 5338 636 5400 Tim.
687 5338 742 5399 οἷ
770 5338 865 5408 iv,
899 5338 1609 5408 eumdemillumeemam
1650 5352 1773 5408 esse
1808 5343 1985 5408 putat,

421 5417 514 5485 qui
565 5415 738 5483 Epist.
794 5405 863 5488 ad
922 5412 1152 5488 Philem.
1212 5407 1550 5488 et.__Colo§s.
1583 5422 1636 5488 tv
1696 5405 1985 5488 laudatur;

421 5475 625 5555 quique
659 5485 919 5538 s:eculum
946 5483 1204 5555 diligens,
1241 5479 1433 5555 relicto
1471 5477 1676 5555 Paulo,
1707 5475 1984 5555 discessit.

423 5547 774 5628 Sed-mutato
802 5553 1034 5628 consilio
1056 5547 1131 5605 ad
1162 5549 1392 5628 Paulum
1435 5547 1725 5628 revertisse
1759 5547 1979 5628 quidam

418 5627 750 5680 existimant.
805 5625 1087 5693 Chrysost.
1117 5635 1245 5675 vero
1282 5627 1402 5693 post
1435 5617 1792 5672 honoriﬁcam
1833 5617 1978 5669 illam

419 5695 486 5768 tle
512 5712 578 5750 eo
607 5691 938 5768 mentionem
972 5710 1001 5745 a
1031 5691 1198 5768 Paulo
1229 5691 1690 5768 _se_j_t_lnctum.esse
1715 5694 1892 5768 putat,
1924 5695 1981 5766 ut

418 5765 513 5822 illa
556 5766 622 5820 ad
668 5766 895 5819 Philem.
935 5770 1061 5818 ante
1103 5761 1142 5815 ll
1178 5762 1244 5816 ad
1276 5754 1418 5815 Tim.
1451 5758 1656 5828 scripta
1702 5754 1795 5812 sit.
1837 5754 1980 5812 Fieri

2093 4776 2250 4852 apud
2282 4778 2453 4852 lgnat.
2484 4776 2757 4852 Epist._ad
2794 4779 3100 4852 Magnesios
3128 4785 3451 4838 nominatur
3482 4787 3682 4840 Damas

2093 4846 2494 4919 Magnesiornm
2530 4846 2846 4919 episcopus.

2163 4865 2494 4971 ignesmrnm
2530 4865 2846 4919 episcopus.

2163 4936 2174 4972 t
2231 4918 2518 4992 l)_Et901)¢
2565 4919 2632 4972 δὲ
2667 4922 2820 4992 μετὰ
2861 4921 2970 4973 τὸν
3009 4921 3330 4976 Ματθαῒον.
3381 4921 3461 4975 Ex
3511 4939 3680 4992 prava

2088 4986 2338 5041 Cornarii
2375 4986 2826 5058 interpretatione
2872 4999 2964 5045 aut
2996 4992 3133 5046 falsa
3163 5000 3256 5045 aut
3283 4993 3449 5046 dubia
3481 4986 3546 5047 ei
3591 4994 3678 5051 his

2088 5058 2277 5130 verbis
2307 5059 2535 5114 historia
2565 5061 2865 5130 Colligitur,
2893 5062 3113 5130 jussum
3168 5077 3197 5115 a
3238 5062 3400 5116 Petro
3432 5061 3678 5117 Marcum

2087 5129 2374 5182 historiam
2427 5129 2738 5198 scripsisse.
2789 5129 3073 5185 Sic’enim
3117 5132 3426 5187 Cornarius
3480 5151 3493 5187 :
3545 5133 3677 5187 Post

2089 5199 2402 5271 Matthaatrn‘.
2448 5211 2672 5255 secutus
2726 5208 2810 5254 cst
2843 5200 3077 5271 Marcus,
3115 5203 3307 5271 jussus
3343 5218 3374 5256 a
3411 5203 3469 5256 S.
3511 5201 3676 5255 Petro

2091 5267 2277 5321 Romze
2323 5267 2674 5337 Evangelium
2723 5271 2905 5326 edere.
2965 5267 3226 5324 Neutrum
3283 5273 3478 5326 horum
3539 5272 3675 5326 dicit

2087 5338 2281 5408 Epiph.
2331 5349 2426 5411 aut
2455 5339 2599 5392 Petri
2624 5339 2787 5407 jussu
2810 5381 2824 5403 ,
2855 5348 2949 5394 aut
2991 5342 3178 5396 Romae
3208 5344 3502 5411 scripsisse
3530 5341 3675 5396 Mar-

2087 5425 2233 5470 cum,
2267 5409 2362 5464 sed
2403 5411 2506 5462 hoc
2537 5417 2772 5472 tantum,
2809 5413 3068 5466 comitem
3099 5413 3252 5466 illum
3287 5409 3474 5467 Romae
3500 5411 3673 5468 fuisse

2087 5479 2255 5542 Petri,
2293 5490 2346 5533 et
2379 5479 2773 5550 ἐπιτρέπεσθαι
2816 5480 2878 5534 τὸ
2928 5483 3260 5550 Εὑαγγὲλιον
3301 5482 3582 5535 ἐκθέσθαι.
3631 5485 3670 5536 Α

2088 5496 2255 5542 rem,
2293 5496 2346 5533 et
2379 5496 2773 5601 επιτὲεπεσυαι
2816 5496 2878 5534 το
2928 5496 3260 5550 Ευαγγελιον
3301 5496 3582 5535 εκυεσυαι.
3631 5496 3670 5536 Α

2088 5550 2366 5618 quonam?
2415 5550 2460 5601 A
2548 5551 2714 5618 piritu
2764 5559 2978 5607 sancto.
3011 5553 3190 5606 [nscio
3222 5554 3366 5606 enim
3401 5552 3564 5607 Petro
3602 5553 3671 5606 ad

2089 5619 2440 5690 scribendum
2492 5633 2784 5689 aggressus
2841 5629 2962 5684 est,
3018 5622 3279 5677 Romanis
3333 5623 3385 5677 id
3437 5624 3506 5675 ah
3548 5627 3669 5690 ipso

2088 5689 2511 5758 postulantibus,
2549 5699 2607 5742 ut
2628 5699 2821 5745 auctor
2850 5700 2937 5746 est
2972 5691 3198 5747 Hieron.
3248 5693 3342 5748 lib.
3381 5692 3454 5747 De
3483 5689 3668 5759 script.

2087 5759 2297 5824 cccles.,
2323 5767 2378 5816 et
2423 5759 2623 5816 Euseb.
2653 5761 2748 5816 lib.
2784 5776 2844 5826 ll,
2872 5777 2904 5816 c
2956 5763 3044 5818 M.
3074 5762 3230 5828 Quod
3259 5779 3388 5817 cum
3423 5765 3669 5819 audisset
