4186 6374
488 385 596 445 899

1888 383 1950 439 S.
1990 380 2337 439 EPIPHANII

3643 385 3768 437 $00

494 505 670 561 sancti
692 503 838 559 Petri
858 517 1041 559 comes
1061 502 1541 571 fuerat,scrihendi
1560 503 1836 577 Evangelii
1855 507 2074 576 provin-

2182 523 2339 576 μενος
2367 507 2395 559 ὁ
2422 504 2647 574 Μάρκος
2678 502 2757 575 τῷ
2788 502 2931 573 άγίῳ
2963 503 3155 572 Πέτρῳ
3198 502 3257 554 ἐν
3292 498 3503 571 Ῥώμῃ,
3539 498 3771 570 ἐπιτρέο

495 595 583 649 cia
616 596 998 649 committitur.
1030 594 1185 660 Quod
1221 610 1346 649 cum
1382 594 1619 662 fecisset,
1655 611 1685 649 a
1723 597 1881 650 beato
1912 595 2075 650 Petro

502 689 553 740 in
584 684 883 757 Egyptum
914 688 1173 741 mittitur.
1204 685 1335 739 Erat
1368 686 1457 741 hic
1492 704 1637 743 unus
1670 704 1700 742 e
1731 702 1879 741 Lxxu
1913 688 2076 743 disci-

495 779 662 849 pulis,
698 780 789 849 qui
827 779 901 834 ob
944 794 1252 833 sermonem
1285 779 1437 832 illum
1470 780 1704 849 dispersi
1735 788 1881 845 sunt,
1912 796 2075 851 quem

498 867 763 927 Dominus
792 872 1043 926 elocutus
1094 870 1311 926 fuerat:
1358 868 1483 924 Nisi
1520 872 1635 941 quis
1681 870 2075 925 manducauerit

495 979 711 1016 carnem
739 980 931 1029 meam,
963 973 1013 1018 et
1052 964 1238 1018 biberit
1267 966 1573 1034 sanguinem
1593 1005 1607 1030 ,
1642 981 1743 1017 non
1776 974 1854 1017 est
1881 981 1960 1017 me
1992 964 2076 1017 di-

494 1071 629 1125 gnus
657 1054 701 1120 ¹,
735 1056 809 1108 uti
844 1056 1028 1110 sciunt
1071 1057 1161 1125 qui
1194 1055 1549 1125 Evangelium
1594 1057 1839 1125 legerint.
1872 1053 2074 1109 Verum

498 1146 588 1199 ille
622 1146 766 1201 Petri
802 1162 965 1217 opera
1004 1163 1276 1211 reversus,
1310 1163 1371 1201 ac
1416 1147 1621 1217 Spiritu
1668 1156 1861 1201 sancto
1899 1146 2074 1215 reple-

499 1246 585 1291 tus
639 1239 1025 1293 conscribendi
1091 1240 1367 1310 Evangelii
1416 1255 1615 1294 munus
1665 1240 1894 1309 accepit.
1946 1238 2077 1295 Inde

501 1344 657 1398 porro
687 1330 818 1383 illud
848 1347 1076 1385 exorsus
1110 1340 1214 1393 est,
1252 1331 1395 1385 unde
1427 1329 1666 1401 Spiritus
1690 1348 1813 1386 eum
1850 1341 2075 1387 sanctus

495 1423 735 1492 impulit,
762 1430 816 1477 et
853 1438 883 1476 a
928 1440 996 1477 xv
1025 1424 1227 1477 Tiberii
1272 1424 1504 1478 Cresaris
1535 1440 1679 1479 anno
1712 1425 1945 1494 sumpsit
1974 1426 2076 1479 ini-

493 1512 663 1579 tium;
699 1513 792 1585 qui
828 1522 911 1569 est
936 1532 1041 1568 xxx
1072 1515 1139 1569 ab
1165 1531 1260 1579 eo,
1304 1515 1449 1569 unde
1484 1514 1771 1571 Mattbazus
1804 1517 2077 1571 narratio-

493 1620 615 1659 nem
635 1605 930 1659 inchoavit.
952 1604 1318 1672 Quamobrem
1342 1623 1465 1661 cum
1494 1607 1769 1663 secundus
1793 1595 1881 1663 hic
1904 1609 2077 1665 Evan-

492 1698 613 1769 gelii
648 1698 885 1768 scriptor
918 1700 1250 1766 exstitisset;
1282 1717 1380 1754 nec
1409 1702 1477 1755 de
1498 1700 1660 1756 Verbi
1686 1701 1779 1757 Dei
1812 1703 1866 1756 in
1898 1713 2074 1761 terras

2178 616 2338 651 πεται
2362 597 2422 650 τὺ
2454 597 2785 667 Εὐαγγέλιω
2810 597 3067 651 ἐκθέσθαι
3089 614 3101 625 ·
3132 596 3224 649 καὶ
3257 595 3469 667 γράψας
3494 594 3771 647 ἀποστέλ-

2176 691 2325 745 λεται
2360 692 2464 745 ὑπὸ
2493 690 2588 744 τοῦ
2621 692 2779 761 ἁγίου
2809 692 3015 762 Πέτρου
3064 692 3144 753 είς
3190 688 3287 759 τὴν
3313 687 3420 741 τῶν
3446 687 3769 754 Αἰγυπτίων

2177 784 2379 856 χώραν.
2407 775 2575 848 Οὗτος
2604 785 2660 839 δὲ
2693 782 2773 848 εἷς
2808 785 3103 856 ἐτύγχανεν
3138 784 3250 853 (22)
3293 784 3356 835 ὲκ
3389 780 3766 853 τῶνέὸδομηο

2178 873 2434 927 κονταδύο
2481 875 2591 928 τῶν
2632 874 3162 947 διασκορπισθέντων
3210 871 3302 925 ἐπὶ
3345 870 3423 940 τῷ
3458 872 3683 940 ῥήματι,
3713 862 3770 936 ᾧ

2176 959 2330 1019 εἶπεν
2354 967 2382 1019 ὁ
2412 963 2636 1037 Κύριος·
2686 966 2819 1019 Ἐὰν
2841 965 2927 1035 μή
2954 966 3047 1031 τίς
3069 981 3188 1034 μου
3215 962 3373 1031 φάγῃ
3394 960 3509 1027 τὴν
3537 959 3766 1027 σάρκα,

2177 1059 2275 1112 καὶ
2310 1060 2416 1127 πίῃ
2458 1059 2523 1113 τὸ
2573 1053 2735 1129 αἷμα,
2760 1060 2871 1113 οὐκ
2900 1058 3031 1112 ἔστι
3059 1075 3177 1127 μου
3220 1056 3415 1119 ἄξιος·
3446 1054 3522 1117 ὡς
3542 1056 3656 1116 τοίς
3689 1052 3766 1105 τὰ

2178 1152 2487 1220 Εύαγγέλια
2535 1152 2827 1220 ἀναγνοῦσι
2882 1150 3057 1221 σαφὴς
3102 1152 3135 1220 ἡ
3187 1143 3765 1218 παράστασις.”υμως

2178 1243 2263 1297 διὰ
2316 1243 2520 1316 Πέτρου
2561 1243 2889 1315 ἀνακάμψας
2920 1239 3361 1310 εὐαγγελίζεσθαι
3386 1236 3767 1300 καταξιοῦται,

2177 1335 2456 1407 Πνεύματι
2498 1336 2638 1406 ἁγίῳ
2680 1335 3425 1407 ὲμπεφορημένος.”Δρχεται
3462 1331 3519 1383 δὲ
3555 1329 3767 1400 κηρύτ-

2176 1444 2311 1491 τειν,
2347 1428 2467 1481 ὅθεν
2493 1429 2552 1483 τὸ
2580 1428 2805 1499 Πνεῦμα
2834 1427 2982 1498 αὐτῷ
3026 1424 3486 1498 παρεκελεύσατο,
3519 1422 3615 1492 τὴν
3656 1422 3763 1493 ἀρ-

2177 1520 2277 1590 χὴν
2331 1520 2540 1574 τάττων
2596 1521 2703 1573 ἀπὸ
2759 1518 3248 1572 πεντεκαιδεκάτου
3297 1519 3450 1578 ἔτους
3508 1514 3765 1583 Τιϐερίου

2178 1612 2455 1683 Καίσαρος
2512 1610 2648 1681 μετά
2697 1612 2790 1682 ἔτη
2834 1611 3128 1682 τριάκοντα
3179 1611 3278 1681 τῆς
3331 1612 3426 1665 τοῦ
3479 1611 3765 1666 Ματθαίου

2180 1702 2584 1772 πραγματείας.
2621 1702 2886 1772 Δευτέρου
2928 1701 2987 1754 δὲ
3028 1701 3321 1772 γενομένου
3353 1700 3764 1770 εὐαγγελιστοῦ,

492 1806 522 1843 e
558 1789 699 1843 cmlo
746 1789 969 1860 delapsu
1017 1792 1305 1860 perspicue
1340 1792 1724 1863 signiﬁcasset,
1760 1811 2073 1866 quanquam

2182 1794 2273 1846 καὶ
2300 1795 2374 1864 μὴ
2414 1795 2541 1866 περὶ
2568 1795 2666 1864 τῆς
2692 1795 2897 1848 ἀνωθεν
2943 1795 3273 1862 καταγωγῆς
3298 1793 3432 1847 Θεοῦ
3464 1795 3637 1862 Λόγου
3663 1813 3768 1865 τη-

498 1895 755 1949 expresse
786 1881 836 1935 id
866 1883 1090 1936 omnino
1127 1884 1423 1937 declaravit
1464 1903 1478 1938 :
1515 1901 1700 1938 verum
1730 1901 1854 1938 cum
1894 1888 2075 1941 minus

2182 1856 2394 1952 λαυγῶς
2426 1856 2799 1955 σημάνάντος·
2845 1884 2982 1937 ἀλλά
3024 1856 3199 1954 πάντη
3246 1856 3345 1955 μὲν
3384 1856 3765 1956 ἐμφαντικῶς,

498 1970 547 2025 id
583 1980 840 2027 accurate
877 1982 1289 2042 pertractasset,
1328 1974 1458 2027 hinc
1504 1991 1655 2029 nova:
1699 1977 1947 2046 quaedam
1997 1985 2075 2031 te-

495 2065 677 2119 nebrae
708 2066 948 2132 illorum,
980 2082 1119 2135 quos
1159 2068 1321 2137 paulo
1355 2078 1480 2122 ante
1506 2071 1950 2134 commemoravi,
1990 2070 2076 2124 in-

497 2156 668 2224 geniis
706 2157 912 2211 oborta:
944 2166 1108 2223 sunt;
1141 2175 1207 2213 ne
1253 2175 1349 2214 eos
1393 2163 1743 2229 evangelicus
1774 2162 1861 2215 ille
1894 2162 2078 2231 splen-

500 2248 595 2303 :lor
637 2250 955 2304 illustraret.
1004 2248 1095 2305 Sic
1133 2252 1278 2305 enim
1326 2252 1402 2305 illi
1440 2252 1725 2323 jactabant
1758 2270 1770 2304 :
1806 2252 1945 2309 Ecce
1977 2254 2077 2308 tibi

496 2354 696 2394 novum
722 2340 789 2394 de
816 2341 1036 2394 Christo
1065 2343 1339 2411 proditum
1369 2355 1453 2398 est
1481 2342 1855 2414 Evangelium,
1886 2346 1939 2399 in
1968 2360 2079 2415 quo

496 2432 644 2485 nulla
674 2432 742 2487 de
779 2433 988 2487 coalesti
1036 2435 1126 2487 illa
1169 2436 1519 2503 generatione
1563 2438 1802 2503 mentio;
1842 2437 1937 2492 sed
1973 2438 2078 2491 hoc

496 2539 667 2577 unum
709 2533 1015 2577 memorat:
1069 2523 1133 2577 In
1168 2523 1408 2579 Jordane
1442 2527 1710 2580 descendit
1752 2526 1988 2591 Spiritus
2025 2530 2079 2582 in

497 2614 684 2678 illum;
716 2625 765 2668 et
795 2631 892 2668 v0.1:
921 2617 1060 2670 :Hic
1093 2626 1170 2669 est
1199 2615 1376 2670 Filius
1418 2634 1562 2671 meus
1597 2619 1843 2684 dilectus,
1886 2623 1939 2673 in
1971 2638 2079 2691 quo

498 2708 628 2760 mihi
654 2709 949 2777 complacui
973 2711 1015 2761 ².

573 2797 681 2852 Vll.
714 2781 848 2854 Ct'tm
882 2800 1047 2868 igitur
1074 2800 1141 2855 iis
1173 2801 1226 2855 in
1257 2802 1419 2857 rebus
1449 2811 1559 2856 tam
1588 2803 1926 2859 incredibilis
1961 2806 2081 2860 illo-

496 2906 617 2947 rum
631 2900 942 2947 versaretur
959 2896 1217 2958 amentia,
1252 2895 1487 2963 Spiritus
1508 2905 1731 2951 sanctus
1744 2898 1958 2951 beatum
1978 2897 2083 2951 Lu-

497 2999 617 3038 cam
648 2985 881 3040 occultis
916 2984 1244 3055 quibusdam
1292 2987 1529 3042 stimulis
1574 2989 1741 3058 cogit,
1773 2998 1821 3043 ct
1853 2991 2077 3053 excitat,

500 3085 558 3130 ut
600 3092 664 3131 ex
709 3078 977 3131 altissima
1029 3078 1119 3131 illa
1166 3080 1423 3149 voragine
1473 3094 1744 3134 caecorum
1794 3081 2079 3136 hominum

498 3178 709 3223 mentes
750 3169 1041 3235 educeret,
1089 3178 1144 3224 et
1180 3187 1300 3240 qua:
1345 3170 1560 3226 fuerant
1606 3172 1673 3225 ab
1709 3173 1830 3226 aliis
1861 3182 2081 3243 praeter-
2106 3199 2152 3260 α

499 3260 668 3313 missa
722 3260 944 3329 scriptis
996 3262 1440 3327 commendaret,
1488 3277 1555 3315 ne
1600 3262 1724 3331 quis
1773 3277 1802 3315 a
1848 3264 2081 3319 veritate

498 3346 717 3417 longius
770 3350 1033 3403 aberrans
1084 3349 1368 3414 crederet,
1414 3350 1618 3404 Christi
1669 3353 2079 3421 generationem

500 3439 569 3493 ab
604 3454 669 3493 eo
698 3441 845 3495 velut
875 3439 1055 3493 [ictam
1093 3439 1332 3495 fabulam
1368 3440 1538 3497 fuisse
1570 3446 1929 3512 propositam.
1976 3444 2082 3501 Sed

499 3530 806 3585 orationem
838 3530 928 3585 ille
968 3546 1124 3585 suam
1156 3531 1415 3602 deinceps
1445 3532 1598 3587 eﬂ‘ert
1634 3535 1818 3599 altius,
1854 3552 1918 3591 ac
1956 3552 2083 3591 cum

500 3622 757 3678 subtilius
783 3632 1023 3692 exponat
1058 3624 1264 3688 omnia,
1291 3626 1369 3679 rei
1412 3635 1577 3695 gesta:
1607 3627 1801 3681 seriem
1829 3639 2084 3684 accurate

500 3714 875 3784 prosequitur,
908 3721 961 3767 et
993 3710 1060 3765 ad
1103 3714 1317 3767 veritati
1356 3713 1659 3769 faciendam
1706 3715 1863 3769 [idem
1915 3725 2083 3773 testes

502 3804 627 3859 illos
667 3805 923 3874 proponit
956 3803 1012 3857 in
1060 3803 1320 3868 medium,
1354 3806 1446 3875 qui
1479 3806 1647 3859 divini
1681 3808 1827 3859 verbi
1866 3806 2084 3863 fuerant

503 3896 835 3957 administri.
883 3893 975 3950 Sic
1018 3895 1162 3950 enim
1209 3896 1452 3965 loquitur
1481 3898 1500 3926 ³
1528 3914 1540 3947 :
1572 3898 1837 3963 Quoniam
1872 3899 2081 3968 quidem

502 3986 657 4039 multi
688 3986 864 4039 conati
887 3994 1010 4039 sunt
1038 3988 1119 4055 (ut
1151 3987 1465 4050 nonnullos,
1507 3989 1598 4058 qui
1646 3988 1697 4042 id
1738 3992 1920 4043 conati
1968 3992 2083 4045 fue-

503 4085 650 4141 rant,
698 4076 989 4139 indicaret,
1036 4077 1355 4131 Cerintliuui
1406 4078 1689 4142 videlicet,
1729 4080 2080 4148 Merinthuni,

500 4177 556 4222 et
584 4168 767 4237 alios).
793 4168 974 4238 Pergit
999 4184 1128 4223 vero
1158 4169 1369 4222 :Visum
1392 4180 1467 4222 est
1498 4171 1626 4222 milii
1654 4172 1890 4239 deinceps
1920 4172 2086 4244 429

505 4276 745 4315 assecuta
772 4278 804 4314 a
848 4263 1107 4330 principio
1140 4261 1417 4330 diligenter
1450 4278 1536 4315 eos
1570 4263 1659 4331 qui
1694 4262 1791 4330 ipsi
1822 4264 2080 4329 viderunt,

501 4360 552 4403 et
584 4350 823 4404 ministri
857 4352 1116 4406 sermonis
1162 4350 1397 4417 fuerunt,
1445 4350 1672 4403 scribere
1720 4352 1848 4418 tibi,
1894 4355 2084 4421 optime

509 4441 786 4512 Theophila
826 4457 845 4495 :
887 4443 1001 4496 sive
1044 4442 1110 4495 ad
1166 4440 1525 4511 TheOphilum
1588 4444 1895 4513 quempiam
1947 4445 2085 4497 scri-

2178 1976 2239 2028 ού
2298 1977 2403 2045 μὴν
2452 1976 2591 2029 κατά
2639 1975 3026 2044 ἀκριϐολογίαν
3068 1975 3359 2045 τοσαύτην,
3410 1976 3601 2045 γέγονε
3645 1979 3768 2038 τοῖς

2180 2067 2623 2137 προειρημένοις,
2657 2069 2735 2130 είς
2762 2067 3012 2140 δεύτερον
3048 2069 3313 2121 σκότωσιν
3336 2068 3443 2120 τῶν
3470 2069 3770 2138 διανοημά-

2178 2178 2306 2223 των,
2340 2159 2433 2212 τοῦ
2464 2160 2537 2230 μὴ
2566 2160 2969 2231 καταξιωθῆναι
2992 2161 3130 2232 πρὸς
3161 2161 3440 2231 φωτισμὸν
3464 2162 3556 2215 τοῦ
3587 2163 3772 2231 Εὐαγ-

2180 2250 2383 2318 γελίου,
2418 2250 2685 2319 λεγόντων
2728 2252 2929 2313 αὐτῶν,
2960 2252 3044 2304 ὅτι
3072 2251 3203 2305 Ἰδοὺ
3240 2251 3491 2324 δεύτερον
3520 2253 3773 2320 Εύαγγέυ

2180 2341 2291 2394 λιον
2326 2360 2391 2394 πε
2400 2342 2454 2413 pl.
2481 2341 2719 2413 Χριστοῦ
2754 2345 3035 2413 σημαῖνον,
3061 2344 3156 2397 καὶ
3183 2342 3422 2415 ούδαμοῦ
3451 2343 3651 2398 ἀνωθεν
3677 2343 3772 2395 λέ-

2182 2452 2294 2502 γων
2342 2434 2440 2505 τὴν
2486 2434 2772 2504 γέννησιν·
2814 2433 2952 2487 ἀλλά
2993 2451 3192 2504 φησιν·
3234 2436 3331 2487 Ἐν
3367 2432 3447 2499 τῷ
3487 2433 3768 2501 Ἰορδάνῃ

2183 2524 2445 2593 κατῆλθε
2476 2526 2540 2578 τὸ
2576 2526 2815 2594 Πνεῦμα
2844 2526 2934 2578 ἐπ’
2968 2527 3174 2592 αὑτὸν,
3211 2527 3310 2580 καὶ
3347 2527 3517 2595 φωνή
3538 2543 3551 2556 ·
3575 2523 3773 2594 Οὗτός

2180 2618 2353 2670 ἐστιν
2388 2620 2421 2671 ό
2462 2617 2595 2683 Υἱὸς
2628 2621 2661 2671 ό
2695 2617 3021 2687 ἀγαπητὸς,
3054 2617 3147 2687 ἐφ’
3177 2617 3249 2672 ὃν
3277 2619 3611 2687 ηὑδόκησα.

2254 2800 2325 2851 Ζ⁹.
2369 2797 2585 2868 Ἐπειδὴ
2610 2798 2667 2851 δὲ
2700 2797 2873 2851 ταῦτα
2901 2798 3071 2862 οὕτως
3097 2800 3153 2852 ὲν
3182 2802 3297 2863 τοῖς
3323 2800 3585 2863 τοιούτοις
3604 2800 3773 2872 ἀνοή-

2182 2904 2291 2949 τως
2320 2887 2572 2950 ἐτελεῖτο,
2601 2888 2900 2956 ἀναγκάζει
2943 2889 3005 2941 τὸ
3050 2890 3204 2957 ἆγιον
3238 2889 3487 2959 Πνεῦμα,
3518 2891 3613 2942 καὶ
3646 2891 3774 2943 ἐπι-

2185 2978 2364 3031 νύττει
2407 2979 2499 3031 τὸν
2541 2980 2694 3049 ἆγιον
2719 2982 2956 3044 Λουκᾶν,
2988 2980 3063 3043 ὡς
3088 2981 3198 3034 ἀπὸ
3228 2981 3425 3052 βάθους
3454 2982 3771 3035 κατωτάτου

2186 3068 2371 3139 (κατὰ)
2407 3069 2506 3140 τὴν
2534 3069 2773 3123 διάνοιαν
2803 3071 2910 3123 τῶν
2941 3071 3311 3142 ἠπατημένων
3336 3073 3647 3139 ἀνενέγκαι,
3674 3074 3774 3125 καὶ

2184 3161 2252 3213 τά
2300 3161 2404 3214 ὑπὸ
2447 3160 2555 3215 τῶν
2602 3161 2777 3215 ἄλλων
2822 3163 3251 3231 καταλειφθέντα
3293 3160 3453 3227 αὖθις
3488 3165 3775 3218 ἐπιϐάλλε-

2186 3254 2336 3306 σθαι·
2374 3255 2459 3306 ῖνα
2489 3258 2561 3325 μή
2590 3272 2673 3317 τις
2704 3254 2813 3307 τῶν
2834 3256 3267 3327 πεπλανημένων
3291 3257 3555 3328 ἡγήσεται
3588 3257 3777 3327 μυθω-

2183 3345 2287 3410 δῶς
2318 3347 2479 3399 αὑτὸν
2509 3347 2782 3418 ἐκφράσαι
2810 3347 2909 3419 τὴν
2946 3350 3461 3419 γέννησιν.Ἔπειτα
3511 3351 3773 3421 ἀνωφερῆ

2182 3437 2273 3489 τὸν
2298 3436 2453 3504 λόγον
2500 3438 2817 3508 ἐργάζεται·
2849 3439 2939 3491 διά
2965 3440 3023 3492 δὲ
3055 3441 3154 3509 τὴν
3183 3441 3468 3510 ἀκρίϐειαν
3500 3440 3772 3510 λεπτομεοο

2188 3531 2297 3601 ρῶς
2330 3530 2425 3601 τὴν
2459 3533 2642 3585 πᾶσαν
2670 3533 3053 3603 πραγματείαν
3077 3532 3322 3600 διέξεισι,
3356 3535 3452 3588 καὶ
3480 3536 3560 3597 είς
3593 3532 3773 3602 παρά-

2187 3639 2376 3675 στασιν
2412 3622 2670 3694 ἀληθείας
2700 3624 3061 3695 ἐμμάρτυρας
3094 3626 3221 3688 τοὺς
3252 3626 3532 3695 ὑπηρέτας
3556 3624 3649 3677 τοῦ
3682 3624 3773 3678 λό-

2184 3729 2280 3780 γου
2344 3712 2669 3783 γενομένους
2709 3715 3054 3783 παρεισάγει,
3110 3715 3364 3783 φάσκων·
3424 3716 3770 3784 Ἐπειδήπερ

2185 3803 2399 3856 πολλοὶ
2454 3803 2885 3871 ἐπεχείρησαν·
2938 3804 3025 3857 ἵνα
3070 3804 3221 3867 τινάς
3273 3806 3371 3876 μὲν
3418 3806 3770 3877 έπιχειρητάς

2184 3893 2353 3965 δείξῃ,
2382 3895 2525 3964 φημὶ
2574 3894 2631 3945 δὲ
2679 3895 2805 3957 τοὺς
2841 3895 2969 3967 περὶ
3006 3896 3302 3967 Κήρινθον,
3331 3898 3425 3949 καὶ
3467 3896 3769 3967 Μήρινθον,

2186 3986 2279 4037 καὶ
2308 3986 2433 4049 τοὺς
2456 3986 2665 4049 ἄλλους.
2703 3983 2835 4040 Εἶτα
2858 3987 2911 4039 τί
2942 4005 3141 4058 φησιν;
3180 3988 3396 4052 Ἔδοξε
3421 3989 3599 4058 κάμοὶ
3629 3992 3771 4043 καθ-

2183 4077 2330 4144 εξῆς
2388 4078 2945 4145 παρηκολουθηκότι
2995 4078 3224 4133 ἀνωθεν
3273 4080 3399 4145 τοῖς
3447 4082 3772 4147 αὺτόπταις

2185 4172 2281 4223 καὶ
2313 4170 2636 4239 ὑπηρέταις
2667 4170 2773 4224 τοῦ
2802 4171 2989 4240 λόγου
3018 4172 3363 4241 γενομένοις
3396 4173 3615 4241 γράψαι
3645 4190 3766 4237 σοι,

2186 4262 2459 4330 κράτιστε
2478 4264 2750 4332 Θεόφιλε,
2775 4264 2965 4317 Εῖτουν
2995 4265 3103 4318 τινὶ
3131 4264 3375 4334 Θεοφίλῳ
3397 4266 3517 4317 τότε
3543 4266 3771 4336 γράφων

2185 4353 2342 4405 τοῦτο
2387 4353 2590 4421 ἔλεγεν,
2643 4353 2675 4424 ἦ
2726 4357 2889 4409 παντὶ
2942 4356 3213 4428 ἀνθρώπῳ
3260 4358 3392 4411 Θεὸν
3436 4359 3764 4427 ἀγαπῶντι·

2186 4444 2319 4510 Περὶ
2350 4437 2454 4508 ὧν,
2489 4447 2641 4515 φησὶ,
2673 4446 3020 4515 κατηχήθης
3041 4449 3240 4517 λόγων
3269 4449 3385 4516 τὴν
3405 4450 3765 4518 ἀσφάλειαν.

508 4536 642 4590 bens
670 4537 742 4588 ita
776 4534 993 4599 dixerit,
1030 4536 1144 4587 sive
1173 4544 1444 4588 amantem
1491 4534 1582 4589 Dei
1617 4537 1914 4604 quemlibet
1941 4538 2078 4590 allo-

2186 4534 2291 4585 Kal.
2325 4534 2423 4603 τὴν
2462 4536 2559 4604 μὲν
2590 4539 2891 4609 κατήχησιν
2925 4539 3372 4609 προτεταγμένην
3402 4540 3661 4609 ἔφασκεν,
3693 4542 3771 4607 ὡς

503 4635 705 4695 quatur
738 4643 751 4677 :
795 4642 999 4687 eorum,
1035 4625 1229 4694 inquit,
1258 4626 1529 4680 verborum
1574 4627 1637 4682 de
1675 4628 1861 4698 quibus
1904 4630 2085 4682 erudi-

507 4727 592 4771 tus
638 4733 693 4771 es
742 4719 1035 4771 veritatem.
1116 4714 1216 4771 Ubi
1294 4720 1611 4772 nonnullam
1683 4720 2082 4774 institutionem

507 4811 874 4864 antecessisse
903 4808 1193 4879 signiﬁcat,
1222 4825 1329 4878 qua
1359 4810 1427 4864 ab
1456 4810 1579 4865 aliis
1613 4810 1724 4880 jam
1754 4822 1871 4866 erat
1902 4812 2082 4865 imbu-

2181 4627 2283 4696 ᾕῖη
2316 4626 2422 4678 ὑπὸ
2450 4627 2626 4680 ἄλλων
2661 4629 2759 4698 μὲν
2807 4630 3239 4700 κεκατηχῆσθαι,
3272 4632 3373 4683 οὐκ
3417 4632 3675 4699 ἀσφαλῶς
3712 4633 3771 4687 δὲ

2181 4718 2312 4789 παρ’
2340 4719 2517 4771 αὐτῶν
2547 4720 2943 4790 μεμαθηκέναι.
2992 4717 3123 4774 Εἶτα
3142 4720 3239 4792 τὴν
3262 4721 3546 4793 ἁκρίϐειάν
3580 4742 3768 4795 φησιν·

2193 4809 2461 4879 Ἐγένετο
2509 4811 2569 4864 ἐν
2632 4812 2876 4880 ἡμέραις
2919 4812 3167 4879 Ἡρώδου
3216 4811 3325 4867 τοῦ
3358 4814 3668 4881 ,ϐασιλέως
3698 4816 3770 4879 ἐξ

506 4908 634 4965 tus;
666 4901 763 4955 sed
797 4903 867 4955 ab
893 4900 1086 4955 iisdem
1129 4903 1265 4957 certi
1312 4902 1444 4955 nihil
1478 4903 1780 4972 accepisse.
1812 4903 1941 4957 Post
1970 4904 2083 4957 haec

2182 4903 2502 4971 ἐφημερίας
2558 4901 2709 4958 Ἀὄιᾶ
2756 4905 2861 4957 τοῦ
2906 4902 3221 4973 ἀρχιερέως
3267 4907 3460 4971 ἱερεύς
3502 4924 3591 4972 τις
3638 4908 3772 4960 dre?-

509 4994 590 5049 τά
625 4994 912 5049 veritatem
944 4994 1200 5064 exponit:
1238 4992 1365 5047 Fuit
1395 4995 1451 5047 in
1481 4994 1662 5049 diebus
1681 4997 1913 5049 Herodis
1944 4998 2081 5065 regis

508 5083 573 5139 de
604 5084 711 5139 vice
741 5084 876 5137 Abia
904 5085 1171 5154 pontiﬁcis
1198 5084 1442 5138 sacerdos
1479 5085 1696 5156 quidam
1729 5087 1939 5140 nomine
1980 5084 2083 5139 Za-

2186 5014 2327 5065 ματι
2367 4998 2684 5065 Ζαχαρίας,
2716 4996 2813 5048 καὶ
2842 4995 2995 5065 γυνὴ
3038 4996 3223 5049 αὐτοῦ
3256 4998 3325 5051 ἐκ
3370 4996 3489 5051 τῶν
3529 4999 3771 5067 θυγατέ-

2182 5105 2309 5155 ρων
2350 5088 2581 5156 Ἀαρὼν,
2614 5082 2652 5158 ᾗ
2687 5088 2871 5157 ὄνομα
2911 5087 3243 5142 Ἔλισάόετ.
3277 5091 3388 5143 Καὶ
3412 5090 3638 5161 ἄρχεται
3663 5090 3771 5161 πρὸ

583 5240 599 5270 ¹
632 5237 793 5293 Joan.
828 5253 901 5306 vi,
935 5238 1025 5294 54.
1100 5241 1122 5271 ⁸
1146 5236 1312 5292 Marc.
1348 5254 1386 5303 ι,
1429 5238 1519 5302 10,
1548 5238 1637 5293 Η.
1714 5238 1891 5296 ³ιυο.
1934 5256 1974 5305 ι,
2007 5243 2027 5295 1
2071 5257 2224 5312 seqq.

510 5396 725 5459 Petrus,
757 5393 905 5463 quod
937 5392 1141 5447 factum
1184 5402 1301 5447 erat
1329 5392 1671 5463 approbavit.
1702 5390 1889 5448 Romae
1914 5408 2077 5462 porro

509 5462 798 5535 scripsisse
822 5464 1120 5535 verisimile
1149 5472 1233 5519 est
1264 5479 1276 5514 :
1309 5462 1377 5517 de
1408 5462 1517 5533 quo
1544 5465 1600 5518 in
1630 5466 1769 5520 Ann.
1796 5464 1949 5535 plura
1986 5463 2080 5517 Ba-

509 5534 652 5595 ron..
687 5551 777 5589 an.
810 5534 903 5599 ι5,
928 5551 985 5587 n.
1011 5534 1100 5587 ‘19.

578 5603 690 5673 (22)
732 5600 923 5670 Οὗτος
957 5603 1026 5657 δὲ
1055 5598 1143 5669 εἷς
1189 5602 1538 5673 ὲτὺγχαῃεν.
1588 5600 1854 5657 Dissentit
1882 5600 2080 5673 Papias

509 5674 651 5754 apud
673 5671 905 5754 Eu_seb.,
948 5684 1001 5728 et
1026 5673 1306 5727 Christum
1344 5688 1373 5726 a
1405 5671 1588 5753 Marco
1620 5680 1780 5740 negat
1809 5671 2077 5753 auditum.

512 5743 733 5797 Ilieron.
767 5760 823 5796 in
856 5742 1019 5797 Praef.
1050 5743 1118 5797 ad
1148 5743 1354 5797 Evanu.
1380 5741 1572 5797 Marci.
1608 5743 1858 5797 eumdem
1885 5750 1961 5795 ait
1986 5742 2077 5796 Le-

561 5758 733 5797 ICI‘OII.
767 5760 823 5796 ιη
857 5758 1019 5797 ΡΓΈΙ.
1050 5758 1118 5797 aa
1148 5758 1354 5803 Evang.
1380 5758 1572 5803 marci,
1608 5758 1858 5797 eumdem
1885 5758 1961 5795 an.
1986 5758 2082 5796 Le.

512 5758 733 5797 meron.
767 5760 823 5796 In
857 5758 1019 5797 ΡΓΈΙ.
1050 5758 1118 5797 aa
1148 5758 1354 5811 nvang.
1380 5758 1572 5803 marci,
1608 5758 1858 5797 eumuem
1885 5758 1961 5795 an.
1986 5758 2080 5796 μοι

511 5812 735 5869 viticum
770 5828 992 5882 genere,
1022 5822 1075 5869 et
1100 5813 1442 5869 sacerdotem
1470 5810 1663 5870 fuisse.
1688 5810 1793 5867 Sed
1826 5812 1969 5868 falso
1992 5813 2080 5867 hie

2185 5393 2322 5447 liber
2353 5394 2576 5446 Hieron.
2606 5395 2883 5447 tribuitur.
2922 5394 3075 5459 Quod
3108 5405 3286 5450 autem
3325 5405 3584 5451 asserunt
3624 5413 3769 5451 non-

2184 5465 2341 5527 nulli,
2372 5462 2614 5517 Marcum
2648 5481 2755 5518 non
2786 5466 2989 5519 vidisse
3014 5464 3330 5529 Dominum,
3362 5469 3563 5522 viderit
3593 5484 3770 5520 necne

2183 5534 2322 5608 nihil
2358 5533 2612 5608 atligrmo:
2655 5535 2840 5608 videre
2885 5534 3107 5608 quidem
3157 5539 3405 5608 potuisse
3456 5546 3765 5605 temporum

2185 5604 2301 5675 ipsa
2328 5604 2494 5675 gratio
2540 5604 3090 5675 persuadet.7Neque
3135 5604 3265 5661 vero
3315 5604 3629 5660 damnanda
3684 5616 3768 5660 est

2184 5672 2471 5743 Epiphanii
2519 5672 2786 5747 sententia
2808 5714 2824 5739 ,
2853 5674 2983 5729 dum
3003 5672 3169 5730 illum
3204 5692 3235 5731 e
3269 5692 3420 5730 Lxxu
3460 5677 3768 5747 discipulo-

2186 5759 2305 5814 rum
2351 5758 2580 5797 numero
2625 5744 2797 5802 fuisse
2846 5755 3061 5814 narrat,
3113 5747 3217 5803 etsi
3265 5744 3624 5803 contrarium
3671 5746 3771 5800 alii

2186 5811 2375 5867 Patres
2405 5815 2666 5871 sentiant.
