  <div class='ocr_page' id='page_1' title='image "/cluster/home/n/w/nwhite01/storage/ocr_20150623/41/nnc1.0046978747/494.png"; bbox 0 0 4186 6374; ppageno 0'>
   <div class='ocr_carea' id='block_1_1' title="bbox 424 376 519 433">
    <p class='ocr_par' dir='ltr' id='par_1_1' title="bbox 424 376 519 433">
     <span class='ocr_line' id='line_1_1' title="bbox 424 376 519 433; baseline 0 0"><span class='ocrx_word' id='word_1_1' title='bbox 424 376 519 433; x_wconf 68' lang='lat'><strong>9&#39;)!</strong></span> 
     </span>
    </p>
   </div>
   <div class='ocr_carea' id='block_1_2' title="bbox 1130 332 3052 445">
    <p class='ocr_par' dir='ltr' id='par_1_2' title="bbox 1130 332 3052 445">
     <span class='ocr_line' id='line_1_2' title="bbox 1130 332 3052 445; baseline 0.005 -20"><span class='ocrx_word' id='word_1_2' title='bbox 1130 369 1503 428; x_wconf 68' lang='lat' dir='ltr'><strong>ADVERSUS</strong></span> <span class='ocrx_word' id='word_1_3' title='bbox 1542 370 1885 428; x_wconf 63' lang='lat' dir='ltr'><strong>HERESES</strong></span> <span class='ocrx_word' id='word_1_4' title='bbox 1923 372 2056 430; x_wconf 79' lang='lat' dir='ltr'><strong>LIB.</strong></span> <span class='ocrx_word' id='word_1_5' title='bbox 2092 372 2158 445; x_wconf 80' lang='lat' dir='ltr'><strong>ll.</strong></span> <span class='ocrx_word' id='word_1_6' title='bbox 2186 372 2351 430; x_wconf 81' lang='grc' dir='ltr'><strong>ΤΟΜ.</strong></span> <span class='ocrx_word' id='word_1_7' title='bbox 2392 374 2435 431; x_wconf 84' lang='lat' dir='ltr'><strong>l.</strong></span> <span class='ocrx_word' id='word_1_8' title='bbox 2458 406 2529 417; x_wconf 89' lang='lat'>—</span> <span class='ocrx_word' id='word_1_9' title='bbox 2568 374 2840 433; x_wconf 67' lang='lat' dir='ltr'><strong>HERES.</strong></span> <span class='ocrx_word' id='word_1_10' title='bbox 2879 375 2973 435; x_wconf 84' lang='lat' dir='ltr'><strong>LI.</strong></span> <span class='ocrx_word' id='word_1_11' title='bbox 3047 332 3052 337; x_wconf 24' lang='lat'><em>.</em></span> 
     </span>
    </p>
   </div>
   <div class='ocr_carea' id='block_1_3' title="bbox 430 489 2009 562">
    <p class='ocr_par' dir='ltr' id='par_1_3' title="bbox 430 489 2009 562">
     <span class='ocr_line' id='line_1_3' title="bbox 430 489 2009 562; baseline -0.004 -12"><span class='ocrx_word' id='word_1_12' title='bbox 430 496 516 551; x_wconf 74' lang='grc' dir='ltr'><strong>τοῦ</strong></span> <span class='ocrx_word' id='word_1_13' title='bbox 546 490 925 548; x_wconf 83' lang='grc' dir='ltr'>Ματθαίου.’0</span> <span class='ocrx_word' id='word_1_14' title='bbox 972 490 1069 559; x_wconf 85' lang='grc' dir='ltr'><strong>μὲν</strong></span> <span class='ocrx_word' id='word_1_15' title='bbox 1116 489 1226 561; x_wconf 80' lang='grc' dir='ltr'>γὰρ</span> <span class='ocrx_word' id='word_1_16' title='bbox 1265 490 1545 554; x_wconf 86' lang='grc' dir='ltr'>Ματθαῖος</span> <span class='ocrx_word' id='word_1_17' title='bbox 1590 491 1831 562; x_wconf 85' lang='grc' dir='ltr'>ἐσήμανε</span> <span class='ocrx_word' id='word_1_18' title='bbox 1856 508 2009 562; x_wconf 83' lang='grc' dir='ltr'>τρια-</span> 
     </span>
    </p>
   </div>
   <div class='ocr_carea' id='block_1_4' title="bbox 2112 489 3695 562">
    <p class='ocr_par' dir='ltr' id='par_1_4' title="bbox 2112 491 3695 562">
     <span class='ocr_line' id='line_1_4' title="bbox 2112 491 3695 562; baseline 0.002 -17"><span class='ocrx_word' id='word_1_19' title='bbox 2112 493 2346 556; x_wconf 80' lang='lat' dir='ltr'><strong>charias,</strong></span> <span class='ocrx_word' id='word_1_20' title='bbox 2363 503 2411 546; x_wconf 82' lang='lat' dir='ltr'><strong>et</strong></span> <span class='ocrx_word' id='word_1_21' title='bbox 2429 508 2564 547; x_wconf 77' lang='lat' dir='ltr'><strong>uxor</strong></span> <span class='ocrx_word' id='word_1_22' title='bbox 2590 492 2703 562; x_wconf 76' lang='lat' dir='ltr'><strong>ejus</strong></span> <span class='ocrx_word' id='word_1_23' title='bbox 2728 492 2793 546; x_wconf 86' lang='lat' dir='ltr'><strong>de</strong></span> <span class='ocrx_word' id='word_1_24' title='bbox 2809 492 3024 561; x_wconf 75' lang='lat' dir='ltr'><strong>ﬁliabus</strong></span> <span class='ocrx_word' id='word_1_25' title='bbox 3050 494 3259 558; x_wconf 76' lang='lat' dir='ltr'><strong>Aaron,</strong></span> <span class='ocrx_word' id='word_1_26' title='bbox 3276 494 3485 549; x_wconf 77' lang='lat' dir='ltr'><strong>nomine</strong></span> <span class='ocrx_word' id='word_1_27' title='bbox 3512 491 3695 550; x_wconf 62' lang='lat' dir='ltr'><strong>Elisu-</strong></span> 
     </span>
    </p>
   </div>
   <div class='ocr_carea' id='block_1_5' title="bbox 426 580 2011 654">
    <p class='ocr_par' dir='ltr' id='par_1_5' title="bbox 426 580 2011 654">
     <span class='ocr_line' id='line_1_5' title="bbox 426 580 2011 654; baseline -0.003 -13"><span class='ocrx_word' id='word_1_28' title='bbox 426 584 688 654; x_wconf 72' lang='grc' dir='ltr'>κονταετῆ</span> <span class='ocrx_word' id='word_1_29' title='bbox 722 581 911 653; x_wconf 88' lang='grc' dir='ltr'>χρόνον</span> <span class='ocrx_word' id='word_1_30' title='bbox 939 580 1039 633; x_wconf 80' lang='grc' dir='ltr'>ἀπ’</span> <span class='ocrx_word' id='word_1_31' title='bbox 1067 581 1272 652; x_wconf 81' lang='grc' dir='ltr'>ἀρχῆς·</span> <span class='ocrx_word' id='word_1_32' title='bbox 1322 583 1351 633; x_wconf 84' lang='grc' dir='ltr'><strong>ὁ</strong></span> <span class='ocrx_word' id='word_1_33' title='bbox 1400 581 1457 634; x_wconf 88' lang='grc' dir='ltr'><strong>δέ</strong></span> <span class='ocrx_word' id='word_1_34' title='bbox 1490 581 1716 653; x_wconf 78' lang='grc' dir='ltr'>Μάρκος</span> <span class='ocrx_word' id='word_1_35' title='bbox 1760 582 1830 636; x_wconf 91' lang='grc' dir='ltr'><strong>τά</strong></span> <span class='ocrx_word' id='word_1_36' title='bbox 1872 584 2011 653; x_wconf 87' lang='grc' dir='ltr'><strong>μετά</strong></span> 
     </span>
    </p>
   </div>
   <div class='ocr_carea' id='block_1_6' title="bbox 425 672 2014 753">
    <p class='ocr_par' dir='ltr' id='par_1_6' title="bbox 425 672 2014 753">
     <span class='ocr_line' id='line_1_6' title="bbox 425 672 2014 753; baseline -0.002 -19"><span class='ocrx_word' id='word_1_37' title='bbox 425 679 719 753; x_wconf 77' lang='grc' dir='ltr'>τριάκοντα</span> <span class='ocrx_word' id='word_1_38' title='bbox 742 672 975 729; x_wconf 75' lang='grc' dir='ltr'><strong>ἔταττεν</strong></span> <span class='ocrx_word' id='word_1_39' title='bbox 1006 672 1124 744; x_wconf 82' lang='grc' dir='ltr'>ἔτη,</span> <span class='ocrx_word' id='word_1_40' title='bbox 1147 674 1247 743; x_wconf 86' lang='grc' dir='ltr'><strong>τὴν</strong></span> <span class='ocrx_word' id='word_1_41' title='bbox 1276 675 1334 727; x_wconf 90' lang='grc' dir='ltr'><strong>ἐν</strong></span> <span class='ocrx_word' id='word_1_42' title='bbox 1357 674 1435 745; x_wconf 85' lang='grc' dir='ltr'><strong>τῷ</strong></span> <span class='ocrx_word' id='word_1_43' title='bbox 1456 675 1695 747; x_wconf 76' lang='grc' dir='ltr'><strong>Ἰορδάνῃ</strong></span> <span class='ocrx_word' id='word_1_44' title='bbox 1716 677 2014 748; x_wconf 84' lang='grc' dir='ltr'>γενομένην</span> 
     </span>
    </p>
   </div>
   <div class='ocr_carea' id='block_1_7' title="bbox 427 766 2013 841">
    <p class='ocr_par' dir='ltr' id='par_1_7' title="bbox 427 766 2013 841">
     <span class='ocr_line' id='line_1_7' title="bbox 427 766 2013 841; baseline 0.002 -22"><span class='ocrx_word' id='word_1_45' title='bbox 427 768 486 826; x_wconf 85' lang='grc' dir='ltr'><strong>ἐν</strong></span> <span class='ocrx_word' id='word_1_46' title='bbox 513 767 743 838; x_wconf 76' lang='grc' dir='ltr'>ἀληθείᾳ</span> <span class='ocrx_word' id='word_1_47' title='bbox 770 766 1175 837; x_wconf 84' lang='grc' dir='ltr'>πραγματείαν,</span> <span class='ocrx_word' id='word_1_48' title='bbox 1211 768 1371 836; x_wconf 83' lang='grc' dir='ltr'>ὅμοια</span> <span class='ocrx_word' id='word_1_49' title='bbox 1404 767 1483 838; x_wconf 85' lang='grc' dir='ltr'><strong>τῷ</strong></span> <span class='ocrx_word' id='word_1_50' title='bbox 1514 768 1780 839; x_wconf 88' lang='grc' dir='ltr'>Ματθαίῳ</span> <span class='ocrx_word' id='word_1_51' title='bbox 1813 770 1907 822; x_wconf 76' lang='grc' dir='ltr'><strong>καὶ</strong></span> <span class='ocrx_word' id='word_1_52' title='bbox 1934 770 2013 841; x_wconf 85' lang='grc' dir='ltr'>τῷ</span> 
     </span>
    </p>
   </div>
   <div class='ocr_carea' id='block_1_8' title="bbox 424 858 2012 932">
    <p class='ocr_par' dir='ltr' id='par_1_8' title="bbox 424 858 2012 932">
     <span class='ocr_line' id='line_1_8' title="bbox 424 858 2012 932; baseline 0.001 -18"><span class='ocrx_word' id='word_1_53' title='bbox 424 862 644 930; x_wconf 81' lang='grc' dir='ltr'>Λουκᾷ·</span> <span class='ocrx_word' id='word_1_54' title='bbox 679 862 708 913; x_wconf 84' lang='grc' dir='ltr'><strong>ὁ</strong></span> <span class='ocrx_word' id='word_1_55' title='bbox 754 859 811 911; x_wconf 91' lang='grc' dir='ltr'><strong>δέ</strong></span> <span class='ocrx_word' id='word_1_56' title='bbox 855 858 1132 921; x_wconf 86' lang='grc' dir='ltr'>Ματθαίος</span> <span class='ocrx_word' id='word_1_57' title='bbox 1169 858 1278 911; x_wconf 84' lang='grc' dir='ltr'>ἀπὸ</span> <span class='ocrx_word' id='word_1_58' title='bbox 1328 860 1777 930; x_wconf 84' lang='grc' dir='ltr'>τριακονταέτους</span> <span class='ocrx_word' id='word_1_59' title='bbox 1818 862 2012 932; x_wconf 83' lang='grc' dir='ltr'>χρόνου</span> 
     </span>
    </p>
   </div>
   <div class='ocr_carea' id='block_1_9' title="bbox 427 948 2013 1023">
    <p class='ocr_par' dir='ltr' id='par_1_9' title="bbox 427 948 2013 1023">
     <span class='ocr_line' id='line_1_9' title="bbox 427 948 2013 1023; baseline 0 -19"><span class='ocrx_word' id='word_1_60' title='bbox 427 951 535 1023; x_wconf 69' lang='grc' dir='ltr'><strong>πρὸ</strong></span> <span class='ocrx_word' id='word_1_61' title='bbox 562 952 659 1022; x_wconf 82' lang='grc' dir='ltr'>τῆς</span> <span class='ocrx_word' id='word_1_62' title='bbox 682 953 740 1003; x_wconf 89' lang='grc' dir='ltr'><strong>ἐν</strong></span> <span class='ocrx_word' id='word_1_63' title='bbox 765 949 843 1019; x_wconf 82' lang='grc' dir='ltr'>τῷ</span> <span class='ocrx_word' id='word_1_64' title='bbox 858 948 1101 1022; x_wconf 80' lang='grc' dir='ltr'>Ἰορδάνῃ</span> <span class='ocrx_word' id='word_1_65' title='bbox 1120 949 1215 1001; x_wconf 80' lang='grc' dir='ltr'><strong>καὶ</strong></span> <span class='ocrx_word' id='word_1_66' title='bbox 1232 948 1326 1002; x_wconf 89' lang='grc' dir='ltr'><strong>τοῦ</strong></span> <span class='ocrx_word' id='word_1_67' title='bbox 1350 950 1725 1021; x_wconf 81' lang='grc' dir='ltr'>βαπτίσματος</span> <span class='ocrx_word' id='word_1_68' title='bbox 1752 969 2013 1023; x_wconf 79' lang='grc' dir='ltr'>πραγμα-</span> 
     </span>
    </p>
   </div>
   <div class='ocr_carea' id='block_1_10' title="bbox 426 1042 2012 1116">
    <p class='ocr_par' dir='ltr' id='par_1_10' title="bbox 426 1042 2012 1116">
     <span class='ocr_line' id='line_1_10' title="bbox 426 1042 2012 1116; baseline -0.001 -18"><span class='ocrx_word' id='word_1_69' title='bbox 426 1045 578 1107; x_wconf 81' lang='grc' dir='ltr'><strong>τείας</strong></span> <span class='ocrx_word' id='word_1_70' title='bbox 610 1043 672 1096; x_wconf 83' lang='grc' dir='ltr'><strong>τὺ</strong></span> <span class='ocrx_word' id='word_1_71' title='bbox 710 1042 958 1113; x_wconf 84' lang='grc' dir='ltr'><strong>διήγημα</strong></span> <span class='ocrx_word' id='word_1_72' title='bbox 996 1042 1263 1093; x_wconf 81' lang='grc' dir='ltr'>ἐποιεῖτο’</span> <span class='ocrx_word' id='word_1_73' title='bbox 1300 1042 1515 1105; x_wconf 79' lang='grc' dir='ltr'>Λουκᾶς</span> <span class='ocrx_word' id='word_1_74' title='bbox 1550 1043 1609 1095; x_wconf 85' lang='grc' dir='ltr'><strong>δέ</strong></span> <span class='ocrx_word' id='word_1_75' title='bbox 1629 1044 1734 1113; x_wconf 75' lang='grc' dir='ltr'>πρὸ</span> <span class='ocrx_word' id='word_1_76' title='bbox 1759 1044 1851 1096; x_wconf 83' lang='grc' dir='ltr'><strong>τοῦ</strong></span> <span class='ocrx_word' id='word_1_77' title='bbox 1882 1045 2012 1116; x_wconf 87' lang='grc' dir='ltr'>χρό-</span> 
     </span>
    </p>
   </div>
   <div class='ocr_carea' id='block_1_11' title="bbox 427 1132 2014 1207">
    <p class='ocr_par' dir='ltr' id='par_1_11' title="bbox 427 1132 2014 1207">
     <span class='ocr_line' id='line_1_11' title="bbox 427 1132 2014 1207; baseline 0 -16"><span class='ocrx_word' id='word_1_78' title='bbox 427 1154 520 1191; x_wconf 87' lang='grc' dir='ltr'><strong>νου</strong></span> <span class='ocrx_word' id='word_1_79' title='bbox 556 1135 653 1188; x_wconf 91' lang='grc' dir='ltr'><strong>τοῦ</strong></span> <span class='ocrx_word' id='word_1_80' title='bbox 692 1133 1061 1204; x_wconf 82' lang='grc' dir='ltr'>συλληφθῆναι</span> <span class='ocrx_word' id='word_1_81' title='bbox 1105 1132 1197 1185; x_wconf 86' lang='grc' dir='ltr'><strong>τὸν</strong></span> <span class='ocrx_word' id='word_1_82' title='bbox 1231 1133 1462 1205; x_wconf 75' lang='grc' dir='ltr'>Σωτῆρα</span> <span class='ocrx_word' id='word_1_83' title='bbox 1492 1138 1549 1188; x_wconf 90' lang='grc' dir='ltr'><strong>ἐν</strong></span> <span class='ocrx_word' id='word_1_84' title='bbox 1583 1138 1785 1207; x_wconf 74' lang='grc' dir='ltr'>γαστρὶ</span> <span class='ocrx_word' id='word_1_85' title='bbox 1813 1138 1921 1191; x_wconf 79' lang='grc' dir='ltr'>ἀπὸ</span> <span class='ocrx_word' id='word_1_86' title='bbox 1954 1138 2014 1204; x_wconf 79' lang='grc' dir='ltr'><strong>ἐξ</strong></span> 
     </span>
    </p>
   </div>
   <div class='ocr_carea' id='block_1_12' title="bbox 431 1227 2009 1305">
    <p class='ocr_par' dir='ltr' id='par_1_12' title="bbox 431 1227 2009 1305">
     <span class='ocr_line' id='line_1_12' title="bbox 431 1227 2009 1305; baseline 0 -20"><span class='ocrx_word' id='word_1_87' title='bbox 431 1233 616 1305; x_wconf 83' lang='grc' dir='ltr'>μηνῶν</span> <span class='ocrx_word' id='word_1_88' title='bbox 659 1231 753 1284; x_wconf 81' lang='grc' dir='ltr'>τὸν</span> <span class='ocrx_word' id='word_1_89' title='bbox 800 1230 991 1302; x_wconf 90' lang='grc' dir='ltr'>χρόνον</span> <span class='ocrx_word' id='word_1_90' title='bbox 1037 1227 1250 1299; x_wconf 79' lang='grc' dir='ltr'>ἐδήλου,</span> <span class='ocrx_word' id='word_1_91' title='bbox 1283 1228 1377 1282; x_wconf 74' lang='grc' dir='ltr'><strong>καὶ</strong></span> <span class='ocrx_word' id='word_1_92' title='bbox 1416 1230 1573 1283; x_wconf 80' lang='grc' dir='ltr'>ἐννέα</span> <span class='ocrx_word' id='word_1_93' title='bbox 1615 1231 1800 1301; x_wconf 83' lang='grc' dir='ltr'>μηνῶν</span> <span class='ocrx_word' id='word_1_94' title='bbox 1828 1234 2009 1297; x_wconf 89' lang='grc' dir='ltr'>πάλιν,</span> 
     </span>
    </p>
   </div>
   <div class='ocr_carea' id='block_1_13' title="bbox 426 1320 2011 1393">
    <p class='ocr_par' dir='ltr' id='par_1_13' title="bbox 426 1320 2011 1393">
     <span class='ocr_line' id='line_1_13' title="bbox 426 1320 2011 1393; baseline 0 -17"><span class='ocrx_word' id='word_1_95' title='bbox 426 1325 522 1377; x_wconf 78' lang='grc' dir='ltr'><strong>καὶ</strong></span> <span class='ocrx_word' id='word_1_96' title='bbox 550 1323 744 1391; x_wconf 88' lang='grc' dir='ltr'>ὀλίγων</span> <span class='ocrx_word' id='word_1_97' title='bbox 773 1320 995 1393; x_wconf 81' lang='grc' dir='ltr'>ἡμερῶν</span> <span class='ocrx_word' id='word_1_98' title='bbox 1043 1321 1143 1390; x_wconf 84' lang='grc' dir='ltr'>τῆς</span> <span class='ocrx_word' id='word_1_99' title='bbox 1190 1320 1505 1391; x_wconf 81' lang='grc' dir='ltr'>συλλήψεως</span> <span class='ocrx_word' id='word_1_100' title='bbox 1535 1322 1629 1374; x_wconf 89' lang='grc' dir='ltr'><strong>τοῦ</strong></span> <span class='ocrx_word' id='word_1_101' title='bbox 1660 1324 1866 1393; x_wconf 83' lang='grc' dir='ltr'>Κυρίου</span> <span class='ocrx_word' id='word_1_102' title='bbox 1889 1342 1901 1354; x_wconf 86' lang='grc'>·</span> <span class='ocrx_word' id='word_1_103' title='bbox 1936 1326 2011 1388; x_wconf 84' lang='grc' dir='ltr'>ὡς</span> 
     </span>
    </p>
   </div>
   <div class='ocr_carea' id='block_1_14' title="bbox 426 1410 2010 1483">
    <p class='ocr_par' dir='ltr' id='par_1_14' title="bbox 426 1410 2010 1483">
     <span class='ocr_line' id='line_1_14' title="bbox 426 1410 2010 1483; baseline 0 -15"><span class='ocrx_word' id='word_1_104' title='bbox 426 1412 565 1469; x_wconf 77' lang='grc' dir='ltr'>εἶναι</span> <span class='ocrx_word' id='word_1_105' title='bbox 617 1416 709 1466; x_wconf 79' lang='grc' dir='ltr'><strong>τὸν</strong></span> <span class='ocrx_word' id='word_1_106' title='bbox 754 1414 932 1466; x_wconf 87' lang='grc' dir='ltr'>πάντα</span> <span class='ocrx_word' id='word_1_107' title='bbox 957 1412 1147 1483; x_wconf 86' lang='grc' dir='ltr'>χρόνον</span> <span class='ocrx_word' id='word_1_108' title='bbox 1179 1410 1290 1481; x_wconf 68' lang='grc'><strong>(23)</strong></span> <span class='ocrx_word' id='word_1_109' title='bbox 1340 1412 1632 1482; x_wconf 87' lang='grc' dir='ltr'>τριάκοντα</span> <span class='ocrx_word' id='word_1_110' title='bbox 1659 1413 1715 1466; x_wconf 77' lang='grc' dir='ltr'><strong>ἐν</strong></span> <span class='ocrx_word' id='word_1_111' title='bbox 1742 1415 1882 1479; x_wconf 79' lang='grc' dir='ltr'>ἔτος,</span> <span class='ocrx_word' id='word_1_112' title='bbox 1916 1418 2010 1469; x_wconf 79' lang='grc' dir='ltr'><strong>καὶ</strong></span> 
     </span>
    </p>
   </div>
   <div class='ocr_carea' id='block_1_15' title="bbox 431 1504 2011 1577">
    <p class='ocr_par' dir='ltr' id='par_1_15' title="bbox 431 1504 2011 1577">
     <span class='ocr_line' id='line_1_15' title="bbox 431 1504 2011 1577; baseline -0.001 -13"><span class='ocrx_word' id='word_1_113' title='bbox 431 1510 706 1564; x_wconf 86' lang='grc' dir='ltr'>ἐπέκεινα.</span> <span class='ocrx_word' id='word_1_114' title='bbox 731 1509 1006 1577; x_wconf 85' lang='grc' dir='ltr'>Διηγεῖται</span> <span class='ocrx_word' id='word_1_115' title='bbox 1035 1506 1091 1558; x_wconf 84' lang='grc' dir='ltr'>δὲ</span> <span class='ocrx_word' id='word_1_116' title='bbox 1123 1505 1217 1558; x_wconf 74' lang='grc' dir='ltr'>καὶ</span> <span class='ocrx_word' id='word_1_117' title='bbox 1245 1506 1343 1574; x_wconf 82' lang='grc' dir='ltr'>τὴν</span> <span class='ocrx_word' id='word_1_118' title='bbox 1367 1504 1476 1558; x_wconf 91' lang='grc' dir='ltr'><strong>τῶν</strong></span> <span class='ocrx_word' id='word_1_119' title='bbox 1503 1510 1774 1577; x_wconf 78' lang='grc' dir='ltr'>ποιμένων</span> <span class='ocrx_word' id='word_1_120' title='bbox 1799 1509 1885 1561; x_wconf 82' lang='grc' dir='ltr'>διὰ</span> <span class='ocrx_word' id='word_1_121' title='bbox 1902 1509 2011 1563; x_wconf 87' lang='grc' dir='ltr'><strong>τῶν</strong></span> 
     </span>
    </p>
   </div>
   <div class='ocr_carea' id='block_1_16' title="bbox 429 1594 2014 1672">
    <p class='ocr_par' dir='ltr' id='par_1_16' title="bbox 429 1594 2014 1672">
     <span class='ocr_line' id='line_1_16' title="bbox 429 1594 2014 1672; baseline 0 -21"><span class='ocrx_word' id='word_1_122' title='bbox 429 1597 939 1669; x_wconf 81' lang='grc' dir='ltr'>εὐαγγελισαμένων</span> <span class='ocrx_word' id='word_1_123' title='bbox 971 1596 1216 1665; x_wconf 90' lang='grc' dir='ltr'>ἀγγέλων</span> <span class='ocrx_word' id='word_1_124' title='bbox 1243 1594 1526 1649; x_wconf 80' lang='grc' dir='ltr'>θεοπτίαν’</span> <span class='ocrx_word' id='word_1_125' title='bbox 1559 1598 1655 1650; x_wconf 79' lang='grc' dir='ltr'>καὶ</span> <span class='ocrx_word' id='word_1_126' title='bbox 1685 1596 1761 1661; x_wconf 79' lang='grc' dir='ltr'><strong>ῶς</strong></span> <span class='ocrx_word' id='word_1_127' title='bbox 1794 1601 2014 1672; x_wconf 86' lang='grc' dir='ltr'>ἐγεννή-</span> 
     </span>
    </p>
   </div>
   <div class='ocr_carea' id='block_1_17' title="bbox 426 1686 2009 1762">
    <p class='ocr_par' dir='ltr' id='par_1_17' title="bbox 426 1686 2009 1762">
     <span class='ocr_line' id='line_1_17' title="bbox 426 1686 2009 1762; baseline 0.003 -22"><span class='ocrx_word' id='word_1_128' title='bbox 426 1688 495 1758; x_wconf 91' lang='grc' dir='ltr'><strong>θη</strong></span> <span class='ocrx_word' id='word_1_129' title='bbox 526 1691 582 1742; x_wconf 86' lang='grc' dir='ltr'><strong>ἐν</strong></span> <span class='ocrx_word' id='word_1_130' title='bbox 617 1689 884 1759; x_wconf 83' lang='grc' dir='ltr'>Βηθλεὲμ,</span> <span class='ocrx_word' id='word_1_131' title='bbox 921 1688 1013 1740; x_wconf 74' lang='grc' dir='ltr'><strong>καὶ</strong></span> <span class='ocrx_word' id='word_1_132' title='bbox 1039 1686 1437 1758; x_wconf 83' lang='grc' dir='ltr'>ἐσπαργανώθη</span> <span class='ocrx_word' id='word_1_133' title='bbox 1485 1690 1544 1741; x_wconf 90' lang='grc' dir='ltr'><strong>ἐν</strong></span> <span class='ocrx_word' id='word_1_134' title='bbox 1594 1690 1790 1762; x_wconf 82' lang='grc' dir='ltr'><strong>φάτνῃ,</strong></span> <span class='ocrx_word' id='word_1_135' title='bbox 1823 1693 1917 1744; x_wconf 78' lang='grc' dir='ltr'><strong>καὶ</strong></span> <span class='ocrx_word' id='word_1_136' title='bbox 1942 1693 2009 1762; x_wconf 84' lang='grc' dir='ltr'>τῇ</span> 
     </span>
    </p>
   </div>
   <div class='ocr_carea' id='block_1_18' title="bbox 427 1780 2012 1854">
    <p class='ocr_par' dir='ltr' id='par_1_18' title="bbox 427 1780 2012 1854">
     <span class='ocr_line' id='line_1_18' title="bbox 427 1780 2012 1854; baseline 0.001 -21"><span class='ocrx_word' id='word_1_137' title='bbox 427 1780 588 1854; x_wconf 81' lang='grc' dir='ltr'>ὀγδόῃ</span> <span class='ocrx_word' id='word_1_138' title='bbox 615 1780 981 1853; x_wconf 85' lang='grc' dir='ltr'>περιετμήθη.</span> <span class='ocrx_word' id='word_1_139' title='bbox 1012 1781 1105 1832; x_wconf 79' lang='grc' dir='ltr'><strong>καὶ</strong></span> <span class='ocrx_word' id='word_1_140' title='bbox 1145 1781 1201 1831; x_wconf 86' lang='grc' dir='ltr'><strong>ἐν</strong></span> <span class='ocrx_word' id='word_1_141' title='bbox 1237 1780 1647 1849; x_wconf 86' lang='grc' dir='ltr'>τεσσαράκοντα</span> <span class='ocrx_word' id='word_1_142' title='bbox 1679 1781 1913 1851; x_wconf 77' lang='grc' dir='ltr'><strong>ἡμέραις</strong></span> <span class='ocrx_word' id='word_1_143' title='bbox 1941 1781 2012 1835; x_wconf 83' lang='grc' dir='ltr'>τὰ</span> 
     </span>
    </p>
   </div>
   <div class='ocr_carea' id='block_1_19' title="bbox 2115 584 3693 655">
    <p class='ocr_par' dir='ltr' id='par_1_19' title="bbox 2115 584 3693 655">
     <span class='ocr_line' id='line_1_19' title="bbox 2115 584 3693 655; baseline 0.004 -18"><span class='ocrx_word' id='word_1_144' title='bbox 2115 584 2252 638; x_wconf 71' lang='lat' dir='ltr'><strong>belli.</strong></span> <span class='ocrx_word' id='word_1_145' title='bbox 2273 585 2451 640; x_wconf 86' lang='lat' dir='ltr'><strong>Altius</strong></span> <span class='ocrx_word' id='word_1_146' title='bbox 2481 600 2609 655; x_wconf 84' lang='lat' dir='ltr'><strong>ergo</strong></span> <span class='ocrx_word' id='word_1_147' title='bbox 2636 600 2801 654; x_wconf 89' lang='lat' dir='ltr'><strong>quam</strong></span> <span class='ocrx_word' id='word_1_148' title='bbox 2835 584 3121 642; x_wconf 67' lang='lat' dir='ltr'><strong>Matthaeus</strong></span> <span class='ocrx_word' id='word_1_149' title='bbox 3141 600 3374 643; x_wconf 82' lang='lat' dir='ltr'><strong>exorsus</strong></span> <span class='ocrx_word' id='word_1_150' title='bbox 3407 597 3511 642; x_wconf 90' lang='lat' dir='ltr'><strong>est.</strong></span> <span class='ocrx_word' id='word_1_151' title='bbox 3553 586 3693 643; x_wconf 85' lang='lat' dir='ltr'><strong>Mat-</strong></span> 
     </span>
    </p>
   </div>
   <div class='ocr_carea' id='block_1_20' title="bbox 2113 676 3698 735">
    <p class='ocr_par' dir='ltr' id='par_1_20' title="bbox 2113 676 3698 735">
     <span class='ocr_line' id='line_1_20' title="bbox 2113 676 3698 735; baseline 0.003 -5"><span class='ocrx_word' id='word_1_152' title='bbox 2113 678 2290 733; x_wconf 72' lang='lat' dir='ltr'><strong>thaeus</strong></span> <span class='ocrx_word' id='word_1_153' title='bbox 2310 677 2453 732; x_wconf 92' lang='lat' dir='ltr'><strong>enim</strong></span> <span class='ocrx_word' id='word_1_154' title='bbox 2481 676 2823 731; x_wconf 77' lang='lat' dir='ltr'><strong>tricesimum</strong></span> <span class='ocrx_word' id='word_1_155' title='bbox 2850 679 3028 733; x_wconf 67' lang='lat' dir='ltr'><strong>aetatis</strong></span> <span class='ocrx_word' id='word_1_156' title='bbox 3049 692 3252 733; x_wconf 86' lang='lat' dir='ltr'><strong>annum</strong></span> <span class='ocrx_word' id='word_1_157' title='bbox 3280 679 3438 734; x_wconf 88' lang='lat' dir='ltr'><strong>initio</strong></span> <span class='ocrx_word' id='word_1_158' title='bbox 3454 680 3698 735; x_wconf 49' lang='lat' dir='ltr'><strong>declara.</strong></span> 
     </span>
    </p>
   </div>
   <div class='ocr_carea' id='block_1_21' title="bbox 2110 769 3699 843">
    <p class='ocr_par' dir='ltr' id='par_1_21' title="bbox 2110 769 3699 843">
     <span class='ocr_line' id='line_1_21' title="bbox 2110 769 3699 843; baseline 0.002 -19"><span class='ocrx_word' id='word_1_159' title='bbox 2110 770 2162 825; x_wconf 91' lang='lat' dir='ltr'><strong>vi</strong></span> <span class='ocrx_word' id='word_1_160' title='bbox 2170 769 2433 826; x_wconf 87' lang='lat' dir='ltr'><strong>t.Marcus</strong></span> <span class='ocrx_word' id='word_1_161' title='bbox 2449 786 2578 825; x_wconf 88' lang='lat' dir='ltr'><strong>vero</strong></span> <span class='ocrx_word' id='word_1_162' title='bbox 2591 786 2711 840; x_wconf 65' lang='lat' dir='ltr'><strong>qua:</strong></span> <span class='ocrx_word' id='word_1_163' title='bbox 2724 779 2846 840; x_wconf 91' lang='lat' dir='ltr'><strong>post</strong></span> <span class='ocrx_word' id='word_1_164' title='bbox 2862 772 3201 827; x_wconf 77' lang='lat' dir='ltr'><strong>tricesimum</strong></span> <span class='ocrx_word' id='word_1_165' title='bbox 3219 782 3372 843; x_wconf 87' lang='lat' dir='ltr'><strong>gesta</strong></span> <span class='ocrx_word' id='word_1_166' title='bbox 3389 781 3518 828; x_wconf 89' lang='lat' dir='ltr'><strong>sunt</strong></span> <span class='ocrx_word' id='word_1_167' title='bbox 3534 786 3699 842; x_wconf 79' lang='lat' dir='ltr'><strong>expo-</strong></span> 
     </span>
    </p>
   </div>
   <div class='ocr_carea' id='block_1_22' title="bbox 2110 860 3697 935">
    <p class='ocr_par' dir='ltr' id='par_1_22' title="bbox 2110 860 3697 935">
     <span class='ocr_line' id='line_1_22' title="bbox 2110 860 3697 935; baseline -0.001 -16"><span class='ocrx_word' id='word_1_168' title='bbox 2110 866 2223 919; x_wconf 93' lang='lat' dir='ltr'><strong>suit</strong></span> <span class='ocrx_word' id='word_1_169' title='bbox 2242 881 2255 916; x_wconf 93' lang='lat'>:</span> <span class='ocrx_word' id='word_1_170' title='bbox 2276 872 2330 920; x_wconf 91' lang='lat' dir='ltr'><strong>et</strong></span> <span class='ocrx_word' id='word_1_171' title='bbox 2359 860 2709 935; x_wconf 67' lang='lat' dir='ltr'><strong>iniiSquaaad</strong></span> <span class='ocrx_word' id='word_1_172' title='bbox 2732 862 3027 918; x_wconf 86' lang='lat' dir='ltr'><strong>Jordanem</strong></span> <span class='ocrx_word' id='word_1_173' title='bbox 3059 866 3407 935; x_wconf 87' lang='lat' dir='ltr'><strong>contigerunt</strong></span> <span class='ocrx_word' id='word_1_174' title='bbox 3432 879 3697 920; x_wconf 84' lang='lat' dir='ltr'><strong>enarran-</strong></span> 
     </span>
    </p>
   </div>
   <div class='ocr_carea' id='block_1_23' title="bbox 2112 954 3695 1014">
    <p class='ocr_par' dir='ltr' id='par_1_23' title="bbox 2112 954 3695 1014">
     <span class='ocr_line' id='line_1_23' title="bbox 2112 954 3695 1014; baseline -0.001 -1"><span class='ocrx_word' id='word_1_175' title='bbox 2112 958 2197 1013; x_wconf 90' lang='lat' dir='ltr'><strong>dis</strong></span> <span class='ocrx_word' id='word_1_176' title='bbox 2222 956 2477 1010; x_wconf 82' lang='lat' dir='ltr'><strong>Matthan</strong></span> <span class='ocrx_word' id='word_1_177' title='bbox 2502 971 2566 1010; x_wconf 79' lang='lat' dir='ltr'><strong>ac</strong></span> <span class='ocrx_word' id='word_1_178' title='bbox 2586 954 2748 1011; x_wconf 75' lang='lat' dir='ltr'><strong>Lucae</strong></span> <span class='ocrx_word' id='word_1_179' title='bbox 2765 970 3160 1010; x_wconf 85' lang='lat' dir='ltr'><strong>consentaneus</strong></span> <span class='ocrx_word' id='word_1_180' title='bbox 3181 965 3284 1010; x_wconf 80' lang='lat' dir='ltr'><strong>est.</strong></span> <span class='ocrx_word' id='word_1_181' title='bbox 3298 954 3695 1014; x_wconf 61' lang='lat' dir='ltr'><strong>SedMatthaus</strong></span> 
     </span>
    </p>
   </div>
   <div class='ocr_carea' id='block_1_24' title="bbox 2114 1046 3697 1117">
    <p class='ocr_par' dir='ltr' id='par_1_24' title="bbox 2114 1046 3697 1117">
     <span class='ocr_line' id='line_1_24' title="bbox 2114 1046 3697 1117; baseline -0.001 -15"><span class='ocrx_word' id='word_1_182' title='bbox 2114 1049 2182 1102; x_wconf 85' lang='lat' dir='ltr'><strong>ab</strong></span> <span class='ocrx_word' id='word_1_183' title='bbox 2212 1062 2357 1101; x_wconf 85' lang='lat' dir='ltr'><strong>anno</strong></span> <span class='ocrx_word' id='word_1_184' title='bbox 2392 1047 2513 1116; x_wconf 88' lang='lat' dir='ltr'><strong>ipso</strong></span> <span class='ocrx_word' id='word_1_185' title='bbox 2554 1046 2853 1109; x_wconf 89' lang='lat' dir='ltr'><strong>tricesimo,</strong></span> <span class='ocrx_word' id='word_1_186' title='bbox 2901 1054 3028 1101; x_wconf 88' lang='lat' dir='ltr'><strong>ante</strong></span> <span class='ocrx_word' id='word_1_187' title='bbox 3071 1046 3219 1100; x_wconf 82' lang='lat' dir='ltr'><strong>illam</strong></span> <span class='ocrx_word' id='word_1_188' title='bbox 3265 1061 3481 1100; x_wconf 88' lang='lat' dir='ltr'><strong>omnem</strong></span> <span class='ocrx_word' id='word_1_189' title='bbox 3517 1047 3697 1117; x_wconf 84' lang='lat' dir='ltr'><strong>bapti-</strong></span> 
     </span>
    </p>
   </div>
   <div class='ocr_carea' id='block_1_25' title="bbox 2113 1134 3688 1207">
    <p class='ocr_par' dir='ltr' id='par_1_25' title="bbox 2113 1134 3688 1207">
     <span class='ocr_line' id='line_1_25' title="bbox 2113 1134 3688 1207; baseline -0.001 -15"><span class='ocrx_word' id='word_1_190' title='bbox 2113 1138 2239 1204; x_wconf 89' lang='lat' dir='ltr'><strong>smi,</strong></span> <span class='ocrx_word' id='word_1_191' title='bbox 2269 1153 2332 1191; x_wconf 89' lang='lat' dir='ltr'><strong>ac</strong></span> <span class='ocrx_word' id='word_1_192' title='bbox 2362 1153 2547 1192; x_wconf 89' lang='lat' dir='ltr'><strong>rerum</strong></span> <span class='ocrx_word' id='word_1_193' title='bbox 2598 1135 2666 1190; x_wconf 91' lang='lat' dir='ltr'><strong>ad</strong></span> <span class='ocrx_word' id='word_1_194' title='bbox 2709 1134 3006 1190; x_wconf 74' lang='lat' dir='ltr'><strong>Iordanem</strong></span> <span class='ocrx_word' id='word_1_195' title='bbox 3047 1146 3325 1207; x_wconf 86' lang='lat' dir='ltr'><strong>gestarum</strong></span> <span class='ocrx_word' id='word_1_196' title='bbox 3378 1138 3688 1202; x_wconf 84' lang='lat' dir='ltr'><strong>historiam,</strong></span> 
     </span>
    </p>
   </div>
   <div class='ocr_carea' id='block_1_26' title="bbox 2113 1224 3689 1296">
    <p class='ocr_par' dir='ltr' id='par_1_26' title="bbox 2113 1224 3689 1296">
     <span class='ocr_line' id='line_1_26' title="bbox 2113 1224 3689 1296; baseline 0.003 -18"><span class='ocrx_word' id='word_1_197' title='bbox 2113 1225 2483 1279; x_wconf 83' lang='lat' dir='ltr'><strong>narrationem</strong></span> <span class='ocrx_word' id='word_1_198' title='bbox 2524 1225 2822 1280; x_wconf 85' lang='lat' dir='ltr'><strong>inchoavit.</strong></span> <span class='ocrx_word' id='word_1_199' title='bbox 2860 1224 3039 1280; x_wconf 85' lang='lat' dir='ltr'><strong>Lucas</strong></span> <span class='ocrx_word' id='word_1_200' title='bbox 3081 1242 3244 1296; x_wconf 88' lang='lat' dir='ltr'><strong>porro</strong></span> <span class='ocrx_word' id='word_1_201' title='bbox 3282 1241 3314 1279; x_wconf 82' lang='lat' dir='ltr'><strong>a</strong></span> <span class='ocrx_word' id='word_1_202' title='bbox 3356 1234 3511 1280; x_wconf 84' lang='lat' dir='ltr'><strong>sexto</strong></span> <span class='ocrx_word' id='word_1_203' title='bbox 3538 1243 3689 1283; x_wconf 89' lang='lat' dir='ltr'><strong>men—</strong></span> 
     </span>
    </p>
   </div>
   <div class='ocr_carea' id='block_1_27' title="bbox 2113 1315 3693 1387">
    <p class='ocr_par' dir='ltr' id='par_1_27' title="bbox 2113 1315 3693 1387">
     <span class='ocr_line' id='line_1_27' title="bbox 2113 1315 3693 1387; baseline 0 -16"><span class='ocrx_word' id='word_1_204' title='bbox 2113 1332 2192 1379; x_wconf 91' lang='lat' dir='ltr'><strong>se,</strong></span> <span class='ocrx_word' id='word_1_205' title='bbox 2237 1325 2361 1370; x_wconf 84' lang='lat' dir='ltr'><strong>ante</strong></span> <span class='ocrx_word' id='word_1_206' title='bbox 2406 1315 2705 1370; x_wconf 89' lang='lat' dir='ltr'><strong>Salvatoris</strong></span> <span class='ocrx_word' id='word_1_207' title='bbox 2748 1315 2802 1369; x_wconf 91' lang='lat' dir='ltr'><strong>in</strong></span> <span class='ocrx_word' id='word_1_208' title='bbox 2847 1324 3003 1371; x_wconf 89' lang='lat' dir='ltr'><strong>utero</strong></span> <span class='ocrx_word' id='word_1_209' title='bbox 3029 1317 3454 1386; x_wconf 78' lang='lat' dir='ltr'><strong>generationem,</strong></span> <span class='ocrx_word' id='word_1_210' title='bbox 3490 1318 3693 1387; x_wconf 85' lang='lat' dir='ltr'><strong>princi-</strong></span> 
     </span>
    </p>
   </div>
   <div class='ocr_carea' id='block_1_28' title="bbox 2112 1407 3692 1478">
    <p class='ocr_par' dir='ltr' id='par_1_28' title="bbox 2112 1407 3692 1478">
     <span class='ocr_line' id='line_1_28' title="bbox 2112 1407 3692 1478; baseline 0.001 -18"><span class='ocrx_word' id='word_1_211' title='bbox 2112 1409 2260 1478; x_wconf 83' lang='lat' dir='ltr'><strong>pium</strong></span> <span class='ocrx_word' id='word_1_212' title='bbox 2287 1407 2509 1461; x_wconf 75' lang='lat' dir='ltr'><strong>dedﬁxit</strong></span> <span class='ocrx_word' id='word_1_213' title='bbox 2535 1425 2549 1459; x_wconf 90' lang='lat'>:</span> <span class='ocrx_word' id='word_1_214' title='bbox 2573 1408 2773 1477; x_wconf 89' lang='lat' dir='ltr'><strong>quibus</strong></span> <span class='ocrx_word' id='word_1_215' title='bbox 2802 1423 2993 1461; x_wconf 84' lang='lat' dir='ltr'><strong>novem</strong></span> <span class='ocrx_word' id='word_1_216' title='bbox 3031 1409 3229 1463; x_wconf 90' lang='lat' dir='ltr'><strong>deinde</strong></span> <span class='ocrx_word' id='word_1_217' title='bbox 3259 1425 3483 1464; x_wconf 82' lang='lat' dir='ltr'><strong>menses</strong></span> <span class='ocrx_word' id='word_1_218' title='bbox 3519 1410 3692 1472; x_wconf 74' lang='lat' dir='ltr'><strong>addit,</strong></span> 
     </span>
    </p>
   </div>
   <div class='ocr_carea' id='block_1_29' title="bbox 2112 1501 3692 1572">
    <p class='ocr_par' dir='ltr' id='par_1_29' title="bbox 2112 1501 3692 1572">
     <span class='ocr_line' id='line_1_29' title="bbox 2112 1501 3692 1572; baseline 0.001 -18"><span class='ocrx_word' id='word_1_219' title='bbox 2112 1515 2220 1554; x_wconf 90' lang='lat' dir='ltr'><strong>una</strong></span> <span class='ocrx_word' id='word_1_220' title='bbox 2247 1515 2370 1554; x_wconf 93' lang='lat' dir='ltr'><strong>cum</strong></span> <span class='ocrx_word' id='word_1_221' title='bbox 2405 1501 2594 1569; x_wconf 82' lang='lat' dir='ltr'><strong>paucis</strong></span> <span class='ocrx_word' id='word_1_222' title='bbox 2625 1501 2824 1570; x_wconf 82' lang='lat' dir='ltr'><strong>quibus</strong></span> <span class='ocrx_word' id='word_1_223' title='bbox 2848 1501 3064 1570; x_wconf 86' lang='lat' dir='ltr'><strong>genitus</strong></span> <span class='ocrx_word' id='word_1_224' title='bbox 3094 1509 3179 1555; x_wconf 86' lang='lat' dir='ltr'><strong>est</strong></span> <span class='ocrx_word' id='word_1_225' title='bbox 3203 1502 3416 1565; x_wconf 89' lang='lat' dir='ltr'><strong>diebus,</strong></span> <span class='ocrx_word' id='word_1_226' title='bbox 3442 1509 3501 1555; x_wconf 91' lang='lat' dir='ltr'><strong>ut</strong></span> <span class='ocrx_word' id='word_1_227' title='bbox 3526 1518 3692 1572; x_wconf 84' lang='lat' dir='ltr'><strong>supra</strong></span> 
     </span>
    </p>
   </div>
   <div class='ocr_carea' id='block_1_30' title="bbox 2113 1593 3693 1664">
    <p class='ocr_par' dir='ltr' id='par_1_30' title="bbox 2113 1593 3693 1664">
     <span class='ocr_line' id='line_1_30' title="bbox 2113 1593 3693 1664; baseline -0.001 -17"><span class='ocrx_word' id='word_1_228' title='bbox 2113 1595 2276 1649; x_wconf 90' lang='lat' dir='ltr'><strong>unius</strong></span> <span class='ocrx_word' id='word_1_229' title='bbox 2307 1609 2370 1647; x_wconf 83' lang='lat' dir='ltr'><strong>ac</strong></span> <span class='ocrx_word' id='word_1_230' title='bbox 2397 1595 2621 1664; x_wconf 83' lang='lat' dir='ltr'><strong>triginta</strong></span> <span class='ocrx_word' id='word_1_231' title='bbox 2652 1609 2921 1647; x_wconf 89' lang='lat' dir='ltr'><strong>annorum</strong></span> <span class='ocrx_word' id='word_1_232' title='bbox 2950 1594 3186 1663; x_wconf 86' lang='lat' dir='ltr'><strong>spatium</strong></span> <span class='ocrx_word' id='word_1_233' title='bbox 3214 1594 3524 1663; x_wconf 76' lang='lat' dir='ltr'><strong>colligatur.</strong></span> <span class='ocrx_word' id='word_1_234' title='bbox 3551 1593 3693 1647; x_wconf 83' lang='lat' dir='ltr'><strong>Nar-</strong></span> 
     </span>
    </p>
   </div>
   <div class='ocr_carea' id='block_1_31' title="bbox 2111 1682 3693 1751">
    <p class='ocr_par' dir='ltr' id='par_1_31' title="bbox 2111 1682 3693 1751">
     <span class='ocr_line' id='line_1_31' title="bbox 2111 1682 3693 1751; baseline 0.003 -18"><span class='ocrx_word' id='word_1_235' title='bbox 2111 1690 2197 1734; x_wconf 87' lang='lat' dir='ltr'><strong>rat</strong></span> <span class='ocrx_word' id='word_1_236' title='bbox 2223 1687 2483 1748; x_wconf 75' lang='lat' dir='ltr'><strong>praeterea</strong></span> <span class='ocrx_word' id='word_1_237' title='bbox 2523 1682 2982 1750; x_wconf 88' lang='lat' dir='ltr'><strong>quemadmodum</strong></span> <span class='ocrx_word' id='word_1_238' title='bbox 3017 1690 3267 1751; x_wconf 82' lang='lat' dir='ltr'><strong>pastores</strong></span> <span class='ocrx_word' id='word_1_239' title='bbox 3298 1684 3369 1737; x_wconf 86' lang='lat' dir='ltr'><strong>ab</strong></span> <span class='ocrx_word' id='word_1_240' title='bbox 3405 1683 3693 1737; x_wconf 80' lang='lat' dir='ltr'><strong>internun-</strong></span> 
     </span>
    </p>
   </div>
   <div class='ocr_carea' id='block_1_32' title="bbox 2111 1769 3700 1845">
    <p class='ocr_par' dir='ltr' id='par_1_32' title="bbox 2111 1769 3700 1845">
     <span class='ocr_line' id='line_1_32' title="bbox 2111 1769 3700 1845; baseline 0.006 -23"><span class='ocrx_word' id='word_1_241' title='bbox 2111 1769 2205 1824; x_wconf 90' lang='lat' dir='ltr'><strong>tiis</strong></span> <span class='ocrx_word' id='word_1_242' title='bbox 2246 1772 2453 1841; x_wconf 80' lang='lat' dir='ltr'><strong>angelis</strong></span> <span class='ocrx_word' id='word_1_243' title='bbox 2494 1772 2755 1826; x_wconf 88' lang='lat' dir='ltr'><strong>admoniti</strong></span> <span class='ocrx_word' id='word_1_244' title='bbox 2792 1773 2958 1828; x_wconf 84' lang='lat' dir='ltr'><strong>Deum</strong></span> <span class='ocrx_word' id='word_1_245' title='bbox 2993 1775 3413 1844; x_wconf 79' lang='lat' dir='ltr'><strong>conspexerint;</strong></span> <span class='ocrx_word' id='word_1_246' title='bbox 3446 1783 3614 1845; x_wconf 87' lang='lat' dir='ltr'><strong>utque</strong></span> <span class='ocrx_word' id='word_1_247' title='bbox 3644 1775 3700 1831; x_wconf 83' lang='lat' dir='ltr'><strong>is</strong></span> 
     </span>
    </p>
   </div>
   <div class='ocr_carea' id='block_1_33' title="bbox 428 1862 2009 1956">
    <p class='ocr_par' dir='ltr' id='par_1_33' title="bbox 428 1871 2006 1943">
     <span class='ocr_line' id='line_1_33' title="bbox 428 1871 2006 1943; baseline 0 -17"><span class='ocrx_word' id='word_1_248' title='bbox 428 1873 570 1926; x_wconf 82' lang='grc' dir='ltr'><strong>κατά</strong></span> <span class='ocrx_word' id='word_1_249' title='bbox 613 1873 703 1926; x_wconf 77' lang='grc' dir='ltr'><strong>τὸν</strong></span> <span class='ocrx_word' id='word_1_250' title='bbox 752 1873 915 1943; x_wconf 88' lang='grc' dir='ltr'>νόμον</span> <span class='ocrx_word' id='word_1_251' title='bbox 966 1871 1271 1943; x_wconf 78' lang='grc' dir='ltr'>προσφόρια</span> <span class='ocrx_word' id='word_1_252' title='bbox 1302 1872 1442 1943; x_wconf 83' lang='grc' dir='ltr'>ὑπὲρ</span> <span class='ocrx_word' id='word_1_253' title='bbox 1485 1872 2006 1926; x_wconf 83' lang='grc' dir='ltr'>αὐτοῦ-ἐπετέλουν·</span> 
     </span>
    </p>
   </div>
   <div class='ocr_carea' id='block_1_34' title="bbox 2112 1862 3692 1956">
    <p class='ocr_par' dir='ltr' id='par_1_34' title="bbox 2116 1862 3692 1935">
     <span class='ocr_line' id='line_1_34' title="bbox 2116 1862 3692 1935; baseline 0.004 -20"><span class='ocrx_word' id='word_1_254' title='bbox 2116 1862 2451 1918; x_wconf 88' lang='lat' dir='ltr'><strong>Bethlehemi</strong></span> <span class='ocrx_word' id='word_1_255' title='bbox 2487 1865 2539 1917; x_wconf 89' lang='lat' dir='ltr'><strong>in</strong></span> <span class='ocrx_word' id='word_1_256' title='bbox 2572 1865 2748 1919; x_wconf 84' lang='lat' dir='ltr'><strong>lucem</strong></span> <span class='ocrx_word' id='word_1_257' title='bbox 2782 1867 2984 1931; x_wconf 83' lang='lat' dir='ltr'><strong>editus,</strong></span> <span class='ocrx_word' id='word_1_258' title='bbox 3012 1881 3076 1919; x_wconf 87' lang='lat' dir='ltr'><strong>ac</strong></span> <span class='ocrx_word' id='word_1_259' title='bbox 3101 1866 3299 1935; x_wconf 91' lang='lat' dir='ltr'><strong>pannis</strong></span> <span class='ocrx_word' id='word_1_260' title='bbox 3332 1867 3613 1924; x_wconf 90' lang='lat' dir='ltr'><strong>involutus</strong></span> <span class='ocrx_word' id='word_1_261' title='bbox 3636 1868 3692 1921; x_wconf 89' lang='lat' dir='ltr'><strong>in</strong></span> 
     </span>
    </p>
   </div>
   <div class='ocr_carea' id='block_1_35' title="bbox 428 1964 2013 2035">
    <p class='ocr_par' dir='ltr' id='par_1_35' title="bbox 428 1964 2013 2035">
     <span class='ocr_line' id='line_1_35' title="bbox 428 1964 2013 2035; baseline -0.001 -17"><span class='ocrx_word' id='word_1_262' title='bbox 428 1966 524 2020; x_wconf 71' lang='grc' dir='ltr'><strong>καὶ</strong></span> <span class='ocrx_word' id='word_1_263' title='bbox 566 1966 643 2029; x_wconf 86' lang='grc' dir='ltr'><strong>ὡς</strong></span> <span class='ocrx_word' id='word_1_264' title='bbox 706 1968 735 2019; x_wconf 81' lang='grc' dir='ltr'><strong>ό</strong></span> <span class='ocrx_word' id='word_1_265' title='bbox 783 1964 1006 2035; x_wconf 87' lang='grc' dir='ltr'>Συμεὼν</span> <span class='ocrx_word' id='word_1_266' title='bbox 1053 1966 1111 2017; x_wconf 91' lang='grc' dir='ltr'><strong>ἐν</strong></span> <span class='ocrx_word' id='word_1_267' title='bbox 1151 1964 1421 2033; x_wconf 81' lang='grc' dir='ltr'>ἀγκάλαις</span> <span class='ocrx_word' id='word_1_268' title='bbox 1468 1964 1718 2034; x_wconf 74' lang='grc' dir='ltr'>ἐδέχετοο</span> <span class='ocrx_word' id='word_1_269' title='bbox 1780 1965 1874 2017; x_wconf 77' lang='grc' dir='ltr'><strong>καὶ</strong></span> <span class='ocrx_word' id='word_1_270' title='bbox 1938 1965 2013 2028; x_wconf 85' lang='grc' dir='ltr'>ὡς</span> 
     </span>
    </p>
   </div>
   <div class='ocr_carea' id='block_1_36' title="bbox 433 2058 2013 2129">
    <p class='ocr_par' dir='ltr' id='par_1_36' title="bbox 433 2058 2013 2129">
     <span class='ocr_line' id='line_1_36' title="bbox 433 2058 2013 2129; baseline 0 -18"><span class='ocrx_word' id='word_1_271' title='bbox 433 2061 602 2112; x_wconf 78' lang='grc' dir='ltr'>Ἀννα</span> <span class='ocrx_word' id='word_1_272' title='bbox 639 2059 1067 2128; x_wconf 79' lang='grc' dir='ltr'>ἀνθωμολογεῖτο</span> <span class='ocrx_word' id='word_1_273' title='bbox 1112 2058 1360 2129; x_wconf 84' lang='grc' dir='ltr'>θυγάτηρ</span> <span class='ocrx_word' id='word_1_274' title='bbox 1396 2058 1676 2128; x_wconf 74' lang='grc' dir='ltr'>Φανουήλο</span> <span class='ocrx_word' id='word_1_275' title='bbox 1720 2058 1816 2112; x_wconf 78' lang='grc' dir='ltr'><strong>καὶ</strong></span> <span class='ocrx_word' id='word_1_276' title='bbox 1845 2059 1919 2120; x_wconf 82' lang='grc' dir='ltr'>ὡς</span> <span class='ocrx_word' id='word_1_277' title='bbox 1948 2059 2013 2111; x_wconf 79' lang='grc' dir='ltr'><strong>ἐκ</strong></span> 
     </span>
    </p>
   </div>
   <div class='ocr_carea' id='block_1_37' title="bbox 428 2150 2014 2224">
    <p class='ocr_par' dir='ltr' id='par_1_37' title="bbox 428 2150 2014 2224">
     <span class='ocr_line' id='line_1_37' title="bbox 428 2150 2014 2224; baseline 0 -19"><span class='ocrx_word' id='word_1_278' title='bbox 428 2152 682 2222; x_wconf 77' lang='grc' dir='ltr'>Ναζαρὲτ</span> <span class='ocrx_word' id='word_1_279' title='bbox 712 2151 876 2222; x_wconf 81' lang='grc' dir='ltr'>ἀπῄει</span> <span class='ocrx_word' id='word_1_280' title='bbox 897 2152 977 2215; x_wconf 85' lang='grc' dir='ltr'>εἰς</span> <span class='ocrx_word' id='word_1_281' title='bbox 1017 2152 1371 2224; x_wconf 81' lang='grc' dir='ltr'>Ἰερουσαλὴμ</span> <span class='ocrx_word' id='word_1_282' title='bbox 1399 2151 1514 2221; x_wconf 81' lang='grc' dir='ltr'>ἆμα</span> <span class='ocrx_word' id='word_1_283' title='bbox 1543 2155 1658 2214; x_wconf 85' lang='grc' dir='ltr'>τοῖς</span> <span class='ocrx_word' id='word_1_284' title='bbox 1680 2150 1895 2221; x_wconf 77' lang='grc' dir='ltr'>γονεῦσι</span> <span class='ocrx_word' id='word_1_285' title='bbox 1924 2169 2014 2205; x_wconf 89' lang='grc' dir='ltr'>τε-</span> 
     </span>
    </p>
   </div>
   <div class='ocr_carea' id='block_1_38' title="bbox 428 2237 2014 2314">
    <p class='ocr_par' dir='ltr' id='par_1_38' title="bbox 428 2237 2014 2314">
     <span class='ocr_line' id='line_1_38' title="bbox 428 2237 2014 2314; baseline -0.003 -17"><span class='ocrx_word' id='word_1_286' title='bbox 428 2244 610 2298; x_wconf 84' lang='grc' dir='ltr'>λοῦσιν</span> <span class='ocrx_word' id='word_1_287' title='bbox 640 2244 779 2314; x_wconf 73' lang='grc' dir='ltr'>ὑπὲρ</span> <span class='ocrx_word' id='word_1_288' title='bbox 800 2242 964 2295; x_wconf 79' lang='grc' dir='ltr'>αὐτοῦ</span> <span class='ocrx_word' id='word_1_289' title='bbox 988 2242 1131 2296; x_wconf 87' lang='grc' dir='ltr'><strong>κατά</strong></span> <span class='ocrx_word' id='word_1_290' title='bbox 1154 2242 1245 2295; x_wconf 87' lang='grc' dir='ltr'><strong>τὸν</strong></span> <span class='ocrx_word' id='word_1_291' title='bbox 1275 2237 1565 2313; x_wconf 84' lang='grc' dir='ltr'>νόμον.Ὦν</span> <span class='ocrx_word' id='word_1_292' title='bbox 1590 2241 1738 2294; x_wconf 66' lang='grc' dir='ltr'>οὐδὲν</span> <span class='ocrx_word' id='word_1_293' title='bbox 1761 2240 1838 2311; x_wconf 81' lang='grc' dir='ltr'>τῷ</span> <span class='ocrx_word' id='word_1_294' title='bbox 1863 2243 2014 2295; x_wconf 85' lang='grc' dir='ltr'>Ματ-</span> 
     </span>
    </p>
   </div>
   <div class='ocr_carea' id='block_1_39' title="bbox 430 2332 2013 2407">
    <p class='ocr_par' dir='ltr' id='par_1_39' title="bbox 430 2332 2013 2407">
     <span class='ocr_line' id='line_1_39' title="bbox 430 2332 2013 2407; baseline -0.001 -19"><span class='ocrx_word' id='word_1_295' title='bbox 430 2336 566 2407; x_wconf 86' lang='grc' dir='ltr'>θαίῳ</span> <span class='ocrx_word' id='word_1_296' title='bbox 616 2335 995 2406; x_wconf 85' lang='grc' dir='ltr'>ἐπείργασται,</span> <span class='ocrx_word' id='word_1_297' title='bbox 1028 2334 1150 2389; x_wconf 83' lang='grc' dir='ltr'><strong>οὐδέ</strong></span> <span class='ocrx_word' id='word_1_298' title='bbox 1190 2334 1268 2405; x_wconf 84' lang='grc' dir='ltr'>τῷ</span> <span class='ocrx_word' id='word_1_299' title='bbox 1298 2335 1534 2406; x_wconf 84' lang='grc' dir='ltr'>Μάρκῳ,</span> <span class='ocrx_word' id='word_1_300' title='bbox 1564 2332 1702 2386; x_wconf 86' lang='grc' dir='ltr'><strong>ἀλλά</strong></span> <span class='ocrx_word' id='word_1_301' title='bbox 1746 2334 1852 2404; x_wconf 83' lang='grc' dir='ltr'>μὴν</span> <span class='ocrx_word' id='word_1_302' title='bbox 1893 2332 2013 2387; x_wconf 79' lang='grc' dir='ltr'>οὐδὲ</span> 
     </span>
    </p>
   </div>
   <div class='ocr_carea' id='block_1_40' title="bbox 426 2428 777 2501">
    <p class='ocr_par' dir='ltr' id='par_1_40' title="bbox 426 2428 777 2501">
     <span class='ocr_line' id='line_1_40' title="bbox 426 2428 777 2501; baseline -0.003 -20"><span class='ocrx_word' id='word_1_303' title='bbox 426 2428 506 2500; x_wconf 81' lang='grc' dir='ltr'>τῷ</span> <span class='ocrx_word' id='word_1_304' title='bbox 534 2428 777 2501; x_wconf 81' lang='grc' dir='ltr'>Ἰωάννῃ.</span> 
     </span>
    </p>
   </div>
   <div class='ocr_carea' id='block_1_41' title="bbox 497 2602 2010 2675">
    <p class='ocr_par' dir='ltr' id='par_1_41' title="bbox 497 2602 2010 2675">
     <span class='ocr_line' id='line_1_41' title="bbox 497 2602 2010 2675; baseline -0.003 -15"><span class='ocrx_word' id='word_1_305' title='bbox 497 2608 579 2660; x_wconf 83' lang='lat' dir='ltr'><strong>H’.</strong></span> <span class='ocrx_word' id='word_1_306' title='bbox 623 2605 784 2658; x_wconf 81' lang='grc' dir='ltr'>Ὅθεν</span> <span class='ocrx_word' id='word_1_307' title='bbox 834 2606 927 2659; x_wconf 88' lang='grc' dir='ltr'><strong>καί</strong></span> <span class='ocrx_word' id='word_1_308' title='bbox 968 2622 1113 2669; x_wconf 89' lang='grc' dir='ltr'>τινες</span> <span class='ocrx_word' id='word_1_309' title='bbox 1160 2604 1308 2659; x_wconf 79' lang='grc' dir='ltr'>ἄλλοι</span> <span class='ocrx_word' id='word_1_310' title='bbox 1360 2604 1420 2669; x_wconf 77' lang='grc' dir='ltr'><strong>ἐξ</strong></span> <span class='ocrx_word' id='word_1_311' title='bbox 1475 2603 1743 2675; x_wconf 85' lang='grc' dir='ltr'>Ἑλλήνων</span> <span class='ocrx_word' id='word_1_312' title='bbox 1794 2602 2010 2672; x_wconf 80' lang='grc' dir='ltr'>φιλοσό-</span> 
     </span>
    </p>
   </div>
   <div class='ocr_carea' id='block_1_42' title="bbox 429 2695 2012 2769">
    <p class='ocr_par' dir='ltr' id='par_1_42' title="bbox 429 2695 2012 2769">
     <span class='ocr_line' id='line_1_42' title="bbox 429 2695 2012 2769; baseline -0.003 -18"><span class='ocrx_word' id='word_1_313' title='bbox 429 2715 574 2767; x_wconf 88' lang='grc' dir='ltr'>φων,</span> <span class='ocrx_word' id='word_1_314' title='bbox 616 2697 757 2768; x_wconf 78' lang='grc' dir='ltr'>φημὶ</span> <span class='ocrx_word' id='word_1_315' title='bbox 786 2697 842 2749; x_wconf 81' lang='grc' dir='ltr'><strong>δὲ</strong></span> <span class='ocrx_word' id='word_1_316' title='bbox 871 2696 1199 2769; x_wconf 82' lang='grc' dir='ltr'>Πορφύριος,</span> <span class='ocrx_word' id='word_1_317' title='bbox 1230 2697 1324 2749; x_wconf 76' lang='grc' dir='ltr'>καὶ</span> <span class='ocrx_word' id='word_1_318' title='bbox 1356 2695 1585 2761; x_wconf 81' lang='grc' dir='ltr'>Κέλσος,</span> <span class='ocrx_word' id='word_1_319' title='bbox 1614 2696 1710 2748; x_wconf 74' lang='grc' dir='ltr'>καὶ</span> <span class='ocrx_word' id='word_1_320' title='bbox 1748 2695 2012 2749; x_wconf 74' lang='grc' dir='ltr'>Φιλοσαὸ-</span> 
     </span>
    </p>
   </div>
   <div class='ocr_carea' id='block_1_43' title="bbox 428 2786 2010 2858">
    <p class='ocr_par' dir='ltr' id='par_1_43' title="bbox 428 2786 2010 2858">
     <span class='ocr_line' id='line_1_43' title="bbox 428 2786 2010 2858; baseline -0.001 -17"><span class='ocrx_word' id='word_1_321' title='bbox 428 2787 612 2850; x_wconf 69' lang='grc' dir='ltr'>ὅάτιος</span> <span class='ocrx_word' id='word_1_322' title='bbox 646 2786 779 2858; x_wconf 68' lang='grc'>(24),</span> <span class='ocrx_word' id='word_1_323' title='bbox 824 2790 851 2840; x_wconf 85' lang='grc' dir='ltr'>ὁ</span> <span class='ocrx_word' id='word_1_324' title='bbox 901 2789 966 2840; x_wconf 88' lang='grc' dir='ltr'><strong>ἐκ</strong></span> <span class='ocrx_word' id='word_1_325' title='bbox 1007 2787 1116 2840; x_wconf 89' lang='grc' dir='ltr'><strong>τῶν</strong></span> <span class='ocrx_word' id='word_1_326' title='bbox 1157 2786 1423 2840; x_wconf 85' lang='grc' dir='ltr'>Ἰουδαίων</span> <span class='ocrx_word' id='word_1_327' title='bbox 1467 2786 1807 2857; x_wconf 86' lang='grc' dir='ltr'>ὁρμώμενος,</span> <span class='ocrx_word' id='word_1_328' title='bbox 1841 2786 2010 2850; x_wconf 73' lang='grc' dir='ltr'>δεινὸς</span> 
     </span>
    </p>
   </div>
   <div class='ocr_carea' id='block_1_44' title="bbox 430 2878 2011 2950">
    <p class='ocr_par' dir='ltr' id='par_1_44' title="bbox 430 2878 2011 2950">
     <span class='ocr_line' id='line_1_44' title="bbox 430 2878 2011 2950; baseline -0.001 -16"><span class='ocrx_word' id='word_1_329' title='bbox 430 2881 527 2934; x_wconf 71' lang='grc' dir='ltr'><strong>καὶ</strong></span> <span class='ocrx_word' id='word_1_330' title='bbox 579 2879 833 2933; x_wconf 85' lang='grc' dir='ltr'>ἀπατεὼν</span> <span class='ocrx_word' id='word_1_331' title='bbox 877 2879 1034 2949; x_wconf 73' lang='grc' dir='ltr'>ὄφις,</span> <span class='ocrx_word' id='word_1_332' title='bbox 1080 2881 1158 2943; x_wconf 87' lang='grc' dir='ltr'><strong>είς</strong></span> <span class='ocrx_word' id='word_1_333' title='bbox 1198 2879 1294 2949; x_wconf 85' lang='grc' dir='ltr'><strong>τὴν</strong></span> <span class='ocrx_word' id='word_1_334' title='bbox 1329 2879 1468 2933; x_wconf 86' lang='grc' dir='ltr'><strong>κατά</strong></span> <span class='ocrx_word' id='word_1_335' title='bbox 1504 2879 1606 2947; x_wconf 81' lang='grc' dir='ltr'><strong>τῆς</strong></span> <span class='ocrx_word' id='word_1_336' title='bbox 1653 2878 2011 2950; x_wconf 83' lang='grc' dir='ltr'>εὐαγγελικῆς</span> 
     </span>
    </p>
   </div>
   <div class='ocr_carea' id='block_1_45' title="bbox 430 2969 2011 3043">
    <p class='ocr_par' dir='ltr' id='par_1_45' title="bbox 430 2969 2011 3043">
     <span class='ocr_line' id='line_1_45' title="bbox 430 2969 2011 3043; baseline -0.001 -19"><span class='ocrx_word' id='word_1_337' title='bbox 430 2972 812 3043; x_wconf 86' lang='grc' dir='ltr'>πραγματείας</span> <span class='ocrx_word' id='word_1_338' title='bbox 839 2971 1121 3037; x_wconf 82' lang='grc' dir='ltr'>διεξιόντες</span> <span class='ocrx_word' id='word_1_339' title='bbox 1146 2969 1476 3041; x_wconf 83' lang='grc' dir='ltr'>ἀνατροπὴν,</span> <span class='ocrx_word' id='word_1_340' title='bbox 1498 2970 1608 3024; x_wconf 91' lang='grc' dir='ltr'><strong>τῶν</strong></span> <span class='ocrx_word' id='word_1_341' title='bbox 1650 2971 1818 3038; x_wconf 86' lang='grc' dir='ltr'>ἁγίων</span> <span class='ocrx_word' id='word_1_342' title='bbox 1848 2970 2011 3039; x_wconf 83' lang='grc' dir='ltr'>εὐαγ-</span> 
     </span>
    </p>
   </div>
   <div class='ocr_carea' id='block_1_46' title="bbox 430 3061 2008 3134">
    <p class='ocr_par' dir='ltr' id='par_1_46' title="bbox 430 3061 2008 3134">
     <span class='ocr_line' id='line_1_46' title="bbox 430 3061 2008 3134; baseline -0.001 -19"><span class='ocrx_word' id='word_1_343' title='bbox 430 3062 694 3131; x_wconf 88' lang='grc' dir='ltr'>γελιστῶν</span> <span class='ocrx_word' id='word_1_344' title='bbox 726 3061 1111 3134; x_wconf 78' lang='grc' dir='ltr'>κατηγοροῦσι,</span> <span class='ocrx_word' id='word_1_345' title='bbox 1141 3061 1361 3131; x_wconf 74' lang='grc' dir='ltr'>ψυχικοὶ</span> <span class='ocrx_word' id='word_1_346' title='bbox 1404 3062 1499 3114; x_wconf 75' lang='grc' dir='ltr'><strong>καὶ</strong></span> <span class='ocrx_word' id='word_1_347' title='bbox 1546 3061 1799 3133; x_wconf 61' lang='grc' dir='ltr'>σαρκικοί</span> <span class='ocrx_word' id='word_1_348' title='bbox 1834 3062 2008 3133; x_wconf 81' lang='grc' dir='ltr'>ὑπάρο</span> 
     </span>
    </p>
   </div>
   <div class='ocr_carea' id='block_1_47' title="bbox 430 3153 2010 3226">
    <p class='ocr_par' dir='ltr' id='par_1_47' title="bbox 430 3153 2010 3226">
     <span class='ocr_line' id='line_1_47' title="bbox 430 3153 2010 3226; baseline -0.001 -19"><span class='ocrx_word' id='word_1_349' title='bbox 430 3173 636 3226; x_wconf 85' lang='grc' dir='ltr'>χοντες,</span> <span class='ocrx_word' id='word_1_350' title='bbox 672 3155 812 3208; x_wconf 74' lang='grc' dir='ltr'>κατὰ</span> <span class='ocrx_word' id='word_1_351' title='bbox 836 3154 1013 3226; x_wconf 86' lang='grc' dir='ltr'>σάρκα</span> <span class='ocrx_word' id='word_1_352' title='bbox 1044 3154 1101 3206; x_wconf 88' lang='grc' dir='ltr'><strong>δέ</strong></span> <span class='ocrx_word' id='word_1_353' title='bbox 1132 3153 1567 3226; x_wconf 85' lang='grc' dir='ltr'>στρατευόμενοι.</span> <span class='ocrx_word' id='word_1_354' title='bbox 1618 3155 1711 3206; x_wconf 74' lang='grc' dir='ltr'><strong>καὶ</strong></span> <span class='ocrx_word' id='word_1_355' title='bbox 1737 3153 1871 3206; x_wconf 84' lang='grc' dir='ltr'>Θεοῦ</span> <span class='ocrx_word' id='word_1_356' title='bbox 1918 3155 2010 3206; x_wconf 83' lang='grc' dir='ltr'>εὑ-</span> 
     </span>
    </p>
   </div>
   <div class='ocr_carea' id='block_1_48' title="bbox 2115 1954 3694 2024">
    <p class='ocr_par' dir='ltr' id='par_1_48' title="bbox 2115 1954 3694 2024">
     <span class='ocr_line' id='line_1_48' title="bbox 2115 1954 3694 2024; baseline 0.004 -18"><span class='ocrx_word' id='word_1_357' title='bbox 2115 1954 2365 2024; x_wconf 73' lang='lat' dir='ltr'><strong>praesepi,</strong></span> <span class='ocrx_word' id='word_1_358' title='bbox 2395 1962 2449 2007; x_wconf 92' lang='lat' dir='ltr'><strong>et</strong></span> <span class='ocrx_word' id='word_1_359' title='bbox 2482 1963 2675 2009; x_wconf 86' lang='lat' dir='ltr'><strong>octavo</strong></span> <span class='ocrx_word' id='word_1_360' title='bbox 2705 1956 2793 2009; x_wconf 89' lang='lat' dir='ltr'><strong>die</strong></span> <span class='ocrx_word' id='word_1_361' title='bbox 2822 1956 3183 2012; x_wconf 89' lang='lat' dir='ltr'><strong>circumcisus</strong></span> <span class='ocrx_word' id='word_1_362' title='bbox 3216 1956 3402 2023; x_wconf 87' lang='lat' dir='ltr'><strong>luerit,</strong></span> <span class='ocrx_word' id='word_1_363' title='bbox 3433 1974 3535 2013; x_wconf 88' lang='lat' dir='ltr'><strong>nec</strong></span> <span class='ocrx_word' id='word_1_364' title='bbox 3581 1974 3694 2012; x_wconf 87' lang='lat' dir='ltr'><strong>non</strong></span> 
     </span>
    </p>
   </div>
   <div class='ocr_carea' id='block_1_49' title="bbox 2113 2045 3696 2122">
    <p class='ocr_par' dir='ltr' id='par_1_49' title="bbox 2113 2045 3696 2122">
     <span class='ocr_line' id='line_1_49' title="bbox 2113 2045 3696 2122; baseline 0.007 -25"><span class='ocrx_word' id='word_1_365' title='bbox 2113 2053 2235 2115; x_wconf 91' lang='lat' dir='ltr'><strong>post</strong></span> <span class='ocrx_word' id='word_1_366' title='bbox 2263 2045 2382 2101; x_wconf 89' lang='lat' dir='ltr'><strong>dies</strong></span> <span class='ocrx_word' id='word_1_367' title='bbox 2428 2063 2497 2100; x_wconf 72' lang='grc' dir='ltr'>ιιι,</span> <span class='ocrx_word' id='word_1_368' title='bbox 2546 2062 2644 2116; x_wconf 89' lang='lat' dir='ltr'><strong>pro</strong></span> <span class='ocrx_word' id='word_1_369' title='bbox 2674 2046 2863 2102; x_wconf 88' lang='lat' dir='ltr'><strong>eodem</strong></span> <span class='ocrx_word' id='word_1_370' title='bbox 2895 2050 3075 2103; x_wconf 90' lang='lat' dir='ltr'><strong>oblata</strong></span> <span class='ocrx_word' id='word_1_371' title='bbox 3121 2051 3252 2113; x_wconf 88' lang='lat' dir='ltr'><strong>sint.</strong></span> <span class='ocrx_word' id='word_1_372' title='bbox 3283 2066 3405 2120; x_wconf 69' lang='lat' dir='ltr'><strong>qua:</strong></span> <span class='ocrx_word' id='word_1_373' title='bbox 3437 2052 3521 2107; x_wconf 82' lang='lat' dir='ltr'><strong>lex</strong></span> <span class='ocrx_word' id='word_1_374' title='bbox 3557 2067 3696 2122; x_wconf 65' lang='lat' dir='ltr'><strong>prae-</strong></span> 
     </span>
    </p>
   </div>
   <div class='ocr_carea' id='block_1_50' title="bbox 2114 2130 3694 2214">
    <p class='ocr_par' dir='ltr' id='par_1_50' title="bbox 2114 2130 3694 2214">
     <span class='ocr_line' id='line_1_50' title="bbox 2114 2130 3694 2214; baseline 0.005 -21"><span class='ocrx_word' id='word_1_375' title='bbox 2114 2130 2433 2208; x_wconf 86' lang='lat' dir='ltr'><strong>scripserat.</strong></span> <span class='ocrx_word' id='word_1_376' title='bbox 2479 2138 2619 2193; x_wconf 86' lang='lat' dir='ltr'><strong>Tum</strong></span> <span class='ocrx_word' id='word_1_377' title='bbox 2670 2147 2729 2193; x_wconf 93' lang='lat' dir='ltr'><strong>ut</strong></span> <span class='ocrx_word' id='word_1_378' title='bbox 2762 2155 2889 2194; x_wconf 92' lang='lat' dir='ltr'><strong>eum</strong></span> <span class='ocrx_word' id='word_1_379' title='bbox 2922 2139 3158 2211; x_wconf 87' lang='lat' dir='ltr'><strong>Symeon</strong></span> <span class='ocrx_word' id='word_1_380' title='bbox 3191 2143 3245 2196; x_wconf 90' lang='lat' dir='ltr'><strong>in</strong></span> <span class='ocrx_word' id='word_1_381' title='bbox 3279 2144 3439 2198; x_wconf 85' lang='lat' dir='ltr'><strong>ulnas</strong></span> <span class='ocrx_word' id='word_1_382' title='bbox 3470 2161 3694 2214; x_wconf 85' lang='lat' dir='ltr'><strong>accepe-</strong></span> 
     </span>
    </p>
   </div>
   <div class='ocr_carea' id='block_1_51' title="bbox 2114 2229 3695 2305">
    <p class='ocr_par' dir='ltr' id='par_1_51' title="bbox 2114 2229 3695 2305">
     <span class='ocr_line' id='line_1_51' title="bbox 2114 2229 3695 2305; baseline 0.007 -23"><span class='ocrx_word' id='word_1_383' title='bbox 2114 2232 2219 2293; x_wconf 85' lang='lat' dir='ltr'><strong>rit,</strong></span> <span class='ocrx_word' id='word_1_384' title='bbox 2270 2229 2563 2287; x_wconf 88' lang='lat' dir='ltr'><strong>Phanuelis</strong></span> <span class='ocrx_word' id='word_1_385' title='bbox 2596 2233 2704 2285; x_wconf 85' lang='lat' dir='ltr'><strong>ﬁlia</strong></span> <span class='ocrx_word' id='word_1_386' title='bbox 2753 2233 3005 2289; x_wconf 82' lang='lat' dir='ltr'><strong>confessa</strong></span> <span class='ocrx_word' id='word_1_387' title='bbox 3057 2235 3383 2305; x_wconf 79' lang='lat' dir='ltr'><strong>sit;°utque</strong></span> <span class='ocrx_word' id='word_1_388' title='bbox 3426 2237 3695 2294; x_wconf 88' lang='lat' dir='ltr'><strong>Nazareto</strong></span> 
     </span>
    </p>
   </div>
   <div class='ocr_carea' id='block_1_52' title="bbox 2114 2322 3694 2400">
    <p class='ocr_par' dir='ltr' id='par_1_52' title="bbox 2114 2322 3694 2400">
     <span class='ocr_line' id='line_1_52' title="bbox 2114 2322 3694 2400; baseline 0.008 -26"><span class='ocrx_word' id='word_1_389' title='bbox 2114 2336 2238 2375; x_wconf 89' lang='lat' dir='ltr'><strong>cum</strong></span> <span class='ocrx_word' id='word_1_390' title='bbox 2286 2324 2607 2392; x_wconf 88' lang='lat' dir='ltr'><strong>parentibus</strong></span> <span class='ocrx_word' id='word_1_391' title='bbox 2650 2322 3085 2396; x_wconf 82' lang='lat' dir='ltr'><strong>Hierosolymam</strong></span> <span class='ocrx_word' id='word_1_392' title='bbox 3132 2327 3351 2393; x_wconf 85' lang='lat' dir='ltr'><strong>abierit,</strong></span> <span class='ocrx_word' id='word_1_393' title='bbox 3403 2331 3498 2399; x_wconf 88' lang='lat' dir='ltr'><strong>qui</strong></span> <span class='ocrx_word' id='word_1_394' title='bbox 3544 2332 3694 2400; x_wconf 84' lang='lat' dir='ltr'><strong>quod</strong></span> 
     </span>
    </p>
   </div>
   <div class='ocr_carea' id='block_1_53' title="bbox 2115 2410 3699 2489">
    <p class='ocr_par' dir='ltr' id='par_1_53' title="bbox 2115 2410 3699 2489">
     <span class='ocr_line' id='line_1_53' title="bbox 2115 2410 3699 2489; baseline 0.008 -23"><span class='ocrx_word' id='word_1_395' title='bbox 2115 2413 2201 2467; x_wconf 76' lang='lat' dir='ltr'><strong>lex</strong></span> <span class='ocrx_word' id='word_1_396' title='bbox 2244 2410 2487 2483; x_wconf 81' lang='lat' dir='ltr'><strong>jusserat</strong></span> <span class='ocrx_word' id='word_1_397' title='bbox 2532 2416 2679 2469; x_wconf 90' lang='lat' dir='ltr'><strong>illius</strong></span> <span class='ocrx_word' id='word_1_398' title='bbox 2721 2419 2942 2471; x_wconf 91' lang='lat' dir='ltr'><strong>nomine</strong></span> <span class='ocrx_word' id='word_1_399' title='bbox 2992 2417 3392 2489; x_wconf 87' lang='lat' dir='ltr'><strong>dependerunt.</strong></span> <span class='ocrx_word' id='word_1_400' title='bbox 3426 2420 3558 2487; x_wconf 87' lang='lat' dir='ltr'><strong>Quae</strong></span> <span class='ocrx_word' id='word_1_401' title='bbox 3591 2438 3699 2478; x_wconf 85' lang='lat' dir='ltr'><strong>nec</strong></span> 
     </span>
    </p>
   </div>
   <div class='ocr_carea' id='block_1_54' title="bbox 2115 2503 3569 2583">
    <p class='ocr_par' dir='ltr' id='par_1_54' title="bbox 2115 2503 3569 2583">
     <span class='ocr_line' id='line_1_54' title="bbox 2115 2503 3569 2583; baseline 0.006 -27"><span class='ocrx_word' id='word_1_402' title='bbox 2115 2503 2443 2571; x_wconf 69' lang='lat' dir='ltr'><strong>Matthaeus,,</strong></span> <span class='ocrx_word' id='word_1_403' title='bbox 2461 2522 2559 2562; x_wconf 86' lang='lat' dir='ltr'><strong>nec</strong></span> <span class='ocrx_word' id='word_1_404' title='bbox 2592 2507 2831 2571; x_wconf 88' lang='lat' dir='ltr'><strong>Marcus,</strong></span> <span class='ocrx_word' id='word_1_405' title='bbox 2856 2524 2958 2563; x_wconf 88' lang='lat' dir='ltr'><strong>nec</strong></span> <span class='ocrx_word' id='word_1_406' title='bbox 2984 2508 3223 2565; x_wconf 77' lang='lat' dir='ltr'><strong>Joannes</strong></span> <span class='ocrx_word' id='word_1_407' title='bbox 3251 2514 3569 2583; x_wconf 87' lang='lat' dir='ltr'><strong>attigerunt.</strong></span> 
     </span>
    </p>
   </div>
   <div class='ocr_carea' id='block_1_55' title="bbox 2187 2595 3698 2677">
    <p class='ocr_par' dir='ltr' id='par_1_55' title="bbox 2187 2595 3698 2677">
     <span class='ocr_line' id='line_1_55' title="bbox 2187 2595 3698 2677; baseline 0.007 -27"><span class='ocrx_word' id='word_1_408' title='bbox 2187 2595 2327 2652; x_wconf 86' lang='lat' dir='ltr'>VIII.</span> <span class='ocrx_word' id='word_1_409' title='bbox 2372 2598 2456 2653; x_wconf 82' lang='lat' dir='ltr'><strong>Ex</strong></span> <span class='ocrx_word' id='word_1_410' title='bbox 2490 2616 2599 2670; x_wconf 91' lang='lat' dir='ltr'><strong>quo</strong></span> <span class='ocrx_word' id='word_1_411' title='bbox 2627 2600 2828 2656; x_wconf 86' lang='lat' dir='ltr'><strong>factum</strong></span> <span class='ocrx_word' id='word_1_412' title='bbox 2861 2614 2964 2667; x_wconf 89' lang='lat' dir='ltr'><strong>est,</strong></span> <span class='ocrx_word' id='word_1_413' title='bbox 2997 2612 3057 2657; x_wconf 91' lang='lat' dir='ltr'><strong>ut</strong></span> <span class='ocrx_word' id='word_1_414' title='bbox 3078 2605 3310 2674; x_wconf 74' lang='lat' dir='ltr'><strong>gentiles</strong></span> <span class='ocrx_word' id='word_1_415' title='bbox 3330 2607 3549 2676; x_wconf 90' lang='lat' dir='ltr'><strong>quidam</strong></span> <span class='ocrx_word' id='word_1_416' title='bbox 3574 2608 3698 2677; x_wconf 89' lang='lat' dir='ltr'><strong>phi-</strong></span> 
     </span>
    </p>
   </div>
   <div class='ocr_carea' id='block_1_56' title="bbox 2115 2687 3697 2762">
    <p class='ocr_par' dir='ltr' id='par_1_56' title="bbox 2115 2687 3697 2762">
     <span class='ocr_line' id='line_1_56' title="bbox 2115 2687 3697 2762; baseline 0.008 -22"><span class='ocrx_word' id='word_1_417' title='bbox 2115 2687 2349 2759; x_wconf 80' lang='lat' dir='ltr'><strong>losophi,</strong></span> <span class='ocrx_word' id='word_1_418' title='bbox 2396 2689 2735 2762; x_wconf 79' lang='lat' dir='ltr'><strong>Porphyrius</strong></span> <span class='ocrx_word' id='word_1_419' title='bbox 2766 2692 2997 2758; x_wconf 88' lang='lat' dir='ltr'><strong>scilicet,</strong></span> <span class='ocrx_word' id='word_1_420' title='bbox 3048 2709 3111 2749; x_wconf 88' lang='lat' dir='ltr'><strong>ac</strong></span> <span class='ocrx_word' id='word_1_421' title='bbox 3159 2695 3376 2760; x_wconf 84' lang='lat' dir='ltr'><strong>Celsus,</strong></span> <span class='ocrx_word' id='word_1_422' title='bbox 3414 2705 3469 2751; x_wconf 92' lang='lat' dir='ltr'><strong>et</strong></span> <span class='ocrx_word' id='word_1_423' title='bbox 3509 2696 3697 2753; x_wconf 80' lang='lat' dir='ltr'><strong>Philo-</strong></span> 
     </span>
    </p>
   </div>
   <div class='ocr_carea' id='block_1_57' title="bbox 2114 2782 3692 2859">
    <p class='ocr_par' dir='ltr' id='par_1_57' title="bbox 2114 2782 3692 2859">
     <span class='ocr_line' id='line_1_57' title="bbox 2114 2782 3692 2859; baseline 0.004 -23"><span class='ocrx_word' id='word_1_424' title='bbox 2114 2782 2462 2848; x_wconf 85' lang='lat' dir='ltr'><strong>sabbathius,</strong></span> <span class='ocrx_word' id='word_1_425' title='bbox 2509 2799 2710 2853; x_wconf 82' lang='lat' dir='ltr'><strong>genere</strong></span> <span class='ocrx_word' id='word_1_426' title='bbox 2749 2783 2993 2850; x_wconf 69' lang='lat' dir='ltr'><strong>Iudaeus,</strong></span> <span class='ocrx_word' id='word_1_427' title='bbox 3024 2794 3299 2842; x_wconf 80' lang='lat' dir='ltr'><strong>veterator</strong></span> <span class='ocrx_word' id='word_1_428' title='bbox 3320 2791 3692 2859; x_wconf 79' lang='lat' dir='ltr'><strong>ac-nequissi-</strong></span> 
     </span>
    </p>
   </div>
   <div class='ocr_carea' id='block_1_58' title="bbox 2113 2876 3698 2950">
    <p class='ocr_par' dir='ltr' id='par_1_58' title="bbox 2113 2876 3698 2950">
     <span class='ocr_line' id='line_1_58' title="bbox 2113 2876 3698 2950; baseline 0.005 -21"><span class='ocrx_word' id='word_1_429' title='bbox 2113 2892 2236 2931; x_wconf 91' lang='lat' dir='ltr'><strong>mus</strong></span> <span class='ocrx_word' id='word_1_430' title='bbox 2269 2876 2515 2940; x_wconf 82' lang='lat' dir='ltr'><strong>coluber,</strong></span> <span class='ocrx_word' id='word_1_431' title='bbox 2549 2892 2672 2931; x_wconf 89' lang='lat' dir='ltr'><strong>cum</strong></span> <span class='ocrx_word' id='word_1_432' title='bbox 2701 2877 2968 2933; x_wconf 86' lang='lat' dir='ltr'><strong>adversus</strong></span> <span class='ocrx_word' id='word_1_433' title='bbox 2995 2880 3363 2950; x_wconf 89' lang='lat' dir='ltr'><strong>evangelicam</strong></span> <span class='ocrx_word' id='word_1_434' title='bbox 3403 2882 3698 2937; x_wconf 83' lang='lat' dir='ltr'><strong>historiam</strong></span> 
     </span>
    </p>
   </div>
   <div class='ocr_carea' id='block_1_59' title="bbox 2115 2967 3698 3041">
    <p class='ocr_par' dir='ltr' id='par_1_59' title="bbox 2115 2967 3698 3041">
     <span class='ocr_line' id='line_1_59' title="bbox 2115 2967 3698 3041; baseline 0.004 -18"><span class='ocrx_word' id='word_1_435' title='bbox 2115 2967 2441 3036; x_wconf 86' lang='lat' dir='ltr'><strong>scriberent,</strong></span> <span class='ocrx_word' id='word_1_436' title='bbox 2463 2984 2652 3025; x_wconf 85' lang='lat' dir='ltr'><strong>sacros</strong></span> <span class='ocrx_word' id='word_1_437' title='bbox 2686 2971 3051 3039; x_wconf 83' lang='lat' dir='ltr'><strong>evangelistas</strong></span> <span class='ocrx_word' id='word_1_438' title='bbox 3077 2972 3395 3041; x_wconf 87' lang='lat' dir='ltr'><strong>arguerint:</strong></span> <span class='ocrx_word' id='word_1_439' title='bbox 3428 2975 3698 3029; x_wconf 78' lang='lat' dir='ltr'><strong>animales</strong></span> 
     </span>
    </p>
   </div>
   <div class='ocr_carea' id='block_1_60' title="bbox 2114 3057 3697 3128">
    <p class='ocr_par' dir='ltr' id='par_1_60' title="bbox 2114 3057 3697 3128">
     <span class='ocr_line' id='line_1_60' title="bbox 2114 3057 3697 3128; baseline 0.004 -17"><span class='ocrx_word' id='word_1_440' title='bbox 2114 3057 2195 3112; x_wconf 86' lang='lat' dir='ltr'><strong>illi</strong></span> <span class='ocrx_word' id='word_1_441' title='bbox 2246 3059 2489 3128; x_wconf 87' lang='lat' dir='ltr'><strong>quidem,</strong></span> <span class='ocrx_word' id='word_1_442' title='bbox 2547 3068 2604 3114; x_wconf 93' lang='lat' dir='ltr'><strong>et</strong></span> <span class='ocrx_word' id='word_1_443' title='bbox 2652 3061 2905 3115; x_wconf 85' lang='lat' dir='ltr'><strong>carnales</strong></span> <span class='ocrx_word' id='word_1_444' title='bbox 2946 3061 3221 3124; x_wconf 90' lang='lat' dir='ltr'><strong>homines,</strong></span> <span class='ocrx_word' id='word_1_445' title='bbox 3276 3078 3340 3116; x_wconf 88' lang='lat' dir='ltr'><strong>ac</strong></span> <span class='ocrx_word' id='word_1_446' title='bbox 3388 3065 3697 3118; x_wconf 90' lang='lat' dir='ltr'><strong>secundum</strong></span> 
     </span>
    </p>
   </div>
   <div class='ocr_carea' id='block_1_61' title="bbox 2114 3151 3697 3227">
    <p class='ocr_par' dir='ltr' id='par_1_61' title="bbox 2114 3151 3697 3227">
     <span class='ocr_line' id='line_1_61' title="bbox 2114 3151 3697 3227; baseline 0.004 -23"><span class='ocrx_word' id='word_1_447' title='bbox 2114 3165 2336 3204; x_wconf 89' lang='lat' dir='ltr'><strong>carnem</strong></span> <span class='ocrx_word' id='word_1_448' title='bbox 2383 3151 2704 3215; x_wconf 85' lang='lat' dir='ltr'><strong>militantes,</strong></span> <span class='ocrx_word' id='word_1_449' title='bbox 2754 3154 2850 3222; x_wconf 85' lang='lat' dir='ltr'><strong>qui</strong></span> <span class='ocrx_word' id='word_1_450' title='bbox 2881 3168 2981 3207; x_wconf 87' lang='lat' dir='ltr'><strong>nec</strong></span> <span class='ocrx_word' id='word_1_451' title='bbox 3014 3152 3122 3208; x_wconf 83' lang='lat' dir='ltr'><strong>Deo</strong></span> <span class='ocrx_word' id='word_1_452' title='bbox 3156 3155 3376 3224; x_wconf 86' lang='lat' dir='ltr'><strong>placere</strong></span> <span class='ocrx_word' id='word_1_453' title='bbox 3414 3165 3697 3227; x_wconf 78' lang='lat' dir='ltr'><strong>poterant,</strong></span> 
     </span>
    </p>
   </div>
   <div class='ocr_carea' id='block_1_62' title="bbox 436 3243 2009 3323">
    <p class='ocr_par' dir='ltr' id='par_1_62' title="bbox 436 3243 2009 3323">
     <span class='ocr_line' id='line_1_62' title="bbox 436 3243 2009 3323; baseline -0.003 -22"><span class='ocrx_word' id='word_1_454' title='bbox 436 3247 735 3318; x_wconf 75' lang='grc' dir='ltr'>αρέστησιν</span> <span class='ocrx_word' id='word_1_455' title='bbox 754 3317 760 3323; x_wconf 25' lang='grc' dir='ltr'><strong><em>ο</em></strong></span> <span class='ocrx_word' id='word_1_456' title='bbox 779 3247 1054 3309; x_wconf 85' lang='grc' dir='ltr'>ἀδυνάτως</span> <span class='ocrx_word' id='word_1_457' title='bbox 1084 3244 1319 3315; x_wconf 80' lang='grc' dir='ltr'>ἔχοντες,</span> <span class='ocrx_word' id='word_1_458' title='bbox 1362 3244 1454 3297; x_wconf 61' lang='grc' dir='ltr'><strong>καὶ⁹</strong></span> <span class='ocrx_word' id='word_1_459' title='bbox 1480 3248 1547 3298; x_wconf 85' lang='grc' dir='ltr'><strong>τά</strong></span> <span class='ocrx_word' id='word_1_460' title='bbox 1576 3243 1670 3298; x_wconf 91' lang='grc' dir='ltr'><strong>τοῦ</strong></span> <span class='ocrx_word' id='word_1_461' title='bbox 1704 3244 2009 3315; x_wconf 83' lang='grc' dir='ltr'>Πνεύματος</span> 
     </span>
    </p>
   </div>
   <div class='ocr_carea' id='block_1_63' title="bbox 2112 3243 3697 3323">
    <p class='ocr_par' dir='ltr' id='par_1_63' title="bbox 2126 3245 3697 3316">
     <span class='ocr_line' id='line_1_63' title="bbox 2126 3245 3697 3316; baseline 0.004 -20"><span class='ocrx_word' id='word_1_462' title='bbox 2126 3257 2225 3296; x_wconf 88' lang='lat' dir='ltr'><strong>nec</strong></span> <span class='ocrx_word' id='word_1_463' title='bbox 2253 3258 2316 3298; x_wconf 90' lang='lat' dir='ltr'><strong>ea</strong></span> <span class='ocrx_word' id='word_1_464' title='bbox 2343 3260 2465 3312; x_wconf 69' lang='lat' dir='ltr'><strong>quae</strong></span> <span class='ocrx_word' id='word_1_465' title='bbox 2492 3252 2621 3298; x_wconf 91' lang='lat' dir='ltr'><strong>sunt</strong></span> <span class='ocrx_word' id='word_1_466' title='bbox 2654 3245 2890 3313; x_wconf 87' lang='lat' dir='ltr'><strong>Spiritus</strong></span> <span class='ocrx_word' id='word_1_467' title='bbox 2919 3247 3095 3300; x_wconf 89' lang='lat' dir='ltr'><strong>sancti</strong></span> <span class='ocrx_word' id='word_1_468' title='bbox 3132 3259 3523 3316; x_wconf 82' lang='lat' dir='ltr'><strong>cognoverant.</strong></span> <span class='ocrx_word' id='word_1_469' title='bbox 3555 3248 3697 3303; x_wconf 85' lang='lat' dir='ltr'><strong>Nam</strong></span> 
     </span>
    </p>
   </div>
   <div class='ocr_carea' id='block_1_64' title="bbox 435 3336 2012 3410">
    <p class='ocr_par' dir='ltr' id='par_1_64' title="bbox 435 3336 2012 3410">
     <span class='ocr_line' id='line_1_64' title="bbox 435 3336 2012 3410; baseline 0.003 -24"><span class='ocrx_word' id='word_1_470' title='bbox 435 3338 510 3409; x_wconf 82' lang='grc' dir='ltr'>μὴ</span> <span class='ocrx_word' id='word_1_471' title='bbox 535 3338 889 3410; x_wconf 24' lang='grc' dir='ltr'><strong>⁸μνι-ῑνοηκότες.</strong></span> <span class='ocrx_word' id='word_1_472' title='bbox 947 3338 1216 3399; x_wconf 83' lang='grc' dir='ltr'>Ἕκαστος</span> <span class='ocrx_word' id='word_1_473' title='bbox 1248 3336 1359 3408; x_wconf 81' lang='grc' dir='ltr'>γὰρ</span> <span class='ocrx_word' id='word_1_474' title='bbox 1402 3337 1758 3407; x_wconf 78' lang='grc' dir='ltr'>προσκύπτων</span> <span class='ocrx_word' id='word_1_475' title='bbox 1791 3340 1901 3401; x_wconf 79' lang='grc' dir='ltr'>τοῖς</span> <span class='ocrx_word' id='word_1_476' title='bbox 1933 3338 2012 3391; x_wconf 89' lang='grc' dir='ltr'>λό-</span> 
     </span>
    </p>
   </div>
   <div class='ocr_carea' id='block_1_65' title="bbox 429 3427 2012 3499">
    <p class='ocr_par' dir='ltr' id='par_1_65' title="bbox 429 3427 2012 3499">
     <span class='ocr_line' id='line_1_65' title="bbox 429 3427 2012 3499; baseline 0.011 -26"><span class='ocrx_word' id='word_1_477' title='bbox 429 3447 547 3499; x_wconf 78' lang='grc' dir='ltr'>γοις</span> <span class='ocrx_word' id='word_1_478' title='bbox 597 3429 695 3497; x_wconf 79' lang='grc' dir='ltr'>τῆς</span> <span class='ocrx_word' id='word_1_479' title='bbox 737 3428 993 3499; x_wconf 84' lang='grc' dir='ltr'>ἀληθείας</span> <span class='ocrx_word' id='word_1_480' title='bbox 1039 3428 1127 3481; x_wconf 85' lang='grc' dir='ltr'>διὰ</span> <span class='ocrx_word' id='word_1_481' title='bbox 1172 3427 1270 3499; x_wconf 83' lang='grc' dir='ltr'>τὴν</span> <span class='ocrx_word' id='word_1_482' title='bbox 1314 3428 1371 3480; x_wconf 87' lang='grc' dir='ltr'><strong>ἐν</strong></span> <span class='ocrx_word' id='word_1_483' title='bbox 1418 3427 1566 3497; x_wconf 73' lang='grc' dir='ltr'>αὐτῷ</span> <span class='ocrx_word' id='word_1_484' title='bbox 1597 3428 1869 3498; x_wconf 84' lang='grc' dir='ltr'>τύφλωσιν</span> <span class='ocrx_word' id='word_1_485' title='bbox 1913 3429 2012 3499; x_wconf 82' lang='grc' dir='ltr'>τῆς</span> 
     </span>
    </p>
   </div>
   <div class='ocr_carea' id='block_1_66' title="bbox 429 3519 2013 3591">
    <p class='ocr_par' dir='ltr' id='par_1_66' title="bbox 429 3519 2013 3591">
     <span class='ocr_line' id='line_1_66' title="bbox 429 3519 2013 3591; baseline -0.003 -15"><span class='ocrx_word' id='word_1_486' title='bbox 429 3521 722 3590; x_wconf 82' lang='grc' dir='ltr'>ἀγνωσίας,</span> <span class='ocrx_word' id='word_1_487' title='bbox 755 3522 833 3585; x_wconf 83' lang='grc' dir='ltr'><strong>είς</strong></span> <span class='ocrx_word' id='word_1_488' title='bbox 872 3519 1028 3573; x_wconf 88' lang='grc' dir='ltr'>τοῦτο</span> <span class='ocrx_word' id='word_1_489' title='bbox 1062 3521 1427 3591; x_wconf 77' lang='grc' dir='ltr'>ἐμπίπτοντες</span> <span class='ocrx_word' id='word_1_490' title='bbox 1452 3520 1634 3588; x_wconf 81' lang='grc' dir='ltr'>ἔλεγον</span> <span class='ocrx_word' id='word_1_491' title='bbox 1656 3536 1668 3549; x_wconf 69' lang='grc' dir='ltr'>α</span> <span class='ocrx_word' id='word_1_492' title='bbox 1705 3520 1829 3583; x_wconf 86' lang='grc' dir='ltr'>Πῶς</span> <span class='ocrx_word' id='word_1_493' title='bbox 1859 3520 2013 3573; x_wconf 85' lang='grc' dir='ltr'>δύνα-</span> 
     </span>
    </p>
   </div>
   <div class='ocr_carea' id='block_1_67' title="bbox 428 3609 2008 3685">
    <p class='ocr_par' dir='ltr' id='par_1_67' title="bbox 428 3609 2008 3685">
     <span class='ocr_line' id='line_1_67' title="bbox 428 3609 2008 3685; baseline 0 -19"><span class='ocrx_word' id='word_1_494' title='bbox 428 3632 518 3667; x_wconf 89' lang='grc' dir='ltr'><strong>ται</strong></span> <span class='ocrx_word' id='word_1_495' title='bbox 551 3617 583 3685; x_wconf 92' lang='grc' dir='ltr'><strong>ή</strong></span> <span class='ocrx_word' id='word_1_496' title='bbox 616 3613 753 3682; x_wconf 80' lang='grc' dir='ltr'>αὑτὴ</span> <span class='ocrx_word' id='word_1_497' title='bbox 789 3613 970 3684; x_wconf 84' lang='grc' dir='ltr'>ἡμέρα</span> <span class='ocrx_word' id='word_1_498' title='bbox 1001 3609 1137 3665; x_wconf 76' lang='grc' dir='ltr'>εἶναι</span> <span class='ocrx_word' id='word_1_499' title='bbox 1178 3614 1278 3683; x_wconf 80' lang='grc' dir='ltr'><strong>τῆς</strong></span> <span class='ocrx_word' id='word_1_500' title='bbox 1311 3616 1369 3665; x_wconf 85' lang='grc' dir='ltr'><strong>ἐν</strong></span> <span class='ocrx_word' id='word_1_501' title='bbox 1398 3612 1645 3683; x_wconf 87' lang='grc' dir='ltr'>Βηθλεέμ</span> <span class='ocrx_word' id='word_1_502' title='bbox 1683 3614 2008 3684; x_wconf 79' lang='grc' dir='ltr'>γεννήσεως,</span> 
     </span>
    </p>
   </div>
   <div class='ocr_carea' id='block_1_68' title="bbox 430 3703 2012 3777">
    <p class='ocr_par' dir='ltr' id='par_1_68' title="bbox 430 3703 2012 3777">
     <span class='ocr_line' id='line_1_68' title="bbox 430 3703 2012 3777; baseline 0 -19"><span class='ocrx_word' id='word_1_503' title='bbox 430 3706 568 3777; x_wconf 77' lang='grc' dir='ltr'>αὑτὴ</span> <span class='ocrx_word' id='word_1_504' title='bbox 597 3705 691 3758; x_wconf 72' lang='grc' dir='ltr'><strong>καὶ</strong></span> <span class='ocrx_word' id='word_1_505' title='bbox 725 3705 1027 3776; x_wconf 82' lang='grc' dir='ltr'>περιτομὴν</span> <span class='ocrx_word' id='word_1_506' title='bbox 1060 3703 1202 3774; x_wconf 79' lang='grc' dir='ltr'>ἔχειν</span> <span class='ocrx_word' id='word_1_507' title='bbox 1230 3704 1596 3774; x_wconf 88' lang='grc' dir='ltr'>ὀκταήμερον,</span> <span class='ocrx_word' id='word_1_508' title='bbox 1650 3704 1743 3757; x_wconf 74' lang='grc' dir='ltr'><strong>καὶ</strong></span> <span class='ocrx_word' id='word_1_509' title='bbox 1778 3704 1867 3756; x_wconf 89' lang='grc' dir='ltr'>διὰ</span> <span class='ocrx_word' id='word_1_510' title='bbox 1896 3722 2012 3759; x_wconf 90' lang='grc' dir='ltr'>τεσ-</span> 
     </span>
    </p>
   </div>
   <div class='ocr_carea' id='block_1_69' title="bbox 433 3795 2011 3867">
    <p class='ocr_par' dir='ltr' id='par_1_69' title="bbox 433 3795 2011 3867">
     <span class='ocr_line' id='line_1_69' title="bbox 433 3795 2011 3867; baseline -0.001 -17"><span class='ocrx_word' id='word_1_511' title='bbox 433 3798 739 3867; x_wconf 84' lang='grc' dir='ltr'>σαράκοντα</span> <span class='ocrx_word' id='word_1_512' title='bbox 771 3795 997 3867; x_wconf 88' lang='grc' dir='ltr'>ήμερῶν</span> <span class='ocrx_word' id='word_1_513' title='bbox 1031 3797 1089 3849; x_wconf 89' lang='grc' dir='ltr'><strong>ἐν</strong></span> <span class='ocrx_word' id='word_1_514' title='bbox 1132 3795 1524 3866; x_wconf 84' lang='grc' dir='ltr'>Ἱεροσολύμοις</span> <span class='ocrx_word' id='word_1_515' title='bbox 1574 3796 1780 3859; x_wconf 82' lang='grc' dir='ltr'>ἄνοδον,</span> <span class='ocrx_word' id='word_1_516' title='bbox 1819 3797 1912 3849; x_wconf 79' lang='grc' dir='ltr'>καὶ</span> <span class='ocrx_word' id='word_1_517' title='bbox 1943 3795 2011 3849; x_wconf 84' lang='grc' dir='ltr'><strong>τὰ</strong></span> 
     </span>
    </p>
   </div>
   <div class='ocr_carea' id='block_1_70' title="bbox 432 3888 2008 3959">
    <p class='ocr_par' dir='ltr' id='par_1_70' title="bbox 432 3888 2008 3959">
     <span class='ocr_line' id='line_1_70' title="bbox 432 3888 2008 3959; baseline -0.001 -16"><span class='ocrx_word' id='word_1_518' title='bbox 432 3890 545 3943; x_wconf 84' lang='grc' dir='ltr'><strong>ἀπὸ</strong></span> <span class='ocrx_word' id='word_1_519' title='bbox 592 3888 877 3959; x_wconf 85' lang='grc' dir='ltr'>Συμεῶνος</span> <span class='ocrx_word' id='word_1_520' title='bbox 926 3890 1020 3941; x_wconf 74' lang='grc' dir='ltr'><strong>καὶ</strong></span> <span class='ocrx_word' id='word_1_521' title='bbox 1065 3890 1263 3951; x_wconf 87' lang='grc' dir='ltr'>Ἀννας</span> <span class='ocrx_word' id='word_1_522' title='bbox 1305 3891 1384 3952; x_wconf 83' lang='grc' dir='ltr'><strong>είς</strong></span> <span class='ocrx_word' id='word_1_523' title='bbox 1423 3889 1584 3941; x_wconf 76' lang='grc' dir='ltr'>αὐτὸν</span> <span class='ocrx_word' id='word_1_524' title='bbox 1626 3889 2008 3958; x_wconf 86' lang='grc' dir='ltr'>τετελεσμένα,</span> 
     </span>
    </p>
   </div>
   <div class='ocr_carea' id='block_1_71' title="bbox 430 3973 2007 4052">
    <p class='ocr_par' dir='ltr' id='par_1_71' title="bbox 430 3973 2007 4052">
     <span class='ocr_line' id='line_1_71' title="bbox 430 3973 2007 4052; baseline -0.001 -18"><span class='ocrx_word' id='word_1_525' title='bbox 430 3981 590 4034; x_wconf 85' lang='grc' dir='ltr'>ὁπότε</span> <span class='ocrx_word' id='word_1_526' title='bbox 627 3982 685 4033; x_wconf 87' lang='grc' dir='ltr'><strong>ἐν</strong></span> <span class='ocrx_word' id='word_1_527' title='bbox 710 3982 777 4051; x_wconf 81' lang='grc' dir='ltr'><strong>τῇ</strong></span> <span class='ocrx_word' id='word_1_528' title='bbox 805 3979 960 4034; x_wconf 76' lang='grc' dir='ltr'>νυκτὶ</span> <span class='ocrx_word' id='word_1_529' title='bbox 1050 3980 1335 4050; x_wconf 88' lang='grc' dir='ltr'>ἐγεννήθη,</span> <span class='ocrx_word' id='word_1_530' title='bbox 1368 3981 1609 4050; x_wconf 83' lang='grc' dir='ltr'>πέφηνεν</span> <span class='ocrx_word' id='word_1_531' title='bbox 1633 3980 1799 4051; x_wconf 81' lang='grc' dir='ltr'>αὐτῷ,</span> <span class='ocrx_word' id='word_1_532' title='bbox 1823 3981 2007 4050; x_wconf 76' lang='grc' dir='ltr'>φησὶν,</span> 
     </span>
    </p>
   </div>
   <div class='ocr_carea' id='block_1_72' title="bbox 430 4070 2009 4142">
    <p class='ocr_par' dir='ltr' id='par_1_72' title="bbox 430 4070 2009 4142">
     <span class='ocr_line' id='line_1_72' title="bbox 430 4070 2009 4142; baseline -0.001 -16"><span class='ocrx_word' id='word_1_533' title='bbox 430 4071 681 4139; x_wconf 82' lang='grc' dir='ltr'>ἄγγελος,</span> <span class='ocrx_word' id='word_1_534' title='bbox 727 4071 864 4141; x_wconf 86' lang='grc' dir='ltr'><strong>μετά</strong></span> <span class='ocrx_word' id='word_1_535' title='bbox 888 4070 986 4142; x_wconf 78' lang='grc' dir='ltr'>τὴν</span> <span class='ocrx_word' id='word_1_536' title='bbox 1008 4071 1116 4124; x_wconf 91' lang='grc' dir='ltr'><strong>τῶν</strong></span> <span class='ocrx_word' id='word_1_537' title='bbox 1151 4071 1338 4141; x_wconf 85' lang='grc' dir='ltr'>μάγων</span> <span class='ocrx_word' id='word_1_538' title='bbox 1380 4071 1588 4124; x_wconf 76' lang='grc' dir='ltr'>ἔλευσιν</span> <span class='ocrx_word' id='word_1_539' title='bbox 1616 4073 1724 4125; x_wconf 89' lang='grc' dir='ltr'><strong>τῶν</strong></span> <span class='ocrx_word' id='word_1_540' title='bbox 1750 4071 2009 4125; x_wconf 82' lang='grc' dir='ltr'>ἐλθόντων</span> 
     </span>
    </p>
   </div>
   <div class='ocr_carea' id='block_1_73' title="bbox 432 4158 2010 4233">
    <p class='ocr_par' dir='ltr' id='par_1_73' title="bbox 432 4158 2010 4233">
     <span class='ocr_line' id='line_1_73' title="bbox 432 4158 2010 4233; baseline -0.002 -19"><span class='ocrx_word' id='word_1_541' title='bbox 432 4162 806 4233; x_wconf 85' lang='grc' dir='ltr'>προσκυνῆσαι</span> <span class='ocrx_word' id='word_1_542' title='bbox 845 4158 1014 4231; x_wconf 77' lang='grc' dir='ltr'>αὐτῷ,</span> <span class='ocrx_word' id='word_1_543' title='bbox 1047 4160 1143 4213; x_wconf 71' lang='grc' dir='ltr'><strong>καὶ</strong></span> <span class='ocrx_word' id='word_1_544' title='bbox 1177 4159 1503 4226; x_wconf 76' lang='grc' dir='ltr'>ἀνοιξάντων</span> <span class='ocrx_word' id='word_1_545' title='bbox 1539 4160 1639 4222; x_wconf 74' lang='grc' dir='ltr'>τὰς</span> <span class='ocrx_word' id='word_1_546' title='bbox 1686 4162 1886 4232; x_wconf 82' lang='grc' dir='ltr'>πήρας,</span> <span class='ocrx_word' id='word_1_547' title='bbox 1915 4160 2010 4212; x_wconf 76' lang='grc' dir='ltr'><strong>καὶ</strong></span> 
     </span>
    </p>
   </div>
   <div class='ocr_carea' id='block_1_74' title="bbox 430 4250 2009 4327">
    <p class='ocr_par' dir='ltr' id='par_1_74' title="bbox 430 4250 2009 4327">
     <span class='ocr_line' id='line_1_74' title="bbox 430 4250 2009 4327; baseline -0.003 -19"><span class='ocrx_word' id='word_1_548' title='bbox 430 4255 946 4327; x_wconf 81' lang='grc' dir='ltr'>προσενεγκάντων;</span> <span class='ocrx_word' id='word_1_549' title='bbox 994 4253 1070 4317; x_wconf 88' lang='grc' dir='ltr'>ὡς</span> <span class='ocrx_word' id='word_1_550' title='bbox 1119 4252 1292 4323; x_wconf 85' lang='grc' dir='ltr'>λέγει,</span> <span class='ocrx_word' id='word_1_551' title='bbox 1349 4253 1546 4323; x_wconf 83' lang='grc' dir='ltr'>φησίν·</span> <span class='ocrx_word' id='word_1_552' title='bbox 1606 4254 1793 4321; x_wconf 67' lang='grc' dir='ltr'>Ὠφθη</span> <span class='ocrx_word' id='word_1_553' title='bbox 1849 4250 2009 4316; x_wconf 83' lang='grc' dir='ltr'>αὐτῷ</span> 
     </span>
    </p>
   </div>
   <div class='ocr_carea' id='block_1_75' title="bbox 430 4342 2009 4415">
    <p class='ocr_par' dir='ltr' id='par_1_75' title="bbox 430 4342 2009 4415">
     <span class='ocr_line' id='line_1_75' title="bbox 430 4342 2009 4415; baseline -0.003 -16"><span class='ocrx_word' id='word_1_554' title='bbox 430 4346 685 4415; x_wconf 74' lang='grc' dir='ltr'>ἄγγελος</span> <span class='ocrx_word' id='word_1_555' title='bbox 715 4344 909 4414; x_wconf 79' lang='grc' dir='ltr'>λέγων</span> <span class='ocrx_word' id='word_1_556' title='bbox 933 4362 947 4375; x_wconf 91' lang='grc'><strong>·</strong></span> <span class='ocrx_word' id='word_1_557' title='bbox 990 4343 1277 4408; x_wconf 81' lang='grc' dir='ltr'>Ἀναστὰς</span> <span class='ocrx_word' id='word_1_558' title='bbox 1323 4342 1470 4397; x_wconf 78' lang='grc' dir='ltr'>λάϐε</span> <span class='ocrx_word' id='word_1_559' title='bbox 1498 4343 1562 4396; x_wconf 83' lang='grc' dir='ltr'><strong>τὸ</strong></span> <span class='ocrx_word' id='word_1_560' title='bbox 1596 4342 1834 4395; x_wconf 81' lang='grc' dir='ltr'>παιδίον</span> <span class='ocrx_word' id='word_1_561' title='bbox 1853 4360 1866 4373; x_wconf 89' lang='grc'><strong>·</strong></span> <span class='ocrx_word' id='word_1_562' title='bbox 1912 4343 2009 4396; x_wconf 76' lang='grc' dir='ltr'>καὶ</span> 
     </span>
    </p>
   </div>
   <div class='ocr_carea' id='block_1_76' title="bbox 427 4433 2004 4506">
    <p class='ocr_par' dir='ltr' id='par_1_76' title="bbox 427 4433 2004 4506">
     <span class='ocr_line' id='line_1_76' title="bbox 427 4433 2004 4506; baseline -0.004 -15"><span class='ocrx_word' id='word_1_563' title='bbox 427 4437 543 4506; x_wconf 76' lang='grc' dir='ltr'><strong>τὴν</strong></span> <span class='ocrx_word' id='word_1_564' title='bbox 578 4435 831 4506; x_wconf 75' lang='grc' dir='ltr'>γυναῖκά</span> <span class='ocrx_word' id='word_1_565' title='bbox 881 4449 1022 4500; x_wconf 88' lang='grc' dir='ltr'>σου,</span> <span class='ocrx_word' id='word_1_566' title='bbox 1066 4434 1163 4489; x_wconf 77' lang='grc' dir='ltr'>καὶ</span> <span class='ocrx_word' id='word_1_567' title='bbox 1216 4434 1477 4503; x_wconf 83' lang='grc' dir='ltr'>πορεύου</span> <span class='ocrx_word' id='word_1_568' title='bbox 1528 4434 1614 4498; x_wconf 77' lang='grc' dir='ltr'><strong>είς</strong></span> <span class='ocrx_word' id='word_1_569' title='bbox 1665 4433 2004 4502; x_wconf 74' lang='grc' dir='ltr'>Αἴγυπτον·</span> 
     </span>
    </p>
   </div>
   <div class='ocr_carea' id='block_1_77' title="bbox 428 4524 2007 4598">
    <p class='ocr_par' dir='ltr' id='par_1_77' title="bbox 428 4524 2007 4598">
     <span class='ocr_line' id='line_1_77' title="bbox 428 4524 2007 4598; baseline -0.003 -16"><span class='ocrx_word' id='word_1_570' title='bbox 428 4530 517 4583; x_wconf 75' lang='grc' dir='ltr'><strong>ὅτι</strong></span> <span class='ocrx_word' id='word_1_571' title='bbox 560 4528 719 4598; x_wconf 80' lang='grc' dir='ltr'>ζητεῖ</span> <span class='ocrx_word' id='word_1_572' title='bbox 775 4527 1032 4598; x_wconf 83' lang='grc' dir='ltr'>Ἡρώδης</span> <span class='ocrx_word' id='word_1_573' title='bbox 1064 4528 1180 4595; x_wconf 81' lang='grc' dir='ltr'><strong>τὴν</strong></span> <span class='ocrx_word' id='word_1_574' title='bbox 1216 4525 1430 4595; x_wconf 69' lang='grc' dir='ltr'>ψυχὴν</span> <span class='ocrx_word' id='word_1_575' title='bbox 1475 4524 1583 4578; x_wconf 87' lang='grc' dir='ltr'><strong>τοῦ</strong></span> <span class='ocrx_word' id='word_1_576' title='bbox 1631 4525 1892 4579; x_wconf 81' lang='grc' dir='ltr'>παιδίου.</span> <span class='ocrx_word' id='word_1_577' title='bbox 1944 4526 2007 4577; x_wconf 78' lang='lat' dir='ltr'><strong>El</strong></span> 
     </span>
    </p>
   </div>
   <div class='ocr_carea' id='block_1_78' title="bbox 2119 3334 3692 3406">
    <p class='ocr_par' dir='ltr' id='par_1_78' title="bbox 2119 3334 3692 3406">
     <span class='ocr_line' id='line_1_78' title="bbox 2119 3334 3692 3406; baseline 0.002 -18"><span class='ocrx_word' id='word_1_578' title='bbox 2119 3349 2311 3388; x_wconf 88' lang='lat' dir='ltr'><strong>omnes</strong></span> <span class='ocrx_word' id='word_1_579' title='bbox 2339 3334 2504 3406; x_wconf 65' lang='grc'><strong>430</strong></span> <span class='ocrx_word' id='word_1_580' title='bbox 2544 3336 2619 3389; x_wconf 92' lang='lat' dir='ltr'><strong>illi</strong></span> <span class='ocrx_word' id='word_1_581' title='bbox 2652 3339 2717 3388; x_wconf 87' lang='lat' dir='ltr'><strong>ad</strong></span> <span class='ocrx_word' id='word_1_582' title='bbox 2746 3352 3028 3393; x_wconf 89' lang='lat' dir='ltr'><strong>sermones</strong></span> <span class='ocrx_word' id='word_1_583' title='bbox 3062 3339 3309 3393; x_wconf 83' lang='lat' dir='ltr'><strong>veritatis</strong></span> <span class='ocrx_word' id='word_1_584' title='bbox 3328 3340 3692 3401; x_wconf 66' lang='lat' dir='ltr'><strong>ollendentes.</strong></span> 
     </span>
    </p>
   </div>
   <div class='ocr_carea' id='block_1_79' title="bbox 2114 3426 3691 3501">
    <p class='ocr_par' dir='ltr' id='par_1_79' title="bbox 2114 3426 3691 3501">
     <span class='ocr_line' id='line_1_79' title="bbox 2114 3426 3691 3501; baseline 0.003 -23"><span class='ocrx_word' id='word_1_585' title='bbox 2114 3440 2226 3495; x_wconf 71' lang='lat' dir='ltr'><strong>pra:</strong></span> <span class='ocrx_word' id='word_1_586' title='bbox 2252 3426 2485 3480; x_wconf 68' lang='lat' dir='ltr'><strong>inscitia:</strong></span> <span class='ocrx_word' id='word_1_587' title='bbox 2520 3427 2790 3489; x_wconf 66' lang='lat' dir='ltr'><strong>cazcitate,</strong></span> <span class='ocrx_word' id='word_1_588' title='bbox 2834 3435 3000 3498; x_wconf 87' lang='lat' dir='ltr'><strong>atque</strong></span> <span class='ocrx_word' id='word_1_589' title='bbox 3034 3429 3102 3483; x_wconf 91' lang='lat' dir='ltr'><strong>ad</strong></span> <span class='ocrx_word' id='word_1_590' title='bbox 3145 3445 3207 3484; x_wconf 89' lang='lat' dir='ltr'><strong>ea</strong></span> <span class='ocrx_word' id='word_1_591' title='bbox 3252 3430 3457 3501; x_wconf 89' lang='lat' dir='ltr'><strong>delapsi</strong></span> <span class='ocrx_word' id='word_1_592' title='bbox 3488 3431 3691 3501; x_wconf 81' lang='lat' dir='ltr'><strong>jactare</strong></span> 
     </span>
    </p>
   </div>
   <div class='ocr_carea' id='block_1_80' title="bbox 2116 3516 3695 3592">
    <p class='ocr_par' dir='ltr' id='par_1_80' title="bbox 2116 3516 3695 3592">
     <span class='ocr_line' id='line_1_80' title="bbox 2116 3516 3695 3592; baseline 0.007 -22"><span class='ocrx_word' id='word_1_593' title='bbox 2116 3516 2412 3572; x_wconf 88' lang='lat' dir='ltr'><strong>identidem</strong></span> <span class='ocrx_word' id='word_1_594' title='bbox 2451 3519 2697 3573; x_wconf 88' lang='lat' dir='ltr'><strong>solebant</strong></span> <span class='ocrx_word' id='word_1_595' title='bbox 2726 3538 2738 3573; x_wconf 91' lang='lat'>:</span> <span class='ocrx_word' id='word_1_596' title='bbox 2767 3520 2983 3574; x_wconf 88' lang='lat' dir='ltr'><strong>Fierine</strong></span> <span class='ocrx_word' id='word_1_597' title='bbox 3009 3529 3208 3592; x_wconf 87' lang='lat' dir='ltr'><strong>potest,</strong></span> <span class='ocrx_word' id='word_1_598' title='bbox 3247 3529 3307 3576; x_wconf 90' lang='lat' dir='ltr'><strong>ut</strong></span> <span class='ocrx_word' id='word_1_599' title='bbox 3339 3524 3528 3578; x_wconf 88' lang='lat' dir='ltr'><strong>eadem</strong></span> <span class='ocrx_word' id='word_1_600' title='bbox 3575 3524 3695 3581; x_wconf 84' lang='lat' dir='ltr'><strong>dies</strong></span> 
     </span>
    </p>
   </div>
   <div class='ocr_carea' id='block_1_81' title="bbox 2114 3608 3692 3686">
    <p class='ocr_par' dir='ltr' id='par_1_81' title="bbox 2114 3608 3692 3686">
     <span class='ocr_line' id='line_1_81' title="bbox 2114 3608 3692 3686; baseline 0.006 -25"><span class='ocrx_word' id='word_1_601' title='bbox 2114 3618 2167 3662; x_wconf 87' lang='lat' dir='ltr'><strong>et</strong></span> <span class='ocrx_word' id='word_1_602' title='bbox 2194 3608 2528 3665; x_wconf 89' lang='lat' dir='ltr'><strong>Bethlehemi</strong></span> <span class='ocrx_word' id='word_1_603' title='bbox 2565 3620 2753 3665; x_wconf 88' lang='lat' dir='ltr'><strong>natum</strong></span> <span class='ocrx_word' id='word_1_604' title='bbox 2796 3613 3014 3681; x_wconf 85' lang='lat' dir='ltr'><strong>viderit,</strong></span> <span class='ocrx_word' id='word_1_605' title='bbox 3060 3624 3134 3677; x_wconf 91' lang='lat' dir='ltr'><strong>et,</strong></span> <span class='ocrx_word' id='word_1_606' title='bbox 3191 3616 3338 3686; x_wconf 91' lang='lat' dir='ltr'><strong>quod</strong></span> <span class='ocrx_word' id='word_1_607' title='bbox 3380 3628 3503 3686; x_wconf 87' lang='lat' dir='ltr'><strong>post</strong></span> <span class='ocrx_word' id='word_1_608' title='bbox 3550 3620 3692 3671; x_wconf 86' lang='lat' dir='ltr'><strong>octi-</strong></span> 
     </span>
    </p>
   </div>
   <div class='ocr_carea' id='block_1_82' title="bbox 2112 3702 3694 3777">
    <p class='ocr_par' dir='ltr' id='par_1_82' title="bbox 2112 3702 3694 3777">
     <span class='ocr_line' id='line_1_82' title="bbox 2112 3702 3694 3777; baseline 0.006 -22"><span class='ocrx_word' id='word_1_609' title='bbox 2112 3702 2281 3756; x_wconf 92' lang='lat' dir='ltr'><strong>duum</strong></span> <span class='ocrx_word' id='word_1_610' title='bbox 2340 3704 2548 3759; x_wconf 87' lang='lat' dir='ltr'><strong>solebat</strong></span> <span class='ocrx_word' id='word_1_611' title='bbox 2597 3704 2736 3771; x_wconf 83' lang='lat' dir='ltr'><strong>ﬁeri,</strong></span> <span class='ocrx_word' id='word_1_612' title='bbox 2781 3707 3196 3772; x_wconf 89' lang='lat' dir='ltr'><strong>circumcisum,</strong></span> <span class='ocrx_word' id='word_1_613' title='bbox 3228 3715 3281 3762; x_wconf 91' lang='lat' dir='ltr'><strong>et</strong></span> <span class='ocrx_word' id='word_1_614' title='bbox 3317 3720 3439 3777; x_wconf 87' lang='lat' dir='ltr'><strong>post</strong></span> <span class='ocrx_word' id='word_1_615' title='bbox 3473 3710 3588 3764; x_wconf 86' lang='lat' dir='ltr'><strong>dies</strong></span> <span class='ocrx_word' id='word_1_616' title='bbox 3624 3726 3694 3765; x_wconf 70' lang='grc' dir='ltr'><strong>ιι</strong></span> 
     </span>
    </p>
   </div>
   <div class='ocr_carea' id='block_1_83' title="bbox 2113 3791 3694 3866">
    <p class='ocr_par' dir='ltr' id='par_1_83' title="bbox 2113 3791 3694 3866">
     <span class='ocr_line' id='line_1_83' title="bbox 2113 3791 3694 3866; baseline 0.006 -21"><span class='ocrx_word' id='word_1_617' title='bbox 2113 3791 2489 3864; x_wconf 86' lang='lat' dir='ltr'><strong>Hierosolyma</strong></span> <span class='ocrx_word' id='word_1_618' title='bbox 2550 3796 2941 3866; x_wconf 88' lang='lat' dir='ltr'><strong>deportatum;</strong></span> <span class='ocrx_word' id='word_1_619' title='bbox 2999 3808 3060 3853; x_wconf 92' lang='lat' dir='ltr'><strong>ut</strong></span> <span class='ocrx_word' id='word_1_620' title='bbox 3114 3800 3243 3853; x_wconf 89' lang='lat' dir='ltr'><strong>item</strong></span> <span class='ocrx_word' id='word_1_621' title='bbox 3292 3798 3569 3855; x_wconf 86' lang='lat' dir='ltr'><strong>Simeonis</strong></span> <span class='ocrx_word' id='word_1_622' title='bbox 3638 3811 3694 3856; x_wconf 91' lang='lat' dir='ltr'><strong>et</strong></span> 
     </span>
    </p>
   </div>
   <div class='ocr_carea' id='block_1_84' title="bbox 2112 3886 3692 3962">
    <p class='ocr_par' dir='ltr' id='par_1_84' title="bbox 2112 3886 3692 3962">
     <span class='ocr_line' id='line_1_84' title="bbox 2112 3886 3692 3962; baseline 0.005 -24"><span class='ocrx_word' id='word_1_623' title='bbox 2112 3886 2283 3941; x_wconf 70' lang='lat' dir='ltr'><strong>Annae</strong></span> <span class='ocrx_word' id='word_1_624' title='bbox 2327 3896 2447 3942; x_wconf 88' lang='lat' dir='ltr'><strong>acta</strong></span> <span class='ocrx_word' id='word_1_625' title='bbox 2481 3889 2574 3941; x_wconf 91' lang='lat' dir='ltr'><strong>illa</strong></span> <span class='ocrx_word' id='word_1_626' title='bbox 2608 3890 2663 3943; x_wconf 89' lang='lat' dir='ltr'><strong>in</strong></span> <span class='ocrx_word' id='word_1_627' title='bbox 2713 3891 2959 3945; x_wconf 90' lang='lat' dir='ltr'><strong>eamdem</strong></span> <span class='ocrx_word' id='word_1_628' title='bbox 3003 3892 3147 3945; x_wconf 90' lang='lat' dir='ltr'><strong>diem</strong></span> <span class='ocrx_word' id='word_1_629' title='bbox 3192 3892 3518 3959; x_wconf 86' lang='lat' dir='ltr'><strong>inciderint;</strong></span> <span class='ocrx_word' id='word_1_630' title='bbox 3556 3908 3692 3962; x_wconf 83' lang='lat' dir='ltr'><strong>pra:-</strong></span> 
     </span>
    </p>
   </div>
   <div class='ocr_carea' id='block_1_85' title="bbox 2113 3979 3691 4048">
    <p class='ocr_par' dir='ltr' id='par_1_85' title="bbox 2113 3979 3691 4048">
     <span class='ocr_line' id='line_1_85' title="bbox 2113 3979 3691 4048; baseline 0.002 -17"><span class='ocrx_word' id='word_1_631' title='bbox 2113 3979 2304 4032; x_wconf 90' lang='lat' dir='ltr'><strong>sertim</strong></span> <span class='ocrx_word' id='word_1_632' title='bbox 2335 3994 2459 4032; x_wconf 91' lang='lat' dir='ltr'><strong>cum</strong></span> <span class='ocrx_word' id='word_1_633' title='bbox 2496 3996 2602 4048; x_wconf 87' lang='lat' dir='ltr'><strong>qua</strong></span> <span class='ocrx_word' id='word_1_634' title='bbox 2633 3988 2793 4035; x_wconf 91' lang='lat' dir='ltr'><strong>nocte</strong></span> <span class='ocrx_word' id='word_1_635' title='bbox 2823 3979 2983 4036; x_wconf 79' lang='lat' dir='ltr'><strong>Jesus</strong></span> <span class='ocrx_word' id='word_1_636' title='bbox 3031 3990 3116 4035; x_wconf 85' lang='lat' dir='ltr'><strong>est</strong></span> <span class='ocrx_word' id='word_1_637' title='bbox 3162 3982 3215 4035; x_wconf 93' lang='lat' dir='ltr'><strong>in</strong></span> <span class='ocrx_word' id='word_1_638' title='bbox 3269 3982 3443 4035; x_wconf 89' lang='lat' dir='ltr'><strong>lucem</strong></span> <span class='ocrx_word' id='word_1_639' title='bbox 3488 3982 3691 4042; x_wconf 88' lang='lat' dir='ltr'><strong>editus.</strong></span> 
     </span>
    </p>
   </div>
   <div class='ocr_carea' id='block_1_86' title="bbox 2111 4067 3696 4143">
    <p class='ocr_par' dir='ltr' id='par_1_86' title="bbox 2111 4067 3696 4143">
     <span class='ocr_line' id='line_1_86' title="bbox 2111 4067 3696 4143; baseline 0.002 -21"><span class='ocrx_word' id='word_1_640' title='bbox 2111 4067 2351 4139; x_wconf 80' lang='lat' dir='ltr'><strong>Joscpho</strong></span> <span class='ocrx_word' id='word_1_641' title='bbox 2403 4073 2634 4140; x_wconf 81' lang='lat' dir='ltr'><strong>angelus</strong></span> <span class='ocrx_word' id='word_1_642' title='bbox 2689 4075 3029 4142; x_wconf 86' lang='lat' dir='ltr'><strong>apparuerit,</strong></span> <span class='ocrx_word' id='word_1_643' title='bbox 3094 4082 3213 4143; x_wconf 85' lang='lat' dir='ltr'><strong>post</strong></span> <span class='ocrx_word' id='word_1_644' title='bbox 3264 4089 3548 4143; x_wconf 81' lang='lat' dir='ltr'><strong>magorum</strong></span> <span class='ocrx_word' id='word_1_645' title='bbox 3599 4073 3696 4126; x_wconf 81' lang='lat' dir='ltr'><strong>ad-</strong></span> 
     </span>
    </p>
   </div>
   <div class='ocr_carea' id='block_1_87' title="bbox 2111 4161 3693 4233">
    <p class='ocr_par' dir='ltr' id='par_1_87' title="bbox 2111 4161 3693 4233">
     <span class='ocr_line' id='line_1_87' title="bbox 2111 4161 3693 4233; baseline 0.002 -19"><span class='ocrx_word' id='word_1_646' title='bbox 2111 4169 2361 4225; x_wconf 88' lang='lat' dir='ltr'><strong>ventum,</strong></span> <span class='ocrx_word' id='word_1_647' title='bbox 2414 4161 2507 4230; x_wconf 92' lang='lat' dir='ltr'><strong>qui</strong></span> <span class='ocrx_word' id='word_1_648' title='bbox 2547 4161 2696 4216; x_wconf 90' lang='lat' dir='ltr'><strong>illius</strong></span> <span class='ocrx_word' id='word_1_649' title='bbox 2745 4163 3006 4216; x_wconf 88' lang='lat' dir='ltr'><strong>adorandi</strong></span> <span class='ocrx_word' id='word_1_650' title='bbox 3043 4179 3212 4217; x_wconf 78' lang='lat' dir='ltr'><strong>causa</strong></span> <span class='ocrx_word' id='word_1_651' title='bbox 3245 4175 3532 4226; x_wconf 86' lang='lat' dir='ltr'><strong>venerant,</strong></span> <span class='ocrx_word' id='word_1_652' title='bbox 3564 4165 3693 4233; x_wconf 89' lang='lat' dir='ltr'><strong>qui-</strong></span> 
     </span>
    </p>
   </div>
   <div class='ocr_carea' id='block_1_88' title="bbox 2114 4254 3692 4324">
    <p class='ocr_par' dir='ltr' id='par_1_88' title="bbox 2114 4254 3692 4324">
     <span class='ocr_line' id='line_1_88' title="bbox 2114 4254 3692 4324; baseline 0.003 -20"><span class='ocrx_word' id='word_1_653' title='bbox 2114 4266 2222 4320; x_wconf 90' lang='lat' dir='ltr'><strong>que</strong></span> <span class='ocrx_word' id='word_1_654' title='bbox 2283 4267 2510 4305; x_wconf 89' lang='lat' dir='ltr'><strong>munera</strong></span> <span class='ocrx_word' id='word_1_655' title='bbox 2550 4268 2648 4307; x_wconf 86' lang='lat' dir='ltr'><strong>sua</strong></span> <span class='ocrx_word' id='word_1_656' title='bbox 2678 4255 2881 4324; x_wconf 89' lang='lat' dir='ltr'><strong>apertis</strong></span> <span class='ocrx_word' id='word_1_657' title='bbox 2912 4256 3149 4310; x_wconf 83' lang='lat' dir='ltr'><strong>sacculis</strong></span> <span class='ocrx_word' id='word_1_658' title='bbox 3181 4254 3530 4310; x_wconf 86' lang='lat' dir='ltr'><strong>obtulerant?</strong></span> <span class='ocrx_word' id='word_1_659' title='bbox 3553 4255 3692 4308; x_wconf 91' lang='lat' dir='ltr'><strong>Tum</strong></span> 
     </span>
    </p>
   </div>
   <div class='ocr_carea' id='block_1_89' title="bbox 2111 4342 3691 4415">
    <p class='ocr_par' dir='ltr' id='par_1_89' title="bbox 2111 4342 3691 4415">
     <span class='ocr_line' id='line_1_89' title="bbox 2111 4342 3691 4415; baseline 0.002 -21"><span class='ocrx_word' id='word_1_660' title='bbox 2111 4342 2253 4394; x_wconf 87' lang='lat' dir='ltr'><strong>enim</strong></span> <span class='ocrx_word' id='word_1_661' title='bbox 2291 4343 2562 4409; x_wconf 79' lang='lat' dir='ltr'><strong>apparuit,</strong></span> <span class='ocrx_word' id='word_1_662' title='bbox 2594 4343 2791 4411; x_wconf 82' lang='lat' dir='ltr'><strong>inquit,</strong></span> <span class='ocrx_word' id='word_1_663' title='bbox 2817 4344 2864 4396; x_wconf 85' lang='lat' dir='ltr'><strong>ei</strong></span> <span class='ocrx_word' id='word_1_664' title='bbox 2890 4344 3107 4413; x_wconf 68' lang='lat' dir='ltr'><strong>angelus</strong></span> <span class='ocrx_word' id='word_1_665' title='bbox 3147 4345 3361 4398; x_wconf 85' lang='lat' dir='ltr'><strong>dicens:</strong></span> <span class='ocrx_word' id='word_1_666' title='bbox 3390 4342 3579 4415; x_wconf 84' lang='lat' dir='ltr'><strong>Surge,</strong></span> <span class='ocrx_word' id='word_1_667' title='bbox 3607 4362 3691 4397; x_wconf 80' lang='lat' dir='ltr'><strong>ae-</strong></span> 
     </span>
    </p>
   </div>
   <div class='ocr_carea' id='block_1_90' title="bbox 2110 4432 3691 4504">
    <p class='ocr_par' dir='ltr' id='par_1_90' title="bbox 2110 4432 3691 4504">
     <span class='ocr_line' id='line_1_90' title="bbox 2110 4432 3691 4504; baseline 0.003 -20"><span class='ocrx_word' id='word_1_668' title='bbox 2110 4432 2222 4499; x_wconf 76' lang='lat' dir='ltr'><strong>cipe</strong></span> <span class='ocrx_word' id='word_1_669' title='bbox 2257 4446 2497 4498; x_wconf 81' lang='lat' dir='ltr'><strong>puerum,</strong></span> <span class='ocrx_word' id='word_1_670' title='bbox 2540 4441 2589 4484; x_wconf 85' lang='lat' dir='ltr'><strong>et</strong></span> <span class='ocrx_word' id='word_1_671' title='bbox 2632 4432 2903 4501; x_wconf 69' lang='lat' dir='ltr'><strong>conjuge»:</strong></span> <span class='ocrx_word' id='word_1_672' title='bbox 2945 4444 3112 4495; x_wconf 83' lang='lat' dir='ltr'><strong>tuam,</strong></span> <span class='ocrx_word' id='word_1_673' title='bbox 3156 4443 3208 4487; x_wconf 77' lang='lat' dir='ltr'><strong>et</strong></span> <span class='ocrx_word' id='word_1_674' title='bbox 3248 4434 3376 4488; x_wconf 81' lang='lat' dir='ltr'><strong>vade</strong></span> <span class='ocrx_word' id='word_1_675' title='bbox 3416 4436 3474 4487; x_wconf 75' lang='lat' dir='ltr'><strong>in</strong></span> <span class='ocrx_word' id='word_1_676' title='bbox 3518 4433 3691 4504; x_wconf 61' lang='lat' dir='ltr'><strong>Egy-</strong></span> 
     </span>
    </p>
   </div>
   <div class='ocr_carea' id='block_1_91' title="bbox 2110 4523 3687 4595">
    <p class='ocr_par' dir='ltr' id='par_1_91' title="bbox 2110 4523 3687 4595">
     <span class='ocr_line' id='line_1_91' title="bbox 2110 4523 3687 4595; baseline 0.004 -23"><span class='ocrx_word' id='word_1_677' title='bbox 2110 4531 2290 4590; x_wconf 81' lang='lat' dir='ltr'><strong>ptum;</strong></span> <span class='ocrx_word' id='word_1_678' title='bbox 2323 4523 2572 4591; x_wconf 82' lang='lat' dir='ltr'><strong>quoniam</strong></span> <span class='ocrx_word' id='word_1_679' title='bbox 2631 4525 2822 4576; x_wconf 68' lang='lat' dir='ltr'><strong>aumrit</strong></span> <span class='ocrx_word' id='word_1_680' title='bbox 2885 4523 3116 4579; x_wconf 84' lang='lat' dir='ltr'><strong>Herodes</strong></span> <span class='ocrx_word' id='word_1_681' title='bbox 3172 4528 3408 4579; x_wconf 85' lang='lat' dir='ltr'><strong>animam</strong></span> <span class='ocrx_word' id='word_1_682' title='bbox 3474 4528 3687 4595; x_wconf 78' lang='lat' dir='ltr'><strong>pucri&#39;.</strong></span> 
     </span>
    </p>
   </div>
   <div class='ocr_carea' id='block_1_92' title="bbox 426 4611 2009 4691">
    <p class='ocr_par' dir='ltr' id='par_1_92' title="bbox 426 4611 2008 4691">
     <span class='ocr_line' id='line_1_92' title="bbox 426 4611 2008 4691; baseline -0.004 -17"><span class='ocrx_word' id='word_1_683' title='bbox 426 4622 609 4676; x_wconf 81' lang='grc' dir='ltr'>τοίνυν</span> <span class='ocrx_word' id='word_1_684' title='bbox 641 4622 699 4673; x_wconf 88' lang='grc' dir='ltr'><strong>ἐν</strong></span> <span class='ocrx_word' id='word_1_685' title='bbox 736 4619 1104 4691; x_wconf 82' lang='grc' dir='ltr'>ταύτῃ’νυκτ“ι</span> <span class='ocrx_word' id='word_1_686' title='bbox 1186 4618 1529 4687; x_wconf 80' lang='grc' dir='ltr'>γεγέννηται,</span> <span class='ocrx_word' id='word_1_687' title='bbox 1573 4616 1897 4686; x_wconf 82' lang='grc' dir='ltr'>παρελήφθη</span> <span class='ocrx_word' id='word_1_688' title='bbox 1929 4616 2008 4678; x_wconf 82' lang='grc' dir='ltr'><strong>είς</strong></span> 
     </span>
    </p>
   </div>
   <div class='ocr_carea' id='block_1_93' title="bbox 2112 4611 3696 4691">
    <p class='ocr_par' dir='ltr' id='par_1_93' title="bbox 2113 4611 3696 4686">
     <span class='ocr_line' id='line_1_93' title="bbox 2113 4611 3696 4686; baseline 0.004 -22"><span class='ocrx_word' id='word_1_689' title='bbox 2113 4611 2480 4678; x_wconf 86' lang='lat' dir='ltr'><strong>Quamobrem</strong></span> <span class='ocrx_word' id='word_1_690' title='bbox 2551 4614 2597 4669; x_wconf 90' lang='lat' dir='ltr'><strong>si</strong></span> <span class='ocrx_word' id='word_1_691' title='bbox 2662 4616 2852 4669; x_wconf 90' lang='lat' dir='ltr'><strong>eadem</strong></span> <span class='ocrx_word' id='word_1_692' title='bbox 2915 4633 3022 4686; x_wconf 91' lang='lat' dir='ltr'><strong>qua</strong></span> <span class='ocrx_word' id='word_1_693' title='bbox 3088 4624 3249 4672; x_wconf 89' lang='lat' dir='ltr'><strong>natus</strong></span> <span class='ocrx_word' id='word_1_694' title='bbox 3294 4627 3379 4673; x_wconf 85' lang='lat' dir='ltr'><strong>est</strong></span> <span class='ocrx_word' id='word_1_695' title='bbox 3423 4625 3583 4671; x_wconf 89' lang='lat' dir='ltr'><strong>nocte</strong></span> <span class='ocrx_word' id='word_1_696' title='bbox 3637 4619 3696 4672; x_wconf 83' lang='lat' dir='ltr'><strong>in</strong></span> 
     </span>
    </p>
   </div>
   <div class='ocr_carea' id='block_1_94' title="bbox 426 4706 2005 4781">
    <p class='ocr_par' dir='ltr' id='par_1_94' title="bbox 426 4706 2005 4781">
     <span class='ocr_line' id='line_1_94' title="bbox 426 4706 2005 4781; baseline -0.003 -15"><span class='ocrx_word' id='word_1_697' title='bbox 426 4713 702 4781; x_wconf 76' lang='grc' dir='ltr'>Αἴγυπτον</span> <span class='ocrx_word' id='word_1_698' title='bbox 732 4712 826 4765; x_wconf 75' lang='grc' dir='ltr'><strong>καὶ</strong></span> <span class='ocrx_word' id='word_1_699' title='bbox 859 4713 979 4764; x_wconf 76' lang='grc' dir='ltr'>ἐκεῖ</span> <span class='ocrx_word' id='word_1_700' title='bbox 1003 4706 1093 4781; x_wconf 83' lang='grc' dir='ltr'>ἦν,</span> <span class='ocrx_word' id='word_1_701' title='bbox 1126 4711 1231 4774; x_wconf 79' lang='grc' dir='ltr'>ἓως</span> <span class='ocrx_word' id='word_1_702' title='bbox 1262 4711 1385 4763; x_wconf 83' lang='grc' dir='ltr'>ὅτου</span> <span class='ocrx_word' id='word_1_703' title='bbox 1416 4708 1686 4763; x_wconf 80' lang='grc' dir='ltr'>ἀπέθανεν</span> <span class='ocrx_word' id='word_1_704' title='bbox 1726 4710 1785 4761; x_wconf 85' lang='grc' dir='ltr'><strong><em>Ἢ</em></strong></span> <span class='ocrx_word' id='word_1_705' title='bbox 1797 4709 1970 4781; x_wconf 84' lang='grc' dir='ltr'>ρώδης</span> <span class='ocrx_word' id='word_1_706' title='bbox 1991 4726 2005 4741; x_wconf 90' lang='grc'><strong>·</strong></span> 
     </span>
    </p>
   </div>
   <div class='ocr_carea' id='block_1_95' title="bbox 427 4800 2005 4874">
    <p class='ocr_par' dir='ltr' id='par_1_95' title="bbox 427 4800 2005 4874">
     <span class='ocr_line' id='line_1_95' title="bbox 427 4800 2005 4874; baseline -0.003 -18"><span class='ocrx_word' id='word_1_707' title='bbox 427 4803 592 4856; x_wconf 81' lang='grc' dir='ltr'>πόθεν</span> <span class='ocrx_word' id='word_1_708' title='bbox 620 4804 680 4856; x_wconf 85' lang='grc' dir='ltr'>τὸ</span> <span class='ocrx_word' id='word_1_709' title='bbox 713 4804 1013 4874; x_wconf 82' lang='grc' dir='ltr'>ἐπιμεῖναι,</span> <span class='ocrx_word' id='word_1_710' title='bbox 1042 4802 1139 4855; x_wconf 78' lang='grc' dir='ltr'>καὶ</span> <span class='ocrx_word' id='word_1_711' title='bbox 1180 4802 1522 4874; x_wconf 83' lang='grc' dir='ltr'>ὀκταήμερον</span> <span class='ocrx_word' id='word_1_712' title='bbox 1568 4800 2005 4873; x_wconf 85' lang='grc' dir='ltr'>περιτμηθῆναι;</span> 
     </span>
    </p>
   </div>
   <div class='ocr_carea' id='block_1_96' title="bbox 426 4894 2008 4968">
    <p class='ocr_par' dir='ltr' id='par_1_96' title="bbox 426 4894 2008 4968">
     <span class='ocr_line' id='line_1_96' title="bbox 426 4894 2008 4968; baseline -0.004 -18"><span class='ocrx_word' id='word_1_713' title='bbox 426 4898 461 4968; x_wconf 79' lang='grc' dir='ltr'>ἢ</span> <span class='ocrx_word' id='word_1_714' title='bbox 505 4898 622 4961; x_wconf 87' lang='grc' dir='ltr'><strong>πῶς</strong></span> <span class='ocrx_word' id='word_1_715' title='bbox 676 4897 737 4949; x_wconf 86' lang='grc' dir='ltr'>τδ</span> <span class='ocrx_word' id='word_1_716' title='bbox 792 4895 932 4968; x_wconf 82' lang='grc' dir='ltr'>μετὰ</span> <span class='ocrx_word' id='word_1_717' title='bbox 988 4895 1398 4966; x_wconf 87' lang='grc' dir='ltr'>τεσσαράκοντα</span> <span class='ocrx_word' id='word_1_718' title='bbox 1439 4894 1749 4965; x_wconf 83' lang='grc' dir='ltr'>εὑρίσκεται</span> <span class='ocrx_word' id='word_1_719' title='bbox 1790 4894 2008 4955; x_wconf 79' lang='grc' dir='ltr'>Λουκᾶς</span> 
     </span>
    </p>
   </div>
   <div class='ocr_carea' id='block_1_97' title="bbox 425 4981 2007 5059">
    <p class='ocr_par' dir='ltr' id='par_1_97' title="bbox 425 4981 2007 5059">
     <span class='ocr_line' id='line_1_97' title="bbox 425 4981 2007 5059; baseline -0.005 -18"><span class='ocrx_word' id='word_1_720' title='bbox 425 4988 789 5059; x_wconf 78' lang='grc' dir='ltr'>ψευδόμενος;</span> <span class='ocrx_word' id='word_1_721' title='bbox 857 4985 998 5057; x_wconf 82' lang='grc' dir='ltr'>(Ὦς</span> <span class='ocrx_word' id='word_1_722' title='bbox 1058 4984 1192 5055; x_wconf 79' lang='grc' dir='ltr'>φασὶ</span> <span class='ocrx_word' id='word_1_723' title='bbox 1247 4982 1696 5055; x_wconf 84' lang='grc' dir='ltr'>βλασφημοῦντες</span> <span class='ocrx_word' id='word_1_724' title='bbox 1734 4981 1876 5035; x_wconf 89' lang='grc' dir='ltr'><strong>κατά</strong></span> <span class='ocrx_word' id='word_1_725' title='bbox 1907 4981 2007 5052; x_wconf 84' lang='grc' dir='ltr'>τῆς</span> 
     </span>
    </p>
   </div>
   <div class='ocr_carea' id='block_1_98' title="bbox 426 5073 2004 5147">
    <p class='ocr_par' dir='ltr' id='par_1_98' title="bbox 426 5073 2004 5147">
     <span class='ocr_line' id='line_1_98' title="bbox 426 5073 2004 5147; baseline -0.006 -14"><span class='ocrx_word' id='word_1_726' title='bbox 426 5079 638 5134; x_wconf 74' lang='grc' dir='ltr'>ἑαυτῶν</span> <span class='ocrx_word' id='word_1_727' title='bbox 680 5077 924 5147; x_wconf 83' lang='grc' dir='ltr'>κεφαλῆς</span> <span class='ocrx_word' id='word_1_728' title='bbox 945 5076 986 5147; x_wconf 90' lang='grc'><strong>·)</strong></span> <span class='ocrx_word' id='word_1_729' title='bbox 1030 5076 1111 5129; x_wconf 85' lang='grc' dir='ltr'>ὅτι</span> <span class='ocrx_word' id='word_1_730' title='bbox 1159 5073 1324 5145; x_wconf 78' lang='grc' dir='ltr'>φησὶν</span> <span class='ocrx_word' id='word_1_731' title='bbox 1375 5074 1433 5126; x_wconf 91' lang='grc' dir='ltr'><strong>ἐν</strong></span> <span class='ocrx_word' id='word_1_732' title='bbox 1478 5076 1545 5144; x_wconf 84' lang='grc' dir='ltr'><strong>τῇ</strong></span> <span class='ocrx_word' id='word_1_733' title='bbox 1592 5074 2004 5143; x_wconf 83' lang='grc' dir='ltr'>τεσσαρακοστῇ</span> 
     </span>
    </p>
   </div>
   <div class='ocr_carea' id='block_1_99' title="bbox 423 5163 2003 5243">
    <p class='ocr_par' dir='ltr' id='par_1_99' title="bbox 423 5163 2003 5243">
     <span class='ocr_line' id='line_1_99' title="bbox 423 5163 2003 5243; baseline -0.005 -19"><span class='ocrx_word' id='word_1_734' title='bbox 423 5172 610 5243; x_wconf 75' lang='grc' dir='ltr'>ἡμέρᾳ</span> <span class='ocrx_word' id='word_1_735' title='bbox 646 5171 952 5241; x_wconf 81' lang='grc' dir='ltr'>ἀνήνεγκαν</span> <span class='ocrx_word' id='word_1_736' title='bbox 996 5167 1159 5221; x_wconf 81' lang='grc' dir='ltr'>αὐτὸν</span> <span class='ocrx_word' id='word_1_737' title='bbox 1195 5169 1277 5230; x_wconf 90' lang='grc' dir='ltr'><strong>είς</strong></span> <span class='ocrx_word' id='word_1_738' title='bbox 1320 5163 1696 5237; x_wconf 80' lang='grc' dir='ltr'>Ἰερουσαλὴμ,</span> <span class='ocrx_word' id='word_1_739' title='bbox 1747 5163 2003 5218; x_wconf 82' lang='grc' dir='ltr'>κάκεῖθεν</span> 
     </span>
    </p>
   </div>
   <div class='ocr_carea' id='block_1_100' title="bbox 423 5255 2005 5332">
    <p class='ocr_par' dir='ltr' id='par_1_100' title="bbox 423 5255 2005 5332">
     <span class='ocr_line' id='line_1_100' title="bbox 423 5255 2005 5332; baseline -0.006 -14"><span class='ocrx_word' id='word_1_740' title='bbox 423 5267 503 5328; x_wconf 82' lang='grc' dir='ltr'><strong>είς</strong></span> <span class='ocrx_word' id='word_1_741' title='bbox 543 5260 819 5332; x_wconf 78' lang='grc' dir='ltr'>Ναζαρέτ.</span> <span class='ocrx_word' id='word_1_742' title='bbox 852 5259 961 5312; x_wconf 73' lang='grc' dir='ltr'><strong>Καὶ</strong></span> <span class='ocrx_word' id='word_1_743' title='bbox 1006 5260 1107 5313; x_wconf 82' lang='grc' dir='ltr'><strong>οὐκ</strong></span> <span class='ocrx_word' id='word_1_744' title='bbox 1136 5258 1343 5312; x_wconf 81' lang='grc' dir='ltr'>οἴδασιν</span> <span class='ocrx_word' id='word_1_745' title='bbox 1391 5260 1440 5310; x_wconf 80' lang='grc' dir='ltr'><strong>οἱ</strong></span> <span class='ocrx_word' id='word_1_746' title='bbox 1484 5256 1730 5327; x_wconf 67' lang='grc' dir='ltr'>ἀγνωσία</span> <span class='ocrx_word' id='word_1_747' title='bbox 1782 5255 2005 5320; x_wconf 60' lang='grc' dir='ltr'>κατετό-</span> 
     </span>
    </p>
   </div>
   <div class='ocr_carea' id='block_1_101' title="bbox 427 5346 1677 5428">
    <p class='ocr_par' dir='ltr' id='par_1_101' title="bbox 427 5346 1677 5428">
     <span class='ocr_line' id='line_1_101' title="bbox 427 5346 1677 5428; baseline -0.008 -19"><span class='ocrx_word' id='word_1_748' title='bbox 427 5372 577 5428; x_wconf 87' lang='grc' dir='ltr'>μενοι</span> <span class='ocrx_word' id='word_1_749' title='bbox 605 5352 700 5407; x_wconf 91' lang='grc' dir='ltr'><strong>τοῦ</strong></span> <span class='ocrx_word' id='word_1_750' title='bbox 740 5351 896 5421; x_wconf 89' lang='grc' dir='ltr'>ἀγίου</span> <span class='ocrx_word' id='word_1_751' title='bbox 930 5350 1243 5421; x_wconf 84' lang='grc' dir='ltr'>Πνεύματος</span> <span class='ocrx_word' id='word_1_752' title='bbox 1273 5349 1372 5419; x_wconf 79' lang='grc' dir='ltr'><strong>τὴν</strong></span> <span class='ocrx_word' id='word_1_753' title='bbox 1397 5346 1645 5416; x_wconf 86' lang='grc' dir='ltr'>δύναμιν.</span> <span class='ocrx_word' id='word_1_754' title='bbox 1672 5370 1677 5374; x_wconf 90' lang='grc'><strong>·</strong></span> 
     </span>
    </p>
   </div>
   <div class='ocr_carea' id='block_1_102' title="bbox 488 5549 1578 5619">
    <p class='ocr_par' dir='ltr' id='par_1_102' title="bbox 488 5549 1578 5619">
     <span class='ocr_line' id='line_1_102' title="bbox 488 5549 1578 5619; baseline -0.006 -13"><span class='ocrx_word' id='word_1_755' title='bbox 488 5554 505 5584; x_wconf 85' lang='grc'>¹</span> <span class='ocrx_word' id='word_1_756' title='bbox 538 5550 733 5609; x_wconf 74' lang='lat' dir='ltr'><strong>Matth.</strong></span> <span class='ocrx_word' id='word_1_757' title='bbox 766 5567 826 5613; x_wconf 89' lang='lat' dir='ltr'><strong>ll,</strong></span> <span class='ocrx_word' id='word_1_758' title='bbox 866 5552 955 5606; x_wconf 79' lang='lat' dir='ltr'><strong>I5.</strong></span> <span class='ocrx_word' id='word_1_759' title='bbox 1031 5552 1053 5583; x_wconf 82' lang='grc'><strong><em>²</em></strong></span> <span class='ocrx_word' id='word_1_760' title='bbox 1090 5551 1220 5605; x_wconf 87' lang='lat' dir='ltr'><strong>Luc.</strong></span> <span class='ocrx_word' id='word_1_761' title='bbox 1254 5567 1315 5613; x_wconf 86' lang='grc' dir='ltr'><strong>ιι,</strong></span> <span class='ocrx_word' id='word_1_762' title='bbox 1352 5549 1424 5603; x_wconf 73' lang='lat'><strong>22</strong></span> <span class='ocrx_word' id='word_1_763' title='bbox 1458 5565 1578 5619; x_wconf 89' lang='lat' dir='ltr'><strong>sqq.</strong></span> 
     </span>
    </p>
   </div>
   <div class='ocr_carea' id='block_1_103' title="bbox 488 5640 1996 5723">
    <p class='ocr_par' dir='ltr' id='par_1_103' title="bbox 488 5640 1996 5723">
     <span class='ocr_line' id='line_1_103' title="bbox 488 5640 1996 5723; baseline -0.003 -24"><span class='ocrx_word' id='word_1_764' title='bbox 488 5645 607 5723; x_wconf 66' lang='grc' dir='ltr'><strong>(ἓξ)</strong></span> <span class='ocrx_word' id='word_1_765' title='bbox 642 5645 736 5710; x_wconf 86' lang='grc' dir='ltr'>Ὠς</span> <span class='ocrx_word' id='word_1_766' title='bbox 757 5640 910 5698; x_wconf 77' lang='grc' dir='ltr'>εἶναι</span> <span class='ocrx_word' id='word_1_767' title='bbox 930 5645 1035 5698; x_wconf 79' lang='grc' dir='ltr'><strong>τὸν</strong></span> <span class='ocrx_word' id='word_1_768' title='bbox 1058 5644 1255 5698; x_wconf 80' lang='grc' dir='ltr'>πάντα</span> <span class='ocrx_word' id='word_1_769' title='bbox 1276 5645 1516 5723; x_wconf 64' lang='grc' dir='ltr'><strong>χρόνονΪ</strong></span> <span class='ocrx_word' id='word_1_770' title='bbox 1536 5640 1772 5723; x_wconf 84' lang='lat' dir='ltr'><strong>Tempus</strong></span> <span class='ocrx_word' id='word_1_771' title='bbox 1794 5641 1996 5723; x_wconf 84' lang='lat' dir='ltr'><strong>ipsum,</strong></span> 
     </span>
    </p>
   </div>
   <div class='ocr_carea' id='block_1_104' title="bbox 419 5713 1999 5784">
    <p class='ocr_par' dir='ltr' id='par_1_104' title="bbox 419 5713 1999 5784">
     <span class='ocr_line' id='line_1_104' title="bbox 419 5713 1999 5784; baseline -0.002 -15"><span class='ocrx_word' id='word_1_772' title='bbox 419 5713 530 5784; x_wconf 82' lang='lat' dir='ltr'><strong>quo</strong></span> <span class='ocrx_word' id='word_1_773' title='bbox 557 5713 797 5771; x_wconf 83' lang='lat' dir='ltr'><strong>Joannes</strong></span> <span class='ocrx_word' id='word_1_774' title='bbox 834 5727 1131 5784; x_wconf 88' lang='lat' dir='ltr'><strong>conceptus</strong></span> <span class='ocrx_word' id='word_1_775' title='bbox 1157 5730 1220 5768; x_wconf 92' lang='lat' dir='ltr'><strong>ac</strong></span> <span class='ocrx_word' id='word_1_776' title='bbox 1252 5724 1417 5784; x_wconf 88' lang='lat' dir='ltr'><strong>natus</strong></span> <span class='ocrx_word' id='word_1_777' title='bbox 1437 5720 1542 5784; x_wconf 79' lang='lat' dir='ltr'><strong>est.</strong></span> <span class='ocrx_word' id='word_1_778' title='bbox 1598 5716 1653 5765; x_wconf 89' lang='lat' dir='ltr'><strong>et</strong></span> <span class='ocrx_word' id='word_1_779' title='bbox 1682 5713 1999 5784; x_wconf 83' lang='lat' dir='ltr'><strong>incarnatus</strong></span> 
     </span>
    </p>
   </div>
   <div class='ocr_carea' id='block_1_105' title="bbox 420 5779 1997 5854">
    <p class='ocr_par' dir='ltr' id='par_1_105' title="bbox 420 5779 1997 5854">
     <span class='ocr_line' id='line_1_105' title="bbox 420 5779 1997 5854; baseline -0.004 -11"><span class='ocrx_word' id='word_1_780' title='bbox 420 5779 588 5854; x_wconf 71' lang='lat' dir='ltr'><strong>itque</strong></span> <span class='ocrx_word' id='word_1_781' title='bbox 642 5786 699 5840; x_wconf 87' lang='lat' dir='ltr'><strong>in</strong></span> <span class='ocrx_word' id='word_1_782' title='bbox 744 5787 921 5842; x_wconf 86' lang='lat' dir='ltr'><strong>lucem</strong></span> <span class='ocrx_word' id='word_1_783' title='bbox 961 5779 1146 5842; x_wconf 83' lang='lat' dir='ltr'><strong>editus</strong></span> <span class='ocrx_word' id='word_1_784' title='bbox 1172 5783 1451 5850; x_wconf 84' lang='lat' dir='ltr'><strong>Christus,</strong></span> <span class='ocrx_word' id='word_1_785' title='bbox 1474 5782 1651 5840; x_wconf 84' lang='lat' dir='ltr'><strong>Lucas</strong></span> <span class='ocrx_word' id='word_1_786' title='bbox 1679 5783 1997 5853; x_wconf 87' lang='lat' dir='ltr'><strong>complecti-</strong></span> 
     </span>
    </p>
   </div>
   <div class='ocr_carea' id='block_1_106' title="bbox 2114 4702 3695 4772">
    <p class='ocr_par' dir='ltr' id='par_1_106' title="bbox 2114 4702 3695 4772">
     <span class='ocr_line' id='line_1_106' title="bbox 2114 4702 3695 4772; baseline 0.005 -16"><span class='ocrx_word' id='word_1_787' title='bbox 2114 4702 2408 4772; x_wconf 65' lang='lat' dir='ltr'><strong>Afgyptum</strong></span> <span class='ocrx_word' id='word_1_788' title='bbox 2444 4703 2660 4760; x_wconf 86' lang='lat' dir='ltr'><strong>delatus</strong></span> <span class='ocrx_word' id='word_1_789' title='bbox 2700 4714 2806 4769; x_wconf 89' lang='lat' dir='ltr'><strong>est,</strong></span> <span class='ocrx_word' id='word_1_790' title='bbox 2838 4718 2892 4761; x_wconf 90' lang='lat' dir='ltr'><strong>et</strong></span> <span class='ocrx_word' id='word_1_791' title='bbox 2925 4707 3039 4761; x_wconf 89' lang='lat' dir='ltr'><strong>illic</strong></span> <span class='ocrx_word' id='word_1_792' title='bbox 3076 4706 3199 4772; x_wconf 78' lang='lat' dir='ltr'><strong>fuit,</strong></span> <span class='ocrx_word' id='word_1_793' title='bbox 3234 4707 3410 4763; x_wconf 90' lang='lat' dir='ltr'><strong>donec</strong></span> <span class='ocrx_word' id='word_1_794' title='bbox 3444 4706 3695 4764; x_wconf 85' lang='lat' dir='ltr'><strong>Herodes</strong></span> 
     </span>
    </p>
   </div>
   <div class='ocr_carea' id='block_1_107' title="bbox 2112 4798 3694 4871">
    <p class='ocr_par' dir='ltr' id='par_1_107' title="bbox 2112 4798 3694 4871">
     <span class='ocr_line' id='line_1_107' title="bbox 2112 4798 3694 4871; baseline 0.004 -23"><span class='ocrx_word' id='word_1_795' title='bbox 2112 4805 2365 4850; x_wconf 91' lang='lat' dir='ltr'><strong>mortuus</strong></span> <span class='ocrx_word' id='word_1_796' title='bbox 2387 4798 2784 4866; x_wconf 86' lang='lat' dir='ltr'><strong>est,quomodo</strong></span> <span class='ocrx_word' id='word_1_797' title='bbox 2816 4815 3140 4869; x_wconf 85' lang='lat' dir='ltr'><strong>permanere</strong></span> <span class='ocrx_word' id='word_1_798' title='bbox 3169 4801 3224 4854; x_wconf 90' lang='lat' dir='ltr'><strong>in</strong></span> <span class='ocrx_word' id='word_1_799' title='bbox 3265 4800 3455 4855; x_wconf 71' lang='lat' dir='ltr'><strong>Iudaea</strong></span> <span class='ocrx_word' id='word_1_800' title='bbox 3488 4801 3694 4871; x_wconf 88' lang='lat' dir='ltr'><strong>potuit,</strong></span> 
     </span>
    </p>
   </div>
   <div class='ocr_carea' id='block_1_108' title="bbox 2111 4887 3693 4961">
    <p class='ocr_par' dir='ltr' id='par_1_108' title="bbox 2111 4887 3693 4961">
     <span class='ocr_line' id='line_1_108' title="bbox 2111 4887 3693 4961; baseline 0.005 -23"><span class='ocrx_word' id='word_1_801' title='bbox 2111 4893 2381 4939; x_wconf 89' lang='lat' dir='ltr'><strong>etoctavo</strong></span> <span class='ocrx_word' id='word_1_802' title='bbox 2398 4887 2485 4941; x_wconf 92' lang='lat' dir='ltr'><strong>die</strong></span> <span class='ocrx_word' id='word_1_803' title='bbox 2502 4887 2860 4943; x_wconf 88' lang='lat' dir='ltr'><strong>circumcidi?</strong></span> <span class='ocrx_word' id='word_1_804' title='bbox 2880 4889 2987 4942; x_wconf 88' lang='lat' dir='ltr'><strong>Aut</strong></span> <span class='ocrx_word' id='word_1_805' title='bbox 3008 4889 3139 4958; x_wconf 89' lang='lat' dir='ltr'><strong>quid</strong></span> <span class='ocrx_word' id='word_1_806' title='bbox 3164 4891 3385 4945; x_wconf 81' lang='lat' dir='ltr'><strong>tandem</strong></span> <span class='ocrx_word' id='word_1_807' title='bbox 3415 4899 3541 4961; x_wconf 86' lang='lat' dir='ltr'><strong>post</strong></span> <span class='ocrx_word' id='word_1_808' title='bbox 3574 4890 3693 4946; x_wconf 90' lang='lat' dir='ltr'><strong>dies</strong></span> 
     </span>
    </p>
   </div>
   <div class='ocr_carea' id='block_1_109' title="bbox 2114 4976 3696 5052">
    <p class='ocr_par' dir='ltr' id='par_1_109' title="bbox 2114 4976 3696 5052">
     <span class='ocr_line' id='line_1_109' title="bbox 2114 4976 3696 5052; baseline 0.003 -22"><span class='ocrx_word' id='word_1_809' title='bbox 2114 4992 2186 5031; x_wconf 77' lang='lat' dir='ltr'><strong>xi.</strong></span> <span class='ocrx_word' id='word_1_810' title='bbox 2215 4976 2422 5033; x_wconf 85' lang='lat' dir='ltr'><strong>factum</strong></span> <span class='ocrx_word' id='word_1_811' title='bbox 2464 4994 2591 5033; x_wconf 90' lang='lat' dir='ltr'><strong>esse</strong></span> <span class='ocrx_word' id='word_1_812' title='bbox 2631 4979 2812 5036; x_wconf 86' lang='lat' dir='ltr'><strong>Lucas</strong></span> <span class='ocrx_word' id='word_1_813' title='bbox 2843 4982 3107 5036; x_wconf 83' lang='lat' dir='ltr'><strong>mentitus</strong></span> <span class='ocrx_word' id='word_1_814' title='bbox 3135 4982 3253 5036; x_wconf 85' lang='lat' dir='ltr'><strong>est?</strong></span> <span class='ocrx_word' id='word_1_815' title='bbox 3282 4980 3397 5052; x_wconf 90' lang='lat' dir='ltr'><strong>(Sic</strong></span> <span class='ocrx_word' id='word_1_816' title='bbox 3427 4981 3570 5037; x_wconf 91' lang='lat' dir='ltr'><strong>enim</strong></span> <span class='ocrx_word' id='word_1_817' title='bbox 3598 4997 3696 5051; x_wconf 86' lang='lat' dir='ltr'><strong>per</strong></span> 
     </span>
    </p>
   </div>
   <div class='ocr_carea' id='block_1_110' title="bbox 2113 5071 3694 5144">
    <p class='ocr_par' dir='ltr' id='par_1_110' title="bbox 2113 5071 3694 5144">
     <span class='ocr_line' id='line_1_110' title="bbox 2113 5071 3694 5144; baseline -0.001 -17"><span class='ocrx_word' id='word_1_818' title='bbox 2113 5086 2383 5127; x_wconf 88' lang='lat' dir='ltr'><strong>summam</strong></span> <span class='ocrx_word' id='word_1_819' title='bbox 2415 5071 2493 5125; x_wconf 84' lang='lat' dir='ltr'><strong>illi</strong></span> <span class='ocrx_word' id='word_1_820' title='bbox 2519 5072 2939 5144; x_wconf 88' lang='lat' dir='ltr'><strong>blasphemiam,</strong></span> <span class='ocrx_word' id='word_1_821' title='bbox 2966 5073 3019 5127; x_wconf 91' lang='lat' dir='ltr'><strong>id</strong></span> <span class='ocrx_word' id='word_1_822' title='bbox 3053 5072 3202 5144; x_wconf 81' lang='lat' dir='ltr'><strong>quod</strong></span> <span class='ocrx_word' id='word_1_823' title='bbox 3230 5074 3286 5128; x_wconf 91' lang='lat' dir='ltr'><strong>in</strong></span> <span class='ocrx_word' id='word_1_824' title='bbox 3311 5088 3501 5129; x_wconf 89' lang='lat' dir='ltr'><strong>eorum</strong></span> <span class='ocrx_word' id='word_1_825' title='bbox 3529 5080 3694 5143; x_wconf 85' lang='lat' dir='ltr'><strong>caput</strong></span> 
     </span>
    </p>
   </div>
   <div class='ocr_carea' id='block_1_111' title="bbox 2111 5162 3695 5236">
    <p class='ocr_par' dir='ltr' id='par_1_111' title="bbox 2111 5162 3695 5236">
     <span class='ocr_line' id='line_1_111' title="bbox 2111 5162 3695 5236; baseline 0.001 -20"><span class='ocrx_word' id='word_1_826' title='bbox 2111 5171 2310 5224; x_wconf 86' lang='lat' dir='ltr'><strong>vertat,</strong></span> <span class='ocrx_word' id='word_1_827' title='bbox 2359 5162 2678 5234; x_wconf 85' lang='lat' dir='ltr'><strong>objiciunt.)</strong></span> <span class='ocrx_word' id='word_1_828' title='bbox 2716 5162 2851 5218; x_wconf 83' lang='lat' dir='ltr'><strong>Nam</strong></span> <span class='ocrx_word' id='word_1_829' title='bbox 2886 5164 3314 5235; x_wconf 90' lang='lat' dir='ltr'><strong>quadragesimo</strong></span> <span class='ocrx_word' id='word_1_830' title='bbox 3356 5165 3459 5235; x_wconf 86' lang='lat' dir='ltr'><strong>(ait</strong></span> <span class='ocrx_word' id='word_1_831' title='bbox 3488 5163 3695 5236; x_wconf 83' lang='lat' dir='ltr'><strong>Lucas)</strong></span> 
     </span>
    </p>
   </div>
   <div class='ocr_carea' id='block_1_112' title="bbox 2113 5251 3692 5320">
    <p class='ocr_par' dir='ltr' id='par_1_112' title="bbox 2113 5251 3692 5320">
     <span class='ocr_line' id='line_1_112' title="bbox 2113 5251 3692 5320; baseline 0.003 -14"><span class='ocrx_word' id='word_1_832' title='bbox 2113 5251 2205 5307; x_wconf 89' lang='lat' dir='ltr'><strong>die</strong></span> <span class='ocrx_word' id='word_1_833' title='bbox 2234 5252 2484 5307; x_wconf 89' lang='lat' dir='ltr'><strong>tulerunt</strong></span> <span class='ocrx_word' id='word_1_834' title='bbox 2511 5254 2664 5308; x_wconf 91' lang='lat' dir='ltr'><strong>illum</strong></span> <span class='ocrx_word' id='word_1_835' title='bbox 2704 5255 2757 5309; x_wconf 93' lang='lat' dir='ltr'><strong>in</strong></span> <span class='ocrx_word' id='word_1_836' title='bbox 2789 5254 3154 5320; x_wconf 84' lang='lat' dir='ltr'><strong>Hierusalem,</strong></span> <span class='ocrx_word' id='word_1_837' title='bbox 3184 5264 3238 5312; x_wconf 90' lang='lat' dir='ltr'><strong>et</strong></span> <span class='ocrx_word' id='word_1_838' title='bbox 3266 5256 3397 5313; x_wconf 89' lang='lat' dir='ltr'><strong>inde</strong></span> <span class='ocrx_word' id='word_1_839' title='bbox 3427 5257 3481 5311; x_wconf 92' lang='lat' dir='ltr'><strong>in</strong></span> <span class='ocrx_word' id='word_1_840' title='bbox 3513 5255 3692 5310; x_wconf 85' lang='lat' dir='ltr'><strong>Naza-</strong></span> 
     </span>
    </p>
   </div>
   <div class='ocr_carea' id='block_1_113' title="bbox 2113 5343 3696 5421">
    <p class='ocr_par' dir='ltr' id='par_1_113' title="bbox 2113 5343 3696 5421">
     <span class='ocr_line' id='line_1_113' title="bbox 2113 5343 3696 5421; baseline 0.004 -24"><span class='ocrx_word' id='word_1_841' title='bbox 2113 5344 2234 5398; x_wconf 70' lang='lat' dir='ltr'><strong>reth</strong></span> <span class='ocrx_word' id='word_1_842' title='bbox 2253 5344 2295 5398; x_wconf 78' lang='grc'><strong>³.</strong></span> <span class='ocrx_word' id='word_1_843' title='bbox 2337 5343 2444 5398; x_wconf 90' lang='lat' dir='ltr'><strong>Sed</strong></span> <span class='ocrx_word' id='word_1_844' title='bbox 2486 5345 2666 5416; x_wconf 86' lang='lat' dir='ltr'><strong>ignari</strong></span> <span class='ocrx_word' id='word_1_845' title='bbox 2726 5346 2981 5403; x_wconf 88' lang='lat' dir='ltr'><strong>videlicet</strong></span> <span class='ocrx_word' id='word_1_846' title='bbox 3035 5349 3288 5404; x_wconf 87' lang='lat' dir='ltr'><strong>homines</strong></span> <span class='ocrx_word' id='word_1_847' title='bbox 3330 5365 3453 5421; x_wconf 65' lang='lat' dir='ltr'><strong>quas</strong></span> <span class='ocrx_word' id='word_1_848' title='bbox 3487 5348 3573 5404; x_wconf 90' lang='lat' dir='ltr'><strong>vis</strong></span> <span class='ocrx_word' id='word_1_849' title='bbox 3621 5350 3696 5404; x_wconf 87' lang='lat' dir='ltr'><strong>sit</strong></span> 
     </span>
    </p>
   </div>
   <div class='ocr_carea' id='block_1_114' title="bbox 2114 5436 3307 5514">
    <p class='ocr_par' dir='ltr' id='par_1_114' title="bbox 2114 5436 3307 5514">
     <span class='ocr_line' id='line_1_114' title="bbox 2114 5436 3307 5514; baseline 0.006 -23"><span class='ocrx_word' id='word_1_850' title='bbox 2114 5436 2292 5492; x_wconf 84' lang='lat' dir='ltr'><strong>sancti</strong></span> <span class='ocrx_word' id='word_1_851' title='bbox 2323 5436 2565 5508; x_wconf 85' lang='lat' dir='ltr'><strong>Spiritus</strong></span> <span class='ocrx_word' id='word_1_852' title='bbox 2593 5454 2940 5512; x_wconf 89' lang='lat' dir='ltr'><strong>nequaquam</strong></span> <span class='ocrx_word' id='word_1_853' title='bbox 2970 5441 3307 5514; x_wconf 85' lang='lat' dir='ltr'><strong>intelligunt.</strong></span> 
     </span>
    </p>
   </div>
   <div class='ocr_carea' id='block_1_115' title="bbox 2104 5644 3350 5715">
    <p class='ocr_par' dir='ltr' id='par_1_115' title="bbox 2104 5644 3350 5715">
     <span class='ocr_line' id='line_1_115' title="bbox 2104 5644 3350 5715; baseline 0.006 -18"><span class='ocrx_word' id='word_1_854' title='bbox 2104 5651 2239 5715; x_wconf 17' lang='lat' dir='ltr'><strong>turi:</strong></span> <span class='ocrx_word' id='word_1_855' title='bbox 2274 5644 2419 5715; x_wconf 86' lang='lat' dir='ltr'><strong>quod</strong></span> <span class='ocrx_word' id='word_1_856' title='bbox 2449 5653 2666 5715; x_wconf 87' lang='lat' dir='ltr'><strong>tempus</strong></span> <span class='ocrx_word' id='word_1_857' title='bbox 2699 5648 2970 5703; x_wconf 89' lang='lat' dir='ltr'><strong>mensium</strong></span> <span class='ocrx_word' id='word_1_858' title='bbox 3002 5657 3088 5705; x_wconf 88' lang='lat' dir='ltr'><strong>est</strong></span> <span class='ocrx_word' id='word_1_859' title='bbox 3118 5654 3229 5703; x_wconf 73' lang='lat' dir='ltr'><strong>fere</strong></span> <span class='ocrx_word' id='word_1_860' title='bbox 3261 5664 3350 5705; x_wconf 79' lang='lat' dir='ltr'><strong>xv.</strong></span> 
     </span>
    </p>
   </div>
   <div class='ocr_carea' id='block_1_116' title="bbox 2175 5714 3695 5787">
    <p class='ocr_par' dir='ltr' id='par_1_116' title="bbox 2175 5714 3695 5787">
     <span class='ocr_line' id='line_1_116' title="bbox 2175 5714 3695 5787; baseline 0.009 -21"><span class='ocrx_word' id='word_1_861' title='bbox 2175 5714 2303 5785; x_wconf 69' lang='grc'><strong>(24)</strong></span> <span class='ocrx_word' id='word_1_862' title='bbox 2334 5716 2469 5787; x_wconf 58' lang='grc' dir='ltr'><strong>ΔΚαὶ</strong></span> <span class='ocrx_word' id='word_1_863' title='bbox 2532 5714 3018 5787; x_wconf 71' lang='grc' dir='ltr'>Φιλοσαϐὄάτιος.</span> <span class='ocrx_word' id='word_1_864' title='bbox 3082 5718 3158 5776; x_wconf 88' lang='lat' dir='ltr'><strong>De</strong></span> <span class='ocrx_word' id='word_1_865' title='bbox 3217 5719 3322 5776; x_wconf 86' lang='lat' dir='ltr'><strong>hoc</strong></span> <span class='ocrx_word' id='word_1_866' title='bbox 3397 5720 3533 5776; x_wconf 82' lang='lat' dir='ltr'><strong>nihil</strong></span> <span class='ocrx_word' id='word_1_867' title='bbox 3592 5721 3695 5778; x_wconf 74' lang='lat' dir='ltr'><strong>ha-</strong></span> 
     </span>
    </p>
   </div>
   <div class='ocr_carea' id='block_1_117' title="bbox 2106 5784 2460 5858">
    <p class='ocr_par' dir='ltr' id='par_1_117' title="bbox 2106 5784 2460 5858">
     <span class='ocr_line' id='line_1_117' title="bbox 2106 5784 2460 5858; baseline -0.006 -17"><span class='ocrx_word' id='word_1_868' title='bbox 2106 5784 2302 5842; x_wconf 81' lang='lat' dir='ltr'><strong>ctenus</strong></span> <span class='ocrx_word' id='word_1_869' title='bbox 2333 5784 2460 5858; x_wconf 75' lang='lat' dir='ltr'><strong>legi.</strong></span> 
     </span>
    </p>
   </div>
  </div>
