4186 6374
493 361 603 418 903

1876 356 1939 412 S.
1978 353 2325 410 EPIPHANII

3651 359 3762 414 9οι

569 473 659 528 IX.
722 471 932 528 Etenim
979 471 1282 542 unicuique
1325 470 1790 540 evangelistarnm
1845 486 2073 524 conces-

2244 469 2322 524 ϐ’.
2392 469 2642 540 Ἐκάστῳ
2715 470 2820 543 γάρ
2889 471 2995 524 τῶν
3050 471 3450 540 εὐαγγελιστῶν
3508 472 3762 544 ἐδωρήθη

493 582 617 621 sum
652 575 758 628 est,
813 574 872 618 ut
918 580 1039 633 qum
1074 565 1310 632 singulis
1333 574 1388 617 et
1421 563 1760 634 temporibus
1794 571 1846 617 et
1871 579 2067 632 oppor-

493 653 826 708 tunitatibus
857 661 1009 722 gesta
1045 663 1204 706 erant
1231 652 1515 706 verissime
1545 653 1925 721 perscriberet.
1965 652 2069 704 lta-

493 758 604 814 que
634 744 944 809 Mattheus,
977 759 1102 796 cum
1137 744 1187 797 id
1224 759 1392 796 unum
1429 745 1795 812 exposuisset,
1840 743 1908 797 de
1941 741 2066 811 Spi-

498 838 610 888 ritu
655 849 848 889 sancto
897 845 1212 904 susceptum
1252 835 1404 888 illum
1444 850 1508 888 ac
1541 836 1804 905 genitum.
1845 834 1913 889 de
1962 835 2070 888 cir-

497 927 839 980 cumcisione
877 928 1080 991 tacuit;
1115 943 1216 979 nec
1244 926 1406 979 ullam
1437 941 1625 980 earum
1657 942 1835 980 rerum
1867 926 2066 994 attigit,

499 1034 621 1085 quae
652 1027 778 1071 ante
809 1018 1088 1071 biennium
1125 1018 1468 1082 acciderunt;
1509 1017 1602 1070 sed
1651 1033 1930 1085 magorum
1977 1019 2071 1070 de-

501 1125 647 1161 mum
677 1111 956 1162 enarravit
1000 1109 1312 1164 adventum.
1350 1108 1809 1178 quemadmodum
1853 1111 2066 1162 verissi-

499 1217 626 1256 mus
673 1201 764 1255 Dei
817 1216 999 1255 sermo
1047 1208 1280 1254 testatur
1314 1202 1352 1262 ‘,
1402 1216 1526 1253 cum
1557 1202 1767 1256 scilicet
1796 1211 2010 1270 tempus
2041 1217 2070 1253 a

503 1293 677 1361 magis
713 1293 1011 1362 exquisivit
1062 1291 1326 1355 Herodes,
1373 1308 1436 1344 ac
1469 1292 1537 1345 de
1569 1293 1724 1345 stella
1750 1309 1870 1362 qua:
1902 1308 2070 1362 appa-

503 1393 694 1437 ruerat
741 1395 997 1437 accurate
1040 1385 1356 1437 sciscitatus
1391 1392 1494 1439 est.
1530 1384 1611 1438 Ad
1648 1385 1760 1438 h:ec
1795 1401 2071 1454 magorum

499 1484 929 1529 commemorata
957 1478 1266 1543 responsio,
1291 1475 1358 1530 de
1382 1476 1598 1530 duobus
1622 1476 1804 1538 annis,
1832 1485 1885 1529 et
1909 1477 2071 1539 infra,

501 1578 557 1620 ut
592 1567 868 1621 diversum
931 1569 1000 1620 ab
1030 1583 1096 1620 co
1136 1577 1348 1637 tempus
1382 1584 1505 1622 esse
1530 1577 1762 1630 constet,
1798 1568 1941 1637 quod
1971 1568 2078 1620 Lu-

501 1675 595 1712 cas
642 1661 959 1713 narratione
994 1674 1093 1712 sua
1131 1661 1454 1728 complexus
1487 1669 1590 1714 est.
1627 1661 1724 1712 llic
1765 1661 1910 1712 enim
1953 1675 2076 1728 qua:

503 1759 630 1802 ante
691 1750 975 1803 biennium
1028 1750 1160 1802 illud
1206 1759 1356 1818 gesta
1401 1752 1512 1805 sint
1558 1753 1797 1819 exponit.
1842 1752 1910 1804 At
1950 1751 2080 1804 Mat-

2174 561 2407 614 ἑκάστου
2436 562 2628 631 χρόνου
2660 563 2754 615 καὶ
2791 560 2984 632 καιροῦ
3012 561 3314 632 διηγεῖσθαι
3346 562 3416 616 τά
3449 565 3506 616 ὲν
3532 563 3765 636 ἀληθείᾳ

2175 651 2555 720 πληρωθέντα.
2610 654 2720 705 Καὶ
2762 653 2791 704 6
2864 654 2961 723 μὲν
3004 653 3308 717 Ματθαῖος,
3353 655 3764 726 διηγησάμενος

2179 745 2369 810 μόνον,
2423 745 2506 796 ὅτι
2563 743 2826 814 ἐγεννήθη
2867 746 2925 796 ἐν
2989 745 3267 813 Πνεύματι
3319 747 3478 816 ἁγίῳ,
3532 749 3624 799 καὶ
3672 746 3762 799 ὅτι

2179 833 2484 906 συνελήφθη
2529 835 2657 888 ἄνευ
2708 835 3014 906 σπέρματος
3060 835 3274 905 ἀνδρὸς,
3310 836 3462 889 οὐδὲν
3502 838 3631 907 περὶ
3656 836 3764 905 τῆς

2177 927 2478 997 περιτομῆς
2511 922 2685 990 εἶπεν,
2717 927 2836 980 οὐδὲ
2868 927 2972 997 πρὸ
2999 926 3107 979 τῶν
3145 926 3239 979 δύο
3281 928 3417 979 ἐτῶν
3445 945 3499 980 τι
3537 929 3648 980 τῶν
3677 931 3764 990 εἰς

2177 1016 2339 1068 αὑτὸν
2369 1016 2746 1085 γεγενημένων
2765 1034 2778 1046 ’
2815 1015 2950 1068 ἀλλά
2975 1015 3241 1085 διηγεῖται
3269 1016 3369 1086 τὴν
3402 1015 3611 1068 ἔλευσιν
3646 1017 3763 1068 τῶν

2183 1106 2406 1175 μάγων·
2455 1107 2530 1168 ὡς
2576 1109 2940 1178 ἐπιμαρτυρεῖ
2987 1107 3115 1176 ὑμῖν
3157 1109 3186 1158 6
3233 1106 3437 1176 ἀληθὴς
3479 1107 3572 1158 τοῦ
3619 1106 3760 1159 Θεοῦ

2177 1196 2353 1264 λόγος,
2382 1196 2692 1266 ἐρωτῶντος
2725 1195 2815 1248 τοῦ
2847 1195 3085 1266 Ἡρώδου
3117 1195 3266 1264 παρὰ
3293 1194 3402 1245 τῶν
3449 1197 3637 1263 μάγων
3667 1193 3761 1244 τὸν

2179 1289 2391 1358 χρόνον.
2442 1290 2550 1341 Kal
2593 1288 2866 1359 ἠκρίϐωτο
2895 1288 2988 1340 τοῦ
3027 1288 3317 1356 γενομένου
3369 1287 3617 1355 ἀστέρος,
3665 1287 3762 1337 καὶ

2179 1380 2286 1432 τῶν
2336 1380 2526 1448 μάγων
2590 1381 2622 1448 ἡ
2689 1379 3001 1451 ἀπόκρισις,
3050 1379 3129 1430 ὅτι
3187 1378 3294 1429 ἀπὸ
3340 1377 3432 1429 δύο
3482 1377 3618 1428 ἐτῶν
3664 1379 3764 1430 καὶ

2180 1469 2504 1539 κατωτέρω·
2549 1469 2624 1530 ὼς
2666 1470 2739 1539 μὴ
2782 1465 2920 1521 εἶναι
2964 1469 3054 1519 τὸν
3084 1469 3274 1537 χρόνον
3317 1468 3524 1529 τοῦτον,
3561 1467 3651 1520 τὸν
3683 1469 3763 1538 τῷ

2182 1562 2364 1629 Λουκᾷ
2414 1560 2998 1630 πεπραγματευμένον.
3058 1559 3249 1612 ’Λλλ’ό
3303 1559 3400 1628 μὲν
3431 1561 3645 1622 Λουκᾶς
3691 1561 3763 1612 τά

2183 1653 2288 1722 πρὸ
2334 1652 2426 1704 δύο
2475 1653 2609 1704 ἐτῶν
2655 1653 2955 1721 διηγεῖται’
3006 1651 3280 1715 Ματθαῖος
3331 1653 3408 1716 δὲ,
3442 1651 3611 1704 εἰπὼν
3659 1653 3764 1721 τὴν

2183 1745 2460 1813 γέννησιν,
2489 1745 2836 1814 ἀπεπήδησεν
2861 1746 2938 1806 εἰς
2966 1745 3055 1796 τὸν
3095 1745 3240 1812 διετῆ
3274 1744 3485 1813 χρόνον,
3518 1743 3611 1795 καὶ
3645 1743 3766 1810 ἐδή-

505 1843 679 1895 thaaus
704 1859 733 1894 a
765 1842 1052 1894 nativitate
1087 1842 1270 1894 statim
1313 1841 1380 1894 ad
1429 1843 1730 1895 secundth
1784 1858 1986 1895 annum
2022 1859 2081 1897 se

2187 1833 2322 1884 λωσε
2354 1833 2422 1885 τά
2453 1834 2720 1902 γενόμενα
2761 1833 2898 1902 μετά
2924 1831 3016 1885 δύο
3039 1833 3153 1901 ἔτη.
3183 1831 3273 1883 Διὸ
3300 1831 3392 1884 καὶ
3425 1833 3452 1882 6
3493 1829 3760 1901 Ἡρώδης,

501 1934 756 1998 contulit,
785 1942 839 1986 et
871 1948 993 2001 qua:
1024 1940 1144 2000 post
1173 1931 1452 1985 biennium
1483 1933 1784 1986 acciderint
1825 1933 2084 1986 declarat.

502 2023 658 2088 Quod
728 2023 975 2075 llerodes
1028 2027 1212 2076 animo
1267 2031 1548 2092 reputans,
1608 2033 1897 2092 postquam
1947 2025 2088 2093 magi

502 2115 610 2168 alia
658 2115 744 2167 via
793 2114 1195 2178 discesserunt,
1245 2116 1300 2168 in
1330 2116 1420 2168 illa
1462 2115 1752 2167 infantium
1795 2115 1951 2167 turba
2004 2115 2089 2168 (Ie-

506 2203 777 2275 prehendi
804 2205 1093 2273 puerulum
1127 2205 1304 2268 illum,
1330 2211 1495 2272 atque
1521 2203 1753 2258 interfici
1787 2219 1950 2274 posse
1975 2219 2090 2258 cre-

503 2298 743 2352 diderat.
814 2296 1054 2353 Infantes
1103 2298 1247 2353 enim
1297 2312 1512 2355 omnes.
1561 2305 1826 2366 quotquot
1872 2297 1927 2350 in
1956 2311 2088 2365 agro

509 2387 963 2441 Bethlehentitico
1022 2388 1223 2449 forent,
1281 2403 1309 2438 a
1359 2386 1567 2440 bimatu
1623 2394 1678 2440 et
1731 2385 1872 2439 infra
1922 2385 2080 2456 531

500 2479 673 2546 jussit
707 2479 909 2542 occidi,
956 2478 1022 2529 ad
1073 2478 1223 2530 illam
1271 2491 1444 2546 usque
1483 2476 1650 2539 diem,
1691 2491 1800 2546 qua
1844 2477 1989 2546 apud
2026 2490 2085 2530 se

507 2567 649 2635 magi
684 2565 939 2620 fuissent.

578 2656 657 2709 Ex
681 2671 794 2725 quo
834 2656 960 2724 quis
1000 2669 1112 2708 non
1155 2653 1359 2717 videat,
1404 2662 1522 2706 tum
1571 2668 1698 2708 cum
1738 2653 1882 2722 magi
1917 2667 2085 2707 vene-

507 2748 663 2802 runt,
719 2739 989 2792 bimulum
1042 2738 1214 2793 fuisse
1263 2738 1533 2808 puerum?
1587 2737 1856 2808 siquidem
1907 2751 1971 2791 ea
2007 2737 2085 2791 rei

505 2839 676 2902 gestae
745 2831 990 2884 narratio
1059 2831 1349 2884 veritatem
1427 2830 1600 2900 ipsam
1665 2829 2086 2884 accuratissime

507 2922 868 2975 demonstrat.
926 2919 1140 2974 Etenim
1167 2919 1344 2974 Lucas
1366 2935 1615 2989 puerum,
1641 2919 1804 2974 simul
1835 2933 1899 2972 ac
1924 2925 2085 2974 natus

507 3017 613 3073 est,
647 3009 834 3064 fasciis
865 3010 1169 3062 involutum
1221 3024 1345 3063 esse
1390 3009 1621 3073 scribit;
1684 3017 1737 3061 et
1771 3009 1824 3060 in
1854 3007 2083 3076 praesepi

510 3114 570 3153 ac
623 3101 880 3169 spelunca
927 3100 1191 3169 jacuisse,
1241 3100 1387 3169 quod
1435 3100 1617 3154 nullus
1673 3100 1728 3152 in
1777 3098 2084 3153 diversorio

2185 1923 2487 1993 διανοηθεὶς
2511 1925 2665 1976 τοῦτο
2691 1925 2829 1993 μετά
2862 1926 2921 1976 τὸ
2953 1923 3245 1977 ἀπονεῦσαι
3289 1924 3413 1985 τοὺς
3456 1924 3661 1992 μάγους
3695 1923 3764 1974 δι’

2186 2014 2376 2084 ἐτέρας
2402 2015 2545 2076 ὁδοῦ,
2575 2015 2728 2085 ᾠήθη
2756 2017 2813 2065 ἐν
2846 2014 2922 2083 τῷ
2949 2015 3141 2085 πλήθει
3170 2015 3278 2066 τῶν
3307 2015 3513 2066 παίδων
3539 2015 3632 2065 καὶ
3662 2015 3763 2065 αὑ-

2185 2106 2274 2159 τὸν
2313 2107 2642 2177 γεννηθέντα
2689 2106 3102 2178 εὑρεθήσεσθαι,
3142 2107 3235 2159 καὶ
3279 2107 3376 2159 σὺν
3404 2107 3590 2168 αὐτοῖς
3632 2106 3766 2158 ἀπο-

2185 2197 2519 2251 κτίννυσθαι.
2575 2199 2853 2251 Ἐκέλευσε
2901 2198 3009 2269 γὰρ
3048 2200 3173 2262 τοὺς
3203 2201 3260 2252 ὲν
3288 2201 3400 2261 τοῖς
3438 2198 3607 2268 ὁρίοις
3655 2197 3766 2267 Βη-

2185 2287 2350 2358 θλεέμ
2389 2290 2582 2352 παῖδας
2619 2290 3044 2360 ἀποκτανθῆναι,
3075 2292 3202 2352 τοὺς
3233 2290 3341 2342 ἀπὸ
3378 2290 3472 2342 δύο
3501 2289 3638 2341 ἐτῶν
3667 2289 3767 2342 καὶ

2186 2382 2477 2450 κατωτέρω
2514 2381 2616 2443 ἓως
2645 2382 2813 2450 αὐτῆς
2840 2381 2938 2450 τῆς
2981 2380 3211 2451 ἡμέρας,
3249 2377 3316 2450 ἦς
3349 2383 3397 2432 οἱ
3433 2379 3596 2450 μάγοι
3627 2380 3765 2448 παρ’

2184 2471 2332 2540 αὐτῷ
2366 2473 2628 2538 ἐγένοντο.

2259 2643 2449 2696 Ἔνθεν
2495 2642 2600 2696 τίνι
2639 2644 2700 2695 οὐ
2754 2645 3000 2711 φανεῖται
3029 2642 3178 2712 (25).
3228 2645 3330 2704 ὅτι,
3368 2642 3457 2694 ὅτε
3503 2637 3667 2711 ἦλθον
3712 2641 3766 2695 οι
3799 2634 3812 2646 ’

2188 2737 2371 2806 μάγοι,
2406 2735 2498 2786 δύο
2535 2733 2604 2807 ἦν
2643 2735 2779 2788 ἑτῶν
2818 2738 2846 2788 6
2884 2739 3010 2800 παῖς
3056 2737 3456 2805 γεγενημένος;
3510 2736 3620 2788 Καὶ
3651 2736 3768 2806 γάρ

2185 2827 2279 2879 καὶ
2320 2829 2353 2896 ἡ
2387 2826 2523 2896 αὑτὴ
2558 2826 2911 2897 πραγματεία
2938 2826 3035 2896 τὴν
3064 2827 3246 2880 πᾶσαν
3276 2826 3562 2897 ἀκρίϐειαν
3595 2843 3769 2896 σαφη-

2186 2915 2346 2980 νίζει.
2390 2917 2448 2968 Ὀ
2480 2917 2578 2986 μὲν
2611 2917 2720 2987 γάρ
2749 2919 2962 2980 Λουκᾶς
2998 2917 3144 2986 λέγει
3183 2917 3642 2987 ὲσπαργανῶσθαι
3670 2919 3769 2970 τὸν

2185 3006 2357 3059 Παίδα
2393 3005 2553 3069 εὐθὺς
2582 3008 2922 3076 τετεγμένον,
2954 3008 3052 3059 καὶ
3085 3007 3296 3061 κεῖσθαι
3327 3010 3385 3061 ὲν
3431 3007 3632 3080 φάτνῃ,
3667 3009 3769 3060 καὶ

2186 3099 2243 3148 ὲν
2275 3098 2540 3168 σπηλαίῳ,
2589 3098 2676 3151 διά
2710 3099 2771 3151 τὸ
2823 3099 2896 3171 μὴ
2947 3094 3087 3152 εἶναι
3115 3100 3280 3152 τόπον
3309 3101 3367 3151 ὲν
3403 3099 3484 3170 τῷ
3529 3098 3773 3152 καταλύ-

511 3191 664 3242 locus
694 3200 859 3245 esset.
898 3191 1036 3244 Tum
1071 3192 1216 3244 enim
1268 3206 1468 3246 census
1521 3190 1861 3253 habebatur;
1903 3199 1959 3244 et
1989 3189 2082 3259 qui

2190 3206 2350 3258 ματι·
2397 3189 2689 3260 ἀπογραφὴ
2741 3189 2848 3261 γάρ
2898 3185 2965 3260 ἦν
3003 3190 3148 3247 τότε,
3192 3191 3302 3244 Kal
3348 3192 3396 3242 oi
3445 3190 3772 3259 διασκορπι-

513 3280 778 3333 bellorum
813 3282 1173 3351 temporibus,
1214 3298 1335 3351 quae
1366 3283 1468 3336 sub
1503 3281 1828 3337 Machabazis
1859 3282 2086 3336 exstite-

513 3377 658 3432 rant,
719 3372 951 3440 dispersi
1011 3373 1250 3432 fuerant.
1291 3375 1488 3442 quovis
1535 3382 1807 3427 terrarum
1841 3387 2091 3442 pervase-

515 3471 674 3526 rant;
733 3463 870 3516 adeo
918 3471 975 3514 ut
1021 3465 1180 3532 pauci
1221 3466 1447 3517 omnino
1477 3463 1810 3518 Bcthlehemi
1844 3480 2090 3518 remane-

513 3560 658 3606 rent.
697 3554 879 3616 Quare
916 3553 969 3606 in
1007 3555 1244 3623 quodam
1293 3556 1753 3624 evangelistarum
1794 3557 2088 3627 exemplari

515 3642 737 3698 Davidis
769 3646 900 3699 urbs
931 3645 1170 3710 dicitur;
1201 3647 1254 3699 in
1289 3647 1396 3698 alio
1425 3663 1556 3701 vero
1587 3647 1738 3701 vicus
1765 3647 2086 3716 appellatur,

513 3735 661 3805 quod
711 3751 903 3805 agrum
959 3736 1185 3791 haberet
1241 3739 1713 3808 angustissimum.
1749 3737 1884 3792 Cum
1926 3737 2090 3808 igitur

516 3822 751 3891 Augusti
812 3822 1160 3890 imperatoris
1213 3827 1450 3879 edictum
1501 3834 1647 3881 esset
1701 3827 1946 3889 allatum,
1995 3828 2087 3897 qui

517 3911 624 3965 huc
663 3913 904 3983 illucque
948 3915 1196 3986 dissipati
1237 3928 1413 3981 erant,
1456 3933 1579 3972 cum
1611 3917 1830 3974 familiis
1865 3919 1981 3974 suis
2015 3920 2082 3975 ad

517 4001 670 4056 illum
706 4004 883 4057 locum
935 4006 1194 4060 censendi
1236 4009 1408 4076 gratia
1459 4009 1644 4063 venire
1689 4009 1882 4073 coacti,
1931 4009 2092 4064 facile.

513 4093 953 4161 compleverunt,
1009 4105 1067 4148 ut
1123 4105 1346 4164 pr0pter
1395 4097 1678 4150 hominum
1727 4098 2088 4168 frequentiam

520 4183 656 4236 nihil
703 4193 850 4239 esset
900 4185 956 4238 in
1001 4183 1309 4240 diversorio
1357 4187 1458 4240 loci
1501 4187 1772 4242 relictum.
1809 4188 1938 4244 Post
1973 4206 2092 4245 cen-

520 4288 642 4326 sum
677 4289 806 4327 vero
844 4275 1224 4344 unusquisque
1277 4290 1364 4338 eo,
1414 4277 1506 4329 ubi
1550 4277 1884 4332 domicilium
1924 4280 2093 4332 collo-

517 4371 696 4428 carat,
751 4381 1005 4420 reversus
1057 4374 1161 4420 est.
1200 4365 1352 4420 Unde
1401 4367 1576 4421 laxius
1623 4368 1688 4421 ad
1738 4369 2090 4422 habitandum

523 4458 760 4520 spatium
791 4453 910 4508 fuit.
938 4455 1123 4522 Itaque
1162 4456 1342 4523 priore
1376 4454 1490 4523 jam
1537 4472 1682 4509 anno
1715 4457 1888 4521 finito,
1925 4466 1980 4511 et
2012 4459 2089 4510 al-

521 4555 640 4598 tero
687 4545 930 4613 insuper,
979 4547 1049 4599 ob
1074 4560 1262 4599 eorum
1289 4561 1410 4614 qua:
1438 4556 1588 4616 gesta
1622 4549 1733 4601 illic
1761 4557 1938 4613 erant,
1977 4565 2085 4603 me-

594 4699 608 4728 '
643 4697 830 4750 Matth.
867 4713 926 4761 tt,
955 4700 986 4752 7
1009 4714 1133 4767 sqq.
1206 4700 1226 4728 ²
1254 4696 1315 4752 F.
1339 4699 1495 4752 κατά.

595 4852 708 4920 (9.5)
744 4854 963 4906 Ἔνθεν
999 4853 1116 4904 τίνι
1153 4855 1226 4904 οὐ
1277 4851 1565 4919 φανεῖται.
1599 4851 1836 4908 Tametsi
1865 4853 1997 4908 nihil
2023 4871 2090 4908 ex

521 4921 814 4993 Evangelio
849 4922 935 4993 de
962 4936 1251 4993 magorum
1293 4922 1556 4974 adventus
1589 4931 1826 4990 tempore
1885 4924 2090 4993 liquido

523 4989 963 5060 possitexprimi,
991 4989 1321 5059 probabilior
1355 4999 1646 5060 tamenﬂest
1671 4989 2002 5055 communis,
2025 5007 2090 5046 ac

523 5059 738 5129 recepta
772 5063 1065 5118 sententia.
1095 5073 1256 5127 quam
1295 5061 1384 5113 illa
1422 5076 1488 5114 ex
1533 5059 1811 5128 Epiplianii
1870 5077 1933 5116 ac
1980 5061 2092 5115 Eu-

521 5131 659 5184 sebii
696 5129 972 5184 Clu-unicis
1033 5134 1245 5190 hausta,
1275 5130 1491 5183 biennio
1543 5137 1663 5190 post
1706 5130 1981 5184 Christum
2035 5135 2088 5185 in

526 5146 659 5184 sentt
696 5146 972 5184 ωινυιιισισ
1033 5146 1245 5190 nauSta,
1275 5146 1491 5183 Dlelllllt)
1580 5146 1663 5182 oSt
1706 5146 1981 5184 blll‘lSlum
2035 5148 2088 5185 ιιι

526 5202 701 5252 lucem
733 5200 938 5252 editum
975 5214 1162 5266 magos
1187 5199 1490 5253 advenisse.
1528 5146 1682 5264 διιοᾱ
1713 5215 1778 5254 ex
1815 5200 1920 5254 illis
1952 5199 2088 5252 Mat-

521 5271 645 5321 tlnei
679 5269 858 5323 verbis
879 5269 1056 5338 colligi
1077 5269 1358 5338 putabant.
1389 5269 1587 5338 quibus
1611 5266 1871 5323 Herodem
1907 5277 2091 5322 narrat

521 5356 555 5390 α
579 5339 779 5390 bimatu
809 5347 856 5390 et
877 5337 1020 5404 infra
1057 5337 1245 5404 pueros
1270 5337 1541 5400 occidisse,
1573 5339 1853 5390 secundum
1888 5350 2088 5406 tempus

521 5409 660 5477 quod
681 5409 998 5476 exquisierat
1046 5425 1079 5460 a
1115 5408 1281 5476 magis
1312 5406 1526 5474 (Matth.
1569 5422 1630 5469 ιι,
1664 5407 1774 5473 l6).
1813 5410 1914 5460 Sed
1948 5410 2091 5461 hunc

525 5479 728 5544 nodum
777 5477 1101 5544 jampridem
1159 5477 1524 5530 dissolvet-unt
1565 5479 1763 5531 eruditi
1807 5492 2090 5532 sacrarum

523 5543 856 5599 Litterarum
897 5543 1246 5613 interpretes.

598 5616 706 5682 (26)
745 5615 855 5666 Καὶ
913 5615 1184 5682 ἀνάγκην
1224 5614 1414 5682 ἔσχον
1439 5617 1510 5684 ᾲοὶ
1549 5614 2087 5684 διεσκορπισμένα.

525 5686 801 5750 Quantum
837 5687 996 5737 verba
1038 5686 1153 5750 ipsa
1191 5699 1303 5751 prae
1343 5699 1404 5737 se
1431 5682 1630 5745 ferunt,
1658 5682 1910 5737 indicare
1937 5687 2086 5738 vide-

528 5764 618 5808 tur
655 5751 870 5806 ΙΙιιιιωοιῑ
894 5753 1135 5819 quolibet
1166 5763 1430 5808 terrarqu
1459 5752 1733 5821 dispersos
1766 5757 1818 5808 in
1852 5753 2086 5808 Palaesti-

2191 3278 2406 3341 σθέντες
2440 3278 2547 3331 άπὸ
2587 3279 2682 3331 τοῦ
2723 3279 2914 3351 χρόνου
2943 3279 3052 3334 τῶν
3083 3280 3333 3350 πολέμων
3371 3279 3480 3332 τῶν
3519 3281 3612 3331 ἐπὶ
3653 3282 3772 3341 τοῖς

2188 3371 2566 3433 Μακκαϐαἱοις
2608 3371 2908 3439 γεγονότων
2937 3373 3030 3424 ἐπὶ
3099 3372 3168 3425 τά
3218 3370 3495 3442 πανταχοῦ
3545 3371 3649 3440 γῆς
3696 3370 3767 3424 διο

2189 3462 2648 3532 εσκορπισθησαν,
2707 3464 2800 3516 καὶ
2858 3465 3027 3530 ὀλίγοι
3087 3463 3366 3527 παντελῶς
3432 3464 3652 3535 ἔμειναν
3708 3466 3774 3516 ὲν

2190 3552 2434 3622 Βηθῖεὲμ
2474 3554 2872 3618 κατοικοῦντες.
2917 3556 3008 3608 Διὸ
3054 3555 3113 3609 ἓν
3159 3572 3265 3608 τινι
3307 3556 3626 3626 άντιγράφῳ
3658 3556 3777 3609 τῶν

2189 3645 2593 3712 εὐαγγελιστῶν
2624 3646 2865 3699 καλεῖται
2905 3649 3059 3712 πόλις
3083 3649 3174 3702 τοῦ
3206 3649 3370 3701 Δαΰίδ
3390 3666 3401 3677 ·
3436 3651 3494 3701 ὲν
3539 3648 3684 3717 άλλῳ
3713 3648 3776 3702 δὲ

2190 3733 2383 3804 κώμην
2410 3735 2578 3806 αὐτὴν
2621 3737 2864 3798 καλοῦσι,
2891 3739 2977 3792 διὰ
3018 3739 3078 3791 τὸ
3110 3741 3188 3802 εἰς
3227 3739 3417 3811 ὀλίγην
3451 3740 3554 3809 γῆν
3598 3740 3776 3809 αὐτὴν

2191 3825 2404 3894 ήκέναι.
2452 3826 2581 3878 Ὅτε
2623 3826 2679 3878 δὲ
2713 3827 2900 3894 γέγονε
2949 3828 3010 3881 τὸ
3045 3829 3321 3899 κέλευσμά
3359 3831 3453 3882 τοῦ
3505 3828 3774 3898 βασιλέως

2191 3915 2542 3983 Αὐγούστου,
2597 3917 2692 3969 καὶ
2738 3917 2982 3990 ἀνάγκην
3039 3920 3196 3990 ἔσχον
3244 3922 3294 3972 οἱ
3351 3921 3760 3991 διεσκορπισμέρ

2191 4024 2269 4060 wn.
2292 4005 2423 4076 (26),
2458 4007 2553 4060 καὶ
2585 4007 2654 4059 τά
2681 4009 2701 4038 ⁸
2730 4009 2908 4062 αὐτῶν
2939 4010 3090 4080 γένη,
3124 4006 3287 4080 ἦλθεν
3327 4012 3408 4073 εἰς
3444 4012 3536 4065 τὸν
3580 4012 3776 4074 τόπον,

2192 4099 2277 4151 ἵνα
2327 4099 2719 4168 ἀπογραφῶσιν
2762 4101 3084 4172 ἐπιρρέοντα
3136 4102 3204 4155 τὰ
3247 4103 3464 4174 πλήθη,
3541 4106 3639 4156 καὶ
3692 4105 3756 4156 ὲν

2197 4187 2401 4258 έπλησε
2440 4190 2532 4241 τὸν
2553 4191 2734 4255 τόπον,
2775 4192 2867 4245 καὶ⁵
2898 4194 2997 4245 οὐκ
3030 4189 3098 4264 ἦν
3137 4193 3302 4256 τόπος
3331 4196 3390 4248 ὲν
3417 4194 3497 4264 τῷ
3537 4195 3776 4249 καταλύ-

2195 4295 2322 4347 ματι
2357 4280 2443 4332 διά
2491 4280 2586 4351 τὴν
2631 4283 2928 4351 συνέχειαν.
2969 4285 3172 4336 Λοιπὸν
3215 4285 3272 4337 δὲ
3310 4285 3452 4355 μετά
3500 4287 3598 4357 τὴν
3631 4289 3744 4341 ἀπο

2192 4372 2406 4440 γραφὴν
2445 4373 2682 4441 ἀπῆλθεν
2722 4375 2971 4438 ἕκαστος,
3001 4377 3122 4429 ὅποι
3171 4378 3274 4448 γῆς
3316 4377 3415 4448 τὴν
3458 4380 3765 4449 καταμονὴι

2194 4462 2290 4528 τῆς
2321 4463 2688 4531 κατοικήσεως
2723 4459 2856 4531 εἶχε.
2903 4465 2995 4516 Διὸ
3025 4466 3118 4518 καὶ
3151 4465 3351 4529 πλάτος
3379 4467 3679 4537 ἐτύγχανεν
3717 4470 3766 4520 ἐκ

2195 4553 2258 4620 τῇ
2290 4553 2381 4620 γῇ.
2437 4553 2746 4623 Ἐρχόμενοι
2770 4554 2848 4616 δὲ,
2877 4556 2953 4618 ὡς
2982 4559 3153 4610 εἰπεῖν
3183 4559 3318 4624 (‘27),
3365 4560 3589 4629 μνήμης
3609 4559 3779 4612 ἕνεκα

2194 4869 2318 4907 nam
2379 4860 2598 4927 coactos
2653 4866 2794 4927 esse.
2828 4850 2935 4906 Sed
2974 4854 3420 4927 commodehaec
3455 4859 3778 4927 accipienda

2194 4929 2344 4996 sunt,
2388 4930 2443 4996 u_t
2465 4922 2531 4975 dc
2563 4921 2629 4974 iis
2668 4923 2938 4996 loquatur,
2965 4924 3056 4996 qui
3107 4924 3161 4976 in
3192 4924 3484 4980 Palazstina
3525 4921 3670 4996 ipsa,
3693 4932 3780 4984 vel

2193 4991 2358 5062 Syria
2397 4993 2672 5062 degeren_t.
2733 4991 2939 5062 Neque,
2971 4991 3114 5047 enim
3169 5002 3300 5062 puto
3351 4997 3407 5048 in
3461 4991 3663 5060 Italia,
3691 5001 3780 5053 vel

2190 5059 2419 5136 Qigzecia,
2459 5067 2552 5112 aut
2584 5059 2840 5136 IE‘gypto’
2873 5061 3036 5114 etiam
3083 5059 3416 5129 habitarent,
3449 5068 3580 5121 alibi
3608 5059 3782 5136 quam

2191 5131 2285 5185 ibi.
2317 5130 2406 5182 ιιὺί
2437 5139 2608 5190 erant,
2647 5131 2812 5183 fuisse
2849 5145 3064 5184 censos.

2263 5199 2374 5265 (27)
2419 5198 2758 5266 Ἐρχόμενοι
2801 5198 2892 5260 δὲ,
2927 5201 3007 5265 ὼς
3035 5200 3249 5254 εἰπεῖν.
3286 5201 3501 5258 Nollem
3555 5205 3782 5260 erudito

2193 5267 2499 5343 Maldonato
2538 5269 2590 5343 i_d
2650 5267 2715 5343 in.
2760 5279 2992 5343 mentem
3052 5272 3297 5326 venisset
3335 5271 3643 5343 Epiphanio
3675 5279 3784 5328 tri-

2193 5341 2357 5390 buere
2413 5337 2557 5406 quod
2591 5346 2644 5390 et
2668 5337 3124 5406 absurdissimum
3167 5350 3274 5403 est,
3335 5337 3542 5397 nec'ab
3575 5359 3642 5398 eo
3691 5345 3781 5398 vel

2194 5407 2465 5482 levissime
2515 5409 2829 5482 cogitatum.
2864 5405 3067 5482 Scribit
3115 5411 3261 5462 enim
3283 5412 3477 5482 mirari
3509 5428 3588 5476 se,
3623 5415 3777 5482 quod

2197 5476 2527 5552 Epiphanius
2555 5477 2828 5552 existimet
2867 5476 3506 5552 Joseplninret_Mariam
3539 5476 3779 5552 singulis

2192 5548 2350 5598 annis
2382 5560 2446 5598 eo
2477 5546 2563 5598 die
2601 5561 2665 5597 ex
2696 5544 2929 5615 A‘ngpto
2967 5544 3021 5599 in
3064 5547 3382 5602 Bethlehem
3410 5552 3600 5606 venire
3629 5544 3775 5606 Eon-

2193 5615 2435 5667 suerisse
2458 5631 2472 5678 ;
2496 5630 2727 5734 cumque
2753 5625 2873 5682 post
2891 5615 3029 5670 duos
3047 5632 3221 5672 annos
3240 5619 3558 5685 rediissent,
3581 5637 3777 5691 magos

2193 5699 2287 5734 eos
2317 5682 2610 5734 invenisse.
2663 5682 2756 5734 {oc
2792 5699 2921 5734 vero
2953 5701 3233 5734 nunquam
3274 5691 3499 5734 sui-insit
3531 5689 3775 5734 Eninha-

2193 5699 2287 5761 eos
2317 5682 2756 5761 itifenisse.ulloc
2792 5699 2921 5739 vero
2953 5701 3238 5761 nunquam
3274 5691 3499 5761 scripsit
3531 5682 3775 5761 Epipha-

2193 5753 2337 5805 nius.
2358 5752 2532 5816 Quare
2549 5753 2915 5808 hallucinatus
2933 5765 3017 5810 est
3041 5752 3454 5813 eruditissimus
3486 5752 3771 5815 illc-Evan-
