4186 6374
365 432 472 488 903

1140 425 1509 483 ADVERSUS
1541 425 1884 482 ll/ERESES
1923 425 2049 479 LIB.
2086 426 2149 480 li.
2194 422 2356 480 T031.
2399 427 2438 480 l.
2482 423 2753 480 llJSRES.
2803 421 2885 481 LL

3510 423 3614 481 906

366 542 474 595 τῶν
506 540 621 592 ἐκεῖ
649 536 1079 607 γεγεννημένων,
1122 536 1337 607 πρώτου
1372 538 1616 591 ἐνιαυτοῦ
1664 536 1938 591 τελεσθέν-

2045 538 2268 590 moriam
2302 554 2366 593 eo
2394 554 2452 593 se
2487 549 2739 609 parentes
2778 538 3063 606 Nazareto,
3106 540 3250 594 velut
3276 539 3340 593 ad
3366 542 3615 599 eamdem

365 651 477 696 τος,
514 632 607 685 καὶ⁹
644 630 737 682 τοῦ
768 629 1023 699 δευτέρου
1058 629 1457 700 πληρωθέντος,
1486 626 1648 701 ἦλθον
1687 635 1733 683 οἱ
1770 634 1943 699 γονεῖς

365 726 544 777 ἐκεῖσε
597 721 704 774 ἀπὸ
755 720 1027 791 Ναζαρὲτ,
1070 720 1145 783 ὡς
1187 723 1267 783 είς
1322 720 1420 791 τὴν
1467 724 1773 793 πανήγυριν
1813 721 1944 775 ταύ-

364 831 465 885 την
502 812 635 883 (28).
671 813 761 865 Διὸ
790 813 881 865 καὶ
925 815 958 884 ή
1008 812 1213 875 ἐλευσις
1247 812 1354 866 τῶν
1413 815 1601 885 μάγων
1654 815 1942 885 γεγένηται

366 907 461 959 καὶ
496 904 636 957 κατὰ
678 903 775 974 τὴν
823 904 1076 973 τοιαύτην
1127 905 1446 976 συγκυρίαν.
1486 906 1681 959 Οὐκέτι
1717 907 1845 971 ἴσως
1873 910 1938 979 τῇ

364 995 658 1049 καταλύσει
714 995 835 1048 τότε
887 995 984 1065 τῆς
1047 996 1266 1068 Μαρίας
1317 998 1409 1049 καὶ
1474 998 1667 1068 Ἰωσὴφ
1716 998 1804 1052 διὰ
1844 1000 1941 1070 τὴν

365 1088 694 1159 ἀπογραφὴν
744 1090 809 1158 τῇ
862 1088 967 1140 ὑπὸ
1018 1087 1112 1140 τοῦ
1153 1090 1336 1142 Λουκᾶ
1380 1090 1661 1162 εἰρημένῃ.
1713 1092 1787 1144 Ού
1835 1092 1941 1163 γὰρ

364 1172 536 1248 ηὗραν
564 1181 660 1249 τὴν
688 1180 918 1251 Μαριάμ
947 1181 1003 1231 ἐν
1033 1178 1114 1250 τῷ
1150 1181 1419 1251 σπηλαίῳ,
1447 1184 1582 1235 ὅπου
1614 1184 1902 1255 ἐγέννησεν
1923 1203 1938 1216 ·

366 1272 501 1324 ἀλλὰ
551 1272 625 1335 ὡς
678 1271 787 1343 ἔχει
836 1270 896 1323 τὸ
945 1273 1295 1341 Εὐαγγέλιον,
1346 1275 1427 1325 ὅτι
1481 1274 1701 1345 ὼδήγει,
1755 1276 1938 1345 φησὶν,

364 1364 562 1425 αὐτοὺς
617 1364 644 1414 ὀ
689 1363 863 1434 ἀστὴρ
901 1364 1027 1434 ἄχρι
1080 1362 1171 1416 τοῦ
1221 1365 1408 1427 τόπου,
1450 1360 1520 1419 οὗ
1576 1365 1657 1433 ἦν
1701 1366 1833 1418 ἐκεῖ
1876 1366 1941 1419 τὸ

365 1455 626 1509 παιδίον.
666 1456 774 1509 Καὶ
805 1456 1181 1521 εἰσελθόντες
1204 1459 1288 1522 εὶς
1319 1457 1426 1510 τόν
1452 1452 1636 1522 οἷκον,
1666 1454 1845 1525 εὗρον
1877 1458 1941 1511 τὸ

359 1546 589 1615 ,ϐρέφος
625 1547 774 1616 μετὰ
804 1548 1053 1616 Μαρίας,
1094 1547 1282 1600 οὐκέτι
1316 1549 1375 1600 ἐν
1428 1548 1622 1621 φάτνῃ,
1670 1550 1852 1602 οὐκέτι
1884 1554 1941 1603 ἐν

370 1639 641 1709 σπηλαίῳ,
668 1638 781 1690 ἀλλ’
815 1640 873 1690 ἐν
911 1638 1044 1708 οἴκῳ
1065 1654 1079 1668 ·
1126 1637 1214 1691 ἵνα
1242 1639 1455 1710 γνωσθῇ
1490 1642 1587 1709 τῆς
1626 1639 1937 1711 ἀληθείαςή

364 1730 641 1800 ἀκρίϐεια,
675 1730 768 1784 καὶ
798 1729 890 1783 τοῦ
920 1730 1111 1801 χρόνου
1133 1730 1241 1782 τῶν
1272 1730 1365 1784 δύο
1397 1732 1532 1785 ἐτῶν
1556 1732 1616 1785 τὸ
1646 1733 1937 1802 διάστημα,

364 1824 642 1876 τουτέστιν
689 1821 870 1887 ἐξότου
920 1824 1205 1894 ἐγεννήθη,
1232 1824 1337 1885 ἕως
1372 1824 1460 1877 ὅτε
1496 1824 1855 1894 παρεγένοντο
1891 1825 1940 1876 οἱ

2044 630 2439 692 celebritatem,
2488 631 2859 685 contulerunt.
2909 629 3030 697 Quo
3054 638 3299 700 tempore
3331 647 3615 701 magorum

2043 720 2307 775 adventus
2339 720 2609 790 ejusmodi
2642 722 2880 790 quadam
2915 722 3328 791 opportunitate
3364 723 3612 793 contigit.

2044 811 2287 866 Tametsi
2319 828 2428 867 non
2460 813 2514 866 in
2546 814 2736 867 eodem
2767 814 2860 868 illo
2890 812 3141 869 fortassis
3170 814 3470 870 diversorio
3500 831 3617 870 ver-

2043 904 2328 968 sabantur,
2379 906 2436 958 in
2462 920 2570 976 quo
2618 905 2843 960 Mariam
2874 921 2936 960 ac
2954 904 3252 976 Josephum
3293 908 3616 976 descriptio-

2043 996 2129 1049 nis
2178 1002 2422 1065 tempore
2449 997 2721 1052 mansisse
2776 996 2956 1064 Lucas
3008 1006 3237 1053 testatus
3280 1007 3382 1051 est.
3432 997 3615 1066 Neque

2041 1087 2186 1141 enim
2230 1087 2456 1141 Mariam
2494 1089 2548 1142 in
2581 1090 2868 1158 spelunca,
2908 1088 3000 1144 ubi
3034 1096 3341 1159 pepererat.
3398 1104 3617 1159 repere-

2041 1187 2205 1246 runt;
2276 1181 2393 1247 sed,
2429 1188 2489 1234 ut
2547 1180 2897 1251 Evangelium
2951 1191 3159 1243 narrat,
3202 1182 3356 1236 stella
3385 1180 3506 1235 illos
3546 1181 3615 1235 ad

2042 1288 2164 1326 eum
2196 1274 2371 1327 locum
2400 1275 2689 1344 perduxit,
2727 1276 2812 1329 ubi
2837 1284 2950 1328 erat
2974 1291 3120 1343 puer.
3148 1274 3214 1327 Et
3239 1276 3496 1328 intrantes
3526 1275 3617 1328 do-

2042 1380 2184 1416 mum
2215 1366 2761 1434 inveneruntpuerum
2808 1383 2927 1419 cum
2964 1366 3145 1420 Maria
3174 1369 3212 1432 ¹,
3253 1384 3357 1421 non
3392 1369 3443 1421 in
3474 1384 3611 1437 pra:-

2042 1456 2177 1525 sepi,
2216 1458 2295 1511 vel
2319 1458 2373 1511 in
2406 1460 2687 1527 spelunca,
2718 1459 2813 1513 sed
2850 1460 2901 1512 in
2931 1460 3094 1513 domo
3145 1462 3378 1520 scilicet,
3427 1469 3487 1514 ut
3517 1476 3612 1516 ac-

2041 1553 2231 1599 curata
2272 1546 2347 1600 rei
2383 1550 2609 1608 veritas.
2642 1564 2703 1602 ac
2727 1549 2935 1602 biennii
2965 1550 3308 1604 intervallum
3337 1553 3612 1622 exprime—

2042 1642 2210 1700 retur,
2251 1637 2395 1706 quod
2425 1638 2492 1691 ab
2516 1641 2634 1708 ejus
2673 1641 2843 1693 natali
2888 1641 2954 1694 ad
2996 1656 3276 1711 magorum
3323 1643 3611 1697 adventum

2040 1724 2348 1785 eﬂluxerat.
2394 1728 2594 1783 Eadem
2632 1731 2721 1784 illa
2758 1747 2885 1786 vero
2925 1740 3102 1797 nocte,
3150 1734 3366 1788 duobus
3402 1752 3431 1789 a
3472 1738 3616 1789 nati~

2042 1817 2209 1874 vitate
2264 1822 2422 1875 annis
2454 1823 2678 1892 elapsis,
2721 1827 2946 1895 angelus
2982 1828 3255 1896 apparuit,
3291 1842 3353 1881 ac
3384 1844 3614 1898 puerum

370 1913 553 1984 μάγοι.
595 1913 703 1967 Καὶ
733 1915 852 1966 κατ’
882 1913 1093 1984 ἐκείνην
1123 1914 1221 1985 τὴν
1249 1913 1419 1968 νύκτα
1451 1914 1587 1984 μετὰ
1608 1914 1699 1967 δύο
1722 1915 1813 1986 ἐτη
1840 1915 1939 1985 τῆς

2043 1925 2167 1964 cum
2200 1920 2373 1967 matre
2400 1915 2454 1968 in
2487 1923 2688 1970 terram
2738 1916 2959 1988 Egypti
3001 1919 3168 1988 jussit
3194 1920 3487 1974 abducere.
3529 1919 3615 1973 ld-

366 2006 672 2075 γεννήσεως
700 2004 855 2077 ὤφθη
886 2007 915 2058 ὁ
956 2005 1204 2075 ἄγγελος,
1240 2007 1331 2059 καὶ
1370 2003 1489 2059 εἶπε
1523 2008 1854 2078 παραλαϐεῖν
1882 2008 1942 2061 τὸ

366 2098 577 2150 παιδίον
613 2098 706 2150 καὶ
730 2097 828 2168 τὴν
864 2097 1075 2168 μητέρα
1109 2100 1187 2162 είς
1214 2098 1316 2168 γῆν
1359 2097 1653 2166 Αἰγύπτου.
1691 2099 1780 2151 Διὸ
1816 2099 1942 2151 οὐκ·

366 2190 448 2243 έτι
492 2190 687 2260 Ἰωσήφ
733 2189 1081 2260 ἀνακάμπτει
1123 2191 1203 2255 είς
1248 2189 1525 2259 Ναζαρὲτ,
1577 2190 1712 2243 ἀλλὰ
1758 2191 1940 2246 ἀποδι-

366 2283 592 2354 δράσκει
622 2282 738 2351 ἅμα
771 2281 849 2353 τῷ
892 2282 1062 2347 παιδἰ,
1098 2282 1192 2336 καὶ
1237 2285 1304 2354 τῇ
1344 2284 1512 2354 μητρὶ
1544 2282 1707 2336 αὐτοῦ
1739 2285 1817 2346 εἰς
1843 2284 1939 2336 Αί-

363 2392 590 2443 γυπτον,
627 2376 720 2428 καὶ
755 2375 889 2429 ἄλλα
930 2375 1023 2429 δύο
1068 2374 1163 2446 ἔτη
1194 2378 1339 2428 ποιεῖ
1377 2377 1555 2429 ἐκεῖσε
1579 2393 1592 2405 ’
1630 2377 1725 2429 καὶ
1771 2376 1942 2440 οὕτως

368 2467 529 2521 πάλιν
561 2470 588 2521 ό
633 2466 859 2536 ἄγγελος
903 2466 1040 2537 μετὰ
1095 2467 1195 2538 τὴν
1241 2467 1334 2520 τοῦ
1401 2467 1641 2540 Ἡρώδου
1689 2467 1945 2539 τελευτὴν

365 2558 681 2629 ἐπιστρέφει
718 2558 809 2611 τὸν
839 2557 1001 2611 αὑτὸν
1042 2560 1097 2612 ἐν
1130 2561 1195 2629 τῇ
1239 2558 1485 2630 Ἰουδαία.

384 2704 389 2711 ,
439 2653 495 2704 ι’.
539 2651 627 2721 Τῷ
662 2649 768 2722 γὰρ
800 2650 1105 2721 τριακοστῷ
1138 2651 1306 2721 τρίτῳ
1345 2650 1454 2721 (29)
1497 2649 1604 2703 ἔτει
1634 2649 1729 2703 τοῦ
1768 2649 1943 2721 Ἠρώ-

367 2741 458 2794 δου
506 2744 761 2809 γεννᾶται
807 2742 835 2793 ὁ
888 2740 1123 2813 Κύριος·
1172 2741 1477 2813 τριακοστῷ
1510 2742 1744 2813 πέμπτῳ
1785 2738 1944 2811 ἦλθον

364 2835 419 2885 οἱ
458 2833 653 2903 μάγον
688 2832 991 2903 τριακοστῷ
1036 2833 1248 2904 ἑϐδόμῳ
1295 2833 1401 2886 ἔτει
1434 2834 1659 2905 τελευτᾷ
1703 2836 1730 2887 ὁ
1775 2833 1947 2905 Ἡρώ-

368 2924 501 2995 δηςο
541 2925 634 2978 καὶ
661 2924 962 2995 διαδέχεται
1013 2925 1299 2996 Ἀρχέλαος
1347 2926 1461 2989 υίὸς
1501 2926 1673 2979 ἀὑτοῦ
1703 2926 1763 2979 τὸ
1795 2926 1948 2997 βασί-

370 3016 533 3079 λειον,
568 3019 798 3089 ποιήσας
850 3016 946 3088 ἐτη
994 3018 1149 3070 ἐννέα
1199 3017 1517 3087 βασιλεύων,
1559 3018 1809 3089 καθάπερ
1859 3036 1946 3090 μοι

373 3110 434 3161 ἐν
484 3107 661 3171 ἄλλοις
707 3109 892 3172 τόποις
937 3109 1168 3180 εἴρηται.
1233 3109 1599 3180 Ἀνεχώρησεν
1643 3106 1734 3163 οὖν
1786 3109 1949 3163 άκού-

373 3216 472 3262 σας
501 3198 629 3271 περὶ
667 3199 979 3270 Ἀρχελάου,
1016 3201 1109 3253 καὶ
1143 3199 1311 3253 ἐλθὼν
1344 3200 1663 3271 κατῴκησεν
1714 3202 1792 3263 εἰς
1834 3201 1946 3253 Να-

368 3284 557 3357 ζαρέτ.
610 3287 718 3339 Καὶ
766 3288 973 3341 ἐκεῖθεν
1017 3288 1179 3342 πάλιν
1221 3290 1339 3342 κατ’
1368 3289 1487 3352 ἔτος
1524 3289 1677 3360 ἀνῄει
1711 3291 1789 3352 εἰς
1850 3290 1947 3342 Ίε-

373 3378 675 3451 ρουσαλήμ.
738 3379 902 3450 Ὁρᾷς
960 3380 1059 3449 ὅση
1105 3380 1363 3451 τυγχάνει
1423 3379 1675 3448 ἀκρίϐεια
1726 3381 1783 3431 ἐν
1834 3382 1945 3442 τοῖς

371 3468 535 3532 θείοις
569 3468 919 3537 Εὑαγγελίοις
966 3469 1092 3537 περὶ
1136 3468 1372 3539 ἑκάστης
1417 3466 1835 3537 πραγματείας;
1881 3466 1943 3518 Οἱ

373 3560 430 3615 δέ
461 3561 654 3631 ἀγνοίᾳ
691 3560 999 3631 φερόμενοι,
1030 3559 1121 3613 τὸν
1158 3559 1366 3613 ἑαυτῶν
1398 3557 1520 3612 νοῦν
1556 3558 1942 3621 σκοτώσαντες,

368 3653 471 3705 οὐκ
501 3653 647 3705 ἴσασι
674 3651 735 3704 τὸ
764 3652 915 3715 τέλος
948 3653 1179 3705 ἑκάστου
1211 3651 1369 3720 λόγου
1389 3668 1402 3681 ·
1431 3650 1567 3704 ἀλλὰ
1595 3650 1778 3713 ἁπλῶς
1804 3648 1944 3702 κατὰ

364 3748 480 3797 τω)
529 3744 699 3811 ἁγίων
756 3743 1040 3815 ἐπαίρουσι
1088 3742 1149 3795 τὸ
1205 3743 1398 3812 στόμα,
1448 3743 1543 3796 καὶ
1592 3741 1795 3813 χαλῶσι
1845 3741 1943 3812 τὴν

372 3834 638 3903 γλῶτταν,
680 3835 845 3905 μηδὲν
887 3835 985 3905 μὲν
1032 3834 1277 3901 λέγοντες
1318 3836 1376 3888 ἐν
1424 3834 1670 3905 ἀληθείᾳ,
1721 3833 1945 3897 ἑαυτοὺς

364 3925 429 3978 δὲ
459 3927 556 3997 τῆς
588 3925 729 3997 ζωῆς
759 3926 1177 3996 ἁλλοτριοῦντες.

448 4106 640 4161 Ἔνθεν
688 4105 780 4161 οὖν
823 4110 850 4161 ὁ
894 4109 1126 4171 Λουκᾶς,
1196 4108 1331 4177 μετὰ
1376 4108 1439 4160 τὸ
1481 4107 1835 4177 διηγήσασθαι
1877 4107 1944 4160 τὰ

375 4198 599 4270 πρῶτα,
655 4200 817 4252 πάλιν
867 4199 1046 4267 λέγει,
1109 4198 1223 4261 πῶς
1279 4199 1336 4251 ἐν
1383 4198 1461 4269 τῷ
1510 4198 1794 4269 δωδεκάτῳ
1837 4198 1945 4251 ἔτει

376 4290 603 4362 ἀνῆλθεν
631 4293 708 4354 είς
752 4291 1136 4362 Ἰερουσαλήμ·
1187 4291 1274 4342 ἵνα
1322 4289 1400 4360 μὴ
1433 4289 1741 4362 mpmth
1784 4291 1946 4343 τόπον

375 4386 486 4447 τοῖς
526 4383 804 4453 νομίσασιν
832 4382 990 4435 αὐτὸν
1020 4380 1205 4444 ἁπλῶς
1231 4380 1395 4450 ἄνδρα
1424 4381 1623 4433 τέλειον
1664 4382 1721 4434 ἐν
1759 4382 1947 4451 κόσμῳ

371 4474 693 4544 πεφηνέναι,
730 4474 823 4527 καὶ
856 4475 933 4537 είς
963 4473 1051 4526 τὸν
1097 4473 1366 4544 Ἰορδάνην
1398 4471 1533 4543 πρὸς
1559 4472 1649 4524 τὸν
1696 4472 1946 4539 Ἰωάννην

376 4565 566 4633 ήκέναι
592 4580 605 4593 ο
640 4564 714 4626 ὡς
742 4561 1018 4634 ὑπεϐλήθη
1050 4561 1157 4614 ὑπὸ
1184 4561 1481 4632 Κηρίνθου,
1532 4561 1623 4614 καὶ
1673 4561 1941 4625 Ἐϐίωνος,

376 4655 600 4708 καὶτῶν
633 4655 825 4709 ἄλλων.
858 4654 1037 4716 Δεινὸς
1067 4653 1175 4725 γὰρ
1204 4653 1328 4722 ὄφις
1359 4652 1637 4725 σκαληνῶς
1658 4652 1946 4706 διαϐαίνων

377 4750 436 4802 ἐν
470 4750 568 4819 μιᾷ
600 4748 792 4821 γνώμῃ
823 4749 919 4818 οὐχ
967 4748 1177 4800 ἵσταται
1202 4765 1214 4777 ο
1252 4746 1387 4799 ἀλλὰ
1423 4750 1531 4810 τοῖς
1572 4747 1671 4814 μὲν
1701 4748 1847 4799 δοκεῖ
1888 4750 1951 4801 ἐκ

2043 2000 2190 2055 circo
2219 2018 2328 2058 non
2386 2005 2500 2075 jam
2560 2004 2890 2061 Nazaretum
2940 2006 3215 2080 Josephus
3271 2012 3611 2081 regreditur;

2042 2095 2138 2149 sed
2188 2111 2315 2150 eum
2370 2113 2541 2167 puero
2575 2115 2637 2153 ac
2664 2108 2839 2156 matre
2874 2101 3009 2172 fugit
3060 2103 3117 2156 in
3164 2101 3480 2174 Algyptum,
3520 2106 3613 2159 ubi

2043 2186 2264 2242 biennio
2292 2189 2462 2245 altero
2493 2200 2868 2247 commoratus
2902 2204 2985 2250 est
3013 2212 3029 2261 ;
3088 2204 3250 2266 atque
3283 2199 3355 2250 ita
3393 2212 3613 2253 rursum

2043 2288 2168 2346 post
2191 2278 2420 2336 Herodis
2438 2283 2645 2336 obitum
2671 2286 2895 2356 angelus
2918 2288 3191 2351 eumdem,
3215 2298 3274 2343 ut
3297 2289 3351 2343 in
3372 2288 3613 2345 Judaeam

2044 2371 2267 2438 rediret,
2298 2374 2597 2430 admonuit.

2114 2631 2275 2703 432
2311 2632 2379 2686 Χ·
2413 2632 2623 2704 Quippe
2650 2651 2823 2690 xxxtu
2856 2636 3088 2695 Herodis
3117 2656 3264 2696 anno
3314 2652 3478 2699 natus
3530 2657 3616 2702 est

2048 2722 2327 2790 Dominus,
2361 2728 2717 2798 ejusdemque
2754 2746 2899 2785 xxxv
2925 2733 3064 2802 magi
3095 2744 3381 2790 venerunt.
3414 2737 3618 2795 Deinde

2049 2832 2235 2871 xxxv”
2278 2819 2494 2888 imperii
2534 2836 2679 2875 anno
2717 2824 2951 2877 moritur
2983 2822 3246 2891 Herodes,
3274 2831 3363 2883 cui
3396 2847 3616 2887 succes-

2049 2908 2119 2961 sit
2150 2908 2481 2975 Archelaus,
2518 2910 2673 2980 isque
2702 2926 2895 2966 novem
2928 2916 3172 2984 regnavit
3198 2920 3378 2981 annis,
3418 2930 3476 2974 ut
3509 2923 3617 2976 alio

2048 3012 2078 3049 a
2111 3012 2196 3051 me
2224 2997 2344 3051 loco
2373 2997 2577 3052 dictum
2619 3001 2860 3055 memini.
2895 3001 3075 3068 Quare
3106 3019 3231 3059 cum
3256 3007 3323 3062 de
3349 3009 3618 3065 Archelao

2050 3089 2377 3158 accepisset,
2432 3092 2663 3147 recessit
2706 3092 3015 3164 Iosephus,
3070 3111 3134 3151 ac
3182 3113 3243 3154 se
3289 3099 3614 3157 Nazaretum

2050 3180 2333 3235 habitandi
2367 3196 2534 3237 causa
2556 3185 2809 3239 contulit.
2844 3186 3000 3241 Unde
3031 3192 3328 3258 quotannis
3360 3192 3617 3251 Hieroso-

1969 3241 2015 3299 θ
2049 3270 2245 3341 lymam
2280 3272 2553 3341 proﬁcisci
2581 3284 2959 3330 consueverat.
3000 3280 3162 3337 Vides
3202 3292 3406 3352 quanta
3445 3288 3516 3340 sit
3559 3290 3613 3343 in

2049 3363 2228 3417 sacris
2254 3362 2563 3431 Evangeliis
2597 3366 2887 3434 cujuslibet
2920 3368 2999 3423 rei
3027 3373 3313 3429 narranda:
3343 3392 3617 3447 quamque

2046 3464 2304 3509 accurata
2335 3456 2663 3524 diligentia?
2693 3457 2763 3512 At
2813 3460 2902 3515 isti
2949 3461 3253 3532 ignorantia
3284 3467 3436 3530 caeci,
3477 3485 3617 3537 quo-

2046 3561 2167 3598 rum
2218 3554 2302 3599 est
2350 3548 2592 3603 tenebris
2645 3549 2885 3604 obducta
2944 3568 3129 3618 mens,
3183 3557 3617 3630 uniuscujusque

2046 3637 2381 3691 narrationis
2423 3638 2626 3691 exitum
2664 3640 2951 3709 ignorant;
3004 3644 3098 3699 sed
3128 3645 3395 3704 adversus
3435 3665 3615 3704 sacru-

2045 3738 2235 3784 saneta
2277 3744 2506 3799 qumque
2550 3745 2613 3784 os
2654 3746 2813 3786 suum
2854 3744 3176 3805 arroganter
3212 3741 3503 3807 extollunt,
3550 3757 3616 3797 ac

2045 3823 2286 3893 linguam
2339 3822 2623 3885 relaxant,
2657 3825 2796 3879 adeo
2838 3836 2893 3879 ut
2935 3844 3109 3897 neque
3156 3832 3266 3883 veri
3317 3832 3612 3902 quidquam

2042 3914 2294 3979 aderant,
2327 3919 2383 3967 et
2412 3928 2441 3966 a
2470 3914 2578 3968 vita
2611 3914 2967 3974 nihilominus
2996 3934 3059 3973 ac
3093 3920 3266 3977 salute
3294 3928 3615 3996 semetipsos

2044 4008 2303 4062 alieneut.

2115 4097 2246 4154 Post
2270 4099 2384 4153 haec
2416 4098 2595 4154 Lucas
2632 4099 2723 4153 ubi
2762 4113 2949 4169 priora
2990 4113 3316 4170 persecutus
3359 4112 3465 4170 est,
3515 4120 3613 4159 ex-

2046 4192 2199 4259 ponit
2248 4192 2705 4261 quemadmodum
2759 4207 2905 4245 anno
2946 4209 3022 4246 xu
3070 4193 3451 4267 Hierosolyma
3493 4214 3617 4267 per-

2046 4281 2271 4344 rexerit,
2308 4297 2374 4336 ne
2401 4298 2563 4350 quem
2595 4282 2813 4336 illorum
2844 4283 3020 4338 errori
3056 4284 3232 4338 locum
3259 4286 3615 4357 relinqueret,

2047 4375 2139 4442 qui
2172 4374 2324 4428 illum
2354 4375 2603 4428 arbitrati
2632 4384 2762 4431 sunt
2786 4374 3025 4445 perfecta
3058 4392 3119 4430 ac
3148 4378 3289 4432 virili
3315 4378 3428 4448 jam
3458 4386 3617 4434 aetate

2048 4466 2102 4519 in
2141 4466 2344 4519 mundo
2384 4474 2604 4534 repente
2633 4465 2803 4521 fuisse
2836 4477 3191 4537 conspectum
3225 4488 3239 4524 :
3268 4470 3450 4541 itaque
3479 4487 3615 4527 con-

1974 4589 2024 4649 D
2050 4557 2302 4613 veniendi
2352 4557 2577 4612 Joannis
2610 4559 2783 4629 gratia
2839 4560 2906 4613 ad
2963 4558 3253 4619 Iordanem
3290 4565 3612 4631 accessisse,

2049 4665 2171 4720 quae
2201 4650 2305 4703 fuit
2359 4648 2629 4713 Cerinthi,
2688 4648 2937 4715 Ebionis,
3012 4659 3066 4706 et
3124 4653 3356 4707 aliorum
3406 4656 3611 4724 opinio.

2051 4739 2337 4805 Siquidem
2365 4741 2598 4795 callidus
2635 4740 2724 4794 ille
2748 4756 2973 4812 serpens
2999 4743 3236 4815 obliquis
3262 4744 3487 4802 ﬂexibus
3515 4748 3617 4801 ad-

380 4841 724 4912 παρατριϐἧς
758 4843 851 4893 καὶ
901 4839 1211 4910 σπέρματος
1240 4840 1432 4909 ἀνδρὸς
1464 4838 1806 4910 γεγενῆσθαι,
1838 4843 1945 4902 τοῖς

2048 4848 2267 4902 repens,
2332 4832 2467 4887 nihil
2510 4847 2680 4885 unum
2709 4847 2772 4887 ac
2806 4842 3069 4891 constans
3096 4837 3317 4891 asserit.
3357 4836 3464 4895 Sed
3491 4841 3615 4897 aliis

371 4933 423 4986 δ’
462 4933 638 4997 ἄλλοις
672 4933 856 4996 ἁπλῶς
898 4933 1181 5003 ἄνθρωπος
1226 4933 1539 5002 πεφηνέναι.
1583 4932 1672 4984 Διὸ
1718 4931 1857 4985 κατὰ
1892 4933 1945 4985 τὸ

2047 4925 2226 4994 placet
2245 4940 2313 4979 ex
2346 4924 2635 4994 utriusque
2685 4924 3070 4995 conjunctione
3124 4943 3310 4994 sexus,
3358 4944 3424 4983 ac
3466 4931 3613 4985 virili

378 5023 571 5076 λεπτὸν
600 5023 665 5075 τὰ
699 5023 875 5076 πάντα
908 5022 1249 5093 διηγούμενοι
1294 5024 1341 5074 οξ
1386 5023 1527 5089 ἅγιοι
1561 5023 1942 5091 εὐαγγελισταὶ
1990 5054 1993 5057 ›

379 5111 812 5186 ἁκριϐόλογοῦσι.
858 5112 966 5165 Καὶ
1001 5112 1159 5181 φύσει
1188 5115 1216 5166 ό
1258 5114 1472 5175 Λουκᾶς
1515 5112 1589 5175 ὡς
1619 5113 1725 5166 ἀπὸ
1766 5113 1945 5166 κάτω-

372 5205 470 5259 θεν
498 5207 590 5258 ἐπὶ
612 5206 680 5258 τὰ
711 5206 822 5259 ἄνω
851 5205 1134 5274 ἀναφέρων
1160 5205 1260 5275 τὴν
1288 5204 1522 5257 διάνοιαν
1548 5203 1744 5259 φάσκει
1767 5218 1780 5231 '
1824 5198 1945 5257 Ἦν
1982 5274 1987 5277 1

450 5364 468 5393 ⁸
499 5361 686 5416 Matth.
708 5378 767 5427 n,
797 5361 851 5427 9,
876 5360 964 5414 11.

378 5519 641 5589 geliorum
671 5518 972 5589 interpres;
1006 5528 1104 5569 nec
1134 5512 1254 5589 ideo
1270 5518 1449 5589 tamen
1478 5513 1684 5589 tantum
1701 5522 1939 5589 comme-

375 5581 507 5652 ruit,
545 5598 604 5642 ut
652 5603 681 5641 a
733 5581 1055 5658 CasaubOno
1087 5591 1193 5658 tam
1240 5581 1594 5658 inclementer
1640 5581 1939 5658 aoputiale

374 5650 683 5721 notaretur,
711 5667 763 5711 et
794 5655 1271 5728 virulentissimus,
1297 5666 1358 5703 ac
1386 5650 1937 5728 maledicentissimus

378 5718 1009 5799 scriptorappellaretur
1056 5725 1112 5799 in
1154 5724 1247 5775 illo
1268 5734 1460 5799 _opere,
1487 5718 1841 5799 qupdipsum
1871 5734 1937 5773 ex

381 5788 987 5867 viru'lentis'calumnjis
1018 5806 1068 5849 et
1094 5792 1367 5867 haereticis
1421 5788 1771 5867 opinionibus
1804 5804 1936 5845 con-

378 5875 587 5926 textum
617 5870 879 5922 adversus
911 5866 1246 5919 Baronianos
1270 5860 1499 5915 Annales
1523 5857 1732 5916 eﬂudit.

708 5959 979 6018 PATROL.
1026 5954 1145 6016 Gn.
1190 5952 1356 6013 XLI.

2051 5017 2259 5072 semine
2283 5016 2560 5071 Christum
2603 5030 2727 5071 esse
2752 5027 3118 5086 procreatum.
3161 5020 3264 5073 Alii
3297 5022 3619 5091 simpliciter

2051 5107 2341 5165 hominem"
2362 5107 2684 5179 apparuisse
2711 5115 2982 5175 statuunt.
3015 5112 3144 5176 Quae
3170 5128 3338 5168 causa
3384 5116 3487 5169 fuit
3517 5132 3618 5170 cur

2053 5200 2331 5256 subtiliter
2388 5207 2755 5271 accurateque
2808 5201 2991 5256 omnia
3040 5207 3219 5258 sancti
3272 5207 3622 5277 evangelista:

2076 5577 2086 5588 '
2108 5506 2221 5577 (‘28)
2251 5509 2342 5588 ’ῼς
2359 5512 2444 5576 εὶς
2461 5510 2577 5588 τῂν
2594 5526 2753 5588 πάγη
2762 5532 2932 5583 γυριν
2947 5517 3191 5588 ταύτην.
3213 5516 3384 5588 Quam
3405 5515 3622 5588 tandem

2034 5577 2125 5653 llic
2162 5584 2470 5651 πανήγυριν
2504 5577 2777 5653 intelligat
2802 5577 3005 5640 nescio.
3040 5577 3270 5641 Videtur
3296 5587 3401 5639 loci
3446 5586 3620 5649 illius,

2035 5649 2090 5701 in
2118 5663 2227 5715 quo
2254 5649 2416 5706 natus
2439 5660 2555 5705 erat
2615 5649 2896 5718 Dominus,
2932 5657 3259 5711 celebratam
3302 5655 3624 5711 memoriam

2034 5721 2343 5792 πανήγυριν
2379 5723 2675 5792 appellare.

2106 5788 2217 5865 (29)
2258 5788 2341 5857 Τῷ
2373 5788 2483 5861 γὰρ
2515 5795 2845 5862 τριακοστῷ
2868 5797 3057 5865 τρίτῳ.
3088 5794 3162 5851 De
3197 5796 3282 5850 his
3311 5798 3620 5852 accuratius

2035 5862 2199 5939 paulo
2230 5869 2356 5932 post
2390 5877 2632 5935 agemus.

3214 5956 3294 6015 29
