4176 6386
618 374 719 427 807

2024 382 2081 438 S.
2124 383 2465 442 EPIPHANH

3774 392 3887 449 908

614 487 894 542 narrando
931 488 1201 560 complexi
1251 488 1381 545 sint.
1430 489 1709 561 Prmeipue
1740 490 1915 547 Lucas
1946 495 2178 549 animum

2295 500 2363 552 δὲ
2418 503 2646 568 Ἰησοῦς
2681 503 3012 573 ἀρχόμενος
3044 498 3195 556 εἶναι
3232 502 3313 568 ὡς
3357 501 3506 556 ἐτῶν
3538 502 3885 576 τριάκοντα,

614 581 684 631 ab
730 578 1083 636 inferioribus
1140 581 1208 636 ad
1258 584 1545 653 superiora
1587 584 1828 639 referens
1863 586 1934 638 ita
1961 587 2189 642 scribit:

615 668 684 721 Et
727 680 841 723 erat
884 670 1042 725 Iesus
1086 673 1338 740 incipiens
1390 691 1501 729 esse
1547 678 1701 745 quasi
1752 693 2011 730 annorum
2047 695 2191 746 xxx;

616 762 782 827 filius,
812 772 867 813 ut
898 764 1209 829 putabatur,
1258 764 1449 833 Ioseph
1476 767 1515 818 ¹.
1557 766 1709 831 Quod
1756 776 1934 820 autem
1992 769 2196 823 solum-

619 852 781 906 n.odo
822 863 1065 921 putatur,
1101 856 1326 909 minime
1376 864 1457 909 est
1504 859 1706 925 reipsa.
1758 857 1862 911 Sed
1901 861 2074 929 patris
2110 859 2194 911 vi-

617 957 734 997 cem
767 942 1032 1013 Josepbus
1071 946 1292 1016 gerebat
1338 948 1427 1001 ille
1472 949 1710 1017 quidem,
1756 951 1900 1018 quod
1951 952 2023 1003 ita
2086 949 2197 1004 Deo

614 1036 935 1103 placuerat:
964 1047 1122 1107 pater
1169 1055 1299 1093 vero
1351 1055 1461 1094 non
1502 1049 1654 1107 erat;
1689 1049 1746 1095 ut
1785 1043 1878 1112 qui
1914 1058 2195 1112 nunquam

613 1144 673 1184 se
698 1144 823 1183 cum
858 1129 1039 1195 Maria
1096 1132 1416 1201 copularat;
1471 1132 1575 1186 nisi
1619 1133 1763 1202 quod
1810 1133 1955 1188 illius
1985 1134 2065 1186 vir
2102 1148 2197 1205 ap-

613 1223 848 1291 pellatus
875 1232 979 1289 est,
1019 1223 1165 1293 quod
1201 1238 1321 1277 eam
1350 1240 1516 1279 senex
1546 1224 1815 1291 duxisset,
1849 1242 1990 1280 anno
2016 1228 2193 1281 atatis

612 1312 736 1380 plus
787 1313 970 1367 minus
1016 1328 1180 1377 Lxxx,
1232 1328 1357 1367 cum
1411 1313 1524 1383 jam
1581 1315 1785 1370 liberos
1827 1331 1921 1370 sex
1960 1331 1990 1371 e
2021 1316 2191 1385 priori

617 1404 848 1473 conjuge
878 1405 1221 1470 sustulisset;
1252 1405 1391 1460 hanc
1423 1420 1551 1460 vero
1592 1407 1947 1476 posteriorem
1991 1408 2179 1477 singu-

612 1500 715 1553 lari
750 1500 840 1555 Dei
875 1502 1218 1570 providentia
1252 1503 1377 1565 sibi,
1422 1511 1482 1556 ut
1510 1504 1617 1558 alio
1652 1504 1771 1557 loco
1804 1503 1983 1558 fusius
2007 1502 2193 1573 dispu-

2300 591 2385 643 ῶν
2436 593 2585 657 υίὸς,
2625 594 2706 660 ὡς
2742 593 3059 664 ἐνομίζετο,
3101 595 3205 648 τοῦ
3248 595 3488 663 Ἰωσήφ.
3530 598 3602 649 Τὸ
3630 598 3685 651 δὲ
3727 605 3890 670 νομί-

2303 678 2487 743 ζεσθαι
2521 683 2620 735 οὐκ
2647 683 2860 755 ἀληθῶς
2892 686 3037 737 ἐστιν
3058 700 3071 713 ·
3111 684 3245 737 ἀλλὰ
3279 686 3335 738 ἐν
3362 685 3510 752 τάξει
3546 686 3643 756 μὲν
3674 690 3887 757 πατρὸς

2302 772 2595 842 ἐτύγχανεν
2624 778 2652 828 6
2698 777 2915 846 Ἰωσὴφ,
2945 776 3032 829 διὰ
3059 777 3119 829 τὸ
3145 776 3317 841 οὕτως
3350 778 3428 846 τῷ
3457 777 3573 848 Θεῷ
3598 778 3876 851 δεδόχθαι·

2302 866 2401 917 οὐκ
2427 862 2494 937 ἦν
2525 867 2581 919 δὲ
2624 869 2826 939 πατὴρ,
2860 872 2888 921 6
2943 870 3015 941 μὴ
3062 870 3196 941 πρὸς
3229 871 3325 942 τὴν
3358 872 3591 943 Μαριὰμ
3630 872 3882 943 ἐσχηκὼς

2301 957 2615 1025 συνάφειαι),
2647 960 2679 1030 ἦ
2725 960 2883 1029 μόνον
2923 963 3005 1014 ὅτι
3033 962 3170 1032 ἀνὴρ
3201 962 3423 1032 ἐκλήθη,
3457 962 3544 1014 διὰ
3575 962 3636 1014 τὸ
3667 978 3878 1031 μεμνη-

2300 1046 2518 1100 στεῦθαι
2567 1050 2874 1121 πρεσϐύτης
2908 1053 3041 1122 (50},
3077 1052 3214 1105 ἐτῶν
3246 1055 3573 1125 ὀγδοήκοντα
3595 1055 3879 1125 τυγχάνων

2298 1138 2525 1210 πλείωῆ
2559 1141 2792 1205 ἐλάσσω,
2829 1145 2922 1197 καὶ
2966 1144 3104 1215 ἔχων
3150 1148 3297 1209 υἱοὺς
3344 1146 3404 1211 ἓξ
3440 1146 3545 1199 ἀπὸ
3583 1147 3677 1216 τῆς
3711 1146 3876 1209 ὅντως

2294 1231 2459 1283 αὑτοῦ
2492 1234 2739 1304 γαμετῆς
2770 1234 3016 1307 πρώτης,
3050 1238 3148 1306 τὴν
3170 1237 3225 1289 δὲ
3254 1238 3321 1291 δι’
3348 1238 3655 1308 οἰκονομίαν
3686 1254 3875 1307 παρει-

2293 1322 2499 1391 ληφὼς,
2534 1325 2608 1388 ὡς
2653 1326 2747 1380 καὶ
2773 1326 2909 1400 ἄλλῃ
2945 1344 3047 1380 που
3093 1328 3482 1399 ἀκριϐέστερον
3529 1332 3656 1401 περὶ
3685 1328 3873 1382 τούτου

2305 1414 2537 1484 διῆλθον.
2569 1417 2694 1480 Πῶς
2722 1414 2814 1471 οὖν
2844 1420 2872 1471 ὁ
2912 1419 2985 1490 μὴ
3008 1420 3145 1490 ἔχων
3179 1422 3474 1491 συνάφειαν
3501 1422 3678 1494 πατὴρ
3708 1420 3873 1475 αὐτοῦ

2297 1508 2539 1579 ὑπῆρχεν
2561 1526 2574 1575 ;
2607 1511 2743 1583 ὅπερ
2786 1512 3062 1568 ἀδύνατον.

610 1599 811 1653 tamus,
860 1593 1163 1647 ascivisset.
1215 1594 1319 1659 Qui
1361 1594 1533 1663 igitur
1578 1594 1784 1648 nullum
1821 1610 1943 1649 cum
2010 1601 2186 1649 matre
2234 1600 2689 1656 consuetudinem
2737 1602 3026 1669 habuerat,
3068 1607 3162 1676 qui
3231 1606 3325 1661 filii
3384 1614 3539 1677 pater
3594 1623 3717 1663 esse
3770 1620 3872 1677 po-

608 1685 751 1737 tuit?
788 1683 931 1738 Fieri
964 1684 1108 1739 istud
1137 1684 1362 1738 omnino
1399 1699 1506 1739 non
1537 1694 1737 1754 potest.

679 1780 773 1835 Xl.
814 1781 882 1835 At
911 1782 1056 1835 enim
1092 1782 1242 1837 dices
1279 1800 1290 1834 :
1328 1780 1439 1836 Cur
1469 1798 1598 1851 ergo
1628 1784 1709 1835 vir
1750 1784 1898 1837 illius
1950 1784 2178 1853 appella-

2367 1784 2467 1836 IA'.
2524 1783 2681 1837 Ἀλλὰ
2729 1785 2875 1856 ἐρεῖς
2912 1802 3034 1855 μοι·
3086 1786 3210 1850 Πῶς
3253 1782 3345 1839 οὖν
3375 1788 3511 1860 ἀνηρ
3553 1807 3721 1863 αυτης
3749 1794 3869 1847 ἐκέ-

609 1880 699 1927 tus
723 1880 828 1933 est,
876 1873 1126 1943 nisieam
1174 1874 1487 1928 obtineret?
1526 1874 1629 1940 Qui
1665 1876 1747 1929 sic
1792 1876 2024 1940 dubitat,
2059 1876 2187 1945 quid

608 1966 695 2018 lex
742 1973 902 2019 vetus
930 1964 1092 2019 ferret
1123 1965 1337 2035 ignorat
1367 1983 1379 2018 :
1411 1965 1570 2037 533
1606 1967 1865 2020 nimirum
1922 1970 2068 2022 enim
2121 1985 2187 2022 ex

572 2068 573 2071 ‘
608 2073 719 2126 quo
765 2058 885 2110 viro
919 2056 1123 2111 femina
1155 2057 1426 2127 desponsa
1455 2058 1654 2123 fuerat,
1684 2060 1799 2113 sive
1836 2060 1990 2131 virgo
2020 2069 2185 2124 esset,

609 2151 724 2204 sive
760 2157 981 2219 paterna
1009 2148 1187 2205 adhuc
1214 2152 1266 2203 in
1302 2150 1465 2204 domo
1509 2150 1746 2221 degeret,
1780 2153 1999 2206 nomine
2025 2161 2188 2207 tenus

607 2256 746 2295 uxor
794 2241 1101 2295 dicebatur.
1151 2241 1332 2306 Quare
1366 2243 1593 2311 angelus
1620 2243 1700 2297 sic
1729 2242 2024 2313 Josephum
2054 2246 2187 2297 allo-

606 2336 833 2403 quitur:
874 2333 999 2405 Noli
1036 2336 1215 2387 timere
1258 2335 1493 2403 accipere
1534 2336 1807 2404 conjugem
1842 2345 1987 2388 tuam
2014 2338 2055 2389 ².
2108 2338 2185 2390 Ac

605 2446 674 2485 ne
701 2430 823 2499 quis
856 2446 1099 2483 errorem
1144 2431 1201 2483 in
1252 2429 1561 2499 Evangeliis
1590 2430 1759 2484 ullum
1789 2446 1910 2484 esse
1938 2428 2185 2497 suspice-

605 2530 694 2574 tur
724 2541 734 2574 :
769 2531 853 2575 est
886 2522 1028 2574 enim
1069 2521 1226 2588 plane
1253 2520 1580 2589 stupendum
1610 2519 1713 2573 hoc
1745 2520 2087 2589 mysterium,
2120 2533 2183 2571 ac

606 2627 769 2681 supra
818 2612 1116 2664 humanum
1149 2618 1367 2679 captqu
1407 2617 1521 2663 tota
1553 2610 1654 2662 ista
1681 2609 1946 2670 narratio,
1979 2616 2032 2661 et
2062 2624 2184 2676 qua:

606 2704 741 2757 solis
794 2703 1031 2771 Spiritus
1079 2702 1256 2755 sancti
1312 2701 1438 2755 filiis
1494 2701 1641 2754 clara
1692 2702 1763 2753 sit
1809 2708 1863 2753 et
1911 2700 2177 2769 exposita.

608 2795 737 2847 Erat
784 2795 964 2863 igitur,
1007 2793 1204 2863 inquit,
1260 2794 1411 2862 quasi
1452 2809 1712 2845 annorum
1749 2809 1892 2858 xxx;
1932 2794 2179 2860 ﬁlius,ut

601 2888 908 2955 putabatur,
948 2882 1182 2951 Ioseph;
1226 2885 1315 2954 qui
1350 2884 1450 2952 fuit
1485 2884 1590 2947 Eli,
1622 2884 1711 2951 qui
1733 2882 1842 2951 fuit
1866 2881 2113 2936 Matt/ian
2136 2882 2174 2935 '.

603 2975 740 3029 Tum
802 2976 866 3028 ad
920 2973 1290 3029 Abraliamum
1345 2988 1521 3042 usque
1569 2972 1939 3042 generationis
1984 2975 2178 3027 seriem

602 3068 832 3133 retexit;
865 3082 894 3120 a
925 3083 1034 3137 quo
1068 3066 1352 3121 Matthazus
1390 3081 1622 3121 exorsus
1668 3074 1771 3119 est.
1822 3065 1927 3120 Sed
1952 3072 2005 3119 et
2040 3063 2176 3117 Noe-

2292 1872 2476 1943 κλητο,
2544 1875 2592 1925 εί
2652 1874 2725 1945 μὴ
2774 1874 2899 1945 ἔσχε
2954 1876 3188 1945 ταύτην;
3246 1877 3304 1929 '0
3365 1876 3420 1931 δὲ
3480 1879 3651 1933 ταῦτα
3700 1883 3869 1952 ἀμφι-

2291 1963 2500 2017 ϐάλλων
2545 1966 2731 2032 ἀγνοεῖ
2780 1966 2849 2018 τὰ
2893 1967 3033 2019 κατὰ
3061 1966 3151 2018 τὸν
3197 1967 3381 2038 νόμον,
3434 1970 3514 2023 ὅτι
3567 1971 3716 2036 ἐξότε
3756 1974 3874 2028 ὀνο-

2293 2058 2520 2126 μάζεται
2552 2058 2687 2128 γυνὴ
2719 2058 2895 2128 ἀνδρὶ,
2932 2060 3032 2112 κᾶν
3076 2076 3135 2111 τε
3183 2060 3450 2131 παρθένος
3477 2058 3533 2134 ᾖ,
3580 2064 3681 2117 κάν
3708 2083 3768 2119 τε
3810 2069 3873 2120 ὲν

2287 2149 2422 2217 οἴκῳ
2458 2149 2661 2221 πατρὸς
2700 2150 2781 2202 ἔτι
2816 2151 3069 2221 ὑπάρχει,
3099 2152 3236 2223 γυνὴ
3270 2152 3362 2206 τοῦ
3411 2156 3673 2226 ὀνόματος
3704 2159 3867 2229 μόνου

2289 2240 2503 2308 λέγεται
2535 2244 2566 2311 ἡ
2598 2241 2843 2311 τοιαύτη.
2896 2242 3097 2295 Τούτου
3155 2244 3315 2297 ἕνεκα
3365 2248 3392 2298 6
3438 2248 3592 2315 ἅγιος
3637 2250 3869 2319 ἄγγελός

2291 2349 2459 2402 φησι·
2513 2331 2611 2400 Μὴ
2681 2332 2948 2402 φοϐηθῇς
3006 2336 3374 2404 παραλαϐεῖν
3436 2339 3550 2407 τὴν
3614 2343 3873 2411 γυναῖκά

2289 2440 2424 2477 σου.
2475 2426 2583 2477 Καὶ
2618 2426 2703 2478 ἵνα
2741 2427 2815 2496 μή
2862 2444 2947 2490 τις
2977 2428 3191 2502 νομίσῃ,
3228 2431 3309 2483 ὅτι
3349 2431 3526 2503 πλάνη
3551 2451 3635 2497 τις
3669 2436 3726 2489 ὲν
3752 2439 3868 2500 τοῖς

2287 2516 2670 2585 Εύαγγελίοις·
2730 2518 3030 2587 ἔκπληκτον
3077 2521 3182 2590 γὰρ
3233 2523 3294 2575 τὸ
3345 2526 3655 2595 μυστήριον,
3706 2528 3863 2599 καὶὴ

2284 2606 2535 2675 διήγησις
2576 2607 2715 2677 ὑπὲρ
2760 2606 3044 2677 ἄνθρωπον
3069 2625 3081 2636 ·
3121 2609 3302 2676 μόνοις
3346 2611 3403 2664 δὲ
3444 2615 3555 2675 τοῖς
3587 2614 3723 2677 υἱοῖς
3767 2615 3861 2669 τοῦ

2288 2696 2444 2762 ἁγίου
2491 2697 2808 2767 Πνεύματός
2860 2702 2974 2752 ἐστι
3032 2700 3152 2754 λεία
3198 2703 3348 2755 πᾶσά
3394 2720 3453 2756 τε
3498 2705 3589 2757 καὶ
3629 2723 3867 2774 πεφωτι-

2295 2788 2613 2860 σμένηΪΙΙν
2634 2790 2745 2846 οὖν
2764 2795 2844 2858 ὡς
2870 2794 3020 2847 ἑτῶν
3046 2800 3118 2859 .1',
3139 2796 3218 2861 ὡς
3258 2798 3573 2866 ἐνομίζετο,
3605 2799 3733 2865 υίὸς
3757 2798 3865 2854 τοῦ

2297 2883 2529 2952 Ἰωσὴφ,
2555 2886 2659 2939 τοῦ
2705 2887 2857 2954 Ἠλὶ,
2892 2888 2997 2941 τοῦ
3023 2890 3283 2944 Ματηιὶν.
3320 2891 3429 2943 Καὶ
3457 2892 3716 2963 ἀναφέρει
3763 2892 3864 2961 τὴν

2283 2978 2537 3050 γέννησιν
2568 2983 2660 3035 ἐπὶ
2688 2983 3072 3054 τὺνἈδραάμ·
3103 2984 3223 3037 ὅθεν
3245 2986 3337 3038 καὶ
3359 2987 3386 3037 6
3403 2986 3679 3051 Ματθαῖος
3704 2990 3863 3059 ὲνήρ⁴

2284 3066 2431 3132 ξατο.
2475 3071 2822 3141 Ὑπερϐαίνει
2872 3074 2928 3127 δὲ
2958 3076 3049 3129 τὸν
3097 3075 3242 3138 Νῶε,
3280 3076 3373 3128 καὶ
3415 3078 3604 3145 φθάνει
3634 3080 3725 3132 ἐπὶ
3769 3080 3862 3132 τὸν

604 3175 749 3213 mum
784 3167 1024 3226 superat,
1064 3164 1117 3210 et
1146 3156 1213 3209 ad
1246 3156 1513 3231 Adamum
1544 3157 1811 3226 pervenit,
1849 3164 1905 3209 ut
1932 3172 2055 3211 eum
2082 3157 2173 3226 qui

2294 3126 2482 3232 ;A66p.,
2518 3126 2727 3217 i'vals6v
2760 3166 2867 3219 ἀπὸ
2901 3126 3122 3236 πρώτης
3154 3126 3733 3241 π).ᾆιᾷθ’έντξινξῆἰῷάννῇί

603 3252 815 3321 primus
842 3252 1085 3304 omnium
1130 3250 1401 3305 formatus
1435 3259 1551 3305 erat
1597 3251 1664 3304 ab
1699 3266 1764 3305 eo
1801 3250 1893 3319 qui
1932 3266 1997 3304 ex
2034 3249 2176 3304 illius

602 3359 804 3405 massa,
840 3342 899 3396 Β.
935 3342 1193 3395 nimirum
1230 3341 1469 3411 Virgine,
1506 3350 1835 3412 propagatus
1869 3341 2065 3405 fuerat,
2108 3344 2176 3396 ad

602 3435 835 3487 salutem
881 3441 1217 3499 monstraret
1255 3448 1377 3487 esse
1417 3434 1729 3502 quaesitum.
1765 3432 1899 3487 Nam
1930 3442 1982 3487 et
2012 3433 2175 3502 hujus

600 3526 797 3597 ipsius,
859 3526 950 3594 qui
1018 3525 1176 3579 fictus
1235 3532 1320 3579 est
1366 3524 1673 3594 quondam,
1726 3531 1780 3578 et
1830 3532 2175 3594 posterorum

600 3618 777 3687 ipsius
808 3632 973 3672 causa
1007 3617 1326 3681 descendit;
1358 3632 1547 3672 eorum
1580 3617 1864 3680 duntaxat,
1901 3618 1992 3687 qui
2027 3633 2174 3672 sem-

603 3710 832 3779 piterna:
868 3709 989 3762 vitm
1021 3709 1394 3763 [nereditatem
1425 3709 1641 3777 assequi
1670 3708 1911 3763 student.
1952 3708 2174 3763 Domum

597 3812 727 3851 vero
785 3797 1053 3851 Adamum
1108 3812 1327 3866 quoque
1375 3805 1792 3866 praetergressus
1821 3797 1925 3863 ait,
1951 3800 2040 3866 qui
2073 3798 2175 3866 fuit

604 3889 695 3943 Dei
722 3892 762 3941 ⁵,

668 3980 796 4034 Inde
826 3996 989 4051 porro
1023 3980 1310 4035 manifesto
1342 3986 1557 4034 constat
1588 3977 1679 4034 Dei
1717 3979 1866 4033 illum
1898 3980 2177 4035 exstitisse

596 4070 815 4135 Filium,
834 4072 926 4140 qui
950 4087 1013 4125 ex
1037 4070 1227 4125 Adami
1257 4070 1464 4125 semine
1483 4070 1798 4123 continuata
1829 4072 2177 4124 successione

596 4180 763 4218 carne
792 4164 1053 4233 praeditus
1086 4162 1323 4216 advenit.
1363 4160 1562 4217 Verum
1599 4178 1667 4216 ne
1694 4161 1774 4217 sic
1804 4162 2019 4231 quidem
2045 4163 2174 4216 caeci

596 4255 844 4309 homines
891 4262 1096 4307 tantam
1149 4253 1323 4305 lucem
1378 4251 1658 4320 percipere
1700 4258 2029 4319 potuerunt;
2080 4252 2173 4306 sed

596 4350 740 4401 ultro
769 4363 798 4399 a
833 4348 1061 4401 veritate
1092 4347 1427 4423 aberrantes,
1462 4352 1516 4396 et
1554 4358 1791 4398 errorem
1817 4345 2170 4406 asciscentes,

2279 3252 2538 3321 τούμενον
2566 3253 2656 3306 διὰ
2681 3255 2773 3307 τοῦ
2819 3256 2928 3309 ἀπὸ
2974 3256 3066 3309 τοῦ
3115 3258 3437 3328 φυράματος
3472 3260 3635 3312 αὐτοῦ
3685 3260 3863 3315 ἐλθόν.

2278 3361 2390 3407 τος,
2444 3346 2721 3399 τουτέστιν
2763 3347 2871 3400 ἀπὸ
2927 3348 3027 3417 τῆς
3087 3349 3247 3417 ἁγίας
3297 3351 3573 3421 Παρθένου
3618 3353 3861 3424 Μαρίας.

2280 3433 2450 3489 Ἦλθε
2482 3439 2589 3507 γὰρ
2620 3439 2685 3490 δι’
2729 3440 2932 3491 ἐκεῖνον
2962 3440 3051 3492 τὸν
3084 3442 3213 3493 ποτὲ
3238 3441 3562 3506 πλασθέντα,
3599 3445 3694 3497 καὶ
3739 3446 3863 3508 τοὺς

2278 3530 2372 3582 ἀπ’
2428 3530 2590 3582 αὐτοῦ
2644 3530 3101 3600 γεγεννημένους,
3160 3532 3409 3596 θέλοντας
3449 3534 3591 3604 ζωὴν
3645 3533 3861 3589 αἰώνιον

2279 3622 2702 3691 κληρονομῆσαι.
2752 3621 3023 3692 ’Υπερὸὰς
3073 3624 3131 3677 δὲ
3171 3624 3263 3677 τὸν
3308 3624 3497 3695 Ἀδὰμ,
3543 3626 3710 3695 λέγει,
3754 3626 3858 3680 τοῦ

2281 3714 2444 3768 Θεοῦ.

2364 3972 2641 4025 Ἐντεῦθεν
2670 3972 2853 4026 λοιπὸν
2892 3973 3001 4044 (51)
3040 3970 3106 4044 ἦν
3147 3974 3471 4046 φανέρωσις,
3507 3976 3587 4028 ὅτι
3628 3974 3721 4027 τοῦ
3758 3974 3858 4045 μὲν

2278 4064 2412 4117 Θεοῦ
2437 4061 2503 4135 ῆν
2535 4066 2681 4129 Υἱὸς,
2709 4066 2797 4119 διὰ
2826 4067 2882 4120 δὲ
2913 4067 3004 4119 τοῦ
3040 4067 3348 4139 σπέρματος
3379 4067 3472 4121 τοῦ
3515 4068 3684 4138 Ἀδὰμ
3715 4067 3858 4121 κατὰ

2281 4158 2526 4229 διαδοχὴν
2559 4160 2617 4211 ἐν
2654 4159 2813 4228 σαρκὶ
2846 4160 3193 4229 παρεγένετο.
3240 4159 3400 4212 Ἀλλὰ
3438 4159 3537 4211 οὐκ
3571 4158 3726 4227 ἔσχον
3752 4159 3858 4213 πά-

2278 4248 2359 4299 λιν
2384 4248 2659 4316 φωτισμὸν
2675 4250 2721 4299 oi
2740 4248 2985 4319 πεπλανη
2996 4249 3163 4319 μένοι.
3191 4249 3499 4317 ’Δντέλεγον
3520 4249 3576 4301 δὲ
3598 4248 3673 4319 τῷ
3690 4249 3853 4318 λόγῳ,

2279 4341 2504 4401 ἑαυτοὺς
2528 4339 2835 4403 πλανῶντες
2860 4340 3002 4411 ὑπὲρ
3030 4342 3128 4413 τὴν
3158 4340 3436 4412 ἀλήθειαν.
3474 4342 3751 4409 Ἔφασκον
3777 4341 3854 4405 δὲ,

593 4439 877 4492 catholicae
915 4438 1175 4491 doctrinm
1222 4434 1691 4490 contradicebant.
1741 4433 1831 4489 Sic
1865 4440 2008 4490 enim
2043 4436 2177 4505 obji-

2283 4430 2360 4481 ὅτι
2403 4428 2530 4481 Ἰδοὺ
2567 4429 2746 4501 τρίτον
2790 4430 3118 4499 Εὑαγγέλιον
3150 4432 3210 4484 τὸ
3250 4432 3390 4485 κατὰ
3420 4433 3653 4485 Λουκᾶν.
3686 4433 3857 4485 Τοῦτο

594 4528 807 4582 ciebant
859 4547 871 4581 :
922 4526 1062 4580 Ecce
1114 4526 1329 4580 tertium
1371 4524 1482 4593 jam
1539 4522 1889 4593 Evangelium
1948 4540 1978 4578 a
2025 4524 2173 4580 Luca

594 4620 984 4688 conscriptum.
1028 4615 1105 4669 Ea
1138 4615 1335 4685 quippe
1374 4614 1652 4684 provincia
1688 4613 1846 4668 Luca:
1882 4616 2173 4669 commissa

594 4714 687 4765 uni
744 4728 809 4765 ex
859 4726 1005 4764 Lxxu
1044 4708 1355 4777 discipulis,
1411 4722 1549 4777 quos
1594 4706 1795 4761 Christi
1846 4707 1936 4762 ille
1994 4724 2173 4763 sermo

595 4805 910 4867 dissiparat,
942 4816 1102 4872 quem
1150 4799 1349 4855 deinde
1385 4797 1586 4853 Paulus
1631 4800 1911 4868 apostolus
1954 4814 2173 4853 revoca—

2282 4522 2391 4593 γὰρ
2418 4523 2699 4594 ἐπετράπη
2727 4521 2803 4591 τῷ
2829 4524 3030 4594 Λουκᾷ,
3059 4524 3169 4577 ὄντι
3196 4526 3288 4578 καὶ
3317 4524 3465 4596 αύτῷ
3483 4525 3593 4596 (⁸52)
3616 4526 3722 4579 ἀπὸ
3747 4526 3857 4579 τῶν

2293 4612 2692 4682 Ἑϐδομήκοντα
2725 4611 2816 4665 δύο
2847 4612 2953 4665 τῶν
2984 4613 3511 4685 διασκορπισθέντων
3538 4616 3630 4667 ἐπὶ
3654 4615 3731 4687 τῷ
3760 4617 3853 4670 τοῦ

2280 4708 2529 4779 Σωτῆρος
2568 4708 2740 4778 λόγῳ,
2776 4709 2860 4762 διὰ
2894 4708 2950 4761 δὲ
2986 4709 3197 4763 Παύλου
3226 4709 3319 4763 τοῦ
3352 4709 3509 4777 ἁγίου
3550 4710 3712 4763 πάλιν
3752 4713 3853 4765 έπ-

2278 4799 2693 4870 ανακάμψαντος
2728 4800 2862 4871 πρὸς
2889 4802 2979 4853 τὸν
3010 4800 3231 4871 Κύριον,
3265 4799 3657 4871 ὲπιτραπέντος
3680 4802 3735 4855 δὲ
3758 4802 3857 4857 αὐ-

664 4966 679 4994 ¹
706 4962 848 5015 Luc.
887 4977 966 5025 ιιι,
997 4962 1087 5015 25.
1165 4962 1184 4991 ²
1221 4958 1409 5013 Matth.
1450 4974 1487 5021 ι,
1520 4957 1608 5011 20.
1684 4958 1702 4988 ³
1735 4956 1866 5012 Luc.
1904 4974 1984 5021 ιιι,
2014 4958 2084 5012 9.5
2120 4973 2178 5028 sq

2316 4960 2335 4988 ‘
2361 4958 2490 5014 ibid.
2522 4958 2609 5013 58.

666 5117 882 5188 (50)Διὰ
899 5116 964 5169 τὸ
982 5114 1809 5188 μεμνηστεῦθαιλτρεσόὐτης.
1832 5112 1985 5188 Quod
2016 5111 2163 5169 Jose-

576 5184 733 5259 phus
757 5184 1032 5259 decrepita
1066 5190 1173 5255 jam
1193 5195 1392 5259 Maztate
1421 5184 1645 5259 Mariam
1666 5184 1882 5259 duxerit
1907 5194 2059 5259 vetus
2079 5193 2163 5238 est

589 5254 795 5330 opinio.
816 5254 1480 5330 Quodautem_libe_ros_ex
1508 5256 1687 5330 priore
1716 5254 1898 5323 aliqua
1929 5256 2160 5325 conjuge

589 5326 910 5398 susceperit,
943 5328 1044 5382 etsi
1077 5326 1127 5380 id
1156 5326 1489 5396 Epiphanius
1506 5327 1704 5394 aliique
1726 5332 1933 5398 Veteres
1956 5340 2159 5398 memoj

588 5403 683 5455 riae
724 5394 1083 5469 prodiderint,
1150 5394 1669 5469 [e'elam‘anttamen
1721 5394 1919 5449 merito
1976 5396 2159 5449 caateri

584 5466 796 5527 omnes.
832 5470 905 5523 De
934 5484 1041 5537 qua
1078 5484 1137 5521 re
1164 5466 1427 5520 Baronius
1460 5467 1519 5537 in
1552 5468 1745 5533 Appar.

659 5542 767 5610 (5i)
819 5535 1125 5610 Ἐντεῦθεν
1175 5538 1400 5610 τοίνυν.
1457 5535 2009 5610 HrecLigittutrverba
2073 5536 2163 5610 τού

585 5605 721 5663 Θεοῦ
752 5605 757 5609 ’
788 5610 855 5661 ad
912 5608 1100 5664 Jesum
1142 5608 1418 5678 pertinere
1466 5605 1694 5661 credidit
1725 5605 1919 5674 Epiph.
1958 5620 2065 5661 non
2096 5607 2163 5661 ad

586 5682 873 5735 Adamum.

658 5751 768 5821 (52)
806 5748 889 5813 Τῷ
912 5749 1136 5815 Λουκᾷ,
1191 5750 1317 5821 ὄντι
1364 5748 1461 5821 καὶ
1489 5746 1667 5821 αὐτῷ.
1706 5746 1861 5821 Quod
1905 5745 2080 5821 Lucas
2107 5762 2161 5821 _e

584 5815 982 5889 discipulorum
1004 5834 1230 5873 numero
1263 5819 1449 5881 fuerit,
1478 5818 1675 5872 asserit
1700 5825 1753 5870 et
1770 5815 2085 5889 Dorotheus
2106 5817 2157 5870 in

589 5885 837 5960 Synopsi,
865 5892 1112 5960 quamvis
1132 5889 1185 5945 id
1205 5891 1395 5963 _iosum
1418 5889 1485 5946 ab
1511 5904 1576 5945 eo
1599 5887 1784 5960 negari
1815 5885 2155 5945 Maldonatus

2270 5115 2573 5187 scripserit.
2630 5114 2737 5170 Sed
2793 5127 2988 5171 contra
3028 5118 3273 5173 sentiunt
3299 5118 3569 5187 plerique.
3606 5126 3658 5174 et
3696 5118 3748 5174 id
3786 5136 3855 5174 ex

2268 5185 2403 5253 ipsis
2433 5185 2603 5259 Luae
2637 5187 2818 5259 verbis
2841 5189 3123 5259 colligunt,
3162 5185 3403 5243 cum—ait
3427 5185 3659 5255 εἜδοξε
3686 5191 3856 5259 κάμοὶ

2268 5256 2771 5329 παρηκολουθηκότι
2798 5256 3001 5311 ἄνωθεν
3034 5262 3197 5312 πᾶσιν
3228 5260 3471 5329 ἀκριϐῶς
3507 5259 3742 5327 καθεξῆς
3764 5256 3855 5311 ’σοι

2288 5326 2495 5399 έράψαι.
2525 5326 2629 5381 Sed
2659 5335 2867 5380 tantum
2888 5330 3060 5393 abest,
3080 5340 3138 5383 ut
3163 5331 3277 5384 haec
3296 5326 3627 5399 discipulum
3646 5326 3853 5383 Christi

2294 5398 2458 5469 uisse,
2509 5412 2573 5451 ac
2630 5413 2737 5452 non
2781 5399 3058 5469 pleraque,
3089 5415 3213 5453 cum
3264 5399 3331 5452 ab
3379 5398 3455 5453 eoi
3500 5406 3848 5469 gererentur,

2264 5468 2439 5539 oculis
2468 5483 2765 5539 usurpasse
2798 5468 3014 5539 negent,
3045 5477 3105 5524 ut
3134 5470 3471 5524 contrarium
3511 5468 3695 5539 potius
3725 5470 3854 5523 hinc

2268 5538 2391 5591 elici
2430 5536 2620 5611 possit.
2682 5536 2916 5592 Verbum
2948 5536 3557 5611 οηίιηᾼπαρακολουθεῗν
3592 5555 3854 5611 nonnun-

2267 5623 2430 5677 quam
2464 5608 2531 5660 ad
2566 5623 2684 5662 eam
2720 5610 2984 5665 .notitiam
3037 5608 3293 5672 refertur,
3326 5624 3447 5679 quae
3480 5612 3657 5664 oculis
3691 5610 3852 5679 ipsis.

2268 5693 2332 5731 ac
2361 5679 2583 5747 propria
2636 5679 2997 5750 intelligentia
3054 5689 3444 5750 comparatur,
3471 5696 3579 5733 non
3615 5680 3853 5733 aliorum

2265 5750 2629 5804 sermonibus.
2698 5748 2764 5803 Ut
2790 5750 2914 5802 etim
2975 5748 3240 5816 Demost.,
3289 5751 3348 5803 ὲν
3381 5749 3458 5819 τῷ
3493 5751 3631 5815 Περὶ
3659 5753 3855 5816 Παρα-

2263 5820 2605 5890 πρεσϐείας,
2637 5819 2703 5875 de
2729 5819 3010 5877 ASscltine.
3054 5821 3215 5889 cujus
3258 5819 3311 5873 in
3346 5820 3617 5890 legatione
3664 5834 3853 5874 comes

2260 5888 2471 5958 fuerat,
2524 5891 2603 5947 sic
2657 5891 2897 5947 loauitur
2931 5908 2943 5943 :
2980 5891 3090 5956 Ιςαὶ
3128 5888 3173 5943 ο
3232 5888 3426 5943 τούτού
3462 5889 3850 5961 πονηρεύματα
