4176 6386
424 396 528 455 309

1103 389 1471 447 ADVERSUS
1510 389 1853 448 IUERESES
1892 389 2020 445 LIB.
2063 388 2125 441 ll.
2170 384 2333 442 TOM.
2373 388 2392 442 l
2432 418 2503 430 —
2542 385 2813 441 llAZRES.
2857 383 2941 442 LI.

3578 382 3689 443 ΜΟ

425 513 513 567 τοῦ
536 510 770 584 κηρύξαι
792 509 851 564 τὺ
872 506 1220 576 Εὐαγτὲλιον·
1248 507 1340 559 καὶ
1364 506 1621 579 κηρύττει
1653 507 1868 580 πρῶτον
1886 506 1995 576 (55)

2109 503 2197 556 vit.
2260 500 2399 555 Huic
2443 500 2607 571 igitur
2652 500 2984 570 praedicandi
3036 494 3315 574 Evangelii
3357 518 3559 559 munus
3602 505 3688 559 est

421 609 478 658 ἐν
502 604 801 675 Δαλματίᾳ,
832 603 927 657 καὶ
953 599 1174 670 Γαλλίᾳ,
1206 600 1300 652 καὶ
1332 600 1389 653 ἐν
1428 600 1648 672 Ἰταλίᾳ,
1685 601 1780 653 καὶ
1812 599 2000 653 Μακε-

418 697 586 769 δονίᾳ.
631 695 798 768 Ἀρχὴ
828 695 885 747 δὲ
909 696 967 748 ὲν
996 694 1061 762 τῇ
1091 690 1312 762 Γαλλίᾳ·
1348 692 1425 754 ὡς
1454 690 1548 743 καὶ
1567 690 1693 761 περί
1715 705 1874 743 τινων
1891 686 2000 739 τῶν

419 790 586 843 αὐτοῦ
616 788 924 856 ἀκολούθων
964 789 1110 858 λέγει
1140 788 1198 841 ὲν
1234 787 1354 848 ταῖς
1390 781 1555 837 αὑτοῦ
1603 780 1940 843 Ἐπιστολαῖς
1973 781 2002 833 ὁ

419 880 585 944 αὐτὸς
614 879 844 944 Παῦλος·
877 879 1167 949 Κρίσκης,
1198 876 1386 948 φησιν,
1416 876 1485 929 ἐν
1515 873 1590 943 τῇ
1615 873 1848 939 Γαλλίᾳ
1864 871 1996 941 (54).

420 972 497 1024 Ού
531 970 641 1043 γὰρ
674 973 731 1024 ὲν
759 972 825 1041 τῇ
858 969 1116 1041 Γαλατίᾳ,
1153 968 1230 1032 ὥς
1268 984 1414 1030 τινες
1454 964 1817 1036 πλανηθέντες
1849 962 2001 1033 νομί-

423 1064 628 1128 ζουσιν,
651 1064 786 1117 ἀλλὰ
819 1064 876 1116 ὲν
902 1066 971 1135 τῇ
1006 1062 1226 1134 Γαλλίᾳ.

497 1156 598 1209 IB'.
628 1155 776 1225 Πλὴν
810 1154 903 1207 ἐπὶ
930 1153 990 1206 τὸ
1024 1150 1383 1223 προκείμενον
1411 1149 1721 1218 ἐλεύσομαι.
1761 1146 2002 1214 Ἀνενέγ-

426 1266 622 1313 καντος
646 1248 753 1319 γὰρ
777 1244 869 1300 τοῦ
897 1246 1080 1299 Δουκᾶ
1099 1244 1199 1307 τὰς
1215 1242 1567 1312 γενεαλογίας
1593 1241 1700 1293 ἀπὸ
1723 1239 1831 1292 τῶν
1856 1238 2002 1292 κάτω

426 1341 521 1394 ἐπὶ
548 1339 618 1392 τὰ
646 1338 778 1402 ἄνω,
810 1337 906 1391 καὶ
939 1335 1243 1406 φθάσαντος
1279 1334 1378 1399 τὴν
1412 1333 1647 1404 ἔμφασιν
1679 1328 2002 1402 ποιήσασθαι

420 1434 522 1504 τῆς
554 1430 760 1485 ἄνωθεν
786 1429 880 1484 τοῦ
903 1427 1039 1482 Θεοῦ
1068 1427 1241 1496 Λόγου
1266 1425 1588 1497 παρουσίας,
1620 1422 1755 1492 ὁμοῦ
1786 1439 1842 1475 τε
1874 1438 2001 1474 συν-

420 1519 687 1589 αφθέντος
718 1520 785 1590 τῇ
824 1517 1074 1588 ὲνσάρκῳ
1111 1513 1276 1569 αὐτοῦ
1304 1512 1605 1584 οἰκονομίᾳ,
1644 1512 1736 1564 ἵνα
1772 1510 2003 1579 ἀποτρὲ-

420 1613 589 1683 ψηται
633 1610 741 1665 ἀπὸ
772 1608 880 1662 τῶν
914 1606 1344 1678 πεπλανημένων
1382 1605 1481 1677 τὴν
1519 1604 1748 1673 πλάνην,
1781 1604 1881 1655 οὑκ
1921 1603 2004 1655 ὲν-

421 1701 673 1772 ενόησαν.
700 1700 792 1753 Διὸ
820 1698 1044 1771 ὕστερον
1073 1696 1374 1765 ἀναγκάζει
1402 1696 1465 1750 τὸ
1492 1697 1645 1764 ἆγιον
1666 1694 1891 1765 Πνεῦμα
1911 1695 2002 1747 τὸν

433 1793 689 1862 Ἰωάννην
732 1790 1170 1862 παραιτούμενον
1219 1787 1677 1857 εὐαγγελίσασθαι
1722 1786 1787 1839 δι’
1842 1784 2000 1837 εὐλά-

419 1885 576 1938 ϐειαν
614 1884 709 1937 καὶ
749 1881 1249 1953 ταπεινοφροσύνην
1293 1881 1385 1933 ἐπὶ
1425 1881 1492 1950 τῇ
1546 1877 1790 1948 γηραλέᾳ
1838 1874 2004 1929 αὐτοῦ
2039 1862 2081 1920 Β

423 1975 630 2048 ἡλικίᾳ,
666 1974 805 2046 μετὰ
826 1973 922 2045 ἐτη
955 1974 1280 2044 ἐνενήκοντα
1307 1971 1406 2043 τῆς
1432 1967 1625 2023 ἑαυτοῦ
1661 1968 1828 2038 ζωῆς,
1867 1968 2004 2038 μετὰ

421 2069 522 2139 τὴν
562 2066 729 2122 αὑτοῦ
772 2067 879 2121 ἀπὸ
910 2068 1009 2138 τῆς
1046 2067 1268 2137 Πάτμου
1298 2065 1410 2136 (55)
1458 2061 1734 2124 ἐπάνοδον,
1782 2059 1880 2129 τὴν
1913 2059 2006 2110 ἐπὶ

422 2160 694 2214 Κλαυδίου
727 2158 1024 2230 γενομένην
1059 2157 1354 2228 Καίσαρος.
1390 2155 1499 2210 Καὶ
1541 2151 1871 2225 μετάὶκανὰ
1911 2150 2006 2219 ἐτη

421 2248 516 2303 τοῦ
545 2249 824 2320 διατρίψαι
858 2248 1020 2301 αὑτὸν
1048 2247 1157 2300 ἀπὸ
1181 2246 1278 2316 τῆς
1320 2243 1503 2307 Ἀσίας
1525 2241 1890 2311 ἀναγκάζεται
1911 2242 2004 2293 ὲκ-

420 2341 615 2395 θέσθαι
652 2340 714 2393 τὸ
746 2339 1098 2408 Εὑαγγέλιον.
1136 2338 1248 2390 Καὶ
1278 2336 1378 2389 οὐκ
1405 2331 1473 2406 ἦν
1505 2333 1656 2405 αὑτῷ
1691 2333 1849 2405 χρεία
1877 2332 2007 2403 περὶ

424 2434 524 2505 τῆς
576 2433 843 2504 ὲνσάρκου
889 2429 1268 2502 πραγματείας
1321 2426 1683 2495 λεπτολογεῖν·
1740 2425 1840 2498 ἤδη
1897 2426 2006 2496 γὰρ

426 2525 748 2595 ἠσφάλιστο.
792 2523 953 2578 Ἀλλὰ
977 2523 1053 2587 ὡς
1078 2522 1306 2576 κατόπιν
1325 2520 1488 2573 τινῶν
1512 2520 1731 2590 βαίνων,
1754 2519 1846 2571 καὶ
1865 2517 2007 2590 ὁρῶν

424 2618 624 2681 αὐτοὺς
662 2618 755 2670 ἐπὶ
791 2617 859 2670 τὰ
904 2616 1211 2688 ἔμπροσθεν
1246 2614 1423 2678 ὂντας,
1468 2613 1561 2667 καὶ
1588 2613 1683 2665 ἐπὶ
1711 2611 1778 2665 τὰ
1803 2611 2008 2684 τραχύ-

426 2727 563 2782 τερα
596 2710 821 2774 ἑαυτοὺς
844 2709 1210 2771 ἐκδεδωκότας
1269 2707 1365 2760 καὶ
1393 2706 1601 2770 πλάνας
1633 2705 1726 2759 καὶ
1763 2704 2009 2759 ἀκανθώ-

424 2798 514 2870 δη,
548 2799 987 2853 ἀνακαλέσασθαι
1016 2799 1214 2862 αὐτοὺς
1239 2800 1317 2861 είς
1346 2796 1558 2850 εὐθεῖαν
1582 2797 1700 2850 όδὸν
1722 2796 2010 2868 προνοοῦν-

423 2908 539 2958 τος,
587 2892 681 2945 xci.
727 2890 1160 2961 ἁσφαλιζομένου
1218 2889 1752 2962 ἐπικηρυκεύσασθαι
1803 2890 2005 2952 αὐτοῖς·

427 2982 522 3035 καὶ
554 2978 695 3036 εἷπε·
729 2983 795 3035 Τί
824 2982 1130 3047 πλανᾶσθε;
1154 2982 1560 3054 ποῖτρέπεσθε;
1590 2983 1683 3035 ποῖ
1711 2979 2006 3045 πλανᾶσθε,

428 3074 692 3147 Κήρινθε,
720 3075 815 3129 καὶ
855 3074 1067 3141 Ἐὸίων,
1092 3076 1187 3129 καὶ
1214 3077 1262 3128 οί
1296 3075 1475 3139 ἄλλοι;
1504 3075 1617 3128 Οὐκ
1646 3073 1792 3126 ἐστιν
1816 3071 2008 3135 οὕτως,

428 3167 506 3230 ὡς
542 3167 810 3237 νομίζετε.
852 3167 959 3219 Ναὶ⁵
999 3167 1262 3239 ἐγεννήθη
1292 3168 1321 3220 ὁ
1355 3167 1589 3241 Χριστὸς
1629 3166 1769 3220 κατὰ
1808 3165 2008 3238 σάρκα.

425 3260 607 3332 δῆλον.
649 3259 781 3313 Ἰδοὺ
809 3260 919 3330 γὰρ
945 3258 1108 3321 αὐτὸς
1136 3258 1405 3329 ὁμολογῶ,
1436 3259 1519 3312 ὅτι
1561 3259 1615 3311 Ὁ
1636 3258 1828 3328 Λόγος
1856 3255 2013 3325 σὰρξ

425 3352 685 3423 ἐγένετο.
730 3351 889 3405 Ἀλλὰ
916 3350 1010 3422 μὴ,
1036 3350 1185 3416 ἐξότε
1208 3352 1426 3421 ἐγένετο
1455 3352 1610 3423 σάρξ,
1641 3352 1899 3422 νομίσητε
1923 3351 2015 3405 τὸν

426 3444 590 3498 αὐτὸν
618 3439 779 3498 εἶναι.
808 3445 921 3499 Οὐκ
942 3443 1058 3497 ἔστι
1086 3443 1195 3514 γὰρ
1224 3444 1333 3497 άπὸ
1354 3444 1561 3514 χρόνων
1586 3443 1804 3516 Μαρίας
1830 3443 2013 3513 μόνον,

429 3537 507 3600 ὼς
531 3537 762 3600 ἕκαστος
791 3536 950 3607 ἡμῶν
978 3538 1071 3605 ἀφ’
1092 3537 1216 3588 ὅτου
1244 3536 1497 3605 γεννᾶται
1522 3535 1777 3607 ὑπάρχει·
1805 3535 1934 3607 πρὶν
1957 3534 2015 3587 δὲ

426 3628 536 3693 τοῦ,
548 3627 895 3701 γεννηθῆναι,
924 3629 1025 3681 οὐκ
1054 3623 1215 3681 εἶναι.
1834 3642 1835 3645 ‘

2102 595 2402 660 creditum;
2438 594 2602 664 idque
2625 593 2743 663 ipse
2785 594 3022 663 primum
3072 594 3128 648 in
3159 594 3451 661 Dalmatia,
3490 594 3688 659 Gallia,

2102 684 2254 741 Italia
2296 697 2349 741 et
2397 685 2713 740 Macedonia
2762 685 3057 755 przestitit;
3107 684 3205 741 sed
3257 687 3312 740 in
3356 687 3533 741 Gallia
3578 702 3693 757 pra:

2102 778 2353 845 caneris;
2388 785 2449 832 ut
2481 778 2548 833 de
2589 778 2867 832 nonnullis
2912 777 3208 833 comitibus
3247 778 3362 833 suis
3404 778 3607 833 Paulus
3633 779 3691 833 in

2101 870 2363 941 Epistolis
2420 877 2697 924 testatur:
2741 868 3029 932 Crescens,
3082 870 3291 940 inquit,
3336 873 3390 924 in
3441 871 3619 926 Gallia
3647 872 3689 925 ¹.

2100 962 2220 1017 Non
2254 964 2397 1018 enim
2434 963 2487 1016 in
2521 960 2729 1016 Galatia
2761 962 3047 1032 legendum
3088 971 3206 1027 est,
3255 972 3317 1018 ut
3363 963 3693 1033 quibusdam

2102 1055 2381 1110 immerito
2418 1055 2642 1125 placuit,
2680 1053 2772 1108 sed
2806 1054 2862 1106 in
2898 1050 3094 1107 Gallia.

2174 1148 2287 1203 XII.
2324 1148 2430 1203 Sed
2473 1156 2535 1202 ut
2582 1148 2649 1202 ad
2689 1147 3000 1202 institutum
3038 1146 3256 1202 redeam
3289 1164 3302 1200 :
3340 1162 3463 1201 cum
3515 1146 3693 1201 Lucas

2104 1240 2173 1293 ab
2220 1238 2578 1294 inferioribus
2627 1238 2694 1292 ad
2749 1240 3035 1307 superiora
3081 1239 3461 1309 generationes
3502 1239 3695 1309 perdu.

2102 1332 2295 1393 xisset,
2345 1345 2410 1384 ac
2454 1330 2698 1385 divinum
2732 1328 2971 1385 Verbum
3004 1346 3035 1384 e
3068 1330 3207 1383 coelo
3246 1330 3529 1400 delapsum
3570 1345 3695 1386 esse

2104 1422 2505 1494 signiﬁcasset;
2556 1423 2832 1493 simulque
2877 1432 3144 1492 suscepta:
3180 1421 3365 1476 carnis
3404 1421 3473 1477 ab
3501 1422 3694 1478 eodem

2104 1515 2423 1586 mysterium
2465 1514 2764 1585 attigisset,
2798 1522 2856 1568 ut
2894 1528 3069 1571 caecos
3111 1512 3360 1568 homines
3399 1513 3468 1568 ab
3510 1528 3696 1568 errore

2105 1614 2403 1671 revocaret,
2438 1606 2543 1661 hoc
2586 1605 2662 1660 illi
2709 1611 2893 1659 tamen
2933 1603 3151 1673 assequi
3200 1604 3580 1673 nequiverunt.
3611 1602 3695 1659 0b

2111 1698 2166 1751 id
2201 1697 2398 1753 deinde
2433 1696 2673 1769 Spiritus
2699 1702 2926 1751 sanctus
2952 1694 3242 1759 Joannem,
3270 1695 3502 1750 invitum
3535 1696 3691 1764 licet,

2105 1804 2169 1843 ac
2209 1789 2468 1860 religione
2497 1787 2735 1858 quadam
2790 1796 2845 1842 et
2900 1786 3069 1841 animi
3120 1786 3495 1842 moderatione
3546 1787 3693 1842 defu-

2109 1882 2366 1951 gientem,
2398 1880 2464 1935 ad
2498 1880 2850 1937 scribendum
2881 1877 3236 1948 Evangelium
3268 1880 3500 1950 impulit,
3532 1879 3698 1953 43ῆ,

2110 1973 2301 2027 aﬂ‘ecta
2340 1974 2453 2044 jam
2500 1980 2680 2040 aetate,
2734 1979 2921 2041 utpote
2972 1971 3065 2042 qui
3116 1970 3229 2041 jam
3279 1974 3694 2043 nonagesimum

2107 2078 2309 2116 annum
2361 2062 2680 2126 excederet,
2733 2054 3021 2130 postquam
3061 2074 3093 2113 a
3146 2058 3337 2115 Patmo
3385 2061 3566 2115 insula
3617 2075 3695 2115 re-

2110 2169 2298 2209 versus
2327 2160 2431 2219 est,
2479 2154 2625 2224 quod
2652 2152 2871 2223 quidem
2909 2150 3136 2205 Claudio
3186 2152 3488 2221 imperante
3526 2153 3700 2207 conti-

2106 2247 2204 2317 git.
2235 2245 2601 2313 Quamobrem
2634 2261 2758 2303 cum
2798 2245 3000 2299 multos
3032 2244 3145 2313 jam
3186 2259 3362 2301 annos
3401 2247 3697 2303 mansisset

2108 2339 2161 2392 in
2194 2337 2345 2403 Asia,
2382 2337 2732 2409 Evangelium
2773 2337 3015 2394 scribere
3054 2345 3281 2391 coactus
3322 2345 3427 2393 est.
3478 2338 3539 2393 ln
3587 2354 3697 2409 quo

2106 2428 2243 2483 nihil
2278 2444 2418 2499 opus
2454 2429 2643 2485 habuit
2692 2429 3006 2486 accuratius
3052 2444 3116 2485 ea
3161 2430 3424 2486 mandare
3475 2431 3696 2495 litteris,

2107 2537 2227 2592 quae
2263 2521 2538 2586 Christus,
2569 2530 2839 2592 quatenus
2882 2537 3050 2579 carne
3095 2531 3215 2578 erat
3275 2522 3559 2593 praeditus,
3588 2522 3699 2577 edi-

2108 2613 2297 2669 disset.
2339 2610 2465 2668 Huic
2509 2613 2655 2667 enim
2701 2614 2941 2668 stabilita
2975 2614 3088 2683 jam
3131 2628 3197 2668 ac
3241 2614 3539 2669 constituta
3588 2613 3698 2668 fue-

2108 2712 2253 2758 rant.
2292 2703 2399 2759 Sed
2426 2703 2651 2774 perinde
2674 2704 2805 2775 egit,
2838 2720 2904 2760 ac
2938 2705 2984 2761 si
3030 2714 3154 2776 post
3194 2705 3335 2761 alios
3372 2704 3698 2770 ambularet,

2108 2812 2248 2868 quos
2276 2807 2331 2853 et
2358 2797 2740 2855 antecedentes
2768 2806 3040 2863 cerneret,
3072 2807 3127 2854 et
3156 2814 3252 2869 per
3279 2798 3605 2869 confragosa
3635 2812 3698 2853 ac

2109 2892 2283 2960 spinis
2316 2891 2495 2946 obsita
2526 2891 2667 2956 loca,
2702 2897 2756 2945 et
2781 2890 3103 2947 diverticula
3131 2890 3442 2961 gradientes
3473 2891 3529 2946 in
3555 2892 3697 2944 viam

2110 2999 2370 3039 revocare
2425 2993 2667 3055 cuperet,
2708 2993 2763 3040 et
2809 2986 2863 3039 in
2911 2992 3087 3038 tutum
3130 2985 3412 3048 reducere,
3465 2984 3542 3037 ita
3592 2983 3699 3038 illis

2110 3075 2443 3130 denuntians
2499 3083 2552 3130 et
2606 3077 2962 3131 exclamans:
2994 3076 3137 3142 Quid
3176 3076 3407 3131 erratis?
3449 3089 3559 3145 quo
3603 3089 3700 3129 vos

2116 3166 2478 3222 convertitis?
2514 3181 2653 3236 quos
2704 3166 2987 3221 anfractus
3017 3166 3284 3237 quasritis,
3330 3174 3387 3220 tu
3423 3166 3700 3229 Cerinthe,

2119 3266 2175 3313 tu
2209 3258 2432 3325 Marcio,
2468 3276 2674 3330 vosque
2709 3261 2923 3315 caeteri?
2962 3259 3081 3315 Non
3114 3262 3187 3315 ita
3221 3276 3281 3316 se
3309 3276 3399 3317 res
3432 3261 3615 3325 habet,
3644 3267 3699 3314 ut

2119 3351 2361 3407 creditis.
2391 3350 2644 3406 Christus
2677 3350 2897 3421 quidem
2946 3352 3246 3407 secundum
3279 3368 3499 3409 carnem
3540 3360 3700 3408 natus

2118 3450 2221 3503 est,
2252 3458 2428 3512 neque
2464 3443 2567 3498 hoc
2599 3444 2895 3499 obscurum
2933 3454 3038 3501 est.
3076 3445 3230 3501 Ultro
3265 3446 3317 3501 id
3347 3461 3449 3518 ego
3487 3444 3699 3501 fateor:

2130 3533 2375 3600 Verbum,
2422 3534 2666 3604 inquam,
2698 3552 2829 3589 caro
2880 3534 3079 3604 factum
3123 3546 3199 3591 est
3230 3537 3270 3589 '.
3303 3534 3503 3590 Verum
3538 3552 3607 3591 ne
3636 3537 3699 3590 al‘

2118 3640 2185 3681 eo
2213 3627 2391 3681 solum
2420 3633 2667 3697 tempore
2714 3643 2823 3697 quo
2875 3643 3007 3683 caro
3058 3627 3259 3684 factum
3303 3639 3407 3695 est,
3454 3629 3699 3685 eumdem

430 3721 603 3777 fuisse
662 3727 927 3792 putatote.
985 3718 1170 3791 Neque
1226 3719 1371 3775 enim
1433 3734 1463 3773 a
1529 3718 1711 3773 Marize
1762 3727 2008 3791 tempore
2042 3719 2305 3773 duntaxat
2348 3719 2609 3787 .exstitit;
2674 3720 3132 3791 quemadmodum
3198 3722 3425 3792 quilibet
3454 3728 3698 3777 nostrum

430 3819 545 3867 tum
576 3829 700 3868 cum
733 3822 895 3869 natus
921 3821 1026 3878 est,
1056 3829 1180 3870 esse
1221 3813 1423 3882 cmpit;
1466 3828 1567 3867 nec
1603 3822 1893 3884 antequam
1923 3818 2239 3868 nasceretur
2272 3812 2383 3866 ullo
2415 3813 2578 3868 modo
2618 3812 2738 3868 fuit.

513 3910 573 3962 '0
615 3910 670 3962 δὲ
710 3910 865 3977 ἆγιος
892 3909 1022 3973 Θεὸς
1067 3909 1259 3978 Λόγος,
1289 3910 1418 3971 Υἱὸς
1447 3908 1540 3961 τοῦ
1581 3908 1739 3975 Θεοῦ,
1780 3909 2016 3980 Χριστὸς

430 3997 637 4069 Κύριος
665 3998 824 4069 ἡμῶν
862 3998 1088 4070 Ἰησοῦς,
1124 4000 1225 4051 οὐκ
1256 3997 1405 4051 ἐστιν
1434 3999 1543 4052 ἀπὸ
1563 3997 1771 4068 χρόνων
1796 3999 2016 4066 Μαρίας

433 4091 595 4163 μόνον
671 4090 794 4144 οὔτε
841 4091 951 4144 ἀπὸ
983 4092 1189 4163 χρόνων
1249 4092 1445 4162 Ἰωσὴφ
1480 4090 1659 4161 μόνον,
1707 4090 1830 4143 οὔτε
1876 4089 2015 4153 Ἠλὶ,

431 4181 559 4237 οὔτε
592 4181 743 4247 Λευῒ,
774 4180 897 4235 οὔτε
923 4181 1248 4254 Ζοροϐάϐελ,
1279 4181 1402 4235 οὔτε
1433 4180 1722 4253 Σαλαθιὴλ,
1757 4180 1881 4234 οὕτε
1905 4181 2017 4234 Νά-

508 4338 523 4369 ¹
555 4336 595 4389 ΙΙ
627 4335 767 4390 Tim.
800 4352 874 4401 Iv,
914 4336 1000 4390 10.
1075 4337 1096 4367 ²
1125 4334 1282 4390 Joan.
1319 4336 1474 4399 1,14.

431 4493 609 4557 εἰδὼς,
668 4495 763 4547 καὶ
816 4491 1318 4564 παρηκολουθηκὼς
1353 4492 1526 4564 ἅπασι
1576 4491 1888 4564 κατηγορῶ.
1924 4490 2015 4546 Sic

432 4565 599 4637 igitur
627 4564 804 4620 Lucas
836 4563 1041 4637 ἄνωθεν
1081 4563 1621 4637 παρίηκολουθηκὲναι
1654 4563 1819 4617 πᾶσιν
1857 4564 2017 4634 ἀκρι-

473 4635 549 4699 ὦς
596 4637 820 4702 dicitur,
876 4635 981 4689 hoc
1029 4643 1113 4690 est
1146 4635 1446 4704 comperta,
1491 4635 1903 4704 explorataque,
1950 4648 2015 4686 ac

437 4714 681 4776 spectata
714 4706 878 4762 etiam
919 4707 1197 4762 habuisse.
1238 4706 1317 4759 Ac
1345 4705 1520 4760 videri
1556 4712 1757 4775 potest,
1793 4713 1848 4760 et
1877 4718 2016 4758 non-

434 4777 587 4830 nulla
616 4778 703 4831 hic
737 4776 1027 4832 antithesis
1074 4792 1215 4840 esse,
1251 4783 1310 4829 ut
1353 4791 1478 4830 cum
1510 4776 1793 4846 superiore
1847 4789 2013 4829 versu

435 4848 635 4929 dixerit
661 4864 675 4899 :
700 4847 1154 4929 Quandoquidem
1195 4847 1356 4929 multi
1382 4861 1473 4902 res
1502 4861 1530 4898 a
1557 4845 1778 4929 Christo
1808 4853 2015 4929 _gestas

430 4919 677 4973 scribere
728 4915 971 4988 aggressi
1029 4926 1178 4981 sunt,
1226 4915 1425 4988 καθὼςΔ
1452 4916 1759 4988 παρέδοσαν
1799 4915 1934 4988 ἡμῖν
1964 4917 2012 4967 ot

431 4988 525 5059 ᾁπ’
554 4988 747 5059 ἀρχῆς
769 4986 963 5043 ἐιθιίιιι
980 4989 1234 5058 subjiciat
1260 4986 1470 5053 ε”Εδοξε
1485 4986 1652 5058 κάμοὶ
1674 4986 2016 5059 παρηκολου-

433 5057 656 5130 θηκότι,
675 5057 777 5112 hoc
817 5066 920 5120 est,
952 5061 1055 5130 qui
1087 5057 1242 5123 non,
1274 5066 1334 5111 ut
1364 5059 1463 5121 illi,
1524 5057 1604 5130 ἐκ
1638 5057 2010 5130 παραδόσεως,

432 5129 528 5183 sed
558 5145 625 5183 ex
659 5130 880 5199 propria
915 5129 966 5183 id
1028 5130 1258 5185 scientia
1306 5129 1692 5198 compererim.
1725 5129 2013 5199 Caeterum

430 5197 748 5255 tametsi—ad
767 5197 907 5255 eum
939 5215 1160 5255 sensum
1207 5197 1607 5254 accommodari
1646 5197 1811 5254 Lucae
1845 5198 2013 5253 verba

430 5270 877 5340 nihiliprohibet,
919 5286 1027 5325 non
1064 5271 1273 5325 idcirco
1307 5279 1486 5323 tamen
1526 5270 1732 5324 Christi
1767 5269 2014 5340 discipu-

431 5340 546 5393 lum
576 5338 747 5396 fuisse
773 5349 926 5395 certo
970 5343 1326 5411 pronuntiare
1355 5340 1554 5411 ausim,
1588 5355 1714 5393 cum
1751 5340 1878 5394 huic
1910 5338 2012 5411 ιλιι-τ

429 5414 638 5481 versari
665 5413 950 5467 sententiae
974 5408 1143 5481 longe
1179 5412 1364 5481 plures
1406 5409 1511 5463 PP.
1546 5411 1869 5481 intelligam.
1905 5408 2015 5481 Sed

430 5480 535 5535 ista
568 5483 1020 5548 commemoravi,
1054 5480 1112 5535 ut
1144 5498 1213 5536 ne
1252 5480 1414 5536 Luca:
1440 5482 1545 5551 ipsi
1592 5481 1659 5535 de
1692 5480 1754 5536 se
1786 5480 2011 5535 testanti

434 5551 699 5622 refragari
725 5554 1017 5622 quisquam
1049 5552 1410 5622 Epiphanium
1445 5551 1762 5622 arbitretur.

506 5620 619 5694 (55‘)
639 5620 757 5676 Kal
777 5620 1050 5692 κηρύττει
1084 5620 1337 5691 πρῶτον.
1369 5621 1578 5694 Lucam
1595 5622 1649 5675 in
1675 5620 1848 5677 Gallia
1869 5635 2012 5694 pra}:

434 5691 669 5759 dicasse,
705 5691 909 5757 nullus,
949 5694 1094 5763 quod
1146 5695 1339 5751 sciam.
1368 5691 1628 5763 prodidit.
1654 5696 1831 5763 Atque
1864 5692 2007 5746 haud

434 5765 553 5837 scio
586 5764 905 5837 anGalliam
940 5764 1271 5835 Cisalpinam
1306 5764 1593 5837 intelligat,
1632 5779 1727 5837 per
1752 5778 1915 5835 quam
1954 5765 2007 5817 in

431 5832 1175 5906 Dalmatiam,Graeciamque
1197 5835 1557 5891 contenderit.
1633 5832 1650 5837 ⁷
1772 5832 1784 5835 “
1896 5854 1899 5859 ⁴

2184 3909 2255 3962 At
2311 3919 2700 3964 sacrosanctus
2753 3908 2898 3965 Deus
2954 3905 3215 3975 Verbum,
3267 3922 3331 3962 ac
3381 3906 3476 3963 Dei
3509 3906 3698 3963 Filius.

2110 3998 2363 4056 Christus
2388 3998 2549 4056 Jesus
2576 4000 2841 4056 Dominus
2866 4009 3075 4066 noster,
3120 4017 3227 4055 non
3252 4016 3282 4054 a
3312 3999 3496 4055 Mariae
3525 4001 3703 4056 solum

2113 4098 2358 4162 tempore
2383 4106 2508 4146 esse
2538 4092 2724 4163 cmpit,
2750 4108 2930 4162 neque
2952 4091 3177 4161 Josepli,
3205 4092 3286 4146 vel
3316 4090 3419 4155 Eli,
3442 4092 3526 4147 vel
3548 4089 3701 4158 Levi,

2114 4182 2199 4237 vel
2224 4181 2548 4251 Zorobabel,
2583 4183 2668 4239 vel
2694 4181 2974 4250 Salathiel,
3004 4183 3090 4238 vel
3122 4181 3359 4249 Nathan,
3388 4182 3471 4238 vel
3494 4180 3702 4249 David;

2046 4531 2094 4592 υ
2194 4492 2307 4563 (34)
2336 4495 2625 4564 Κρίσκης,
2657 4489 2879 4563 φησὶν.
2931 4493 3000 4547 ἐν
3059 4492 3133 4561 τῇ
3169 4493 3424 4561 Γαλλίᾳ.
3469 4490 3584 4549 Iino
3625 4494 3704 4560 εἰς

2120 4564 2369 4615 Γαλλίαν.
2396 4563 2532 4615 Nam
2573 4566 2734 4615 vulgo
2780 4566 2859 4615 ei:
2904 4564 3192 4615 Γαλατίαν.
3238 4563 3370 4615 Oua'.
3415 4575 3498 4615 est
3547 4574 3704 4615 vetn-

2160 4563 2532 4619 αλλίαν.⁷Νδηι
2573 4566 2734 4634 vulgo
2780 4566 2859 4628 εἰς
2904 4564 3192 4618 Γαλατίαν.
3238 4563 3370 4629 Quae
3415 4575 3498 4619 est
3547 4574 3706 4621 vetu-

2118 4635 2362 4704 stissima
2417 4645 2473 4690 et
2516 4636 2828 4690 certissima
2898 4635 3082 4695 lectio,
3145 4634 3413 4704 quidquid
3475 4634 3705 4690 afﬁrmet

2117 4703 2473 4776 Epiphanius.
2532 4704 2707 4771 Quam
2743 4712 2796 4758 et
2841 4706 3111 4776 Eusebius
3174 4707 3210 4759 Ι.
3254 4703 3313 4759 ui
3365 4705 3537 4776 Hist.,
3573 4707 3702 4767 αι.

2116 4775 2427 4847 Chrysost.,
2466 4776 2811 4837 Ambrosius,
2856 4775 3255 4847 Tlicodoretus,
3312 4790 3377 4829 ac
3420 4775 3617 4838 Graeci,
3650 4787 3705 4831 et

2115 4844 2296 4917 Latini
2360 4861 2554 4902 omnes
2605 4854 2933 4917 agnoscunt.
2966 4845 3289 4917 Quanquam
3336 4862 3446 4900 non
3479 4848 3701 4907 desunt,

2115 4916 2211 4986 qui
2244 4932 2342 4987 per
2364 4915 2806 4984 Γαλατίανῖλριιιι
2838 4917 3067 4971 Paulum
3107 4915 3340 4987 Galliam
3377 4918 3701 4987 intelligant,

2117 4984 2178 5040 ut
2230 4984 2628 5045 Theodoretus.
2689 4987 3041 5042 Crescentem
3097 5002 3229 5041 vero
3303 4984 3605 5041 Galliarum
3650 4998 3704 5043 et

2116 5055 2341 5129 Galatia:
2392 5059 2952 5129 paritergapostolum
2996 5058 3189 5120 fuisse,
3225 5056 3343 5111 Ado
3364 5058 3438 5129 _in
3468 5057 3696 5129 Martyr.

2116 5144 2149 5182 v
2184 5127 2304 5184 Kal.
2336 5125 2446 5185 Jul.
2505 5131 2560 5183 in
2593 5125 2851 5183 Chronico
2881 5136 3134 5192 testatur,
3166 5134 3225 5181 ut
3264 5135 3319 5182 et
3363 5125 3524 5181 Rom.
3561 5125 3705 5181 Mar-

2115 5205 2223 5268 tyr.
2248 5215 2471 5255 novum.
2506 5197 2676 5254 Vetus
2699 5199 2845 5252 enim
2878 5199 3106 5253 Galatiae
3134 5198 3402 5252 duntaxat
3424 5198 3699 5268 meminit.

2114 5266 2183 5323 Et
2209 5278 2361 5326 certe
2384 5269 2619 5325 dubitari
2641 5276 2842 5339 potest,
2871 5278 3054 5323 utrum
3085 5284 3195 5323 non
3219 5268 3381 5322 modo
3408 5266 3701 5339 Crescens,

2115 5340 2213 5410 sed
2265 5343 2351 5396 vel
2410 5340 2553 5396 alius
2597 5338 2889 5410 quisquam
2946 5355 3042 5410 per
3095 5339 3187 5393 illa
3218 5346 3467 5408 tempora
3505 5338 3703 5394 Galliis

2113 5408 2395 5480 Evangelii
2420 5413 2595 5465 lucem
2619 5408 2961 5480 importaritl

2183 5478 2293 5551 (55)
2322 5481 2482 5536 Μετὰ
2501 5480 2618 5549 τὴν
2649 5478 2833 5535 αὑτοῦ
2862 5480 2980 5551 ἀπὸ
3017 5478 3127 5549 τῆς
3156 5480 3418 5549 Πάτμου.
3447 5478 3571 5551 Νριιί
3601 5479 3699 5550 igi-

2113 5549 2205 5606 tur
2253 5549 2309 5607 in
2361 5552 2553 5606 Patmo
2615 5551 2839 5619 scripsit
2888 5550 3296 5621 Evangelium,
3328 5551 3424 5606 sed
3475 5549 3697 5619 Ephesi.

2111 5622 2300 5693 Neque
2339 5638 2469 5678 vero
2522 5622 2627 5678 sub
2680 5621 2932 5685 Claudio,
2976 5619 3071 5677 sed
3119 5622 3225 5678 sub
3252 5619 3429 5677 Nerva
3464 5621 3704 5693 Cocceio

2112 5695 2180 5765 ab
2212 5692 2409 5749 exsilio
2436 5708 2689 5749 reversus
2723 5700 2829 5756 est,
2858 5693 3111 5765 quamvis
3142 5694 3339 5749 iterum
3370 5698 3564 5765 postea
3597 5692 3703 5748 sub

2111 5764 2343 5820 Claudio
2385 5772 2697 5821 revocatum
2744 5764 2963 5821 asserit.
3376 5764 3383 5765 '
3542 5788 3545 5791 »
