4176 6386
509 339 604 394 911
953 396 1001 435 Α

1913 339 1968 394 S.
2021 339 2366 394 EI’IPHANII

3676 344 3783 401 912

507 469 682 526 neque
721 453 788 509 ab
813 451 1004 518 Iacob,
1037 460 1131 508 aut
1157 452 1329 518 Isaac,
1358 460 1451 508 aut
1485 453 1553 508 ab
1583 452 1775 509 Adaml
1807 467 1871 507 ac
1904 452 2092 509 Noemi

2195 454 2318 522 θαν,
2349 451 2472 508 οὔτε
2499 452 2683 520 Δαόὶδ,
2719 452 2841 508 οὔτε
2869 454 2977 509 ἀπὸ
3022 455 3237 522 Ἰακὼϐ,
3265 455 3388 510 οὔτε
3420 457 3527 511 ἀπὸ
3573 459 3778 524 Ἰσαὰκ,

505 548 910 618 Abrahamique
939 549 1276 618 temporibus
1302 565 1316 614 ;
1360 549 1452 604 sed
1479 564 1577 603 nec
1610 564 1640 602 a
1665 548 1753 604 die
1770 548 1980 618 quinta,
2007 548 2091 602 vel

504 654 722 711 quarm,
745 642 828 697 vel
860 641 1039 703 tertia,
1069 641 1154 696 vel
1175 641 1412 700 secunda
1439 658 1454 706 ;
1479 641 1587 694 imo
1609 656 1676 696 ne
1693 657 1762 696 ex
1782 657 1847 696 eo
1871 641 2090 711 quidem

507 743 770 804 tempore.
803 749 913 803 quo
942 733 1138 788 emtum
1163 748 1227 786 ac
1252 741 1400 788 terra
1425 733 1770 803 mundusque
1795 732 2092 788 fabricatus

506 837 591 882 est
624 845 638 882 :
672 826 766 882 sed
801 825 867 880 In
895 826 1154 896 principio
1185 835 1299 880 erat
1349 824 1597 891 Verbum,
1636 835 1685 880 et
1723 825 1940 879 Verbum
1980 834 2094 879 erat

507 917 648 986 apud
679 917 864 980 Deum,
904 927 953 969 et
983 915 1122 969 Deus
1151 925 1266 969 erat
1300 913 1544 968 Verbum.
1580 914 1772 969 Omnia
1811 929 1901 980 per
1925 916 2094 981 ipsum

510 1010 655 1077 facta
681 1019 824 1069 sunt,
857 1019 906 1062 et
935 1008 1046 1060 sine
1065 1008 1175 1076 ipso
1199 1006 1400 1074 factum
1431 1016 1508 1060 est
1541 1005 1692 1070 nihil,
1723 1006 1860 1076 quod
1894 1005 2095 1074 factum

509 1113 609 1162 est.
638 1111 748 1156 etc.
772 1100 839 1154 Et
879 1099 1095 1154 Verbum
1119 1116 1244 1152 caro
1279 1100 1480 1169 factum
1519 1108 1617 1161 est,
1655 1107 1702 1151 et
1747 1098 1999 1150 habitavit
2041 1098 2093 1149 in

512 1193 683 1258 nobis,
726 1203 775 1247 et
818 1193 1040 1246 vidimus
1094 1192 1248 1245 illud.
1288 1190 1525 1246 Deinde:
1578 1189 1703 1243 Fuit
1727 1189 1880 1244 homo
1901 1189 2093 1242 missus

513 1301 547 1338 a
586 1283 732 1349 Deo,
773 1285 858 1337 cui
883 1300 1069 1336 nomen
1096 1293 1209 1336 erat
1231 1282 1486 1336 Ioannes.
1533 1279 1635 1334 Hic
1677 1282 1811 1336 venit
1847 1283 1901 1334 in
1957 1283 2098 1335 testi-

513 1378 767 1439 monium,
820 1385 876 1428 ut
909 1377 1262 1429 testimonium
1311 1373 1596 1444 perhiberet
1651 1373 1715 1427 de
1769 1373 1986 1436 lumine,
2038 1384 2093 1425 ut

513 1487 690 1524 omnes
741 1471 1005 1525 crederent
1055 1485 1145 1537 per
1195 1468 1370 1522 illum.
1426 1466 1548 1522 Non
1593 1477 1707 1521 erat
1748 1467 1876 1532 lux,
1919 1467 2006 1521 sed
2037 1479 2093 1520 ut

515 1563 868 1616 testimonium
905 1560 1194 1629 perhiberet
1241 1559 1304 1613 de
1345 1560 1561 1614 lumine.
1619 1558 1752 1613 Erat
1793 1560 1887 1612 lux
1934 1576 2091 1622 vera,

512 1668 630 1721 qua:
662 1651 932 1706 illuminat
978 1668 1181 1706 omnem
1215 1651 1476 1704 hominem
1523 1651 1809 1705 venientem
1850 1651 1904 1704 in
1959 1651 2094 1704 hunc

514 1743 788 1799 mundum.
849 1742 915 1796 In
975 1743 1170 1796 mundo
1230 1751 1366 1805 erat,
1410 1752 1459 1796 et
1517 1742 1743 1798 mundus
1783 1759 1873 1809 per
1921 1743 2092 1813 ipsum

2191 545 2317 598 οὔτε
2339 545 2448 600 ἀπὸ
2473 546 2680 617 χρόνων
2702 546 2796 600 τοῦ
2833 547 3028 618 ’Δδέιμ,
3049 547 3172 602 οὗτε
3194 549 3340 612 Νῶε,
3363 548 3485 602 οὔτε
3501 550 3779 621 ’Δϐραὰμ,

2192 639 2317 692 οὔτε
2348 639 2458 694 ἀπὸ
2492 639 2591 710 τῆς
2617 639 2875 710 πέμπτης
2901 640 3132 711 ἡμέρας,
3165 640 3288 694 οὔτε
3317 641 3425 695 ἀπὸ
3455 644 3557 712 τῆς
3587 643 3782 713 τετάρ-

2193 747 2293 800 της
2320 729 2554 800 ήμέρας,
2582 728 2706 782 οὔτε
2735 729 2844 784 ἀπὸ
2874 731 2973 802 τῆς
3004 731 3214 802 τρίτης,
3249 730 3372 784 οὔτε
3403 733 3509 786 ἀπὸ
3538 733 3638 803 τῆς
3664 733 3783 786 δευ-

2192 824 2378 895 τέρας,
2405 820 2529 876 οὒτε
2559 820 2742 886 seem
2775 822 3002 893 οὐρανὸς
3031 824 3123 876 καὶ
3148 826 3180 894 ή
3211 825 3282 894 γῆ
3314 825 3626 895 γεγένηται,
3657 825 3782 879 οὔτε

2194 916 2377 983 ὲξὸτου
2401 917 2428 968 ὁ
2457 914 2682 985 κόσμος·
2719 913 2854 968 ἀλλὰ
2891 916 2994 968 Ἐν
3022 914 3180 984 ἀρχῇ
3211 912 3289 985 ἦν
3320 920 3352 970 ό
3376 918 3589 986 Λόγος,
3619 919 3718 971 καὶ
3743 920 3776 971 ό

2196 1009 2386 1077 Λόγος
2411 1003 2490 1077 ἦν
2514 1007 2665 1076 πρὸς
2696 1006 2804 1059 τὸν
2835 1006 3004 1071 Θεὸν,
3051 1008 3150 1060 καὶ
3187 1008 3326 1075 Θεὸς
3374 1005 3455 1079 ἦν
3497 1013 3530 1063 ό
3569 1011 3780 1078 Λόγος.

2196 1099 2400 1154 Πάντα
2420 1099 2494 1153 δι’
2518 1099 2706 1154 αὐτοῦ
2731 1099 2992 1168 ἐγένετο,
3021 1101 3116 1153 καὶ
3140 1101 3318 1170 χωρὶς
3340 1103 3527 1157 αὑτοῦ
3546 1103 3784 1173 ἐγένετο

2196 1191 2338 1247 οὐδὲ
2367 1192 2456 1260 ἓν,
2489 1193 2520 1246 ὃ
2551 1193 2783 1263 γέγονε,
2822 1193 2918 1246 καὶ
2943 1195 3012 1247 τὰ
3044 1193 3188 1264 ἑξῆς.
3215 1196 3326 1250 Kal
3355 1199 3387 1250 ό
3412 1198 3603 1266 Λόγος
3627 1196 3782 1265 σὰρξ

2198 1285 2458 1354 ἐγένετο,
2488 1286 2587 1342 καὶ
2616 1285 2972 1352 ἐσκήνωσεν
2991 1287 3060 1340 ἐν
3085 1285 3249 1356 ἡμῖν,
3291 1289 3390 1342 καὶ
3416 1289 3657 1358 εἴδομεν
3684 1293 3785 1345 αὐ-

2195 1379 2320 1432 τόν.
2354 1375 2508 1432 Εἶτα·
2557 1378 2820 1448 Ἐγένετο
2853 1377 3162 1446 ἅνθρωπος
3190 1380 3650 1450 ἀπεσταλμένος
3674 1396 3785 1435 πα-

2187 1469 2268 1539 ρὰ
2303 1471 2472 1531 Θεοῦ,
2503 1471 2691 1539 ὄνομα
2726 1471 2888 1537 αὐτῷ
2928 1473 3220 1539 Ἰωάννης.
3265 1468 3454 1538 Οὗτος
3484 1469 3670 1542 ἦλθεν
3695 1476 3785 1540 εὶς

2190 1561 2540 1630 μαρτυρίαν,
2577 1561 2678 1614 ἵνα
2720 1563 3080 1632 μαρτυρήσῃ
3119 1563 3249 1631 περὶ
3286 1563 3391 1617 τοῦ
3433 1565 3649 1634 φωτὸς,
3683 1568 3784 1619 ἵνα

2194 1651 2418 1715 πάντες
2443 1655 2818 1708 πιστεύσωσι
2853 1653 2928 1708 δι’
2953 1655 3160 1708 αὐτοῦ.
3196 1657 3319 1710 Οὐκ
3348 1652 3428 1726 ἦν
3458 1656 3692 1725 ἐκεῖνος
3713 1659 3784 1726 to

2194 1743 2340 1812 φῶςυ
2386 1745 2524 1799 ἀλλ’
2566 1745 2668 1799 ἵνα
2705 1745 3068 1815 μαρτυρήσῃ
3107 1748 3242 1816 περὶ
3276 1722 3383 1802 τού
3416 1751 3633 1818 φωτός.
3667 1722 3786 1805 I31:

513 1833 686 1902 factus
712 1843 812 1898 est,
851 1845 899 1888 et
924 1832 1148 1886 mundus
1175 1849 1294 1886 eum
1345 1848 1447 1886 non
1486 1835 1743 1903 cognovit.
1783 1832 1846 1886 In
1878 1835 2093 1901 proiria

2195 1835 2260 1889 τὸ
2297 1834 2424 1905 φῶς
2455 1837 2521 1890 τὸ
2549 1838 2864 1905 ἀληθινὸν,
2900 1838 2932 1892 ὃ
2975 1839 3204 1908 φωτίζει
3242 1840 3440 1894 πάντα
3464 1840 3786 1910 ἄνθρωπον

513 1928 670 1992 venit,
722 1935 772 1981 et
826 1928 909 1981 sui
937 1943 1055 1982 eum
1102 1943 1206 1980 non
1250 1937 1570 1994 receperunt.
1618 1926 1781 1998 435
1827 1927 2096 1997 Quotquot

514 2030 691 2074 autem
717 2030 1015 2089 receperunt
1043 2036 1181 2085 eum,
1214 2018 1357 2072 dedit
1388 2020 1462 2072 eis
1493 2028 1802 2088 potestatem
1826 2018 1966 2087 ﬁlios
1999 2018 2097 2073 Dei

514 2115 633 2184 ﬁeri
665 2130 683 2168 :
721 2115 810 2184 qui
839 2131 940 2168 non
979 2129 1044 2166 ex
1075 2111 1420 2182 sanguinibus
1461 2121 1508 2166 et
1554 2129 1733 2177 carne,
1776 2113 1866 2166 sed
1905 2124 1969 2164 ea:
1989 2112 2095 2166 Deo

515 2206 628 2261 nati
661 2215 803 2259 sunt.
837 2205 904 2258 Et
937 2203 1161 2262 Verbum
1190 2223 1315 2260 caro
1338 2204 1540 2274 factum
1564 2213 1662 2267 est,
1691 2204 1785 2267 ait,
1813 2219 1861 2259 et
1889 2204 2097 2260 habita-

514 2297 585 2348 vit
609 2297 663 2348 in
685 2295 856 2349 nobis.
882 2295 1114 2350 Joannes
1140 2296 1496 2350 testimonium
1521 2294 1772 2362 perhibet,
1793 2304 1842 2350 et
1873 2295 2092 2360 clamat,

512 2387 690 2441 dicens
720 2403 738 2440 :
771 2386 874 2442 Hic
906 2397 1022 2440 erat
1049 2404 1199 2458 quem
1236 2388 1351 2441 dixi
1373 2387 1554 2447 vobis;
1584 2399 1634 2442 et
1670 2387 1733 2442 de
1770 2389 2094 2457 plenitudine

512 2480 625 2546 ejus
669 2496 762 2534 nos
800 2496 976 2533 omnes
1018 2481 1332 2547 accepimus.
1381 2479 1447 2532 Et
1497 2479 1671 2532 dicit:
1708 2477 1815 2550 Ego
1843 2496 1942 2533 non
1975 2497 2090 2534 sum

515 2569 779 2634 Christus,
807 2571 896 2625 sed
925 2586 1022 2625 vox
1053 2571 1331 2626 clamantis
1355 2571 1409 2626 in
1447 2576 1652 2624 deserto
1686 2571 1724 2624 ¹.

2194 1927 2522 1998 ἐρχόμενον
2552 1932 2640 1994 εὶς
2670 1928 2779 1982 τὸν
2801 1931 3054 1999 κόσμον.
3092 1931 3188 1984 Ἐν
3211 1931 3292 1997 τῷ
3322 1936 3528 2003 κόσμῳ
3555 1932 3653 2004 ἦν,
3681 1937 3784 1990 καὶ

2197 2023 2229 2074 ό
2261 2022 2490 2091 κόσμος
2521 2021 2596 2074 δι’
2628 2023 2817 2077 αὑτοῦ
2849 2023 3108 2093 ἐγένετο,
3144 2025 3242 2079 καὶ
3277 2029 3309 2079 ό
3342 2028 3568 2096 κόσμος
3594 2029 3786 2082 αὑτὸν

2196 2115 2307 2167 οὐκ
2327 2115 2500 2182 ἔγνω..
2534 2117 2639 2181 Εἰς
2664 2115 2736 2169 τὰ
2766 2115 2888 2169 ἴδια
2918 2112 3087 2185 ἦλθε,
3123 2117 3222 2170 καὶ
3258 2122 3310 2172 οἱ
3336 2117 3474 2172 ιδιοι
3495 2119 3683 2173 αὐτὸν
3710 2121 3784 2173 οὐ

2196 2206 2556 2274 παρέλαϐον.
2586 2209 2751 2262 Ὅσοι
2773 2208 2842 2261 δέ
2863 2209 3084 2263 ἔλαϐον
3107 2211 3315 2274 αὐτὸν,
3334 2211 3559 2265 ἔδωκεν
3579 2211 3787 2276 αὐτοῖς

2198 2296 2491 2360 ἐξουσίαν
2519 2297 2702 2351 τέκνα
2737 2299 2885 2353 Θεοῦ
2930 2301 3228 2369 γενέσθαι·
3264 2301 3320 2354 οἳ
3351 2304 3461 2356 οὐκ
3503 2303 3574 2367 ἐξ
3614 2302 3787 2373 αίμάο

2197 2405 2318 2441 των
2343 2389 2440 2442 καὶ
2468 2389 2721 2457 σαρκὸς,
2751 2391 2892 2444 ἀλλ’
2919 2391 2988 2444 ἐκ
3027 2392 3175 2446 Θεοῦ
3201 2393 3643 2462 ἐγεννήθησαν.
3674 2393 3789 2448 Καὶ

2198 2484 2232 2534 ὁ
2269 2481 2460 2549 Λόγος
2489 2482 2645 2551 σὰρξ
2675 2482 2933 2552 ἐγένετο,
2977 2485 3130 2553 φησὶ,
3177 2483 3278 2537 καὶ
3318 2485 3791 2551 κατεσκήνωσεν

2195 2572 2266 2626 ἐν
2298 2573 2461 2642 ημῖν.
2503 2573 2776 2643 Ἰωάννης
2798 2575 3105 2643 μαρτυρεῖ,
3143 2576 3241 2629 καὶ
3281 2575 3532 2645 κέκραγε
3561 2579 3780 2640 λέγων·

517 2664 705 2733 Οὗτος
738 2663 838 2736 ἦν,
871 2667 944 2722 ὃν
970 2663 1144 2721 εἷπον
1170 2667 1329 2736 ὑμῖνο
1362 2668 1461 2722 καὶ
1500 2668 1590 2720 ὅτι
1630 2668 1698 2721 ἐκ
1732 2665 1838 2720 τοῦ
1894 2667 2286 2737 πληρώματος
2338 2670 2523 2724 αὐτοῦ
2563 2670 2731 2741 ’ἡμεῖς
2777 2672 3000 2738 πάντες
3049 2673 3358 2742 ἐλάϐομεν.
3417 2676 3528 2728 Kal
3599 2680 3784 2744 λέγει·

517 2765 639 2815 Οὐκ
671 2762 785 2830 εἰμὶ
814 2761 928 2829 ἐγὼ
962 2765 994 2816 ὁ
1026 2763 1304 2830 Χριστὸς,
1336 2761 1499 2816 ἀλλὰ
1528 2763 1698 2831 φωνὴ
1723 2759 1997 2826 ,ϐοῶντος
2027 2763 2095 2816 ἐν
2131 2761 2204 2830 τῇ
2232 2762 2446 2832 ἐρήμῳ.

584 2854 722 2908 XIII.
753 2855 964 2920 Quibus
995 2856 1280 2926 expositis,
1320 2855 1395 2910 ita
1451 2855 1644 2910 deinde
1687 2856 2040 2926 prosequitur
2071 2875 2083 2909 :

518 2946 648 3002 Harc
675 2948 726 3000 in
753 2945 1052 3000 Bethabara
1082 2946 1228 3014 facta
1256 2956 1378 3000 sunt
1398 2949 1439 2998 ².
1469 2945 1523 3001 In
1556 2947 1676 3001 aliis
1697 2948 2098 3017 exemplaribus

509 3048 598 3092 est
630 3058 643 3093 :
681 3037 960 3101 Bethania,
1009 3048 1155 3092 trans
1191 3036 1503 3093 Iordanem.
1550 3036 1679 3092 Post
1732 3038 1846 3092 haec
1906 3047 2094 3092 narrat

2275 2855 2371 2908 II".
2403 2855 2506 2908 Καὶ
2531 2856 2619 2909 ὅτε
2647 2856 2914 2928 διηγεῖται
2945 2857 3120 2911 ταῦτα
3152 2858 3350 2921 πάντα,
3383 2857 3554 2926 λέγει·
3596 2859 3791 2914 Ταῦτα

2202 2947 2274 3001 ἐν
2287 2947 2602 3017 Βηθαϐαρᾷ
2621 2948 2729 3020 (56)
2748 2949 3005 3020 ἐγένετο.
3029 2951 3120 3003 Ἐν
3140 2950 3318 3013 ἄλλοις
3335 2950 3390 3003 δὲ
3408 2951 3786 3023 ἀντιγράφοις,

2202 3041 2274 3093 ἐν
2293 3044 2578 3109 Βηθανίᾳ,
2611 3043 2801 3110 πέραν
2825 3041 2930 3095 τοῦ
2965 3043 3281 3110 Ἰορδάνου.
3312 3044 3423 3096 Καὶ
3449 3045 3586 3113 μετὰ
3612 3044 3789 3097 ταῦτα

512 3130 740 3186 Ioannis
780 3130 1080 3199 discipulos
1133 3130 1498 3200 interrogasse
1532 3149 1544 3184 :
1591 3128 1780 3193 Rabbi,
1815 3129 1905 3182 ubi
1945 3129 2093 3183 habi-

2197 3132 2487 3196 δείκνυσιν,
2519 3135 2602 3186 ὅτι
2635 3130 2788 3188 εἷπον
2821 3134 2969 3204 αὐτῷ
2994 3137 3041 3187 oi
3073 3135 3180 3188 ἀπὸ
3204 3134 3296 3188 τοῦ
3327 3133 3579 3188 Ἰωάννου
3608 3135 3787 3208 μαθη-

516 3226 642 3278 tas?
671 3222 882 3288 Quibus
930 3222 1020 3277 ille
1070 3222 1390 3292 respondit:
1433 3221 1632 3288 Venite,
1678 3231 1726 3276 et
1783 3223 1969 3277 videte.
2027 3221 2095 3274 Et

513 3314 777 3376 abierunt,
809 3323 856 3367 et
885 3312 1023 3380 apud
1050 3330 1166 3367 eum
1197 3322 1503 3367 manserunt
1530 3313 1614 3368 die
1648 3314 1762 3367 illa.
1796 3313 1862 3366 Et
1888 3323 2096 3382 postera

514 3408 620 3470 die,
664 3406 796 3461 hora
838 3416 953 3460 erat
997 3407 1151 3476 quasi
1194 3406 1443 3470 decima;
1485 3416 1598 3460 erat
1641 3405 1878 3460 Andreas
1929 3408 2098 3473 frater

517 3500 750 3556 Simonis
801 3501 947 3554 Petri
999 3517 1134 3555 unus
1176 3515 1241 3554 ea;
1287 3499 1490 3554 duabus
1537 3501 1625 3569 qui
1678 3501 1843 3553 secuti
1885 3499 2095 3568 fuerant

514 3611 654 3649 eum.
690 3592 892 3648 Invenit
931 3592 1015 3646 hic
1051 3593 1252 3662 primus
1280 3593 1502 3661 fratrem
1539 3607 1696 3646 suum
1735 3591 2022 3655 Simonem,
2047 3601 2096 3645 et

515 3687 643 3746 dicit
690 3685 738 3738 ei
784 3700 803 3738 :
860 3682 1159 3738 Invenimus
1219 3682 1510 3747 Messium,
1567 3684 1657 3754 qui
1715 3683 2096 3753 interpretatur

515 3778 781 3832 Christus.
828 3776 930 3829 Hic
958 3775 1181 3828 adduxit
1217 3793 1335 3830 eum
1374 3775 1442 3829 ad
1479 3774 1684 3830 Iesum.
1735 3775 1970 3830 Intuitus
1998 3793 2090 3828 au-

516 3879 616 3923 tem
642 3885 760 3922 eum
790 3867 945 3921 Iesus
991 3867 1126 3920 dixit
1154 3882 1172 3919 :
1211 3866 1290 3920 Tu
1327 3883 1380 3921 es
1423 3865 1607 3922 Simon
1644 3867 1788 3936 ﬁlius
1825 3865 2003 3931 Iona;
2039 3882 2092 3920 tu

515 3958 784 4014 vocaberis
813 3956 1034 4025 Ccphas,
1060 3957 1197 4027 quod
1228 3959 1607 4026 interpretatur
1638 3957 1848 4014 Petrus.
1881 3957 1948 4012 In
1981 3975 2095 4012 cra-

514 4049 714 4101 stinum
747 4049 907 4100 voluit
937 4047 1081 4100 eaire
1120 4047 1172 4101 in
1215 4045 1519 4111 Galilwam,
1560 4056 1609 4101 et
1649 4047 1842 4102 invenit
1889 4047 2094 4117 Philip-

513 4156 662 4209 pum,
701 4149 746 4195 τι
773 4139 898 4192 dicit
921 4142 969 4193 ei
990 4137 1184 4193 Iesus:
1213 4137 1436 4209 Sequere
1465 4155 1564 4193 me.
1591 4138 1725 4196 Erat
1761 4148 1935 4196 autem
1966 4139 2095 4193 Phi-

517 4233 686 4301 lippus
717 4249 747 4286 a
779 4231 1085 4294 Bethsaida,
1121 4231 1328 4285 civitate
1363 4231 1589 4286 Andrea:
1621 4241 1670 4286 et
1694 4231 1859 4286 Petri.
1889 4231 2094 4286 Invenit

515 4325 794 4395 Philippus
860 4323 1203 4388 Nathanael,
1255 4333 1305 4377 et
1353 4325 1481 4378 dicit
1531 4326 1628 4378 ei:
1671 4324 1836 4392 Quem
1880 4327 2094 4395 scripsit

515 4415 726 4487 Moyses
752 4417 806 4469 in
837 4417 962 4485 lege,
999 4425 1049 4469 et
1082 4415 1363 4484 prophetae,
1387 4415 1676 4470 invenimus
1707 4417 1890 4471 Iesum
1922 4417 2092 4485 ﬁlium

2199 3224 2308 3277 ταί·
2353 3226 2562 3285 Ῥαϐϐὶ,
2615 3226 2734 3279 ποῦ
2780 3226 3018 3293 μένεις;
3057 3227 3115 3279 Ὁ
3147 3226 3203 3278 δὲ
3245 3221 3386 3279 εἶπε·
3434 3225 3634 3292 Δεῦτε,
3687 3227 3791 3281 καὶ

2200 3317 2372 3371 ῑδετε.
2415 3319 2527 3373 Kal
2565 3317 2864 3386 ἀπῆλθον,
2909 3320 3006 3372 καὶ
3040 3320 3174 3389 παρ’
3202 3317 3361 3383 αὐτῷ
3393 3319 3644 3388 ἔμειναν
3672 3321 3792 3388 τὴν

2196 3407 2428 3476 ἡμέραν
2441 3409 2699 3476 ἐκείνην.
2724 3408 2834 3462 Καὶ
2859 3406 2931 3475 τῇ
2946 3407 3175 3474 αὔριον,
3200 3404 3320 3474 ὥρα
3341 3404 3421 3476 ἦν
3433 3407 3513 3472 ὡς
3537 3406 3785 3475 δεκάτη·

2196 3496 2277 3570 ἦν
2316 3500 2586 3568 Ἀνδρέας
2629 3503 2662 3554 ό
2704 3498 2968 3567 ἀδελφὸς
3017 3499 3282 3567 Σίμωνος
3314 3498 3565 3567 Πέτρου,
3603 3495 3693 3566 εἷς
3715 3499 3788 3554 ἐκ

2196 3593 2317 3646 τῶν
2354 3593 2463 3647 δύο
2509 3591 2629 3646 τῶν
2671 3591 3223 3659 ἀκολουθησάντων
3267 3591 3450 3658 αὐτῷ.
3499 3593 3790 3660 Εὑρίσκει

2198 3682 2376 3751 οὗτος
2399 3684 2630 3752 πρῶτος
2657 3685 2766 3737 τὸν
2786 3683 3054 3752 ἀδελφὸν
3077 3685 3184 3738 τὸν
3214 3683 3369 3738 ἴδιον
3402 3685 3658 3753 Σίμωνα,
3683 3687 3786 3740 καὶ

2195 3780 2358 3846 λέγει
2405 3776 2584 3841 αὐτῷ·
2623 3775 2980 3845 Εὑρήκαμεν
3017 3777 3316 3841 Μεσσίαν,
3357 3777 3466 3830 τὸν
3498 3780 3791 3846 μεθερμη-

2196 3869 2528 3938 νευόμενον
2581 3868 2860 3936 Χριστόν.
2909 3863 3096 3933 Οὗτος
3126 3867 3352 3936 ἤγαγεν
3393 3867 3587 3921 αὐτὸν
3633 3868 3789 3937 πρὸς

2197 3963 2305 4015 τὸν
2340 3961 2589 4029 Ἰησοῦν.
2637 3960 2964 4031 Ἐμϐλέψας
2996 3960 3064 4012 δὲ
3092 3960 3252 4026 αὐτῷ
3278 3964 3310 4014 ό
3350 3961 3604 4028 Ἰησοῦς,
3629 3958 3783 4015 εἷπε·

2196 4055 2281 4110 Σὺ
2333 4051 2392 4109 εἷ
2442 4055 2636 4123 Σίμων
2683 4053 2813 4118 υίὸς
2873 4053 3052 4106 Ἰωνᾶο
3102 4052 3186 4106 σὺ
3230 4052 3512 4120 κληθήσῃ
3551 4053 3784 4122 Κηφᾶς,

2196 4149 2228 4202 ὃ
2274 4149 2658 4217 ἑρμηνεύεται
2710 4147 2950 4212 Πέτρος.
3011 4144 3090 4214 Τῇ
3136 4147 3427 4214 ἐπαύριον
3475 4146 3789 4214 ἠθέλησεν

2194 4238 2463 4306 ἐξελθεῖν
2491 4241 2578 4302 εις
2604 4237 2720 4306 τὴν
2747 4238 3105 4301 Γαλιλαίαν,
3136 4237 3233 4291 καὶ
3267 4239 3535 4306 εὑρίσκει
3566 4239 3784 4292 Φίλιπ-

2195 4347 2334 4393 πον,
2385 4329 2478 4384 καὶ
2520 4329 2683 4398 λέγει
2725 4329 2889 4394 αὐτῷ
2923 4333 2954 4382 ό
2995 4330 3247 4397 Ἰησοῦς·
3294 4331 3628 4384 Ἀκολούθει
3656 4349 3782 4400 μοι.

2194 4417 2304 4475 Ἦν
2328 4420 2396 4474 δὲ
2421 4420 2718 4485 Φίλιππος
2761 4420 2878 4474 ἀπὸ
2923 4418 3249 4486 Βηθσαὶδᾶ,
3296 4421 3365 4474 ἐκ
3406 4420 3514 4488 τῆς
3548 4422 3786 4488 πόλεως

513 4508 706 4576 Ioseph
734 4525 765 4561 a
801 4507 1094 4562 Nazareth.
1127 4507 1191 4560 Et
1224 4507 1359 4562 dixit
1383 4509 1432 4561 ei
1459 4507 1804 4563 Nathanael:
1836 4511 1877 4563 A
1910 4507 2093 4565 Naza-

2208 4512 2476 4579 Ἀνδρέου
2531 4512 2628 4565 καὶ
2679 4511 2926 4579 Πέτρου.
2977 4513 3265 4580 Εὐρίσκει
3317 4515 3617 4579 Φίλιππος
3674 4513 3788 4567 τὸν

515 4602 628 4656 reth
665 4610 834 4668 potest
867 4601 1070 4670 aliquid
1114 4601 1234 4654 boni
1280 4605 1433 4657 esse?
1481 4601 1625 4655 Dicit
1676 4603 1725 4655 ei
1773 4600 2046 4670 Philippus
2073 4617 2092 4654 :

525 4692 653 4745 Veni
691 4705 739 4745 et
792 4692 924 4745 vide.
965 4691 1155 4745 Videns
1231 4702 1404 4746 autem
1449 4691 1605 4747 Iesus
1657 4691 1957 4746 Nat/ranae!
2006 4710 2090 4746 ve-

513 4787 738 4840 nientem
771 4784 839 4837 ad
878 4801 931 4838 se
965 4783 1100 4838 dixit
1143 4785 1204 4837 de
1233 4787 1342 4852 ipso
1371 4801 1388 4838 :
1421 4784 1554 4839 Ecce
1578 4802 1691 4839 vere
1730 4784 2002 4847 Israelita,
2039 4786 2090 4836 in

512 4893 615 4948 quo
645 4875 800 4930 dolus
853 4893 955 4928 non
1009 4885 1107 4930 est.
1162 4875 1304 4930 Dicit
1348 4879 1397 4930 ei
1447 4876 1798 4932 Nathanael:
1834 4877 1980 4931 Unde
2012 4894 2091 4930 me

513 4971 696 5024 nosti?
731 4967 1014 5036 Respondit
1047 4967 1227 5030 Iesus,
1280 4978 1328 5022 et
1371 4970 1512 5021 dixit
1558 4971 1605 5023 ei
1634 4986 1651 5022 :
1690 4969 2011 5040 Priusquam
2044 4980 2090 5022 te

515 5061 793 5129 Philippus
827 5069 1050 5122 vocaret,
1094 5076 1211 5112 cum
1254 5077 1390 5114 esses
1433 5060 1527 5115 sub
1567 5062 1672 5130 ﬁcu
1725 5062 1829 5115 vidi
1871 5073 1934 5115 te.
1988 5061 2089 5115 Re-

509 5154 719 5222 spondit
743 5155 791 5207 ei
823 5152 1149 5214 Nat/innuat,
1183 5163 1233 5206 et
1273 5154 1406 5207 dixit
1439 5169 1457 5207 .°
1488 5153 1674 5219 Rabbi,
1718 5164 1774 5208 tu
1815 5171 1867 5209 es
1915 5154 2090 5208 Filius

510 5247 629 5310 Dei,
663 5255 717 5298 tu
747 5263 799 5299 es
839 5261 931 5300 rex
963 5245 1156 5299 Israel.
1189 5245 1474 5314 Respondit
1524 5244 1700 5302 Iesus.
1731 5254 1780 5300 et
1822 5245 1957 5299 dixit
1997 5248 2044 5300 ei
2072 5263 2089 5300 :

511 5341 651 5405 Quia
685 5339 799 5391 dixi
829 5338 961 5392 tibi:
1003 5337 1123 5391 Vidi
1172 5347 1218 5392 te
1266 5338 1359 5392 sub
1401 5339 1526 5408 ficu,
1565 5338 1774 5393 credis?
1801 5337 1979 5407 Majas
2010 5338 2090 5392 his

509 5430 728 5485 videbis.
763 5430 828 5484 Et
859 5432 996 5484 dixit
1026 5432 1074 5485 ei
1103 5448 1120 5484 :
1152 5431 1337 5493 Amen,
1371 5448 1520 5485 amen
1559 5431 1675 5485 dico
1706 5430 1869 5495 vobis,
1899 5430 2091 5484 videbi--

584 5592 599 5622 ¹
626 5589 785 5645 Ionn.
817 5605 859 5654 ι,
892 5590 913 5642 1
949 5606 1071 5659 sqq.
1149 5592 1167 5620 ²
1202 5590 1331 5644 ibid.
1365 5589 1435 5642 9.8
1459 5605 1580 5658 sqq.

582 5746 694 5816 ('56)
731 5747 923 5816 Ταῦτα
947 5747 1015 5799 ἐν
1039 5744 1370 5815 Βηθαϐαρςῐ.
1405 5744 1645 5814 Utraque
1673 5759 1781 5816 vox,
1813 5751 1866 5798 et
1899 5742 2092 5816 Boiha-

513 5811 754 5883 barafet
787 5815 1047 5872 Bethania
1110 5811 1571 5887 apud'autiquos‘
1612 5815 1899 5885 reperitur.
1955 5811 2089 5869 Vide

2194 4604 2540 4672 Ναθαναὴλ,
2583 4604 2680 4657 καὶ
2707 4602 2868 4672 λέγει
2899 4603 3077 4668 αὐτῷ·
3121 4606 3222 4658 Ὃν
3253 4605 3480 4675 ἔγραψε
3517 4603 3786 4672 Μωϋσῆς

2193 4698 2262 4750 ἐν
2288 4695 2367 4762 τῷ
2391 4696 2570 4766 νόμῳ,
2598 4695 2695 4748 καὶ
2721 4698 2775 4750 οἱ
2806 4696 3124 4764 προφῆται,
3157 4697 3494 4766 εὑρήκαμεν
3536 4699 3788 4768 Ἰησοῦν

2193 4791 2328 4842 υἱὸν
2373 4788 2479 4842 τοῦ
2537 4787 2748 4856 Ἰωσὴφ
2800 4789 2907 4841 τὸν
2955 4788 3072 4842 άπὸ
3122 4789 3400 4856 Ναζαρέτ.
3448 4791 3560 4844 Kal
3611 4787 3786 4845 εἶπεν

2193 4881 2351 4947 αὐτῷ
2381 4881 2728 4950 Ναθαναήλι
2771 4883 2865 4934 Ἐκ
2901 4882 3162 4950 Ναζαρὲτ
3194 4882 3448 4936 δύναταί
3472 4901 3524 4936 τι
3554 4885 3786 4954 ἀγαθὸν

2195 4971 2382 5036 circa;
2414 4973 2583 5041 Λέγει
2612 4971 2771 5037 αὐτῷ
2793 4975 2825 5026 ό
2844 4973 3159 5037 Φίλιππος·
3190 4974 3429 5041 Ἔρχου,
3467 4973 3576 5028 ἴδε.
3623 4974 3786 5031 Ἰδὼν

2197 5063 2263 5117 δὲ
2297 5067 2329 5118 ό
2371 5063 2602 5131 Ἰησοῦς
2630 5062 2740 5116 τὸν
2771 5060 3100 5130 Ναθαναὴλ
3136 5061 3468 5132 ἐρχόμενον
3494 5064 3647 5132 πρὸς
3669 5067 3785 5118 αὑ-

2196 5155 2323 5217 τὸν,
2346 5155 2509 5224 λέγει
2537 5155 2668 5223 περὶ
2694 5155 2900 5208 αὐτοῦ·
2960 5154 3073 5208 Ἴδε
3101 5154 3342 5221 άληθῶς
3384 5157 3780 5224 Ἰσραηλίτης,

2195 5247 2264 5299 ἐν
2290 5240 2337 5312 ᾧ
2369 5246 2548 5312 δόλος
2581 5248 2692 5299 οὐκ
2722 5245 2873 5300 ἐστι.
2910 5245 3077 5316 Λέγει
3108 5247 3268 5312 αὐτῷ
3295 5247 3644 5312 Ναθαναήλ’
3669 5248 3785 5300 Πό-

2195 5342 2300 5392 θεν
2325 5356 2402 5408 με
2431 5338 2780 5407 γινώσκεις;
2832 5338 3135 5407 Ἀπεκρίθη
3181 5338 3436 5406 Ἰησοῦς,
3481 5340 3582 5392 καὶ
3611 5336 3786 5392 εἶπεν

2195 5428 2371 5494 αὐτῷ’
2415 5430 2535 5498 Πρὸ
2561 5430 2667 5484 τοῦ
2696 5445 2770 5484 σε
2784 5430 3083 5483 Φίλιππον
3113 5430 3461 5502 [sem-ﬁam],
3489 5431 3637 5484 ὄντα
3664 5433 3782 5484 ὑπὸ

2239 5756 2322 5795 ua:
2344 5741 2410 5796 de
2441 5740 2545 5793 hoc
2572 5738 2695 5793 Ioco
2750 5737 3022 5808 scripsere
3062 5737 3264 5793 Masius
3300 5748 3352 5796 et
3384 5739 3672 5798 Scrrarius
3726 5741 3782 5798 in

2235 5829 2379 5868 osue.
2413 5810 2652 5867 Maldon.
2679 5818 2725 5866 et
2756 5809 2976 5866 Toletus
3010 5812 3061 5864 in
3086 5808 3288 5881 Evang.
