4176 6386
388 452 492 511 9ίὸ
1097 451 1468 516 ADVERSUS
1510 459 1854 521 HAERESES
1886 466 1982 521 LllE

2084 469 2137 526 ll.
2178 468 2344 525 TOM.
2387 468 2523 523 l.—
2550 466 2822 549 HASBES.
2865 467 2950 522 ιι.
3558 467 3663 524 sit

387 569 503 636 τὴν
526 568 748 637 συκῆν,
782 564 948 624 εἶδόν
975 584 1069 624 σε.
1099 572 1405 641 Ἀπεκρίθη
1438 576 1598 643 αὐτῷ
1622 576 1969 647 Ναθαναὴλ,

2084 584 2145 637 tis
2193 582 2382 637 caelum
2429 591 2691 651 apertum,
2732 590 2781 635 et
2831 581 3045 652 angelos
3096 580 3190 635 Dei
3232 580 3569 635 ascendentes
3611 593 3661 637 et

388 662 483 713 καὶ
501 659 650 715 εἷπε·
669 662 877 727 Ῥαϐϐὶ,
891 663 972 716 σὺ
990 659 1045 717 εἷ
1059 666 1091 717 ό
1116 665 1248 729 Υἱὸς
1267 666 1373 720 τοῦ
1393 668 1563 734 Θεοῦ,
1581 671 1661 723 σὺ
1669 672 1971 740 ,βασιλεὺς

2084 674 2443 730 descendentes
2488 691 2643 743 super
2686 672 2891 727 Filium
2942 674 3188 728 hominis.
3248 673 3315 727 Et
3361 673 3447 729 die
3504 676 3662 729 tertia

386 751 445 807 εἷ
461 753 566 808 τοῦ
595 756 849 824 Ἰσραήλ.
871 757 1183 825 Ἀπεκρίθη
1204 762 1236 813 ό
1263 760 1515 827 Ἰησοῦς,
1544 763 1644 815 καὶ
1670 760 1840 818 εἶπεν
1860 768 1968 820 αὑ-

2084 769 2275 836 nuptiaz
2304 766 2461 836 factm
2494 776 2617 820 sunt
2645 768 2699 820 in
2724 764 2871 821 Cana
2903 766 3142 821 Galilazaz
3165 770 3205 831 ί,
3236 777 3344 824 etc.

386 844 501 909 τῷ;
533 846 662 900 Ὅτι
691 843 863 901 εἶπόν
890 862 1009 913 σοι,
1042 848 1227 902 Εῐδόν
1257 866 1332 903 σε
1354 851 1634 905 ὑποκάτω
1663 854 1775 922 τῆς
1796 855 2017 926 συκῆς,
2051 859 2389 922 πιστεύεις;
2419 854 2605 916 Μείζω
2635 858 2863 910 τούτων
2889 856 3041 925 ὄψει.
3086 855 3199 910 Καὶ
3249 852 3418 910 εἶπεν
3478 856 3658 922 αὐτῷ’

400 936 607 1003 Ἀμὴν,
662 936 824 1006 ἀμὴν
869 937 1024 1008 λέγω
1080 939 1243 1009 ὑμῖν,
1287 941 1513 1009 ὄψεσθε
1557 944 1664 997 τὸν
1711 947 1973 1015 οὐρανὸν
2011 949 2333 1017 ἀνεῳγότα,
2378 947 2477 1001 καὶ
2520 947 2662 1012 τοὺς
2702 946 2998 1016 ἀγγέλους
3060 947 3167 999 τοῦ
3222 947 3368 1000 Θεοῦ
3420 948 3662 1001 ἀναϐαί-

387 1049 607 1099 νοντας
636 1035 736 1087 καὶ
764 1036 1237 1103 καταϐαίνοντας
1269 1038 1368 1092 ἐπὶ
1404 1040 1513 1093 τὸν
1550 1041 1691 1095 Υίὸν
1724 1043 1828 1097 τοῦ
1867 1044 2205 1113 ἀνθρώπου.
2245 1044 2355 1097 Καὶ
2390 1042 2467 1111 τῇ
2499 1043 2689 1114 ἡμέρᾳ
2722 1042 2796 1111 τῇ
2860 1043 3027 1111 τρίτῃ
3089 1041 3277 1111 γάμος
3326 1042 3560 1111 ἐγένετο
3593 1042 3663 1094 ἐν

389 1122 555 1189 Κιινᾷ
588 1122 698 1191 τῆς
724 1126 1075 1192 Γαλιλαίας,
1104 1128 1195 1180 καὶ
1218 1127 1284 1181 τὰ
1310 1128 1458 1199 ἑξῆς.

465 1238 584 1291 Ἵνα
605 1237 775 1309 δείξῃ,
801 1240 940 1309 μετὰ
962 1240 1062 1304 τὰς
1086 1245 1498 1314 τεσσαράκοντα
1513 1247 1623 1317 (57)
1650 1247 1862 1319 ἡμέρας
1883 1247 1976 1301 τοῦ

2157 1249 2225 1304 Ut
2255 1249 2358 1304 hoc
2384 1249 2665 1304 evidenter
2704 1248 3015 1304 ostenderet
3052 1267 3065 1303 :
3094 1247 3225 1304 Post
3259 1265 3325 1303 si.
3357 1248 3475 1304 dies
3502 1263 3663 1317 quam

393 1331 723 1401 πειρασμοῦ,
760 1333 855 1385 καὶ⁸
890 1332 1029 1403 μετὰ
1066 1334 1165 1405 τὴν
1206 1335 1301 1387 ἀπ’
1335 1337 1499 1390 αὐτοῦ
1538 1338 1633 1391 τοῦ
1668 1339 1976 1411 πειρασμοῦ

2084 1348 2323 1396 tentatus
2364 1340 2560 1406 fuerat,
2591 1338 2756 1410 436
2785 1348 2838 1393 et
2869 1339 2939 1393 ab
2984 1354 3047 1394 ea
3095 1342 3395 1394 tentatione
3432 1339 3668 1393 Nazare-

391 1423 649 1477 ἐπάνοδον
683 1424 776 1477 καὶ
800 1425 976 1496 ὁρμὴν
999 1425 1098 1497 τὴν
1135 1429 1227 1480 ἐπὶ
1256 1428 1512 1499 Ναζαρὲτ
1537 1432 1631 1484 καὶ
1664 1425 1975 1497 Γαλίλαίαν,

2084 1440 2221 1497 tum,
2262 1442 2315 1487 et
2360 1433 2415 1486 in
2446 1432 2720 1487 Galilzeam
2752 1447 3025 1495 reversus,
3057 1432 3201 1501 quod
3232 1432 3323 1485 alii
3359 1441 3469 1487 tres
3507 1447 3668 1487 evan-

391 1516 469 1580 ὡς
500 1518 548 1570 οἱ
588 1516 736 1571 ἄλλοι
784 1521 934 1590 τρεῖς
976 1520 1362 1589 εὐαγγελισταὶ
1409 1521 1640 1594 ἔφησαν,
1690 1523 1851 1579 πάλιν
1884 1525 1978 1578 ἐπὶ

2084 1526 2289 1595 εειὶειω
2339 1531 2942 1584 commemoraverant,
2994 1524 3191 1578 iterum
3254 1524 3322 1577 ad
3374 1523 3667 1579 Jorda-iem

391 1611 485 1663 τὸν
528 1612 799 1683 Ἰορδάνην
841 1612 1000 1671 αὑτὸν
1044 1614 1257 1685 ἡκέναι⁸
1292 1616 1367 1679 ὼς
1400 1617 1494 1670 κα)⁸
1532 1618 1639 1670 ἀπὸ
1680 1617 1774 1671 τοῦ
1816 1618 1975 1687 λόγου

2084 1616 2322 1680 venisse,
2358 1623 2417 1669 ut
2440 1631 2504 1669 ex
2539 1613 2765 1669 Joannis
2797 1616 3042 1669 oratione
3077 1614 3370 1678 constabit,
3422 1630 3546 1669 cum
3594 1616 3670 1668 ita

407 1704 650 1758 Ἰωάννου
670 1704 1035 1775 δειχθήσεται,
1063 1707 1336 1777 φήσαντος
1366 1706 1558 1772 οὕτως·
1593 1708 1772 1763 Εῐὸεν
1789 1710 1978 1763 αὐτὸν

2086 1708 2276 1762 scribit
2303 1709 2324 1738 ³
2359 1725 2371 1761 :
2403 1704 2535 1761 Cum
2564 1705 2775 1761 vidisset
2812 1707 2965 1759 illum
2990 1708 3273 1760 venientem
3299 1707 3530 1776 sequenti
3560 1705 3666 1767 die,

394 1798 725 1867 ἐρχόμενον
782 1797 855 1867 τῇ
908 1799 1233 1867 ἐπαύριον,
1301 1797 1488 1854 εἶπεν·
1533 1802 1645 1855 Ἴδε
1692 1805 1725 1855 ό
1773 1801 1978 1871 Ἂμνὸς

2084 1800 2271 1854 dixit:
2304 1799 2438 1853 Ecce
2472 1799 2651 1870 Agnus
2700 1798 2817 1864 Dei,
2861 1800 2951 1870 qui
3007 1799 3148 1853 tollit
3196 1808 3410 1868 peccata
3458 1796 3667 1852 mundi.

394 1889 502 1941 τοῦ
533 1890 702 1952 Θεοῦ,
733 1893 766 1943 ό
793 1890 979 1958 αἴρων
1011 1890 1128 1959 τὴν
1156 1892 1453 1961 ἁμαρτίαν
1472 1893 1580 1947 τοῦ
1605 1896 1857 1964 κόσμου’
1889 1897 1981 1947 καὶ

2084 1888 2253 1944 Item:
2291 1890 2416 1942 Alia
2473 1888 2558 1941 die
2614 1903 2731 1941 cum
2785 1888 2997 1945 vidisset
3053 1890 3206 1942 illum
3266 1888 3667 1955 ambulantem,

394 1982 580 2036 πάλιν·
624 1982 703 2051 Τῇ
733 1983 893 2052 ἄλλῃ
935 1983 1150 2053 ἡμέρᾳ,
1194 1986 1275 2051 ὠς
1314 1981 1477 2039 εἶδεν
1505 1986 1692 2041 αὐτὸν
1730 2002 1979 2055 περιπα-

393 2072 636 2136 τοῦντα,
683 2074 819 2142 ἔφη’
867 2070 1058 2140 Οὗτός
1098 2074 1253 2138 ἐστι,
1298 2076 1431 2145 περὶ
1486 2073 1556 2132 οὗ
1607 2073 1780 2131 εἷπον
1815 2077 1976 2147 ὑμῖν·

408 2163 470 2215 ’0
500 2164 693 2217 ὀπίσω
715 2182 834 2232 μου
863 2164 1188 2234 ἐρχόμενος
1212 2166 1554 2236 ἔμπροσθέν
1568 2186 1688 2238 μου
1711 2167 1980 2240 γέγονεν,

396 2254 488 2307 ὅτι
532 2254 770 2322 πρῶτός
818 2273 938 2326 μου
992 2256 1092 2325 ἦν.
1144 2258 1255 2312 Καὶ
1312 2260 1718 2329 ἐμαρτύρησε,
1782 2262 1979 2331 φησὶν,

409 2346 684 2415 Ἰωάννης
710 2347 925 2417 λέγων’
953 2349 1074 2403 Ὅτι
1094 2351 1372 2420 τεθέαμαι
1401 2352 1465 2404 τὸ
1485 2350 1729 2421 Πνεῦμα
1750 2353 1819 2405 ἐν
1836 2352 1983 2407 εἴδει

396 2438 753 2507 περιστερᾶς
781 2439 1163 2506 καταϐαῖνον,
1192 2440 1289 2495 καί
1318 2440 1645 2510 ἐρχόμενον
1659 2442 1750 2495 ἐπ’
1773 2442 1981 2498 αὐτόν.

398 2530 472 2583 Τὸ
499 2531 576 2596 δὲ,
604 2531 1002 2600 ἐμαρτύρησε,
1029 2534 1123 2585 καὶ
1156 2533 1239 2585 ὅτι
1277 2529 1464 2600 Οὗτός
1493 2535 1682 2600 ἐστιν,
1715 2534 1787 2587 ὃν
1811 2531 1984 2588 εἷπον

397 2624 562 2693 ὑμῖν,
582 2624 658 2688 ὡς
673 2625 774 2695 ἤδη
800 2627 929 2698 περὶ
953 2626 1116 2680 ἄλλου
1135 2624 1331 2698 καιροῦ
1358 2628 1760 2699 παρῳχημένου
1787 2627 1981 2697 λέγων,

401 2716 489 2768 ἴνα
515 2716 686 2788 δείξῃ,
719 2717 779 2769 οὐ
812 2717 903 2770 τὸν
938 2719 1100 2772 αὑτὸν
1134 2714 1274 2772 εἶναι
1310 2720 1501 2791 καιρὸν
1530 2720 1718 2773 τοῦτον
1751 2722 1981 2785 ἐκεῖνον,

399 2806 491 2859 τὸν
521 2808 615 2861 τοῦ
656 2808 1032 2880 βαπτίσματος
1066 2809 1277 2881 χρόνον,
1313 2810 1448 2864 ἀλλὰ
1480 2810 1638 2866 ἄλλον
1673 2814 1803 2882 παρ’
1844 2813 1986 2865 ἐκεῖ-

400 2914 511 2952 νον.
553 2899 689 2953 Οὔτε
731 2900 838 2972 γὰρ
872 2901 1033 2966 εὐθὺς
1078 2903 1186 2956 ἀπὸ
1227 2901 1323 2955 τοῦ
1367 2902 1677 2975 πειρασμοῦ
1724 2904 1860 2975 πρὸς
1892 2904 1984 2957 τὸν

400 2991 658 3063 Ἰωάννην
687 2995 1016 3061 ἀφικνεῖται·
1049 2994 1185 3047 ἀλλὰ
1210 2993 1428 3065 πρῶτον
1466 2995 1564 3065 μὲν
1594 2997 1673 3059 είς
1697 2996 1797 3065 τὴν
1826 2994 1986 3048 Γαλι-

399 3082 578 3146 λαίαν,
624 3083 818 3139 ἕπειτα
849 3086 907 3138 δὲ
949 3086 1056 3139 ὰπὸ
1096 3087 1387 3151 Γαλιλαίας
1429 3088 1522 3141 ἐπὶ
1562 3088 1653 3141 τὸν
1690 3088 1981 3160 Ἰορδάνην,

398 3175 539 3245 ὅπερ
570 3170 637 3247 ἦν
669 3177 827 3231 τοῦτο
872 3178 1009 3248 πρὸς
1035 3179 1127 3233 τὸν
1172 3180 1445 3252 Ἰωάννην.
1483 3180 1574 3234 Διὸ
1602 3180 1767 3249 λέγει⁸
1795 3177 1985 3246 Οὗτος

2083 1981 2264 2036 dixit:
2299 1981 2401 2035 Hic
2434 1990 2532 2048 est,
2571 1982 2635 2036 de
2662 1998 2761 2052 quo
2801 1982 2915 2035 dixi
2954 1983 3097 2037 vobis
3130 1999 3146 2036 :
3178 1983 3281 2047 Qui
3316 1991 3433 2051 post
3470 1998 3550 2035 me
3585 1997 3668 2034 ve~

2082 2074 2180 2135 nit,
2213 2081 2334 2127 ante
2362 2090 2441 2127 me
2472 2073 2645 2142 factus
2676 2082 2775 2135 est,
2807 2075 2932 2142 quia
2961 2074 3107 2142 prior
3133 2090 3212 2128 me
3246 2083 3381 2128 erat.
3418 2072 3486 2126 Et
3517 2072 3668 2127 testi-

2082 2168 2338 2231 monium,
2378 2167 2586 2237 inquit,
2630 2165 2893 2237 perhibuit
2941 2165 3212 2232 Joannes,
3266 2166 3491 2221 dicens:
3524 2166 3669 2232 Quia

2082 2260 2189 2313 vidi
2223 2258 2479 2328 Spiritum
2526 2259 2919 2314 descendentem
2973 2259 3229 2314 columba
3250 2260 3449 2328 specie,
3492 2266 3543 2313 et
3583 2274 3669 2313 ve-

2082 2354 2308 2406 nientem
2357 2368 2513 2420 super
2556 2367 2694 2408 eum.
2724 2351 2856 2418 Qua:
2902 2353 3093 2415 verba,
3140 2351 3496 2405 testimonium
3546 2365 3669 2417 per-

2082 2442 2275 2507 hibuit,
2298 2452 2351 2497 et
2380 2484 2392 2496 .
2414 2443 2516 2497 Hie
2544 2455 2623 2496 est
2652 2458 2803 2514 quem
2831 2442 2945 2496 dixi
2967 2442 3131 2506 vobis,
3163 2442 3229 2495 ad
3256 2442 3403 2496 aliud
3434 2449 3488 2496 et
3519 2440 3668 2493 aliud

2083 2534 2500 2606 signiﬁcandum
2533 2542 2748 2606 tempus
2778 2543 3031 2607 usurpat,
3078 2543 3139 2588 ut
3194 2549 3302 2588 non
3354 2534 3497 2588 idem
3546 2549 3671 2586 cum

2083 2627 2338 2696 baptismi
2384 2638 2646 2698 tempore,
2692 2627 2790 2683 sed
2837 2628 3114 2682 diversum
3167 2644 3289 2683 esse
3328 2627 3675 2681 demonstra-

2083 2725 2186 2773 ret.
2215 2717 2332 2773 Non
2364 2720 2507 2773 enim
2541 2728 2762 2788 repente
2792 2726 2918 2789 post
2948 2719 3280 2788 baptismum
3310 2718 3377 2772 ad
3405 2716 3671 2771 Joannem

2084 2814 2336 2878 accessit,
2369 2814 2463 2868 sed
2495 2814 2729 2883 primum
2775 2814 2829 2867 in
2870 2811 3172 2875 Galilaeam,
3208 2811 3335 2865 inde
3377 2811 3442 2865 ad
3483 2809 3674 2865 Jorda-

2083 2920 2240 2970 nem,
2284 2905 2385 2957 hoc
2424 2911 2508 2958 est
2550 2905 2615 2957 ad
2656 2903 2944 2967 Joannem,
2986 2903 3242 2972 perrexit.
3281 2899 3436 2955 Unde
3486 2901 3624 2954 dixit
3657 2919 3670 2954 :

2086 2993 2190 3047 Hie
2222 3004 2298 3047 est
2333 3009 2482 3064 quem
2515 2994 2628 3046 dixi
2666 2995 2831 3047 vobis.
2864 2992 2944 3047 Ad
2992 2992 3106 3046 huic
3155 3006 3278 3045 cum
3318 2990 3671 3060 Evangelium

2085 3086 2159 3139 ita
2213 3094 2400 3139 narrat
2449 3105 2462 3139 :
2524 3084 2595 3137 Et
2658 3086 3012 3139 testimonium
3063 3082 3324 3152 perhibuit
3388 3081 3672 3137 Joannes:

2088 3177 2229 3243 Quia
2256 3177 2384 3243 vidi;
2416 3177 2694 3248 aliquanto
2733 3177 2788 3231 id
2836 3186 2965 3233 ante
2985 3185 3232 3245 tempore
3258 3174 3555 3246 contigisse
3579 3173 3674 3230 de-

398 3263 480 3337 ἧν
505 3268 577 3322 ὃν
602 3265 777 3323 εἷπον
801 3271 959 3340 ὑμῖν·
986 3273 1081 3325 κα)⁵
1107 3273 1187 3326 ὅτι
1219 3273 1279 3326 τὸ
1310 3274 1644 3342 Εὑαγγέλιόν
1680 3290 1831 3344 φησι·
1867 3274 1979 3327 Καὶ
2009 3280 2052 3339 c
2087 3270 2278 3324 clarat.

398 3359 816 3428 ἐμαρτύρησεν
855 3361 1127 3431 Ἰωάννης
1147 3382 1162 3397 ο
1193 3366 1314 3419 Ὅτι
1342 3367 1634 3436 τεθέαμαι·
1671 3366 1746 3429 ὡς
1766 3366 1865 3437 ἤδη
1894 3364 1989 3419 τοῦ

404 3452 729 3523 πράγματος
753 3455 859 3526 πρὸ
883 3457 1076 3528 καιροῦ
1112 3474 1255 3522 τινος
1282 3460 1585 3527 γεγονότος.

473 3544 570 3598 IA’.
604 3546 762 3599 Μετὰ
791 3546 968 3602 ταῦτα
997 3548 1140 3620 ἁρχὴ
1172 3550 1420 3621 κλήσεως
1463 3551 1570 3604 τῶν
1612 3552 1739 3623 περὶ
1782 3551 1987 3623 Πέτρον

403 3636 511 3689 ἀπὸ
556 3638 807 3708 Ἀνδρέου
852 3640 1197 3713 σημαίνεται.
1256 3642 1478 3712 Ἀνῆλθε
1522 3643 1630 3715 γὰρ
1674 3646 1802 3714 παρ’
1837 3642 1987 3714 αὐτῷ

402 3726 680 3799 Ἀνδρέας,
718 3726 797 3793 εἷς
849 3730 956 3784 τῶν
993 3730 1086 3785 δύο
1129 3733 1237 3785 τῶν
1287 3732 1767 3804 ἀκολουθησάντων
1815 3733 1984 3804 αὐτῷ,

407 3822 864 3894 μαθητευομένων
896 3826 995 3897 μὲν
1028 3829 1158 3899 παρ’
1185 3827 1457 3891 Ἰωάννου,
1491 3827 1573 3880 ἐτι
1610 3827 1668 3880 δὲ
1698 3829 1756 3881 ὲν
1780 3830 1847 3899 τῇ
1881 3828 1987 3881 Γα-

403 3912 585 3984 λιλαίᾳ
621 3916 1069 3986 παραμενόντων,
1104 3918 1298 3991 καιροῦ
1329 3918 1405 3990 τῷ
1434 3919 1660 3992 Ἰωάννῃ
1695 3920 1983 3991 σχολαζόν-

404 4021 529 4058 των.
563 4007 671 4059 Καὶ
694 4008 855 4070 εὐθὺς
890 4009 1172 4079 μείναντος
1203 4010 1453 4081 Ἀνδρέου
1484 4011 1701 4082 ἐκείνην
1722 4012 1821 4084 τὴν
1846 4012 1987 4082 ἡμέ-

406 4113 505 4168 ραν
535 4097 673 4166 (ὧρα
703 4095 769 4169 ἦν
799 4100 873 4163 ὡς
898 4101 1143 4172 δεκάτη),
1161 4102 1505 4174 συμϐέϐηκεν
1534 4105 1673 4176 αὐτῇ
1702 4107 1768 4176 τῇ
1803 4104 1988 4176 ἡμέρᾳ

404 4186 713 4257 ἀπαντῆσαι
742 4188 903 4242 αὐτὸν
932 4189 1009 4260 τῷ
1037 4191 1150 4262 ἰδίῳ
1186 4191 1397 4262 ἀδελφῷ
1435 4193 1659 4264 Σίμωνι,
1689 4194 1785 4247 καὶ
1811 4196 1987 4248 εἰπεῖν

476 4362 493 4395 ³
526 4362 685 4419 Joan.
726 4381 764 4430 ι,
794 4366 996 4433 58-51;
1031 4382 1091 4436 ιι,
1124 4370 1177 4423 1.
1256 4372 1275 4401 ¹
1315 4369 1474 4424 Joan.
1502 4386 1538 4433 I,
1570 4369 1639 4423 29
1670 4385 1790 4439 sqq.

2163 3549 2299 3605 XIV.
2347 3549 2473 3605 Post
2518 3550 2632 3605 haec
2676 3547 2981 3603 vocationis
3034 3546 3180 3601 Petri
3229 3553 3392 3615 atque
3441 3543 3673 3599 Andreas

2090 3640 2302 3695 initium
2349 3641 2695 3695 describitur.
2750 3638 2833 3693 Ad
2879 3638 3158 3693 Christum
3215 3638 3363 3692 enim
3423 3636 3671 3690 Andreas

2089 3732 2243 3798 adiit,
2272 3750 2415 3788 unus
2449 3749 2513 3788 ex
2556 3733 2820 3787 ambobus
2853 3733 2943 3802 qui
2984 3746 3107 3787 eum
3142 3731 3314 3786 secuti
3346 3738 3472 3786 sunt
3503 3749 3517 3796 ;
3555 3731 3672 3799 qui-

2087 3840 2192 3894 que
2230 3824 2458 3881 Joannis
2513 3836 2671 3881 erant
2717 3825 2995 3895 discipuli,
3038 3831 3093 3879 et
3139 3823 3317 3877 adhuc
3349 3823 3403 3876 in
3450 3821 3670 3876 Galiliea

2091 3916 2397 3976 manebant,
2422 3930 2486 3969 ac
2506 3914 2700 3970 Joanni
2730 3916 2945 3970 interim
2979 3929 3198 3984 operam
3220 3914 3442 3968 dabant.
3468 3912 3671 3968 Deinde

2087 4018 2376 4077 postquam
2402 4006 2495 4061 illo
2523 4007 2609 4063 die
2633 4022 2757 4062 cum
2779 4007 2995 4063 Christo
3021 4014 3267 4061 moratus
3288 4013 3371 4060 est
3398 4005 3670 4067 Andreas,

2088 4114 2153 4154 ac
2176 4099 2288 4169 jam
2329 4100 2464 4153 hora
2492 4098 2705 4153 decima
2734 4107 2902 4164 esset,
2955 4098 3093 4153 forte
3132 4098 3350 4160 accidit,
3389 4106 3446 4150 ut
3479 4095 3671 4151 eadem

2088 4190 2177 4245 die
2228 4191 2284 4245 in
2338 4189 2613 4245 Simonem
2650 4190 2875 4245 fratrem
2923 4190 3212 4254 incideret,
3255 4204 3427 4259 eaque
3464 4187 3671 4243 diceret

476 4561 588 4636 (37)
623 4562 757 4618 Ἵνα
789 4563 980 4633 δείξῃ,
1005 4566 1157 4636 μετὰ
1198 4566 1306 4633 τὰς
1333 4566 1806 4634 τεσσαράκοντα.
1864 4563 1982 4636 Epi-

2089 4566 2316 4621 Joannis
2376 4565 2539 4619 verba
2588 4565 2673 4619 vel
2715 4563 2995 4636 m_i_uimam
3045 4564 3178 4636 ejus
3216 4562 3669 4636 significationem

404 4630 588 4713 phanii
624 4636 893 4689 sententia
922 4630 1175 4713 liieeest:
1199 4630 1635 4713 Christpni__post
1666 4652 1733 4690 xi.
1771 4630 1986 4691 dierum
2019 4633 2062 4689 ι)
2092 4641 2225 4693 dare
2274 4636 2408 4691 mihi
2443 4632 2887 4713 vi:_lentur.__Vid_e
2926 4630 3087 4713 num.
3122 4630 3672 4713 lG_,_ubi_accuratius

399 4704 692 4777 jejunium,
730 4714 817 4777 _et
864 4710 1225 4777 tentationem
1283 4710 1335 4761 in
1377 4704 1653 4762 Galilaeam
1686 4723 1809 4777 esse
1859 4723 1988 4777 pro-

406 4772 645 4849 fectum;
729 4775 1080 4849 indidemque
1139 4779 1204 4833 ad
1256 4777 1519 4849 Joannem
1579 4787 1634 4832 et
1690 4772 1984 4849 Iordanem

403 4845 696 4920 revertisse
733 4863 891 4920 :_quo
957 4845 1205 4920 tempore
1257 4848 1495 4920 Joannes
1540 4849 1704 4920 illum
1751 4848 1985 4920 intuitus

404 4928 624 4986 rursum
655 4916 721 4969 de
755 4917 879 4986 ipso
900 4916 1133 4975 testatus
1151 4928 1256 4978 est.
1285 4918 1441 4973 Joan.
1470 4934 1509 4984 ι,
1537 4918 1625 4973 36.
1662 4917 1800 4972 Tum
1834 4919 1983 4973 enim

406 4983 1000 5065 ambulantem—vidisse
1018 4989 1204 5047 Jesum
1236 4983 1712 5065 scribituJOarines.
1747 4988 1817 5065 A‘t
1853 4987 1986 5065 ljlpi-

404 5053 640 5122 phanius
663 5054 732 5109 29
756 5064 808 5110 et
839 5059 907 5113 30
930 5069 1202 5115 commata
1228 5076 1352 5115 cum
1387 5062 1456 5115 55
1481 5070 1535 5115 et
1568 5059 1636 5114 56
1664 5053 1986 5115 confudisse

402 5123 638 5202 videtur,
668 5142 791 5202 cum
820 5143 886 5182 ex
920 5130 1211 5202 Evangelii)
1232 5130 1440 5201 profert
1471 5150 1484 5186 :
1522 5131 1602 5202 Ἰξῇ
1634 5131 1767 5202 ἄλλῃ
1797 5131 1984 5202 ἡμέρᾳ

402 5194 479 5270 ᾡς
506 5191 641 5270 εἶδεν
669 5196 830 5270 αὐτὸν
867 5191 1271 5268 περιπατοῦντα
1318 5202 1421 5270 ἔφη
1452 5219 1466 5233 ο
1498 5191 1668 5263 Οὗτός
1697 5191 1850 5265 eé'u',‘
1870 5191 1976 5255 etc:

403 5266 536 5330 Quae
567 5267 802 5340 diversis
856 5270 911 5322 in
943 5266 1308 5325 commatihus
1356 5266 1631 5340 leguntur.
1671 5270 1842 5323 Porro
1883 5286 1981 5339 pro

402 5352 469 5412 eo
489 5336 631 5412 quod
651 5339 1134 5412 vulgouscriptum
1163 5351 1264 5405 est,
1308 5343 1386 5412 Τῇ
1412 5336 1707 5410 ἑπαύριον,
1745 5336 1983 5410 Epipha-

402 5407 527 5481 nius
563 5407 690 5481 legit
712 5407 803 5481 ’Τῇ
831 5409 963 5480 ἄλλῃ
986 5407 1196 5481 ἡμέρᾳ
1220 5428 1233 5471 ;
1276 5407 1385 5466 nisi
1412 5429 1473 5466 ea
1500 5407 1680 5481 potius
1711 5407 1976 5480 interpre-

403 5479 535 5551 tatio
566 5478 656 5531 sit.
712 5476 802 5551 Ut:
832 5489 884 5533 et
936 5476 1139 5535 iios'ter'
1172 5476 1446 5551 interpres
1489 5476 1717 5536 {Altera
1778 5476 1883 5535 die.
1912 5481 1980 5535 Αι

402 5548 577 5623 prima
619 5548 959 5623 _tes_tiﬁcatio
994 5551 1157 5621 paulo
1185 5548 1687 5623 post’baptismum
1728 5552 1866 5604 facta
1902 5550 1979 5605 vi-

399 5615 574 5695 detur.
619 5616 779 5695 Unde
828 5620 972 5695 inter
994 5615 1355 5689 'baptismum
1387 5615 1615 5695 Christi,
1656 5636 1718 5675 ac
1747 5623 1977 5695 primam

401 5687 548 5762 illam
614 5687 1164 5762 testiﬁcatioinem,_et
1198 5694 1571 5762 apostolorum
1607 5687 1975 5762 vocationem,

400 5754 790 5837 profectionem
824 5760 879 5815 in
912 5761 1186 5837 Galilaeam
1228 5754 1609 5837 intercessisse
1650 5771 1801 5837 putat
1849 5760 1977 5831 Epi-

400 5827 684 5902 phanium.
712 5828 904 5900 Dequa
934 5833 1269 5902 profectione
1302 5833 1443 5887 haud
1476 5835 1591 5889 scio
1609 5827 1677 5887 an
1713 5827 1978 5900 interpre-

401 5903 545 5963 tum,
578 5898 950 5960 doctum—nive
975 5906 1266 5976 quisquam
1296 5904 1625 5964 meminerit.
1664 5903 1771 5961 Sed
1798 5898 1975 5975 neque

2090 4725 2153 4764 ea
2196 4718 2497 4776 temporum
2514 4705 2796 4760 intervalla
2810 4705 3151 4775 digeruntur.
3184 4703 3315 4776 Post
3334 4703 3671 4776 baptismum

2088 4795 2158 4833 χι.
2206 4773 2415 4832 dierum
2467 4776 2739 4845 jejunium
2790 4773 3086 4844 sequitur:
3127 4783 3243 4829 tum
3304 4773 3672 4845 hebdomades

2089 4849 2202 4903 fere
2231 4849 2371 4909 duae,
2407 4843 2608 4916 quibus
2660 4843 2915 4900 Nazareti
2953 4848 3007 4899 in
3041 4846 3215 4915 patria
3241 4845 3398 4899 vixit.
3432 4843 3569 4897 Hinc
3600 4845 3671 4899 ad

2087 4919 2350 4973 Joannem
2380 4920 2694 4980 revertitur,
2729 4932 2757 4969 a
2781 4931 2892 4986 quo
2919 4917 3136 4986 agnitus
3169 4931 3233 4970 ac
3260 4916 3669 4971 demonstratus

2087 4998 2208 5051 est;
2242 5003 2305 5042 ac
2336 4996 2467 5042 tunc
2495 4988 2743 5042 Andreas
2771 4987 2920 5041 illum
2952 5002 3074 5040 cum
3112 4988 3264 5040 socio
3294 4993 3519 5040 secutus
3539 4995 3668 5051 est;

2088 5060 2214 5115 inde
2248 5059 2471 5124 Petrus;
2526 5067 2650 5129 post
2682 5058 3082 5129 Philippus,_ac
3104 5054 3441 5129 Nathanael;
3479 5070 3671 5110 secun-

2086 5132 2215 5185 dum
2271 5145 2393 5199 quae
2441 5126 2646 5199 nuptiis
2673 5126 2939 5183 interfuit.
2982 5126 3113 5193 Quae
3149 5127 3330 5181 omnia
3373 5132 3609 5199 duorum
3636 5142 3669 5179 a

2087 5196 2357 5270 baptismo
2391 5196 2659 5270 mensium
2713 5199 3001 5270 intervallo
3036 5206 3185 5270 gesta
3213 5206 3364 5270 putat
3390 5212 3415 5270 ;_
3446 5196 3549 5270 hoc
3583 5205 3669 5251 est

2086 5266 2262 5341 usque
2285 5271 2351 5324 ad
2376 5286 2428 5323 vr
2460 5269 2730 5331 Januarii,
2764 5284 2872 5338 quo
2893 5269 2981 5323 die
3006 5269 3213 5341 puptiis
3246 5266 3513 5341 interfuit,
3541 5281 3666 5319 cum

2082 5359 2135 5394 vi
2171 5335 2247 5395 id.
2280 5340 2541 5404 Novemb,
2583 5348 2642 5393 ut
2672 5335 2972 5393 arbitratur
3007 5335 3366 5408 Epiphanius.
3406 5352 3435 5408 a
3458 5335 3674 5390 Joanne

2084 5412 2395 5481 baptizatus
2443 5418 2608 5465 esset.
2661 5409 3009 5479 Colliguiitur
3040 5407 3157 5464 dies
3185 5425 3275 5481 1.x;
3299 5407 3563 5481 nimirum
3602 5422 3669 5459 XL

2078 5480 2315 5550 jejunii;
2357 5489 2471 5534 tum
2514 5497 2624 5539 xw.
2659 5482 2859 5550 quibus
2900 5481 2954 5550 in
2988 5481 3182 5548 patria,
3214 5480 3668 5550 Calilaeacoristi-

2082 5544 2163 5605 iit.
2207 5544 2408 5606 Postea
2437 5544 2801 5620 biduum-quo
2832 5549 2899 5603 ad
2928 5544 3191 5620 Joannem
3243 5547 3495 5604 accessit.
3534 5544 3666 5620 Item

2081 5622 2309 5677 biduum
2361 5622 2530 5685 aliud,
2563 5636 2687 5674 cum
2709 5616 2723 5620 “
2748 5620 3013 5679 Andreas.
3057 5619 3181 5673 inde
3218 5620 3412 5674 Petrus
3439 5632 3560 5671 sese
3590 5616 3666 5685 ad

2080 5710 2204 5746 eum
2236 5684 2602 5760 applicarent.
2634 5690 2821 5744 Altera
2865 5706 2993 5744 vero
3018 5690 3105 5744 die
3128 5689 3431 5759 Philippus,
3464 5702 3526 5760 ac
3559 5684 3667 5738 Na-

2081 5759 2299 5816 tlianael
2356 5763 2574 5828 vocati;
2634 5762 2870 5831 denique
2904 5761 3095 5831 itertio
3123 5761 3211 5815 die
3260 5770 3382 5830 post
3416 5759 3668 5831 ultimum

2080 5832 2212 5957 illlud
2270 5831 2522 5901 bidutun,
2583 5828 2796 5904 nuptiae
2831 5830 3158 5889 subsecuta}.
3194 5828 3277 5886 Ita
3316 5846 3383 5885 ιι
3415 5828 3530 5884 dies
3571 5841 3682 5897 θεέ

2081 5919 2114 5957 ο
2137 5913 2318 5957 entur.

2080 5913 2318 5974 ptentur.
