  <div class='ocr_page' id='page_1' title='image "/cluster/home/n/w/nwhite01/storage/ocr_20150623/41/nnc1.0046978747/501.png"; bbox 0 0 4176 6386; ppageno 0'>
   <div class='ocr_carea' id='block_1_1' title="bbox 471 382 578 437">
    <p class='ocr_par' dir='ltr' id='par_1_1' title="bbox 471 382 578 437">
     <span class='ocr_line' id='line_1_1' title="bbox 471 382 578 437; baseline 0 -1"><span class='ocrx_word' id='word_1_1' title='bbox 471 382 578 437; x_wconf 78' lang='grc'><strong>915</strong></span> 
     </span>
    </p>
   </div>
   <div class='ocr_carea' id='block_1_2' title="bbox 1870 392 2330 452">
    <p class='ocr_par' dir='ltr' id='par_1_2' title="bbox 1870 392 2330 452">
     <span class='ocr_line' id='line_1_2' title="bbox 1870 392 2330 452; baseline -0.004 -1"><span class='ocrx_word' id='word_1_2' title='bbox 1870 397 1927 452; x_wconf 86' lang='lat' dir='ltr'><strong>S.</strong></span> <span class='ocrx_word' id='word_1_3' title='bbox 1986 392 2330 451; x_wconf 79' lang='lat' dir='ltr'><strong>EPIPIIANH</strong></span> 
     </span>
    </p>
   </div>
   <div class='ocr_carea' id='block_1_3' title="bbox 3637 390 3744 446">
    <p class='ocr_par' dir='ltr' id='par_1_3' title="bbox 3637 390 3744 446">
     <span class='ocr_line' id='line_1_3' title="bbox 3637 390 3744 446; baseline 0.019 -2"><span class='ocrx_word' id='word_1_4' title='bbox 3637 390 3744 446; x_wconf 72' lang='grc'><strong>916</strong></span> 
     </span>
    </p>
   </div>
   <div class='ocr_carea' id='block_1_4' title="bbox 468 498 2062 580">
    <p class='ocr_par' dir='ltr' id='par_1_4' title="bbox 468 498 2055 574">
     <span class='ocr_line' id='line_1_4' title="bbox 468 498 2055 574; baseline 0.008 -22"><span class='ocrx_word' id='word_1_5' title='bbox 468 512 592 569; x_wconf 69' lang='lat' dir='ltr'><strong>quae</strong></span> <span class='ocrx_word' id='word_1_6' title='bbox 642 498 805 569; x_wconf 87' lang='lat' dir='ltr'><strong>paulo</strong></span> <span class='ocrx_word' id='word_1_7' title='bbox 853 507 980 557; x_wconf 87' lang='lat' dir='ltr'><strong>ante</strong></span> <span class='ocrx_word' id='word_1_8' title='bbox 1034 506 1580 561; x_wconf 80' lang='lat' dir='ltr'><strong>commemoravimus</strong></span> <span class='ocrx_word' id='word_1_9' title='bbox 1613 525 1624 560; x_wconf 94' lang='lat'><strong>:</strong></span> <span class='ocrx_word' id='word_1_10' title='bbox 1656 505 1793 574; x_wconf 85' lang='lat' dir='ltr'><strong>Quia</strong></span> <span class='ocrx_word' id='word_1_11' title='bbox 1854 509 2055 564; x_wconf 90' lang='lat' dir='ltr'><strong>inveni-</strong></span> 
     </span>
    </p>
   </div>
   <div class='ocr_carea' id='block_1_5' title="bbox 2165 498 3742 580">
    <p class='ocr_par' dir='ltr' id='par_1_5' title="bbox 2165 501 3742 580">
     <span class='ocr_line' id='line_1_5' title="bbox 2165 501 3742 580; baseline -0.005 -18"><span class='ocrx_word' id='word_1_12' title='bbox 2165 509 2222 562; x_wconf 73' lang='grc' dir='ltr'><strong>τά</strong></span> <span class='ocrx_word' id='word_1_13' title='bbox 2254 507 2648 580; x_wconf 66' lang='grc' dir='ltr'><strong>προειρημέναι</strong></span> <span class='ocrx_word' id='word_1_14' title='bbox 2687 505 2809 562; x_wconf 80' lang='grc' dir='ltr'>Ὅτι</span> <span class='ocrx_word' id='word_1_15' title='bbox 2844 506 3158 578; x_wconf 79' lang='grc' dir='ltr'><strong>εὑρήκαμεν</strong></span> <span class='ocrx_word' id='word_1_16' title='bbox 3186 504 3451 559; x_wconf 75' lang='grc' dir='ltr'>Μεσσίαψ</span> <span class='ocrx_word' id='word_1_17' title='bbox 3487 501 3581 556; x_wconf 69' lang='grc' dir='ltr'>καὶ</span> <span class='ocrx_word' id='word_1_18' title='bbox 3610 502 3742 569; x_wconf 70' lang='grc' dir='ltr'>ἀγα-</span> 
     </span>
    </p>
   </div>
   <div class='ocr_carea' id='block_1_6' title="bbox 469 588 2058 669">
    <p class='ocr_par' dir='ltr' id='par_1_6' title="bbox 469 588 2058 669">
     <span class='ocr_line' id='line_1_6' title="bbox 469 588 2058 669; baseline 0.006 -24"><span class='ocrx_word' id='word_1_19' title='bbox 469 604 595 645; x_wconf 87' lang='lat' dir='ltr'><strong>mus</strong></span> <span class='ocrx_word' id='word_1_20' title='bbox 629 588 907 659; x_wconf 76' lang='lat' dir='ltr'><strong>Messiam;</strong></span> <span class='ocrx_word' id='word_1_21' title='bbox 942 593 1133 663; x_wconf 80' lang='lat' dir='ltr'><strong>sicque</strong></span> <span class='ocrx_word' id='word_1_22' title='bbox 1167 594 1319 648; x_wconf 87' lang='lat' dir='ltr'><strong>illum</strong></span> <span class='ocrx_word' id='word_1_23' title='bbox 1370 595 1436 650; x_wconf 91' lang='lat' dir='ltr'><strong>ad</strong></span> <span class='ocrx_word' id='word_1_24' title='bbox 1477 596 1755 653; x_wconf 72' lang='lat' dir='ltr'><strong>Christum</strong></span> <span class='ocrx_word' id='word_1_25' title='bbox 1794 600 2058 669; x_wconf 88' lang='lat' dir='ltr'><strong>perduce-</strong></span> 
     </span>
    </p>
   </div>
   <div class='ocr_carea' id='block_1_7' title="bbox 469 681 2052 763">
    <p class='ocr_par' dir='ltr' id='par_1_7' title="bbox 469 681 2052 763">
     <span class='ocr_line' id='line_1_7' title="bbox 469 681 2052 763; baseline 0.01 -28"><span class='ocrx_word' id='word_1_26' title='bbox 469 687 573 747; x_wconf 82' lang='lat' dir='ltr'><strong>ret,</strong></span> <span class='ocrx_word' id='word_1_27' title='bbox 607 688 711 738; x_wconf 90' lang='lat' dir='ltr'><strong>etc.</strong></span> <span class='ocrx_word' id='word_1_28' title='bbox 748 681 946 739; x_wconf 89' lang='lat' dir='ltr'><strong>Secuta</strong></span> <span class='ocrx_word' id='word_1_29' title='bbox 974 695 1104 741; x_wconf 89' lang='lat' dir='ltr'><strong>sunt</strong></span> <span class='ocrx_word' id='word_1_30' title='bbox 1147 687 1237 742; x_wconf 90' lang='lat' dir='ltr'><strong>illa</strong></span> <span class='ocrx_word' id='word_1_31' title='bbox 1277 689 1557 763; x_wconf 86' lang='lat' dir='ltr'><strong>deinceps,</strong></span> <span class='ocrx_word' id='word_1_32' title='bbox 1612 702 1671 749; x_wconf 92' lang='lat' dir='ltr'><strong>ut</strong></span> <span class='ocrx_word' id='word_1_33' title='bbox 1718 696 1770 751; x_wconf 90' lang='lat' dir='ltr'><strong>ei</strong></span> <span class='ocrx_word' id='word_1_34' title='bbox 1800 694 2006 750; x_wconf 75' lang='lat' dir='ltr'><strong>diceret</strong></span> <span class='ocrx_word' id='word_1_35' title='bbox 2040 716 2052 751; x_wconf 94' lang='lat'><strong>:</strong></span> 
     </span>
    </p>
   </div>
   <div class='ocr_carea' id='block_1_8' title="bbox 473 772 2053 860">
    <p class='ocr_par' dir='ltr' id='par_1_8' title="bbox 473 772 2053 860">
     <span class='ocr_line' id='line_1_8' title="bbox 473 772 2053 860; baseline 0.009 -33"><span class='ocrx_word' id='word_1_36' title='bbox 473 772 553 827; x_wconf 88' lang='lat' dir='ltr'><strong>Tu</strong></span> <span class='ocrx_word' id='word_1_37' title='bbox 584 776 853 832; x_wconf 74' lang='lat' dir='ltr'><strong>vocaberis</strong></span> <span class='ocrx_word' id='word_1_38' title='bbox 902 777 1126 848; x_wconf 76' lang='lat' dir='ltr'><strong>Cephas.</strong></span> <span class='ocrx_word' id='word_1_39' title='bbox 1175 780 1243 836; x_wconf 85' lang='lat' dir='ltr'><strong>In</strong></span> <span class='ocrx_word' id='word_1_40' title='bbox 1294 787 1587 840; x_wconf 78' lang='lat' dir='ltr'><strong>crastinum</strong></span> <span class='ocrx_word' id='word_1_41' title='bbox 1626 789 1809 855; x_wconf 84' lang='lat' dir='ltr'><strong>voluit,</strong></span> <span class='ocrx_word' id='word_1_42' title='bbox 1858 789 2053 860; x_wconf 93' lang='lat' dir='ltr'><strong>inquit,</strong></span> 
     </span>
    </p>
   </div>
   <div class='ocr_carea' id='block_1_9' title="bbox 471 865 2056 949">
    <p class='ocr_par' dir='ltr' id='par_1_9' title="bbox 471 865 2056 949">
     <span class='ocr_line' id='line_1_9' title="bbox 471 865 2056 949; baseline 0.01 -33"><span class='ocrx_word' id='word_1_43' title='bbox 471 865 615 918; x_wconf 70' lang='lat' dir='ltr'><strong><em>exire</em></strong></span> <span class='ocrx_word' id='word_1_44' title='bbox 666 867 720 921; x_wconf 82' lang='lat' dir='ltr'><strong>in</strong></span> <span class='ocrx_word' id='word_1_45' title='bbox 762 867 1076 937; x_wconf 64' lang='lat' dir='ltr'><strong>Galilaeam,</strong></span> <span class='ocrx_word' id='word_1_46' title='bbox 1117 881 1167 927; x_wconf 88' lang='lat' dir='ltr'><strong>et</strong></span> <span class='ocrx_word' id='word_1_47' title='bbox 1222 876 1416 930; x_wconf 82' lang='lat' dir='ltr'><strong>invenit</strong></span> <span class='ocrx_word' id='word_1_48' title='bbox 1455 876 1792 949; x_wconf 77' lang='lat' dir='ltr'><strong>Philippum,</strong></span> <span class='ocrx_word' id='word_1_49' title='bbox 1831 891 1881 935; x_wconf 88' lang='lat' dir='ltr'><strong>et</strong></span> <span class='ocrx_word' id='word_1_50' title='bbox 1923 880 2056 933; x_wconf 84' lang='lat' dir='ltr'><strong>dicit</strong></span> 
     </span>
    </p>
   </div>
   <div class='ocr_carea' id='block_1_10' title="bbox 471 957 2057 1042">
    <p class='ocr_par' dir='ltr' id='par_1_10' title="bbox 471 957 2057 1042">
     <span class='ocr_line' id='line_1_10' title="bbox 471 957 2057 1042; baseline 0.009 -31"><span class='ocrx_word' id='word_1_51' title='bbox 471 959 523 1012; x_wconf 84' lang='lat' dir='ltr'><strong><em>ei</em></strong></span> <span class='ocrx_word' id='word_1_52' title='bbox 541 957 699 1014; x_wconf 79' lang='lat' dir='ltr'><strong>Jews</strong></span> <span class='ocrx_word' id='word_1_53' title='bbox 728 978 748 1017; x_wconf 92' lang='lat'><strong><em>:</em></strong></span> <span class='ocrx_word' id='word_1_54' title='bbox 774 962 998 1034; x_wconf 83' lang='lat' dir='ltr'><strong>Sequere</strong></span> <span class='ocrx_word' id='word_1_55' title='bbox 1028 983 1128 1021; x_wconf 86' lang='lat' dir='ltr'><strong>me.</strong></span> <span class='ocrx_word' id='word_1_56' title='bbox 1161 966 1296 1022; x_wconf 84' lang='lat' dir='ltr'><strong>Erat</strong></span> <span class='ocrx_word' id='word_1_57' title='bbox 1320 981 1495 1024; x_wconf 86' lang='lat' dir='ltr'><strong>autem</strong></span> <span class='ocrx_word' id='word_1_58' title='bbox 1531 969 1805 1042; x_wconf 78' lang='lat' dir='ltr'><strong>Philippus</strong></span> <span class='ocrx_word' id='word_1_59' title='bbox 1836 990 1869 1027; x_wconf 90' lang='lat' dir='ltr'><strong>a</strong></span> <span class='ocrx_word' id='word_1_60' title='bbox 1897 972 2057 1027; x_wconf 84' lang='lat' dir='ltr'><strong>Beth-</strong></span> 
     </span>
    </p>
   </div>
   <div class='ocr_carea' id='block_1_11' title="bbox 473 1052 2059 1137">
    <p class='ocr_par' dir='ltr' id='par_1_11' title="bbox 473 1052 2059 1137">
     <span class='ocr_line' id='line_1_11' title="bbox 473 1052 2059 1137; baseline 0.01 -32"><span class='ocrx_word' id='word_1_61' title='bbox 473 1052 652 1118; x_wconf 72' lang='lat' dir='ltr'><strong>aaida,</strong></span> <span class='ocrx_word' id='word_1_62' title='bbox 678 1056 887 1110; x_wconf 76' lang='lat' dir='ltr'><strong>civitate</strong></span> <span class='ocrx_word' id='word_1_63' title='bbox 926 1058 1150 1115; x_wconf 79' lang='lat' dir='ltr'><strong>Andrea:</strong></span> <span class='ocrx_word' id='word_1_64' title='bbox 1179 1071 1227 1115; x_wconf 87' lang='lat' dir='ltr'><strong>et</strong></span> <span class='ocrx_word' id='word_1_65' title='bbox 1262 1061 1411 1116; x_wconf 88' lang='lat' dir='ltr'><strong>Petri</strong></span> <span class='ocrx_word' id='word_1_66' title='bbox 1432 1066 1472 1118; x_wconf 92' lang='grc'><strong>¹.</strong></span> <span class='ocrx_word' id='word_1_67' title='bbox 1501 1062 1670 1123; x_wconf 81' lang='lat' dir='ltr'><strong><em>Vides</em></strong></span> <span class='ocrx_word' id='word_1_68' title='bbox 1711 1067 2059 1137; x_wconf 88' lang='lat' dir='ltr'><strong>quemadmo-</strong></span> 
     </span>
    </p>
   </div>
   <div class='ocr_carea' id='block_1_12' title="bbox 472 1141 2057 1229">
    <p class='ocr_par' dir='ltr' id='par_1_12' title="bbox 472 1141 2057 1229">
     <span class='ocr_line' id='line_1_12' title="bbox 472 1141 2057 1229; baseline 0.009 -29"><span class='ocrx_word' id='word_1_69' title='bbox 472 1141 606 1200; x_wconf 84' lang='lat' dir='ltr'><strong>dum</strong></span> <span class='ocrx_word' id='word_1_70' title='bbox 634 1148 984 1229; x_wconf 87' lang='lat' dir='ltr'><strong>cogitandum</strong></span> <span class='ocrx_word' id='word_1_71' title='bbox 1033 1154 1191 1209; x_wconf 89' lang='lat' dir='ltr'><strong>nobis</strong></span> <span class='ocrx_word' id='word_1_72' title='bbox 1229 1155 1362 1210; x_wconf 91' lang='lat' dir='ltr'><strong>illud</strong></span> <span class='ocrx_word' id='word_1_73' title='bbox 1398 1158 1673 1229; x_wconf 75' lang='lat' dir='ltr'><strong>relinquat</strong></span> <span class='ocrx_word' id='word_1_74' title='bbox 1701 1176 1715 1225; x_wconf 92' lang='lat'><strong>;</strong></span> <span class='ocrx_word' id='word_1_75' title='bbox 1747 1176 1814 1214; x_wconf 77' lang='lat' dir='ltr'><strong>ex</strong></span> <span class='ocrx_word' id='word_1_76' title='bbox 1841 1159 2057 1215; x_wconf 84' lang='lat' dir='ltr'><strong>duobus</strong></span> 
     </span>
    </p>
   </div>
   <div class='ocr_carea' id='block_1_13' title="bbox 475 1228 2054 1318">
    <p class='ocr_par' dir='ltr' id='par_1_13' title="bbox 475 1228 2054 1318">
     <span class='ocr_line' id='line_1_13' title="bbox 475 1228 2054 1318; baseline 0.008 -27"><span class='ocrx_word' id='word_1_77' title='bbox 475 1236 585 1293; x_wconf 74' lang='lat' dir='ltr'><strong>iiiis</strong></span> <span class='ocrx_word' id='word_1_78' title='bbox 612 1228 843 1297; x_wconf 80' lang='lat' dir='ltr'><strong>Joannis</strong></span> <span class='ocrx_word' id='word_1_79' title='bbox 881 1243 1187 1314; x_wconf 90' lang='lat' dir='ltr'><strong>discipulis,</strong></span> <span class='ocrx_word' id='word_1_80' title='bbox 1213 1248 1307 1318; x_wconf 90' lang='lat' dir='ltr'><strong>qui</strong></span> <span class='ocrx_word' id='word_1_81' title='bbox 1352 1228 1631 1305; x_wconf 80' lang='lat' dir='ltr'><strong>Christum</strong></span> <span class='ocrx_word' id='word_1_82' title='bbox 1678 1252 1848 1307; x_wconf 86' lang='lat' dir='ltr'><strong>secuti</strong></span> <span class='ocrx_word' id='word_1_83' title='bbox 1893 1258 2054 1315; x_wconf 89' lang='lat' dir='ltr'><strong>sunt;</strong></span> 
     </span>
    </p>
   </div>
   <div class='ocr_carea' id='block_1_14' title="bbox 474 1334 2054 1415">
    <p class='ocr_par' dir='ltr' id='par_1_14' title="bbox 474 1334 2054 1415">
     <span class='ocr_line' id='line_1_14' title="bbox 474 1334 2054 1415; baseline 0.008 -31"><span class='ocrx_word' id='word_1_84' title='bbox 474 1347 709 1402; x_wconf 84' lang='lat' dir='ltr'><strong>quorum</strong></span> <span class='ocrx_word' id='word_1_85' title='bbox 744 1334 907 1391; x_wconf 92' lang='lat' dir='ltr'><strong>unius</strong></span> <span class='ocrx_word' id='word_1_86' title='bbox 954 1352 1175 1402; x_wconf 86' lang='lat' dir='ltr'><strong>nomen,</strong></span> <span class='ocrx_word' id='word_1_87' title='bbox 1215 1340 1446 1397; x_wconf 65' lang='lat' dir='ltr'><strong>Andreae</strong></span> <span class='ocrx_word' id='word_1_88' title='bbox 1501 1344 1730 1409; x_wconf 78' lang='lat' dir='ltr'><strong>scilicet,</strong></span> <span class='ocrx_word' id='word_1_89' title='bbox 1764 1346 2054 1415; x_wconf 81' lang='lat' dir='ltr'><strong>expressit,</strong></span> 
     </span>
    </p>
   </div>
   <div class='ocr_carea' id='block_1_15' title="bbox 475 1425 2055 1507">
    <p class='ocr_par' dir='ltr' id='par_1_15' title="bbox 475 1425 2055 1507">
     <span class='ocr_line' id='line_1_15' title="bbox 475 1425 2055 1507; baseline 0.009 -29"><span class='ocrx_word' id='word_1_90' title='bbox 475 1425 701 1481; x_wconf 80' lang='lat' dir='ltr'><strong>alterius</strong></span> <span class='ocrx_word' id='word_1_91' title='bbox 738 1427 931 1495; x_wconf 81' lang='lat' dir='ltr'><strong>tacuit,</strong></span> <span class='ocrx_word' id='word_1_92' title='bbox 967 1428 1113 1484; x_wconf 89' lang='lat' dir='ltr'><strong>hunc</strong></span> <span class='ocrx_word' id='word_1_93' title='bbox 1150 1432 1324 1502; x_wconf 90' lang='lat' dir='ltr'><strong>ipsum</strong></span> <span class='ocrx_word' id='word_1_94' title='bbox 1364 1450 1487 1491; x_wconf 89' lang='lat' dir='ltr'><strong>esse</strong></span> <span class='ocrx_word' id='word_1_95' title='bbox 1533 1435 1865 1507; x_wconf 87' lang='lat' dir='ltr'><strong>Philippum,</strong></span> <span class='ocrx_word' id='word_1_96' title='bbox 1897 1438 2055 1507; x_wconf 88' lang='lat' dir='ltr'><strong>cujus</strong></span> 
     </span>
    </p>
   </div>
   <div class='ocr_carea' id='block_1_16' title="bbox 474 1521 2052 1597">
    <p class='ocr_par' dir='ltr' id='par_1_16' title="bbox 474 1521 2052 1597">
     <span class='ocr_line' id='line_1_16' title="bbox 474 1521 2052 1597; baseline 0.009 -30"><span class='ocrx_word' id='word_1_97' title='bbox 474 1526 674 1570; x_wconf 85' lang='lat' dir='ltr'><strong>nomen</strong></span> <span class='ocrx_word' id='word_1_98' title='bbox 718 1525 803 1571; x_wconf 90' lang='lat' dir='ltr'><strong>est</strong></span> <span class='ocrx_word' id='word_1_99' title='bbox 850 1521 1137 1585; x_wconf 86' lang='lat' dir='ltr'><strong>omissum,</strong></span> <span class='ocrx_word' id='word_1_100' title='bbox 1167 1522 1312 1593; x_wconf 89' lang='lat' dir='ltr'><strong>quod</strong></span> <span class='ocrx_word' id='word_1_101' title='bbox 1341 1532 1394 1579; x_wconf 91' lang='lat' dir='ltr'><strong>et</strong></span> <span class='ocrx_word' id='word_1_102' title='bbox 1426 1526 1704 1596; x_wconf 87' lang='lat' dir='ltr'><strong>p0pularis</strong></span> <span class='ocrx_word' id='word_1_103' title='bbox 1725 1528 1862 1597; x_wconf 67' lang='lat' dir='ltr'><strong>ejus</strong></span> <span class='ocrx_word' id='word_1_104' title='bbox 1887 1536 2052 1592; x_wconf 86' lang='lat' dir='ltr'><strong>esset,</strong></span> 
     </span>
    </p>
   </div>
   <div class='ocr_carea' id='block_1_17' title="bbox 473 1607 2056 1693">
    <p class='ocr_par' dir='ltr' id='par_1_17' title="bbox 473 1607 2056 1693">
     <span class='ocr_line' id='line_1_17' title="bbox 473 1607 2056 1693; baseline 0.011 -32"><span class='ocrx_word' id='word_1_105' title='bbox 473 1607 637 1679; x_wconf 62' lang='grc'><strong>437</strong></span> <span class='ocrx_word' id='word_1_106' title='bbox 674 1618 728 1664; x_wconf 90' lang='lat' dir='ltr'><strong>et</strong></span> <span class='ocrx_word' id='word_1_107' title='bbox 776 1613 1208 1682; x_wconf 87' lang='lat' dir='ltr'><strong>contubernalis,</strong></span> <span class='ocrx_word' id='word_1_108' title='bbox 1260 1624 1314 1673; x_wconf 89' lang='lat' dir='ltr'><strong>et</strong></span> <span class='ocrx_word' id='word_1_109' title='bbox 1373 1620 1619 1675; x_wconf 86' lang='lat' dir='ltr'><strong>eamdem</strong></span> <span class='ocrx_word' id='word_1_110' title='bbox 1669 1630 1840 1676; x_wconf 85' lang='lat' dir='ltr'><strong>artem</strong></span> <span class='ocrx_word' id='word_1_111' title='bbox 1892 1631 2056 1693; x_wconf 87' lang='lat' dir='ltr'><strong>atque</strong></span> 
     </span>
    </p>
   </div>
   <div class='ocr_carea' id='block_1_18' title="bbox 473 1702 2056 1781">
    <p class='ocr_par' dir='ltr' id='par_1_18' title="bbox 473 1702 2056 1781">
     <span class='ocr_line' id='line_1_18' title="bbox 473 1702 2056 1781; baseline 0.011 -28"><span class='ocrx_word' id='word_1_112' title='bbox 473 1702 749 1771; x_wconf 83' lang='lat' dir='ltr'><strong>opiﬁcium</strong></span> <span class='ocrx_word' id='word_1_113' title='bbox 777 1713 1074 1761; x_wconf 76' lang='lat' dir='ltr'><strong>exerceret.</strong></span> <span class='ocrx_word' id='word_1_114' title='bbox 1108 1707 1221 1763; x_wconf 78' lang='lat' dir='ltr'><strong>Nisi</strong></span> <span class='ocrx_word' id='word_1_115' title='bbox 1254 1709 1393 1766; x_wconf 81' lang='lat' dir='ltr'><strong>forte</strong></span> <span class='ocrx_word' id='word_1_116' title='bbox 1431 1709 1696 1768; x_wconf 80' lang='lat' dir='ltr'><strong>Joannem</strong></span> <span class='ocrx_word' id='word_1_117' title='bbox 1737 1716 1930 1781; x_wconf 80' lang='lat' dir='ltr'><strong>mavis,</strong></span> <span class='ocrx_word' id='word_1_118' title='bbox 1963 1726 2056 1770; x_wconf 92' lang='lat' dir='ltr'><strong>aut</strong></span> 
     </span>
    </p>
   </div>
   <div class='ocr_carea' id='block_1_19' title="bbox 473 1790 2056 1861">
    <p class='ocr_par' dir='ltr' id='par_1_19' title="bbox 473 1790 2056 1861">
     <span class='ocr_line' id='line_1_19' title="bbox 473 1790 2056 1861; baseline 0.009 -15"><span class='ocrx_word' id='word_1_119' title='bbox 473 1790 735 1848; x_wconf 62' lang='lat' dir='ltr'><strong>Iacobum</strong></span> <span class='ocrx_word' id='word_1_120' title='bbox 768 1794 1013 1851; x_wconf 74' lang='lat' dir='ltr'><strong>Zebedzei</strong></span> <span class='ocrx_word' id='word_1_121' title='bbox 1049 1797 1237 1853; x_wconf 83' lang='lat' dir='ltr'><strong>lilium.</strong></span> <span class='ocrx_word' id='word_1_122' title='bbox 1286 1799 1501 1859; x_wconf 86' lang='lat' dir='ltr'><strong>Primos</strong></span> <span class='ocrx_word' id='word_1_123' title='bbox 1532 1804 1676 1857; x_wconf 89' lang='lat' dir='ltr'><strong>enim</strong></span> <span class='ocrx_word' id='word_1_124' title='bbox 1711 1808 1893 1859; x_wconf 89' lang='lat' dir='ltr'><strong>vocari</strong></span> <span class='ocrx_word' id='word_1_125' title='bbox 1936 1807 2056 1861; x_wconf 90' lang='lat' dir='ltr'><strong>illos</strong></span> 
     </span>
    </p>
   </div>
   <div class='ocr_carea' id='block_1_20' title="bbox 2158 593 3743 671">
    <p class='ocr_par' dir='ltr' id='par_1_20' title="bbox 2158 593 3743 671">
     <span class='ocr_line' id='line_1_20' title="bbox 2158 593 3743 671; baseline -0.004 -18"><span class='ocrx_word' id='word_1_126' title='bbox 2158 605 2273 670; x_wconf 87' lang='grc' dir='ltr'>γείν</span> <span class='ocrx_word' id='word_1_127' title='bbox 2300 600 2459 654; x_wconf 78' lang='grc' dir='ltr'>αὑτὸν</span> <span class='ocrx_word' id='word_1_128' title='bbox 2487 600 2623 670; x_wconf 79' lang='grc' dir='ltr'>πρὸς</span> <span class='ocrx_word' id='word_1_129' title='bbox 2644 599 2733 653; x_wconf 84' lang='grc' dir='ltr'><strong>τὸν</strong></span> <span class='ocrx_word' id='word_1_130' title='bbox 2756 598 2981 671; x_wconf 80' lang='grc' dir='ltr'><strong>Κύριον,</strong></span> <span class='ocrx_word' id='word_1_131' title='bbox 3006 598 3101 650; x_wconf 67' lang='grc' dir='ltr'><strong>καλ⁵</strong></span> <span class='ocrx_word' id='word_1_132' title='bbox 3125 597 3191 650; x_wconf 87' lang='grc' dir='ltr'><strong>τά</strong></span> <span class='ocrx_word' id='word_1_133' title='bbox 3212 595 3359 666; x_wconf 78' lang='grc' dir='ltr'>ἑξῆς.</span> <span class='ocrx_word' id='word_1_134' title='bbox 3390 594 3500 647; x_wconf 71' lang='grc' dir='ltr'><strong>Καὶ</strong></span> <span class='ocrx_word' id='word_1_135' title='bbox 3530 594 3607 657; x_wconf 83' lang='grc' dir='ltr'>ὡς</span> <span class='ocrx_word' id='word_1_136' title='bbox 3631 593 3743 663; x_wconf 75' lang='grc' dir='ltr'>ἔχει</span> 
     </span>
    </p>
   </div>
   <div class='ocr_carea' id='block_1_21' title="bbox 2157 684 3739 766">
    <p class='ocr_par' dir='ltr' id='par_1_21' title="bbox 2157 684 3739 766">
     <span class='ocr_line' id='line_1_21' title="bbox 2157 684 3739 766; baseline -0.006 -18"><span class='ocrx_word' id='word_1_137' title='bbox 2157 698 2189 766; x_wconf 82' lang='grc' dir='ltr'><strong>ἡ</strong></span> <span class='ocrx_word' id='word_1_138' title='bbox 2226 692 2538 758; x_wconf 76' lang='grc' dir='ltr'>ἀκολουθία,</span> <span class='ocrx_word' id='word_1_139' title='bbox 2575 694 2655 748; x_wconf 83' lang='grc' dir='ltr'>ὅτι</span> <span class='ocrx_word' id='word_1_140' title='bbox 2699 688 2850 745; x_wconf 81' lang='grc' dir='ltr'>εἶπεν</span> <span class='ocrx_word' id='word_1_141' title='bbox 2891 690 3059 761; x_wconf 82' lang='grc' dir='ltr'>αὐτῷ·</span> <span class='ocrx_word' id='word_1_142' title='bbox 3090 691 3174 743; x_wconf 87' lang='grc' dir='ltr'><strong>Σὺ</strong></span> <span class='ocrx_word' id='word_1_143' title='bbox 3202 687 3482 757; x_wconf 76' lang='grc' dir='ltr'><strong>κληθήσῃ</strong></span> <span class='ocrx_word' id='word_1_144' title='bbox 3508 684 3739 756; x_wconf 69' lang='grc' dir='ltr'>Κηφᾶς.</span> 
     </span>
    </p>
   </div>
   <div class='ocr_carea' id='block_1_22' title="bbox 2158 776 3745 857">
    <p class='ocr_par' dir='ltr' id='par_1_22' title="bbox 2158 776 3745 857">
     <span class='ocr_line' id='line_1_22' title="bbox 2158 776 3745 857; baseline -0.007 -16"><span class='ocrx_word' id='word_1_145' title='bbox 2158 787 2266 841; x_wconf 81' lang='grc' dir='ltr'><strong>Καὶ</strong></span> <span class='ocrx_word' id='word_1_146' title='bbox 2288 785 2362 854; x_wconf 81' lang='grc' dir='ltr'>τῇ</span> <span class='ocrx_word' id='word_1_147' title='bbox 2388 786 2677 857; x_wconf 84' lang='grc' dir='ltr'><strong>ἐπαύριον</strong></span> <span class='ocrx_word' id='word_1_148' title='bbox 2704 783 2988 852; x_wconf 74' lang='grc' dir='ltr'>ἠθέλησε,</span> <span class='ocrx_word' id='word_1_149' title='bbox 3025 783 3211 853; x_wconf 70' lang='grc' dir='ltr'>φησιν,</span> <span class='ocrx_word' id='word_1_150' title='bbox 3233 780 3503 846; x_wconf 74' lang='grc' dir='ltr'><strong>ἐξελθεῖν</strong></span> <span class='ocrx_word' id='word_1_151' title='bbox 3520 781 3608 845; x_wconf 76' lang='grc' dir='ltr'><strong>εἰς</strong></span> <span class='ocrx_word' id='word_1_152' title='bbox 3630 776 3745 845; x_wconf 77' lang='grc' dir='ltr'><strong>τὴν</strong></span> 
     </span>
    </p>
   </div>
   <div class='ocr_carea' id='block_1_23' title="bbox 2158 872 3744 945">
    <p class='ocr_par' dir='ltr' id='par_1_23' title="bbox 2158 872 3744 945">
     <span class='ocr_line' id='line_1_23' title="bbox 2158 872 3744 945; baseline -0.004 -14"><span class='ocrx_word' id='word_1_153' title='bbox 2158 879 2521 943; x_wconf 77' lang='grc' dir='ltr'><strong>Γαλιλαίαν,</strong></span> <span class='ocrx_word' id='word_1_154' title='bbox 2583 878 2681 932; x_wconf 81' lang='grc' dir='ltr'><strong>καὶ</strong></span> <span class='ocrx_word' id='word_1_155' title='bbox 2734 877 3003 945; x_wconf 78' lang='grc' dir='ltr'><strong>εὑρίσκει</strong></span> <span class='ocrx_word' id='word_1_156' title='bbox 3059 876 3379 938; x_wconf 76' lang='grc' dir='ltr'><strong>φίλιππον,</strong></span> <span class='ocrx_word' id='word_1_157' title='bbox 3434 874 3530 927; x_wconf 78' lang='grc' dir='ltr'><strong>καὶ</strong></span> <span class='ocrx_word' id='word_1_158' title='bbox 3582 872 3744 940; x_wconf 76' lang='grc' dir='ltr'>λέγει</span> 
     </span>
    </p>
   </div>
   <div class='ocr_carea' id='block_1_24' title="bbox 2158 963 3753 1038">
    <p class='ocr_par' dir='ltr' id='par_1_24' title="bbox 2158 963 3753 1038">
     <span class='ocr_line' id='line_1_24' title="bbox 2158 963 3753 1038; baseline -0.001 -17"><span class='ocrx_word' id='word_1_159' title='bbox 2158 969 2319 1034; x_wconf 83' lang='grc' dir='ltr'><strong>αὐτῷ</strong></span> <span class='ocrx_word' id='word_1_160' title='bbox 2344 972 2377 1023; x_wconf 84' lang='grc' dir='ltr'><strong>ό</strong></span> <span class='ocrx_word' id='word_1_161' title='bbox 2418 969 2665 1037; x_wconf 84' lang='grc' dir='ltr'>Ἰησοῦς·</span> <span class='ocrx_word' id='word_1_162' title='bbox 2711 970 3047 1023; x_wconf 78' lang='grc' dir='ltr'><strong>Ἀκολούθει</strong></span> <span class='ocrx_word' id='word_1_163' title='bbox 3072 986 3194 1038; x_wconf 83' lang='grc' dir='ltr'>μοι.</span> <span class='ocrx_word' id='word_1_164' title='bbox 3226 963 3337 1023; x_wconf 84' lang='grc' dir='ltr'><strong>Ἦν</strong></span> <span class='ocrx_word' id='word_1_165' title='bbox 3360 967 3425 1020; x_wconf 80' lang='grc' dir='ltr'>δὲ</span> <span class='ocrx_word' id='word_1_166' title='bbox 3446 967 3753 1030; x_wconf 69' lang='grc' dir='ltr'>Φίλιππος</span> 
     </span>
    </p>
   </div>
   <div class='ocr_carea' id='block_1_25' title="bbox 2158 1058 3738 1129">
    <p class='ocr_par' dir='ltr' id='par_1_25' title="bbox 2158 1058 3738 1129">
     <span class='ocr_line' id='line_1_25' title="bbox 2158 1058 3738 1129; baseline -0.003 -14"><span class='ocrx_word' id='word_1_167' title='bbox 2158 1061 2277 1116; x_wconf 83' lang='grc' dir='ltr'><strong>ἀπὸ</strong></span> <span class='ocrx_word' id='word_1_168' title='bbox 2304 1060 2631 1129; x_wconf 82' lang='grc' dir='ltr'>Βηθσαῖδᾶ,</span> <span class='ocrx_word' id='word_1_169' title='bbox 2675 1062 2742 1114; x_wconf 83' lang='grc' dir='ltr'>ἐκ</span> <span class='ocrx_word' id='word_1_170' title='bbox 2772 1062 3006 1126; x_wconf 80' lang='grc' dir='ltr'>πόλεως</span> <span class='ocrx_word' id='word_1_171' title='bbox 3054 1059 3325 1129; x_wconf 75' lang='grc' dir='ltr'><strong>Ἀνδρέου</strong></span> <span class='ocrx_word' id='word_1_172' title='bbox 3363 1061 3458 1113; x_wconf 76' lang='grc' dir='ltr'><strong>καὶ</strong></span> <span class='ocrx_word' id='word_1_173' title='bbox 3494 1058 3738 1126; x_wconf 81' lang='grc' dir='ltr'><strong>Πέτρου.</strong></span> 
     </span>
    </p>
   </div>
   <div class='ocr_carea' id='block_1_26' title="bbox 2158 1150 3743 1226">
    <p class='ocr_par' dir='ltr' id='par_1_26' title="bbox 2158 1150 3743 1226">
     <span class='ocr_line' id='line_1_26' title="bbox 2158 1150 3743 1226; baseline -0.006 -16"><span class='ocrx_word' id='word_1_174' title='bbox 2158 1157 2267 1210; x_wconf 78' lang='grc' dir='ltr'><strong>Καὶ</strong></span> <span class='ocrx_word' id='word_1_175' title='bbox 2295 1157 2446 1226; x_wconf 80' lang='grc' dir='ltr'>ὁρᾷς,</span> <span class='ocrx_word' id='word_1_176' title='bbox 2492 1157 2574 1208; x_wconf 84' lang='grc' dir='ltr'><strong>ὅτι</strong></span> <span class='ocrx_word' id='word_1_177' title='bbox 2616 1156 2677 1208; x_wconf 84' lang='grc' dir='ltr'><strong>τὸ</strong></span> <span class='ocrx_word' id='word_1_178' title='bbox 2714 1155 3063 1226; x_wconf 80' lang='grc' dir='ltr'>διανοηθῆναι</span> <span class='ocrx_word' id='word_1_179' title='bbox 3098 1156 3231 1225; x_wconf 81' lang='grc' dir='ltr'>ἡμῖν</span> <span class='ocrx_word' id='word_1_180' title='bbox 3259 1153 3491 1215; x_wconf 84' lang='grc' dir='ltr'>δίδωσιν,</span> <span class='ocrx_word' id='word_1_181' title='bbox 3521 1152 3603 1204; x_wconf 82' lang='grc' dir='ltr'><strong>ὅτι</strong></span> <span class='ocrx_word' id='word_1_182' title='bbox 3636 1150 3743 1202; x_wconf 83' lang='grc' dir='ltr'><strong>τῶν</strong></span> 
     </span>
    </p>
   </div>
   <div class='ocr_carea' id='block_1_27' title="bbox 2156 1240 3745 1316">
    <p class='ocr_par' dir='ltr' id='par_1_27' title="bbox 2156 1240 3745 1316">
     <span class='ocr_line' id='line_1_27' title="bbox 2156 1240 3745 1316; baseline -0.003 -18"><span class='ocrx_word' id='word_1_183' title='bbox 2156 1245 2249 1299; x_wconf 87' lang='grc' dir='ltr'><strong>δύο</strong></span> <span class='ocrx_word' id='word_1_184' title='bbox 2299 1245 2407 1299; x_wconf 86' lang='grc' dir='ltr'>τῶν</span> <span class='ocrx_word' id='word_1_185' title='bbox 2465 1246 2950 1316; x_wconf 80' lang='grc' dir='ltr'>ἀκολουθησάντων</span> <span class='ocrx_word' id='word_1_186' title='bbox 3010 1243 3467 1316; x_wconf 84' lang='grc' dir='ltr'>μαθητευομένων</span> <span class='ocrx_word' id='word_1_187' title='bbox 3520 1243 3618 1312; x_wconf 77' lang='grc' dir='ltr'><strong>μὲν</strong></span> <span class='ocrx_word' id='word_1_188' title='bbox 3667 1240 3745 1312; x_wconf 82' lang='grc' dir='ltr'>τῷ</span> 
     </span>
    </p>
   </div>
   <div class='ocr_carea' id='block_1_28' title="bbox 2158 1332 3746 1411">
    <p class='ocr_par' dir='ltr' id='par_1_28' title="bbox 2158 1332 3746 1411">
     <span class='ocr_line' id='line_1_28' title="bbox 2158 1332 3746 1411; baseline -0.002 -21"><span class='ocrx_word' id='word_1_189' title='bbox 2158 1336 2401 1411; x_wconf 82' lang='grc' dir='ltr'>Ἰωάννῃ,</span> <span class='ocrx_word' id='word_1_190' title='bbox 2435 1338 2493 1404; x_wconf 78' lang='grc' dir='ltr'>ἐξ</span> <span class='ocrx_word' id='word_1_191' title='bbox 2520 1332 2593 1391; x_wconf 77' lang='grc' dir='ltr'>ὧν</span> <span class='ocrx_word' id='word_1_192' title='bbox 2625 1337 2745 1400; x_wconf 80' lang='grc' dir='ltr'>ἑνὸς</span> <span class='ocrx_word' id='word_1_193' title='bbox 2774 1338 2834 1390; x_wconf 83' lang='grc' dir='ltr'>τὸ</span> <span class='ocrx_word' id='word_1_194' title='bbox 2871 1338 3040 1409; x_wconf 77' lang='grc' dir='ltr'>ὄνομα</span> <span class='ocrx_word' id='word_1_195' title='bbox 3081 1336 3322 1408; x_wconf 75' lang='grc' dir='ltr'>εἴρηκεν,</span> <span class='ocrx_word' id='word_1_196' title='bbox 3364 1336 3447 1389; x_wconf 75' lang='grc' dir='ltr'>ὅτι</span> <span class='ocrx_word' id='word_1_197' title='bbox 3488 1334 3746 1406; x_wconf 75' lang='grc' dir='ltr'><strong>Ἀνδρέας</strong></span> 
     </span>
    </p>
   </div>
   <div class='ocr_carea' id='block_1_29' title="bbox 2156 1425 3745 1502">
    <p class='ocr_par' dir='ltr' id='par_1_29' title="bbox 2156 1425 3745 1502">
     <span class='ocr_line' id='line_1_29' title="bbox 2156 1425 3745 1502; baseline -0.001 -22"><span class='ocrx_word' id='word_1_198' title='bbox 2156 1425 2243 1502; x_wconf 77' lang='grc' dir='ltr'>ἦν,</span> <span class='ocrx_word' id='word_1_199' title='bbox 2283 1430 2377 1482; x_wconf 82' lang='grc' dir='ltr'>τοῦ</span> <span class='ocrx_word' id='word_1_200' title='bbox 2406 1429 2463 1482; x_wconf 81' lang='grc' dir='ltr'>δὲ</span> <span class='ocrx_word' id='word_1_201' title='bbox 2493 1429 2651 1483; x_wconf 82' lang='grc' dir='ltr'>ἄλλου</span> <span class='ocrx_word' id='word_1_202' title='bbox 2699 1430 2799 1483; x_wconf 77' lang='grc' dir='ltr'><strong>οὐκ</strong></span> <span class='ocrx_word' id='word_1_203' title='bbox 2843 1428 3083 1501; x_wconf 76' lang='grc' dir='ltr'>εἴρηκεν·</span> <span class='ocrx_word' id='word_1_204' title='bbox 3113 1428 3189 1491; x_wconf 84' lang='grc' dir='ltr'>ὼς</span> <span class='ocrx_word' id='word_1_205' title='bbox 3233 1426 3556 1480; x_wconf 84' lang='grc' dir='ltr'>διανοεῖσθαι</span> <span class='ocrx_word' id='word_1_206' title='bbox 3595 1428 3745 1497; x_wconf 80' lang='grc' dir='ltr'>ἡμᾶς</span> 
     </span>
    </p>
   </div>
   <div class='ocr_carea' id='block_1_30' title="bbox 2156 1515 3742 1591">
    <p class='ocr_par' dir='ltr' id='par_1_30' title="bbox 2156 1515 3742 1591">
     <span class='ocr_line' id='line_1_30' title="bbox 2156 1515 3742 1591; baseline -0.004 -16"><span class='ocrx_word' id='word_1_207' title='bbox 2156 1522 2344 1575; x_wconf 78' lang='grc' dir='ltr'>τοῦτον</span> <span class='ocrx_word' id='word_1_208' title='bbox 2367 1518 2525 1585; x_wconf 85' lang='grc' dir='ltr'>εἶναι,</span> <span class='ocrx_word' id='word_1_209' title='bbox 2548 1515 2609 1575; x_wconf 71' lang='grc' dir='ltr'><strong>οὗ</strong></span> <span class='ocrx_word' id='word_1_210' title='bbox 2628 1521 2688 1573; x_wconf 88' lang='grc' dir='ltr'><strong>τὸ</strong></span> <span class='ocrx_word' id='word_1_211' title='bbox 2711 1521 2881 1591; x_wconf 72' lang='grc' dir='ltr'>ὄνομα</span> <span class='ocrx_word' id='word_1_212' title='bbox 2901 1521 3000 1572; x_wconf 80' lang='grc' dir='ltr'><strong>οὐκ</strong></span> <span class='ocrx_word' id='word_1_213' title='bbox 3021 1518 3232 1591; x_wconf 80' lang='grc' dir='ltr'>εἴρηκε,</span> <span class='ocrx_word' id='word_1_214' title='bbox 3256 1517 3344 1571; x_wconf 79' lang='grc' dir='ltr'>διὰ</span> <span class='ocrx_word' id='word_1_215' title='bbox 3364 1517 3423 1570; x_wconf 77' lang='grc' dir='ltr'>τὸ</span> <span class='ocrx_word' id='word_1_216' title='bbox 3442 1518 3742 1588; x_wconf 79' lang='grc' dir='ltr'>όμόχωρον,</span> 
     </span>
    </p>
   </div>
   <div class='ocr_carea' id='block_1_31' title="bbox 2157 1608 3740 1685">
    <p class='ocr_par' dir='ltr' id='par_1_31' title="bbox 2157 1608 3740 1685">
     <span class='ocr_line' id='line_1_31' title="bbox 2157 1608 3740 1685; baseline -0.005 -17"><span class='ocrx_word' id='word_1_217' title='bbox 2157 1614 2245 1669; x_wconf 83' lang='grc' dir='ltr'><strong>διὰ</strong></span> <span class='ocrx_word' id='word_1_218' title='bbox 2282 1615 2341 1668; x_wconf 83' lang='grc' dir='ltr'><strong>τὸ</strong></span> <span class='ocrx_word' id='word_1_219' title='bbox 2372 1613 2660 1685; x_wconf 79' lang='grc' dir='ltr'>σύσκηνον,</span> <span class='ocrx_word' id='word_1_220' title='bbox 2698 1612 2787 1666; x_wconf 84' lang='grc' dir='ltr'>διὰ</span> <span class='ocrx_word' id='word_1_221' title='bbox 2816 1612 2875 1665; x_wconf 83' lang='grc' dir='ltr'><strong>τὸ</strong></span> <span class='ocrx_word' id='word_1_222' title='bbox 2906 1612 3216 1681; x_wconf 78' lang='grc' dir='ltr'>ὁμότεχνον,</span> <span class='ocrx_word' id='word_1_223' title='bbox 3248 1610 3335 1663; x_wconf 77' lang='grc' dir='ltr'><strong>διὰ</strong></span> <span class='ocrx_word' id='word_1_224' title='bbox 3369 1609 3428 1661; x_wconf 85' lang='grc' dir='ltr'><strong>τὸ</strong></span> <span class='ocrx_word' id='word_1_225' title='bbox 3458 1608 3740 1679; x_wconf 81' lang='grc' dir='ltr'>όμοεργές’</span> 
     </span>
    </p>
   </div>
   <div class='ocr_carea' id='block_1_32' title="bbox 2157 1699 3745 1775">
    <p class='ocr_par' dir='ltr' id='par_1_32' title="bbox 2157 1699 3745 1775">
     <span class='ocr_line' id='line_1_32' title="bbox 2157 1699 3745 1775; baseline -0.006 -16"><span class='ocrx_word' id='word_1_226' title='bbox 2157 1706 2190 1775; x_wconf 81' lang='grc' dir='ltr'><strong>ἢ</strong></span> <span class='ocrx_word' id='word_1_227' title='bbox 2232 1706 2323 1759; x_wconf 82' lang='grc' dir='ltr'><strong>τὸν</strong></span> <span class='ocrx_word' id='word_1_228' title='bbox 2352 1704 2605 1775; x_wconf 86' lang='grc' dir='ltr'>Ἰωάννην</span> <span class='ocrx_word' id='word_1_229' title='bbox 2647 1699 2808 1766; x_wconf 81' lang='grc' dir='ltr'>εἶναι,</span> <span class='ocrx_word' id='word_1_230' title='bbox 2844 1703 2876 1774; x_wconf 78' lang='grc' dir='ltr'>ἢ</span> <span class='ocrx_word' id='word_1_231' title='bbox 2910 1702 3000 1755; x_wconf 83' lang='grc' dir='ltr'><strong>τὸν</strong></span> <span class='ocrx_word' id='word_1_232' title='bbox 3039 1701 3316 1765; x_wconf 79' lang='grc' dir='ltr'>Ἰάκωϐον,</span> <span class='ocrx_word' id='word_1_233' title='bbox 3358 1701 3454 1754; x_wconf 75' lang='grc' dir='ltr'>ἕνα</span> <span class='ocrx_word' id='word_1_234' title='bbox 3480 1700 3589 1753; x_wconf 81' lang='grc' dir='ltr'><strong>τῶν</strong></span> <span class='ocrx_word' id='word_1_235' title='bbox 3613 1700 3745 1751; x_wconf 82' lang='grc' dir='ltr'>υἱῶν</span> 
     </span>
    </p>
   </div>
   <div class='ocr_carea' id='block_1_33' title="bbox 2158 1791 3741 1865">
    <p class='ocr_par' dir='ltr' id='par_1_33' title="bbox 2158 1791 3741 1865">
     <span class='ocr_line' id='line_1_33' title="bbox 2158 1791 3741 1865; baseline -0.004 -15"><span class='ocrx_word' id='word_1_236' title='bbox 2158 1797 2467 1851; x_wconf 81' lang='grc' dir='ltr'>Ζεϐεδαίου.</span> <span class='ocrx_word' id='word_1_237' title='bbox 2531 1796 2679 1849; x_wconf 85' lang='grc' dir='ltr'>Ἔδει</span> <span class='ocrx_word' id='word_1_238' title='bbox 2740 1794 2849 1865; x_wconf 80' lang='grc' dir='ltr'>γὰρ</span> <span class='ocrx_word' id='word_1_239' title='bbox 2899 1791 3125 1855; x_wconf 80' lang='grc' dir='ltr'>τούτους</span> <span class='ocrx_word' id='word_1_240' title='bbox 3184 1794 3400 1863; x_wconf 81' lang='grc' dir='ltr'>πρῶτον</span> <span class='ocrx_word' id='word_1_241' title='bbox 3453 1791 3741 1861; x_wconf 72' lang='grc' dir='ltr'>κληθῆναιο</span> 
     </span>
    </p>
   </div>
   <div class='ocr_carea' id='block_1_34' title="bbox 475 1865 2062 1969">
    <p class='ocr_par' dir='ltr' id='par_1_34' title="bbox 475 1887 2059 1969">
     <span class='ocr_line' id='line_1_34' title="bbox 475 1887 2059 1969; baseline 0.008 -30"><span class='ocrx_word' id='word_1_242' title='bbox 475 1887 753 1954; x_wconf 81' lang='lat' dir='ltr'><strong>oportuit;</strong></span> <span class='ocrx_word' id='word_1_243' title='bbox 784 1895 900 1943; x_wconf 88' lang='lat' dir='ltr'><strong>tum</strong></span> <span class='ocrx_word' id='word_1_244' title='bbox 929 1889 1189 1961; x_wconf 89' lang='lat' dir='ltr'><strong>deinceps</strong></span> <span class='ocrx_word' id='word_1_245' title='bbox 1224 1890 1557 1964; x_wconf 90' lang='lat' dir='ltr'><strong>Philippum,</strong></span> <span class='ocrx_word' id='word_1_246' title='bbox 1597 1912 1707 1967; x_wconf 90' lang='lat' dir='ltr'><strong>quo</strong></span> <span class='ocrx_word' id='word_1_247' title='bbox 1741 1898 1795 1951; x_wconf 93' lang='lat' dir='ltr'><strong>in</strong></span> <span class='ocrx_word' id='word_1_248' title='bbox 1821 1897 2059 1969; x_wconf 82' lang='lat' dir='ltr'><strong>Evange-</strong></span> 
     </span>
    </p>
   </div>
   <div class='ocr_carea' id='block_1_35' title="bbox 2165 1865 3746 1969">
    <p class='ocr_par' dir='ltr' id='par_1_35' title="bbox 2165 1883 3746 1956">
     <span class='ocr_line' id='line_1_35' title="bbox 2165 1883 3746 1956; baseline -0.004 -15"><span class='ocrx_word' id='word_1_249' title='bbox 2165 1888 2353 1942; x_wconf 70' lang='grc' dir='ltr'>ἔπειτα</span> <span class='ocrx_word' id='word_1_250' title='bbox 2385 1888 2478 1942; x_wconf 87' lang='grc' dir='ltr'><strong>τὸν</strong></span> <span class='ocrx_word' id='word_1_251' title='bbox 2500 1888 2784 1949; x_wconf 83' lang='grc' dir='ltr'>Φίλιππον,</span> <span class='ocrx_word' id='word_1_252' title='bbox 2826 1884 2970 1938; x_wconf 78' lang='grc' dir='ltr'><strong>κατᾶ</strong></span> <span class='ocrx_word' id='word_1_253' title='bbox 2992 1886 3091 1956; x_wconf 81' lang='grc' dir='ltr'><strong>τήν</strong></span> <span class='ocrx_word' id='word_1_254' title='bbox 3126 1883 3466 1947; x_wconf 78' lang='grc' dir='ltr'>ἀκολουθίαν,</span> <span class='ocrx_word' id='word_1_255' title='bbox 3494 1884 3568 1946; x_wconf 84' lang='grc' dir='ltr'>ὡς</span> <span class='ocrx_word' id='word_1_256' title='bbox 3590 1883 3746 1936; x_wconf 87' lang='grc' dir='ltr'>τέτα-</span> 
     </span>
    </p>
   </div>
   <div class='ocr_carea' id='block_1_36' title="bbox 475 1974 2059 2057">
    <p class='ocr_par' dir='ltr' id='par_1_36' title="bbox 475 1974 2059 2057">
     <span class='ocr_line' id='line_1_36' title="bbox 475 1974 2059 2057; baseline 0.009 -28"><span class='ocrx_word' id='word_1_257' title='bbox 475 1974 564 2031; x_wconf 86' lang='lat' dir='ltr'><strong>liis</strong></span> <span class='ocrx_word' id='word_1_258' title='bbox 611 1978 802 2033; x_wconf 90' lang='lat' dir='ltr'><strong>ordine</strong></span> <span class='ocrx_word' id='word_1_259' title='bbox 856 1990 1234 2036; x_wconf 87' lang='lat' dir='ltr'><strong>numerantur.</strong></span> <span class='ocrx_word' id='word_1_260' title='bbox 1312 1982 1509 2041; x_wconf 89' lang='lat' dir='ltr'><strong>Petrus</strong></span> <span class='ocrx_word' id='word_1_261' title='bbox 1558 1988 1769 2057; x_wconf 89' lang='lat' dir='ltr'><strong>primus</strong></span> <span class='ocrx_word' id='word_1_262' title='bbox 1799 2028 1814 2051; x_wconf 96' lang='lat'><strong>,</strong></span> <span class='ocrx_word' id='word_1_263' title='bbox 1864 1989 2059 2044; x_wconf 88' lang='lat' dir='ltr'><strong>deinde</strong></span> 
     </span>
    </p>
   </div>
   <div class='ocr_carea' id='block_1_37' title="bbox 476 2067 2063 2152">
    <p class='ocr_par' dir='ltr' id='par_1_37' title="bbox 476 2067 2063 2152">
     <span class='ocr_line' id='line_1_37' title="bbox 476 2067 2063 2152; baseline 0.008 -31"><span class='ocrx_word' id='word_1_264' title='bbox 476 2067 744 2135; x_wconf 76' lang='lat' dir='ltr'><strong>Andreas,</strong></span> <span class='ocrx_word' id='word_1_265' title='bbox 775 2080 891 2125; x_wconf 89' lang='lat' dir='ltr'><strong>tum</strong></span> <span class='ocrx_word' id='word_1_266' title='bbox 928 2072 1199 2141; x_wconf 85' lang='lat' dir='ltr'><strong>Jacohus,</strong></span> <span class='ocrx_word' id='word_1_267' title='bbox 1241 2076 1365 2131; x_wconf 88' lang='lat' dir='ltr'><strong>inde</strong></span> <span class='ocrx_word' id='word_1_268' title='bbox 1414 2076 1676 2144; x_wconf 85' lang='lat' dir='ltr'><strong>Joannes,</strong></span> <span class='ocrx_word' id='word_1_269' title='bbox 1717 2090 1902 2152; x_wconf 87' lang='lat' dir='ltr'><strong>postea</strong></span> <span class='ocrx_word' id='word_1_270' title='bbox 1944 2080 2063 2134; x_wconf 83' lang='lat' dir='ltr'><strong>Phi-</strong></span> 
     </span>
    </p>
   </div>
   <div class='ocr_carea' id='block_1_38' title="bbox 475 2160 2060 2243">
    <p class='ocr_par' dir='ltr' id='par_1_38' title="bbox 475 2160 2060 2243">
     <span class='ocr_line' id='line_1_38' title="bbox 475 2160 2060 2243; baseline 0.009 -31"><span class='ocrx_word' id='word_1_271' title='bbox 475 2160 675 2233; x_wconf 82' lang='lat' dir='ltr'><strong>lippus.</strong></span> <span class='ocrx_word' id='word_1_272' title='bbox 729 2162 837 2219; x_wconf 91' lang='lat' dir='ltr'><strong>Sed</strong></span> <span class='ocrx_word' id='word_1_273' title='bbox 875 2166 940 2222; x_wconf 90' lang='lat' dir='ltr'><strong>de</strong></span> <span class='ocrx_word' id='word_1_274' title='bbox 982 2168 1050 2223; x_wconf 85' lang='lat' dir='ltr'><strong>iis</strong></span> <span class='ocrx_word' id='word_1_275' title='bbox 1096 2169 1385 2226; x_wconf 86' lang='lat' dir='ltr'><strong>hactenus.</strong></span> <span class='ocrx_word' id='word_1_276' title='bbox 1432 2170 1672 2242; x_wconf 78' lang='lat' dir='ltr'><strong>Longius</strong></span> <span class='ocrx_word' id='word_1_277' title='bbox 1720 2173 1865 2227; x_wconf 86' lang='lat' dir='ltr'><strong>enim</strong></span> <span class='ocrx_word' id='word_1_278' title='bbox 1914 2181 2060 2243; x_wconf 77' lang='lat' dir='ltr'><strong>patet</strong></span> 
     </span>
    </p>
   </div>
   <div class='ocr_carea' id='block_1_39' title="bbox 476 2253 931 2326">
    <p class='ocr_par' dir='ltr' id='par_1_39' title="bbox 476 2253 931 2326">
     <span class='ocr_line' id='line_1_39' title="bbox 476 2253 931 2326; baseline 0.015 -20"><span class='ocrx_word' id='word_1_279' title='bbox 476 2253 582 2307; x_wconf 85' lang='lat' dir='ltr'><strong>ista</strong></span> <span class='ocrx_word' id='word_1_280' title='bbox 611 2254 931 2326; x_wconf 85' lang='lat' dir='ltr'><strong>disputatio.</strong></span> 
     </span>
    </p>
   </div>
   <div class='ocr_carea' id='block_1_40' title="bbox 546 2432 2054 2513">
    <p class='ocr_par' dir='ltr' id='par_1_40' title="bbox 546 2432 2054 2513">
     <span class='ocr_line' id='line_1_40' title="bbox 546 2432 2054 2513; baseline 0.009 -28"><span class='ocrx_word' id='word_1_281' title='bbox 546 2432 663 2487; x_wconf 76' lang='lat' dir='ltr'><strong>XV.</strong></span> <span class='ocrx_word' id='word_1_282' title='bbox 701 2435 855 2493; x_wconf 86' lang='lat' dir='ltr'><strong>Nunc</strong></span> <span class='ocrx_word' id='word_1_283' title='bbox 888 2439 956 2494; x_wconf 89' lang='lat' dir='ltr'><strong>ad</strong></span> <span class='ocrx_word' id='word_1_284' title='bbox 993 2440 1048 2495; x_wconf 91' lang='lat' dir='ltr'><strong>id</strong></span> <span class='ocrx_word' id='word_1_285' title='bbox 1074 2442 1221 2511; x_wconf 91' lang='lat' dir='ltr'><strong>quod</strong></span> <span class='ocrx_word' id='word_1_286' title='bbox 1248 2449 1365 2497; x_wconf 90' lang='lat' dir='ltr'><strong>erat</strong></span> <span class='ocrx_word' id='word_1_287' title='bbox 1398 2442 1451 2496; x_wconf 92' lang='lat' dir='ltr'><strong>in</strong></span> <span class='ocrx_word' id='word_1_288' title='bbox 1482 2444 1786 2513; x_wconf 65' lang='lat' dir='ltr'><strong>quazstione</strong></span> <span class='ocrx_word' id='word_1_289' title='bbox 1818 2444 2054 2500; x_wconf 90' lang='lat' dir='ltr'><strong>redeun-</strong></span> 
     </span>
    </p>
   </div>
   <div class='ocr_carea' id='block_1_41' title="bbox 477 2523 2056 2608">
    <p class='ocr_par' dir='ltr' id='par_1_41' title="bbox 477 2523 2056 2608">
     <span class='ocr_line' id='line_1_41' title="bbox 477 2523 2056 2608; baseline 0.008 -29"><span class='ocrx_word' id='word_1_290' title='bbox 477 2523 608 2579; x_wconf 84' lang='lat' dir='ltr'><strong>dum</strong></span> <span class='ocrx_word' id='word_1_291' title='bbox 639 2537 741 2594; x_wconf 90' lang='lat' dir='ltr'><strong>est,</strong></span> <span class='ocrx_word' id='word_1_292' title='bbox 768 2531 1049 2597; x_wconf 86' lang='lat' dir='ltr'><strong>nimirum,</strong></span> <span class='ocrx_word' id='word_1_293' title='bbox 1086 2535 1491 2592; x_wconf 90' lang='lat' dir='ltr'><strong>observandum</strong></span> <span class='ocrx_word' id='word_1_294' title='bbox 1526 2537 1659 2591; x_wconf 90' lang='lat' dir='ltr'><strong>illud</strong></span> <span class='ocrx_word' id='word_1_295' title='bbox 1690 2552 1832 2603; x_wconf 85' lang='lat' dir='ltr'><strong>esse,</strong></span> <span class='ocrx_word' id='word_1_296' title='bbox 1864 2552 2056 2608; x_wconf 82' lang='lat' dir='ltr'><strong>quem—</strong></span> 
     </span>
    </p>
   </div>
   <div class='ocr_carea' id='block_1_42' title="bbox 479 2616 2058 2699">
    <p class='ocr_par' dir='ltr' id='par_1_42' title="bbox 479 2616 2058 2699">
     <span class='ocr_line' id='line_1_42' title="bbox 479 2616 2058 2699; baseline 0.009 -30"><span class='ocrx_word' id='word_1_297' title='bbox 479 2616 775 2675; x_wconf 91' lang='lat' dir='ltr'><strong>admodum</strong></span> <span class='ocrx_word' id='word_1_298' title='bbox 815 2621 895 2677; x_wconf 90' lang='lat' dir='ltr'><strong>illi</strong></span> <span class='ocrx_word' id='word_1_299' title='bbox 928 2640 1050 2680; x_wconf 90' lang='lat' dir='ltr'><strong>eum</strong></span> <span class='ocrx_word' id='word_1_300' title='bbox 1086 2624 1315 2682; x_wconf 61' lang='lat' dir='ltr'><strong>Joannis</strong></span> <span class='ocrx_word' id='word_1_301' title='bbox 1361 2640 1550 2684; x_wconf 87' lang='lat' dir='ltr'><strong>essent</strong></span> <span class='ocrx_word' id='word_1_302' title='bbox 1590 2629 1868 2699; x_wconf 88' lang='lat' dir='ltr'><strong>discipuli,</strong></span> <span class='ocrx_word' id='word_1_303' title='bbox 1898 2630 2058 2699; x_wconf 88' lang='lat' dir='ltr'><strong>eique</strong></span> 
     </span>
    </p>
   </div>
   <div class='ocr_carea' id='block_1_43' title="bbox 477 2717 2057 2791">
    <p class='ocr_par' dir='ltr' id='par_1_43' title="bbox 477 2717 2057 2791">
     <span class='ocr_line' id='line_1_43' title="bbox 477 2717 2057 2791; baseline 0.008 -28"><span class='ocrx_word' id='word_1_304' title='bbox 477 2722 745 2767; x_wconf 80' lang='lat' dir='ltr'><strong>navarent</strong></span> <span class='ocrx_word' id='word_1_305' title='bbox 790 2729 1037 2785; x_wconf 91' lang='lat' dir='ltr'><strong>operam,</strong></span> <span class='ocrx_word' id='word_1_306' title='bbox 1073 2718 1216 2788; x_wconf 90' lang='lat' dir='ltr'><strong>apud</strong></span> <span class='ocrx_word' id='word_1_307' title='bbox 1261 2717 1447 2775; x_wconf 80' lang='lat' dir='ltr'><strong>Jesum</strong></span> <span class='ocrx_word' id='word_1_308' title='bbox 1485 2719 1661 2791; x_wconf 90' lang='lat' dir='ltr'><strong>prima</strong></span> <span class='ocrx_word' id='word_1_309' title='bbox 1708 2721 1797 2775; x_wconf 86' lang='lat' dir='ltr'><strong>die</strong></span> <span class='ocrx_word' id='word_1_310' title='bbox 1836 2736 2057 2775; x_wconf 90' lang='lat' dir='ltr'><strong>manse-</strong></span> 
     </span>
    </p>
   </div>
   <div class='ocr_carea' id='block_1_44' title="bbox 478 2803 2057 2881">
    <p class='ocr_par' dir='ltr' id='par_1_44' title="bbox 478 2803 2057 2881">
     <span class='ocr_line' id='line_1_44' title="bbox 478 2803 2057 2881; baseline 0.008 -26"><span class='ocrx_word' id='word_1_311' title='bbox 478 2809 630 2856; x_wconf 85' lang='lat' dir='ltr'><strong>runt.</strong></span> <span class='ocrx_word' id='word_1_312' title='bbox 666 2803 711 2857; x_wconf 80' lang='grc' dir='ltr'><strong>Α</strong></span> <span class='ocrx_word' id='word_1_313' title='bbox 743 2820 852 2875; x_wconf 93' lang='lat' dir='ltr'><strong>quo</strong></span> <span class='ocrx_word' id='word_1_314' title='bbox 887 2809 1150 2877; x_wconf 85' lang='lat' dir='ltr'><strong>postridie</strong></span> <span class='ocrx_word' id='word_1_315' title='bbox 1178 2809 1433 2881; x_wconf 81' lang='lat' dir='ltr'><strong>digressi,</strong></span> <span class='ocrx_word' id='word_1_316' title='bbox 1478 2812 1675 2867; x_wconf 90' lang='lat' dir='ltr'><strong>iterum</strong></span> <span class='ocrx_word' id='word_1_317' title='bbox 1724 2812 1791 2865; x_wconf 91' lang='lat' dir='ltr'><strong>ad</strong></span> <span class='ocrx_word' id='word_1_318' title='bbox 1837 2813 2057 2881; x_wconf 89' lang='lat' dir='ltr'><strong>piscan-</strong></span> 
     </span>
    </p>
   </div>
   <div class='ocr_carea' id='block_1_45' title="bbox 478 2894 2059 2975">
    <p class='ocr_par' dir='ltr' id='par_1_45' title="bbox 478 2894 2059 2975">
     <span class='ocr_line' id='line_1_45' title="bbox 478 2894 2059 2975; baseline 0.006 -25"><span class='ocrx_word' id='word_1_319' title='bbox 478 2894 608 2950; x_wconf 82' lang='lat' dir='ltr'><strong>dum</strong></span> <span class='ocrx_word' id='word_1_320' title='bbox 653 2898 859 2954; x_wconf 87' lang='lat' dir='ltr'><strong>reversi</strong></span> <span class='ocrx_word' id='word_1_321' title='bbox 907 2909 1056 2965; x_wconf 89' lang='lat' dir='ltr'><strong>sunt,</strong></span> <span class='ocrx_word' id='word_1_322' title='bbox 1096 2903 1180 2956; x_wconf 84' lang='lat' dir='ltr'><strong>uti</strong></span> <span class='ocrx_word' id='word_1_323' title='bbox 1219 2912 1546 2959; x_wconf 65' lang='lat' dir='ltr'><strong>caeterorum</strong></span> <span class='ocrx_word' id='word_1_324' title='bbox 1599 2905 2059 2975; x_wconf 86' lang='lat' dir='ltr'><strong>evangelistarum</strong></span> 
     </span>
    </p>
   </div>
   <div class='ocr_carea' id='block_1_46' title="bbox 478 2991 2060 3066">
    <p class='ocr_par' dir='ltr' id='par_1_46' title="bbox 478 2991 2060 3066">
     <span class='ocr_line' id='line_1_46' title="bbox 478 2991 2060 3066; baseline 0.006 -23"><span class='ocrx_word' id='word_1_325' title='bbox 478 2991 725 3044; x_wconf 84' lang='lat' dir='ltr'><strong>narratio</strong></span> <span class='ocrx_word' id='word_1_326' title='bbox 769 2992 1034 3047; x_wconf 89' lang='lat' dir='ltr'><strong>continet.</strong></span> <span class='ocrx_word' id='word_1_327' title='bbox 1074 2992 1286 3047; x_wconf 88' lang='lat' dir='ltr'><strong>Etenim</strong></span> <span class='ocrx_word' id='word_1_328' title='bbox 1332 2995 1423 3050; x_wconf 92' lang='lat' dir='ltr'><strong>ubi</strong></span> <span class='ocrx_word' id='word_1_329' title='bbox 1476 2994 1637 3051; x_wconf 77' lang='lat' dir='ltr'><strong>Jesus</strong></span> <span class='ocrx_word' id='word_1_330' title='bbox 1680 3005 1896 3066; x_wconf 89' lang='lat' dir='ltr'><strong>postera</strong></span> <span class='ocrx_word' id='word_1_331' title='bbox 1940 2998 2060 3053; x_wconf 85' lang='lat' dir='ltr'><strong>luce</strong></span> 
     </span>
    </p>
   </div>
   <div class='ocr_carea' id='block_1_47' title="bbox 480 3082 2057 3162">
    <p class='ocr_par' dir='ltr' id='par_1_47' title="bbox 480 3082 2057 3162">
     <span class='ocr_line' id='line_1_47' title="bbox 480 3082 2057 3162; baseline 0.006 -27"><span class='ocrx_word' id='word_1_332' title='bbox 480 3082 762 3146; x_wconf 87' lang='lat' dir='ltr'><strong>discessit,</strong></span> <span class='ocrx_word' id='word_1_333' title='bbox 800 3086 985 3139; x_wconf 85' lang='lat' dir='ltr'><strong>statim</strong></span> <span class='ocrx_word' id='word_1_334' title='bbox 1015 3087 1329 3157; x_wconf 85' lang='lat' dir='ltr'><strong>evangelica</strong></span> <span class='ocrx_word' id='word_1_335' title='bbox 1362 3088 1495 3142; x_wconf 86' lang='lat' dir='ltr'><strong>illud</strong></span> <span class='ocrx_word' id='word_1_336' title='bbox 1532 3089 1763 3144; x_wconf 92' lang='lat' dir='ltr'><strong>historia</strong></span> <span class='ocrx_word' id='word_1_337' title='bbox 1796 3092 2057 3162; x_wconf 88' lang='lat' dir='ltr'><strong>subjicit:</strong></span> 
     </span>
    </p>
   </div>
   <div class='ocr_carea' id='block_1_48' title="bbox 2160 1975 3746 2047">
    <p class='ocr_par' dir='ltr' id='par_1_48' title="bbox 2160 1975 3746 2047">
     <span class='ocr_line' id='line_1_48' title="bbox 2160 1975 3746 2047; baseline -0.006 -12"><span class='ocrx_word' id='word_1_338' title='bbox 2160 1999 2285 2035; x_wconf 87' lang='grc' dir='ltr'>κται</span> <span class='ocrx_word' id='word_1_339' title='bbox 2303 1982 2487 2044; x_wconf 81' lang='grc' dir='ltr'>ἐντοῖς</span> <span class='ocrx_word' id='word_1_340' title='bbox 2516 1978 2886 2047; x_wconf 73' lang='grc' dir='ltr'>Εὐαγγελίοιςο</span> <span class='ocrx_word' id='word_1_341' title='bbox 2918 1975 3125 2047; x_wconf 80' lang='grc' dir='ltr'>Πέτρος</span> <span class='ocrx_word' id='word_1_342' title='bbox 3153 1975 3390 2047; x_wconf 80' lang='grc' dir='ltr'>πρῶτος,</span> <span class='ocrx_word' id='word_1_343' title='bbox 3415 1975 3603 2027; x_wconf 76' lang='grc' dir='ltr'>ἔπειτα</span> <span class='ocrx_word' id='word_1_344' title='bbox 3626 1975 3746 2026; x_wconf 81' lang='grc' dir='ltr'><strong>Ἀν-</strong></span> 
     </span>
    </p>
   </div>
   <div class='ocr_carea' id='block_1_49' title="bbox 2157 2064 3747 2145">
    <p class='ocr_par' dir='ltr' id='par_1_49' title="bbox 2157 2064 3747 2145">
     <span class='ocr_line' id='line_1_49' title="bbox 2157 2064 3747 2145; baseline -0.006 -18"><span class='ocrx_word' id='word_1_345' title='bbox 2157 2074 2341 2145; x_wconf 84' lang='grc' dir='ltr'>δρέας,</span> <span class='ocrx_word' id='word_1_346' title='bbox 2390 2070 2509 2127; x_wconf 76' lang='grc' dir='ltr'>εἶτα</span> <span class='ocrx_word' id='word_1_347' title='bbox 2559 2072 2839 2133; x_wconf 79' lang='grc' dir='ltr'>Ἰάκωϐος,</span> <span class='ocrx_word' id='word_1_348' title='bbox 2881 2064 3001 2121; x_wconf 75' lang='grc' dir='ltr'>εἶτα</span> <span class='ocrx_word' id='word_1_349' title='bbox 3040 2068 3314 2138; x_wconf 86' lang='grc' dir='ltr'>Ἰωάννης·</span> <span class='ocrx_word' id='word_1_350' title='bbox 3353 2066 3494 2138; x_wconf 85' lang='grc' dir='ltr'><strong>μετά</strong></span> <span class='ocrx_word' id='word_1_351' title='bbox 3522 2065 3747 2127; x_wconf 77' lang='grc' dir='ltr'>τούτους</span> 
     </span>
    </p>
   </div>
   <div class='ocr_carea' id='block_1_50' title="bbox 2160 2156 3741 2231">
    <p class='ocr_par' dir='ltr' id='par_1_50' title="bbox 2160 2156 3741 2231">
     <span class='ocr_line' id='line_1_50' title="bbox 2160 2156 3741 2231; baseline -0.005 -13"><span class='ocrx_word' id='word_1_352' title='bbox 2160 2165 2445 2228; x_wconf 66' lang='grc' dir='ltr'><strong>⁴Ιιίλιππος.</strong></span> <span class='ocrx_word' id='word_1_353' title='bbox 2481 2164 2643 2216; x_wconf 83' lang='grc' dir='ltr'>Ἀλλά</span> <span class='ocrx_word' id='word_1_354' title='bbox 2688 2162 2816 2231; x_wconf 76' lang='grc' dir='ltr'>περὶ</span> <span class='ocrx_word' id='word_1_355' title='bbox 2856 2161 3060 2213; x_wconf 85' lang='grc' dir='ltr'>τούτων</span> <span class='ocrx_word' id='word_1_356' title='bbox 3092 2159 3161 2212; x_wconf 90' lang='grc' dir='ltr'><strong>τά</strong></span> <span class='ocrx_word' id='word_1_357' title='bbox 3202 2158 3298 2213; x_wconf 81' lang='grc' dir='ltr'>νῦν</span> <span class='ocrx_word' id='word_1_358' title='bbox 3336 2158 3516 2212; x_wconf 85' lang='grc' dir='ltr'>ἐάσθω</span> <span class='ocrx_word' id='word_1_359' title='bbox 3545 2156 3741 2225; x_wconf 83' lang='grc' dir='ltr'>λέγειν.</span> 
     </span>
    </p>
   </div>
   <div class='ocr_carea' id='block_1_51' title="bbox 2160 2248 3747 2329">
    <p class='ocr_par' dir='ltr' id='par_1_51' title="bbox 2160 2248 3747 2329">
     <span class='ocr_line' id='line_1_51' title="bbox 2160 2248 3747 2329; baseline -0.007 -18"><span class='ocrx_word' id='word_1_360' title='bbox 2160 2258 2335 2329; x_wconf 80' lang='grc' dir='ltr'>Πολλὴ</span> <span class='ocrx_word' id='word_1_361' title='bbox 2382 2258 2490 2328; x_wconf 85' lang='grc' dir='ltr'><strong>γάρ</strong></span> <span class='ocrx_word' id='word_1_362' title='bbox 2532 2259 2678 2310; x_wconf 74' lang='grc' dir='ltr'>ἐστιν</span> <span class='ocrx_word' id='word_1_363' title='bbox 2727 2256 2760 2326; x_wconf 82' lang='grc' dir='ltr'><strong>ἡ</strong></span> <span class='ocrx_word' id='word_1_364' title='bbox 2808 2253 2907 2324; x_wconf 83' lang='grc' dir='ltr'>τῆς</span> <span class='ocrx_word' id='word_1_365' title='bbox 2955 2251 3339 2324; x_wconf 83' lang='grc' dir='ltr'>πραγματείας</span> <span class='ocrx_word' id='word_1_366' title='bbox 3384 2248 3589 2320; x_wconf 89' lang='grc' dir='ltr'>ταύτης</span> <span class='ocrx_word' id='word_1_367' title='bbox 3617 2249 3747 2301; x_wconf 76' lang='grc' dir='ltr'>ἀκο-</span> 
     </span>
    </p>
   </div>
   <div class='ocr_carea' id='block_1_52' title="bbox 2158 2351 2363 2405">
    <p class='ocr_par' dir='ltr' id='par_1_52' title="bbox 2158 2351 2363 2405">
     <span class='ocr_line' id='line_1_52' title="bbox 2158 2351 2363 2405; baseline -0.005 -2"><span class='ocrx_word' id='word_1_368' title='bbox 2158 2351 2363 2405; x_wconf 89' lang='grc' dir='ltr'>λουθία.</span> 
     </span>
    </p>
   </div>
   <div class='ocr_carea' id='block_1_53' title="bbox 2228 2457 3750 2535">
    <p class='ocr_par' dir='ltr' id='par_1_53' title="bbox 2228 2457 3750 2535">
     <span class='ocr_line' id='line_1_53' title="bbox 2228 2457 3750 2535; baseline -0.006 -15"><span class='ocrx_word' id='word_1_369' title='bbox 2228 2469 2331 2521; x_wconf 83' lang='grc' dir='ltr'><strong>1Ε’.</strong></span> <span class='ocrx_word' id='word_1_370' title='bbox 2365 2466 2459 2529; x_wconf 82' lang='grc' dir='ltr'>Εἰς</span> <span class='ocrx_word' id='word_1_371' title='bbox 2484 2464 2538 2518; x_wconf 85' lang='grc' dir='ltr'><strong>δὲ</strong></span> <span class='ocrx_word' id='word_1_372' title='bbox 2566 2464 2628 2517; x_wconf 83' lang='grc' dir='ltr'>τὸ</span> <span class='ocrx_word' id='word_1_373' title='bbox 2657 2462 2991 2535; x_wconf 77' lang='grc' dir='ltr'>ζητούμενον</span> <span class='ocrx_word' id='word_1_374' title='bbox 3020 2458 3430 2530; x_wconf 84' lang='grc' dir='ltr'>ἀνακαμπτέον,</span> <span class='ocrx_word' id='word_1_375' title='bbox 3468 2459 3605 2529; x_wconf 84' lang='grc' dir='ltr'>ὅπερ</span> <span class='ocrx_word' id='word_1_376' title='bbox 3630 2457 3750 2511; x_wconf 76' lang='grc' dir='ltr'>ἐστὶ</span> 
     </span>
    </p>
   </div>
   <div class='ocr_carea' id='block_1_54' title="bbox 2160 2550 3750 2630">
    <p class='ocr_par' dir='ltr' id='par_1_54' title="bbox 2160 2550 3750 2630">
     <span class='ocr_line' id='line_1_54' title="bbox 2160 2550 3750 2630; baseline -0.008 -17"><span class='ocrx_word' id='word_1_377' title='bbox 2160 2562 2517 2630; x_wconf 80' lang='grc' dir='ltr'>κατανοῆσαι,</span> <span class='ocrx_word' id='word_1_378' title='bbox 2557 2558 2661 2621; x_wconf 83' lang='grc' dir='ltr'>ὅτι,</span> <span class='ocrx_word' id='word_1_379' title='bbox 2718 2556 2971 2625; x_wconf 90' lang='grc' dir='ltr'>καθάπερ</span> <span class='ocrx_word' id='word_1_380' title='bbox 3022 2552 3100 2624; x_wconf 83' lang='grc' dir='ltr'>τῷ</span> <span class='ocrx_word' id='word_1_381' title='bbox 3162 2553 3384 2624; x_wconf 83' lang='grc' dir='ltr'>Ἰωάννῃ</span> <span class='ocrx_word' id='word_1_382' title='bbox 3423 2550 3524 2621; x_wconf 84' lang='grc' dir='ltr'><strong>ήδη</strong></span> <span class='ocrx_word' id='word_1_383' title='bbox 3576 2550 3750 2620; x_wconf 88' lang='grc' dir='ltr'>μαθη-</span> 
     </span>
    </p>
   </div>
   <div class='ocr_carea' id='block_1_55' title="bbox 2158 2642 3749 2721">
    <p class='ocr_par' dir='ltr' id='par_1_55' title="bbox 2158 2642 3749 2721">
     <span class='ocr_line' id='line_1_55' title="bbox 2158 2642 3749 2721; baseline -0.006 -17"><span class='ocrx_word' id='word_1_384' title='bbox 2158 2651 2457 2721; x_wconf 87' lang='grc' dir='ltr'>τευόμενοι,</span> <span class='ocrx_word' id='word_1_385' title='bbox 2494 2649 2589 2702; x_wconf 73' lang='grc' dir='ltr'>καὶ</span> <span class='ocrx_word' id='word_1_386' title='bbox 2618 2650 2685 2718; x_wconf 80' lang='grc' dir='ltr'>τῇ</span> <span class='ocrx_word' id='word_1_387' title='bbox 2721 2646 2986 2717; x_wconf 69' lang='grc' dir='ltr'>μαθητείᾳ</span> <span class='ocrx_word' id='word_1_388' title='bbox 3011 2645 3455 2716; x_wconf 81' lang='grc' dir='ltr'>προσανέχοντες,</span> <span class='ocrx_word' id='word_1_389' title='bbox 3486 2642 3749 2706; x_wconf 78' lang='grc' dir='ltr'>ὡσαύτως</span> 
     </span>
    </p>
   </div>
   <div class='ocr_carea' id='block_1_56' title="bbox 2160 2736 3749 2814">
    <p class='ocr_par' dir='ltr' id='par_1_56' title="bbox 2160 2736 3749 2814">
     <span class='ocr_line' id='line_1_56' title="bbox 2160 2736 3749 2814; baseline -0.005 -18"><span class='ocrx_word' id='word_1_390' title='bbox 2160 2745 2252 2797; x_wconf 73' lang='grc' dir='ltr'>καὶ</span> <span class='ocrx_word' id='word_1_391' title='bbox 2281 2742 2429 2814; x_wconf 88' lang='grc' dir='ltr'><strong>παρά</strong></span> <span class='ocrx_word' id='word_1_392' title='bbox 2458 2741 2536 2812; x_wconf 82' lang='grc' dir='ltr'>τῷ</span> <span class='ocrx_word' id='word_1_393' title='bbox 2575 2739 2751 2811; x_wconf 86' lang='grc' dir='ltr'>Ἰησοῦ</span> <span class='ocrx_word' id='word_1_394' title='bbox 2799 2740 3123 2811; x_wconf 79' lang='grc' dir='ltr'>ποιήσαντες</span> <span class='ocrx_word' id='word_1_395' title='bbox 3157 2736 3380 2809; x_wconf 81' lang='grc' dir='ltr'>πρώτην</span> <span class='ocrx_word' id='word_1_396' title='bbox 3424 2736 3749 2807; x_wconf 83' lang='grc' dir='ltr'>ἡμέραν,τῇ</span> 
     </span>
    </p>
   </div>
   <div class='ocr_carea' id='block_1_57' title="bbox 2160 2826 3750 2904">
    <p class='ocr_par' dir='ltr' id='par_1_57' title="bbox 2160 2826 3750 2904">
     <span class='ocr_line' id='line_1_57' title="bbox 2160 2826 3750 2904; baseline -0.006 -17"><span class='ocrx_word' id='word_1_397' title='bbox 2160 2832 2287 2904; x_wconf 79' lang='grc' dir='ltr'>ἑξῆς</span> <span class='ocrx_word' id='word_1_398' title='bbox 2332 2833 2679 2897; x_wconf 84' lang='grc' dir='ltr'>ἀπελθόντες,</span> <span class='ocrx_word' id='word_1_399' title='bbox 2729 2830 2890 2883; x_wconf 90' lang='grc' dir='ltr'>πάλιν</span> <span class='ocrx_word' id='word_1_400' title='bbox 2935 2831 2992 2882; x_wconf 82' lang='grc' dir='ltr'>ὲν</span> <span class='ocrx_word' id='word_1_401' title='bbox 3055 2832 3119 2900; x_wconf 84' lang='grc' dir='ltr'>τῇ</span> <span class='ocrx_word' id='word_1_402' title='bbox 3167 2829 3294 2899; x_wconf 76' lang='grc' dir='ltr'>άλίᾳ.</span> <span class='ocrx_word' id='word_1_403' title='bbox 3332 2827 3643 2898; x_wconf 77' lang='grc' dir='ltr'>ἐσχόλαζον,</span> <span class='ocrx_word' id='word_1_404' title='bbox 3673 2826 3750 2890; x_wconf 83' lang='grc' dir='ltr'>ὡς</span> 
     </span>
    </p>
   </div>
   <div class='ocr_carea' id='block_1_58' title="bbox 2160 2917 3747 2994">
    <p class='ocr_par' dir='ltr' id='par_1_58' title="bbox 2160 2917 3747 2994">
     <span class='ocr_line' id='line_1_58' title="bbox 2160 2917 3747 2994; baseline -0.003 -19"><span class='ocrx_word' id='word_1_405' title='bbox 2160 2924 2378 2994; x_wconf 78' lang='grc' dir='ltr'>ἔχουσιν</span> <span class='ocrx_word' id='word_1_406' title='bbox 2440 2924 2495 2975; x_wconf 87' lang='grc' dir='ltr'>αἱ</span> <span class='ocrx_word' id='word_1_407' title='bbox 2566 2920 2877 2975; x_wconf 82' lang='grc' dir='ltr'>ἀκολουθίαι</span> <span class='ocrx_word' id='word_1_408' title='bbox 2937 2919 3044 2972; x_wconf 84' lang='grc' dir='ltr'><strong>τῶν</strong></span> <span class='ocrx_word' id='word_1_409' title='bbox 3126 2920 3327 2989; x_wconf 80' lang='grc' dir='ltr'>ἑτέρων</span> <span class='ocrx_word' id='word_1_410' title='bbox 3379 2917 3747 2986; x_wconf 81' lang='grc' dir='ltr'>Εύαγγελίων.</span> 
     </span>
    </p>
   </div>
   <div class='ocr_carea' id='block_1_59' title="bbox 2162 3009 3751 3086">
    <p class='ocr_par' dir='ltr' id='par_1_59' title="bbox 2162 3009 3751 3086">
     <span class='ocr_line' id='line_1_59' title="bbox 2162 3009 3751 3086; baseline -0.005 -16"><span class='ocrx_word' id='word_1_411' title='bbox 2162 3017 2317 3070; x_wconf 85' lang='grc' dir='ltr'>Μετά</span> <span class='ocrx_word' id='word_1_412' title='bbox 2347 3015 2455 3086; x_wconf 77' lang='grc' dir='ltr'><strong>γὰρ</strong></span> <span class='ocrx_word' id='word_1_413' title='bbox 2488 3015 2548 3068; x_wconf 82' lang='grc' dir='ltr'><strong>τὸ</strong></span> <span class='ocrx_word' id='word_1_414' title='bbox 2579 3014 2677 3084; x_wconf 82' lang='grc' dir='ltr'>τὴν</span> <span class='ocrx_word' id='word_1_415' title='bbox 2704 3010 2893 3084; x_wconf 78' lang='grc' dir='ltr'>αὔριον</span> <span class='ocrx_word' id='word_1_416' title='bbox 2933 3010 3169 3078; x_wconf 73' lang='grc' dir='ltr'>ἐξελθεῖν</span> <span class='ocrx_word' id='word_1_417' title='bbox 3192 3010 3282 3064; x_wconf 86' lang='grc' dir='ltr'><strong>τὸν</strong></span> <span class='ocrx_word' id='word_1_418' title='bbox 3325 3009 3554 3081; x_wconf 78' lang='grc' dir='ltr'>Ἰησοῦν,</span> <span class='ocrx_word' id='word_1_419' title='bbox 3588 3009 3751 3072; x_wconf 76' lang='grc' dir='ltr'>εὐθὺς</span> 
     </span>
    </p>
   </div>
   <div class='ocr_carea' id='block_1_60' title="bbox 2164 3100 3751 3179">
    <p class='ocr_par' dir='ltr' id='par_1_60' title="bbox 2164 3100 3751 3179">
     <span class='ocr_line' id='line_1_60' title="bbox 2164 3100 3751 3179; baseline -0.006 -16"><span class='ocrx_word' id='word_1_420' title='bbox 2164 3110 2198 3179; x_wconf 82' lang='grc' dir='ltr'>ἡ</span> <span class='ocrx_word' id='word_1_421' title='bbox 2241 3106 2529 3162; x_wconf 85' lang='grc' dir='ltr'>ἀκολουθία</span> <span class='ocrx_word' id='word_1_422' title='bbox 2574 3106 2809 3174; x_wconf 84' lang='grc' dir='ltr'>φάσκει,</span> <span class='ocrx_word' id='word_1_423' title='bbox 2847 3105 2929 3157; x_wconf 85' lang='grc' dir='ltr'>ὅτι</span> <span class='ocrx_word' id='word_1_424' title='bbox 2989 3101 3067 3169; x_wconf 75' lang='grc' dir='ltr'><strong>Τῇ</strong></span> <span class='ocrx_word' id='word_1_425' title='bbox 3115 3102 3283 3171; x_wconf 78' lang='grc' dir='ltr'>τρίτῃ</span> <span class='ocrx_word' id='word_1_426' title='bbox 3322 3102 3511 3170; x_wconf 72' lang='grc' dir='ltr'>ἡμέρᾳ</span> <span class='ocrx_word' id='word_1_427' title='bbox 3565 3100 3751 3171; x_wconf 73' lang='grc' dir='ltr'>γάμος</span> 
     </span>
    </p>
   </div>
   <div class='ocr_carea' id='block_1_61' title="bbox 479 3173 2062 3273">
    <p class='ocr_par' dir='ltr' id='par_1_61' title="bbox 479 3173 2061 3247">
     <span class='ocr_line' id='line_1_61' title="bbox 479 3173 2061 3247; baseline 0.006 -20"><span class='ocrx_word' id='word_1_428' title='bbox 479 3173 583 3229; x_wconf 85' lang='lat' dir='ltr'><strong><em>Die</em></strong></span> <span class='ocrx_word' id='word_1_429' title='bbox 614 3177 769 3229; x_wconf 84' lang='lat' dir='ltr'><strong>tertia</strong></span> <span class='ocrx_word' id='word_1_430' title='bbox 805 3178 1001 3244; x_wconf 75' lang='lat' dir='ltr'><strong>nuptia:</strong></span> <span class='ocrx_word' id='word_1_431' title='bbox 1046 3179 1207 3246; x_wconf 72' lang='lat' dir='ltr'><strong>facta:</strong></span> <span class='ocrx_word' id='word_1_432' title='bbox 1252 3191 1375 3234; x_wconf 79' lang='lat' dir='ltr'><strong>sunt</strong></span> <span class='ocrx_word' id='word_1_433' title='bbox 1423 3183 1477 3235; x_wconf 86' lang='lat' dir='ltr'><strong><em>in</em></strong></span> <span class='ocrx_word' id='word_1_434' title='bbox 1516 3179 1668 3236; x_wconf 86' lang='lat' dir='ltr'><strong>Cana</strong></span> <span class='ocrx_word' id='word_1_435' title='bbox 1705 3181 1981 3247; x_wconf 72' lang='lat' dir='ltr'><strong>Galil‘azaz;</strong></span> <span class='ocrx_word' id='word_1_436' title='bbox 2012 3194 2061 3237; x_wconf 92' lang='lat' dir='ltr'><strong>et</strong></span> 
     </span>
    </p>
   </div>
   <div class='ocr_carea' id='block_1_62' title="bbox 2165 3173 3751 3273">
    <p class='ocr_par' dir='ltr' id='par_1_62' title="bbox 2165 3173 3751 3271">
     <span class='ocr_line' id='line_1_62' title="bbox 2165 3173 3751 3271; baseline -0.005 -18"><span class='ocrx_word' id='word_1_437' title='bbox 2165 3173 2398 3271; x_wconf 61' lang='grc' dir='ltr'>ἐγένετο</span> <span class='ocrx_word' id='word_1_438' title='bbox 2452 3199 2520 3251; x_wconf 83' lang='grc' dir='ltr'><strong>ἐγ</strong></span> <span class='ocrx_word' id='word_1_439' title='bbox 2563 3173 2729 3263; x_wconf 61' lang='lat' dir='ltr'><strong>Kay-ci</strong></span> <span class='ocrx_word' id='word_1_440' title='bbox 2774 3194 2885 3263; x_wconf 79' lang='grc' dir='ltr'>τῆς</span> <span class='ocrx_word' id='word_1_441' title='bbox 2917 3195 3283 3259; x_wconf 74' lang='grc' dir='ltr'><strong>Γαλιλαίας·</strong></span> <span class='ocrx_word' id='word_1_442' title='bbox 3323 3194 3421 3247; x_wconf 80' lang='grc' dir='ltr'><strong>καὶ</strong></span> <span class='ocrx_word' id='word_1_443' title='bbox 3455 3190 3533 3263; x_wconf 82' lang='grc' dir='ltr'><strong>ἦν</strong></span> <span class='ocrx_word' id='word_1_444' title='bbox 3558 3193 3687 3246; x_wconf 81' lang='grc' dir='ltr'>ἐκεῖ</span> <span class='ocrx_word' id='word_1_445' title='bbox 3710 3194 3751 3260; x_wconf 73' lang='grc' dir='ltr'><strong><em>ἡ</em></strong></span> 
     </span>
    </p>
   </div>
   <div class='ocr_carea' id='block_1_63' title="bbox 478 3269 2062 3363">
    <p class='ocr_par' dir='ltr' id='par_1_63' title="bbox 478 3269 2059 3342">
     <span class='ocr_line' id='line_1_63' title="bbox 478 3269 2059 3342; baseline 0.009 -24"><span class='ocrx_word' id='word_1_446' title='bbox 478 3276 591 3319; x_wconf 86' lang='lat' dir='ltr'><strong>erat</strong></span> <span class='ocrx_word' id='word_1_447' title='bbox 633 3278 801 3322; x_wconf 90' lang='lat' dir='ltr'><strong>mater</strong></span> <span class='ocrx_word' id='word_1_448' title='bbox 831 3269 960 3324; x_wconf 80' lang='lat' dir='ltr'><strong>Jesu</strong></span> <span class='ocrx_word' id='word_1_449' title='bbox 990 3270 1085 3325; x_wconf 85' lang='lat' dir='ltr'><strong>ibi.</strong></span> <span class='ocrx_word' id='word_1_450' title='bbox 1129 3273 1355 3329; x_wconf 78' lang='lat' dir='ltr'><strong>Vocatus</strong></span> <span class='ocrx_word' id='word_1_451' title='bbox 1388 3286 1465 3329; x_wconf 80' lang='lat' dir='ltr'><strong>est</strong></span> <span class='ocrx_word' id='word_1_452' title='bbox 1506 3285 1682 3330; x_wconf 88' lang='lat' dir='ltr'><strong>autem</strong></span> <span class='ocrx_word' id='word_1_453' title='bbox 1720 3286 1769 3328; x_wconf 86' lang='lat' dir='ltr'><strong>et</strong></span> <span class='ocrx_word' id='word_1_454' title='bbox 1800 3275 1980 3342; x_wconf 76' lang='lat' dir='ltr'><strong>Iesus,</strong></span> <span class='ocrx_word' id='word_1_455' title='bbox 2010 3288 2059 3332; x_wconf 89' lang='lat' dir='ltr'><strong>et</strong></span> 
     </span>
    </p>
   </div>
   <div class='ocr_carea' id='block_1_64' title="bbox 2165 3269 3747 3363">
    <p class='ocr_par' dir='ltr' id='par_1_64' title="bbox 2165 3269 3747 3363">
     <span class='ocr_line' id='line_1_64' title="bbox 2165 3269 3747 3363; baseline -0.007 -17"><span class='ocrx_word' id='word_1_456' title='bbox 2165 3269 2358 3363; x_wconf 15' lang='grc' dir='ltr'>μτήτηρ</span> <span class='ocrx_word' id='word_1_457' title='bbox 2392 3290 2498 3344; x_wconf 86' lang='grc' dir='ltr'>τοῦ</span> <span class='ocrx_word' id='word_1_458' title='bbox 2546 3288 2757 3357; x_wconf 83' lang='grc' dir='ltr'>Ἰησοῦ.</span> <span class='ocrx_word' id='word_1_459' title='bbox 2800 3286 3058 3354; x_wconf 76' lang='grc' dir='ltr'>Ἐκλήθη</span> <span class='ocrx_word' id='word_1_460' title='bbox 3080 3284 3147 3338; x_wconf 82' lang='grc' dir='ltr'>δὲ</span> <span class='ocrx_word' id='word_1_461' title='bbox 3189 3284 3289 3338; x_wconf 79' lang='grc' dir='ltr'><strong>καί</strong></span> <span class='ocrx_word' id='word_1_462' title='bbox 3323 3288 3354 3337; x_wconf 90' lang='grc' dir='ltr'><strong>ό</strong></span> <span class='ocrx_word' id='word_1_463' title='bbox 3401 3282 3631 3353; x_wconf 87' lang='grc' dir='ltr'>Ἰησοῦς</span> <span class='ocrx_word' id='word_1_464' title='bbox 3651 3282 3747 3339; x_wconf 75' lang='grc' dir='ltr'><strong>καί</strong></span> 
     </span>
    </p>
   </div>
   <div class='ocr_carea' id='block_1_65' title="bbox 480 3357 2059 3431">
    <p class='ocr_par' dir='ltr' id='par_1_65' title="bbox 480 3357 2059 3431">
     <span class='ocr_line' id='line_1_65' title="bbox 480 3357 2059 3431; baseline 0.009 -22"><span class='ocrx_word' id='word_1_465' title='bbox 480 3357 730 3428; x_wconf 75' lang='lat' dir='ltr'><strong>discipuli</strong></span> <span class='ocrx_word' id='word_1_466' title='bbox 751 3361 863 3430; x_wconf 82' lang='lat' dir='ltr'><strong>ejus</strong></span> <span class='ocrx_word' id='word_1_467' title='bbox 895 3364 964 3415; x_wconf 83' lang='lat' dir='ltr'><strong>ad</strong></span> <span class='ocrx_word' id='word_1_468' title='bbox 997 3367 1210 3431; x_wconf 80' lang='lat' dir='ltr'><strong>nuptias</strong></span> <span class='ocrx_word' id='word_1_469' title='bbox 1234 3368 1275 3417; x_wconf 86' lang='grc'>².</span> <span class='ocrx_word' id='word_1_470' title='bbox 1303 3365 1407 3420; x_wconf 87' lang='lat' dir='ltr'><strong>Ubi</strong></span> <span class='ocrx_word' id='word_1_471' title='bbox 1442 3383 1509 3422; x_wconf 83' lang='lat' dir='ltr'><strong>ex</strong></span> <span class='ocrx_word' id='word_1_472' title='bbox 1540 3369 1846 3423; x_wconf 80' lang='lat' dir='ltr'><strong>enucleatis</strong></span> <span class='ocrx_word' id='word_1_473' title='bbox 1883 3371 2059 3424; x_wconf 83' lang='lat' dir='ltr'><strong>utrin—</strong></span> 
     </span>
    </p>
   </div>
   <div class='ocr_carea' id='block_1_66' title="bbox 481 3451 2058 3531">
    <p class='ocr_par' dir='ltr' id='par_1_66' title="bbox 481 3451 2058 3531">
     <span class='ocr_line' id='line_1_66' title="bbox 481 3451 2058 3531; baseline 0.008 -29"><span class='ocrx_word' id='word_1_474' title='bbox 481 3464 589 3518; x_wconf 91' lang='lat' dir='ltr'><strong>que</strong></span> <span class='ocrx_word' id='word_1_475' title='bbox 648 3451 987 3520; x_wconf 83' lang='lat' dir='ltr'><strong>minutisque</strong></span> <span class='ocrx_word' id='word_1_476' title='bbox 1044 3455 1228 3510; x_wconf 86' lang='lat' dir='ltr'><strong>verbis</strong></span> <span class='ocrx_word' id='word_1_477' title='bbox 1287 3471 1351 3510; x_wconf 91' lang='lat' dir='ltr'><strong>ac</strong></span> <span class='ocrx_word' id='word_1_478' title='bbox 1408 3458 1694 3513; x_wconf 88' lang='lat' dir='ltr'><strong>sententiis</strong></span> <span class='ocrx_word' id='word_1_479' title='bbox 1751 3460 2058 3531; x_wconf 83' lang='lat' dir='ltr'><strong>colligitur,</strong></span> 
     </span>
    </p>
   </div>
   <div class='ocr_carea' id='block_1_67' title="bbox 481 3540 2061 3623">
    <p class='ocr_par' dir='ltr' id='par_1_67' title="bbox 481 3540 2061 3623">
     <span class='ocr_line' id='line_1_67' title="bbox 481 3540 2061 3623; baseline 0.006 -27"><span class='ocrx_word' id='word_1_480' title='bbox 481 3540 760 3597; x_wconf 80' lang='lat' dir='ltr'><strong>Christum</strong></span> <span class='ocrx_word' id='word_1_481' title='bbox 812 3544 951 3599; x_wconf 89' lang='lat' dir='ltr'><strong>alios</strong></span> <span class='ocrx_word' id='word_1_482' title='bbox 1000 3561 1189 3600; x_wconf 87' lang='lat' dir='ltr'><strong>secum</strong></span> <span class='ocrx_word' id='word_1_483' title='bbox 1238 3547 1537 3603; x_wconf 81' lang='lat' dir='ltr'><strong>adduxisse</strong></span> <span class='ocrx_word' id='word_1_484' title='bbox 1585 3549 1910 3620; x_wconf 85' lang='lat' dir='ltr'><strong>discipulos,</strong></span> <span class='ocrx_word' id='word_1_485' title='bbox 1968 3556 2061 3623; x_wconf 91' lang='lat' dir='ltr'><strong>qui</strong></span> 
     </span>
    </p>
   </div>
   <div class='ocr_carea' id='block_1_68' title="bbox 482 3636 2062 3706">
    <p class='ocr_par' dir='ltr' id='par_1_68' title="bbox 482 3636 2062 3706">
     <span class='ocr_line' id='line_1_68' title="bbox 482 3636 2062 3706; baseline 0.009 -23"><span class='ocrx_word' id='word_1_486' title='bbox 482 3645 610 3683; x_wconf 91' lang='lat' dir='ltr'><strong>cum</strong></span> <span class='ocrx_word' id='word_1_487' title='bbox 651 3647 716 3685; x_wconf 89' lang='lat' dir='ltr'><strong>eo</strong></span> <span class='ocrx_word' id='word_1_488' title='bbox 764 3645 1164 3689; x_wconf 84' lang='lat' dir='ltr'><strong>remanserant.</strong></span> <span class='ocrx_word' id='word_1_489' title='bbox 1209 3636 1532 3706; x_wconf 78' lang='lat' dir='ltr'><strong>Cuiusmodi</strong></span> <span class='ocrx_word' id='word_1_490' title='bbox 1584 3638 1724 3695; x_wconf 80' lang='lat' dir='ltr'><strong>forte</strong></span> <span class='ocrx_word' id='word_1_491' title='bbox 1763 3640 2062 3697; x_wconf 86' lang='lat' dir='ltr'><strong>Nathanael</strong></span> 
     </span>
    </p>
   </div>
   <div class='ocr_carea' id='block_1_69' title="bbox 482 3720 2063 3797">
    <p class='ocr_par' dir='ltr' id='par_1_69' title="bbox 482 3720 2063 3797">
     <span class='ocr_line' id='line_1_69' title="bbox 482 3720 2063 3797; baseline 0.011 -25"><span class='ocrx_word' id='word_1_492' title='bbox 482 3720 608 3784; x_wconf 82' lang='lat' dir='ltr'><strong>fuit,</strong></span> <span class='ocrx_word' id='word_1_493' title='bbox 639 3729 694 3775; x_wconf 91' lang='lat' dir='ltr'><strong>et</strong></span> <span class='ocrx_word' id='word_1_494' title='bbox 732 3720 1041 3793; x_wconf 80' lang='lat' dir='ltr'><strong>Philippus,</strong></span> <span class='ocrx_word' id='word_1_495' title='bbox 1084 3727 1289 3797; x_wconf 89' lang='lat' dir='ltr'><strong>aliique</strong></span> <span class='ocrx_word' id='word_1_496' title='bbox 1324 3730 1611 3797; x_wconf 90' lang='lat' dir='ltr'><strong>nonnulli;</strong></span> <span class='ocrx_word' id='word_1_497' title='bbox 1653 3746 1779 3785; x_wconf 91' lang='lat' dir='ltr'><strong>nam</strong></span> <span class='ocrx_word' id='word_1_498' title='bbox 1814 3733 2063 3789; x_wconf 82' lang='lat' dir='ltr'><strong>Andreas</strong></span> 
     </span>
    </p>
   </div>
   <div class='ocr_carea' id='block_1_70' title="bbox 479 3814 2065 3893">
    <p class='ocr_par' dir='ltr' id='par_1_70' title="bbox 479 3814 2065 3893">
     <span class='ocr_line' id='line_1_70' title="bbox 479 3814 2065 3893; baseline 0.01 -26"><span class='ocrx_word' id='word_1_499' title='bbox 479 3826 606 3867; x_wconf 86' lang='lat' dir='ltr'><strong>cum</strong></span> <span class='ocrx_word' id='word_1_500' title='bbox 642 3814 761 3868; x_wconf 91' lang='lat' dir='ltr'><strong>suis</strong></span> <span class='ocrx_word' id='word_1_501' title='bbox 802 3825 1127 3872; x_wconf 87' lang='lat' dir='ltr'><strong>recesserat.</strong></span> <span class='ocrx_word' id='word_1_502' title='bbox 1164 3818 1269 3886; x_wconf 87' lang='lat' dir='ltr'><strong>Qui</strong></span> <span class='ocrx_word' id='word_1_503' title='bbox 1300 3837 1431 3876; x_wconf 88' lang='lat' dir='ltr'><strong>vero</strong></span> <span class='ocrx_word' id='word_1_504' title='bbox 1468 3824 1611 3893; x_wconf 92' lang='lat' dir='ltr'><strong>apud</strong></span> <span class='ocrx_word' id='word_1_505' title='bbox 1653 3825 1807 3880; x_wconf 90' lang='lat' dir='ltr'><strong>illum</strong></span> <span class='ocrx_word' id='word_1_506' title='bbox 1848 3844 2065 3884; x_wconf 89' lang='lat' dir='ltr'><strong>manse-</strong></span> 
     </span>
    </p>
   </div>
   <div class='ocr_carea' id='block_1_71' title="bbox 481 3910 2062 3983">
    <p class='ocr_par' dir='ltr' id='par_1_71' title="bbox 481 3910 2062 3983">
     <span class='ocr_line' id='line_1_71' title="bbox 481 3910 2062 3983; baseline 0.008 -23"><span class='ocrx_word' id='word_1_507' title='bbox 481 3914 629 3971; x_wconf 84' lang='lat' dir='ltr'><strong>rant,</strong></span> <span class='ocrx_word' id='word_1_508' title='bbox 672 3922 795 3962; x_wconf 91' lang='lat' dir='ltr'><strong>cum</strong></span> <span class='ocrx_word' id='word_1_509' title='bbox 831 3925 897 3964; x_wconf 90' lang='lat' dir='ltr'><strong>eo</strong></span> <span class='ocrx_word' id='word_1_510' title='bbox 926 3910 993 3965; x_wconf 88' lang='lat' dir='ltr'><strong>ad</strong></span> <span class='ocrx_word' id='word_1_511' title='bbox 1035 3913 1257 3983; x_wconf 84' lang='lat' dir='ltr'><strong>nuptias</strong></span> <span class='ocrx_word' id='word_1_512' title='bbox 1290 3913 1503 3969; x_wconf 85' lang='lat' dir='ltr'><strong>invitati</strong></span> <span class='ocrx_word' id='word_1_513' title='bbox 1538 3926 1687 3971; x_wconf 91' lang='lat' dir='ltr'><strong>sunt.</strong></span> <span class='ocrx_word' id='word_1_514' title='bbox 1718 3916 1915 3975; x_wconf 89' lang='lat' dir='ltr'><strong>Postea</strong></span> <span class='ocrx_word' id='word_1_515' title='bbox 1938 3936 2062 3974; x_wconf 91' lang='lat' dir='ltr'><strong>cum</strong></span> 
     </span>
    </p>
   </div>
   <div class='ocr_carea' id='block_1_72' title="bbox 484 4000 2068 4083">
    <p class='ocr_par' dir='ltr' id='par_1_72' title="bbox 484 4000 2068 4083">
     <span class='ocr_line' id='line_1_72' title="bbox 484 4000 2068 4083; baseline 0.01 -31"><span class='ocrx_word' id='word_1_516' title='bbox 484 4000 722 4069; x_wconf 84' lang='lat' dir='ltr'><strong>primum</strong></span> <span class='ocrx_word' id='word_1_517' title='bbox 756 4001 886 4056; x_wconf 92' lang='lat' dir='ltr'><strong>illud</strong></span> <span class='ocrx_word' id='word_1_518' title='bbox 920 4005 1232 4075; x_wconf 88' lang='lat' dir='ltr'><strong>prodigium</strong></span> <span class='ocrx_word' id='word_1_519' title='bbox 1281 4006 1524 4073; x_wconf 82' lang='lat' dir='ltr'><strong>fecisset,</strong></span> <span class='ocrx_word' id='word_1_520' title='bbox 1577 4011 1629 4063; x_wconf 93' lang='lat' dir='ltr'><strong>in</strong></span> <span class='ocrx_word' id='word_1_521' title='bbox 1684 4010 2068 4083; x_wconf 84' lang='lat' dir='ltr'><strong>Capharnaiti—</strong></span> 
     </span>
    </p>
   </div>
   <div class='ocr_carea' id='block_1_73' title="bbox 484 4096 2067 4177">
    <p class='ocr_par' dir='ltr' id='par_1_73' title="bbox 484 4096 2067 4177">
     <span class='ocr_line' id='line_1_73' title="bbox 484 4096 2067 4177; baseline 0.009 -32"><span class='ocrx_word' id='word_1_522' title='bbox 484 4108 609 4145; x_wconf 90' lang='lat' dir='ltr'><strong>cum</strong></span> <span class='ocrx_word' id='word_1_523' title='bbox 660 4107 851 4164; x_wconf 86' lang='lat' dir='ltr'><strong>agrum</strong></span> <span class='ocrx_word' id='word_1_524' title='bbox 888 4096 1170 4165; x_wconf 83' lang='lat' dir='ltr'><strong>profectus</strong></span> <span class='ocrx_word' id='word_1_525' title='bbox 1222 4098 1423 4153; x_wconf 89' lang='lat' dir='ltr'><strong>ibidem</strong></span> <span class='ocrx_word' id='word_1_526' title='bbox 1476 4101 1740 4156; x_wconf 88' lang='lat' dir='ltr'><strong>habitavit</strong></span> <span class='ocrx_word' id='word_1_527' title='bbox 1786 4122 1800 4161; x_wconf 86' lang='lat'>:</span> <span class='ocrx_word' id='word_1_528' title='bbox 1842 4120 1910 4159; x_wconf 81' lang='lat' dir='ltr'><strong>ex</strong></span> <span class='ocrx_word' id='word_1_529' title='bbox 1957 4124 2067 4177; x_wconf 90' lang='lat' dir='ltr'><strong>quo</strong></span> 
     </span>
    </p>
   </div>
   <div class='ocr_carea' id='block_1_74' title="bbox 486 4187 2066 4265">
    <p class='ocr_par' dir='ltr' id='par_1_74' title="bbox 486 4187 2066 4265">
     <span class='ocr_line' id='line_1_74' title="bbox 486 4187 2066 4265; baseline 0.01 -29"><span class='ocrx_word' id='word_1_530' title='bbox 486 4192 735 4254; x_wconf 90' lang='lat' dir='ltr'><strong>tempore</strong></span> <span class='ocrx_word' id='word_1_531' title='bbox 784 4187 892 4241; x_wconf 86' lang='lat' dir='ltr'><strong>alia</strong></span> <span class='ocrx_word' id='word_1_532' title='bbox 945 4188 1206 4260; x_wconf 90' lang='lat' dir='ltr'><strong>deinceps</strong></span> <span class='ocrx_word' id='word_1_533' title='bbox 1252 4191 1519 4247; x_wconf 89' lang='lat' dir='ltr'><strong>miracula</strong></span> <span class='ocrx_word' id='word_1_534' title='bbox 1571 4196 1739 4265; x_wconf 77' lang='lat' dir='ltr'><strong>cmpit</strong></span> <span class='ocrx_word' id='word_1_535' title='bbox 1779 4196 1963 4261; x_wconf 89' lang='lat' dir='ltr'><strong>edere,</strong></span> <span class='ocrx_word' id='word_1_536' title='bbox 2010 4208 2066 4251; x_wconf 92' lang='lat' dir='ltr'><strong>ut</strong></span> 
     </span>
    </p>
   </div>
   <div class='ocr_carea' id='block_1_75' title="bbox 486 4276 2064 4343">
    <p class='ocr_par' dir='ltr' id='par_1_75' title="bbox 486 4276 2064 4343">
     <span class='ocr_line' id='line_1_75' title="bbox 486 4276 2064 4343; baseline 0.01 -16"><span class='ocrx_word' id='word_1_537' title='bbox 486 4292 612 4328; x_wconf 78' lang='lat' dir='ltr'><strong>cum</strong></span> <span class='ocrx_word' id='word_1_538' title='bbox 636 4276 847 4332; x_wconf 91' lang='lat' dir='ltr'><strong>aridam</strong></span> <span class='ocrx_word' id='word_1_539' title='bbox 871 4278 1109 4337; x_wconf 89' lang='lat' dir='ltr'><strong>hominis</strong></span> <span class='ocrx_word' id='word_1_540' title='bbox 1137 4298 1359 4338; x_wconf 91' lang='lat' dir='ltr'><strong>manum</strong></span> <span class='ocrx_word' id='word_1_541' title='bbox 1384 4287 1608 4340; x_wconf 89' lang='lat' dir='ltr'><strong>sanitati</strong></span> <span class='ocrx_word' id='word_1_542' title='bbox 1638 4288 1898 4342; x_wconf 89' lang='lat' dir='ltr'><strong>restituit.</strong></span> <span class='ocrx_word' id='word_1_543' title='bbox 1927 4288 2064 4343; x_wconf 90' lang='lat' dir='ltr'><strong>Tum</strong></span> 
     </span>
    </p>
   </div>
   <div class='ocr_carea' id='block_1_76' title="bbox 486 4365 2069 4437">
    <p class='ocr_par' dir='ltr' id='par_1_76' title="bbox 486 4365 2069 4437">
     <span class='ocr_line' id='line_1_76' title="bbox 486 4365 2069 4437; baseline 0.011 -18"><span class='ocrx_word' id='word_1_544' title='bbox 486 4365 633 4422; x_wconf 88' lang='lat' dir='ltr'><strong>Petri</strong></span> <span class='ocrx_word' id='word_1_545' title='bbox 665 4384 886 4423; x_wconf 91' lang='lat' dir='ltr'><strong>socrum</strong></span> <span class='ocrx_word' id='word_1_546' title='bbox 916 4375 1150 4429; x_wconf 89' lang='lat' dir='ltr'><strong>curavit.</strong></span> <span class='ocrx_word' id='word_1_547' title='bbox 1188 4374 1285 4431; x_wconf 83' lang='lat' dir='ltr'><strong>llic</strong></span> <span class='ocrx_word' id='word_1_548' title='bbox 1314 4379 1460 4432; x_wconf 88' lang='lat' dir='ltr'><strong>enim</strong></span> <span class='ocrx_word' id='word_1_549' title='bbox 1486 4378 1775 4435; x_wconf 85' lang='lat' dir='ltr'><strong>Bethsaida</strong></span> <span class='ocrx_word' id='word_1_550' title='bbox 1800 4382 2069 4437; x_wconf 88' lang='lat' dir='ltr'><strong>oriundus</strong></span> 
     </span>
    </p>
   </div>
   <div class='ocr_carea' id='block_1_77' title="bbox 486 4464 2069 4545">
    <p class='ocr_par' dir='ltr' id='par_1_77' title="bbox 486 4464 2069 4545">
     <span class='ocr_line' id='line_1_77' title="bbox 486 4464 2069 4545; baseline 0.011 -31"><span class='ocrx_word' id='word_1_551' title='bbox 486 4477 553 4515; x_wconf 81' lang='lat' dir='ltr'><strong>ex</strong></span> <span class='ocrx_word' id='word_1_552' title='bbox 588 4464 791 4532; x_wconf 90' lang='lat' dir='ltr'><strong>oppido</strong></span> <span class='ocrx_word' id='word_1_553' title='bbox 830 4464 1213 4535; x_wconf 88' lang='lat' dir='ltr'><strong>Capharnaum</strong></span> <span class='ocrx_word' id='word_1_554' title='bbox 1260 4487 1488 4526; x_wconf 83' lang='lat' dir='ltr'><strong>uxorem</strong></span> <span class='ocrx_word' id='word_1_555' title='bbox 1521 4472 1774 4539; x_wconf 84' lang='lat' dir='ltr'><strong>duxerat,</strong></span> <span class='ocrx_word' id='word_1_556' title='bbox 1808 4492 1929 4545; x_wconf 69' lang='lat' dir='ltr'><strong>qure</strong></span> <span class='ocrx_word' id='word_1_557' title='bbox 1958 4476 2069 4531; x_wconf 93' lang='lat' dir='ltr'><strong>duo</strong></span> 
     </span>
    </p>
   </div>
   <div class='ocr_carea' id='block_1_78' title="bbox 2168 3374 3752 3450">
    <p class='ocr_par' dir='ltr' id='par_1_78' title="bbox 2168 3374 3752 3450">
     <span class='ocr_line' id='line_1_78' title="bbox 2168 3374 3752 3450; baseline -0.007 -13"><span class='ocrx_word' id='word_1_558' title='bbox 2168 3388 2221 3437; x_wconf 79' lang='grc' dir='ltr'>οἱ</span> <span class='ocrx_word' id='word_1_559' title='bbox 2245 3382 2495 3450; x_wconf 77' lang='grc' dir='ltr'>μαθηταί</span> <span class='ocrx_word' id='word_1_560' title='bbox 2518 3378 2702 3435; x_wconf 77' lang='grc' dir='ltr'>αὑτοῦ</span> <span class='ocrx_word' id='word_1_561' title='bbox 2723 3382 2809 3445; x_wconf 84' lang='grc' dir='ltr'>εὶς</span> <span class='ocrx_word' id='word_1_562' title='bbox 2839 3378 2947 3432; x_wconf 81' lang='grc' dir='ltr'><strong>τὸν</strong></span> <span class='ocrx_word' id='word_1_563' title='bbox 2980 3377 3189 3447; x_wconf 71' lang='grc' dir='ltr'>τάμον.</span> <span class='ocrx_word' id='word_1_564' title='bbox 3234 3375 3365 3428; x_wconf 81' lang='grc' dir='ltr'><strong>Ἀπὸ</strong></span> <span class='ocrx_word' id='word_1_565' title='bbox 3387 3375 3442 3428; x_wconf 79' lang='grc' dir='ltr'>δὲ</span> <span class='ocrx_word' id='word_1_566' title='bbox 3475 3374 3752 3445; x_wconf 76' lang='grc' dir='ltr'>ἑκατέρων</span> 
     </span>
    </p>
   </div>
   <div class='ocr_carea' id='block_1_79' title="bbox 2167 3466 3753 3543">
    <p class='ocr_par' dir='ltr' id='par_1_79' title="bbox 2167 3466 3753 3543">
     <span class='ocr_line' id='line_1_79' title="bbox 2167 3466 3753 3543; baseline -0.008 -13"><span class='ocrx_word' id='word_1_567' title='bbox 2167 3476 2275 3530; x_wconf 85' lang='grc' dir='ltr'><strong>τῶν</strong></span> <span class='ocrx_word' id='word_1_568' title='bbox 2301 3476 2401 3542; x_wconf 78' lang='grc' dir='ltr'><strong>τῆς</strong></span> <span class='ocrx_word' id='word_1_569' title='bbox 2422 3475 2775 3541; x_wconf 83' lang='grc' dir='ltr'>λεπτολογίας</span> <span class='ocrx_word' id='word_1_570' title='bbox 2813 3471 3075 3543; x_wconf 77' lang='grc' dir='ltr'>ῥημάτων</span> <span class='ocrx_word' id='word_1_571' title='bbox 3116 3470 3212 3524; x_wconf 70' lang='grc' dir='ltr'>καὶ</span> <span class='ocrx_word' id='word_1_572' title='bbox 3242 3468 3553 3521; x_wconf 81' lang='grc' dir='ltr'>ὑποθέσεων</span> <span class='ocrx_word' id='word_1_573' title='bbox 3580 3466 3753 3520; x_wconf 80' lang='grc' dir='ltr'>ἰστέον</span> 
     </span>
    </p>
   </div>
   <div class='ocr_carea' id='block_1_80' title="bbox 2171 3560 3752 3637">
    <p class='ocr_par' dir='ltr' id='par_1_80' title="bbox 2171 3560 3752 3637">
     <span class='ocr_line' id='line_1_80' title="bbox 2171 3560 3752 3637; baseline -0.008 -14"><span class='ocrx_word' id='word_1_574' title='bbox 2171 3569 2339 3631; x_wconf 73' lang='grc' dir='ltr'>ἐστὶν,</span> <span class='ocrx_word' id='word_1_575' title='bbox 2370 3569 2453 3621; x_wconf 83' lang='grc' dir='ltr'><strong>ὅτι</strong></span> <span class='ocrx_word' id='word_1_576' title='bbox 2482 3568 2575 3619; x_wconf 70' lang='grc' dir='ltr'><strong>καὶ</strong></span> <span class='ocrx_word' id='word_1_577' title='bbox 2604 3565 2825 3637; x_wconf 77' lang='grc' dir='ltr'>ἑτέρους</span> <span class='ocrx_word' id='word_1_578' title='bbox 2862 3563 3283 3635; x_wconf 74' lang='grc' dir='ltr'>συμπαρείληφε</span> <span class='ocrx_word' id='word_1_579' title='bbox 3325 3560 3596 3632; x_wconf 79' lang='grc' dir='ltr'>μαθητὰς,</span> <span class='ocrx_word' id='word_1_580' title='bbox 3618 3560 3752 3611; x_wconf 79' lang='grc' dir='ltr'>οἵτι-</span> 
     </span>
    </p>
   </div>
   <div class='ocr_carea' id='block_1_81' title="bbox 2171 3650 3753 3730">
    <p class='ocr_par' dir='ltr' id='par_1_81' title="bbox 2171 3650 3753 3730">
     <span class='ocr_line' id='line_1_81' title="bbox 2171 3650 3753 3730; baseline -0.008 -15"><span class='ocrx_word' id='word_1_581' title='bbox 2171 3680 2259 3726; x_wconf 87' lang='grc' dir='ltr'><strong>νες</strong></span> <span class='ocrx_word' id='word_1_582' title='bbox 2290 3663 2387 3715; x_wconf 77' lang='grc' dir='ltr'><strong>σὺν</strong></span> <span class='ocrx_word' id='word_1_583' title='bbox 2440 3659 2585 3729; x_wconf 77' lang='grc' dir='ltr'>αὐτῷ</span> <span class='ocrx_word' id='word_1_584' title='bbox 2614 3659 2857 3730; x_wconf 72' lang='grc' dir='ltr'>ἔμειναν.</span> <span class='ocrx_word' id='word_1_585' title='bbox 2910 3656 3065 3727; x_wconf 86' lang='grc' dir='ltr'>Τάχα</span> <span class='ocrx_word' id='word_1_586' title='bbox 3110 3655 3167 3708; x_wconf 83' lang='grc' dir='ltr'>δὲ</span> <span class='ocrx_word' id='word_1_587' title='bbox 3203 3656 3253 3708; x_wconf 80' lang='lat' dir='ltr'><strong>oi</strong></span> <span class='ocrx_word' id='word_1_588' title='bbox 3283 3655 3413 3725; x_wconf 78' lang='grc' dir='ltr'>περὶ</span> <span class='ocrx_word' id='word_1_589' title='bbox 3436 3650 3753 3721; x_wconf 78' lang='grc' dir='ltr'>Ναθαναὴλ,</span> 
     </span>
    </p>
   </div>
   <div class='ocr_carea' id='block_1_82' title="bbox 2172 3741 3754 3816">
    <p class='ocr_par' dir='ltr' id='par_1_82' title="bbox 2172 3741 3754 3816">
     <span class='ocr_line' id='line_1_82' title="bbox 2172 3741 3754 3816; baseline -0.008 -11"><span class='ocrx_word' id='word_1_590' title='bbox 2172 3752 2267 3805; x_wconf 74' lang='grc' dir='ltr'><strong>καὶ</strong></span> <span class='ocrx_word' id='word_1_591' title='bbox 2290 3750 2575 3811; x_wconf 83' lang='grc' dir='ltr'>Φίλιππον,</span> <span class='ocrx_word' id='word_1_592' title='bbox 2596 3751 2687 3801; x_wconf 73' lang='grc' dir='ltr'><strong>καὶ</strong></span> <span class='ocrx_word' id='word_1_593' title='bbox 2719 3748 2867 3803; x_wconf 84' lang='grc' dir='ltr'>ἄλλοι</span> <span class='ocrx_word' id='word_1_594' title='bbox 2890 3748 3057 3810; x_wconf 88' lang='grc' dir='ltr'>τινές.</span> <span class='ocrx_word' id='word_1_595' title='bbox 3098 3748 3160 3799; x_wconf 77' lang='lat' dir='ltr'><strong>Oi</strong></span> <span class='ocrx_word' id='word_1_596' title='bbox 3185 3745 3293 3816; x_wconf 81' lang='grc' dir='ltr'>γὰρ</span> <span class='ocrx_word' id='word_1_597' title='bbox 3332 3743 3461 3816; x_wconf 69' lang='grc' dir='ltr'>περὶ</span> <span class='ocrx_word' id='word_1_598' title='bbox 3499 3741 3754 3811; x_wconf 81' lang='grc' dir='ltr'>Ἀνδρέαν</span> 
     </span>
    </p>
   </div>
   <div class='ocr_carea' id='block_1_83' title="bbox 2173 3835 3755 3914">
    <p class='ocr_par' dir='ltr' id='par_1_83' title="bbox 2173 3835 3755 3914">
     <span class='ocr_line' id='line_1_83' title="bbox 2173 3835 3755 3914; baseline -0.008 -18"><span class='ocrx_word' id='word_1_599' title='bbox 2173 3842 2421 3914; x_wconf 78' lang='grc' dir='ltr'>ἀνεχώρη</span> <span class='ocrx_word' id='word_1_600' title='bbox 2431 3859 2547 3895; x_wconf 91' lang='grc' dir='ltr'>σαν.</span> <span class='ocrx_word' id='word_1_601' title='bbox 2572 3842 2637 3895; x_wconf 85' lang='grc' dir='ltr'><strong>Οἱ</strong></span> <span class='ocrx_word' id='word_1_602' title='bbox 2659 3840 2715 3893; x_wconf 83' lang='grc' dir='ltr'>δὲ</span> <span class='ocrx_word' id='word_1_603' title='bbox 2735 3840 2865 3912; x_wconf 81' lang='grc' dir='ltr'>παρ’</span> <span class='ocrx_word' id='word_1_604' title='bbox 2891 3838 3039 3908; x_wconf 81' lang='grc' dir='ltr'>αὐτῷ</span> <span class='ocrx_word' id='word_1_605' title='bbox 3058 3838 3428 3909; x_wconf 85' lang='grc' dir='ltr'>μεμενηκότες</span> <span class='ocrx_word' id='word_1_606' title='bbox 3447 3835 3755 3906; x_wconf 80' lang='grc' dir='ltr'>ἐκλήθησαν</span> 
     </span>
    </p>
   </div>
   <div class='ocr_carea' id='block_1_84' title="bbox 2175 3929 3755 4005">
    <p class='ocr_par' dir='ltr' id='par_1_84' title="bbox 2175 3929 3755 4005">
     <span class='ocr_line' id='line_1_84' title="bbox 2175 3929 3755 4005; baseline -0.011 -11"><span class='ocrx_word' id='word_1_607' title='bbox 2175 3942 2269 3995; x_wconf 69' lang='grc' dir='ltr'><strong>καὶ</strong></span> <span class='ocrx_word' id='word_1_608' title='bbox 2325 3940 2475 3992; x_wconf 73' lang='grc' dir='ltr'>αὐτοὶ</span> <span class='ocrx_word' id='word_1_609' title='bbox 2536 3939 2614 4001; x_wconf 84' lang='grc' dir='ltr'>εἰς</span> <span class='ocrx_word' id='word_1_610' title='bbox 2656 3937 2781 3999; x_wconf 83' lang='grc' dir='ltr'>τοὺς</span> <span class='ocrx_word' id='word_1_611' title='bbox 2829 3935 3062 4005; x_wconf 82' lang='grc' dir='ltr'>γάμους.</span> <span class='ocrx_word' id='word_1_612' title='bbox 3104 3935 3215 3986; x_wconf 69' lang='grc' dir='ltr'>Καὶ</span> <span class='ocrx_word' id='word_1_613' title='bbox 3255 3932 3391 4003; x_wconf 81' lang='grc' dir='ltr'><strong>μετά</strong></span> <span class='ocrx_word' id='word_1_614' title='bbox 3434 3930 3494 3982; x_wconf 77' lang='grc' dir='ltr'>τὸ</span> <span class='ocrx_word' id='word_1_615' title='bbox 3534 3929 3755 4000; x_wconf 78' lang='grc' dir='ltr'>ποιῆσαι</span> 
     </span>
    </p>
   </div>
   <div class='ocr_carea' id='block_1_85' title="bbox 2174 4020 3757 4101">
    <p class='ocr_par' dir='ltr' id='par_1_85' title="bbox 2174 4020 3757 4101">
     <span class='ocr_line' id='line_1_85' title="bbox 2174 4020 3757 4101; baseline -0.011 -14"><span class='ocrx_word' id='word_1_616' title='bbox 2174 4034 2330 4087; x_wconf 76' lang='grc' dir='ltr'>τοῦτο</span> <span class='ocrx_word' id='word_1_617' title='bbox 2372 4032 2583 4101; x_wconf 82' lang='grc' dir='ltr'>πρῶτον</span> <span class='ocrx_word' id='word_1_618' title='bbox 2642 4031 2886 4098; x_wconf 84' lang='grc' dir='ltr'>σημεῖον,</span> <span class='ocrx_word' id='word_1_619' title='bbox 2939 4025 3214 4079; x_wconf 85' lang='grc' dir='ltr'>κατελθὼν</span> <span class='ocrx_word' id='word_1_620' title='bbox 3270 4026 3348 4087; x_wconf 91' lang='grc' dir='ltr'><strong>είς</strong></span> <span class='ocrx_word' id='word_1_621' title='bbox 3382 4022 3451 4075; x_wconf 75' lang='grc' dir='ltr'>τὰ</span> <span class='ocrx_word' id='word_1_622' title='bbox 3493 4022 3632 4092; x_wconf 83' lang='grc' dir='ltr'>μέρη</span> <span class='ocrx_word' id='word_1_623' title='bbox 3656 4020 3757 4088; x_wconf 73' lang='grc' dir='ltr'>τῆς</span> 
     </span>
    </p>
   </div>
   <div class='ocr_carea' id='block_1_86' title="bbox 2176 4115 3757 4193">
    <p class='ocr_par' dir='ltr' id='par_1_86' title="bbox 2176 4115 3757 4193">
     <span class='ocr_line' id='line_1_86' title="bbox 2176 4115 3757 4193; baseline -0.008 -18"><span class='ocrx_word' id='word_1_624' title='bbox 2176 4123 2553 4193; x_wconf 76' lang='grc' dir='ltr'>Καφαρναοὺμ</span> <span class='ocrx_word' id='word_1_625' title='bbox 2581 4118 2748 4171; x_wconf 79' lang='grc' dir='ltr'>ἐλθὼν</span> <span class='ocrx_word' id='word_1_626' title='bbox 2800 4117 3109 4187; x_wconf 80' lang='grc' dir='ltr'>κατῴκησε·</span> <span class='ocrx_word' id='word_1_627' title='bbox 3148 4117 3239 4168; x_wconf 76' lang='grc' dir='ltr'><strong>καὶ</strong></span> <span class='ocrx_word' id='word_1_628' title='bbox 3294 4115 3478 4168; x_wconf 86' lang='grc' dir='ltr'>λοιπὸν</span> <span class='ocrx_word' id='word_1_629' title='bbox 3554 4115 3757 4181; x_wconf 81' lang='grc' dir='ltr'>σημεῖα</span> 
     </span>
    </p>
   </div>
   <div class='ocr_carea' id='block_1_87' title="bbox 2176 4202 3755 4285">
    <p class='ocr_par' dir='ltr' id='par_1_87' title="bbox 2176 4202 3755 4285">
     <span class='ocr_line' id='line_1_87' title="bbox 2176 4202 3755 4285; baseline -0.008 -17"><span class='ocrx_word' id='word_1_630' title='bbox 2176 4217 2291 4268; x_wconf 78' lang='grc' dir='ltr'>ἐκεῖ</span> <span class='ocrx_word' id='word_1_631' title='bbox 2332 4214 2444 4285; x_wconf 79' lang='lat'><strong>(58)</strong></span> <span class='ocrx_word' id='word_1_632' title='bbox 2490 4213 2717 4284; x_wconf 82' lang='grc' dir='ltr'>ἄρχεται</span> <span class='ocrx_word' id='word_1_633' title='bbox 2767 4209 3095 4282; x_wconf 80' lang='grc' dir='ltr'>ἐργάζεσθαι</span> <span class='ocrx_word' id='word_1_634' title='bbox 3138 4209 3328 4279; x_wconf 72' lang='grc' dir='ltr'>ἔτερα·</span> <span class='ocrx_word' id='word_1_635' title='bbox 3377 4209 3465 4260; x_wconf 82' lang='grc' dir='ltr'><strong>ὅτε</strong></span> <span class='ocrx_word' id='word_1_636' title='bbox 3508 4205 3607 4276; x_wconf 80' lang='grc' dir='ltr'>τὴν</span> <span class='ocrx_word' id='word_1_637' title='bbox 3660 4202 3755 4256; x_wconf 78' lang='grc' dir='ltr'>τοῦ</span> 
     </span>
    </p>
   </div>
   <div class='ocr_carea' id='block_1_88' title="bbox 2179 4296 3759 4376">
    <p class='ocr_par' dir='ltr' id='par_1_88' title="bbox 2179 4296 3759 4376">
     <span class='ocr_line' id='line_1_88' title="bbox 2179 4296 3759 4376; baseline -0.006 -19"><span class='ocrx_word' id='word_1_638' title='bbox 2179 4304 2347 4376; x_wconf 72' lang='grc' dir='ltr'>ξηρὰν</span> <span class='ocrx_word' id='word_1_639' title='bbox 2382 4298 2595 4373; x_wconf 83' lang='grc' dir='ltr'>ἔχοντος</span> <span class='ocrx_word' id='word_1_640' title='bbox 2630 4304 2787 4371; x_wconf 85' lang='grc' dir='ltr'>χεῖρα</span> <span class='ocrx_word' id='word_1_641' title='bbox 2815 4301 3019 4356; x_wconf 79' lang='grc' dir='ltr'>ἰάσατο.</span> <span class='ocrx_word' id='word_1_642' title='bbox 3058 4299 3217 4352; x_wconf 81' lang='grc' dir='ltr'>Ἀλλὰ</span> <span class='ocrx_word' id='word_1_643' title='bbox 3240 4299 3335 4352; x_wconf 75' lang='grc' dir='ltr'><strong>καὶ</strong></span> <span class='ocrx_word' id='word_1_644' title='bbox 3360 4298 3457 4369; x_wconf 82' lang='grc' dir='ltr'>τὴν</span> <span class='ocrx_word' id='word_1_645' title='bbox 3488 4296 3759 4368; x_wconf 71' lang='grc' dir='ltr'>πενθερὰν</span> 
     </span>
    </p>
   </div>
   <div class='ocr_carea' id='block_1_89' title="bbox 2175 4391 3760 4465">
    <p class='ocr_par' dir='ltr' id='par_1_89' title="bbox 2175 4391 3760 4465">
     <span class='ocr_line' id='line_1_89' title="bbox 2175 4391 3760 4465; baseline -0.005 -16"><span class='ocrx_word' id='word_1_646' title='bbox 2175 4397 2269 4449; x_wconf 80' lang='grc' dir='ltr'><strong>τοῦ</strong></span> <span class='ocrx_word' id='word_1_647' title='bbox 2303 4396 2529 4465; x_wconf 80' lang='grc' dir='ltr'>Πέτρου,</span> <span class='ocrx_word' id='word_1_648' title='bbox 2565 4394 2659 4447; x_wconf 79' lang='grc' dir='ltr'><strong>τοῦ</strong></span> <span class='ocrx_word' id='word_1_649' title='bbox 2693 4394 2791 4464; x_wconf 80' lang='grc' dir='ltr'><strong>μὲν</strong></span> <span class='ocrx_word' id='word_1_650' title='bbox 2833 4393 2941 4446; x_wconf 85' lang='grc' dir='ltr'><strong>ἀπὸ</strong></span> <span class='ocrx_word' id='word_1_651' title='bbox 2980 4391 3255 4463; x_wconf 73' lang='grc' dir='ltr'>Βηθσαῖδᾶ.</span> <span class='ocrx_word' id='word_1_652' title='bbox 3280 4392 3452 4456; x_wconf 76' lang='grc' dir='ltr'>ὄντος,</span> <span class='ocrx_word' id='word_1_653' title='bbox 3477 4394 3760 4462; x_wconf 80' lang='grc' dir='ltr'>γήμαντος</span> 
     </span>
    </p>
   </div>
   <div class='ocr_carea' id='block_1_90' title="bbox 2177 4480 3758 4555">
    <p class='ocr_par' dir='ltr' id='par_1_90' title="bbox 2177 4480 3758 4555">
     <span class='ocr_line' id='line_1_90' title="bbox 2177 4480 3758 4555; baseline -0.004 -16"><span class='ocrx_word' id='word_1_654' title='bbox 2177 4487 2230 4539; x_wconf 78' lang='grc' dir='ltr'>δὲ</span> <span class='ocrx_word' id='word_1_655' title='bbox 2249 4486 2355 4539; x_wconf 81' lang='grc' dir='ltr'><strong>ἀπὸ</strong></span> <span class='ocrx_word' id='word_1_656' title='bbox 2386 4485 2784 4553; x_wconf 78' lang='grc' dir='ltr'>Καφαρναοὺμ,</span> <span class='ocrx_word' id='word_1_657' title='bbox 2819 4483 3036 4555; x_wconf 74' lang='grc' dir='ltr'>μακράν</span> <span class='ocrx_word' id='word_1_658' title='bbox 3059 4483 3079 4513; x_wconf 85' lang='grc'>³</span> <span class='ocrx_word' id='word_1_659' title='bbox 3098 4482 3267 4536; x_wconf 81' lang='grc' dir='ltr'>ὅντων</span> <span class='ocrx_word' id='word_1_660' title='bbox 3294 4482 3401 4537; x_wconf 84' lang='grc' dir='ltr'><strong>τῶν</strong></span> <span class='ocrx_word' id='word_1_661' title='bbox 3431 4481 3611 4534; x_wconf 89' lang='grc' dir='ltr'>τόπων</span> <span class='ocrx_word' id='word_1_662' title='bbox 3633 4480 3758 4533; x_wconf 87' lang='grc' dir='ltr'>τού-</span> 
     </span>
    </p>
   </div>
   <div class='ocr_carea' id='block_1_91' title="bbox 487 4557 2062 4644">
    <p class='ocr_par' dir='ltr' id='par_1_91' title="bbox 487 4557 2060 4630">
     <span class='ocr_line' id='line_1_91' title="bbox 487 4557 2060 4630; baseline 0.009 -20"><span class='ocrx_word' id='word_1_663' title='bbox 487 4557 689 4627; x_wconf 81' lang='lat' dir='ltr'><strong>oppida</strong></span> <span class='ocrx_word' id='word_1_664' title='bbox 727 4558 868 4614; x_wconf 89' lang='lat' dir='ltr'><strong>haud</strong></span> <span class='ocrx_word' id='word_1_665' title='bbox 907 4564 1097 4630; x_wconf 89' lang='lat' dir='ltr'><strong>procul</strong></span> <span class='ocrx_word' id='word_1_666' title='bbox 1128 4578 1157 4615; x_wconf 90' lang='lat' dir='ltr'><strong>a</strong></span> <span class='ocrx_word' id='word_1_667' title='bbox 1194 4579 1251 4618; x_wconf 91' lang='lat' dir='ltr'><strong>se</strong></span> <span class='ocrx_word' id='word_1_668' title='bbox 1288 4565 1522 4621; x_wconf 80' lang='lat' dir='ltr'><strong>invicem</strong></span> <span class='ocrx_word' id='word_1_669' title='bbox 1556 4567 1755 4623; x_wconf 89' lang='lat' dir='ltr'><strong>dissita</strong></span> <span class='ocrx_word' id='word_1_670' title='bbox 1789 4578 1938 4625; x_wconf 91' lang='lat' dir='ltr'><strong>sunt.</strong></span> <span class='ocrx_word' id='word_1_671' title='bbox 1968 4572 2060 4624; x_wconf 87' lang='lat' dir='ltr'><strong>So-</strong></span> 
     </span>
    </p>
   </div>
   <div class='ocr_carea' id='block_1_92' title="bbox 2165 4557 3761 4644">
    <p class='ocr_par' dir='ltr' id='par_1_92' title="bbox 2172 4569 3761 4644">
     <span class='ocr_line' id='line_1_92' title="bbox 2172 4569 3761 4644; baseline -0.004 -15"><span class='ocrx_word' id='word_1_672' title='bbox 2172 4594 2279 4629; x_wconf 89' lang='grc' dir='ltr'><strong>των</strong></span> <span class='ocrx_word' id='word_1_673' title='bbox 2295 4574 2373 4644; x_wconf 82' lang='grc' dir='ltr'>τῷ</span> <span class='ocrx_word' id='word_1_674' title='bbox 2405 4574 2752 4644; x_wconf 80' lang='grc' dir='ltr'>διαστήματι,</span> <span class='ocrx_word' id='word_1_675' title='bbox 2786 4573 2988 4644; x_wconf 88' lang='grc' dir='ltr'>ταύτην</span> <span class='ocrx_word' id='word_1_676' title='bbox 3025 4573 3133 4627; x_wconf 84' lang='grc' dir='ltr'><strong>ἀπὸ</strong></span> <span class='ocrx_word' id='word_1_677' title='bbox 3158 4572 3254 4627; x_wconf 79' lang='grc' dir='ltr'>τοῦ</span> <span class='ocrx_word' id='word_1_678' title='bbox 3289 4569 3525 4643; x_wconf 87' lang='grc' dir='ltr'>πυρετοῦ</span> <span class='ocrx_word' id='word_1_679' title='bbox 3558 4569 3761 4624; x_wconf 70' lang='grc' dir='ltr'>διασώ-</span> 
     </span>
    </p>
   </div>
   <div class='ocr_carea' id='block_1_93' title="bbox 484 4649 2065 4729">
    <p class='ocr_par' dir='ltr' id='par_1_93' title="bbox 484 4649 2065 4729">
     <span class='ocr_line' id='line_1_93' title="bbox 484 4649 2065 4729; baseline 0.005 -23"><span class='ocrx_word' id='word_1_680' title='bbox 484 4663 620 4706; x_wconf 85' lang='lat' dir='ltr'><strong>crus</strong></span> <span class='ocrx_word' id='word_1_681' title='bbox 655 4650 823 4720; x_wconf 87' lang='lat' dir='ltr'><strong>igitur</strong></span> <span class='ocrx_word' id='word_1_682' title='bbox 856 4649 1000 4706; x_wconf 90' lang='lat' dir='ltr'><strong>Petri</strong></span> <span class='ocrx_word' id='word_1_683' title='bbox 1036 4670 1065 4706; x_wconf 88' lang='lat' dir='ltr'><strong>a</strong></span> <span class='ocrx_word' id='word_1_684' title='bbox 1100 4653 1347 4711; x_wconf 81' lang='lat' dir='ltr'><strong>febribus</strong></span> <span class='ocrx_word' id='word_1_685' title='bbox 1379 4657 1608 4713; x_wconf 84' lang='lat' dir='ltr'><strong>liberata</strong></span> <span class='ocrx_word' id='word_1_686' title='bbox 1638 4669 1862 4729; x_wconf 78' lang='lat' dir='ltr'><strong>repente</strong></span> <span class='ocrx_word' id='word_1_687' title='bbox 1899 4660 2065 4714; x_wconf 90' lang='lat' dir='ltr'><strong>mini-</strong></span> 
     </span>
    </p>
   </div>
   <div class='ocr_carea' id='block_1_94' title="bbox 486 4739 2072 4818">
    <p class='ocr_par' dir='ltr' id='par_1_94' title="bbox 486 4739 2072 4818">
     <span class='ocr_line' id='line_1_94' title="bbox 486 4739 2072 4818; baseline 0.009 -24"><span class='ocrx_word' id='word_1_688' title='bbox 486 4739 706 4794; x_wconf 82' lang='lat' dir='ltr'><strong>stravit.</strong></span> <span class='ocrx_word' id='word_1_689' title='bbox 743 4740 839 4797; x_wconf 88' lang='lat' dir='ltr'><strong>Sic</strong></span> <span class='ocrx_word' id='word_1_690' title='bbox 877 4743 1021 4797; x_wconf 87' lang='lat' dir='ltr'><strong>enim</strong></span> <span class='ocrx_word' id='word_1_691' title='bbox 1059 4746 1398 4800; x_wconf 87' lang='lat' dir='ltr'><strong>narrationis</strong></span> <span class='ocrx_word' id='word_1_692' title='bbox 1441 4747 1579 4803; x_wconf 92' lang='lat' dir='ltr'><strong>ordo</strong></span> <span class='ocrx_word' id='word_1_693' title='bbox 1611 4752 1936 4818; x_wconf 84' lang='lat' dir='ltr'><strong>pertexitur.</strong></span> <span class='ocrx_word' id='word_1_694' title='bbox 1974 4751 2072 4808; x_wconf 86' lang='lat' dir='ltr'><strong>llis</strong></span> 
     </span>
    </p>
   </div>
   <div class='ocr_carea' id='block_1_95' title="bbox 487 4833 2071 4908">
    <p class='ocr_par' dir='ltr' id='par_1_95' title="bbox 487 4833 2071 4908">
     <span class='ocr_line' id='line_1_95' title="bbox 487 4833 2071 4908; baseline 0.008 -20"><span class='ocrx_word' id='word_1_695' title='bbox 487 4833 562 4888; x_wconf 85' lang='lat' dir='ltr'><strong>ita</strong></span> <span class='ocrx_word' id='word_1_696' title='bbox 602 4834 773 4904; x_wconf 87' lang='lat' dir='ltr'><strong>gestis</strong></span> <span class='ocrx_word' id='word_1_697' title='bbox 812 4833 1163 4901; x_wconf 85' lang='lat' dir='ltr'><strong>Nazaretum,</strong></span> <span class='ocrx_word' id='word_1_698' title='bbox 1217 4838 1307 4893; x_wconf 89' lang='lat' dir='ltr'><strong>ubi</strong></span> <span class='ocrx_word' id='word_1_699' title='bbox 1352 4840 1622 4897; x_wconf 90' lang='lat' dir='ltr'><strong>educatus</strong></span> <span class='ocrx_word' id='word_1_700' title='bbox 1658 4842 1858 4908; x_wconf 84' lang='lat' dir='ltr'><strong>fuerat,</strong></span> <span class='ocrx_word' id='word_1_701' title='bbox 1890 4844 2071 4901; x_wconf 91' lang='lat' dir='ltr'><strong>denuo</strong></span> 
     </span>
    </p>
   </div>
   <div class='ocr_carea' id='block_1_96' title="bbox 484 4927 2069 5004">
    <p class='ocr_par' dir='ltr' id='par_1_96' title="bbox 484 4927 2069 5004">
     <span class='ocr_line' id='line_1_96' title="bbox 484 4927 2069 5004; baseline 0.009 -25"><span class='ocrx_word' id='word_1_702' title='bbox 484 4927 801 4983; x_wconf 86' lang='lat' dir='ltr'><strong>revertitur.</strong></span> <span class='ocrx_word' id='word_1_703' title='bbox 838 4927 975 4984; x_wconf 87' lang='lat' dir='ltr'><strong>Tum</strong></span> <span class='ocrx_word' id='word_1_704' title='bbox 1008 4929 1228 4985; x_wconf 88' lang='lat' dir='ltr'><strong>demum</strong></span> <span class='ocrx_word' id='word_1_705' title='bbox 1270 4932 1422 4987; x_wconf 69' lang='lat' dir='ltr'><strong>Isaia:</strong></span> <span class='ocrx_word' id='word_1_706' title='bbox 1450 4934 1728 5004; x_wconf 68' lang='lat' dir='ltr'><strong>prophetae</strong></span> <span class='ocrx_word' id='word_1_707' title='bbox 1760 4936 1959 4992; x_wconf 88' lang='lat' dir='ltr'><strong>librum</strong></span> <span class='ocrx_word' id='word_1_708' title='bbox 1994 4938 2069 4994; x_wconf 92' lang='lat' dir='ltr'><strong>Ie-</strong></span> 
     </span>
    </p>
   </div>
   <div class='ocr_carea' id='block_1_97' title="bbox 485 5017 2069 5095">
    <p class='ocr_par' dir='ltr' id='par_1_97' title="bbox 485 5017 2069 5095">
     <span class='ocr_line' id='line_1_97' title="bbox 485 5017 2069 5095; baseline 0.009 -24"><span class='ocrx_word' id='word_1_709' title='bbox 485 5017 586 5086; x_wconf 82' lang='lat' dir='ltr'><strong>git,</strong></span> <span class='ocrx_word' id='word_1_710' title='bbox 610 5021 832 5088; x_wconf 92' lang='lat' dir='ltr'><strong>quando</strong></span> <span class='ocrx_word' id='word_1_711' title='bbox 862 5031 915 5076; x_wconf 91' lang='lat' dir='ltr'><strong>et</strong></span> <span class='ocrx_word' id='word_1_712' title='bbox 945 5024 1306 5092; x_wconf 90' lang='lat' dir='ltr'><strong>occupatione</strong></span> <span class='ocrx_word' id='word_1_713' title='bbox 1334 5025 1573 5095; x_wconf 92' lang='lat' dir='ltr'><strong>quadam</strong></span> <span class='ocrx_word' id='word_1_714' title='bbox 1606 5028 1687 5082; x_wconf 87' lang='lat' dir='ltr'><strong>sic</strong></span> <span class='ocrx_word' id='word_1_715' title='bbox 1716 5028 1840 5083; x_wconf 88' lang='lat' dir='ltr'><strong>illos</strong></span> <span class='ocrx_word' id='word_1_716' title='bbox 1862 5029 2069 5085; x_wconf 81' lang='lat' dir='ltr'><strong>allocu-</strong></span> 
     </span>
    </p>
   </div>
   <div class='ocr_carea' id='block_1_98' title="bbox 487 5112 2070 5185">
    <p class='ocr_par' dir='ltr' id='par_1_98' title="bbox 487 5112 2070 5185">
     <span class='ocr_line' id='line_1_98' title="bbox 487 5112 2070 5185; baseline 0.009 -24"><span class='ocrx_word' id='word_1_717' title='bbox 487 5116 578 5166; x_wconf 86' lang='lat' dir='ltr'><strong>tus</strong></span> <span class='ocrx_word' id='word_1_718' title='bbox 610 5119 697 5167; x_wconf 84' lang='lat' dir='ltr'><strong>est</strong></span> <span class='ocrx_word' id='word_1_719' title='bbox 726 5131 740 5167; x_wconf 89' lang='lat'><strong>:</strong></span> <span class='ocrx_word' id='word_1_720' title='bbox 774 5112 963 5183; x_wconf 83' lang='lat' dir='ltr'><strong>Utique</strong></span> <span class='ocrx_word' id='word_1_721' title='bbox 998 5114 1184 5169; x_wconf 79' lang='lat' dir='ltr'><strong>dicetis</strong></span> <span class='ocrx_word' id='word_1_722' title='bbox 1218 5116 1347 5171; x_wconf 84' lang='lat' dir='ltr'><strong>mihi</strong></span> <span class='ocrx_word' id='word_1_723' title='bbox 1385 5117 1520 5171; x_wconf 82' lang='lat' dir='ltr'><strong>hanc</strong></span> <span class='ocrx_word' id='word_1_724' title='bbox 1556 5120 1868 5185; x_wconf 83' lang='lat' dir='ltr'><strong>parabolam</strong></span> <span class='ocrx_word' id='word_1_725' title='bbox 1906 5137 1924 5173; x_wconf 89' lang='lat'><strong><em>:</em></strong></span> <span class='ocrx_word' id='word_1_726' title='bbox 1956 5120 2070 5175; x_wconf 82' lang='lat' dir='ltr'><strong>Me-</strong></span> 
     </span>
    </p>
   </div>
   <div class='ocr_carea' id='block_1_99' title="bbox 558 5312 1655 5387">
    <p class='ocr_par' dir='ltr' id='par_1_99' title="bbox 558 5312 1655 5387">
     <span class='ocr_line' id='line_1_99' title="bbox 558 5312 1655 5387; baseline 0.002 -19"><span class='ocrx_word' id='word_1_727' title='bbox 558 5314 578 5345; x_wconf 81' lang='grc'>¹</span> <span class='ocrx_word' id='word_1_728' title='bbox 609 5312 769 5370; x_wconf 84' lang='lat' dir='ltr'><strong>Joan.</strong></span> <span class='ocrx_word' id='word_1_729' title='bbox 802 5330 839 5379; x_wconf 87' lang='grc' dir='ltr'>ι,</span> <span class='ocrx_word' id='word_1_730' title='bbox 866 5314 937 5368; x_wconf 70' lang='grc'><strong>42</strong></span> <span class='ocrx_word' id='word_1_731' title='bbox 966 5330 1087 5385; x_wconf 85' lang='lat' dir='ltr'><strong>sqq.</strong></span> <span class='ocrx_word' id='word_1_732' title='bbox 1163 5316 1185 5345; x_wconf 87' lang='grc'><strong><em>²</em></strong></span> <span class='ocrx_word' id='word_1_733' title='bbox 1209 5313 1365 5369; x_wconf 86' lang='lat' dir='ltr'><strong>Joan.</strong></span> <span class='ocrx_word' id='word_1_734' title='bbox 1400 5331 1460 5379; x_wconf 85' lang='grc' dir='ltr'>ιι,</span> <span class='ocrx_word' id='word_1_735' title='bbox 1488 5316 1511 5369; x_wconf 80' lang='grc'><strong>1</strong></span> <span class='ocrx_word' id='word_1_736' title='bbox 1556 5333 1655 5387; x_wconf 88' lang='lat' dir='ltr'><strong>sqq</strong></span> 
     </span>
    </p>
   </div>
   <div class='ocr_carea' id='block_1_100' title="bbox 557 5488 2073 5563">
    <p class='ocr_par' dir='ltr' id='par_1_100' title="bbox 557 5488 2073 5563">
     <span class='ocr_line' id='line_1_100' title="bbox 557 5488 2073 5563; baseline 0.003 -21"><span class='ocrx_word' id='word_1_737' title='bbox 557 5488 670 5563; x_wconf 64' lang='lat'><strong>(38)</strong></span> <span class='ocrx_word' id='word_1_738' title='bbox 702 5490 832 5563; x_wconf 12' lang='grc' dir='ltr'><em>Καὶ,</em></span> <span class='ocrx_word' id='word_1_739' title='bbox 863 5488 1338 5563; x_wconf 30' lang='grc' dir='ltr'>λοιπὸνᾼσημεῖα</span> <span class='ocrx_word' id='word_1_740' title='bbox 1404 5488 1545 5544; x_wconf 84' lang='grc' dir='ltr'>ἐκεῖ.</span> <span class='ocrx_word' id='word_1_741' title='bbox 1579 5488 1710 5546; x_wconf 92' lang='lat' dir='ltr'><strong>Post</strong></span> <span class='ocrx_word' id='word_1_742' title='bbox 1756 5494 2073 5563; x_wconf 89' lang='lat' dir='ltr'><strong>nuptiarum</strong></span> 
     </span>
    </p>
   </div>
   <div class='ocr_carea' id='block_1_101' title="bbox 485 5558 2073 5629">
    <p class='ocr_par' dir='ltr' id='par_1_101' title="bbox 485 5558 2073 5629">
     <span class='ocr_line' id='line_1_101' title="bbox 485 5558 2073 5629; baseline 0.003 -17"><span class='ocrx_word' id='word_1_743' title='bbox 485 5558 723 5614; x_wconf 84' lang='lat' dir='ltr'><strong>oﬂieium</strong></span> <span class='ocrx_word' id='word_1_744' title='bbox 775 5561 1031 5616; x_wconf 89' lang='lat' dir='ltr'><strong>Christus</strong></span> <span class='ocrx_word' id='word_1_745' title='bbox 1070 5558 1454 5629; x_wconf 88' lang='lat' dir='ltr'><strong>Capharuaum</strong></span> <span class='ocrx_word' id='word_1_746' title='bbox 1517 5577 1639 5616; x_wconf 90' lang='lat' dir='ltr'><strong>sese</strong></span> <span class='ocrx_word' id='word_1_747' title='bbox 1679 5558 1931 5628; x_wconf 77' lang='lat' dir='ltr'><strong>contulit,</strong></span> <span class='ocrx_word' id='word_1_748' title='bbox 1982 5564 2073 5617; x_wconf 87' lang='lat' dir='ltr'><strong>ubi</strong></span> 
     </span>
    </p>
   </div>
   <div class='ocr_carea' id='block_1_102' title="bbox 487 5629 2074 5701">
    <p class='ocr_par' dir='ltr' id='par_1_102' title="bbox 487 5629 2074 5701">
     <span class='ocr_line' id='line_1_102' title="bbox 487 5629 2074 5701; baseline 0.004 -22"><span class='ocrx_word' id='word_1_749' title='bbox 487 5632 926 5701; x_wconf 22' lang='lat' dir='ltr'><strong>prodigiaﬁmulta</strong></span> <span class='ocrx_word' id='word_1_750' title='bbox 951 5637 1165 5698; x_wconf 84' lang='lat' dir='ltr'><strong>patrata</strong></span> <span class='ocrx_word' id='word_1_751' title='bbox 1188 5631 1359 5684; x_wconf 84' lang='lat' dir='ltr'><strong>credit</strong></span> <span class='ocrx_word' id='word_1_752' title='bbox 1382 5629 1745 5701; x_wconf 86' lang='lat' dir='ltr'><strong>Epiphanius,</strong></span> <span class='ocrx_word' id='word_1_753' title='bbox 1774 5636 1920 5689; x_wconf 85' lang='lat' dir='ltr'><strong>velut</strong></span> <span class='ocrx_word' id='word_1_754' title='bbox 1950 5649 2074 5687; x_wconf 87' lang='lat' dir='ltr'><strong>cum</strong></span> 
     </span>
    </p>
   </div>
   <div class='ocr_carea' id='block_1_103' title="bbox 489 5700 2075 5765">
    <p class='ocr_par' dir='ltr' id='par_1_103' title="bbox 489 5700 2075 5765">
     <span class='ocr_line' id='line_1_103' title="bbox 489 5700 2075 5765; baseline 0.004 -14"><span class='ocrx_word' id='word_1_755' title='bbox 489 5714 710 5752; x_wconf 79' lang='lat' dir='ltr'><strong>socrum</strong></span> <span class='ocrx_word' id='word_1_756' title='bbox 738 5700 882 5755; x_wconf 88' lang='lat' dir='ltr'><strong>Petri</strong></span> <span class='ocrx_word' id='word_1_757' title='bbox 917 5701 1235 5755; x_wconf 80' lang='lat' dir='ltr'><strong>febrientem</strong></span> <span class='ocrx_word' id='word_1_758' title='bbox 1251 5702 1483 5765; x_wconf 88' lang='lat' dir='ltr'><strong>curavit,</strong></span> <span class='ocrx_word' id='word_1_759' title='bbox 1516 5710 1569 5756; x_wconf 88' lang='lat' dir='ltr'><strong>et</strong></span> <span class='ocrx_word' id='word_1_760' title='bbox 1596 5704 1806 5756; x_wconf 89' lang='lat' dir='ltr'><strong>aridam</strong></span> <span class='ocrx_word' id='word_1_761' title='bbox 1836 5704 2075 5757; x_wconf 87' lang='lat' dir='ltr'><strong>hominis</strong></span> 
     </span>
    </p>
   </div>
   <div class='ocr_carea' id='block_1_104' title="bbox 496 5769 2075 5840">
    <p class='ocr_par' dir='ltr' id='par_1_104' title="bbox 496 5769 2075 5840">
     <span class='ocr_line' id='line_1_104' title="bbox 496 5769 2075 5840; baseline 0.004 -21"><span class='ocrx_word' id='word_1_762' title='bbox 496 5782 720 5840; x_wconf 74' lang='lat' dir='ltr'><strong>manum</strong></span> <span class='ocrx_word' id='word_1_763' title='bbox 753 5771 1015 5826; x_wconf 87' lang='lat' dir='ltr'><strong>restituit.</strong></span> <span class='ocrx_word' id='word_1_764' title='bbox 1075 5769 1181 5824; x_wconf 87' lang='lat' dir='ltr'><strong>Sed</strong></span> <span class='ocrx_word' id='word_1_765' title='bbox 1211 5786 1492 5840; x_wconf 84' lang='lat' dir='ltr'><strong>perperam</strong></span> <span class='ocrx_word' id='word_1_766' title='bbox 1522 5772 1639 5826; x_wconf 65' lang='lat' dir='ltr'><strong>haec</strong></span> <span class='ocrx_word' id='word_1_767' title='bbox 1668 5776 1777 5827; x_wconf 91' lang='lat' dir='ltr'><strong>duo</strong></span> <span class='ocrx_word' id='word_1_768' title='bbox 1810 5778 2075 5828; x_wconf 82' lang='lat' dir='ltr'><strong>miracula</strong></span> 
     </span>
    </p>
   </div>
   <div class='ocr_carea' id='block_1_105' title="bbox 501 5833 2073 5913">
    <p class='ocr_par' dir='ltr' id='par_1_105' title="bbox 501 5833 2073 5913">
     <span class='ocr_line' id='line_1_105' title="bbox 501 5833 2073 5913; baseline 0.006 -24"><span class='ocrx_word' id='word_1_769' title='bbox 501 5833 560 5892; x_wconf 86' lang='lat' dir='ltr'><strong>in</strong></span> <span class='ocrx_word' id='word_1_770' title='bbox 612 5838 755 5897; x_wconf 86' lang='lat' dir='ltr'><strong>idem</strong></span> <span class='ocrx_word' id='word_1_771' title='bbox 811 5846 1027 5913; x_wconf 87' lang='lat' dir='ltr'><strong>tempus</strong></span> <span class='ocrx_word' id='word_1_772' title='bbox 1069 5833 1341 5912; x_wconf 75' lang='lat' dir='ltr'><strong>conjecta.</strong></span> <span class='ocrx_word' id='word_1_773' title='bbox 1398 5840 1531 5896; x_wconf 78' lang='lat' dir='ltr'><strong>Nam</strong></span> <span class='ocrx_word' id='word_1_774' title='bbox 1562 5844 1817 5911; x_wconf 84' lang='lat' dir='ltr'><strong>alterum,</strong></span> <span class='ocrx_word' id='word_1_775' title='bbox 1852 5845 1957 5901; x_wconf 84' lang='lat' dir='ltr'><strong>hoc</strong></span> <span class='ocrx_word' id='word_1_776' title='bbox 1988 5852 2073 5901; x_wconf 88' lang='lat' dir='ltr'><strong>est</strong></span> 
     </span>
    </p>
   </div>
   <div class='ocr_carea' id='block_1_106' title="bbox 2176 4656 3758 4734">
    <p class='ocr_par' dir='ltr' id='par_1_106' title="bbox 2176 4656 3758 4734">
     <span class='ocr_line' id='line_1_106' title="bbox 2176 4656 3758 4734; baseline -0.002 -18"><span class='ocrx_word' id='word_1_777' title='bbox 2176 4666 2280 4729; x_wconf 75' lang='grc' dir='ltr'>ζει,</span> <span class='ocrx_word' id='word_1_778' title='bbox 2315 4664 2408 4715; x_wconf 77' lang='grc' dir='ltr'><strong>καὶ</strong></span> <span class='ocrx_word' id='word_1_779' title='bbox 2459 4662 2855 4734; x_wconf 85' lang='grc' dir='ltr'>θεραπευθεῖσα</span> <span class='ocrx_word' id='word_1_780' title='bbox 2892 4662 3128 4733; x_wconf 85' lang='grc' dir='ltr'>διηκόνει</span> <span class='ocrx_word' id='word_1_781' title='bbox 3152 4680 3166 4693; x_wconf 78' lang='grc' dir='ltr'><strong>ο</strong></span> <span class='ocrx_word' id='word_1_782' title='bbox 3196 4661 3338 4715; x_wconf 83' lang='grc' dir='ltr'>ὥστε</span> <span class='ocrx_word' id='word_1_783' title='bbox 3376 4656 3516 4714; x_wconf 76' lang='grc' dir='ltr'>εἶναι</span> <span class='ocrx_word' id='word_1_784' title='bbox 3553 4658 3758 4730; x_wconf 88' lang='grc' dir='ltr'>ταύτην</span> 
     </span>
    </p>
   </div>
   <div class='ocr_carea' id='block_1_107' title="bbox 2173 4748 3760 4821">
    <p class='ocr_par' dir='ltr' id='par_1_107' title="bbox 2173 4748 3760 4821">
     <span class='ocr_line' id='line_1_107' title="bbox 2173 4748 3760 4821; baseline -0.007 -11"><span class='ocrx_word' id='word_1_785' title='bbox 2173 4753 2514 4810; x_wconf 88' lang='grc' dir='ltr'>ἀκολουθίαν.</span> <span class='ocrx_word' id='word_1_786' title='bbox 2565 4753 2675 4806; x_wconf 79' lang='grc' dir='ltr'>Καὶ</span> <span class='ocrx_word' id='word_1_787' title='bbox 2719 4752 2856 4821; x_wconf 85' lang='grc' dir='ltr'><strong>μετά</strong></span> <span class='ocrx_word' id='word_1_788' title='bbox 2887 4752 3060 4805; x_wconf 77' lang='grc' dir='ltr'>ταῦτα</span> <span class='ocrx_word' id='word_1_789' title='bbox 3096 4751 3257 4805; x_wconf 86' lang='grc' dir='ltr'>πάλιν</span> <span class='ocrx_word' id='word_1_790' title='bbox 3302 4750 3466 4805; x_wconf 75' lang='grc' dir='ltr'>αὐτοῦ</span> <span class='ocrx_word' id='word_1_791' title='bbox 3496 4748 3760 4820; x_wconf 87' lang='grc' dir='ltr'>ἀναστρέ-</span> 
     </span>
    </p>
   </div>
   <div class='ocr_carea' id='block_1_108' title="bbox 2171 4840 3758 4916">
    <p class='ocr_par' dir='ltr' id='par_1_108' title="bbox 2171 4840 3758 4916">
     <span class='ocr_line' id='line_1_108' title="bbox 2171 4840 3758 4916; baseline -0.003 -17"><span class='ocrx_word' id='word_1_792' title='bbox 2171 4847 2373 4916; x_wconf 70' lang='grc' dir='ltr'>ψαντος</span> <span class='ocrx_word' id='word_1_793' title='bbox 2417 4848 2497 4911; x_wconf 84' lang='grc' dir='ltr'><strong>είς</strong></span> <span class='ocrx_word' id='word_1_794' title='bbox 2539 4844 2639 4915; x_wconf 83' lang='grc' dir='ltr'><strong>τὴν</strong></span> <span class='ocrx_word' id='word_1_795' title='bbox 2670 4844 2951 4916; x_wconf 77' lang='grc' dir='ltr'>Ναζαρὲτ,</span> <span class='ocrx_word' id='word_1_796' title='bbox 2988 4846 3119 4898; x_wconf 82' lang='grc' dir='ltr'>ὅπου</span> <span class='ocrx_word' id='word_1_797' title='bbox 3152 4840 3218 4915; x_wconf 83' lang='grc' dir='ltr'>ἧν</span> <span class='ocrx_word' id='word_1_798' title='bbox 3253 4841 3758 4914; x_wconf 77' lang='grc' dir='ltr'>ἀνατεθραμμένος.</span> 
     </span>
    </p>
   </div>
   <div class='ocr_carea' id='block_1_109' title="bbox 2174 4934 3758 5007">
    <p class='ocr_par' dir='ltr' id='par_1_109' title="bbox 2174 4934 3758 5007">
     <span class='ocr_line' id='line_1_109' title="bbox 2174 4934 3758 5007; baseline -0.003 -15"><span class='ocrx_word' id='word_1_799' title='bbox 2174 4939 2309 4991; x_wconf 86' lang='grc' dir='ltr'>Τότε</span> <span class='ocrx_word' id='word_1_800' title='bbox 2338 4938 2548 5006; x_wconf 83' lang='grc' dir='ltr'>ἀνέγνω</span> <span class='ocrx_word' id='word_1_801' title='bbox 2576 4936 2637 4989; x_wconf 86' lang='grc' dir='ltr'><strong>τὸ</strong></span> <span class='ocrx_word' id='word_1_802' title='bbox 2672 4935 2873 5005; x_wconf 79' lang='grc' dir='ltr'>βιϐλίον</span> <span class='ocrx_word' id='word_1_803' title='bbox 2900 4936 3117 4989; x_wconf 76' lang='grc' dir='ltr'>Ἡσαΐου</span> <span class='ocrx_word' id='word_1_804' title='bbox 3144 4936 3237 4988; x_wconf 78' lang='grc' dir='ltr'>τοῦ</span> <span class='ocrx_word' id='word_1_805' title='bbox 3265 4936 3567 5007; x_wconf 80' lang='grc' dir='ltr'>προφήτου,</span> <span class='ocrx_word' id='word_1_806' title='bbox 3593 4934 3758 4987; x_wconf 77' lang='grc' dir='ltr'>αὑτοῦ</span> 
     </span>
    </p>
   </div>
   <div class='ocr_carea' id='block_1_110' title="bbox 2173 5027 3761 5100">
    <p class='ocr_par' dir='ltr' id='par_1_110' title="bbox 2173 5027 3761 5100">
     <span class='ocr_line' id='line_1_110' title="bbox 2173 5027 3761 5100; baseline -0.003 -17"><span class='ocrx_word' id='word_1_807' title='bbox 2173 5031 2359 5083; x_wconf 80' lang='grc' dir='ltr'>λοιπὸν</span> <span class='ocrx_word' id='word_1_808' title='bbox 2382 5028 2745 5100; x_wconf 77' lang='grc' dir='ltr'>προλαϐόντος</span> <span class='ocrx_word' id='word_1_809' title='bbox 2765 5028 2985 5092; x_wconf 77' lang='grc' dir='ltr'>αὐτοὺς,</span> <span class='ocrx_word' id='word_1_810' title='bbox 3014 5030 3108 5081; x_wconf 77' lang='grc' dir='ltr'><strong>καὶ</strong></span> <span class='ocrx_word' id='word_1_811' title='bbox 3119 5028 3389 5096; x_wconf 76' lang='grc' dir='ltr'>λέγοντος,</span> <span class='ocrx_word' id='word_1_812' title='bbox 3412 5029 3495 5080; x_wconf 80' lang='grc' dir='ltr'><strong>ὅτι</strong></span> <span class='ocrx_word' id='word_1_813' title='bbox 3514 5027 3761 5090; x_wconf 72' lang='grc' dir='ltr'>Πάντως</span> 
     </span>
    </p>
   </div>
   <div class='ocr_carea' id='block_1_111' title="bbox 2175 5117 3762 5189">
    <p class='ocr_par' dir='ltr' id='par_1_111' title="bbox 2175 5117 3762 5189">
     <span class='ocr_line' id='line_1_111' title="bbox 2175 5117 3762 5189; baseline -0.003 -16"><span class='ocrx_word' id='word_1_814' title='bbox 2175 5120 2359 5189; x_wconf 72' lang='grc' dir='ltr'>ἐρεῖτέ</span> <span class='ocrx_word' id='word_1_815' title='bbox 2392 5138 2494 5189; x_wconf 86' lang='grc' dir='ltr'><strong>μοι</strong></span> <span class='ocrx_word' id='word_1_816' title='bbox 2536 5120 2651 5189; x_wconf 78' lang='grc' dir='ltr'><strong>τὴν</strong></span> <span class='ocrx_word' id='word_1_817' title='bbox 2681 5118 3066 5188; x_wconf 76' lang='grc' dir='ltr'>παραϐολήν·</span> <span class='ocrx_word' id='word_1_818' title='bbox 3125 5118 3329 5181; x_wconf 82' lang='grc' dir='ltr'>Ἰατοὲ,</span> <span class='ocrx_word' id='word_1_819' title='bbox 3385 5117 3762 5186; x_wconf 80' lang='grc' dir='ltr'>θεράπευσον</span> 
     </span>
    </p>
   </div>
   <div class='ocr_carea' id='block_1_112' title="bbox 1757 5318 2493 5392">
    <p class='ocr_par' dir='ltr' id='par_1_112' title="bbox 1757 5318 2493 5392">
     <span class='ocr_line' id='line_1_112' title="bbox 1757 5318 2493 5392; baseline 0.004 -21"><span class='ocrx_word' id='word_1_820' title='bbox 1757 5318 1776 5349; x_wconf 82' lang='grc'><strong><em>³</em></strong></span> <span class='ocrx_word' id='word_1_821' title='bbox 1819 5318 1979 5375; x_wconf 90' lang='lat' dir='ltr'><strong>Deest</strong></span> <span class='ocrx_word' id='word_1_822' title='bbox 2011 5320 2208 5389; x_wconf 80' lang='lat' dir='ltr'><strong>opinor</strong></span> <span class='ocrx_word' id='word_1_823' title='bbox 2232 5322 2292 5372; x_wconf 66' lang='lat' dir='ltr'><strong>ob</strong></span> <span class='ocrx_word' id='word_1_824' title='bbox 2328 5339 2493 5392; x_wconf 87' lang='grc' dir='ltr'>μακρ.</span> 
     </span>
    </p>
   </div>
   <div class='ocr_carea' id='block_1_113' title="bbox 2176 5493 3765 5565">
    <p class='ocr_par' dir='ltr' id='par_1_113' title="bbox 2176 5493 3765 5565">
     <span class='ocr_line' id='line_1_113' title="bbox 2176 5493 3765 5565; baseline -0.001 -18"><span class='ocrx_word' id='word_1_825' title='bbox 2176 5493 2344 5549; x_wconf 84' lang='lat' dir='ltr'><strong>aridae</strong></span> <span class='ocrx_word' id='word_1_826' title='bbox 2379 5510 2572 5551; x_wconf 91' lang='lat' dir='ltr'><strong>manus</strong></span> <span class='ocrx_word' id='word_1_827' title='bbox 2601 5494 2898 5565; x_wconf 84' lang='lat' dir='ltr'><strong>restitutio,</strong></span> <span class='ocrx_word' id='word_1_828' title='bbox 2937 5494 3095 5565; x_wconf 83' lang='lat' dir='ltr'><strong>longe</strong></span> <span class='ocrx_word' id='word_1_829' title='bbox 3123 5501 3248 5563; x_wconf 92' lang='lat' dir='ltr'><strong>post</strong></span> <span class='ocrx_word' id='word_1_830' title='bbox 3282 5494 3435 5565; x_wconf 83' lang='lat' dir='ltr'><strong>prius</strong></span> <span class='ocrx_word' id='word_1_831' title='bbox 3470 5493 3603 5547; x_wconf 88' lang='lat' dir='ltr'><strong>illud</strong></span> <span class='ocrx_word' id='word_1_832' title='bbox 3632 5509 3765 5548; x_wconf 91' lang='lat' dir='ltr'><strong>cou-</strong></span> 
     </span>
    </p>
   </div>
   <div class='ocr_carea' id='block_1_114' title="bbox 2174 5563 3766 5635">
    <p class='ocr_par' dir='ltr' id='par_1_114' title="bbox 2174 5563 3766 5635">
     <span class='ocr_line' id='line_1_114' title="bbox 2174 5563 3766 5635; baseline 0.001 -18"><span class='ocrx_word' id='word_1_833' title='bbox 2174 5566 2318 5635; x_wconf 87' lang='lat' dir='ltr'><strong>tigit,</strong></span> <span class='ocrx_word' id='word_1_834' title='bbox 2381 5567 2640 5619; x_wconf 84' lang='lat' dir='ltr'><strong>nimirum</strong></span> <span class='ocrx_word' id='word_1_835' title='bbox 2696 5573 2820 5635; x_wconf 89' lang='lat' dir='ltr'><strong>post</strong></span> <span class='ocrx_word' id='word_1_836' title='bbox 2852 5563 3102 5631; x_wconf 78' lang='lat' dir='ltr'><strong>Pascha;</strong></span> <span class='ocrx_word' id='word_1_837' title='bbox 3132 5563 3456 5635; x_wconf 71' lang='lat' dir='ltr'><strong>secundum</strong></span> <span class='ocrx_word' id='word_1_838' title='bbox 3488 5564 3635 5634; x_wconf 91' lang='lat' dir='ltr'><strong>quod</strong></span> <span class='ocrx_word' id='word_1_839' title='bbox 3667 5580 3766 5635; x_wconf 86' lang='lat' dir='ltr'><strong>per</strong></span> 
     </span>
    </p>
   </div>
   <div class='ocr_carea' id='block_1_115' title="bbox 2175 5632 3761 5705">
    <p class='ocr_par' dir='ltr' id='par_1_115' title="bbox 2175 5632 3761 5705">
     <span class='ocr_line' id='line_1_115' title="bbox 2175 5632 3761 5705; baseline -0.002 -16"><span class='ocrx_word' id='word_1_840' title='bbox 2175 5632 2293 5689; x_wconf 77' lang='lat' dir='ltr'><strong>sata</strong></span> <span class='ocrx_word' id='word_1_841' title='bbox 2325 5652 2448 5689; x_wconf 87' lang='lat' dir='ltr'><strong>cum</strong></span> <span class='ocrx_word' id='word_1_842' title='bbox 2492 5632 2782 5705; x_wconf 83' lang='lat' dir='ltr'><strong>discipulis</strong></span> <span class='ocrx_word' id='word_1_843' title='bbox 2832 5635 3073 5705; x_wconf 75' lang='lat' dir='ltr'><strong>transiit.</strong></span> <span class='ocrx_word' id='word_1_844' title='bbox 3124 5632 3231 5705; x_wconf 89' lang='lat' dir='ltr'><strong>Sed</strong></span> <span class='ocrx_word' id='word_1_845' title='bbox 3263 5635 3331 5688; x_wconf 89' lang='lat' dir='ltr'><strong>de</strong></span> <span class='ocrx_word' id='word_1_846' title='bbox 3376 5634 3446 5688; x_wconf 90' lang='lat' dir='ltr'><strong>iis</strong></span> <span class='ocrx_word' id='word_1_847' title='bbox 3474 5632 3761 5705; x_wconf 79' lang='lat' dir='ltr'><strong>posteaad</strong></span> 
     </span>
    </p>
   </div>
   <div class='ocr_carea' id='block_1_116' title="bbox 2174 5704 3763 5784">
    <p class='ocr_par' dir='ltr' id='par_1_116' title="bbox 2174 5704 3763 5784">
     <span class='ocr_line' id='line_1_116' title="bbox 2174 5704 3763 5784; baseline 0.001 -26"><span class='ocrx_word' id='word_1_848' title='bbox 2174 5721 2233 5759; x_wconf 94' lang='lat' dir='ltr'><strong>n.</strong></span> <span class='ocrx_word' id='word_1_849' title='bbox 2272 5704 2819 5784; x_wconf 38' lang='lat' dir='ltr'><strong>XXVll.l_lmposuit</strong></span> <span class='ocrx_word' id='word_1_850' title='bbox 2878 5704 3186 5784; x_wconf 71' lang='lat' dir='ltr'><strong>Epiphanio</strong></span> <span class='ocrx_word' id='word_1_851' title='bbox 3226 5705 3524 5784; x_wconf 73' lang='lat' dir='ltr'><strong>multiplex</strong></span> <span class='ocrx_word' id='word_1_852' title='bbox 3567 5720 3632 5760; x_wconf 89' lang='lat' dir='ltr'><strong>ac</strong></span> <span class='ocrx_word' id='word_1_853' title='bbox 3679 5704 3763 5759; x_wconf 83' lang='lat' dir='ltr'><strong>di-</strong></span> 
     </span>
    </p>
   </div>
   <div class='ocr_carea' id='block_1_117' title="bbox 2175 5775 3338 5848">
    <p class='ocr_par' dir='ltr' id='par_1_117' title="bbox 2175 5775 3338 5848">
     <span class='ocr_line' id='line_1_117' title="bbox 2175 5775 3338 5848; baseline -0.003 -16"><span class='ocrx_word' id='word_1_854' title='bbox 2175 5792 2369 5833; x_wconf 87' lang='lat' dir='ltr'><strong>versus</strong></span> <span class='ocrx_word' id='word_1_855' title='bbox 2398 5778 2465 5833; x_wconf 87' lang='lat' dir='ltr'><strong>ad</strong></span> <span class='ocrx_word' id='word_1_856' title='bbox 2490 5775 2874 5848; x_wconf 35' lang='lat' dir='ltr'><strong>Caph’arnaum</strong></span> <span class='ocrx_word' id='word_1_857' title='bbox 2902 5777 3082 5832; x_wconf 91' lang='lat' dir='ltr'><strong>aditus</strong></span> <span class='ocrx_word' id='word_1_858' title='bbox 3108 5775 3338 5831; x_wconf 87' lang='lat' dir='ltr'><strong>Christi.</strong></span> 
     </span>
    </p>
   </div>
  </div>
