4176 6386
395 348 498 404 917

1105 346 1479 404 ADVERSUS
1517 316 2024 403 HERESES'LIB.
2058 346 2124 405 ll.
2166 346 2328 403 ΤΟΜ.
2364 348 2404 403 1.
2432 347 2793 403 -ΗιΕΒΕΞ,
2826 346 2890 400 L1

3550 298 3657 395 eis

395 470 677 525 σεαυτόν.
726 468 877 523 Ὅσα
934 467 1287 539 ἠκούσαμεν
1311 464 1547 539 ’σημεῖα
1593 470 1885 539 γενόμενα
1912 469 1983 523 ἐν

2088 469 2218 533 dice,
2247 486 2374 523 cura
2405 471 2647 538 teipsum.
2684 468 2899 535 Quanta
2927 464 3226 520 audivimus
3251 464 3400 535 signa
3432 462 3577 532 facta
3604 462 3660 515 in

396 559 823 632 Καφαρναοὺμ,
848 560 1112 627 ποίησον
1132 560 1227 612 καὶ
1246 554 1363 613 ὧδε
1389 559 1459 611 ἐν
1488 558 1560 627 τῇ
1586 560 1820 629 πατρίδι
1841 574 1978 614 σου.

468 656 581 710 Καὶ
606 656 759 725 ὁρᾷς,
790 652 862 717 ὡς
899 652 1015 706 ἐστι
1046 653 1145 723 τῆς
1167 651 1426 721 ἀληθείας
1457 654 1489 722 ἡ
1518 651 1809 705 ἀκολουθία
1831 667 1845 716 ;
1870 651 1982 703 Καὶ

394 746 498 799 οὐκ
530 744 752 815 ἐποίησε
785 742 874 796 διά
913 742 1012 814 τὴν
1055 742 1311 795 ἀπιστίαν
1344 741 1521 795 αὐτῶν
1542 782 1557 807 ,
1590 741 1775 811 φησὶν,
1807 740 1978 794 οὐδέν.

396 835 665 890 Κάκεῖθεν
698 832 982 905 παρελθὼν
1006 835 1085 897 είς
1123 834 1220 904 τὴν
1243 834 1619 904 Καφαρναοὺμ
1644 832 1817 898 πόλιν,
1854 849 1983 885 κατ-

396 928 601 1001 ῴκησε.
658 926 763 980 Καὶ
807 925 976 979 ἐλθὼν
1020 926 1101 990 εἰς
1140 925 1209 978 τά
1254 925 1392 997 μέρη
1428 924 1529 995 τῆς
1577 924 1871 994 θαλάσσης,
1907 923 1983 988 ὥς

399 1032 564 1086 φησι)
589 1018 618 1069 ό
651 1014 948 1078 Ματθαῖος,
990 1010 1112 1067 εἶδε
1145 1016 1381 1083 Σίμωνα
1416 1014 1664 1083 Πέτρον,
1708 1014 1808 1068 καὶ
1856 1014 1985 1068 Ἀν-

397 1105 579 1175 δρέαν
603 1106 709 1160 τὸν
735 1106 1005 1175 ἀδελφόν
1046 1107 1233 1161 αὐτοῦ
1256 1106 1607 1173 ,βάλλοντας
1638 1106 1709 1161 τὰ
1734 1107 1946 1161 δίκτυα
1968 1125 1979 1138 ·

399 1203 495 1254 καὶ
540 1199 703 1253 πάλιν
765 1200 1020 1254 Ἰάκωϐον
1067 1202 1161 1253 καὶ
1204 1201 1457 1272 Ἰωάννην
1491 1202 1640 1264 υἱοὺς
1673 1200 1980 1264 Ζεϐεδαίου,

398 1288 581 1345 καὶτὸ
626 1291 805 1345 τέλεον
851 1293 1049 1355 αὐτοὺς
1075 1292 1323 1346 ἐκάλεσε.
1369 1295 1481 1346 Καὶ
1516 1293 1770 1363 ῥίψαντες
1798 1292 1983 1345 λοιπὸν

397 1383 467 1435 τὰ
498 1382 708 1446 δίκτυα,
742 1380 1115 1452 ἠκολούθησαν
1148 1381 1318 1452 αὐτῷ.
1363 1381 1423 1437 Ὀ
1447 1382 1504 1435 δέ
1530 1384 1744 1446 Λουκᾶς
1767 1384 1860 1437 καὶ
1885 1383 1984 1450 τὴν

398 1474 684 1547 ἀκρίϐειαν
715 1475 971 1545 σημαίνει
997 1474 1091 1528 τοῦ
1122 1476 1469 1546 πράγματος,
1498 1475 1579 1528 διὸ
1603 1478 1618 1507 ¹
1644 1478 1738 1529 καὶ
1759 1476 1983 1547 ἠκολού-

400 1565 573 1637 θησαν
612 1566 799 1619 λοιπὸν
833 1566 1258 1638 ἀμετάτρεπτοι,
1298 1566 1496 1636 μηκέτι
1556 1566 1984 1637 ἀναϐαλλόμενοι

397 1658 499 1730 τῆς
547 1660 811 1731 κλήσεως,
867 1661 1065 1730 φήσας,
1122 1660 1205 1713 ὅτι
1253 1659 1529 1723 Ἐλθόντος
1562 1659 1727 1712 αὑτοῦ
1758 1660 1852 1712 ἐπὶ
1886 1658 1983 1730 τὴν

396 1752 593 1825 λίμνην
625 1755 985 1826 Γεννησαρέθ,
1022 1751 1128 1808 εἶδε
1169 1755 1389 1825 Σίμωνα
1425 1755 1517 1807 καὶ
1568 1754 1819 1825 Ἀνδρέαν
1852 1772 1983 1807 κατ⁸

397 1847 718 1917 αρτίζοντας
777 1846 847 1901 τά
873 1848 1081 1909 δίκτυα,
1122 1848 1214 1899 καὶ
1252 1846 1419 1917 ἀνέϐη
1468 1848 1547 1910 είς
1610 1846 1669 1899 τὸ
1708 1846 1912 1911 πλοῖον,
1955 1846 1983 1899 ὃ

396 1935 465 2011 ἦν
512 1940 772 2010 Σίμωνος,
836 1941 989 2009 φησι.
1045 1940 1253 2011 Πέτρου
1287 1940 1381 1993 καὶ
1426 1938 1694 2008 Ἀνδρέου.
1721 1937 1975 1995 Τοῦτοδέ

400 2032 679 2103 σημαίνει,
726 2032 801 2095 ὡς
858 2032 958 2103 ἥδη
993 2032 1142 2095 ὄντος
1177 2030 1342 2084 αὑτοῦ
1385 2031 1443 2083 ἐν
1479 2033 1589 2094 τοῖς
1613 2032 1633 2062 ³
1668 2030 1726 2083 ἐν
1761 2028 1979 2099 γνώσει.

398 2124 492 2177 Διὸ
521 2123 609 2176 διὰ
639 2125 738 2195 τὴν
775 2123 1061 2194 συνήθειαν
1085 2124 1178 2176 καὶ
1212 2124 1559 2194 προσήκαντο
1582 2137 1598 2153 ’
1630 2122 1723 2175 καὶ
1748 2120 1984 2175 ἀνελθὼν

398 2214 673 2268 ἐκάθισεν.
722 2211 855 2268 Εἶτα
902 2214 1047 2283 λέγει
1086 2214 1163 2285 τῷ
1198 2215 1389 2288 Πέτρῳ
1425 2214 1563 2286 μετά
1602 2213 1702 2286 τὴν
1728 2215 1985 2269 διδασκα-

398 2306 549 2361 λίαν·
586 2306 960 2377 Ἐπανάγαγε
981 2311 1067 2374 εὶς
1091 2308 1156 2361 τὸ
1182 2308 1396 2373 βάθος,
1429 2308 1527 2364 καὶ
1573 2308 1885 2377 χαλάσατε
1913 2311 1985 2363 τὰ

393 2398 632 2454 δίκτυα.
678 2402 741 2452 Οἱ
774 2398 843 2451 δὲ
871 2396 1043 2453 εἷπον
1062 2416 1075 2429 °
1125 2398 1467 2453 Ἐπιστάτα.
1497 2399 1631 2471 Ἤδη
1650 2401 1756 2472 γὰρ
1778 2400 1863 2454 διά
1885 2402 1984 2473 τὴν

398 2489 494 2543 τοῦ
538 2490 784 2544 Ἰωάννου
820 2490 1124 2560 μαρτυρίαν
1160 2490 1459 2559 ἐπιστάτην
1489 2490 1650 2542 αὑτὸν
1680 2490 1907 2544 ἐκάλουν
1934 2493 1983 2544 οἱ

404 2581 669 2652 πρότερον
697 2581 859 2634 αὐτοῦ
884 2581 1235 2645 ἀκούσαντες,
1266 2583 1346 2635 ὃτι
1385 2581 1539 2635 Ἰδοὺ
1578 2585 1611 2636 ὁ
1646 2583 1850 2651 Ἁμνὸς
1876 2583 1983 2637 τοῦ

405 2672 575 2734 Θεοῦ,
600 2675 631 2725 ό
647 2672 830 2739 αἵρων
856 2672 972 2740 τὴν
999 2674 1292 2741 ἁμαρτίαν
1311 2673 1416 2727 τοῦ
1438 2675 1671 2742 κόσμου
1693 2690 1706 2704 °
1741 2677 1837 2728 καὶ
1899 2676 1982 2728 ὅτι

401 2763 532 2833 παρ’
580 2761 726 2834 αὐτῷ
760 2762 980 2834 ἔμειναν
1004 2764 1100 2835 τὴν
1122 2763 1365 2835 ἡμέραν,
1390 2765 1485 2818 καὶ
1507 2767 1586 2828 είς
1611 2764 1708 2836 τὴν
1728 2766 1983 2838 δευτέραν

403 2851 645 2923 ἐξῆλθον.

471 2945 784 2997 Μετέπειτα
846 2946 902 2998 ἐν
945 2949 1010 3015 τῇ
1038 2945 1183 3016 ἄγρᾳ
1211 2945 1319 2997 τῶν
1358 2944 1553 3016 ἰχθύων
1588 2946 1983 3017 θαυμασάντων

401 3035 601 3096 αὐτῶν,
625 3037 716 3089 καὶ
744 3037 953 3108 Πέτρου
977 3037 1223 3105 λέγοντος
1242 3054 1255 3069 ο
1292 3036 1545 3101 Ἔξελθε
1566 3038 1667 3091 ἀπ’
1693 3037 1858 3107 ἐμοῦ,
1896 3037 1984 3090 ὅτι

2084 562 2486 629 Capharnaum,
2517 560 2604 629 fac
2633 560 2715 613 hic
2744 561 2797 612 in
2826 559 3005 626 patria
3042 565 3133 610 tua
3156 556 3196 609 ³.

2157 651 2344 707 Viden’
2372 668 2537 723 quam
2570 652 2641 707 sit
2672 651 2921 707 veritatis
2952 656 3208 705 conserta
3231 647 3662 715 continuataque

2084 743 2288 799 series?
2320 742 2586 797 Cazterum
2630 742 2838 795 nullum
2876 739 2949 794 ibi
2980 747 3200 810 propter
3234 740 3451 793 illorum
3482 741 3661 795 incre—
3694 796 3695 799 η

2083 835 2368 889 dulitatein
2419 835 2634 904 signum
2690 832 2882 888 edidit.
2932 831 3063 886 Inde
3107 831 3489 901 Capharnaum
3535 845 3663 900 pro-

2086 928 2280 991 fectus,
2313 926 2367 980 in
2395 941 2460 981 eo
2487 924 2688 995 Oppido
2720 923 2942 979 resedit.
2979 922 3110 979 Post
3133 923 3200 977 ad
3231 922 3506 975 maritima
3538 924 3661 976 loca

2083 1020 2418 1089 digrediens,
2454 1018 2620 1091 438
2657 1025 2884 1071 auctore
2920 1014 3197 1077 Matthaeo,
3229 1014 3360 1066 vidit
3397 1011 3663 1065 Simonem

2086 1109 2325 1174 Petrum,
2366 1118 2414 1164 et
2448 1108 2715 1161 Andream
2747 1106 2967 1175 fratrem
2999 1105 3114 1173 ejus
3157 1104 3421 1156 mittentes
3465 1103 3599 1154 retia
3618 1103 3657 1152 ⁸.

2085 1201 2223 1256 Tum
2260 1200 2525 1256 Jacobum
2560 1210 2614 1255 et
2648 1199 2913 1253 Joannem
2961 1196 3104 1251 ﬁlios
3147 1194 3414 1259 Zebedaai,
3449 1209 3512 1247 ac
3540 1208 3664 1263 per—

2087 1294 2227 1350 fecte
2268 1294 2489 1348 demum
2539 1293 2663 1347 illos
2709 1290 2978 1345 evocavit.
3017 1289 3118 1356 Qui
3172 1284 3384 1343 retibus
3435 1287 3663 1356 abiectis

2085 1387 2257 1442 secuti
2294 1397 2421 1441 sunt
2451 1387 2630 1455 ipsum
2656 1385 2699 1439 ⁸.
2731 1383 2904 1451 Quam
2942 1398 3057 1437 rem
3101 1380 3514 1436 accuratissime
3552 1378 3661 1432 Lu-

2084 1494 2178 1533 cas
2204 1479 2497 1548 expressit,
2532 1493 2631 1531 cur
2661 1477 2735 1530 ita
2767 1476 2941 1532 secuti
2974 1475 3106 1539 sint,
3143 1489 3425 1547 nunquam
3460 1481 3521 1525 ut
3547 1487 3663 1525 am-

2085 1572 2229 1642 plius
2253 1570 2643 1635 discesserint;
2671 1584 2771 1622 nec
2796 1568 2974 1623 vocati
2995 1567 3331 1622 distulerint.
3363 1565 3437 1619 lta
3464 1566 3664 1635 quippe
3698 1630 3703 1640 .

2086 1663 2312 1734 scripsit
2345 1682 2359 1718 :
2390 1663 2529 1717 Cum
2558 1662 2625 1715 ad
2658 1662 2837 1715 lacum
2869 1659 3202 1717 Genesareth
3232 1659 3491 1723 venisset,
3529 1658 3665 1711 vidit

2089 1754 2367 1811 Simonem
2401 1762 2455 1809 et
2484 1753 2759 1809 Andream
2792 1755 3097 1809 reﬁcientes
3126 1753 3261 1807 retia
3288 1769 3302 1818 ;
3337 1761 3389 1805 et
3416 1748 3664 1803 ascendit

2088 1849 2143 1903 in
2186 1849 2389 1909 navim,
2444 1862 2564 1917 quae
2612 1854 2731 1899 erat
2781 1845 3022 1901 Simonis
3066 1844 3233 1906 Petri,
3275 1851 3328 1896 et
3363 1842 3592 1895 Audi-ea)
3619 1842 3660 1896 ⁸.

2087 1939 2243 2007 Quod
2275 1939 2492 2009 quidem
2525 1940 2788 2002 declarat,
2817 1939 2931 2008 jam
2964 1938 3105 1992 inter
3138 1936 3289 2007 ipsos
3319 1936 3556 2004 aliquam
3588 1933 3665 1987 ἰῆς

2085 2032 2409 2087 tercessisse
2439 2032 2712 2085 notitiam.
2746 2030 2905 2085 Hunc
2935 2029 3104 2100 igitur
3131 2037 3354 2099 propter
3378 2026 3665 2079 familiari-

2086 2132 2250 2178 tatem
2304 2125 2605 2194 accipiunt,
2662 2131 2715 2179 et
2760 2123 2808 2178 is
2860 2137 3165 2178 conscenso
3219 2121 3436 2192 navigio
3501 2120 3663 2173 sedit.

2087 2214 2225 2271 Tum
2256 2224 2313 2269 ut
2344 2216 2542 2270 docere
2572 2217 2832 2286 populum
2861 2216 3044 2280 desiit,
3072 2214 3291 2270 Petrum
3324 2214 3397 2267 ita
3426 2214 3665 2282 compel-

2086 2310 2162 2362 lat
2196 2326 2210 2364 :
2242 2308 2419 2363 Reduc
2458 2310 2512 2363 in
2546 2311 2736 2372 altum,
2768 2319 2818 2363 et
2860 2309 3039 2363 laxate
3086 2309 3245 2362 retia.
3296 2307 3364 2360 At
3402 2306 3484 2359 illi
3512 2307 3663 2359 dixe-

2085 2400 2553 2471 runt:Prwceptor
2573 2409 2613 2455 ⁷.
2632 2399 2748 2455 Jam
2774 2401 2919 2455 enim
2944 2402 3014 2455 ob
3037 2399 3262 2455 Joannis
3291 2398 3663 2453 testimonium

2084 2502 2476 2564 praeceptorem
2522 2494 2674 2548 illum
2708 2494 3008 2559 vocabant;
3058 2507 3183 2547 cum
3229 2492 3296 2546 ab
3327 2507 3392 2545 eo
3428 2492 3664 2560 primum

2086 2588 2435 2643 audiissent:
2479 2584 2614 2640 Ecce
2656 2586 2833 2656 Agnus
2886 2585 3003 2647 Dei,
3061 2586 3150 2653 qui
3206 2583 3345 2637 tollit
3395 2592 3665 2649 peccatum

2086 2679 2341 2744 mundi";
2373 2686 2427 2733 et
2453 2677 2640 2733 eadem
2678 2679 2765 2733 die
2795 2693 2919 2732 cum
2953 2693 3018 2732 eo
3045 2675 3365 2731 commorati
3402 2675 3669 2745 postridie

2084 2771 2463 2827 recessissent.
2708 2780 2709 2783 ‘
3502 2768 3505 2771 “

2156 2945 2288 3001 Post
2321 2947 2436 3001 hzec
2477 2947 2530 3000 in
2576 2946 2786 3016 piscatu
2823 2945 3171 3000 vehementer
3202 2945 3352 2997 illum
3390 2932 3667 2997 admiran-

2086 3038 2255 3099 tibus,
2305 3053 2369 3092 ac
2406 3038 2621 3093 dicente
2652 3038 2814 3093 Petro
2850 3057 2861 3090 :
2896 3037 3117 3090 Discede
3155 3054 3187 3089 a
3217 3054 3318 3098 me,
3353 3040 3479 3105 quia
3514 3037 3668 3090 homo

401 3124 557 3193 ἀνὴρ
574 3126 917 3196 ἁμαρτωλός
936 3129 1071 3196 εἰμι,
1120 3128 1298 3195 Κύριε
1336 3126 1499 3197 (τάχα
1510 3126 1618 3199 γὰρ
1638 3127 1733 3180 καὶ
1762 3128 1985 3198 μετεμέ-

2088 3141 2327 3201 peccator
2374 3134 2535 3186 sum”
2568 3132 2846 3203 (fortassis
2906 3132 3051 3185 enim
3105 3130 3405 3201 pmnitebat
3463 3132 3664 3201 ipsum,

401 3218 523 3271 λετο
546 3219 635 3271 διά
686 3219 747 3271 τὸ
792 3220 1056 3290 πρότερον
1083 3219 1244 3272 αὑτὸν
1281 3218 1599 3290 κεκλῆσθαι,
1632 3219 1727 3272 καὶ
1762 3218 1985 3289 στρέψαι

401 3310 495 3363 ἐπὶ
514 3312 640 3372 τοὺς
660 3309 869 3380 ἰχθύας,
894 3312 987 3363 καὶ
1009 3311 1106 3381 τὴν
1129 3309 1463 3382 ἀνεργασίαν
1492 3311 1591 3381 τῆς
1620 3309 1826 3379 ἀλείας)
1852 3327 1863 3338 ·
1888 3312 1916 3363 ό
1933 3310 1989 3363 δὲ

402 3397 559 3467 εἶπες
582 3400 679 3469 Μὴ
699 3400 919 3469 φοϐοὗ’
952 3400 1386 3475 παραθαρσύνων
1412 3400 1593 3465 αὐτὸν,
1630 3402 1711 3454 ὅτι
1752 3401 1853 3453 οὐκ
1888 3403 1992 3454 ἀπ-

401 3494 698 3566 ηγορεύθη,
726 3494 841 3548 ἀλλ’
863 3494 1175 3548 ὃτιδύναται
1202 3495 1295 3563 τῆς
1333 3492 1577 3564 κλήσεως
1599 3493 1987 3563 ἔχεσθαι.”οτι,

403 3587 590 3657 φησιν,
618 3587 737 3641 ἀπὸ
765 3586 872 3641 τοῦ
906 3587 1026 3640 νῦν
1056 3586 1408 3654 ἀνθρώπους
1450 3584 1566 3653 ἔσῃ
1604 3583 1835 3655 ζωγρῶν
1855 3602 1866 3614 ·
1901 3585 1990 3637 ὅτε

402 3680 497 3732 κα)¹
522 3679 617 3733 σὺν
638 3683 749 3743 τοῖς
783 3680 1029 3750 μετόχοις
1058 3681 1171 3740 τοῖς
1191 3680 1247 3729 ἐν
1278 3676 1358 3747 τῷ
1377 3677 1548 3748 ἑτέρῳ
1574 3678 1742 3748 πλοίῳ
1767 3676 1989 3730 ἕνευσαν

402 3769 483 3831 εἰς
538 3767 799 3837 σύλληψιν
857 3769 1012 3838 ἥκειν
1072 3766 1170 3835 τῆς
1203 3766 1376 3836 αὐτῆς
1418 3766 1615 3839 ἄγρας.
1652 3762 1832 3821 *Ησαν
1881 3767 1992 3836 γάρ

402 3859 768 3925 κοινωνοὶ,ὥς
810 3877 963 3930 φησι,
1003 3856 1081 3928 τῷ
1112 3858 1340 3928 Σίμωνι,
1383 3857 1635 3929 καθάπερ
1666 3859 1778 3913 ἄνω
1819 3860 1990 3929 κάμοὶ

403 3950 801 4021 προδεδήλωται
824 3953 887 4003 ἐκ
906 3951 1003 4021 τῆς
1018 3931 1325 4014 ὑποθέᾶεως
1347 3950 1551 4023 ταύτης
1569 3967 1583 3981 ·
1611 3948 1714 4004 Δύο
1736 3952 1835 4021 μὲν
1859 3952 1989 4003 ἀκο-

402 4042 782 4113 λουθησάντων
833 4042 982 4113 αὐτῴ
1041 4044 1193 4115 παρὰ
1225 4044 1473 4097 Ἰωάννου
1525 4045 1865 4114 ἀκηκοότων,
1916 4036 1990 4097 ὧν

402 4135 497 4189 δύο
532 4130 611 4199 εἷς
672 4131 739 4206 ἦν
775 4137 803 4189 ὁ
859 4135 1133 4206 Ἀνδρέας.
1176 4136 1290 4205 Ἐφ’
1334 4139 1465 4207 ἡμῖν
1498 4136 1555 4189 δὲ
1591 4136 1990 4207 διανενοημένοι

403 4227 707 4291 καλλίστως
733 4227 825 4280 τὸν
846 4228 1032 4300 ἕτερον
1064 4224 1204 4283 εἶναι
1236 4229 1379 4299 τάχα
1400 4229 1497 4282 ἕνα
1533 4228 1641 4281 τῶν
1665 4228 1796 4281 υἱῶν
1828 4227 1992 4281 Ζεϐε-

401 4319 574 4386 δαίου,
601 4319 689 4373 διὰ
731 4320 794 4373 τὸ
835 4320 1099 4392 συνεργὸν
1131 4323 1226 4375 καὶ
1256 4322 1486 4391 μέτοχον
1514 4323 1609 4374 καὶ
1651 4316 1987 4375 κοινωνικόν.

403 4414 515 4468 Καὶ
536 4413 721 4467 λοιπὸν
757 4412 894 4484 μετὰ
932 4413 1104 4468 ταῦτα
1126 4415 1307 4468 πάντα
1338 4414 1765 4482 καταλείψαντες
1791 4413 1840 4464 οί
1868 4412 1991 4467 τέσ-

2091 3225 2237 3295 quod
2271 3225 2467 3278 abillo
2515 3235 2741 3279 vocatus
2790 3224 2954 3295 initio
2988 3224 3056 3277 ad
3103 3224 3437 3293 piscaturam
3485 3223 3670 3277 denu»

2091 3318 2391 3389 rediisset),
2426 3317 2497 3370 ita
2533 3315 2798 3371 Dominus
2826 3315 3154 3384 alloquitur:
3185 3312 3313 3367 Noli
3355 3314 3570 3375 timere;
3614 3324 3669 3367 λι

2091 3411 2242 3465 illum
2277 3410 2346 3465 ab
2382 3425 2446 3463 eo
2484 3418 2629 3462 metu
2662 3408 3047 3473 conﬁrmaret;
3089 3421 3190 3460 nec
3232 3422 3290 3459 se
3323 3407 3667 3475 repudiatum

2090 3503 2316 3556 omnino
2344 3509 2561 3571 putaret
2594 3517 2749 3567 esse;
2782 3500 2875 3555 sed
2914 3500 3157 3570 pristina}
3191 3500 3462 3551 vocationi
3499 3498 3669 3552 inhre-

2090 3610 2213 3648 rere
2244 3609 2406 3662 posse
2450 3594 2770 3647 conﬁderet.
2815 3592 3017 3657 Quare.
3066 3608 3130 3644 ea:
3172 3589 3287 3651 hoc,
3328 3591 3523 3658 inquit,
3565 3589 3669 3643 eris

2082 3689 2201 3755 jam
2232 3685 2462 3738 homines
2494 3686 2702 3752 capiens
2727 3685 2790 3736 ¹⁰.
2826 3684 2945 3748 Quo
2984 3694 3225 3752 tempore
3259 3683 3445 3749 sociis,
3487 3686 3579 3751 qui
3616 3684 3669 3735 in

2092 3783 2262 3833 altera
2316 3777 2438 3831 navi
2490 3785 2670 3840 erant,
2711 3777 3026 3841 inuuerunt,
3064 3784 3121 3828 ut
3161 3776 3226 3828 ad
3258 3775 3669 3829 convellendum

2092 3872 2365 3941 piscatum
2399 3869 2504 3924 sibi
2536 3869 2801 3923 auxilium
2839 3868 3064 3922 ferrent.
3095 3866 3262 3920 Erant
3286 3870 3430 3921 enim
3460 3866 3667 3920 Simoni

2093 3963 2250 4027 socii,
2284 3961 2746 4032 quemadmodum
2784 3950 2955 4030 paulo.
2989 3950 3114 4014 ante
3143 3960 3407 4021 diximus,
3442 3974 3563 4012 cum
3598 3958 3671 4010 ita

2092 4056 2498 4125 disputavimus
2531 4072 2543 4107 :
2572 4052 2721 4107 Duos
2746 4053 2869 4107 illos
2897 4042 3126 4107 Joannis
3150 4052 3332 4104 audita
3362 4065 3491 4103 voce
3511 4049 3670 4103 Chri-

2093 4157 2239 4203 stum
2274 4158 2526 4214 secutos;
2556 4162 2789 4215 quorum
2819 4161 2960 4199 unus
2986 4153 3105 4198 erat
3130 4143 3396 4196 Andreas.
3425 4143 3670 4194 Alterum

2094 4254 2280 4293 verum
2307 4252 2475 4291 unum
2508 4251 2538 4290 e
2566 4234 2815 4290 Zebedzci
2848 4233 3039 4288 liberis
3073 4232 3263 4296 fuis~e,
3295 4240 3513 4302 propter
3537 4230 3672 4284 artis

2093 4329 2433 4391 societatem,
2467 4342 2532 4380 ac
2572 4326 3014 4380 communionem
3050 4323 3355 4378 rectissima
3391 4322 3673 4390 conjectu-

2092 4433 2154 4472 ra
2192 4416 2459 4500 suspicati
2491 4430 2706 4471 sumus.
2742 4413 3113 4479 Quamobrem
3166 4410 3374 4465 relictis
3410 4410 3671 4477 deinceps

407 4523 593 4577 σαρες,
620 4506 689 4561 τά
707 4524 765 4559 τε
794 4506 972 4571 πλοῖα,
1001 4508 1078 4571 είς
1100 4506 1198 4578 τὴν
1225 4506 1330 4577 γῆν
1358 4504 1754 4576 ἠκολούθησαν,
1776 4505 1852 4567 ὡς
1880 4504 1985 4574 ἔχει

2097 4510 2375 4573 omnibus,
2411 4508 2658 4577 adeoque
2694 4506 2928 4574 navigiis
2979 4505 3135 4575 ipsis,
3185 4502 3253 4555 ad
3296 4510 3498 4555 terram
3529 4515 3672 4571 qua-

403 4602 436 4670 ή
474 4600 566 4652 τοῦ
594 4602 778 4653 Λουκᾶ
810 4601 1106 4673 μαρτυρία.
1134 4602 1295 4653 Ὥστε
1326 4597 1627 4664 ἐξάπαντος
1659 4598 1990 4663 δείκνυσθαι,

403 4692 485 4743 ὅτι
512 4691 737 4762 οὐδεμία
762 4690 1063 4761 σκολιότης,
1098 4690 1219 4743 οὔτε
1248 4690 1560 4761 ἐναντιότης
1588 4692 1646 4743 ἐν
1671 4692 1783 4753 τοῖς
1818 4690 1994 4758 ἁγίοις

402 4782 777 4851 Εύαγγελίοις,
837 4782 961 4836 οὔτε
1009 4783 1160 4856 παρά
1217 4785 1328 4847 τοῖς
1368 4783 1544 4851 ἀγίοις
1582 4782 1993 4851 εὐαγγελισταῖς

403 4873 739 4944 εὑρίσκεται,
769 4873 904 4928 ἀλλά
922 4874 1097 4929 πάντα
1126 4876 1293 4945 σαφῆ,
1317 4873 1524 4945 χρόνων
1550 4874 1606 4927 δέ
1640 4876 1747 4927 είσι
1774 4873 1993 4927 διαστά-

404 4981 537 5027 σεις.
597 4963 875 5019 Ἐντεῦθεν
927 4967 1035 5037 γάρ
1075 4967 1169 5020 καὶ
1224 4965 1483 5018 ἐπέκεινα
1533 4963 1665 5034 (59),
1710 4963 1816 5016 τῶν
1858 4965 1987 5036 περὶ

403 5056 610 5127 Πέτρον
662 5057 756 5110 καὶ
803 5056 1054 5128 Ἰωάννην
1080 5056 1265 5109 λοιπὺν
1305 5054 1707 5125 συναφθέντων,
1739 5054 1835 5108 καὶ
1860 5054 1987 5107 ἀκο-

402 5148 752 5213 λουθούντων,
794 5149 1009 5217 ἐγένετο
1031 5149 1294 5201 διδάσκων
1324 5150 1383 5200 ἐν
1439 5148 1591 5219 πάσῃ
1618 5149 1684 5217 τῇ
1728 5145 1988 5215 Γαλιλαίᾳ

402 5242 496 5313 καὶ
545 5243 602 5293 ἐν
636 5243 700 5311 τῇ
754 5240 1005 5311 Ἰουδαίᾳ.
1060 5242 1171 5294 Καὶ
1219 5240 1404 5295 λοιπὸν
1459 5239 1861 5310 πλατυνομένου
1891 5237 1983 5291 τοῦ

472 5405 487 5436 ¹
520 5403 578 5458 F.
615 5405 682 5457 δι’
710 5406 759 5458 ὅ.
861 5406 882 5437 ¹
911 5404 972 5459 F.
1008 5407 1210 5470 αὐτοῖς.
1312 5408 1332 5438 ³
1364 5405 1494 5460 Luc.
1528 5423 1599 5469 iv,
1634 5406 1724 5461 ‘25.

402 5474 421 5504 ⁸
451 5472 610 5530 Joan.
644 5494 681 5540 ι,
722 5474 813 5531 29.
890 5477 910 5507 ⁹
944 5475 1078 5531 Luc.
1110 5494 1163 5543 ν,
1201 5477 1255 5533 8.
1334 5479 1377 5508 ¹⁰
1413 5478 1545 5532 ibid.
1576 5477 1661 5531 iO.

475 5590 921 5663 (δωέεντεῦθεν
934 5592 1045 5663 γὰρ
1060 5592 1161 5647 καὶ
1174 5592 1471 5647 ἐπέκεινα.
1490 5592 1564 5645 Ex
1588 5593 1655 5647 iis
1669 5592 1977 5663 quaadisse-

406 5662 476 5715 rit
514 5660 869 5732 Epiphanius,
896 5660 1127 5717 eilicitur
1152 5665 1312 5732 paulo
1337 5672 1462 5732 post
1500 5660 1699 5717 ultimo
1728 5673 1972 5728 vocatos,

404 5747 469 5783 ne
501 5731 602 5787 sibi
634 5730 925 5803 adjunctos
954 5730 1229 5803 apostolos
1249 5775 1264 5799 ,
1299 5730 1540 5796 Petrum,
1584 5733 1855 5788 Andream
1924 5744 1977 5787 et

406 5810 635 5859 exteros
660 5803 723 5857 ad
758 5803 1197 5875 praadicationem
1244 5819 1585 5875 aggressum,
1626 5807 1787 5861 etiam
1821 5813 1977 5859 aute-

1832 5408 1853 5439 δ
1885 5406 2075 5462 Matth.
2115 5424 2188 5473 iv,
2228 5410 2312 5465 18.

2092 4612 2215 4657 tuor
2258 4602 2335 4655 illi
2367 4599 2540 4655 secuti
2578 4607 2741 4664 sunt;
2777 4598 2920 4668 quod
2954 4596 3115 4651 Lucae
3149 4603 3384 4650 testatur
3419 4595 3669 4649 historia.

2088 4697 2166 4751 Ex
2192 4695 2393 4767 quibus
2422 4692 2681 4748 omnibus
2711 4690 2944 4746 ellicitur
2966 4731 2980 4755 ,
3018 4691 3158 4745 nihil
3191 4689 3246 4742 in
3279 4688 3455 4742 sacris
3494 4686 3673 4740 Evan-

2088 4787 2268 4857 geliis,
2308 4801 2608 4855 eorumque
2657 4784 3022 4853 scriptoribus
3070 4782 3390 4852 perplexum
3431 4796 3554 4835 esse
3584 4781 3671 4833 vel

2088 4892 2438 4947 repugnans;
2489 4876 2584 4931 sed
2634 4876 2797 4945 plana
2842 4881 2896 4927 et
2934 4873 3189 4945 expedita
3223 4888 3346 4927 esse
3379 4874 3584 4936 omnia,
3623 4871 3671 4924 si

2093 4977 2400 5038 temporum
2426 4968 2713 5023 intervalla
2736 4966 3065 5037 distinguas.
3101 4965 3198 5020 His
3226 4966 3301 5019 ita
3329 4966 3523 5035 gestis,
3545 4980 3671 5018 cum

2089 5061 2202 5130 jam
2236 5060 2432 5117 Petrus
2464 5076 2528 5116 ac
2561 5059 2802 5115 Joannes
2832 5059 3123 5129 caeterique
3148 5059 3366 5128 penitus
3408 5058 3674 5112 adhaesis-

2094 5160 2237 5217 sent,
2269 5168 2333 5207 ac
2364 5163 2759 5222 sequerentur;
2793 5166 2888 5221 per
2912 5158 3079 5222 totam
3110 5148 3275 5225 439
3302 5147 3579 5201 Galilaeam
3611 5163 3675 5201 ac

2092 5242 2333 5299 Judaiam
2358 5245 2559 5300 docere
2588 5245 2772 5314 coepit.
2808 5245 2989 5313 Atque
3022 5243 3097 5296 ita
3128 5242 3286 5312 longe
3320 5241 3533 5311 lateque
3561 5239 3677 5293 dis-

2424 5413 2445 5443 υ
2475 5412 2604 5467 ibid.
2630 5410 2721 5465 eo.
2799 5409 2820 5440 ο
2845 5408 2979 5463 Luc.
3012 5424 3065 5476 ν,
3091 5409 3146 5476 2,
3178 5410 3232 5463 δ.
3309 5408 3329 5439 τ
3363 5406 3497 5461 ibid.
3535 5404 3591 5468 4,
3619 5402 3671 5457 5.

2084 5614 2248 5668 quam
2282 5597 2520 5653 Joannes
2566 5600 2620 5653 in
2681 5601 2902 5655 vincula
2946 5597 3335 5666 conjiceretur.
3372 5593 3446 5648 De
3473 5610 3580 5665 qua
3614 5606 3678 5651 re

2123 5672 2432 5750 ostmodum
2467 5680 2681 5750 agetur,
2714 5679 2772 5723 ut
2803 5679 2855 5724 et
2902 5672 2969 5726 de
3005 5670 3175 5725 natali
3211 5668 3416 5723 (lliristi
3451 5681 3514 5721 ac
3546 5680 3678 5721 ven

2126 5744 2341 5809 aplismi
2364 5748 2416 5796 ιι
2445 5744 2717 5811 passionis
2742 5757 2909 5796 anno.
