4176 6386
429 242 537 303 919

1808 263 1864 318 S.
1933 266 2272 326 EPlPllANll

3587 276 3700 334 929

429 370 608 438 sipata
633 367 906 444 Evangelii
934 376 1342 446 praedicatione,
1379 390 1574 436 αξιοι-ει
1607 385 1854 456 prodigia
1888 404 2010 458 pcr-
2041 411 2081 462 Α
2115 393 2500 464 κηρύγματος,
2554 393 2620 448 τά
2676 394 2802 466 ἑξῆς
2852 394 2960 449 τῶν
3021 396 3359 466 θεοσημείων
3407 395 3693 449 ἐπε-τέλει’

435 461 584 525 fecit,
631 471 692 516 ut
741 464 832 520 hic
875 467 1166 526 subductis
1217 473 1477 530 omnibus
1512 491 1694 530 rerum
1729 488 2011 550 gestarum

431 556 590 619 ordo,
628 571 692 611 ac
724 560 897 614 series
933 561 1270 618 instituenda
1302 565 1397 621 sit.

506 645 645 702 XVI.
700 648 756 704 In
788 652 982 721 primis
1032 655 1343 725 baptizatus
1386 668 1491 722 est,
1533 661 1578 716 si
1630 660 2013 734 Egyptiorum

436 744 709 796 mensium
743 747 1010 800 rationem
1042 747 1268 814 habeas,
1325 750 1498 823 Athyr
1530 769 1625 807 xu.
1653 770 1702 806 a.
1732 755 1783 809 d.
1814 773 1867 810 vr
1896 757 2013 812 Eid.

438 833 688 898 Novem,
709 836 810 892 hoc
831 848 916 892 est
951 855 1018 893 ιι
1045 852 1170 896 ante
1203 842 1400 899 festum
1432 845 1865 917 Epiphaniorum
1902 851 2013 918 die,

439 943 548 997 qua
601 929 647 983 is
683 933 984 987 secundum
1026 951 1247 992 carnem
1298 946 1462 993 natus
1509 948 1635 995 est:
1680 942 1732 995 id
1768 943 1913 1012 quod
1949 959 2018 998 ex

440 1017 740 1089 Evangelia
778 1021 940 1079 Luca:
970 1038 1225 1082 constare
1244 1036 1441 1097 potest.
1481 1031 1572 1084 Sic
1606 1033 1749 1086 enim
1782 1033 2012 1088 scribit:

442 1107 748 1166 Eratlem
782 1115 1034 1182 incipiens
1062 1133 1174 1170 esse
1205 1119 1360 1187 quasi
1394 1136 1654 1174 annorum
1687 1139 1816 1189 xxx,
1840 1125 2016 1191 ﬁlius,

438 1213 497 1255 ut
527 1204 840 1270 putabatur,
868 1204 1065 1275 Joseph
1096 1209 1134 1262 ί.
1169 1207 1302 1264 Nam
1332 1211 1376 1266 si
1403 1221 1715 1268 accuratam
1755 1216 2018 1286 temporis

442 1297 711 1351 rationem
765 1297 938 1359 ineas,
996 1302 1218 1356 nonnisi
1275 1319 1405 1358 xxix
1439 1322 1706 1360 annorum
1758 1316 1899 1372 erat,
1955 1323 2019 1364 ac

442 1401 472 1438 ιι
508 1387 800 1450 mensium,
835 1403 959 1443 cum
1013 1390 1085 1444 ad
1117 1391 1447 1462 baptismum
1490 1413 1613 1452 sese
1661 1400 1915 1464 contulit,
1961 1409 2021 1454 ut

441 1477 667 1547 triginta
707 1493 999 1546 annorum,
1035 1498 1142 1537 non
1169 1491 1354 1540 tamen
1388 1488 1696 1556 plenorum,
1735 1490 1905 1546 fuisse
1937 1491 2021 1546 di»

440 1577 615 1625 eatur.
655 1569 891 1643 Ideoque
923 1575 1187 1646 scriptqu
1221 1586 1336 1632 est:
1376 1576 1643 1650 Incipiens
1669 1584 1823 1653 quasi
1853 1601 2020 1637 anno-

441 1679 557 1714 rum
590 1679 718 1718 xxx.
754 1664 1021 1738 Deinceps
1066 1684 1132 1722 ιιι.
1165 1671 1483 1727 tentationis
1513 1674 1630 1729 dies
1659 1678 1830 1730 secuti
1869 1685 2014 1732 sunt.

2116 484 2253 537 ὥστε
2288 482 2425 539 εἶναι
2453 484 2548 557 τὴν
2577 486 2895 540 ἀκολουθίαν
2921 485 3218 552 ἐξάπαντος
3248 486 3442 549 οὓτως.

2188 665 2303 731 ις’.
2332 663 2556 735 Πρῶτον
2588 665 2686 735 μὲν
2731 663 3116 734 βαπτισθέντος
3162 663 3328 718 αὑτοῦ
3365 667 3486 718 κατ’
3527 665 3695 731 Αἰγυ-

2117 756 2323 820 πτίους.
2379 758 2454 822 ὡς
2494 758 2724 829 ἔφημεν,
2774 758 2937 829 Ἀθὺρ
2970 758 3244 830 δωδεκάτῃ
3293 759 3398 828 πρὸ
3436 758 3494 824 ἓξ
3525 758 3695 810 Eram

2116 849 2459 921 Νοεμϐρίων,
2491 851 2730 904 τουτέστι
2761 852 2864 922 πρὸ
2888 852 3150 923 ἑξήκοντα
3173 852 3394 923 ἡμερῶν
3435 850 3695 920 (πλήρης)

2117 941 2211 1013 τῆς
2269 943 2481 1014 ἡμέρας
2532 943 2639 996 τῶν
2702 943 3055 1012 Ἐπιψανίων,
3107 945 3141 1012 ἧ
3177 945 3324 996 ἐστιν
3375 942 3559 1013 ἡμέρα
3595 940 3695 1010 τῆς

2119 1032 2282 1088 αυτοῦ
2318 1036 2620 1106 γεννήσεως
2661 1035 2802 1088 κατὰ
2842 1035 3038 1104 σάρκα,
3087 1033 3163 1098 ὡς
3198 1034 3311 1104 ἔχει
3354 1036 3388 1104 ή
3422 1034 3697 1105 μαρτυρία

2118 1126 2212 1177 τοῦ
2246 1125 2387 1178 κατὰ
2419 1127 2631 1178 Λουκᾶν
2660 1125 2985 1194 Εὐαγγελίου
3009 1168 3023 1193 ,
3072 1127 3154 1179 ὅτι
3183 1121 3294 1180 Ἦν
3331 1125 3564 1192 Ἰησοῦς
3592 1125 3698 1191 ἀρ-

2119 1218 2374 1285 χόμενος
2415 1212 2568 1270 εἶναι
2614 1218 2696 1283 ὡς
2738 1217 2891 1273 ἐτῶν
2935 1218 3272 1286 τριάκοντα,
3315 1215 3400 1270 ὢν
3437 1216 3589 1281 υίὸς,
3616 1217 3700 1280 ὡς

2119 1303 2434 1372 ἐνομίζετο.
2468 1306 2576 1360 τοῦ
2607 1303 2957 1376 ἸωσήφΪΗν
2987 1307 3095 1380 γὰρ
3115 1307 3194 1378 τῷ
3221 1309 3317 1379 μὲν
3344 1307 3458 1360 ὄντι
3497 1308 3700 1362 εἰκοσι-

2121 1397 2276 1449 εννέα
2328 1396 2484 1458 ὲτῶν,
2533 1398 2628 1450 καὶ
2667 1401 2853 1470 μηνῶν
2879 1399 3031 1465 δέκα,
3072 1400 3161 1452 ὅτε
3194 1401 3286 1452 ἐπὶ
3312 1399 3374 1451 τὸ
3412 1398 3700 1468 βάπτισμα

2121 1483 2245 1558 ἧκε,
2277 1489 2569 1560 τριάκοντα
2591 1490 2690 1561 μὲν
2715 1491 2870 1556 ὲτῶν,
2907 1492 3020 1545 ἀλλ’
3053 1492 3113 1566 οὐ
3148 1491 3382 1562 πλήρης.
3414 1489 3506 1542 Διὸ
3529 1489 3696 1556 λέγει·

2135 1583 2480 1651 Ἀρχόμενος
2523 1585 2602 1649 ὡς
2656 1582 2807 1638 ἐτῶν
2860 1584 3192 1652 τριάκοντα.
3250 1579 3602 1635 Ἀπεντεῦθεν
3642 1579 3702 1632 αἱ

2121 1671 2529 1742 τεσσαράκοντα
2571 1669 2666 1725 τοῦ
2699 1673 3032 1745 πειρασμοῦ,
3066 1673 3160 1726 καὶ
3192 1675 3246 1725 αἱ
3285 1671 3378 1725 δύο
3407 1670 3701 1740 ἐϐδομάδες

441 1754 580 1810 Tum
613 1757 986 1815 hebdomades
1025 1763 1150 1832 plus
1192 1765 1374 1820 minus
1405 1767 1546 1830 duae,
1591 1783 1730 1836 quas
1769 1767 2017 1823 Nazareti

2125 1762 2305 1834 μικρῷ
2359 1763 2539 1818 πλεῖον
2589 1763 2646 1817 αἱ
2704 1767 2761 1817 ὲν
2796 1764 3052 1834 Ναζαρὲτ
3089 1764 3196 1819 ἀπὸ
3228 1764 3336 1818 τῶν
3359 1763 3582 1834 ἡμερῶν
3605 1762 3703 1815 τοῦ

441 1855 564 1918 post
597 1851 954 1905 tentationem
985 1855 1197 1924 exegit;
1241 1869 1378 1920 tum,
1423 1859 1565 1928 apud
1605 1856 1872 1914 Joannem
1905 1862 2019 1930 pri-

441 1954 528 1992 ma
549 1940 833 2011 alteraque
857 1943 1005 2008 dies;
1035 1961 1116 2010 ac,
1146 1959 1434 2019 postquam
1457 1966 1486 2003 a
1509 1949 1718 2005 Joanne
1739 1951 2016 2017 discessit,

441 2031 691 2096 totidem,
724 2050 848 2088 cum
877 2035 1123 2094 Andreas
1147 2039 1297 2094 illum
1327 2057 1435 2095 una
1465 2057 1590 2095 cum
1620 2044 1772 2098 socio
1800 2056 2020 2101 secutus

440 2131 548 2188 est,
583 2122 779 2179 deinde
816 2124 1006 2181 Simon
1062 2127 1278 2185 Petrus.
1327 2131 1509 2187 Altera
1542 2150 1672 2189 vero
1709 2135 1819 2200 die,
1865 2144 1922 2190 ut
1967 2147 2021 2192 et

441 2229 544 2268 nos
573 2215 837 2284 diximus,
869 2226 923 2272 et
952 2222 1279 2291 evangelicae
1307 2225 1640 2280 narrationis
1670 2227 1805 2280 ordo
1834 2236 2021 2298 postu-

441 2304 540 2368 lat,
570 2305 854 2378 Philippus
887 2321 1133 2378 vocatus,
1167 2329 1230 2368 ac
1257 2313 1583 2372 Nathanael.
1610 2317 1798 2374 Tertio
1829 2329 2020 2390 postea

443 2399 532 2458 die
577 2403 774 2468 nuptiis
815 2403 973 2472 farus
1003 2417 1126 2459 sunt
1162 2411 1214 2460 in
1257 2408 1407 2462 Cana
1443 2407 1682 2464 Galilwa:
1711 2413 1750 2473 ’,
1782 2423 1903 2482 post
1939 2414 2021 2468 bi-

442 2494 612 2545 duum
646 2495 780 2548 illud
811 2514 824 2549 :
860 2497 1022 2566 idque
1074 2500 1309 2568 primum
1357 2502 1734 2572 prodigiorum
1777 2507 2020 2560 omnium

442 2586 694 2653 exstitit;
728 2601 790 2640 ac
824 2595 938 2641 tum
969 2605 1237 2644 annorum
1266 2609 1374 2647 xxx
1396 2610 1660 2650 numerus
1686 2596 1754 2650 ab
1778 2596 1900 2666 ejus
1928 2614 2024 2651 na-

443 2678 542 2731 tali
574 2681 881 2750 (‘ompletus
913 2691 1018 2737 est.
1058 2683 1255 2738 Eadem
1296 2687 1498 2757 quippe
1533 2687 1639 2751 die,
1679 2704 1788 2759 qua
1817 2705 2020 2745 secun-

445 2769 574 2823 dum
611 2784 828 2826 carnem
863 2783 1025 2828 natus
1061 2774 1257 2843 fuerat,
1295 2777 1528 2846 primum
1573 2778 1709 2833 illud
1743 2795 2023 2837 conversa:

443 2861 502 2915 in
537 2862 726 2917 vinum
759 2880 914 2935 aqua:
953 2866 1283 2920 miraculum
1314 2868 1556 2926 edidisse
1587 2871 1856 2937 creditur,
1897 2888 2021 2926 cum

442 2954 670 3024 triginta
693 2955 807 3026 jam
842 2972 1018 3012 annos
1065 2959 1272 3014 solidos
1309 2959 1379 3013 ab
1413 2969 1536 3014 ortu
1581 2976 1683 3015 suo
1720 2966 2022 3017 secundum

443 3062 692 3114 carnem,
721 3049 1070 3120 adventuque
1095 3052 1388 3107 clausisset
1413 3070 1427 3106 :
1455 3052 1506 3106 id
1537 3052 1680 3122 quod
1713 3069 1855 3124 saepe
1875 3069 2023 3108 com-

444 3141 894 3206 memoravimus,
935 3149 988 3197 et
1027 3150 1087 3196 ut
1134 3143 1200 3196 ad
1231 3158 1355 3198 eum
1399 3143 1620 3198 modum
1664 3145 2021 3216 accipiamus,

445 3233 778 3303 evangelica:
809 3234 1149 3289 narrationis
1190 3243 1381 3290 exacta
1421 3237 1599 3292 series
1634 3238 1913 3306 postulare
1943 3238 2024 3292 vi-

445 3329 624 3377 detur.
657 3322 776 3377 Jam
812 3334 935 3394 post
986 3325 1219 3394 primum
1262 3325 1394 3380 illud
1440 3328 1767 3381 miraculum
1813 3329 2024 3399 reliqua

450 3415 697 3485 prodigia
743 3417 1038 3471 subsecuta
1079 3435 1092 3470 :
1127 3431 1227 3471 nec
1257 3433 1366 3471 non
1399 3427 1455 3474 et
1486 3420 1730 3475 caelestis
1762 3419 2027 3476 doctrina:

445 3506 785 3584 praedicatio,
816 3517 869 3561 et
907 3506 960 3560 id
994 3523 1166 3578 genus
1197 3517 1416 3573 caetera,
1448 3526 1568 3580 quae
1596 3511 1664 3565 ad
1693 3512 2024 3583 singularem

448 3604 505 3653 in
547 3615 657 3655 nos
698 3599 1117 3664 humanitatem,
1151 3600 1540 3672 Evangeliique
1569 3605 1858 3659 miriﬁcam
1893 3607 2023 3670 vim,

449 3709 512 3748 ac
536 3693 844 3747 doctrinam
880 3694 1270 3765 prmstandam,
1306 3710 1368 3749 ac
1397 3696 1881 3753 demonstrandam
1909 3715 2028 3769 per-

445 3787 642 3842 tinent.
681 3787 836 3852 Quod
867 3802 991 3841 cum
1021 3802 1049 3839 a
1083 3801 1169 3840 me
1199 3799 1283 3842 est
1315 3803 1423 3841 non
1454 3790 1621 3843 semel
1654 3789 1882 3856 dictum,
1911 3799 2026 3845 tum

445 3875 516 3932 ob
550 3891 820 3931 caecorum
855 3875 1162 3940 hominum,
1194 3875 1288 3945 qui
1322 3876 1660 3932 inﬁdelitatis
1697 3882 2024 3946 asserenda,

447 3973 611 4036 atque
648 3975 703 4022 et
732 3974 924 4021 sancto
956 3963 1208 4035 Spiritui,
1237 3973 1292 4020 et
1319 3967 1732 4038 Evangeliorum
1765 3980 2026 4026 constan-

446 4061 663 4116 tissimo
692 4061 872 4116 ordini
917 4059 1334 4115 contradicendi
1381 4064 1729 4126 occasionem
1781 4065 2024 4137 undique

448 4158 692 4224 captant,
728 4166 897 4220 cogor
923 4165 1067 4219 smpe
1097 4157 1362 4220 repetere.

520 4243 684 4298 XVII.
726 4242 935 4297 Etenim
979 4250 1090 4296 tam
1135 4242 1422 4297 enucleata
1463 4254 1829 4317 accurataque
1866 4244 2031 4319 m

447 4339 592 4396 ratio
624 4338 748 4393 illos
778 4351 970 4392 omnes
1008 4335 1331 4405 occupando
1373 4337 1677 4404 submovet,
1712 4341 1804 4410 qui
1837 4341 2030 4404 adver-

2126 1852 2457 1923 πειρασμοῦ,
2524 1852 2617 1905 καὶ
2662 1853 2852 1924 πρώτη
2898 1853 3080 1926 ἡμέρα
3141 1853 3276 1924 πρὸς
3322 1853 3576 1922 Ἰωάννην
3606 1851 3705 1904 καὶ

2122 1944 2368 2017 δευτέρα.
2433 1945 2541 1998 Καὶ
2580 1945 2741 1998 πάλιν
2776 1947 2885 1999 ἀπὸ
2930 1947 3176 2000 Ἰωάννου
3215 1945 3406 2016 πρώτη
3456 1945 3551 1997 καὶ
3587 1941 3704 1994 δευ-

2123 2037 2276 2109 τέρα,
2322 2038 2411 2091 ὅτε
2483 2037 2854 2109 ἠκολούθησαν
2922 2037 3068 2108 αὐτῷ
3124 2039 3173 2090 οἱ
3220 2037 3348 2106 περὶ
3421 2032 3702 2104 Ἀνδρέαν,

2125 2130 2313 2184 ἔπειτα
2338 2129 2518 2199 Σίμων
2549 2131 2773 2199 Πέτρος.
2819 2129 2930 2183 Καὶ
2965 2132 3027 2199 τῇ
3054 2129 3187 2201 ἄλλῃ
3217 2128 3418 2200 ἡμέρᾳ,
3452 2127 3528 2190 ὡς
3566 2125 3702 2195 ἔφη·

2127 2239 2246 2292 μεν,
2287 2223 2380 2275 καὶ
2415 2222 2525 2288 ἔχει
2550 2223 2582 2292 ἡ
2619 2220 2906 2274 ἀκολουθία
2931 2220 3028 2272 τοῦ
3052 2219 3406 2288 Εὑαγγελίου,
3433 2217 3705 2268 Φιλίππου

2126 2315 2335 2385 κλῆσις,
2391 2315 2484 2368 καὶ
2531 2313 2627 2366 τοῦ
2686 2311 3000 2383 Ναθαναήλ.
3049 2312 3160 2364 Καὶ
3205 2309 3390 2363 λοιπὸν
3429 2311 3497 2379 τῇ
3544 2298 3705 2378 τρίτῃ

2125 2407 2308 2478 ἡμέρᾳ
2329 2406 2511 2477 γάμος
2531 2405 2766 2476 ἐγένετο
2795 2407 2865 2458 ἐν
2880 2402 3044 2470 Κανᾷ
3058 2403 3168 2471 τῆς
3193 2403 3544 2467 Γαλιλαίας.
3567 2398 3708 2470 μετά

2125 2499 2226 2563 τὰς
2248 2499 2340 2552 δύο
2365 2500 2460 2563 τὰς
2497 2500 2899 2571 προειρημένας
2919 2517 2930 2528 ·
2957 2500 3093 2569 ὅπερ
3119 2497 3336 2568 πρῶτον
3365 2497 3588 2565 σημεῖον
3611 2493 3706 2545 καὶ

2126 2591 2396 2663 πλήρωμα
2425 2593 2715 2663 τριάκοντα
2748 2590 2883 2645 ἐτῶν
2909 2591 3017 2643 ἀπὸ
3042 2592 3344 2661 γεννήσεως
3379 2588 3479 2657 τῆς
3508 2587 3708 2656 ἐνσάρ-

2127 2701 2223 2738 κου
2263 2683 2425 2737 αὑτοῦ
2480 2683 2797 2755 παρουσίας.
2848 2684 2934 2736 Ἐν
2973 2683 3110 2753 αὐτῇ
3141 2680 3250 2753 γάρ
3283 2680 3596 2752 εὑρίσκεται
3635 2678 3711 2747 τῇ

2127 2777 2307 2847 ἡμέρᾳ
2357 2774 2459 2846 τῆς
2508 2776 2671 2828 αὐτοῦ
2716 2777 2858 2829 κατά
2919 2775 3096 2844 σάρκα
3129 2775 3432 2843 γεννήσεως
3468 2787 3706 2837 πεποιη-

2127 2868 2237 2931 κὼς
2269 2868 2328 2921 τὸ
2360 2869 2573 2940 πρῶτον
2609 2868 2770 2922 πάλιν
2815 2871 3037 2938 σημεῖον
3061 2866 3156 2921 τοῦ
3186 2866 3374 2928 ὓδατος
3429 2867 3509 2926 εἰς
3541 2859 3708 2926 οἶνον,

2127 2963 2184 3013 ἐν
2218 2960 2294 3030 τῷ
2327 2961 2614 3032 πληρῶσαι
2670 2960 3151 3032 αὑτὸν⁸τριάκοντα
3181 2958 3296 3027 ἔτη,
3323 2957 3398 3020 ὼς
3444 2954 3710 3016 πολλάκις

2127 3049 2301 3117 εἶπον,
2349 3053 2458 3106 ἀπὸ
2501 3053 2600 3122 τῆς
2641 3052 2910 3125 ἐνσάρκου
2948 3051 3114 3104 αὑτοῦ
3157 3048 3459 3118 γεννήσεώς
3512 3065 3572 3099 τε
3614 3046 3714 3098 καὶ

2129 3142 2430 3213 παρουσίας
2456 3159 2469 3172 ο
2521 3142 2596 3205 ὼς
2641 3142 2952 3194 ὑποτίθεται
2987 3143 3120 3210 ἡμῖν
3158 3139 3395 3191 συνιέναι
3449 3135 3544 3188 καὶ
3601 3151 3709 3186 κα-

2127 3234 2494 3303 ταλαμϐάνειν
2519 3235 2551 3304 ἡ
2593 3233 2698 3286 τῶν
2726 3232 3071 3301 Εὑαγγελίων
3096 3228 3352 3301 ἀκρίϐειά
3380 3245 3438 3280 τε
3465 3228 3558 3280 καὶ
3577 3227 3711 3278 ἀκο-

2127 3325 2330 3381 λουθία.
2363 3325 2467 3380 Καὶ
2498 3326 2681 3378 λοιπὸν
2712 3325 2819 3378 ἀπὸ
2855 3324 2947 3378 τοῦ
2989 3325 3206 3394 πρώτου
3245 3321 3471 3392 σημείου
3516 3317 3711 3371 τούτου

2127 3420 2196 3472 τά
2223 3436 2280 3471 τε
2314 3419 2448 3472 ἄλλα
2481 3421 2679 3489 σημεῖα
2707 3458 2722 3482 ,
2760 3419 2854 3472 καὶ
2893 3418 2953 3470 τὸ
2977 3421 3239 3487 κήρυγμα
3271 3413 3476 3467 λοιπὸν.
3512 3415 3606 3464 καὶ
3642 3411 3717 3462 τά

2129 3509 2263 3563 ἄλλα
2309 3511 2484 3563 πάντα
2532 3511 2629 3580 τῆς
2663 3509 2983 3580 θαυμαστῆς
3022 3507 3186 3560 αὑτοῦ
3236 3497 3570 3577 πληρώσεως
3612 3502 3711 3571 τῆς

2129 3601 2559 3671 φιλανθρωπίας,
2592 3601 2684 3653 καὶ
2723 3600 3085 3670 εὐαγγελικῆς
3149 3595 3594 3667 θαυματουργίας
3650 3610 3711 3644 τε

2129 3693 2222 3745 καὶ
2241 3692 2605 3759 διδασκαλίας,
2641 3695 2716 3758 ὡς
2737 3693 2994 3755 πολλάκις
3020 3692 3174 3762 ἔφην,
3199 3691 3293 3743 καὶ
3329 3685 3716 3756 ἀναγκάζομαι

2129 3779 2444 3846 πλειστάκις
2493 3783 2689 3851 λέγειν,
2722 3785 2742 3814 ³
2774 3783 2860 3837 διὰ
2890 3784 2988 3854 τὴν
3015 3782 3123 3835 τῶν
3170 3780 3569 3850 ἀπατωμένων,
3618 3779 3714 3830 καὶ

2131 3874 2612 3944 προφασιζομένων
2664 3874 2932 3946 θηρᾶσθαι
2952 3876 3184 3946 ,ἑαυτοῖς
3208 3874 3276 3926 τά
3304 3873 3401 3942 τῆς
3429 3869 3710 3930 ἀπιστίας,

2130 3966 2224 4019 καὶ
2238 3965 2332 4019 τοῦ
2372 3966 2671 4034 ἀντιλέγειν
2697 3967 2773 4036 τῷ
2795 3967 2933 4035 ἁγίῳ
2958 3965 3256 4036 Πνεύματι,
3286 3966 3381 4018 καὶ
3398 3967 3465 4034 τῇ
3496 3963 3711 4032 θαυμα-

2133 4061 2230 4130 στῇ
2262 4057 2369 4112 τῶν
2396 4059 2740 4128 Εὐαγγελίων
2773 4058 3087 4130 ἀκολουθίᾳ.

2206 4239 2302 4293 lZ'.
2359 4237 2540 4308 Πάντη
2601 4238 2710 4309 γάρ
2768 4238 2895 4301 τοὺς
2941 4234 3388 4305 ἐναντιουμένους
3449 4230 3526 4302 τῷ
3572 4232 3718 4302 ἁγίῳ

2132 4329 2447 4401 Εὑαγγελίῳ
2476 4330 2811 4401 προλήψεται
2863 4330 2897 4399 ἡ
2941 4327 3179 4398 τοσαύτη
3213 4325 3585 4396 ἀκριϐολογῐα,
3615 4321 3714 4394 δη-

449 4445 544 4486 sus
568 4428 918 4498 Evangelium
944 4442 1188 4498 pugnare
1210 4442 1320 4481 non
1343 4425 1615 4493 dubitant,
1641 4445 1766 4484 cum
1792 4429 2022 4500 idipsum

2131 4423 2318 4486 λοῦσα,
2359 4423 2439 4475 ὃτι
2469 4422 2576 4475 ἀπὸ
2621 4421 2713 4474 τοῦ
2751 4421 3185 4491 βαπτίσματοςὴ
3222 4419 3364 4489 ἀρχὴ
3393 4418 3491 4487 τῆς
3519 4415 3718 4484 λοιπῆς

447 4525 830 4583 demonstrat;
874 4516 1176 4572 secundum
1225 4517 1558 4587 baptismum
1591 4528 1908 4575 camerarum
1945 4537 2029 4575 re-

446 4631 569 4670 rum
598 4622 878 4686 gestarum
907 4613 1059 4666 initia
1088 4615 1236 4670 hunc
1257 4615 1312 4669 in
1340 4615 1562 4669 modum
1589 4622 1797 4667 secuta.
1823 4609 2030 4667 Deinde

444 4721 570 4775 quae
613 4713 734 4775 post
770 4705 1100 4775 baptismum
1144 4706 1197 4759 in
1232 4705 1322 4759 illa
1355 4721 1420 4758 xl.
1457 4705 1666 4759 dierum
1702 4703 2026 4766 tentatione,

447 4812 513 4851 ac
539 4793 761 4849 deserto
786 4795 1157 4864 contigerunt,
1193 4810 1303 4850 non
1333 4797 1452 4852 sine
1478 4795 1656 4849 sancti
1679 4792 1919 4863 Spiritus
1946 4791 2029 4846 af-

446 4887 577 4940 ﬂatu
614 4901 644 4938 a
677 4885 886 4940 Joanne
921 4885 1312 4954 praetermissa,
1341 4886 1487 4956 quod
1521 4901 1550 4938 a
1585 4886 1761 4938 tribus
1797 4898 2027 4954 evange-

447 4982 588 5035 listis
629 4987 791 5033 antea
832 4978 1111 5035 memoria:
1153 4987 1340 5032 essent
1389 4977 1623 5048 prodita.
1662 4975 2029 5043 Quemadmo-

447 5074 577 5126 dum
620 5071 725 5124 alia
772 5070 862 5123 alii
917 5069 1266 5140 evangelista:
1320 5069 1697 5140 praetereunda
1727 5074 2026 5140 iputarunt,

446 5165 590 5233 quod
619 5163 850 5217 alterius
890 5163 1027 5217 alter
1059 5161 1206 5216 velut
1242 5162 1492 5217 subsidio
1527 5164 1809 5217 niteretur.
1843 5160 1918 5217 lta
1946 5174 2030 5216 ta-

445 5274 594 5322 men,
643 5263 702 5310 ut
746 5271 853 5309 una
894 5256 964 5309 sit
1007 5269 1074 5309 ex
1115 5255 1374 5311 omnibus
1407 5255 1637 5309 collecta
1665 5271 1728 5309 ac
1759 5255 2029 5310 subducta

522 5419 534 5447 ’
573 5417 703 5470 Luc.
738 5431 819 5480 Ill,
856 5416 946 5468 25.
1024 5416 1044 5445 ¹
1073 5412 1231 5470 Joan.
1268 5431 1327 5481 ιι,
1364 5415 1416 5470 1.

455 5488 654 5557 σαράκ.
688 5486 911 5556 ἡμερῶν
943 5484 1197 5540 refertur.

1533 5415 1555 5446 ³
1588 5414 1744 5471 Deest
1781 5416 2052 5470 nonnihil.

2130 4513 2534 4586 πραγματείας,
2571 4513 2645 4577 ὡς
2695 4515 2808 4585 ἔχει
2835 4513 3038 4577 οὓτως⁸
3083 4514 3165 4566 ὅτι
3206 4512 3396 4565 ἔπειτα
3441 4509 3584 4564 κα.τά
3616 4509 3720 4579 τὴν

2127 4609 2340 4679 ἡμέραν
2366 4605 2460 4660 τοῦ
2497 4605 2878 4677 βαπτίσματος
2905 4609 2961 4658 ἐν
2989 4605 3067 4676 τῷ
3090 4602 3384 4676 πειρασμῷ
3417 4601 3720 4670 γενομένου

2126 4698 2314 4762 αὐτοῦ,
2346 4699 2455 4751 τῶν
2481 4699 2886 4768 τεσσαράκοντα
2921 4697 3141 4768 ἡμερῶν
3173 4699 3229 4750 ὲν
3245 4699 3311 4766 τῇ
3343 4697 3533 4766 ἐρήμῳ
3554 4694 3714 4766 περὶι

2128 4791 2307 4864 (Θεοῦ)
2364 4792 2443 4862 τῷ
2499 4791 2779 4862 Πνεύματι
2837 4791 2917 4860 τῷ
2965 4791 3114 4860 ἁγίῳ
3151 4788 3395 4860 (40),διά
3441 4788 3718 4853 Ἰωάννου,

2128 4887 2191 4941 οὐ
2235 4887 2622 4958 πεφρόντισται
2676 4886 2938 4956 σημᾶναι.
2987 4883 3124 4951 Ἤδη
3167 4882 3276 4953 γάρ
3314 4878 3383 4953 ἦν
3430 4881 3590 4934 τοῦτο
3629 4878 3720 4932 διὰ

2130 4977 2238 5030 τῶν
2266 4978 2434 5049 τριῶν
2477 4975 2877 5045 εὐαγγελιστῶν
2927 4973 3224 5045 σημανθέν.
3271 4972 3378 5025 Καὶ
3413 4972 3575 5024 πάλιν
3605 4971 3720 5033 τοῖς

2131 5068 2309 5132 ἄλλοις
2355 5068 2771 5136 εὑαγγελισταῖς
2827 5069 2953 5139 περὶ
2985 5068 3093 5120 τῶν
3124 5067 3300 5120 ἄλλων
3339 5065 3400 5117 οὐ
3429 5064 3721 5133 πεφρόντι-

2133 5180 2276 5224 σται,
2325 5162 2414 5214 διὸ.
2461 5161 2521 5214 τὸ
2562 5161 2791 5216 ἕκαστον
2831 5163 2923 5230 ἀφ’
2967 5161 3198 5213 ἑκάστου
3231 5151 3565 5228 βοηθεῖσθαι.
3609 5153 3720 5205 Kal.

2134 5253 2286 5325 παρά
2320 5254 2534 5308 πάντων
2583 5253 2949 5322 συλλεγομένη
2982 5253 3014 5322 ἡ
3047 5249 3278 5320 ἀλήθεια
3301 5247 3578 5300 δείκνυται
3619 5243 3721 5314 μία

2163 5416 2181 5446 ⁸
2220 5412 2284 5468 F.
2318 5415 2443 5488 πέρι
2473 5415 2556 5469 vel
2591 5415 2653 5466 ἐκ
2704 5412 2980 5484 περιττοῦ.
3024 5411 3082 5467 Si
3125 5411 3253 5482 πέρι
3289 5411 3437 5477 legas
3492 5405 3555 5460 ad
3591 5421 3716 5458 τεσ-

528 5665 640 5733 ιιίυ)
687 5666 824 5738 Περὶ
854 5663 1144 5738 ,Θερῦᾉτῷ
1194 5665 1515 5736 Πνεύματι.
1561 5665 1764 5723 Prmtcr
1814 5665 2022 5738 conject

2125 5679 2186 5720 λιιι
2250 5679 2395 5718 ...am
2439 5677 2602 5733 quam
2660 5660 2825 5715 modo
2856 5667 3208 5727 atterumius,
3253 5665 3494 5714 occurrzt
3550 5651 3717 5713 scribi

455 5728 642 5815 posse,
675 5752 742 5787 πε
753 5728 804 5805 ρὶ
826 5728 886 5787 οὗ
912 5733 989 5810 τῷ
1013 5733 1111 5789 Πν.
