4176 6386
363 358 462 414 921

1091 356 1460 415 ADVERSUS
1498 356 1841 413 IIERESES
1880 359 2008 416 LIB.
2038 359 2101 415 ll.
2146 358 2310 416 TOM.
2355 359 2398 415 Ι.
2439 387 2507 400 -ι
2551 357 2826 414 H/ERES.
2870 356 2956 410 Li.

3529 353 3639 411 922

361 496 444 541 τ.ς
477 472 632 540 οὖσα,
663 477 758 529 καὶ
785 477 920 549 πρὸς
951 477 1148 547 ἑαυτὴν
1177 479 1252 549 μὴ
1285 481 1673 544 στασιάζουσα.
1714 482 1955 538 Ἐκεῖθεν

2086 484 2284 547 'eritas,
2320 498 2422 538 nec
2460 497 2490 536 a
2532 497 2592 538 se
2623 482 2740 552 ipsa
2777 479 3086 538 dissentiat.
3118 477 3254 534 Nam
3301 486 3428 549 post
3467 477 3648 547 bapti-

363 567 472 638 γὰρ
506 565 669 630 εὐθὺς
697 565 806 619 ἀπὸ
830 567 922 620 τοῦ
955 567 1286 638 πειρασμοῦ,
1312 569 1389 632 ὡς
1414 569 1571 640 ἔφην,
1601 573 1681 634 είς
1711 571 1812 642 τὴν
1841 571 1951 625 Να-

368 660 530 729 ζαρὲτ
561 658 799 730 ἔρχεται,
834 659 929 713 καὶ
965 659 1116 731 μένει
1168 663 1286 714 ἐκεῖ
1331 660 1484 715 οὔπω
1529 664 1672 727 τινὸς
1709 665 1954 736 μαθητοῦ

372 752 490 822 μετ’
507 751 670 804 αὐτοῦ
692 751 861 816 ὄντος.
881 753 1147 806 Κάκεῖθεν
1165 754 1490 825 κατέρχεται
1514 755 1650 828 πρὸς
1678 757 1953 829 Ἰωάννην,

367 844 454 895 ὅτε
479 843 639 908 εὐθὺς
662 844 749 898 διὰ
781 844 875 897 τοῦ
923 844 1170 915 Ἀνδρέου
1214 847 1458 900 καλεῖται
1499 849 1526 900 ὁ
1565 848 1803 919 Πέτρος·
1838 844 1958 902 εἶτα

370 935 652 1000 Φίλιππος,
693 937 783 990 καὶ
825 936 912 990 διὰ
955 937 1222 990 Φιλίππου
1259 941 1287 990 ὁ
1320 939 1638 1008 Ναθαναήλ.
1673 939 1879 1009 Μηδεὶς
1902 939 1960 993 δὲ

373 1028 467 1080 καὶ
517 1028 675 1080 τοῦτο
727 1028 1084 1099 ἀμφιϐάλλων
1131 1031 1602 1102 περιεργαζέσθω,
1664 1031 1828 1102 ὁρῶν,
1877 1033 1960 1085 ὅτι

386 1120 639 1189 Ἀνδρέας
661 1120 874 1191 πρῶτος
897 1122 1171 1192 ὑπήντησε
1190 1123 1268 1194 τῷ
1294 1124 1489 1196 Ἰησοῦ,
1514 1123 1702 1178 ἔπειτα
1734 1124 1961 1194 Πέτρος,

375 1213 468 1266 καὶ
499 1212 564 1266 δι’
593 1212 755 1266 αὐτοῦ
789 1213 1015 1285 ἐκλήθη,
1052 1216 1146 1268 καὶ
1180 1216 1415 1287 ἄρξηται
1473 1217 1569 1271 καὶ
1611 1217 1740 1288 περὶ
1773 1216 1962 1269 τούτου

376 1304 683 1374 ἀσχάλλειν.
739 1305 802 1357 Ἠ
869 1305 968 1376 μὲν
1027 1305 1135 1377 γὰρ
1217 1306 1540 1378 συνάντησις
1600 1307 1679 1378 τῷ
1739 1307 1964 1378 Ἀνδρέᾳ

379 1395 567 1468 πρώτη
599 1395 911 1467 γεγένηται,
961 1399 1287 1470 μικροτέρου
1331 1399 1488 1463 ὄντος
1508 1398 1602 1452 τοῦ
1638 1401 1848 1472 Πέτρου
1888 1401 1968 1472 τῷ

377 1488 556 1559 χρόνῳ
585 1486 686 1557 τῆς
716 1488 955 1558 ἡλικίας.

452 1581 714 1650 ’Ύστερον
742 1581 850 1651 γὰρ
887 1581 1066 1643 πάλιν,
1088 1582 1176 1635 ὅτε
1204 1585 1238 1654 ἡ
1276 1583 1461 1635 τελεία
1487 1583 1672 1645 αὐτοῖς
1701 1581 1969 1646 ἀπόταξις

378 1669 689 1738 γεγένηται,
717 1671 826 1724 ἀπὸ
864 1668 956 1723 τοῦ
997 1671 1204 1743 Πέτρου
1259 1674 1571 1743 γεγένηται.
1617 1674 1837 1744 Ἐπειδὴ
1861 1672 1972 1742 γὰρ

380 1759 474 1811 καὶ
525 1760 686 1822 αὐτὸς
741 1762 1003 1830 ἀφηγεῖτο
1035 1761 1131 1813 τοῦ
1192 1761 1320 1815 ἰδίου
1359 1761 1614 1831 ἀδελφοῦο
1658 1763 1752 1816 καὶ
1798 1761 1972 1814 ἔτιδὲ

2057 591 2238 630 smum
2273 575 2461 629 statim
2496 574 2647 628 illinc
2678 571 3030 635 Nazaretum,
3068 572 3146 625 uti
3174 570 3311 635 dixi,
3343 570 3650 641 proficisci-

2059 679 2170 730 tur,
2200 667 2387 736 ibique
2415 667 2536 722 sine
2562 665 2689 719 ullis
2720 663 2900 716 adhuc
2929 662 3220 732 discipulis
3257 663 3478 718 mansit.
3508 661 3648 716 llinc

2060 761 2128 815 ad
2169 758 2439 814 Joannem
2481 757 2767 811 contendit
2804 775 2818 809 :
2853 771 2962 824 quo
3004 763 3248 824 tempore
3293 753 3491 809 Petrus
3537 756 3654 807 An-

2059 853 2204 906 dreae
2233 857 2462 906 vocatus
2490 859 2575 904 est
2603 863 2803 917 opera;
2836 855 2949 900 tum
2988 844 3293 915 Philippus,
3320 852 3374 905 et
3406 861 3501 916 per
3524 844 3656 899 Phi-

2061 945 2269 1015 lippum
2307 941 2631 996 Nathanael.
2674 938 2783 994 Nec
2830 949 2914 994 est
2948 939 3092 1008 quod
3135 939 3239 994 ista
3275 939 3656 1008 scrupulosius

2060 1035 2357 1106 exquirens
2383 1035 2596 1090 dubitet
2621 1033 2918 1104 quispiam,
2951 1033 3094 1102 quod
3115 1031 3388 1086 Andream
3414 1031 3653 1101 primum

2063 1128 2377 1182 occurrisse
2418 1126 2548 1180 Jesu
2591 1125 2800 1186 videat;
2853 1122 3050 1178 deinde
3112 1123 3356 1185 Petrum,
3417 1122 3508 1191 qui
3562 1136 3658 1189 per

2066 1220 2218 1272 illum
2261 1220 2334 1275 sit
2364 1225 2629 1280 vocatus;
2658 1217 2728 1269 ob
2772 1231 3004 1286 eamque
3054 1229 3275 1269 causam
3314 1220 3654 1267 succenseat.

2066 1311 2279 1365 Etenim
2327 1309 2575 1364 Andreas
2618 1311 2769 1379 prior
2825 1310 2880 1362 in
2945 1307 3233 1361 Dominum
3291 1305 3502 1369 incidit,
3549 1319 3661 1375 quo

2068 1404 2265 1460 Petrus
2291 1412 2409 1458 erat
2443 1411 2600 1456 aetate
2626 1402 2836 1471 junior.

2142 1583 2339 1638 Postea
2395 1598 2549 1650 vero,
2604 1598 2732 1658 cum
2798 1581 3047 1638 absoluta
3105 1579 3196 1633 illa
3256 1588 3514 1648 suscepta
3575 1585 3662 1632 est

2018 1726 2021 1727 ν
2071 1677 2315 1732 omnium
2356 1692 2534 1730 rerum
2577 1663 2873 1739 abdicatio,
2925 1672 3145 1728 initium
3176 1678 3262 1726 est
3295 1686 3322 1724 a
3375 1668 3538 1725 Petro
3579 1669 3663 1723 fa-

2073 1781 2246 1824 ctum.
2280 1768 2437 1822 Tunc
2465 1769 2611 1824 enim
2647 1777 2702 1823 et
2738 1770 2856 1838 ipse
2890 1766 3050 1822 fratri
3075 1780 3185 1832 suo
3220 1764 3456 1834 prmivit.
3494 1762 3663 1817 Acce-

381 1851 522 1905 κατά
558 1852 735 1915 τοῦτο,
782 1853 864 1905 ὅτι
905 1853 1036 1916 Θεός
1068 1855 1214 1908 ἐστιν
1249 1855 1402 1918 εἰδὼς
1433 1857 1531 1916 τὰς
1575 1853 1797 1924 κλήσεις
1823 1855 1838 1884 ί
1865 1852 1972 1906 τῶν

2086 1863 2156 1917 Iit
2185 1862 2329 1933 quod
2366 1861 2510 1916 Deus
2543 1837 2911 1914 humanorum
2955 1856 3204 1912 cordium
3245 1865 3412 1910 nutus
3438 1869 3502 1908 ac
3537 1867 3664 1923 pro-

380 1943 640 2014 καρδιῶν,
678 1943 773 1996 καὶ
810 1942 1094 2012 γινώσκων
1122 1944 1207 2007 τίς
1247 1947 1303 1997 ἐν
1344 1944 1582 2016 πρώτοις
1608 1945 1754 2011 ἄξιος
1784 1943 1974 1996 τάττε-

383 2035 525 2102 σθα.,
561 2035 652 2088 καὶ
704 2035 983 2100 ἐξελέξατο
1005 2037 1094 2089 τὸν
1159 2037 1363 2108 Πέτρον
1395 2037 1505 2108 (41)
1544 2037 1785 2108 ἀρχηγὸν
1836 2033 1974 2089 εἶναι

385 2125 494 2179 τῶν
521 2124 687 2178 αὐτοῦ
729 2125 1008 2196 μαθητῶν,
1047 2126 1123 2189 ὡς
1148 2127 1324 2196 πάντη
1357 2127 1544 2196 σαφῶς
1569 2127 1971 2180 ἀποδέδεικται.

379 2219 692 2272 Μετέπειτα
715 2218 824 2290 γὰρ
858 2219 1121 2272 ἐλθόντων
1145 2219 1326 2273 αὐτῶν
1355 2220 1487 2291 παρ’
1517 2219 1686 2290 αὐτῷ,
1718 2220 1818 2272 καὶ
1855 2235 1976 2288 μει-

388 2310 594 2364 νάντων
643 2310 742 2382 τὴν
789 2310 1017 2382 πρώτην
1059 2311 1293 2383 ἡμέραν,
1334 2311 1408 2373 ὡς
1449 2309 1606 2381 ἔφην,
1635 2312 1702 2381 τῇ
1747 2309 1979 2380 δευτέρᾳ

383 2402 740 2468 ὁδευσάντων,
771 2405 835 2474 τῇ
878 2402 1035 2474 τρίτῃ
1081 2403 1138 2455 δὲ
1185 2402 1368 2474 ἡμέρᾳ.
1399 2402 1494 2455 τοῦ
1526 2401 1852 2474 θεοσημείου
1880 2395 1977 2454 τοῦ

385 2495 601 2564 πρώτου
629 2494 947 2564 γενομένου,
990 2494 1082 2548 καί
1122 2511 1284 2547 τινων
1313 2494 1579 2546 συνόντων
1602 2492 1772 2562 αὐτῷ,
1795 2497 1854 2544 οὐ
1880 2489 1977 2545 τοῦ

400 2585 676 2655 Ἀνδρέου,
708 2584 830 2638 οὕτε
860 2584 953 2637 τοῦ
991 2585 1222 2656 Πέτρου,
1271 2585 1392 2638 οὐδὲ
1422 2584 1515 2638 τοῦ
1559 2585 1830 2648 Ἰωάννου,
1858 2584 1981 2636 οὐδὲ

385 2677 479 2729 τοῦ
542 2675 819 2740 Ἰακώϐου,
857 2677 986 2748 ἑξῆς
1045 2677 1184 2748 μετά
1224 2678 1286 2730 τὸ
1332 2676 1508 2730 ἐλθεῖν
1547 2677 1710 2728 αὐτὸν
1757 2677 1836 2738 εἰς
1865 2677 1983 2728 Κα-

391 2770 704 2839 φαρναοὺμ,
737 2769 831 2822 καὶ
866 2769 1107 2821 ἀνελθεῖν
1135 2769 1295 2822 πάλιν
1327 2771 1406 2832 είς
1429 2767 1704 2839 Ναζαρὲτ,
1731 2765 1985 2820 κάκεῖθεν

392 2861 554 2913 πάλιν
594 2864 671 2922 είς
725 2863 1123 2933 Καφαρναοὺμ,
1180 2863 1274 2916 καὶ
1331 2861 1554 2932 ποιῆσαι
1599 2861 1763 2932 μέρος
1802 2857 1985 2911 τιτῶν

394 2953 654 3024 σημείων,
685 2953 778 3006 τοῦ
813 2955 910 3024 τὴν
941 2953 1112 3025 ξηρὰν
1160 2959 1315 3025 χεῖρα
1349 2955 1583 3026 ἔχοντος,
1618 2954 1711 3007 καὶ
1734 2953 1833 3022 τῆς
1864 2967 1990 3004 πεν-

393 3048 556 3117 θερᾶς
579 3046 785 3118 Πέτρου
814 3047 911 3119 τὴν
947 3048 1110 3110 ἴασιν,
1145 3048 1386 3101 ἀνελθεῖν
1420 3048 1580 3102 πάλιν
1610 3048 1689 3110 είς
1713 3043 1986 3114 Ναζαρὲτ,

394 3140 488 3194 καὶ
543 3138 850 3208 ἀναγνῶναι
875 3140 935 3192 τὸ
1002 3139 1201 3210 βιϐλίον
1261 3140 1483 3192 Ἡσαΐου
1511 3183 1526 3205 ,
1563 3139 1657 3192 καὶ
1713 3136 1990 3191 κατελθεῖν

396 3232 556 3286 πάλιν
614 3235 694 3297 εἰς
740 3232 1133 3304 Καφαρναοὺμ,
1195 3233 1284 3285 ὅτε
1332 3233 1450 3285 τότε
1502 3234 1535 3302 ἡ
1577 3231 1757 3284 τελεία
1803 3229 1991 3298 κλῆσις

397 3324 504 3378 τῶν
544 3324 673 3394 περὶ
707 3325 912 3392 Πέτρον
944 3326 1037 3378 καὶ
1064 3324 1318 3394 Ἰωάννην
1345 3323 1661 3394 γεγένηται.
1688 3321 1797 3374 Καὶ
1818 3317 1990 3380 οὕτως

399 3420 432 3488 ἡ
484 3420 634 3472 πᾶσα
694 3417 987 3471 ἀκολουθία
1036 3417 1406 3486 ἀναλογεῖται,
1453 3416 1667 3478 οὐδενὸς
1713 3412 1990 3468 ἀντιθέτου

399 3512 754 3581 ὑπάρχοντος,
791 3510 926 3564 ἀλλὰ
961 3511 1140 3582 πάσης
1177 3511 1274 3581 τῆς
1313 3508 1572 3579 ἀληθείας
1616 3501 1992 3578 τηλαυγεστά-

399 3619 496 3672 της
523 3601 709 3673 οὔσης,
761 3602 853 3656 καὶ⁹
887 3605 945 3655 ὲν
978 3601 1205 3674 ἀληθείᾳ
1234 3599 1672 3673 κεκηρυγμένης.
1715 3598 1850 3650 Φασὶ
1888 3595 1994 3666 γὰρ

400 3693 573 3758 οὕτως
605 3698 652 3748 οἱ
677 3695 826 3749 ἄλλοι
854 3695 964 3765 (4‘2)
1019 3696 1434 3766 εὐαγγελισταὶ,
1473 3697 1554 3748 ὅτι
1599 3693 1778 3763 φυγάς
1818 3690 1996 3762 ᾤχετο

404 3787 512 3839 ἀπὸ
565 3786 861 3858 προσώπου
914 3787 1178 3861 Ἡρώδου,
1229 3788 1322 3841 καὶ
1373 3786 1511 3858 μετά
1557 3787 1656 3857 τὴν
1696 3785 1875 3856 φυγὴν
1904 3783 1987 3837 ὲλτ

409 3877 516 3942 θὼν
566 3880 861 3950 κατέμενεν
887 3882 966 3943 εἰς
1000 3879 1273 3951 Ναζαρέτ.
1299 3880 1411 3934 Καὶ
1450 3879 1588 3950 μετά
1615 3879 1714 3949 τὴν
1744 3878 1997 3950 Ναζαρὲτ

2075 1955 2370 2027 pensiones
2402 1951 2811 2017 animadvertit,
2858 1967 2921 2006 ac
2964 1951 3056 2020 qui
3097 1951 3168 2004 sit
3202 1948 3381 2018 primo
3419 1948 3539 2002 loco
3567 1946 3658 2000 di-

2077 2062 2218 2117 gnus
2247 2045 2521 2114 intelligit.
2547 2044 2728 2109 Quare
2753 2043 2972 2097 Petrum
3005 2041 3406 2111 discipulorum
3435 2054 3663 2095 suorum

2075 2139 2381 2208 principem
2406 2138 2590 2206 elegit,
2618 2137 2696 2189 uti
2735 2135 3027 2207 perspicue
3059 2134 3400 2188 declaratum
3429 2143 3534 2187 est.
3563 2132 3660 2187 Se-

2078 2228 2318 2282 cundum
2345 2228 2459 2282 haec
2483 2229 2674 2293 igitur,
2706 2242 2828 2280 eum
2857 2226 2924 2279 ad
2946 2226 3230 2281 Christum
3261 2225 3338 2278 illi
3361 2224 3663 2287 venissent,

2080 2336 2146 2374 ac
2173 2321 2371 2390 prima,
2406 2328 2466 2374 ut
2497 2319 2762 2380 diximus,
2799 2318 2885 2372 die
2920 2317 3270 2382 commorati,
3306 2325 3526 2386 postera
3556 2313 3670 2369 dis-

2081 2412 2418 2475 cessissent;
2452 2425 2517 2463 ac
2572 2408 2767 2463 deinde
2791 2410 2884 2464 alii
2923 2425 2982 2464 se
3009 2408 3230 2478 quidam
3266 2405 3668 2476 adjunxissent,

2082 2505 2149 2558 ab
2181 2503 2421 2567 Andrea,
2460 2501 2644 2565 Petro,
2685 2500 2895 2555 Joanne
2928 2516 2992 2554 ac
3020 2499 3226 2554 Jacobo
3255 2497 3460 2552 diversi
3495 2517 3506 2550 :
3541 2498 3669 2566 qui-

2084 2597 2190 2651 bus
2218 2610 2341 2650 cum
2371 2592 2756 2664 Capharnaum
2792 2593 2986 2648 abiens
3026 2592 3152 2646 inde
3186 2589 3514 2644 Nazaretum
3545 2604 3673 2658 per-

2084 2688 2246 2754 rexit,
2297 2687 2648 2757 indidemque
2695 2701 2891 2742 rursus
2943 2685 3329 2754 Capharnaum
3375 2681 3562 2744 rediit,
3609 2695 3675 2736 ac

2086 2779 2353 2832 miracula
2392 2776 2640 2848 quaedam
2690 2776 2883 2838 edidit,
2937 2773 3248 2844 cujusmodi
3294 2780 3374 2827 est
3417 2770 3675 2825 arefacta:

2087 2887 2287 2925 manus
2339 2885 2402 2924 ac
2453 2883 2647 2924 socrus
2695 2865 2844 2922 Petri
2891 2865 3126 2920 curatio.
3168 2862 3298 2918 Inde
3342 2861 3676 2916 Nazaretum

2089 2965 2269 3019 denuo
2303 2976 2581 3023 reversus,
2633 2959 2792 3014 Isaiae
2829 2958 3086 3013 volumen
3141 2955 3293 3026 legit,
3341 2962 3396 3008 et
3429 2951 3678 3021 Caphar-

2091 3070 2256 3108 naum
2291 3067 2412 3108 sese
2449 3053 2649 3106 iterum
2691 3050 2917 3119 recepit.
2974 3048 3112 3101 Tum
3169 3045 3389 3101 demum
3437 3042 3682 3115 perfecte

2095 3145 2289 3201 Petrus
2323 3143 2672 3212 Joannesque
2714 3139 2894 3194 vocati
2940 3145 3087 3192 sunt.
3119 3136 3297 3205 Atque
3335 3131 3426 3186 hic
3460 3130 3682 3185 tandem

2100 3239 2270 3293 totius
2299 3235 2540 3292 historia:
2571 3249 2745 3289 nexus
2779 3240 2885 3296 est,
2927 3245 3113 3286 secum
3150 3229 3267 3298 ipse
3297 3224 3679 3288 consentiens,

2088 3347 2191 3388 nec
2221 3330 2330 3384 ulla
2364 3336 2518 3397 parte
2549 3325 2848 3388 dissidens,
2890 3331 2951 3376 ut
2985 3332 3038 3376 et
3069 3319 3382 3374 clarissima
3413 3312 3572 3388 44],
3609 3313 3684 3368 sit

2092 3435 2371 3495 gestarum
2414 3435 2595 3474 rerum
2638 3416 2865 3480 veritas,
2901 3423 2955 3470 et
2987 3413 3295 3470 certissime
3324 3408 3682 3481 praedicatur.

2093 3518 2169 3569 Ita
2208 3513 2352 3568 enim
2400 3509 2746 3581 evangelista
2790 3507 2975 3562 caeteri
3009 3511 3304 3564 testantur,
3348 3509 3494 3554 metu
3530 3497 3686 3552 illum

2095 3606 2326 3663 Herodis
2359 3605 2586 3675 fugisse,
2620 3619 2684 3658 ac
2717 3609 2843 3672 post
2880 3601 3060 3670 fugam
3091 3597 3408 3652 venientem
3455 3589 3688 3646 haesisse

2095 3697 2366 3752 Nazareti.
2395 3693 2550 3750 Unde
2574 3691 2836 3762 baptismi
2857 3704 3024 3744 causa
3051 3687 3360 3757 digressus,
3391 3689 3515 3752 post
3539 3680 3690 3732 hunc

2099 3787 2328 3846 secessit
2361 3787 2416 3840 in
2445 3785 2744 3841 desertum.
2783 3781 2990 3837 Deinde
3021 3779 3242 3835 rediens
3274 3774 3580 3847 praedicare
3603 3777 3692 3825 est

2100 3895 2416 3951 aggressus.

411 3964 590 4023 λαϐὼν
635 3970 695 4023 τὸ
745 3970 1050 4041 βάπτισμα,
1100 3969 1342 4040 ἀπῆλθεν
1383 3970 1464 4032 είς
1497 3969 1598 4040 τὴν
1630 3967 1854 4040 ἔρημον.
1879 3970 1990 4024 Καὶ
2027 3971 2167 4044 μετά
2214 3969 2387 4022 ταῦτα
2416 3963 2724 4035 ἀνέκαμψε.
2777 3960 2933 4017 Μετὰ
2990 3961 3054 4014 τὸ
3117 3957 3443 4028 ἀνακάμψαι
3487 3951 3691 4024 ¹ίλρςξοιτο

411 4081 481 4134 κη
490 4078 720 4134 ρυττειν.

484 4157 588 4209 Ill'.
622 4154 694 4206 Τὸ
715 4153 771 4205 δὲ
795 4151 1126 4220 Εὑαγγέλιον
1147 4153 1207 4205 τὸ
1231 4154 1310 4215 εἰς
1337 4151 1507 4223 ὄνομα
1537 4153 1810 4214 Ἰωάννου,
1835 4151 1988 4221 φασὶ,

413 4245 687 4317 ψεύδεται.
719 4243 873 4296 Μετὰ
909 4241 1018 4312 γὰρ
1055 4241 1115 4294 τὸ
1142 4244 1336 4305 εἰπεῖν,
1368 4241 1450 4294 ὅτι
1494 4240 1555 4293 Ὁ
1601 4242 1792 4310 Λόγος
1836 4240 1993 4308 σὰρξ

412 4339 668 4409 ἐγένετο,
710 4335 807 4388 καὶ
832 4334 1186 4403 ἐσκήνωσεν
1225 4335 1293 4386 ἐν
1327 4333 1490 4402 ἡμῖν,
1523 4332 1618 4385 καὶ
1646 4331 1802 4399 ὀλίγα
1835 4331 1991 4396 ἄλλα,

416 4425 576 4488 εὐθὺς
601 4424 767 4493 λέγει,
796 4425 875 4476 ὅτι
913 4423 1113 4492 Γάμος
1141 4423 1380 4493 ἐγένετο
1403 4423 1472 4475 ἐν
1493 4420 1658 4488 Κανᾷ
1695 4421 1802 4490 τῆς
1815 4424 1994 4476 Γαλι-

415 4519 612 4584 λαίας.
639 4517 748 4571 Καὶ¹
780 4518 839 4570 οὐ
879 4516 1183 4588 μέμνηνται
1217 4518 1265 4570 οἱ
1299 4514 1608 4587 ἀφροσύνην
1636 4517 1848 4578 ἑαυτοῖς
1875 4517 1995 4568 ἐπι-

421 4611 728 4681 σπώμενοι,
782 4610 858 4674 ὡς
915 4610 1166 4680 Ἰωάννης
1201 4609 1338 4679 μετὰ
1386 4609 1447 4661 τὸ
1477 4611 1666 4668 εἰπεῖν,
1712 4609 1773 4661 '0
1806 4607 1997 4675 Λόγος

419 4703 574 4770 σὰρξ
617 4701 890 4770 ἐγένετο,
939 4701 1106 4768 λέγει,
1143 4702 1241 4754 καὶ
1296 4701 1651 4766 ἐσκήνωσεν
1701 4701 1772 4752 ἐν
1818 4699 1994 4768 ἡμῖν,

419 4795 699 4847 τουτέστιν
739 4793 1028 4865 ἄνθρωπον
1069 4794 1384 4861 γεγονέναι’
1436 4793 1531 4846 καὶ
1565 4793 1647 4844 ὅτι
1693 4787 1824 4862 ἦλθε
1866 4791 2000 4864 πρὸς

423 4886 513 4939 τὸν
564 4887 820 4957 Ἰωάννην
857 4886 947 4939 τὸν
991 4885 1300 4956 Βαπτιστὴν
1348 4887 1405 4937 ὲν
1450 4883 1527 4954 τῷ
1589 4884 1860 4956 Ἰορδάνῃ,
1907 4882 2000 4935 καὶ

424 4976 726 5046 ἐϐαπτίσθη
789 4978 879 5029 ὑπ’
929 4975 1131 5037 αὐτοῦ,
1186 4975 1429 5028 Ἰωάννου
1473 4973 1567 5027 τοῦ
1615 4972 2002 5042 εὐαγγελιστοῦ

431 5070 872 5140 μαρτυροῦντος,
924 5068 1060 5138 μετὰ
1104 5067 1205 5139 τὴν
1249 5067 1407 5119 πάλιν
1453 5065 1710 5120 ἐπάνοδον
1761 5066 1868 5119 ἀπὸ
1911 5064 2003 5118 τοῦ

431 5159 760 5231 πειρασμοῦ,
786 5160 860 5221 ὡς
885 5159 979 5212 τοῦ
1005 5159 1310 5212 Βαπτιστοῦ
1343 5158 1590 5211 Ἰωάννου
1622 5157 1894 5226 λέγοντος,
1925 5158 2006 5210 ὅτι

503 5321 518 5350 ¹
547 5317 610 5374 F.
639 5318 868 5381 κλίσεις.
981 5318 1001 5347 ³
1027 5315 1189 5370 Joan.
1227 5333 1264 5381 ι,
1302 5316 1383 5370 ει.
1485 5314 1506 5346 ³
1539 5313 1698 5368 Joan.
1733 5330 1793 5381 ιι,
1825 5316 1875 5368 I.

504 5475 616 5544 (all;
649 5473 757 5527 Καὶ
791 5472 1112 5544 ἐξελέξατο
1148 5471 1254 5525 τὸν
1304 5472 1551 5544 Πέτρον.
1599 5468 1863 5544 Egregius
1923 5469 2013 5522 hic

436 5541 620 5611 locus;
651 5561 716 5598 ex
739 5559 846 5614 quo
876 5545 1041 5612 liquet
1064 5541 1280 5596 Petrum
1303 5543 1630 5614 Andr-eteae
1655 5541 1866 5614 caeteris
1885 5555 2016 5614 apo-

436 5616 618 5675 stolis,
654 5610 772 5668 ιιοιῐ
795 5610 991 5676 aetatis,
1021 5623 1113 5667 aut
1139 5613 1444 5668 vocationis
1469 5610 1681 5678 ordine,
1718 5610 1814 5663 sed
1856 5613 2012 5680 prin-

437 5687 651 5755 i-ipatus
677 5701 739 5737 ac
767 5685 1067 5754 dignitatis,
1100 5684 1376 5755 anteponi.

513 5755 622 5824 (42)
648 5755 800 5809 Φασὶ
829 5749 936 5824 γὰρ
973 5755 1161 5820 οὕτως
1199 5749 1251 5809 οὶ
1282 5753 1479 5808 ἄλλοι.
1523 5751 1717 5824 Mirum
1750 5758 1834 5805 est
1868 5749 2012 5820 quod

443 5823 550 5881 hoc
579 5823 698 5882 leco
736 5823 933 5883 asserit
966 5827 1201 5904 primum
1261 5824 1531 5882 Ilerodem
1563 5823 1787 5898 fugisse,
1823 5833 2009 5899 postea

2169 4141 2352 4199 XVIII.
2389 4142 2460 4194 At
2503 4139 2674 4206 enim,
2718 4139 2992 4208 inquiunt,
3053 4134 3285 4190 mendax
3343 4143 3428 4190 est
3483 4134 3691 4189 editum

2095 4237 2318 4293 nomine
2370 4231 2599 4289 Joannis
2641 4231 3015 4300 Evangelium.
3053 4226 3354 4297 Postquam
3393 4228 3536 4282 enim
3585 4228 3699 4292 ista

2097 4329 2270 4394 dixit,
2321 4326 2545 4381 Verbum
2583 4341 2709 4380 caro
2744 4325 2945 4394 factum
2975 4330 3051 4376 est
3075 4362 3090 4385 ,
3128 4329 3178 4375 et
3212 4319 3470 4374 habitavit
3505 4322 3559 4374 in
3591 4339 3686 4376 no-

2097 4421 2174 4474 bis
2209 4422 2229 4450 ¹
2252 4460 2266 4484 ,
2299 4419 2514 4488 aliaque
2570 4415 2833 4471 nonnulla
2860 4454 2876 4477 ,
2942 4413 3128 4468 statim
3173 4413 3361 4483 adjicit
3396 4431 3409 4467 :
3477 4412 3705 4482 Nuptiae-

2095 4513 2254 4584 [σεται
2294 4520 2416 4566 sunt
2450 4511 2506 4562 in
2540 4507 2690 4564 Cana
2725 4506 2966 4561 Galilww
3008 4506 3050 4560 ³.
3086 4503 3196 4560 Nec
3235 4505 3550 4575 intelligunt
3579 4507 3704 4574 isti,

2097 4613 2188 4677 qui
2224 4621 2343 4659 eam
2404 4604 2506 4659 sibi
2549 4604 2694 4658 ultro
2741 4601 3016 4655 insaniam
3059 4608 3390 4662 arcessunt,
3421 4597 3688 4654 Joannem

2099 4705 2221 4769 post
2251 4698 2370 4751 illas
2408 4710 2606 4759 voces,
2643 4693 2711 4747 Et
2753 4692 2976 4748 Verbum
3014 4708 3138 4745 caro
3177 4691 3375 4761 factum
3412 4701 3509 4751 est,
3546 4691 3712 4744 ιιιΙιΙίιε

2104 4791 2287 4854 disse,
2319 4801 2368 4844 et
2406 4788 2664 4842 habitavit
2696 4788 2748 4840 in
2807 4788 2997 4840 nobis:
3031 4784 3175 4855 quod
3214 4784 3354 4838 idem
3387 4791 3496 4847 est,
3534 4793 3700 4852 atque

2107 4884 2381 4938 hominem
2423 4881 2724 4938 exstitisse.
2764 4879 3030 4934 Praeterea
3089 4878 3155 4932 ad
3201 4877 3467 4931 Joannem
3517 4874 3704 4943 Bapti-

2107 4985 2248 5031 stam
2283 4983 2337 5029 et
2373 4971 2665 5029 Jordanem
2718 4971 3023 5025 accessisse
3053 5009 3066 5034 ,
3108 4969 3177 5022 ab
3230 4982 3404 5036 eoque
3445 4966 3698 5034 baptiza-

2113 5077 2265 5130 tum,
2301 5075 2362 5120 ut
2397 5066 2538 5121 idem
2572 5065 2661 5119 ille
2707 5063 3048 5133 evangelista
3105 5067 3538 5120 commemorat,
3575 5071 3711 5120 eum

2113 5163 2240 5227 post
2276 5157 2424 5210 illam
2455 5155 2815 5210 tentationem
2857 5152 3208 5207 discessisset
3238 5189 3253 5214 ,
3286 5162 3411 5203 cum
3461 5156 3515 5203 et
3555 5146 3709 5210 istud,

2115 5469 2480 5533 Nazaretum;
2534 5465 2662 5520 inde
2706 5462 2773 5517 ad
2827 5462 3158 5531 baptismum
3203 5456 3545 5533 accessisse.
3583 5469 3710 5522 quae

2115 5556 2292 5609 neque
2317 5553 2441 5609 cum
2466 5527 2786 5609 'Evangelio.
2833 5527 3009 5609 neque
3034 5545 3158 5609 cum
3199 5527 3576 5609 superioribus
3605 5543 3697 5576 (τυ-ν

2116 5595 2345 5665 haerent.
2378 5607 2511 5661 Nam
2547 5595 2816 5660 Herodem
2847 5595 2982 5673 fugit
3035 5601 3299 5654 duntaxat
3327 5595 3671 5673 pns_t_._|o.i_ni..
3701 5631 3706 5640 .

2117 5697 2327 5743 necem,
2381 5694 2502 5749 qua:
2562 5666 3282 5749 lon_ge__post'baptismum
3325 5666 3705 5722 accidit.

2116 5767 2238 5822 quae
2274 5751 2338 5806 ad
2377 5743 2530 5805 num.
2566 5743 2781 5801 XXVIII
2811 5745 3191 5805 observamus.
