4176 6386
452 371 559 431 923

1868 387 1927 443 8.
1987 387 2330 447 ΕΡΙΡΗᾹΝΙΙ

3576 412 3579 413 ⁷
3608 391 3716 451 9ἳ4

452 490 693 547 Joannes
733 489 976 562 Baptista
1008 494 1398 561 pronuntiavit.
1451 496 1553 553 Hic
1582 509 1661 556 est
1694 502 1758 556 de
1786 518 1887 573 quo
1918 504 2034 558 dixi

2150 502 2323 575 Ἱῦτος
2360 509 2525 574 ἐστι,
2576 511 2709 579 περὶ
2741 505 2814 566 οὗ
2862 506 3037 565 εἶπον
3067 507 3245 581 ὑμῖνο
3296 508 3391 563 καὶ
3424 506 3607 569 πάλιν,
3635 512 3720 565 ὅτι

453 585 597 642 vobis
629 585 682 652 ¹;
718 585 880 640 item:
926 585 1046 640 Vidi
1079 586 1341 656 Spiritum
1372 602 1615 646 sanctum
1644 592 2037 649 descendentem

452 678 509 732 in
547 681 715 747 specie
749 680 1029 747 columbw,
1057 690 1107 735 et
1141 693 1436 738 manentem
1469 701 1626 754 super
1656 687 1828 756 ipsum
1855 689 1876 719 ³
1900 706 1915 754 ;
1941 696 2034 743 et:

456 771 561 826 llic
590 782 667 826 est
697 774 789 843 qui
836 774 977 827 tollit
1004 786 1275 843 peccatum
1308 778 1492 832 mundi
1533 778 1575 833 ³.
1630 779 2038 838 Animadvertis

454 865 622 933 igitur
654 865 789 920 nihil
828 866 897 920 ab
928 881 994 920 eo
1025 881 1121 937 per
1157 867 1491 923 oblivionem
1521 884 1645 925 esse
1678 871 2034 941 praeteritum,

454 956 548 1011 sed
587 972 650 1010 ea
689 956 954 1011 duntaxat
999 959 1193 1013 relicta
1225 998 1241 1024 ,
1271 975 1390 1031 quae
1414 960 1529 1032 jam
1556 961 1842 1019 Matthzeus
1871 980 2040 1035 expo-

453 1056 659 1103 suerat.
691 1048 901 1117 Quibus
935 1065 1060 1104 cum
1106 1050 1245 1105 nihil
1273 1066 1411 1122 opus
1449 1060 1565 1108 erat
1612 1055 1846 1126 amplius
1873 1095 1887 1120 ,
1924 1064 2038 1111 tum

456 1139 643 1194 divina
678 1140 767 1193 illa
799 1141 1110 1196 adhibenda
1140 1158 1262 1208 vox,
1292 1158 1398 1214 qua
1426 1160 1617 1201 eorum
1642 1147 1879 1217 jugulari
1914 1163 2041 1215 pos-

456 1240 542 1286 set
571 1247 728 1285 error
748 1272 762 1295 ,
793 1234 886 1303 qui
918 1233 1195 1291 Christum
1237 1252 1267 1290 a
1298 1236 1467 1292 Maria
1510 1246 1746 1303 tantum,
1778 1247 1943 1310 atque
1972 1256 2039 1295 ex

455 1324 551 1379 illo
586 1325 820 1394 primum
853 1334 1099 1397 tempore
1125 1328 1468 1384 nominatum
1497 1329 1806 1398 crederent,
1837 1331 2042 1403 quique

455 1418 553 1473 Dei
579 1417 775 1473 Filium
816 1419 1023 1473 nudum
1056 1420 1333 1476 hominem
1368 1421 1540 1478 fuisse
1569 1422 1854 1489 dicerent,
1888 1439 2043 1479 eum-

454 1509 695 1580 demque
744 1512 914 1566 certis
966 1513 1386 1568 accessionibus
1442 1522 1498 1568 et
1560 1513 1917 1571 incrementis
1977 1530 2044 1571 eo

454 1617 808 1674 progressum
834 1644 848 1668 ,
879 1612 939 1658 ut
967 1602 1093 1659 Filii
1145 1603 1241 1660 Dei
1293 1606 1714 1676 appellationem
1747 1608 2038 1663 obtineret.

456 1695 539 1750 Ob
594 1694 650 1749 id
686 1694 925 1752 Joannes
956 1712 1075 1751 eam
1123 1698 1225 1753 sibi
1261 1708 1469 1767 partem
1503 1700 1905 1770 deposcendam
1943 1717 2045 1771 pu-

455 1789 612 1852 tavit,
639 1804 760 1859 quae
800 1791 1112 1845 necessaria
1152 1792 1447 1847 videretur.
1483 1790 1635 1847 Licet
1661 1794 1805 1847 enim
1846 1808 2043 1865 magna

2145 601 2423 672 Τεθέαμαι
2453 603 2519 656 τὸ
2546 595 2787 674 Πνεῦμα
2823 603 2890 659 τὸ
2914 604 3088 674 ἄτιον
3125 603 3484 658 καταϐαῖνον
3520 604 3591 657 ἐν
3632 604 3717 657 ετ-

2138 689 2228 743 δει
2262 691 2636 759 περιστερᾶς,
2665 693 2764 746 καὶ
2792 693 2979 763 μένον
3012 694 3105 746 ἐπ’
3138 694 3352 748 αὐτόν·
3390 694 3504 757 καὶ,
3532 689 3719 760 Οὗτός

2139 781 2310 835 ἐστιν
2352 785 2385 835 ὁ
2430 784 2615 851 αἴρων
2654 785 2770 852 τὴν
2818 785 3112 854 ἁμαρτίαν
3159 786 3266 839 τοῦ
3314 788 3565 855 κόσμου.
3608 786 3718 839 Καὶ

2139 872 2293 944 ὁρᾷς,
2318 872 2399 926 ὅτι
2431 874 2583 927 οὐδὲν
2608 876 2751 928 κατὰ
2772 875 3048 947 λησμονὴν
3072 875 3394 945 ὑφηγεῖται·
3424 874 3716 944 παρέλειψε

2138 963 2197 1017 δὲ
2226 963 2294 1017 τὰ
2322 962 2400 1035 τῷ
2428 965 2691 1037 Ματθαίῳ
2714 966 3318 1038 πραγματευθέντα.οὑ
3344 961 3535 1036 γὰρῆν
3563 967 3719 1038 χρεία

2142 1055 2366 1110 ἐκείνων
2392 1057 2617 1123 οὐκέτι,
2655 1057 2792 1111 ἀλλὰ
2829 1059 2926 1129 τῆς
2961 1058 3111 1123 θείας
3157 1062 3407 1131 φράσεως
3454 1058 3587 1129 πρὸς
3629 1059 3721 1111 άν-

2141 1146 2394 1219 τίρῤησιν
2443 1149 2552 1202 τῶν
2599 1149 2931 1220 νομιζόντων
2981 1151 3090 1205 άπὸ
3142 1152 3361 1222 Μαρίας
3417 1152 3512 1204 καὶ
3564 1150 3722 1221 δεῦρο

2141 1238 2377 1310 Χριστὸν
2405 1240 2565 1293 αὐτὸν
2613 1241 2931 1303 καλεῖσθαι,
2970 1243 3065 1295 καὶ
3095 1242 3219 1296 Υίὸν
3266 1241 3399 1295 Θεοῦ
3441 1241 3595 1311 ψιλὸν
3626 1240 3721 1293 άν-

2145 1330 2382 1402 θρωπον,
2417 1332 2561 1385 κατὰ
2600 1334 2883 1404 προκοπὴν
2912 1334 2969 1387 δὲ
3002 1334 3196 1404 ἡκέναι
3229 1337 3307 1397 είς
3333 1335 3395 1387 τὸ
3440 1332 3722 1388 καλεῖσθαι

2142 1424 2272 1479 Υίὸν
2299 1424 2457 1483 Θεοῦ.
2493 1426 2585 1479 Διὸ
2613 1426 2721 1480 τῶν
2749 1427 3062 1496 ἀναγκαίων
3099 1428 3469 1498 ἐπιμελεῖταιο
3506 1427 3723 1479 πάντων

2146 1517 2245 1589 μὲν
2264 1512 2357 1571 οὖν
2389 1518 2642 1589 μεγάλων
2672 1519 2841 1572 ὄντων
2864 1519 2960 1573 καὶ
2980 1519 3317 1589 ἀναγκαίων,
3345 1518 3724 1589 περιττότερον

2142 1606 2199 1660 δὲ
2250 1609 2574 1679 ποιούμενος
2615 1610 2723 1664 τῶν
2753 1610 3092 1682 ἐπουρανίων
3131 1611 3228 1683 τὴν
3271 1611 3478 1665 ἄνωθεν
3521 1612 3726 1663 οἰκονο-

2146 1697 2298 1769 μίαν.
2348 1700 2581 1769 Λέγουσι
2633 1702 2691 1755 ac
2745 1702 2807 1755 τὸ
2861 1703 3000 1757 κατὰ
3056 1704 3309 1775 Ἰωάννην
3356 1704 3723 1772 Εὐαγγέλιον,

2144 1789 2334 1861 ἐπειδὴ
2382 1791 2456 1863 μὴ
2505 1793 2574 1845 τά
2612 1793 2750 1847 αὐτὰ
2797 1793 2923 1865 ἔφη,
2971 1794 3249 1849 ἀδιάθετον
3288 1790 3458 1859 εἶναι,
3504 1796 3599 1847 καὶ
3648 1796 3726 1865 μὴ

454 1881 636 1935 omnia
668 1881 778 1935 sint
816 1895 881 1934 ac
919 1882 1257 1941 necessaria.
1296 1889 1477 1937 tamen
1527 1884 1583 1936 in
1623 1882 1826 1939 divinis
1861 1862 2037 1954 potis-

2150 1882 2390 1956 δέχεσθαι
2414 1883 2610 1946 αὐτοὺς
2636 1883 2786 1947 αὐτὸ,
2815 1885 2955 1938 κατᾶ
2979 1886 3155 1939 πάντα
3182 1886 3605 1957 πεπλανημένοι,
3632 1886 3727 1938 καὶ⁸

455 1972 658 2026 simum
686 1972 1045 2043 explicandis,
1076 1988 1139 2027 ac
1173 1975 1382 2028 caelesti
1431 1974 1521 2027 illa
1559 1975 2036 2032 administratione

2141 1975 2547 2046 τυφλώττοντες
2574 1976 2673 2047 τὴν
2698 1977 2955 2032 διάνοιαν.

454 2065 671 2122 defixus
702 2075 807 2121 est.
846 2066 1001 2131 Quod
1033 2067 1200 2136 igitur
1242 2065 1469 2122 Joannis
1502 2067 1854 2138 Evangelium
1917 2068 1989 2123 ob
2046 2069 2101 2125 id
2146 2084 2176 2124 a
2230 2068 2384 2123 Novo
2443 2067 2797 2123 Testamento
2858 2069 3187 2140 repudiant,
3245 2084 3345 2123 nec
3410 2067 3725 2133 admittunt,

454 2159 600 2217 ouod
630 2173 735 2214 non
771 2176 892 2214 eum
924 2160 1047 2212 aliis
1082 2158 1226 2212 haud
1260 2160 1397 2215 satis
1431 2161 1742 2215 consentiat
1770 2199 1786 2225 ,
1828 2175 2047 2215 summo
2088 2160 2143 2215 in
2172 2175 2382 2225 errore,
2416 2175 2480 2214 ac
2509 2160 2707 2215 mentis
2742 2163 2983 2215 caecitate
3011 2170 3318 2215 versantur.

524 2250 668 2305 XIX.
704 2250 914 2305 Etenim
942 2251 1328 2307 sanctissimus
1364 2252 1453 2306 hic
1479 2252 1812 2322 evangelista
1848 2253 2043 2309 ordine

455 2359 521 2400 ac
560 2345 913 2400 successione
949 2352 1219 2414 quartus.
1256 2358 1321 2398 ac
1375 2344 1592 2399 tametsi
1649 2345 1859 2413 primus
1896 2353 2043 2400 esset

453 2437 724 2501 omnium,
767 2435 1045 2492 scribendi
1070 2445 1247 2491 tamen
1281 2445 1527 2506 tempore
1557 2445 1886 2506 postremus,
1920 2452 2044 2506 qua:

456 2538 585 2586 ante
624 2546 685 2585 se
736 2530 999 2600 praeclare
1026 2536 1183 2585 erant
1234 2529 1463 2583 aliorum
1498 2544 1664 2599 opera
1702 2528 1913 2600 digesta
1958 2546 2046 2585 re-

455 2631 642 2694 petere
669 2623 871 2690 noluit;
906 2622 1005 2687 sed
1045 2628 1171 2676 ante
1213 2636 1425 2691 ea-quze
1454 2620 1568 2690 jam
1612 2620 1759 2691 dicta
1802 2622 2039 2686 fuerant,

455 2731 579 2786 quae
613 2730 722 2770 non
772 2723 932 2771 erant
970 2715 1115 2769 dicta
1155 2713 1462 2784 preposuit.
1505 2712 1796 2768 Matthams
1821 2713 2041 2784 quidem

458 2811 529 2865 ab
563 2809 877 2865 Abrahamo
929 2809 1207 2865 scribendi
1248 2809 1405 2863 initio
1436 2807 1582 2862 facto
1607 2848 1621 2874 ,
1662 2816 1786 2878 post
1820 2809 2045 2862 incuna-

456 2903 583 2959 rula
607 2902 835 2965 Christi,
872 2910 925 2955 et
952 2903 1183 2955 alterum
1218 2916 1249 2953 a
1278 2900 1444 2954 natali
1479 2900 1601 2968 ejus
1634 2914 1839 2954 annum
1877 2898 2040 2970 442

459 2995 833 3051 narrationem
884 2994 1143 3063 pertexit.
1194 2992 1412 3048 Marcus
1459 3008 1586 3047 vero
1620 2992 1689 3046 ab
1723 3007 1813 3047 an.
1849 3008 1917 3045 xv
1948 2990 2042 3045 Ti-

457 3085 593 3142 berii
619 3128 633 3149 ,
676 3086 1114 3156 circumscriptis
1154 3085 1316 3141 medii
1347 3085 1612 3155 temporis
1650 3085 1818 3140 rebus
1848 3083 2041 3155 gestis,

458 3194 692 3234 exorsus
725 3186 829 3232 est.
895 3179 965 3231 At
1009 3176 1187 3232 Lucas
1235 3177 1397 3233 altius
1441 3178 1546 3232 ista
1587 3186 1840 3247 repetens
1874 3176 1943 3231 ab
1979 3189 2045 3229 eo
2074 3218 2118 3278 ο

460 3283 707 3344 tempore
736 3275 902 3343 coepit
929 3314 944 3337 ,
980 3273 1125 3344 quod
1167 3272 1373 3329 Christi
1408 3281 1588 3327 ortum
1622 3272 1950 3337 antecessit;
1991 3277 2047 3325 et

461 3376 571 3420 tam
612 3366 811 3432 hujus,
869 3382 1034 3436 quam
1066 3365 1295 3420 Joannis
1343 3368 1398 3419 in
1439 3364 1623 3419 Maria:
1674 3372 1838 3434 atque
1876 3362 2046 3417 Elisa-

460 3456 588 3510 beth
641 3464 796 3509 utero
845 3463 1169 3525 conceptum
1229 3455 1501 3524 exposuit.
1543 3454 1782 3508 Joannes
1813 3451 2047 3521 denique

461 3556 772 3617 postremus
801 3546 1068 3600 accedens
1103 3545 1373 3601 altissime
1396 3545 1642 3600 omnium
1674 3544 2045 3599 narrationem

459 3635 716 3701 arcessit,
753 3643 809 3690 et
838 3652 959 3706 quae
987 3636 1190 3691 Christi
1220 3635 1550 3705 temporaria
1582 3635 1672 3688 illa
1697 3634 2047 3704 generatione

460 3727 643 3797 priora
678 3734 829 3793 sunt,
868 3728 1114 3782 stabilire
1158 3742 1221 3780 ac
1269 3728 1483 3781 munire
1530 3726 1788 3780 instituit.
1823 3723 2049 3796 Spirita-

462 3821 533 3874 lia
566 3820 712 3875 enim
756 3819 927 3875 ferme
982 3831 1142 3883 sunt,
1178 3836 1301 3890 qua)
1332 3820 1421 3874 ille
1469 3818 1746 3874 memoria:
1778 3832 2050 3872 commen-

460 3912 645 3976 davit,
694 3926 818 3965 cum
872 3927 993 3981 qua:
1028 3910 1093 3964 ad
1141 3926 1342 3980 corpus
1374 3909 1671 3964 attinerent
1710 3908 1926 3963 abunde
1958 3923 2048 3963 es-

461 4012 586 4060 sent
651 4004 882 4058 aliorum
951 4004 1174 4073 scriptis
1240 4003 1618 4058 corroborata.
1681 3999 2048 4067 Quamobrem

461 4098 762 4169 spiritalem
797 4097 863 4151 de
892 4095 1078 4150 divino
1120 4096 1211 4149 illo
1248 4095 1395 4150 dono
1442 4094 1816 4149 narrationem
1855 4108 2051 4165 aggre-

460 4191 642 4255 ditur,
683 4190 829 4260 quod
873 4189 1028 4243 initio
1057 4203 1257 4244 carens
1306 4185 1455 4241 omni
1513 4185 1581 4239 ab
1618 4184 1828 4240 cmlesti
1864 4184 1920 4239 in
1950 4200 2051 4239 nos

460 4279 624 4335 Patre
682 4279 1022 4337 transfusum
1062 4286 1186 4344 est,
1244 4286 1299 4334 et
1335 4279 1403 4334 de
1465 4276 1632 4347 hujus
1696 4275 1931 4331 consilio
1987 4289 2053 4329 ac

2216 2254 2317 2308 18'.
2363 2253 2635 2323 Τέταρτος
2667 2253 2774 2323 γὰρ
2819 2256 2959 2306 κατὰ
2991 2252 3241 2323 διαδοχὴν
3284 2252 3453 2305 ἐλθὼν
3485 2254 3514 2307 ὁ
3550 2255 3729 2324 μακά-

2150 2362 2283 2418 ριος,
2312 2345 2528 2416 πρῶτος
2562 2345 2659 2415 μὲν
2691 2344 2787 2408 ὢν,
2817 2342 3043 2414 ὖστερος
3074 2345 3130 2397 δὲ
3162 2347 3275 2408 τοῖς
3302 2344 3476 2397 ἔτεσιν
3500 2348 3733 2414 εὐαγγε-

2145 2436 2435 2506 λισάμενος
2466 2435 2535 2488 τὰ
2562 2435 2666 2506 πρὸ
2696 2433 2858 2487 αὑτοῦ
2899 2433 3081 2497 καλῶς
3106 2435 3434 2505 τεταγμένα,
3470 2437 3570 2488 οὐκ
3599 2439 3730 2507 ἐμε-

2150 2530 2410 2602 ρίμνησεν
2450 2528 2741 2582 ἐκθέσθαι·
2794 2528 2928 2582 ἀλλὰ
2972 2528 3347 2599 προλαμϐάνει
3395 2529 3505 2581 τῶν
3540 2530 3731 2601 ρηθέν-

2151 2638 2259 2674 των
2304 2620 2372 2674 τὰ
2418 2620 2493 2691 μὴ
2534 2620 2787 2691 ῥηθέντα.
2834 2621 2891 2673 Ὀ
2925 2619 3205 2682 Ματθαῖος
3235 2621 3342 2691 γὰρ
3371 2620 3598 2689 ἄρχεται
3624 2622 3733 2674 ἀπὸ

2165 2712 2442 2783 ’Δόραάμο
2480 2712 2618 2782 μετὰ
2656 2712 2714 2765 δὲ
2739 2711 2836 2783 τήν
2865 2713 3058 2783 ἀρχὴν,
3091 2712 3185 2765 καὶ
3221 2712 3358 2782 μετὰ
3384 2712 3476 2764 δύο
3505 2712 3599 2782 έτη
3633 2713 3733 2783 τῆς

2150 2806 2476 2876 γεννήσεως,
2513 2804 2677 2857 πάλιν
2702 2807 2935 2857 ποιεῖται
2964 2804 3064 2876 τὴν
3095 2805 3389 2875 ὑφήγησιν.
3418 2806 3646 2875 Μάρκος
3675 2804 3732 2858 δὲ

2150 2894 2378 2965 ἄρχεται
2410 2894 2518 2947 ἀπὸ
2542 2894 3024 2949 πεντεκαιδεκάτου
3065 2894 3217 2959 ἔτους
3251 2895 3538 2966 Τιϐερίουδ
3570 2894 3734 2966 μεσό-

2149 3004 2288 3057 τητα
2319 2986 2425 3040 τῶν
2459 2986 2597 3057 μετὰ
2620 2986 2716 3058 τὴν
2745 2988 2938 3059 ἀρχήν.
2969 2988 3183 3051 Λουκᾶς
3209 2987 3264 3040 δὲ
3294 2987 3467 3059 ἀρχὴν
3499 2989 3604 3060 πρὸ
3633 2989 3733 3058 τῆς

2151 3081 2325 3152 ἀρχῆς
2354 3081 2626 3150 ἐπήνεγκε
2656 3080 2753 3150 τὴν
2780 3080 2886 3152 πρὸ
2914 3080 3013 3151 τῆς
3036 3082 3341 3151 γεννήσεως
3370 3083 3427 3133 ὲν
3455 3085 3519 3152 τῇ
3544 3082 3736 3154 συλλή-

2151 3173 2242 3242 ψει
2264 3173 2363 3243 τῆς
2383 3173 2620 3243 γαστρὸς
2641 3172 2861 3244 Μαρίας
2888 3174 2981 3225 καὶ
3004 3172 3105 3242 τῆς
3129 3173 3409 3226 Ἐλισάϐετ
3426 3178 3730 3244 γεγονυῖαν.

2166 3254 2421 3338 Ἰωάννης
2466 3266 2522 3319 δὲ
2556 3268 2637 3321 ἔτι
2674 3268 2959 3338 πρότερον,
3001 3268 3225 3339 ὕστερος
3256 3268 3446 3334 ἐλθὼν,
3484 3271 3736 3336 ὲπασφα-

2156 3357 2362 3422 λίζεται
2408 3359 2506 3429 τὴν
2543 3358 2649 3431 πρὸ
2691 3360 2793 3430 τῆς
2828 3362 3095 3433 ὲνσάρκου
3127 3362 3429 3433 παρουσίας
3469 3379 3736 3433 πραγμα-

2154 3449 2325 3502 τείαν.
2380 3450 2735 3521 Ηνευματικά
2781 3452 2889 3520 γὰρ
2930 3448 2998 3523 ἦν
3041 3452 3109 3505 τὰ
3155 3453 3383 3507 πλεῖστα
3432 3454 3522 3506 ὑπ’
3568 3453 3736 3508 αὑτοῦ

2155 3538 2446 3609 λεγόμενα,
2483 3542 2590 3595 τῶν
2625 3541 2909 3611 σαρκικῶν
2938 3542 3038 3613 ήδη
3075 3543 3609 3613 ὲπασφαλισθέντων.
3645 3544 3738 3597 At)

2158 3631 2543 3702 πνευματικῶς
2580 3632 2681 3701 τὴν
2716 3634 2989 3704 ὑφήγησιν
3016 3637 3249 3687 ποιεῖται
3276 3636 3372 3705 τῆς
3396 3634 3602 3688 ἄνωθεν
3630 3636 3739 3689 ἀπὸ

2154 3724 2369 3794 Πατρὸς
2397 3725 2634 3795 άνάρχου
2676 3724 2887 3796 δωρεᾶς
2917 3727 3050 3795 ήμῖν
3085 3724 3367 3797 ἐλθούσης,
3404 3726 3548 3780 κατὰ
3590 3727 3739 3779 εὐδο-

2154 3816 2280 3869 κίαν
2320 3816 2532 3886 Πατρὸς
2565 3818 2623 3870 ὲν
2649 3819 2715 3887 τῇ
2744 3817 2875 3888 ἁγία
2910 3817 3191 3888 Παρθένῳ,
3227 3818 3283 3869 ὲν
3323 3819 3507 3889 μήτρᾳ
3536 3818 3740 3888 παρθε-

2153 3910 2278 3977 νικῇ
2316 3908 2781 3980 οίκονομηθείσης.
2816 3909 2925 3963 Καὶ
2970 3911 3019 3963 οἱ
3054 3910 3229 3963 λοιποὶ
3261 3910 3338 3973 δὲ,
3380 3909 3449 3962 τὰ
3486 3912 3578 3964 ἴσα
3613 3909 3741 3962 τού-

2154 4017 2269 4064 τοις
2299 3998 2605 4069 συμφώνως
2630 4001 2898 4065 είπόντες,
2920 3996 2994 4055 ὧν
3019 3996 3086 4070 ἦν
3117 4002 3275 4074 χρεία
3307 4001 3737 4074 ἐπεμελήσαντο.

2168 4094 2227 4145 '0
2250 4092 2306 4145 δὲ
2353 4093 2605 4162 Ἰωάννης
2640 4093 2735 4147 καὶ
2768 4093 2867 4163 τὴν
2919 4094 3176 4165 πρόθεσιν
3198 4092 3331 4164 (45),
3362 4095 3450 4147 ἵνα
3484 4095 3589 4148 ἀπὸ
3618 4112 3741 4147 τεσ-

2153 4183 2336 4255 σάρων
2366 4183 2768 4252 εὐαγγελιστῶν
2793 4185 2889 4254 τὴν
2932 4188 3114 4239 πᾶσαν
3164 4187 3304 4240 κατά
3330 4204 3389 4239 τε
3426 4188 3525 4258 τὴν
3562 4188 3741 4259 σάρκα

2151 4274 2408 4328 καὶκατὰ
2430 4275 2529 4346 τὴν
2565 4274 2797 4347 θεότητα
2826 4277 3114 4347 ἀκρίϐειαν
3150 4279 3536 4349 κατάσχωμεν.

459 4377 740 4431 voluntate
778 4377 830 4429 in
870 4376 931 4430 Β.
992 4374 1271 4446 Virginem
1313 4375 1569 4445 illapsum
1601 4413 1616 4438 ,
1650 4380 1815 4442 atque
1854 4372 1909 4425 in
1971 4371 2219 4443 virgineo
2286 4371 2408 4441 ejus
2449 4371 2658 4442 gremio
2713 4387 2838 4427 cum
2892 4388 3059 4428 carne
3107 4375 3485 4445 conjunctum.
3543 4376 3740 4430 Caneri

462 4485 628 4540 porro
664 4472 736 4525 ita
767 4470 963 4525 iisdem
996 4470 1105 4525 illis
1143 4478 1515 4525 consentanea
1548 4468 1841 4534 dixerunt,
1892 4476 1953 4521 ut
2015 4466 2089 4530 id,
2148 4467 2297 4536 quod
2350 4475 2469 4521 erat
2502 4482 2758 4531 necesse,
2801 4470 3149 4538 potissimum
3197 4479 3531 4541 spectarent.
3574 4471 3745 4527 Joan-

462 4582 562 4622 nes
593 4581 723 4621 vero
755 4567 905 4635 ejus,
957 4566 1101 4636 quod
1161 4567 1266 4622 sibi
1322 4571 1720 4636 proposuerat,
1777 4565 2046 4619 rationem
2076 4562 2287 4617 habuit.
2330 4560 2409 4617 Ita
2466 4561 2524 4616 fit
2586 4570 2644 4616 ut
2675 4578 2741 4618 ex
2776 4579 2829 4617 Iv
2886 4563 3197 4634 Evangeliis
3255 4579 3448 4619 eorum
3496 4581 3618 4635 qua:
3672 4568 3744 4623 ad

461 4659 669 4713 Christi
702 4673 924 4712 carnem
968 4668 1022 4712 et
1076 4658 1143 4713 ad
1184 4658 1525 4713 divinitatem
1573 4657 1810 4713 attinent
1835 4697 1850 4723 ,
1892 4662 2151 4709 accurata
2180 4653 2341 4709 nobis
2374 4654 2581 4709 veritas
2612 4669 2677 4709 ac
2703 4654 3012 4709 certissima
3046 4662 3262 4709 constet

532 4747 649 4802 XX.
692 4747 903 4829 Etenim
962 4758 1076 4805 toto
1142 4749 1233 4804 illo
1296 4748 1552 4819 baptismi
1615 4747 2047 4817 tentationisque

2221 4742 2308 4799 ις’.
2351 4743 2760 4797 Τελειωθέντων
2804 4743 2913 4816 γὰρ
2953 4744 3062 4799 τῶν
3100 4748 3317 4799 πάντων
3350 4745 3460 4800 τῶν
3494 4746 3639 4799 κατὰ
3681 4748 3747 4801 τὸ

461 4841 682 4910 negotio
717 4842 1040 4910 perfunctus
1072 4845 1248 4906 venit,
1289 4859 1353 4897 ac
1396 4843 1685 4914 discipulis
1741 4842 2044 4913 adjunctis,

462 4932 699 5001 primum
751 4932 885 4986 illud
939 4932 991 4984 in
1038 4932 1187 4986 Caua
1227 4932 1462 4989 Galilaaze
1512 4934 1843 4989 miraculum
1900 4935 2048 5000 fecit,

462 5024 623 5083 tertia
658 5040 820 5093 quam
852 5025 1152 5094 prmdicare
1180 5037 1421 5097 cmperat
1451 5028 1558 5082 die.
1601 5027 1720 5082 Non
1748 5029 1893 5085 enim
1925 5039 2053 5083 ante

462 5115 821 5171 tentationem
858 5114 1109 5171 Christus
1168 5118 1375 5187 nuptiis
1437 5118 1753 5175 interfuisse
1803 5120 2049 5183 dicitur;
2104 5124 2107 5125 ⁷

463 5221 566 5259 nec
618 5206 787 5258 ullum
838 5207 1063 5261 omnino
1121 5210 1426 5280 prodigium
1478 5221 1603 5264 ante
1655 5210 1787 5264 illud
1839 5218 2053 5277 tempus

462 5296 656 5361 edidit,
692 5298 798 5353 nisi
835 5298 880 5352 si
912 5314 1033 5368 quae
1076 5298 1263 5355 forsan
1302 5300 1509 5354 ludicra
1546 5301 1741 5357 fecisse
1778 5302 1831 5356 in
1863 5303 2049 5371 pueri-

463 5392 543 5447 tia
580 5391 803 5456 dicitur,
835 5393 983 5462 quod
1019 5407 1048 5446 a
1080 5394 1360 5448 nonnullis
1391 5394 1649 5447 allirmari
1674 5394 1854 5450 video.
1884 5395 2050 5463 Atqui

466 5485 733 5539 nonnulla
775 5486 1001 5557 puerilis
1040 5486 1216 5540 astatis
1253 5493 1567 5553 argumenta
1613 5486 1857 5555 praebere
1894 5485 2048 5539 illum

2155 4838 2439 4909 βάπτισμα
2500 4838 2595 4891 καὶ
2640 4839 2779 4891 κατὰ
2830 4838 2922 4890 τὸν
2966 4837 3270 4909 πειρασμὸν
3324 4839 3526 4903 αὑτοῦ,
3579 4840 3746 4905 εὐθὺς

2157 4931 2403 4994 ἐλθόντος
2437 4931 2532 4983 καὶ⁵
2576 4929 3084 5001 συμπαρειληφότος
3120 4932 3246 4993 τοὺς
3284 4930 3553 5002 μαθητάς,
3584 4932 3747 4985 τοῦτο

2159 5022 2371 5093 πρῶτον
2403 5023 2627 5093 σημεῖον
2660 5021 2925 5091 πεποίηκε
2956 5024 3023 5091 τῇ
3050 5021 3209 5094 τρίτῃ
3238 5024 3424 5094 ήμέρᾳ
3450 5023 3543 5075 τοῦ
3573 5023 3748 5094 κηρύ-

2157 5133 2364 5185 γματος
2395 5117 2451 5168 ὲν
2492 5115 2648 5185 Κανᾷ
2691 5114 2792 5184 τῆς
2837 5113 3146 5177 Γαλιλαίας.
3184 5114 3320 5167 Οὔτε
3354 5114 3460 5185 γὰρ
3503 5116 3611 5187 πρὸ
3650 5115 3746 5169 τοῦ

2160 5206 2465 5278 πειρασμοῦ
2529 5208 2588 5258 ὲν
2634 5207 2798 5277 γάμῳ
2840 5207 3039 5275 φάσκει
3097 5207 3189 5260 τὸν
3228 5209 3464 5278 Χριστὸν
3517 5210 3745 5278 ήκέναι·

2158 5300 2218 5353 οὐ
2247 5300 2357 5370 γὰρ
2390 5299 2526 5361 ὅλως
2555 5315 2608 5351 τι
2631 5297 2741 5349 τῶν
2771 5297 3107 5369 θεοσημείων
3137 5298 3231 5352 καὶ
3263 5298 3356 5352 τοῦ
3389 5299 3749 5371 κηρύγματος

2159 5393 2265 5464 πρὸ
2298 5390 2391 5445 τοῦ
2428 5388 2735 5462 πειρασμοῦ
2762 5392 2789 5443 ὁ
2830 5389 3063 5462 Χριστὸς
3094 5392 3407 5464 εἰργάσατο,
3442 5396 3490 5446 εἰ
3522 5395 3595 5464 μή
3628 5410 3681 5444 τι
3711 5392 3751 5446 ἃ.

2158 5484 2339 5555 ᾄδεται
2377 5484 2504 5555 περὶ
2525 5482 2689 5538 αὐτοῦ
2723 5483 2782 5537 ὲν
2811 5483 2964 5541 παιδὶ
3003 5483 3385 5556 πεποιηκέναι,
3417 5484 3493 5546 ὡς
3526 5486 3584 5538 ἐν
3612 5501 3715 5537 παι

540 5662 558 5695 ⁸
582 5661 740 5719 Joan.
770 5677 834 5728 ιι,
874 5664 963 5718 50.
1040 5665 1060 5694 ³
1102 5664 1232 5718 ibid.
1261 5664 1346 5718 3‘2.
1426 5663 1447 5693 ³
1475 5663 1607 5718 ibid.
1636 5662 1727 5720 29.
1808 5664 1829 5695 ⁸
1854 5663 2273 5720 Mutiluslocus.

545 5816 660 5887 (45)
700 5821 751 5873 Ὀ
804 5821 870 5874 δὲ
934 5822 1204 5893 Ἰωάννης
1244 5826 1339 5879 καὶ
1386 5825 1498 5895 τὴν
1541 5827 1847 5897 πρόθεσιν.
1921 5828 1983 5887 F.
2025 5827 2166 5883 κατὰ
2198 5828 2294 5900 τὴν
2337 5827 2611 5899 πρόθεσιν.
