4176 6386
427 360 534 423 925

1136 360 1508 418 ADVERSUS
1547 361 1892 419 ΗλΕΙὶΕδΕΒ
1931 361 2059 416 LIB.
2102 361 2164 417 ll.
2204 362 2369 420 TOM.
2406 363 2445 419 Ι.
2479 395 2547 404 —-
2576 363 2856 420 IIIERES.
2898 363 2986 421 LI.

3598 359 3704 417 926

424 484 581 554 γνίῳ,
608 480 683 545 ὦς
725 498 869 544 τινες
914 481 1203 550 φάσκουσιὶ
1241 485 1349 537 Καὶ
1392 485 1498 539 ἔδει
1520 485 1598 556 τῷ
1633 488 1730 556 μὲν
1763 486 1877 538 ὄντι
1924 487 1994 539 κα

2120 486 2403 557 oportuit,
2437 501 2507 541 ne
2554 500 2663 556 qua
2702 486 3005 542 haeresibus
3052 486 3173 540 aliis
3205 483 3422 541 occasio
3450 482 3700 544 daretur,
3759 552 3766 561 .

425 573 730 646 παιδαρικά
759 574 919 627 αὐτὸν
944 573 1108 643 ἔχειν,
1141 575 1226 627 ἵνα
1251 576 1325 647 μὴ
1353 577 1626 647 πρόφασις
1648 578 1870 649 γένηται
1892 580 2013 640 ταῖς

426 666 617 729 ἄλλαις
666 666 943 737 αἱρέσεσι,
977 669 1098 730 ταῖς
1144 667 1462 736 λεγούσαις,
1499 671 1578 723 ὅτι
1607 671 1714 723 ἀπὸ
1750 670 1843 723 τοῦ
1881 671 2013 742 Ἰορ-

425 759 585 813 δάνου
619 754 749 831 ἦλθε
782 758 1018 830 Χριστὸς
1054 762 1135 824 εἰς
1175 761 1359 824 αὐτὸν,
1392 764 1530 833 ὅπερ
1580 762 1732 816 ἐστὶν
1776 764 1810 833 ή
1855 779 2012 833 περι-

427 851 616 924 στερά.
646 853 739 904 Διὸ
767 852 861 905 καὶ
892 852 950 904 ὲν
975 851 1053 922 τῷ
1080 852 1364 925 δωδεκάτῳ
1390 854 1499 907 ἔτει
1524 855 1711 925 σαφῶς
1741 855 2010 909 δείκνυσιν

427 947 455 998 6
474 944 709 1008 Λουκᾶς,
737 944 820 997 ὅτι
850 944 1372 1017 προσδιαλεγόμενος
1406 950 1518 1010 τοῖς
1549 947 1752 1019 ἱερεῦσι
1775 948 1867 1001 καὶ
1897 950 2010 1010 τοῖς

428 1038 844 1110 πρεσϐυτέροις,
875 1038 979 1109 ἔφη
1007 1041 1073 1110 τῇ
1104 1040 1314 1111 Μαρίᾳ,
1338 1042 1420 1094 ὅτι
1440 1044 1560 1095 Οὐκ
1588 1043 1799 1111 ᾔδειτε,
1826 1042 1914 1095 ὅτι
1939 1043 2010 1096 ἐν

424 1129 549 1196 τοῖς
583 1128 689 1183 τοῦ
739 1129 970 1198 Πατρός
1006 1149 1125 1200 μου
1164 1131 1261 1184 δεῖ
1299 1150 1375 1202 με
1411 1129 1600 1197 sirm;
1640 1134 1726 1187 ἵνα
1773 1134 1915 1207 πέσῃ
1978 1136 2008 1187 6

425 1220 582 1291 λόγος
609 1220 718 1275 τῶν
750 1220 1036 1290 λεγόντων,
1065 1223 1147 1276 ὅτι
1188 1224 1295 1277 ἀπὸ
1329 1224 1422 1277 τοῦ
1461 1226 1653 1296 χρόνου
1687 1224 1782 1279 τοῦ
1812 1225 2006 1296 βαπτί-

424 1330 632 1384 σματος
674 1313 877 1385 κατέϐη
922 1315 1003 1378 είς
1040 1315 1203 1369 αὐτὸν
1240 1316 1302 1369 τὸ
1345 1317 1570 1388 Πνεῦμα
1604 1319 1666 1371 τὸ
1700 1319 1875 1386 ἅγιον,
1911 1319 2006 1372 καὶ

425 1405 612 1474 σαφῶς
639 1405 878 1477 γνωσθῇ,
911 1407 993 1459 ὅτι
1022 1406 1228 1461 ἄνωθεν
1258 1409 1600 1480 ἐπεδήμησεν
1628 1410 1656 1462 ὁ
1686 1411 1879 1478 Λόγος,
1910 1412 2005 1463 καὶ

421 1494 713 1569 ὲσαρκὼθη
741 1496 849 1549 ἀπὸ
871 1496 1110 1569 Μαρίας,
1140 1499 1236 1551 καὶ
1262 1499 1319 1550 ὲν
1346 1498 1425 1570 τῷ
1461 1500 1700 1572 Ἰορδάνῃ
1737 1502 2004 1572 κατῆλθεν

421 1584 508 1637 ἐπ’
545 1583 708 1637 αὐτὸν
743 1584 805 1637 τὸ
837 1584 1061 1656 Πνεῦμα
1084 1602 1095 1614 ·
1129 1586 1219 1641 ἵνα
1248 1591 1466 1659 σημανῇ
1506 1589 1590 1651 τίς
1627 1586 1773 1645 ἐστιν
1804 1593 1832 1645 6
1860 1610 2002 1665 μαρ-

419 1678 752 1749 τυρούμενος
797 1678 906 1731 ἀπὸ
944 1677 1039 1731 τοῦ
1091 1678 1339 1751 Πατρός,
1391 1682 1473 1734 ὅτι
1528 1677 1716 1751 Οὗτός
1760 1684 1932 1739 ἐστιν
1970 1690 2003 1740 ό

430 1770 563 1836 Υἱός
597 1788 717 1840 μου
769 1773 803 1824 ὁ
842 1771 1181 1841 ἀγαπητός·
1224 1774 1409 1828 αὑτοῦ
1462 1774 1737 1829 ἀκούετε·
1775 1779 1868 1831 καὶ
1916 1779 2001 1833 ἵνα

419 1860 645 1932 γένηται
694 1860 854 1915 τοῦτο
906 1862 1211 1934 ὑπόδειγμα
1256 1868 1369 1929 τοῖς
1418 1866 1701 1936 μέλλουσιν
1742 1870 1799 1922 ἐν
1852 1871 2003 1941 αὐτῷ

420 1959 771 2027 φωτίζεσθαι,
800 1962 882 2014 ὅτι
933 1962 1434 2035 καταξιωθήσονται
1478 1962 1796 2033 Πνεύματος
1844 1964 2000 2031 ἁγίου

417 2051 478 2103 ἐν
505 2051 582 2123 τῷ
614 2052 824 2125 λουτρῷ
857 2054 958 2125 τῆς
1003 2055 1234 2125 δωρεᾶς,
1272 2057 1367 2109 καὶ
1407 2057 1655 2129 ἀφέσεως
1692 2058 1999 2129 ἁμαρτιῶν,

416 2141 638 2215 χάριτος
664 2144 765 2215 τῆς
790 2145 881 2199 ὑπ’
908 2146 1074 2201 αὐτοῦ
1095 2147 1360 2219 δοθείσης.

482 2412 615 2466 KA'.
664 2412 892 2483 Ἀφότου
924 2412 982 2467 δὲ
1023 2413 1094 2469 τὰ
1141 2413 1319 2467 τέλεια
1351 2412 1554 2484 ἤρξατο
1598 2415 1772 2468 ποιεῖν
1812 2412 2000 2486 θεοσή-

416 2524 547 2577 μεια
576 2508 634 2559 ὲν
668 2504 747 2577 τῷ
783 2504 961 2577 καιρῷ
996 2504 1091 2558 τοῦ
1131 2504 1510 2576 κηρύγματος,
1547 2504 1726 2560 Τοῦτο
1765 2505 2001 2574 πρῶτον

412 2598 667 2667 σημεῖον
700 2598 1001 2666 ἐποίησεν
1028 2599 1061 2651 6
1094 2597 1357 2666 Ἰησοῦς,
1386 2598 1569 2667 φησὶν,
1598 2597 1668 2651 ἐν
1697 2596 1863 2666 Κανᾷ
1888 2596 2000 2667 τῆς

411 2688 749 2756 Γαλιλαίας
768 2707 782 2720 ’
806 2689 926 2761 οὐχὶ
958 2689 1067 2761 πρὸ
1086 2689 1180 2742 τοῦ
1212 2682 1608 2760 βαπτίσματος,
1634 2689 1711 2753 ὡς
1738 2689 2000 2753 πολλάκις

411 2781 568 2852 ἔφην,
614 2781 728 2835 ἀλλ’
771 2782 859 2835 ὅτε
892 2781 1211 2852 άνέκαμψεν
1262 2781 1372 2835 ἀπὸ
1414 2780 1509 2833 τοῦ
1555 2780 1899 2853 πειρασμοῦ,
1928 2783 1996 2852 τῇ

410 2874 567 2945 τρίτῃ
600 2873 786 2945 ἡμέρᾳ
816 2873 954 2945 μετά
976 2874 1075 2937 τάς
1095 2873 1208 2937 δύο,
1231 2873 1409 2946 ἇσπερ
1440 2873 1661 2944 ἔμειναν
1691 2874 1821 2945 παρ’
1850 2872 1998 2944 αὐτῷ

407 2966 461 3019 oi
494 2966 586 3019 δύο
614 2967 855 3037 μαθηταὶ
874 2965 968 3020 τοῦ
1003 2967 1271 3029 Ἰωάννου,
1293 2968 1340 3019 οἱ
1367 2966 1720 3031 ἀκούσαντες,
1746 2967 1839 3031 καὶ
1862 2966 1996 3020 ἀκο-

410 3058 774 3130 λουθήσαντες
809 3058 979 3130 αὐτῷ.
1016 3060 1105 3123 Ὠς
1130 3059 1293 3122 εὐθὺς
1326 3058 1466 3129 μετά
1499 3059 1598 3122 τάς
1628 3058 1722 3112 δύο
1758 3059 1990 3131 ἡμέρας,

2116 594 2239 648 qua:
2298 577 2576 635 Christum
2637 579 2706 633 ad
2765 578 3060 633 Jordanem
3127 578 3350 632 ﬂuvium
3410 576 3464 637 in
3544 577 3696 631 illum
3762 576 3766 581 ’

2115 672 2467 727 descendisse
2500 673 2766 727 columbae
2798 672 2980 740 specie
3009 670 3325 741 praedicant.
3359 670 3540 735 Quare
3562 670 3701 723 duo-
3733 656 3749 732 ζ

2114 763 2328 818 decimo
2359 764 2535 819 aetatis
2573 778 2720 817 anno
2753 762 3044 817 manifeste
3088 761 3266 816 Lucas
3305 760 3359 815 id
3394 762 3697 831 expressit,

2113 855 2480 925 disputantem
2513 857 2664 911 illum
2691 871 2815 911 cum
2848 853 3247 919 sacerdotibus,
3295 867 3359 906 ac
3386 852 3700 908 senioribus

2113 946 2298 1001 Maria:
2326 947 2564 1002 dixisse:
2604 946 2932 1001 Nesciebatis
2986 945 3126 1012 quod
3176 944 3233 998 in
3264 943 3344 996 his
3373 960 3490 1013 qua:
3516 942 3697 996 Patris

2112 1041 2215 1095 mei
2263 1050 2385 1094 sunt
2446 1048 2649 1107 oportet
2701 1055 2783 1092 me
2819 1054 2931 1092 esse
2962 1037 3030 1089 '?
3069 1033 3140 1089 Ut
3186 1050 3377 1089 eorum
3424 1034 3693 1087 rationem

2109 1132 2448 1195 excluderet,
2484 1131 2576 1201 qui
2618 1130 2685 1185 ab
2724 1146 2788 1184 eo
2818 1132 3053 1200 primum
3086 1136 3352 1196 tempore,
3382 1140 3492 1194 quo
3516 1124 3695 1192 bapti-

2112 1232 2267 1279 zatus
2320 1232 2405 1279 est
2430 1265 2443 1289 ,
2482 1224 2745 1294 Spiritum
2787 1232 3038 1277 sanctum
3078 1220 3134 1273 in
3166 1220 3317 1273 illum
3351 1225 3549 1288 putant
3574 1230 3697 1271 esse

2110 1318 2436 1386 delapsum;
2495 1324 2720 1371 econtra
2779 1331 2910 1371 vero
2965 1315 3217 1371 homines
3297 1313 3694 1380 intelligerent,

2114 1409 2346 1465 Verbum
2375 1410 2553 1479 ipsum
2595 1425 2625 1464 e
2663 1409 2808 1464 ccelo
2838 1408 3178 1464 descendens
3205 1421 3426 1462 carnem
3457 1418 3487 1458 e
3526 1401 3695 1455 Maria

2105 1503 2375 1568 traxisse;
2405 1518 2639 1572 cumque
2664 1502 2730 1555 ad
2762 1501 3054 1556 Jordanem
3085 1500 3411 1556 accessisset
3441 1501 3693 1550 sanctum

2106 1613 2166 1651 se
2197 1597 2251 1650 in
2288 1597 2439 1650 illum
2472 1595 2745 1650 inl'udisse
2777 1594 3078 1665 Spiritum:
3110 1609 3220 1663 quo
3251 1601 3306 1646 et
3337 1589 3470 1644 illud
3508 1588 3686 1641 decla-

2106 1690 2214 1743 rari
2245 1697 2450 1759 posset,
2486 1689 2610 1759 quis
2649 1696 2799 1745 esset
2829 1688 2918 1742 ille
2953 1687 3020 1741 de
3055 1685 3218 1757 “3
3247 1699 3355 1753 quo
3386 1681 3546 1734 Pater
3578 1687 3691 1732 tam

2105 1783 2322 1853 insigne
2356 1782 2735 1836 testimonium
2772 1780 3042 1834 dedisset:
3080 1777 3184 1830 Hic
3234 1784 3310 1829 est
3338 1772 3514 1826 Filius
3546 1784 3691 1823 meus

2105 1875 2367 1939 dilectus;
2398 1875 2569 1943 ipsum
2599 1874 2779 1926 audite
2804 1871 2847 1925 ³.
2884 1870 3021 1925 lllud
3055 1884 3185 1925 vero
3214 1875 3475 1937 praeterea
3505 1878 3693 1918 exem-

2106 1968 2196 2039 plo
2231 1983 2355 2024 esse
2402 1982 2466 2021 ac
2496 1967 2828 2022 documento
2860 1964 3032 2019 voluit
3061 1963 3129 2017 iis
3157 2002 3172 2026 ,
3214 1960 3308 2030 qui
3365 1958 3548 2012 divina
3596 1967 3694 2023 per

2105 2062 2258 2116 illum
2298 2060 2420 2115 luce
2447 2058 2947 2131 perfunderentur;
2981 2056 3226 2110 futurum
3256 2051 3513 2113 omnino,
3547 2052 3692 2102 utxet

2105 2154 2210 2224 ipsi
2231 2152 2494 2223 Spiritum
2527 2161 2801 2216 sanctum,
2824 2164 2926 2204 nec
2958 2163 3065 2202 non
3089 2146 3313 2200 caeleste
3339 2140 3686 2201 beneﬁcium,

2104 2262 2169 2301 ac
2197 2254 2549 2317 peccatorum
2579 2245 2817 2307 veniam,
2836 2251 2889 2297 et
2917 2240 3373 2296 communicatam
3404 2234 3473 2289 ab
3496 2231 3691 2287 eodem

2103 2340 2335 2411 gratiam
2378 2338 2432 2391 in
2459 2338 2734 2407 baptismo
2768 2342 3257 2403 consequerentur.

2172 2425 2316 2484 XXI.
2362 2428 2469 2484 seu
2523 2428 2617 2482 ubi
2652 2427 2862 2496 majora
2904 2427 2996 2478 illa
3046 2422 3480 2495 perfectioraque
3524 2431 3692 2470 nitra-

2101 2524 2224 2579 cuia
2244 2521 2647 2593 praedicationis
2676 2535 2788 2573 suae
2819 2526 3062 2589 tempore
3088 2523 3173 2570 est
3195 2527 3486 2583 aggressus
3504 2550 3518 2573 ,
3546 2512 3685 2571 Hoc,

2103 2615 2315 2686 inquit,
2356 2615 2585 2684 primum
2636 2613 2845 2683 signum
2887 2612 3012 2680 fecit
3049 2610 3207 2663 Jesus
3246 2610 3301 2661 in
3348 2605 3502 2660 Cana
3546 2602 3692 2657 Gali-

2102 2709 2217 2764 ltete
2250 2707 2293 2762 ⁵.
2348 2707 2465 2761 Non
2510 2713 2638 2760 ante
2680 2705 3051 2774 baptismum,
3087 2708 3144 2755 ut
3196 2715 3340 2771 saepe
3392 2696 3548 2759 dixi,
3591 2692 3691 2749 sed

2102 2809 2216 2854 tum
2266 2799 2503 2869 primum
2556 2797 2609 2851 id
2667 2798 2911 2861 accidit,
2966 2803 3257 2866 postquam
3303 2808 3333 2846 a
3390 2789 3693 2844 tentatione

2098 2906 2358 2947 reversus
2412 2895 2538 2954 est,
2578 2889 2735 2941 tertia
2774 2887 3042 2957 diepost
3096 2884 3326 2939 biduum
3376 2880 3543 2944 illud,
3576 2892 3693 2948 quo

2098 2984 2260 3038 ambo
2304 2983 2446 3052 apud
2496 2984 2675 3053 ipsum
2727 2982 2934 3035 haesere
2984 2976 3213 3032 Joannis
3250 2973 3548 3044 discipuli,
3591 2970 3690 3040 qui

2098 3078 2154 3125 et
2189 3071 2480 3125 audierunt
2511 3072 2660 3124 ἰΙΙιιιη
2691 3110 2705 3133 ,
2753 3078 2804 3124 et
2861 3069 3037 3124 secuti
3093 3076 3241 3121 sunt.
3285 3064 3478 3119 Statim
3538 3063 3688 3117 enim

407 3151 476 3215 ἃς
531 3152 793 3222 ἐποίησαν
848 3153 977 3222 παρ’
1053 3152 1245 3223 αὐτῷ,
1288 3152 1572 3220 ἐπεισάγει
1623 3152 1824 3221 λέγων’
1885 3153 1992 3206 Καὶ

2101 3173 2224 3232 post
2261 3162 2513 3224 biduum,
2555 3178 2664 3232 quo
2694 3160 2837 3232 apud
2870 3160 3020 3213 illum
3050 3158 3140 3214 isti
3174 3154 3499 3212 commorati
3531 3160 3684 3215 sunt,

406 3243 668 3313 ἐξῆλθεν
687 3246 775 3311 είς
802 3244 918 3313 τὴν
939 3246 1295 3315 Γαλιλαίαν,
1326 3246 1425 3301 καὶ
1454 3245 1647 3313 εὑρὼν
1668 3247 1993 3309 Φίλιππον,

405 3331 605 3391 εἶπεν·
648 3336 979 3389 Ἀκολούθει
1005 3353 1126 3405 μοι.
1156 3332 1289 3390 Εἶτα
1320 3337 1506 3401 εὐθύς⁶
1543 3336 1622 3406 Τῇ
1655 3339 1821 3408 τρίτῃ
1846 3338 1993 3407 ἠμέ-

398 3444 479 3495 pa
509 3426 694 3497 γάμος
733 3426 971 3497 ἐγένετο
1002 3427 1074 3481 ἑν
1112 3426 1280 3493 Κανᾷ
1307 3426 1418 3497 τῆς
1452 3429 1805 3494 Γαλιλαίας.
1847 3427 1992 3481 Ἔδει

407 3520 515 3591 γὰρ
550 3520 711 3573 αὐτὸν
755 3519 1060 3573 ἀπελθόντα
1103 3520 1265 3583 εὐθὺς
1307 3520 1503 3591 γάμων
1547 3520 1883 3591 τελουμένων
1912 3522 1992 3585 είς

404 3613 504 3683 τὴν
543 3614 708 3685 τιμὴν
750 3612 915 3666 αὑτοῦ
948 3614 1214 3687 κληθῆναι
1265 3616 1350 3668 ἐπ’
1396 3613 1615 3686 εὐλογίᾳ
1657 3614 1750 3668 τοῦ
1789 3615 1986 3684 γάμου.

406 3707 515 3757 Καί
536 3724 668 3777 φησι
688 3724 700 3735 ·
726 3707 929 3775 Γάμος
958 3706 1194 3775 ἐγένετο
1225 3706 1299 3775 τῇ
1331 3708 1498 3776 τρίτῃ
1520 3707 1711 3776 ’ἡμέρᾳ
1730 3706 1801 3761 ἐν
1823 3703 1992 3773 Κανᾷ

404 3795 515 3863 τῆς
552 3799 919 3866 Γαλιλαίας·
949 3799 1045 3853 καί
1073 3796 1151 3869 ἦν
1180 3800 1219 3867 η
1241 3798 1441 3869 μήτηρ
1467 3799 1574 3854 τοῦ
1626 3799 1819 3867 Ἰησοῦ
1841 3797 1985 3851 ἐκεῖ.

418 3887 680 3956 Ἐκλήθη
707 3889 775 3941 δὲ
805 3890 903 3943 καί
939 3894 971 3944 ό
1003 3892 1242 3958 Ἰησοῦς
1294 3892 1392 3944 καὶ
1424 3895 1479 3945 οὶ
1511 3894 1772 3962 μαθηταί
1802 3889 1990 3946 αὐτοῦ

403 3982 458 4036 οὶ
495 3980 622 4049 μετ’
652 3982 839 4036 αὺτοῦ
877 3984 962 4048 είς
1004 3982 1113 4036 τὸν
1143 3982 1352 4052 γάμον.
1390 3985 1501 4038 Καὶ
1536 3984 1991 4053 ὑστερήσαντος

401 4071 604 4138 οἴνου,
650 4071 811 4141 λέγει
861 4075 900 4142 ἡ
941 4073 1139 4142 μήτηρ
1199 4073 1305 4128 τοῦ
1361 4074 1599 4143 Ἰησοῦ·
1655 4072 1834 4130 Οἶνον
1876 4081 1988 4132 οὐκ

401 4166 636 4234 έχουσι.
687 4165 795 4219 Καὶ
821 4166 986 4234 λέγει
1035 4164 1192 4234 αὐτῇ
1230 4168 1263 4219 ό
1304 4165 1578 4233 Ἰησοῦς·
1635 4168 1697 4222 Τί
1719 4168 1850 4238 ἐμοὶ
1888 4170 1989 4223 καὶ

402 4258 522 4320 σοὶ,
555 4259 767 4327 quirat;
807 4260 970 4311 οῠπω
998 4259 1128 4326 ἣκει
1157 4261 1195 4328 ἡ
1219 4258 1339 4327 ὥρα
1363 4277 1503 4328 μου.

474 4345 628 4403 Μετά
672 4350 734 4402 τὸ
780 4350 953 4404 ἐλθεῖν
1004 4351 1167 4403 αὐτὸν
1213 4351 1323 4404 ἀπὸ
1370 4351 1463 4404 τοῦ
1500 4352 1846 4425 πειρασμοῦ,
1895 4354 1987 4408 καὶ

402 4442 630 4496 διελθεῖν
679 4443 767 4496 διὰ
809 4443 909 4512 τῆς
956 4442 1229 4513 θαλάσσης
1277 4444 1370 4496 καὶ
1420 4443 1513 4496 τοῦ
1549 4445 1838 4516 Ἰορδάνου,
1888 4445 1986 4516 τὴν

2100 3254 2358 3324 subjicit:
2402 3254 2469 3308 Et
2495 3256 2624 3308 abiit
2658 3256 2714 3309 in
2742 3253 3025 3308 Galilazam
3046 3293 3059 3316 ,
3088 3261 3138 3306 et
3171 3251 3438 3305 inveniens
3479 3246 3684 3315 Pltitip-

2096 3360 2221 3415 pum
2289 3344 2472 3398 dixit:
2532 3344 2756 3416 Sequere
2812 3362 2893 3398 me
2940 3345 2983 3397 ⁸.
3042 3342 3295 3398 Deinde:
3360 3339 3541 3393 Tertia
3601 3336 3691 3390 die

2096 3437 2295 3505 nuptiae
2345 3436 2503 3506 facta:
2538 3446 2659 3489 sunt
2706 3437 2762 3490 in
2793 3435 2938 3491 Cana
2970 3431 3230 3489 Galilww.
3266 3431 3545 3502 Siquidem
3588 3445 3687 3500 par

2094 3535 2214 3582 erat
2291 3527 2440 3581 illum
2485 3567 2498 3589 .
2579 3543 2706 3581 cum
2797 3526 3146 3592 discederet,
3227 3524 3689 3587 commodtmque

2094 3616 2299 3685 nuptiae
2333 3616 2764 3682 celebrarentur,
2799 3615 3027 3670 honoris
3056 3630 3224 3670 causa
3260 3613 3328 3668 ad
3353 3612 3573 3668 easdem
3602 3612 3689 3664 iu-

2091 3708 2289 3772 vitari,
2328 3709 2405 3761 uti
2446 3709 2656 3778 nuptiis
2708 3709 3076 3764 benedicerct.
3118 3706 3300 3773 Quare
3330 3708 3406 3761 ita
3458 3703 3683 3760 scribit:

2095 3797 2314 3868 Nuptiae
2344 3800 2500 3867 facta:
2540 3811 2661 3853 sunt
2708 3803 2865 3855 tertia
2908 3801 2992 3855 die
3030 3802 3087 3855 in
3125 3798 3278 3854 Cana
3316 3797 3574 3852 Galiiaew.
3613 3795 3686 3850 Et

2090 3899 2205 3943 erat
2240 3903 2411 3945 mater
2446 3890 2572 3945 Jesu
2604 3892 2699 3945 ibi.
2741 3891 2971 3946 Vocatus
3001 3903 3078 3946 est
3119 3901 3294 3944 autem
3328 3901 3373 3943 et
3409 3887 3601 3952 Iesus,
3633 3896 3684 3941 et

2090 3979 2342 4048 discipuli
2388 3979 2502 4047 ejus
2552 3980 2621 4032 ad
2678 3983 2910 4048 nuptias.
2974 3980 3264 4050 Deﬁciente
3314 3988 3491 4033 autem
3541 3981 3682 4046 tino,

2089 4072 2220 4124 dicit
2264 4079 2435 4124 mater
2465 4069 2634 4125 Jesu:
2691 4071 2877 4124 Vinum
2925 4088 3027 4125 non
3078 4071 3289 4125 habent.
3336 4071 3478 4124 Dicit
3516 4072 3563 4125 ei
3588 4070 3684 4126 Je-

2090 4179 2217 4218 sus:
2249 4163 2391 4230 Quid
2430 4163 2561 4217 mihi
2593 4172 2645 4218 et
2679 4161 2795 4227 tibi,
2839 4164 3074 4219 mulier?
3114 4162 3348 4217 nondum
3389 4164 3525 4217 venit
3550 4164 3682 4219 hora

2089 4272 2207 4310 mea
2246 4257 2286 4309 ⁸.

2161 4349 2295 4413 Quae
2321 4356 2437 4402 tum
2461 4357 2613 4419 gesta
2643 4354 2794 4412 sunt,
2830 4363 2955 4403 cum
2984 4357 3108 4418 post
3129 4355 3509 4413 tentationem,
3539 4348 3680 4402 mari

2091 4454 2155 4493 ac
2185 4438 2424 4496 Jordane
2463 4440 2693 4509 trajectu
2715 4479 2729 4504 ,
2758 4440 2860 4495 iter
2891 4440 2947 4494 in
2974 4439 3208 4510 patriam
3239 4439 3544 4503 convertit,
3573 4437 3682 4492 Na-

401 4534 576 4607 ὁρμὴν
611 4537 903 4607 ἐσχηκότος
946 4536 1038 4591 ἐπὶ
1082 4535 1149 4590 τά
1181 4536 1378 4601 οἰκεῖα,
1411 4536 1662 4597 ἀπελθὼν
1720 4538 1848 4592 ἔνθα
1893 4541 1987 4592 ἁν-

2099 4539 2335 4587 zaretum
2366 4531 2596 4597 scilicet,
2629 4533 2718 4587 ubi
2749 4532 3017 4588 educatus
3055 4546 3087 4586 a
3125 4539 3299 4587 matre
3338 4531 3536 4587 fuerat.
3574 4529 3681 4587 Ubi

401 4629 615 4700 ετράφη
652 4630 789 4702 πρὸς
826 4631 925 4699 τὴν
973 4630 1184 4700 μητέρα
1228 4631 1285 4682 ἐν
1330 4629 1619 4702 Ναζαρὲτ,
1655 4632 1751 4684 καὶ
1805 4650 1987 4703 παρα-

405 4722 595 4792 μείνας
635 4721 729 4774 δύο
774 4721 998 4792 ἡμερῶν
1030 4722 1079 4787 ί,
1112 4721 1300 4774 λοιπὸν
1354 4723 1713 4794 ἐπειγομένου
1756 4727 1836 4788 είς
1887 4724 1985 4796 τὴν

403 4813 673 4883 σωτηρίαν
700 4813 808 4865 τῶν
847 4813 1170 4886 ἀνθρώπων,
1198 4812 1292 4866 τοῦ
1327 4814 1683 4886 κηρύγματος
1715 4815 1983 4887 ἄρξασθαι

399 4906 796 4977 ἐπιμελεῖσθαι.
825 4907 935 4959 Καὶ
959 4907 1140 4977 ἔμεινε
1173 4909 1271 4977 μὲν
1300 4908 1391 4962 δύο
1420 4910 1655 4980 ἡμέρας.
1685 4909 1773 4962 διὰ
1809 4911 1870 4962 τὸ
1894 4909 1984 4964 διὰ

399 4997 593 5067 χρόνου
615 4998 827 5068 ἡκέναι,
870 4997 1008 5069 ἔχων
1044 4998 1163 5069 μεθ’
1189 4999 1382 5051 ἑαυτοῦ
1418 4998 1510 5063 οὓς
1537 4999 1637 5070 ἤδη
1676 5001 1984 5071 παρείληφε

402 5090 651 5162 μαθητὰς
675 5133 689 5155 ,
729 5090 1005 5155 ἀπολύσας
1050 5094 1176 5156 τοὺς
1209 5093 1302 5145 δύο
1334 5093 1460 5155 τοὺς
1510 5093 1985 5166 ἀκολουθήσαντας

390 5181 571 5252 αὐτῷ,
601 5181 762 5244 εὐθὺς
794 5182 885 5233 ἐπὶ
924 5181 1020 5252 τὴν
1055 5182 1343 5236 Γαλιλαίαν
1387 5181 1621 5247 ἐξελθεῖν
1653 5182 1741 5234 διὰ
1781 5182 1841 5235 τὸ
1875 5183 1979 5253 κή-

398 5290 606 5345 ρυγμα,
631 5274 726 5326 καὶ
748 5273 809 5326 τὸ
839 5273 998 5345 ἔργον
1021 5274 1116 5328 τοῦ
1148 5275 1309 5345 θεοση
1318 5276 1490 5345 μείου,
1514 5274 1608 5328 τοῦ
1631 5277 1689 5328 ἐν
1708 5275 1785 5345 τῷ
1814 5277 1978 5346 γάμῳ

396 5364 850 5428 ὲπιτελεσθέντος.
911 5365 1084 5417 Βλέπε
1141 5365 1250 5436 γὰρ
1310 5364 1428 5429 πῶς
1479 5364 1903 5433 ὲπασφαλίζεται
1950 5369 1978 5418 6

394 5457 574 5527 λόγος,
608 5459 683 5523 ὡς
699 5457 996 5529 Ἰωάννηςὸ
1019 5457 1329 5527 Βαπτιστὴς
1367 5460 1653 5528 μαρτυρεῖ,
1684 5456 1877 5525 λέγων,
1902 5458 1978 5521 ὡς

2092 4638 2218 4678 cum
2253 4622 2481 4680 biduum
2514 4625 2765 4681 haesisset
2796 4664 2811 4689 ,
2845 4631 3096 4679 humanae
3146 4624 3337 4680 salutis
3367 4624 3551 4679 studio
3577 4639 3679 4677 cu-

2093 4731 2265 4786 raque
2313 4731 2616 4774 succensus
2656 4717 2991 4788 praedicandi
3046 4733 3248 4773 munus
3286 4717 3439 4772 obire
3487 4716 3674 4787 coepit.

2092 4809 2324 4864 Biduum
2355 4811 2520 4882 igitur
2550 4810 2750 4866 ibidem
2787 4827 3017 4867 manens
3042 4853 3059 4878 ,
3118 4811 3265 4882 quod
3315 4811 3477 4877 longo
3509 4809 3677 4865 inter-

2092 4902 2235 4957 vallo
2286 4902 2563 4967 redierat,
2606 4902 3005 4973 discipulorum
3062 4902 3303 4973 aliquot,
3362 4915 3503 4971 quos
3561 4900 3677 4970 jam

2094 4995 2383 5058 asciverat,
2438 4994 2705 5050 comitatu
2758 5005 2989 5064 septus,
3032 4994 3293 5060 duobus,
3347 4994 3441 5063 qui
3500 4992 3675 5047 secuti

2093 5096 2292 5152 erant,
2333 5087 2585 5142 remissis
2615 5126 2629 5150 ,
2682 5087 2867 5142 statim
2917 5086 2975 5140 in
3012 5084 3289 5140 Galilaeam
3342 5083 3676 5154 praedicandi

2088 5195 2255 5235 causa
2289 5179 2569 5250 profectus
2598 5187 2711 5234 est:
2754 5178 2919 5235 simul
2951 5185 3011 5232 ut
3046 5178 3355 5248 prodigium
3384 5176 3518 5230 illud
3546 5190 3676 5231 eue-

2088 5280 2170 5327 rct
2199 5313 2214 5337 ,
2247 5273 2394 5343 quod
2446 5274 2503 5327 in
2540 5273 2748 5343 nuptiis
2785 5273 2854 5326 ab
2892 5287 2958 5326 eo
3008 5272 3212 5325 factum
3252 5269 3503 5340 legimus.
3535 5266 3676 5323 Vide

2086 5373 2292 5435 quanta
2323 5380 2449 5420 eum
2472 5365 2967 5436 circumspectione
2997 5363 3141 5420 istud
3176 5364 3357 5434 ipsum
3385 5362 3673 5432 Scriptura

2086 5458 2468 5523 declaraverit,
2494 5459 2956 5529 quemadmodum
2974 5458 3213 5514 Joannes
3237 5468 3497 5529 tanquam
3525 5457 3671 5511 facto

394 5550 788 5621 παρῳχηκότος
834 5550 933 5620 ήδη
969 5548 1063 5603 τοῦ
1100 5550 1279 5619 λόγου,
1315 5551 1398 5603 ὅτι
1444 5548 1616 5619 Κάγὼ
1658 5551 1771 5603 οὐκ
1810 5549 1979 5619 ᾔδειν

2099 5567 2194 5612 iam
2227 5568 2481 5608 sermone
2512 5560 2749 5606 testetur
2774 5553 2860 5607 his
2891 5553 3105 5607 verbis:
3136 5550 3206 5604 Et
3244 5567 3334 5620 ego
3373 5549 3669 5623 nesciebam

391 5642 615 5697 αὐτόν·
653 5641 814 5697 ἀλλὰ
856 5645 888 5697 ό
925 5642 1169 5713 πέμψας
1215 5660 1290 5713 με
1319 5640 1630 5707 βαπτίζειν
1677 5638 1807 5696 εἶπέ
1836 5661 1973 5712 μοι’

471 5799 488 5833 ¹
512 5797 574 5855 F.
607 5800 843 5873 ἡμέρας.

922 5803 940 5835 ³
971 5798 1102 5859 Luc.
1140 5818 1201 5869 ιι,
1232 5802 1317 5858 49.
1396 5802 1414 5835 ³
1448 5802 1635 5859 Matth.
1664 5819 1797 5872 vvtt,
1958 5807 1975 5838 ὀ
2006 5804 2162 5860 Juau.
2198 5822 2257 5873 Il,
2290 5808 2371 5861 ll.

2086 5644 2274 5708 illum;
2311 5644 2400 5699 sed
2433 5646 2522 5715 qui
2550 5645 2693 5698 misit
2720 5661 2800 5697 me
2835 5645 3108 5714 baptizare
3141 5644 3278 5697 dixit
3306 5643 3470 5697 mihi:
3503 5643 3672 5711 Super

2452 5810 2470 5837 ⁵
2502 5806 2655 5863 loan.
2696 5824 2734 5873 ι,
2765 5808 2853 5864 43.
2934 5807 2953 5840 ⁸
2986 5805 3142 5863 Joan.
3180 5823 3240 5874 tt,
3274 5806 3291 5861 Ι
3333 5821 3458 5879 sqq.
