4176 6386
474 397 566 456 927

1875 405 1934 466 S.
1997 405 2339 462 EPIPIIANII

3623 405 3731 463 9ἳὲ

477 531 630 584 quem
659 515 852 571 videris
890 514 1152 584 Spiritum
1185 517 1238 569 in
1269 517 1436 584 specie
1460 519 1716 574 columba:
1757 519 2064 574 descenden-

2180 522 2305 591 Ἐφ’
2336 521 2408 575 δν
2455 521 2532 576 ἂν
2576 521 2712 590 ῑδῃς
2733 520 2801 574 τὸ
2831 520 3070 589 Πνεῦμα
3105 521 3174 574 ἐν
3206 520 3349 574 εῖδει
3379 519 3731 588 περιστερᾶς

482 618 584 661 tem
607 649 622 670 ,
673 607 757 660 hic
807 616 886 660 est
921 611 963 662 '.
994 606 1258 661 Joannem
1287 608 1487 677 quippe
1530 610 1845 679 baptizandi
1885 611 2058 680 gratia

480 699 704 752 mittens
737 697 899 752 Pater
943 699 1042 752 hoc
1075 699 1124 752 ei
1163 700 1376 767 signum
1410 702 1713 768 praebuerat
1742 720 1756 767 ;
1794 718 1859 756 ex
1897 700 2062 773 444

481 801 592 857 quo
647 785 986 841 Salvatorem
1034 788 1184 840 illum
1233 787 1300 841 de
1354 790 1552 844 animis
1605 791 1813 843 nostris
1858 793 2061 860 Optime

483 876 740 930 meritum
794 885 1150 946 agnosceret,
1183 879 1273 947 qui
1323 877 1391 931 de
1429 880 1570 932 coelo
1603 880 1802 935 missus
1831 884 1884 934 in
1918 882 2061 936 hunc

482 968 669 1022 orbem
705 969 962 1023 venisset.
997 968 1361 1034 Quamobrem
1405 986 1471 1024 ex
1505 970 1811 1024 istiusmodi
1837 973 2061 1027 veritate

486 1059 920 1129 Scripturarum,
957 1071 1321 1131 accurateque
1364 1063 1574 1115 ratione
1609 1062 1659 1114 id
1694 1079 1863 1131 genus
1894 1065 2062 1118 homi-

486 1167 585 1206 nes
617 1153 868 1222 redargui
910 1165 1180 1222 possunt;
1215 1169 1279 1207 ac
1308 1156 1609 1224 praesertim
1645 1170 1712 1207 ex
1748 1171 1798 1208 Iv
1838 1170 2062 1225 evange-

487 1244 738 1298 listarum
774 1260 1069 1300 consensu.
1111 1244 1281 1299 Nemo
1323 1248 1465 1300 enim
1517 1247 1608 1316 qui
1665 1248 1882 1316 quidem
1919 1258 2062 1302 recte

487 1338 708 1396 sentiat,
750 1336 1046 1402 rejicienda
1081 1337 1167 1388 illa
1194 1338 1296 1390 sibi
1323 1338 1692 1407 persuadebit,
1729 1356 1848 1408 quae
1878 1356 1907 1392 a
1941 1338 2064 1408 Spi-

489 1427 598 1479 ritu
647 1438 840 1482 sancto
871 1428 925 1481 in
975 1429 1341 1484 sacrosanctis
1383 1429 1688 1502 Evangeliis
1720 1433 2063 1487 exactissime

491 1527 620 1572 sunt
653 1527 893 1586 peracta.

559 1607 722 1662 XXII.
763 1609 1031 1664 Caeterum
1070 1627 1134 1665 ex
1169 1611 1275 1664 alio
1304 1619 1566 1680 praeterea
1599 1613 1776 1682 capite
1810 1623 2061 1668 sanctum

489 1702 902 1772 evangelistam,
945 1703 1029 1756 vel
1073 1703 1247 1772 ipsius
1287 1705 1466 1774 potius
1501 1703 1851 1775 Evangelium
1883 1721 2059 1759 accu—

489 1799 649 1859 sant;
684 1795 976 1862 quoniam,
1012 1795 1267 1865 inquiunt
1292 1837 1306 1858 ,
1335 1795 1573 1851 Joannes
1602 1797 1710 1851 duo
1739 1798 1807 1852 ab
1845 1798 2063 1852 Christo

2160 613 2487 682 ἐρχόμενον
2526 614 2616 667 ἐπ’
2652 612 2875 677 αὐτὸν,
2922 610 3098 678 οὗτός
3141 614 3328 666 ἐστιν.
3364 613 3728 666 Ἀποστέλλων

2162 705 2270 775 γὰρ
2299 706 2327 756 6
2355 705 2544 776 Πατὴρ
2573 704 2663 757 τὸν
2707 706 2958 773 Ἰωάννην
2988 703 3288 773 βαπτίζειν,
3312 704 3468 758 τούτο
3499 704 3644 774 αὐτῷ
3670 705 3731 756 τὸ

2164 799 2388 866 σημεῖον
2411 797 2742 868 ἐδωρήσατο,
2769 799 2856 863 ἵν’,
2889 799 3016 851 ὅταν
3047 799 3153 871 ἴδῃ,
3185 798 3392 867 ἐπιγνῷ
3408 798 3498 850 τὸν
3524 796 3731 852 άνωθεν

2162 888 2219 937 ἐν
2253 887 2328 956 τῷ
2367 887 2558 958 κόσμῳ
2607 889 3001 953 ἀποσταλέντα,
3032 890 3258 959 Σωτῆρα
3299 889 3393 941 καὶ
3440 889 3730 960 εὐεργέτην

2160 975 2267 1027 τῶν
2293 978 2574 1047 ἡμετέρων
2602 977 2806 1046 ψυχῶν.
2836 978 3251 1048 Ἀνατρέπονται
3277 978 3452 1030 τοίνυν
3482 980 3530 1030 oi
3555 977 3730 1030 τοιού-

2161 1083 2241 1118 τοι
2266 1067 2372 1118 ἀπὸ
2403 1068 2501 1137 τῆς
2527 1067 2786 1138 ἀληθείας
2819 1067 2927 1121 τῶν
2969 1069 3222 1121 τοιούτων
3260 1070 3296 1120 Γ
3303 1068 3486 1140 ραιρῶν
3511 1068 3603 1120 καὶ
3631 1064 3732 1138 τῆς

2163 1156 2448 1226 ἀκριϐείας
2474 1176 2487 1189 ’
2514 1157 2748 1226 μάλιστα
2795 1157 2902 1209 ἀπὸ
2932 1159 3032 1227 τῆς
3068 1155 3383 1226 συμφωνίας
3410 1154 3516 1207 τῶν
3540 1154 3732 1206 τεσσά-

2165 1265 2273 1318 ρων
2314 1249 2736 1317 εὐαγγελιστῶν.
2785 1249 2860 1302 Οὐ
2894 1250 3002 1318 γάρ
3038 1265 3119 1312 τις
3169 1248 3280 1301 τῶν
3331 1246 3732 1318 εὐφρονούντων

2162 1339 2453 1392 ἀποϐάλλοι
2487 1340 2556 1393 τά
2584 1340 2661 1410 τῷ
2705 1340 2844 1410 ἁγίῳ
2869 1339 3145 1409 Πνεύματι
3181 1341 3236 1392 ὲν
3269 1341 3381 1401 τοῖς
3422 1336 3593 1408 ἁγίοις
3623 1337 3730 1392 Εὐο

2163 1432 2435 1500 αγγελίοις
2463 1433 2703 1504 ἀκριϐῶς
2728 1435 2904 1504 πάντη
2935 1432 3498 1504 πεπραγματευμένα.

2232 1612 2358 1664 KB'.
2401 1611 2780 1682 Κατηγοροῦσι
2803 1613 2858 1666 δὲ
2881 1613 3040 1667 πάλιν
3063 1614 3172 1684 (44)
3200 1614 3248 1665 oi
3279 1613 3431 1666 αὐτοὶ
3458 1611 3550 1665 τοῦ
3578 1613 3732 1680 ἁγίου

2161 1705 2567 1773 εὐαγγελιστοῦ,
2602 1706 2798 1776 μᾶλλον
2828 1707 2885 1760 δὲ
2916 1706 3008 1760 τοῦ
3033 1707 3206 1759 αὐτοῦ
3230 1704 3591 1774 Εὐαγγελίου,
3630 1705 3731 1767 ὅτι,

2166 1797 2348 1864 φησιν,
2379 1798 2408 1848 6
2441 1798 2690 1869 Ἰωάννης
2718 1799 2818 1870 ἔφη
2849 1802 2977 1871 περὶ
3003 1800 3094 1852 δυο
3116 1798 3346 1868 Πασχῶν
3375 1799 3464 1850 τὸν
3509 1796 3735 1867 Σωτῆρα

487 1885 760 1939 celebrata
793 1885 1059 1942 Paschata
1111 1897 1542 1955 commemorat,
1573 1905 1696 1944 cum
1731 1891 1896 1946 unius
1928 1891 2061 1944 dun-

2167 1891 2522 1959 πεποιηκότα.
2555 1892 2603 1944 οἱ
2648 1891 2704 1944 δὲ
2742 1891 2891 1944 ἄλλοι
2941 1891 3324 1960 εὐαγγελισταὶ
3375 1890 3502 1961 περὶ
3549 1890 3737 1959 Πάσχα

489 1985 640 2030 taxat
663 1980 846 2033 caeteri
887 1982 1217 2034 mentionem
1252 1981 1499 2035 fecerint.
1535 1981 1645 2036 Nec
1677 1983 1804 2036 illud
1837 1983 2064 2053 ineptis-

489 2069 615 2122 simi
655 2069 902 2125 homines
957 2071 1436 2134 animadvertunt,
1492 2088 1598 2126 non
1650 2075 1758 2128 duo
1799 2073 1974 2127 solum
2010 2074 2064 2126 in

488 2159 796 2231 Evangeliis
843 2161 1108 2217 Paschata
1149 2164 1580 2233 comprehendi,
1630 2166 1723 2220 sed
1773 2165 1839 2218 ad
1882 2166 2066 2234 priora

489 2253 580 2308 illa
610 2253 720 2308 duo
752 2255 971 2310 tertium
1002 2254 1283 2318 accedere,
1326 2256 1379 2310 in
1411 2273 1520 2326 quo
1547 2256 1798 2311 Salvator
1829 2265 1913 2312 est
1941 2273 2067 2328 pas-

488 2361 586 2400 sus
612 2386 626 2410 ,
660 2352 719 2400 ut
750 2347 974 2400 omnino
1000 2347 1102 2399 tria
1132 2347 1243 2400 sint
1281 2351 1374 2401 toti
1400 2348 1473 2402 illi
1500 2349 1902 2417 praedicationis
1933 2356 2068 2403 tem-

488 2439 605 2508 pori
647 2439 953 2495 tribuenda.
985 2438 1196 2493 Etenim
1225 2439 1408 2494 statim
1447 2450 1504 2493 ut
1533 2455 1562 2492 a
1591 2438 1829 2495 Jordane
1858 2440 2068 2510 digres-

487 2548 585 2587 sus
614 2539 732 2596 est,
767 2542 881 2585 erat
903 2572 918 2596 ,
961 2541 1019 2585 ut
1049 2548 1078 2584 a
1115 2530 1261 2585 Luca
1293 2534 1558 2602 scriptum
1592 2544 1707 2598 est,
1746 2531 1902 2586 Jesus
1941 2533 2067 2585 inci-

485 2625 634 2677 *δίεπε
665 2639 776 2678 esse
803 2625 956 2694 quasi
1000 2641 1258 2678 annorum
1304 2641 1433 2687 xxx,
1475 2627 1640 2694 ﬁlius,
1665 2633 1721 2678 ut
1755 2624 2064 2694 putabatur.

485 2713 711 2785 Jcseph,
760 2716 850 2785 qui
901 2717 1002 2784 fuit
1044 2716 1207 2780 Eli‘,
1249 2727 1354 2772 etc.
1397 2718 1556 2772 Anno
1596 2719 1798 2788 quippe
1836 2717 2066 2788 Augusti

487 2807 834 2878 imperatoris
867 2824 974 2862 ml
1009 2820 1168 2864 natus
1195 2819 1278 2864 est
1317 2809 1602 2872 Christus,
1635 2812 1726 2879 qui
1769 2817 1886 2862 erat
1912 2825 2063 2872 xxix,

486 2917 552 2954 cx
576 2917 684 2970 quo
717 2898 947 2954 Romani
989 2901 1094 2955 sibi
1121 2900 1338 2956 ιιιιιίίυοε
1372 2901 1751 2970 adjunxerant.
1788 2901 2065 2971 Siquidem

485 2994 768 3060 Augustus
813 3008 909 3046 xm
964 2994 1123 3048 annis
1172 2993 1499 3063 imperavit,
1557 3002 1850 3062 antequam
1881 2991 2067 3046 Judaia

484 3086 706 3153 penitus
749 3093 896 3139 esset
927 3083 1192 3140 Romanis
1242 3086 1518 3154 adjuncta.
1576 3084 1902 3154 Quanquam
1948 3091 2068 3154 post

488 3190 665 3229 annos
695 3174 841 3239 fere,
895 3189 1058 3241 quam
1100 3173 1373 3242 imperare
1407 3180 1649 3243 cmperat
1672 3213 1685 3234 ,
1732 3174 1852 3243 plus
1886 3175 2067 3229 minus

488 3275 727 3336 quatuor
771 3266 949 3322 [(edus
989 3268 1131 3323 inter
1163 3266 1442 3321 Romanos
1483 3282 1548 3320 ac
1594 3263 1815 3320 Judzeos
1867 3265 2065 3320 initum

489 3361 685 3424 fuerat,
721 3359 1036 3428 auxiliaque
1057 3359 1353 3414 submissa.
1393 3358 1538 3423 Quin
1571 3369 1624 3412 et
1655 3366 1978 3427 procurator
2012 3359 2066 3412 in

485 3446 674 3503 Iudaea
725 3449 1093 3514 constitutus,
1149 3465 1213 3504 ac
1245 3449 1495 3504 nonnihil
1536 3449 1864 3503 tributorum
1904 3449 2068 3520 quin-

487 3556 594 3608 que
619 3540 1010 3610 propemodum
1047 3542 1208 3597 annis
1257 3540 1523 3595 indictum
1545 3581 1559 3604 ,
1591 3541 1765 3596 donec
1794 3539 2068 3596 Romano-

488 3648 608 3684 rum
637 3631 831 3686 ditioni
860 3637 1021 3687 cessit
1045 3634 1260 3702 penitus
1285 3673 1298 3695 ,
1334 3641 1387 3687 et
1419 3633 1645 3686 omnino
1671 3634 1952 3703 vectigalis
1985 3641 2068 3689 est

489 3723 654 3784 facta,
685 3737 808 3774 cum
835 3721 949 3791 jam
992 3722 1267 3792 principes
1301 3738 1330 3776 e
1361 3723 1505 3776 tribu
1532 3720 1686 3776 Judze
1714 3723 2064 3789 defecissent,

487 3826 542 3866 et
574 3811 816 3868 Herodes
845 3829 910 3868 ex
939 3815 1213 3884 gentibus.
1256 3812 1351 3868 sed
1385 3821 1564 3869 tamen
1608 3815 1940 3885 proselytus.
1982 3832 2068 3871 re-

489 3920 656 3968 gnum
687 3905 976 3960 obtineret.
1029 3903 1225 3960 Postea
1259 3921 1387 3959 vero
1435 3905 1691 3962 Christus
1734 3907 2066 3964 Bethlehemi

485 3994 688 4050 Jadaaa:
707 4005 870 4051 natus
896 4006 1000 4062 est,
1031 4003 1084 4051 et
1108 3997 1175 4050 ad
1209 3997 1600 4066 auspicandum
1625 4000 2065 4069 praedicationem

487 4088 730 4169 prodiit;
797 4103 908 4160 quo
963 4096 1206 4158 tempore
1256 4089 1463 4144 Christi
1518 4089 1688 4144 duces
1755 4093 1916 4162 plane
1971 4092 2068 4148 de-

561 4227 578 4253 '
598 4222 760 4281 Joan.
792 4240 833 4290 ι,
859 4223 948 4279 55.
1026 4224 1050 4255 '
1077 4221 1212 4278 Luc.
1249 4239 1330 4291 tn,
1351 4225 1444 4281 9.5.

559 4359 670 4428 (44)
713 4357 1126 4428 Κατηγοροῦσι
1164 4357 1233 4412 δὲ
1266 4359 1474 4414 πάλιν.
1529 4359 1748 4414 Nullum
1780 4369 1865 4415 est
1894 4362 1948 4416 in
1980 4362 2066 4418 his

489 4429 646 4488 libris
701 4439 1102 4500 argumentum,
1145 4430 1200 4500 in
1241 4447 1350 4500 quo
1381 4432 1667 4485 tractando
1708 4431 1830 4499 plus
1888 4448 2067 4500 operae

490 4515 555 4552 ac
589 4500 751 4570 studii
774 4499 991 4570 navarit
1010 4499 1366 4568 Epiphanius,
1392 4516 1554 4570 quam
1587 4503 1638 4554 in
1661 4517 1722 4555 ea
1738 4499 2061 4570 qurestione,

2166 1980 2303 2042 ἑνός.
2341 1980 2450 2033 Καὶ
2485 1981 2586 2033 οὐκ
2633 1981 2839 2035 οἴδασιν
2873 1985 2921 2035 οἱ
2971 1983 3196 2046 ἰδιῶται,
3228 1983 3309 2035 ὅτι
3349 1981 3410 2034 οὐ
3461 1981 3616 2051 μόνον
3647 1978 3739 2032 δύο

2168 2072 2360 2141 Πάσχα
2395 2071 2648 2143 ὁμολογεῖ
2675 2073 2742 2126 τὰ
2781 2075 3109 2142 Εὐαγγέλια,
3141 2073 3278 2128 ἀλλὰ
3307 2072 3399 2126 δύο
3423 2072 3521 2143 μὲν
3550 2071 3738 2142 πρῶτα

2166 2162 2344 2230 λέγει,
2396 2165 2490 2217 καὶ
2535 2165 2668 2220 αὐτὸ
2701 2166 2758 2219 δὲ
2801 2167 2860 2219 ἐν
2902 2158 2946 2233 ᾧ
2990 2165 3255 2219 πέπονθεν
3287 2165 3316 2218 6
3360 2165 3576 2235 Σωτὴρ,
3614 2162 3739 2233 τρία

2167 2253 2358 2324 Πάσχα
2391 2255 2500 2308 τῶν
2551 2257 2608 2309 ἐν
2653 2255 2732 2328 τῷ
2783 2256 3095 2329 κηρύγματι
3139 2255 3737 2328 πεπραγματευμένων.

2168 2345 2342 2408 Εὐθὺς
2377 2345 2488 2417 γὰρ
2517 2347 2626 2400 ἀπὸ
2657 2347 2751 2400 τοῦ
2800 2348 3087 2417 Ἰορδάνου,
3117 2349 3192 2412 ὡς
3231 2350 3259 2401 6
3304 2347 3517 2410 Λουκᾶς
3555 2361 3738 2416 φησιν,

2167 2433 2246 2508 ἦν
2291 2441 2324 2492 ὁ
2367 2440 2607 2505 Ἰησοῦς
2652 2441 2984 2510 ἀρχόμενος
3058 2435 3211 2493 εἶναι
3257 2440 3336 2506 ὡς
3383 2438 3536 2491 ἑτῶν
3582 2437 3740 2505 τριά-

2169 2547 2372 2596 κοντα,
2413 2531 2498 2584 ὢν
2540 2531 2690 2598 υίὸς,
2733 2532 2814 2599 ὠς
2849 2532 3166 2602 ἐνομίζετο,
3209 2531 3314 2585 τοῦ
3359 2530 3591 2599 Ἰωσὴφ,
3635 2529 3741 2583 τοῦ

2183 2620 2336 2683 Ἠλὶ,
2389 2620 2484 2672 καὶ
2529 2621 2623 2675 ἐπὶ
2672 2621 2743 2675 τά
2787 2623 3062 2694 ἀνωτέρω.
3113 2621 3370 2676 Γεννᾶται
3416 2622 3513 2693 μὲν
3561 2619 3669 2692 γὰρ
3713 2619 3743 2672 6

2168 2709 2356 2782 Σωτὴρ
2397 2710 2474 2782 τῷ
2521 2712 2937 2784 τεσσαρακοστῷ
2984 2712 3223 2786 δευτέρῳ
3276 2713 3384 2767 ἔτει
3429 2711 3740 2782 Αὐγούστου

2171 2800 2432 2870 βασιλέως
2477 2803 2584 2858 τῶν
2629 2805 2953 2875 Ῥωμαίων
2984 2807 3122 2878 ὅπερ
3161 2802 3228 2878 ἦν
3278 2805 3564 2876 Ῥωμαίων
3606 2803 3743 2874 πρὸς

2182 2891 2464 2956 Ἰουδαίους
2489 2895 2778 2962 συναφείας
2806 2895 3049 2948 εἰκοστὸν
3085 2895 3268 2948 ἔνατον
3300 2895 3436 2958 ἔτος.
3463 2891 3744 2946 Βασιλεύει

2173 2985 2270 3054 μὲν
2297 2985 2406 3056 γὰρ
2445 2985 2754 3055 Αὔγουστος
2778 2989 3132 3059 τρισκαίδεκα
3165 2990 3259 3058 ἔτη
3292 2987 3456 3060 πρινὴ
3485 2986 3582 3057 τὴν
3617 2987 3745 3037 Ἰου-

2169 3076 2322 3130 δαίαν
2366 3079 2701 3150 συναφθῆναι
2748 3081 2968 3146 τελείως
3024 3081 3331 3151 Ῥωμαίοις.
3389 3075 3496 3132 Ἦν
3549 3077 3605 3130 δὲ
3651 3076 3745 3129 καὶ

2170 3166 2319 3232 ὲξότε
2349 3168 2698 3224 ἐϐασίλευσεν
2726 3170 3036 3240 Δύγουστος
3075 3171 3214 3243 μετὰ
3246 3170 3340 3240 ἔτη
3375 3171 3616 3239 τέσσαρα
3645 3170 3745 3236 τῆς

2169 3259 2333 3313 αὐτοῦ
2383 3261 2658 3331 βασιλείας
2693 3264 2862 3316 πλείω
2899 3265 2932 3336 ἢ
2977 3265 3210 3328 ἐλάσσω,
3258 3264 3411 3334 φιλία
3460 3262 3560 3333 μὲν
3607 3263 3742 3313 Ῥω-

2173 3352 2346 3422 μαίων
2373 3353 2510 3423 πρὸς
2560 3354 2863 3420 Ἰουδαίους,
2906 3357 2999 3408 καὶ
3053 3355 3340 3426 συμμαχία
3383 3351 3743 3423 πεμπομένη,

2169 3442 2264 3494 καὶ
2311 3442 2604 3515 ἐπίτροπος
2633 3445 3060 3515 καθιστάμενος,
3102 3446 3197 3499 καὶ
3247 3446 3386 3516 μέρη
3426 3445 3607 3515 φόρων
3653 3443 3746 3496 ἐπὶ

2169 3535 2331 3587 πέντε
2356 3535 2500 3589 ἔτεσι
2532 3537 2751 3610 πλείωῆ
2784 3538 2996 3592 ἐλάσσω
3017 3557 3030 3570 ·
3063 3537 3166 3602 ἕως
3221 3539 3343 3592 ὅτου
3370 3537 3549 3590 τέλεον
3602 3553 3744 3605 παρ-

2169 3625 2323 3697 εδόθη
2370 3629 2403 3698 ἡ
2455 3627 2715 3694 Ἰουδαία,
2748 3631 2841 3685 καὶ⁷
2886 3632 2989 3685 ὑπὸ
3023 3632 3186 3704 φόρον
3227 3631 3521 3703 γεγένηται
3541 3630 3744 3683 τελειό-⁸

2166 3736 2338 3774 τατα·
2394 3718 2674 3792 ληξάντων
2742 3724 2850 3778 τῶν
2906 3725 3014 3779 ἀπὸ
3072 3725 3240 3780 Ἰούδα
3291 3725 3600 3797 ἀρχόντων,
3650 3723 3746 3776 καὶ

2181 3811 2415 3882 Ἡρώδου
2441 3815 2499 3880 ἐξ
2516 3816 2683 3869 ἐθνῶν
2703 3817 3154 3881 κατασταθέντος,
3177 3817 3514 3888 προσηλύτου
3541 3818 3747 3887 μέντοι·

2167 3920 2251 3972 γε.
2282 3900 2416 3958 Εἶτα
2442 3907 2679 3979 Χριστοῦ
2719 3909 3066 3981 γεννηθέντος
3093 3911 3150 3964 ἐν
3182 3909 3431 3978 Βηθλεὲμ
3468 3910 3567 3977 τῆς
3613 3909 3744 3960 Ἰου-

2165 3995 2349 4061 δαίας,
2379 3997 2623 4064 ἐλθόντος
2672 4017 2732 4053 τε
2777 4001 2869 4054 ἐπὶ
2907 4001 2968 4054 τὸ
3015 4003 3300 4072 κήρυγμα,
3343 4001 3619 4071 ληξάντων
3651 4001 3746 4053 καὶ

2167 4086 2420 4163 Χριστῶν
2448 4091 2789 4162 ἡγουμένων,
2815 4090 3222 4163 διαρκεσάντων
3257 4091 3361 4155 ἓως
3393 4089 3744 4162 Ἀλεξάνδρου

2171 4358 2464 4429 nologicis,‘
2515 4367 2656 4414 utet
2693 4359 2761 4416 de
2787 4359 3144 4416 illustrissimi
3181 4360 3396 4417 Baronii
3421 4359 3741 4426 Annalibus,

2171 4445 2235 4482 ac
2262 4431 2475 4485 caeteris
2503 4430 2934 4502 chronographis
2963 4440 3190 4486 taceam.
3226 4431 3470 4498 Quorum
3497 4432 3740 4485 omnium

2167 4507 2292 4567 post
2316 4507 2426 4554 tam
2449 4502 2778 4572 exquisitam
2815 4509 2870 4555 et
2923 4510 3171 4557 exactam
3201 4517 3447 4572 operam,
3490 4517 3746 4570 superva-

489 4585 597 4632 qua
636 4568 898 4640 Dominiﬁci
929 4564 1150 4636 natalis,
1178 4578 1232 4624 et
1249 4564 1523 4639 passionis
1546 4587 1724 4625 annus
1746 4564 2060 4640 inquiritur.
2095 4564 2140 4619 Ι)
2169 4564 2397 4624 caueum
2451 4564 2622 4625 videri
2657 4580 2887 4640 poterat.
2931 4587 2961 4625 a
2999 4573 3157 4625 nobis
3187 4564 3254 4627 ea
3280 4564 3743 4640 disputari-vehe-

491 4639 600 4700 Sed
660 4655 758 4713 nec
810 4639 1097 4713 obscurior
1127 4657 1360 4713 usquam
1404 4643 1557 4713 locus
1600 4650 1704 4704 est,
1745 4639 1839 4696 alii.
1871 4643 1924 4695 in
1956 4660 2064 4713 quo

490 4713 673 4792 minus
700 4712 979 4792 interpreti
1009 4711 1378 4792 tergiversari,
1400 4728 1475 4792 _ac
1505 4711 2060 4792 dissimularediceat.

489 4777 725 4853 Tantum
759 4777 949 4853 abest,
1006 4788 1064 4853 ut
1098 4777 1252 4853 ineo
1295 4779 1626 4836 declarando
1653 4797 1720 4836 ne
1750 4783 1822 4836 sit
1855 4784 2066 4853 longior

485 4851 664 4904 vereri
688 4849 898 4914 debeat,
931 4857 1024 4902 aut
1053 4850 1299 4904 instituta
1349 4866 1409 4905 se
1448 4863 1700 4905 netarum
1736 4863 1790 4906 et
1819 4849 2064 4907 animad-

487 4922 802 4975 versionum
829 4921 1094 4992 brevitate
1135 4920 1444 4992 defendere.
1471 4921 1649 4991 Atque
1675 4937 1740 4977 ea
1764 4938 1895 4978 sane
1919 4939 2064 4992 quae-

489 4993 596 5063 stio
625 5007 748 5045 cum
802 5006 908 5063 non
945 4991 1262 5063 tuinus__hac
1293 5001 1632 5062 tempestate,
1666 5008 1826 5061 quam
1862 4991 2063 5063 priscis

489 5062 600 5132 illis
624 5060 981 5128 temporibus.
1011 5060 1254 5132 eruditos
1305 5060 1576 5126 exerceat,
1599 5079 1664 5118 eo
1691 5060 1928 5132 denique
1964 5066 2061 5118 ad-

489 5131 653 5203 ducta
680 5147 767 5184 res
792 5137 979 5203 estaut
1008 5131 1099 5200 qui
1130 5131 1405 5203 inscitiam
1435 5148 1589 5186 suam
1630 5131 1860 5203 ingenue
1884 5134 2063 5190 fassus

489 5200 1078 5274 fuerit._pudentiorem
1107 5201 1313 5274 exitum
1345 5211 1572 5272 quaerat.
1627 5200 1790 5274 quam
1835 5205 1880 5258 si
1924 5205 2061 5259 certi

491 5271 718 5341 aliquid.
781 5281 832 5323 et
883 5271 1151 5343 explorati
1185 5271 1373 5328 tenere
1416 5289 1474 5328 se
1508 5271 1668 5343 posse
1706 5274 1964 5328 conﬁdat.
1998 5274 2064 5329 Ut

488 5345 630 5399 enim
667 5341 1120 5414 a‘vetustiorihus
1169 5343 1384 5396 initium
1439 5341 1716 5414 repetam;
1749 5345 1874 5414 quis
1920 5355 2066 5398 ante-

488 5428 650 5479 quam
692 5409 939 5481 Dionysii
971 5414 1210 5481 vulgaris
1246 5415 1334 5466 illa
1365 5409 1517 5468 ratio
1546 5409 1970 5483 percrebuisset,
2007 5417 2062 5469 in

486 5490 715 5545 certam,
747 5498 809 5535 ac
833 5483 1187 5538 constitutam
1207 5486 1531 5540 sententiam
1560 5484 1762 5539 includi
1790 5502 1848 5540 se
1867 5500 2062 5553 passus

485 5553 616 5605 est?
661 5554 903 5622 Longum
958 5563 1079 5616 est,
1123 5564 1177 5609 et
1232 5557 1472 5608 otiosum
1534 5567 1775 5610 velorum
1836 5554 2062 5609 Patrum

487 5622 774 5696 opiniones
803 5638 997 5677 omnes
1023 5627 1319 5696 persequi;
1353 5627 1515 5696 idque
1529 5628 1596 5680 ab
1614 5626 1737 5679 aliis
1771 5624 2062 5696 diligenter

489 5701 574 5766 est
609 5691 849 5766 factum;
887 5691 1249 5766 praesertim—3
1281 5691 1510 5750 Dekei‘io
1559 5704 1746 5751 nostro
1774 5695 1850 5766 τῷ
1875 5691 2062 5766 μακα-

495 5760 652 5841 ρίτῃ,
669 5773 723 5816 et
761 5760 971 5841 Joanne
1024 5763 1266 5841 _Keplero
1284 5768 1720 5841 _matl_1emat_ico;
1749 5760 2062 5841 i‘n'ei'udita

495 5831 588 5893 illa
603 5831 992 5890 dissertatione
1015 5833 1089 5890 De
1112 5831 1250 5891 anno
1274 5835 1328 5890 N
1333 5838 1484 5904 atati,
1501 5845 1556 5894 et
1587 5838 1640 5893 in
1672 5836 1882 5910 Eclogis
1911 5838 2032 5893 cln'o
2049 5864 2062 5878 -

2169 4641 2430 4704 mentius,
2462 4655 2582 4710 quae
2613 4643 2775 4696 anxie
2813 4642 2883 4696 ab
2920 4643 3028 4696 illis
3057 4650 3207 4704 sunt,
3241 4652 3603 4710 accurateque
3628 4640 3746 4696 dis-

2167 4725 2354 4781 cussa,
2410 4711 2514 4764 nisi
2585 4727 2685 4766 nos
2745 4711 2893 4766 adid
2947 4713 3109 4766 etiam
3153 4711 3353 4768 invitos
3402 4711 3743 4781 Epiphanius

2167 4780 2305 4848 ipse,
2353 4795 2416 4852 ac
2454 4782 2716 4852 suscepti
2762 4785 3004 4838 muneris
3065 4781 3198 4837 ﬁdes
3262 4780 3583 4852 impelleret.
3627 4782 3744 4835 Erit

2167 4857 2348 4922 autem
2377 4850 2502 4905 huic
2524 4850 2767 4914 conatui.
2795 4853 3076 4922 laborique
3103 4860 3294 4908 nostro
3327 4850 3503 4908 l‘acilis
3532 4853 3738 4918 lector,

2168 4921 2213 4974 si
2245 4921 2347 4973 hoc
2382 4934 2514 4994 ame
2539 4931 2838 4994 spectatum
2858 4921 3166 4994 agnoverit,
3187 4934 3246 4994 ut
3280 4923 3545 4994 inﬁnitam
3571 4937 3744 4994 prepe

2167 4991 2621 5062 controversiam,
2683 4991 3036 5062 omniumque
3073 4992 3284 5061 judicio
3339 4991 3739 5055 dillicilliinam,

2166 5075 2343 5130 neque
2383 5061 2615 5133 brevius
2677 5076 2838 5130 quam
2900 5061 2989 5117 res
3025 5072 3171 5116 tanta
3217 5064 3487 5133 disputari
3543 5065 3768 5132 possit,

2166 5146 2345 5200 neque
2383 5131 2598 5200 longius
2627 5147 2789 5199 quam
2830 5147 3058 5187 necesse
3087 5135 3180 5194 sit.
3208 5131 3422 5188 summa
3459 5131 3587 5188 vero
3615 5150 3742 5189 cum

2169 5202 2426 5255 facilitate
2485 5203 2913 5273 complecterer;
2974 5213 3029 5257 et
3071 5219 3134 5258 ea
3164 5220 3284 5272 qua:
3339 5206 3406 5257 ab
3440 5203 3744 5273 ingeniosis

2165 5273 2450 5345 doctisque
2488 5271 2622 5345 viris
2670 5271 2737 5325 de
2774 5287 2836 5324 ea
2885 5288 2945 5327 re
2979 5271 3212 5328 solerter
3233 5271 3542 5345 excogitata
3584 5283 3738 5339 sunt,

2167 5343 2504 5414 accessione
2543 5343 2725 5414 aliqua
2784 5351 2981 5414 nostra
3057 5345 3338 5398 cumulata
3381 5343 3740 5414 'prolerrem.

2166 5413 2345 5477 Quare
2379 5411 2578 5484 duplex
2626 5413 2730 5467 erit
2783 5412 2886 5467 hoc
2931 5415 3052 5468 loco
3101 5411 3431 5484 disputanda
3469 5415 3741 5483 quaestio:

2167 5484 2336 5536 altera
2362 5483 2429 5537 de
2455 5497 2600 5537 anno
2633 5484 2898 5552 ipso,quo
2920 5493 3081 5539 natus
3111 5483 3207 5540 est
3227 5485 3515 5549 Christus;
3549 5487 3742 5545 altera,

2166 5553 2234 5624 de
2285 5569 2349 5608 eo
2407 5568 2516 5622 quo
2577 5569 2772 5622 passus
2830 5563 2936 5610 est.
2981 5554 3136 5624 (Qua:
3166 5555 3249 5608 hic
3284 5555 3346 5607 de
3382 5572 3521 5607 anno
3549 5553 3746 5608 Natali

2167 5621 2366 5677 Christi
2384 5621 2437 5676 et
2464 5641 2522 5678 eo
2553 5621 2653 5692 quo
2679 5640 2867 5692 passus
2896 5621 3289 5692 estdisputavit
3321 5624 3592 5688 Petavius,
3624 5642 3744 5678 cum

2163 5694 2460 5756 prolixiora
2495 5695 2599 5747 sint
2635 5704 2692 5747 ut
2715 5696 2849 5748 inter
2879 5705 3032 5749 notas
3065 5697 3235 5749 locum
3272 5696 3519 5757 habeant,
3568 5713 3631 5750 ea
3673 5694 3744 5747 ad

2163 5764 2986 5838 AppendicentDissertationum
3012 5766 3412 5838 amandavimus
3445 5784 3576 5838 quas
3617 5765 3750 5837 Ερί-

2163 5835 2347 5910 phanii
2387 5834 2996 5908 operibussubjecimus.
3030 5836 3212 5908 EDIT.)
