4176 6386
432 318 536 375 θ’ὶθ

1052 308 1059 313 ’
1133 314 1503 374 ADVERSUS
1544 310 1887 369 ιιίειιεδεε
1930 312 2002 366 LIl

2101 314 2163 368 ιι.
2208 310 2370 369 Τοιι.
2414 310 2455 364 Ι.
2486 343 2555 352 -
2595 312 2871 372 II/ERES.
2914 319 2998 376 LI.

3602 311 3709 369 £30

426 434 756 507 ἡγουμένου,
783 436 876 488 καὶ
902 433 1166 499 Σααλίνας
1190 436 1287 505 τῆς
1316 435 1412 488 καὶ
1445 431 1798 504 Ἀλεξάνδρας
1817 450 1831 463 ν
1860 431 2002 486 amo

2119 434 2362 498 sierant;
2397 434 2489 504 qui
2537 434 2754 503 quidem
2791 436 2857 489 ad
2892 434 3263 490 Alexandrum
3301 443 3474 499 usque
3507 428 3712 499 princi-

428 529 600 581 ταῦτα
628 526 807 579 πάντα
840 525 1092 589 ἐτελεῖτο,
1130 525 1413 596 ἀρξάμενα
1458 524 1565 578 ἀπὸ
1588 522 1689 593 τῆς
1712 523 2019 593 γεννήσεως

430 621 528 689 τῆς
560 619 617 671 ἐν
654 618 902 689 Βηθλεὲμ
932 620 990 670 ὲν
1022 615 1445 687 τεσσαρακοστῷ
1490 615 1729 687 δευτέρῳ
1763 614 1873 667 ἔτει
1922 614 2023 684 τῆς

432 712 613 781 πάσης
660 710 938 780 βαοιλείας
989 708 1323 778 Αὐγούστου,
1349 708 1407 772 ὃς
1444 704 1512 779 ἦν
1542 706 1733 770 ἔνατος
1777 704 2021 767 ἐνιαυτὸς

432 803 538 856 ἀπὸ
560 803 659 870 τῆς
682 803 985 873 ἐπιτροπῆς
1013 801 1369 872 Ἀντιπάτρου
1399 799 1493 852 τοῦ
1523 799 1728 870 πατρὸς
1756 798 2016 868 Ἡρώδου,

430 895 518 946 ὅτε
550 893 699 962 φιλία
738 889 806 963 ἦν
859 893 1147 963 Ῥωμαίων
1179 893 1314 963 πρὸς
1357 891 1678 955 Ἰουδαίους,
1736 892 1831 943 καὶ
1877 889 2017 960 μέρη

429 986 699 1055 δομάτων,
727 986 820 1037 καὶ
850 985 1107 1055 τέταρτον
1147 984 1265 1047 ἔτος
1312 982 1745 1045 κατασταθέντος
1779 981 1882 1033 ὐπὸ
1909 982 2015 1032 Αὐ-

430 1075 681 1143 γούστου.
717 1075 873 1128 Μετά
915 1075 971 1127 δὲ
1003 1075 1064 1128 τὸ
1108 1074 1369 1146 τέταρτον
1415 1074 1532 1135 ἔτος
1584 1071 1844 1143 Ἡρώδου,
1902 1074 2020 1123 ἐπι-

430 1166 640 1237 τροπῆς
666 1183 727 1219 τε
762 1166 923 1219 πέντε
958 1166 1093 1219 ἐτῶν
1138 1166 1366 1236 πλείωῆ
1402 1165 1614 1219 ἐλάσσω
1658 1165 2015 1235 Ἀντιπάτρου

429 1257 525 1311 τοῦ
554 1258 760 1329 πατρὸς
782 1257 969 1322 αὐτοῦ,
993 1258 1177 1312 λοιπὸν
1200 1256 1597 1328 παραδοθείσης
1620 1258 1719 1327 τῆς
1754 1256 2017 1320 Ἰουδαίας

429 1350 672 1414 τελείως,
702 1350 808 1413 ἕως
844 1348 1168 1421 τριακοστοῦ
1196 1349 1378 1421 τρίτου
1411 1348 1562 1411 ἔτους
1603 1347 1864 1419 Ἡρώδου,
1894 1364 2014 1400 τεσ·

431 1442 773 1516 σαρακοστοῦ
805 1441 1059 1512 δευτέρου
1088 1440 1243 1500 ἔτους
1269 1439 1578 1508 Αὐγούστου
1608 1439 1712 1510 πλη
1724 1439 2011 1510 ρώσαντος,

430 1534 800 1607 κρατηθείσης
836 1534 937 1603 τῆς
987 1534 1169 1599 πάσης
1212 1532 1495 1595 Ἰουδαίας,
1539 1531 1614 1594 ὡς
1662 1531 1817 1601 ἔφην,
1875 1532 2013 1601 μετά

428 1628 491 1681 τὸ
540 1628 761 1698 ποιῆσαι
829 1624 997 1697 αὐτὴν
1033 1624 1365 1678 είκοσιεννέα
1414 1624 1509 1695 ἔτη
1557 1624 1831 1694 ύπόςρορον
1882 1624 2014 1674 Ῥω-

431 1718 641 1791 μαίοις,
699 1718 793 1771 καὶ
839 1716 977 1787 μετὰ
1022 1715 1083 1768 τὸ
1120 1716 1526 1783 κατασταθῆναι
1576 1715 1868 1785 ἐπίτροπον
1919 1712 2011 1766 τὸν

440 1810 794 1880 Ἀντίπατρον
830 1806 1068 1879 Ἡρώδου
1105 1807 1339 1878 πατέρα,
1387 1806 1504 1876 μετ’
1538 1806 1696 1860 αὐτὸν
1741 1806 1798 1858 δὲ
1834 1804 2009 1876 Ἡρώ-
2041 1798 2081 1850 Β

424 1902 522 1973 δην
572 1901 797 1971 βασιλέα
845 1898 1255 1953 κατασταθῆναι
1285 1898 1390 1950 ὐπὸ
1424 1898 1735 1966 Αὐγούστου
1774 1896 1867 1949 ἐπὶ
1910 1898 2007 1967 τῆς

438 1994 710 2057 Ἰουδαίας.

422 2130 482 2180 A'
563 2128 747 2181 Ταῦτα
781 2126 836 2180 δὲ
870 2126 1296 2198 ἐπραγματεύθη
1344 2129 1402 2179 ἐν
1444 2126 1675 2198 ὑπατεία
1722 2127 2006 2198 Ὀκταυῒου

633 2198 941 2281 Αὐγούστου
975 2198 1580 2285 τρισκαιδέκατον,μκα“ι
1611 2197 1834 2280 Σιλανοῦ
1870 2199 2007 2250 ὐπα-

633 2286 748 2332 του,
784 2270 974 2339 ἥντινα
1001 2267 1266 2339 ὑπατείαν
1312 2267 1616 2339 διεδέξαντο
1643 2268 1699 2320 αἱ
1739 2270 2004 2321 ὑποτετα-

636 2336 835 2409 γμέναί
869 2340 1120 2392 ὑπατεῖαι
1148 2338 1455 2400 ἀκολούθως
1484 2336 1655 2402 οὕτως
1683 2354 1698 2368 ο

558 2431 854 2484 Λεντούλου
886 2431 979 2484 καὶ
1013 2431 1289 2492 Πίσσωνος
1314 2430 1373 2481 τὸ
1396 2429 1669 2499 δεύτερον,

559 2503 791 2555 Λουκίου
824 2502 1099 2563 Καίσαρος
1131 2501 1223 2552 καὶ
1258 2500 1469 2553 Παύλου

558 2572 900 2624 Οὐῐνδουκίου
938 2572 1030 2624 καὶ
1064 2572 1298 2641 θύάρου,

556 2643 787 2712 Λαμμία
808 2644 903 2697 καὶ
944 2640 1313 2712 Σερουῖουλίου
1341 2640 1614 2712 Νομμίου,

481 2720 493 2743 ’
560 2710 781 2780 Μάγνου
814 2710 1099 2782 Πομπηΐου
1135 2713 1230 2765 καὶ
1261 2710 1577 2780 Οὐαλερίου,

560 2783 789 2835 Λεπίδου
817 2787 908 2835 καὶ
948 2782 1281 2853 Ἀρουνκίου,

552 2854 827 2925 Καίσαρος
853 2854 953 2925 καὶ,
973 2852 1317 2925 Καπίτωνος,

562 2922 841 2994 Κρητικοῦ
876 2924 969 2976 καὶ
997 2922 1230 2994 Νερούα,

560 2991 840 3064 Κὰμίλλου
872 2995 965 3048 καὶ
997 2991 1431 3058 Κυϊντιλλιανοῦ,

417 3066 502 3119 IA'
562 3066 829 3134 Καμήρου
866 3066 957 3117 καὶ
990 3064 1238 3126 Σαϐίνου,
1278 3131 1299 3134 _
1384 3098 1385 3101 η

417 3138 496 3189 IB'
558 3131 861 3188 Δολαϐέλλα
892 3136 985 3189 καὶ
1014 3131 1325 3198 Σιλουανοῦ,

416 3209 493 3260 II"
552 3206 906 3259 Λεπίδου’καὶ
929 3206 1164 3275 Ταύρου,

415 3276 492 3331 ΙΔ¹
556 3276 803 3329 Φλάκκου
831 3277 924 3329 καὶ
954 3277 1265 3340 Σιλουανοῦ,

415 3350 495 3401 IE'
549 3347 667 3399 Τῶν
696 3346 789 3399 δύο
819 3346 1088 3400 Σέκστων.

415 3420 510 3486 Ic,"
554 3419 840 3488 Πομπηΐου
870 3419 1093 3485 Μάγνου
1119 3419 1213 3470 καὶ
1258 3416 1596 3488 Ἀπουληίου,

414 3491 494 3542 IZ'
551 3489 787 3558 Βρούτου
819 3490 912 3541 καὶ
943 3489 1218 3555 Φλάγκου,

414 3557 501 3631 Ιῌ¹
556 3557 768 3631 Ταύρου
802 3559 895 3611 καὶ
909 3559 1183 3631 Λίβωνος,

412 3630 492 3683 18’
550 3629 805 3699 Κράσσου
835 3629 929 3681 καλ.
980 3629 1229 3698 Ῥούφου,

412 3702 477 3755 Κ¹
550 3700 801 3773 Τιβερίου
862 3699 1139 3773 ιξαίσαρος
1184 3701 1246 3751 τὸ
1294 3701 1565 3773 δεύτερον,
1618 3701 1713 3753 καὶ
1756 3702 1995 3771 Δρούσου

624 3769 905 3841 Γερμανοῦ
928 3770 987 3821 τὸ
1002 3769 1282 3841 δεύτερον,

412 3840 522 3893 ΚΑ⁹
556 3839 842 3893 Σιλουανοῦ
878 3842 971 3892 καὶ
1000 3839 1229 3899 Βάλϐου.

411 3911 521 3961 ΚΒ¹
553 3912 815 3963 Μεσσαλᾶ
845 3912 939 3963 καὶ
968 3912 1200 3981 Γράτου,

410 3981 518 4034 Kl"
557 3981 808 4053 Τιϐερίου
838 3980 1114 4053 Καίσαρος
1147 3982 1207 4034 τὸ
1234 3982 1436 4053 τρίτον,
1466 3981 1561 4034 καὶ
1590 3980 1828 4050 Δρούσου
1864 3980 1997 4051 Γερ-

629 4052 799 4121 μανοῦ
839 4052 899 4104 τὸ
930 4052 1131 4122 τρίτον,

410 4124 515 4176 KA'
562 4123 864 4193 Ἀγρίππου
890 4124 984 4175 καὶ
1010 4122 1237 4184 Βάλϐου,

409 4194 517 4245 ΚΕ¹
552 4192 851 4255 Πολλίωνος
892 4194 983 4249 καὶ
1012 4192 1295 4263 Οὐέτερος,

408 4265 533 4328 KC."
556 4263 809 4333 Κεθήγου
842 4264 936 4314 καὶ
969 4263 1203 4333 Οὐάρου,

408 4336 515 4385 ΚΖ¹
558 4330 870 4406 Ἀγρίππου
895 4334 955 4385 τὸ
978 4330 1236 4406 *δεύτερον
1266 4332 1360 4385 καὶ
1386 4330 1683 4384 Λεντούλου
1707 4330 1937 4397 Γάλςου,

407 4406 522 4457 KH’
556 4403 871 4456 Γετουλικοῦ
904 4404 998 4455 καὶ
1026 4403 1244 4463 Σαὸίου,

406 4475 514 4527 KG’
545 4477 588 4527 K
600 4474 921 4546 ράσσουᾷκαὶ
952 4476 1238 4546 Πείσωνος,

403 4546 464 4599 Λ¹
550 4544 834 4598 Σιλουανοῦ
866 4547 959 4598 καὶ
991 4544 1225 4615 Νερούα,

421 2429 479 2485 BI

421 2504 475 2556 ΓΙ

420 2577 474 2625 ΔΙ

420 2644 477 2696 Ε.

423 2716 482 2780 qi

419 2784 476 2837 ΖΙ

420 2855 482 2907 Ην

418 2926 475 2977 Θ¹

418 2996 456 3048 ΙΙ

475 4660 603 4715 Kl".
638 4660 745 4713 Kal.
772 4661 923 4732 ὁρᾷς,
958 4661 1039 4713 ὅτι
1068 4676 1489 4731 τριακονταετης
1520 4658 1635 4711 ἐστὶ
1657 4656 1865 4728 χρόνος.
1896 4655 1987 4708 Διὸ

403 4751 909 4823 ἐφιλοτιμησάμεθα
942 4752 1037 4816 τὰς
1067 4752 1300 4822 καθεξῆς
1335 4752 1594 4814 ὑπατείας
1626 4750 1867 4820 ἀκριϐῶς
1902 4748 1988 4801 θέ-

405 4846 549 4908 σθαι,
580 4847 658 4908 είς
692 4844 751 4898 τὸ
792 4846 916 4907 τοὺς
948 4845 1325 4915 διερχομένους
1368 4844 1516 4908 ἰδεῖν,
1545 4843 1626 4895 ὃτι
1661 4843 1762 4894 οὐκ
1791 4842 1904 4893 ἔστι
1934 4859 1986 4893 τι

402 4937 922 5006 παραπεποιημένον
954 4939 1009 4988 ὲν
1051 4934 1128 5005 τῷ
1162 4936 1287 5005 θείῳ
1318 4936 1548 5005 δόγματι
1580 4933 1680 5003 τῆς
1706 4932 1982 5004 ἀληθείας,

400 5026 538 5081 ἀλλά
571 5031 706 5095 μετά
735 5028 1018 5099 ἀκριὸείας
1063 5028 1131 5079 τὰ
1172 5028 1347 5080 πάντα
1374 5030 1439 5098 τῇ
1480 5026 1776 5097 Ἐκκλησία
1818 5028 1986 5098 κεκή-

405 5138 619 5192 ρυκται.
652 5120 749 5183 Τίς
777 5120 906 5191 γὰρ,
938 5120 1247 5192 ἀριθμήσας
1287 5122 1389 5182 τὰς
1423 5120 1496 5189 μὴ
1522 5119 1825 5189 δυναμένας
1856 5136 1985 5187 σφα-

398 5212 557 5283 λῆναι
592 5211 713 5265 καθ’
736 5212 923 5282 εἱρμὸν
976 5212 1259 5274 ὑπατείας,
1301 5211 1361 5263 οὐ
1415 5210 1825 5279 καταγνώσεται
1874 5210 1982 5263 τῶν

398 5304 727 5372 νομιζόντων
755 5304 1047 5370 διαφωνίαν
1071 5299 1204 5355 εἶναι
1233 5305 1288 5354 ὲν
1320 5302 1396 5372 τῷ
1422 5302 1530 5354 τῶν
1571 5301 1706 5353 ἐτῶν
1738 5300 1978 5371 ἀριθμῷ,

397 5396 475 5466 τῷ
506 5396 654 5467 παρά
680 5397 791 5458 τοῖς
819 5395 1228 5463 εὐαγγελισταῖς
1259 5394 1529 5465 ᾁδομένῳ;
1561 5393 1659 5446 Διά
1685 5393 1842 5445 τοῦτο
1871 5393 1978 5463 γάρ

399 5489 493 5541 καὶ
520 5488 718 5541 ἔπεσαν
759 5489 815 5539 αἱ
846 5487 1110 5558 πρότερον
1139 5487 1398 5558 αἱρέσεις,
1446 5488 1498 5539 αἱ
1549 5483 1810 5555 μυθωδῶς
1849 5485 1976 5538 ἀνα-

397 5579 748 5648 γραψάμεναι
771 5581 897 5642 τοὺς
928 5580 1223 5651 τριάκοντα
1255 5578 1477 5641 αἰῶνας,
1510 5578 1604 5631 καὶ
1639 5577 1708 5630 τά
1734 5578 1842 5631 ἀπὸ
1868 5576 1977 5630 τῶν

398 5673 689 5742 τριάκοντα
729 5673 865 5726 ἐτῶν
891 5672 982 5726 τοῦ
1017 5674 1266 5743 Σωτῆρος
1304 5672 1433 5744 παρ’
1457 5671 1635 5724 αὐτῶν
1673 5672 1976 5744 ἀλληγορη-

399 5767 558 5820 θέντα
579 5783 591 5796 ·
634 5766 721 5820 ἵνα
746 5766 905 5837 δῆθεν
933 5766 1200 5839 δυνηθῶσι
1240 5768 1347 5821 τῶν
1386 5768 1517 5838 παρ’
1544 5766 1722 5829 αὐτοῖς
1763 5764 1973 5819 αἰώνων

2122 539 2265 593 pem,
2300 533 2355 579 et
2381 522 2679 589 Saalinam,
2710 541 2831 595 qua:
2856 534 2909 578 et
2936 527 3081 579 dicta
3112 530 3196 578 est
3222 520 3551 586 Alexandra,
3585 534 3710 588 per-

2122 614 2395 669 stiterunt.
2455 614 2529 667 Ea
2564 630 2694 670 vero
2729 625 2928 670 cuncta
2968 616 3037 670 ab
3084 630 3150 670 eo
3189 622 3434 684 tempore
3469 626 3707 681 coepere,

2121 722 2235 777 quo
2286 708 2540 763 Christus
2586 708 2923 764 Bethlehemi
2968 716 3130 763 natus
3179 716 3300 771 est;
3338 722 3482 760 anno
3537 704 3710 758 totius

2120 800 2334 870 imperii
2369 799 2598 870 Augusti
2653 816 2802 863 xui,
2848 800 2942 870 qui
2981 806 3099 854 erat
3154 814 3335 853 nonus
3377 814 3406 852 a
3448 811 3713 868 procura-

2120 892 2271 946 tione
2322 891 2595 960 Antipatri
2650 892 2882 947 Herodis
2937 892 3222 963 parentis,
3265 905 3388 943 cum
3432 888 3712 941 Itomanos

2119 982 2263 1037 inter
2310 999 2373 1038 ac
2410 982 2628 1039 Iudaeos
2690 985 2929 1037 amicitia
2968 983 3146 1046 foret,
3196 996 3261 1035 ac
3311 980 3573 1034 nonnulla
3606 970 3737 1030 ιιι-⁷

2119 1076 2247 1130 buta
2310 1076 2719 1146 penderentur,
2788 1075 2949 1148 445
3025 1086 3078 1130 ει
3135 1083 3331 1144 quarto
3389 1072 3500 1140 jam
3563 1085 3710 1123 anno

2118 1169 2359 1225 Herodes
2418 1178 2563 1225 esset
2610 1170 2678 1224 ab
2734 1172 2981 1239 Augusto
3031 1169 3377 1239 praepositus.
3421 1164 3527 1231 Qui
3579 1179 3705 1217 eum

2116 1278 2292 1318 annos
2352 1263 2404 1316 in
2454 1278 2514 1317 ea
2581 1263 3063 1317 administratione
3117 1269 3354 1331 quatuor
3405 1256 3705 1326 exegisset,

2114 1354 2400 1423 Antipater
2441 1368 2570 1408 vero
2620 1354 2767 1408 illius
2813 1362 2967 1423 pater
2996 1353 3240 1423 quinque
3279 1352 3391 1405 fere
3440 1363 3707 1419 procura-

2114 1445 2262 1500 tione
2294 1449 2620 1518 perfunctus
2650 1457 2817 1509 esset,
2853 1448 3069 1501 tandem
3101 1444 3288 1500 Judma
3325 1459 3555 1514 prorsus
3597 1440 3708 1494 Ro-

2112 1554 2402 1594 manorum
2427 1542 2681 1611 potestati
2712 1542 2900 1602 cessit,
2935 1540 2999 1593 ad
3026 1538 3256 1593 Ilerodis
3280 1554 3481 1592 annum
3509 1551 3703 1601 XXXIII,

2110 1631 2344 1703 Augusti
2374 1649 2507 1687 vero
2551 1650 2683 1696 xui,
2738 1649 2860 1687 emn
2886 1672 2900 1695 ,
2935 1641 2991 1685 ut
3026 1633 3268 1686 diximus
3291 1672 3305 1697 ,
3340 1629 3524 1684 Iudaea
3559 1638 3706 1684 esset

2111 1725 2291 1779 omnis
2326 1734 2591 1795 occupata
2620 1766 2633 1788 ,
2671 1741 2733 1778 ac
2759 1726 2871 1794 jam
2906 1740 3032 1777 xxix
3068 1724 3228 1777 annis
3264 1724 3526 1777 Romanis
3559 1721 3703 1775 facta

2111 1815 2425 1884 vectigalis;
2481 1823 2771 1884 postquam
2818 1821 2871 1867 et
2909 1813 3196 1882 Antipater
3236 1810 3465 1864 Ilerodis
3504 1822 3703 1876 parens

2112 1909 2552 1978 procurationem
2586 1908 2778 1977 gessit,
2810 1914 2863 1959 et
2896 1905 3137 1961 Herodes
3164 1915 3285 1975 post
3313 1903 3467 1956 illum
3500 1898 3703 1953 Judaea:

2110 2015 2202 2055 rex
2240 2001 2307 2055 ab
2335 2000 2582 2071 Augusto
2606 2008 2826 2053 creatus
2857 2006 2962 2053 est.

2108 2137 2131 2192 ι
2384 2136 2517 2189 Acta
2549 2136 2664 2189 haec
2705 2143 2833 2188 sunt
2866 2132 3089 2186 Octavio
3120 2130 3364 2200 Augusto
3399 2128 3514 2183 λιιι
3537 2140 3584 2185 ει
3614 2130 3701 2184 Si-

2454 2208 2577 2259 lano
2612 2222 2758 2259 coss.
2780 2247 2794 2269 ,
2838 2204 3141 2258 secundum
3172 2218 3311 2272 quos
3344 2202 3398 2254 lii
3437 2205 3699 2273 deinceps

2455 2281 2714 2332 exstitere
2744 2275 3025 2329 consules.

2110 2430 2149 2484 II
2369 2431 2633 2486 Lentulus
2662 2440 2709 2484 cl
2754 2429 2883 2482 Piso
2916 2429 2986 2485 II.

2109 2502 2174 2555 III
2368 2501 2430 2556 L.
2465 2503 2649 2555 Cmsar
2681 2510 2734 2555 et
2769 2501 2971 2553 Paulus
2996 2538 3011 2561 ,

2111 2572 2178 2625 IV
2359 2572 2663 2626 Vinducius
2686 2581 2737 2624 et
2766 2570 2974 2624 Varus.

2110 2642 2151 2694 V
2363 2643 2551 2697 Lamia
2582 2652 2635 2695 et
2676 2643 2942 2696 Servilius
2977 2638 3267 2692 Nommius
3293 2678 3308 2701 ,

2107 2711 2177 2782 Vl
2365 2714 2595 2782 Magnus
2620 2712 2910 2781 Pompeius
2950 2721 3005 2763 et
3044 2709 3326 2773 Valerius,

2106 2781 2196 2836 VII
2370 2781 2607 2852 Lepidus
2643 2794 2695 2835 et
2726 2782 3017 2843 Aruntius,

2106 2852 2223 2907 Vlll
2362 2856 2548 2908 Caesar
2578 2862 2632 2907 et
2661 2855 2877 2921 Capito,

2106 2923 2178 2977 ιχ
2363 2926 2613 2980 Creticus
2635 2933 2687 2977 et
2721 2923 2893 2977 Nerva
2918 2963 2931 2985 ,

2108 2994 2155 3048 Χ
2362 2997 2623 3049 Camillus
2654 3002 2707 3046 et
2733 2992 3145 3058 Quintillianus,

2104 3062 2177 3120 XI
2370 3067 2692 3118 Camerinus
2729 3073 2783 3117 ct
2809 3064 3048 3116 Sabinus
3070 3101 3084 3123 ,

2029 3140 2071 3197 C
2108 3134 2199 3189 XII
2370 3135 2645 3188 Dolabella
2682 3143 2734 3187 et
2770 3135 3047 3196 Silvanus,

2108 3204 2221 3261 XIII
2364 3206 2601 3275 Lepidus
2631 3215 2684 3258 ct
2719 3204 2966 3262 Taurus,

2104 3274 2222 3330 XIV
2362 3275 2593 3330 Flaccus
2620 3284 2672 3329 et
2703 3276 2993 3335 Silvanus,

2107 3346 2199 3401 XV
2366 3349 2522 3401 Sexti
2558 3346 2666 3400 duo
2692 3386 2705 3405 .

2104 3416 2220 3471 XVI
2366 3416 2659 3486 Pompeius
2695 3415 2764 3469 Μ.
2797 3423 2851 3470 ει
2875 3413 3173 3483 Apuleius,

2101 3487 2246 3543 XVII
2373 3488 2572 3542 Brutus
2613 3497 2666 3540 et
2695 3486 2926 3542 Flaccus
2952 3525 2965 3550 ,

2103 3558 2268 3613 XVIII
2358 3558 2576 3612 Taurus
2605 3569 2657 3612 et
2689 3557 2824 3610 Libo
2846 3596 2859 3617 ,

2102 3629 2223 3682 XIX
2370 3632 2610 3683 Crassus
2644 3637 2698 3681 et
2733 3626 2928 3686 Rufus.

2099 3700 2201 3754 ΧΧ
2363 3700 2614 3753 Tiberius
2662 3699 2846 3754 Caesar
2906 3698 2948 3750 Il
3000 3707 3053 3751 et
3115 3696 3329 3754 Drusus
3394 3696 3688 3752 Germani-

2440 3788 2538 3825 cus
2562 3769 2634 3832 II,

2099 3840 2218 3894 XXI
2370 3841 2593 3895 Silanus
2618 3850 2670 3895 et
2697 3840 2922 3901 Balbus,

2100 3908 2241 3964 XXII
2372 3911 2602 3965 Messala
2637 3918 2689 3964 et
2732 3910 2931 3963 Gratus
2958 3947 2972 3969 ,

2096 3982 2264 4036 XXIII
2374 3982 2631 4036 Tiberius
2684 3981 2867 4037 Caesar
2918 3982 2982 4033 ιιι
3038 3986 3091 4034 et
3143 3985 3354 4037 Jrusus
3394 3976 3684 4039 Germani-

2441 4069 2538 4106 cus
2580 4052 2642 4104 IlI

2369 4122 2608 4194 Agrippa
2633 4132 2700 4194 et,
2720 4122 2924 4179 Balous
2944 4164 2958 4187 ,

2095 4191 2241 4245 XXV
2371 4191 2556 4247 Pollio-
2576 4202 2629 4246 ct
2665 4193 2831 4249 Vetus
2848 4233 2863 4255 .

2096 4260 2269 4332 XXVI
2363 4265 2639 4332 Cethegus
2663 4275 2715 4318 et
2746 4263 2923 4317 Varus
2949 4305 2963 4327 ,

2095 4331 2286 4402 XXVII
2360 4331 2597 4402 Agrippa
2630 4333 2668 4385 II
2693 4345 2747 4388 et
2776 4334 3039 4388 Lentulus
3074 4335 3279 4399 Gallia,

2566 4404 2847 4460 Getulicus
2877 4414 2930 4460 et
2967 4406 3206 4460 Sabinus
3235 4446 3249 4471 ,

2020 4479 2065 4534 D
2094 4472 2265 4526 XXIX
2359 4472 2596 4529 Crassus
2622 4484 2675 4529 et
2705 4475 2831 4529 Piso
2852 4516 2865 4539 ,

2094 4543 2240 4598 XXX

2164 4657 2351 4713 XXIII.
2395 4660 2584 4715 Annos
2627 4660 2802 4714 habes
2822 4662 3106 4717 absolutos
3166 4679 3294 4716 xxx.
3335 4661 3446 4717 Nos
3493 4670 3677 4717 autem

2088 4754 2414 4808 consulatus
2471 4754 2607 4808 istos
2648 4754 2970 4823 singillatim
3020 4754 3143 4809 ideo
3195 4771 3520 4825 percensere
3554 4764 3675 4809 stu-

2087 4848 2329 4912 duimus,
2368 4854 2428 4901 ut
2462 4847 2699 4901 lectores
2754 4848 3082 4916 intelligant,
3122 4848 3259 4900 nihil
3313 4849 3367 4901 in
3401 4863 3559 4902 sacro
3589 4864 3677 4902 ve-

2086 4939 2263 4994 ritatis
2292 4940 2544 5010 dogmate
2575 4939 3011 4993 commentitium
3040 4955 3183 5004 esse,
3204 4939 3295 4993 sed
3332 4940 3399 4993 ah
3425 4939 3673 4994 Ecclesia

2084 5046 2250 5101 quam
2327 5031 2743 5085 accuratissime
2820 5031 3072 5085 universa
3156 5029 3466 5099 praedicari.
3534 5030 3671 5097 Quis

2083 5123 2230 5177 enim
2263 5124 2329 5177 ad
2364 5124 2505 5179 hanc
2550 5138 2695 5177 coss.
2731 5123 2928 5179 seriem
2958 5164 2972 5188 ,
3004 5139 3111 5192 qua
3148 5123 3283 5176 nihil
3331 5123 3538 5177 certius
3561 5130 3667 5185 est,

2082 5216 2272 5270 oculos
2312 5216 2609 5285 adjiciens,
2638 5232 2745 5270 non
2779 5231 2875 5270 eos
2914 5218 3241 5270 comlemnet
3276 5216 3369 5283 qui
3398 5216 3451 5268 in
3495 5231 3667 5268 anno-

2081 5324 2203 5362 rum
2227 5325 2457 5363 numero
2480 5311 2549 5365 ab
2569 5311 2920 5381 evangelistis
2950 5326 3213 5381 expresso
3233 5310 3661 5378 discrepantiam

2081 5417 2203 5457 esse
2275 5403 2439 5455 ullam
2515 5403 2871 5457 existimant?
2929 5401 3226 5472 Propterea
3288 5401 3549 5454 niinirnm
3610 5412 3662 5453 et

2078 5496 2294 5565 priores
2352 5495 2459 5549 illae
2494 5496 2732 5549 luereses
2776 5495 3201 5558 interciderunt,
3233 5510 3355 5564 quas
3388 5495 3509 5547 illas
3555 5509 3662 5547 aeo-

2077 5602 2208 5639 nmn
2266 5586 2488 5656 triginta
2529 5585 2743 5642 fabulas
2789 5588 3188 5650 conlinxerant,
3248 5594 3556 5653 cwteraque
3606 5584 3661 5638 id

2076 5691 2250 5746 genus
2294 5691 2357 5728 εχ
2416 5675 2711 5728 tricenario
2763 5674 3067 5730 Salvatoris
3112 5689 3382 5728 annorum
3430 5687 3663 5728 numero

2080 5767 2369 5839 allegorice
2399 5766 2761 5834 deduxerant,
2783 5768 2984 5839 quibus
3012 5767 3077 5822 ad
3116 5783 3332 5823 menum
3359 5782 3420 5821 ac
3452 5766 3663 5837 princi-

2369 4544 2625 4600 Silvanus
2653 4555 2706 4601 et
2732 4545 2930 4601 Nerva.
