4176 6386
506 375 603 434 931

1918 375 1974 430 S.
2040 371 2386 429 ΕΡΙΡΙΙΧΝΣΙ
3680 376 3787 429 97.!

508 508 735 570 patuum
806 513 979 568 nugas
1054 498 1175 551 illas
1251 497 1639 553 describendas
1712 498 2086 552 abuterentur.

2206 500 2292 551 καὶ
2308 498 2489 569 ἀρχῶν
2512 500 2843 569 ἀναγράφειν
2861 500 2957 569 τὴν
2980 498 3318 569 μυθοποιίαν.
3336 497 3663 569 Εὐρίσκεται
3679 502 3787 567 γὲυρ

510 595 667 646 Anno
690 591 890 661 quippe
916 592 982 644 ab
1006 589 1390 645 lncarnatione
1418 592 1765 661 adventuque
1797 607 1897 646 suo
1928 608 2099 645 xxxm

508 692 727 739 constat
770 686 1061 754 unigenam
1125 683 1217 739 Dei
1272 683 1471 739 Filium
1523 701 1647 739 esse
1696 700 1941 754 passum.
1995 684 2099 750 Qui

510 774 725 829 tametsi
776 775 886 843 pati
920 790 1014 843 per
1045 790 1166 829 sese
1208 775 1344 828 nihil
1394 783 1815 844 posset,utpote
1862 773 2099 828 Verbum

512 866 605 921 Dei
636 866 702 921 de
742 867 883 920 cmlo
918 866 1200 935 delapsum
1232 906 1247 928 ,
1290 868 1651 922 nihilominus
1700 875 1954 935 suscepta
2002 881 2101 936 pro

512 958 671 1013 nobis
700 973 867 1012 carne
898 967 1130 1011 mortem
1181 959 1389 1029 perpeti
1423 960 1627 1025 voluit,
1676 967 1737 1012 ut
1770 960 1965 1013 mortis
2004 958 2099 1013 ad-

512 1065 732 1105 versum
802 1064 905 1104 nos
971 1049 1394 1119 chirographum
1455 1051 1690 1105 solveret
1734 1052 1771 1104 ¹.
1828 1051 2097 1116 Quocirca

514 1148 637 1210 post
678 1154 772 1193 eos
804 1154 950 1195 coss.
996 1139 1089 1209 qui
1132 1139 1185 1192 in
1215 1155 1418 1192 annum
1468 1141 1614 1195 illius
1657 1157 1764 1193 xxx
1807 1140 2095 1203 incidunt,

514 1246 614 1300 par
660 1228 810 1283 aliud
870 1244 1014 1284 coss.
1072 1230 1352 1299 sequitur,
1404 1228 1765 1285 Geminorum
1821 1232 2095 1293 duorum,

514 1321 712 1377 deinde
768 1321 889 1375 Ruﬁ
954 1337 1017 1374 ac
1074 1320 1437 1375 Rubellionis.
1502 1322 1716 1387 Quibus
1778 1338 2100 1377 successere

513 1430 663 1468 coss.
712 1412 994 1477 Vinicius,
1038 1430 1099 1467 ac
1142 1412 1422 1483 Longinus
1457 1414 1718 1479 Cassius;
1752 1416 1856 1469 sub
1896 1415 2098 1484 quibus

516 1504 768 1558 Salvator
807 1518 1005 1574 passus
1053 1512 1137 1556 est
1182 1520 1233 1556 a.
1286 1503 1341 1556 d.
1389 1518 1489 1556 xm
1526 1503 1646 1556 Kal.
1687 1505 1819 1573 Apr.
1861 1503 1934 1556 Ex
1988 1518 2098 1573 quo

515 1598 733 1651 illorum
779 1596 1025 1649 omnium
1073 1596 1426 1649 convincitur
1468 1611 1653 1659 error,
1681 1604 1736 1650 et
1786 1597 2096 1651 certissima

514 1686 763 1739 veritatis
816 1684 1066 1737 doctrina
1114 1692 1484 1745 monstratur,
1522 1700 1629 1737 non
1662 1684 1772 1737 duo
1818 1686 1994 1740 solum
2042 1685 2096 1737 in

518 1777 818 1849 Scripturis
855 1776 1120 1831 Paschata
1141 1815 1156 1841 ,
1186 1776 1283 1830 sed
1318 1783 1369 1829 et
1401 1775 1503 1829 tria
1530 1777 1779 1845 reperiri.

583 2045 776 2102 XXIV.
834 2046 972 2102 Cum
1018 2045 1163 2099 enim
1200 2043 1462 2098 Januario
1510 2057 1693 2095 mense
1736 2051 1897 2095 natus
1930 2050 2095 2103 esset,

516 2156 612 2194 \‘lll
662 2139 740 2193 Id.
788 2136 909 2191 Jan.
946 2138 1039 2207 qui
1073 2147 1157 2191 est
1188 2136 1330 2205 apud
1375 2135 1652 2187 Romanos
1702 2132 1946 2186 Januarii
1981 2135 2098 2188 dics

513 2250 545 2287 v
574 2253 588 2301 ;
615 2232 887 2304 Egyptiis
921 2248 1087 2301 porro
1121 2230 1256 2301 Tybi
1282 2245 1370 2293 xl;
1415 2228 1570 2299 Syris
1602 2230 1715 2281 sive
1756 2228 1960 2282 (inm-is
1989 2229 2097 2280 Au-

514 2328 688 2400 dynagi
716 2323 1024 2396 vI;Cypriis
1054 2324 1168 2377 sive
1205 2321 1519 2375 Salaminiis
1540 2321 1716 2389 quinti
1746 2320 1949 2375 mensis
1981 2322 2099 2375 «lies

513 2439 576 2489 v;
612 2421 835 2492 Paphus
864 2418 989 2472 Juli'
1022 2434 1146 2483 xiv;
1176 2416 1316 2486 apud
1343 2414 1552 2468 Arabes
1579 2430 1705 2467 vero
1746 2415 1934 2467 Aleum
1970 2432 2095 2479 xxi;

512 2512 937 2584 Cappadocibus
991 2510 1199 2562 Atartre
1249 2522 1385 2571 xut;
1419 2505 1659 2559 llebrmis
1706 2505 1913 2559 'l'ebeth
1969 2522 2099 2569 xm;

514 2605 947 2661 Atheniensibus
979 2601 1432 2655 Melitae-terimus
1464 2615 1553 2662 v1;
1590 2614 1783 2651 omnes
1811 2599 1933 2650 illos
1964 2614 2105 2667 quos

516 2716 682 2770 supra
722 2696 1105 2751 recensuimus
1158 2708 1284 2745 xxtx
1318 2693 1561 2762 integros
1604 2690 1926 2744 consulatus
1976 2705 2102 2758 per-

514 2792 711 2845 currit.
758 2789 873 2843 Sub
916 2786 1198 2841 tricesimo
1234 2784 1431 2839 deinde
1473 2785 1800 2846 consulatu,
1842 2798 2032 2837 mense
2072 2799 2104 2836 x

515 2886 583 2939 ad
628 2883 895 2938 Joannem
936 2881 1207 2945 accessit,
1257 2877 1418 2950 447
1469 2879 1537 2932 ab
1586 2894 1757 2947 eoque
1798 2877 2106 2946 baptizatus

512 2982 619 3036 est,
657 2987 850 3025 annoa
883 2971 1048 3024 nalali
1084 2984 1183 3023 suo
1214 2984 1342 3031 xxx,
1376 2968 1550 3039 Athyr
1582 2968 1884 3023 secundum
1933 2965 2105 3036 [Egy-

515 3068 655 3135 ptios
686 3081 796 3132 xu,
838 3081 887 3117 vi
918 3062 996 3117 ld.
1038 3061 1287 3125 Novem;
1319 3060 1522 3115 Graecis
1568 3077 1698 3115 vero
1730 3061 1810 3114 Dii
1844 3076 1967 3125 vui;
2008 3058 2107 3111 Sa-

516 3157 792 3219 laminiis,
851 3157 966 3211 sive
1008 3153 1563 3217 Constantiensibus,
1599 3153 1744 3207 tertii
1785 3152 1990 3206 Chieac
2018 3165 2103 3215 vl;

515 3214 1120 3322 Paphiis,'Apogonici
1171 3263 1295 3311 va;
1353 3214 1627 3300 Arabibus
1675 3245 2102 3314 Angalthabaith
2132 3214 2174 3271 ο

518 3358 680 3408 xxn;
752 3340 1141 3397 Macedonibus
1207 3338 1428 3408 Apellzei
1499 3354 1629 3403 xvi;
1685 3336 2104 3407 Cappadocibus

516 3437 757 3488 Aratatre
793 3450 894 3497 xv;
935 3432 1367 3486 Atheniensibus
1400 3428 1810 3499 Metagitnionis
1855 3445 1965 3494 vu;
1995 3427 2104 3483 He-

518 3526 681 3579 braeis
713 3524 1107 3578 Marchesuvan
1145 3538 1237 3575 vn.
1257 3522 1354 3575 Cui
1390 3520 1610 3590 quidem
1637 3521 1921 3575 sentcntiae
1947 3520 2106 3575 Luca:

517 3633 739 3690 quoque
798 3617 1136 3687 suffragatur
1189 3614 1585 3683 Evangelium,
1634 3614 1689 3665 in
1740 3630 1851 3682 quo
1886 3614 1989 3668 ista
2031 3614 2107 3668 le-

517 3721 765 3781 guntur:
804 3710 933 3762 Erat
968 3723 1142 3761 autem
1167 3706 1323 3760 Jesus
1358 3707 1611 3775 incipiens
1650 3707 1808 3774 quasi
1846 3722 2105 3759 annorum

518 3820 650 3869 xxx,
681 3802 821 3872 [ilius
843 3842 858 3867 ,
916 3810 971 3854 ut
1001 3800 1321 3869 putabatur,
1342 3796 1535 3867 Joseplt
1566 3800 1606 3851 '.
1648 3798 1777 3852 Post
1808 3798 1921 3852 lucc
1962 3815 1991 3853 a
2028 3814 2103 3854 xtl

518 3899 608 3951 die
646 3897 821 3966 Athyr
848 3894 1163 3963 praedicavit
1193 3907 1397 3945 annum
1432 3891 1821 3960 acceptabilem
1858 3890 2105 3955 Domini,

518 3987 976 4059 quemadmodum
1080 3984 1247 4039 Isaias
1339 3982 1604 4052 prOpheta
1706 3982 2104 4052 praedixerat:

520 4082 755 4150 Spiritus
796 4078 1009 4131 Domini
1051 4093 1207 4143 super
1241 4091 1357 4138 me;
1398 4091 1491 4142 pro
1523 4090 1581 4125 eo
1625 4074 1763 4143 quod
1802 4074 1953 4127 unxit
1991 4091 2101 4136 me,

518 4172 880 4241 evangelisare
924 4169 1241 4239 pauperibus
1275 4166 1421 4219 misit
1450 4180 1573 4228 me;
1610 4166 1901 4233 praedicare
1940 4168 2109 4234 capti-

523 4269 601 4320 vis
635 4265 997 4319 remissionem
1052 4268 1385 4329 peccatorum
1411 4298 1424 4318 ,
1460 4268 1509 4311 et
1533 4259 1685 4310 ca’cis
1725 4259 1927 4321 risum;
1974 4274 2111 4325 pra:-

521 4360 704 4412 dicare
734 4372 931 4411 annum
982 4353 1199 4408 Domini
1238 4352 1640 4420 acceptabilem,
1687 4361 1737 4404 et
1786 4351 1924 4403 diem
1962 4352 2113 4405 retri-

522 4451 752 4505 butionis
778 4450 819 4503 ³.

2203 595 2260 645 ὲν
2280 592 2358 662 τῷ
2380 592 2689 663 τριακοστῷ
2708 592 2877 662 τρίτῳ
2901 593 3009 644 ἔτει
3036 593 3134 661 τῆς
3163 590 3325 645 αὑτοῦ
3353 589 3745 661 ἐνσαρκὼσεως
3764 589 3788 622 δ

2202 684 2506 751 παρουσίας
2539 682 2764 752 πάσχων
2792 685 2820 735 ὁ
2859 682 3184 752 Μονογενὴς,
3220 679 3436 750 ἀπαθὴς
3466 678 3543 732 ὢν
3582 678 3787 731 ἄνωθεν

2199 774 2331 837 Θεὸς
2360 773 2551 841 Λόγος,
2591 763 2768 844 σά’ρκα
2793 773 2850 826 δὲ
2877 773 3276 842 ἀναδεξάμενος
3300 772 3441 843 ὑπὲρ
3484 772 3641 840 ἡμῶν
3681 787 3780 822 πα-

2200 863 2313 917 θεῖν
2336 865 2673 931 κατεδέξατο,
2698 866 2781 917 ’ίνα
2816 863 2910 917 τοῦ
2940 864 3170 917 θανάτου
3221 863 3282 915 τὸ
3339 862 3463 916 καθ’
3489 864 3521 931 ἡ
3533 861 3647 931 μῶν
3675 878 3789 931 χει-

2203 958 2473 1028 ρόγραφον
2522 957 2682 1027 λύσῃ.
2740 958 2873 1010 Μετ’
2901 956 3117 1026 ἐκείνην
3152 956 3260 1027 γὰρ
3299 956 3398 1025 τὴν
3439 952 3703 1007 ὑπατείαν
3729 954 3789 1005 ὲν

2197 1052 2275 1122 τῷ
2314 1052 2621 1123 τριακοστῷ
2671 1051 2780 1103 ἔτει
2824 1052 2988 1105 αὑτοῦ
3021 1051 3425 1121 σημαινομένην
3469 1048 3605 1116 άλλη
3646 1048 3789 1100 ὑπα-

2199 1144 2317 1196 τεία
2344 1142 2555 1211 γέγονε,
2594 1142 2861 1213 λεγομένη
2901 1144 3008 1194 τῶν
3044 1142 3135 1195 δύο
3170 1141 3427 1212 Γεμηνῶν
3449 1156 3463 1169 ·
3491 1137 3610 1191 εἶτα
3653 1138 3787 1208 ἄλλη

2200 1235 2431 1289 ὑπατεία
2481 1234 2708 1301 Ῥούφου
2739 1236 2831 1287 καὶ
2876 1235 3308 1296 Ῥουδελλίωνος.
3344 1233 3452 1284 Καὶ
3483 1230 3656 1293 οὕτως
3694 1248 3791 1300 με·

2197 1328 2468 1396 ταςούσης
2507 1325 2606 1395 τῆς
2661 1328 2921 1391 ὑπατείας
2944 1328 3041 1397 τῆς
3070 1326 3205 1398 μετὰ
3226 1326 3321 1397 τὴν
3344 1326 3607 1378 ὑπατείαν
3642 1324 3793 1375 Ῥουο

2201 1420 2507 1481 ϐελλίωνος,
2529 1419 2652 1488 ἥτις
2685 1419 2809 1472 ὖστε
2819 1438 2910 1490 ρον
2944 1416 3105 1490 ἦλθεν
3131 1420 3435 1471 Οὑῖννικίου
3457 1417 3789 1487 καλουμένη,

2200 1513 2293 1563 καὶ
2324 1510 2588 1577 Λογγίνου
2614 1510 2879 1574 Κασσίου,
2912 1510 3109 1580 πάσχει
3131 1512 3159 1561 ὁ
3186 1509 3377 1581 Σωτὴρ
3404 1512 3460 1561 ἐν
3487 1512 3555 1579 τῇ
3584 1507 3689 1578 πρὸ
3720 1513 3791 1574 ιγ’

2199 1603 2493 1670 Καλανδῶν
2511 1602 2856 1673 Ἀπριλλίων.
2885 1605 2995 1656 Καὶ
3032 1603 3352 1674 ἐλήλεγκται
3384 1601 3587 1655 τούτων
3616 1601 3784 1653 ἁπάν-

2197 1698 2359 1765 τωνὴ
2392 1692 2592 1760 πλάνη,
2623 1694 3021 1764 εὑρισκομένης
3048 1694 3231 1761 σαφῶς
3258 1694 3355 1762 τῆς
3377 1693 3519 1745 κατὰ
3546 1692 3642 1762 τὴν
3665 1691 3793 1758 ἀλή-

2202 1791 2355 1845 θειαν
2382 1791 2755 1852 διδασκαλίας,
2780 1788 2852 1849 ὡς
2888 1788 2948 1839 οὑ
2980 1786 3137 1857 μόνον
3165 1786 3258 1838 δύο
3292 1785 3498 1856 χρόνων
3543 1784 3793 1852 περίοδος

2132 1869 2173 1927 Β
2204 1883 2433 1952 Πασχῶν
2482 1882 2539 1933 ἐν
2582 1882 2693 1943 τοῖς
2744 1876 3095 1944 Εὑαγγελίοις
3144 1874 3468 1945 ἐμφέρεται,
3510 1873 3645 1927 ἀλλὰ
3694 1875 3795 1925 χώ

2200 1993 2385 2027 τοιων.

2272 1994 2385 2027 ιων.

2234 1994 2397 2120 ρΚΔ’.
2439 2064 2799 2134 Γεννηθέντος
2823 2061 2930 2132 γὰρ
2956 2059 3121 2114 αὑτοῦ
3158 2060 3289 2130 περὶ
3312 2058 3402 2111 τὸν
3431 2058 3793 2127 Ἰαννουάριιν

2205 2159 2371 2230 μῆνα,
2414 2156 2662 2209 τουτέστι
2692 2154 2799 2225 πρὸ
2860 2152 3006 2204 ὀκτὼ
3036 2150 3203 2204 Είδῶν
3243 2150 3639 2219 Ἰαννουαρίων,
3670 2149 3793 2217 ἧτις

2202 2253 2319 2304 ἐστὶ
2340 2247 2801 2318 κατὰῬωμαίους
2827 2244 3051 2313 πέμπτη
3076 2241 3169 2293 τοῦ
3208 2240 3569 2310 Ἰαννουαρίου
3599 2239 3792 2309 μηνὸς,

2202 2342 2343 2395 κατὰ
2371 2340 2701 2409 Αἰγυπτίους
2725 2336 2861 2388 Τυϐὶ
2887 2334 3169 2402 ἑνδεκάτη·
3198 2332 3341 2385 κατὰ
3364 2330 3591 2401 Σύρους,
3616 2331 3794 2381 είτονν

2207 2435 2493 2505 Ἕλληνας,
2531 2430 2800 2484 Αὑδυνέου
2835 2429 3017 2481 ἕκτου·
3070 2426 3210 2479 κατὰ
3258 2425 3565 2494 Κυπρίους,
3613 2421 3795 2474 είτουν

2206 2524 2583 2595 Σαλαμινίους,
2625 2522 2875 2590 πέμπτου
2911 2518 3169 2588 πέμπτη·
3210 2516 3351 2569 κατὰ
3381 2516 3621 2583 Παφίους
3659 2513 3793 2565 Ἰού-

2205 2618 2297 2669 λου
2329 2611 2917 2685 τεσσαρεσκαιδεκάτη·
2966 2608 3104 2661 κατὰ
3136 2606 3382 2677 Ἄραϐας
3423 2604 3634 2674 Ἀλεὼμ
3678 2610 3787 2657 κα⁸·

2206 2707 2347 2760 κατὰ
2376 2704 2748 2765 Καππαδόκας
2799 2702 3036 2771 Ἀταρτᾶ
3077 2706 3164 2768 ιγ’·
3201 2700 3341 2751 κατὰ
3378 2697 3661 2770 Ἐϐραίους
3698 2695 3791 2746 τι·

2207 2800 2329 2871 ϐιὴθ
2364 2806 2449 2867 ιγ’·
2488 2798 2626 2850 κατὰ
2672 2795 2987 2864 Ἀθηναίους
3008 2791 3509 2864 Μαιμακτηριῶνος
3547 2796 3627 2854 ς’·
3660 2806 3792 2859 παρ

2208 2892 2335 2964 ἦλθε
2383 2891 2482 2953 τὰς
2528 2888 2937 2960 προειρημένας
2975 2885 3240 2946 ὑπατείας
3283 2880 3615 2935 είκοσιεννέα
3665 2880 3785 2950 πλή⁹

2211 3000 2353 3055 ρεις·
2386 2984 2463 3045 είς
2502 2981 2558 3033 δὲ
2585 2979 2681 3050 τὴν
2723 2976 3048 3049 τριακοστὴν
3075 2975 3360 3037 ὑπατείαν,
3394 2974 3536 3043 φημὶ
3573 2972 3631 3024 δὲ
3668 2973 3794 3041 περὶ

2208 3070 2300 3122 τὸν
2330 3070 2552 3123 δέκατον
2578 3067 2742 3137 μῆνα,
2772 3062 2902 3136 ἦλθε
2935 3066 3069 3135 πρὸς
3099 3065 3191 3119 τὸν
3224 3065 3495 3133 Ἰωάννην,
3534 3063 3628 3114 καὶ
3665 3061 3789 3113 ἐϐα-

2211 3163 2410 3233 πτίσθη
2441 3164 2498 3215 ἐν
2539 3161 2777 3232 Ἰορδάνῃ
2802 3159 3029 3230 ποταμῷ
3054 3158 3148 3211 τοῦ
3171 3157 3493 3229 τριακοστοῦ
3518 3156 3671 3218 ἔτους
3697 3155 3793 3225 τῆς

2208 3256 2474 3325 ἐνσάρκου
2491 3254 2816 3323 γεννήσεως,
2835 3253 3079 3304 τουτέστι
3104 3250 3243 3304 κατὰ
3266 3250 3595 3317 Αἰγυπτίους
3632 3248 3793 3316 Ἀθὺ(

2204 3346 2500 3418 δωδεκάτῃ,
2535 3344 2637 3415 πρὸ
2675 3343 2733 3410 ἒξ
2791 3343 2963 3396 Είδῶν
2991 3341 3335 3414 Νοεμϐρίων·
3357 3340 3499 3392 κατὰ
3528 3338 3794 3407 Ἕλληνας

2205 3440 2329 3491 Δίου
2358 3445 2437 3509 η’·
2467 3440 2610 3492 κατὰ
2636 3436 3017 3507 Σαλαμινίους,
3051 3437 3179 3498 τοὺς
3208 3435 3303 3487 καὶ
3331 3434 3794 3495 Κωσταντιαίους,

2205 3531 2390 3601 τρίτου
2425 3529 2598 3582 Χοιὰκ
2657 3536 2740 3593 ς’·
2793 3528 2935 3580 κατὰ
2980 3527 3222 3595 Παφίους
3259 3525 3642 3595 ’Δπογονιστοῦ
3687 3526 3762 3590 ις’

2209 3622 2348 3676 κατὰ
2372 3622 2615 3692 Ἄραϐας
2644 3620 3072 3690 Ἀγγαλθαϐαεὶθ
3092 3619 3175 3689 κβ⁹
3193 3618 3360 3672 ’κατὰ
3373 3620 3695 3681 Μακεδόνας
3720 3619 3805 3671 'A-

2208 3713 2464 3768 πελλαίου
2496 3720 2589 3777 ις’·
2616 3713 2756 3765 κατὰ
2798 3713 3176 3776 Καππαδόκας
3212 3712 3486 3781 Ἀρατατᾶ
3535 3717 3621 3762 ιε’·
3658 3712 3801 3763 κατὰ

2221 3807 2537 3875 Ἀθηναίους
2564 3805 3031 3874 Μεταγειτνιῶνος
3060 3804 3263 3875 ἐϐδόμῃ
3281 3820 3295 3834 ·
3333 3805 3476 3857 κατὰ
3514 3802 3802 3872 Ἐϐραίους

2208 3898 2538 3970 Μαρεσουὰν
2568 3898 2798 3971 ἐϐδόμῃ·
2837 3897 2913 3960 ὼς
2942 3898 3311 3967 ἐπιμαρτυρεῖ
3333 3913 3434 3967 μου
3458 3894 3536 3965 τῷ
3566 3895 3710 3965 λόγῳ
3740 3899 3802 3946 τὸ

2209 3990 2366 4058 ἆγιον
2403 3988 2544 4043 κατὰ
2576 3991 2790 4043 Λουκᾶν
2813 3989 3165 4057 Εὑαγγέλτον,
3190 3981 3293 4041 ὧδέ
3322 4005 3438 4050 πως
3466 3986 3653 4055 λέγον·
3683 3983 3793 4040 *Ην

2209 4082 2277 4134 δὲ
2327 4082 2559 4150 Ἰησοῦς
2596 4082 2927 4151 ἀρχόμενος
2959 4082 3101 4133 ὡσεὶ
3146 4080 3299 4133 ἑτῶν
3348 4078 3688 4148 τριάκοντα,
3719 4078 3803 4130 ὢν

2210 4174 2361 4239 υἱὸς,
2420 4174 2500 4239 ὡς
2544 4173 2842 4241 ἐνομίζετο
2891 4168 3065 4235 εῖναι,
3102 4172 3209 4225 τοῦ
3254 4171 3496 4239 Ἰωσήφ.
3539 4172 3648 4225 Καὶ
3694 4172 3800 4223 άπ-

2212 4264 2457 4317 εντεῦθεν
2484 4264 2589 4316 ὑπὸ
2624 4264 2783 4335 ’Λθὺρ
2798 4263 3077 4333 δωδεκάτη
3097 4265 3116 4295 ⁸
3146 4262 3510 4335 κηρύττοντος
3530 4261 3695 4315 αὑτοῦ
3712 4260 3801 4313 τὸν

2211 4355 2398 4407 δεκτὸν
2451 4355 2693 4408 ἐνιαυτὸν
2743 4354 2973 4424 Κυρίου,
3018 4356 3160 4409 κατὰ
3209 4355 3279 4408 τὰ
3328 4356 3385 4407 ἐν
3435 4353 3514 4425 τῷ
3548 4356 3802 4425 προφήτῃ

2227 4448 2424 4517 Ἡσαΐᾳ
2453 4446 2825 4518 προειρημένα
2846 4465 2859 4477 ·
2892 4448 2973 4499 ὅτι
3004 4448 3248 4516 Πνεῦμα
3286 4448 3507 4515 Κυρίου
3557 4446 3651 4498 ἐπ’
3676 4446 3801 4514 ἐμὲ,

521 4541 593 4600 οὗ
638 4544 873 4597 εἵνεκεν
919 4538 1129 4609 ἔχρισέ
1160 4553 1264 4608 με·
1299 4538 1808 4608 εὐαγγελίσασθαι
1856 4538 2115 4607 πτωχοῖς
2153 4542 2502 4596 ἀπέσταλκέ
2526 4560 2624 4612 με,
2656 4543 2909 4610 κηρύξαι
2957 4543 3357 4613 αἰχμαλώτοις
3410 4544 3652 4612 ἄφεσιν,
3703 4560 3801 4596 και

522 4636 775 4706 τυφλοῖς
829 4633 1187 4701 ἀνάϐλεψιν,
1241 4632 1497 4699 κηρύξαι
1559 4632 1841 4685 ἐνιαυτὸν
1891 4632 2116 4699 Κιιοίου
2147 4634 2383 4699 δεκτόν,
2417 4635 2515 4690 καὶ
2542 4636 2771 4705 ἡμέραν
2800 4636 3290 4701 ἀνταποδόσεως.

592 4726 761 4781 XXV.
789 4724 959 4779 Plane
989 4725 1209 4795 quidem
1253 4738 1458 4776 annum
1494 4720 1813 4792 praedicavit
1856 4729 2105 4791 accepta-

2288 4726 2414 4779 KE'.
2464 4726 2550 4789 Ὠς
2578 4724 2793 4795 ἀληθῶς
2836 4726 2944 4795 γὰρ
2997 4724 3261 4795 ἐκήρυξεν
3295 4724 3541 4777 ἐνιαυτὸν
3592 4725 3802 4784 δεκτὸν,

523 4820 720 4879 bilem,
786 4818 839 4871 in
892 4831 1003 4886 quo
1064 4828 1224 4871 nemo
1279 4814 1328 4868 ei
1385 4813 1806 4868 contradixerit.
1862 4811 2110 4867 Primum

522 4913 671 4969 enim
722 4910 869 4965 hunc
910 4924 1113 4962 annum
1146 4917 1269 4979 post
1308 4925 1415 4961 xxx
1453 4922 1483 4959 a
1528 4907 1813 4961 nativitate
1848 4922 1947 4959 sua
1982 4923 2112 4977 pra:-

523 5003 762 5059 dicando
801 5001 1102 5072 transegit,
1156 5002 1592 5071 approbantibus
1639 5001 1949 5066 universis;
1984 5016 2109 5055 cum

525 5111 629 5152 nec
675 5094 847 5149 Judaei
892 5094 1235 5156 resisterent,
1273 5108 1374 5147 nec
1425 5093 1691 5163 gentiles,
1739 5108 1841 5147 nec
1870 5091 2113 5147 Samari-

525 5186 663 5247 tani,
686 5183 782 5239 sed
810 5183 1081 5239 dicentem
1107 5198 1299 5237 omnes
1332 5184 1664 5252 perlibenter
1692 5182 1965 5236 audirent.
1990 5181 2112 5248 Quo

522 5280 716 5335 eodem
770 5291 918 5331 anno
947 5274 1385 5346 Hierosolymam
1434 5274 1714 5337 ascendit,
1749 5283 2110 5344 posteaquam

524 5369 835 5439 baptizatus
875 5372 1073 5428 est,et
1125 5366 1244 5420 dies
1283 5380 1351 5419 χι.
1404 5366 1726 5421 tentationis
1779 5366 1994 5436 exegit,
2048 5382 2112 5419 ac

524 5461 920 5531 discipulorum
956 5459 1233 5515 delectum
1273 5459 1501 5522 habuit,
1525 5474 1650 5513 cum
1706 5459 1775 5513 ab
1808 5458 2113 5512 tentatione

523 5556 589 5610 ad
629 5553 925 5609 Jordanem
972 5552 1167 5617 rediit,
1214 5567 1278 5607 ac
1326 5553 1559 5621 trajecto
1611 5551 1747 5604 mari
1801 5549 2114 5605 Tiberiadis

522 5646 855 5701 Nazaretum
911 5643 1289 5711 contendens,
1335 5643 1775 5715 Hierosolymam
1835 5643 2109 5712 pervenit.

601 5819 618 5848 ¹
645 5818 855 5876 Coloss.
891 5834 951 5888 ιι,
988 5820 1074 5877 14.
1150 5822 1171 5853 ²
1199 5818 1331 5875 Luc.
1365 5833 1449 5885 ιιι,
1476 5819 1568 5876 23.

1650 5820 1669 5851 ³
1700 5817 1805 5877 lsa.
1842 5832 1954 5887 ut,
1985 5819 2008 5873 l
2052 5832 2171 5889 sqq.

2218 4817 2463 4869 τουτέστι
2496 4817 2571 4887 μὴ
2601 4815 3156 4886 άντιλεγόμενον.Τὸν
3187 4816 3295 4886 γὰρ
3318 4816 3534 4887 πρῶτον
3562 4818 3806 4871 ἐνιαυτὸν

2222 4908 2359 4978 μετὰ
2386 4908 2702 4980 τριακοστὸν
2734 4908 2852 4971 ἔτος
2882 4908 2981 4977 τῆς
3014 4907 3177 4961 αὑτοῦ
3205 4907 3473 4979 ἐνσάρκου
3503 4911 3808 4980 παρουσίας

2219 4999 2509 5069 ἐκήρυσσε,
2539 4997 2633 5051 καὶ
2655 4999 2856 5062 πάντες
2879 4998 3255 5068 κατεδέχοντο·
3289 5001 3383 5052 καὶ
3404 4998 3529 5052 οὔτε
3566 5001 3807 5055 Ἰουδαῖοι

2219 5091 2523 5158 ἀντέλεγον,
2565 5089 2688 5142 οὕτε
2710 5090 2856 5161 έθνη,
2886 5089 3009 5143 οὕτε
3042 5092 3406 5162 Σαμαρεῖται·
3440 5091 3578 5146 ἀλλὰ
3609 5094 3812 5159 πάντες

2220 5183 2388 5254 ἡδέως
2422 5183 2617 5253 ἤκουον
2661 5182 2845 5235 αὑτοῦ.
2892 5183 2979 5236 Ἐν
3006 5176 3049 5249 ᾧ
3084 5184 3315 5253 ἐνιαυτῷ
3351 5184 3559 5238 ἄνεισιν
3591 5187 3672 5249 εἰς
3714 5186 3813 5238 Ἱε-

2219 5274 2514 5344 ροσόλυμα,
2576 5276 2713 5344 μετὰ
2762 5276 2822 5327 τὸ
2864 5274 3251 5345 βαπτισθῆναι,
3298 5278 3394 5329 καὶ
3433 5276 3665 5330 διελθεῖν
3710 5280 3814 5339 τὰς

2213 5367 2619 5437 τεσσαράκοντα
2646 5367 2858 5437 ἡμέρας
2885 5367 2978 5420 τοῦ
3006 5367 3339 5438 πειρασμοῦ,
3370 5370 3460 5421 καὶ
3484 5368 3813 5433 ἐκλέξασθαι

2214 5458 2339 5519 τοὺς
2367 5456 2558 5509 ἑαυτοῦ
2589 5456 2858 5528 μαθητὰς,
2896 5457 3227 5526 άνακάμψας
3252 5458 3361 5511 ἀπὸ
3382 5459 3475 5512 τοῦ
3498 5461 3810 5531 πειρασμοῦ

2217 5551 2309 5602 ἐπὶ
2341 5548 2431 5601 τὸν
2470 5548 2759 5619 Ἰορδάνην,
2788 5550 2881 5601 καὶ
2908 5548 3131 5602 διελθὼν
3156 5549 3251 5602 ἐπὶ
3273 5550 3373 5620 τῆς
3404 5551 3689 5620 θαλάσσης
3709 5550 3813 5620 τῆς

2217 5639 2554 5710 Τιϐεριάδος,
2585 5640 2677 5691 ἐπὶ
2704 5639 2801 5710 τὴν
2827 5638 3081 5711 Ναζαρὲτ
3116 5642 3503 5712 πορευόμενος,
3529 5642 3698 5714 ἀνέϐη
3724 5641 3812 5716 δη-

2254 5817 2271 5848 "
2294 5815 2353 5872 F.
2388 5815 2675 5871 ἐνσάοκου.
2752 5819 2771 5849 ³
2808 5816 2868 5872 F.
2903 5818 3229 5893 δωδεκάτης.
