4176 6386
479 310 586 368 935

1149 298 1520 359 ADVERSUS
1564 298 1905 356 "AJRESES
1939 298 2066 354 LIB.
2111 298 2175 354 11.
2225 296 2390 353 TOM.
2428 297 2468 353 l.
2507 329 2574 338 —-
2611 297 2886 354 lleRES.
2919 297 3011 357 Li.

3625 297 3732 355 97,-}.

477 421 654 478 λονύτι
705 421 784 484 είς
832 419 1205 492 Ἰερουσαλήμ.
1247 420 1354 474 Kui
1403 421 1460 472 ἐν
1510 417 1660 489 μέσῳ
1711 418 1811 488 τῆς
1859 417 2052 488 ἑορτῆς

2161 413 2231 467 Ibi
2263 416 2314 467 in
2350 414 2527 468 medio
2561 413 2700 469 festo
2735 415 3071 475 vociferatus
3103 426 3187 471 est
3215 415 3406 474 dicens
3456 436 3470 473 :
3518 415 3577 474 Si
3615 421 3732 488 quis

477 513 772 583 ἐκέκραγε,
810 510 982 579 λέγων
1003 528 1016 542 ο
1044 511 1116 562 El
1142 529 1228 577 τις
1258 508 1425 578 διψᾷ,
1472 508 1736 579 ἐρχέσθω
1774 507 1926 575 πρός
1952 524 2050 575 με,

477 603 580 658 καὶ
615 603 851 658 πινέτω.
886 603 997 656 Kui
1039 601 1211 666 οὕτως
1261 601 1503 672 ἀπῆλθεν
1535 604 1614 664 είς
1659 601 1932 672 Ναζαρὲτ,
1957 600 2055 653 xui

483 696 565 758 είς
601 695 700 763 τὴν
749 693 1032 760 Ἰουδαίαν,
1077 693 1170 746 xui
1214 693 1294 756 είς
1345 691 1680 762 Σαμάρειαν,
1729 691 1822 744 καὶ
1860 691 1941 752 είς
1987 689 2056 742 τά

487 784 628 856 μέρη
659 785 856 855 Τύρου.
887 783 998 836 Καὶ
1027 782 1400 853 πληρωθέντος
1424 782 1516 836 τοῦ
1546 783 1758 853 πρώτου
1784 782 2052 847 ἐνιαυτοῦ,

484 875 649 928 πάλιν
678 875 882 929 ἄνεισιν
925 877 1004 938 είς
1049 873 1412 946 Ἰεροσόλυμα.
1446 874 1556 927 Kui
1598 874 1783 928 λοιπὸν
1828 875 2055 946 ἐζήτουν

483 967 646 1021 αὑτὸν
677 966 871 1020 πιάσαι
903 968 960 1019 ἐν
993 968 1058 1036 τῇ
1111 967 1293 1036 ἑορτῇ,
1346 965 1440 1018 καὶ
1491 966 1854 1037 ἐφοϐήθησαν.
1899 967 1987 1020 Ἐν

483 1059 641 1132 ἑορτῇ
675 1057 879 1126 ἔλεγεν,
910 1057 990 1110 ὅτι
1044 1059 1125 1110 οὺ
1165 1058 1498 1112 καταϐαίνω
1548 1059 1635 1124 εὶς
1681 1056 1796 1125 τὴν
1839 1057 2057 1125 ἑορτὴν

481 1152 728 1216 ταύτην.
761 1150 836 1202 Οὐ
877 1149 985 1220 γὰρ
1014 1148 1284 1218 ἐψεύδετο,
1331 1149 1405 1221 μὴ
1447 1149 1694 1218 γένοιτοί
1732 1151 2055 1218 Meuaniam;

481 1241 592 1312 γὰρ
623 1240 735 1310 τῆς
762 1240 994 1309 ἑορτῆς,
1026 1236 1195 1310 ἦλθε,
1223 1241 1377 1313 φησὶ,
1410 1241 1510 1295 καὶ
1539 1240 1719 1308 ἀνέϐη
1757 1244 1845 1308 εὶς
1883 1241 2059 1308 Ἰερο-

483 1334 750 1403 σόλυμαο
784 1333 880 1386 καί
929 1333 1176 1402 ἕλεγον⁶
1211 1335 1334 1403 Οὐχ
1373 1329 1552 1400 οὗτός
1593 1335 1781 1398 ἐστιν,
1819 1334 1892 1387 ὃν
1929 1332 2056 1403 ἐξῆ-

482 1442 630 1482 τουν
658 1423 866 1478 πιάσαι
884 1439 903 1487 ;
933 1425 1039 1480 Καὶ
1083 1424 1210 1478 ἰδοὺ
1244 1427 1548 1494 παρρησίᾳ
1585 1426 1789 1480 λαλεῖ·
1813 1426 1899 1496 μὴ
1943 1427 2057 1494 ἄρα

482 1517 704 1586 ἔμαθον
726 1519 780 1570 ol
796 1515 988 1586 ἱερεῖς,
1007 1515 1094 1568 ὅτι
1120 1511 1296 1582 οὗτός
1310 1517 1481 1570 ἐστιν
1501 1521 1534 1571 ό
1548 1519 1835 1587 Χριστός;
1874 1520 2058 1574 Ἀλλὰ

482 1609 729 1678 οἴδαμεν
757 1605 936 1673 οὗτος
964 1609 1148 1663 πόθεν
1186 1607 1339 1663 ἐστι.
1371 1609 1779 1681 Μυστηριωδῶς
1818 1611 1926 1684 γὰρ
1963 1611 2057 1664 xui.

2155 507 2297 571 sitit,
2340 508 2545 573 veniat,
2571 517 2618 560 et
2650 506 2794 560 bibat
2833 509 2874 560 ³.
2917 506 3044 562 Inde
3100 507 3424 563 Nazaretum
3464 512 3733 580 perrexit;

2154 606 2208 651 et
2238 599 2291 651 in
2323 597 2518 651 Judam
2541 639 2556 663 ,
2583 613 2646 652 ac
2671 598 2975 652 Samariam
2993 639 3008 662 ,
3033 615 3096 653 ac
3125 599 3412 670 Tyriorum
3455 602 3734 672 regionem

2155 689 2436 760 profectus
2484 698 2590 746 est.
2633 690 2763 746 Post
2798 693 2912 747 haec
2945 694 3164 747 evoluto
3195 694 3308 763 jam
3343 694 3524 764 priore
3558 709 3733 759 anno,

2156 780 2585 854 Hierosolymam
2636 787 2946 838 revertitur.
2982 782 3086 839 Ubi
3111 799 3238 838 cum
3276 801 3400 839 eum
3462 785 3602 840 festo
3647 785 3738 841 die

2156 876 2614 945 comprehendere
2644 877 2880 943 vellent,
2915 884 3060 930 metu
3085 877 3324 945 repressi
3355 885 3503 932 sunt.
3533 875 3609 931 Ac
3632 877 3738 932 sub

2157 965 2299 1019 idem
2336 964 2534 1020 festum
2567 968 2640 1019 ita
2697 967 2816 1022 suis
2852 967 3066 1020 locutus
3103 974 3229 1020 est:
3265 964 3387 1019 Non
3409 967 3634 1021 ascendo
3667 966 3738 1019 ad

2156 1057 2293 1111 diem
2346 1059 2539 1127 festum
2579 1061 2738 1112 istum
2769 1059 2811 1112 ⁸.
2865 1060 2923 1112 In
2984 1075 3094 1129 quo
3150 1059 3292 1113 absit
3344 1067 3404 1111 ut
3455 1060 3736 1112 mentitum

2156 1151 2307 1205 illum
2362 1151 2725 1205 arbitremur!
2777 1149 2905 1203 Jam
2959 1151 3098 1204 enim
3149 1150 3232 1204 die
3287 1151 3422 1220 [esto
3477 1149 3741 1206 mediante

2157 1241 2319 1308 abiit,
2365 1242 2572 1312 inquit,
2600 1253 2648 1296 et
2695 1242 2929 1296 ascendit
2975 1243 3030 1294 in
3067 1241 3401 1296 Hierusalem
3434 1243 3490 1310 ⁸;
3522 1252 3571 1298 et
3600 1244 3742 1298 dice-

2158 1330 2556 1386 bant:Nonne
2616 1333 2700 1386 hic
2757 1343 2868 1396 est,
2923 1349 3075 1403 quem
3133 1337 3439 1403 qumrebant
3501 1353 3740 1404 compre-

2156 1424 2376 1478 hendere
2399 1429 2424 1481 ?
2447 1424 2515 1478 Et
2562 1442 2676 1480 ecce
2705 1427 2883 1495 palam
2923 1426 3173 1496 loquitur.
3210 1425 3465 1498 Nunquid
3505 1446 3618 1483 vere
3661 1446 3744 1483 co-

2157 1529 2440 1586 gnoverunt
2481 1519 2815 1580 sacerdotes,
2867 1519 2993 1587 quia
3040 1517 3124 1570 hic
3173 1528 3249 1573 est
3312 1520 3592 1574 Christus?
3638 1521 3741 1575 S.d

2157 1607 2293 1660 hunc
2314 1609 2507 1662 scimus
2534 1609 2670 1663 unde
2697 1610 2767 1661 sit
2794 1610 2832 1662 ⁸.
2863 1607 2996 1660 Nam
3021 1625 3142 1662 cum
3173 1612 3398 1680 mystice
3418 1653 3432 1676 ,
3471 1629 3533 1666 ac
3575 1615 3705 1683 spiri
3723 1641 3742 1653 -

484 1701 868 1773 πνευματικῶς
897 1701 1275 1772 διαλεγομένου
1312 1704 1423 1766 τοῖς
1465 1702 1628 1757 αὑτοῦ
1658 1703 1924 1772 ἀδελφοῖς,
1953 1704 2051 1757 οὐκ

2161 1696 2341 1748 taliter
2391 1697 2650 1752 fratribus
2683 1697 2800 1754 suis
2829 1699 3166 1767 loqueretur,
3193 1701 3323 1768 quid
3360 1701 3565 1756 diceret
3596 1704 3742 1773 igno-

483 1795 698 1866 ήδεισαν
735 1794 787 1848 τί
812 1794 1014 1863 ἔλεγεν.

559 1885 751 1954 Ἔλεγε
778 1885 887 1957 γάρ
917 1886 1098 1948 αὑτοῖς
1145 1886 1220 1956 μὴ
1266 1885 1576 1940 ἀναϐαίνειν
1606 1888 1686 1951 είς
1723 1887 1782 1941 τὸ
1818 1889 1959 1960 ίερδν
1997 1890 2054 1941 ἐν

482 1981 550 2050 τῇ
585 1979 744 2050 ἑορτῇ
778 1979 981 2050 ἐκείνῃ,
999 1978 1131 2050 μηδὲ
1158 1979 1238 2042 είς
1261 1977 1351 2032 τὸν
1376 1979 1626 2049 σταυρὸν,
1649 1979 1744 2032 τοῦ
1770 1981 2055 2035 τελειῶσαι

483 2070 622 2132 τέως
645 2069 744 2140 τήν
763 2071 1070 2140 οἰκονομίαν
1092 2070 1184 2122 τοῦ
1210 2070 1420 2134 Πάθους
1447 2071 1634 2136 αὑτοῦ,
1663 2073 1757 2125 xui
1787 2073 2055 2144 σωτηρίας

487 2162 802 2233 μυστήριον,
848 2164 942 2216 xui
985 2165 1048 2216 ἐκ
1085 2163 1296 2234 νεκρῶν
1323 2164 1644 2234 ἀναστῆναι,
1695 2165 1790 2218 xui
1838 2167 1919 2229 εἰς
1964 2167 2055 2219 τὸν

482 2251 709 2321 οὐρανὸν
741 2251 1004 2323 ἀναϐῆναι
1026 2269 1038 2282 ο
1077 2251 1233 2305 ἅτινα
1282 2253 1518 2323 ἐπλήρου
1563 2253 1738 2306 πάντα
1769 2255 1826 2306 ἑν
1857 2257 1922 2326 τῇ
1953 2253 2057 2325 ἰδία

483 2341 651 2396 αὑτοῦ
679 2342 914 2414 ἐξουσίᾳ.
947 2345 1055 2398 Kui
1079 2344 1217 2415 μετά
1238 2335 1411 2398 ταῦτα
1452 2345 1525 2408 ὡς
1555 2345 1933 2417 πληρωθέντος
1962 2346 2054 2399 τοῦ

483 2434 689 2498 δ.ετούς
714 2435 906 2506 χρόνου
945 2435 1080 2505 μετά
1109 2436 1170 2488 τὸ
1192 2435 1492 2506 βάπτισμα,
1517 2437 1611 2489 καὶ
1629 2437 1729 2508 τὴν
1755 2437 1920 2490 αὑτοῦ
1944 2439 2059 2506 γέν-

484 2541 660 2591 νησιν,
694 2525 803 2578 ἀπὸ
832 2525 1135 2596 Νοεμϐρίου
1182 2527 1370 2597 μηνὸς.
1417 2528 1510 2579 καὶ
1558 2527 1664 2580 ἀπὸ
1701 2529 2056 2600 Ἰαννουαρίου

488 2617 676 2687 μηνὸς,
711 2617 804 2671 xui
838 2620 946 2672 τῶν
992 2620 1267 2684 ἐπέκεινα,
1317 2619 1499 2672 λοιπὸν
1540 2621 1598 2672 ἐν
1634 2620 1711 2692 τῷ
1755 2622 2060 2694 τριακοστῷ

485 2707 652 2778 τρίτῳ
680 2707 788 2760 ἔτει
819 2711 917 2779 τῆς
949 2709 1114 2762 αὑτοῦ
1158 2709 1422 2779 ἑνσάρκου
1463 2713 1794 2782 οἰκονομίας,
1829 2713 1967 2784 μετὰ
1998 2713 2060 2766 τὸ

486 2797 790 2870 ὑπερϐῆναι
824 2801 986 2853 αὑτὸν
1022 2800 1121 2864 τὰς
1149 2801 1242 2854 δύο
1273 2801 1555 2865 ὑπατείας,
1586 2803 1652 2867 ἀς
1695 2804 1924 2875 ἔφημεν,
1953 2805 2060 2859 τῶν

485 2904 545 2940 τε
566 2887 658 2940 δύο
677 2888 934 2959 Γεμηνῶν
962 2890 1053 2943 καὶ
1081 2891 1180 2960 τὴν
1216 2891 1441 2960 Ῥούφου
1494 2895 1588 2945 xui
1627 2893 2059 2959 Ῥουϐελλίωνος,

487 2977 672 3032 λοιπὸν
699 2981 756 3034 ἐν
776 2983 840 3051 τῇ
871 2981 1028 3052 τρίτῃ
1062 2981 1316 3053 ὑπατεία,
1345 2986 1400 3036 ἐν
1425 2983 1501 3055 τῷ
1523 2986 1691 3057 τρίτῳ
1715 2988 1846 3058 μηνὶ
1870 2989 2057 3060 αὑτῆς,

2155 1787 2350 1842 rabaut

2225 1879 2392 1952 448
2424 1878 2669 1953 Negabat
2715 1875 2865 1940 cnim
2917 1904 2976 1944 se
3020 1889 3114 1943 illo
3153 1889 3241 1944 die
3303 1887 3443 1942 festo
3504 1887 3557 1940 in
3606 1893 3745 1940 tem-

2158 1971 2440 2041 plum,aut
2467 1973 2520 2028 in
2555 1991 2774 2031 crucem
2799 1993 3178 2048 ascensurum,
3217 1989 3276 2035 ut
3297 1979 3574 2034 Passionis
3609 1993 3741 2040 suae,

2157 2079 2220 2116 ac
2250 2073 2450 2118 nostra:
2480 2068 2673 2122 salutis
2703 2069 3179 2127 administratione
3211 2073 3544 2142 fungeretur,
3580 2077 3744 2140 atque

2159 2170 2188 2206 a
2221 2157 2451 2212 mortuis
2475 2161 2744 2216 excitatus
2771 2164 3014 2218 evolaret
3047 2166 3101 2218 in
3147 2166 3346 2219 cmlum
3369 2205 3382 2229 ,
3411 2178 3531 2233 qua:
3559 2163 3745 2216 omnia

2159 2261 2258 2316 pro
2333 2263 2431 2302 sua
2485 2259 2755 2318 potestate
2802 2268 2867 2308 ac
2907 2256 3185 2309 voluntate
3231 2263 3420 2324 postea
3473 2254 3743 2323 pra-alitit.

2160 2336 2298 2390 llinc
2327 2338 2549 2392 biennio
2585 2340 2696 2408 jam
2729 2342 2916 2411 clauso
2965 2356 3086 2413 post
3139 2345 3392 2413 baptismi
3443 2359 3505 2396 ac
3551 2344 3736 2396 nativi-

2161 2431 2287 2481 tatis
2322 2429 2500 2496 diem,
2553 2431 2655 2484 boc
2682 2440 2795 2498 est,
2854 2444 2979 2502 post
3013 2434 3371 2489 Novembrem
3425 2449 3489 2487 ac
3544 2432 3749 2486 Janua—

2160 2519 2302 2572 rium
2329 2561 2342 2580 ,
2368 2527 2422 2574 et
2453 2521 2770 2590 interjectos
2813 2526 3025 2594 aliquot
3058 2526 3208 2588 dies,
3241 2542 3386 2578 anno
3438 2526 3508 2579 ab
3567 2523 3749 2578 lucar-

2161 2613 2382 2665 natioue
2407 2628 2503 2666 sua
2544 2629 2718 2667 xxxiii
2738 2655 2752 2678 ,
2786 2618 3076 2685 praeteritis
3105 2617 3218 2685 jam
3245 2658 3259 2678 ,
3291 2617 3435 2687 quod
3469 2617 3710 2672 diximus
3730 2657 3744 2676 .

2161 2703 2539 2758 consulatibus
2597 2705 2840 2770 duobus,
2896 2709 3180 2761 amborum
3229 2708 3618 2771 Geminorum,
3685 2725 3750 2762 ac

2162 2791 2284 2845 lluli
2318 2803 2370 2848 ct
2410 2793 2774 2863 Rubelliouis,
2817 2799 2978 2854 tertio
3017 2801 3236 2854 demum
3282 2802 3574 2854 consulatu
3599 2840 3612 2862 ,
3657 2802 3750 2853 iti~

2163 2887 2395 2956 demque
2455 2889 2619 2942 tcrtio
2681 2897 2804 2959 post
2869 2889 3190 2946 Ianuarium
3263 2908 3329 2947 ac
3390 2892 3747 2948 Februarium

2165 2993 2371 3038 mense,
2408 2980 2496 3047 qui
2527 2977 2754 3036 Martius
2785 2982 3007 3047 dicitur,
3035 2980 3272 3037 Verbum
3306 2984 3439 3038 illud
3477 2984 3748 3053 passionis

489 3070 630 3142 μετά
652 3071 744 3124 τὸν
789 3073 1142 3144 Ἰαννουάριον
1169 3077 1262 3128 xui
1302 3078 1684 3148 Φευρουάριον,
1730 3080 1788 3131 ἐν
1833 3080 2059 3150 Μαρτίῳ

2167 3071 2347 3126 onmis
2391 3088 2619 3137 expers,
2671 3075 2979 3142 passionem
3039 3076 3093 3128 in
3151 3091 3318 3130 carne
3365 3093 3518 3130 suam
3561 3085 3748 3130 nostra

487 3163 642 3233 μηνὶ,
673 3163 869 3216 τελειοῖ
888 3165 947 3217 τὸ
978 3163 1071 3216 τοῦ
1109 3166 1312 3230 πάθους
1348 3173 1644 3240 μυστήριον
1667 3171 1695 3222 ὁ
1717 3171 1932 3242 ἀπαθὴς
1957 3174 2060 3224 Λό-

486 3270 581 3322 γος
622 3253 806 3307 παθὼν
839 3256 895 3307 ἐν
931 3255 1094 3326 σαρκὶ
1123 3256 1191 3308 δι’
1219 3259 1384 3328 ἡμᾶς.
1417 3259 1582 3312 Μένει
1609 3260 1664 3312 δὲ
1711 3262 1769 3314 ἐν
1802 3262 2061 3332 ἀπαθείᾳ,

486 3344 560 3408 ὼς
589 3343 735 3414 λέγει
774 3345 977 3416 Πέτρος
997 3362 1010 3374 ’
1055 3347 1420 3414 Θανατωθείς
1451 3351 1652 3417 σαρκὶ,
1683 3348 2064 3421 ζωογονηθεὶς

487 3432 556 3487 δὲ
588 3434 668 3499 τῷ
705 3435 1016 3504 πνεύματι.

560 3525 706 3591 KG’.
737 3525 941 3594 Πάσχει
984 3525 1040 3577 δὲ
1077 3523 1134 3577 ἐν
1170 3527 1236 3597 τῇ
1287 3527 1394 3598 πρὸ
1431 3527 1728 3601 δεκατριῶν
1770 3531 2064 3586 Καλανδῶν

500 3616 856 3688 Ἀπριλλίων,
905 3617 1356 3689 ὑπερϐεϐηκότων
1380 3619 1560 3674 αὐτῶν
1627 3622 1753 3692 μίαν
1804 3624 2060 3696 ἑσπέραν,

485 3707 764 3760 τουτέστιν
800 3707 858 3759 ἐν
881 3708 946 3776 τῇ
984 3709 1548 3783 τεσσαρεσκαιδεκάτῃ
1576 3712 1675 3780 τῆς
1713 3712 1942 3785 σελήνης
1973 3733 2064 3767 νυ-

487 3801 708 3869 κτερινῇ
748 3799 908 3871 μέσῃ.
943 3801 1246 3870 Προέλαϐον
1266 3801 1374 3872 γάρ
1405 3804 1499 3855 xui
1525 3803 1726 3872 ἔφαγον
1756 3805 1818 3858 τὸ
1851 3807 2060 3878 Πάσχα,

471 3885 563 3950 «ὥς
591 3905 724 3957 φησι
751 3890 810 3941 τὸ
842 3891 1189 3958 Εὑαγγέλιον,
1221 3893 1315 3944 καὶ
1333 3895 1494 3963 ἡμεῖς
1528 3895 1785 3960 πολλάκις
1814 3897 2060 3969 εἴπομεν.

494 3979 738 4047 Ἐφαγον
776 3976 866 4035 οὖν
894 3982 953 4034 τὸ
982 3983 1170 4053 Πάσχα
1196 3985 1301 4054 πρὸ
1329 3984 1421 4036 δύο
1459 3987 1678 4058 ἡμερῶν
1717 3989 1811 4041 τοῦ
1848 3993 2060 4058 φαγεῖν,

488 4072 732 4124 τουτέστι
763 4075 827 4143 τῇ
871 4073 1028 4146 τρίτῃ
1073 4075 1308 4143 ἑσπέρας
1333 4075 1370 4140 ⁸,
1402 4076 1536 4147 ὅπερ
1585 4078 1690 4130 ἔδει
1736 4082 1801 4149 τῇ
1840 4080 2064 4154 πέμπτῃ

489 4156 747 4227 ἑσπέρας.
766 4158 1335 4233 Τεσσαρεσκαιδεκάτη
1357 4162 1462 4234 γὰρ
1488 4164 1656 4228 οὑτως
1673 4161 1739 4236 ἦν
1761 4169 1792 4236 ή
1816 4167 2059 4240 πέμπτη.

490 4247 931 4319 Συλλαμϐάνεται
979 4253 1034 4305 δὲ
1071 4256 1135 4324 τῇ
1181 4255 1337 4326 τρίτῃ
1381 4259 1447 4326 τῇ
1500 4258 1634 4328 αὑτῇ
1679 4259 1796 4328 ὀψὲ,
1833 4261 1954 4330 ἥτις
1996 4258 2063 4333 ἦν

487 4340 744 4413 ἑνδεκάτη
767 4342 866 4412 τῆς
899 4344 1126 4415 σελήνης
1157 4347 1465 4419 νυκτερινὴ,
1497 4349 1600 4420 πρὸ
1631 4349 1822 4415 δεκαέξ
1853 4353 2065 4406 Καλαν-

487 4429 594 4485 δῶν
609 4434 956 4506 Ἀπριλλίων·
985 4436 1176 4508 τετρὰς
1205 4438 1479 4510 δωδεκάτη
1507 4442 1812 4514 νυκτερινὴ,
1839 4444 1944 4516 πρὸ
1974 4445 2061 4497 δε-
2095 4423 2137 4477 D

488 4528 721 4580 καπέντε
737 4527 1020 4583 Καλανδῶν
1036 4529 1379 4599 Ἀπριλλίων·
1396 4531 1619 4604 πέμπτη
1641 4536 2058 4608 τρισκαιδεκάτῃ

487 4620 742 4692 ήμερινὴ,
770 4621 1056 4692 νυκτερινὴ
1087 4622 1144 4675 δὲ
1166 4623 1750 4694 τεσσαρεσκαιδεκάτη,
1779 4626 1886 4698 πρὸ
1911 4628 2061 4681 δεκα-

485 4713 766 4784 τεσσάρων
806 4713 1098 4767 Καλανδῶν
1145 4715 1486 4786 Ἀπριλλίων·
1531 4718 1907 4788 προσάϐϐατον
1935 4738 2059 4783 τεσ-

490 4819 556 4854 σα
563 4803 952 4874 ρεσκαιδεκάτη
967 4805 1272 4875 νυκτερινὴ,
1290 4805 1395 4876 πρὸ
1409 4805 1822 4879 δεκατεσσάρων
1838 4810 2056 4864 Καλαν-

486 4893 591 4945 δῶν
608 4893 946 4964 Ἀπριλλίων⁹
966 4894 1241 4947 Σάϐϐατον
1270 4895 1724 4969 πεντεκαιδεκάτη
1747 4901 2056 4974 νυκτερινὴ,

487 4986 594 5056 πρὸ
624 4985 848 5038 δεκαδύο
865 4985 1152 5039 Καλανδῶν
1168 4987 1508 5058 Ἀπριλλίων
1537 4988 1922 5059 ἐπιφὼσκουσα
1953 4993 2059 5046 Κυ-

493 5073 655 5146 ριακὴ
671 5061 1128 5146 πεντεκαιδεκάτη
1143 5080 1456 5148 νυκτερινή¹
1477 5096 1490 5108 ο
1525 5080 1662 5150 ὅπερ
1692 5077 1759 5152 ἦν
1780 5083 2057 5154 φωτισμδς

485 5163 635 5234 ᾅδου,
676 5165 770 5216 xui
819 5165 942 5234 γῆς,
983 5166 1077 5218 xui
1113 5166 1364 5236 ούρανοῦ,
1417 5169 1512 5220 xui
1559 5170 1793 5241 ἡμέρας,
1825 5170 1914 5226 διά
1956 5173 2056 5244 τὴν

487 5257 978 5328 πεντεκαιδεκάτην
1003 5256 1251 5327 σελήνης,
1279 5259 1372 5310 xui
1397 5259 1487 5312 τὸν
1517 5259 1666 5330 ήλίου
1696 5261 1894 5332 δρόμον
1917 5281 1932 5294 ο
1963 5265 2056 5317 xui

482 5341 565 5398 δτι
605 5345 900 5409 ἀνάστασις
947 5349 1040 5400 xui
1089 5347 1342 5418 ίσημερία
1375 5350 1480 5419 πρὸ
1525 5350 1715 5404 ἕνδεκα
1767 5354 2058 5409 Καλανδῶν

493 5437 839 5511 Ἀπριλλίων,
858 5439 923 5494 δι’
953 5439 1019 5510 ἣν
1050 5439 1411 5511 πλανηθέντες
1431 5442 1734 5514 ὑπέρϐατον
1767 5446 1896 5516 μίαν
1920 5446 2056 5518 ήμέ-

556 5617 915 5713 fiesﬁes
966 5617 1206 5713 ἑῖτξίφιν
1261 5628 1314 5676 ει
1356 5620 1593 5713 πέμπτη
1639 5612 1869 5699 ἐσπέρᾳι
1942 5630 2056 5688 ’⁵³

2161 5635 2352 5705 ιερινή.
2431 5635 2638 5713 Ξίοιιιι.
2693 5653 2787 5703 vn,
2839 5639 2930 5694 εἴ.

482 5688 506 5721 ·
534 5689 668 5745 ibid.
695 5679 915 5746 25:27."
966 5691 985 5722 τ
1013 5689 1028 5742 l
1054 5679 1204 5747 réd.’
1234 5705 1314 5756 υι,
1354 5691 1438 5745 ιε.

2167 3177 2332 3215 causa
2393 3161 2582 3217 subiit.
2649 3163 2974 3233 Quanquam
3033 3165 3087 3218 in
3149 3183 3248 3220 sua
3309 3167 3750 3237 impassibilitatc

2168 3253 2487 3320 permansit,
2519 3262 2576 3306 ut
2605 3255 2680 3307 ait
2709 3254 2906 3310 Petrus
2943 3275 2954 3308 :
2993 3255 3352 3327 Morti/iratus
3397 3276 3586 3325 carne,
3618 3262 3749 3314 viri-

2165 3344 2356 3412 licatus
2407 3357 2582 3398 autem
2611 3348 2800 3416 spiritu
2830 3347 2869 3401 ⁷.

2237 3517 2426 3576 XXVI.
2457 3520 2663 3578 Passus
2693 3533 2776 3579 est
2820 3540 2916 3580 xm
2953 3527 3077 3580 Kal.
3111 3528 3263 3598 Aph,
3293 3546 3414 3582 cum
3453 3530 3526 3583 illi
3560 3546 3749 3600 vespe-

2167 3625 2281 3664 ram
2313 3627 2478 3666 uuam
2515 3617 2973 3674 antevertissent;
3004 3619 3106 3671 hoc
3131 3626 3216 3672 est
3251 3623 3373 3671 luna
3413 3636 3500 3672 .\'|v
3533 3633 3750 3675 noctur-

2167 3717 2235 3754 na
2277 3702 2473 3756 media.
2511 3701 2788 3773 Siquidem
2827 3720 2951 3760 ante
2987 3714 3203 3776 tempus
3263 3709 3338 3761 illi
3396 3708 3606 3765 Pascha
3657 3726 3750 3766 co-

2167 3794 2490 3858 mederunt,
2524 3804 2583 3848 ut
2634 3795 2986 3867 Evangelium
3042 3807 3276 3853 testatur
3298 3840 3312 3862 ,
3342 3815 3406 3854 ac
3467 3817 3570 3857 nos
3603 3818 3748 3871 saepe

2168 3887 2498 3942 monuimus.
2525 3886 2705 3953 Quare
2747 3890 2912 3944 biduo
2936 3901 3060 3945 ante
3092 3891 3388 3961 legitimum
3420 3892 3562 3947 diem
3594 3910 3750 3963 epu--

2166 3981 2276 4036 lum
2311 3980 2574 4037 Paschale
2623 3984 2990 4038 celebrarunt.
3027 3985 3139 4039 lloc
3173 3996 3258 4040 est
3311 3986 3445 4042 feria
3479 3988 3638 4042 tertia
3678 3989 3746 4042 ad

2165 4075 2629 4144 vesperam,quod
2657 4075 2846 4144 quinta
2877 4076 2990 4131 iieri
3014 4079 3278 4146 oportuit.
3301 4077 3374 4132 Ita
3399 4080 3749 4149 etiimqninta

2167 4162 2220 4215 in
2255 4163 2520 4217 decimam
2568 4174 2821 4234 quartam
2880 4167 3172 4222 incidebat.
3231 4169 3498 4224 Cancrum
3554 4169 3747 4224 eadem

2167 4255 2257 4307 illa
2298 4255 2471 4322 feria,
2524 4258 2611 4312 die
2654 4258 2812 4312 tertia
2857 4261 2922 4311 ad
2975 4276 3255 4328 vesperam
3320 4263 3749 4332 comprehensus

2165 4354 2268 4409 est,
2329 4362 2450 4415 qua:
2501 4357 2618 4402 erat
2652 4350 2776 4402 luna
2814 4366 2867 4404 xl
2925 4359 3194 4404 nocturna
3226 4393 3240 4417 ,
3301 4368 3388 4406 va
3421 4353 3540 4409 Kal.
3587 4356 3744 4424 Apr.;

2166 4447 2358 4505 quarta
2395 4439 2557 4506 feria,
2601 4441 2900 4510 eademque
2941 4452 3208 4497 nocturna
3234 4445 3360 4498 luna
3395 4461 3507 4508 xu,
3534 4461 3600 4500 xv
3623 4444 3745 4500 Kal.

2166 4534 2322 4602 Apr.;
2347 4532 2536 4601 quinta
2577 4531 2712 4588 feria
2755 4549 2850 4587 xm
2887 4535 3116 4600 diurna,
3160 4543 3430 4590 nocturna
3472 4552 3600 4592 vero
3631 4553 3745 4605 xiv,

2166 4642 2256 4680 xiv
2295 4626 2418 4679 Kal.
2452 4627 2622 4694 Apr.;
2660 4624 2995 4693 Parasceve,
3042 4643 3129 4681 XIV
3179 4636 3482 4692 nocturna,
3513 4645 3601 4682 xlv
3622 4628 3744 4685 Kal.

2164 4718 2327 4787 Apr.;
2353 4715 2686 4781 Sabbatum,
2716 4735 2780 4772 xv
2809 4727 3079 4773 nocturna
3103 4760 3120 4786 ,
3156 4735 3232 4773 xn
3281 4719 3400 4774 Kal.
3449 4720 3616 4790 Apr.;
3648 4721 3745 4777 de-

2164 4824 2312 4862 mum
2366 4808 2644 4864 Dominica
2674 4810 2792 4867 dies
2820 4811 3021 4876 illuxit,
3066 4827 3188 4881 quae
3238 4811 3477 4876 inl'eros,
3508 4820 3742 4878 terram,

2159 4909 2322 4971 atque
2355 4903 2555 4956 coelum
2596 4917 2695 4958 sua
2726 4902 2848 4959 luce
2891 4903 3270 4969 collustravit,
3309 4913 3532 4974 propter
3557 4905 3741 4958 lunam

2160 5008 2229 5046 xv
2257 4993 2499 5064 solisque
2528 5009 2771 5050 cursum.
2799 4993 2937 5048 Tum
2961 4994 3108 5066 quod
3142 4996 3476 5050 resurrectio
3503 5003 3556 5051 et
3579 4997 3742 5066 sequia

2159 5086 2402 5140 noctium
2447 5086 2502 5140 in
2544 5101 2596 5141 a.
2646 5087 2701 5142 d.
2734 5103 2787 5142 xi
2822 5087 2942 5140 Kal.
2973 5088 3103 5157 Apr.
3136 5088 3406 5142 incidunt.
3439 5086 3648 5154 Quibus
3673 5087 3742 5144 de

2158 5176 2340 5232 causis
2372 5177 2711 5241 halluciuati,
2744 5193 2855 5233 uno
2878 5179 2968 5233 die
3007 5179 3310 5250 legitimum
3357 5188 3572 5248 tempus
3604 5195 3742 5249 pra:-

2163 5271 2420 5340 tcrgressi
2457 5279 2618 5336 sunt,
2663 5280 2721 5326 ut
2765 5280 2893 5329 ante
2935 5273 3196 5327 diximus.
3237 5273 3544 5342 Supersunt
3591 5272 3737 5326 enim

2162 5375 2227 5416 ex
2252 5360 2468 5416 illorum
2492 5363 2800 5421 ratiociniis
2826 5367 2975 5420 horae
3016 5366 3226 5434 aliquot
3251 5363 3598 5433 appendices,
3618 5379 3738 5434 qua:

2163 5453 2326 5508 tertio
2357 5468 2575 5525 quoque
2614 5470 2758 5512 anno
2785 5456 2892 5512 diei
2916 5456 3060 5528 apud
3097 5457 3218 5510 illos
3247 5454 3408 5509 unius
3441 5454 3735 5510 discrimen

3034 5639 3055 5672 ⁸
3095 5639 3228 5694 ibid.
3265 5638 3319 5698 8.
3402 5639 3423 5670 '
3462 5639 3594 5695 ibid.
3645 5638 3731 5694 14.
