4176 6386
460 362 567 421 899

1860 356 1921 413 S.
1962 353 2309 411 EPIPHANII

3617 355 3724 408 ευυ

466 481 642 537 sancti
664 479 810 535 Petri
830 493 1013 535 comes
1033 477 1513 546 fuerat,scrihendi
1531 477 1807 551 Evangelii
1826 480 2046 549 provin—

2159 495 2312 549 μενος
2339 480 2367 531 ὁ
2393 476 2619 546 Μάρκος
2650 474 2729 547 τῷ
2760 474 2903 545 ἁγίῳ
2936 474 3127 544 Πέτρῳ
3170 472 3229 525 ἐν
3264 468 3476 542 Ῥώμῃ.
3512 468 3727 542 ἐπιτρέ-

467 571 555 626 cia
588 572 970 625 committitur.
1002 570 1156 636 Quod
1192 585 1317 624 cum
1354 569 1591 635 fecisset,
1627 584 1657 623 a
1694 571 1853 624 beato
1883 568 2047 623 Petro

474 666 525 716 in
556 660 855 733 Egyptum
886 663 1145 717 mittitur.
1176 660 1307 715 Erat
1341 661 1429 715 hic
1464 678 1609 717 unus
1642 677 1672 715 e
1703 676 1851 715 Lxxn
1885 662 2049 716 disci-

466 755 634 826 pulis,
670 756 763 825 qui
799 754 873 811 ob
916 769 1224 809 sermonem
1256 754 1409 806 illum
1442 754 1677 823 dispersi
1707 762 1853 819 sunt,
1884 769 2047 824 quem

470 844 736 903 Dominus
765 848 1015 901 elocutus
1066 846 1284 901 fuerat:
1330 842 1454 899 Nisi
1492 847 1607 916 quis
1652 844 2048 898 manducauerit

468 954 683 993 carnem
711 956 903 1005 meam,
936 949 986 993 et
1025 939 1210 994 biberit
1240 940 1545 1009 sanguinem
1566 979 1580 1004 ,
1615 955 1715 991 non
1749 947 1827 991 est
1853 954 1932 990 me
1965 937 2049 990 di-

467 1047 601 1102 gnus
630 1030 673 1097 ¹,
707 1032 782 1085 uti
816 1031 1001 1086 sciunt
1043 1032 1134 1100 qui
1167 1030 1521 1100 Evangelium
1566 1031 1811 1100 legerint.
1844 1026 2047 1083 Verum

470 1122 561 1176 ille
594 1122 739 1177 Petri
775 1139 938 1193 opera
976 1139 1249 1187 reversus,
1283 1138 1345 1176 ac
1389 1121 1595 1191 Spiritu
1641 1129 1834 1176 sancto
1872 1120 2047 1189 reple-

472 1222 557 1268 tus
612 1215 998 1270 conscribendi
1064 1215 1341 1286 Evangelii
1389 1230 1588 1269 munus
1638 1214 1867 1283 accepit.
1920 1212 2050 1268 Inde

473 1321 631 1375 porro
660 1306 791 1360 illud
821 1323 1050 1361 exorsus
1083 1315 1188 1368 est,
1226 1306 1369 1360 unde
1401 1304 1639 1376 Spiritus
1664 1322 1787 1360 cum
1824 1314 2049 1360 sanctus

468 1399 708 1468 impulit,
736 1406 789 1454 et
827 1414 857 1451 a
902 1416 970 1452 xv
998 1399 1202 1453 Tiberii
1246 1399 1478 1453 Cmsaris
1509 1414 1652 1453 anno
1686 1398 1919 1468 sumpsit
1948 1399 2051 1453 ini-

466 1489 636 1556 tium;
672 1489 766 1561 qui
801 1497 885 1545 est
908 1507 1015 1544 xxx
1045 1491 1113 1545 ab
1139 1506 1234 1555 eo,
1278 1490 1423 1544 unde
1458 1489 1745 1545 Matthmus
1777 1490 2051 1545 narratio-

467 1596 589 1636 nem
609 1581 904 1635 inchoavit.
926 1580 1293 1647 Quamobrem
1316 1598 1440 1636 cum
1469 1581 1744 1637 secundus
1768 1568 1856 1637 hic
1878 1583 2052 1639 Evan-

466 1675 588 1746 gelii
623 1674 859 1744 scriptor
892 1675 1224 1741 exstitisset;
1256 1692 1354 1729 nec
1383 1677 1451 1729 de
1473 1674 1635 1729 Verbi
1660 1675 1754 1730 Dei
1787 1677 1841 1730 in
1873 1686 2049 1735 terras

2150 588 2311 623 πεται
2334 570 2394 623 τὸ
2426 569 2757 639 Εὐαγγέλιον
2782 568 3039 622 ἐκθέσθαι
3061 584 3074 597 '
3104 567 3196 621 καλ⁵
3230 565 3443 637 γράψας
3466 564 3729 618 ἀποστέλ-

2148 665 2298 719 λεται
2332 664 2436 717 ὐπὸ
2466 663 2560 717 τοῦ
2593 664 2751 733 ἀγίου
2781 664 2987 734 Πέτρου
3036 663 3116 724 είς
3162 659 3259 730 τὴν
3286 658 3394 713 τῶν
3420 657 3728 725 Αἰγυπτίων

2149 757 2352 829 χώραν.
2380 747 2547 820 Οὗτος
2577 757 2633 811 δέ
2666 753 2745 820 εἷς
2780 757 3075 828 ἐτύγχανεν
3112 754 3223 825 (22)
3266 754 3331 806 ἐκ
3363 750 3727 824 τῶνέϐδομη-

2150 846 2407 901 κονταδύο
2454 847 2563 900 τῶν
2605 846 3135 919 διασκορπισθέντων
3182 842 3275 896 ἐπὶ
3319 840 3396 911 τῷ
3432 843 3655 911 ῥήματι,

2149 933 2303 992 εἶπεν
2327 940 2355 991 ὁ
2384 936 2609 1010 Κύριος·
2658 939 2792 991 Ἐὰν
2814 937 2900 1007 μή
2927 938 3020 1003 τίς
3042 952 3161 1005 μου
3187 933 3347 1003 φάγῃ
3367 930 3482 998 τὴν
3511 930 3730 998 σάρκα,

2150 1032 2249 1085 καί
2283 1032 2389 1101 πίῃ
2432 1032 2497 1086 τὸ
2546 1026 2708 1101 αἷμα,
2734 1032 2844 1085 οὐκ
2873 1030 3005 1083 ἐστι
3032 1046 3150 1098 μου
3192 1026 3389 1091 άξιος’
3420 1024 3495 1088 ὡς
3516 1027 3631 1087 τοῖς
3661 1024 3730 1075 τά

2152 1125 2460 1194 Εὐαγγέλια
2509 1124 2801 1193 ἀναγνοῦσι
2855 1122 3030 1193 σαφὴς
3075 1123 3108 1191 ἡ
3159 1113 3731 1189 παράστασις.⁶υμως

2151 1217 2238 1270 διὰ.
2289 1216 2493 1289 Πέτρου
2534 1215 2862 1287 ἀνακάμψας
2893 1210 3334 1282 εὐαγγελίζεσθαι
3360 1206 3733 1271 καταξιοῦται,

2151 1308 2429 1381 Πνεύματι
2471 1309 2612 1379 ἁγίῳ
2654 1306 3399 1379 ἐμπεφορημένος.”Αρχεται
3436 1302 3493 1354 δὲ
3530 1299 3733 1371 κηρύτ-

2151 1418 2285 1465 τειν,
2322 1400 2441 1454 ὅθεν
2467 1402 2527 1455 τὸ
2552 1401 2779 1472 Πνεῦμα
2808 1399 2956 1471 αὐτῷ
3000 1396 3461 1470 παρεκελεύσατο,
3493 1394 3590 1464 τὴν
3630 1393 3731 1464 ἀρ-

2152 1493 2252 1563 χὴν
2306 1493 2513 1547 τάττων
2571 1494 2677 1546 ἀπὸ
2733 1491 3221 1545 πεντεκαιδεκάτου
3270 1491 3425 1551 ἔτους
3483 1486 3733 1555 Τιϐερίου

2152 1585 2431 1656 Καίσαρος
2486 1583 2623 1654 μετά
2671 1584 2764 1655 ἔτη
2808 1583 3103 1654 τριάκοντα
3153 1584 3251 1655 τῆς
3305 1585 3400 1638 τοῦ
3453 1583 3733 1639 Ματθαίου

2154 1675 2558 1745 πραγματείας.
2596 1674 2861 1745 Δευτέρου
2903 1674 2962 1727 δὲ
3004 1675 3295 1745 γενομένου
3327 1673 3731 1743 εὐαγγελιστοῦ,

466 1783 497 1820 e
533 1765 674 1819 caelo
720 1765 944 1836 delapsu
991 1766 1280 1835 perspicue
1314 1767 1699 1837 significasset,
1735 1784 2048 1840 quanquam

2159 1767 2247 1819 καὶ
2275 1768 2349 1838 μὴ
2389 1768 2516 1839 περὶ
2543 1767 2641 1837 τῆς
2668 1768 2872 1821 ἀνωθεν
2918 1767 3247 1834 καταγωγῆς
3273 1766 3406 1819 Θεοῦ
3439 1767 3612 1835 Λόγου
3638 1786 3735 1838 τη-

473 1872 729 1925 expresse
760 1857 811 1911 id
840 1859 1064 1911 omnino
1101 1859 1398 1912 declaravit
1440 1878 1453 1913 :
1490 1875 1675 1913 verum
1704 1876 1829 1913 cum
1869 1861 2050 1915 minus

2159 1830 2368 1926 λαυγῶς
2400 1830 2774 1928 σημάναντος²
2820 1856 2957 1910 ἀλλὰ
2999 1830 3175 1927 πάντη
3220 1857 3320 1927 μὲν
3359 1830 3733 1928 ἐμφαντικῶς,

472 1946 522 2001 id
558 1955 815 2002 accurate
851 1956 1264 2018 pertractasset,
1302 1949 1433 2002 hinc
1479 1965 1630 2003 nova:
1674 1951 1923 2020 quzedam
1972 1960 2051 2005 te-

471 2041 652 2095 nebrae
682 2042 922 2107 illorum,
955 2057 1094 2111 quos
1134 2043 1296 2111 paulo
1330 2052 1455 2097 ante
1481 2045 1926 2108 commemoravi,
1966 2044 2051 2098 in—

472 2133 643 2201 geniis
682 2133 888 2188 oborta:
918 2142 1083 2199 sunt;
1116 2150 1183 2188 ne
1228 2150 1324 2189 eos
1369 2136 1720 2204 evangelicus
1750 2136 1838 2189 ille
1870 2136 2054 2205 splen-

475 2226 570 2279 :lor
612 2226 931 2280 illustraret.
979 2224 1071 2279 Sic
1108 2227 1253 2280 enim
1301 2227 1378 2281 illi
1416 2227 1701 2297 jactabant
1734 2245 1746 2279 ε
1781 2227 1921 2283 Ecce
1953 2227 2053 2282 tibi

472 2330 672 2371 novum
697 2316 764 2370 de
791 2316 1011 2370 Christo
1040 2318 1315 2386 proditum
1344 2330 1429 2374 est
1457 2318 1831 2389 Evangelium,
1862 2320 1915 2373 in
1945 2334 2055 2389 quo

472 2408 620 2462 nulla
650 2408 717 2463 de
755 2409 964 2463 caelesti
1012 2411 1102 2462 illa
1145 2411 1495 2479 generatione
1539 2412 1778 2477 mentio;
1819 2411 1914 2466 sed
1949 2412 2054 2466 hoc

473 2515 642 2553 unum
685 2509 992 2554 memorat:
1045 2499 1110 2553 In
1144 2499 1385 2555 Jordane
1418 2502 1687 2555 descendit
1729 2500 1964 2567 Spiritus
2001 2504 2056 2556 in

473 2591 660 2654 illum;
692 2601 741 2645 et
771 2607 869 2645 vos:
897 2593 1036 2646 :Hic
1070 2602 1146 2645 est
1175 2591 1353 2645 Filius
1395 2610 1538 2646 meus
1574 2594 1820 2658 dilectus,
1862 2597 1916 2648 in
1948 2612 2056 2666 quo

475 2684 604 2737 mihi
630 2685 926 2753 complacui
949 2687 991 2737 ⁸.

550 2773 658 2829 vn.
691 2757 825 2831 ci‘im
859 2776 1024 2844 igitur
1051 2776 1119 2831 iis
1150 2778 1203 2830 in
1233 2778 1397 2832 rebus
1426 2786 1536 2831 tam
1565 2778 1903 2834 incredibilis
1938 2780 2058 2834 illo-

473 2883 593 2924 tum
607 2876 919 2923 versaretur
937 2871 1195 2933 amentia,
1229 2870 1464 2939 Spiritus
1485 2879 1708 2926 sanctus
1720 2873 1935 2925 beatum
1955 2871 2060 2925 Lu-

474 2976 594 3014 cam
625 2961 859 3016 occultis
894 2961 1221 3031 quibusdam
1269 2962 1507 3017 stimulis
1551 2963 1718 3033 cogit,
1750 2972 1799 3017 et
1830 2965 2054 3028 excitat,

477 3062 536 3107 ut
577 3069 641 3107 ex
686 3053 955 3108 altissima
1006 3054 1097 3107 illa
1142 3055 1402 3124 voragine
1450 3069 1721 3109 caecorum
1771 3055 2056 3110 hominum

2154 1950 2215 2002 οὐ
2273 1950 2378 2019 μὴν
2426 1948 2567 2002 κατά
2615 1947 3002 2017 ἀκριϐολογίαν
3043 1947 3334 2018 τοσαύτην,
3386 1948 3577 2018 γέγονε
3622 1951 3736 2011 τοῖς

2155 2040 2598 2111 προειρημένοις,
2633 2042 2711 2103 είς
2738 2039 2988 2111 δεύτερον
3024 2040 3288 2093 σκότωσιν
3311 2040 3419 2092 τῶν
3446 2041 3737 2110 διανοημά-

2154 2151 2282 2196 των,
2314 2131 2409 2185 τοῦ
2440 2132 2513 2203 μὴ
2542 2133 2945 2203 καταξιωθῆναι
2968 2132 3106 2204 πρὸς
3138 2133 3415 2203 φωτισμὸν
3439 2134 3532 2186 τοῦ
3563 2134 3739 2201 Εὐαγ-

2155 2223 2359 2292 γελίου,
2394 2223 2661 2292 λεγόντων
2704 2224 2905 2285 αὐτῶν,
2936 2224 3020 2277 ὄτι
3048 2223 3179 2277 Ἰδοὺ
3216 2222 3467 2295 δεύτερον
3496 2224 3739 2291 Εὐαγγέ-

2156 2314 2267 2368 λιον
2302 2315 2430 2387 περὶ
2457 2314 2696 2386 Χριστοῦ
2730 2317 3011 2385 σημαῖνον,
3036 2315 3133 2368 καὶ
3159 2312 3397 2386 οὐδαμοῦ
3426 2313 3629 2369 ἀνωθεν
3653 2314 3739 2365 λέ-

2158 2425 2270 2476 γων
2319 2407 2416 2478 τὴν
2462 2407 2748 2477 γέννησιν·
2790 2405 2929 2459 ἀλλά
2969 2422 3168 2475 φησιν·
3210 2406 3307 2458 Ἐν
3342 2402 3423 2469 τῷ
3463 2404 3736 2472 Ἰορδάνῃ

2159 2496 2421 2567 κατῆλθε
2452 2498 2517 2551 τὸ
2551 2498 2792 2567 Πνεῦμα
2820 2497 2910 2550 ἐπ’
2944 2497 3151 2563 αὐτὸν,
3187 2497 3286 2551 καὶ
3323 2497 3493 2566 φωνή
3515 2514 3528 2527 ⁸
3553 2494 3741 2565 Οὗτός

2157 2591 2329 2643 ἐστιν
2365 2594 2397 2645 ό
2438 2590 2571 2656 Υἱὸς
2605 2593 2638 2644 ό
2671 2588 2998 2659 ἀγαπητὸς,
3030 2588 3123 2659 ἐφ’
3153 2588 3226 2643 ὃν
3254 2589 3589 2658 ηὑδόκησα.

2231 2774 2302 2824 Z'.
2346 2770 2562 2841 Ἐπειδὴ
2586 2770 2643 2823 δὲ
2676 2769 2849 2823 ταῦτα
2878 2769 3047 2833 οὕτως
3073 2770 3130 2822 ἐν
3159 2773 3273 2834 τοῖς
3300 2770 3562 2834 τοιούτοις
3583 2771 3743 2843 ἀνοή-

2159 2877 2267 2923 τως
2296 2860 2549 2923 ἐτελεῖτο,
2578 2860 2876 2928 ἀναγκάζει
2919 2860 2981 2912 τὸ
3026 2860 3180 2928 ἅγιον
3214 2860 3463 2931 Πνεῦμα,
3494 2862 3591 2913 καὶ
3625 2863 3745 2914 ἐπι-

2162 2952 2340 3005 νύττει
2384 2952 2475 3005 τὸν
2518 2952 2671 3021 ἆγιον
2695 2953 2933 3017 Λουκᾶν,
2965 2952 3040 3015 ὡς
3065 2952 3174 3006 ἀπὸ
3205 2952 3402 3023 βάθους
3430 2953 3743 3006 κατωτάτω

2163 3042 2348 3112 (κατὰ)
2384 3042 2482 3113 τὴν
2511 3042 2750 3095 διάνοιαν
2779 3042 2887 3095 τῶν
2916 3042 3288 3114 ἠπατημένων
3313 3045 3626 3111 ἀνενέγκαι,
3654 3045 3747 3097 καὶ

476 3154 687 3200 mentes
728 3145 1019 3211 educeret,
1067 3153 1122 3199 et
1158 3162 1278 3215 qua:
1323 3145 1538 3201 fuerant
1583 3146 1651 3199 ab
1686 3147 1808 3200 aliis
1838 3156 2059 3215 praeter-

2162 3134 2230 3185 τὰ
2277 3133 2381 3186 ὐπὸ
2424 3133 2533 3187 τῶν
2579 3133 2755 3187 ἄλλων
2798 3135 3228 3203 καταλειφθέντα
3270 3131 3429 3198 αὖθις
3465 3136 3748 3189 ἐπιϐάλλε-

477 3237 646 3290 missa
699 3236 922 3305 scriptis
973 3237 1418 3302 commendaret,
1466 3251 1533 3289 ne
1578 3236 1702 3305 quis
1750 3252 1779 3288 a
1826 3237 2058 3293 veritate

2164 3226 2313 3279 σθαι⁸
2351 3227 2436 3279 ἵνα
2466 3230 2538 3297 μή
2566 3244 2651 3289 τις
2681 3226 2790 3279 τῶν
2812 3227 3245 3299 πεπλανημένων
3268 3229 3533 3300 ἡγήσεται
3567 3228 3751 3299 μυθω-
3802 3254 3807 3257 ν

476 3324 695 3394 longius
748 3326 1011 3379 aberrans
1062 3324 1346 3389 crederet,
1392 3324 1595 3379 Christi
1647 3326 2057 3395 generationem

478 3416 547 3469 ab
582 3430 647 3470 eo
675 3416 823 3471 velut
853 3414 1033 3469 fictam
1071 3414 1310 3469 fabulam
1345 3415 1516 3471 fuisse
1547 3419 1907 3486 propositam.
1953 3417 2059 3474 Sed

477 3506 784 3561 orationem
816 3506 906 3561 ille
946 3521 1103 3561 suam
1134 3506 1393 3577 deinceps
1423 3507 1576 3562 eﬂ'ert
1611 3508 1796 3573 altius,
1832 3524 1896 3564 ac
1933 3524 2060 3564 cum

478 3599 735 3654 subtilius
761 3608 1001 3668 exponat
1036 3600 1242 3663 omnia,
1270 3600 1348 3653 rei
1390 3610 1554 3669 gestae
1584 3601 1779 3656 seriem
1807 3612 2062 3657 accurate

478 3690 853 3760 prosequitur,
885 3696 940 3743 et
970 3686 1038 3741 ad
1081 3688 1296 3742 veritati
1335 3688 1637 3743 faciendam
1684 3688 1842 3743 fidem
1893 3699 2061 3747 testes

480 3781 606 3835 illos
645 3781 902 3850 proponit
934 3779 990 3832 in
1038 3779 1299 3843 medium,
1333 3780 1425 3849 qui
1457 3780 1626 3834 divini
1658 3782 1805 3834 verbi
1844 3780 2063 3837 fuerant

483 3872 813 3934 administri.
862 3869 954 3926 Sic
996 3870 1141 3925 enim
1187 3870 1430 3940 loquitur
1459 3872 1479 3900 ³
1506 3888 1519 3922 :
1550 3872 1816 3937 Quoniam
1850 3873 2060 3943 quidem

480 3962 637 4016 multi
667 3962 842 4015 conati
866 3970 988 4015 sunt
1016 3963 1097 4031 (ut
1129 3962 1444 4024 nonnullos,
1486 3964 1577 4032 qui
1624 3963 1676 4017 id
1716 3966 1899 4017 conati
1946 3966 2062 4020 fue-

481 4061 629 4117 rant,
677 4052 967 4115 indicaret,
1014 4053 1334 4106 Cerinthum
1384 4053 1667 4117 videlicet,
1707 4054 2059 4122 Merinthum,

479 4154 536 4198 et
563 4144 746 4213 alios).
771 4143 953 4214 Pergit
978 4160 1107 4199 vero
1136 4144 1349 4197 :Visum
1371 4154 1447 4197 est
1477 4146 1605 4197 mihi
1633 4145 1870 4214 deinceps
1899 4146 2065 4218 429

484 4252 724 4292 assecuta
751 4255 783 4291 a
827 4239 1087 4306 principio
1120 4236 1396 4305 diligenter
1429 4253 1515 4290 eos
1549 4238 1637 4305 qui
1673 4237 1771 4305 ipsi
1801 4238 2060 4303 viderunt,

480 4336 531 4381 et
564 4328 802 4381 ministri
836 4327 1095 4382 sermonis
1142 4326 1377 4393 fuerunt,
1424 4326 1652 4379 scribere
1700 4326 1828 4393 tibi,
1873 4330 2063 4396 optime

488 4418 765 4489 Theophile
805 4433 823 4472 :
866 4419 981 4473 sive
1024 4418 1090 4472 ad
1146 4416 1504 4487 Theophilum
1567 4420 1875 4489 quempiam
1927 4419 2064 4472 scri—

2160 3317 2265 3383 δῶς
2295 3318 2457 3372 αὐτὸν
2486 3320 2760 3390 ἐκφράσαι
2788 3319 2887 3391 τὴν
2924 3322 3439 3391 γέννησιν.Ἔπειτα
3489 3323 3749 3393 ἀνωφερῆ

2160 3410 2251 3462 τὸν
2275 3408 2431 3477 λόγον
2478 3410 2795 3481 ἐργάζεταιο
2828 3412 2917 3463 διὰ
2943 3412 3000 3465 δὲ
3032 3413 3132 3481 τὴν
3160 3413 3446 3482 ἀκρίϐειαν
3478 3412 3748 3482 λεπτομε-

2165 3503 2275 3574 ρῶς
2307 3502 2403 3574 τὴν
2437 3505 2620 3557 πᾶσαν
2648 3505 3031 3576 πραγματείαν
3054 3504 3300 3572 διέξεισι,
3334 3506 3430 3560 καὶ
3458 3508 3539 3569 είς
3572 3504 3750 3574 παρά-

2164 3612 2355 3649 στασιν
2390 3595 2649 3667 ἀληθείας
2679 3596 3038 3668 ἐμμάρτυρας
3071 3598 3199 3660 τούς
3229 3597 3510 3668 ὑπηρέτας
3535 3596 3628 3650 τοῦ
3661 3596 3750 3649 λό-

2163 3702 2259 3754 γου
2322 3685 2648 3755 γενομένους
2688 3688 3032 3757 παρεισάγει,
3088 3687 3342 3756 φάσκων·
3402 3688 3748 3757 Ἐπειδήπερ

2163 3776 2379 3829 πολλοὶ
2432 3776 2864 3844 ἐπεχείρησαν’
2916 3776 3003 3830 ἵνα
3048 3776 3201 3840 τινὰς
3252 3778 3350 3848 μὲν
3397 3778 3749 3849 ἐπιχειρητὰς

2163 3866 2332 3939 δείξῃ,
2361 3868 2504 3937 φημὶ
2554 3866 2611 3919 δὲ
2658 3868 2784 3929 τοὺς
2820 3867 2948 3939 περὶ
2984 3868 3280 3939 Κήρινθον,
3310 3869 3404 3922 καὶ
3446 3868 3747 3940 Μήρινθον,

2164 3960 2258 4011 καὶ
2286 3960 2412 4022 τοὺς
2435 3960 2645 4022 ἄλλους.
2682 3956 2815 4013 Εἶτα
2837 3959 2891 4012 τί
2921 3977 3120 4031 φησιν;
3159 3960 3374 4025 Ἔδοξε
3401 3961 3577 4030 κάμοὶ
3609 3964 3750 4015 καθ-

2162 4051 2310 4119 εξῆς
2368 4051 2925 4119 παρηκολουθηκότι
2975 4051 3203 4105 ἀνωθεν
3253 4052 3379 4117 τοῖς
3426 4054 3750 4119 αὺτόπταις

2164 4146 2261 4198 καὶ
2291 4144 2615 4213 ὑπηρέταις
2646 4143 2752 4198 τοῦ
2781 4144 2969 4213 λόγου
2997 4145 3343 4214 γενομένοις
3374 4145 3595 4214 γράψαι
3624 4162 3745 4209 σοι,

2165 4237 2439 4305 κράτιστε
2458 4237 2730 4306 Θεόφιλε.
2754 4237 2945 4291 Εῖτουν
2975 4238 3083 4290 τινὶ
3111 4236 3355 4307 Θεοφίλῳ
3376 4238 3497 4290 τότε
3523 4238 3751 4309 γράφων

2165 4328 2321 4380 τοῦτο
2367 4327 2570 4396 ἔλεγεν,
2622 4328 2655 4398 ἥ
2706 4330 2869 4381 παντὶ
2922 4329 3193 4400 ἀνθρώπῳ
3240 4330 3371 4383 Θεὸν
3416 4332 3744 4399 ἀγαπῶντι·

2165 4419 2299 4485 Περὶ
2330 4412 2434 4483 ὧν,
2468 4420 2621 4489 φησὶ,
2652 4419 3001 4488 κατηχήθης
3021 4421 3219 4490 λόγων
3249 4421 3365 4488 τὴν
3385 4422 3745 4491 ἀσφάλειαν.

486 4513 620 4567 bens
649 4514 721 4564 ita
755 4510 973 4576 dixerit,
1010 4512 1124 4565 sive
1153 4519 1423 4564 amantem
1471 4510 1563 4565 Dei
1597 4512 1894 4580 quemlibet
1921 4512 2058 4565 allo-

2166 4509 2271 4560 Kal.
2305 4509 2403 4578 τὴν
2442 4510 2540 4579 μὲν
2570 4513 2871 4583 κατήχησιν
2905 4512 3352 4582 προτεταγμένην
3382 4512 3641 4581 ἔφασκεν,
3672 4515 3750 4580 ὡς

482 4612 685 4672 quatur
718 4619 730 4654 :
774 4618 980 4664 eorum,
1014 4602 1208 4672 inquit,
1238 4602 1508 4656 verborum
1554 4603 1617 4658 de
1654 4603 1841 4673 quibus
1885 4604 2065 4657 erudi-

486 4704 571 4748 tus
618 4710 673 4748 es
721 4695 1016 4748 veritatem.
1096 4692 1196 4747 Ubi
1274 4696 1591 4748 nonnullam
1663 4695 2063 4749 institutionem

486 4788 855 4841 antecessisse
884 4785 1174 4856 significat,
1202 4801 1309 4855 qua
1339 4786 1408 4840 ab
1436 4786 1559 4841 aliis
1592 4785 1705 4854 jam
1734 4796 1851 4841 erat
1881 4787 2062 4840 imbu-

486 4886 614 4944 tus;
647 4878 743 4933 sed
777 4880 847 4933 ab
874 4878 1066 4933 iisdem
1109 4880 1245 4934 certi
1291 4878 1424 4932 nihil
1458 4879 1760 4948 accepisse.
1792 4878 1921 4932 Post
1951 4879 2063 4933 haec

489 4972 571 5027 rei
605 4972 894 5027 veritatem
925 4972 1181 5041 exponit:
1218 4969 1346 5024 Fuit
1376 4971 1431 5024 in
1462 4970 1642 5024 diebus
1662 4972 1894 5025 Herodis
1924 4973 2063 5040 regis

488 5062 553 5118 de
585 5062 693 5118 uice
722 5062 857 5116 Abia
885 5062 1151 5132 pontiﬁcis
1179 5061 1423 5115 sacerdos
1460 5060 1677 5132 quidam
1709 5063 1920 5115 nomine
1961 5060 2064 5114 Za-

2162 4602 2263 4671 ῆῑη
2296 4600 2403 4653 ὐπὸ
2429 4602 2606 4654 ἄλλων
2642 4602 2740 4673 μὲν
2788 4604 3219 4673 κεκατηχῆσθαι,
3253 4605 3352 4656 οὐκ
3397 4605 3653 4673 ἀσφαλῶς
3691 4606 3750 4661 δὲ

2161 4693 2293 4763 παρ’
2320 4694 2498 4745 αὐτῶν
2527 4694 2925 4765 μεμαθηκέναι.
2973 4691 3103 4747 Εἶτα
3122 4693 3219 4765 τὴν
3242 4694 3527 4766 ἀκρίϐειάν
3561 4714 3748 4767 φησιν·

2173 4784 2441 4853 Ἐγένετο
2489 4786 2549 4839 ἐν
2612 4786 2858 4855 ἡμέραις
2900 4785 3147 4853 Ἡρώδου
3197 4784 3305 4840 τοῦ
3338 4786 3649 4854 ,βασιλέως
3678 4788 3750 4852 ἐξ

2161 4878 2483 4945 ἐφημερίας
2539 4875 2691 4932 Ἀϐιᾶ
2737 4879 2843 4931 τοῦ
2888 4876 3202 4946 ἀρχιερέως
3248 4880 3441 4944 ἱερεύς
3483 4897 3572 4945 τις
3620 4881 3753 4933 ὀνό-

2167 4989 2309 5041 ματι
2348 4972 2665 5040 Ζαχαρίας,
2696 4970 2793 5023 καὶ
2824 4970 2977 5039 γυνὴ
3020 4970 3205 5024 αὐτοῦ
3237 4971 3306 5024 ἐκ
3350 4969 3469 5024 τῶν
3510 4972 3751 5040 θυγατέ-

2164 5080 2290 5131 ρων
2331 5062 2562 5130 Ἁιιρὼν,
2595 5057 2634 5132 ᾖ
2668 5062 2853 5131 ὄνομα
2893 5060 3224 5117 Ἐλισάϐετ.
3257 5064 3369 5116 Καὶ
3392 5064 3619 5135 ἄρχεται
3644 5063 3752 5134 πρὸ

564 5218 581 5249 ¹
613 5215 775 5272 Joan.
808 5231 882 5284 vi,
917 5216 1006 5272 54.
1081 5218 1102 5248 ⁸
1127 5214 1293 5269 Marc.
1328 5231 1367 5280 ι,
1410 5214 1501 5278 10,
1529 5215 1618 5269 Η.
1694 5214 1871 5272 ‘Luc.
1915 5231 1955 5280 ι,
1989 5218 2008 5271 1
2052 5232 2206 5287 seqq.

491 5375 707 5437 Petrus,
739 5371 887 5442 quod
918 5370 1123 5425 factum
1166 5380 1283 5424 erat
1309 5368 1654 5442 approbavit.
1682 5367 1871 5442 Roma:
1895 5384 2059 5442 porro

491 5439 780 5515 scripsisse
804 5442 1102 5515 verisimile
1130 5448 1215 5496 est
1246 5456 1258 5491 :
1291 5439 1357 5495 de
1389 5439 1498 5511 quo
1526 5442 1582 5495 in
1612 5442 1750 5496 Ann.
1776 5441 1931 5511 plura
1968 5439 2062 5493 Ba-

491 5512 635 5575 ronI,
669 5530 760 5568 an.
791 5513 884 5578 45,
910 5529 967 5566 n.
992 5512 1082 5578 29.

561 5584 672 5653 (22)
714 5576 905 5650 Οὗτος
939 5576 1125 5653 δὲῗεῖς
1170 5580 1520 5653 ἐτύγχανεν.
1570 5577 1836 5634 Dissentit
1864 5576 2062 5653 Papias

491 5649 634 5724 apud
655 5649 887 5735 Euseb”
931 5662 983 5707 et
1008 5652 1288 5706 Christum
1326 5666 1355 5704 a
1386 5649 1570 5731 Marco
1603 5657 1763 5717 negat
1792 5649 2059 5730 auditum.

494 5724 716 5778 Hieron.
750 5740 804 5777 in
838 5722 1000 5777 Praef.
1031 5722 1100 5776 ad
1130 5721 1335 5789 Evang.
1363 5719 1554 5781 Marci.
1591 5720 1841 5789 eumdem
1867 5727 1944 5773 ait
1969 5718 2059 5773 Le-

493 5793 717 5851 vitieum
752 5808 973 5862 genere,
1003 5802 1057 5849 et
1082 5788 1424 5848 sacerddtem
1452 5788 1645 5848 fuisse.
1671 5788 1777 5845 Sed
1810 5789 1952 5845 falso
1974 5790 2063 5844 hic

2167 5368 2304 5422 liber
2335 5369 2558 5421 Hieron.
2587 5370 2865 5424 tribuitur.
2905 5369 3058 5435 Quod
3090 5380 3269 5424 autem
3307 5379 3566 5425 asserunt
3605 5386 3749 5424 non-

2166 5440 2323 5501 nulli,
2353 5437 2597 5493 Marcum
2630 5457 2737 5494 non
2769 5441 2971 5495 vidisse
2996 5439 3311 5503 Dominum,
3342 5442 3545 5496 viderit
3575 5456 3751 5494 necne

2165 5509 2303 5582 nihil
2340 5508 2594 5582 afﬁrmo:
2638 5512 2823 5564 videre
2868 5510 3090 5582 quidem
3140 5514 3387 5582 potuisse
3438 5520 3747 5579 temporum

2168 5580 2476 5651 ipsairatio
2522 5580 3073 5651 persuadet.7Neque
3117 5580 3248 5636 vero
3298 5580 3611 5634 damnanda
3666 5590 3751 5651 est

2167 5649 2454 5720 Epiphanii
2502 5652 2769 5721 sententia
2792 5690 2807 5716 ,
2836 5650 2966 5705 dum
2988 5649 3152 5706 illum
3187 5667 3219 5706 e
3252 5666 3403 5705 Lxxn
3442 5650 3749 5721 discipuloj

2168 5736 2288 5790 rum
2333 5735 2563 5774 numero
2608 5720 2781 5778 fuisse
2829 5730 3044 5790 narrat,
3096 5723 3201 5779 etsi
3249 5720 3603 5777 contrarium
3653 5720 3751 5773 alii

2168 5789 2358 5844 Patres
2388 5791 2649 5848 sentiant.
