4176 6386
440 357 535 414 ΨΜ

1146 350 1519 409 ΑῙΝΕΚΞῘῘΞ
1558 351 1901 409 H£RESES
1938 352 2025 409 LII

2133 353 2174 410 1.
2203 353 2368 411 ΤΟΜ.
2409 354 2451 411 1.
2475 386 2546 397 -
2584 356 2857 415 ΗΕΒΕΒ.
2896 356 2989 416 ιι.
3064 311 3068 317 ⁵

446 477 533 532 τοῦ
562 471 941 529 Ματθαίου.’0
988 470 1086 541 μὲν
1132 470 1242 542 γὰρ
1282 471 1560 534 Ματθαῖος
1606 472 1846 543 ἐσήμανε
1872 488 2025 543 τρια-

2129 474 2362 537 chorios,
2379 484 2427 527 et
2445 489 2581 528 uxor
2606 474 2719 542 ejus
2746 473 2810 527 de
2826 473 3040 542 ﬁliabus
3066 475 3276 539 Aaron,
3293 474 3503 529 nomine
3529 472 3711 531 Eliso-

442 565 704 635 κονταετῆ
738 562 927 634 χρόνον
955 562 1055 614 ’ἀπ’
1083 561 1288 633 ἀρχῆς⁶
1338 563 1367 613 6
1416 562 1473 614 δὲ
1506 562 1732 635 Μάρκος
1776 563 1846 617 τά
1888 565 2027 634 μετά

441 660 735 734 τριάκοντα
758 650 991 709 ἔταττεν
1023 654 1140 725 ἔτη,
1163 655 1262 724 τὴν
1292 656 1350 707 ἐν
1373 655 1451 726 τῷ
1471 656 1711 728 Ἰορδάνῃ
1732 658 2030 729 γενομένην

443 750 502 807 ἐν
530 748 758 819 ἀληθείᾳ
785 746 1192 818 πραγματείαν,
1227 748 1387 817 ὅμοια
1420 748 1499 818 τῷ
1530 748 1796 820 Ματθαίῳ
1829 751 1923 803 καὶ
1950 750 2029 821 τῷ

441 842 660 911 Λουκᾷ’
695 843 724 894 6
770 840 828 892 δὲ
872 838 1148 902 Ματθαῖος
1185 839 1294 892 ἀπὸ
1343 841 1794 910 τριακονταέτους
1835 843 2028 913 χρόνου

443 932 551 1004 πρὸ
578 932 675 1003 τῆς
698 934 756 983 ἐν
781 929 859 999 τῷ
875 930 1118 1002 Ἰορδάνῃ
1137 930 1231 982 καὶ
1248 930 1343 983 τοῦ
1366 931 1741 1002 βαπτίσματος
1768 950 2030 1005 πραγμα-

442 1026 595 1088 τείας
627 1023 688 1077 τὺ
726 1023 974 1094 διήγημα
1012 1023 1278 1074 ἐποιεῖτο·
1316 1023 1531 1085 Λουκᾶς
1566 1024 1626 1076 δὲ
1645 1025 1750 1094 πρὸ
1775 1024 1867 1077 τοῦ
1898 1026 2029 1097 χρό.

442 1135 536 1171 νου
572 1116 669 1169 τοῦ
708 1114 1077 1185 συλληφθῆναι
1122 1113 1213 1165 τὸν
1248 1114 1479 1186 Σωτῆρα
1508 1119 1566 1169 ἐν
1599 1119 1801 1188 γαστρὶ
1829 1119 1937 1172 ἀπὸ
1971 1120 2030 1185 ἐξ

447 1213 632 1285 μηνῶν
675 1212 769 1265 τὸν
816 1211 1007 1283 χρόνον
1054 1209 1266 1280 ἐδήλου,
1300 1209 1394 1262 καὶ
1432 1210 1589 1264 ἐννέα
1631 1212 1816 1282 μηνῶν
1845 1214 2026 1277 πάλιν,

443 1306 538 1358 καὶ
565 1305 761 1373 ὀλίγων
789 1301 1011 1374 ἡμερῶν
1059 1301 1158 1371 τῆς
1206 1300 1521 1372 συλλήψεως
1551 1303 1645 1355 τοῦ
1676 1305 1882 1374 Κυρίου
1905 1322 1918 1334 ’
1952 1307 2028 1369 ὡς

442 1393 581 1450 εἶναι
633 1397 725 1448 τὸν
769 1394 947 1447 πάντα
974 1393 1162 1464 χρόνον
1195 1391 1307 1463 (‘25)
1356 1393 1649 1463 τριάκοντα
1675 1394 1731 1446 ἐν
1759 1396 1898 1459 ἔτος,
1932 1400 2027 1449 καὶ

447 1490 723 1545 ἐπέκεινα.
747 1490 1022 1558 Διηγεῖται
1052 1487 1107 1539 δὲ
1140 1487 1233 1539 καὶ
1261 1487 1359 1554 τὴν
1383 1485 1492 1539 τῶν
1518 1491 1790 1558 ποιμένων
1815 1490 1901 1542 διά
1919 1490 2028 1545 τῶν

445 1578 955 1650 εὐαγγελισαμένων
987 1578 1232 1647 ἀγγέλων
1259 1575 1541 1630 θεοπτίαν’
1576 1579 1672 1631 καὶ
1701 1576 1776 1643 ὣς
1810 1581 2030 1652 ἐγεννή-

442 1669 511 1740 θη
542 1673 599 1723 ἐν
633 1670 901 1741 Βηθλεέμ,
936 1669 1029 1722 καὶ¹
1055 1668 1454 1739 ἐσπαργανώθη
1501 1671 1560 1722 ἐν
1610 1671 1807 1744 φάτνῃ,
1838 1674 1933 1725 καὶ
1959 1674 2025 1743 τῇ

443 1762 604 1835 ὀγδόῃ
632 1761 997 1834 περιετμήθη,
1028 1761 1121 1813 καὶ
1161 1762 1217 1812 ἐν
1252 1760 1662 1831 τεσσαράκοντα
1695 1762 1930 1833 ἡμέραις
1958 1763 2028 1816 τά

2131 566 2268 619 belli.
2289 566 2468 621 Allius
2497 581 2626 636 ergo
2653 581 2817 635 quam
2852 565 3138 622 Mattbaeus
3157 581 3390 624 exorsus
3424 578 3528 623 est.
3570 567 3709 624 Mat—

2129 660 2306 713 thaeus
2326 658 2470 713 enim
2497 658 2841 712 tricesimum
2867 660 3045 714 aetatis
3065 673 3269 714 annum
3297 660 3455 715 initio
3471 661 3715 716 declara.

2127 750 2450 807 vit.Marcus
2466 768 2595 807 vero
2607 767 2728 822 quae
2740 761 2863 821 post
2879 752 3218 807 tricesimum
3236 762 3389 825 gesta
3407 763 3535 809 sunt
3551 768 3715 823 expo-

2127 846 2239 901 suit
2258 862 2272 897 :
2293 853 2346 900 et
2375 841 2644 916 iniiSquze
2657 845 2725 898 ad
2749 843 3043 899 Jordanem
3076 846 3424 916 contigerunt
3449 860 3714 901 enarran-

2129 939 2214 994 dis
2238 936 2494 991 Matthaao
2518 952 2582 991 ac
2603 935 2765 992 Lucae
2781 951 3177 991 consentaneus
3198 946 3301 991 est.
3315 935 3712 995 SedMattha‘us

2132 1030 2199 1082 ab
2229 1043 2374 1082 anno
2410 1029 2529 1097 ipso
2571 1027 2869 1089 tricesimo,
2917 1035 3045 1081 ante
3088 1026 3236 1081 illam
3282 1042 3498 1082 onmem
3534 1028 3713 1098 bapti-

2130 1119 2255 1184 smi,
2285 1134 2349 1173 ac
2380 1134 2564 1173 rerum
2615 1116 2683 1171 ad
2726 1115 3023 1171 Jordanem
3064 1126 3343 1188 gestarum
3396 1119 3705 1183 historiam,

2129 1206 2499 1260 narrationem
2542 1206 2838 1261 inchoavit.
2877 1205 3056 1261 Lucas
3098 1222 3261 1276 porro
3298 1222 3331 1260 a
3373 1215 3528 1262 sexto
3554 1223 3705 1263 men—

2129 1313 2209 1360 se,
2253 1305 2378 1351 ante
2423 1296 2721 1350 Salvatoris
2765 1296 2819 1350 in
2864 1305 3020 1352 utero
3046 1298 3471 1367 generationem,
3507 1299 3711 1367 princi—

2129 1390 2277 1458 pium
2303 1388 2526 1443 dedtixit
2552 1406 2565 1441 :
2589 1389 2790 1458 quibus
2819 1404 3009 1442 novem
3048 1390 3245 1444 deinde
3276 1406 3500 1445 menses
3536 1391 3709 1453 addit,

2129 1496 2237 1535 una
2263 1497 2387 1535 cum
2421 1482 2610 1550 paucis
2641 1481 2841 1551 quibus
2865 1482 3081 1551 genitus
3111 1490 3196 1536 est
3220 1483 3433 1547 diebus,
3460 1490 3517 1537 ut
3543 1499 3709 1553 supra

2130 1576 2293 1629 unius
2324 1589 2387 1627 ac
2414 1575 2637 1645 triginta
2668 1590 2938 1628 annorum
2967 1575 3203 1645 spatium
3231 1575 3541 1644 colligatur.
3568 1574 3709 1628 Nar-

2127 1670 2213 1715 rat
2240 1669 2499 1730 prmterea
2539 1663 3000 1731 quemadmodum
3033 1672 3284 1733 pastores
3315 1664 3385 1718 ab
3423 1664 3711 1718 internun-

2128 1750 2221 1805 tiis
2263 1753 2470 1822 angelis
2511 1754 2771 1808 admoniti
2808 1755 2975 1809 Deum
3009 1757 3430 1825 conspexerint;
3462 1764 3631 1827 utque
3661 1757 3717 1813 is

444 1854 586 1907 κατά
629 1854 720 1907 τὸν
768 1854 931 1924 νόμον
982 1853 1287 1924 προσφόρια
1318 1854 1458 1925 ὑπὲρ
1501 1854 2022 1907 αὐτοῦ-ἐπετέλουν

2132 1843 2468 1899 Bethlehemi
2503 1846 2556 1899 in
2588 1846 2765 1901 lucem
2798 1848 3000 1912 editus,
3029 1863 3092 1900 ac
3118 1848 3316 1917 pannis
3349 1849 3629 1905 involutus
3652 1850 3709 1903 in

444 1946 539 2000 καὶ
583 1946 659 2010 ὡς
723 1948 751 2000 6
800 1945 1022 2015 Συμεὼν
1068 1947 1126 1997 ἐν
1167 1946 1437 2015 ἀγκάλαις
1484 1945 1734 2015 ἐδέχετοσ
1796 1946 1890 1999 καὶ
1955 1946 2029 2009 ὡς

449 2041 619 2093 ’Ἄννα
655 2039 1082 2109 ἀνθωμολογεῖτο
1128 2039 1375 2111 θυγάτηρ
1412 2040 1657 2110 Φανουήλ
1678 2055 1693 2070 °
1737 2040 1832 2093 καὶ
1861 2040 1936 2102 ὡς
1965 2040 2030 2093 ἐκ

444 2134 697 2203 Ναζαρὲτ
728 2132 892 2203 ἀπῄει
913 2133 992 2195 είς
1033 2132 1387 2205 Ἰερουσαλὴμ
1416 2132 1530 2203 ἅμα
1560 2136 1674 2196 τοῖς
1695 2132 1911 2202 γονεῦσι
1942 2151 2031 2186 τε-

444 2225 627 2278 λοῦσιν
655 2225 796 2295 ὑπέρ
816 2223 981 2275 αὑτοῦ
1004 2222 1147 2277 κατὰ
1171 2223 1261 2276 τὸν
1291 2218 1582 2293 νόμον.Ὦν
1607 2223 1754 2275 οὐδὲν
1777 2222 1854 2292 τῷ
1879 2224 2030 2276 Ματ-

446 2316 582 2387 θαίῳ
632 2316 1011 2386 ἐπείργασται,
1045 2315 1166 2369 οὐδὲ
1206 2314 1284 2386 τῷ
1314 2316 1550 2387 Μάρκῳ,
1581 2313 1718 2367 ἀλλά
1763 2314 1869 2385 μὴν
1909 2314 2029 2369 οὐδὲ

442 2408 523 2481 τῷ
550 2409 794 2482 Ἰωάννῃ.

513 2590 595 2642 Η’.
639 2586 801 2639 Ὅθεν
850 2586 943 2640 καί
984 2604 1129 2650 τινες
1177 2585 1325 2640 ἄλλοι
1376 2585 1436 2650 ἐξ
1491 2584 1759 2657 Ἑλλήνων
1810 2583 2027 2653 φιλοσό-

445 2697 590 2748 φων,
632 2678 773 2749 φημὶ¹
802 2678 857 2731 δέ
886 2678 1215 2750 Πορφύριος,
1246 2679 1340 2731 καὶ
1372 2676 1601 2741 Κέλσος,
1630 2678 1726 2729 καὶ
1764 2676 2029 2730 ⁴ὶιλοσαὸη

445 2769 628 2832 θάτιος
662 2768 795 2839 (24),
840 2771 867 2821 6
917 2770 981 2822 ἐκ
1022 2769 1132 2821 τῶν
1173 2768 1439 2821 Ἰουδαίων
1484 2767 1824 2839 ὁρμώμενος,
1857 2768 2027 2831 δεινὸς

446 2862 543 2916 καὶ
595 2860 849 2914 ἀπατεὼν
894 2861 1050 2930 ὄφις,
1096 2862 1175 2925 είς
1214 2860 1311 2930 τὴν
1345 2860 1484 2915 κατά
1520 2860 1622 2930 τῆς
1669 2859 2027 2931 εὐαγγελικῆς

446 2953 828 3024 πραγματείας
855 2952 1137 3018 διεξιόντες
1163 2951 1492 3023 ἀνατροπὴν,
1514 2951 1624 3005 τῶν
1667 2952 1834 3019 ἁγίων
1864 2952 2027 3020 εὐαγ-

446 3043 711 3112 γελιστῶν
742 3042 1128 3115 κατηγοροῦσι,
1157 3042 1378 3113 ψυχικοὶ
1420 3043 1515 3095 καί
1562 3043 1815 3115 σαρκικοὶ
1851 3044 2024 3114 ὑπάρο

448 3154 653 3207 χοντες,
689 3136 828 3190 κατά
852 3135 1029 3207 σάρκα
1060 3135 1117 3188 δέ
1149 3134 1583 3207 στρατευόμενοι.
1634 3136 1728 3187 καὶ
1753 3134 1887 3187 Θεοῦ
1935 3136 2026 3188 εὑ-

2132 1936 2382 2005 prazsepi,
2412 1943 2466 1989 et
2499 1945 2692 1990 octavo
2722 1938 2809 1991 die
2839 1938 3200 1994 circumcisus
3232 1938 3419 2005 fuerit,
3450 1956 3551 1995 nec
3598 1956 3711 1994 non

2130 2035 2252 2096 post
2280 2026 2398 2082 dies
2445 2044 2513 2082 XL
2563 2043 2661 2097 pro
2691 2027 2880 2083 eodem
2912 2031 3091 2084 oblata
3138 2032 3269 2093 sint,
3300 2048 3421 2101 quae
3454 2034 3538 2088 lex
3574 2050 3712 2104 prae-

2130 2112 2449 2189 scripserat.
2495 2120 2635 2174 Tum
2687 2128 2745 2174 ut
2779 2136 2905 2175 eum
2939 2120 3175 2192 Symeon
3208 2124 3261 2177 in
3296 2126 3456 2179 ulnas
3486 2142 3710 2196 accepe-

2131 2212 2235 2274 rit,
2287 2210 2579 2268 Phanuelis
2613 2214 2721 2266 lilia
2770 2214 3022 2269 confessa
3074 2216 3400 2286 sit;'utque
3444 2218 3713 2275 Nazareto

2131 2318 2254 2357 cum
2302 2305 2623 2373 parentibus
2668 2303 3101 2377 Hierosolymam
3149 2308 3367 2373 abierit,
3420 2312 3515 2380 qui
3561 2313 3711 2381 quod

2131 2395 2217 2449 lex
2261 2391 2504 2464 iusserat
2548 2397 2696 2451 illius
2737 2400 2958 2452 nomine
3009 2398 3409 2470 dependerunt.
3443 2401 3575 2468 Quae
3608 2419 3714 2459 nec

2132 2484 2576 2550 Mattlimus,,nec
2609 2488 2847 2552 Marcus,
2874 2505 2974 2544 nec
3000 2489 3240 2546 Joannes
3268 2495 3586 2564 attigerunt.

2204 2577 2344 2633 VIII.
2388 2579 2472 2634 Ex
2506 2598 2615 2651 quo
2644 2582 2845 2637 factum
2877 2595 2980 2647 est,
3014 2593 3073 2638 ut
3095 2587 3327 2655 gentiles
3347 2587 3567 2657 quidam
3590 2588 3714 2659 phi-

2131 2668 2365 2740 losophi,
2412 2670 2751 2743 Porphyrius
2783 2674 3013 2741 scilicet,
3065 2690 3128 2729 ac
3175 2677 3393 2741 Celsus,
3431 2687 3485 2732 et
3526 2677 3714 2734 Philo-

2130 2764 2478 2829 sabbathius,
2526 2781 2726 2835 genere
2766 2764 3009 2832 Iudaeus,
3041 2775 3316 2823 veterator
3337 2772 3709 2841 ac-ncquissi-

2130 2873 2253 2913 mus
2285 2857 2531 2922 coluber,
2565 2873 2688 2913 cum
2718 2858 2984 2914 adversus
3011 2862 3379 2931 evangelicam
3420 2863 3714 2919 historiam

2131 2950 2458 3017 scriberent,
2479 2966 2669 3006 sacros
2703 2953 3067 3020 evangelistas
3093 2954 3411 3022 arguerint:
3444 2957 3714 3011 animales

2131 3039 2211 3094 illi
2263 3041 2505 3109 quidem,
2564 3049 2620 3095 et
2668 3042 2921 3097 carnales
2962 3042 3237 3105 homines,
3293 3060 3356 3097 ac
3404 3047 3713 3100 secundum

2131 3146 2352 3186 carnem
2400 3134 2721 3197 militantes,
2771 3135 2866 3203 qui
2897 3150 2998 3188 nec
3031 3133 3140 3190 Deo
3172 3136 3393 3205 placere
3432 3146 3713 3208 poterant,

453 3228 751 3299 αρέστησιν
771 3299 775 3303 _
795 3228 1070 3290 ἀδυνάτως
1100 3226 1335 3296 ἔχοντες,
1378 3226 1470 3279 καὶ
1496 3229 1563 3279 τά
1592 3225 1686 3279 τοῦ
1720 3226 2025 3296 Πνεύματος

2142 3238 2241 3277 nec
2270 3240 2332 3279 ea
2359 3241 2481 3293 qua:
2509 3234 2637 3279 sunt
2671 3226 2906 3294 Spiritus
2936 3228 3111 3281 sancti
3149 3241 3540 3297 cognoverant.
3572 3230 3714 3284 Nam

452 3320 527 3391 μὴ
552 3319 906 3391 ινενοηκότες.
964 3319 1232 3380 Ἕκαστος
1265 3317 1375 3389 γὰρ
1418 3318 1774 3389 προσκύπτων
1808 3322 1917 3382 τοῖς
1948 3319 2028 3372 λό-

446 3428 563 3480 γοις
614 3411 711 3478 τῆς
753 3410 1010 3480 ἀληθείας
1055 3410 1143 3463 διὰ
1188 3408 1286 3480 τὴν
1330 3410 1387 3461 ἐν
1434 3408 1582 3479 αὐτῷ
1614 3409 1885 3478 τύφλωσιν
1930 3410 2028 3481 τῆς

446 3503 738 3571 ἀγνωσίας,
771 3504 849 3566 είς
889 3501 1045 3554 τοῦτο
1079 3502 1443 3572 ἐμπίπτοντες
1468 3501 1651 3569 ἔλεγον
1673 3518 1685 3530 ·
1722 3501 1845 3564 Πῶς
1876 3501 2029 3554 δύνα-

445 3612 534 3648 ται
567 3598 600 3666 ή
633 3594 769 3663 αὐτὴ
806 3594 987 3665 ήμέρα
1018 3590 1153 3647 εἶναι
1194 3595 1294 3664 τῆς
1328 3597 1384 3646 ἐν
1414 3593 1662 3664 Βηθλεέμ
1700 3595 2024 3665 γεννήσεως,

447 3688 585 3758 αὑτὴ
613 3686 707 3739 καὶ
742 3685 1043 3757 περιτομὴν
1076 3684 1219 3755 ἔχειν
1246 3685 1612 3755 δκταήμερον,
1667 3685 1759 3738 καὶ
1795 3685 1883 3738 διὰ
1912 3702 2028 3740 τεσ-

449 3780 755 3849 σαράκοντα
788 3776 1013 3847 ἡμερῶν
1047 3778 1105 3830 ἐν
1149 3776 1540 3847 Ἱεροσολύμοις
1590 3777 1796 3840 ἄνοδον,
1836 3778 1929 3831 καὶ
1959 3777 2027 3831 τὰ

449 3871 561 3925 ἀπὸ
608 3869 893 3940 Συμεῶνος
943 3871 1037 3922 καὶ
1082 3871 1279 3931 Ἀννας
1322 3872 1400 3933 είς
1439 3870 1601 3922 αὑτὸν
1643 3871 2024 3939 τετελεσμένα,

446 3962 606 4015 ὁπότε
644 3963 702 4014 ἐν
726 3964 794 4032 τῇ
822 3960 977 4014 νυκτὶ
1066 3961 1352 4031 ἐγεννήθη,
1384 3961 1626 4031 πέφηνεν
1649 3961 1815 4032 αὐτῷ,
1840 3962 2024 4032 φησὶν,

446 4052 697 4121 ἄγγελος,
743 4052 881 4122 μετὰ
905 4052 1002 4123 τὴν
1025 4052 1133 4105 τῶν
1168 4052 1354 4122 μάγων
1396 4052 1605 4105 ἔλευσιν
1633 4054 1740 4107 τῶν
1767 4053 2025 4106 ἐλθόντων

448 4143 823 4215 προσκυνῆσαι
862 4140 1031 4212 αὐτῷ,
1064 4142 1160 4194 καὶ
1194 4141 1520 4207 ἀνοιξάντων
1556 4141 1655 4204 τάς
1702 4144 1903 4213 πήρας,
1932 4142 2026 4194 καὶ

447 4236 963 4309 προσενεγκάντων;
1010 4235 1087 4299 ὼς
1136 4233 1309 4304 λέγει,
1366 4234 1563 4304 φησίνο
1623 4235 1810 4303 Ὠφθη
1866 4232 2026 4298 αὺτῷ

446 4329 701 4398 ἄγγελος
731 4325 926 4396 λέγων
949 4343 964 4357 °
1007 4324 1294 4389 Ἀναστὰς
1339 4324 1486 4378 λάϐε
1515 4324 1579 4377 τὸ
1612 4324 1851 4377 παιδίον
1870 4342 1883 4355 ·
1928 4324 2025 4377 καὶ

443 4420 559 4488 τὴν
594 4417 848 4488 γυναῖκά
897 4432 1039 4482 σου,
1082 4416 1180 4470 καὶ
1233 4415 1493 4484 πορεύου
1545 4416 1631 4479 είς
1683 4415 2021 4484 Αἴγυπτον·

444 4511 533 4565 ὅτι
576 4510 734 4579 ζητεῖ
791 4508 1049 4579 Ἡρώδης
1081 4508 1198 4576 τὴν
1232 4507 1447 4577 ψυχὴν
1492 4506 1600 4560 τοῦ
1648 4506 1909 4561 παιδίου.
1962 4508 2024 4559 Ei

2135 3331 2328 3369 omnes
2355 3315 2520 3387 430
2560 3318 2635 3370 illi
2668 3320 2733 3369 ad
2762 3334 3045 3374 sermones
3079 3321 3326 3375 veritatis
3345 3321 3709 3381 ollendenler.

2131 3421 2243 3476 pra:
2268 3407 2501 3461 inscitia:
2537 3409 2806 3472 caacitatc,
2851 3417 3017 3479 atque
3051 3411 3118 3464 ad
3161 3426 3225 3465 ea
3269 3412 3474 3482 delapsi
3504 3412 3707 3482 jactare

2131 3497 2428 3553 identidem
2467 3500 2714 3554 solebant
2742 3519 2755 3554 :
2784 3500 2999 3555 Fierine
3026 3510 3225 3573 potest,
3264 3511 3324 3558 ut
3356 3506 3544 3559 eadem
3591 3506 3712 3562 dics

2130 3599 2184 3644 et
2210 3589 2545 3646 Bethlehemi
2582 3601 2769 3646 natum
2812 3595 3031 3662 viderit,
3077 3606 3151 3659 et,
3208 3597 3354 3668 quod
3397 3610 3519 3667 post
3566 3601 3708 3653 octi-

2129 3683 2298 3737 duum
2356 3685 2564 3739 solebat
2614 3686 2753 3752 ﬁeri,
2797 3688 3213 3753 circumcisum,
3244 3696 3298 3743 et
3334 3702 3455 3758 post
3490 3691 3604 3745 dies
3642 3707 3711 3746 ιι.

2130 3772 2505 3847 Hierosolyma
2567 3777 2958 3847 deportatum;
3016 3789 3077 3834 ut
3131 3781 3260 3834 item
3309 3780 3586 3837 Simeonis
3655 3792 3710 3837 et

2128 3868 2299 3922 Annae
2344 3878 2464 3923 acta
2497 3871 2590 3923 illa
2625 3871 2679 3924 in
2730 3872 2976 3927 eamdem
3019 3873 3164 3926 diem
3209 3873 3535 3940 inciderint;
3572 3889 3709 3943 pra:-

2130 3960 2319 4013 sertim
2351 3976 2475 4015 cum
2512 3977 2618 4029 qua
2650 3970 2809 4017 nocte
2840 3961 2999 4017 Jesus
3048 3971 3132 4016 est
3178 3964 3231 4016 in
3286 3963 3460 4017 lucem
3505 3964 3708 4023 editus,

2127 4049 2367 4121 Josepho
2419 4056 2651 4122 angelus
2705 4056 3045 4124 apparuerit,
3110 4064 3230 4125 post
3282 4070 3565 4125 magorum
3616 4055 3712 4108 ad-

2127 4151 2377 4207 ventum,
2430 4143 2523 4211 qui
2564 4144 2712 4198 illius
2761 4144 3023 4197 adorandi
3060 4161 3228 4199 causa
3263 4155 3549 4208 venerant,
3580 4147 3709 4215 qui-

2130 4249 2239 4301 que
2299 4248 2527 4287 munera
2566 4250 2665 4289 sua
2695 4237 2897 4306 apertis
2929 4237 3166 4292 saeculis
3198 4235 3548 4291 obtulerant?
3570 4236 3709 4290 Tum

2128 4324 2269 4377 enim
2307 4326 2579 4391 apparuit,
2611 4324 2808 4393 inquit,
2833 4325 2881 4377 ei
2907 4326 3124 4395 angelus
3163 4325 3377 4380 dicens:
3406 4324 3596 4396 Surge,
3624 4343 3708 4379 ac-

2127 4414 2238 4481 cipe
2273 4428 2513 4480 puerum,
2556 4422 2605 4467 et
2649 4415 2920 4483 conjugem
2962 4426 3129 4477 tuam,
3173 4425 3225 4469 et
3266 4416 3393 4469 vade
3434 4417 3490 4469 in
3534 4414 3709 4486 Αἴθῃ-

2127 4513 2306 4571 ptum;
2339 4505 2589 4573 quoniam
2648 4506 2838 4558 auarrit
2902 4505 3133 4561 Herodes
3188 4509 3425 4561 animam
3491 4514 3638 4577 pueri
3666 4511 3703 4561 '.

442 4604 625 4658 τοίνυν
658 4604 715 4655 ἐν
752 4600 1120 4672 ταύτη“νυκτ“ι
1203 4599 1546 4669 γεγέννηται,
1590 4597 1914 4668 παρελήφθη
1946 4598 2025 4660 εἰς

2130 4593 2496 4659 Quamobrem
2568 4596 2614 4651 si
2679 4598 2869 4651 eadem
2932 4615 3039 4669 qua
3104 4606 3265 4654 natus
3311 4609 3396 4656 est
3440 4608 3600 4654 nocte
3653 4600 3713 4654 in

442 4694 718 4763 Δίγυπτον
748 4694 842 4747 καὶ
875 4695 995 4745 ἐκεῖ
1020 4688 1109 4763 ἦν,
1142 4692 1247 4756 ἐως
1279 4692 1402 4745 ὅτου
1433 4690 1702 4745 ἀπέθανεν
1742 4691 1801 4743 'H
1814 4690 1987 4762 ρὼδης
2007 4708 2022 4722 ·

444 4785 609 4837 πόθεν
636 4785 697 4838 τὸ
730 4787 1030 4856 ἐπιμεῖναι,
1059 4784 1155 4837 καὶ
1197 4784 1539 4856 δκταήμερον
1585 4781 2022 4855 περιτμηθῆναι;

442 4879 478 4949 ἢ
522 4879 639 4942 πῶς
693 4879 754 4931 τὸ
808 4878 948 4949 μετά
1005 4876 1415 4949 τεσσαράκοντα
1456 4875 1766 4947 εὑρίσκεται
1808 4876 2025 4937 Λουκᾶς

442 4969 806 5040 ψευδόμενος;
873 4967 1015 5039 (Ὦς
1075 4967 1209 5037 φασὶ
1263 4964 1713 5038 βλασφημοῦντες
1752 4964 1893 5017 κατά
1923 4964 2024 5035 τῆς

443 5060 655 5115 ἑαυτῶν
697 5057 1003 5129 κεφαλῆς
1047 5058 1128 5111 ὅτι
1176 5056 1341 5127 φησὶν
1392 5056 1450 5108 ἐν
1495 5058 1561 5126 τῇ
1609 5056 2020 5126 τεσσαρακοστῇ

440 5152 627 5224 ἡμέρᾳ
664 5152 969 5221 ἀνήνεγκαν
1013 5150 1176 5202 αὐτὸν
1212 5151 1293 5212 είς
1337 5146 1713 5219 Ἰερουσαλὴμ,
1765 5146 2019 5200 κάκεῖθεν

440 5248 521 5309 είς
559 5241 836 5312 Ναζαρέτ.
870 5240 978 5293 Καὶ
1024 5241 1124 5293 οὐκ
1152 5240 1359 5294 οἴδασιν
1407 5241 1457 5292 οί
1500 5238 1747 5309 ἀγνωσία
1800 5237 2022 5303 κατεγό·

444 5352 595 5409 μενοι
622 5333 718 5387 τοῦ
757 5331 913 5401 ἁγίου
947 5331 1260 5401 Πνεύματος
1290 5331 1389 5400 τὴν
1414 5329 1661 5399 δύναμιν.
1690 5354 1693 5357 ·

505 5536 522 5566 ¹
556 5531 749 5590 Matth.
784 5547 844 5594 ιι,
884 5532 973 5586 I5.
1049 5532 1070 5563 '
1107 5531 1237 5585 Luc.
1270 5548 1331 5594 ιι,
1368 5531 1441 5583 22
1474 5546 1595 5600 sqq.

505 5626 623 5703 (ἓξ)
659 5626 753 5691 Ὠς
774 5621 927 5679 εἶναι
947 5624 1052 5678 τὸν
1075 5624 1271 5678 πάντα
1292 5625 1532 5703 χρόνον,
1551 5621 1789 5703 Tempus
1811 5623 2012 5693 ipsum,

436 5694 547 5764 ouo
574 5694 814 5752 Joannes
850 5707 1148 5764 conceptus
1174 5710 1237 5748 ac
1268 5704 1433 5749 natus
1453 5701 1557 5764 est.
1614 5698 1668 5747 et
1698 5694 2015 5748 incarnatus

437 5760 605 5835 atque
659 5767 716 5822 in
761 5768 937 5823 lucem
978 5760 1162 5822 editus
1188 5764 1467 5830 Christus,
1490 5762 1666 5820 Lucas
1694 5764 2013 5834 complecti-

2131 4684 2424 4754 Ai‘gvptum
2460 4685 2677 4742 delatus
2716 4697 2823 4751 est,
2854 4700 2909 4743 et
2942 4689 3055 4743 illic
3092 4689 3216 4755 fuit,
3251 4690 3427 4745 donec
3461 4688 3711 4746 Herodes

2129 4788 2382 4832 mortuus
2404 4781 2801 4849 est,quomodo
2834 4798 3157 4852 permanere
3186 4783 3240 4837 in
3282 4782 3471 4837 Iudaea
3505 4783 3711 4853 potuit,

2128 4876 2397 4922 etoctavo
2414 4870 2501 4924 die
2518 4870 2877 4925 circumcidi?
2897 4872 3004 4925 Aut
3026 4872 3156 4941 quid
3181 4873 3402 4927 tandem
3432 4881 3558 4943 post
3590 4872 3710 4928 dies

2130 4974 2203 5013 ιιι.
2232 4959 2438 5016 factum
2481 4978 2608 5016 esse
2648 4962 2829 5019 Lucas
2860 4965 3125 5018 mentitus
3152 4965 3270 5019 est?
3298 4963 3413 5035 (Sic
3443 4964 3587 5019 enim
3614 4979 3712 5033 per

2129 5069 2400 5109 summam
2432 5054 2509 5108 illi
2537 5055 2955 5127 blasphemiam,
2984 5056 3036 5111 id
3070 5056 3219 5128 quod
3247 5056 3303 5111 in
3328 5071 3518 5112 eorum
3545 5062 3711 5126 caput

2128 5154 2327 5207 vertat,
2376 5145 2695 5217 objiciunt.)
2733 5145 2868 5201 Nam
2903 5148 3330 5218 quadragesimo
3373 5148 3474 5218 (ait
3504 5146 3711 5218 Lucas)

2130 5234 2221 5289 die
2251 5235 2501 5289 tulerunt
2528 5237 2681 5291 illum
2721 5238 2774 5292 in
2805 5237 3170 5302 Hierusalem,
3201 5246 3255 5295 et
3284 5239 3413 5295 inde
3443 5241 3497 5294 in
3529 5238 3708 5293 Naza-

2130 5326 2251 5380 reth
2270 5327 2312 5380 ⁸.
2353 5326 2461 5381 Sed
2503 5328 2682 5398 ignari
2743 5329 2999 5386 videlicet
3052 5332 3305 5386 homines
3346 5347 3469 5403 qua!
3503 5331 3589 5387 vis
3637 5332 3711 5387 sit

2131 5418 2309 5474 sancti
2340 5418 2581 5489 Spiritus
2610 5437 2957 5495 nequaquam
2988 5423 3323 5495 intelligunt.

2121 5625 2436 5697 tur_:i_quod
2466 5634 2683 5697 tempus
2716 5630 2985 5685 mensium
3019 5638 3104 5686 est
3135 5635 3245 5683 I'ere
3278 5645 3367 5685 xv.

2192 5695 2320 5766 (ει)
2351 5697 2486 5767 ίΚαί
2549 5695 3034 5767 ψιλοσαδσάτιος.
3098 5698 3174 5756 De
3233 5700 3339 5756 hoc
3414 5702 3549 5757 nihil
3609 5702 3711 5759 ha—

2122 5772 2318 5823 ctenus
2350 5766 2477 5839 legi.
