4176 6386
484 370 593 427 903

1865 359 1928 415 S.
1967 355 2314 413 EPIPIIANII

3640 360 3744 414 90.5

560 481 649 535 IX.
713 480 922 535 Etenim
968 478 1271 548 unicuique
1315 475 1779 545 evangelistarum
1834 489 2062 527 conces-

2233 472 2311 525 Θ’.
2382 472 2632 542 Ἐκάστῳ
2706 470 2809 543 γὰρ
2879 471 2985 523 τῶν
3042 470 3441 540 εὐαγγελιστῶν
3499 472 3744 545 ἐδωρήθη

484 590 607 630 sum
643 583 749 636 est.
802 581 862 625 ut
908 588 1029 640 qua:
1064 571 1299 639 singulis
1324 579 1377 622 et
1410 568 1749 638 temporibus
1784 576 1837 621 et
1861 582 2057 635 oppor-

483 662 816 715 tunitatibus
847 669 999 730 gesta
1034 669 1194 713 erant
1221 658 1505 711 verissime
1535 657 1915 726 perscriberet.
1955 656 2059 707 Ita-

485 766 594 822 que
625 752 934 816 Mattheus,
967 765 1091 803 cum
1127 750 1177 803 id
1214 765 1381 802 unum
1419 750 1785 817 exposuisset,
1831 747 1897 801 de
1931 744 2056 814 Spi-

490 846 601 896 ritu
647 856 837 897 sancto
887 850 1201 910 susceptum
1243 842 1394 893 illum
1435 856 1498 893 ac
1532 841 1795 910 genitum,
1836 838 1903 893 de
1953 839 2059 892 cir-

489 935 830 987 cumcisione
868 935 1070 998 tacuit;
1106 949 1206 985 nec
1234 932 1396 985 ullam
1428 946 1615 985 earum
1648 946 1826 984 rerum
1859 930 2056 998 attigit,

490 1042 612 1093 (μιῖὲ
643 1035 768 1078 ante
800 1026 1078 1078 biennium
1115 1024 1459 1087 acciderunt;
1500 1022 1593 1076 sed
1642 1037 1921 1091 magorum
1969 1022 2061 1073 ile-

493 1134 638 1169 muui
668 1118 947 1170 enarravit
991 1116 1303 1171 adventum.
1341 1113 1799 1183 quemadmodum
1843 1114 2057 1166 verissi-

491 1225 617 1264 mus
665 1208 755 1262 Dei
808 1223 990 1262 sermo
1038 1215 1271 1260 testatur
1305 1208 1342 1267 ί,
1393 1221 1516 1259 cum
1548 1206 1757 1260 scilicet
1787 1216 2001 1274 tempus
2033 1221 2062 1256 a

494 1302 669 1370 magis
704 1300 1002 1369 exquisivit
1054 1298 1317 1361 Ilerodes,
1365 1314 1427 1349 ac
1461 1297 1528 1350 de
1560 1299 1715 1351 stella
1742 1313 1862 1365 qua:
1893 1312 2062 1365 appa-

495 1402 686 1446 ruerat
732 1402 989 1445 accurate
1032 1392 1347 1444 sciscitatus
1383 1397 1486 1443 est.
1521 1389 1602 1443 Ad
1639 1390 1751 1442 lucc
1786 1406 2063 1458 magorum

492 1491 921 1537 commemorata
948 1484 1257 1549 responsio,
1284 1481 1349 1535 de
1374 1481 1589 1535 duobus
1614 1481 1795 1541 anuis.
1824 1489 1876 1533 et
1901 1480 2062 1543 infra,

493 1587 549 1629 ut
585 1576 859 1629 diversum
923 1576 991 1627 ab
1022 1590 1087 1627 eo
1128 1584 1340 1643 tempus
1374 1590 1496 1628 esse
1522 1582 1753 1635 constet,
1790 1572 1933 1641 quod
1963 1572 2069 1624 Lu-

493 1684 587 1720 cas
635 1668 951 1720 narratione
986 1682 1084 1719 sua
1123 1667 1445 1734 complexus
1480 1674 1581 1719 est.
1618 1666 1716 1717 llic
1757 1665 1901 1717 enim
1946 1679 2068 1733 quae

496 1767 623 1811 ante
685 1758 966 1811 biennium
1020 1757 1151 1809 illud
1198 1766 1348 1825 gesta
1393 1758 1504 1811 sint
1550 1758 1788 1824 exponit.
1834 1757 1901 1808 At
1942 1756 2072 1808 Mat-

2164 564 2396 616 ἑκάστου
2426 563 2617 632 χρόνου
2650 563 2744 615 καὶ
2782 561 2974 633 καιροῦ
3003 561 3306 632 διηγεῖσθαι
3338 562 3408 616 τὰ
3441 565 3497 616 ἐν
3523 564 3747 636 ἀληθείᾳ

2166 653 2545 722 πληρωθέντα.
2600 655 2711 706 Kal.
2753 654 2781 705 6
2855 654 2952 723 μὲν
2995 652 3300 717 Ματθαῖος,
3347 654 3746 726 διηγησάμενος

2169 746 2359 813 μόνον,
2414 746 2496 798 ὅτι
2554 744 2817 815 ἐγεννήθη
2858 746 2915 796 ἐν
2980 744 3259 813 Πνεύματι
3311 747 3470 815 ἁγίῳ,
3523 748 3614 799 καὶ
3662 747 3745 799 ὅτι

2169 835 2474 908 συνελήφθη
2519 837 2647 890 ἄνευ
2698 836 3005 907 σπέρματος
3052 836 3266 905 ἀνδρὸς,
3303 836 3455 889 οὐδὲν
3493 837 3746 907 περὶτῆς

2168 930 2469 999 περιτομῆς
2502 924 2676 991 εἶπεν,
2708 928 2827 981 οὐδὲ
2860 928 2964 997 πρὸ
2991 926 3099 979 τῶν
3137 926 3231 979 δύο
3274 928 3409 979 ἐτῶν
3438 946 3490 981 τι
3528 929 3638 981 τῶν
3667 932 3746 991 εἰς

2168 1018 2330 1070 αὑτὸν
2360 1018 2737 1086 γεγενημένων
2756 1035 2769 1046 ·
2807 1016 2942 1069 ἀλλὰ
2967 1016 3234 1085 διηγεῖται
3263 1017 3363 1087 τὴν
3395 1015 3602 1068 ἔλευσιν
3637 1018 3746 1069 τῶν

2174 1109 2396 1178 μάγων*
2446 1109 2521 1171 ὡς
2567 1111 2931 1179 ἐπιμαρτυρεῖ
2979 1108 3108 1176 ὑμῖν
3150 1109 3178 1158 6
3226 1106 3431 1176 ἀληθὴς
3471 1107 3563 1159 τοῦ
3611 1108 3744 1159 Θεοῦ

2169 1199 2344 1267 λόγος,
2374 1198 2683 1269 ἐρωτῶντος
2716 1196 2807 1249 τοῦ
2838 1195 3077 1267 Ἡρώδου
3110 1195 3259 1265 παρὰ
3286 1195 3394 1245 τῶν
3443 1198 3629 1263 μάγων
3658 1195 3746 1245 τὸν

2171 1292 2382 1361 χρόνον.
2434 1292 2541 1343 Kal.
2584 1290 2858 1360 ἠκρίϐωτο
2888 1289 2979 1340 τοῦ
3019 1288 3311 1357 γενομένου
3363 1288 3609 1355 ἀστέρος,
3655 1288 3747 1338 καὶ

2171 1382 2277 1434 τῶν
2328 1383 2517 1450 μάγων
2582 1383 2614 1449 ἠ
2681 1381 2994 1452 ἀπόκρισις,
3044 1380 3122 1431 ὃτι
3180 1378 3288 1430 ἀπὸ
3334 1379 3426 1430 δύο
3475 1379 3609 1430 ὲτιῖέν
3654 1381 3749 1432 καὶ

2172 1472 2495 1541 κατωτέρω’
2542 1471 2616 1532 ὡς
2658 1472 2731 1540 μὴ
2775 1466 2913 1522 εἶναι
2957 1470 3046 1521 τὸν
3078 1470 3268 1538 χρόνον
3311 1470 3517 1530 τοῦτον,
3553 1469 3642 1521 τὸν
3673 1470 3749 1540 τῷ

2174 1564 2355 1633 Λουκᾷ
2406 1562 2991 1632 πεπραγματευμένον.
3052 1560 3243 1613 ’Λλλ“ό
3298 1560 3394 1629 μὲν
3426 1562 3636 1624 Λουκᾶς
3680 1562 3748 1615 τὰ

2175 1656 2280 1725 πρὸ
2326 1655 2418 1707 δύο
2468 1656 2601 1706 ἑτῶν
2647 1655 2948 1723 διηγεῖται’
3000 1652 3274 1716 Ματθαῖος
3326 1654 3403 1717 δὲ,
3437 1652 3603 1705 εἰπὼν
3651 1654 3750 1723 τὴν

2174 1748 2451 1816 γέννησιν,
2482 1747 2830 1817 ἀπεπήδησεν
2854 1749 2932 1809 εἰς
2960 1746 3049 1798 τὸν
3090 1746 3234 1814 διετῆ
3268 1746 3479 1814 χρόνον,
3511 1745 3603 1797 καὶ
3637 1745 3752 1813 ἐδή-

499 1852 672 1903 thaeus
697 1867 725 1902 a
758 1850 1044 1902 nativitate
1080 1849 1262 1901 statim
1305 1848 1371 1901 ad
1422 1849 1722 1901 secundum
1776 1863 1979 1900 annum
2014 1864 2073 1901 se

2181 1836 2314 1888 λωσε
2346 1836 2415 1889 τὰ
2445 1836 2713 1905 γενόμενα
2755 1835 2892 1904 μετὰ
2918 1834 3009 1887 δύο
3034 1835 3148 1903 ἔτη.
3178 1833 3267 1885 Διὸ
3294 1833 3387 1885 καὶ
3419 1835 3446 1884 6
3486 1832 3747 1903 Ἡρώδης,

495 1942 748 2005 contulit,
778 1949 831 1993 et
864 1955 985 2009 qua:
1017 1947 1137 2007 post
1166 1939 1444 1991 biennium
1476 1939 1776 1992 acciderint
1817 1938 2077 1991 declarat.

496 2032 651 2096 Quod
721 2030 967 2083 Ilerodes
1021 2034 1204 2082 animo
1259 2037 1539 2098 reputans,
1601 2039 1889 2097 postquam
1939 2029 2080 2097 magi

496 2124 603 2176 alia
652 2123 737 2174 via
787 2122 1188 2185 discesserunt,
1239 2123 1292 2175 in
1322 2123 1413 2174 illa
1455 2122 1744 2173 infantium
1787 2121 1943 2173 turba
1997 2120 2081 2173 de-

500 2211 770 2283 prehendi
798 2212 1085 2281 puerulum
1120 2212 1296 2275 illum,
1323 2218 1488 2278 atque
1514 2209 1746 2263 interfici
1780 2224 1943 2279 posse
1969 2224 2083 2263 cre-

497 2307 737 2360 diderat.
808 2304 1046 2360 Infantes
1096 2305 1241 2359 enim
1291 2318 1505 2361 omnes.
1554 2310 1819 2372 quotquot
1865 2302 1920 2355 in
1949 2316 2081 2370 agro

503 2395 956 2449 Bethlehemitico
1014 2395 1216 2456 forent,
1274 2409 1303 2445 a
1352 2393 1559 2447 bimatu
1616 2400 1670 2446 et
1724 2390 1866 2445 infra
1916 2390 2073 2461 431

495 2488 667 2555 jussit
701 2486 903 2549 occidi,
950 2486 1015 2537 ad
1067 2486 1217 2537 illam
1265 2498 1437 2553 usque
1476 2482 1643 2545 diem,
1685 2498 1793 2552 qua
1838 2483 1983 2552 apud
2020 2496 2079 2537 se

502 2575 643 2643 magi
678 2573 933 2628 fuissent.

573 2665 651 2717 Ex
676 2680 788 2733 quo
828 2664 954 2732 quis
994 2678 1106 2717 non
1149 2661 1353 2724 videat,
1399 2669 1516 2713 tum
1565 2674 1691 2714 cum
1732 2659 1876 2728 magi
1912 2673 2079 2713 vene-

503 2756 657 2810 runt,
714 2748 983 2801 bimuluni
1036 2746 1208 2801 fuisse
1258 2746 1527 2815 puerum?
1582 2744 1851 2815 siquidem
1901 2759 1965 2798 ea
2002 2744 2080 2797 rei

502 2847 672 2909 gesta:
740 2839 984 2892 narratio
1054 2839 1343 2893 veritatem
1422 2838 1594 2907 ipsam
1660 2836 2081 2891 accuratissime

504 2931 863 2983 demonstrat.
922 2928 1134 2982 Etenim
1161 2926 1339 2981 Lucas
1361 2942 1610 2997 puerum,
1636 2927 1799 2981 simul
1830 2941 1893 2980 ac
1919 2932 2080 2981 natus

504 3026 609 3081 est,
643 3017 829 3072 fasciis
861 3018 1164 3070 involutum
1216 3033 1340 3071 esse
1385 3017 1616 3081 scribit;
1679 3026 1733 3070 et
1766 3017 1820 3069 in
1850 3016 2078 3085 praesepi

507 3123 567 3161 ac
619 3109 876 3177 spelunca
924 3109 1186 3177 jacuisse,
1237 3108 1382 3177 quod
1430 3108 1613 3162 nullus
1669 3109 1725 3161 in
1772 3107 2079 3162 diversorio

2178 1927 2480 1997 διανοηθεὶς
2503 1928 2658 1980 τοῦτο
2685 1928 2824 1996 μετὰ
2857 1928 2915 1978 τὸ
2948 1926 3239 1979 ἀποπλεῦσαι
3284 1927 3407 1987 τοὺς
3450 1926 3653 1995 μάγους
3686 1926 3751 1977 δι’

2179 2019 2369 2088 ἑτέρας
2395 2019 2538 2080 ὀδοῦ,
2569 2019 2721 2089 ᾠήθη
2750 2020 2807 2068 ἐν
2840 2018 2916 2086 τῷ
2944 2018 3135 2088 πλήθει
3165 2018 3273 2068 τῶν
3302 2018 3506 2069 παίδων
3533 2017 3625 2067 καὶ
3655 2017 3750 2068 αὑ-

2178 2110 2267 2163 τὸν
2306 2111 2636 2181 γεννηθέντα
2683 2110 3097 2181 εὑρεθήσεσθαι,
3137 2110 3231 2162 καὶ
3274 2111 3371 2162 σὺν
3399 2110 3583 2171 αὐτοῖς
3626 2109 3753 2160 ἀπο-

2179 2202 2513 2256 κτίννυσθαι.
2569 2203 2848 2255 Ἐκέλευσε
2897 2202 3005 2273 γὰρ
3044 2204 3168 2265 τοὺς
3198 2204 3255 2255 ὲν
3284 2204 3395 2265 τοῖς
3433 2201 3600 2271 ὁρίοις
3649 2201 3753 2270 Βη-

2178 2292 2344 2363 θλεὲμ
2382 2295 2577 2357 παῖδας
2614 2294 3041 2365 ἀποκτανθῆναι,
3071 2295 3197 2357 τοὺς
3229 2294 3336 2346 ἀπὸ
3374 2293 3466 2345 δύο
3496 2292 3631 2345 ὲτῶν
3659 2294 3753 2346 καὶ

2179 2388 2471 2455 κατωτέρω
2508 2385 2611 2449 ἓως
2640 2387 2808 2456 αὐτῆς
2836 2386 2934 2455 τῆς
2978 2384 3207 2455 ἡμέρας,
3245 2381 3312 2455 ἦς
3345 2386 3393 2437 οί
3428 2383 3590 2454 μάγοι
3621 2383 3752 2453 παρ’

2178 2476 2326 2546 αὐτῷ
2360 2478 2624 2544 ἐγένοντο.

2254 2649 2444 2701 Ἔνθεν
2491 2649 2596 2702 τίνι
2636 2650 2696 2701 οὐ
2750 2651 2996 2717 φανεῖται
3026 2647 3175 2717 (25).
3225 2650 3327 2709 ὃτι,
3364 2647 3453 2698 ὅτε
3498 2642 3661 2715 ἦλθον
3702 2638 3793 2699 οΓ

2183 2743 2367 2813 μάγοι,
2402 2741 2493 2793 δύο
2531 2739 2599 2813 ἢν
2639 2741 2775 2794 ἐτῶν
2814 2744 2843 2794 6
2881 2745 3007 2805 παῖς
3053 2741 3451 2810 γεγενημένος;
3505 2741 3614 2793 Kal.
3645 2741 3753 2811 γὰρ

2180 2835 2275 2886 καὶ
2316 2836 2348 2903 ἡ
2384 2832 2519 2903 αὐτὴ
2555 2833 2908 2903 πραγματεία
2934 2832 3031 2903 τὴν
3062 2833 3243 2885 πᾶσαν
3274 2831 3557 2902 ἀκρίϐειαν
3589 2848 3755 2900 σαφη·

2182 2922 2341 2987 νίζει.
2386 2925 2443 2975 Ὀ
2476 2924 2574 2993 μὲν
2608 2924 2716 2994 γὰρ
2746 2925 2959 2987 Λουκᾶς
2995 2923 3141 2992 λέγει
3181 2922 3637 2993 ὲσπαργανῶσθαι
3664 2923 3754 2975 τὸν

2181 3014 2353 3067 Παίδα
2389 3013 2549 3076 εὐθὺς
2579 3015 2920 3083 τετεγμένον,
2952 3014 3050 3066 καὶ
3084 3014 3293 3067 κεῖσθαι
3324 3016 3381 3067 ἐν
3427 3013 3626 3085 φάτνῃ,
3660 3013 3755 3064 καὶ

2181 3106 2239 3157 ἐν
2271 3106 2537 3176 σπηλαίῳ,
2586 3106 2673 3159 διὰ
2707 3107 2768 3158 τὸ
2821 3107 2893 3178 μὴ
2945 3100 3084 3160 εἶναι
3112 3106 3278 3159 τόπον
3307 3108 3364 3157 ἐν
3400 3105 3479 3176 τῷ
3524 3103 3757 3157 statam-

508 3199 661 3251 locus
691 3208 856 3254 esset.
895 3200 1032 3252 'I‘um
1067 3200 1211 3253 enim
1264 3214 1464 3255 census
1517 3199 1857 3263 habebatur;
1900 3209 1955 3253 et
1984 3197 2078 3267 qui

2186 3214 2346 3267 ματι’
2394 3197 2686 3268 ἀπογραφὴ
2738 3197 2846 3268 γὰρ
2896 3193 2963 3268 ἦν
3001 3197 3145 3253 τότε.
3190 3198 3299 3251 Kal.
3345 3199 3393 3249 oi
3442 3196 3756 3266 διασκορπισ-

511 3289 775 3341 bellorum
811 3291 1169 3359 temporibus,
1211 3306 1331 3359 qua:
1362 3292 1464 3345 sub
1500 3290 1824 3346 Machabaeis
1856 3291 2082 3346 exstite-

510 3386 654 3441 rant,
716 3381 948 3449 dispersi
1008 3382 1247 3441 fuerant.
1288 3384 1485 3451 quovis
1533 3391 1804 3437 terrarum
1838 3398 2087 3451 pervase-

512 3480 671 3535 raut;
730 3472 867 3525 adeo
915 3480 972 3523 ut
1019 3474 1177 3541 pauci
1218 3475 1444 3526 omnino
1474 3472 1807 3527 Bethlchcmi
1841 3490 2087 3528 remane-

510 3570 656 3615 rent.
695 3564 876 3625 Quare
913 3563 966 3615 in
1004 3564 1241 3632 quodam
1291 3566 1750 3634 evangelistarum
1791 3567 2085 3637 exemplari

513 3652 734 3707 Davidis
767 3656 897 3708 urbs
928 3655 1167 3720 dicitur;
1198 3656 1251 3709 in
1286 3657 1393 3708 alio
1423 3673 1554 3709 vero
1584 3657 1736 3711 vicus
1762 3657 2083 3726 appellatur,

512 3745 658 3815 quod
710 3761 900 3814 agrum
956 3746 1183 3800 haberet
1238 3748 1710 3817 angustissimum.
1747 3747 1881 3801 Cum
1924 3748 2087 3818 igitur

515 3832 749 3901 Augusti
810 3833 1157 3900 imperatoris
1211 3837 1448 3889 edictum
1500 3845 1644 3891 esset
1699 3838 1944 3899 allatum,
1993 3838 2085 3907 qui

516 3921 623 3975 huc
662 3924 902 3993 illucque
946 3926 1193 3995 dissipati
1235 3938 1411 3991 erant,
1454 3944 1576 3983 cum
1610 3928 1828 3983 familiis
1863 3929 1979 3984 suis
2013 3930 2079 3985 ad

516 4011 669 4066 illum
705 4014 881 4067 locum
933 4017 1191 4069 censendi
1233 4019 1407 4086 gratia
1456 4019 1642 4073 venire
1687 4018 1880 4083 coacti,
1930 4019 2090 4074 facile.

513 4103 951 4170 compleverunt,
1008 4116 1065 4158 ut
1120 4115 1345 4174 proliter
1393 4107 1676 4160 hominum
1725 4108 2086 4177 frequentiam

519 4194 654 4246 nihil
702 4203 849 4249 esset
899 4196 954 4247 in
999 4194 1307 4250 diversorio
1355 4198 1457 4250 loci
1500 4198 1771 4252 relictum.
1807 4198 1936 4255 Post
1971 4216 2091 4255 cen-

520 4298 641 4336 sum
676 4300 804 4337 vcro
843 4285 1222 4354 unusquisque
1276 4300 1362 4348 eo,
1412 4288 1503 4340 ubi
1548 4288 1882 4342 domicilium
1923 4291 2090 4343 collo-

517 4381 694 4437 carat,
750 4390 1003 4431 reversus
1056 4385 1159 4431 est.
1198 4376 1350 4431 Unde
1399 4378 1574 4432 laxius
1621 4379 1687 4431 ad
1736 4380 2087 4434 habitandum

522 4468 759 4530 spatium
791 4462 908 4518 fuit.
936 4466 1122 4532 Itaque
1162 4467 1341 4533 priore
1375 4466 1488 4535 jam
1536 4484 1681 4521 anno
1714 4469 1887 4533 linito,
1924 4478 1978 4523 et
2011 4472 2087 4523 al-

520 4566 638 4608 tero
686 4556 928 4623 insuper,
978 4558 1047 4609 ob
1073 4571 1261 4609 eorum
1289 4574 1408 4626 quae
1437 4569 1586 4628 gesta
1622 4560 1732 4613 illic
1760 4570 1936 4625 erant,
1976 4578 2084 4616 me-

594 4710 607 4739 ’
642 4707 829 4761 Matth.
866 4725 925 4772 ιι,
954 4711 985 4763 7
1008 4726 1132 4779 sqq.
1206 4711 1226 4740 ³
1254 4708 1314 4764 F.
1339 4712 1494 4764 κατά.

594 4863 708 4931 (25)
744 4866 962 4917 Ἔνθεν
999 4866 1115 4915 τίνι
1153 4868 1225 4917 οὺ
1277 4864 1565 4931 φανεῖται.
1598 4864 1835 4921 Tametsi
1865 4867 2089 4922 nihilex

522 4932 813 5007 Evangelio
848 4935 934 5007 Ade
962 4949 1251 5007 magorum
1293 4935 1556 4987 adventus
1589 4945 1825 5003 tempore
1885 4938 2090 5007 liquido

524 5004 963 5072 possitcxprimi,
990 5003 1321 5073 probabilior
1355 5013 1531 5056 tamen
1564 5014 1646 5057 est
1672 5003 2001 5069 communis,
2026 5022 2090 5060 ac

524 5083 737 5142 recepta
772 5077 1065 5132 sententia,
1095 5087 1255 5141 quam
1296 5075 1384 5126 illa
1423 5090 1489 5126 ex
1534 5073 1811 5142 Epiphanii
1870 5092 1933 5131 ac
1982 5076 2092 5130 Eu-

523 5144 661 5197 sebii
697 5143 973 5197 Chronicis
1033 5149 1244 5204 hausta,
1275 5144 1492 5197 biennio
1544 5152 1664 5204 post
1707 5144 1982 5199 Christum
2035 5150 2090 5200 in

528 5160 661 5197 senii
697 5160 973 5197 enromcis
1033 5160 1244 5204 nausw,
1276 5160 1492 5197 nieumo
1581 5160 1664 5197 USI.
1707 5160 1982 5199 blll'lSlum
2035 5163 2089 5200 ui

528 5214 701 5266 lucem
734 5214 938 5266 editum
975 5229 1161 5281 magos
1188 5214 1491 5267 advenisse.
1528 5160 1683 5278 6m
1714 5230 1779 5268 ex
1816 5216 1921 5270 illis
1953 5215 2089 5268 Mat-

523 5284 645 5335 tlnei
680 5284 857 5337 verbis
880 5284 1056 5352 colligi
1077 5284 1359 5353 putabant,
1390 5284 1587 5353 quibus
1612 5282 1871 5338 Herodem
1909 5294 2093 5338 narrat

523 5370 557 5405 α
580 5353 779 5405 bimatu
810 5362 856 5405 et
878 5353 1020 5419 infra
1058 5369 1245 5421 pueros
1271 5353 1542 5424 occidisse,
1574 5355 1855 5406 secundum
1890 5366 2090 5424 tempus

524 5424 661 5503 quod
682 5424 1011 5503 exquisiernr
1047 5441 1079 5475 a
1116 5424 1282 5503 magis
1313 5423 1528 5503 (Matth.
1570 5438 1631 5486 Il,
1666 5424 1776 5503 I6).
1814 5426 1915 5478 Sed
1950 5427 2093 5479 hunc

528 5496 729 5561 nodum
778 5494 1102 5561 jampridem
1161 5494 1525 5547 dissolverunt
1567 5495 1765 5548 eruditi
1810 5510 2092 5550 sacrarum

525 5559 857 5616 Litterarum
896 5559 1247 5631 interpretes.

599 5634 707 5701 (2U)
746 5633 856 5685 Kal
915 5632 1185 5701 ἀνάγκην
1226 5632 1415 5701 ἔσχον
1442 5635 1512 5702 702
1551 5632 2089 5702 διεσκορπισμένα.

527 5704 802 5769 Quantum
839 5705 998 5755 verba
1039 5705 1155 5769 ipsa
1193 5718 1304 5770 prae
1344 5718 1405 5756 se
1432 5701 1632 5764 ferunt,
1660 5701 1911 5756 indicare
1940 5706 2088 5757 vide-

529 5785 619 5829 tur
657 5770 871 5825 Iudaeos
895 5773 1137 5839 quolibet
1167 5782 1431 5827 terrarum
1460 5772 1736 5841 dispersos
1769 5775 1820 5827 in
1855 5773 2090 5827 Palaesti-

2187 3286 2403 3350 σθέντες
2437 3287 2544 3340 ἀπὸ
2584 3288 2679 3340 τοῦ
2720 3288 2912 3359 χρόνου
2941 3286 3050 3341 τῶν
3082 3286 3330 3357 πολέμων
3368 3286 3475 3338 τῶν
3515 3287 3606 3337 ἐπὶ
3646 3288 3757 3347 τοῖς

2184 3380 2563 3442 Μακκαϐαἰοις
2606 3380 2906 3447 γεγονότων
2936 3381 3028 3433 ἐπὶ
3097 3379 3166 3432 τὰ
3217 3377 3491 3448 πανταχοῦ
3540 3378 3643 3448 γῆς
3688 3377 3751 3429 δι-

2185 3472 2646 3542 εσκορπίσθησαν,
2705 3474 2798 3525 καὶ
2856 3474 3025 3539 ὀλίγοι
3086 3471 3362 3534 παντελῶς
3428 3471 3645 3541 ἔμειναν
3700 3472 3758 3523 ὲν

2187 3562 2430 3633 Βηθὶεὲμ
2471 3564 2870 3627 κατοικοῦντες.
2916 3564 3007 3617 Διὸ
3053 3564 3111 3617 ἐν
3158 3580 3263 3616 τινι
3305 3563 3620 3633 ἀντιγράφω
3651 3563 3761 3615 τῶν

2187 3656 2590 3723 εὐαγγελιστῶν
2622 3656 2864 3709 καλεῖται
2904 3658 3057 3721 πόλις
3082 3657 3173 3710 τοῦ
3206 3657 3367 3709 Δαϐίδ
3387 3673 3398 3685 ·
3433 3659 3490 3708 ἐν
3535 3655 3677 3724 ἄλλῳ
3705 3654 3760 3708 δὲ

2188 3744 2379 3814 κώμην
2407 3746 2576 3816 αὐτὴν
2620 3747 2861 3808 καλοῦσι,
2891 3749 2977 3801 διὰ
3017 3748 3077 3800 τὸ
3109 3750 3187 3810 είς
3226 3748 3413 3819 ὀλίγην
3447 3748 3549 3817 γῆν
3593 3747 3760 3816 αὐτὴν

2188 3835 2401 3904 ἡκέναι.
2450 3837 2579 3888 Ὅτε
2621 3836 2677 3889 δὲ
2712 3837 2899 3904 γέγονε
2949 3838 3009 3891 τὸ
3044 3838 3319 3907 κέλευσμα
3358 3839 3449 3890 τοῦ
3502 3836 3759 3906 βασιλέως

2189 3926 2540 3993 Αὐγούστου,
2596 3928 2690 3980 καὶ
2737 3927 2982 4000 ἀνάγκην
3039 3930 3195 3999 ἔσχον
3243 3930 3292 3981 οἱ
3348 3928 3746 3999 διεσκορπισμέ-

2189 4034 2267 4069 wn
2290 4016 2421 4086 (26),
2456 4018 2551 4071 καὶ
2584 4018 2653 4070 τὰ
2679 4020 2700 4049 ⁸
2729 4020 2908 4072 αὐτῶν
2938 4020 3089 4089 γένη,
3124 4016 3285 4090 ἦλθεν
3326 4021 3405 4081 είς
3441 4020 3531 4072 τὸν
3576 4020 3761 4081 τόπον,

2190 4109 2275 4161 ἵνα
2326 4110 2718 4179 ἁπογραφῶσιν
2762 4113 3084 4183 ἐπιρρέοντα
3136 4112 3204 4165 τὰ
3246 4112 3461 4182 πλήθη,
3537 4114 3633 4165 καὶ
3684 4114 3742 4164 ὲν

2196 4198 2400 4270 έπλησε
2440 4201 2531 4253 τὸν
2553 4202 2733 4267 τόπον,
2774 4203 2867 4256 καὶ
2898 4205 2997 4255 οὐκ
3030 4200 3097 4274 ἦν
3137 4204 3301 4265 τόπος
3330 4206 3387 4258 ὲν
3415 4202 3492 4272 τῷ
3533 4202 3761 4256 καταλύ-

2193 4306 2321 4358 ματι
2357 4291 2443 4344 διὰ
2490 4292 2585 4362 τὴν
2631 4294 2929 4363 συνέχειαν.
2970 4295 3171 4347 Λοιπὸν
3215 4296 3271 4348 δὲ
3309 4295 3448 4365 μετὰ
3496 4295 3594 4366 τὴν
3625 4297 3732 4349 ἀπο

2190 4385 2406 4453 γραφὴν
2445 4386 2682 4454 ἀπῆλθεν
2723 4387 2971 4449 ἕκαστος,
3002 4388 3123 4439 ὅποι
3172 4389 3273 4458 γῆς
3315 4388 3412 4458 τὴν
3454 4388 3750 4457 καταμονὴπ

2192 4475 2290 4541 τῆς
2320 4476 2687 4544 κατοικήσεως
2724 4472 2857 4543 εἶχε.
2904 4476 2996 4528 Διὸ
3026 4476 3119 4529 καὶ
3151 4477 3348 4539 πλάτος
3377 4477 3670 4546 ἐτύγχανεν
3708 4478 3751 4527 ὲν

2194 4567 2257 4633 τῇ
2290 4567 2381 4634 γῇ.
2437 4567 2747 4636 Ἐρχὸμενοι
2771 4567 2849 4629 δὲ,
2879 4568 2954 4630 ὡς
2984 4570 3153 4621 εἰπεῖν
3184 4570 3316 4635 (27),
3364 4570 3582 4639 μνήμης
3603 4568 3763 4620 ἕνεκα

2194 4884 2317 4921 nam
2380 4876 2599 4921 coactos
2655 4881 2796 4921 esse.
2830 4864 2937 4919 Sed
2977 4865 3280 4936 commode
3304 4865 3417 4920 haec
3452 4868 3762 4936 accipienda

2195 4946 2345 5001 sunt,
2389 4946 2443 4990 ιιι
2466 4938 2532 4991 de
2564 4937 2631 4990 iis
2669 4938 2940 5057 loq‘uatur,
2967 4937 3057 5005 qui
3109 4936 3162 4988 in
3195 4935 3480 4990 Palmstina
3521 4935 3660 5005 ipsa,
3683 4940 3765 4992 vel

2195 5007 2350 5057 Svria
2398 5008 2674 5057 degerent.
2765 5008 2917 5057 ‘eaue
2973 5006 3116 5057 enim
3171 5014 3300 5057 nuto
3351 5008 3403 5057 in
3458 5006 3634 5057 Italia.
3682 5009 3764 5057 vel

2194 5007 2350 5077 Syria
2398 5008 2674 5077 degerent.
2734 5006 2943 5077 Neque,
2973 5006 3116 5077 enim
3170 5014 3300 5077 puto
3351 5008 3403 5058 in
3458 5006 3634 5070 Italia,
3682 5009 3764 5062 vel

2192 5075 2421 5138 Gitecia,
2461 5084 2553 5129 aut
2587 5075 2821 5144 Egypto
2875 5076 3038 5129 etiam
3086 5075 3414 5139 habitarent,
3446 5077 3573 5130 alibi
3602 5092 3767 5145 quam

2193 5146 2286 5201 ibi.
2319 5147 2407 5199 ubi
2439 5157 2610 5207 erant,
2650 5148 2814 5199 fuisse
2852 5160 3065 5199 censos.

2264 5217 2375 5283 (27)
2420 5216 2760 5284 Ἑρχόμενοι
2804 5214 2894 5275 δὲ,
2929 5216 3009 5279 ὠς
3037 5212 3249 5266 εἰπεῖν.
3285 5212 3497 5284 Nollem
3550 5215 3767 5269 erudito

2194 5285 2501 5339 Maldouato
2541 5286 2592 5338 id
2653 5284 2705 5337 iu
2764 5295 2995 5337 mentem
3055 5286 3296 5338 venisset
3333 5283 3637 5353 Epiphanio
3667 5288 3769 5337 tri-

2196 5358 2359 5408 buere
2416 5355 2559 5424 quod
2594 5364 2647 5408 et
2672 5354 3126 5424 absurdissimum
3168 5363 3273 5415 est,
3335 5370 3433 5408 nec
3469 5355 3538 5407 ab
3570 5369 3636 5407 eo
3680 5354 3795 5406 vel-

2197 5422 2468 5479 levissime
2518 5426 2832 5493 cogitatum.
2868 5422 3069 5477 Scribit
3118 5425 3260 5475 enim
3286 5424 3473 5493 mirari
3506 5439 3583 5487 se,
3618 5424 3763 5492 quod

2200 5495 2530 5563 Epiphanius
2560 5492 2830 5563 eaistiiuet
2871 5493 3166 5561 Josephum
3194 5492 3502 5563 ctiMariam
3535 5494 3765 5563 singulis

2195 5562 2353 5617 annis
2386 5580 2449 5617 eo
2480 5566 2567 5617 die
2604 5579 2668 5617 ex
2700 5562 2933 5632 Egypto
2971 5565 3023 5615 iu
3068 5562 3379 5615 Bethlehem
3407 5564 3594 5617 venire
3624 5562 3760 5616 con-

2196 5634 2438 5687 suevisse
2462 5651 2475 5698 ;
2499 5650 2730 5701 cumque
2758 5643 2877 5701 post
2895 5633 3032 5687 duos
3051 5648 3222 5686 annos
3241 5633 3552 5696 rediissem,
3576 5648 3762 5700 magos

2196 5719 2291 5757 eos
2321 5704 2613 5757 invenisse.
2648 5701 2761 5755 Hoc
2797 5718 2925 5756 vero
2957 5717 3234 5771 nunquam
3275 5704 3494 5770 scripsit
3527 5701 3760 5772 Epipha-

2196 5774 2340 5827 nius.
2362 5774 2535 5837 Quare
2554 5773 2920 5827 hallucinatus
2938 5783 3021 5827 est
3045 5770 3451 5827 eruditissimus
3482 5770 3757 5827 illcE‘van-
