4176 6386
395 371 502 428 903

1170 365 1538 423 ADVERSUS
1570 365 1914 422 H/ERESES
1951 365 2078 419 [ΑΒ.
2115 365 2178 421 li.
2223 363 2386 420 TOM.
2429 367 2468 420 l.
2512 363 2782 419 llgERES.
2832 359 2914 420 LL

3539 363 3644 421 996

395 481 504 535 τῶν
535 479 651 532 ἐκεῖ
679 475 1109 548 γεγεννημένων,
1151 475 1366 547 πρώτου
1401 477 1646 530 ἐνιαυτοῦ
1693 477 1967 530 τελεσθέν-

2074 478 2298 530 moriam
2331 493 2396 532 eo
2423 493 2482 533 se
2516 488 2768 548 parentes
2806 477 3092 546 Nazareto,
3132 480 3280 534 velut
3305 479 3369 533 ad
3395 482 3644 540 eamdem

395 590 506 636 τος,
543 572 636 625 καὶ
673 569 766 622 τοῦ
798 568 1053 639 δευτέρου
1088 568 1487 640 πληρωθέντος,
1516 565 1678 640 ἦλθον
1715 574 1763 624 oi
1799 574 1972 639 γονεῖς

395 666 574 717 ἐκεῖσε
627 661 734 714 ἀπὸ
785 660 1057 731 Ναζαρὲτ,
1099 660 1174 723 ὡς
1217 662 1297 723 είς
1352 660 1449 732 τὴν
1497 663 1803 733 πανήγυριν
1843 661 1973 716 ταύ-

395 771 495 824 την
531 752 665 824 (28).
700 753 790 805 Διὸ
819 753 910 805 καὶ
955 754 988 823 ἡ
1037 752 1243 814 ἕλευσις
1276 752 1384 806 τῶν
1443 755 1630 824 μάγων
1684 755 1971 825 γεγένηται

396 846 491 898 καὶ
525 843 665 897 κατὰ
708 843 805 914 τὴν
851 843 1105 912 τοιαύτην
1157 845 1476 916 συγκυρίαν.
1515 847 1711 900 Οὐκέτι
1746 846 1874 911 ἴσως
1902 849 1968 919 τῇ

393 934 688 988 καταλύσει
743 935 865 988 τότε
916 935 1014 1005 τῆς
1076 935 1296 1008 Μαρίας
1347 937 1439 989 καὶ
1504 937 1697 1008 Ἰωσὴφ
1745 937 1834 992 διὰ
1874 939 1970 1010 τὴν

395 1028 724 1099 ἀπογραφὴν
773 1029 838 1098 τῇ
891 1027 996 1080 ὑπὸ
1048 1027 1141 1080 τοῦ
1182 1029 1366 1082 Λουκᾶ
1409 1030 1691 1102 εἰρημένῃ.
1742 1032 1816 1084 Οὐ
1864 1032 1970 1102 γάρ

393 1112 565 1188 ηὗραν
593 1121 690 1188 τὴν
717 1119 947 1191 Μαριὰμ
976 1121 1034 1171 ἐν
1062 1118 1144 1190 τῷ
1180 1121 1448 1191 σπηλαίῳ,
1477 1124 1612 1175 ὅπου
1643 1124 1931 1195 ἐγέννησεν
1952 1142 1968 1156 ·

395 1211 531 1264 ἀλλὰ
580 1212 655 1274 ὡς
708 1211 817 1282 ἔχει
866 1209 927 1263 τὸ
975 1213 1325 1280 Εὐαγγέλιον,
1375 1214 1456 1265 ὅτι
1510 1214 1731 1285 ὡδήγει,
1784 1216 1968 1285 φησὶν,

393 1303 592 1365 αὐτοὺς
646 1303 674 1354 6
718 1303 894 1374 ἀστὴρ
931 1303 1058 1374 ἄχρι
1109 1302 1201 1356 τοῦ
1251 1304 1438 1366 τόπου,
1479 1299 1549 1358 οὗ
1606 1304 1686 1373 ἦν
1730 1305 1862 1358 ἐκεῖ
1905 1305 1970 1359 τὸ

395 1394 657 1448 παιδίον.
695 1395 804 1450 Kal
835 1396 1210 1462 εἰσελθόντες
1233 1398 1317 1462 εις
1348 1396 1455 1450 τὸν
1481 1391 1665 1462 οἷκον,
1695 1394 1874 1465 εὗρον
1906 1398 1970 1451 τὸ

389 1486 620 1554 ,βρέφος
654 1487 804 1556 μετὰ
834 1489 1083 1555 Μαρίας,
1123 1486 1311 1540 οὐκέτι
1345 1489 1404 1540 ἐν
1457 1487 1651 1561 φάτνῃ,
1699 1490 1881 1542 οὐκέτι
1914 1493 1970 1543 ἐν

400 1578 670 1648 σπηλαίῳ,
697 1577 811 1630 ἀλλ’
844 1579 902 1630 ἐν
941 1577 1074 1648 οἴκῳ
1095 1593 1108 1607 ·
1155 1577 1244 1630 ἵνα
1271 1579 1484 1650 γνωσθῇ
1519 1582 1617 1649 τῆς
1655 1579 1966 1651 ἁληθείαςή

394 1669 671 1740 ἀκρίϐεια,
704 1670 798 1724 καὶ
827 1669 920 1722 τοῦ
949 1669 1141 1741 χρόνου
1163 1669 1270 1722 τῶν
1301 1669 1394 1724 δύο
1426 1671 1561 1725 ἐτῶν
1585 1672 1646 1725 τὸ
1675 1672 1966 1742 διάστημα,

395 1763 672 1815 τουτέστιν
717 1760 899 1826 ἐξότου
949 1763 1234 1834 ἐγεννήθη,
1262 1763 1366 1826 ἕως
1401 1764 1489 1816 ὅτε
1525 1763 1884 1834 παρεγένοντο
1919 1765 1969 1816 οἱ

2073 570 2469 633 celebritatem,
2517 571 2888 625 contulerunt.
2938 569 3060 638 Quo
3083 577 3328 640 tempore
3361 587 3645 642 magorum

2072 659 2338 714 adventus
2368 659 2638 730 ejusmodi
2671 662 2909 730 quadam
2944 662 3357 732 opportunitate
3392 663 3641 733 contigit.

2074 750 2316 806 Tametsi
2349 768 2457 806 non
2489 753 2544 807 in
2575 754 2766 807 eodem
2796 754 2889 808 illo
2920 752 3170 810 fortassis
3199 754 3499 810 diversorio
3529 771 3646 810 ver-

2073 843 2357 908 sabantur,
2407 845 2465 898 in
2492 859 2599 916 quo
2648 845 2873 900 Mariam
2902 861 2965 900 ac
2983 844 3281 916 Josephum
3322 847 3644 917 descriptio—

2071 935 2158 988 nis
2206 942 2452 1006 tempore
2477 937 2750 992 mansisse
2805 935 2986 1004 Lucas
3037 945 3267 993 testatus
3309 947 3411 992 est.
3460 937 3644 1006 Neque

2071 1027 2216 1082 enim
2260 1026 2485 1081 Mariam
2523 1029 2578 1082 in
2611 1029 2897 1098 spelunca,
2937 1028 3029 1084 ubi
3062 1036 3371 1100 pepererat,
3426 1044 3646 1099 repere-

2069 1126 2234 1186 runt;
2305 1120 2422 1186 sed,
2458 1127 2518 1174 ut
2577 1119 2926 1191 Evangelium
2979 1130 3188 1184 narrat,
3230 1122 3386 1176 stella
3413 1119 3535 1176 illos
3574 1120 3644 1175 ad

2070 1227 2194 1266 eum
2225 1214 2400 1267 locum
2430 1215 2718 1284 perduxit,
2755 1215 2842 1268 ubi
2866 1223 2979 1268 erat
3002 1230 3150 1283 puer.
3176 1213 3244 1266 Et
3267 1215 3525 1268 intrantes
3555 1215 3646 1268 do-

2071 1319 2213 1356 mum
2244 1306 2790 1374 inveneruntpuerum
2837 1322 2956 1359 cum
2993 1305 3175 1360 Maria
3203 1309 3241 1372 ¹,
3282 1323 3386 1361 non
3421 1309 3472 1360 in
3503 1323 3641 1376 prte-

2072 1395 2206 1465 sepi,
2245 1397 2325 1450 vel
2348 1396 2402 1451 in
2434 1399 2716 1467 spelunca,
2747 1398 2842 1453 sed
2879 1399 2931 1452 in
2960 1399 3123 1453 domo
3173 1401 3407 1460 scilicet,
3457 1408 3516 1454 ut
3546 1415 3642 1456 ac-

2070 1493 2260 1538 curata
2301 1485 2376 1540 rei
2412 1489 2638 1548 veritas,
2671 1503 2733 1542 ac
2757 1488 2964 1542 biennii
2994 1489 3338 1544 intervallum
3365 1493 3642 1562 exprime-

2071 1582 2239 1640 retur,
2280 1576 2424 1646 quod
2454 1578 2522 1632 ab
2545 1580 2662 1648 ejus
2702 1580 2871 1633 natali
2917 1571 2983 1633 ad
3025 1595 3306 1650 magorum
3351 1583 3640 1637 adventum

2070 1663 2377 1726 eﬂluxerat.
2423 1667 2623 1723 Eadem
2661 1670 2750 1724 illa
2785 1687 2914 1726 vero
2953 1680 3132 1737 nocte,
3179 1673 3395 1727 duobus
3431 1690 3460 1728 a
3500 1677 3646 1729 nati~

2071 1757 2238 1814 vitate
2293 1761 2451 1814 annis
2482 1763 2707 1832 elapsis,
2749 1766 2975 1835 angelus
3010 1767 3284 1836 apparuit,
3320 1781 3382 1821 ac
3413 1783 3642 1837 puerum

399 1852 584 1923 μάγοι.
625 1852 733 1906 Kal.
763 1854 881 1906 κατ’
911 1853 1122 1924 ἐκείνην
1152 1853 1250 1924 τὴν
1278 1853 1449 1908 νύκτα
1479 1853 1617 1924 μετὰ
1637 1853 1728 1907 δύο
1751 1853 1842 1926 ἔτη
1869 1855 1969 1924 τῆς

2072 1865 2196 1904 cum
2229 1859 2402 1907 matre
2428 1855 2484 1908 in
2515 1862 2717 1910 terram
2766 1855 2987 1928 ZEgypti
3030 1859 3197 1928 jussit
3221 1859 3516 1914 abducere.
3557 1859 3645 1913 ld-

397 1945 702 2015 γεννήσεως
730 1943 884 2016 ὤφθη
915 1945 944 1997 6
985 1944 1233 2014 ἄγγελος,
1269 1946 1360 1999 καὶ
1399 1943 1518 1999 εἷπε
1552 1947 1883 2017 παραλαϐεῖν
1911 1948 1970 2001 τὸ

397 2037 607 2089 παιδίον
642 2037 734 2089 καὶ
759 2035 858 2108 τὴν
894 2036 1105 2108 μητέρα
1137 2039 1216 2101 εἰς
1243 2038 1346 2108 γῆν
1388 2037 1682 2107 Αἰγύπτου.
1719 2038 1810 2090 Διὸ
1844 2039 1971 2091 οὐκ·

395 2129 478 2182 ἐτι
521 2129 718 2200 Ἰωσὴφ
763 2129 1111 2200 ἀνακάμπτει
1152 2130 1232 2194 είς
1276 2129 1554 2200 Ναζαρὲτ,
1606 2129 1741 2183 ἀλλὰ
1787 2131 1969 2185 ἀποδι-

396 2221 622 2293 δράσκει
652 2221 768 2290 ἅμα
800 2221 878 2293 τῷ
920 2221 1091 2286 παιδὶ,
1126 2221 1221 2275 καὶ
1266 2224 1333 2294 τῇ
1373 2223 1541 2294 μητρὶ
1573 2221 1736 2275 αὐτοῦ
1768 2225 1846 2286 είς
1872 2223 1968 2275 Αί-

393 2331 621 2383 γυπτον,
656 2315 749 2368 καὶ
784 2314 918 2368 ἄλλα
959 2314 1052 2369 δύο
1097 2313 1191 2386 ἐτη
1223 2317 1368 2368 ποιεῖ
1406 2317 1585 2369 ἐκεῖσε
1609 2333 1621 2345 ·
1658 2317 1754 2369 καὶ
1800 2315 1972 2380 οὕτως

397 2406 559 2460 πάλιν
590 2408 618 2460 ὁ
661 2406 888 2475 ἄγγελος
931 2406 1069 2477 μετὰ
1123 2407 1223 2478 τὴν
1269 2407 1363 2460 τοῦ
1429 2407 1671 2479 Ἡρώδου
1718 2407 1974 2478 τελευτὴν

394 2497 710 2568 ἐπιστρέφει
747 2497 838 2550 τὸν
868 2497 1030 2550 αὑτὸν
1070 2499 1127 2551 ἐν
1159 2501 1224 2568 τῇ
1267 2497 1514 2569 Ἰουδαίᾳ.

412 2641 419 2650 ,
469 2592 524 2643 1’.
568 2589 656 2660 Τῷ
690 2588 797 2661 γὰρ
829 2588 1134 2661 τριακοστῷ
1167 2590 1335 2660 τρίτῳ
1374 2589 1484 2660 (29)
1525 2589 1633 2643 ἔτει
1663 2589 1758 2642 τοῦ
1797 2589 1972 2661 Ἦριὶι-

396 2679 488 2733 δου
536 2682 790 2748 γεννᾶται
835 2681 864 2732 6
916 2679 1151 2752 Κύριοςο
1201 2681 1506 2752 τριακοστῷ
1539 2681 1774 2753 πέμπτῳ
1814 2677 1974 2752 ἦλθον

393 2773 448 2825 οἱ
487 2772 682 2843 μάγοι·
718 2771 1021 2842 τριακοστῷ
1065 2772 1277 2844 ἑϐδόμῳ
1323 2773 1431 2826 ἔτει
1463 2773 1688 2845 τελευτᾷ
1732 2775 1760 2826 6
1804 2772 1976 2846 Ἡρώ-

397 2863 496 2934 δης
517 2881 530 2893 ·
571 2863 664 2916 καὶ
691 2863 991 2934 διαδέχεται
1041 2864 1328 2935 Ἀρχέλαος
1376 2865 1490 2928 υίὸς
1530 2865 1702 2918 ἀὐτοῦ
1732 2865 1792 2918 τὸ
1824 2865 1977 2936 βασί-

399 2955 563 3017 λειον,
597 2957 827 3027 ποιήσας
879 2954 975 3027 ἔτη
1024 2957 1179 3009 ἐννέα
1228 2955 1547 3026 βασιλεύων,
1587 2957 1838 3028 καθάπερ
1887 2975 1976 3029 μοι

403 3048 464 3100 ἐν
513 3045 690 3110 ἄλλοις
736 3048 922 3111 τόποις
965 3048 1197 3119 εἴρηται.
1262 3048 1628 3120 Ἀνεχώρησεν
1670 3045 1763 3103 οὖν
1815 3048 1978 3102 ἀκού-

402 3154 502 3201 σας
530 3136 659 3209 περὶ
696 3137 1008 3208 Ἀρχελάου,
1045 3140 1138 3193 καὶ
1171 3137 1340 3192 ἐλθὼν
1373 3139 1692 3210 κατῴκησεν
1743 3141 1821 3203 είς
1862 3141 1975 3193 Να-

397 3222 586 3296 ζαρέτ.
639 3226 748 3278 Καὶ
794 3227 1002 3280 ἐκεῖθεν
1046 3227 1207 3280 πάλιν
1250 3229 1368 3281 κατ’
1396 3229 1515 3291 ἔτος
1553 3229 1705 3299 ἀνῄει
1739 3231 1818 3292 είς
1879 3228 1976 3281 Ἱε-

402 3317 705 3390 ρουσαλήμ.
767 3317 931 3389 Ὁρᾷς
989 3319 1088 3389 ὅση
1133 3319 1391 3389 τυγχάνει
1451 3317 1704 3388 ἀκρίϐεια
1754 3320 1812 3371 ὲν
1861 3321 1974 3382 τοῖς

399 3407 564 3471 θείοις
598 3406 948 3476 Εύαγγελίοις
994 3408 1121 3477 περὶ
1164 3407 1400 3478 ἑκάστης
1445 3405 1864 3477 πραγματείας;
1910 3405 1972 3458 Οί

402 3498 459 3554 δὲ
489 3499 683 3570 ἀγνοίᾳ.
719 3499 1027 3570 φερόμενοι,
1058 3498 1149 3553 τὸν
1187 3498 1395 3552 ἑαυτῶν
1426 3497 1550 3551 νοῦν
1585 3497 1970 3561 σκοτώσαντες,

395 3591 500 3644 οὐκ
529 3593 677 3644 ῐσασι
703 3591 764 3644 τὸ
793 3590 944 3654 τέλος
977 3591 1207 3644 ἑκάστου
1239 3591 1398 3660 λόγου
1418 3607 1431 3620 ·
1459 3589 1596 3643 ἀλλὰ
1623 3589 1808 3652 άπλῶς
1833 3587 1973 3642 κατὰ

392 3686 509 3736 των
557 3682 728 3750 ἁγίων
785 3682 1068 3754 ἐπαίρουσι
1117 3681 1178 3734 τὸ
1233 3682 1426 3752 στόμα,
1477 3683 1572 3736 καὶ
1621 3680 1824 3753 χαλῶσι
1873 3681 1972 3752 τὴν

400 3773 667 3842 γλῶτταν,
709 3774 874 3844 μηδὲν
916 3774 1013 3844 μέν
1060 3773 1306 3840 λέγοντες
1347 3775 1404 3827 ἐν
1452 3773 1699 3845 ἀληθείᾳ,
1749 3773 1973 3836 ἑαυτοὺς

393 3864 458 3918 δὲ
487 3865 585 3935 τῆς
616 3864 758 3936 ζωῆς
788 3864 1206 3935 ἁλλοτριοῦντες.

477 4046 669 4100 Ἔνθεν
717 4043 809 4099 οὖν
851 4049 880 4101 ό
922 4047 1155 4109 Λουκᾶς,
1225 4047 1360 4116 μετὰ
1406 4046 1468 4099 τὸ
1510 4046 1864 4116 διηγήσασθαι
1905 4047 1972 4100 τὰ

403 4137 628 4209 πρῶτα,
684 4139 846 4191 πάλιν
896 4137 1075 4206 λέγει,
1137 4137 1253 4200 πῶς
1308 4138 1365 4190 ἐν
1411 4137 1491 4208 τῷ
1539 4137 1823 4209 δωδεκάτῳ
1866 4138 1973 4190 ἔτει

405 4229 632 4300 ἀνῆλθεν
660 4231 738 4292 είς
781 4229 1164 4301 Ἰερουσαλήμ·
1217 4229 1302 4282 ἵνα
1351 4227 1429 4299 μὴ
1461 4228 1770 4301 παραλείψει
1812 4229 1974 4282 τόπον

403 4325 515 4387 τοῖς
555 4321 833 4392 νομίσασιν
861 4320 1019 4373 αὑτὸν
1049 4319 1234 4383 ἁπλῶς
1260 4319 1425 4389 ἄνδρα
1453 4319 1653 4372 τέλειον
1692 4321 1750 4373 ἐν
1788 4321 1975 4392 κόσμῳ

400 4413 722 4483 πεφηνέναι,
759 4412 852 4466 καὶ
884 4413 962 4476 είς
991 4411 1080 4465 τὸν
1126 4411 1395 4482 Ἰορδάνην
1427 4410 1563 4482 πρὸς
1587 4410 1678 4464 τὸν
1725 4411 1975 4478 Ἰωάννην

2072 1941 2220 1994 circo
2248 1958 2357 1997 non
2415 1944 2529 2014 jam
2588 1944 2918 2001 Nazaretum
2968 1947 3244 2020 Josephus
3299 1951 3640 2021 regreditur;

2071 2035 2168 2089 sed
2217 2051 2343 2090 cum
2400 2053 2570 2107 puero
2603 2055 2666 2093 ac
2693 2047 2868 2096 matre
2903 2041 3038 2112 fugit
3088 2042 3145 2097 in
3193 2041 3509 2114 Egyptum,
3549 2045 3642 2100 ubi

2072 2125 2293 2182 biennio
2321 2129 2490 2184 altero
2521 2141 2896 2188 commoratus
2930 2143 3014 2190 est
3042 2151 3058 2201 ;
3116 2143 3279 2206 atque
3311 2138 3384 2190 ita
3421 2153 3642 2193 rursum

2073 2227 2196 2286 post
2220 2217 2449 2276 Herodis
2467 2222 2674 2276 obitum
2699 2225 2924 2296 angelus
2947 2227 3220 2292 eumdem,
3244 2237 3302 2283 ut
3325 2229 3380 2283 in
3401 2228 3642 2285 Judaaam

2073 2310 2295 2378 rediret,
2327 2313 2626 2371 admonuit.

2143 2571 2304 2643 432
2339 2571 2408 2626 Χ.
2441 2572 2651 2643 Quippe
2678 2591 2851 2630 χχχιιι
2885 2575 3118 2635 Herodis
3146 2596 3293 2636 anno
3342 2591 3506 2639 natus
3558 2596 3645 2642 est

2076 2662 2357 2730 Dominus,
2390 2667 2745 2738 ejusdemque
2784 2686 2928 2724 xxxv
2953 2673 3093 2742 magi
3123 2684 3410 2730 venerunt.
3443 2677 3647 2736 Deinde

2077 2771 2263 2810 xxxvii
2307 2757 2523 2827 imperii
2563 2775 2708 2815 anno
2745 2763 2979 2817 moritur
3011 2762 3275 2830 Herodes,
3301 2770 3392 2822 cui
3425 2786 3644 2827 succes-

2077 2847 2148 2901 sit
2179 2847 2510 2915 Archelaus,
2546 2850 2702 2920 isque
2730 2866 2924 2906 novem
2956 2856 3200 2924 regnavit
3227 2860 3407 2922 annis,
3446 2869 3505 2913 ut
3537 2862 3646 2916 alio

2077 2950 2107 2988 a
2139 2951 2225 2990 me
2253 2937 2373 2990 loco
2401 2937 2606 2991 dictum
2647 2940 2888 2994 memini.
2924 2941 3104 3008 Quare
3135 2959 3260 2999 cum
3284 2946 3352 3002 de
3376 2948 3646 3005 Archelao

2079 3028 2405 3097 accepisset,
2460 3032 2691 3086 recessit
2734 3031 3044 3104 Josephus,
3098 3051 3162 3090 ac
3211 3053 3270 3094 se
3318 3039 3643 3098 Nazaretum

2078 3119 2362 3175 habitandi
2396 3135 2562 3177 causa
2584 3125 2838 3179 contulit.
2873 3125 3028 3182 Unde
3060 3131 3357 3198 quotannis
3388 3131 3646 3191 Hieroso—

2077 3210 2274 3281 lymam
2308 3211 2582 3280 proﬁcisci
2609 3223 2988 3270 consueverat.
3030 3219 3190 3276 Vides
3231 3231 3435 3291 quanta
3473 3228 3545 3280 sit
3587 3230 3641 3282 in

2077 3303 2257 3356 sacris
2283 3301 2592 3371 Evangeliis
2625 3305 2916 3374 cujuslibet
2949 3307 3028 3363 rei
3055 3312 3342 3368 narranda;
3371 3331 3646 3388 quamque

2075 3403 2333 3449 accurata
2364 3395 2692 3464 diligentia?
2721 3396 2791 3452 At
2841 3399 2931 3455 isti
2978 3401 3282 3472 ignorantia
3313 3407 3465 3470 caeci,
3505 3424 3646 3476 quo-

2075 3500 2195 3538 rum
2246 3493 2331 3540 est
2379 3487 2620 3543 tenebris
2674 3488 2913 3544 obducta
2972 3508 3158 3559 mens,
3210 3497 3646 3570 uniuscujusque

2074 3576 2410 3631 narrationis
2452 3578 2655 3631 exitum
2692 3580 2978 3649 ignorant;
3032 3584 3127 3639 sed
3154 3585 3424 3644 adversus
3463 3605 3644 3644 sacro-

2073 3677 2263 3723 sancta
2305 3683 2535 3739 qumque
2579 3684 2642 3723 os
2683 3685 2842 3726 suum
2882 3683 3205 3745 arroganter
3241 3680 3530 3748 extollunt,
3578 3697 3645 3738 ac

2073 3762 2315 3832 linguam
2368 3761 2651 3826 relaxant,
2686 3764 2824 3819 adeo
2866 3775 2922 3820 ut
2964 3783 3138 3837 neque
3183 3771 3295 3824 veri
3345 3772 3641 3842 quidquam

2071 3853 2322 3918 aderant,
2355 3859 2410 3907 et
2440 3867 2470 3906 a
2498 3853 2606 3908 vita
2639 3854 2996 3914 nihilominus
3024 3873 3087 3913 ac
3121 3860 3294 3916 salute
3321 3867 3644 3936 semetipsos

2070 3947 2332 4002 alienent.

2143 4036 2275 4094 Post
2298 4039 2413 4093 haec
2445 4037 2623 4094 Lucas
2661 4039 2751 4092 ubi
2790 4053 2977 4109 priora
3019 4053 3344 4110 persecutus
3387 4052 3494 4109 est,
3544 4059 3643 4100 ex-

2074 4131 2228 4199 ponit
2277 4131 2734 4200 quemadmodum
2787 4146 2933 4185 anno
2975 4148 3050 4186 xu
3098 4133 3480 4207 Hierosolyma
3521 4153 3645 4207 per-

2075 4221 2300 4284 rexerit,
2336 4236 2403 4276 ne
2430 4237 2592 4290 quem
2624 4222 2842 4276 illorum
2873 4223 3049 4277 errori
3083 4224 3261 4278 locum
3287 4226 3643 4298 relinqueret,

2075 4314 2167 4381 qui
2201 4313 2352 4367 illum
2383 4314 2631 4368 arbitrati
2660 4323 2790 4370 sunt
2814 4314 3053 4384 perfecta
3085 4332 3148 4371 ac
3176 4318 3319 4372 virili
3343 4318 3458 4388 jam
3486 4325 3646 4374 aetate

2075 4405 2131 4458 in
2169 4405 2372 4458 mundo
2412 4413 2632 4474 repente
2661 4405 2832 4461 fuisse
2864 4416 3219 4477 conspectum
3253 4427 3267 4464 :
3296 4409 3479 4481 itaque
3507 4427 3643 4466 con-

404 4504 595 4572 ἡκέναι
620 4520 633 4533 ·
669 4503 743 4566 ὡς
771 4500 1047 4572 ὑπεδληθη
1078 4500 1186 4553 ὑπὸ
1213 4500 1510 4571 Κηρίνθου,
1560 4500 1652 4553 καὶ
1702 4500 1970 4565 Ἑϐίωνος,

2078 4497 2330 4552 veniendi
2380 4495 2605 4551 Joannis
2638 4498 2811 4568 gratia
2867 4499 2934 4552 ad
2991 4497 3282 4558 Iordanem
3318 4505 3640 4570 accessisse,

405 4595 499 4648 καὶ
522 4594 629 4647 τῶν
662 4593 854 4648 ἄλλων.
887 4593 1066 4655 Δεινὸς
1095 4593 1204 4665 γάρ
1233 4591 1356 4661 ὄφις
1387 4591 1666 4664 σκαληνῶς
1686 4592 1975 4646 διαϐαίνων

405 4689 465 4742 ἐν
499 4689 597 4758 μιᾷ
628 4687 820 4760 γνώμῃ
851 4687 947 4757 οὐχ
995 4687 1242 4739 ἵσταται·
1281 4685 1416 4739 ἀλλὰ
1452 4689 1560 4749 τοῖς
1601 4686 1700 4753 μὲν
1730 4687 1876 4738 δοκεῖ
1917 4688 1980 4740 ἐκ

409 4780 752 4852 παρατριϐἧς
786 4781 880 4832 καὶ
930 4778 1240 4848 σπέρματος
1269 4779 1461 4848 ἀνδρὸς
1492 4778 1835 4848 γεγενῆσθαι,
1867 4782 1980 4842 τοῖς

401 4872 451 4925 δ’
491 4872 668 4936 ἄλλοις
700 4872 884 4935 ἁπλῶς
927 4871 1209 4942 ἄνθρωπος
1254 4871 1568 4942 πεφηνέναι.
1612 4872 1702 4924 Διὸ
1747 4871 1886 4925 κατὰ
1920 4873 1981 4924 τὸ

407 4962 600 5015 λεπτὸν
628 4962 694 5014 τὰ
728 4963 904 5015 πάντα
936 4961 1278 5031 διηγούμενοι
1323 4963 1370 5014 οἱ
1414 4961 1556 5029 ἅγιοι
1590 4962 1971 5031 εύαγγελισταὶ

408 5050 841 5125 ἀκριϐόλογοῦσι.
887 5051 995 5104 Καὶ
1029 5051 1188 5120 φύσει
1217 5054 1244 5106 6
1287 5053 1500 5115 Λουκᾶς
1543 5051 1618 5114 ὡς
1647 5052 1754 5105 άπὸ
1796 5053 1974 5106 κάτω-

401 5144 499 5198 θεν
527 5147 618 5198 ἐπὶ
641 5144 709 5197 τὰ
739 5144 851 5198 ἄνω
879 5143 1162 5212 ἀναφέρων
1188 5143 1289 5214 τὴν
1316 5143 1550 5196 διάνοιαν
1576 5143 1808 5198 φάσκει·
1853 5137 1974 5197 Ἦν
2011 5212 2015 5216 ,

478 5303 498 5333 ⁸
528 5301 715 5356 Matth.
737 5317 796 5366 ιι,
825 5300 880 5366 9,
905 5298 993 5352 11.

407 5458 670 5528 geliorum
700 5456 1000 5528 interpres;
1035 5467 1133 5508 nec
1163 5451 1283 5528 ideo
1299 5457 1478 5528 tamen
1505 5452 1712 5528 tantum
1730 5461 1967 5528 comme-

404 5519 536 5590 ruit,
574 5537 634 5581 ut
681 5542 710 5579 a
762 5519 1083 5597 Casaubono
1115 5529 1222 5597 tam
1269 5520 1622 5597 inclementer
1668 5519 1967 5597 acuputiale

407 5589 712 5660 notaretur,
739 5605 790 5650 et
815 5593 1300 5667 ivirulentissimus,
1325 5605 1387 5642 ac
1413 5589 1966 5667 maledicentissimus

409 5657 1037 5738 scriptor,appellaretur
1086 5663 1140 5738 in
1183 5661 1275 5714 illo
1295 5673 1488 5738 _opere,
1515 5657 1662 5738 quod
1680 5660 1869 5738 ipsum
1899 5673 1965 5712 ex

411 5727 1016 5807 viru'lcntis'ealumniis
1046 5744 1096 5788 et
1121 5727 1395 5807 haereticis
1449 5727 1800 5807 opinionibus
1832 5742 1964 5783 con-

406 5813 616 5864 textum
646 5809 906 5861 adversus
939 5803 1274 5858 Baronianos
1297 5795 1527 5854 Annales
1551 5795 1760 5855 eﬂudit.
1862 5873 1865 5875 _

737 5897 1008 5958 PATROL.
1054 5893 1173 5954 Gn.
1218 5890 1384 5953 XLI.

2077 4604 2199 4659 quae
2228 4589 2333 4642 fuit
2388 4586 2658 4652 Cerinthi,
2717 4587 2966 4655 Ebionis,
3040 4599 3094 4645 et
3151 4592 3384 4647 aliorum
3434 4594 3639 4664 opinio.

2080 4678 2365 4745 Siquidem
2393 4680 2626 4734 callidus
2663 4679 2752 4734 ille
2776 4695 3002 4750 serpens
3027 4682 3265 4754 obliquis
3290 4685 3515 4742 ﬂexibus
3543 4689 3645 4742 ad-

2077 4787 2296 4841 repens,
2360 4770 2496 4826 nihil
2539 4786 2708 4825 unum
2737 4787 2801 4828 ac
2835 4782 3097 4831 constans
3125 4777 3345 4831 asserit.
3385 4776 3493 4834 Sed
3519 4781 3643 4837 aliis

2075 4865 2254 4934 placet
2273 4879 2341 4918 ex
2375 4864 2664 4933 utriusque
2713 4863 3098 4934 conjunctione
3152 4883 3338 4934 sexus,
3386 4883 3452 4924 ac
3494 4870 3641 4925 virili

2079 4957 2288 5012 semine
2311 4955 2588 5011 Christum
2631 4970 2754 5010 esse
2779 4966 3146 5025 procreatum.
3189 4960 3292 5013 Alii
3326 4962 3648 5031 simpliciter
3681 4989 3684 4991 -

2079 5047 2369 5105 hominem
2390 5047 2712 5118 apparuisse
2739 5053 3011 5117 statuunt.
3043 5051 3173 5116 Quae
3198 5067 3366 5108 causa
3412 5055 3516 5108 fuit
3545 5071 3647 5110 cur

2081 5140 2360 5196 subtiliter
2416 5147 2784 5211 accurateque
2837 5141 3019 5195 omnia
3068 5146 3246 5198 sancti
3299 5147 3650 5217 evangelista:

2137 5445 2249 5516 (28)
2279 5449 2370 5524 Ὠς
2386 5451 2473 5516 εὶς
2489 5451 2604 5524 τὴν
2621 5466 2780 5519 παν-η
2789 5472 2959 5524 γυριν
2974 5457 3219 5524 ταύτην.
3241 5455 3412 5521 Quam
3432 5455 3650 5512 tandem

2061 5517 2153 5600 hic
2189 5523 2498 5606 πανήγυριν
2531 5517 2805 5606 intelligat
2829 5517 3038 5606 nescio.
3068 5517 3298 5606 Videtur
3323 5526 3428 5580 loci
3474 5527 3648 5606 illius,

2062 5591 2118 5641 in
2147 5602 2255 5654 quo
2283 5599 2444 5645 natus
2466 5600 2583 5645 erat
2643 5591 2924 5659 Dominus,
2960 5597 3286 5651 celebratam
3329 5595 3652 5652 memoriam

2063 5661 2371 5718 πανήγυριν
2406 5663 2702 5718 aDDellare.

2063 5672 2171 5712 παν
2211 5677 2371 5732 γυριν
2406 5676 2435 5714 a
2479 5672 2702 5732 peuare.

2133 5672 2246 5806 (22))
2287 5729 2370 5797 Τῷ
2401 5677 2510 5801 γάρ
2542 5735 2872 5802 τριακοστῷ
2896 5737 3084 5806 τρίτῳ.
3117 5733 3190 5792 De
3225 5737 3310 5791 his
3339 5738 3648 5794 accuratius

2063 5801 2227 5878 paulo
2258 5808 2384 5872 post
2417 5817 2660 5874 agemus.

3241 5897 3322 5957 529
