4176 6386
614 374 717 427 807

2021 379 2078 434 S.
2121 379 2463 438 EPlPllANll

3768 386 3878 443 908

612 487 891 542 narrando
928 488 1198 559 complexi
1248 487 1379 545 sint.
1428 488 1705 559 Praecipue
1738 488 1912 545 Lucas
1942 492 2181 545 animum

2292 496 2360 547 δὲ
2415 498 2643 563 Ἰησοῦς
2678 498 3010 567 ἀρχόμενος
3041 492 3193 550 εἶναι
3229 496 3310 562 ὡς
3353 494 3502 549 ἐτῶν
3533 496 3876 569 τριάκοντα,

612 581 681 631 ah
728 579 1081 636 inferioribus
1138 580 1205 635 ad
1255 582 1542 652 superiora
1583 582 1825 637 referens
1860 584 1931 636 ita
1958 584 2187 639 scribit:

613 669 682 722 Et
725 681 840 723 erat
882 670 1039 725 Iesus
1085 673 1336 739 incipiens
1388 690 1499 727 esse
1545 676 1699 743 quasi
1750 691 2008 727 annorum
2044 692 2189 743 xxx;

614 762 779 828 ﬁlius,
811 772 865 813 ut
896 764 1207 828 putabatur,
1256 763 1447 831 Ioseph
1474 764 1513 816 ¹.
1554 765 1707 828 Quod
1754 774 1931 818 autem
1990 767 2194 821 solum-

617 853 779 906 n;odo
820 863 1063 921 putatur,
1099 855 1324 908 minime
1373 863 1456 908 est
1502 856 1703 923 reipsa.
1756 854 1860 909 Sed
1900 858 2072 926 patris
2108 856 2192 908 vi-

615 958 733 997 cem
766 942 1031 1013 Josephus
1070 945 1290 1015 gerebat
1336 946 1425 999 ille
1470 947 1709 1016 quidem,
1754 948 1898 1016 quod
1949 949 2021 1000 ita
2084 946 2195 1001 Deo

612 1036 933 1104 placuerat:
964 1046 1121 1106 pater
1166 1053 1297 1092 vero
1350 1054 1459 1092 non
1500 1047 1653 1105 erat;
1688 1047 1746 1093 ut
1784 1041 1877 1110 qui
1913 1055 2193 1109 nunquam

612 1145 672 1184 se
697 1144 822 1183 cum
858 1129 1038 1195 Maria
1094 1131 1414 1200 copularat;
1470 1131 1574 1184 nisi
1618 1131 1763 1200 quod
1808 1131 1954 1185 illius
1984 1131 2063 1183 vir
2101 1145 2195 1202 ap-

612 1222 847 1291 pellatus
874 1232 977 1288 est,
1018 1222 1164 1292 quod
1200 1237 1320 1277 eam
1348 1238 1514 1277 senex
1545 1222 1815 1288 duxisset,
1848 1239 1989 1277 anno
2015 1226 2192 1278 aetatis

611 1312 735 1380 plus
786 1312 969 1367 minus
1016 1327 1179 1375 Lxxx,
1231 1327 1356 1366 cum
1410 1311 1523 1382 jam
1580 1313 1784 1368 liberos
1826 1329 1920 1368 sex
1959 1328 1989 1368 e
2020 1313 2190 1382 priori

617 1404 847 1473 conjuge
878 1404 1221 1469 sustulisset;
1252 1404 1391 1458 hanc
1422 1419 1551 1458 vero
1592 1406 1947 1474 posteriorem
1990 1405 2177 1474 singu-

610 1500 715 1553 lari
750 1500 840 1555 Dei
875 1501 1217 1569 providentia
1251 1502 1377 1565 sibi,
1422 1509 1481 1554 ut
1509 1502 1617 1556 alio
1652 1502 1771 1555 loco
1803 1500 1982 1555 fusius
2006 1500 2192 1570 dispu-

2298 587 2383 639 ῶν
2434 589 2582 653 υἱὸς,
2623 590 2703 655 ὡς
2740 588 3056 659 ἐνομίζετο,
3098 589 3202 642 τοῦ
3245 589 3485 658 Ἰωσήφ.
3526 592 3599 643 Τὸ
3627 591 3682 644 δὲ
3723 599 3881 663 νομι-

2301 674 2485 739 ζεσθαι
2520 678 2618 730 οὐκ
2645 678 2858 749 άληθῶς
2890 681 3035 731 ἐστιν
3055 695 3069 707 ·
3108 678 3242 731 ἀλλὰ
3276 680 3333 732 ὲν
3359 679 3507 745 τάξει
3542 680 3640 749 μὲν
3671 683 3881 749 πατρὸς

2300 768 2593 837 ἐτύγχανεν
2622 773 2649 822 6
2696 772 2912 841 Ἰωσὴφ,
2943 770 3029 823 διὰ
3057 771 3117 824 τὸ
3143 770 3315 835 οὕτως
3348 772 3425 840 τῷ
3453 772 3570 841 Θεῷ
3596 772 3838 845 δεδόχθαι
3858 790 3873 802 ³

2300 863 2399 913 οὐκ
2425 858 2493 932 ἦν
2523 862 2580 915 δὲ
2622 864 2824 935 πατὴρ,
2858 866 2885 916 6
2940 865 3014 935 μὴ
3060 865 3193 936 πρὸς
3227 865 3323 936 τὴν
3356 866 3589 936 Μαριὰμ
3628 866 3877 936 ἐσχηκὼς

2300 954 2613 1020 συνάφειαν,
2645 955 2677 1025 ἢ
2724 956 2882 1025 μόνον
2922 957 3003 1008 ὅτι
3031 956 3168 1026 ἀνὴρ
3199 956 3421 1026 ἐκλήθη,
3455 956 3541 1008 διὰ
3572 956 3633 1007 τὸ
3664 972 3876 1025 μεμνη-

2298 1042 2517 1096 στεῦθαι
2566 1046 2872 1116 πρεσϐύτης
2907 1047 3040 1117 (50),
3075 1047 3213 1099 ἑτῶν
3245 1049 3571 1119 ὀγδοήκοντα
3593 1049 3877 1117 τυγχάνων

2297 1135 2524 1206 πλείωῆ
2558 1137 2791 1201 ἐλάσσω,
2828 1140 2921 1191 καὶ
2965 1138 3103 1209 ἔχων
3149 1142 3295 1203 υἱοὺς
3344 1140 3402 1205 ἓξ
3439 1140 3542 1193 ἀπὸ
3581 1141 3675 1209 τῆς
3708 1140 3875 1202 ὅντως

2293 1228 2458 1280 αὑτοῦ
2491 1230 2738 1299 γαμετῆς
2769 1230 3015 1301 πρώτης,
3049 1232 3147 1301 τὴν
3169 1231 3223 1283 δὲ
3254 1232 3320 1284 δι’
3348 1232 3654 1302 οἰκονομίαν
3684 1247 3874 1301 παρει-

2292 1318 2499 1387 ληφὼς,
2532 1321 2607 1384 ὡς
2651 1322 2746 1375 καὶ⁵
2772 1321 2908 1395 ἄλλῃ
2944 1339 3046 1375 που
3092 1322 3481 1394 ἀκριϐέστερον
3528 1325 3655 1394 περὶ
3683 1322 3871 1375 τούτου

2304 1410 2537 1481 διῆλθον.
2568 1413 2693 1475 Πῶς
2722 1409 2813 1466 οὖν
2843 1415 2871 1466 ὁ
2912 1413 2985 1485 μὴ
3007 1414 3144 1484 ἔχων
3178 1416 3473 1485 συνάφειαν
3500 1415 3678 1487 πατὴρ
3706 1413 3870 1468 αὑτοῦ

2296 1504 2538 1575 ὑπῆρχεν
2560 1522 2574 1570 ;
2607 1507 2743 1578 ὅπερ
2786 1507 3062 1562 ἀδύνατον.

610 1599 811 1651 tamus,
860 1592 1163 1647 ascivisset.
1214 1592 1318 1658 Qui
1360 1593 1533 1662 igitur
1577 1592 1784 1646 nullum
1820 1608 1943 1647 eum
2009 1598 2185 1646 matre
2234 1596 2689 1651 consuetudinem
2736 1597 3026 1664 habuerat,
3068 1601 3161 1670 qui
3230 1600 3326 1655 filii
3384 1608 3538 1671 pater
3594 1616 3716 1657 esse
3769 1614 3870 1670 po-

608 1685 751 1737 tuit?
788 1682 931 1737 Fieri
964 1683 1108 1738 istud
1137 1683 1361 1737 omnino
1399 1698 1506 1737 non
1538 1692 1737 1753 potest.

678 1780 773 1835 Xl.
814 1781 883 1834 At
912 1782 1056 1835 enim
1092 1781 1243 1835 dices
1280 1799 1290 1833 :
1328 1779 1439 1834 Cur
1469 1797 1599 1849 ergo
1628 1783 1709 1833 vir
1750 1782 1898 1835 illius
1950 1781 2181 1851 appella-

2366 1781 2467 1833 lA'.
2524 1779 2681 1832 Ἀλλὰ
2729 1780 2876 1851 ἐρεῖς
2912 1797 3035 1851 μοι·
3086 1780 3210 1844 Πῶς
3254 1776 3345 1834 οὖν
3375 1782 3512 1853 ἁνηρ
3553 1801 3719 1856 αυτης
3748 1788 3869 1840 ἐκέ-

609 1879 699 1926 tus
724 1879 829 1933 est,
877 1872 1127 1942 nisieam
1175 1873 1488 1927 obtineret?
1526 1872 1629 1938 Qui
1666 1874 1747 1927 sic
1792 1874 2024 1937 dubitat,
2059 1873 2187 1943 quid

608 1966 695 2018 lex
742 1973 903 2019 vetus
931 1963 1093 2017 ferret
1124 1965 1337 2035 ignorat
1368 1982 1379 2017 :
1412 1964 1571 2035 433
1607 1965 1865 2018 nimirum
1922 1967 2068 2019 enim
2121 1982 2187 2019 ex

572 2070 575 2073 '
609 2073 720 2127 quo
766 2057 887 2110 viro
921 2056 1125 2111 femina
1156 2056 1427 2126 desponsa
1456 2057 1655 2120 fuerat,
1685 2058 1800 2111 sive
1837 2058 1990 2129 virgo
2020 2066 2185 2121 esset,

610 2151 725 2204 sive
761 2157 983 2219 paterna
1011 2148 1188 2203 adhuc
1215 2151 1267 2202 in
1302 2149 1466 2203 domo
1510 2148 1747 2219 degeret,
1782 2150 1999 2203 nomine
2026 2158 2189 2204 tenus

608 2257 747 2295 uxor
796 2240 1103 2294 dicebatur.
1153 2240 1333 2305 Quare
1367 2242 1594 2310 angelus
1621 2241 1701 2295 sic
1730 2239 2025 2311 Josephum
2056 2242 2187 2294 allo-

607 2336 835 2403 quitur:
876 2334 1000 2405 Noli
1038 2336 1218 2387 timere
1261 2334 1495 2401 accipere
1536 2334 1807 2402 conjugem
1844 2342 1989 2385 tuam
2014 2336 2056 2387 '.
2109 2335 2186 2387 Ac

607 2446 675 2485 ne
703 2430 825 2499 quis
858 2445 1101 2483 errorem
1147 2430 1203 2483 in
1253 2428 1563 2497 Evangeliis
1590 2428 1760 2481 ullum
1790 2443 1912 2482 esse
1939 2425 2186 2495 suspice-

607 2530 696 2574 tur
726 2542 736 2574 :
772 2531 855 2575 est
889 2521 1031 2573 enim
1072 2520 1228 2587 plane
1256 2518 1582 2588 stupendum
1611 2517 1714 2570 hoc
1747 2517 2087 2587 mysterium,
2122 2530 2185 2569 ac

608 2627 772 2681 supra
821 2611 1118 2663 humanum
1151 2616 1370 2678 captum
1409 2615 1523 2661 tota
1555 2608 1656 2660 ista
1683 2606 1947 2667 narratio,
1980 2614 2033 2659 et
2063 2621 2185 2673 qua:

608 2705 744 2757 solis
797 2703 1033 2771 Spiritus
1082 2701 1258 2754 sancti
1314 2700 1441 2752 filiis
1496 2699 1643 2752 clara
1695 2698 1765 2751 sit
1811 2706 1865 2751 et
1913 2698 2179 2766 exposita.

611 2795 741 2847 [Cret
786 2796 967 2862 igitur,
1011 2792 1207 2862 inquit,
1262 2793 1414 2861 quasi
1455 2806 1715 2843 annorum
1752 2806 1895 2855 xxx;
1934 2790 2180 2857 ﬁlius,ut

604 2887 911 2956 putabatur,
952 2882 1185 2951 Ioseph;
1229 2883 1318 2953 qui
1354 2882 1453 2950 fuit
1488 2882 1593 2944 Eli,
1625 2881 1714 2949 qui
1736 2880 1845 2949 fuit
1869 2878 2115 2932 Matthan
2139 2879 2177 2932 ⁸.

606 2975 744 3029 Tum
805 2975 870 3028 ad
924 2973 1293 3028 Abrahamum
1348 2987 1523 3040 usque
1572 2969 1942 3040 generationis
1987 2972 2181 3023 seriem

607 3069 836 3133 retexit;
868 3082 898 3120 a
929 3082 1038 3136 quo
1072 3064 1355 3119 Matthaaus
1394 3080 1625 3119 exorsus
1672 3072 1774 3117 est.
1824 3062 1929 3117 Sed
1955 3070 2008 3116 et
2042 3060 2179 3114 Noe-

2294 1869 2476 1939 κλητο,
2545 1872 2592 1921 εἰ
2652 1869 2725 1940 μὴ
2774 1870 2900 1940 ἔσχε
2954 1870 3188 1939 ταύτην;
3246 1872 3304 1924 '0
3365 1871 3421 1924 δὲ
3481 1873 3651 1927 ταῦτα
3700 1876 3869 1945 ἀμφι-

2291 1960 2500 2013 ϐάλλων
2546 1962 2731 2029 ἀγνοεῖ
2780 1961 2850 2013 τὰ
2894 1962 3034 2014 κατὰ
3061 1961 3151 2013 τὸν
3198 1962 3382 2032 νόμον,
3434 1963 3514 2016 ὅτι
3568 1965 3716 2029 ἐξότε
3756 1968 3874 2021 ὀνο-

2293 2054 2521 2123 μάζεται
2552 2054 2687 2124 γυνὴ
2720 2054 2895 2123 ἀνδρὶ,
2932 2054 3033 2107 κᾶν
3077 2071 3135 2106 τε
3184 2054 3451 2125 παρθένος
3478 2052 3533 2127 ᾖ,
3580 2058 3682 2110 κάν
3708 2076 3768 2111 τε
3809 2062 3874 2113 ὲν

2288 2145 2423 2214 οἴκῳ
2458 2145 2661 2217 πατρὸς
2702 2146 2781 2198 ἔτι
2817 2146 3070 2216 ὑπάρχει,
3100 2147 3237 2217 γυνὴ
3271 2146 3362 2200 τοῦ
3412 2150 3673 2219 ὀνόματος
3704 2153 3869 2223 μόνου

2290 2237 2503 2305 λέγεται
2536 2240 2567 2307 ἡ
2599 2236 2844 2307 τοιαύτη.
2896 2237 3099 2290 Τούτου
3156 2239 3317 2291 ἕνεκα
3366 2241 3393 2292 ὁ
3440 2241 3593 2309 ἅγιος
3638 2244 3872 2311 ἄγγελός

2292 2345 2461 2398 φησι·
2515 2326 2612 2396 Μὴ
2682 2328 2949 2398 φοϐηθῇς
3008 2331 3375 2399 παραλαϐεῖν
3438 2332 3551 2401 τὴν
3616 2336 3875 2404 γυναῖκά

2290 2437 2426 2474 σου.
2476 2422 2585 2473 Καὶ
2619 2422 2705 2473 ἵνα
2743 2422 2817 2492 μή
2864 2439 2948 2485 τις
2979 2423 3193 2496 νομίσῃ,
3230 2425 3311 2477 ὅτι
3351 2425 3528 2496 πλάνη
3554 2444 3635 2491 τις
3671 2430 3727 2481 ὲν
3753 2431 3871 2493 τοῖς

2289 2512 2672 2581 Εὑαγγελίοις·
2732 2513 3032 2583 ἔκπληκτον
3078 2515 3183 2584 γὰρ
3236 2516 3296 2569 τὸ
3347 2520 3657 2589 μυστήριον,
3708 2521 3866 2592 καὶὴ

2285 2603 2536 2673 διήγησις
2578 2603 2717 2672 ὑπὲρ
2762 2602 3045 2672 ἄνθρωπον
3071 2620 3083 2631 ·
3123 2604 3304 2671 μόνοις
3348 2605 3405 2658 δὲ
3446 2609 3558 2668 τοῖς
3589 2608 3723 2670 υἱοῖς
3770 2608 3864 2661 τοῦ

2289 2692 2447 2758 ἁγίου
2494 2694 2811 2763 Πνεύματός
2862 2698 2977 2747 ἐστι
3034 2695 3154 2749 λεία
3200 2697 3350 2750 πᾶσά
3397 2714 3455 2750 τε
3501 2699 3592 2750 καὶ
3630 2716 3872 2767 πεφωτι-

2297 2784 2616 2856 σμένηΪΙΙν
2636 2786 2747 2842 οὖν
2766 2790 2846 2853 ὡς
2872 2789 3022 2842 ἐτῶν
3048 2794 3120 2853 λ’,
3140 2791 3221 2856 ὡς
3261 2791 3576 2860 ἐνομίζετο,
3607 2793 3735 2858 υἱὸς
3760 2792 3871 2847 τοῦ

2299 2879 2532 2949 Ἰωσὴφ,
2557 2882 2662 2934 τοῦ
2708 2883 2859 2949 Ἠλὶ,
2894 2883 2999 2936 τοῦ
3025 2884 3286 2938 Ματυάν.
3324 2885 3432 2937 Καὶ
3460 2886 3719 2956 ἀναφέρει
3765 2885 3870 2954 τὴν

2286 2975 2539 3047 γέννησιν
2572 2979 2662 3031 ἐπὶ
2691 2978 2780 3030 τὸν
2797 2978 3045 3049 Ἀϐραάμ
3061 2995 3075 3010 ·
3105 2980 3226 3032 ὅθεν
3248 2980 3340 3033 καὶ
3362 2981 3389 3031 6
3406 2980 3682 3044 Ματθαῖος
3707 2983 3870 3051 cvi}?-

2288 3063 2433 3129 ξατο.
2478 3067 2825 3138 ’Υπερϐαίνει
2875 3070 2931 3122 δὲ
2960 3071 3052 3123 τὸν
3100 3070 3245 3133 Νῶε,
3283 3070 3377 3123 καὶ
3418 3071 3608 3139 φθάνει
3638 3074 3728 3125 ἐπὶ
3772 3073 3869 3127 τὸν

607 3175 753 3213 mum
788 3166 1028 3225 superat,
1068 3163 1120 3209 et
1150 3154 1217 3208 ad
1250 3155 1516 3209 Adamum
1548 3155 1815 3223 pervenit,
1852 3161 1909 3207 ut
1935 3169 2058 3207 eum
2086 3154 2176 3223 qui

2297 3123 2485 3229 ;A8&y.,
2522 3123 2730 3213 i’va.z6v
2764 3161 2871 3214 ἀπὸ
2904 3160 3125 3232 πρώτης
3158 3123 3461 3216 πλασθέντα
3500 3181 3563 3234 ση
3576 3123 3737 3235 μάνη..

607 3253 819 3322 primus
846 3251 1089 3303 omnium
1134 3248 1405 3303 formatus
1438 3256 1555 3303 erat
1600 3249 1667 3302 ab
1702 3264 1768 3303 eo
1804 3248 1897 3317 qui
1936 3263 2000 3301 ex
2038 3246 2179 3301 illius

606 3359 809 3405 massa,
844 3342 904 3395 Β.
939 3341 1197 3395 nimirum
1234 3340 1473 3410 Virgine,
1510 3348 1839 3410 propagatus
1872 3339 2069 3402 fuerat,
2112 3341 2179 3393 ad

606 3435 840 3487 salutem
886 3440 1221 3497 monstraret
1260 3446 1381 3485 esse
1422 3432 1732 3500 qumsitum.
1769 3430 1903 3485 Nam
1934 3440 1986 3485 et
2016 3430 2179 3499 hujus

606 3526 802 3597 ipsius,
864 3525 955 3593 qui
1023 3524 1181 3578 fictus
1240 3531 1325 3577 est
1370 3522 1677 3592 quondam,
1730 3529 1784 3575 et
1834 3530 2179 3591 posterorum

606 3618 782 3688 ipsius
813 3632 978 3671 causa
1013 3615 1331 3679 descendit;
1364 3630 1551 3670 eorum
1585 3614 1869 3677 duntaxat,
1905 3615 1996 3685 qui
2032 3630 2178 3669 scm-

608 3711 838 3779 piternae
873 3708 994 3761 vita:
1026 3707 1399 3761 luereditatem
1430 3707 1645 3775 assequi
1675 3706 1916 3760 student.
1956 3705 2179 3759 Demum

604 3812 733 3851 vero
791 3796 1059 3850 Adamum
1114 3810 1332 3864 quoque
1380 3803 1797 3864 praetergressus
1826 3794 1929 3860 ait,
1956 3797 2044 3864 qui
2078 3796 2179 3863 fuit

610 3889 701 3943 Dei
728 3891 768 3940 ⁵.

674 3980 803 4034 Inde
833 3995 994 4050 porro
1028 3979 1316 4033 manifesto
1347 3984 1562 4032 constat
1593 3975 1684 4032 Dei
1722 3978 1871 4031 illum
1904 3977 2182 4033 exstitisse

601 4071 821 4134 Filium,
840 4071 932 4140 qui
956 4086 1018 4124 ex
1043 4070 1232 4124 Adami
1263 4068 1469 4123 semine
1488 4068 1803 4121 continuata
1834 4069 2181 4121 successione

603 4179 769 4218 carne
798 4163 1059 4233 przeditus
1091 4162 1329 4215 advenit.
1368 4158 1567 4215 Verum
1604 4176 1672 4214 ne
1699 4159 1779 4214 sic
1809 4160 2024 4229 quidem
2050 4161 2180 4214 caeci

603 4254 851 4308 homines
897 4262 1102 4307 tantam
1155 4252 1329 4305 lucem
1384 4250 1663 4319 percipere
1706 4256 2034 4317 potuerunt;
2085 4249 2179 4304 sed

602 4350 747 4401 ultro
776 4362 804 4398 a
838 4348 1067 4400 veritate
1098 4346 1433 4423 aberrantes,
1468 4350 1522 4395 et
1559 4356 1796 4396 errorem
1823 4344 2176 4403 asciscentes,

2283 3249 2541 3317 τούμενον
2570 3249 2659 3302 διὰ
2685 3250 2777 3303 τοῦ
2822 3252 2931 3305 ἀπὸ
2978 3251 3070 3304 τοῦ
3118 3252 3441 3323 φυράματος
3476 3254 3639 3307 αὐτοῦ
3689 3252 3871 3308 ἐλθόν-

2282 3358 2393 3403 τος,
2448 3343 2724 3395 τουτέστιν
2767 3343 2874 3396 ἁπὸ
2931 3344 3031 3412 τῆς
3091 3344 3250 3412 ἁγίας
3302 3345 3578 3416 Παρθένου
3622 3346 3869 3417 Μαρίας.

2284 3430 2454 3486 Ἦλθε
2486 3435 2593 3503 γὰρ
2624 3435 2689 3487 δι’
2733 3436 2936 3487 ἐκεῖνον
2967 3436 3055 3487 τὸν
3088 3437 3218 3488 ποτὲ
3242 3436 3566 3499 πλασθέντα,
3603 3438 3698 3490 καὶ
3743 3439 3873 3502 τοὺς

2282 3526 2376 3579 ἀπ’
2432 3527 2594 3579 αὐτοῦ
2648 3526 3105 3596 γεγεννημένους,
3163 3527 3413 3590 θέλοντας
3453 3528 3595 3598 ζωὴν
3650 3526 3870 3581 αἰώνιον

2284 3618 2707 3688 κληρονομῆσαι.
2756 3618 3027 3688 Ὑπερὸἁς
3078 3619 3136 3672 δὲ
3175 3620 3268 3673 τὸν
3312 3619 3503 3690 Ἀδάμ,
3547 3620 3714 3689 λέγει,
3758 3620 3866 3674 τοῦ

2286 3712 2449 3765 Θεοῦ.

2369 3969 2647 4023 Ἐντεῦθεν
2675 3969 2859 4023 λοιπὸν
2897 3970 3006 4040 (51)
3045 3965 3112 4040 ἦν
3152 3970 3477 4041 φανέρωσις,
3512 3971 3592 4023 ὅτι
3632 3968 3726 4021 τοῦ
3765 3968 3865 4039 μὲν

2283 4061 2417 4115 Θεοῦ
2442 4058 2509 4133 ἦν
2542 4063 2687 4125 Υἱὸς,
2716 4062 2802 4115 διὰ
2832 4064 2887 4116 δὲ
2918 4063 3009 4115 τοῦ
3046 4063 3354 4135 σπέρματος
3385 4062 3477 4115 τοῦ
3521 4062 3689 4131 Ἀδὰμ
3721 4061 3867 4115 κατὰ

2287 4155 2532 4226 διαδοχὴν
2564 4157 2623 4208 ἐν
2659 4156 2819 4225 σαρκὶ
2852 4155 3199 4225 παρεγένετο.
3246 4154 3405 4207 Ἀλλὰ
3444 4154 3542 4206 οὐκ
3577 4153 3732 4221 ἔσχον
3758 4153 3867 4207 πά-

2284 4245 2365 4297 λιν
2389 4245 2665 4313 φωτισμὸν
2681 4247 2727 4296 οἱ
2746 4244 3169 4316 πεπλανημένοι.
3197 4245 3505 4312 Ἀντέλεγον
3525 4244 3582 4296 δὲ
3602 4243 3678 4313 τῷ
3695 4243 3863 4313 λόγῳ,

2286 4338 2510 4399 ἑαυτοὺς
2534 4336 2842 4400 πλανῶντες
2866 4336 3008 4407 ὑπὲρ
3036 4338 3134 4409 τὴν
3164 4336 3442 4407 ἀλήθειαν.
3480 4336 3757 4404 Ἔφασκον
3784 4335 3863 4399 δὲ,

600 4439 883 4492 catholica:
921 4438 1181 4491 doctrinm
1229 4433 1698 4489 contradicebant.
1747 4431 1837 4487 Sic
1871 4438 2014 4488 enim
2049 4434 2181 4503 obji-

2287 4428 2367 4479 ὃτι
2410 4425 2537 4479 Ἰδοὺ
2573 4426 2753 4497 τρίτον
2797 4426 3124 4495 Εὐαγγέλιον
3156 4429 3217 4480 τὸ
3256 4427 3397 4480 κατὰ
3426 4428 3660 4480 Λουκᾶν.
3692 4427 3866 4480 Τοῦτο

601 4529 814 4582 ciebant
866 4546 878 4580 :
929 4524 1069 4579 Ecce
1120 4525 1335 4578 tertium
1377 4522 1488 4591 jam
1544 4520 1896 4592 Evangelium
1954 4538 1984 4576 a
2032 4522 2180 4578 Luca

601 4619 991 4687 conscriptum.
1036 4614 1111 4668 Ea
1144 4614 1342 4684 quippe
1380 4612 1658 4683 provincia
1694 4611 1852 4666 Lucae
1889 4614 2180 4667 commissa

600 4713 693 4765 uni
751 4727 817 4765 ex
866 4725 1012 4763 Lxxn
1051 4707 1361 4776 discipulis,
1418 4720 1556 4775 quos
1600 4705 1801 4759 Christi
1852 4706 1943 4760 ille
2001 4721 2180 4761 sermo

602 4804 917 4866 tlissiparat,
949 4815 1109 4871 quem
1157 4798 1356 4854 deinde
1391 4796 1593 4851 Paulus
1637 4798 1918 4867 apostolus
1961 4812 2180 4852 revoca-

2289 4520 2397 4591 γὰρ
2424 4520 2706 4591 ἐπετράπη
2734 4518 2810 4588 τῷ
2836 4520 3037 4590 Λουκᾷ,
3065 4520 3176 4572 ὄντι
3202 4522 3295 4573 καὶ
3325 4519 3472 4590 αὐτῷ
3490 4520 3599 4591 (52)
3621 4520 3729 4573 ἀπὸ
3756 4521 3866 4573 τῶν

2300 4609 2699 4679 Ἑϐδομήκοντα
2732 4608 2823 4662 δύο
2855 4608 2960 4662 τῶν
2991 4610 3517 4681 διασκορπισθέντων
3545 4611 3637 4662 ἐπὶ
3661 4609 3739 4681 τῷ
3769 4612 3862 4664 τοῦ

2288 4706 2535 4776 Σωτῆρος
2575 4706 2747 4775 λόγῳ,
2782 4706 2868 4759 διὰ
2901 4705 2957 4758 δὲ
2992 4705 3204 4759 Παύλου
3234 4706 3327 4759 τοῦ
3360 4704 3515 4773 ἁγίου
3557 4704 3719 4757 πάλιν
3760 4708 3863 4759 ἐπ-

2286 4796 2700 4867 ανακάμψαντος
2736 4797 2869 4868 πρὸς
2897 4799 2986 4849 τὸν
3017 4797 3238 4867 Κύριον,
3272 4794 3665 4867 ὲπιτραπέντος
3686 4796 3743 4850 δὲ
3767 4796 3867 4852 αὑ-

670 4966 686 4994 ¹
724 4962 856 5015 l.uc.
894 4976 973 5025 ill,
1004 4961 1095 5015 25.
1172 4962 1191 4990 ³
1229 4957 1416 5012 Matth.
1458 4973 1495 5020 I,
1528 4956 1615 5010 20.
1691 4957 1709 4986 '
1742 4955 1874 5010 Luc.
1911 4973 1991 5020 Ill,
2021 4956 2091 5009 25
2127 4972 2181 5026 sq

2324 4958 2343 4986 ’⁸
2369 4956 2497 5011 ibid.
2530 4956 2617 5011 58.

674 5116 890 5187 (50)Διὰ
906 5116 972 5168 ’τὸ
990 5113 1817 5187 μεμνηστεῦθαι-ςτρεσόὐτης.
1840 5110 1992 5187 Quod
2024 5109 2171 5167 lose-

584 5182 740 5258 .phus
764 5182 1039 5258 decrepita
1066 5182 1181 5253 jam
1201 5194 1400 5258 __a2tate
1429 5182 1653 5258 Mariam
1674 5183 1890 5258 durerit
1914 5191 2067 5258 vetus
2088 5191 2170 5237 est

597 5253 802 5328 opinio.
823 5253 1487 5328 Quodautem_lihe_rosex
1514 5254 1695 5328 priore
1724 5253 1906 5321 aliqua
1937 5254 2168 5323 conjuge

597 5325 918 5397 susceperit,
950 5327 1052 5381 etsi
1085 5326 1135 5379 id
1163 5325 1497 5395 Epiphanius
1513 5326 1712 5393 aliique
1733 5330 1941 5397 veteres
1964 5339 2168 5397 memof

596 5402 691 5453 ria:
732 5392 1090 5468 prodiderint,
1157 5392 1677 5468 ria—clamant‘tamen
1729 5392 1927 5448 merito
1984 5394 2166 5448 caateri

593 5465 805 5525 omnes.
842 5468 914 5521 De
942 5484 1049 5535 qua
1086 5483 1145 5520 re
1172 5466 1435 5519 Baronius
1473 5465 1526 5517 in
1560 5466 1753 5532 Appar.

667 5540 776 5609 (3t)
828 5533 1134 5609 Ἐντεῦθεν
1183 5537 1408 5609 τοίνυν.
1465 5533 2018 5609 ll;ee_igitr_tr_verba
2082 5534 2172 5609 τού

594 5604 730 5663 Θεοῦ
760 5604 765 5609 ’
797 5609 865 5661 ad
921 5608 1109 5663 Jesum
1150 5608 1426 5677 pertinere
1474 5605 1701 5660 credidit
1734 5604 1928 5673 Epiph.
1965 5619 2074 5659 non
2105 5606 2172 5659 ad

595 5682 882 5735 Adamum.

668 5750 777 5821 (52)
815 5746 898 5812 Τῷ
920 5748 1145 5815 Λουκᾷ,
1199 5749 1325 5821 ὄντι
1372 5747 1470 5821 καὶ
1498 5745 1676 5821 αὐτῷ.
1714 5745 1870 5821 Qupo
1914 5743 2170 5821 Lucase

592 5813 991 5888 discipulorum
1013 5813 1239 5872 numero
1272 5818 1458 5880 fuerit,
1486 5817 1683 5871 asserit
1708 5824 1761 5869 et
1777 5813 2094 5888 _D_o_rot_heus
2115 5816 2168 5869 in

598 5883 846 5960 Synopsi,
874 5890 1122 5959 quamvis
1143 5888 1195 5944 id
1215 5890 1404 5961 ipsum
1427 5888 1494 5945 ab
1519 5902 1584 5945 eo
1608 5885 1793 5959 negari
1824 5883 2165 5943 Maldonatus

2277 5112 2581 5184 scripserit.
2638 5112 2745 5168 Sed
2802 5124 2996 5168 contra
3036 5114 3281 5169 sentiunt
3306 5114 3577 5184 plerique.
3612 5121 3666 5168 et
3703 5113 3758 5168 id
3794 5131 3865 5169 ex

2276 5183 2411 5251 ipsis
2442 5183 2598 5237 Lucae
2645 5184 2827 5239 verbis
2849 5186 3131 5254 colligunt,
3169 5200 3293 5238 cum
3317 5183 3446 5238 ait:
3480 5184 3667 5249 Ἔδοξε
3692 5186 3867 5253 κὰμοὶ

2276 5254 2780 5325 παρηκολουθηκότι
2806 5255 3009 5308 ἄνωθεν
3041 5258 3205 5308 πᾶσιν
3236 5256 3478 5325 ἀκριϐῶς
3515 5254 3751 5322 καθεξῆς
3780 5271 3865 5306 σοι

2296 5324 2503 5394 έράψαι.
2534 5325 2638 5379 Sed
2668 5333 2876 5377 tantum
2896 5328 3069 5389 abest,
3088 5336 3146 5379 ut
3171 5327 3285 5380 hac
3305 5324 3635 5395 discipulum
3654 5325 3865 5378 Christi

2274 5341 2503 5446 ἷραψαι.
2534 5341 2638 5379 Seu
2668 5341 2876 5377 tantum
2896 5341 3069 5389 aneSt,
3088 5341 3146 5379 ut
3171 5341 3285 5380 uase
3305 5341 3635 5395 tltSClpUlum
3654 5341 3859 5378 LIII'ISU

2303 5396 2465 5458 uisse,
2518 5410 2582 5449 ac
2639 5411 2747 5449 non
2789 5396 3066 5466 pleraque,
3097 5412 3221 5449 cum
3272 5395 3340 5448 ab
3373 5410 3452 5466 eo
3508 5402 3859 5466 gererentur,

2273 5466 2448 5519 oculis
2477 5481 2774 5536 usurpasse
2796 5464 3023 5536 negent,
3052 5473 3113 5520 ut
3143 5465 3480 5536 contrarium
3520 5464 3703 5533 potius
3733 5464 3867 5518 hinc

2277 5536 2400 5589 elici
2439 5534 2629 5605 possit.
2691 5534 2925 5589 Verbum
2957 5537 3101 5591 enim
3138 5534 3565 5606 παρακολουθεῖν
3601 5550 3866 5606 nonnun—

2276 5621 2439 5675 quam
2474 5606 2540 5659 ad
2575 5621 2693 5661 eam
2728 5608 2993 5662 .notitiam
3046 5605 3302 5669 refertur,
3335 5620 3455 5675 quae
3488 5607 3665 5659 oculis
3699 5605 3864 5674 ipsis.

2277 5691 2341 5729 ac
2371 5677 2593 5745 propria
2644 5677 3005 5747 intelligentia
3063 5684 3455 5747 comparatum
3479 5691 3589 5729 non
3625 5675 3865 5747 aliorum

2274 5744 2638 5802 sermonibus.
2708 5746 2773 5800 Ut
2800 5744 2923 5799 etim
2984 5744 3249 5812 Demost.,
3298 5748 3357 5798 ὲν
3390 5744 3467 5815 τῷ
3502 5746 3639 5811 Περὶ
3668 5748 3868 5811 Παρα-

2272 5818 2614 5885 πρεσϐείας,
2646 5816 2713 5872 de
2738 5817 3020 5874 Aischine.
3064 5818 3223 5886 cujus
3267 5816 3321 5869 in
3356 5816 3626 5885 legatione
3672 5830 3865 5886 comes

2270 5886 2481 5956 fuerat,
2534 5889 2613 5944 sic
2667 5888 2905 5944 loquitur
2940 5905 2952 5941 :
2990 5888 3100 5953 tgqt
3135 5884 3183 5939 ἢὸ
3242 5884 3435 5939 τούτου
3471 5884 3864 5956 πονηρεύματα
