4176 6386
417 385 521 444 τοο

1095 379 1465 437 ADVERSUS
1504 378 1847 438 HIERESES
1885 379 2013 435 LIB.
2056 377 2118 431 ll.
2163 375 2326 432 ΤΟΜ.
2366 379 2385 433 1
2426 409 2496 420 -
2535 376 2807 432 llAiRES.
2850 374 2935 433 LI.

3571 374 3684 434 910

418 502 506 556 τοῦ
529 499 763 573 κηρύξαι
785 498 844 553 τὸ
864 496 1213 565 Εὐαγτέλιοψ
1240 496 1334 549 καὶ
1357 496 1614 569 κηρύττει
1646 497 1861 569 πρῶτον
1879 495 1988 565 (55)

2100 494 2190 547 vit.
2253 491 2392 546 lluic
2437 491 2601 562 igitur
2647 491 2977 561 praedicandi
3030 486 3309 565 Evangelii
3352 509 3552 551 munus
3596 496 3682 550 est

414 598 471 647 ἐν
495 593 794 665 Δαλματίᾳ,
826 592 920 646 καὶ⁹
945 588 1167 660 Γαλλίᾳ,
1199 589 1293 642 καὶ
1325 590 1382 643 ἐν
1421 590 1641 661 Ἰταλίᾳ,
1678 591 1772 643 καὶ
1805 590 1992 643 Μακε-

411 686 579 758 δονίᾳ.
624 685 791 757 Ἀρχὴ
821 684 877 737 δέ
902 686 960 737 ὲν
990 684 1055 752 τῇ
1084 680 1305 751 Γαλλίῳ
1341 682 1419 743 ὡς
1447 680 1541 733 καὶ
1561 679 1686 751 περί
1708 695 1867 733 τινων
1885 677 1993 730 τῶν

412 779 579 832 αὐτοῦ
609 778 917 846 ἀκολούθων
957 777 1103 847 λέγει
1133 777 1191 830 ὲν
1227 777 1347 838 ταῖς
1382 772 1548 827 αὑτοῦ
1596 770 1933 833 Ἐπιστολαῖς
1966 772 1995 823 ὁ

412 870 578 933 αὐτὸς
606 869 837 934 Παῦλος·
870 869 1160 938 Κρίσκης,
1191 866 1378 937 φησὶν,
1408 865 1478 918 ἐν
1508 863 1583 933 τῇ
1606 863 1841 930 Γαλλίᾳ
1857 861 1988 931 (54).

412 961 489 1013 Ού
524 960 634 1033 γάρ
667 962 724 1014 ἐν
752 963 818 1031 τῇ
852 959 1109 1031 Γαλατίᾳ,
1146 958 1222 1022 ὥς
1260 974 1407 1020 τινες
1446 954 1810 1026 πλανηθέντες
1842 952 1994 1023 νομί-

416 1053 621 1117 ζουσιν,
643 1053 779 1107 ἀλλὰ
811 1054 869 1106 ἐν
894 1056 963 1124 τῇ
998 1051 1218 1123 Γαλλίᾳ.

490 1146 591 1199 ΙΒ¹.
621 1144 768 1214 Πλὴν
802 1144 896 1196 ἐπὶ
922 1143 982 1196 τὸ
1017 1140 1376 1213 προκείμενον
1404 1139 1714 1208 ἐλεύσομαι.
1754 1136 1995 1204 ’Λνενέγ-

419 1256 615 1302 καντος
638 1238 746 1308 γάρ
770 1234 862 1289 τοῦ
889 1236 1072 1288 Λουκᾶ
1092 1234 1191 1297 τὰς
1208 1232 1560 1302 γενεαλογίας
1585 1231 1692 1283 ἀπὸ
1716 1229 1823 1282 τῶν
1848 1228 1995 1282 κάτω

419 1330 513 1383 ἐπὶ
541 1328 610 1381 τὰ
639 1328 770 1392 ἄνω,
803 1327 898 1380 καὶ
931 1325 1235 1395 φθάσαντος
1272 1323 1370 1389 τὴν
1404 1322 1639 1394 ἔμφασιν
1672 1318 1994 1391 ποιήσασθαι

413 1423 514 1493 τῆς
547 1419 752 1474 ἄνωθεν
778 1418 873 1473 τοῦ
895 1417 1031 1471 Θεοῦ
1060 1417 1233 1485 Λόγου
1258 1415 1581 1487 παρουσίας,
1612 1411 1748 1483 ὁμοῦ
1779 1429 1835 1465 τε
1866 1428 1993 1464 συν-

412 1508 680 1578 αφθέντος
710 1510 777 1578 τῇ
817 1506 1066 1577 ἐνσάρκῳ
1104 1503 1268 1558 αὐτοῦ
1296 1503 1598 1575 οἰκονομίᾳ.
1638 1503 1729 1554 ἵνα
1764 1500 1995 1570 ἀποτρέ-

412 1602 582 1672 ψηται
626 1599 733 1654 ἀπὸ
765 1598 873 1652 τῶν
906 1596 1336 1668 πεπλανημένων
1374 1595 1473 1667 τὴν
1511 1594 1741 1663 πλάνην,
1773 1594 1873 1646 οὐκ
1912 1593 1997 1645 ἐν-

413 1690 665 1761 ενόησαν.
692 1689 784 1741 Διὸ
812 1687 1036 1760 ὕστερον
1065 1686 1366 1755 ἀναγκάζει
1395 1686 1457 1740 τὸ
1484 1687 1637 1755 ἆγιον
1659 1684 1883 1755 Πνεῦμα
1904 1685 1995 1737 τὸν

425 1782 681 1852 Ἰωάννην
725 1779 1162 1852 παραιτούμενον
1212 1776 1668 1847 εὐαγγελίσασθαι
1714 1776 1779 1829 δι’
1834 1774 1991 1827 εὐλά-

412 1874 567 1927 ϐειαν
606 1874 701 1926 καὶ
742 1870 1242 1943 ταπεινοφροσύνην
1286 1870 1377 1923 ἐπὶ
1417 1871 1484 1939 τῇ
1538 1867 1783 1938 γηραλέᾳ
1830 1865 1996 1920 αὐτοῦ
2031 1853 2073 1911 Β

415 1964 622 2037 ἡλικίᾳ,
658 1963 798 2035 μετὰ
818 1963 915 2035 ἐτη
948 1964 1272 2034 ἐνενήκοντα
1299 1962 1398 2033 τῆς
1423 1958 1618 2013 ἑαυτοῦ
1653 1958 1819 2027 ζωῆς,
1860 1958 1996 2029 μετὰ

412 2058 514 2129 τὴν
554 2056 720 2111 αὑτοῦ
763 2057 871 2110 άπὸ
902 2057 1001 2127 τῆς
1038 2057 1260 2126 Πάτμου
1290 2054 1402 2125 (55)
1450 2050 1726 2114 ἐπάνοδον,
1774 2050 1872 2120 τὴν
1905 2049 1999 2101 ἐπὶ

414 2149 686 2204 Κλαυδίου
719 2148 1017 2219 γενομένην
1051 2146 1346 2218 Καίσαρος.
1382 2145 1491 2199 Καὶ
1533 2141 1683 2214 μετὰ,
1704 2142 1863 2195 ἱκανά
1902 2139 1998 2210 ἔτη

412 2238 507 2292 τοῦ
536 2238 815 2309 διατρίψαι
850 2238 1012 2291 αὑτὸν
1040 2236 1148 2290 ἀπὸ
1173 2236 1270 2306 τῆς
1312 2233 1495 2297 Ἀσίας
1516 2231 1882 2300 ἀναγκάζεται
1902 2232 1996 2283 ἐκ-

412 2330 607 2384 θέσθαι
644 2330 706 2382 τὸ
738 2329 1090 2397 Εὑαγγὲλιον.
1128 2327 1239 2379 Καὶ
1269 2325 1369 2378 οὑκ
1397 2321 1465 2396 ἦν
1497 2323 1648 2395 αύτῷ
1682 2323 1841 2395 χρεία
1870 2322 1998 2393 περὶ

415 2423 516 2494 τῆς
568 2422 835 2493 ἐνσάρκου
881 2419 1261 2491 πραγματείας
1313 2416 1675 2485 λεπτολογεῖν
1732 2415 1831 2488 ἤδη
1889 2416 1998 2486 γὰρ

417 2515 740 2584 ὴσφάλιστο,
784 2513 945 2568 Ἀλλὰ
969 2512 1045 2576 ὡς
1070 2512 1298 2565 κατόπιν
1316 2509 1479 2563 τινῶν
1504 2509 1722 2580 βαίνων,
1746 2509 1838 2561 καὶ
1857 2507 1999 2580 ὁρῶν

416 2608 615 2670 αὐτοὺς
653 2608 746 2659 ἐπὶ
783 2606 851 2660 τὰ
896 2605 1203 2677 ἔμπροσθεν
1237 2604 1415 2669 ὄντας,
1459 2603 1553 2657 καὶ
1580 2603 1675 2655 ἐπὶ
1703 2602 1771 2656 τὰ
1796 2601 2000 2673 τραχύ-

418 2715 554 2771 τερα
588 2699 813 2763 ἑαυτοὺς
836 2698 1201 2761 ἐκδεδωκότας
1261 2697 1357 2750 καὶ
1385 2696 1594 2760 πλάνας
1625 2695 1718 2749 καὶ
1754 2693 2000 2749 ἀκανθώ-

416 2788 506 2859 δη,
540 2789 978 2843 ἀνακαλέσασθαι
1008 2788 1206 2852 αὐτοὺς
1230 2789 1309 2851 είς
1338 2787 1550 2840 εὐθεῖαν
1573 2786 1691 2840 ὁδὸν
1714 2786 2002 2858 προνοοῦν-

415 2897 530 2947 τος,
578 2881 672 2934 καὶ
718 2880 1151 2951 άσφαλιζομὲνου
1209 2879 1745 2951 ἐπικηρυκεύσασθαι
1794 2880 1996 2942 αὐτοῖς·

419 2972 514 3024 καὶ
545 2966 687 3025 εἶπεν
720 2972 1088 3025 Τίλπλανᾶσθε
1108 2989 1122 3036 ;
1146 2971 1551 3043 ποῖτρέπεσθε;
1582 2973 1675 3025 ποῖ
1703 2969 1997 3035 πλανᾶσθε,

419 3063 683 3136 Κήρινθε,
712 3064 807 3118 καὶ
846 3064 1059 3131 Ἐϐίων,
1084 3066 1178 3118 καὶ
1205 3066 1253 3118 οί
1288 3065 1466 3129 ἄλλοι;
1496 3065 1609 3117 Οὐκ
1637 3064 1783 3116 ἐστιν
1807 3062 1999 3125 οὕτως,

418 3156 497 3219 ὡς
533 3157 801 3227 νομίζετε.
843 3156 951 3209 Ναὶ
990 3156 1253 3228 ἐγεννήθη
1284 3158 1313 3210 ὁ
1346 3157 1581 3230 Χριστὸς
1621 3156 1760 3210 κατὰ
1799 3156 1999 3228 σάρκα.

415 3250 597 3321 δῆλον.
640 3249 771 3302 Ἰδοὺ
801 3249 910 3320 γὰρ
937 3248 1099 3311 αὐτὸς
1128 3248 1396 3319 ὁμολογῶ,
1427 3250 1510 3302 ὅτι
1552 3249 1606 3301 Ὀ
1628 3248 1819 3318 Λόγος
1847 3246 2004 3316 σὰρξ

416 3341 676 3413 ἐγένετο.
721 3341 880 3395 ’Λλλὰ
907 3340 1001 3412 μὴ,
1027 3341 1177 3406 ἐξότε
1199 3342 1418 3410 ἐγένετο
1446 3342 1602 3413 σὰρξ,
1632 3342 1889 3413 νομίσητε
1914 3342 2005 3394 τὸν

418 3433 581 3487 αὐτὸν
609 3429 770 3488 εἶναι.
798 3435 912 3489 Ούκ
933 3433 1049 3487 ἔστι
1077 3433 1186 3504 γὰρ
1214 3433 1323 3487 ἀπὸ
1344 3435 1552 3504 χρόνων
1577 3433 1795 3506 Μαρίας
1821 3434 2004 3504 μόνον,

420 3527 498 3590 ὡς
522 3526 752 3590 ἕκαστος
782 3526 941 3597 ήμῶν
969 3528 1062 3594 ἀφ’
1083 3526 1207 3578 ὅτου
1234 3527 1488 3595 γεννᾶται
1513 3525 1768 3597 ὑπάρχει·
1796 3525 1925 3597 πρὶν
1948 3525 2006 3578 δὲ

417 3617 526 3683 τοῦ,
539 3618 886 3690 γεννηθῆναι,
915 3618 1015 3671 οὐκ
1043 3613 1206 3672 εἶναι.

2095 585 2395 651 creditum;
2432 585 2595 655 idque
2619 584 2737 654 ipse
2778 584 3015 653 primum
3066 586 3121 639 in
3154 585 3444 652 Dalmatia,
3484 586 3681 650 Gallia,

2095 675 2247 731 Italia
2288 687 2342 731 et
2390 675 2706 730 Macedonia
2756 676 3050 746 priestitit;
3101 676 3197 731 sed
3251 678 3305 733 in
3350 678 3527 733 Gallia
3572 693 3687 749 pra:

2095 769 2346 835 caeteris;
2381 776 2442 823 ut
2474 769 2541 824 de
2582 768 2860 822 nonnullis
2906 768 3201 824 comitibus
3240 769 3356 825 suis
3398 769 3601 824 Paulus
3628 771 3685 825 in

2095 860 2356 931 Epistolis
2413 867 2690 915 testatur:
2733 859 3022 939 Crescens,
3075 861 3284 931 inquit,
3330 864 3384 916 in
3435 862 3613 917 Gallia
3641 864 3683 917 ί.

2093 953 2213 1008 Νοη
2247 954 2390 1009 enim
2426 953 2480 1007 in
2514 951 2722 1006 Galatia
2754 952 3041 1022 legendum
3082 962 3200 1018 est,
3248 963 3310 1008 ut
3357 954 3686 1025 quibusdam

2096 1046 2374 1100 immerito
2410 1045 2635 1115 placuit,
2674 1044 2766 1098 sed
2799 1044 2856 1097 in
2891 1041 3087 1098 Gallia.

2167 1139 2280 1193 Xll.
2317 1138 2423 1193 Sed
2467 1147 2528 1193 ut
2575 1138 2641 1192 ad
2682 1137 2993 1192 institutum
3031 1136 3249 1193 redeam
3282 1156 3295 1191 :
3333 1153 3457 1192 cum
3508 1137 3687 1193 Lucas

2096 1230 2166 1283 ab
2213 1228 2571 1285 inferioribus
2620 1229 2687 1283 ad
2742 1230 3029 1297 superiora
3075 1230 3455 1299 generationes
3495 1230 3689 1300 perdu.

2096 1322 2288 1383 xisset,
2339 1335 2403 1374 ac
2447 1321 2690 1375 divinum
2725 1319 2964 1375 Verbum
2997 1336 3028 1375 e
3062 1321 3201 1373 cmlo
3239 1321 3521 1391 delapsum
3563 1336 3689 1377 esse

2098 1412 2497 1484 signiﬁcasset;
2549 1413 2825 1483 simulque
2870 1423 3137 1482 susceptae
3173 1413 3358 1467 carnis
3397 1412 3466 1467 ab
3493 1413 3687 1469 eodem

2097 1505 2415 1576 mysterium
2458 1505 2756 1575 attigisset,
2790 1513 2849 1558 ut
2887 1519 3062 1561 caecos
3104 1503 3354 1559 homines
3392 1504 3461 1558 ab
3503 1519 3688 1559 errore

2096 1604 2395 1661 revocaret,
2431 1596 2536 1651 hoc
2579 1596 2655 1650 illi
2702 1602 2885 1650 tamen
2926 1594 3143 1664 assequi
3193 1594 3573 1664 nequiverunt.
3604 1592 3688 1650 0b

2103 1688 2158 1742 id
2193 1688 2390 1743 deinde
2426 1686 2665 1759 Spiritus
2693 1693 2919 1741 sanctus
2945 1685 3235 1751 Joannem,
3263 1686 3495 1741 invitum
3528 1688 3684 1755 licet,

2097 1794 2161 1833 ac
2200 1778 2460 1850 religione
2490 1778 2728 1849 quadam
2783 1787 2838 1832 et
2893 1777 3063 1831 animi
3114 1777 3488 1833 moderatione
3539 1778 3686 1834 defu-

2101 1873 2358 1941 gientem,
2391 1871 2456 1925 ad
2490 1870 2842 1927 scribendum
2874 1868 3229 1939 Evangelium
3260 1871 3493 1940 impulit,
3524 1870 3691 1944 434

2101 1963 2293 2018 atl‘ecta
2332 1964 2445 2034 jam
2492 1970 2672 2031 aetate,
2727 1969 2913 2032 utpote
2964 1962 3059 2032 qui
3109 1961 3221 2032 jam
3272 1964 3687 2033 nonagesimum

2099 2067 2301 2106 annum
2352 2052 2672 2116 excederet,
2725 2045 3014 2120 postquam
3054 2065 3085 2103 a
3139 2049 3329 2105 Patmo
3378 2052 3558 2106 insula
3610 2066 3689 2106 re-

2102 2160 2290 2199 versus
2318 2151 2423 2211 est,
2471 2144 2617 2214 quod
2645 2143 2863 2214 quidem
2901 2141 3129 2196 Claudio
3179 2142 3481 2211 imperante
3518 2144 3692 2197 conti-

2098 2238 2195 2307 git.
2226 2235 2593 2303 Quamobrem
2626 2252 2751 2293 cum
2791 2236 2993 2290 multos
3025 2235 3138 2305 jam
3178 2250 3355 2292 annos
3394 2238 3689 2293 mansisset

2100 2330 2153 2383 iu
2185 2328 2336 2392 Asia,
2374 2328 2724 2399 Evangelium
2766 2327 3007 2384 scribere
3046 2335 3273 2382 coactus
3315 2336 3420 2384 est.
3470 2329 3530 2384 ln
3580 2345 3689 2399 quo

2098 2418 2234 2474 nihil
2270 2434 2410 2490 opus
2445 2420 2634 2475 habuit
2685 2420 2998 2477 accuratiu's
3044 2435 3108 2476 ea
3154 2421 3416 2477 mandare
3466 2421 3688 2485 litteris,

2100 2528 2219 2582 quae
2255 2512 2529 2576 Christus,
2560 2520 2831 2583 quatenus
2874 2528 3042 2569 carne
3088 2522 3207 2569 erat
3267 2513 3551 2583 praeditus,
3580 2513 3691 2568 edi-

2100 2603 2289 2659 disset.
2330 2601 2457 2659 Haec
2501 2604 2647 2658 enim
2693 2605 2933 2659 stabilita
2967 2604 3081 2674 jam
3123 2619 3189 2659 ac
3234 2605 3531 2660 constituta
3580 2603 3690 2659 fue-

2100 2703 2245 2748 rant.
2284 2693 2391 2749 Sed
2418 2694 2643 2764 perinde
2666 2696 2797 2766 egit,
2830 2711 2896 2751 ac
2930 2696 2976 2752 si
3022 2705 3145 2767 post
3186 2696 3327 2751 alios
3364 2696 3690 2761 ambularet,

2100 2802 2240 2858 quos
2268 2797 2322 2844 et
2350 2788 2731 2845 antecedentes
2759 2797 3032 2854 cerneret,
3064 2798 3118 2844 et
3147 2805 3243 2860 per
3271 2788 3597 2860 confragosa
3626 2804 3689 2844 ac

2101 2882 2275 2950 apinis
2307 2880 2486 2936 obsita
2518 2881 2658 2946 loca,
2694 2888 2748 2936 et
2773 2881 3095 2937 diverticula
3123 2881 3433 2951 gradientes
3464 2882 3521 2936 in
3547 2883 3689 2936 viam

2102 2989 2361 3030 revocare
2416 2984 2659 3045 cuperet,
2700 2984 2754 3030 et
2801 2977 2855 3029 in
2902 2983 3078 3029 tutum
3121 2976 3404 3039 reducere,
3456 2975 3533 3029 ita
3583 2974 3690 3029 illis

2102 3066 2435 3120 denuntians
2491 3074 2544 3121 et
2598 3067 2953 3121 exclamans:
2986 3066 3129 3133 Quid
3167 3067 3400 3121 erratis?
3440 3080 3551 3136 quo
3594 3081 3691 3120 vos

2107 3156 2469 3212 convertitis‘!
2506 3172 2645 3227 quos
2696 3156 2978 3212 anfractus
3009 3156 3276 3228 quaaritis,
3321 3165 3378 3212 tu
3414 3156 3691 3221 Cerinthe,

2111 3257 2167 3304 tu
2200 3249 2424 3315 Marcio,
2459 3266 2666 3320 vosque
2700 3252 2915 3306 caeteri?
2952 3250 3071 3306 Non
3104 3252 3178 3305 ita
3212 3266 3272 3307 se
3301 3267 3391 3307 res
3424 3252 3606 3315 habet,
3635 3258 3690 3305 ut

2110 3342 2352 3397 creditis.
2382 3341 2635 3397 Christus
2669 3341 2888 3412 quidem
2937 3344 3237 3398 secundum
3270 3359 3490 3399 carnem
3532 3352 3691 3399 natus

2109 3441 2212 3493 est.
2243 3448 2419 3503 neque
2455 3434 2557 3488 hoc
2590 3434 2886 3490 obscurum
2924 3445 3029 3491 est.
3066 3436 3221 3492 Ultro
3256 3438 3309 3493 id
3338 3452 3440 3509 ego
3478 3435 3690 3492 fateor:

2122 3524 2366 3590 Verbum,
2413 3524 2658 3595 inquam,
2690 3542 2820 3580 caro
2870 3526 3069 3596 factum
3114 3537 3190 3581 est
3221 3528 3261 3581 ².
3295 3526 3494 3581 Verum
3529 3542 3598 3581 ne
3628 3528 3690 3581 al‘

2110 3631 2177 3671 eo
2204 3617 2382 3672 solum
2411 3624 2658 3687 tempore
2706 3634 2814 3687 quo
2866 3634 2998 3674 caro
3049 3618 3250 3675 factum
3293 3630 3397 3686 est,
3444 3620 3690 3676 eumdem

421 3710 594 3767 fuisse
652 3717 918 3781 putatote.
975 3709 1161 3781 Neque
1216 3709 1361 3765 enim
1424 3724 1453 3763 a
1519 3708 1702 3764 Mariae
1754 3717 1998 3781 tempore
2032 3710 2295 3763 duntaxat
2338 3710 2600 3778 .exstitit;
2666 3711 3123 3782 quemadmodum
3189 3712 3415 3783 quilibet
3446 3719 3690 3768 nostrum

420 3809 535 3857 tum
567 3818 690 3858 cum
724 3812 886 3859 natus
912 3811 1017 3869 est,
1047 3818 1170 3859 esse
1212 3804 1413 3872 coapit;
1457 3819 1557 3857 nec
1594 3812 1883 3873 antequam
1914 3809 2231 3859 nasceretur
2262 3802 2373 3857 ullo
2406 3804 2569 3859 modo
2608 3803 2729 3859 fuit.

503 3900 564 3951 Ὀ
606 3899 661 3951 δέ
700 3899 854 3967 ἅγιος
883 3898 1013 3962 Θεὸς
1057 3899 1251 3967 Λόγος,
1281 3899 1409 3961 Υίὺς
1438 3898 1531 3951 τοῦ
1571 3898 1730 3965 Θεοῦ,
1771 3899 2007 3970 Χριστὸς

421 3986 627 4059 Κύριος
656 3988 815 4059 ἡμῶν
852 3987 1079 4059 Ἰησοῦς,
1115 3989 1215 4040 ούκ
1247 3987 1395 4041 ἔστιν
1425 3988 1533 4041 ἀπὸ
1553 3988 1762 4058 χρόνων
1787 3990 2007 4056 Μαρίας

422 4081 585 4152 μόνον
660 4079 784 4133 οὔτε
832 4080 942 4133 ἀπὸ
973 4082 1180 4153 χρόνων
1239 4081 1436 4151 Ἰωσὴφ
1471 4080 1650 4150 μόνον,
1699 4079 1821 4133 οῦτε
1867 4080 2005 4143 Ἠλὶ,

421 4171 548 4227 οὔτε
582 4171 733 4237 Λευῒ,
764 4170 887 4225 οὕτε
914 4171 1238 4244 Ζοροϐάϐελ,
1270 4170 1393 4225 οὔτε
1425 4170 1713 4242 Σαλαθιήλ,
1748 4170 1871 4224 οὔτε
1896 4171 2008 4225 Νά-

498 4327 513 4359 ¹
545 4326 584 4380 ll
616 4325 758 4380 Tim.
791 4342 865 4391 Iv,
905 4326 991 4379 10.
1065 4328 1086 4357 ³
1115 4323 1273 4379 Joan.
1310 4326 1465 4389 1,14.

421 4483 599 4547 εἰδὼς,
658 4486 753 4538 καὶ
807 4480 1309 4554 παρηκολουθηκὼς
1344 4482 1516 4554 ἅπασι
1566 4481 1879 4554 κατηγορῶ.
1914 4481 2006 4536 Sic

422 4556 589 4627 igitur
616 4554 795 4610 Lucas
826 4553 1032 4627 ἄνωθεν
1072 4553 1611 4627 παρηκολουθηκέναι
1644 4553 1810 4606 πᾶσιν
1848 4554 2008 4625 ἀκρι-

462 4624 539 4689 ῶς
585 4626 809 4693 dicitur,
866 4625 971 4678 hoc
1019 4633 1104 4681 est
1137 4624 1453 4694 Comperta,
1480 4625 1894 4694 explorataque,
1940 4638 2005 4677 ac

427 4704 671 4765 spectata
704 4696 868 4752 etiam
909 4697 1188 4752 habuisse.
1228 4696 1308 4749 Ac
1336 4696 1510 4749 videri
1546 4702 1747 4765 potest,
1783 4704 1839 4750 et
1868 4708 2006 4748 non-

425 4767 577 4820 nulla
605 4768 693 4821 hic
727 4766 1018 4822 antithesis
1064 4782 1206 4829 esse,
1242 4773 1300 4819 ut
1343 4781 1468 4820 cum
1500 4766 1784 4829 superiore
1837 4780 2003 4819 versu

425 4838 625 4920 dixerit
651 4853 665 4889 :
690 4837 1144 4920 Quandoquidem
1185 4837 1347 4920 multi
1372 4852 1463 4892 res
1492 4851 1521 4888 a
1547 4836 1769 4920 Christo
1798 4843 2005 4920 .gestas

420 4908 667 4963 scribere
718 4906 961 4978 aggressi
1019 4915 1169 4971 sunt,
1216 4906 1415 4978 καθὼς
1442 4907 1749 4978 παρέδοσαν
1789 4909 1924 4978 ἡμῖν
1954 4907 2002 4957 οί

422 4978 515 5049 thr.”
544 4978 737 5049 ἀρχῆς
759 4976 952 5033 statim
970 4980 1225 5049 subjiciat
1250 4977 1460 5044 εἜδοξε
1475 4976 1642 5049 κάμοὶ
1664 4976 2006 5049 παρηκολου-

423 5047 636 5117 θηκότι,
665 5047 767 5102 hoc
807 5057 910 5110 est,
952 5052 1045 5119 qui
1075 5047 1233 5113 'non,
1264 5057 1324 5101 ut
1353 5049 1453 5111 illi,
1514 5047 1579 5101 ἐκ
1628 5047 2000 5119 παραδόσεως,

423 5119 519 5173 sed
549 5134 616 5172 ex
649 5120 871 5189 propria
905 5119 957 5172 id
1018 5120 1247 5176 scientia
1296 5119 1681 5188 compererim.
1731 5119 2003 5189 Caterum

420 5186 898 5244 tametsi'ad’eum
930 5206 1149 5245 sensum
1197 5186 1597 5244 accommodari
1636 5186 1800 5243 Lucae
1834 5188 2003 5243 verba

421 5260 867 5329 nihilgprohibet,
910 5276 1018 5314 non
1055 5261 1262 5315 idcirco
1296 5269 1477 5313 tamen
1516 5260 1721 5314 Christi
1756 5259 2004 5329 discipu-

422 5329 536 5383 lum
567 5327 738 5385 fuisse
764 5339 917 5384 certo
961 5333 1315 5400 pronuntiare
1345 5330 1544 5400 ausim,
1578 5345 1703 5383 cum
1740 5330 1867 5384 huic
1902 5327 2002 5400 ad-

420 5402 630 5471 versari
657 5402 941 5456 sententiae
965 5397 1133 5471 longe
1168 5402 1353 5471 plures
1397 5397 1501 5452 PP.
1538 5401 1857 5470 intelligam.
1894 5398 2003 5471 Sed

421 5469 527 5525 ista
560 5472 1011 5535 commemoravi,
1045 5469 1103 5525 ut
1134 5469 1201 5525 ne
1242 5470 1404 5525 Luca:
1430 5471 1535 5539 ipsi
1582 5471 1649 5525 de
1682 5469 1743 5525 se
1775 5470 2000 5525 testanti

425 5540 690 5610 refragari
716 5543 1008 5611 quisquam
1041 5541 1399 5611 Epiphanium
1435 5540 1751 5611 arbitretur.

497 5609 610 5684 (35)
630 5609 747 5665 Kal
769 5609 1041 5682 κηρύττει
1074 5609 1325 5684 πρῶτον.
1358 5609 1639 5684 Lucaniin
1664 5610 1836 5666 Gallia
1856 5625 2001 5684 prie:

425 5680 661 5749 dicasse,
697 5680 900 5746 nullus,
940 5683 1086 5753 quod
1137 5684 1327 5740 sciam.
1357 5680 1618 5753 prodidit.
1643 5684 1820 5752 Atque
1852 5680 1997 5736 haud

425 5754 544 5825 scin
577 5769 644 5807 an
667 5754 896 5825 Galliam
930 5752 1259 5823 Cisalpinam
1293 5752 1582 5825 intelligat,
1621 5768 1717 5825 per
1741 5767 1903 5824 quam
1944 5755 1996 5807 in

422 5822 767 5887 Dalmatiam,
794 5822 1163 5895 Graeciamque
1186 5824 1547 5881 contenderit.
1623 5822 1639 5825 ’
1761 5822 1773 5824 ’
1884 5844 1887 5847 ·

2176 3900 2246 3953 At
2302 3910 2691 3955 sacrosanctus
2745 3898 2889 3956 Deus
2944 3895 3205 3966 Verbum,
3258 3914 3322 3953 ac
3372 3897 3468 3955 Dei
3500 3898 3690 3955 Filius.

2101 3989 2354 4047 Christus
2378 3989 2539 4047 Jesus
2566 3990 2832 4047 Dominus
2857 4000 3066 4057 noster,
3110 4008 3218 4046 non
3243 4008 3273 4045 a
3304 3991 3487 4047 Mariae
3517 3993 3694 4048 solum

2103 4088 2349 4152 tempore
2374 4097 2499 4136 esse
2528 4083 2715 4153 coepit,
2741 4099 2921 4153 neque
2942 4082 3167 4153 Joseph,
3196 4083 3277 4137 vel
3307 4082 3409 4147 Eli,
3434 4084 3517 4138 vel
3539 4081 3692 4149 Levi,

2104 4172 2189 4227 vel
2215 4171 2538 4242 Zorobabel,
2573 4174 2659 4230 vel
2684 4172 2965 4241 Salatbiel,
2994 4174 3081 4229 vel
3113 4172 3350 4241 Natban,
3378 4173 3461 4229 vel
3485 4172 3694 4241 David;

2036 4521 2084 4582 ο
2184 4483 2297 4553 (54)
2326 4485 2615 4555 Κρίσκης,
2647 4480 2869 4553 φησὶν.
2922 4483 2991 4538 ἐν
3050 4483 3124 4552 τῇ
3160 4484 3415 4552 Γαλλίᾳ.
3460 4484 3575 4540 Imo
3616 4486 3695 4551 είς

2110 4554 2359 4605 Γαλλίαν.
2388 4554 2522 4605 Nam
2563 4557 2725 4605 vulgo
2771 4557 2850 4605 sic
2896 4555 3183 4605 Γαλατίαν.
3228 4554 3361 4605 Oua‘.
3406 4566 3489 4605 est
3538 4566 3695 4605 vetn-

2150 4554 2359 4609 αλλίαν.
2388 4554 2522 4609 Nam
2563 4557 2725 4625 vulgo
2771 4557 2850 4619 εἰς
2896 4555 3183 4609 Γαλατίαν.
3228 4554 3361 4621 Quae
3406 4566 3489 4611 est
3538 4566 3697 4612 vetn-

2108 4625 2352 4695 stissima
2408 4635 2464 4680 et
2506 4626 2818 4681 certissima
2888 4626 3072 4686 lectio.
3136 4626 3404 4695 quidquid
3465 4626 3696 4682 allirmet

2108 4693 2464 4765 Epiphanius.
2523 4696 2697 4762 Quam
2732 4703 2786 4749 et
2831 4698 3101 4752 Eusebius
3159 4693 3201 4750 l.
3244 4693 3303 4750 ni
3356 4696 3529 4762 Hist.,
3563 4699 3692 4759 c.4.

2105 4765 2417 4837 Chrysost.,
2456 4766 2802 4828 Ambrosius,
2846 4766 3246 4837 Theodoretus,
3303 4782 3367 4820 ac
3410 4766 3607 4829 Graaci,
3641 4778 3696 4822 et

2105 4834 2287 4908 Latini
2351 4852 2543 4892 omnes
2595 4845 2924 4908 agnoscunt.
2956 4836 3279 4908 Quanquam
3326 4854 3436 4891 non
3469 4839 3691 4899 desunt,

2105 4907 2332 5031 quifer
2354 4906 2795 4975 Γαλατίανὶψυᾱ
2829 4908 3057 4961 Paulum
3098 4906 3326 4961 Galliam
3367 4910 3691 4979 intelligant,

2107 4985 2167 5030 ut
2252 4977 2619 5031 ‘heodoretus.
2678 4977 3032 5031 Crescentem
3088 4993 3219 5031 vero
3293 4976 3595 5031 Galliarum
3641 4989 3691 5031 et

2107 4985 2167 5030 ut
2220 4976 2619 5035 'l‘hcodoretus.
2678 4977 3032 5033 Cresecntem
3088 4993 3219 5032 vero
3293 4976 3595 5032 Galliarum
3641 4989 3694 5034 et

2105 5045 2353 5121 Galatiae
2383 5049 2942 5121 pariter‘apostolum
2986 5049 3179 5111 fuisse,
3216 5047 3333 5101 Ado
3354 5049 3428 5121 _in
3458 5048 3685 5121 Martyr.

2106 5135 2139 5171 ν
2174 5118 2295 5175 Kal.
2326 5116 2437 5175 Jul.
2495 5121 2550 5174 in
2583 5116 2842 5174 Chronico
2872 5128 3125 5183 testatur,
3156 5126 3216 5171 ut
3254 5126 3309 5173 et
3353 5116 3514 5173 Rom.
3550 5116 3695 5173 Mar-

2105 5196 2213 5258 tyr.
2239 5206 2461 5246 novum.
2496 5188 2667 5245 Vetus
2689 5191 2836 5243 enim
2869 5190 3097 5244 Galatia:
3124 5188 3391 5243 duntaxat
3421 5190 3689 5244 meminit.

2104 5261 2350 5331 Eticerte
2374 5260 2609 5316 dubitari
2631 5268 2832 5331 potest,
2861 5269 3044 5315 utrum
3076 5275 3185 5331 non
3209 5259 3371 5313 modo
3398 5258 3691 5331 Crescens,

2105 5330 2203 5401 sed
2254 5334 2340 5387 vel
2400 5331 2543 5387 alius
2587 5329 2879 5401 quisquam
2936 5346 3033 5401 per
3085 5330 3177 5384 illa
3208 5337 3457 5399 tempora
3494 5329 3693 5385 Galliis

2103 5399 2385 5471 Evangelii
2411 5404 2585 5456 lucem
2609 5399 2951 5471 importarit.

2174 5469 2283 5541 (35}
2312 5472 2472 5527 Μετὰ
2492 5471 2608 5541 τὴν
2638 5469 2823 5525 αὑτοῦ
2852 5472 2970 5526 ἀπὸ
3007 5470 3117 5540 τῆς
3146 5471 3409 5540 Πάτμου.
3437 5469 3559 5541 Non
3590 5470 3688 5541 igi-

2103 5540 2195 5613 tur
2243 5540 2299 5597 in
2351 5540 2561 5597 Patmo'
2604 5542 2829 5611 scripsit
2879 5542 3285 5613 Evangeliumi
3318 5541 3413 5597 sed
3466 5540 3686 5613 Ephesi.

2100 5612 2289 5683 Neque
2330 5629 2459 5669 vero
2512 5614 2617 5668 sub
2669 5613 2922 5676 Claudio,
2966 5611 3061 5669 sed
3110 5614 3215 5669 sub
3242 5611 3419 5668 Nerva
3454 5612 3693 5667 Cocceio

2103 5684 2171 5757 ab
2207 5684 2399 5757 exsilio
2426 5698 2679 5739 reversus
2712 5691 2818 5747 est,
2848 5685 3101 5757 quamvis
3132 5686 3329 5741 iterum
3360 5690 3554 5757 postea
3586 5683 3693 5739 sub

2100 5754 2332 5810 Claudio
2375 5762 2687 5811 revocatum
2733 5755 2952 5811 asserit.
