4176 6386
509 337 604 392 9H
953 392 1001 431 4

1912 334 1968 389 S.
2020 333 2366 388 EI’IPIIANII

3676 334 3781 392 9I‘3

509 467 682 523 neque
721 450 789 506 ab
813 447 1004 513 Iacob,
1037 456 1131 504 aut
1157 448 1329 514 Isaac,
1357 456 1450 504 aut
1485 449 1553 504 ab
1583 447 1773 504 Adami
1807 463 1871 502 ac
1903 447 2092 504 Noemi

2202 448 2319 515 Βαν,
2349 445 2472 500 οὔτε
2499 444 2683 511 Δαϐὶδ,
2719 444 2841 500 οὔτε
2870 446 2978 500 ἀπὸ
3024 445 3238 512 Ἰακὼϐ,
3267 445 3390 500 οὔτε
3422 447 3529 501 ἀπὸ
3574 449 3778 516 Ἰσαὰκ,

506 545 910 615 Abraliamique
940 545 1276 614 temporibus
1302 562 1316 610 ;
1359 545 1452 600 sed
1479 559 1576 598 nec
1610 559 1640 598 a
1664 543 1753 599 die
1769 543 1979 613 quinta,
2007 543 2090 596 vel

505 652 722 708 quarm,
746 639 830 694 vel
861 638 1040 699 tertia,
1070 637 1155 692 vel
1175 636 1412 692 secunda
1439 654 1454 701 ;
1479 637 1586 690 imo
1609 651 1676 692 ne
1694 651 1762 692 ex
1781 652 1847 691 eo
1871 636 2091 706 quidem

508 740 771 801 tempore,
803 746 914 800 quo
943 730 1139 784 etnIum
1164 744 1228 782 ac
1253 737 1401 783 terra
1425 728 1770 798 mundusque
1795 727 2092 783 fabricatus

508 835 593 879 est
625 843 640 878 :
673 823 767 878 sed
803 821 868 876 In
896 823 1155 892 principio
1186 831 1300 875 erat
1350 820 1598 886 Verbum,
1636 831 1685 875 et
1724 821 1941 874 Verbum
1981 828 2095 873 erat

509 915 649 983 apud
679 914 866 976 Deum,
906 923 954 966 et
985 911 1124 965 Deus
1152 921 1268 965 erat
1301 909 1544 964 Verbum.
1581 909 1773 965 Omnia
1811 924 1902 976 per
1926 910 2095 976 ipsum

512 1007 657 1074 facta
683 1017 826 1066 sunt,
859 1015 909 1059 et
937 1005 1048 1057 sine
1067 1005 1177 1072 ipso
1201 1002 1401 1070 factum
1433 1011 1510 1056 est
1541 1001 1694 1066 nihil,
1723 1001 1861 1072 quod
1895 1000 2097 1070 factum

511 1110 611 1160 est,
639 1109 750 1153 etc.
775 1097 840 1151 Et
881 1096 1097 1150 Verbum
1121 1112 1246 1148 caro
1281 1096 1482 1164 factum
1520 1103 1618 1157 est,
1655 1103 1704 1148 et
1748 1093 2001 1146 habitavit
2044 1093 2096 1144 in

514 1191 686 1254 nobis,
728 1200 777 1244 et
821 1190 1042 1243 vidimus
1096 1188 1251 1242 illud.
1289 1186 1526 1241 Deinde:
1579 1185 1705 1238 Fuit
1729 1185 1882 1240 homo
1903 1185 2096 1237 missus

516 1299 549 1335 a
589 1281 735 1346 Deo,
776 1282 861 1334 cui
886 1296 1071 1333 nomen
1099 1289 1212 1333 erat
1233 1278 1489 1332 Ioannes.
1536 1275 1637 1330 Hic
1680 1277 1814 1331 venit
1849 1278 1903 1329 in
1959 1278 2100 1330 testi-

515 1375 770 1436 monium,
822 1382 877 1426 ut
912 1373 1265 1426 testimonium
1314 1369 1599 1440 perhiberet
1654 1369 1718 1423 de
1772 1368 1988 1431 lumine,
2041 1379 2095 1420 ut

516 1485 693 1522 omnes
744 1468 1008 1521 crederent
1057 1481 1148 1533 per
1198 1464 1372 1519 illum.
1430 1462 1550 1517 Non
1595 1473 1710 1516 erat
1751 1463 1879 1528 lux,
1922 1462 2010 1516 sed
2040 1473 2096 1515 ut

518 1560 871 1614 testimonium
909 1557 1198 1625 perhiberet
1244 1555 1307 1610 de
1347 1555 1564 1610 lumine.
1622 1553 1755 1608 Erat
1796 1555 1890 1608 lus;
1938 1571 2094 1617 vera,

2191 539 2317 592 οὗτε
2340 539 2448 594 ἀπὺ
2473 538 2680 610 χρόνων
2702 537 2797 592 τοῦ
2834 539 3030 609 Ἀδὰμ,
3051 538 3174 592 οὔτε
3196 539 3343 603 Νῶε,
3365 538 3487 593 οὔτε
3503 541 3778 612 Ἀϐραὰμ,

2193 633 2317 686 οὔτε
2349 632 2458 687 ἀπὸ
2492 633 2591 703 τῆς
2617 631 2876 702 πέμπτης
2902 632 3135 703 ἡμέρας,
3167 631 3291 686 οὔτε
3319 632 3427 686 ἀπὸ
3458 635 3558 702 τῆς
3588 634 3781 704 τετάρ-

2193 740 2294 794 της
2321 722 2555 794 ήμέρας,
2583 721 2708 776 οὔτε
2736 722 2846 776 ἀπὸ
2876 724 2974 794 τῆς
3006 723 3217 794 τρίτης,
3251 721 3376 776 οὔτε
3405 723 3512 776 ἀπὸ
3540 724 3639 794 τῆς
3665 724 3784 777 δευ-

2193 818 2379 889 τέρας,
2405 815 2529 870 οὔτε
2559 814 2744 879 ὲξότου
2777 815 3004 886 οὐρανὸς
3033 816 3125 868 καὶ
3151 817 3183 886 ή
3214 816 3285 886 γῆ
3317 815 3628 886 γεγένηται,
3660 816 3782 870 οὔτε

2195 911 2378 978 seems
2401 911 2429 963 ὁ
2457 908 2683 978 κόσμος·
2721 906 2856 961 ἀλλὰ
2893 909 2997 960 Ἑν
3024 906 3182 976 ἀρχῇ
3213 903 3292 976 ἦν
3324 911 3356 960 ό
3381 909 3591 977 Λόγος,
3622 909 3720 962 καὶ
3745 911 3777 962 ό

2197 1004 2388 1071 Λόγος
2412 997 2491 1071 ἦν
2515 1001 2667 1069 πρὸς
2698 999 2806 1052 τὸν
2837 998 3008 1063 Θεὸν,
3053 999 3152 1053 καὶ
3189 999 3330 1066 Θεὸς
3378 996 3458 1070 ἦν
3501 1003 3533 1054 ό
3571 1003 3781 1070 Λόγος.

2198 1094 2402 1149 Πάντα
2421 1093 2495 1146 δι’
2519 1093 2708 1148 αὐτοῦ
2733 1092 2995 1162 ἐγένετο,
3023 1093 3119 1145 καὶ
3143 1092 3322 1161 χωρὶς
3344 1093 3530 1148 αὐτοῦ
3548 1094 3785 1164 ἐγένετο

2199 1186 2340 1242 οὐδὲ
2368 1187 2458 1254 ἓν,
2490 1187 2522 1240 ὃ
2553 1187 2786 1257 γέγονε,
2825 1187 2920 1239 καὶ
2945 1187 3015 1239 τὰ
3046 1185 3192 1257 ἑξῆς.
3217 1187 3330 1242 Kal
3359 1190 3391 1241 ό
3416 1189 3606 1258 Λόγος
3629 1187 3785 1256 σὰρξ

2200 1280 2460 1349 ἐγένετο,
2490 1280 2590 1336 καὶ
2618 1279 2975 1345 ἐσκήνωσεν
2994 1280 3064 1332 ἐν
3088 1277 3253 1348 ἡμῖν,
3296 1279 3395 1333 καὶ
3420 1280 3661 1350 ειδομεν
3687 1285 3787 1336 αὐ-

2198 1373 2322 1426 τόν.
2355 1369 2510 1427 Εἷτα’
2560 1372 2823 1442 Ἐγένετο
2856 1370 3165 1438 ἅνθρωπος
3193 1371 3653 1441 ἀπεσταλμένος
3677 1387 3787 1426 παρ

2190 1464 2270 1534 ρὰ
2305 1465 2474 1526 Θεοῦ.
2505 1465 2694 1532 ὄνομα
2729 1464 2892 1530 αὐτῷ
2932 1465 3224 1531 Ἰωάννης.
3268 1459 3459 1530 Οὗτος
3488 1461 3674 1534 ἦλθεν
3699 1467 3787 1531 εις

2193 1555 2543 1624 μαρτυρίαν,
2580 1555 2680 1608 ἵνα
2723 1555 3083 1624 μαρτυρήσῃ
3122 1555 3253 1623 περὶ
3290 1555 3396 1609 τοῦ
3437 1556 3653 1625 φωτὸς,
3686 1559 3786 1611 ἵνα

515 1666 634 1719 qua:
665 1648 935 1704 illuminat
981 1665 1184 1703 omnem
1219 1647 1479 1700 hominem
1527 1647 1813 1700 venientem
1853 1647 1908 1700 in
1963 1646 2098 1698 hunc

2202 1645 2420 1710 πάντες
2445 1648 2823 1701 πιστεύσωσι
2857 1646 2931 1700 δι’
2957 1647 3164 1701 αὑτοῦ.
3201 1649 3324 1702 Οὐκ
3353 1644 3433 1718 ἦν
3463 1648 3695 1716 ἐκεῖνος
3717 1650 3786 1719 to

517 1741 792 1796 inundum.
852 1739 918 1794 In
978 1739 1173 1793 mundo
1234 1749 1371 1802 erat,
1414 1749 1463 1792 et
1521 1737 1746 1793 mundus
1786 1754 1877 1805 per
1925 1739 2096 1808 ipsum

2202 1738 2343 1806 φῶς·
2389 1739 2527 1794 ἀλλ’
2570 1740 2671 1792 ἵνα
2709 1739 3071 1808 μαρτυρήσῃ
3112 1740 3246 1808 περὶ
3281 1714 3389 1794 τοῦ
3422 1743 3638 1810 φωτός.
3671 1714 3788 1798 Ἦνῖ

517 1831 690 1900 factus
716 1841 816 1894 est,
855 1843 903 1885 et
928 1829 1152 1883 mundus
1180 1846 1298 1883 eum
1349 1844 1451 1882 non
1490 1830 1746 1899 cognovit.
1787 1827 1850 1881 In
1882 1831 2097 1895 propria

2202 1830 2263 1884 τὸ
2301 1829 2427 1899 φῶς
2459 1831 2524 1884 τὸ
2553 1832 2868 1899 ἀληθινὸν,
2904 1831 2936 1884 ὅ
2979 1831 3210 1900 φωτίζει
3248 1832 3447 1886 πάντα
3471 1833 3787 1902 ἄνθρωπον

517 1925 674 1990 venit,
727 1933 777 1978 et
830 1925 913 1978 sui
941 1940 1059 1978 eum
1106 1939 1210 1976 non
1254 1932 1574 1990 receperunt.
1622 1921 1784 1994 435
1831 1922 2101 1992 Quotquot

518 2028 695 2072 autem
721 2026 1019 2087 receperunt
1046 2032 1185 2082 eum,
1218 2015 1362 2069 dedit
1392 2016 1466 2069 eis
1496 2023 1806 2084 potestatem
1831 2013 1971 2082 ﬁlios
2004 2013 2101 2068 Dei

519 2114 638 2182 ﬁeri
669 2128 688 2166 :
725 2112 814 2182 qui
843 2127 945 2166 non
983 2126 1048 2164 ex
1079 2107 1425 2179 sanguinibus
1465 2117 1513 2162 et
1558 2124 1737 2172 carne,
1781 2109 1870 2162 sed
1910 2119 1974 2160 ca:
1993 2107 2101 2161 Deo

519 2204 633 2258 nati
665 2213 808 2256 sunt.
842 2201 908 2256 Et
941 2201 1166 2260 Verbum
1195 2219 1320 2256 caro
1343 2201 1544 2270 factum
1569 2209 1666 2263 est,
1696 2199 1790 2263 ait,
1817 2213 1866 2255 et
1895 2199 2102 2254 habita-

519 2295 591 2347 vit
613 2295 668 2346 in
690 2293 861 2347 nobis.
887 2292 1118 2347 Joannes
1145 2293 1500 2346 testimonium
1525 2290 1777 2359 perhibet,
1799 2299 1846 2346 et
1878 2291 2098 2354 clamat,

517 2386 695 2440 dicens
725 2402 742 2439 .'
777 2383 879 2438 Hic
911 2394 1025 2438 erat
1054 2401 1204 2456 quem
1241 2384 1356 2438 dixi
1378 2384 1559 2444 vobis;
1589 2395 1639 2438 et
1675 2383 1738 2442 de
1775 2384 2099 2452 plenitudine

517 2479 631 2544 ejus
675 2494 768 2531 nos
805 2494 981 2530 omnes
1023 2477 1337 2544 accepimus.
1387 2476 1452 2529 Et
1502 2475 1630 2529 dicit
1659 2490 1676 2528 :
1713 2473 1820 2545 Ego
1847 2491 1947 2529 non
1980 2492 2096 2528 sum

520 2567 784 2631 Christus,
813 2569 902 2622 sed
930 2583 1028 2622 vos:
1059 2569 1336 2624 clamantis
1361 2568 1414 2622 in
1453 2572 1657 2621 deserto
1691 2567 1729 2621 '.

2199 1923 2526 1992 ἐρχόμενον
2557 1926 2644 1988 εὶς
2674 1921 2783 1976 τὸν
2805 1925 3059 1993 κόσμον.
3097 1924 3193 1977 Ἐν
3217 1923 3298 1990 τῷ
3327 1929 3534 1996 κόσμῳ
3560 1924 3658 1996 ἦν,
3687 1929 3785 1982 καὶ

2201 2018 2234 2069 ό
2265 2016 2494 2084 κόσμος
2525 2014 2600 2067 δι’
2632 2016 2821 2070 αὑτοῦ
2852 2016 3114 2085 ἐγένετο,
3150 2018 3248 2072 καὶ
3283 2021 3315 2072 ό
3349 2021 3574 2089 κόσμος
3599 2022 3788 2074 αὑτὸν

2201 2110 2312 2162 οὐκ
2331 2109 2504 2177 ἔγνω..
2539 2110 2644 2174 Εἰς
2669 2108 2740 2162 τὰ
2771 2108 2891 2162 ἴδια
2923 2105 3093 2179 ἦλθε,
3128 2109 3229 2163 καὶ
3264 2114 3317 2164 οἱ
3343 2110 3482 2165 ἴδιοι
3501 2111 3689 2165 αὐτὸν
3715 2113 3786 2165 οὐ

2201 2200 2562 2268 παρέλαϐον.
2591 2202 2756 2254 Ὅσοι
2779 2201 2846 2254 δὲ
2867 2203 3090 2256 ἔλαϐον
3113 2203 3322 2266 αὐτὸν,
3341 2204 3566 2258 ἔδωκεν
3584 2204 3788 2269 αὐτοῖς

2203 2290 2496 2354 ἐξουσίαν
2524 2291 2707 2344 τέκνα
2741 2291 2890 2346 Θεοῦ
2935 2293 3235 2362 γενέσθαι·
3271 2294 3327 2347 οἳ
3358 2297 3468 2349 οὐκ
3510 2295 3580 2360 ἐξ
3619 2294 3789 2365 alario

2203 2399 2323 2436 των
2348 2382 2445 2436 καὶ
2473 2383 2726 2451 σαρκὸς,
2756 2384 2897 2438 ἀλλ’
2924 2384 2994 2438 ἐκ
3034 2385 3182 2440 Θεοῦ
3208 2386 3648 2456 ἐγεννήθησαν.
3679 2385 3791 2442 Kal

2203 2478 2237 2528 ό
2274 2475 2466 2543 Λόγος
2495 2476 2651 2544 σὰρξ
2680 2476 2939 2546 ἐγένετο,
2984 2479 3138 2547 φησὶ,
3185 2477 3285 2531 καὶ
3325 2478 3793 2543 κατεσκήνωσεν

2201 2567 2272 2620 ἐν
2304 2567 2467 2636 ἡμῖν.
2508 2567 2782 2636 Ἰωάννης
2805 2569 3112 2637 μαρτυρεῖ,
3151 2569 3249 2623 καὶ
3289 2569 3540 2638 κέκραγε
3568 2571 3783 2633 λέγων·

523 2661 710 2730 Οὗτος
744 2661 843 2734 ἦν,
877 2665 949 2720 ὃν
975 2659 1150 2718 εἷπον
1177 2663 1335 2733 ὑμῖν·
1367 2664 1466 2718 καὶ
1506 2664 1595 2716 ὅτι
1636 2664 1703 2717 ἐκ
1737 2661 1844 2716 τοῦ
1899 2662 2291 2732 πληρώματος
2343 2664 2530 2718 αὐτοῦ
2569 2664 2737 2734 ἡμεῖς
2783 2665 3007 2732 πάντες
3055 2665 3366 2736 ἐλάϐομεν.
3425 2669 3536 2722 Kal
3605 2673 3788 2737 λέγει·

523 2763 645 2813 Οὐκ
676 2759 791 2827 ειμι
819 2759 934 2826 ἐγὼ
968 2761 1000 2813 ό
1032 2759 1310 2827 Χριστὸς,
1341 2757 1503 2813 ἀλλὰ
1534 2759 1703 2826 φωνὴ
1728 2755 2003 2823 βοῶντος
2035 2758 2101 2811 ἐν
2137 2756 2210 2826 τῇ
2238 2757 2453 2826 ἐρήμῳ.

589 2851 728 2906 XIII.
759 2852 970 2918 Quibus
1001 2853 1286 2922 expositis,
1326 2851 1400 2906 ita
1457 2851 1650 2905 deinde
1693 2851 2045 2921 prosequitur
2078 2869 2089 2904 :

525 2943 654 3000 Ηαέ
681 2946 732 2998 in
759 2943 1058 2997 Bethabara
1089 2943 1234 3012 facta
1263 2952 1384 2996 sunt
1404 2944 1445 2994 ².
1475 2941 1529 2996 In
1563 2942 1683 2997 aliis
1704 2943 2104 3012 exemplaribus

517 3046 648 3092 est:
687 3035 966 3098 Bethania,
1016 3045 1162 3089 trans
1197 3033 1509 3089 Iordanem.
1556 3032 1686 3088 Post
1738 3033 1851 3088 haec
1913 3041 2100 3087 narrat

2282 2850 2377 2902 II".
2410 2849 2513 2903 Καὶ
2537 2851 2626 2903 ὅτε
2655 2851 2922 2922 διηγεῖται
2953 2851 3128 2905 ταῦτα
3160 2851 3358 2915 πάντα,
3393 2851 3562 2920 λέγει’
3603 2852 3793 2907 Ταῦτα

2209 2942 2279 2996 ἐν
2293 2943 2609 3011 Βηθαϐαρᾷ
2627 2943 2736 3014 (56)
2755 2944 3013 3014 ἐγένετο.
3037 2945 3128 2997 Ἐν
3148 2944 3327 3007 ἄλλοις
3345 2944 3399 2997 δὲ
3417 2945 3789 3016 ἀντιγράφοις,

2209 3036 2280 3088 έν
2300 3039 2586 3104 Βηθανίᾳ,
2619 3037 2809 3105 πέραν
2833 3036 2939 3090 τοῦ
2973 3037 3290 3105 Ἰορδάνου.
3322 3038 3431 3091 Καὶ
3457 3039 3594 3107 μετὰ
3620 3037 3792 3090 ταῦτα

519 3127 747 3183 Ioannis
786 3127 1087 3196 discipulos
1140 3127 1504 3196 interrogasse
1539 3145 1550 3180 :
1597 3124 1786 3188 Rabbi,
1822 3125 1912 3178 ubi
1951 3124 2100 3178 habi-

2204 3127 2494 3191 δείκνυσιν,
2527 3129 2610 3182 ὅτι
2643 3125 2797 3182 εἷπον
2829 3128 2978 3199 αὐτῷ
3003 3131 3050 3182 οἱ
3083 3129 3190 3183 ἀπὸ
3213 3129 3306 3182 τοῦ
3337 3128 3587 3182 Ἰωάννου
3616 3129 3791 3201 μαθη-

523 3223 649 3275 tas?
678 3219 889 3286 Quibus
937 3219 1027 3274 ille
1077 3218 1396 3289 respondit:
1439 3218 1639 3284 Venite,
1685 3227 1733 3272 et
1791 3219 1976 3272 videte.
2034 3216 2102 3270 Et

521 3311 785 3373 abierunt,
816 3320 864 3365 et
892 3309 1030 3378 apud
1057 3327 1173 3364 eum
1204 3319 1511 3363 manserunt
1537 3309 1620 3364 die
1655 3309 1769 3362 illa.
1803 3308 1869 3362 Et
1895 3319 2104 3377 postera

521 3405 627 3467 die,
671 3404 804 3458 hora
845 3413 961 3457 erat
1004 3404 1158 3474 quasi
1201 3403 1450 3467 decima;
1493 3412 1606 3457 erat
1649 3402 1886 3456 Andreas
1935 3403 2105 3469 frater

525 3497 758 3554 Simonis
808 3499 954 3552 Petri
1006 3514 1142 3552 unus
1183 3512 1248 3552 ex
1295 3495 1498 3550 duobus
1544 3497 1633 3566 qui
1685 3497 1851 3550 secuti
1893 3495 2102 3564 fuerant

523 3608 662 3647 eum.
699 3589 900 3645 Invenit
939 3590 1022 3643 hic
1059 3590 1260 3658 primus
1288 3590 1509 3658 fratrem
1547 3604 1704 3642 suum
1743 3586 2030 3652 Simonem,
2055 3597 2104 3641 et

523 3684 652 3738 dicit
698 3683 747 3737 ei
792 3698 811 3736 :
868 3680 1167 3736 Invenimus
1226 3680 1518 3744 Messium,
1575 3681 1665 3751 qui
1723 3680 2104 3750 interpretatur

523 3776 790 3830 Christus.
837 3773 938 3826 llic
966 3773 1189 3826 adduxit
1225 3791 1343 3828 eum
1383 3773 1451 3826 ad
1487 3771 1692 3826 Jesum.
1743 3771 1979 3826 Intuitus
2006 3789 2098 3824 au-

525 3877 624 3921 tem
651 3884 769 3920 eum
799 3864 954 3919 Iesus
999 3865 1180 3918 dixit:
1220 3863 1298 3918 Tu
1335 3881 1388 3918 es
1432 3862 1615 3918 Simon
1653 3864 1796 3933 ﬁlius
1833 3861 2012 3926 Iona;
2047 3877 2101 3916 tu

524 3956 793 4012 vocaberis
821 3954 1043 4023 Cephas,
1068 3955 1206 4025 quod
1237 3957 1615 4023 interpretatur
1646 3954 1856 4010 Petrus.
1889 3953 1956 4008 In
1991 3971 2105 4008 cra-

524 4047 723 4100 stinum
756 4047 916 4098 voluit
947 4044 1090 4097 eaire
1129 4045 1180 4098 in
1223 4043 1527 4108 Galilcvam,
1569 4053 1617 4098 et
1658 4044 1850 4100 invenit
1898 4043 2103 4113 Philip-

523 4154 671 4208 pum,
711 4147 755 4193 τι
781 4137 908 4190 dicit
930 4139 977 4190 ei
999 4135 1193 4190 Iesus:
1223 4134 1444 4206 Sequere
1474 4152 1572 4190 me.
1599 4135 1733 4193 Erat
1769 4145 1944 4192 autem
1975 4135 2105 4189 Phi-

527 4231 694 4299 lippus
725 4247 756 4283 a
788 4229 1094 4292 Bethsaida,
1131 4229 1337 4282 civitate
1372 4229 1598 4283 Andrete
1629 4239 1678 4282 et
1703 4228 1868 4283 Petri.
1897 4228 2104 4283 Invenit

524 4324 803 4394 Philippus
869 4321 1212 4385 Nathanael,
1264 4331 1314 4375 et
1362 4323 1490 4375 dicit
1539 4323 1638 4376 ei:
1680 4322 1846 4389 Quem
1889 4323 2103 4392 scripsit

525 4414 735 4486 Moyses
762 4415 815 4468 in
845 4414 971 4484 lege,
1008 4424 1058 4467 et
1091 4413 1372 4482 prophetes,
1396 4413 1686 4468 invenimus
1716 4414 1900 4469 Iesum
1931 4414 2103 4482 [ilium

2205 3219 2316 3272 ταί·
2360 3221 2569 3280 Ῥαϐὅὶ,
2623 3221 2742 3274 ποῦ
2789 3221 3027 3288 μένεις;
3067 3222 3124 3274 Ὁ
3157 3221 3214 3273 δὲ
3255 3215 3396 3274 εἷπε
3444 3219 3642 3286 Δεῦτε,
3694 3221 3795 3275 καὶ

2207 3312 2380 3366 ἴδετε.
2423 3315 2535 3368 Καὶ
2573 3313 2874 3382 ἀπῆλθον.
2919 3315 3015 3366 καὶ
3050 3315 3184 3383 παρ’
3212 3313 3370 3378 αὐτῷ
3403 3313 3652 3383 ἔμειναν
3679 3314 3796 3381 τὴν

2203 3402 2436 3472 ἡμέραν
2448 3405 2708 3471 ἐκείνην.
2733 3403 2842 3458 Kal
2869 3402 2940 3470 τῇ
2955 3402 3185 3469 αὔριον,
3210 3399 3330 3469 ὥρα
3351 3399 3430 3470 ἦν
3443 3402 3522 3466 ὡς
3545 3400 3788 3468 δεκάτηο

2205 3491 2285 3566 ἦν
2324 3496 2594 3564 Ἀνδρέας
2637 3499 2671 3550 ό
2713 3494 2978 3563 ἁδελφὸς
3027 3494 3294 3562 Σίμωνος
3325 3493 3574 3560 Πέτρου,
3610 3489 3792 3560 eicere

2204 3588 2326 3642 τῶν
2362 3587 2472 3642 δύο
2517 3587 2638 3642 τῶν
2681 3586 3234 3654 ἀκολουθησάντων
3279 3585 3460 3652 αὐτῷ.
3507 3587 3794 3654 Εὐρίσκει

2206 3677 2384 3746 οὗτος
2408 3680 2639 3747 πρῶτος
2667 3682 2776 3733 τὸν
2797 3679 3064 3748 ἀδελφὸν
3088 3680 3195 3735 τὸν
3225 3678 3379 3733 ἴδιον
3412 3679 3666 3748 Σίμωνα,
3691 3679 3791 3734 καὶ

2203 3776 2367 3842 λέγει
2414 3772 2593 3837 αὐτῷ’
2633 3771 2990 3842 Εὑρήκαμεν
3028 3773 3328 3837 Μεσσίαν,
3369 3772 3477 3825 τὸν
3507 3774 3796 3840 μεθερμη-

2205 3864 2537 3934 νευόμενον
2590 3864 2870 3932 Χριστόν.
2920 3859 3107 3929 Οὗτος
3138 3862 3364 3932 ἤγαγεν
3405 3862 3594 3916 αὑτὸν
3641 3861 3794 3931 πρὸς

2206 3959 2314 4011 τὸν
2349 3957 2598 4025 Ἰησοῦν.
2647 3957 2975 4027 Ἐμϐλέψας
3007 3956 3075 4009 δὲ
3103 3956 3263 4022 αὐτῷ
3289 3960 3322 4010 ό
3361 3956 3612 4024 Ἰησοῦς,
3637 3952 3789 4010 εἷπε·

2205 4051 2291 4106 Σὺ
2343 4047 2402 4104 εἴ
2451 4053 2646 4120 Σίμων
2693 4050 2824 4115 υἱὸς
2884 4049 3063 4103 Ἰωνᾶ·
3113 4049 3197 4101 σὺ
3242 4047 3521 4116 κληθήσῃ
3560 4047 3790 4117 Κηφᾶς,

2205 4145 2238 4198 ὃ
2284 4145 2669 4213 ἑρμηνεύεται
2719 4145 2962 4210 Πέτρος.
3022 4141 3101 4211 Τῇ
3148 4143 3438 4210 ἐπαύριον
3486 4141 3795 4209 ἠθέλησεν

2205 4235 2473 4303 ἐξελθεῖν
2501 4237 2589 4300 εἰς
2615 4235 2730 4304 τὴν
2758 4235 3117 4298 Γαλιλαίαν,
3148 4234 3246 4288 καὶ
3280 4235 3546 4303 εὑρίσκει
3576 4235 3792 4287 Φίλιπ-

2206 4344 2345 4391 πον,
2395 4327 2490 4381 καὶ
2531 4327 2693 4396 λέγει
2736 4327 2900 4392 αὐτῷ
2934 4331 2965 4380 ὁ
3008 4327 3260 4394 Ἰησοῦς⁸
3306 4327 3638 4381 Ἀκολούθει
3665 4343 3790 4396 μοι.

2205 4414 2315 4473 Ἦν
2339 4417 2407 4471 δὲ
2433 4418 2729 4484 Φίλιππος
2772 4418 2890 4472 ἀπὸ
2934 4416 3263 4484 Βηθσαὶδᾶ,
3309 4418 3377 4471 ἐκ
3417 4417 3524 4484 τῆς
3558 4418 3795 4483 πόλεως

523 4507 715 4575 Ioseph.
743 4523 774 4559 a
810 4505 1104 4560 Nusareth.
1136 4505 1201 4558 Et
1233 4505 1369 4558 dixit
1392 4507 1440 4559 ei
1468 4504 1772 4560 Nathanael
1796 4521 1814 4558 :
1846 4508 1887 4560 A
1920 4505 2100 4560 Naza-

2219 4509 2488 4578 Ἀνδρέου
2543 4510 2640 4564 καὶ
2691 4509 2938 4577 Πέτρου.
2990 4511 3278 4578 Εὐρίσκει
3330 4511 3626 4575 Φίλιππος
3683 4508 3796 4562 τὸν

525 4601 636 4655 reth
674 4609 844 4668 potest
877 4599 1079 4669 aliquid
1125 4600 1244 4653 boni
1290 4602 1442 4654 esse?
1491 4598 1635 4652 Dicit
1686 4601 1734 4653 ei
1783 4597 2056 4668 Philippus
2085 4615 2103 4652 :

533 4692 662 4746 Veni
701 4703 748 4744 et
802 4691 934 4745 vide.
975 4690 1166 4744 Videns
1241 4701 1414 4744 autem
1459 4689 1615 4745 Iesus
1666 4689 1968 4744 Nathanael
2017 4708 2100 4745 ve-

523 4785 748 4840 nientem
781 4783 849 4836 ad
888 4799 940 4837 se
975 4782 1109 4838 dixit
1153 4783 1214 4836 de
1241 4785 1352 4852 ipso
1381 4799 1399 4837 :
1432 4782 1564 4837 Ecce
1589 4800 1702 4837 vere
1741 4782 2012 4845 Israelita,
2049 4785 2100 4835 in

522 4893 624 4948 quo
654 4875 809 4930 dolus
863 4892 966 4928 non
1020 4885 1117 4929 est.
1172 4874 1314 4929 Dicit
1359 4877 1407 4929 ei
1457 4875 1810 4930 Nathanael:
1845 4874 1991 4929 Unde
2023 4893 2102 4929 me

524 4971 706 5023 nosti?
740 4967 1024 5035 Respondit
1057 4967 1238 5030 Iesus,
1290 4977 1339 5022 et
1382 4969 1522 5021 dixit
1569 4969 1616 5021 ei
1645 4984 1661 5020 :
1701 4967 2022 5038 Priusquam
2056 4979 2102 5022 te

526 5061 803 5129 Philippus
836 5069 1061 5122 vocaret,
1105 5076 1222 5112 cum
1265 5076 1401 5113 esses
1443 5059 1538 5114 sub
1579 5060 1682 5129 ficu
1735 5060 1840 5113 vidi
1883 5070 1946 5113 te.
1999 5058 2101 5113 Re-

521 5154 729 5222 spondit
753 5155 802 5207 ei
835 5151 1160 5213 Nathanael,
1193 5163 1243 5206 et
1284 5153 1418 5206 dixit
1451 5167 1468 5206 :
1500 5151 1685 5217 Rabbi,
1730 5163 1786 5206 tu
1827 5170 1879 5208 es
1927 5152 2102 5207 Filius

525 5247 639 5310 Dei,
674 5255 728 5299 tu
757 5263 810 5299 es
851 5261 942 5300 rex
973 5245 1168 5299 Israel.
1201 5245 1485 5314 Respondit
1536 5243 1712 5302 Iesus.
1743 5253 1792 5299 et
1835 5245 1969 5298 dixit
2010 5247 2057 5299 ei
2084 5262 2102 5299 :

521 5341 662 5405 Quia
695 5339 810 5392 dixi
840 5338 973 5392 tibi:
1015 5338 1134 5392 Vidi
1184 5347 1228 5392 te
1277 5337 1370 5392 sub
1413 5339 1538 5408 ﬁcu,
1577 5337 1786 5393 credis?
1813 5336 1991 5406 Majas
2022 5337 2102 5392 his

520 5431 740 5486 videbis.
774 5431 839 5485 Et
870 5431 1007 5485 dixit
1037 5433 1086 5486 ei
1114 5449 1132 5485 :
1164 5432 1349 5494 Amen,
1383 5448 1533 5486 amen
1571 5431 1688 5485 dico
1719 5429 1882 5495 vobis,
1911 5429 2103 5485 videbi—

595 5593 610 5624 ¹
637 5591 796 5646 Ioan.
829 5607 871 5656 ι,
904 5591 924 5644 I
960 5608 1082 5661 sqq.
1161 5593 1179 5622 ²
1214 5591 1344 5645 ibid.
1377 5590 1448 5644 9.8
1473 5606 1593 5660 sqq.

593 5749 706 5819 (⁸56)
743 5749 935 5819 Ταῦτα
959 5749 1027 5801 ἐν
1051 5746 1384 5818 Βηθαϐαρᾷ.
1417 5746 1659 5819 Utraque
1687 5761 1796 5819 vos
1827 5753 1880 5799 et
1911 5743 2106 5819 Boebe-

524 5813 766 5888 bare,'et
799 5818 1059 5875 Bethania
1123 5813 1585 5889 opud'antiquos’
1626 5816 1913 5886 reperitur.
1970 5813 2104 5870 Vide

2205 4603 2552 4670 Ναθαναὴλ,
2595 4602 2692 4655 καὶ
2719 4601 2882 4672 λέγει
2911 4601 3091 4667 αὐτῷ·
3134 4604 3236 4655 Ὃν
3266 4603 3492 4672 ἔγραψε
3528 4599 3795 4668 Μωῢσῆς

2205 4697 2274 4748 ἐν
2300 4693 2379 4760 τῷ
2403 4694 2583 4764 νόμῳ,
2610 4694 2708 4747 καὶ
2733 4697 2788 4748 οἱ
2819 4695 3137 4764 προφῆται,
3171 4694 3506 4764 εΐφήκαμεν
3547 4694 3797 4762 Ἰησοῦν

2205 4790 2340 4841 υἱὸν
2384 4787 2492 4841 τοῦ
2549 4785 2761 4854 Ἰωσὴφ
2813 4788 2921 4841 τὸν
2969 4787 3086 4841 ἀπὸ
3135 4787 3413 4854 Ναζαρέτ.
3460 4787 3570 4842 Kal
3621 4783 3795 4841 εἶπεν

2205 4880 2363 4946 αὐτῷ
2393 4880 2742 4949 Ναθαναήλ’
2784 4881 2879 4933 Ἐκ
2915 4881 3176 4949 Ναζαρὲτ
3207 4880 3460 4934 δύναταί
3485 4898 3537 4933 τι
3565 4881 3794 4950 ἀγαθὸν

2207 4969 2395 5036 el-rcu;
2427 4972 2597 5042 Λέγει
2626 4970 2785 5036 αὐτῷ
2807 4975 2839 5024 ό
2858 4972 3173 5036 Φίλιππος·
3204 4973 3442 5039 Ἔρχου,
3480 4969 3587 5024 ἴδε.
3632 4969 3796 5026 Ἰδὼν

2209 5063 2276 5116 δὲ
2310 5067 2342 5117 ό
2384 5062 2616 5130 Ἰησοῦς
2644 5061 2753 5115 τὸν
2786 5060 3114 5129 Ναθαναὴλ
3151 5061 3480 5130 ἐρχόμενον
3507 5061 3656 5129 πρὸς
3679 5062 3794 5114 αὐ·

2209 5155 2336 5217 τὸν,
2359 5155 2522 5224 λέγει
2551 5154 2682 5222 περὶ
2708 5154 2915 5207 αὐτοῦ’
2975 5153 3088 5207 Ἴδε
3115 5153 3356 5219 ἀληθῶς
3398 5154 3790 5222 Ἰσραηλίτης,

2208 5247 2278 5299 ἐν
2303 5240 2350 5313 ᾧ
2383 5246 2562 5313 δόλος
2596 5248 2706 5300 οὐκ
2736 5245 2888 5299 ἐστι.
2925 5244 3093 5315 Λέγει
3123 5246 3282 5310 αὐτῷ
3309 5244 3654 5309 Ναθαναήλ·
3680 5243 3794 5297 Πό-

2209 5342 2313 5393 θεν
2339 5355 2416 5408 με
2445 5339 2795 5408 γινώσκεις;
2847 5337 3151 5406 Ἀπεκρίθη
3196 5335 3449 5405 Ἰησοῦς,
3495 5337 3593 5390 καὶ
3622 5332 3796 5389 εἶπεν

2208 5429 2385 5495 αὐτῷ·
2428 5431 2549 5499 Πρύ
2576 5431 2682 5485 τοῦ
2711 5444 2785 5484 σε
2799 5431 3098 5484 Φίλιππον
3128 5427 3475 5501 [φωνῆσαιμ
3503 5428 3648 5481 ὄντα
3675 5429 3792 5481 ὑπὸ

2215 5758 2336 5812 quae
2359 5742 2425 5797 dc
2456 5741 2560 5796 hoc
2587 5739 2711 5794 loco
2766 5739 3038 5812 scripsere
3077 5737 3281 5812 Musius
3315 5748 3367 5796 et
3399 5738 3683 5797 Sertorius
3735 5738 3792 5794 in

2210 5809 2394 5871 Iosue.
2429 5812 2667 5870 Maldou.
2695 5821 2742 5868 et
2772 5809 2992 5868 Toletus
3027 5813 3078 5865 in
3103 5809 3304 5882 Evang.
