4176 6386
392 453 496 512 9ῖὸ
1102 451 1472 517 ADVERSUS
1513 460 1858 521 HASRESES
1890 466 1984 521 LII

2085 470 2140 527 η.
2181 468 2347 525 τοΜ.
2390 468 2431 523 ι.
2456 498 2526 509 -
2553 467 2825 549 ιιΑῑιιΕδ.
2868 468 2952 523 LI.
3560 468 3666 525 sit

390 569 506 636 τὴν
530 568 752 637 συκῆν,
786 565 952 625 εἶδόν
979 585 1073 624 σε.
1103 572 1409 642 Ἀπεκρίθη
1441 576 1601 643 αὐτῷ
1625 577 1972 648 Ναθαναὴλ,

2085 585 2149 637 tis
2196 582 2385 637 cadum
2434 592 2694 651 apertum,
2735 592 2784 636 et
2833 582 3048 652 angelos
3099 581 3193 636 Dei
3235 581 3571 636 ascendentes
3614 594 3663 638 et

392 661 486 714 καὶ
505 660 653 715 εἷπε·
672 662 880 727 Ῥαϐϐὶ,
896 663 975 716 σὺ
993 659 1048 717 εἴ
1063 667 1095 717 ό
1120 665 1251 730 Υἱὸς
1272 666 1377 720 τοῦ
1396 670 1566 734 Θεοῦ,
1585 671 1665 723 σὺ
1673 672 1974 740 βασιλεὺς

2085 674 2446 731 descendentes
2491 692 2646 744 super
2690 673 2893 728 Filium
2945 676 3191 729 hominis.
3251 673 3318 728 Et
3364 674 3449 729 die
3506 678 3664 730 tertia

389 751 448 807 εἷ
464 754 569 807 τοῦ
599 756 853 825 Ἰσραήλ.
874 758 1187 826 Ἀπεκρίθη
1207 762 1239 813 ὀ
1267 760 1519 827 Ἰησοῦς,
1548 764 1648 816 καὶ
1674 761 1844 818 εἶπεν
1863 769 1971 821 αὺ-

2085 770 2278 837 nuptiaz
2307 767 2464 836 facta:
2496 777 2620 820 sunt
2648 769 2703 821 in
2726 765 2874 822 Cana
2906 766 3145 822 Galilaea:
3167 771 3208 831 ί,
3239 777 3346 824 etc.

389 844 504 909 τῷ;
536 846 666 901 ’Ότι
695 844 867 901 εἶπόν
894 863 1013 914 σοι,
1046 849 1230 902 Εἷδόν
1260 866 1335 904 σε
1358 851 1637 906 ὑποκάτω
1667 855 1777 923 τῆς
1798 855 2020 926 συκῆς,
2054 858 2361 922 πιστεύεις
2373 873 2391 920 ;
2422 855 2607 916 Μείζω
2638 858 2865 910 τούτων
2892 857 3044 926 ὄψει.
3089 856 3202 910 Καὶ
3251 854 3420 911 εἶπεν
3480 857 3661 923 αὐτῷ·

404 936 611 1005 Ἀμὴν,
666 937 828 1007 ἀμὴν
873 938 1028 1008 λέγω
1084 940 1246 1010 ὑμῖν,
1291 942 1517 1010 ὄψεσθε
1560 945 1667 998 τὸν
1715 948 1976 1016 οὐρανὸν
2014 949 2336 1019 ἀνεῳγότα,
2380 948 2479 1002 καὶ
2522 948 2665 1013 τοὺς
2705 947 3001 1017 ἀγγέλους
3063 948 3169 1000 τοῦ
3224 948 3370 1001 Θεοῦ
3423 949 3665 1001 ἀναϐαί-

391 1050 611 1100 νοντας
640 1035 739 1088 καὶ
767 1037 1240 1104 καταϐαίνοντας
1272 1038 1371 1093 ἐπὶ
1407 1040 1515 1093 τὸν
1554 1041 1694 1097 Υὶὸν
1726 1044 1831 1097 τοῦ
1869 1044 2208 1113 ἀνθρώπου.
2248 1045 2357 1098 Καὶ
2394 1043 2469 1112 τῇ
2502 1044 2691 1115 ἡμέρᾳ
2725 1042 2799 1111 τῇ
2863 1044 3029 1112 τρίτῃ
3092 1042 3279 1112 γάμος
3328 1042 3563 1112 ἐγένετο
3595 1044 3665 1095 ἐν

393 1122 559 1190 Κανᾶ
592 1122 701 1191 τῆς
728 1126 1078 1193 Γαλιλαίας,
1107 1128 1199 1181 καὶ
1221 1128 1288 1181 τὰ
1314 1129 1460 1200 ἑξῆς.

468 1238 587 1291 Ἵνα
608 1237 779 1309 δείξῃ,
805 1240 944 1310 μετὰ
965 1240 1065 1305 τὰς
1090 1245 1501 1315 τεσσαράκοντα
1515 1247 1626 1318 ('57)
1653 1248 1865 1320 ἡμέρας
1886 1248 1978 1302 τοῦ

395 1331 727 1400 πειρασμοῦ,
763 1334 859 1385 καὶ
894 1333 1033 1403 μετὰ
1070 1334 1169 1405 τὴν
1210 1335 1303 1387 ἀπ’
1338 1338 1502 1391 αὐτοῦ
1541 1338 1636 1392 τοῦ
1671 1340 1979 1411 πειρασμοῦ

394 1423 652 1477 ἐπάνοδον
686 1424 779 1477 κα)⁸
804 1425 980 1497 ὁρμὴν
1003 1426 1101 1497 τὴν
1138 1429 1231 1480 ἐπὶ
1259 1429 1515 1500 Ναζαρὲτ
1540 1433 1634 1485 καὶ
1666 1426 1977 1498 Γαλίλαίαν,

394 1515 472 1579 ὡς
503 1519 551 1569 οἰ
591 1517 739 1570 ἄλλοι
788 1521 938 1590 τρεῖς
980 1520 1365 1589 εὐαγγελισταὶ
1412 1522 1643 1594 ἔφησαν,
1693 1524 1853 1580 πάλιν
1886 1526 1980 1579 ἐπὶ

394 1611 488 1663 τὸν
531 1611 803 1683 Ἰορδάνην
844 1613 1003 1671 αὑτὸν
1047 1614 1260 1685 ἡκέναι·
1295 1616 1370 1678 ὡς
1402 1617 1497 1670 καὶ
1535 1618 1641 1671 ἀπὸ
1683 1617 1777 1671 τοῦ
1818 1619 1977 1687 λόγου

410 1704 654 1758 Ἰωάννου
673 1705 1038 1775 δειχθήσεται,
1066 1708 1338 1777 φήσαντος
1369 1707 1561 1772 οὕτως·
1596 1709 1774 1763 Εἷδεν
1792 1710 1981 1763 αὑτὸν

397 1798 729 1867 ἐρχόμενον
786 1797 858 1866 τῇ
911 1800 1235 1868 ἐπαύριον,
1303 1797 1491 1855 εἶπεν·
1536 1802 1647 1855 Ἴδε
1695 1805 1727 1856 ό
1776 1802 1981 1872 Ἁμνὸς

398 1888 505 1983 τοῦ
536 1889 706 1983 Θεοῦ,
797 1889 982 1958 αἴρων
1015 1889 1130 1959 τὴν
1159 1891 1455 1983 ἁμαρτίαν
1475 1894 1582 1948 τοῦ
1608 1896 1859 1963 κόσμου·
1890 1897 1983 1948 καὶ
2014 1927 2056 1983 Β

398 1981 584 2035 πάλιν·
627 1981 707 2050 Τῇ
737 1982 896 2053 ἄλλῃ
938 1984 1153 2053 ἡμέρᾳ,
1197 1985 1278 2051 ὠς
1316 1981 1479 2040 εἶδεν
1508 1987 1694 2041 αὐτὸν
1732 2003 1983 2056 περιπα-

396 2072 639 2135 τοῦντα,
686 2073 822 2142 ἔφη·
870 2070 1060 2140 Οὗτός
1101 2074 1256 2138 ἐστι,
1300 2076 1434 2145 περὶ
1488 2073 1559 2132 οὗ
1610 2073 1782 2131 εἷπον
1817 2078 1979 2147 ὑμῖν·

412 2162 474 2215 ’0
504 2164 696 2217 ὀπίσω
718 2181 837 2232 μου
867 2165 1191 2235 ἐρχόμενος
1215 2166 1556 2236 ἔμπροσθέν
1569 2186 1691 2238 μου
1713 2168 1982 2239 γέγονεν,

399 2254 491 2307 ὅτι
536 2254 773 2322 πρῶτός
822 2273 941 2326 μου
995 2257 1095 2325 ἦν.
1148 2257 1259 2311 Καὶ
1315 2260 1721 2329 ἐμαρτύρησε,
1784 2262 1982 2331 φησὶν,

412 2346 687 2414 Ἰωάννης
712 2347 928 2417 λέγων’
956 2348 1077 2402 Ὅτι
1098 2350 1375 2420 τεθέαμαι
1403 2351 1468 2404 τὸ
1487 2350 1730 2421 Πνεῦμα
1752 2353 1822 2406 ἐν
1839 2352 1985 2407 εῖδει

398 2438 756 2506 περιστερᾶς
784 2439 1166 2505 καταϐαῖνον,
1195 2440 1291 2494 καὶ
1321 2440 1647 2511 ἐρχόμενον
1662 2442 1752 2495 ἐπ’
1776 2442 1983 2499 αὐτόν.

400 2529 475 2582 Τὸ
502 2530 579 2595 δὲ,
607 2530 1006 2600 ἐμαρτύρησε,
1032 2533 1126 2585 καὶ
1159 2533 1242 2585 ὅτι
1280 2529 1467 2599 Οὗτός
1495 2535 1684 2600 ἐστιν,
1717 2534 1789 2587 ὃν
1813 2531 1986 2589 εἷπον

400 2624 564 2693 ὑμῖν,
585 2624 661 2687 ὡς
676 2624 776 2694 ἤδη
803 2627 932 2697 περὶ
956 2626 1119 2681 ἄλλου
1138 2624 1334 2698 καιροῦ
1360 2628 1762 2699 παρῳχημένου
1790 2627 1982 2696 λέγων,

405 2716 492 2767 ἴνα
518 2715 688 2787 δείξῃ,
721 2717 781 2769 οὺ
814 2717 906 2770 τὸν
941 2719 1103 2771 αὐτὸν
1137 2714 1277 2772 εἶναι
1313 2720 1503 2791 καιρὸν
1532 2720 1720 2773 τοῦτον
1753 2723 1983 2787 ἐκεῖνον,

402 2805 494 2858 τὸν
524 2807 617 2860 τοῦ
659 2807 1035 2880 βαπτίσματος
1068 2809 1279 2881 χρόνον,
1316 2810 1451 2864 ἀλλὰ
1482 2809 1640 2866 ἄλλον
1675 2814 1805 2882 παρ’
1846 2814 1987 2865 ἐκεῖ-

403 2913 513 2951 νον.
555 2898 692 2953 Οὔτε
734 2900 840 2971 γὰρ
875 2901 1036 2965 εὐθὺς
1080 2902 1189 2956 ἀπὸ
1229 2901 1324 2955 τοῦ
1369 2901 1679 2975 πειρασμοῦ
1725 2904 1862 2975 πρὸς
1893 2904 1986 2957 τὸν

403 2991 661 3063 Ἰωάννην
689 2994 1019 3061 ἀφικνεῖταιο
1051 2993 1188 3047 ἀλλὰ
1213 2993 1430 3065 πρῶτον
1469 2994 1566 3065 μὲν
1595 2997 1675 3058 εἰς
1699 2996 1798 3065 τὴν
1829 2994 1987 3048 Γαλι-

402 3081 580 3145 λαίαν,
628 3083 820 3138 ἔπειτα
851 3085 909 3137 δὲ
952 3086 1058 3138 ἀπὸ
1099 3086 1389 3151 Γαλιλαίας
1431 3088 1524 3141 ἐπὶ
1564 3087 1655 3141 τὸν
1691 3088 1984 3159 Ἰορδάνην,

401 3175 541 3243 ὅπερ
572 3170 639 3246 ἦν
671 3176 829 3230 τοῦτο
875 3178 1011 3248 πρὸς
1038 3179 1129 3232 τὸν
1174 3180 1447 3252 Ἰωάννην.
1485 3180 1575 3233 Διὸ
1603 3180 1769 3249 λέγει’
1797 3177 1986 3246 Οὗτος

2160 1249 2228 1305 Ut
2258 1250 2361 1304 hoc
2386 1250 2668 1305 evidenter
2707 1250 3017 1305 ostenderet
3054 1268 3067 1303 :
3098 1248 3227 1304 Post
3262 1266 3327 1304 si.
3359 1249 3477 1305 dies
3504 1264 3665 1318 quam

2086 1350 2326 1396 tentatus
2367 1340 2562 1407 fuerat,
2593 1339 2758 1411 436
2788 1349 2840 1394 et
2871 1340 2941 1394 ab
2986 1355 3049 1395 ea
3097 1343 3397 1395 tentatione
3435 1340 3670 1394 Nazare-

2084 1441 2223 1497 tum,
2264 1442 2317 1489 et
2363 1434 2418 1487 in
2448 1433 2722 1488 Galilteam
2754 1448 3027 1497 reversus,
3060 1433 3204 1501 quod
3234 1433 3325 1486 alii
3362 1442 3471 1488 tres
3509 1448 3670 1488 evan-

2086 1526 2291 1595 gelista:
2342 1532 2944 1586 commemoraverant,
2996 1525 3193 1579 iterum
3256 1524 3324 1578 ad
3376 1524 3669 1579 Jordanem

2087 1617 2325 1681 venisse,
2361 1603 2419 1670 ut
2442 1632 2506 1670 ex
2541 1614 2767 1670 Joannis
2799 1617 3045 1670 oratione
3079 1615 3372 1678 constabit,
3424 1632 3548 1670 cum
3596 1618 3673 1669 ita

2088 1709 2278 1763 scribit
2305 1710 2325 1738 ²
2361 1727 2373 1762 :
2405 1705 2537 1762 Cum
2567 1706 2777 1761 vidisset
2814 1708 2967 1760 illum
2992 1708 3275 1761 venientem
3301 1707 3532 1777 sequenti
3562 1706 3668 1769 die,

2087 1800 2273 1855 dixit:
2306 1799 2440 1854 Ecce
2474 1800 2653 1870 Agnus
2701 1799 2819 1865 Dei,
2863 1802 2953 1871 qui
3009 1800 3150 1854 tollit
3198 1810 3412 1868 peccata
3460 1797 3669 1854 mundi.

2086 1888 2255 1944 Item:
2294 1890 2417 1943 Alia
2474 1888 2560 1942 die
2616 1904 2733 1942 cum
2787 1889 2999 1945 vidisset
3055 1890 3208 1943 illum
3268 1889 3669 1955 ambulantem,

2086 1982 2266 2036 dixit:
2302 1981 2402 2035 Hic
2436 1991 2534 2049 est,
2573 1982 2637 2036 de
2664 1999 2763 2053 quo
2803 1982 2917 2037 dixi
2956 1984 3099 2038 vobis
3131 2000 3148 2037 :
3180 1984 3283 2048 Qui
3318 1993 3435 2052 post
3472 1999 3552 2036 me
3586 1999 3671 2035 ve—

2084 2075 2183 2135 nit,
2215 2082 2335 2128 ante
2363 2090 2443 2128 me
2474 2073 2647 2143 factus
2678 2082 2776 2137 est,
2809 2076 2934 2143 quia
2963 2076 3109 2143 prior
3136 2092 3214 2129 me
3248 2085 3383 2129 erat.
3420 2073 3488 2127 Et
3519 2074 3670 2129 testi-

2084 2169 2339 2231 monium,
2381 2168 2588 2238 inquit,
2633 2166 2895 2237 perhibuit
2944 2166 3214 2233 Joannes,
3269 2168 3493 2222 dicens:
3526 2167 3671 2233 Quia

2084 2261 2190 2314 vidi
2225 2258 2481 2329 Spiritum
2528 2260 2922 2314 descendentem
2975 2259 3451 2329 columbw‘specie,
3493 2268 3545 2314 et
3585 2276 3671 2314 ve-

2085 2354 2311 2407 nientem
2358 2368 2515 2420 super
2558 2368 2697 2409 eum.
2727 2352 2858 2419 Quaa
2904 2354 3096 2416 verba,
3143 2352 3498 2406 testimonium
3548 2367 3671 2419 per-

2084 2443 2277 2508 hibuit,
2300 2452 2353 2498 et
2381 2485 2393 2497 .
2415 2444 2519 2497 Hic
2547 2455 2624 2497 est
2654 2458 2806 2514 quem
2832 2443 2947 2497 dixi
2970 2443 3134 2507 vobis,
3165 2444 3230 2497 ad
3259 2443 3405 2497 aliud
3436 2451 3490 2497 et
3521 2441 3670 2495 aliud

2085 2534 2502 2606 significandum
2535 2543 2751 2606 tempus
2780 2543 3033 2607 usurpat,
3080 2544 3141 2589 ut
3196 2551 3305 2589 non
3356 2535 3499 2589 idem
3548 2550 3673 2587 cum

2084 2627 2340 2697 baptismi
2385 2639 2647 2698 tempore,
2695 2628 2792 2683 sed
2839 2629 3116 2683 diversum
3169 2645 3292 2684 esse
3330 2628 3677 2682 demonstra-

2084 2726 2187 2774 ret.
2218 2718 2334 2773 Non
2366 2720 2509 2774 enim
2542 2728 2764 2789 repente
2794 2728 2920 2790 post
2950 2720 3281 2789 baptismum
3313 2720 3378 2773 ad
3407 2718 3673 2773 Joannem

2085 2814 2338 2878 accessit,
2371 2815 2464 2869 sed
2496 2815 2730 2884 primum
2777 2815 2830 2867 in
2872 2812 3175 2876 Galilaeam,
3210 2812 3338 2867 inde
3379 2813 3444 2867 ad
3485 2811 3676 2866 Jorda-

2085 2920 2243 2970 nem,
2286 2905 2386 2958 hoc
2426 2912 2510 2959 est
2551 2906 2617 2958 ad
2658 2904 2946 2969 Joannem,
2987 2904 3244 2973 perrexit.
3283 2900 3438 2956 Unde
3488 2902 3672 2955 dixit:

2087 2993 2192 3047 Hic
2225 3005 2300 3047 est
2335 3010 2483 3064 quem
2517 2994 2630 3046 dixi
2668 2995 2834 3047 vobis.
2866 2993 2947 3048 Ad
2994 2994 3108 3047 [nec
3157 3008 3279 3047 cum
3321 2991 3673 3061 Evangelium

2086 3086 2161 3140 ita
2214 3095 2402 3139 narrat
2451 3105 2463 3140 :
2528 3084 2597 3138 Et
2659 3087 3014 3139 testimonium
3065 3083 3325 3153 perhibuit
3390 3082 3624 3138 Joannes
3655 3099 3674 3137 :

2090 3178 2231 3244 Quia
2258 3178 2385 3243 vidi;
2418 3178 2696 3248 aliquanto
2736 3178 2789 3232 id
2838 3187 2966 3234 ante
2988 3186 3233 3247 tempore
3260 3176 3556 3247 contigisse
3581 3174 3676 3231 de—

401 3262 482 3337 ἦν
507 3267 579 3322 ὃν
604 3264 779 3323 εἶπον
802 3270 962 3339 ὑμῖν⁹
989 3272 1083 3325 καὶ
1109 3273 1190 3326 ὅτι
1222 3273 1282 3325 τὸ
1313 3273 1646 3342 Εὑαγγέλιόν
1682 3290 1833 3345 φησι·
1869 3274 1981 3327 Καὶ
2011 3280 2053 3339 C
2089 3270 2279 3324 clarat.

400 3358 818 3427 ἐμαρτύρησεν
857 3361 1130 3431 Ἰωάννης
1150 3382 1164 3397 ·
1195 3366 1315 3419 Ὅτι
1343 3367 1636 3436 τεθέαμαι·
1672 3365 1748 3429 ὡς
1768 3366 1867 3437 ἤδη
1896 3365 1991 3420 τοῦ

406 3452 731 3523 πράγματος
755 3455 860 3526 πρὸ
885 3457 1078 3528 καιροῦ
1114 3474 1257 3522 τινος
1283 3459 1587 3528 γεγονότος.

475 3544 572 3598 1Δ’.
606 3545 764 3599 Μετὰ
793 3545 971 3601 ταῦτα
999 3548 1142 3621 ἀρχὴ
1174 3549 1422 3621 κλήσεως
1464 3552 1572 3604 τῶν
1614 3553 1741 3623 περὶ
1782 3551 1989 3623 Πέτρον

405 3636 513 3688 ἀπὸ
558 3637 809 3708 Ἀνδρέου
854 3640 1199 3712 σημαίνεται.
1257 3642 1480 3713 Ἀνῆλθε
1524 3643 1632 3716 γὰρ
1675 3647 1804 3715 παρ’
1838 3643 1989 3715 αὐτῷ

404 3725 682 3799 Ἀνδρέας,
720 3726 799 3793 εἷς
850 3730 958 3784 τῶν
995 3730 1088 3786 δύο
1131 3733 1239 3785 τῶν
1289 3732 1769 3805 ἀκολουθησάντων
1816 3733 1986 3805 αὐτῷ,

409 3822 865 3894 μαθητευομένων
899 3826 997 3897 μὲν
1030 3829 1159 3898 παρ’
1186 3827 1459 3891 Ἰωάννου,
1493 3827 1575 3880 ἔτι
1611 3828 1670 3881 δὲ
1700 3830 1757 3882 ὲν
1782 3830 1849 3899 τῇ
1882 3829 1988 3881 Γα-

405 3912 587 3984 λιλαίᾳ
622 3916 1071 3986 παραμενόντων,
1106 3918 1300 3991 καιροῦ
1330 3918 1406 3990 τῷ
1436 3919 1662 3992 Ἰωάννῃ
1697 3920 1985 3991 σχολαζόν-

406 4020 531 4058 των.
564 4007 673 4059 Καὶ
696 4008 857 4070 εὐθὺς
892 4009 1173 4079 μείναντος
1204 4010 1455 4081 Ἀνδρέου
1486 4012 1703 4082 ἐκείνην
1723 4013 1822 4084 τὴν
1848 4012 1988 4083 ὴμέ-

408 4113 507 4168 ραν
537 4096 675 4167 (ὥρα
705 4095 772 4169 ἦν
801 4099 875 4163 ὡς
900 4101 1144 4171 δεκάτη),
1163 4102 1507 4174 συμϐέϐηκεν
1536 4105 1674 4176 αὐτῇ
1704 4106 1769 4176 τῇ
1805 4105 1990 4176 ἡμέρᾳ.

405 4186 715 4257 ἀπαντῆσαι
744 4188 905 4242 αὐτὸν
934 4189 1011 4260 τῷ
1038 4191 1152 4262 ίδίῳ
1188 4191 1399 4262 ἁδελφῷ
1437 4193 1661 4265 Σίμωνι,
1691 4194 1787 4247 καὶ⁸
1813 4196 1989 4248 εἰπεῖν

477 4362 495 4394 ¹
527 4362 687 4418 Joan.
728 4380 766 4430 ι,
796 4365 998 4433 58-51;
1033 4382 1091 4435 ιι,
1125 4370 1178 4422 l.
1258 4372 1277 4401 ¹
1316 4369 1475 4423 Joan.
1502 4386 1540 4433 ι,
1571 4369 1640 4423 29
1671 4385 1791 4439 sqq.

478 4560 589 4637 (37)
624 4562 759 4617 Ἵνα
791 4563 982 4637 δείξῃ,
1006 4566 1159 4635 μετὰ
1199 4566 1307 4637 τὰς
1336 4566 1821 4637 τεσσαράκοντα,
1865 4564 1987 4637 Epi-

2164 3550 2301 3605 XIV.
2348 3551 2475 3605 Post
2520 3552 2634 3606 haec
2678 3548 2982 3605 vocationis
3035 3547 3182 3602 Petri
3231 3554 3394 3616 atque
3442 3545 3675 3600 Andreae

2091 3641 2304 3695 initium
2351 3642 2696 3696 describitur.
2751 3639 2834 3694 Ad
2880 3639 3159 3694 Christum
3216 3639 3364 3693 enim
3424 3637 3672 3692 Andreas

2090 3733 2245 3800 adiit,
2274 3751 2416 3789 unus
2451 3750 2515 3789 ex
2558 3734 2821 3789 ambobus
2854 3734 2944 3803 qui
2985 3748 3109 3788 eum
3144 3733 3316 3787 secuti
3347 3739 3473 3788 sunt
3504 3750 3518 3797 ;
3556 3732 3674 3800 qui-

2088 3842 2194 3895 que
2231 3825 2459 3881 Joannis
2514 3838 2673 3882 erant
2718 3826 2996 3897 discipuli,
3039 3833 3094 3880 et
3140 3824 3318 3879 adhuc
3350 3824 3403 3877 in
3451 3822 3671 3877 Galilaea

2093 3917 2399 3977 manebant,
2423 3931 2488 3970 ac
2507 3914 2701 3971 Joanni
2732 3917 2946 3971 interim
2981 3930 3199 3985 operam
3222 3915 3443 3969 dabant.
3468 3913 3672 3969 Deinde

2088 4019 2378 4077 postquam
2403 4007 2496 4062 illo
2524 4008 2611 4063 die
2634 4023 2758 4063 cum
2780 4008 2997 4063 Christo
3023 4015 3268 4061 moratus
3289 4014 3373 4061 est
3400 4006 3671 4068 Andreas.

2090 4114 2154 4154 ac
2177 4100 2289 4169 jam
2330 4101 2465 4154 hora
2494 4099 2706 4154 decima
2735 4107 2903 4164 esset,
2956 4099 3095 4154 forte
3134 4098 3352 4161 accidit,
3390 4107 3448 4151 ut
3481 4097 3671 4152 eadem

2089 4190 2178 4246 die
2230 4192 2285 4245 in
2339 4190 2614 4247 Simonem
2650 4191 2876 4245 fratrem
2925 4190 3213 4255 incideret,
3256 4205 3428 4260 eaque
3465 4188 3672 4244 diceret

2090 4566 2317 4622 Joannis
2377 4565 2540 4620 verba
2588 4565 2675 4620 vel
2716 4563 2996 4634 minimam
3046 4563 3167 4634 ejus
3217 4562 3670 4634 significationem

404 4630 589 4713 phanii
625 4635 895 4689 sententia
924 4630 1176 4713 haac‘est:
1200 4630 1637 4713 Chrisluntpost
1668 4653 1734 4691 xl.
1772 4630 1987 4692 dierum
2020 4633 2062 4688 D
2093 4641 2227 4693 dare
2276 4636 2409 4691 mihi
2444 4633 2888 4713 videntur.ﬂid_e
2928 4630 3089 4713 num.
3123 4630 3673 4713 16,‘ubi_accuratius

400 4703 693 4777 jejunium,
731 4713 837 4777 _et_r
865 4708 1227 4777 tentationem
1266 4709 1337 4777 in
1379 4703 1655 4762 Galilleam
1688 4722 1810 4777 esse
1859 4723 1989 4777 pro-

406 4771 647 4847 fectum;
730 4774 1081 4847 indidemque
1140 4778 1205 4832 ad
1258 4776 1521 4832 Joannem
1581 4786 1636 4832 et
1691 4771 1984 4833 Jordailem

405 4844 697 4920 revertisse
733 4862 892 4920 :_quo
959 4844 1207 4920 tempore
1258 4848 1496 4920 Joannes
1542 4848 1706 4920 illum
1752 4848 1985 4904 intuitus

404 4927 625 4985 rursum
655 4915 722 4968 de
756 4916 879 4985 ipso
902 4915 1135 4975 testatus
1153 4928 1258 4977 est.
1286 4918 1442 4973 Joan.
1471 4934 1510 4985 t,
1538 4918 1627 4973 36.
1664 4917 1801 4972 Tum
1835 4920 1983 4973 enim

406 4982 1002 5063 ambulantem—vidisse
1020 4989 1205 5046 Jesum
1237 4991 1431 5063 scribit
1452 4982 1714 5063 Joannes.
1748 4989 1818 5063 At
1852 4988 1985 5063 Epi-

404 5053 640 5121 phanius
664 5054 733 5107 29
756 5063 809 5109 et
840 5058 909 5113 30
932 5069 1203 5115 commata
1230 5077 1354 5115 cum
1388 5062 1457 5115 55
1483 5070 1536 5115 et
1569 5059 1638 5114 36
1665 5053 1986 5115 confudisse

403 5122 639 5202 videtur,
670 5141 793 5202 cum
822 5143 888 5182 ex
922 5129 1213 5202 Evangelia
1233 5130 1441 5201 profert
1472 5150 1486 5186 :
1524 5131 1603 5202 Ἰξῇ
1630 5131 1768 5202 ,ἄλλῃ
1798 5132 1983 5202 ἡμέρᾳ

403 5193 479 5270 t'o;
507 5190 642 5270 εἶδεν
670 5196 832 5270 αὐτὸν
869 5190 1271 5269 περιπατοῦντα
1319 5202 1422 5270 ἔφη
1454 5219 1467 5233 ·
1498 5190 1669 5264 Οὗτός
1698 5190 1850 5264 sein?
1870 5190 1975 5255 εἶθ’.

404 5265 536 5329 Quaa
568 5266 804 5340 diversis
858 5270 913 5322 in
945 5265 1308 5325 commatihus
1356 5265 1632 5340 leguntur.
1672 5271 1842 5325 Porro
1883 5287 1981 5340 pro

402 5351 470 5413 eo
490 5335 632 5413 quod
652 5339 1135 5413 _vuigt)__scripLUIi|
1164 5351 1265 5405 est,
1309 5343 1386 5413 Τῇ
1412 5335 1717 5413 ὶπαύριον,
1746 5335 1982 5411 Epipha-

403 5406 528 5482 nius
563 5407 691 5482 legit
713 5407 805 5482 If]
833 5409 966 5481 άλλη
988 5406 1197 5482 ⁷ημέρᾳ
1220 5428 1234 5468 ;
1276 5406 1386 5467 nisi
1413 5430 1474 5466 ea
1500 5406 1681 5481 potius
1712 5406 1974 5480 interpre-

404 5479 536 5551 tatio
567 5479 657 5531 sit.
713 5477 803 5551 Ut:
834 5490 886 5533 et
937 5477 1140 5536 iios't'er'
1172 5477 1446 5551 interpres
1490 5477 1717 5537 {Altera
1779 5477 1883 5536 die.
1912 5482 1979 5536 At

404 5549 578 5621 prima
620 5548 961 5621 _testilicatio
996 5552 1158 5621 paulo
1186 5548 1687 5621 post'baptismum
1728 5552 1866 5604 facta
1902 5552 1978 5604 vi-

400 5616 575 5696 detur.
620 5617 781 5696 Unde
830 5616 1355 5696 inter-baptismum
1388 5616 1615 5696 Christi,
1656 5636 1719 5676 ac
1747 5623 1976 5696 primam

402 5687 549 5762 illam
616 5687 1165 5762 testificationemfet
1199 5695 1570 5762 apostolorum
1605 5687 1974 5762 vocationem,

401 5756 792 5837 profectionem
826 5760 880 5815 in
913 5761 1186 5837 Galilteam
1227 5756 1608 5837 intercessisse
1649 5771 1801 5837 putat
1848 5760 1977 5831 Epi-

402 5827 685 5902 phaniam.
714 5829 905 5900 Dequa
935 5834 1270 5902 profectione
1302 5833 1443 5887 haud
1476 5836 1591 5889 scio
1609 5827 1676 5888 an
1712 5827 1977 5901 interpre-

402 5904 546 5963 tum,
579 5899 951 5959 docturumve
975 5906 1266 5976 quisquam
1297 5905 1625 5964 metninerit.
1663 5903 1770 5962 Sed
1798 5899 1975 5977 neque

2091 4724 2154 4763 ea
2197 4719 2497 4776 temporum
2516 4706 2796 4760 intervalla
2810 4706 3151 4776 digeruntur.
3184 4703 3315 4760 Post
3336 4704 3672 4776 baptismum

2088 4795 2159 4833 XL
2207 4774 2416 4833 dierum
2468 4777 2740 4846 jejunium
2792 4774 3040 4845 sequitur
3074 4795 3087 4829 :
3127 4784 3243 4830 tum
3306 4774 3673 4846 hebdomades

2089 4849 2203 4904 fere
2232 4850 2372 4909 duae,
2408 4844 2610 4917 quibus
2662 4844 2915 4901 Nazareti
2954 4848 3008 4900 in
3041 4846 3217 4916 patria
3242 4846 3398 4899 vixit.
3432 4844 3570 4899 llinc
3600 4845 3672 4899 ad

2087 4919 2351 4974 Joannem
2381 4920 2695 4981 revertitur,
2730 4934 2758 4971 a
2782 4932 2892 4987 quo
2920 4918 3137 4987 agnitus
3170 4932 3233 4970 ac
3261 4917 3670 4971 demonstratus

2086 4999 2209 5051 est;
2243 5004 2306 5043 ac
2337 4997 2467 5042 tunc
2496 4988 2744 5044 Andreas
2771 4989 2920 5041 illum
2953 5003 3075 5041 cum
3112 4989 3264 5041 socio
3295 4993 3668 5052 secutus-est;

2088 5060 2214 5115 inde
2249 5060 2472 5124 Petrus;
2527 5066 2651 5129 post
2682 5059 3083 5129 Philippus,_ac
3104 5054 3442 5129 Nathanael;
3480 5071 3673 5111 secun-

2087 5133 2215 5185 dum
2271 5146 2393 5200 qua:
2442 5127 2646 5200 nuptiis
2674 5127 2939 5184 interfuit.
2982 5127 3114 5194 Quae
3150 5128 3331 5182 omnia
3373 5133 3609 5200 duorum
3638 5143 3668 5181 a

2087 5197 2357 5271 baptismo
2390 5197 2679 5271 mensium
2714 5200 3002 5271 intervallo
3037 5207 3185 5271 gesta
3214 5206 3365 5271 putat
3391 5213 3416 5271 ;A
3446 5197 3550 5271 hoc
3584 5207 3669 5252 est

2086 5266 2263 5341 usque
2286 5271 2351 5324 ad
2378 5287 2428 5324 Vl
2460 5270 2730 5332 Januarii,
2764 5285 2873 5339 quo
2893 5270 2981 5323 die
3006 5266 3223 5341 nuptiis,
3247 5266 3514 5341 interfuit,
3542 5282 3667 5320 cum

2081 5360 2135 5394 vn
2172 5336 2247 5396 id.
2281 5341 2540 5405 Novemb,
2584 5348 2643 5394 ut
2672 5336 2973 5394 arbitratur
3007 5336 3366 5408 Epiphanius.
3407 5353 3436 5389 a
3458 5336 3674 5391 Joanne

2084 5414 2394 5482 baptizatus
2442 5419 2608 5466 essvt.
2662 5410 3010 5480 Colliguntur
3040 5408 3158 5482 dies
3186 5426 3275 5482 ut;
3299 5408 3563 5482 nimirum
3602 5423 3669 5461 χι.

2078 5480 2315 5552 jejitnii;
2357 5490 2471 5535 tum
2514 5498 2624 5540 xw,
2660 5482 2859 5550 quibus
2886 5482 2957 5552 in
2988 5481 3183 5549 patria,
3214 5480 3669 5552 Galilaeaconstt-

2082 5546 2163 5605 iii.
2207 5546 2408 5607 Postea
2436 5552 2659 5605 biduum
2679 5546 2802 5621 'quo
2832 5550 2899 5605 ad
2929 5546 3192 5621 Joannem
3224 5549 3496 5621 accessit.
3535 5546 3667 5621 Item

2081 5623 2309 5677 biduum
2361 5623 2530 5687 aliud,
2563 5637 2687 5676 cum
2710 5618 2724 5621 “
2749 5621 3014 5681 Andreas.
3058 5620 3182 5674 inde
3220 5620 3413 5675 Petrus
3440 5618 3667 5687 sesenad

2079 5710 2203 5747 eum
2236 5692 2602 5761 applicarunt.
2635 5692 2821 5745 Altera
2864 5707 2993 5745 vero
3018 5691 3105 5745 die
3129 5690 3432 5761 Philippus,
3466 5704 3527 5742 ac
3561 5686 3668 5740 Na-

2080 5766 2315 5833 thanael
2356 5764 2574 5830 vocati;
2634 5763 2870 5833 denique
2902 5762 3095 5833 Διονιὶο
3123 5762 3211 5833 die
3260 5772 3382 5832 post
3416 5761 3668 5833 ultimum

2080 5833 2210 5958 illlud
2269 5832 2521 5902 biduttm,
2582 5831 2793 5905 nuptiae
2831 5831 3158 5890 subsecutae.
3195 5831 3271 5887 Ita
3318 5847 3383 5887 ιι
3416 5831 3531 5886 dies
3571 5844 3682 5899 ex:

2081 5920 2113 5958 ι)
2137 5914 2318 5958 cntur.

2079 5914 2318 5975 ptentur.
