4176 6386
435 406 543 461 915

1834 412 1891 467 S.
1951 406 2294 464 EPIPIIANII

3601 391 3708 447 9H3

433 536 558 593 qua:
606 521 770 593 paulo
818 529 945 577 ante
1000 524 1545 577 commemoravimus
1578 542 1589 577 :
1621 522 1758 591 Quia
1818 524 2020 578 inveni-

2145 522 2187 574 τὰ
2219 517 2613 591 προειρημένα·
2651 514 2775 570 Ὀτι
2809 514 3124 586 εὑρήκαμεν
3152 509 3417 565 Μεσσίαν·
3452 504 3546 559 καὶ
3575 505 3707 571 ἀγασ-

435 629 561 670 mus
595 612 873 681 Messian];
908 614 1099 683 sicque
1134 613 1285 667 illum
1335 613 1401 668 ad
1443 614 1721 669 Christum
1760 614 2024 685 perduce-

435 712 540 771 ret,
574 712 678 761 etc.
714 704 913 761 Secuta
941 716 1071 763 sunt
1113 707 1204 762 illa
1244 708 1523 781 deinceps,
1578 718 1637 766 ut
1685 712 1737 766 ei
1766 710 1972 765 diceret
2006 729 2018 764 :

440 797 521 853 Tu
551 799 820 855 vocaberis
869 799 1093 869 Cephas.
1141 799 1210 855 In
1261 805 1555 858 crastinum
1592 804 1777 871 voluit,
1825 803 2020 874 inquit,

439 890 582 943 exire
633 890 687 944 in
730 890 1044 957 Galilazam,
1085 901 1134 947 et
1190 894 1383 948 invenit
1423 894 1760 966 Philippum,
1799 906 1849 950 et
1891 894 2023 947 dicit

440 984 493 1037 ei
510 982 667 1038 Jesus
697 1001 716 1039 :
743 984 967 1056 Sequere
996 1003 1096 1041 me.
1130 986 1263 1041 Erat
1288 999 1463 1042 autem
1500 986 1773 1059 Philippus
1805 1005 1838 1042 a
1866 986 2025 1042 Beth-

442 1076 620 1142 saida,
647 1079 857 1132 civitate
894 1080 1119 1135 Andrea:
1148 1090 1196 1135 et
1230 1080 1380 1135 Petri
1401 1083 1441 1135 ¹.
1470 1080 1639 1139 Vides
1680 1082 2027 1154 quemadmo-

442 1166 575 1224 dum
604 1171 954 1251 cogitandum
1003 1174 1161 1229 nobis
1198 1174 1332 1229 illud
1368 1175 1643 1246 relinquat
1670 1192 1685 1241 ;
1716 1192 1783 1230 ex
1811 1174 2027 1229 duobus

445 1260 555 1317 illis
582 1259 808 1319 Joannis
851 1264 1157 1335 discipulis,
1183 1267 1277 1337 qui
1322 1266 1601 1323 Christum
1648 1268 1819 1324 secuti
1863 1273 2024 1330 sunt;

445 1371 680 1426 quorum
715 1357 879 1413 unius
926 1373 1146 1423 nomen,
1186 1359 1417 1416 Andreae
1472 1361 1701 1425 scilicet,
1735 1361 2025 1431 expressit,

448 1449 673 1504 alterius
710 1449 903 1517 tacuit,
938 1449 1085 1505 hunc
1121 1452 1296 1523 ipsum
1335 1468 1459 1509 esse
1504 1453 1836 1524 Philippum,
1869 1452 2027 1522 cujus

446 1550 647 1594 nomen
690 1548 776 1593 est
823 1543 1110 1605 omissum,
1140 1541 1284 1613 quod
1314 1551 1367 1598 et
1398 1544 1676 1614 popularis
1697 1544 1835 1613 ejus
1859 1550 2024 1606 esset,

446 1632 610 1704 43³1
646 1641 701 1688 et
750 1635 1181 1703 contubernalis,
1233 1644 1287 1692 et
1345 1638 1592 1693 eamdem
1642 1646 1813 1692 artem
1865 1645 2029 1708 atque

446 1725 723 1795 opiﬁcium
751 1735 1047 1783 exerceret.
1081 1728 1194 1783 Nisi
1228 1728 1367 1784 forte
1404 1727 1669 1785 Joannem
1711 1731 1904 1796 mavis,
1937 1740 2030 1784 aut

447 1814 710 1872 Iacobum
743 1817 987 1874 Zebedtei
1023 1818 1211 1873 lilium.
1260 1818 1475 1877 Primos
1505 1822 1650 1875 enim
1686 1823 1867 1875 vocari
1910 1822 2030 1875 illos

2123 617 2238 682 γεῐν
2266 612 2425 666 αὑτὸν
2452 610 2588 681 πρὸς
2610 609 2699 662 τὸν
2722 606 2947 678 Κύριον,
2972 606 3067 657 καὶ
3091 603 3158 655 τά
3178 601 3325 671 ἑξῆς.
3357 598 3467 651 Καὶ
3496 597 3573 659 ὡς
3596 596 3709 665 ἔχει

2123 710 2155 779 ἡ
2193 704 2505 769 ἀκολουθία,
2541 703 2622 757 ὅτι
2665 697 2816 754 εἶπεν
2857 697 3025 768 αὐτῷ·
3056 697 3141 750 Σὺ
3168 692 3448 761 κληθήσῃ
3475 686 3706 758 Κηφᾶς.

2125 799 2233 854 Καὶ
2255 797 2329 866 τῇ
2355 796 2645 867 ἐπαύριον
2671 791 2955 861 ἠθέλησε,
2993 807 3066 860 φη
3076 789 3179 852 σίν,
3201 784 3471 851 ἐξελθεῖν
3488 785 3575 848 είς
3597 779 3712 847 τὴν

2126 890 2489 953 Γαλιλαίαν,
2551 888 2649 942 καὶ
2702 885 2971 953 εὑρίσκει
3027 882 3348 942 Φίλιππον,
3402 878 3498 931 καὶ
3550 875 3712 943 λέγει

2126 982 2288 1046 αὐτῷ
2312 984 2345 1035 ὁ
2385 980 2634 1048 Ἰησοῦς
2678 978 3015 1032 Ἀκολούθει
3041 993 3162 1045 μοι.
3195 969 3307 1028 Ἦν
3328 972 3395 1024 δὲ
3415 970 3712 1032 Φίλιππος

2127 1073 2246 1129 ἀπὸ
2272 1070 2601 1141 Βηθσαῒδᾶ,
2644 1071 2711 1123 ἐκ
2742 1071 2975 1133 πόλεως
3023 1065 3294 1135 Ἀνδρέου
3333 1064 3428 1117 καὶ
3464 1062 3709 1129 Πέτρου.

2127 1170 2236 1223 Καὶ
2264 1168 2416 1238 ὁρᾷς,
2461 1168 2543 1219 ὃτι
2585 1166 2647 1218 τὸ
2684 1162 3033 1234 διανοηθῆναι
3069 1162 3200 1230 ἡμῖν
3229 1158 3461 1218 δίδωσιν,
3491 1156 3573 1208 ὅτι
3606 1152 3713 1204 τῶν

2126 1258 2219 1311 δύο
2269 1257 2378 1311 τῶν
2435 1255 2921 1325 ἀκολουθησάντων
2981 1248 3437 1323 μαθητευομένων
3491 1246 3589 1316 μὲν
3638 1243 3716 1315 τῷ

2128 1349 2372 1422 Ἰωάννῃ,
2406 1348 2464 1415 ἐξ
2490 1343 2564 1403 ὧν
2596 1347 2715 1410 ἐνὸς
2745 1346 2805 1399 τὸ
2843 1346 3012 1416 ὄνομα
3053 1343 3293 1414 εἴρηκεν,
3336 1342 3419 1393 ὅτι
3459 1337 3717 1409 Ἀνδρέας

2128 1439 2215 1515 ἦν,
2254 1441 2349 1494 τοῦ
2378 1441 2434 1494 δὲ
2464 1440 2623 1494 ἄλλου
2671 1440 2771 1492 οὐκ
2816 1436 3055 1509 εἴρηκεν·
3086 1434 3161 1497 ὡς
3205 1430 3527 1486 διανοεῖσθαι
3567 1430 3716 1500 ἡμᾶς

2128 1535 2316 1587 τοῦτον
2340 1530 2497 1597 εἶναι,
2521 1526 2581 1585 οὗ
2600 1532 2660 1583 τὸ
2683 1530 2854 1600 ὄνομα
2874 1529 2973 1580 οὐκ
2994 1525 3205 1598 εἴρηκε,
3229 1523 3317 1577 διὰ
3336 1522 3395 1575 τὸ
3415 1521 3716 1592 ὀμόχωρον,

2129 1627 2218 1681 διὰ
2254 1627 2314 1681 τὸ
2344 1625 2633 1696 σύσκηνον,
2671 1622 2760 1675 διὰ
2790 1621 2848 1673 τὸ
2879 1620 3190 1689 ὁμότεχνον,
3221 1616 3309 1668 διὰ
3343 1614 3401 1666 τὸ
3430 1610 3713 1683 όμοεργές·

2131 1718 2164 1788 ἢ
2205 1718 2297 1771 τὸν
2326 1716 2579 1785 Ἰωάννην
2620 1708 2782 1774 εἶναι,
2818 1711 2850 1782 ἥ
2885 1710 2975 1762 τὸν
3013 1706 3291 1770 Ἰάκωϐον,
3332 1706 3428 1758 ἕνα
3454 1704 3562 1756 τῶν
3587 1702 3718 1754 υίῶν

2132 1809 2441 1863 Ζεϐεδαίου.
2505 1806 2653 1858 Ἔδει
2716 1802 2824 1873 γὰρ
2874 1799 3099 1863 τούτους
3158 1799 3374 1868 πρῶτον
3427 1794 3715 1864 κληθῆναι’

450 1910 728 1979 oportuit;
759 1918 875 1965 tum
904 1911 1164 1981 deinceps
1199 1910 1532 1982 Philippum,
1571 1929 1682 1983 quo
1716 1914 1769 1967 in
1796 1912 2034 1984 Evange-

2145 1901 2328 1955 ἔπειτα
2360 1899 2452 1953 τὸν
2475 1898 2760 1957 Φίλιππον,
2802 1892 2945 1947 κατὶ
2968 1894 3066 1962 τὴν
3102 1888 3441 1951 ἀκολουθίαν,
3468 1887 3543 1950 ὡς
3564 1886 3721 1939 τέτα-

450 2000 539 2055 liis
586 2002 778 2055 ordine
831 2011 1209 2056 numerantur.
1287 2001 1485 2058 Petrus
1533 2005 1744 2074 primus
1775 2044 1790 2067 ,
1839 2004 2034 2058 deinde

453 2092 721 2158 Andreas,
751 2104 868 2148 tum
905 2093 1175 2161 Jacobus,
1218 2095 1341 2150 inde
1391 2094 1652 2160 Joannes,
1692 2106 1878 2168 postea
1922 2095 2039 2148 ΡΙιὶ-

452 2185 652 2256 lippus.
706 2186 813 2242 Sed
852 2188 918 2244 de
960 2188 1027 2243 iis
1073 2189 1362 2245 hactenus.
1408 2188 1649 2259 Longius
1697 2189 1842 2243 enim
1892 2195 2037 2258 patet

455 2278 560 2332 ista
589 2277 909 2349 disputatio.

525 2456 642 2511 XV.
679 2458 835 2515 Nunc
867 2461 935 2515 ad
972 2461 1027 2515 id
1053 2461 1199 2532 quod
1227 2469 1345 2517 erat
1377 2461 1430 2515 in
1461 2461 1764 2531 quaestione
1796 2459 2033 2514 redeun-

456 2547 587 2603 dum
618 2560 721 2617 est,
747 2553 1029 2618 nimirum,
1066 2554 1471 2612 observandum
1505 2554 1638 2608 illud
1668 2569 1811 2619 esse,
1843 2567 2036 2623 quem-

459 2640 755 2697 admodum
796 2644 875 2699 illi
908 2661 1030 2701 eum
1067 2644 1296 2701 Ioannis
1341 2658 1530 2702 essent
1569 2646 1849 2716 discipuli,
1878 2645 2038 2714 eique

458 2745 726 2790 navarent
771 2751 1018 2807 operam,
1054 2738 1197 2808 apud
1242 2736 1428 2793 Jesum
1466 2736 1642 2808 prima
1688 2737 1777 2791 die
1816 2751 2037 2790 manse-

460 2832 612 2880 runt.
647 2827 693 2880 Α
725 2842 834 2897 quo
868 2829 1132 2899 postridie
1160 2828 1414 2900 digressi,
1459 2830 1657 2884 iterum
1706 2828 1771 2881 ad
1818 2829 2039 2897 piscan-

461 2918 591 2974 dum
636 2920 841 2975 reversi
890 2930 1038 2986 sunt,
1079 2922 1163 2976 uti
1202 2930 1528 2977 casterorum
1581 2921 2041 2991 evangelistarum

460 3014 708 3068 narratio
752 3012 1017 3067 continet.
1056 3011 1269 3066 Etenim
1315 3013 1406 3068 ubi
1460 3011 1619 3068 Iesus
1663 3020 1879 3083 postera
1923 3013 2043 3067 luce

464 3105 746 3169 discessit,
784 3107 969 3161 statim
999 3106 1313 3177 evangelica
1346 3106 1479 3160 illud
1517 3106 1746 3161 historia
1779 3106 2039 3177 subjicit:

2136 2011 2261 2048 κται
2279 1994 2463 2055 ἐντοῖς
2492 1987 2862 2057 Εὐαγγελίοιςο
2894 1983 3101 2053 Πέτρος
3129 1981 3367 2053 πρῶτος,
3391 1980 3579 2032 ἔπειτα
3602 1978 3721 2029 Ἀν-

2133 2087 2317 2157 δρέας,
2366 2081 2485 2138 εἶτα
2535 2080 2816 2142 Ἰάκωϐος,
2858 2072 2979 2129 εἶτα
3018 2074 3291 2143 Ἰωάννης·
3330 2071 3470 2143 μετὰ
3498 2068 3723 2130 τούτους

2136 2178 2422 2240 Φίλιππος.
2458 2174 2621 2227 Ἀλλά
2665 2170 2793 2241 περὶ
2834 2169 3038 2221 τούτων
3070 2164 3139 2218 τά
3180 2164 3275 2219 νῦν
3314 2162 3493 2217 ἐάσθω
3521 2159 3718 2228 λέγειν.

2137 2270 2313 2341 Πολλὴ
2359 2269 2467 2339 γάρ
2510 2270 2655 2321 ἐστιν
2705 2266 2738 2335 ἡ
2787 2261 2885 2332 τῆς
2934 2257 3317 2331 πραγματείας
3362 2252 3566 2323 ταύτης
3596 2252 3725 2304 ἀκοο

2136 2363 2342 2417 λουθία.

2208 2481 2311 2533 IE'.
2344 2479 2437 2541 Εἰς
2463 2475 2518 2529 δὲ
2546 2474 2606 2527 τὸ
2636 2471 2971 2544 ζητούμενον
3000 2462 3410 2536 ἀνακαμπτέον,
3448 2462 3583 2533 ὅπερ
3609 2460 3730 2513 ἐστὶ

2140 2574 2497 2641 κατανοῆσαι,
2537 2569 2641 2631 ὅτι,
2699 2565 2951 2633 καθάπερ
3002 2560 3080 2631 τῷ
3142 2558 3365 2629 Ἰωάννῃ
3404 2554 3504 2625 ἤδη
3556 2553 3730 2623 μαθη-

2138 2664 2437 2734 τευόμενοι,
2474 2660 2570 2713 καὶ
2598 2661 2666 2729 τῇ
2701 2654 2966 2727 μαθητείᾳ
2992 2650 3437 2723 προσανέχοντες,
3467 2645 3730 2709 ὡσαύτως

2141 2758 2233 2810 καὶ¹
2262 2754 2410 2826 παρά
2438 2752 2517 2823 τῷ
2556 2748 2732 2821 Ἰησοῦ
2780 2749 3105 2819 ποιήσαντες
3138 2742 3361 2814 πρώτην
3405 2740 3731 2810 ἡμέραν,τῇ

2141 2846 2268 2917 ἑξῆς
2313 2844 2661 2906 ἀπελθόντες,
2711 2840 2872 2893 πάλιν
2917 2840 2974 2890 ὲν
3036 2839 3101 2907 τῇ
3149 2834 3276 2905 ἁλία
3313 2832 3625 2903 ἐσχόλαζον,
3655 2829 3732 2892 ὡς

2142 2938 2360 3007 ἔχουσιν
2423 2935 2478 2987 αἱ
2549 2929 2860 2986 ἀκολουθίαι
2919 2927 3026 2980 τῶν
3109 2927 3309 2996 ἐτέρων
3360 2920 3731 2990 Εὑαγγελίων.

2145 3029 2300 3083 Μετὰ
2330 3026 2439 3098 γὰρ
2472 3026 2531 3079 τὸ
2562 3025 2661 3094 τὴν
2686 3019 2876 3094 αὔριον
2916 3017 3153 3086 ἐξελθεῖν
3176 3017 3265 3070 τὸν
3307 3014 3538 3086 Ἰησοῦν,
3570 3012 3735 3075 εὐθὺς

2147 3123 2181 3192 ἡ
2224 3118 2513 3174 ἀκολουθία
2558 3116 2793 3185 φάσκει,
2831 3114 2912 3165 ὅτι
2973 3108 3051 3176 Τῇ
3100 3108 3267 3177 τρίτῃ
3306 3107 3495 3175 ἡμέρᾳ
3549 3103 3736 3174 γάμος

464 3198 566 3253 Die
599 3200 753 3252 tertia
789 3200 985 3266 nuptia:
1031 3199 1191 3267 facta:
1237 3209 1359 3253 sunt
1408 3201 1462 3253 in
1501 3196 1652 3253 Cana
1690 3197 1964 3261 Galil‘cear,‘
1996 3207 2042 3251 et

2147 3212 2383 3283 ἐγένετο
2437 3210 2505 3263 ἐγ
2548 3204 2714 3272 Κανᾷ
2758 3203 2869 3271 τῆς
2902 3200 3268 3265 Γαλιλαίας·
3307 3198 3405 3251 καὶ
3440 3194 3519 3268 ἦν
3544 3196 3671 3249 ἐκεῖ
3695 3197 3736 3286 τ)

463 3301 577 3343 erat
618 3301 786 3345 mater
816 3291 945 3346 Jesu
975 3292 1070 3346 ibi.
1114 3292 1340 3347 Vocatus
1373 3303 1451 3346 est
1491 3301 1667 3346 autem
1705 3301 1754 3344 et
1785 3290 1964 3357 Iesus,
1994 3302 2042 3345 et

2148 3304 2343 3375 μήτηρ
2378 3301 2483 3355 τοῦ
2531 3297 2742 3367 Ἰησοῦ.
2784 3294 3044 3361 Ἐκλήθη
3065 3291 3133 3345 δὲ
3175 3289 3274 3343 καὶ
3307 3292 3339 3342 ό
3386 3286 3617 3356 Ἰησοῦς
3637 3285 3734 3341 καί

466 3381 715 3451 discipuli
736 3383 849 3452 ejus
881 3385 950 3437 ad
983 3386 1196 3452 nuptias
1220 3387 1261 3436 '.
1286 3384 1393 3438 Ubi
1428 3400 1494 3439 ex
1526 3384 1831 3439 cnucleatis
1868 3386 2045 3438 utrin-

468 3489 575 3542 quc
635 3474 973 3541 minutisque
1030 3475 1215 3530 verbis
1274 3490 1337 3528 ac
1394 3475 1681 3529 sententiis
1737 3475 2045 3545 colligitur,

468 3564 747 3620 Christum
800 3566 939 3621 alios
987 3582 1176 3621 secum
1226 3566 1524 3621 adduxisse
1572 3565 1897 3636 discipulos,
1955 3570 2048 3637 qui

470 3668 598 3707 cum
639 3669 705 3708 eo
752 3666 1152 3709 remanserant.
1196 3655 1520 3725 Cujusmodi
1571 3656 1711 3711 forte
1751 3654 2050 3711 Nathanael

470 3744 596 3807 fuit,
628 3752 682 3798 et
721 3743 1029 3815 Philippus,
1073 3746 1277 3817 aliique
1313 3747 1599 3814 nonnulli;
1642 3762 1768 3801 nam
1802 3748 2051 3803 Andreas

468 3850 596 3891 cum
632 3837 750 3891 suis
791 3846 1116 3894 recesserat.
1153 3838 1257 3905 Qui
1289 3855 1419 3895 vero
1457 3841 1601 3910 apud
1642 3842 1796 3896 illum
1836 3858 2053 3898 manse-

471 3938 619 3995 rant,
661 3945 785 3985 cum
820 3947 886 3986 eo
916 3931 983 3985 ad
1024 3933 1247 4003 nuptias
1280 3932 1493 3986 invitati
1528 3942 1676 3988 sunt.
1706 3932 1904 3990 Postea
1927 3950 2051 3989 cum

474 4024 713 4094 primum
744 4024 877 4078 illud
910 4026 1223 4095 prodigium
1272 4025 1515 4090 fecisset,
1567 4027 1619 4079 in
1674 4027 2057 4098 Capharnaiti-

475 4131 600 4170 cum
651 4130 842 4187 agrum
880 4117 1160 4187 prolectus
1214 4117 1414 4172 ibidem
1467 4119 1731 4173 habitavit
1778 4138 1791 4177 :
1833 4136 1901 4175 ex
1948 4137 2057 4191 quo

477 4216 727 4277 tempore
776 4209 884 4262 alia
937 4209 1197 4279 deinceps
1244 4209 1511 4265 miracula
1563 4212 1730 4282 coepit
1770 4212 1955 4275 cdere,
2001 4222 2056 4266 ut

478 4316 604 4352 eum
629 4299 839 4354 aridam
862 4300 1102 4357 hominis
1128 4318 1352 4357 manum
1376 4304 1600 4358 sanitati
1630 4305 1890 4358 restituit.
1920 4304 2057 4358 Tum

2153 3400 2207 3450 οἱ
2231 3392 2481 3462 μαθηταί
2504 3389 2688 3444 αὑτοῦ
2709 3390 2795 3454 εἰς
2825 3386 2933 3440 τὸν
2965 3384 3175 3454 γάμον.
3219 3380 3351 3433 Ἀπὸ
3374 3379 3428 3432 δὲ
3461 3377 3739 3447 ἑκατέρων

2153 3488 2261 3543 τῶν
2287 3488 2387 3553 τῆς
2408 3483 2761 3551 λεπτολογίας
2800 3479 3061 3551 ῥημάτων
3102 3475 3198 3530 καὶ
3228 3472 3540 3526 ὑποθέσεων
3567 3469 3741 3523 ἰστέον

2158 3581 2325 3642 ἐστὶν,
2357 3580 2439 3632 ὃτι
2469 3577 2562 3630 καὶ
2591 3574 2813 3647 ἐτέρους
2849 3570 3270 3643 συμπαρείληφε
3312 3564 3583 3637 μαθητὰς,
3605 3563 3740 3615 οἰτι-

2158 3693 2246 3738 νες
2278 3675 2375 3726 σὺν
2427 3669 2573 3739 αὐτῷ
2602 3669 2846 3740 ἔμειναν.
2897 3664 3053 3734 Τάχα
3098 3662 3155 3715 δὲ
3191 3662 3240 3714 οἱ
3270 3659 3400 3730 περὶ
3424 3653 3741 3724 Ναθαναὴλ,

2160 3764 2255 3818 καὶ
2278 3759 2676 3822 Φίλιππον,κα“ι
2708 3756 2856 3811 ἄλλοι
2880 3754 3045 3817 τινές.
3086 3754 3148 3805 Οἱ
3173 3752 3281 3822 γὰρ
3320 3748 3449 3821 περὶ
3487 3744 3744 3814 Ἀνδρέαν

2161 3853 2537 3926 ἀνεχώρησαν.
2561 3852 2625 3905 Οἱ
2649 3850 2704 3903 δὲ
2725 3866 2800 3902 πα
2810 3848 2854 3921 ρ’
2880 3845 3028 3915 αὐτῷ
3048 3843 3417 3917 μεμενηκότες
3436 3838 3745 3909 ἐκλήθησαν

2164 3954 2258 4007 καὶ
2314 3951 2465 4004 αὐτοὶ
2526 3950 2604 4011 εἰς
2646 3947 2771 4008 τοὺς
2819 3944 3053 4013 γάμους.
3095 3941 3205 3992 Καὶ
3245 3936 3381 4009 μετὰ
3423 3934 3484 3987 τὸ
3524 3933 3747 4003 ποιῆσαι

2164 4046 2320 4100 τοῦτο
2362 4043 2573 4113 πρῶτον
2632 4040 2876 4108 σημεῖον,
2930 4031 3205 4087 κατελθὼν
3261 4032 3338 4092 είς
3373 4026 3442 4080 τὰ
3483 4026 3623 4096 μέρη
3647 4022 3750 4091 τῆς

2168 4135 2544 4206 Καφαρναοὺμ
2572 4128 2739 4182 ἐλθὼν
2791 4125 3101 4197 κατῴκησε’
3140 4123 3231 4174 καὶ
3285 4120 3470 4174 λοιπὸν
3546 4118 3750 4185 σημεῖα

2168 4230 2283 4282 ἐκεῖ
2324 4226 2436 4298 (58)
2481 4225 2709 4295 ἄρχεται
2758 4218 3087 4292 ἐργάζεσθαι
3130 4217 3321 4286 ἕτερον
3369 4215 3458 4266 ὅτε
3501 4209 3598 4280 τὴν
3652 4206 3749 4259 τοῦ

2171 4318 2340 4389 ξηρὰν
2374 4311 2588 4385 ἔχοντος
2622 4314 2780 4382 χεῖρα
2808 4311 3012 4366 ἰάσατο.
3051 4306 3211 4360 Ἀλλά
3233 4306 3329 4359 καὶ
3352 4304 3450 4374 τὴν
3481 4300 3753 4371 πενθερὰν

480 4390 625 4446 Petri
658 4407 880 4446 socrum
908 4395 1143 4449 curavit.
1181 4394 1278 4449 llic
1307 4396 1453 4451 enim
1479 4395 1769 4451 Bethsaida
1792 4397 2042 4452 oriundu:

2169 4410 2262 4463 τοῦ
2296 4409 2522 4478 Πέτρου,
2558 4405 2652 4458 τοῦ
2687 4404 2785 4475 μὲν
2826 4403 2935 4456 ἀπὸ
2974 4399 3249 4472 Βηθσαῖδὸ.
3273 4399 3446 4461 ὄντος,
3471 4398 3755 4466 γήμαντος

480 4501 547 4540 ex
582 4487 784 4555 oppido
823 4486 1207 4557 Capharnaum
1253 4506 1482 4544 uxorem
1515 4490 1767 4555 duxerat,
1802 4507 1923 4561 quas
1952 4491 2042 4545 dut

2170 4501 2224 4552 δὲ
2243 4499 2348 4552 ἀπὸ
2378 4496 2778 4565 Καφαρναοὺμ,
2813 4492 3030 4563 μακρὰν
3053 4492 3073 4521 ³
3092 4490 3262 4544 ὄντων
3288 4488 3396 4543 τῶν
3425 4486 3604 4539 τόπων
3627 4483 3754 4536 τού-

481 4581 683 4651 oppida
721 4582 863 4637 haud
900 4584 1091 4653 procul
1123 4598 1151 4636 a
1188 4599 1246 4639 se
1283 4584 1516 4638 invicem
1551 4584 1750 4640 dissita
1784 4594 1933 4641 sunt.
1962 4586 2035 4639 So

2167 4607 2273 4642 των
2290 4587 2367 4657 τῷ
2398 4587 2746 4656 διαστήματι,
2781 4582 2983 4652 ταύτην
3020 4580 3127 4634 ἀπὸ
3154 4579 3249 4634 τοῦ
3284 4575 3520 4649 πυρετοῦ
3552 4573 3756 4628 διασώ-

478 4688 615 4731 crus
650 4673 818 4743 igitur
850 4672 994 4729 Petri
1030 4691 1059 4728 a
1096 4674 1342 4730 febribus
1374 4675 1603 4731 liberata
1633 4685 1858 4745 repente
1894 4676 2042 4730 mini-

2172 4680 2275 4743 ζει,
2310 4677 2403 4728 καὶ
2453 4672 2851 4746 θεραπευθεῐσα
2888 4671 3125 4741 διηκόνει
3148 4686 3162 4701 ’
3192 4668 3333 4721 ὥστε
3372 4662 3511 4718 εἶναι
3549 4663 3755 4734 ταύτην

481 4763 701 4819 stravit.
739 4764 834 4819 Sic
872 4765 1017 4819 enim
1055 4765 1394 4819 narrationis
1437 4765 1575 4820 ordo
1607 4768 1932 4835 pertexitur.
1970 4766 2033 4820 lli

2169 4766 2510 4823 ἀκολουθίαν.
2561 4764 2671 4818 Καὶ
2715 4762 2852 4832 μετά
2883 4760 3057 4814 ταῦτα
3092 4759 3253 4813 πάλιν
3298 4755 3463 4811 αὑτοῦ
3492 4752 3757 4824 ἀναστρέ-

482 4858 558 4913 ita
598 4857 769 4929 gestis
808 4856 1159 4921 Nazaretum,
1213 4858 1303 4912 ubi
1349 4859 1618 4915 educatus
1654 4860 1855 4924 fuerat,
1887 4860 2042 4916 denm

2167 4861 2369 4929 ψαντος
2414 4860 2492 4922 είς
2536 4856 2635 4927 τὴν
2666 4854 2948 4927 Ναζαρὲτ,
2984 4854 3116 4906 ὅπου
3149 4848 3216 4922 ἦν
3250 4845 3756 4920 ἀνατεθραμμένος.

480 4951 798 5006 revertitur.
834 4950 972 5006 Tum
1004 4951 1225 5007 demum
1267 4952 1419 5006 Isaia:
1446 4952 1725 5022 prepbetze
1757 4952 1957 5007 librum
1991 4952 2042 5007 le

2170 4952 2305 5005 Τότε
2336 4951 2545 5019 ἀνέγνω
2573 4948 2634 5001 τὸ
2669 4946 2869 5017 βιϐλίον
2897 4945 3115 4998 Ἡσαῖου
3142 4942 3235 4995 τοῦ
3263 4942 3564 5013 προφήτου,
3590 4937 3756 4992 αὑτοῦ

482 5042 583 5112 git,
607 5044 828 5112 quando
859 5054 912 5098 et
942 5044 1303 5113 occupatione
1332 5044 1570 5115 quadam
1604 5044 1685 5099 sic
1714 5044 1837 5099 illos
1860 5045 2042 5099 allocu'

2170 5044 2357 5096 λοιπὸν
2380 5040 2742 5113 προλαϐόντος
2763 5039 2983 5101 αὐτοὺς,
3011 5036 3387 5103 καὶλέγοντος,
3411 5034 3493 5086 ὅτι
3512 5030 3759 5092 Πάντως

484 5142 575 5191 tus
608 5143 694 5191 est
724 5154 738 5191 :
772 5135 961 5206 Utique
996 5136 1182 5191 dicetis
1216 5136 1346 5191 nti/ti
1383 5136 1518 5191 hanc
1554 5136 1866 5204 parabolam
1904 5152 1922 5188 :
1954 5134 2039 5189 Me

2173 5133 2357 5203 ἐρεῖτέ
2391 5151 2493 5202 μοι
2535 5132 2650 5201 τὴν
2680 5128 3065 5199 παραϐολήν
3124 5126 3328 5187 Ἰατοὲ.
3384 5122 3761 5191 θεράπευσον

558 5340 576 5370 ³
608 5337 768 5394 Joan.
800 5354 839 5403 ι,
865 5337 936 5391 42
965 5353 1087 5407 sqq.
1163 5337 1185 5367 ³
1209 5334 1365 5389 Joan.
1400 5350 1460 5398 ιι,
1488 5334 1511 5386 l
1556 5350 1655 5404 sqq
1757 5335 1776 5365 ³
1817 5334 1978 5390 Deest
2011 5350 2042 5387 ο

2146 5349 2207 5389 οι·
2232 5335 2292 5387 οὐ
2328 5352 2493 5405 μακρ.

557 5514 670 5584 (58)
703 5514 812 5567 Kal
865 5509 1339 5584 λοιπὸνᾳσημεῖα
1405 5507 1546 5562 ἐκεῖ.
1580 5506 1711 5564 Post
1757 5510 2074 5584 nuptiarum

486 5578 724 5639 cilicium
776 5585 1032 5640 Christus
1071 5578 1473 5651 Capharnautn,
1518 5595 1647 5651 sese
1680 5578 1933 5643 contulit,
1982 5578 2075 5632 ubi

488 5657 733 5725 prodigia
760 5656 931 5725 multa
952 5648 1169 5725 patrata
1189 5651 1361 5705 credit
1384 5648 1746 5725 Epiphanius,
1776 5652 1921 5725 velut
1952 5664 2076 5725 cuin

490 5720 712 5780 socrum
740 5724 884 5780 Petri
919 5720 1237 5778 febrientem
1253 5722 1486 5785 curavit,
1518 5729 1572 5775 et
1599 5721 1809 5774 aridam
1838 5720 2077 5773 hominis

498 5810 722 5848 manum
756 5794 1017 5851 restituit.
1078 5791 1184 5846 Sed
1214 5806 1495 5861 perperam
1524 5792 1642 5845 haec
1671 5794 1780 5844 duo
1812 5793 2077 5844 miracula

503 5861 562 5919 in
615 5865 757 5923 idem
814 5870 1030 5937 tempus
1073 5863 1344 5933 conjecta.
1400 5861 1535 5916 Nam
1566 5863 1821 5928 alterum,
1855 5861 1959 5916 huc
1991 5867 2076 5916 cst

2177 5507 2346 5563 aridae
2380 5522 2574 5562 manus
2603 5504 2900 5565 restitutio.
2938 5503 3097 5573 longe
3124 5508 3249 5572 post
3282 5501 3436 5573 prius
3470 5496 3602 5552 illud
3622 5512 3765 5573 eon—

2176 5580 2319 5649 tigit,
2383 5580 2642 5632 nimirum
2699 5585 2822 5649 post
2854 5569 3064 5649 Pascha
3087 5590 3104 5639 ;
3126 5569 3457 5649 :_se_cu_ndu_tn
3489 5569 3635 5649 quod
3668 5583 3766 5649 per

2178 5637 2451 5704 sata'cum
2494 5637 2785 5717 discipulis
2835 5637 3097 5717 transiit}
3126 5640 3234 5717 _Sed
3264 5641 3350 5717 de_
3376 5640 3453 5717 iis
3476 5637 3665 5711 postea
3693 5637 3763 5717 ad

2177 5735 2236 5773 ιι.
2274 5718 2486 5773 XXVII.
2556 5708 2823 5788 Imposuit
2880 5712 3188 5788 Epiphanio
3229 5708 3526 5788 multiplex
3569 5724 3633 5765 ac
3681 5708 3765 5762 di-

2178 5806 2373 5847 versus
2402 5790 2468 5846 ad
2494 5782 2877 5860 Capharnaum
2906 5782 3086 5841 aditus
3111 5782 3340 5839 Christi.
