  <div class='ocr_page' id='page_1' title='image "/cluster/home/n/w/nwhite01/storage/ocr_20150623/41/nnc1.0046978747/521.png"; bbox 0 0 4176 6386; ppageno 0'>
   <div class='ocr_carea' id='block_1_1' title="bbox 439 227 548 287">
    <p class='ocr_par' dir='ltr' id='par_1_1' title="bbox 439 227 548 287">
     <span class='ocr_line' id='line_1_1' title="bbox 439 227 548 287; baseline 0 0"><span class='ocrx_word' id='word_1_1' title='bbox 439 227 548 287; x_wconf 75' lang='grc'><strong>919</strong></span> 
     </span>
    </p>
   </div>
   <div class='ocr_carea' id='block_1_2' title="bbox 1817 248 2282 311">
    <p class='ocr_par' dir='ltr' id='par_1_2' title="bbox 1817 248 2282 311">
     <span class='ocr_line' id='line_1_2' title="bbox 1817 248 2282 311; baseline 0.011 -7"><span class='ocrx_word' id='word_1_2' title='bbox 1817 248 1874 304; x_wconf 89' lang='lat' dir='ltr'><strong>S.</strong></span> <span class='ocrx_word' id='word_1_3' title='bbox 1943 251 2282 311; x_wconf 78' lang='lat' dir='ltr'><strong>EPIPIIANll</strong></span> 
     </span>
    </p>
   </div>
   <div class='ocr_carea' id='block_1_3' title="bbox 3593 262 3707 320">
    <p class='ocr_par' dir='ltr' id='par_1_3' title="bbox 3593 262 3707 320">
     <span class='ocr_line' id='line_1_3' title="bbox 3593 262 3707 320; baseline 0 0"><span class='ocrx_word' id='word_1_4' title='bbox 3593 262 3707 320; x_wconf 72' lang='lat'><strong>929</strong></span> 
     </span>
    </p>
   </div>
   <div class='ocr_carea' id='block_1_4' title="bbox 439 351 2029 452">
    <p class='ocr_par' dir='ltr' id='par_1_4' title="bbox 439 351 2020 442">
     <span class='ocr_line' id='line_1_4' title="bbox 439 351 2020 442; baseline 0.013 -35"><span class='ocrx_word' id='word_1_5' title='bbox 439 353 617 422; x_wconf 82' lang='lat' dir='ltr'><strong>sipata</strong></span> <span class='ocrx_word' id='word_1_6' title='bbox 643 351 915 428; x_wconf 75' lang='lat' dir='ltr'><strong>Evangelii</strong></span> <span class='ocrx_word' id='word_1_7' title='bbox 944 361 1351 431; x_wconf 66' lang='lat' dir='ltr'><strong>prmdicatione,</strong></span> <span class='ocrx_word' id='word_1_8' title='bbox 1388 375 1583 421; x_wconf 67' lang='lat' dir='ltr'><strong>caetera</strong></span> <span class='ocrx_word' id='word_1_9' title='bbox 1615 369 1863 441; x_wconf 77' lang='lat' dir='ltr'><strong>prodigia</strong></span> <span class='ocrx_word' id='word_1_10' title='bbox 1896 389 2020 442; x_wconf 87' lang='lat' dir='ltr'><strong>per-</strong></span> 
     </span>
    </p>
   </div>
   <div class='ocr_carea' id='block_1_5' title="bbox 2133 351 3701 452">
    <p class='ocr_par' dir='ltr' id='par_1_5' title="bbox 2133 379 3701 452">
     <span class='ocr_line' id='line_1_5' title="bbox 2133 379 3701 452; baseline -0.01 -5"><span class='ocrx_word' id='word_1_11' title='bbox 2133 379 2510 449; x_wconf 72' lang='grc' dir='ltr'>κηρύγματος.</span> <span class='ocrx_word' id='word_1_12' title='bbox 2563 379 2630 433; x_wconf 77' lang='grc' dir='ltr'>τὰ</span> <span class='ocrx_word' id='word_1_13' title='bbox 2686 379 2811 451; x_wconf 65' lang='grc' dir='ltr'><strong>ἑξῆς</strong></span> <span class='ocrx_word' id='word_1_14' title='bbox 2862 379 2970 435; x_wconf 86' lang='grc' dir='ltr'><strong>τῶν</strong></span> <span class='ocrx_word' id='word_1_15' title='bbox 3031 381 3370 452; x_wconf 83' lang='grc' dir='ltr'>θεοσημείων</span> <span class='ocrx_word' id='word_1_16' title='bbox 3418 381 3701 435; x_wconf 79' lang='grc' dir='ltr'>ἐπετέλειο</span> 
     </span>
    </p>
   </div>
   <div class='ocr_carea' id='block_1_6' title="bbox 445 444 2020 534">
    <p class='ocr_par' dir='ltr' id='par_1_6' title="bbox 445 444 2020 534">
     <span class='ocr_line' id='line_1_6' title="bbox 445 444 2020 534; baseline 0.015 -39"><span class='ocrx_word' id='word_1_17' title='bbox 445 444 595 509; x_wconf 76' lang='lat' dir='ltr'><strong>fecit,</strong></span> <span class='ocrx_word' id='word_1_18' title='bbox 642 455 701 501; x_wconf 91' lang='lat' dir='ltr'><strong>ut</strong></span> <span class='ocrx_word' id='word_1_19' title='bbox 751 449 841 505; x_wconf 91' lang='lat' dir='ltr'><strong>hic</strong></span> <span class='ocrx_word' id='word_1_20' title='bbox 885 452 1175 510; x_wconf 88' lang='lat' dir='ltr'><strong>subductis</strong></span> <span class='ocrx_word' id='word_1_21' title='bbox 1227 459 1486 514; x_wconf 91' lang='lat' dir='ltr'><strong>omnibus</strong></span> <span class='ocrx_word' id='word_1_22' title='bbox 1521 476 1703 516; x_wconf 91' lang='lat' dir='ltr'><strong>rerum</strong></span> <span class='ocrx_word' id='word_1_23' title='bbox 1739 473 2020 534; x_wconf 80' lang='lat' dir='ltr'><strong>gestarum</strong></span> 
     </span>
    </p>
   </div>
   <div class='ocr_carea' id='block_1_7' title="bbox 441 539 1406 606">
    <p class='ocr_par' dir='ltr' id='par_1_7' title="bbox 441 539 1406 606">
     <span class='ocr_line' id='line_1_7' title="bbox 441 539 1406 606; baseline 0.016 -15"><span class='ocrx_word' id='word_1_24' title='bbox 441 539 600 604; x_wconf 97' lang='lat' dir='ltr'><strong>ordo,</strong></span> <span class='ocrx_word' id='word_1_25' title='bbox 638 555 700 594; x_wconf 89' lang='lat' dir='ltr'><strong>ac</strong></span> <span class='ocrx_word' id='word_1_26' title='bbox 733 544 906 598; x_wconf 84' lang='lat' dir='ltr'><strong>series</strong></span> <span class='ocrx_word' id='word_1_27' title='bbox 942 546 1279 603; x_wconf 86' lang='lat' dir='ltr'><strong>instituenda</strong></span> <span class='ocrx_word' id='word_1_28' title='bbox 1311 550 1406 606; x_wconf 93' lang='lat' dir='ltr'><strong>sit.</strong></span> 
     </span>
    </p>
   </div>
   <div class='ocr_carea' id='block_1_8' title="bbox 516 629 2022 719">
    <p class='ocr_par' dir='ltr' id='par_1_8' title="bbox 516 629 2022 719">
     <span class='ocr_line' id='line_1_8' title="bbox 516 629 2022 719; baseline 0.014 -36"><span class='ocrx_word' id='word_1_29' title='bbox 516 629 654 685; x_wconf 84' lang='lat' dir='ltr'><strong>XVI.</strong></span> <span class='ocrx_word' id='word_1_30' title='bbox 709 632 765 688; x_wconf 82' lang='lat' dir='ltr'><strong>In</strong></span> <span class='ocrx_word' id='word_1_31' title='bbox 798 637 991 705; x_wconf 82' lang='lat' dir='ltr'><strong>primis</strong></span> <span class='ocrx_word' id='word_1_32' title='bbox 1041 639 1352 709; x_wconf 78' lang='lat' dir='ltr'><strong>baptizatus</strong></span> <span class='ocrx_word' id='word_1_33' title='bbox 1394 653 1500 708; x_wconf 88' lang='lat' dir='ltr'><strong>est,</strong></span> <span class='ocrx_word' id='word_1_34' title='bbox 1541 646 1587 701; x_wconf 89' lang='lat' dir='ltr'><strong>si</strong></span> <span class='ocrx_word' id='word_1_35' title='bbox 1639 645 2022 719; x_wconf 67' lang='lat' dir='ltr'><strong>Egyptiorum</strong></span> 
     </span>
    </p>
   </div>
   <div class='ocr_carea' id='block_1_9' title="bbox 446 728 2022 808">
    <p class='ocr_par' dir='ltr' id='par_1_9' title="bbox 446 728 2022 808">
     <span class='ocr_line' id='line_1_9' title="bbox 446 728 2022 808; baseline 0.013 -31"><span class='ocrx_word' id='word_1_36' title='bbox 446 728 718 779; x_wconf 82' lang='lat' dir='ltr'><strong>mensium</strong></span> <span class='ocrx_word' id='word_1_37' title='bbox 752 731 1019 784; x_wconf 88' lang='lat' dir='ltr'><strong>rationem</strong></span> <span class='ocrx_word' id='word_1_38' title='bbox 1051 731 1277 799; x_wconf 86' lang='lat' dir='ltr'><strong>habeas,</strong></span> <span class='ocrx_word' id='word_1_39' title='bbox 1334 735 1507 808; x_wconf 75' lang='lat' dir='ltr'><strong>Athyr</strong></span> <span class='ocrx_word' id='word_1_40' title='bbox 1539 754 1634 792; x_wconf 79' lang='lat' dir='ltr'><strong>xtl.</strong></span> <span class='ocrx_word' id='word_1_41' title='bbox 1661 755 1711 792; x_wconf 89' lang='lat' dir='ltr'><strong>a.</strong></span> <span class='ocrx_word' id='word_1_42' title='bbox 1741 739 1792 794; x_wconf 92' lang='lat' dir='ltr'><strong>d.</strong></span> <span class='ocrx_word' id='word_1_43' title='bbox 1822 757 1876 796; x_wconf 71' lang='lat' dir='ltr'><strong>vn</strong></span> <span class='ocrx_word' id='word_1_44' title='bbox 1905 741 2022 797; x_wconf 86' lang='lat' dir='ltr'><strong>Eid.</strong></span> 
     </span>
    </p>
   </div>
   <div class='ocr_carea' id='block_1_10' title="bbox 447 816 2022 903">
    <p class='ocr_par' dir='ltr' id='par_1_10' title="bbox 447 816 2022 903">
     <span class='ocr_line' id='line_1_10' title="bbox 447 816 2022 903; baseline 0.015 -35"><span class='ocrx_word' id='word_1_45' title='bbox 447 816 818 882; x_wconf 77' lang='lat' dir='ltr'><strong>Novem.,hoc</strong></span> <span class='ocrx_word' id='word_1_46' title='bbox 839 832 924 876; x_wconf 90' lang='lat' dir='ltr'><strong>est</strong></span> <span class='ocrx_word' id='word_1_47' title='bbox 961 839 1027 878; x_wconf 76' lang='grc' dir='ltr'>ιιι</span> <span class='ocrx_word' id='word_1_48' title='bbox 1055 837 1178 881; x_wconf 87' lang='lat' dir='ltr'><strong>ante</strong></span> <span class='ocrx_word' id='word_1_49' title='bbox 1211 826 1409 884; x_wconf 81' lang='lat' dir='ltr'><strong>festum</strong></span> <span class='ocrx_word' id='word_1_50' title='bbox 1441 830 1874 901; x_wconf 89' lang='lat' dir='ltr'><strong>Epiphaniorum</strong></span> <span class='ocrx_word' id='word_1_51' title='bbox 1911 837 2022 903; x_wconf 89' lang='lat' dir='ltr'><strong>die,</strong></span> 
     </span>
    </p>
   </div>
   <div class='ocr_carea' id='block_1_11' title="bbox 449 913 2026 998">
    <p class='ocr_par' dir='ltr' id='par_1_11' title="bbox 449 913 2026 998">
     <span class='ocr_line' id='line_1_11' title="bbox 449 913 2026 998; baseline 0.012 -34"><span class='ocrx_word' id='word_1_52' title='bbox 449 926 558 981; x_wconf 75' lang='lat' dir='ltr'><strong>qua</strong></span> <span class='ocrx_word' id='word_1_53' title='bbox 610 913 656 967; x_wconf 88' lang='lat' dir='ltr'><strong>is</strong></span> <span class='ocrx_word' id='word_1_54' title='bbox 693 917 993 972; x_wconf 86' lang='lat' dir='ltr'><strong>secundum</strong></span> <span class='ocrx_word' id='word_1_55' title='bbox 1035 936 1256 976; x_wconf 78' lang='lat' dir='ltr'><strong>carnem</strong></span> <span class='ocrx_word' id='word_1_56' title='bbox 1307 931 1470 978; x_wconf 88' lang='lat' dir='ltr'><strong>natus</strong></span> <span class='ocrx_word' id='word_1_57' title='bbox 1517 933 1644 980; x_wconf 90' lang='lat' dir='ltr'><strong>est:</strong></span> <span class='ocrx_word' id='word_1_58' title='bbox 1688 927 1741 980; x_wconf 90' lang='lat' dir='ltr'><strong>id</strong></span> <span class='ocrx_word' id='word_1_59' title='bbox 1776 928 1920 998; x_wconf 90' lang='lat' dir='ltr'><strong>quod</strong></span> <span class='ocrx_word' id='word_1_60' title='bbox 1958 945 2026 984; x_wconf 82' lang='lat' dir='ltr'><strong>ex</strong></span> 
     </span>
    </p>
   </div>
   <div class='ocr_carea' id='block_1_12' title="bbox 449 1001 2020 1082">
    <p class='ocr_par' dir='ltr' id='par_1_12' title="bbox 449 1001 2020 1082">
     <span class='ocr_line' id='line_1_12' title="bbox 449 1001 2020 1082; baseline 0.012 -28"><span class='ocrx_word' id='word_1_61' title='bbox 449 1001 748 1072; x_wconf 80' lang='lat' dir='ltr'><strong>Evangelia</strong></span> <span class='ocrx_word' id='word_1_62' title='bbox 787 1005 949 1064; x_wconf 76' lang='lat' dir='ltr'><strong>Luca:</strong></span> <span class='ocrx_word' id='word_1_63' title='bbox 979 1022 1234 1066; x_wconf 85' lang='lat' dir='ltr'><strong>constare</strong></span> <span class='ocrx_word' id='word_1_64' title='bbox 1253 1021 1448 1082; x_wconf 85' lang='lat' dir='ltr'><strong>potest.</strong></span> <span class='ocrx_word' id='word_1_65' title='bbox 1490 1015 1580 1069; x_wconf 84' lang='lat' dir='ltr'><strong>Sic</strong></span> <span class='ocrx_word' id='word_1_66' title='bbox 1614 1018 1757 1070; x_wconf 90' lang='lat' dir='ltr'><strong>enim</strong></span> <span class='ocrx_word' id='word_1_67' title='bbox 1791 1019 2020 1074; x_wconf 87' lang='lat' dir='ltr'><strong>scribit:</strong></span> 
     </span>
    </p>
   </div>
   <div class='ocr_carea' id='block_1_13' title="bbox 451 1090 2024 1177">
    <p class='ocr_par' dir='ltr' id='par_1_13' title="bbox 451 1090 2024 1177">
     <span class='ocr_line' id='line_1_13' title="bbox 451 1090 2024 1177; baseline 0.009 -27"><span class='ocrx_word' id='word_1_68' title='bbox 451 1090 756 1150; x_wconf 70' lang='lat' dir='ltr'><strong>Eratlem</strong></span> <span class='ocrx_word' id='word_1_69' title='bbox 791 1099 1043 1166; x_wconf 78' lang='lat' dir='ltr'><strong>incipiens</strong></span> <span class='ocrx_word' id='word_1_70' title='bbox 1071 1117 1183 1155; x_wconf 76' lang='lat' dir='ltr'><strong>esse</strong></span> <span class='ocrx_word' id='word_1_71' title='bbox 1214 1103 1369 1171; x_wconf 79' lang='lat' dir='ltr'><strong>quasi</strong></span> <span class='ocrx_word' id='word_1_72' title='bbox 1403 1120 1662 1159; x_wconf 85' lang='lat' dir='ltr'><strong>annorum</strong></span> <span class='ocrx_word' id='word_1_73' title='bbox 1695 1123 1824 1174; x_wconf 74' lang='lat' dir='ltr'><strong>xxx,</strong></span> <span class='ocrx_word' id='word_1_74' title='bbox 1849 1109 2024 1177; x_wconf 75' lang='lat' dir='ltr'><strong>ﬁlius,</strong></span> 
     </span>
    </p>
   </div>
   <div class='ocr_carea' id='block_1_14' title="bbox 448 1188 2026 1271">
    <p class='ocr_par' dir='ltr' id='par_1_14' title="bbox 448 1188 2026 1271">
     <span class='ocr_line' id='line_1_14' title="bbox 448 1188 2026 1271; baseline 0.013 -34"><span class='ocrx_word' id='word_1_75' title='bbox 448 1197 506 1239; x_wconf 81' lang='lat' dir='ltr'><strong>ut</strong></span> <span class='ocrx_word' id='word_1_76' title='bbox 536 1188 850 1254; x_wconf 79' lang='lat' dir='ltr'><strong>putabatur,</strong></span> <span class='ocrx_word' id='word_1_77' title='bbox 877 1188 1074 1259; x_wconf 76' lang='lat' dir='ltr'><strong>Joseplt</strong></span> <span class='ocrx_word' id='word_1_78' title='bbox 1105 1193 1143 1246; x_wconf 79' lang='lat'><strong>&#39;.</strong></span> <span class='ocrx_word' id='word_1_79' title='bbox 1177 1191 1311 1248; x_wconf 86' lang='lat' dir='ltr'><strong>Nam</strong></span> <span class='ocrx_word' id='word_1_80' title='bbox 1341 1196 1384 1251; x_wconf 87' lang='lat' dir='ltr'><strong>si</strong></span> <span class='ocrx_word' id='word_1_81' title='bbox 1411 1206 1724 1253; x_wconf 88' lang='lat' dir='ltr'><strong>accuratam</strong></span> <span class='ocrx_word' id='word_1_82' title='bbox 1765 1201 2026 1271; x_wconf 89' lang='lat' dir='ltr'><strong>temporis</strong></span> 
     </span>
    </p>
   </div>
   <div class='ocr_carea' id='block_1_15' title="bbox 453 1281 2027 1358">
    <p class='ocr_par' dir='ltr' id='par_1_15' title="bbox 453 1281 2027 1358">
     <span class='ocr_line' id='line_1_15' title="bbox 453 1281 2027 1358; baseline 0.013 -29"><span class='ocrx_word' id='word_1_83' title='bbox 453 1281 720 1337; x_wconf 81' lang='lat' dir='ltr'><strong>rationem</strong></span> <span class='ocrx_word' id='word_1_84' title='bbox 774 1281 947 1343; x_wconf 89' lang='lat' dir='ltr'><strong>ineas,</strong></span> <span class='ocrx_word' id='word_1_85' title='bbox 1005 1286 1226 1340; x_wconf 87' lang='lat' dir='ltr'><strong>nonnisi</strong></span> <span class='ocrx_word' id='word_1_86' title='bbox 1284 1304 1413 1343; x_wconf 79' lang='lat' dir='ltr'><strong>xm</strong></span> <span class='ocrx_word' id='word_1_87' title='bbox 1447 1306 1715 1345; x_wconf 81' lang='lat' dir='ltr'><strong>annorum</strong></span> <span class='ocrx_word' id='word_1_88' title='bbox 1766 1301 1907 1358; x_wconf 89' lang='lat' dir='ltr'><strong>erat,</strong></span> <span class='ocrx_word' id='word_1_89' title='bbox 1963 1309 2027 1349; x_wconf 87' lang='lat' dir='ltr'><strong>ac</strong></span> 
     </span>
    </p>
   </div>
   <div class='ocr_carea' id='block_1_16' title="bbox 451 1371 2029 1449">
    <p class='ocr_par' dir='ltr' id='par_1_16' title="bbox 451 1371 2029 1449">
     <span class='ocr_line' id='line_1_16' title="bbox 451 1371 2029 1449; baseline 0.011 -28"><span class='ocrx_word' id='word_1_90' title='bbox 451 1384 480 1420; x_wconf 83' lang='lat' dir='ltr'><strong>x</strong></span> <span class='ocrx_word' id='word_1_91' title='bbox 517 1371 808 1433; x_wconf 88' lang='lat' dir='ltr'><strong>mensium,</strong></span> <span class='ocrx_word' id='word_1_92' title='bbox 843 1386 968 1427; x_wconf 89' lang='lat' dir='ltr'><strong>cum</strong></span> <span class='ocrx_word' id='word_1_93' title='bbox 1021 1374 1093 1428; x_wconf 85' lang='lat' dir='ltr'><strong>ad</strong></span> <span class='ocrx_word' id='word_1_94' title='bbox 1126 1376 1455 1447; x_wconf 85' lang='lat' dir='ltr'><strong>baptismum</strong></span> <span class='ocrx_word' id='word_1_95' title='bbox 1498 1397 1620 1437; x_wconf 90' lang='lat' dir='ltr'><strong>sese</strong></span> <span class='ocrx_word' id='word_1_96' title='bbox 1670 1385 1923 1449; x_wconf 88' lang='lat' dir='ltr'><strong>contulit,</strong></span> <span class='ocrx_word' id='word_1_97' title='bbox 1969 1394 2029 1439; x_wconf 90' lang='lat' dir='ltr'><strong>ut</strong></span> 
     </span>
    </p>
   </div>
   <div class='ocr_carea' id='block_1_17' title="bbox 450 1460 2028 1541">
    <p class='ocr_par' dir='ltr' id='par_1_17' title="bbox 450 1460 2028 1541">
     <span class='ocr_line' id='line_1_17' title="bbox 450 1460 2028 1541; baseline 0.013 -29"><span class='ocrx_word' id='word_1_98' title='bbox 450 1460 677 1530; x_wconf 67' lang='lat' dir='ltr'><strong>triginta</strong></span> <span class='ocrx_word' id='word_1_99' title='bbox 715 1477 1008 1530; x_wconf 89' lang='lat' dir='ltr'><strong>annorum,</strong></span> <span class='ocrx_word' id='word_1_100' title='bbox 1043 1483 1150 1521; x_wconf 90' lang='lat' dir='ltr'><strong>non</strong></span> <span class='ocrx_word' id='word_1_101' title='bbox 1178 1475 1361 1524; x_wconf 88' lang='lat' dir='ltr'><strong>tamen</strong></span> <span class='ocrx_word' id='word_1_102' title='bbox 1396 1472 1703 1541; x_wconf 89' lang='lat' dir='ltr'><strong>plenorum,</strong></span> <span class='ocrx_word' id='word_1_103' title='bbox 1743 1475 1914 1531; x_wconf 81' lang='lat' dir='ltr'><strong>fuisse</strong></span> <span class='ocrx_word' id='word_1_104' title='bbox 1944 1477 2028 1531; x_wconf 62' lang='lat' dir='ltr'><strong>di»</strong></span> 
     </span>
    </p>
   </div>
   <div class='ocr_carea' id='block_1_18' title="bbox 449 1552 2029 1638">
    <p class='ocr_par' dir='ltr' id='par_1_18' title="bbox 449 1552 2029 1638">
     <span class='ocr_line' id='line_1_18' title="bbox 449 1552 2029 1638; baseline 0.011 -33"><span class='ocrx_word' id='word_1_105' title='bbox 449 1560 624 1608; x_wconf 81' lang='lat' dir='ltr'><strong>catur.</strong></span> <span class='ocrx_word' id='word_1_106' title='bbox 664 1552 900 1627; x_wconf 89' lang='lat' dir='ltr'><strong>Ideoque</strong></span> <span class='ocrx_word' id='word_1_107' title='bbox 932 1559 1196 1630; x_wconf 91' lang='lat' dir='ltr'><strong>scriptum</strong></span> <span class='ocrx_word' id='word_1_108' title='bbox 1229 1570 1344 1616; x_wconf 90' lang='lat' dir='ltr'><strong>est:</strong></span> <span class='ocrx_word' id='word_1_109' title='bbox 1384 1561 1651 1634; x_wconf 80' lang='lat' dir='ltr'><strong>Incipiens</strong></span> <span class='ocrx_word' id='word_1_110' title='bbox 1677 1569 1831 1638; x_wconf 81' lang='lat' dir='ltr'><strong>quasi</strong></span> <span class='ocrx_word' id='word_1_111' title='bbox 1860 1587 2029 1622; x_wconf 88' lang='lat' dir='ltr'><strong>anno-</strong></span> 
     </span>
    </p>
   </div>
   <div class='ocr_carea' id='block_1_19' title="bbox 450 1647 2022 1722">
    <p class='ocr_par' dir='ltr' id='par_1_19' title="bbox 450 1647 2022 1722">
     <span class='ocr_line' id='line_1_19' title="bbox 450 1647 2022 1722; baseline 0.011 -25"><span class='ocrx_word' id='word_1_112' title='bbox 450 1662 566 1698; x_wconf 78' lang='lat' dir='ltr'><strong>rum</strong></span> <span class='ocrx_word' id='word_1_113' title='bbox 599 1663 727 1702; x_wconf 79' lang='lat' dir='ltr'><strong>xxx.</strong></span> <span class='ocrx_word' id='word_1_114' title='bbox 763 1647 1028 1722; x_wconf 79' lang='lat' dir='ltr'><strong>Deinceps</strong></span> <span class='ocrx_word' id='word_1_115' title='bbox 1075 1669 1140 1707; x_wconf 80' lang='lat' dir='ltr'><strong>xl.</strong></span> <span class='ocrx_word' id='word_1_116' title='bbox 1173 1657 1491 1712; x_wconf 85' lang='lat' dir='ltr'><strong>tentationis</strong></span> <span class='ocrx_word' id='word_1_117' title='bbox 1521 1658 1638 1714; x_wconf 84' lang='lat' dir='ltr'><strong>dies</strong></span> <span class='ocrx_word' id='word_1_118' title='bbox 1667 1663 1839 1715; x_wconf 89' lang='lat' dir='ltr'><strong>secuti</strong></span> <span class='ocrx_word' id='word_1_119' title='bbox 1877 1671 2022 1717; x_wconf 92' lang='lat' dir='ltr'><strong>sunt.</strong></span> 
     </span>
    </p>
   </div>
   <div class='ocr_carea' id='block_1_20' title="bbox 2125 467 3450 542">
    <p class='ocr_par' dir='ltr' id='par_1_20' title="bbox 2125 467 3450 542">
     <span class='ocr_line' id='line_1_20' title="bbox 2125 467 3450 542; baseline 0.003 -22"><span class='ocrx_word' id='word_1_120' title='bbox 2125 469 2262 522; x_wconf 78' lang='grc' dir='ltr'>ὥστε</span> <span class='ocrx_word' id='word_1_121' title='bbox 2297 467 2435 524; x_wconf 82' lang='grc' dir='ltr'>εἶναι</span> <span class='ocrx_word' id='word_1_122' title='bbox 2463 469 2558 542; x_wconf 78' lang='grc' dir='ltr'>τὴν</span> <span class='ocrx_word' id='word_1_123' title='bbox 2587 471 2905 525; x_wconf 73' lang='grc' dir='ltr'>ἀκολουθίαν</span> <span class='ocrx_word' id='word_1_124' title='bbox 2931 471 3228 538; x_wconf 80' lang='grc' dir='ltr'>ἐξάπαντος</span> <span class='ocrx_word' id='word_1_125' title='bbox 3258 472 3450 535; x_wconf 78' lang='grc' dir='ltr'>οὓτως.</span> 
     </span>
    </p>
   </div>
   <div class='ocr_carea' id='block_1_21' title="bbox 2197 648 3704 721">
    <p class='ocr_par' dir='ltr' id='par_1_21' title="bbox 2197 648 3704 721">
     <span class='ocr_line' id='line_1_21' title="bbox 2197 648 3704 721; baseline -0.001 -19"><span class='ocrx_word' id='word_1_126' title='bbox 2197 650 2312 716; x_wconf 72' lang='grc' dir='ltr'>ις’.</span> <span class='ocrx_word' id='word_1_127' title='bbox 2341 649 2566 721; x_wconf 82' lang='grc' dir='ltr'>Πρῶτον</span> <span class='ocrx_word' id='word_1_128' title='bbox 2598 650 2695 720; x_wconf 79' lang='grc' dir='ltr'><strong>μὲν</strong></span> <span class='ocrx_word' id='word_1_129' title='bbox 2741 648 3126 718; x_wconf 83' lang='grc' dir='ltr'><strong>βαπτισθέντος</strong></span> <span class='ocrx_word' id='word_1_130' title='bbox 3172 649 3338 704; x_wconf 81' lang='grc' dir='ltr'>αὑτοῦ</span> <span class='ocrx_word' id='word_1_131' title='bbox 3375 653 3494 704; x_wconf 85' lang='grc' dir='ltr'>κατ’</span> <span class='ocrx_word' id='word_1_132' title='bbox 3534 651 3704 717; x_wconf 79' lang='grc' dir='ltr'>Αἰγυ-</span> 
     </span>
    </p>
   </div>
   <div class='ocr_carea' id='block_1_22' title="bbox 2126 741 3703 816">
    <p class='ocr_par' dir='ltr' id='par_1_22' title="bbox 2126 741 3703 816">
     <span class='ocr_line' id='line_1_22' title="bbox 2126 741 3703 816; baseline 0.001 -23"><span class='ocrx_word' id='word_1_133' title='bbox 2126 741 2332 806; x_wconf 80' lang='grc' dir='ltr'>πτίους,</span> <span class='ocrx_word' id='word_1_134' title='bbox 2387 743 2464 807; x_wconf 83' lang='grc' dir='ltr'>ὡς</span> <span class='ocrx_word' id='word_1_135' title='bbox 2503 743 2734 814; x_wconf 79' lang='grc' dir='ltr'><strong>ἔφημεν,</strong></span> <span class='ocrx_word' id='word_1_136' title='bbox 2784 743 2947 815; x_wconf 77' lang='grc' dir='ltr'>’Λθῦρ</span> <span class='ocrx_word' id='word_1_137' title='bbox 2980 744 3253 816; x_wconf 82' lang='grc' dir='ltr'><strong>δωδεκάτῃ</strong></span> <span class='ocrx_word' id='word_1_138' title='bbox 3303 745 3407 815; x_wconf 82' lang='grc' dir='ltr'><strong>πρὸ</strong></span> <span class='ocrx_word' id='word_1_139' title='bbox 3444 744 3502 811; x_wconf 77' lang='grc' dir='ltr'><strong>ἒξ</strong></span> <span class='ocrx_word' id='word_1_140' title='bbox 3532 745 3703 796; x_wconf 83' lang='grc' dir='ltr'>Εἰδών</span> 
     </span>
    </p>
   </div>
   <div class='ocr_carea' id='block_1_23' title="bbox 2125 834 3702 909">
    <p class='ocr_par' dir='ltr' id='par_1_23' title="bbox 2125 834 3702 909">
     <span class='ocr_line' id='line_1_23' title="bbox 2125 834 3702 909; baseline 0.003 -23"><span class='ocrx_word' id='word_1_141' title='bbox 2125 834 2468 906; x_wconf 76' lang='grc' dir='ltr'>Νοεμϐρίων,</span> <span class='ocrx_word' id='word_1_142' title='bbox 2500 836 2740 890; x_wconf 80' lang='grc' dir='ltr'><strong>τουτέστι</strong></span> <span class='ocrx_word' id='word_1_143' title='bbox 2771 837 2874 908; x_wconf 87' lang='grc' dir='ltr'><strong>πρὸ</strong></span> <span class='ocrx_word' id='word_1_144' title='bbox 2898 837 3160 908; x_wconf 78' lang='grc' dir='ltr'>ἐξήκοντα</span> <span class='ocrx_word' id='word_1_145' title='bbox 3183 837 3402 909; x_wconf 79' lang='grc' dir='ltr'>ἡμερῶν</span> <span class='ocrx_word' id='word_1_146' title='bbox 3443 836 3702 907; x_wconf 79' lang='grc' dir='ltr'>(πλήρης)</span> 
     </span>
    </p>
   </div>
   <div class='ocr_carea' id='block_1_24' title="bbox 2126 926 3702 1000">
    <p class='ocr_par' dir='ltr' id='par_1_24' title="bbox 2126 926 3702 1000">
     <span class='ocr_line' id='line_1_24' title="bbox 2126 926 3702 1000; baseline 0.007 -21"><span class='ocrx_word' id='word_1_147' title='bbox 2126 926 2220 999; x_wconf 75' lang='grc' dir='ltr'>τῆς</span> <span class='ocrx_word' id='word_1_148' title='bbox 2278 928 2490 999; x_wconf 80' lang='grc' dir='ltr'>ἡμέρας</span> <span class='ocrx_word' id='word_1_149' title='bbox 2541 927 2649 981; x_wconf 83' lang='grc' dir='ltr'><strong>τῶν</strong></span> <span class='ocrx_word' id='word_1_150' title='bbox 2712 929 3065 997; x_wconf 68' lang='grc' dir='ltr'>Ἐπιφανίων,</span> <span class='ocrx_word' id='word_1_151' title='bbox 3116 930 3150 998; x_wconf 81' lang='grc' dir='ltr'><strong>ἥ</strong></span> <span class='ocrx_word' id='word_1_152' title='bbox 3187 931 3334 981; x_wconf 80' lang='grc' dir='ltr'>ἐστιν</span> <span class='ocrx_word' id='word_1_153' title='bbox 3384 928 3566 1000; x_wconf 80' lang='grc' dir='ltr'>ἡμέρα</span> <span class='ocrx_word' id='word_1_154' title='bbox 3602 927 3702 998; x_wconf 77' lang='grc' dir='ltr'>τῆς</span> 
     </span>
    </p>
   </div>
   <div class='ocr_carea' id='block_1_25' title="bbox 2127 1017 3704 1091">
    <p class='ocr_par' dir='ltr' id='par_1_25' title="bbox 2127 1017 3704 1091">
     <span class='ocr_line' id='line_1_25' title="bbox 2127 1017 3704 1091; baseline -0.001 -19"><span class='ocrx_word' id='word_1_155' title='bbox 2127 1017 2291 1073; x_wconf 89' lang='grc' dir='ltr'>αυτοῦ</span> <span class='ocrx_word' id='word_1_156' title='bbox 2327 1021 2629 1091; x_wconf 83' lang='grc' dir='ltr'>γεννήσεως</span> <span class='ocrx_word' id='word_1_157' title='bbox 2671 1020 2812 1074; x_wconf 83' lang='grc' dir='ltr'>κατὰ</span> <span class='ocrx_word' id='word_1_158' title='bbox 2853 1021 3049 1090; x_wconf 74' lang='grc' dir='ltr'>σάρκα,</span> <span class='ocrx_word' id='word_1_159' title='bbox 3097 1019 3172 1085; x_wconf 82' lang='grc' dir='ltr'>ὡς</span> <span class='ocrx_word' id='word_1_160' title='bbox 3208 1020 3320 1090; x_wconf 79' lang='grc' dir='ltr'>ἔχει</span> <span class='ocrx_word' id='word_1_161' title='bbox 3365 1023 3397 1091; x_wconf 84' lang='grc' dir='ltr'>ἡ</span> <span class='ocrx_word' id='word_1_162' title='bbox 3431 1020 3704 1091; x_wconf 83' lang='grc' dir='ltr'>μαρτυρία</span> 
     </span>
    </p>
   </div>
   <div class='ocr_carea' id='block_1_26' title="bbox 2127 1107 3705 1180">
    <p class='ocr_par' dir='ltr' id='par_1_26' title="bbox 2127 1107 3705 1180">
     <span class='ocr_line' id='line_1_26' title="bbox 2127 1107 3705 1180; baseline 0.001 -18"><span class='ocrx_word' id='word_1_163' title='bbox 2127 1111 2221 1162; x_wconf 84' lang='grc' dir='ltr'><strong>τοῦ</strong></span> <span class='ocrx_word' id='word_1_164' title='bbox 2255 1111 2396 1164; x_wconf 86' lang='grc' dir='ltr'>κατὰ</span> <span class='ocrx_word' id='word_1_165' title='bbox 2429 1113 2640 1164; x_wconf 74' lang='grc' dir='ltr'>Λουκᾶν</span> <span class='ocrx_word' id='word_1_166' title='bbox 2669 1111 2994 1180; x_wconf 83' lang='grc' dir='ltr'>Εὑαγγελίου</span> <span class='ocrx_word' id='word_1_167' title='bbox 3019 1154 3034 1179; x_wconf 96' lang='grc'><strong>,</strong></span> <span class='ocrx_word' id='word_1_168' title='bbox 3082 1112 3164 1165; x_wconf 87' lang='grc' dir='ltr'><strong>δτι</strong></span> <span class='ocrx_word' id='word_1_169' title='bbox 3193 1107 3304 1166; x_wconf 79' lang='grc' dir='ltr'><strong>Ἦν</strong></span> <span class='ocrx_word' id='word_1_170' title='bbox 3341 1111 3572 1179; x_wconf 74' lang='grc' dir='ltr'>Ἰησοῦς</span> <span class='ocrx_word' id='word_1_171' title='bbox 3599 1111 3705 1178; x_wconf 81' lang='grc' dir='ltr'><strong>ἀρ-</strong></span> 
     </span>
    </p>
   </div>
   <div class='ocr_carea' id='block_1_27' title="bbox 2128 1197 3707 1272">
    <p class='ocr_par' dir='ltr' id='par_1_27' title="bbox 2128 1197 3707 1272">
     <span class='ocr_line' id='line_1_27' title="bbox 2128 1197 3707 1272; baseline 0 -19"><span class='ocrx_word' id='word_1_172' title='bbox 2128 1204 2383 1271; x_wconf 80' lang='grc' dir='ltr'>χόμενος</span> <span class='ocrx_word' id='word_1_173' title='bbox 2424 1197 2577 1256; x_wconf 78' lang='grc' dir='ltr'>εἶναι</span> <span class='ocrx_word' id='word_1_174' title='bbox 2623 1203 2706 1269; x_wconf 85' lang='grc' dir='ltr'>ὡς</span> <span class='ocrx_word' id='word_1_175' title='bbox 2747 1203 2901 1259; x_wconf 77' lang='grc' dir='ltr'><strong>ἐτῶν</strong></span> <span class='ocrx_word' id='word_1_176' title='bbox 2945 1203 3283 1272; x_wconf 78' lang='grc' dir='ltr'>τριάκοντα,</span> <span class='ocrx_word' id='word_1_177' title='bbox 3325 1201 3410 1257; x_wconf 86' lang='grc' dir='ltr'><strong>ὢν</strong></span> <span class='ocrx_word' id='word_1_178' title='bbox 3447 1202 3596 1269; x_wconf 81' lang='grc' dir='ltr'>υίύς,</span> <span class='ocrx_word' id='word_1_179' title='bbox 3624 1203 3707 1267; x_wconf 85' lang='grc' dir='ltr'>ὡς</span> 
     </span>
    </p>
   </div>
   <div class='ocr_carea' id='block_1_28' title="bbox 2127 1289 3707 1366">
    <p class='ocr_par' dir='ltr' id='par_1_28' title="bbox 2127 1289 3707 1366">
     <span class='ocr_line' id='line_1_28' title="bbox 2127 1289 3707 1366; baseline 0.001 -23"><span class='ocrx_word' id='word_1_180' title='bbox 2127 1289 2442 1358; x_wconf 64' lang='grc' dir='ltr'>ἐνομίζετο.</span> <span class='ocrx_word' id='word_1_181' title='bbox 2476 1292 2584 1346; x_wconf 83' lang='grc' dir='ltr'><strong>τοῦ</strong></span> <span class='ocrx_word' id='word_1_182' title='bbox 2617 1289 2967 1362; x_wconf 58' lang='grc' dir='ltr'>ἸωσήφῘΗν</span> <span class='ocrx_word' id='word_1_183' title='bbox 2997 1293 3104 1366; x_wconf 81' lang='grc' dir='ltr'>γὰρ</span> <span class='ocrx_word' id='word_1_184' title='bbox 3125 1293 3203 1364; x_wconf 85' lang='grc' dir='ltr'>τῷ</span> <span class='ocrx_word' id='word_1_185' title='bbox 3231 1295 3326 1365; x_wconf 82' lang='grc' dir='ltr'><strong>μὲν</strong></span> <span class='ocrx_word' id='word_1_186' title='bbox 3353 1294 3466 1347; x_wconf 76' lang='grc' dir='ltr'>ὄντι.</span> <span class='ocrx_word' id='word_1_187' title='bbox 3505 1295 3707 1348; x_wconf 76' lang='grc' dir='ltr'>εἰκοσι-</span> 
     </span>
    </p>
   </div>
   <div class='ocr_carea' id='block_1_29' title="bbox 2129 1381 3708 1456">
    <p class='ocr_par' dir='ltr' id='par_1_29' title="bbox 2129 1381 3708 1456">
     <span class='ocr_line' id='line_1_29' title="bbox 2129 1381 3708 1456; baseline 0.001 -22"><span class='ocrx_word' id='word_1_188' title='bbox 2129 1382 2285 1435; x_wconf 85' lang='grc' dir='ltr'>εννέα</span> <span class='ocrx_word' id='word_1_189' title='bbox 2336 1381 2492 1443; x_wconf 83' lang='grc' dir='ltr'>ἐτῶν,</span> <span class='ocrx_word' id='word_1_190' title='bbox 2542 1383 2637 1436; x_wconf 79' lang='grc' dir='ltr'><strong>καὶ</strong></span> <span class='ocrx_word' id='word_1_191' title='bbox 2676 1387 2862 1456; x_wconf 85' lang='grc' dir='ltr'>μηνῶν</span> <span class='ocrx_word' id='word_1_192' title='bbox 2888 1385 3041 1452; x_wconf 81' lang='grc' dir='ltr'>δέκα,</span> <span class='ocrx_word' id='word_1_193' title='bbox 3082 1386 3171 1438; x_wconf 84' lang='grc' dir='ltr'>ὅτε</span> <span class='ocrx_word' id='word_1_194' title='bbox 3204 1387 3296 1438; x_wconf 69' lang='grc' dir='ltr'><strong>ἐπὶ</strong></span> <span class='ocrx_word' id='word_1_195' title='bbox 3322 1385 3384 1438; x_wconf 81' lang='grc' dir='ltr'><strong>τὸ</strong></span> <span class='ocrx_word' id='word_1_196' title='bbox 3421 1383 3708 1454; x_wconf 81' lang='grc' dir='ltr'><strong>βάπτισμα</strong></span> 
     </span>
    </p>
   </div>
   <div class='ocr_carea' id='block_1_30' title="bbox 2128 1468 3704 1552">
    <p class='ocr_par' dir='ltr' id='par_1_30' title="bbox 2128 1468 3704 1552">
     <span class='ocr_line' id='line_1_30' title="bbox 2128 1468 3704 1552; baseline 0 -26"><span class='ocrx_word' id='word_1_197' title='bbox 2128 1468 2253 1543; x_wconf 76' lang='grc' dir='ltr'>ἧκε,</span> <span class='ocrx_word' id='word_1_198' title='bbox 2285 1474 2578 1545; x_wconf 82' lang='grc' dir='ltr'>τριάκοντα</span> <span class='ocrx_word' id='word_1_199' title='bbox 2600 1476 2698 1547; x_wconf 82' lang='grc' dir='ltr'>μὲν</span> <span class='ocrx_word' id='word_1_200' title='bbox 2724 1477 2880 1542; x_wconf 81' lang='grc' dir='ltr'>ὲτῶν,</span> <span class='ocrx_word' id='word_1_201' title='bbox 2917 1478 3030 1531; x_wconf 84' lang='grc' dir='ltr'>ἀλλ’</span> <span class='ocrx_word' id='word_1_202' title='bbox 3063 1477 3123 1552; x_wconf 81' lang='grc' dir='ltr'><strong>οὐ</strong></span> <span class='ocrx_word' id='word_1_203' title='bbox 3158 1477 3392 1548; x_wconf 77' lang='grc' dir='ltr'><strong>πλήρης.</strong></span> <span class='ocrx_word' id='word_1_204' title='bbox 3424 1476 3514 1529; x_wconf 86' lang='grc' dir='ltr'>Διὸ</span> <span class='ocrx_word' id='word_1_205' title='bbox 3537 1475 3704 1543; x_wconf 84' lang='grc' dir='ltr'>λέγει’</span> 
     </span>
    </p>
   </div>
   <div class='ocr_carea' id='block_1_31' title="bbox 2143 1566 3709 1638">
    <p class='ocr_par' dir='ltr' id='par_1_31' title="bbox 2143 1566 3709 1638">
     <span class='ocr_line' id='line_1_31' title="bbox 2143 1566 3709 1638; baseline -0.001 -18"><span class='ocrx_word' id='word_1_206' title='bbox 2143 1568 2489 1636; x_wconf 74' lang='grc' dir='ltr'><strong>Ἀρχόμενος</strong></span> <span class='ocrx_word' id='word_1_207' title='bbox 2531 1571 2611 1635; x_wconf 86' lang='grc' dir='ltr'>ὠς</span> <span class='ocrx_word' id='word_1_208' title='bbox 2665 1568 2816 1624; x_wconf 82' lang='grc' dir='ltr'><strong>ἑτῶν</strong></span> <span class='ocrx_word' id='word_1_209' title='bbox 2869 1570 3202 1638; x_wconf 76' lang='grc' dir='ltr'>τριάκοντα.</span> <span class='ocrx_word' id='word_1_210' title='bbox 3261 1566 3610 1621; x_wconf 84' lang='grc' dir='ltr'>Ἀπεντεῦθεν</span> <span class='ocrx_word' id='word_1_211' title='bbox 3650 1566 3709 1619; x_wconf 70' lang='grc' dir='ltr'>αἱ</span> 
     </span>
    </p>
   </div>
   <div class='ocr_carea' id='block_1_32' title="bbox 2129 1656 3708 1731">
    <p class='ocr_par' dir='ltr' id='par_1_32' title="bbox 2129 1656 3708 1731">
     <span class='ocr_line' id='line_1_32' title="bbox 2129 1656 3708 1731; baseline 0.001 -23"><span class='ocrx_word' id='word_1_212' title='bbox 2129 1656 2537 1728; x_wconf 85' lang='grc' dir='ltr'>τεσσαράκοντα</span> <span class='ocrx_word' id='word_1_213' title='bbox 2580 1656 2675 1711; x_wconf 89' lang='grc' dir='ltr'><strong>τοῦ</strong></span> <span class='ocrx_word' id='word_1_214' title='bbox 2707 1659 3041 1731; x_wconf 85' lang='grc' dir='ltr'><strong>πειρασμοῦ,</strong></span> <span class='ocrx_word' id='word_1_215' title='bbox 3076 1659 3170 1713; x_wconf 75' lang='grc' dir='ltr'><strong>καὶ</strong></span> <span class='ocrx_word' id='word_1_216' title='bbox 3202 1661 3256 1712; x_wconf 79' lang='lat' dir='ltr'><strong>ai</strong></span> <span class='ocrx_word' id='word_1_217' title='bbox 3295 1657 3388 1712; x_wconf 82' lang='grc' dir='ltr'>δύο</span> <span class='ocrx_word' id='word_1_218' title='bbox 3416 1657 3708 1727; x_wconf 76' lang='grc' dir='ltr'>ἑϐδομάδες</span> 
     </span>
    </p>
   </div>
   <div class='ocr_carea' id='block_1_33' title="bbox 450 1737 2029 1821">
    <p class='ocr_par' dir='ltr' id='par_1_33' title="bbox 450 1737 2026 1820">
     <span class='ocr_line' id='line_1_33' title="bbox 450 1737 2026 1820; baseline 0.011 -29"><span class='ocrx_word' id='word_1_219' title='bbox 450 1737 589 1794; x_wconf 86' lang='lat' dir='ltr'><strong>Tum</strong></span> <span class='ocrx_word' id='word_1_220' title='bbox 621 1741 994 1800; x_wconf 89' lang='lat' dir='ltr'><strong>hebdomades</strong></span> <span class='ocrx_word' id='word_1_221' title='bbox 1033 1747 1158 1816; x_wconf 90' lang='lat' dir='ltr'><strong>plus</strong></span> <span class='ocrx_word' id='word_1_222' title='bbox 1200 1749 1382 1805; x_wconf 92' lang='lat' dir='ltr'><strong>minus</strong></span> <span class='ocrx_word' id='word_1_223' title='bbox 1413 1751 1553 1816; x_wconf 63' lang='lat' dir='ltr'><strong>dum,</strong></span> <span class='ocrx_word' id='word_1_224' title='bbox 1599 1767 1738 1820; x_wconf 90' lang='lat' dir='ltr'><strong>quas</strong></span> <span class='ocrx_word' id='word_1_225' title='bbox 1777 1753 2026 1808; x_wconf 73' lang='lat' dir='ltr'><strong>Nazareti</strong></span> 
     </span>
    </p>
   </div>
   <div class='ocr_carea' id='block_1_34' title="bbox 2133 1737 3708 1821">
    <p class='ocr_par' dir='ltr' id='par_1_34' title="bbox 2133 1747 3708 1821">
     <span class='ocr_line' id='line_1_34' title="bbox 2133 1747 3708 1821; baseline 0.001 -21"><span class='ocrx_word' id='word_1_226' title='bbox 2133 1747 2313 1820; x_wconf 87' lang='grc' dir='ltr'>μικρῷ</span> <span class='ocrx_word' id='word_1_227' title='bbox 2368 1748 2548 1804; x_wconf 78' lang='grc' dir='ltr'>πλεῖον</span> <span class='ocrx_word' id='word_1_228' title='bbox 2598 1750 2654 1803; x_wconf 85' lang='grc' dir='ltr'>αἱ</span> <span class='ocrx_word' id='word_1_229' title='bbox 2713 1753 2770 1804; x_wconf 81' lang='grc' dir='ltr'><strong>ὲν</strong></span> <span class='ocrx_word' id='word_1_230' title='bbox 2806 1750 3061 1821; x_wconf 78' lang='grc' dir='ltr'>Ναζαρὲτ</span> <span class='ocrx_word' id='word_1_231' title='bbox 3099 1751 3206 1806; x_wconf 87' lang='grc' dir='ltr'>ἀπὺ</span> <span class='ocrx_word' id='word_1_232' title='bbox 3238 1751 3345 1805; x_wconf 81' lang='grc' dir='ltr'>τῶν</span> <span class='ocrx_word' id='word_1_233' title='bbox 3369 1749 3590 1821; x_wconf 80' lang='grc' dir='ltr'>ἡμερῶν</span> <span class='ocrx_word' id='word_1_234' title='bbox 3613 1749 3708 1802; x_wconf 88' lang='grc' dir='ltr'><strong>τοῦ</strong></span> 
     </span>
    </p>
   </div>
   <div class='ocr_carea' id='block_1_35' title="bbox 449 1834 2027 1916">
    <p class='ocr_par' dir='ltr' id='par_1_35' title="bbox 449 1834 2027 1916">
     <span class='ocr_line' id='line_1_35' title="bbox 449 1834 2027 1916; baseline 0.011 -33"><span class='ocrx_word' id='word_1_235' title='bbox 449 1839 573 1902; x_wconf 88' lang='lat' dir='ltr'><strong>post</strong></span> <span class='ocrx_word' id='word_1_236' title='bbox 606 1834 962 1889; x_wconf 89' lang='lat' dir='ltr'><strong>tentationem</strong></span> <span class='ocrx_word' id='word_1_237' title='bbox 993 1840 1205 1909; x_wconf 82' lang='lat' dir='ltr'><strong>exegit;</strong></span> <span class='ocrx_word' id='word_1_238' title='bbox 1248 1853 1386 1905; x_wconf 90' lang='lat' dir='ltr'><strong>tum,</strong></span> <span class='ocrx_word' id='word_1_239' title='bbox 1431 1844 1573 1913; x_wconf 89' lang='lat' dir='ltr'><strong>apud</strong></span> <span class='ocrx_word' id='word_1_240' title='bbox 1613 1841 1879 1900; x_wconf 82' lang='lat' dir='ltr'><strong>Joannem</strong></span> <span class='ocrx_word' id='word_1_241' title='bbox 1913 1847 2027 1916; x_wconf 88' lang='lat' dir='ltr'><strong>pri-</strong></span> 
     </span>
    </p>
   </div>
   <div class='ocr_carea' id='block_1_36' title="bbox 449 1924 2024 2004">
    <p class='ocr_par' dir='ltr' id='par_1_36' title="bbox 449 1924 2024 2004">
     <span class='ocr_line' id='line_1_36' title="bbox 449 1924 2024 2004; baseline 0.01 -28"><span class='ocrx_word' id='word_1_242' title='bbox 449 1938 537 1976; x_wconf 87' lang='lat' dir='ltr'><strong>ma</strong></span> <span class='ocrx_word' id='word_1_243' title='bbox 557 1924 841 1995; x_wconf 85' lang='lat' dir='ltr'><strong>alteraque</strong></span> <span class='ocrx_word' id='word_1_244' title='bbox 865 1927 1013 1992; x_wconf 88' lang='lat' dir='ltr'><strong>dies;</strong></span> <span class='ocrx_word' id='word_1_245' title='bbox 1042 1945 1124 1995; x_wconf 87' lang='lat' dir='ltr'><strong>ac,</strong></span> <span class='ocrx_word' id='word_1_246' title='bbox 1154 1943 1442 2004; x_wconf 86' lang='lat' dir='ltr'><strong>postquam</strong></span> <span class='ocrx_word' id='word_1_247' title='bbox 1465 1951 1493 1988; x_wconf 93' lang='lat' dir='ltr'><strong>a</strong></span> <span class='ocrx_word' id='word_1_248' title='bbox 1516 1934 1726 1991; x_wconf 79' lang='lat' dir='ltr'><strong>Joanne</strong></span> <span class='ocrx_word' id='word_1_249' title='bbox 1747 1936 2024 2003; x_wconf 80' lang='lat' dir='ltr'><strong>discessit,</strong></span> 
     </span>
    </p>
   </div>
   <div class='ocr_carea' id='block_1_37' title="bbox 449 2014 2028 2087">
    <p class='ocr_par' dir='ltr' id='par_1_37' title="bbox 449 2014 2028 2087">
     <span class='ocr_line' id='line_1_37' title="bbox 449 2014 2028 2087; baseline 0.011 -18"><span class='ocrx_word' id='word_1_250' title='bbox 449 2014 700 2080; x_wconf 79' lang='lat' dir='ltr'><strong>totidem,</strong></span> <span class='ocrx_word' id='word_1_251' title='bbox 732 2034 857 2072; x_wconf 91' lang='lat' dir='ltr'><strong>cum</strong></span> <span class='ocrx_word' id='word_1_252' title='bbox 884 2019 1132 2078; x_wconf 81' lang='lat' dir='ltr'><strong>Andreas</strong></span> <span class='ocrx_word' id='word_1_253' title='bbox 1155 2023 1304 2079; x_wconf 90' lang='lat' dir='ltr'><strong>illum</strong></span> <span class='ocrx_word' id='word_1_254' title='bbox 1335 2042 1443 2080; x_wconf 85' lang='lat' dir='ltr'><strong>una</strong></span> <span class='ocrx_word' id='word_1_255' title='bbox 1472 2042 1598 2081; x_wconf 92' lang='lat' dir='ltr'><strong>cum</strong></span> <span class='ocrx_word' id='word_1_256' title='bbox 1628 2030 1780 2084; x_wconf 90' lang='lat' dir='ltr'><strong>socio</strong></span> <span class='ocrx_word' id='word_1_257' title='bbox 1807 2043 2028 2087; x_wconf 87' lang='lat' dir='ltr'><strong>secutus</strong></span> 
     </span>
    </p>
   </div>
   <div class='ocr_carea' id='block_1_38' title="bbox 448 2107 2029 2185">
    <p class='ocr_par' dir='ltr' id='par_1_38' title="bbox 448 2107 2029 2185">
     <span class='ocr_line' id='line_1_38' title="bbox 448 2107 2029 2185; baseline 0.012 -27"><span class='ocrx_word' id='word_1_258' title='bbox 448 2115 557 2172; x_wconf 87' lang='lat' dir='ltr'><strong>est,</strong></span> <span class='ocrx_word' id='word_1_259' title='bbox 591 2107 788 2163; x_wconf 78' lang='lat' dir='ltr'><strong>deinde</strong></span> <span class='ocrx_word' id='word_1_260' title='bbox 824 2108 1015 2166; x_wconf 91' lang='lat' dir='ltr'><strong>Simon</strong></span> <span class='ocrx_word' id='word_1_261' title='bbox 1070 2112 1286 2170; x_wconf 89' lang='lat' dir='ltr'><strong>Petrus.</strong></span> <span class='ocrx_word' id='word_1_262' title='bbox 1334 2115 1517 2172; x_wconf 82' lang='lat' dir='ltr'><strong>Altera</strong></span> <span class='ocrx_word' id='word_1_263' title='bbox 1549 2135 1680 2174; x_wconf 88' lang='lat' dir='ltr'><strong>vero</strong></span> <span class='ocrx_word' id='word_1_264' title='bbox 1717 2121 1826 2185; x_wconf 90' lang='lat' dir='ltr'><strong>die,</strong></span> <span class='ocrx_word' id='word_1_265' title='bbox 1873 2130 1930 2175; x_wconf 91' lang='lat' dir='ltr'><strong>ut</strong></span> <span class='ocrx_word' id='word_1_266' title='bbox 1975 2133 2029 2178; x_wconf 88' lang='lat' dir='ltr'><strong>et</strong></span> 
     </span>
    </p>
   </div>
   <div class='ocr_carea' id='block_1_39' title="bbox 449 2199 2029 2283">
    <p class='ocr_par' dir='ltr' id='par_1_39' title="bbox 449 2199 2029 2283">
     <span class='ocr_line' id='line_1_39' title="bbox 449 2199 2029 2283; baseline 0.011 -32"><span class='ocrx_word' id='word_1_267' title='bbox 449 2213 552 2253; x_wconf 87' lang='lat' dir='ltr'><strong>nos</strong></span> <span class='ocrx_word' id='word_1_268' title='bbox 581 2199 845 2268; x_wconf 82' lang='lat' dir='ltr'><strong>diximus,</strong></span> <span class='ocrx_word' id='word_1_269' title='bbox 878 2210 932 2256; x_wconf 92' lang='lat' dir='ltr'><strong>et</strong></span> <span class='ocrx_word' id='word_1_270' title='bbox 960 2207 1287 2276; x_wconf 71' lang='lat' dir='ltr'><strong>evangelica:</strong></span> <span class='ocrx_word' id='word_1_271' title='bbox 1314 2211 1648 2265; x_wconf 84' lang='lat' dir='ltr'><strong>narrationis</strong></span> <span class='ocrx_word' id='word_1_272' title='bbox 1677 2213 1812 2266; x_wconf 87' lang='lat' dir='ltr'><strong>ordo</strong></span> <span class='ocrx_word' id='word_1_273' title='bbox 1841 2221 2029 2283; x_wconf 87' lang='lat' dir='ltr'><strong>postu-</strong></span> 
     </span>
    </p>
   </div>
   <div class='ocr_carea' id='block_1_40' title="bbox 450 2287 2027 2375">
    <p class='ocr_par' dir='ltr' id='par_1_40' title="bbox 450 2287 2027 2375">
     <span class='ocr_line' id='line_1_40' title="bbox 450 2287 2027 2375; baseline 0.013 -34"><span class='ocrx_word' id='word_1_274' title='bbox 450 2287 548 2353; x_wconf 89' lang='lat' dir='ltr'><strong>lat,</strong></span> <span class='ocrx_word' id='word_1_275' title='bbox 578 2289 862 2362; x_wconf 86' lang='lat' dir='ltr'><strong>Philippus</strong></span> <span class='ocrx_word' id='word_1_276' title='bbox 895 2305 1141 2363; x_wconf 85' lang='lat' dir='ltr'><strong>vocatus,</strong></span> <span class='ocrx_word' id='word_1_277' title='bbox 1175 2314 1237 2353; x_wconf 90' lang='lat' dir='ltr'><strong>ac</strong></span> <span class='ocrx_word' id='word_1_278' title='bbox 1264 2299 1590 2357; x_wconf 85' lang='lat' dir='ltr'><strong>Nathanael.</strong></span> <span class='ocrx_word' id='word_1_279' title='bbox 1617 2302 1805 2359; x_wconf 89' lang='lat' dir='ltr'><strong>Tertio</strong></span> <span class='ocrx_word' id='word_1_280' title='bbox 1837 2316 2027 2375; x_wconf 84' lang='lat' dir='ltr'><strong>postea</strong></span> 
     </span>
    </p>
   </div>
   <div class='ocr_carea' id='block_1_41' title="bbox 451 2383 2028 2468">
    <p class='ocr_par' dir='ltr' id='par_1_41' title="bbox 451 2383 2028 2468">
     <span class='ocr_line' id='line_1_41' title="bbox 451 2383 2028 2468; baseline 0.012 -33"><span class='ocrx_word' id='word_1_281' title='bbox 451 2383 540 2442; x_wconf 71' lang='lat' dir='ltr'><strong>die</strong></span> <span class='ocrx_word' id='word_1_282' title='bbox 585 2387 782 2452; x_wconf 75' lang='lat' dir='ltr'><strong>nuptiie</strong></span> <span class='ocrx_word' id='word_1_283' title='bbox 822 2388 981 2456; x_wconf 70' lang='lat' dir='ltr'><strong>factm</strong></span> <span class='ocrx_word' id='word_1_284' title='bbox 1011 2401 1134 2443; x_wconf 80' lang='lat' dir='ltr'><strong>sunt</strong></span> <span class='ocrx_word' id='word_1_285' title='bbox 1170 2395 1222 2444; x_wconf 87' lang='lat' dir='ltr'><strong>in</strong></span> <span class='ocrx_word' id='word_1_286' title='bbox 1265 2393 1413 2447; x_wconf 88' lang='lat' dir='ltr'><strong>Cana</strong></span> <span class='ocrx_word' id='word_1_287' title='bbox 1451 2392 1690 2450; x_wconf 69' lang='lat' dir='ltr'><strong>Galila’a:</strong></span> <span class='ocrx_word' id='word_1_288' title='bbox 1718 2399 1758 2459; x_wconf 83' lang='lat'><strong>&#39;,</strong></span> <span class='ocrx_word' id='word_1_289' title='bbox 1789 2409 1911 2468; x_wconf 88' lang='lat' dir='ltr'><strong>post</strong></span> <span class='ocrx_word' id='word_1_290' title='bbox 1947 2400 2028 2454; x_wconf 85' lang='lat' dir='ltr'><strong>bi-</strong></span> 
     </span>
    </p>
   </div>
   <div class='ocr_carea' id='block_1_42' title="bbox 451 2477 2028 2558">
    <p class='ocr_par' dir='ltr' id='par_1_42' title="bbox 451 2477 2028 2558">
     <span class='ocr_line' id='line_1_42' title="bbox 451 2477 2028 2558; baseline 0.011 -30"><span class='ocrx_word' id='word_1_291' title='bbox 451 2477 620 2530; x_wconf 71' lang='lat' dir='ltr'><strong>duum</strong></span> <span class='ocrx_word' id='word_1_292' title='bbox 653 2479 787 2532; x_wconf 91' lang='lat' dir='ltr'><strong>illud</strong></span> <span class='ocrx_word' id='word_1_293' title='bbox 820 2499 832 2533; x_wconf 88' lang='lat'>:</span> <span class='ocrx_word' id='word_1_294' title='bbox 867 2481 1030 2551; x_wconf 82' lang='lat' dir='ltr'><strong>idque</strong></span> <span class='ocrx_word' id='word_1_295' title='bbox 1082 2485 1316 2553; x_wconf 90' lang='lat' dir='ltr'><strong>primum</strong></span> <span class='ocrx_word' id='word_1_296' title='bbox 1364 2487 1741 2558; x_wconf 76' lang='lat' dir='ltr'><strong>prodigiorum</strong></span> <span class='ocrx_word' id='word_1_297' title='bbox 1785 2493 2028 2546; x_wconf 84' lang='lat' dir='ltr'><strong>omnium</strong></span> 
     </span>
    </p>
   </div>
   <div class='ocr_carea' id='block_1_43' title="bbox 450 2570 2031 2652">
    <p class='ocr_par' dir='ltr' id='par_1_43' title="bbox 450 2570 2031 2652">
     <span class='ocr_line' id='line_1_43' title="bbox 450 2570 2031 2652; baseline 0.009 -29"><span class='ocrx_word' id='word_1_298' title='bbox 450 2570 701 2637; x_wconf 73' lang='lat' dir='ltr'><strong>exstitit;</strong></span> <span class='ocrx_word' id='word_1_299' title='bbox 736 2586 798 2625; x_wconf 89' lang='lat' dir='ltr'><strong>ac</strong></span> <span class='ocrx_word' id='word_1_300' title='bbox 831 2580 946 2626; x_wconf 91' lang='lat' dir='ltr'><strong>tum</strong></span> <span class='ocrx_word' id='word_1_301' title='bbox 977 2590 1244 2629; x_wconf 87' lang='lat' dir='ltr'><strong>annorum</strong></span> <span class='ocrx_word' id='word_1_302' title='bbox 1273 2594 1382 2632; x_wconf 77' lang='lat' dir='ltr'><strong>xxx</strong></span> <span class='ocrx_word' id='word_1_303' title='bbox 1403 2595 1668 2636; x_wconf 89' lang='lat' dir='ltr'><strong>numerus</strong></span> <span class='ocrx_word' id='word_1_304' title='bbox 1693 2581 1762 2636; x_wconf 87' lang='lat' dir='ltr'><strong>ab</strong></span> <span class='ocrx_word' id='word_1_305' title='bbox 1785 2582 1908 2652; x_wconf 90' lang='lat' dir='ltr'><strong>ejus</strong></span> <span class='ocrx_word' id='word_1_306' title='bbox 1936 2600 2031 2637; x_wconf 86' lang='lat' dir='ltr'><strong>na-</strong></span> 
     </span>
    </p>
   </div>
   <div class='ocr_carea' id='block_1_44' title="bbox 451 2662 2028 2745">
    <p class='ocr_par' dir='ltr' id='par_1_44' title="bbox 451 2662 2028 2745">
     <span class='ocr_line' id='line_1_44' title="bbox 451 2662 2028 2745; baseline 0.011 -30"><span class='ocrx_word' id='word_1_307' title='bbox 451 2662 550 2715; x_wconf 85' lang='lat' dir='ltr'><strong>tali</strong></span> <span class='ocrx_word' id='word_1_308' title='bbox 581 2665 889 2735; x_wconf 76' lang='lat' dir='ltr'><strong>completus</strong></span> <span class='ocrx_word' id='word_1_309' title='bbox 919 2676 1025 2721; x_wconf 88' lang='lat' dir='ltr'><strong>est.</strong></span> <span class='ocrx_word' id='word_1_310' title='bbox 1065 2667 1262 2723; x_wconf 83' lang='lat' dir='ltr'><strong>Eadem</strong></span> <span class='ocrx_word' id='word_1_311' title='bbox 1304 2671 1505 2742; x_wconf 88' lang='lat' dir='ltr'><strong>quippe</strong></span> <span class='ocrx_word' id='word_1_312' title='bbox 1540 2673 1646 2737; x_wconf 91' lang='lat' dir='ltr'><strong>die,</strong></span> <span class='ocrx_word' id='word_1_313' title='bbox 1687 2690 1795 2745; x_wconf 90' lang='lat' dir='ltr'><strong>qua</strong></span> <span class='ocrx_word' id='word_1_314' title='bbox 1825 2691 2028 2732; x_wconf 88' lang='lat' dir='ltr'><strong>secun-</strong></span> 
     </span>
    </p>
   </div>
   <div class='ocr_carea' id='block_1_45' title="bbox 453 2753 2031 2831">
    <p class='ocr_par' dir='ltr' id='par_1_45' title="bbox 453 2753 2031 2831">
     <span class='ocr_line' id='line_1_45' title="bbox 453 2753 2031 2831; baseline 0.011 -25"><span class='ocrx_word' id='word_1_315' title='bbox 453 2753 582 2807; x_wconf 86' lang='lat' dir='ltr'><strong>dum</strong></span> <span class='ocrx_word' id='word_1_316' title='bbox 619 2768 836 2810; x_wconf 86' lang='lat' dir='ltr'><strong>carnem</strong></span> <span class='ocrx_word' id='word_1_317' title='bbox 871 2768 1032 2812; x_wconf 91' lang='lat' dir='ltr'><strong>natus</strong></span> <span class='ocrx_word' id='word_1_318' title='bbox 1068 2759 1264 2827; x_wconf 82' lang='lat' dir='ltr'><strong>fuerat,</strong></span> <span class='ocrx_word' id='word_1_319' title='bbox 1302 2762 1536 2831; x_wconf 76' lang='lat' dir='ltr'><strong>primum</strong></span> <span class='ocrx_word' id='word_1_320' title='bbox 1581 2764 1716 2819; x_wconf 93' lang='lat' dir='ltr'><strong>illud</strong></span> <span class='ocrx_word' id='word_1_321' title='bbox 1750 2781 2031 2823; x_wconf 67' lang='lat' dir='ltr'><strong>conversa:</strong></span> 
     </span>
    </p>
   </div>
   <div class='ocr_carea' id='block_1_46' title="bbox 451 2845 2029 2924">
    <p class='ocr_par' dir='ltr' id='par_1_46' title="bbox 451 2845 2029 2924">
     <span class='ocr_line' id='line_1_46' title="bbox 451 2845 2029 2924; baseline 0.009 -25"><span class='ocrx_word' id='word_1_322' title='bbox 451 2845 510 2906; x_wconf 77' lang='lat' dir='ltr'><strong>in</strong></span> <span class='ocrx_word' id='word_1_323' title='bbox 544 2846 734 2901; x_wconf 83' lang='lat' dir='ltr'><strong>vinum</strong></span> <span class='ocrx_word' id='word_1_324' title='bbox 767 2864 922 2919; x_wconf 72' lang='lat' dir='ltr'><strong>aqua:</strong></span> <span class='ocrx_word' id='word_1_325' title='bbox 961 2851 1290 2905; x_wconf 85' lang='lat' dir='ltr'><strong>miraculum</strong></span> <span class='ocrx_word' id='word_1_326' title='bbox 1321 2853 1564 2909; x_wconf 88' lang='lat' dir='ltr'><strong>edidisse</strong></span> <span class='ocrx_word' id='word_1_327' title='bbox 1595 2857 1864 2924; x_wconf 88' lang='lat' dir='ltr'><strong>creditur,</strong></span> <span class='ocrx_word' id='word_1_328' title='bbox 1905 2874 2029 2913; x_wconf 82' lang='lat' dir='ltr'><strong>cum</strong></span> 
     </span>
    </p>
   </div>
   <div class='ocr_carea' id='block_1_47' title="bbox 450 2938 2030 3010">
    <p class='ocr_par' dir='ltr' id='par_1_47' title="bbox 450 2938 2030 3010">
     <span class='ocr_line' id='line_1_47' title="bbox 450 2938 2030 3010; baseline 0.007 -18"><span class='ocrx_word' id='word_1_329' title='bbox 450 2938 678 3008; x_wconf 77' lang='lat' dir='ltr'><strong>triginta</strong></span> <span class='ocrx_word' id='word_1_330' title='bbox 701 2941 814 3010; x_wconf 89' lang='lat' dir='ltr'><strong>jam</strong></span> <span class='ocrx_word' id='word_1_331' title='bbox 849 2956 1026 2997; x_wconf 90' lang='lat' dir='ltr'><strong>annos</strong></span> <span class='ocrx_word' id='word_1_332' title='bbox 1073 2944 1279 2998; x_wconf 90' lang='lat' dir='ltr'><strong>solidos</strong></span> <span class='ocrx_word' id='word_1_333' title='bbox 1317 2945 1386 2999; x_wconf 85' lang='lat' dir='ltr'><strong>ab</strong></span> <span class='ocrx_word' id='word_1_334' title='bbox 1420 2954 1542 2999; x_wconf 90' lang='lat' dir='ltr'><strong>ortu</strong></span> <span class='ocrx_word' id='word_1_335' title='bbox 1589 2962 1690 3001; x_wconf 91' lang='lat' dir='ltr'><strong>suo</strong></span> <span class='ocrx_word' id='word_1_336' title='bbox 1727 2952 2030 3003; x_wconf 90' lang='lat' dir='ltr'><strong>secundum</strong></span> 
     </span>
    </p>
   </div>
   <div class='ocr_carea' id='block_1_48' title="bbox 451 3033 2030 3110">
    <p class='ocr_par' dir='ltr' id='par_1_48' title="bbox 451 3033 2030 3110">
     <span class='ocr_line' id='line_1_48' title="bbox 451 3033 2030 3110; baseline 0.007 -26"><span class='ocrx_word' id='word_1_337' title='bbox 451 3045 700 3098; x_wconf 85' lang='lat' dir='ltr'><strong>carnem,</strong></span> <span class='ocrx_word' id='word_1_338' title='bbox 728 3033 1077 3105; x_wconf 78' lang='lat' dir='ltr'><strong>adventuque</strong></span> <span class='ocrx_word' id='word_1_339' title='bbox 1103 3037 1395 3092; x_wconf 85' lang='lat' dir='ltr'><strong>clausisset</strong></span> <span class='ocrx_word' id='word_1_340' title='bbox 1421 3056 1434 3092; x_wconf 92' lang='lat'>:</span> <span class='ocrx_word' id='word_1_341' title='bbox 1462 3037 1513 3090; x_wconf 89' lang='lat' dir='ltr'><strong>id</strong></span> <span class='ocrx_word' id='word_1_342' title='bbox 1544 3038 1689 3108; x_wconf 84' lang='lat' dir='ltr'><strong>quod</strong></span> <span class='ocrx_word' id='word_1_343' title='bbox 1720 3055 1862 3110; x_wconf 68' lang='lat' dir='ltr'><strong>saepe</strong></span> <span class='ocrx_word' id='word_1_344' title='bbox 1881 3055 2030 3095; x_wconf 90' lang='lat' dir='ltr'><strong>com-</strong></span> 
     </span>
    </p>
   </div>
   <div class='ocr_carea' id='block_1_49' title="bbox 452 3125 2028 3201">
    <p class='ocr_par' dir='ltr' id='par_1_49' title="bbox 452 3125 2028 3201">
     <span class='ocr_line' id='line_1_49' title="bbox 452 3125 2028 3201; baseline 0.006 -23"><span class='ocrx_word' id='word_1_345' title='bbox 452 3125 901 3190; x_wconf 77' lang='lat' dir='ltr'><strong>memoravimus,</strong></span> <span class='ocrx_word' id='word_1_346' title='bbox 942 3134 995 3182; x_wconf 89' lang='lat' dir='ltr'><strong>et</strong></span> <span class='ocrx_word' id='word_1_347' title='bbox 1035 3134 1094 3181; x_wconf 88' lang='lat' dir='ltr'><strong>ut</strong></span> <span class='ocrx_word' id='word_1_348' title='bbox 1141 3127 1208 3181; x_wconf 89' lang='lat' dir='ltr'><strong>ad</strong></span> <span class='ocrx_word' id='word_1_349' title='bbox 1239 3143 1362 3182; x_wconf 89' lang='lat' dir='ltr'><strong>eum</strong></span> <span class='ocrx_word' id='word_1_350' title='bbox 1406 3129 1627 3184; x_wconf 91' lang='lat' dir='ltr'><strong>modum</strong></span> <span class='ocrx_word' id='word_1_351' title='bbox 1671 3132 2028 3201; x_wconf 80' lang='lat' dir='ltr'><strong>accipiamus,</strong></span> 
     </span>
    </p>
   </div>
   <div class='ocr_carea' id='block_1_50' title="bbox 452 3216 2031 3292">
    <p class='ocr_par' dir='ltr' id='par_1_50' title="bbox 452 3216 2031 3292">
     <span class='ocr_line' id='line_1_50' title="bbox 452 3216 2031 3292; baseline 0.005 -22"><span class='ocrx_word' id='word_1_352' title='bbox 452 3216 786 3286; x_wconf 80' lang='lat' dir='ltr'><strong>evangelicae</strong></span> <span class='ocrx_word' id='word_1_353' title='bbox 817 3219 1156 3274; x_wconf 88' lang='lat' dir='ltr'><strong>narrationis</strong></span> <span class='ocrx_word' id='word_1_354' title='bbox 1198 3228 1388 3275; x_wconf 82' lang='lat' dir='ltr'><strong>exacta</strong></span> <span class='ocrx_word' id='word_1_355' title='bbox 1428 3221 1606 3278; x_wconf 87' lang='lat' dir='ltr'><strong>series</strong></span> <span class='ocrx_word' id='word_1_356' title='bbox 1640 3224 1920 3292; x_wconf 87' lang='lat' dir='ltr'><strong>postulare</strong></span> <span class='ocrx_word' id='word_1_357' title='bbox 1950 3225 2031 3278; x_wconf 89' lang='lat' dir='ltr'><strong>vi-</strong></span> 
     </span>
    </p>
   </div>
   <div class='ocr_carea' id='block_1_51' title="bbox 453 3306 2031 3385">
    <p class='ocr_par' dir='ltr' id='par_1_51' title="bbox 453 3306 2031 3385">
     <span class='ocr_line' id='line_1_51' title="bbox 453 3306 2031 3385; baseline 0.005 -25"><span class='ocrx_word' id='word_1_358' title='bbox 453 3313 632 3361; x_wconf 88' lang='lat' dir='ltr'><strong>detur.</strong></span> <span class='ocrx_word' id='word_1_359' title='bbox 665 3306 784 3361; x_wconf 85' lang='lat' dir='ltr'><strong>Jam</strong></span> <span class='ocrx_word' id='word_1_360' title='bbox 819 3318 942 3378; x_wconf 89' lang='lat' dir='ltr'><strong>post</strong></span> <span class='ocrx_word' id='word_1_361' title='bbox 993 3309 1226 3379; x_wconf 91' lang='lat' dir='ltr'><strong>primum</strong></span> <span class='ocrx_word' id='word_1_362' title='bbox 1269 3311 1401 3365; x_wconf 91' lang='lat' dir='ltr'><strong>illud</strong></span> <span class='ocrx_word' id='word_1_363' title='bbox 1447 3314 1774 3367; x_wconf 88' lang='lat' dir='ltr'><strong>miraculum</strong></span> <span class='ocrx_word' id='word_1_364' title='bbox 1820 3315 2031 3385; x_wconf 85' lang='lat' dir='ltr'><strong>reliqua</strong></span> 
     </span>
    </p>
   </div>
   <div class='ocr_carea' id='block_1_52' title="bbox 457 3399 2033 3469">
    <p class='ocr_par' dir='ltr' id='par_1_52' title="bbox 457 3399 2033 3469">
     <span class='ocr_line' id='line_1_52' title="bbox 457 3399 2033 3469; baseline 0.006 -17"><span class='ocrx_word' id='word_1_365' title='bbox 457 3399 705 3469; x_wconf 77' lang='lat' dir='ltr'><strong>prodigia</strong></span> <span class='ocrx_word' id='word_1_366' title='bbox 751 3401 1045 3455; x_wconf 85' lang='lat' dir='ltr'><strong>subsecuta</strong></span> <span class='ocrx_word' id='word_1_367' title='bbox 1087 3420 1100 3454; x_wconf 92' lang='lat'>:</span> <span class='ocrx_word' id='word_1_368' title='bbox 1134 3417 1234 3457; x_wconf 91' lang='lat' dir='ltr'><strong>nec</strong></span> <span class='ocrx_word' id='word_1_369' title='bbox 1263 3418 1372 3457; x_wconf 89' lang='lat' dir='ltr'><strong>non</strong></span> <span class='ocrx_word' id='word_1_370' title='bbox 1406 3413 1462 3459; x_wconf 92' lang='lat' dir='ltr'><strong>et</strong></span> <span class='ocrx_word' id='word_1_371' title='bbox 1493 3406 1736 3462; x_wconf 66' lang='lat' dir='ltr'><strong>caelestis</strong></span> <span class='ocrx_word' id='word_1_372' title='bbox 1769 3406 2033 3462; x_wconf 66' lang='lat' dir='ltr'><strong>doctrinae</strong></span> 
     </span>
    </p>
   </div>
   <div class='ocr_carea' id='block_1_53' title="bbox 453 3490 2031 3569">
    <p class='ocr_par' dir='ltr' id='par_1_53' title="bbox 453 3490 2031 3569">
     <span class='ocr_line' id='line_1_53' title="bbox 453 3490 2031 3569; baseline 0.007 -25"><span class='ocrx_word' id='word_1_373' title='bbox 453 3490 792 3566; x_wconf 70' lang='lat' dir='ltr'><strong>prmdieatio,</strong></span> <span class='ocrx_word' id='word_1_374' title='bbox 823 3501 877 3546; x_wconf 91' lang='lat' dir='ltr'><strong>et</strong></span> <span class='ocrx_word' id='word_1_375' title='bbox 915 3491 967 3544; x_wconf 94' lang='lat' dir='ltr'><strong>id</strong></span> <span class='ocrx_word' id='word_1_376' title='bbox 1001 3507 1174 3562; x_wconf 74' lang='lat' dir='ltr'><strong>genus</strong></span> <span class='ocrx_word' id='word_1_377' title='bbox 1204 3503 1422 3558; x_wconf 83' lang='lat' dir='ltr'><strong>caetera,</strong></span> <span class='ocrx_word' id='word_1_378' title='bbox 1455 3512 1575 3565; x_wconf 66' lang='lat' dir='ltr'><strong>qua:</strong></span> <span class='ocrx_word' id='word_1_379' title='bbox 1603 3497 1670 3551; x_wconf 86' lang='lat' dir='ltr'><strong>ad</strong></span> <span class='ocrx_word' id='word_1_380' title='bbox 1699 3498 2031 3569; x_wconf 75' lang='lat' dir='ltr'><strong>singularem</strong></span> 
     </span>
    </p>
   </div>
   <div class='ocr_carea' id='block_1_54' title="bbox 456 3584 2029 3658">
    <p class='ocr_par' dir='ltr' id='par_1_54' title="bbox 456 3584 2029 3658">
     <span class='ocr_line' id='line_1_54' title="bbox 456 3584 2029 3658; baseline 0.007 -22"><span class='ocrx_word' id='word_1_381' title='bbox 456 3586 513 3637; x_wconf 84' lang='lat' dir='ltr'><strong>in</strong></span> <span class='ocrx_word' id='word_1_382' title='bbox 555 3599 664 3639; x_wconf 82' lang='lat' dir='ltr'><strong>nos</strong></span> <span class='ocrx_word' id='word_1_383' title='bbox 706 3584 1124 3649; x_wconf 82' lang='lat' dir='ltr'><strong>humanitatem,</strong></span> <span class='ocrx_word' id='word_1_384' title='bbox 1157 3585 1547 3658; x_wconf 83' lang='lat' dir='ltr'><strong>Evangeliique</strong></span> <span class='ocrx_word' id='word_1_385' title='bbox 1575 3590 1864 3646; x_wconf 87' lang='lat' dir='ltr'><strong>mirilicam</strong></span> <span class='ocrx_word' id='word_1_386' title='bbox 1900 3594 2029 3657; x_wconf 87' lang='lat' dir='ltr'><strong>vim,</strong></span> 
     </span>
    </p>
   </div>
   <div class='ocr_carea' id='block_1_55' title="bbox 456 3677 2034 3755">
    <p class='ocr_par' dir='ltr' id='par_1_55' title="bbox 456 3677 2034 3755">
     <span class='ocr_line' id='line_1_55' title="bbox 456 3677 2034 3755; baseline 0.006 -25"><span class='ocrx_word' id='word_1_387' title='bbox 456 3692 519 3732; x_wconf 88' lang='lat' dir='ltr'><strong>ac</strong></span> <span class='ocrx_word' id='word_1_388' title='bbox 543 3677 851 3732; x_wconf 76' lang='lat' dir='ltr'><strong>doctrinam</strong></span> <span class='ocrx_word' id='word_1_389' title='bbox 887 3679 1277 3750; x_wconf 63' lang='lat' dir='ltr'><strong>praestandam,</strong></span> <span class='ocrx_word' id='word_1_390' title='bbox 1313 3695 1374 3734; x_wconf 92' lang='lat' dir='ltr'><strong>ac</strong></span> <span class='ocrx_word' id='word_1_391' title='bbox 1404 3681 1888 3739; x_wconf 88' lang='lat' dir='ltr'><strong>demonstrandam</strong></span> <span class='ocrx_word' id='word_1_392' title='bbox 1916 3701 2034 3755; x_wconf 89' lang='lat' dir='ltr'><strong>per-</strong></span> 
     </span>
    </p>
   </div>
   <div class='ocr_carea' id='block_1_56' title="bbox 452 3771 2032 3842">
    <p class='ocr_par' dir='ltr' id='par_1_56' title="bbox 452 3771 2032 3842">
     <span class='ocr_line' id='line_1_56' title="bbox 452 3771 2032 3842; baseline 0.003 -14"><span class='ocrx_word' id='word_1_393' title='bbox 452 3771 649 3828; x_wconf 73' lang='lat' dir='ltr'><strong>tinent.</strong></span> <span class='ocrx_word' id='word_1_394' title='bbox 689 3771 843 3837; x_wconf 89' lang='lat' dir='ltr'><strong>Quod</strong></span> <span class='ocrx_word' id='word_1_395' title='bbox 874 3787 998 3826; x_wconf 92' lang='lat' dir='ltr'><strong>cum</strong></span> <span class='ocrx_word' id='word_1_396' title='bbox 1027 3787 1056 3824; x_wconf 91' lang='lat' dir='ltr'><strong>a</strong></span> <span class='ocrx_word' id='word_1_397' title='bbox 1090 3787 1176 3826; x_wconf 86' lang='lat' dir='ltr'><strong>me</strong></span> <span class='ocrx_word' id='word_1_398' title='bbox 1205 3784 1290 3827; x_wconf 88' lang='lat' dir='ltr'><strong>est</strong></span> <span class='ocrx_word' id='word_1_399' title='bbox 1322 3789 1430 3827; x_wconf 87' lang='lat' dir='ltr'><strong>non</strong></span> <span class='ocrx_word' id='word_1_400' title='bbox 1461 3775 1627 3828; x_wconf 87' lang='lat' dir='ltr'><strong>semel</strong></span> <span class='ocrx_word' id='word_1_401' title='bbox 1660 3775 1888 3842; x_wconf 89' lang='lat' dir='ltr'><strong>dictum,</strong></span> <span class='ocrx_word' id='word_1_402' title='bbox 1917 3786 2032 3832; x_wconf 88' lang='lat' dir='ltr'><strong>tum</strong></span> 
     </span>
    </p>
   </div>
   <div class='ocr_carea' id='block_1_57' title="bbox 453 3860 2031 3933">
    <p class='ocr_par' dir='ltr' id='par_1_57' title="bbox 453 3860 2031 3933">
     <span class='ocr_line' id='line_1_57' title="bbox 453 3860 2031 3933; baseline 0.003 -17"><span class='ocrx_word' id='word_1_403' title='bbox 453 3860 524 3916; x_wconf 92' lang='lat' dir='ltr'><strong>ob</strong></span> <span class='ocrx_word' id='word_1_404' title='bbox 557 3875 827 3916; x_wconf 67' lang='lat' dir='ltr'><strong>caecorum</strong></span> <span class='ocrx_word' id='word_1_405' title='bbox 862 3860 1168 3926; x_wconf 88' lang='lat' dir='ltr'><strong>hominum,</strong></span> <span class='ocrx_word' id='word_1_406' title='bbox 1200 3861 1295 3930; x_wconf 89' lang='lat' dir='ltr'><strong>qui</strong></span> <span class='ocrx_word' id='word_1_407' title='bbox 1329 3862 1666 3918; x_wconf 79' lang='lat' dir='ltr'><strong>inﬁdelitatis</strong></span> <span class='ocrx_word' id='word_1_408' title='bbox 1703 3869 2031 3933; x_wconf 59' lang='lat' dir='ltr'><strong>asserenda,</strong></span> 
     </span>
    </p>
   </div>
   <div class='ocr_carea' id='block_1_58' title="bbox 454 3949 2032 4023">
    <p class='ocr_par' dir='ltr' id='par_1_58' title="bbox 454 3949 2032 4023">
     <span class='ocr_line' id='line_1_58' title="bbox 454 3949 2032 4023; baseline 0.004 -17"><span class='ocrx_word' id='word_1_409' title='bbox 454 3957 618 4020; x_wconf 79' lang='lat' dir='ltr'><strong>atque</strong></span> <span class='ocrx_word' id='word_1_410' title='bbox 655 3959 710 4006; x_wconf 88' lang='lat' dir='ltr'><strong>et</strong></span> <span class='ocrx_word' id='word_1_411' title='bbox 739 3959 931 4006; x_wconf 85' lang='lat' dir='ltr'><strong>sancto</strong></span> <span class='ocrx_word' id='word_1_412' title='bbox 963 3949 1214 4020; x_wconf 84' lang='lat' dir='ltr'><strong>Spiritui,</strong></span> <span class='ocrx_word' id='word_1_413' title='bbox 1243 3958 1298 4006; x_wconf 84' lang='lat' dir='ltr'><strong>et</strong></span> <span class='ocrx_word' id='word_1_414' title='bbox 1324 3952 1739 4023; x_wconf 78' lang='lat' dir='ltr'><strong>Evangeliorum</strong></span> <span class='ocrx_word' id='word_1_415' title='bbox 1772 3967 2032 4012; x_wconf 86' lang='lat' dir='ltr'><strong>constan-</strong></span> 
     </span>
    </p>
   </div>
   <div class='ocr_carea' id='block_1_59' title="bbox 455 4045 2030 4124">
    <p class='ocr_par' dir='ltr' id='par_1_59' title="bbox 455 4045 2030 4124">
     <span class='ocr_line' id='line_1_59' title="bbox 455 4045 2030 4124; baseline 0.005 -24"><span class='ocrx_word' id='word_1_416' title='bbox 455 4045 669 4100; x_wconf 84' lang='lat' dir='ltr'><strong>tissimo</strong></span> <span class='ocrx_word' id='word_1_417' title='bbox 699 4045 878 4101; x_wconf 89' lang='lat' dir='ltr'><strong>ordini</strong></span> <span class='ocrx_word' id='word_1_418' title='bbox 923 4045 1339 4100; x_wconf 90' lang='lat' dir='ltr'><strong>contradicendi</strong></span> <span class='ocrx_word' id='word_1_419' title='bbox 1387 4049 1736 4106; x_wconf 82' lang='lat' dir='ltr'><strong>occasionem</strong></span> <span class='ocrx_word' id='word_1_420' title='bbox 1787 4052 2030 4124; x_wconf 91' lang='lat' dir='ltr'><strong>undique</strong></span> 
     </span>
    </p>
   </div>
   <div class='ocr_carea' id='block_1_60' title="bbox 454 4143 1368 4207">
    <p class='ocr_par' dir='ltr' id='par_1_60' title="bbox 454 4143 1368 4207">
     <span class='ocr_line' id='line_1_60' title="bbox 454 4143 1368 4207; baseline -0.001 -16"><span class='ocrx_word' id='word_1_421' title='bbox 454 4143 698 4207; x_wconf 80' lang='lat' dir='ltr'><strong>captant,</strong></span> <span class='ocrx_word' id='word_1_422' title='bbox 735 4151 902 4205; x_wconf 63' lang='grc' dir='ltr'><strong>008οΓ</strong></span> <span class='ocrx_word' id='word_1_423' title='bbox 929 4150 1072 4204; x_wconf 64' lang='lat' dir='ltr'><strong>saepe</strong></span> <span class='ocrx_word' id='word_1_424' title='bbox 1103 4143 1368 4206; x_wconf 87' lang='lat' dir='ltr'><strong>repetere.</strong></span> 
     </span>
    </p>
   </div>
   <div class='ocr_carea' id='block_1_61' title="bbox 525 4227 2037 4306">
    <p class='ocr_par' dir='ltr' id='par_1_61' title="bbox 525 4227 2037 4306">
     <span class='ocr_line' id='line_1_61' title="bbox 525 4227 2037 4306; baseline 0.005 -24"><span class='ocrx_word' id='word_1_425' title='bbox 525 4227 689 4282; x_wconf 79' lang='lat' dir='ltr'><strong>XVII.</strong></span> <span class='ocrx_word' id='word_1_426' title='bbox 731 4227 942 4282; x_wconf 86' lang='lat' dir='ltr'><strong>Etenim</strong></span> <span class='ocrx_word' id='word_1_427' title='bbox 985 4235 1096 4282; x_wconf 88' lang='lat' dir='ltr'><strong>tam</strong></span> <span class='ocrx_word' id='word_1_428' title='bbox 1141 4228 1428 4282; x_wconf 85' lang='lat' dir='ltr'><strong>enucleata</strong></span> <span class='ocrx_word' id='word_1_429' title='bbox 1469 4240 1834 4303; x_wconf 89' lang='lat' dir='ltr'><strong>accurataque</strong></span> <span class='ocrx_word' id='word_1_430' title='bbox 1872 4231 2037 4306; x_wconf 63' lang='lat'><strong>“.0</strong></span> 
     </span>
    </p>
   </div>
   <div class='ocr_carea' id='block_1_62' title="bbox 454 4321 2036 4396">
    <p class='ocr_par' dir='ltr' id='par_1_62' title="bbox 454 4321 2036 4396">
     <span class='ocr_line' id='line_1_62' title="bbox 454 4321 2036 4396; baseline 0.001 -16"><span class='ocrx_word' id='word_1_431' title='bbox 454 4323 598 4380; x_wconf 82' lang='lat' dir='ltr'><strong>ratio</strong></span> <span class='ocrx_word' id='word_1_432' title='bbox 630 4323 753 4378; x_wconf 91' lang='lat' dir='ltr'><strong>illos</strong></span> <span class='ocrx_word' id='word_1_433' title='bbox 784 4336 976 4378; x_wconf 81' lang='lat' dir='ltr'><strong>omnes</strong></span> <span class='ocrx_word' id='word_1_434' title='bbox 1013 4321 1337 4392; x_wconf 89' lang='lat' dir='ltr'><strong>occupando</strong></span> <span class='ocrx_word' id='word_1_435' title='bbox 1377 4323 1683 4390; x_wconf 87' lang='lat' dir='ltr'><strong>submovet,</strong></span> <span class='ocrx_word' id='word_1_436' title='bbox 1718 4327 1809 4396; x_wconf 90' lang='lat' dir='ltr'><strong>qui</strong></span> <span class='ocrx_word' id='word_1_437' title='bbox 1843 4329 2036 4391; x_wconf 81' lang='lat' dir='ltr'><strong>adver-</strong></span> 
     </span>
    </p>
   </div>
   <div class='ocr_carea' id='block_1_63' title="bbox 2134 1837 3711 1912">
    <p class='ocr_par' dir='ltr' id='par_1_63' title="bbox 2134 1837 3711 1912">
     <span class='ocr_line' id='line_1_63' title="bbox 2134 1837 3711 1912; baseline -0.001 -22"><span class='ocrx_word' id='word_1_438' title='bbox 2134 1837 2466 1909; x_wconf 86' lang='grc' dir='ltr'>πειρασμοῦ,</span> <span class='ocrx_word' id='word_1_439' title='bbox 2533 1838 2626 1891; x_wconf 69' lang='grc' dir='ltr'><strong>καὶ</strong></span> <span class='ocrx_word' id='word_1_440' title='bbox 2671 1839 2862 1912; x_wconf 83' lang='grc' dir='ltr'>πρώτη</span> <span class='ocrx_word' id='word_1_441' title='bbox 2907 1840 3089 1912; x_wconf 85' lang='grc' dir='ltr'>ἡμέρα</span> <span class='ocrx_word' id='word_1_442' title='bbox 3150 1840 3286 1911; x_wconf 69' lang='grc' dir='ltr'>πρὸς</span> <span class='ocrx_word' id='word_1_443' title='bbox 3331 1840 3584 1909; x_wconf 79' lang='grc' dir='ltr'>Ἰωάννην</span> <span class='ocrx_word' id='word_1_444' title='bbox 3614 1838 3711 1891; x_wconf 79' lang='grc' dir='ltr'><strong>καὶ</strong></span> 
     </span>
    </p>
   </div>
   <div class='ocr_carea' id='block_1_64' title="bbox 2130 1929 3710 2003">
    <p class='ocr_par' dir='ltr' id='par_1_64' title="bbox 2130 1929 3710 2003">
     <span class='ocr_line' id='line_1_64' title="bbox 2130 1929 3710 2003; baseline -0.002 -20"><span class='ocrx_word' id='word_1_445' title='bbox 2130 1929 2376 2003; x_wconf 83' lang='grc' dir='ltr'>δευτέρα.</span> <span class='ocrx_word' id='word_1_446' title='bbox 2440 1932 2550 1984; x_wconf 83' lang='lat' dir='ltr'><strong>Kal.</strong></span> <span class='ocrx_word' id='word_1_447' title='bbox 2589 1931 2750 1984; x_wconf 79' lang='grc' dir='ltr'>πάλιν</span> <span class='ocrx_word' id='word_1_448' title='bbox 2785 1933 2894 1986; x_wconf 76' lang='grc' dir='ltr'>ἀπὸ</span> <span class='ocrx_word' id='word_1_449' title='bbox 2939 1933 3186 1987; x_wconf 76' lang='grc' dir='ltr'>Ἰωάννου</span> <span class='ocrx_word' id='word_1_450' title='bbox 3225 1932 3416 2003; x_wconf 83' lang='grc' dir='ltr'>πρώτη</span> <span class='ocrx_word' id='word_1_451' title='bbox 3465 1932 3559 1984; x_wconf 69' lang='grc' dir='ltr'><strong>καὶ</strong></span> <span class='ocrx_word' id='word_1_452' title='bbox 3595 1929 3710 1982; x_wconf 86' lang='grc' dir='ltr'>δευ-</span> 
     </span>
    </p>
   </div>
   <div class='ocr_carea' id='block_1_65' title="bbox 2130 2020 3708 2096">
    <p class='ocr_par' dir='ltr' id='par_1_65' title="bbox 2130 2020 3708 2096">
     <span class='ocr_line' id='line_1_65' title="bbox 2130 2020 3708 2096; baseline -0.003 -20"><span class='ocrx_word' id='word_1_453' title='bbox 2130 2024 2284 2096; x_wconf 89' lang='grc' dir='ltr'>τέρα,</span> <span class='ocrx_word' id='word_1_454' title='bbox 2330 2024 2419 2077; x_wconf 80' lang='grc' dir='ltr'>ὅτε</span> <span class='ocrx_word' id='word_1_455' title='bbox 2492 2023 2863 2096; x_wconf 69' lang='grc' dir='ltr'>ἠκολούθησαν</span> <span class='ocrx_word' id='word_1_456' title='bbox 2931 2024 3078 2096; x_wconf 74' lang='grc' dir='ltr'>αὑτῷ</span> <span class='ocrx_word' id='word_1_457' title='bbox 3134 2026 3182 2076; x_wconf 78' lang='lat' dir='ltr'><strong>oi</strong></span> <span class='ocrx_word' id='word_1_458' title='bbox 3229 2024 3358 2094; x_wconf 70' lang='grc' dir='ltr'>περὶ</span> <span class='ocrx_word' id='word_1_459' title='bbox 3430 2020 3708 2092; x_wconf 82' lang='grc' dir='ltr'>Ἀνδρέαν,</span> 
     </span>
    </p>
   </div>
   <div class='ocr_carea' id='block_1_66' title="bbox 2133 2113 3708 2189">
    <p class='ocr_par' dir='ltr' id='par_1_66' title="bbox 2133 2113 3708 2189">
     <span class='ocr_line' id='line_1_66' title="bbox 2133 2113 3708 2189; baseline 0.003 -21"><span class='ocrx_word' id='word_1_460' title='bbox 2133 2116 2322 2171; x_wconf 78' lang='grc' dir='ltr'>ἔπειτα</span> <span class='ocrx_word' id='word_1_461' title='bbox 2346 2115 2527 2186; x_wconf 82' lang='grc' dir='ltr'>Σίμων</span> <span class='ocrx_word' id='word_1_462' title='bbox 2558 2117 2781 2186; x_wconf 79' lang='grc' dir='ltr'><strong>Πέτρος.</strong></span> <span class='ocrx_word' id='word_1_463' title='bbox 2828 2117 2939 2170; x_wconf 86' lang='lat' dir='ltr'><strong>Kal.</strong></span> <span class='ocrx_word' id='word_1_464' title='bbox 2973 2119 3036 2187; x_wconf 79' lang='grc' dir='ltr'>τῇ</span> <span class='ocrx_word' id='word_1_465' title='bbox 3064 2116 3196 2189; x_wconf 81' lang='grc' dir='ltr'>ἄλλῃ</span> <span class='ocrx_word' id='word_1_466' title='bbox 3226 2116 3428 2187; x_wconf 76' lang='grc' dir='ltr'>ἡμέρᾳ,</span> <span class='ocrx_word' id='word_1_467' title='bbox 3461 2115 3536 2178; x_wconf 83' lang='grc' dir='ltr'>ὡς</span> <span class='ocrx_word' id='word_1_468' title='bbox 3575 2113 3708 2182; x_wconf 79' lang='grc' dir='ltr'>ἔφη·</span> 
     </span>
    </p>
   </div>
   <div class='ocr_carea' id='block_1_67' title="bbox 2135 2203 3712 2290">
    <p class='ocr_par' dir='ltr' id='par_1_67' title="bbox 2135 2203 3712 2290">
     <span class='ocr_line' id='line_1_67' title="bbox 2135 2203 3712 2290; baseline -0.004 -30"><span class='ocrx_word' id='word_1_469' title='bbox 2135 2226 2253 2278; x_wconf 87' lang='grc' dir='ltr'>μεν,</span> <span class='ocrx_word' id='word_1_470' title='bbox 2294 2210 2388 2261; x_wconf 72' lang='grc' dir='ltr'><strong>καὶ</strong></span> <span class='ocrx_word' id='word_1_471' title='bbox 2424 2208 2534 2276; x_wconf 73' lang='grc' dir='ltr'>ἔχει</span> <span class='ocrx_word' id='word_1_472' title='bbox 2559 2210 2591 2278; x_wconf 83' lang='grc' dir='ltr'><strong>ὴ</strong></span> <span class='ocrx_word' id='word_1_473' title='bbox 2627 2206 2915 2261; x_wconf 81' lang='grc' dir='ltr'>ἀκολουθία</span> <span class='ocrx_word' id='word_1_474' title='bbox 2940 2207 3037 2259; x_wconf 87' lang='grc' dir='ltr'><strong>τοῦ</strong></span> <span class='ocrx_word' id='word_1_475' title='bbox 3063 2206 3415 2275; x_wconf 77' lang='grc' dir='ltr'>Εὐαγγελίου,</span> <span class='ocrx_word' id='word_1_476' title='bbox 3441 2203 3712 2290; x_wconf 78' lang='grc' dir='ltr'>Φιλίππου</span> 
     </span>
    </p>
   </div>
   <div class='ocr_carea' id='block_1_68' title="bbox 2133 2295 3712 2371">
    <p class='ocr_par' dir='ltr' id='par_1_68' title="bbox 2133 2295 3712 2371">
     <span class='ocr_line' id='line_1_68' title="bbox 2133 2295 3712 2371; baseline -0.005 -17"><span class='ocrx_word' id='word_1_477' title='bbox 2133 2301 2342 2371; x_wconf 79' lang='grc' dir='ltr'>κλῆσις,</span> <span class='ocrx_word' id='word_1_478' title='bbox 2399 2302 2492 2355; x_wconf 79' lang='grc' dir='ltr'><strong>καὶ</strong></span> <span class='ocrx_word' id='word_1_479' title='bbox 2539 2300 2635 2353; x_wconf 90' lang='grc' dir='ltr'><strong>τοῦ</strong></span> <span class='ocrx_word' id='word_1_480' title='bbox 2694 2299 3009 2370; x_wconf 78' lang='grc' dir='ltr'>Ναθαναήλ.</span> <span class='ocrx_word' id='word_1_481' title='bbox 3057 2299 3168 2351; x_wconf 88' lang='lat' dir='ltr'><strong>Kal</strong></span> <span class='ocrx_word' id='word_1_482' title='bbox 3214 2297 3400 2351; x_wconf 76' lang='grc' dir='ltr'>λοιπὸν</span> <span class='ocrx_word' id='word_1_483' title='bbox 3439 2298 3505 2366; x_wconf 79' lang='grc' dir='ltr'>τῇ</span> <span class='ocrx_word' id='word_1_484' title='bbox 3553 2295 3712 2366; x_wconf 78' lang='grc' dir='ltr'>τρίτῃ</span> 
     </span>
    </p>
   </div>
   <div class='ocr_carea' id='block_1_69' title="bbox 2133 2385 3715 2464">
    <p class='ocr_par' dir='ltr' id='par_1_69' title="bbox 2133 2385 3715 2464">
     <span class='ocr_line' id='line_1_69' title="bbox 2133 2385 3715 2464; baseline -0.004 -19"><span class='ocrx_word' id='word_1_485' title='bbox 2133 2393 2316 2464; x_wconf 74' lang='grc' dir='ltr'>ἡμέρᾳ</span> <span class='ocrx_word' id='word_1_486' title='bbox 2337 2392 2519 2464; x_wconf 76' lang='grc' dir='ltr'>γάμος</span> <span class='ocrx_word' id='word_1_487' title='bbox 2539 2392 2776 2463; x_wconf 78' lang='grc' dir='ltr'>ἐγένετο</span> <span class='ocrx_word' id='word_1_488' title='bbox 2804 2394 2874 2446; x_wconf 77' lang='grc' dir='ltr'><em>ἐν</em></span> <span class='ocrx_word' id='word_1_489' title='bbox 2889 2390 3053 2457; x_wconf 81' lang='grc' dir='ltr'><strong>Κανᾷ</strong></span> <span class='ocrx_word' id='word_1_490' title='bbox 3067 2390 3176 2459; x_wconf 80' lang='grc' dir='ltr'>τῆς</span> <span class='ocrx_word' id='word_1_491' title='bbox 3201 2390 3553 2454; x_wconf 76' lang='grc' dir='ltr'>Γαλιλαίας.</span> <span class='ocrx_word' id='word_1_492' title='bbox 3575 2385 3715 2458; x_wconf 78' lang='grc' dir='ltr'>μετὰ</span> 
     </span>
    </p>
   </div>
   <div class='ocr_carea' id='block_1_70' title="bbox 2132 2481 3712 2558">
    <p class='ocr_par' dir='ltr' id='par_1_70' title="bbox 2132 2481 3712 2558">
     <span class='ocr_line' id='line_1_70' title="bbox 2132 2481 3712 2558; baseline -0.004 -20"><span class='ocrx_word' id='word_1_493' title='bbox 2132 2485 2234 2550; x_wconf 77' lang='grc' dir='ltr'><strong>τὰς</strong></span> <span class='ocrx_word' id='word_1_494' title='bbox 2256 2486 2348 2539; x_wconf 81' lang='grc' dir='ltr'>δύο</span> <span class='ocrx_word' id='word_1_495' title='bbox 2372 2487 2468 2550; x_wconf 82' lang='grc' dir='ltr'>τὰς</span> <span class='ocrx_word' id='word_1_496' title='bbox 2506 2488 2908 2558; x_wconf 82' lang='grc' dir='ltr'>προειρημένας</span> <span class='ocrx_word' id='word_1_497' title='bbox 2927 2504 2939 2516; x_wconf 88' lang='grc'><strong>·</strong></span> <span class='ocrx_word' id='word_1_498' title='bbox 2966 2487 3102 2556; x_wconf 83' lang='grc' dir='ltr'>ὅπερ</span> <span class='ocrx_word' id='word_1_499' title='bbox 3128 2484 3344 2556; x_wconf 84' lang='grc' dir='ltr'>πρῶτον</span> <span class='ocrx_word' id='word_1_500' title='bbox 3374 2484 3596 2552; x_wconf 82' lang='grc' dir='ltr'>σημεῖον</span> <span class='ocrx_word' id='word_1_501' title='bbox 3617 2481 3712 2532; x_wconf 76' lang='grc' dir='ltr'>καὶ</span> 
     </span>
    </p>
   </div>
   <div class='ocr_carea' id='block_1_71' title="bbox 2134 2574 3714 2650">
    <p class='ocr_par' dir='ltr' id='par_1_71' title="bbox 2134 2574 3714 2650">
     <span class='ocr_line' id='line_1_71' title="bbox 2134 2574 3714 2650; baseline -0.003 -20"><span class='ocrx_word' id='word_1_502' title='bbox 2134 2578 2403 2650; x_wconf 82' lang='grc' dir='ltr'>πλήρωμα</span> <span class='ocrx_word' id='word_1_503' title='bbox 2432 2580 2724 2650; x_wconf 78' lang='grc' dir='ltr'>τριάκοντα</span> <span class='ocrx_word' id='word_1_504' title='bbox 2756 2577 2892 2632; x_wconf 81' lang='grc' dir='ltr'>ἐτῶν</span> <span class='ocrx_word' id='word_1_505' title='bbox 2919 2578 3025 2631; x_wconf 75' lang='grc' dir='ltr'>ἀπὸ</span> <span class='ocrx_word' id='word_1_506' title='bbox 3051 2579 3353 2648; x_wconf 77' lang='grc' dir='ltr'>γεννήσεως</span> <span class='ocrx_word' id='word_1_507' title='bbox 3388 2575 3488 2645; x_wconf 83' lang='grc' dir='ltr'>τῆς</span> <span class='ocrx_word' id='word_1_508' title='bbox 3516 2574 3714 2643; x_wconf 79' lang='grc' dir='ltr'>ἑνοὰρ-</span> 
     </span>
    </p>
   </div>
   <div class='ocr_carea' id='block_1_72' title="bbox 2135 2666 3716 2742">
    <p class='ocr_par' dir='ltr' id='par_1_72' title="bbox 2135 2666 3716 2742">
     <span class='ocr_line' id='line_1_72' title="bbox 2135 2666 3716 2742; baseline -0.004 -18"><span class='ocrx_word' id='word_1_509' title='bbox 2135 2688 2230 2724; x_wconf 86' lang='grc' dir='ltr'><strong>κου</strong></span> <span class='ocrx_word' id='word_1_510' title='bbox 2270 2670 2433 2724; x_wconf 82' lang='grc' dir='ltr'>αὑτοῦ</span> <span class='ocrx_word' id='word_1_511' title='bbox 2488 2671 2806 2742; x_wconf 85' lang='grc' dir='ltr'>παρουσίας.</span> <span class='ocrx_word' id='word_1_512' title='bbox 2855 2671 2942 2724; x_wconf 88' lang='grc' dir='ltr'>Ἐν</span> <span class='ocrx_word' id='word_1_513' title='bbox 2981 2670 3118 2741; x_wconf 73' lang='grc' dir='ltr'>αὐτῇ</span> <span class='ocrx_word' id='word_1_514' title='bbox 3149 2668 3258 2741; x_wconf 81' lang='grc' dir='ltr'>γὰρ</span> <span class='ocrx_word' id='word_1_515' title='bbox 3291 2668 3603 2739; x_wconf 82' lang='grc' dir='ltr'>εὑρίσκεται</span> <span class='ocrx_word' id='word_1_516' title='bbox 3642 2666 3716 2734; x_wconf 75' lang='grc' dir='ltr'>τῇ</span> 
     </span>
    </p>
   </div>
   <div class='ocr_carea' id='block_1_73' title="bbox 2135 2761 3712 2834">
    <p class='ocr_par' dir='ltr' id='par_1_73' title="bbox 2135 2761 3712 2834">
     <span class='ocr_line' id='line_1_73' title="bbox 2135 2761 3712 2834; baseline -0.004 -18"><span class='ocrx_word' id='word_1_517' title='bbox 2135 2763 2314 2834; x_wconf 79' lang='grc' dir='ltr'>ἡμέρᾳ</span> <span class='ocrx_word' id='word_1_518' title='bbox 2365 2761 2466 2833; x_wconf 80' lang='grc' dir='ltr'>τῆς</span> <span class='ocrx_word' id='word_1_519' title='bbox 2516 2763 2679 2816; x_wconf 80' lang='grc' dir='ltr'>αὑτοῦ</span> <span class='ocrx_word' id='word_1_520' title='bbox 2724 2764 2866 2817; x_wconf 72' lang='grc' dir='ltr'>κατὰ</span> <span class='ocrx_word' id='word_1_521' title='bbox 2927 2763 3104 2832; x_wconf 80' lang='grc' dir='ltr'>σάρκα</span> <span class='ocrx_word' id='word_1_522' title='bbox 3138 2763 3440 2831; x_wconf 78' lang='grc' dir='ltr'>γεννήσεως</span> <span class='ocrx_word' id='word_1_523' title='bbox 3476 2775 3712 2825; x_wconf 78' lang='grc' dir='ltr'><strong>πεποιη⁹</strong></span> 
     </span>
    </p>
   </div>
   <div class='ocr_carea' id='block_1_74' title="bbox 2135 2847 3715 2926">
    <p class='ocr_par' dir='ltr' id='par_1_74' title="bbox 2135 2847 3715 2926">
     <span class='ocr_line' id='line_1_74' title="bbox 2135 2847 3715 2926; baseline -0.005 -17"><span class='ocrx_word' id='word_1_524' title='bbox 2135 2854 2244 2918; x_wconf 85' lang='grc' dir='ltr'>κὼς</span> <span class='ocrx_word' id='word_1_525' title='bbox 2276 2855 2336 2908; x_wconf 80' lang='grc' dir='ltr'><strong>τὸ</strong></span> <span class='ocrx_word' id='word_1_526' title='bbox 2367 2855 2582 2926; x_wconf 84' lang='grc' dir='ltr'>πρῶτον</span> <span class='ocrx_word' id='word_1_527' title='bbox 2616 2855 2778 2910; x_wconf 86' lang='grc' dir='ltr'>πάλιν</span> <span class='ocrx_word' id='word_1_528' title='bbox 2823 2859 3046 2926; x_wconf 89' lang='grc' dir='ltr'>σημεῖον</span> <span class='ocrx_word' id='word_1_529' title='bbox 3069 2853 3164 2909; x_wconf 87' lang='grc' dir='ltr'><strong>τοῦ</strong></span> <span class='ocrx_word' id='word_1_530' title='bbox 3194 2854 3383 2916; x_wconf 78' lang='grc' dir='ltr'>ὓδατος</span> <span class='ocrx_word' id='word_1_531' title='bbox 3438 2854 3516 2914; x_wconf 86' lang='grc' dir='ltr'>εἰς</span> <span class='ocrx_word' id='word_1_532' title='bbox 3547 2847 3715 2914; x_wconf 83' lang='grc' dir='ltr'>οἶνον,</span> 
     </span>
    </p>
   </div>
   <div class='ocr_carea' id='block_1_75' title="bbox 2134 2941 3716 3020">
    <p class='ocr_par' dir='ltr' id='par_1_75' title="bbox 2134 2941 3716 3020">
     <span class='ocr_line' id='line_1_75' title="bbox 2134 2941 3716 3020; baseline -0.004 -20"><span class='ocrx_word' id='word_1_533' title='bbox 2134 2949 2191 3000; x_wconf 85' lang='grc' dir='ltr'><strong>ἐν</strong></span> <span class='ocrx_word' id='word_1_534' title='bbox 2226 2947 2302 3018; x_wconf 81' lang='grc' dir='ltr'>τῷ</span> <span class='ocrx_word' id='word_1_535' title='bbox 2335 2948 2622 3019; x_wconf 79' lang='grc' dir='ltr'>πληρῶσαι</span> <span class='ocrx_word' id='word_1_536' title='bbox 2678 2947 3159 3020; x_wconf 80' lang='grc' dir='ltr'>αὑτὸν¹τριάκοντα</span> <span class='ocrx_word' id='word_1_537' title='bbox 3189 2947 3304 3015; x_wconf 74' lang='grc' dir='ltr'>ἐτη,</span> <span class='ocrx_word' id='word_1_538' title='bbox 3330 2945 3406 3008; x_wconf 81' lang='grc' dir='ltr'>ὡς</span> <span class='ocrx_word' id='word_1_539' title='bbox 3452 2941 3716 3004; x_wconf 72' lang='grc' dir='ltr'>πολλάκις</span> 
     </span>
    </p>
   </div>
   <div class='ocr_carea' id='block_1_76' title="bbox 2135 3034 3721 3113">
    <p class='ocr_par' dir='ltr' id='par_1_76' title="bbox 2135 3034 3721 3113">
     <span class='ocr_line' id='line_1_76' title="bbox 2135 3034 3721 3113; baseline -0.003 -22"><span class='ocrx_word' id='word_1_540' title='bbox 2135 3036 2308 3104; x_wconf 82' lang='grc' dir='ltr'>εἷπον,</span> <span class='ocrx_word' id='word_1_541' title='bbox 2356 3041 2466 3093; x_wconf 80' lang='grc' dir='ltr'>ἀπὸ</span> <span class='ocrx_word' id='word_1_542' title='bbox 2508 3040 2607 3109; x_wconf 80' lang='grc' dir='ltr'><strong>τῆς</strong></span> <span class='ocrx_word' id='word_1_543' title='bbox 2650 3039 2918 3113; x_wconf 86' lang='grc' dir='ltr'>ἐνσάρκου</span> <span class='ocrx_word' id='word_1_544' title='bbox 2956 3039 3122 3092; x_wconf 83' lang='grc' dir='ltr'>αὑτοῦ</span> <span class='ocrx_word' id='word_1_545' title='bbox 3165 3035 3467 3106; x_wconf 77' lang='grc' dir='ltr'>γεννήσεώς</span> <span class='ocrx_word' id='word_1_546' title='bbox 3520 3053 3579 3087; x_wconf 87' lang='grc' dir='ltr'><strong>τε</strong></span> <span class='ocrx_word' id='word_1_547' title='bbox 3621 3034 3721 3086; x_wconf 63' lang='grc' dir='ltr'><strong>καὶ⁵</strong></span> 
     </span>
    </p>
   </div>
   <div class='ocr_carea' id='block_1_77' title="bbox 2136 3123 3715 3200">
    <p class='ocr_par' dir='ltr' id='par_1_77' title="bbox 2136 3123 3715 3200">
     <span class='ocr_line' id='line_1_77' title="bbox 2136 3123 3715 3200; baseline -0.006 -18"><span class='ocrx_word' id='word_1_548' title='bbox 2136 3130 2437 3200; x_wconf 80' lang='grc' dir='ltr'>παρουσίας</span> <span class='ocrx_word' id='word_1_549' title='bbox 2464 3146 2476 3160; x_wconf 91' lang='grc'><strong>·</strong></span> <span class='ocrx_word' id='word_1_550' title='bbox 2528 3129 2603 3193; x_wconf 85' lang='grc' dir='ltr'>ὡς</span> <span class='ocrx_word' id='word_1_551' title='bbox 2649 3130 2959 3182; x_wconf 81' lang='grc' dir='ltr'>ὑποτίθεται</span> <span class='ocrx_word' id='word_1_552' title='bbox 2995 3130 3128 3198; x_wconf 82' lang='grc' dir='ltr'>ἡμῖν</span> <span class='ocrx_word' id='word_1_553' title='bbox 3165 3126 3402 3179; x_wconf 76' lang='grc' dir='ltr'>συνιέναι</span> <span class='ocrx_word' id='word_1_554' title='bbox 3457 3123 3551 3176; x_wconf 72' lang='grc' dir='ltr'><strong>καὶ</strong></span> <span class='ocrx_word' id='word_1_555' title='bbox 3609 3139 3715 3174; x_wconf 87' lang='grc' dir='ltr'>κα-</span> 
     </span>
    </p>
   </div>
   <div class='ocr_carea' id='block_1_78' title="bbox 2134 3216 3716 3291">
    <p class='ocr_par' dir='ltr' id='par_1_78' title="bbox 2134 3216 3716 3291">
     <span class='ocr_line' id='line_1_78' title="bbox 2134 3216 3716 3291; baseline -0.005 -18"><span class='ocrx_word' id='word_1_556' title='bbox 2134 3221 2501 3291; x_wconf 78' lang='grc' dir='ltr'>ταλαμϐάνειν</span> <span class='ocrx_word' id='word_1_557' title='bbox 2527 3223 2558 3291; x_wconf 87' lang='grc' dir='ltr'>ἠ</span> <span class='ocrx_word' id='word_1_558' title='bbox 2601 3221 2706 3274; x_wconf 84' lang='grc' dir='ltr'><strong>τῶν</strong></span> <span class='ocrx_word' id='word_1_559' title='bbox 2735 3219 3079 3290; x_wconf 79' lang='grc' dir='ltr'>Εὑαγγελίων</span> <span class='ocrx_word' id='word_1_560' title='bbox 3103 3217 3359 3290; x_wconf 82' lang='grc' dir='ltr'>ἀκρίϐειὰ</span> <span class='ocrx_word' id='word_1_561' title='bbox 3387 3233 3446 3268; x_wconf 87' lang='grc' dir='ltr'><strong>τε</strong></span> <span class='ocrx_word' id='word_1_562' title='bbox 3472 3216 3565 3268; x_wconf 70' lang='grc' dir='ltr'>καὶ</span> <span class='ocrx_word' id='word_1_563' title='bbox 3585 3216 3716 3267; x_wconf 86' lang='grc' dir='ltr'>ἁκο-</span> 
     </span>
    </p>
   </div>
   <div class='ocr_carea' id='block_1_79' title="bbox 2135 3305 3716 3382">
    <p class='ocr_par' dir='ltr' id='par_1_79' title="bbox 2135 3305 3716 3382">
     <span class='ocr_line' id='line_1_79' title="bbox 2135 3305 3716 3382; baseline -0.004 -18"><span class='ocrx_word' id='word_1_564' title='bbox 2135 3313 2338 3368; x_wconf 86' lang='grc' dir='ltr'>λουθία.</span> <span class='ocrx_word' id='word_1_565' title='bbox 2370 3313 2474 3367; x_wconf 73' lang='grc' dir='ltr'>Καὶ</span> <span class='ocrx_word' id='word_1_566' title='bbox 2505 3313 2689 3366; x_wconf 80' lang='grc' dir='ltr'>λοιπὸν</span> <span class='ocrx_word' id='word_1_567' title='bbox 2720 3313 2826 3366; x_wconf 81' lang='grc' dir='ltr'><strong>ἀπὸ</strong></span> <span class='ocrx_word' id='word_1_568' title='bbox 2862 3312 2955 3366; x_wconf 89' lang='grc' dir='ltr'><strong>τοῦ</strong></span> <span class='ocrx_word' id='word_1_569' title='bbox 2997 3313 3214 3382; x_wconf 84' lang='grc' dir='ltr'>πρώτου</span> <span class='ocrx_word' id='word_1_570' title='bbox 3253 3310 3478 3380; x_wconf 87' lang='grc' dir='ltr'>σημείου</span> <span class='ocrx_word' id='word_1_571' title='bbox 3523 3305 3716 3360; x_wconf 78' lang='grc' dir='ltr'>τούτου</span> 
     </span>
    </p>
   </div>
   <div class='ocr_carea' id='block_1_80' title="bbox 2134 3399 3722 3477">
    <p class='ocr_par' dir='ltr' id='par_1_80' title="bbox 2134 3399 3722 3477">
     <span class='ocr_line' id='line_1_80' title="bbox 2134 3399 3722 3477; baseline -0.005 -19"><span class='ocrx_word' id='word_1_572' title='bbox 2134 3407 2204 3459; x_wconf 79' lang='grc' dir='ltr'>τά</span> <span class='ocrx_word' id='word_1_573' title='bbox 2229 3423 2287 3458; x_wconf 91' lang='grc' dir='ltr'><strong>τε</strong></span> <span class='ocrx_word' id='word_1_574' title='bbox 2321 3407 2456 3460; x_wconf 81' lang='grc' dir='ltr'>ἄλλα</span> <span class='ocrx_word' id='word_1_575' title='bbox 2487 3409 2686 3477; x_wconf 84' lang='grc' dir='ltr'>σημεῖα</span> <span class='ocrx_word' id='word_1_576' title='bbox 2715 3446 2730 3471; x_wconf 87' lang='grc'><strong>,</strong></span> <span class='ocrx_word' id='word_1_577' title='bbox 2768 3407 2861 3460; x_wconf 75' lang='grc' dir='ltr'><strong>καὶ</strong></span> <span class='ocrx_word' id='word_1_578' title='bbox 2900 3406 2961 3458; x_wconf 67' lang='grc' dir='ltr'>τι,</span> <span class='ocrx_word' id='word_1_579' title='bbox 2985 3409 3247 3476; x_wconf 79' lang='grc' dir='ltr'>κήρυγμα</span> <span class='ocrx_word' id='word_1_580' title='bbox 3278 3402 3483 3463; x_wconf 77' lang='grc' dir='ltr'>λοιπὸν,</span> <span class='ocrx_word' id='word_1_581' title='bbox 3519 3402 3612 3454; x_wconf 71' lang='grc' dir='ltr'><strong>καὶ</strong></span> <span class='ocrx_word' id='word_1_582' title='bbox 3649 3399 3722 3451; x_wconf 76' lang='grc' dir='ltr'><strong>τὰ</strong></span> 
     </span>
    </p>
   </div>
   <div class='ocr_carea' id='block_1_81' title="bbox 2135 3485 3716 3568">
    <p class='ocr_par' dir='ltr' id='par_1_81' title="bbox 2135 3485 3716 3568">
     <span class='ocr_line' id='line_1_81' title="bbox 2135 3485 3716 3568; baseline 0.001 -19"><span class='ocrx_word' id='word_1_583' title='bbox 2135 3496 2270 3549; x_wconf 78' lang='grc' dir='ltr'>ἄλλα</span> <span class='ocrx_word' id='word_1_584' title='bbox 2316 3497 2492 3550; x_wconf 79' lang='grc' dir='ltr'>πάντα</span> <span class='ocrx_word' id='word_1_585' title='bbox 2539 3498 2636 3568; x_wconf 78' lang='grc' dir='ltr'>τῆς</span> <span class='ocrx_word' id='word_1_586' title='bbox 2671 3497 2992 3568; x_wconf 79' lang='grc' dir='ltr'>θαυμαστῆς</span> <span class='ocrx_word' id='word_1_587' title='bbox 3029 3496 3193 3549; x_wconf 81' lang='grc' dir='ltr'>αὑτοῦ</span> <span class='ocrx_word' id='word_1_588' title='bbox 3243 3485 3576 3566; x_wconf 78' lang='grc' dir='ltr'>πληρώσεως</span> <span class='ocrx_word' id='word_1_589' title='bbox 3618 3491 3716 3559; x_wconf 79' lang='grc' dir='ltr'>τῆς</span> 
     </span>
    </p>
   </div>
   <div class='ocr_carea' id='block_1_82' title="bbox 2135 3584 3716 3659">
    <p class='ocr_par' dir='ltr' id='par_1_82' title="bbox 2135 3584 3716 3659">
     <span class='ocr_line' id='line_1_82' title="bbox 2135 3584 3716 3659; baseline 0.005 -20"><span class='ocrx_word' id='word_1_590' title='bbox 2135 3587 2566 3658; x_wconf 80' lang='grc' dir='ltr'>φιλανθρωπίας,</span> <span class='ocrx_word' id='word_1_591' title='bbox 2600 3589 2692 3641; x_wconf 76' lang='grc' dir='ltr'><strong>καὶ</strong></span> <span class='ocrx_word' id='word_1_592' title='bbox 2731 3588 3093 3659; x_wconf 72' lang='grc' dir='ltr'>εὐαγγελικῆς</span> <span class='ocrx_word' id='word_1_593' title='bbox 3157 3584 3600 3656; x_wconf 74' lang='grc' dir='ltr'>θαυματουργίας</span> <span class='ocrx_word' id='word_1_594' title='bbox 3655 3598 3716 3633; x_wconf 78' lang='grc' dir='ltr'>τε</span> 
     </span>
    </p>
   </div>
   <div class='ocr_carea' id='block_1_83' title="bbox 2136 3673 3720 3750">
    <p class='ocr_par' dir='ltr' id='par_1_83' title="bbox 2136 3673 3720 3750">
     <span class='ocr_line' id='line_1_83' title="bbox 2136 3673 3720 3750; baseline 0.009 -19"><span class='ocrx_word' id='word_1_595' title='bbox 2136 3680 2230 3732; x_wconf 69' lang='grc' dir='ltr'><strong>καὶ</strong></span> <span class='ocrx_word' id='word_1_596' title='bbox 2248 3679 2612 3748; x_wconf 82' lang='grc' dir='ltr'>διδασκαλίας,</span> <span class='ocrx_word' id='word_1_597' title='bbox 2649 3683 2723 3746; x_wconf 87' lang='grc' dir='ltr'>ὡς</span> <span class='ocrx_word' id='word_1_598' title='bbox 2745 3682 3002 3744; x_wconf 78' lang='grc' dir='ltr'>πολλάκις</span> <span class='ocrx_word' id='word_1_599' title='bbox 3028 3681 3182 3750; x_wconf 72' lang='grc' dir='ltr'>ἔφην,</span> <span class='ocrx_word' id='word_1_600' title='bbox 3206 3681 3300 3732; x_wconf 75' lang='grc' dir='ltr'><strong>καὶ</strong></span> <span class='ocrx_word' id='word_1_601' title='bbox 3336 3673 3720 3744; x_wconf 75' lang='grc' dir='ltr'>ἀναγκάζομαι</span> 
     </span>
    </p>
   </div>
   <div class='ocr_carea' id='block_1_84' title="bbox 2136 3767 3718 3843">
    <p class='ocr_par' dir='ltr' id='par_1_84' title="bbox 2136 3767 3718 3843">
     <span class='ocr_line' id='line_1_84' title="bbox 2136 3767 3718 3843; baseline -0.002 -22"><span class='ocrx_word' id='word_1_602' title='bbox 2136 3767 2451 3834; x_wconf 68' lang='grc' dir='ltr'>πλειστάκις</span> <span class='ocrx_word' id='word_1_603' title='bbox 2500 3771 2696 3839; x_wconf 82' lang='grc' dir='ltr'>λέγειν,</span> <span class='ocrx_word' id='word_1_604' title='bbox 2730 3774 2750 3803; x_wconf 88' lang='grc'>³</span> <span class='ocrx_word' id='word_1_605' title='bbox 2781 3772 2867 3826; x_wconf 82' lang='grc' dir='ltr'>διὰ</span> <span class='ocrx_word' id='word_1_606' title='bbox 2898 3773 2996 3843; x_wconf 81' lang='grc' dir='ltr'>τὴν</span> <span class='ocrx_word' id='word_1_607' title='bbox 3023 3771 3130 3824; x_wconf 84' lang='grc' dir='ltr'>τῶν</span> <span class='ocrx_word' id='word_1_608' title='bbox 3178 3769 3575 3839; x_wconf 84' lang='grc' dir='ltr'>ἁπατωμένων,</span> <span class='ocrx_word' id='word_1_609' title='bbox 3623 3767 3718 3819; x_wconf 71' lang='grc' dir='ltr'><strong>καὶ</strong></span> 
     </span>
    </p>
   </div>
   <div class='ocr_carea' id='block_1_85' title="bbox 2137 3857 3715 3935">
    <p class='ocr_par' dir='ltr' id='par_1_85' title="bbox 2137 3857 3715 3935">
     <span class='ocr_line' id='line_1_85' title="bbox 2137 3857 3715 3935; baseline -0.005 -18"><span class='ocrx_word' id='word_1_610' title='bbox 2137 3861 2619 3932; x_wconf 75' lang='grc' dir='ltr'>προφασιζομένων</span> <span class='ocrx_word' id='word_1_611' title='bbox 2672 3863 2940 3934; x_wconf 80' lang='grc' dir='ltr'>θηρᾶσθαι</span> <span class='ocrx_word' id='word_1_612' title='bbox 2959 3864 3191 3935; x_wconf 34' lang='grc' dir='ltr'>’ἑαυτοῖς</span> <span class='ocrx_word' id='word_1_613' title='bbox 3215 3863 3284 3914; x_wconf 85' lang='grc' dir='ltr'>τὰ</span> <span class='ocrx_word' id='word_1_614' title='bbox 3311 3861 3407 3930; x_wconf 75' lang='grc' dir='ltr'><strong>τῆς</strong></span> <span class='ocrx_word' id='word_1_615' title='bbox 3435 3857 3715 3919; x_wconf 79' lang='grc' dir='ltr'>ἀπιστίας.</span> 
     </span>
    </p>
   </div>
   <div class='ocr_carea' id='block_1_86' title="bbox 2137 3952 3716 4026">
    <p class='ocr_par' dir='ltr' id='par_1_86' title="bbox 2137 3952 3716 4026">
     <span class='ocr_line' id='line_1_86' title="bbox 2137 3952 3716 4026; baseline -0.002 -21"><span class='ocrx_word' id='word_1_616' title='bbox 2137 3953 2338 4006; x_wconf 75' lang='grc' dir='ltr'>καὶτοῦ</span> <span class='ocrx_word' id='word_1_617' title='bbox 2379 3954 2678 4024; x_wconf 82' lang='grc' dir='ltr'>ἀντιλέγειν</span> <span class='ocrx_word' id='word_1_618' title='bbox 2705 3955 2780 4026; x_wconf 77' lang='grc' dir='ltr'>τῷ</span> <span class='ocrx_word' id='word_1_619' title='bbox 2802 3956 2940 4024; x_wconf 85' lang='grc' dir='ltr'>ἁγίῳ</span> <span class='ocrx_word' id='word_1_620' title='bbox 2966 3954 3263 4026; x_wconf 81' lang='grc' dir='ltr'>Πνεῦματι,</span> <span class='ocrx_word' id='word_1_621' title='bbox 3294 3955 3387 4006; x_wconf 70' lang='grc' dir='ltr'><strong>καὶ</strong></span> <span class='ocrx_word' id='word_1_622' title='bbox 3405 3955 3472 4022; x_wconf 81' lang='grc' dir='ltr'>τῇ</span> <span class='ocrx_word' id='word_1_623' title='bbox 3502 3952 3716 4021; x_wconf 75' lang='grc' dir='ltr'>θαυμαο</span> 
     </span>
    </p>
   </div>
   <div class='ocr_carea' id='block_1_87' title="bbox 2140 4045 3094 4119">
    <p class='ocr_par' dir='ltr' id='par_1_87' title="bbox 2140 4045 3094 4119">
     <span class='ocr_line' id='line_1_87' title="bbox 2140 4045 3094 4119; baseline 0.002 -21"><span class='ocrx_word' id='word_1_624' title='bbox 2140 4049 2237 4118; x_wconf 82' lang='grc' dir='ltr'>στῇ</span> <span class='ocrx_word' id='word_1_625' title='bbox 2269 4045 2376 4100; x_wconf 86' lang='grc' dir='ltr'><strong>τῶν</strong></span> <span class='ocrx_word' id='word_1_626' title='bbox 2402 4048 2748 4117; x_wconf 85' lang='grc' dir='ltr'>Εὐαγγελίων</span> <span class='ocrx_word' id='word_1_627' title='bbox 2781 4047 3094 4119; x_wconf 74' lang='grc' dir='ltr'>ἀκολουθίᾳ.</span> 
     </span>
    </p>
   </div>
   <div class='ocr_carea' id='block_1_88' title="bbox 2212 4217 3722 4298">
    <p class='ocr_par' dir='ltr' id='par_1_88' title="bbox 2212 4217 3722 4298">
     <span class='ocr_line' id='line_1_88' title="bbox 2212 4217 3722 4298; baseline -0.005 -19"><span class='ocrx_word' id='word_1_628' title='bbox 2212 4227 2309 4281; x_wconf 85' lang='grc' dir='ltr'><strong>ΙΖ’.</strong></span> <span class='ocrx_word' id='word_1_629' title='bbox 2365 4226 2548 4297; x_wconf 87' lang='grc' dir='ltr'>Πάντη</span> <span class='ocrx_word' id='word_1_630' title='bbox 2609 4226 2718 4298; x_wconf 84' lang='grc' dir='ltr'>γὰρ</span> <span class='ocrx_word' id='word_1_631' title='bbox 2776 4227 2902 4290; x_wconf 79' lang='grc' dir='ltr'>τοὺς</span> <span class='ocrx_word' id='word_1_632' title='bbox 2949 4225 3394 4294; x_wconf 76' lang='grc' dir='ltr'>ἐναντιουμένους</span> <span class='ocrx_word' id='word_1_633' title='bbox 3455 4217 3533 4291; x_wconf 78' lang='grc' dir='ltr'><strong>τῷ</strong></span> <span class='ocrx_word' id='word_1_634' title='bbox 3578 4220 3722 4290; x_wconf 73' lang='grc' dir='ltr'>ἁγίῳ</span> 
     </span>
    </p>
   </div>
   <div class='ocr_carea' id='block_1_89' title="bbox 2139 4311 3717 4390">
    <p class='ocr_par' dir='ltr' id='par_1_89' title="bbox 2139 4311 3717 4390">
     <span class='ocr_line' id='line_1_89' title="bbox 2139 4311 3717 4390; baseline -0.003 -18"><span class='ocrx_word' id='word_1_635' title='bbox 2139 4317 2454 4390; x_wconf 80' lang='grc' dir='ltr'>Εὑαγγελίῳ</span> <span class='ocrx_word' id='word_1_636' title='bbox 2482 4319 2818 4390; x_wconf 55' lang='grc' dir='ltr'>προλήψεται</span> <span class='ocrx_word' id='word_1_637' title='bbox 2871 4320 2904 4388; x_wconf 83' lang='grc' dir='ltr'>ὴ</span> <span class='ocrx_word' id='word_1_638' title='bbox 2949 4317 3186 4386; x_wconf 82' lang='grc' dir='ltr'>τοσαύτη</span> <span class='ocrx_word' id='word_1_639' title='bbox 3219 4313 3590 4386; x_wconf 77' lang='grc' dir='ltr'>ἀκριὸολογία,</span> <span class='ocrx_word' id='word_1_640' title='bbox 3621 4311 3717 4382; x_wconf 69' lang='grc' dir='ltr'>δη-</span> 
     </span>
    </p>
   </div>
   <div class='ocr_carea' id='block_1_90' title="bbox 455 4404 2029 4496">
    <p class='ocr_par' dir='ltr' id='par_1_90' title="bbox 455 4411 2029 4487">
     <span class='ocr_line' id='line_1_90' title="bbox 455 4411 2029 4487; baseline 0 -17"><span class='ocrx_word' id='word_1_641' title='bbox 455 4430 550 4470; x_wconf 82' lang='lat' dir='ltr'><strong>sus</strong></span> <span class='ocrx_word' id='word_1_642' title='bbox 573 4412 924 4483; x_wconf 73' lang='lat' dir='ltr'><strong>Evangelium</strong></span> <span class='ocrx_word' id='word_1_643' title='bbox 949 4427 1192 4483; x_wconf 84' lang='lat' dir='ltr'><strong>pugnare</strong></span> <span class='ocrx_word' id='word_1_644' title='bbox 1215 4428 1326 4467; x_wconf 90' lang='lat' dir='ltr'><strong>non</strong></span> <span class='ocrx_word' id='word_1_645' title='bbox 1349 4411 1621 4479; x_wconf 84' lang='lat' dir='ltr'><strong>dubitant,</strong></span> <span class='ocrx_word' id='word_1_646' title='bbox 1647 4431 1772 4470; x_wconf 92' lang='lat' dir='ltr'><strong>cum</strong></span> <span class='ocrx_word' id='word_1_647' title='bbox 1797 4417 2029 4487; x_wconf 90' lang='lat' dir='ltr'><strong>idipsum</strong></span> 
     </span>
    </p>
   </div>
   <div class='ocr_carea' id='block_1_91' title="bbox 2133 4404 3720 4496">
    <p class='ocr_par' dir='ltr' id='par_1_91' title="bbox 2137 4404 3720 4480">
     <span class='ocr_line' id='line_1_91' title="bbox 2137 4404 3720 4480; baseline 0.001 -16"><span class='ocrx_word' id='word_1_648' title='bbox 2137 4411 2324 4475; x_wconf 89' lang='grc' dir='ltr'>λοῦσα,</span> <span class='ocrx_word' id='word_1_649' title='bbox 2366 4412 2446 4464; x_wconf 84' lang='grc' dir='ltr'><strong>ὅτι</strong></span> <span class='ocrx_word' id='word_1_650' title='bbox 2477 4411 2584 4464; x_wconf 82' lang='grc' dir='ltr'>ἀπὸ</span> <span class='ocrx_word' id='word_1_651' title='bbox 2628 4411 2720 4464; x_wconf 92' lang='grc' dir='ltr'><strong>τοῦ</strong></span> <span class='ocrx_word' id='word_1_652' title='bbox 2758 4411 3132 4480; x_wconf 81' lang='grc' dir='ltr'>βαπτίσματος</span> <span class='ocrx_word' id='word_1_653' title='bbox 3159 4411 3192 4479; x_wconf 83' lang='grc' dir='ltr'><strong>ἡ</strong></span> <span class='ocrx_word' id='word_1_654' title='bbox 3229 4408 3370 4478; x_wconf 82' lang='grc' dir='ltr'><strong>ἀρχὴ</strong></span> <span class='ocrx_word' id='word_1_655' title='bbox 3399 4406 3496 4476; x_wconf 83' lang='grc' dir='ltr'>τῆς</span> <span class='ocrx_word' id='word_1_656' title='bbox 3524 4404 3720 4473; x_wconf 76' lang='grc' dir='ltr'>λοιπῆς</span> 
     </span>
    </p>
   </div>
   <div class='ocr_carea' id='block_1_92' title="bbox 453 4502 2034 4572">
    <p class='ocr_par' dir='ltr' id='par_1_92' title="bbox 453 4502 2034 4572">
     <span class='ocr_line' id='line_1_92' title="bbox 453 4502 2034 4572; baseline 0.003 -15"><span class='ocrx_word' id='word_1_657' title='bbox 453 4509 836 4569; x_wconf 86' lang='lat' dir='ltr'><strong>demonstrat;</strong></span> <span class='ocrx_word' id='word_1_658' title='bbox 879 4502 1181 4557; x_wconf 87' lang='lat' dir='ltr'><strong>secundum</strong></span> <span class='ocrx_word' id='word_1_659' title='bbox 1229 4502 1563 4572; x_wconf 90' lang='lat' dir='ltr'><strong>baptismum</strong></span> <span class='ocrx_word' id='word_1_660' title='bbox 1596 4514 1914 4561; x_wconf 75' lang='lat' dir='ltr'><strong>czeterarum</strong></span> <span class='ocrx_word' id='word_1_661' title='bbox 1950 4525 2034 4562; x_wconf 90' lang='lat' dir='ltr'><strong>re-</strong></span> 
     </span>
    </p>
   </div>
   <div class='ocr_carea' id='block_1_93' title="bbox 452 4597 2036 4670">
    <p class='ocr_par' dir='ltr' id='par_1_93' title="bbox 452 4597 2036 4670">
     <span class='ocr_line' id='line_1_93' title="bbox 452 4597 2036 4670; baseline 0.001 -16"><span class='ocrx_word' id='word_1_662' title='bbox 452 4617 574 4654; x_wconf 83' lang='lat' dir='ltr'><strong>rum</strong></span> <span class='ocrx_word' id='word_1_663' title='bbox 603 4607 882 4670; x_wconf 77' lang='lat' dir='ltr'><strong>gestarum</strong></span> <span class='ocrx_word' id='word_1_664' title='bbox 913 4598 1064 4652; x_wconf 90' lang='lat' dir='ltr'><strong>initia</strong></span> <span class='ocrx_word' id='word_1_665' title='bbox 1093 4600 1240 4656; x_wconf 91' lang='lat' dir='ltr'><strong>hunc</strong></span> <span class='ocrx_word' id='word_1_666' title='bbox 1262 4601 1316 4655; x_wconf 94' lang='lat' dir='ltr'><strong>in</strong></span> <span class='ocrx_word' id='word_1_667' title='bbox 1345 4601 1568 4654; x_wconf 90' lang='lat' dir='ltr'><strong>modum</strong></span> <span class='ocrx_word' id='word_1_668' title='bbox 1595 4609 1802 4654; x_wconf 90' lang='lat' dir='ltr'><strong>secuta.</strong></span> <span class='ocrx_word' id='word_1_669' title='bbox 1829 4597 2036 4655; x_wconf 86' lang='lat' dir='ltr'><strong>Deinde</strong></span> 
     </span>
    </p>
   </div>
   <div class='ocr_carea' id='block_1_94' title="bbox 450 4690 2031 4761">
    <p class='ocr_par' dir='ltr' id='par_1_94' title="bbox 450 4690 2031 4761">
     <span class='ocr_line' id='line_1_94' title="bbox 450 4690 2031 4761; baseline -0.001 -15"><span class='ocrx_word' id='word_1_670' title='bbox 450 4706 575 4760; x_wconf 67' lang='lat' dir='ltr'><strong>quae</strong></span> <span class='ocrx_word' id='word_1_671' title='bbox 619 4699 739 4760; x_wconf 89' lang='lat' dir='ltr'><strong>post</strong></span> <span class='ocrx_word' id='word_1_672' title='bbox 775 4691 1105 4761; x_wconf 85' lang='lat' dir='ltr'><strong>baptismum</strong></span> <span class='ocrx_word' id='word_1_673' title='bbox 1149 4692 1202 4746; x_wconf 92' lang='lat' dir='ltr'><strong>in</strong></span> <span class='ocrx_word' id='word_1_674' title='bbox 1237 4692 1328 4746; x_wconf 91' lang='lat' dir='ltr'><strong>illa</strong></span> <span class='ocrx_word' id='word_1_675' title='bbox 1360 4707 1425 4745; x_wconf 72' lang='lat' dir='ltr'><strong>xi.</strong></span> <span class='ocrx_word' id='word_1_676' title='bbox 1462 4692 1672 4746; x_wconf 88' lang='lat' dir='ltr'><strong>dierum</strong></span> <span class='ocrx_word' id='word_1_677' title='bbox 1708 4690 2031 4754; x_wconf 88' lang='lat' dir='ltr'><strong>tentatione,</strong></span> 
     </span>
    </p>
   </div>
   <div class='ocr_carea' id='block_1_95' title="bbox 452 4778 2034 4850">
    <p class='ocr_par' dir='ltr' id='par_1_95' title="bbox 452 4778 2034 4850">
     <span class='ocr_line' id='line_1_95' title="bbox 452 4778 2034 4850; baseline -0.001 -14"><span class='ocrx_word' id='word_1_678' title='bbox 452 4796 518 4836; x_wconf 87' lang='lat' dir='ltr'><strong>ac</strong></span> <span class='ocrx_word' id='word_1_679' title='bbox 545 4778 766 4835; x_wconf 84' lang='lat' dir='ltr'><strong>deserto</strong></span> <span class='ocrx_word' id='word_1_680' title='bbox 791 4781 1162 4850; x_wconf 82' lang='lat' dir='ltr'><strong>contigerunt,</strong></span> <span class='ocrx_word' id='word_1_681' title='bbox 1198 4796 1308 4837; x_wconf 91' lang='lat' dir='ltr'><strong>non</strong></span> <span class='ocrx_word' id='word_1_682' title='bbox 1337 4783 1456 4838; x_wconf 89' lang='lat' dir='ltr'><strong>sine</strong></span> <span class='ocrx_word' id='word_1_683' title='bbox 1483 4781 1661 4836; x_wconf 89' lang='lat' dir='ltr'><strong>sancti</strong></span> <span class='ocrx_word' id='word_1_684' title='bbox 1685 4779 1925 4850; x_wconf 90' lang='lat' dir='ltr'><strong>Spiritus</strong></span> <span class='ocrx_word' id='word_1_685' title='bbox 1951 4779 2034 4834; x_wconf 81' lang='lat' dir='ltr'><strong>af-</strong></span> 
     </span>
    </p>
   </div>
   <div class='ocr_carea' id='block_1_96' title="bbox 451 4869 2033 4942">
    <p class='ocr_par' dir='ltr' id='par_1_96' title="bbox 451 4869 2033 4942">
     <span class='ocr_line' id='line_1_96' title="bbox 451 4869 2033 4942; baseline -0.001 -16"><span class='ocrx_word' id='word_1_686' title='bbox 451 4871 583 4926; x_wconf 84' lang='lat' dir='ltr'><strong>ﬂatu</strong></span> <span class='ocrx_word' id='word_1_687' title='bbox 619 4886 648 4924; x_wconf 87' lang='lat' dir='ltr'><strong>a</strong></span> <span class='ocrx_word' id='word_1_688' title='bbox 682 4869 892 4926; x_wconf 85' lang='lat' dir='ltr'><strong>Joanne</strong></span> <span class='ocrx_word' id='word_1_689' title='bbox 926 4871 1317 4940; x_wconf 65' lang='lat' dir='ltr'><strong>praetermissa,</strong></span> <span class='ocrx_word' id='word_1_690' title='bbox 1345 4873 1492 4942; x_wconf 91' lang='lat' dir='ltr'><strong>quod</strong></span> <span class='ocrx_word' id='word_1_691' title='bbox 1527 4888 1555 4925; x_wconf 89' lang='lat' dir='ltr'><strong>a</strong></span> <span class='ocrx_word' id='word_1_692' title='bbox 1591 4873 1767 4925; x_wconf 85' lang='lat' dir='ltr'><strong>tribus</strong></span> <span class='ocrx_word' id='word_1_693' title='bbox 1802 4886 2033 4941; x_wconf 81' lang='lat' dir='ltr'><strong>evange-</strong></span> 
     </span>
    </p>
   </div>
   <div class='ocr_carea' id='block_1_97' title="bbox 453 4963 2035 5034">
    <p class='ocr_par' dir='ltr' id='par_1_97' title="bbox 453 4963 2035 5034">
     <span class='ocr_line' id='line_1_97' title="bbox 453 4963 2035 5034; baseline -0.001 -14"><span class='ocrx_word' id='word_1_694' title='bbox 453 4967 594 5020; x_wconf 87' lang='lat' dir='ltr'><strong>listis</strong></span> <span class='ocrx_word' id='word_1_695' title='bbox 635 4972 795 5018; x_wconf 88' lang='lat' dir='ltr'><strong>antea</strong></span> <span class='ocrx_word' id='word_1_696' title='bbox 837 4965 1116 5022; x_wconf 76' lang='lat' dir='ltr'><strong>memorize</strong></span> <span class='ocrx_word' id='word_1_697' title='bbox 1159 4974 1346 5020; x_wconf 89' lang='lat' dir='ltr'><strong>essent</strong></span> <span class='ocrx_word' id='word_1_698' title='bbox 1393 4965 1628 5034; x_wconf 87' lang='lat' dir='ltr'><strong>prodita.</strong></span> <span class='ocrx_word' id='word_1_699' title='bbox 1667 4963 2035 5030; x_wconf 86' lang='lat' dir='ltr'><strong>Quemadmo-</strong></span> 
     </span>
    </p>
   </div>
   <div class='ocr_carea' id='block_1_98' title="bbox 452 5056 2032 5127">
    <p class='ocr_par' dir='ltr' id='par_1_98' title="bbox 452 5056 2032 5127">
     <span class='ocr_line' id='line_1_98' title="bbox 452 5056 2032 5127; baseline -0.001 -17"><span class='ocrx_word' id='word_1_700' title='bbox 452 5059 582 5111; x_wconf 87' lang='lat' dir='ltr'><strong>dum</strong></span> <span class='ocrx_word' id='word_1_701' title='bbox 625 5056 730 5110; x_wconf 88' lang='lat' dir='ltr'><strong>alia</strong></span> <span class='ocrx_word' id='word_1_702' title='bbox 776 5056 867 5110; x_wconf 88' lang='lat' dir='ltr'><strong>alii</strong></span> <span class='ocrx_word' id='word_1_703' title='bbox 922 5056 1271 5126; x_wconf 78' lang='lat' dir='ltr'><strong>evangelista:</strong></span> <span class='ocrx_word' id='word_1_704' title='bbox 1324 5056 1703 5126; x_wconf 61' lang='lat' dir='ltr'><strong>praetereunda</strong></span> <span class='ocrx_word' id='word_1_705' title='bbox 1732 5061 2032 5127; x_wconf 76' lang='lat' dir='ltr'><strong>iputarunt,</strong></span> 
     </span>
    </p>
   </div>
   <div class='ocr_carea' id='block_1_99' title="bbox 451 5147 2036 5218">
    <p class='ocr_par' dir='ltr' id='par_1_99' title="bbox 451 5147 2036 5218">
     <span class='ocr_line' id='line_1_99' title="bbox 451 5147 2036 5218; baseline 0.002 -16"><span class='ocrx_word' id='word_1_706' title='bbox 451 5150 596 5218; x_wconf 89' lang='lat' dir='ltr'><strong>quod</strong></span> <span class='ocrx_word' id='word_1_707' title='bbox 624 5149 854 5203; x_wconf 88' lang='lat' dir='ltr'><strong>alterius</strong></span> <span class='ocrx_word' id='word_1_708' title='bbox 895 5149 1032 5204; x_wconf 88' lang='lat' dir='ltr'><strong>alter</strong></span> <span class='ocrx_word' id='word_1_709' title='bbox 1063 5149 1210 5203; x_wconf 88' lang='lat' dir='ltr'><strong>velut</strong></span> <span class='ocrx_word' id='word_1_710' title='bbox 1247 5149 1496 5204; x_wconf 87' lang='lat' dir='ltr'><strong>subsidio</strong></span> <span class='ocrx_word' id='word_1_711' title='bbox 1531 5150 1814 5204; x_wconf 90' lang='lat' dir='ltr'><strong>niteretur.</strong></span> <span class='ocrx_word' id='word_1_712' title='bbox 1847 5147 1923 5205; x_wconf 91' lang='lat' dir='ltr'><strong>lta</strong></span> <span class='ocrx_word' id='word_1_713' title='bbox 1951 5161 2036 5204; x_wconf 86' lang='lat' dir='ltr'><strong>ta-</strong></span> 
     </span>
    </p>
   </div>
   <div class='ocr_carea' id='block_1_100' title="bbox 451 5243 2035 5307">
    <p class='ocr_par' dir='ltr' id='par_1_100' title="bbox 451 5243 2035 5307">
     <span class='ocr_line' id='line_1_100' title="bbox 451 5243 2035 5307; baseline 0 -10"><span class='ocrx_word' id='word_1_714' title='bbox 451 5259 599 5307; x_wconf 81' lang='lat' dir='ltr'><strong>men,</strong></span> <span class='ocrx_word' id='word_1_715' title='bbox 648 5250 706 5296; x_wconf 88' lang='lat' dir='ltr'><strong>ut</strong></span> <span class='ocrx_word' id='word_1_716' title='bbox 750 5258 858 5296; x_wconf 86' lang='lat' dir='ltr'><strong>una</strong></span> <span class='ocrx_word' id='word_1_717' title='bbox 899 5243 968 5297; x_wconf 90' lang='lat' dir='ltr'><strong>sit</strong></span> <span class='ocrx_word' id='word_1_718' title='bbox 1011 5256 1078 5296; x_wconf 82' lang='lat' dir='ltr'><strong>ex</strong></span> <span class='ocrx_word' id='word_1_719' title='bbox 1120 5243 1380 5298; x_wconf 85' lang='lat' dir='ltr'><strong>omnibus</strong></span> <span class='ocrx_word' id='word_1_720' title='bbox 1412 5243 1642 5296; x_wconf 87' lang='lat' dir='ltr'><strong>collecta</strong></span> <span class='ocrx_word' id='word_1_721' title='bbox 1671 5258 1732 5296; x_wconf 92' lang='lat' dir='ltr'><strong>ac</strong></span> <span class='ocrx_word' id='word_1_722' title='bbox 1765 5244 2035 5298; x_wconf 80' lang='lat' dir='ltr'><strong>subducta</strong></span> 
     </span>
    </p>
   </div>
   <div class='ocr_carea' id='block_1_101' title="bbox 527 5400 2058 5468">
    <p class='ocr_par' dir='ltr' id='par_1_101' title="bbox 527 5400 2058 5468">
     <span class='ocr_line' id='line_1_101' title="bbox 527 5400 2058 5468; baseline 0.001 -13"><span class='ocrx_word' id='word_1_723' title='bbox 527 5406 538 5433; x_wconf 87' lang='lat'>&#39;</span> <span class='ocrx_word' id='word_1_724' title='bbox 577 5403 708 5456; x_wconf 85' lang='lat' dir='ltr'><strong>Luc.</strong></span> <span class='ocrx_word' id='word_1_725' title='bbox 742 5419 824 5467; x_wconf 88' lang='grc' dir='ltr'>ιιι,</span> <span class='ocrx_word' id='word_1_726' title='bbox 860 5403 950 5456; x_wconf 71' lang='lat'><strong>2&#39;5.</strong></span> <span class='ocrx_word' id='word_1_727' title='bbox 1029 5403 1048 5433; x_wconf 80' lang='lat'><strong>’</strong></span> <span class='ocrx_word' id='word_1_728' title='bbox 1077 5400 1236 5457; x_wconf 84' lang='lat' dir='ltr'><strong>Joan.</strong></span> <span class='ocrx_word' id='word_1_729' title='bbox 1272 5419 1332 5468; x_wconf 92' lang='grc' dir='ltr'>ιι,</span> <span class='ocrx_word' id='word_1_730' title='bbox 1369 5402 1420 5458; x_wconf 79' lang='grc'>1.</span> <span class='ocrx_word' id='word_1_731' title='bbox 1538 5403 1559 5434; x_wconf 84' lang='grc'>³</span> <span class='ocrx_word' id='word_1_732' title='bbox 1593 5402 1748 5459; x_wconf 85' lang='lat' dir='ltr'><strong>Deest</strong></span> <span class='ocrx_word' id='word_1_733' title='bbox 1786 5405 2058 5459; x_wconf 87' lang='lat' dir='ltr'><strong>nonnihil.</strong></span> 
     </span>
    </p>
   </div>
   <div class='ocr_carea' id='block_1_102' title="bbox 459 5471 1202 5545">
    <p class='ocr_par' dir='ltr' id='par_1_102' title="bbox 459 5471 1202 5545">
     <span class='ocr_line' id='line_1_102' title="bbox 459 5471 1202 5545; baseline 0 -19"><span class='ocrx_word' id='word_1_734' title='bbox 459 5473 659 5545; x_wconf 74' lang='grc' dir='ltr'>σαρὰκ.</span> <span class='ocrx_word' id='word_1_735' title='bbox 693 5474 916 5544; x_wconf 79' lang='grc' dir='ltr'>ἡμερῶν</span> <span class='ocrx_word' id='word_1_736' title='bbox 947 5471 1202 5528; x_wconf 81' lang='lat' dir='ltr'><strong>refertur.</strong></span> 
     </span>
    </p>
   </div>
   <div class='ocr_carea' id='block_1_103' title="bbox 2136 4498 3723 4576">
    <p class='ocr_par' dir='ltr' id='par_1_103' title="bbox 2136 4498 3723 4576">
     <span class='ocr_line' id='line_1_103' title="bbox 2136 4498 3723 4576; baseline -0.016 -4"><span class='ocrx_word' id='word_1_737' title='bbox 2136 4503 2541 4576; x_wconf 76' lang='grc' dir='ltr'>πραγματείας,</span> <span class='ocrx_word' id='word_1_738' title='bbox 2577 4503 2652 4566; x_wconf 82' lang='grc' dir='ltr'>ὡς</span> <span class='ocrx_word' id='word_1_739' title='bbox 2703 4504 2815 4575; x_wconf 77' lang='grc' dir='ltr'>ἔχει</span> <span class='ocrx_word' id='word_1_740' title='bbox 2843 4503 3044 4566; x_wconf 65' lang='grc' dir='ltr'>οὕτως·</span> <span class='ocrx_word' id='word_1_741' title='bbox 3090 4503 3171 4555; x_wconf 81' lang='grc' dir='ltr'><strong>ὅτι</strong></span> <span class='ocrx_word' id='word_1_742' title='bbox 3213 4501 3402 4554; x_wconf 73' lang='grc' dir='ltr'>ἔπειτα</span> <span class='ocrx_word' id='word_1_743' title='bbox 3446 4498 3588 4552; x_wconf 75' lang='grc' dir='ltr'>κατὰ</span> <span class='ocrx_word' id='word_1_744' title='bbox 3621 4498 3723 4568; x_wconf 79' lang='grc' dir='ltr'><strong>τὴν</strong></span> 
     </span>
    </p>
   </div>
   <div class='ocr_carea' id='block_1_104' title="bbox 2133 4590 3722 4667">
    <p class='ocr_par' dir='ltr' id='par_1_104' title="bbox 2133 4590 3722 4667">
     <span class='ocr_line' id='line_1_104' title="bbox 2133 4590 3722 4667; baseline -0.005 -19"><span class='ocrx_word' id='word_1_745' title='bbox 2133 4597 2347 4667; x_wconf 81' lang='grc' dir='ltr'>ἡμέραν</span> <span class='ocrx_word' id='word_1_746' title='bbox 2373 4595 2466 4650; x_wconf 88' lang='grc' dir='ltr'><strong>τοῦ</strong></span> <span class='ocrx_word' id='word_1_747' title='bbox 2504 4594 2885 4667; x_wconf 85' lang='grc' dir='ltr'>βαπτίσματος</span> <span class='ocrx_word' id='word_1_748' title='bbox 2911 4598 2968 4648; x_wconf 83' lang='grc' dir='ltr'>ὲν</span> <span class='ocrx_word' id='word_1_749' title='bbox 2995 4594 3074 4666; x_wconf 83' lang='grc' dir='ltr'><strong>τῷ</strong></span> <span class='ocrx_word' id='word_1_750' title='bbox 3097 4591 3390 4664; x_wconf 84' lang='grc' dir='ltr'>πειρασμῷ</span> <span class='ocrx_word' id='word_1_751' title='bbox 3423 4590 3722 4659; x_wconf 82' lang='grc' dir='ltr'>γενομένου</span> 
     </span>
    </p>
   </div>
   <div class='ocr_carea' id='block_1_105' title="bbox 2132 4682 3718 4758">
    <p class='ocr_par' dir='ltr' id='par_1_105' title="bbox 2132 4682 3718 4758">
     <span class='ocr_line' id='line_1_105' title="bbox 2132 4682 3718 4758; baseline -0.004 -18"><span class='ocrx_word' id='word_1_752' title='bbox 2132 4687 2320 4751; x_wconf 82' lang='grc' dir='ltr'>αὑτοῦ,</span> <span class='ocrx_word' id='word_1_753' title='bbox 2353 4689 2462 4741; x_wconf 85' lang='grc' dir='ltr'><strong>τῶν</strong></span> <span class='ocrx_word' id='word_1_754' title='bbox 2487 4688 2893 4758; x_wconf 79' lang='grc' dir='ltr'>τεσσαράκοντα</span> <span class='ocrx_word' id='word_1_755' title='bbox 2928 4687 3148 4758; x_wconf 81' lang='grc' dir='ltr'>ἡμερῶν</span> <span class='ocrx_word' id='word_1_756' title='bbox 3179 4689 3235 4738; x_wconf 79' lang='grc' dir='ltr'><strong>ὲν</strong></span> <span class='ocrx_word' id='word_1_757' title='bbox 3251 4688 3316 4756; x_wconf 84' lang='grc' dir='ltr'>τῇ</span> <span class='ocrx_word' id='word_1_758' title='bbox 3348 4687 3538 4755; x_wconf 81' lang='grc' dir='ltr'>ἐρήμῳ</span> <span class='ocrx_word' id='word_1_759' title='bbox 3559 4682 3718 4754; x_wconf 66' lang='grc' dir='ltr'><strong>περὶ1</strong></span> 
     </span>
    </p>
   </div>
   <div class='ocr_carea' id='block_1_106' title="bbox 2133 4776 3721 4854">
    <p class='ocr_par' dir='ltr' id='par_1_106' title="bbox 2133 4776 3721 4854">
     <span class='ocr_line' id='line_1_106' title="bbox 2133 4776 3721 4854; baseline -0.004 -20"><span class='ocrx_word' id='word_1_760' title='bbox 2133 4781 2314 4854; x_wconf 82' lang='grc' dir='ltr'><strong>(Θεοῦ)</strong></span> <span class='ocrx_word' id='word_1_761' title='bbox 2371 4782 2449 4852; x_wconf 81' lang='grc' dir='ltr'><strong>τῷ</strong></span> <span class='ocrx_word' id='word_1_762' title='bbox 2507 4781 2785 4852; x_wconf 82' lang='grc' dir='ltr'>Πνεῦματι</span> <span class='ocrx_word' id='word_1_763' title='bbox 2843 4780 2923 4850; x_wconf 81' lang='grc' dir='ltr'><strong>τῷ</strong></span> <span class='ocrx_word' id='word_1_764' title='bbox 2972 4780 3120 4850; x_wconf 83' lang='grc' dir='ltr'>ἁγίῳ</span> <span class='ocrx_word' id='word_1_765' title='bbox 3157 4777 3400 4850; x_wconf 68' lang='grc' dir='ltr'>(40),διὰ</span> <span class='ocrx_word' id='word_1_766' title='bbox 3446 4776 3721 4841; x_wconf 80' lang='grc' dir='ltr'>Ἰωάννου,</span> 
     </span>
    </p>
   </div>
   <div class='ocr_carea' id='block_1_107' title="bbox 2134 4866 3723 4948">
    <p class='ocr_par' dir='ltr' id='par_1_107' title="bbox 2134 4866 3723 4948">
     <span class='ocr_line' id='line_1_107' title="bbox 2134 4866 3723 4948; baseline -0.004 -20"><span class='ocrx_word' id='word_1_767' title='bbox 2134 4876 2197 4929; x_wconf 79' lang='grc' dir='ltr'><strong>οὐ</strong></span> <span class='ocrx_word' id='word_1_768' title='bbox 2241 4877 2629 4948; x_wconf 82' lang='grc' dir='ltr'>πεφρόντισται</span> <span class='ocrx_word' id='word_1_769' title='bbox 2682 4876 2944 4945; x_wconf 81' lang='grc' dir='ltr'>σημᾶναι.</span> <span class='ocrx_word' id='word_1_770' title='bbox 2993 4872 3130 4941; x_wconf 85' lang='grc' dir='ltr'>Ἤδη</span> <span class='ocrx_word' id='word_1_771' title='bbox 3173 4872 3282 4942; x_wconf 83' lang='grc' dir='ltr'>γὰρ</span> <span class='ocrx_word' id='word_1_772' title='bbox 3320 4866 3388 4942; x_wconf 80' lang='grc' dir='ltr'>ἦν</span> <span class='ocrx_word' id='word_1_773' title='bbox 3436 4870 3593 4923; x_wconf 85' lang='grc' dir='ltr'>τοῦτο</span> <span class='ocrx_word' id='word_1_774' title='bbox 3633 4867 3723 4922; x_wconf 78' lang='grc' dir='ltr'>διὰ</span> 
     </span>
    </p>
   </div>
   <div class='ocr_carea' id='block_1_108' title="bbox 2136 4961 3722 5038">
    <p class='ocr_par' dir='ltr' id='par_1_108' title="bbox 2136 4961 3722 5038">
     <span class='ocr_line' id='line_1_108' title="bbox 2136 4961 3722 5038; baseline -0.005 -19"><span class='ocrx_word' id='word_1_775' title='bbox 2136 4966 2244 5019; x_wconf 83' lang='grc' dir='ltr'><strong>τῶν</strong></span> <span class='ocrx_word' id='word_1_776' title='bbox 2272 4967 2441 5038; x_wconf 78' lang='grc' dir='ltr'>τριῶν</span> <span class='ocrx_word' id='word_1_777' title='bbox 2483 4965 2884 5035; x_wconf 85' lang='grc' dir='ltr'>εὐαγγελιστῶν</span> <span class='ocrx_word' id='word_1_778' title='bbox 2933 4963 3229 5035; x_wconf 84' lang='grc' dir='ltr'>σημανθέν.</span> <span class='ocrx_word' id='word_1_779' title='bbox 3277 4961 3383 5014; x_wconf 75' lang='grc' dir='ltr'><strong>Καὶ</strong></span> <span class='ocrx_word' id='word_1_780' title='bbox 3418 4961 3579 5014; x_wconf 81' lang='grc' dir='ltr'>πάλιν</span> <span class='ocrx_word' id='word_1_781' title='bbox 3609 4961 3722 5021; x_wconf 85' lang='grc' dir='ltr'>τοῖς</span> 
     </span>
    </p>
   </div>
   <div class='ocr_carea' id='block_1_109' title="bbox 2137 5052 3723 5129">
    <p class='ocr_par' dir='ltr' id='par_1_109' title="bbox 2137 5052 3723 5129">
     <span class='ocr_line' id='line_1_109' title="bbox 2137 5052 3723 5129; baseline -0.006 -18"><span class='ocrx_word' id='word_1_782' title='bbox 2137 5057 2315 5121; x_wconf 75' lang='grc' dir='ltr'>ἄλλοις</span> <span class='ocrx_word' id='word_1_783' title='bbox 2361 5059 2778 5127; x_wconf 80' lang='grc' dir='ltr'>εὐαγγελισταῐς</span> <span class='ocrx_word' id='word_1_784' title='bbox 2834 5060 2959 5129; x_wconf 71' lang='grc' dir='ltr'>περὶ</span> <span class='ocrx_word' id='word_1_785' title='bbox 2992 5057 3099 5110; x_wconf 86' lang='grc' dir='ltr'><strong>τῶν</strong></span> <span class='ocrx_word' id='word_1_786' title='bbox 3129 5056 3306 5110; x_wconf 84' lang='grc' dir='ltr'>ἄλλων</span> <span class='ocrx_word' id='word_1_787' title='bbox 3345 5053 3405 5106; x_wconf 75' lang='grc' dir='ltr'><strong>οῦ</strong></span> <span class='ocrx_word' id='word_1_788' title='bbox 3433 5052 3723 5122; x_wconf 68' lang='grc' dir='ltr'>πεφρόντι-</span> 
     </span>
    </p>
   </div>
   <div class='ocr_carea' id='block_1_110' title="bbox 2139 5139 3723 5220">
    <p class='ocr_par' dir='ltr' id='par_1_110' title="bbox 2139 5139 3723 5220">
     <span class='ocr_line' id='line_1_110' title="bbox 2139 5139 3723 5220; baseline -0.006 -17"><span class='ocrx_word' id='word_1_789' title='bbox 2139 5168 2282 5212; x_wconf 85' lang='grc' dir='ltr'>σται,</span> <span class='ocrx_word' id='word_1_790' title='bbox 2332 5152 2419 5204; x_wconf 85' lang='grc' dir='ltr'>διὰ</span> <span class='ocrx_word' id='word_1_791' title='bbox 2467 5151 2527 5204; x_wconf 82' lang='grc' dir='ltr'>τὸ</span> <span class='ocrx_word' id='word_1_792' title='bbox 2569 5151 2797 5205; x_wconf 73' lang='grc' dir='ltr'>ἕκαστον</span> <span class='ocrx_word' id='word_1_793' title='bbox 2837 5153 2929 5220; x_wconf 76' lang='grc' dir='ltr'><strong>ἀφ’</strong></span> <span class='ocrx_word' id='word_1_794' title='bbox 2973 5150 3203 5203; x_wconf 75' lang='grc' dir='ltr'>ἑκάστου</span> <span class='ocrx_word' id='word_1_795' title='bbox 3237 5139 3569 5218; x_wconf 83' lang='grc' dir='ltr'>βοηθεῖσθαι.</span> <span class='ocrx_word' id='word_1_796' title='bbox 3614 5142 3723 5194; x_wconf 80' lang='lat' dir='ltr'><strong>Kal.</strong></span> 
     </span>
    </p>
   </div>
   <div class='ocr_carea' id='block_1_111' title="bbox 2140 5231 3724 5315">
    <p class='ocr_par' dir='ltr' id='par_1_111' title="bbox 2140 5231 3724 5315">
     <span class='ocr_line' id='line_1_111' title="bbox 2140 5231 3724 5315; baseline -0.009 -19"><span class='ocrx_word' id='word_1_797' title='bbox 2140 5243 2293 5315; x_wconf 85' lang='grc' dir='ltr'>παρὰ</span> <span class='ocrx_word' id='word_1_798' title='bbox 2326 5244 2541 5298; x_wconf 81' lang='grc' dir='ltr'>πάντων</span> <span class='ocrx_word' id='word_1_799' title='bbox 2589 5243 2956 5313; x_wconf 85' lang='grc' dir='ltr'>συλλεγομένη</span> <span class='ocrx_word' id='word_1_800' title='bbox 2988 5243 3020 5312; x_wconf 83' lang='grc' dir='ltr'>ἡ</span> <span class='ocrx_word' id='word_1_801' title='bbox 3054 5239 3283 5310; x_wconf 85' lang='grc' dir='ltr'>ἀλήθεια</span> <span class='ocrx_word' id='word_1_802' title='bbox 3307 5235 3582 5290; x_wconf 89' lang='grc' dir='ltr'>δείκνυται</span> <span class='ocrx_word' id='word_1_803' title='bbox 3623 5231 3724 5302; x_wconf 82' lang='grc' dir='ltr'><strong>μία</strong></span> 
     </span>
    </p>
   </div>
   <div class='ocr_carea' id='block_1_112' title="bbox 2169 5394 3719 5478">
    <p class='ocr_par' dir='ltr' id='par_1_112' title="bbox 2169 5394 3719 5478">
     <span class='ocr_line' id='line_1_112' title="bbox 2169 5394 3719 5478; baseline -0.007 -21"><span class='ocrx_word' id='word_1_804' title='bbox 2169 5404 2188 5435; x_wconf 71' lang='grc'>⁸</span> <span class='ocrx_word' id='word_1_805' title='bbox 2226 5402 2290 5457; x_wconf 86' lang='lat' dir='ltr'><strong>F.</strong></span> <span class='ocrx_word' id='word_1_806' title='bbox 2324 5405 2449 5478; x_wconf 84' lang='grc' dir='ltr'>πέρι</span> <span class='ocrx_word' id='word_1_807' title='bbox 2481 5405 2562 5459; x_wconf 78' lang='lat' dir='ltr'><strong>vel</strong></span> <span class='ocrx_word' id='word_1_808' title='bbox 2597 5405 2659 5456; x_wconf 77' lang='grc' dir='ltr'><strong>ἐκ</strong></span> <span class='ocrx_word' id='word_1_809' title='bbox 2711 5402 2986 5474; x_wconf 78' lang='grc' dir='ltr'>περιττοῦ.</span> <span class='ocrx_word' id='word_1_810' title='bbox 3029 5401 3088 5457; x_wconf 84' lang='lat' dir='ltr'><strong>Si</strong></span> <span class='ocrx_word' id='word_1_811' title='bbox 3130 5401 3258 5472; x_wconf 86' lang='grc' dir='ltr'>πέρι</span> <span class='ocrx_word' id='word_1_812' title='bbox 3294 5401 3441 5467; x_wconf 73' lang='lat' dir='ltr'><strong>legas</strong></span> <span class='ocrx_word' id='word_1_813' title='bbox 3496 5394 3559 5449; x_wconf 89' lang='lat' dir='ltr'><strong>ad</strong></span> <span class='ocrx_word' id='word_1_814' title='bbox 3594 5410 3719 5447; x_wconf 82' lang='grc' dir='ltr'>τεσ·</span> 
     </span>
    </p>
   </div>
   <div class='ocr_carea' id='block_1_113' title="bbox 532 5640 2029 5732">
    <p class='ocr_par' dir='ltr' id='par_1_113' title="bbox 532 5651 2029 5732">
     <span class='ocr_line' id='line_1_113' title="bbox 532 5651 2029 5732; baseline 0.003 -27"><span class='ocrx_word' id='word_1_815' title='bbox 532 5654 644 5723; x_wconf 70' lang='grc'><strong>«40)</strong></span> <span class='ocrx_word' id='word_1_816' title='bbox 689 5655 828 5732; x_wconf 66' lang='grc' dir='ltr'>Περὶ</span> <span class='ocrx_word' id='word_1_817' title='bbox 857 5651 1149 5732; x_wconf 51' lang='lat' dir='ltr'><strong>pagi)&quot;ch</strong></span> <span class='ocrx_word' id='word_1_818' title='bbox 1198 5653 1520 5725; x_wconf 78' lang='grc' dir='ltr'>Πνεύματι.</span> <span class='ocrx_word' id='word_1_819' title='bbox 1566 5653 1770 5712; x_wconf 63' lang='lat' dir='ltr'><strong>Praeter</strong></span> <span class='ocrx_word' id='word_1_820' title='bbox 1819 5653 2029 5726; x_wconf 86' lang='lat' dir='ltr'><strong>conject</strong></span> 
     </span>
    </p>
   </div>
   <div class='ocr_carea' id='block_1_114' title="bbox 2133 5640 3719 5732">
    <p class='ocr_par' dir='ltr' id='par_1_114' title="bbox 2133 5640 3719 5724">
     <span class='ocr_line' id='line_1_114' title="bbox 2133 5640 3719 5724; baseline -0.005 -16"><span class='ocrx_word' id='word_1_821' title='bbox 2133 5669 2192 5711; x_wconf 90' lang='lat' dir='ltr'><strong>.m</strong></span> <span class='ocrx_word' id='word_1_822' title='bbox 2256 5669 2400 5709; x_wconf 85' lang='lat' dir='ltr'><strong>...am</strong></span> <span class='ocrx_word' id='word_1_823' title='bbox 2445 5667 2608 5724; x_wconf 86' lang='lat' dir='ltr'><strong>quam</strong></span> <span class='ocrx_word' id='word_1_824' title='bbox 2666 5651 2832 5706; x_wconf 87' lang='lat' dir='ltr'><strong>modo</strong></span> <span class='ocrx_word' id='word_1_825' title='bbox 2862 5658 3212 5717; x_wconf 75' lang='lat' dir='ltr'><strong>attexunuus,</strong></span> <span class='ocrx_word' id='word_1_826' title='bbox 3259 5654 3498 5704; x_wconf 74' lang='lat' dir='ltr'><strong>occurm</strong></span> <span class='ocrx_word' id='word_1_827' title='bbox 3553 5640 3719 5701; x_wconf 72' lang='lat' dir='ltr'><strong>scribi</strong></span> 
     </span>
    </p>
   </div>
   <div class='ocr_carea' id='block_1_115' title="bbox 458 5717 1115 5804">
    <p class='ocr_par' dir='ltr' id='par_1_115' title="bbox 458 5717 1115 5804">
     <span class='ocr_line' id='line_1_115' title="bbox 458 5717 1115 5804; baseline -0.003 -24"><span class='ocrx_word' id='word_1_828' title='bbox 458 5717 646 5804; x_wconf 48' lang='lat' dir='ltr'><strong>posse,</strong></span> <span class='ocrx_word' id='word_1_829' title='bbox 679 5742 745 5778; x_wconf 82' lang='grc' dir='ltr'><strong>πε</strong></span> <span class='ocrx_word' id='word_1_830' title='bbox 756 5717 808 5796; x_wconf 56' lang='lat' dir='ltr'><strong>{ll</strong></span> <span class='ocrx_word' id='word_1_831' title='bbox 829 5717 889 5777; x_wconf 73' lang='grc' dir='ltr'><strong>οῦ</strong></span> <span class='ocrx_word' id='word_1_832' title='bbox 916 5722 992 5799; x_wconf 71' lang='grc' dir='ltr'>τῷ</span> <span class='ocrx_word' id='word_1_833' title='bbox 1017 5722 1115 5778; x_wconf 77' lang='lat' dir='ltr'><strong>HV.</strong></span> 
     </span>
    </p>
   </div>
  </div>
