4176 6386
366 355 465 410 921

1093 353 1463 412 ADVERSUS
1502 353 1844 410 HASRESES
1883 357 2010 413 LIB.
2041 356 2104 413 II.
2148 356 2312 413 ΤΟΜ.
2358 357 2400 412 I.
2442 385 2509 398 --
2554 355 2828 412 H/ERES.
2872 354 2958 408 Li.

3532 353 3641 410 922

364 492 448 537 τ.ς
479 468 636 537 οὖσα,
666 473 761 526 καὶ
788 473 923 546 πρὸς
953 475 1151 544 ἑαυτὴν
1180 476 1255 546 μὴ
1288 478 1675 542 στασιάζουσα.
1717 479 1956 535 Ἐκεῖθεν

2087 481 2286 544 'eritas,
2323 496 2424 536 nec
2463 496 2492 534 a
2535 495 2594 536 se
2626 481 2742 550 ipsa
2779 477 3087 536 dissentiat.
3120 475 3256 532 Nam
3304 485 3431 548 post
3470 476 3650 546 bapti-

367 563 475 634 γὰρ
509 561 672 626 εὐθὺς
700 562 808 616 ἀπὸ
833 563 925 617 τοῦ
957 565 1289 635 πειρασμοῦ,
1315 566 1392 630 ὡς
1417 566 1574 638 ἔφην,
1604 571 1684 632 είς
1714 569 1814 640 τὴν
1843 569 1954 622 Να-

371 656 533 725 ζαρὲτ
564 655 802 727 ἔρχεται,
838 656 932 710 καὶ
967 657 1119 728 μένει
1171 659 1290 710 ἐκεῖ
1334 657 1486 712 οὔπω
1531 661 1674 724 τινὸς
1711 662 1956 734 μαθητοῦ

375 748 493 817 μετ’
510 747 672 800 αὐτοῦ
695 747 864 813 δντος.
883 749 1150 803 Κάκεῖθεν
1167 751 1492 822 κατέρχεται
1516 753 1653 825 πρὸς
1681 755 1955 826 Ἰωάννην,

370 840 457 891 ὅτε
482 839 642 904 εὐθὺς
665 840 752 895 διά
783 840 878 893 τοῦ
925 841 1173 912 Ἀνδρέου
1216 844 1461 896 καλεῖται
1501 846 1528 897 ὁ
1568 845 1806 916 Πέτροςο
1841 841 1960 899 εἶτα

373 930 654 996 Φίλιππος,
695 934 786 986 καὶ
828 933 915 986 διὰ
957 933 1224 988 Φιλίππου
1262 938 1290 988 ὁ
1323 936 1639 1006 Ναθαναήλ.
1675 937 1882 1006 Μηδεὶς
1904 936 1962 990 δὲ

376 1025 469 1076 καὶ
519 1025 677 1077 τοῦτο
729 1025 1087 1096 ἀμφιϐάλλων
1133 1028 1604 1098 περιεργαζέσθω,
1666 1029 1830 1100 ὁρῶν,
1879 1031 1962 1082 ὅτι

389 1116 642 1185 Ἀνδρέας
663 1116 876 1188 πρῶτος
899 1119 1173 1189 ὑπήντησε
1192 1120 1270 1190 τῷ
1296 1121 1492 1192 Ἰησοῦ,
1516 1121 1704 1175 ἔπειτα
1736 1122 1963 1192 Πέτρος,

377 1209 471 1262 καὶ
501 1208 566 1262 δι’
595 1209 758 1263 αὐτοῦ
791 1210 1018 1282 ἐκλήθη,
1054 1213 1148 1264 καὶ
1182 1213 1417 1284 ἄρξηται
1475 1215 1571 1268 καὶ
1613 1215 1741 1286 περὶ
1775 1213 1964 1267 τούτου

378 1300 686 1369 ἀσχάλλειν.
742 1302 804 1354 Ἡ
872 1301 971 1373 μὲν
1028 1302 1136 1375 γὰρ
1219 1303 1542 1376 συνάντησις
1602 1304 1680 1375 τῷ
1741 1305 1966 1376 Ἀνδρέᾳ

381 1393 570 1464 πρώτη
602 1391 914 1463 γεγένηται,
963 1395 1288 1466 μικροτέρου
1332 1396 1490 1460 ὄντος
1509 1397 1604 1450 τοῦ
1639 1398 1849 1470 Πέτρου

381 1484 558 1556 χρόνῳ
587 1483 688 1554 τῆς
719 1485 956 1554 ἡλικίας.

453 1576 718 1647 ’Ύστερον
744 1577 852 1648 γὰρ
889 1577 1067 1639 πάλιν,
1089 1579 1177 1632 ὅτε
1206 1581 1239 1651 ἡ
1278 1580 1462 1632 τελεία
1489 1580 1673 1643 αὐτοῖς
1702 1578 1971 1643 ἀπόταξις
2025 1642 2029 1646 _

380 1666 691 1735 γεγένηται,
720 1667 828 1720 ἀπὸ
866 1665 958 1719 τοῦ
1000 1668 1206 1740 Πέτρου
1261 1672 1573 1740 γεγένηται.
1619 1671 1838 1741 Ἐπειδὴ
1863 1670 1974 1740 γὰρ

382 1755 477 1807 καὶ
527 1757 688 1818 αὐτὸς
742 1758 1005 1826 ἀφηγεῖτο
1038 1757 1132 1810 τοῦ
1195 1758 1322 1811 ἰδίου
1361 1758 1615 1828 ἀδελφοῦο
1659 1761 1753 1813 καὶ
1799 1759 1973 1812 ἔτιδὲ

2059 589 2240 628 smum
2276 573 2463 626 statim
2497 572 2650 626 iliinc
2681 569 3032 634 Nazaretum,
3070 570 3148 623 uti
3176 568 3313 634 dixi,
3345 569 3653 639 proficisci-

2061 676 2171 728 tur,
2202 664 2389 734 ibique
2417 664 2538 719 sine
2563 663 2692 717 ullis
2722 661 2902 714 adhuc
2931 660 3222 730 discipulis
3259 662 3480 716 mansit.
3511 659 3650 715 IIinc

2062 758 2132 812 ad
2171 756 2442 811 Joannem
2483 755 2770 809 contendit
2806 773 2820 807 :
2855 769 2964 822 quo
3006 762 3250 822 tempore
3295 752 3492 807 Petrus
3539 754 3656 806 An—

2062 850 2206 904 dreae
2235 855 2464 903 vocatus
2492 856 2577 902 est
2605 860 2806 915 opera;
2839 853 2951 898 tum
2990 843 3295 913 Philippus,
3322 850 3376 904 et
3408 859 3503 914 per
3526 842 3658 898 Phi-

2063 942 2271 1012 lippum
2309 939 2633 994 Nathanael.
2675 935 2786 992 Nec
2832 947 2916 992 est
2950 938 3094 1006 quod
3137 938 3241 992 ista
3277 937 3658 1006 scrupulosius

2062 1033 2359 1104 exquirens
2384 1033 2597 1088 dubitet
2623 1031 2920 1102 quiSpiam,
2953 1032 3096 1100 quod
3116 1029 3390 1084 Andream
3416 1030 3654 1099 primum

2065 1125 2379 1180 occurrisse
2419 1123 2550 1178 Jesu
2593 1123 2802 1183 videat;
2855 1121 3051 1176 deinde
3114 1121 3358 1183 Petrum,
3419 1120 3510 1189 qui
3563 1134 3659 1187 per

2068 1218 2219 1270 illum
2263 1217 2335 1273 sit
2367 1222 2630 1278 vocatus;
2660 1215 2730 1268 ob
2774 1229 3005 1284 eantque
3055 1228 3277 1268 causam
3315 1218 3656 1266 succenseat.

2069 1309 2280 1363 Etenim
2327 1307 2576 1362 Andreas
2620 1308 2770 1377 prior
2827 1307 2881 1360 in
2946 1305 3234 1359 Dominum
3292 1303 3504 1367 incidit,
3550 1317 3662 1373 quo

2070 1401 2266 1458 Petrus
2293 1409 2410 1455 erat
2444 1409 2602 1454 aetate
2627 1400 2837 1469 junior.

2143 1580 2340 1636 Postea
2396 1596 2550 1647 vero,
2607 1595 2733 1635 cum
2799 1579 3048 1636 absoluta
3106 1577 3198 1631 illa
3257 1586 3516 1647 suscepta
3576 1583 3663 1631 est

2073 1675 2316 1730 omnium
2356 1690 2536 1728 rerum
2578 1657 2874 1738 abdicatio,
2926 1671 3146 1726 initium
3177 1677 3263 1724 est
3296 1685 3324 1722 a
3376 1667 3540 1723 Petro
3580 1667 3664 1721 fa-

2075 1778 2246 1823 ctum.
2281 1766 2438 1820 Tunc
2466 1768 2612 1822 enim
2649 1774 2702 1821 et
2739 1769 2857 1836 ipse
2891 1765 3050 1820 fratri
3075 1779 3186 1832 suo
3221 1763 3457 1832 prazivit.
3494 1761 3664 1816 Acce-

382 1847 524 1901 κατὰ
560 1848 736 1912 τοῦτο,
784 1849 866 1902 ὅτι
906 1849 1037 1913 Θεός
1069 1852 1216 1905 ἐστιν
1250 1851 1404 1916 εἰδὼς
1435 1854 1533 1914 τὰς
1576 1851 1799 1921 κλήσεις
1824 1853 1840 1882 ί
1867 1849 1973 1903 τῶν

2087 1860 2157 1915 alit
2186 1861 2330 1930 quod
2367 1859 2511 1915 Deus
2543 1859 2912 1913 humanorum
2956 1855 3205 1911 cordium
3246 1864 3412 1908 nutus
3439 1868 3503 1906 ac
3537 1867 3665 1922 pro-

382 1939 642 2010 καρδιῶν,
680 1939 774 1993 καὶ
811 1939 1096 2008 γινώσκων
1124 1941 1208 2004 τίς
1249 1943 1304 1994 ὲν
1345 1942 1582 2013 πρώτοις
1610 1941 1755 2008 ἄξιος
1786 1941 1975 1994 τάττε-

385 2031 527 2098 σθα.,
562 2032 653 2084 καὶ
705 2032 984 2097 ἐξελέξατο
1007 2033 1096 2086 τὸν
1160 2034 1364 2105 Πέτρον
1396 2034 1506 2104 (41)
1545 2034 1786 2105 ἀρχηγὸν
1837 2030 1976 2087 εἶναι

387 2122 495 2175 τῶν
523 2120 688 2174 αὑτοῦ
731 2121 1009 2193 μαθητῶν,
1048 2122 1124 2186 ὡς
1149 2123 1326 2194 πάντη
1358 2123 1545 2193 σαφῶς
1570 2124 1972 2178 ἀποδέδεικται.

381 2215 693 2268 Μετέπειτα
717 2215 825 2286 γὰρ
859 2215 1122 2269 ἐλθόντων
1146 2216 1328 2270 αὐτῶν
1356 2217 1488 2288 παρ’
1518 2216 1687 2286 αὐτῷ,
1719 2217 1819 2269 καὶ
1856 2232 1977 2286 μειε-

389 2306 596 2360 νάντων
645 2307 743 2379 τὴν
791 2307 1018 2379 πρώτην
1060 2308 1294 2380 ἡμέραν,
1335 2308 1409 2370 ὡς
1451 2306 1607 2378 ἔφην,
1636 2309 1703 2378 τῇ
1749 2307 1979 2377 δευτέρᾳ

384 2399 741 2464 ὁδευσάντων,
771 2402 836 2470 τῇ
878 2399 1036 2470 τρίτῃ
1082 2400 1139 2452 δὲ
1185 2399 1368 2471 ἡμέρᾳ.
1400 2399 1495 2452 τοῦ
1527 2399 1852 2470 θεοσημείου
1883 2395 1978 2451 τοῦ

387 2491 602 2560 πρώτου
631 2490 948 2560 γενομένου,
991 2491 1084 2544 καί
1123 2508 1284 2544 τινων
1314 2491 1580 2544 συνόντων
1603 2490 1773 2560 αὐτῷ,
1796 2495 1855 2542 ού
1881 2487 1977 2542 τοῦ

401 2581 677 2652 Ἀνδρέου,
709 2580 831 2634 οὔτε
861 2581 954 2634 τοῦ
992 2582 1223 2652 Πέτρου,
1272 2582 1393 2635 οὐδὲ
1423 2581 1516 2635 τοῦ
1560 2581 1830 2645 Ἰωάννου,
1858 2581 1980 2634 οὐδὲ

386 2672 480 2725 τοῦ
543 2672 820 2737 Ἰακώϐου,
858 2673 987 2744 ὲξῆς
1046 2673 1185 2745 μετὰ
1225 2675 1286 2726 τὸ
1332 2673 1508 2726 ἐλθεῖν
1548 2673 1710 2726 αὐτὸν
1757 2675 1837 2736 είς
1866 2674 1983 2726 Κα-

392 2765 705 2835 φαρναοὺμ,
738 2765 832 2818 καὶ
867 2765 1107 2818 ἀνελθεῖν
1135 2765 1296 2819 πάλιν
1327 2768 1406 2828 είς
1430 2764 1704 2836 Ναζαρὲτ,
1731 2763 1985 2817 κάκεῖθεν

393 2857 554 2910 πάλιν
595 2860 672 2920 εἰς
726 2857 1123 2930 Καφαρναοὺμ,
1181 2859 1275 2912 καὶ
1331 2858 1554 2929 ποιῆσαι
1600 2857 1764 2928 μέρος
1802 2855 1985 2908 τιτῶν

395 2951 655 3019 σημείων,
685 2950 778 3002 τοῦ
813 2952 911 3021 τὴν
943 2950 1112 3022 ξηρὰν
1161 2955 1316 3021 χεῖρα
1350 2951 1584 3022 ἔχοντος,
1619 2951 1711 3004 καὶ
1735 2949 1832 3018 τῆς
1864 2965 1989 3001 πεν-

393 3044 557 3113 θερᾶς
579 3043 785 3114 Πέτρου
814 3043 912 3115 τὴν
948 3045 1110 3106 ἴασιν,
1146 3045 1386 3098 ἀνελθεῖν
1420 3045 1581 3098 πάλιν
1610 3045 1688 3106 είς
1713 3040 1986 3111 Ναζαρὲτ,

395 3136 488 3190 καὶ
543 3135 850 3204 ἀναγνῶναι
875 3136 935 3188 τὸ
1002 3136 1201 3207 βιϐλίον
1262 3137 1484 3189 Ἡσαΐου
1511 3179 1526 3202 ,
1564 3135 1657 3189 καὶ
1713 3132 1990 3188 κατελθεῖν

396 3228 557 3282 πάλιν
614 3231 694 3292 είς
740 3229 1132 3300 Καφαρναοὺμ,
1195 3229 1284 3282 ὅτε
1332 3230 1449 3282 τότε
1502 3231 1535 3299 ἡ
1577 3228 1757 3280 τελεία
1802 3226 1991 3296 κλῆσις

397 3319 504 3373 τῶν
544 3320 673 3390 περὶ
707 3321 912 3388 Πέτρον
944 3323 1037 3375 καὶ
1063 3320 1318 3390 Ἰωάννην
1345 3320 1660 3390 γεγένηται.
1687 3317 1797 3370 Καὶ
1817 3314 1989 3377 οὕτως

399 3415 433 3484 ἡ
484 3415 635 3468 πᾶσα
694 3414 986 3467 ἀκολουθία
1036 3414 1406 3483 ἀναλογεῖται,
1453 3413 1666 3476 οὐδενὸς
1712 3409 1990 3465 ἀντιθέτου

399 3507 754 3576 ὑπάρχοντος,
792 3506 926 3559 ἀλλὰ
962 3507 1139 3578 πάσης
1177 3508 1274 3578 τῆς
1313 3505 1572 3577 ἀληθείας
1616 3499 1992 3575 τηλαυγεστόι-

399 3615 496 3667 της
523 3595 709 3668 οὔσης,
761 3599 854 3652 καὶ
887 3601 945 3651 ὲν
977 3597 1204 3670 ἀληθείᾳ
1233 3596 1673 3670 κεκηρυγμένης.
1715 3596 1849 3647 Φασὶ
1887 3593 1994 3663 γὰρ

400 3689 573 3754 οὕτως
605 3693 652 3744 οἱ
677 3691 826 3745 ἄλλοι
854 3692 964 3761 (4‘2)
1019 3692 1434 3762 εὑαγγελισταὶ,
1473 3693 1552 3744 ὅτι
1599 3691 1777 3760 φυγὰς
1817 3687 1995 3759 ᾣχετο

405 3783 512 3834 ἀπό
566 3782 861 3853 προσώπου
914 3783 1178 3857 Ἡρώδου,
1228 3785 1322 3838 καὶ
1373 3783 1510 3855 μετὰ
1557 3784 1655 3854 τὴν
1696 3782 1874 3853 φυγὴν
1903 3781 1986 3834 ὲλι

409 3873 516 3937 θὼν
567 3876 861 3946 κατέμενεν
887 3879 965 3940 εἰς
1001 3875 1273 3947 Ναζαρέτ.
1299 3877 1410 3930 Καὶ
1450 3876 1588 3946 μετὰ
1615 3875 1714 3946 τὴν
1743 3875 1996 3946 Ναζαρὲτ

2077 1953 2371 2024 pensiones
2403 1950 2812 2016 animadvertit,
2859 1965 2923 2004 ac
2965 1949 3057 2018 qui
3099 1949 3170 2003 sit
3203 1947 3382 2017 primo
3420 1947 3540 2000 loco
3569 1945 3658 2000 di-

2078 2059 2220 2115 gnus
2247 2043 2522 2112 intelligit.
2548 2042 2729 2106 Quare
2753 2040 2973 2095 Petrum
3006 2040 3407 2109 discipulorum
3436 2052 3664 2093 suorum

2077 2135 2382 2206 principem
2406 2135 2590 2204 elegit,
2619 2135 2696 2188 uti
2735 2133 3028 2204 perspicue
3059 2132 3401 2186 declaratum
3430 2142 3535 2186 est.
3563 2131 3661 2185 Se-

2079 2225 2318 2280 cundum
2345 2225 2459 2280 haec
2485 2227 2674 2290 igitur,
2707 2240 2829 2278 cum
2857 2224 2925 2278 ad
2947 2225 3230 2279 Christum
3262 2223 3338 2276 illi
3361 2223 3664 2286 venissent,
3748 2259 3756 2282 ι

2081 2334 2147 2372 ac
2174 2318 2372 2388 prima,
2407 2325 2466 2372 ut
2497 2317 2762 2378 diximus,
2800 2315 2886 2370 die
2921 2315 3270 2381 commorati,
3307 2323 3528 2384 postera
3557 2312 3670 2368 dis-

2081 2409 2420 2472 cessissent;
2453 2423 2517 2461 ac
2572 2405 2767 2461 deinde
2792 2408 2884 2461 alii
2924 2423 2983 2462 se
3009 2407 3230 2476 quidam
3267 2405 3669 2474 adjunxisscnt,

2083 2502 2150 2556 ab
2181 2501 2421 2565 Andrea,
2461 2499 2645 2563 Petro,
2686 2498 2895 2553 Joanne
2929 2514 2992 2552 ac
3021 2498 3227 2553 Jacobo
3256 2496 3462 2550 diversi
3496 2515 3507 2549 :
3542 2496 3670 2564 qui-

2085 2595 2190 2648 bus
2218 2608 2342 2647 cum
2371 2591 2757 2662 Capharnaum
2793 2591 2986 2646 abiens
3026 2590 3152 2644 inde
3186 2588 3514 2642 Nazaretum
3545 2602 3674 2656 per-

2084 2686 2246 2752 rexit,
2297 2685 2648 2754 indidemque
2695 2699 2891 2739 rursus
2943 2683 3330 2752 Capharnaum
3377 2680 3563 2742 rediit,
3609 2693 3675 2734 ac

2085 2777 2354 2830 miracula
2392 2774 2640 2846 quaedam
2690 2774 2884 2836 edidit,
2937 2772 3249 2842 cujusmodi
3294 2779 3375 2826 est
3417 2769 3676 2824 arefacta:

2088 2884 2287 2923 manus
2339 2883 2402 2922 ac
2453 2881 2646 2921 socrus
2695 2863 2843 2920 Petri
2891 2864 3126 2918 curatio.
3169 2861 3299 2917 Inde
3341 2860 3676 2915 Nazaretum

2089 2961 2269 3016 denuo
2303 2974 2580 3021 reversus,
2633 2957 2792 3012 Isaiae
2830 2956 3086 3010 volumen
3141 2953 3292 3024 legit,
3340 2961 3396 3007 et
3429 2950 3678 3020 Caphar-

2090 3067 2254 3106 naum
2291 3065 2412 3106 sese
2449 3051 2649 3104 iterum
2691 3048 2917 3118 recepit.
2975 3047 3113 3099 Tum
3169 3043 3388 3100 demum
3438 3041 3682 3114 perfecte

2095 3143 2289 3197 Petrus
2323 3141 2672 3209 Joannesque
2713 3137 2895 3192 vocati
2940 3143 3087 3191 sunt.
3119 3135 3298 3204 Atque
3335 3130 3426 3186 hic
3460 3129 3681 3184 tandem

2099 3237 2270 3290 totius
2299 3233 2540 3289 historia:
2571 3248 2744 3287 nexus
2779 3239 2885 3294 est,
2927 3243 3113 3284 secum
3150 3227 3267 3296 ipse
3297 3224 3678 3287 consentiens,

2087 3344 2190 3386 nec
2221 3327 2331 3382 ulla
2364 3335 2519 3395 parte
2549 3323 2849 3386 dissidens,
2891 3329 2950 3375 ut
2985 3329 3039 3374 et
3070 3318 3381 3373 clarissima
3412 3311 3572 3386 44],
3609 3312 3684 3367 sit

2092 3433 2371 3493 gestarum
2414 3433 2595 3472 rerum
2637 3415 2864 3478 veritas,
2900 3421 2955 3468 et
2987 3411 3294 3467 certissime
3324 3407 3681 3479 praedicatur.

2093 3515 2168 3567 lta
2207 3511 2352 3566 enim
2399 3507 2745 3579 evangelista.-
2789 3505 2976 3560 caeteri
3009 3509 3304 3562 testantur,
3347 3508 3494 3553 metu
3530 3495 3685 3550 illum

2094 3604 2325 3660 Ilerodis
2358 3603 2586 3673 fugisse,
2619 3616 2684 3656 ac
2716 3606 2842 3671 post
2879 3599 3060 3668 fugam
3092 3595 3408 3650 venientem
3455 3588 3686 3644 haesisse

2095 3681 2366 3750 Nazareti.
2395 3691 2550 3747 Unde
2574 3689 2834 3760 baptismi
2857 3703 3024 3742 causa
3051 3685 3359 3756 digressus,
3390 3688 3515 3751 post
3539 3678 3688 3732 hunc

2098 3785 2328 3843 secessit
2360 3784 2415 3838 in
2443 3783 2744 3839 desertum.
2782 3779 2990 3834 Deinde
3020 3777 3242 3833 retliens
3273 3772 3579 3845 praedicare
3602 3776 3691 3823 est

2099 3892 2416 3948 aggressus.

411 3960 589 4020 λαϐὼν
634 3967 695 4019 τὸ
745 3966 1050 4036 βάπτισμα,
1099 3965 1341 4036 ἀπῆλθεν
1383 3966 1464 4027 είς
1497 3966 1597 4037 τὴν
1629 3964 1989 4037 ἕρημον.Καὶ
2026 3968 2166 4040 μετὰ
2213 3966 2386 4019 ταῦτα
2415 3961 2723 4032 ἀνέκαμψε.
2776 3958 2933 4015 Μετά
2990 3958 3052 4012 τὸ
3117 3955 3442 4026 ἀνακάμψαι
3487 3949 3690 4029 ἤρξατο

411 4058 720 4130 κηρύττειν.

484 4153 588 4205 IH'.
622 4151 694 4203 Τὸ
715 4149 771 4201 δὲ
796 4146 1126 4216 Εὐαγγέλιον
1147 4149 1206 4201 τὸ
1230 4150 1309 4211 εἰς
1336 4147 1506 4219 ὄνομα
1536 4149 1809 4212 Ἰωάννου,
1834 4147 1987 4218 φασὶ,

413 4242 686 4313 ψεύδεται.
719 4239 873 4292 Μετά
909 4237 1018 4308 γάρ
1055 4237 1115 4290 τὸ
1141 4239 1335 4301 εἰπεῖν,
1368 4238 1450 4290 ὅτι
1493 4237 1554 4289 '0
1601 4239 1791 4306 Λόγος
1835 4237 1992 4305 σὰρξ

411 4335 668 4406 ἐγένετο,
710 4330 806 4384 καὶ
831 4330 1185 4398 ἐσκήνωσεν
1224 4331 1293 4382 ἐν
1325 4329 1490 4398 ἡμῖν,
1522 4329 1616 4382 καὶ
1645 4329 1801 4396 ὀλίγα
1835 4328 1990 4394 ἄλλα,

416 4421 575 4484 εὐθὺς
600 4420 766 4490 λέγει,
795 4421 874 4472 ὅτι
911 4419 1112 4488 Γάμος
1140 4419 1378 4489 ἐγένετο
1402 4419 1471 4471 ἐν
1493 4417 1657 4484 Κανᾷ
1693 4418 1801 4487 τῆς
1814 4421 1992 4473 Γαλι-

414 4516 611 4581 λαίας.
638 4513 747 4567 Καὶ
779 4513 838 4565 οὐ
878 4512 1182 4584 μέμνηνται
1217 4514 1264 4566 οἱ
1298 4511 1607 4584 ἀφροσύνην
1635 4514 1847 4576 ἑαυτοῖς
1873 4515 1994 4565 ἐπι-

420 4608 727 4678 σπώμενοι,
781 4606 856 4669 ὡς
914 4605 1164 4676 Ἰωάννης
1199 4605 1338 4676 μετά
1385 4606 1446 4658 τὸ
1475 4607 1664 4666 εἰπεῖν,
1711 4605 1772 4657 '0
1805 4605 1996 4672 Λόγος

418 4699 573 4767 σὰρξ
615 4697 890 4767 ἐγένετο,
937 4698 1105 4765 λέγει,
1142 4697 1240 4750 καὶ
1295 4698 1649 4763 ἐσκήνωσεν
1701 4697 1770 4749 ἐν
1817 4697 1992 4765 ἡμῖν,

417 4791 698 4843 τουτέστιν
738 4789 1027 4861 ἄνθρωπον
1067 4789 1383 4857 γεγονέναιο
1435 4789 1530 4842 καὶ
1564 4789 1645 4841 ὅτι
1692 4785 1822 4858 ἦλθε
1865 4788 1998 4861 πρὸς

422 4883 512 4935 τὸν
563 4883 819 4953 Ἰωάννην
856 4882 946 4935 τὸν
990 4881 1300 4951 Βαπτιστὴν
1347 4884 1404 4933 ὲν
1449 4879 1526 4950 τῷ
1587 4880 1858 4953 Ἰορδάνῃ,
1905 4878 1999 4932 καὶ

424 4972 725 5043 ἐϐαπτίσθη
788 4975 877 5026 ὑπ’
927 4970 1130 5034 αὐτοῦ,
1185 4971 1428 5024 Ἰωάννου
1471 4970 1566 5023 τοῦ
1613 4969 2000 5039 εὐαγγελιστοῦ

431 5066 870 5136 μαρτυροῦντος,
922 5065 1058 5134 μετά
1103 5064 1204 5135 τὴν
1247 5063 1405 5116 πάλιν
1451 5062 1709 5117 ἐπάνοδον
1759 5062 1867 5115 ἀπὸ
1909 5061 2002 5116 τοῦ

430 5155 758 5228 πειρασμοῦ,
785 5156 859 5218 ὡς
883 5155 977 5208 τοῦ
1003 5155 1308 5209 Βαπτιστοῦ
1341 5154 1588 5207 Ἰωάννου
1620 5154 1892 5222 λέγοντος,
1923 5154 2004 5207 ὃτι

502 5317 516 5346 ¹
546 5313 609 5370 F.
638 5314 866 5376 κλίσεις.

979 5313 999 5342 ²
1026 5311 1186 5366 Joan.
1225 5328 1262 5377 ι,
1301 5312 1381 5366 ,4.
1483 5311 1504 5342 ³
1537 5309 1696 5365 Joan.
1731 5327 1791 5377 ιι,
1823 5313 1872 5365 1.

503 5471 614 5538 (41)
647 5469 755 5523 Καὶ
789 5468 1110 5538 ἐξελέξατο
1146 5468 1252 5521 τὸν
1301 5468 1549 5535 Πέτρον.
1595 5465 1860 5538 Egregius
1921 5466 2011 5520 hic

435 5537 618 5606 locus;
649 5557 714 5594 ex
737 5555 844 5610 quo
874 5541 1040 5608 liquet
1062 5537 1278 5592 Petrum
1301 5539 1536 5610 Andreae
1551 5551 1628 5610 ac
1652 5537 1864 5610 caeteris
1882 5551 2013 5605 apo-

435 5612 616 5672 stolis,
652 5607 770 5664 non
793 5607 989 5672 aetatis,
1019 5619 1110 5663 aut
1137 5609 1441 5664 vocationis
1465 5607 1678 5674 ordine,
1715 5607 1810 5660 sed
1854 5610 2009 5676 prin-

437 5683 649 5751 t'IpttltIS
675 5696 737 5733 ac
764 5681 1064 5750 dignitatis,
1098 5681 1374 5751 anteponi.

511 5751 620 5820 (42)
647 5752 798 5804 Φασὶ
826 5746 934 5820 γὰρ
971 5751 1159 5816 οὕτως
1196 5746 1249 5805 ot
1279 5750 1476 5804 ἄλλοι.
1520 5748 1714 5820 Mirum
1747 5755 1830 5802 est
1864 5746 2009 5817 quod

443 5819 548 5877 hoc
577 5823 697 5878 loco
735 5819 930 5879 asserit
964 5823 1198 5900 primum
1258 5820 1528 5879 Ilcrodem
1559 5819 1784 5894 fugisse,
1819 5829 2006 5896 postea

2168 4139 2352 4197 XVIII.
2388 4140 2458 4192 At
2503 4138 2674 4204 enim,
2717 4137 2991 4206 inquiunt,
3053 4133 3284 4189 mendax
3341 4141 3427 4188 est
3481 4133 3689 4187 editum

2095 4235 2318 4290 nomine
2369 4229 2598 4286 Joannis
2639 4228 3014 4298 Evangelium.
3052 4224 3352 4296 Postquam
3392 4226 3535 4280 enim
3584 4227 3697 4290 ista

2096 4327 2270 4391 dixit,
2319 4324 2544 4379 Verbum
2582 4339 2707 4378 caro
2742 4324 2944 4390 factum
2973 4328 3089 4383 est,
3127 4328 3177 4374 et
3211 4318 3468 4372 habitavit
3503 4321 3557 4372 in
3589 4337 3685 4374 no-

2096 4417 2173 4471 bis
2208 4419 2265 4481 ¹,
2298 4416 2513 4485 aliaque
2568 4414 2832 4468 nonnulla
2859 4453 2875 4476 ,
2941 4411 3127 4466 statim
3172 4411 3359 4481 adjicit
3395 4429 3408 4465 :
3474 4410 3702 4480 Nuptiae.

2093 4511 2253 4580 facta:
2293 4517 2414 4563 sunt
2449 4509 2505 4560 in
2539 4504 2688 4562 Cana
2724 4504 2965 4559 Catilina:
3008 4504 3049 4557 ³.
3085 4501 3194 4558 Νεε
3233 4503 3548 4574 intelligunt
3577 4505 3701 4571 isti,

2095 4610 2187 4674 qui
2223 4618 2342 4657 eam
2402 4601 2504 4656 sibi
2547 4602 2692 4656 ultro
2740 4599 3014 4653 insaniam
3057 4606 3345 4652 arcessunt
3373 4636 3388 4661 ,
3419 4594 3686 4652 Joannem

2098 4703 2220 4766 post
2249 4695 2369 4749 illas
2407 4708 2605 4757 voces,
2642 4691 2710 4745 Et
2751 4690 2975 4746 Verbum
3013 4706 3136 4743 caro
3175 4689 3373 4758 factum
3410 4699 3508 4749 est,
3545 4689 3710 4742 adtli-_

2102 4788 2285 4851 disse,
2317 4798 2366 4841 et
2404 4785 2662 4840 habitavit
2695 4786 2747 4838 in
2806 4786 2995 4838 nobis:
3028 4781 3174 4853 quod
3212 4782 3352 4836 idem
3384 4789 3494 4845 est,
3532 4791 3698 4850 atque

2106 4881 2379 4935 hominem
2421 4879 2722 4935 exstitisse.
2763 4877 3029 4931 Praeterea
3086 4876 3154 4929 ad
3199 4873 3464 4929 Joannem
3516 4873 3706 4942 Bapti-.

2105 4981 2246 5028 stam
2281 4980 2335 5026 et
2371 4969 2663 5026 Jordanem
2716 4969 3020 5023 accessisse
3050 5007 3064 5031 ,
3106 4967 3175 5020 ab
3228 4980 3402 5034 eoque
3443 4964 3696 5032 baptiza-e

2111 5074 2263 5127 tum,
2299 5072 2360 5117 ut
2395 5063 2536 5118 idem
2570 5063 2659 5116 ille
2705 5061 3045 5131 evangelista
3102 5065 3536 5118 commemorat,
3573 5069 3709 5119 cum,

2111 5160 2238 5224 post
2273 5154 2421 5207 illam
2453 5152 2812 5208 tentationem
2855 5149 3206 5204 discessisset
3235 5187 3250 5212 ,
3284 5159 3408 5201 cum
3459 5155 3512 5201 et
3553 5144 3707 5208 istud

2113 5466 2477 5530 Nazaretum;
2531 5463 2660 5517 inde
2703 5460 2771 5515 ad
2825 5459 3155 5529 baptismum
3199 5454 3541 5530 accessisse.
3580 5468 3707 5520 quia

2112 5553 2290 5606 neque
2315 5551 2439 5606 cum
2464 5525 2783 5606 'Ev‘angelio,
2831 5525 3007 5606 neque
3031 5543 3154 5606 eum
3195 5525 3572 5606 superioribus
3603 5542 3694 5575 ευρ

2113 5595 2343 5662 laterent.
2375 5604 2508 5658 Nam
2543 5595 2812 5658 Herodem
2844 5595 2979 5671 fugit
3032 5599 3296 5652 duntaxat.
3325 5595 3702 5671 [insido-tnta...

2114 5693 2324 5740 necem,
2377 5691 2500 5746 qua:
2560 5665 3279 5746 Iottge__post'haptisntutn
3321 5666 3538 5721 accidit.
3572 5665 3703 5720 ’ἐκεῖ

2113 5764 2234 5819 qua:
2271 5749 2336 5803 ad
2374 5742 2527 5802 tium.
2563 5742 2778 5799 XXVIII
2808 5743 3187 5803 observamus.
