4176 6386
446 376 553 436 923

1863 392 1921 448 S.
1982 392 2324 452 EPIPIIANII

3602 396 3711 457 924

447 494 687 552 Joannes
727 494 970 566 Baptista
1002 498 1392 565 pronuntiavit.
1445 500 1547 558 Hic
1576 514 1655 561 est
1688 506 1752 560 de
1780 524 1881 577 quo
1912 509 2028 563 dixi

2143 508 2317 579 Ίῦτος
2354 514 2485 567 ἐστι
2504 554 2518 579 ,
2570 516 2703 584 περὶ
2735 510 2809 572 οὗ
2857 511 3031 570 εἶπον
3062 513 3205 586 ὑμῖν
3224 531 3239 546 ·
3290 512 3387 569 καὶ
3419 512 3602 574 πάλιν,
3629 517 3715 571 ὅτι

447 590 590 647 vobis
623 589 677 657 ¹;
712 590 874 644 item:
919 590 1039 645 Vidi
1073 590 1334 661 Spiritum
1366 606 1609 651 sanctum
1638 598 2032 654 descendentem

445 683 503 737 in
541 685 709 751 specie
743 684 1023 751 columine,
1050 694 1101 739 et
1134 698 1430 743 manentem
1462 706 1620 758 super
1650 692 1822 761 ipsum
1850 694 1870 724 ³
1894 711 1910 759 ;
1936 701 2028 747 et:

450 775 554 830 llic
584 787 661 831 est
691 778 783 847 qui
830 779 970 831 tollit
997 791 1269 847 peccatum
1302 783 1485 836 mundi
1527 783 1569 837 ³.
1623 784 2032 843 Animadvertis

447 870 617 937 igitur
648 869 782 924 nihil
822 870 891 924 ab
922 884 988 924 eo
1018 886 1115 941 per
1151 871 1485 928 oblivionem
1514 888 1639 930 esse
1672 876 2028 946 praeteritum,

448 960 543 1015 sed
581 976 645 1015 ea
683 960 947 1016 duntaxat
994 963 1186 1018 relicta
1218 1003 1235 1029 ,
1264 980 1383 1035 qua:
1408 965 1523 1037 jam
1549 966 1835 1025 Mattbaeus
1865 984 2035 1040 expo-

446 1061 652 1107 suerat.
684 1052 895 1122 Quibus
929 1069 1053 1109 cum
1100 1055 1237 1109 nihil
1267 1071 1405 1127 opus
1443 1065 1559 1112 erat
1605 1060 1840 1131 amplius
1867 1100 1881 1125 ,
1918 1068 2032 1115 tum

450 1143 636 1199 divina
671 1145 761 1198 illa
793 1145 1103 1201 adhibenda
1134 1163 1255 1212 vox,
1285 1162 1391 1218 qua
1420 1165 1610 1205 eorum
1636 1152 1873 1222 jugulari
1909 1168 2035 1220 pos-

450 1244 535 1290 set
564 1252 721 1290 error
742 1277 755 1300 ,
787 1238 880 1308 qui
911 1238 1188 1295 Christum
1230 1257 1261 1295 a
1292 1240 1461 1296 Maria
1504 1251 1739 1308 tantum,
1772 1252 1937 1315 atque
1966 1261 2033 1301 ex

449 1328 544 1383 illo
579 1330 814 1398 primum
847 1339 1092 1401 tempore
1118 1334 1462 1388 nominatum
1490 1334 1800 1404 crederent,
1831 1330 2035 1408 quique

449 1423 546 1477 Dei
573 1421 769 1478 Filium
811 1423 1016 1478 nudum
1049 1425 1325 1481 hominem
1362 1426 1534 1483 fuisse
1562 1427 1811 1484 dicerent
1832 1468 1848 1494 ,
1881 1444 2037 1484 eum-

447 1514 688 1585 demque
739 1516 907 1571 certis
960 1517 1380 1573 accessionibus
1436 1527 1491 1573 et
1554 1518 1911 1576 incrementis
1971 1535 2037 1576 eo

449 1622 802 1678 progressum
828 1649 841 1672 ,
872 1618 932 1662 ut
961 1607 1085 1663 Filii
1139 1608 1234 1665 Dei
1287 1611 1708 1681 appellationem
1741 1612 2031 1669 obtineret.

450 1699 532 1755 Ob
588 1699 642 1753 id
680 1698 919 1757 Joannes
948 1716 1068 1756 eam
1117 1702 1218 1758 sibi
1254 1712 1462 1772 partem
1496 1705 1899 1774 deposcendam
1937 1722 2038 1777 pu-

449 1794 605 1856 tavit,
633 1809 753 1864 quac
794 1795 1106 1849 necessaria
1146 1796 1441 1852 videretur.
1477 1795 1628 1852 Licet
1654 1799 1798 1852 enim
1840 1813 2037 1869 magna

448 1886 630 1939 omnia
661 1886 771 1940 sint
810 1899 874 1939 ac
912 1887 1249 1945 necessaria.
1290 1894 1471 1941 tamen
1520 1889 1576 1941 in
1616 1887 1819 1944 divinis
1855 1868 2031 1959 potis-
2064 1868 2108 1923 Β

450 1976 651 2031 simum
679 1977 1039 2047 explicandis,
1070 1994 1133 2031 ac
1167 1980 1375 2033 cmlesti
1424 1979 1514 2032 illa
1552 1980 2029 2036 administratione

2139 606 2416 677 Τεθέαμαι
2447 608 2513 661 τὸ
2539 600 2781 679 Πνεῦμα
2817 609 2885 665 τὸ
2909 609 3082 679 ἅγιον
3120 608 3478 663 καταϐαῖνον
3514 609 3585 662 ἐν
3626 609 3712 663 εῖ-

2132 694 2222 748 δει
2255 696 2630 764 περιστερᾶς,
2659 699 2758 752 καὶ
2787 698 2974 768 μένον
3008 699 3099 752 ἐπ’
3133 699 3347 753 αὐτόν·
3384 699 3498 764 καὶ,
3526 694 3715 766 Οὗτός

2132 786 2303 840 ἐστιν
2346 790 2379 841 ό
2424 789 2609 856 αἵρων
2649 790 2764 858 τὴν
2812 790 3107 860 ἁμαρτίαν
3153 791 3261 844 τοῦ
3308 794 3559 861 κόσμου.
3601 792 3713 845 Καὶ

2132 877 2287 949 ὁρᾷς,
2312 877 2393 931 ὅτι
2425 878 2577 932 οὐδὲν
2602 881 2746 933 κατὰ
2766 880 3043 952 λησμονὴν
3066 880 3357 950 ὑφηγεῖται
3376 897 3390 911 ο
3418 879 3712 950 παρέλειψε

2133 968 2191 1021 δὲ
2220 968 2288 1022 τὰ
2317 967 2394 1039 τῷ
2422 970 2685 1043 Ματθαίῳ
2708 972 3312 1043 πραγματευθέντα.οὐ
3338 970 3445 1042 γὰρ
3461 967 3529 1042 ἦν
3557 972 3715 1044 χρεία

2135 1060 2360 1114 ὲκείνων
2385 1063 2569 1115 οὐκέτι
2595 1103 2611 1128 ,
2649 1062 2786 1116 ἀλλὰ
2823 1064 2921 1134 τῆς
2956 1063 3106 1129 θείας
3151 1067 3403 1136 φράσεως
3448 1064 3580 1135 πρὸς
3623 1064 3716 1116 ἀν-

2135 1151 2388 1224 τίρρησιν
2436 1154 2546 1207 τῶν
2593 1154 2926 1225 νομιζόντων
2975 1156 3084 1210 ἀπὸ
3136 1157 3355 1228 Μαρίας
3411 1158 3506 1209 καὶ
3558 1155 3717 1227 δεῦρο
3758 1154 3759 1157 ’

2135 1244 2370 1315 Χριστὸν
2398 1245 2559 1299 αὑτὸν
2607 1246 2925 1309 καλεῖσθαι,
2964 1248 3059 1301 καὶ
3089 1248 3214 1301 Υίὸν
3260 1247 3393 1301 Θεοῦ
3435 1247 3588 1317 ψιλὸν
3620 1247 3715 1299 άν-

2138 1335 2375 1407 θρωπον,
2411 1336 2554 1391 κατά
2594 1339 2877 1409 προκοπὴν
2906 1339 2963 1392 δὲ
2996 1340 3190 1410 ήκέναι
3223 1342 3301 1403 είς
3327 1341 3389 1392 τὸ
3434 1338 3717 1393 καλεῖσθαι

2136 1429 2267 1485 Υίὸν
2293 1430 2452 1488 Θεοῦ.
2487 1432 2579 1485 Διὸ
2606 1432 2715 1485 τῶν
2743 1433 3057 1501 ἀναγκαίων
3094 1433 3462 1504 ἐπιμελεῖται·
3499 1433 3717 1485 πάντων

2140 1522 2239 1594 μὲν
2259 1517 2351 1576 οῦν
2383 1524 2637 1594 μεγάλων
2665 1525 2835 1577 ὄντων
2857 1524 2953 1579 καὶ
2974 1524 3310 1594 ἀναγκαίων,
3339 1524 3717 1595 περιττότερον

2135 1611 2193 1665 δὲ
2244 1614 2568 1684 ποιούμενος
2609 1615 2716 1669 τῶν
2747 1616 3086 1687 ἐπουρανίων
3125 1616 3222 1688 τὴν
3265 1617 3472 1671 ἄνωθεν
3514 1619 3720 1669 οίκονο-

2140 1702 2291 1775 μίαν.
2341 1704 2575 1774 Λέγουσι
2627 1707 2685 1760 δὲ
2739 1708 2801 1761 τὸ
2855 1708 2994 1762 κατὰ
3050 1710 3302 1780 Ἰωάννην
3351 1710 3715 1777 Εὑαγγέλιον,

2138 1794 2327 1866 ἐπειδὴ
2375 1796 2449 1869 μὴ
2498 1798 2568 1851 τὰ
2605 1798 2743 1852 αὐτὰ
2791 1798 2916 1870 ἔφη,
2965 1800 3243 1855 άδιάθετον
3282 1796 3452 1865 εἶναι,
3497 1803 3592 1853 καὶ
3642 1802 3719 1871 μὴ

2134 1886 2385 1961 δέχεσθαι
2407 1888 2604 1952 αὐτοὺς
2630 1889 2780 1953 αὐτὸ,
2808 1890 2949 1945 κατὰ
2972 1892 3150 1945 πάντα
3176 1891 3598 1963 πεπλανημένοι,
3625 1892 3721 1944 καὶ

2135 1980 2541 2051 τυφλώττοντες
2568 1981 2666 2053 τὴν
2692 1982 2949 2037 διάνοιαν.

449 2070 664 2126 deﬁxus
695 2080 800 2126 est.
839 2070 995 2136 Quod
1026 2072 1194 2140 igitur
1235 2070 1462 2127 Joannis
1495 2072 1847 2143 Evangelium
1910 2074 1983 2129 ob
2039 2074 2095 2130 id
2139 2089 2169 2129 a
2223 2073 2377 2129 Novo
2436 2073 2791 2129 Testamento
2852 2076 3181 2146 repudiant,
3239 2091 3339 2129 nec
3404 2073 3718 2139 admittunt,

448 2163 595 2221 ouod
624 2178 729 2218 non
764 2180 885 2219 cum
918 2165 1040 2217 aliis
1076 2163 1219 2217 haud
1254 2165 1390 2220 satis
1424 2166 1735 2219 consentiat
1763 2204 1779 2230 ,
1822 2180 2040 2220 summo
2082 2165 2137 2220 in
2167 2180 2376 2231 errore,
2409 2181 2473 2219 ac
2503 2166 2700 2220 mentis
2736 2169 2977 2221 excitate
3006 2176 3312 2221 versantur.

518 2254 662 2309 XIX.
697 2254 907 2310 Etenim
936 2256 1322 2311 sanctissimus
1358 2256 1446 2311 hic
1472 2258 1805 2327 evangelista
1841 2258 2036 2314 ordine

449 2363 516 2404 ac
554 2349 907 2404 successione
943 2357 1213 2419 quartus,
1250 2363 1315 2402 ac
1368 2349 1585 2403 tametsi
1642 2350 1852 2417 primus
1890 2358 2037 2405 esset

447 2441 718 2505 omnium,
761 2440 1039 2496 scribendi
1063 2450 1240 2495 tamen
1274 2449 1520 2510 tempore
1551 2449 1879 2510 postremus,
1914 2458 2037 2511 quae

450 2543 579 2591 ante
617 2550 678 2590 se
730 2535 992 2605 praeclare
1020 2541 1176 2590 erant
1227 2533 1457 2587 aliorum
1491 2548 1657 2603 opera
1695 2533 1905 2605 digesta
1952 2551 2039 2590 re-

448 2635 636 2699 petere
662 2627 865 2694 noluit;
900 2627 997 2691 sed
1038 2632 1164 2681 ante
1206 2640 1418 2695 tau-quat
1447 2625 1561 2695 jam
1606 2624 1753 2695 dicta
1795 2626 2033 2691 fuerant,

449 2735 573 2790 quae
606 2734 715 2774 non
766 2727 926 2775 erant
962 2719 1108 2773 dicta
1148 2717 1455 2788 proposuit.
1498 2716 1789 2773 Matthazus
1814 2718 2034 2789 quidem

452 2816 522 2868 ab
556 2813 871 2869 Abrahamo
922 2814 1201 2869 scribendi
1241 2813 1398 2867 initio
1429 2812 1575 2867 facto
1599 2853 1614 2878 ,
1655 2821 1779 2883 post
1813 2814 2038 2867 incuna-

449 2907 577 2963 rula
600 2906 829 2968 Christi.
865 2914 919 2959 et
946 2907 1177 2960 alterum
1212 2921 1242 2958 a
1270 2904 1437 2959 natali
1473 2904 1594 2972 ejus
1628 2918 1832 2959 annum
1871 2902 2033 2975 442

452 2999 826 3055 narrationem
878 2998 1137 3067 pertexit.
1187 2996 1405 3052 Marcus
1452 3012 1579 3051 vero
1613 2997 1682 3051 ab
1716 3012 1806 3052 an.
1843 3013 1911 3050 xv
1941 2995 2036 3050 Ti-

450 3088 587 3145 berii
612 3132 626 3153 ,
669 3090 1107 3160 circumscriptis
1147 3090 1309 3145 medii
1339 3090 1605 3160 temporis
1643 3090 1810 3144 rebus
1842 3088 2035 3159 gestis,

451 3198 686 3239 exorsus
718 3190 822 3237 est.
888 3183 958 3235 At
1002 3181 1180 3237 Lucas
1228 3182 1390 3238 altius
1434 3182 1539 3237 ista
1580 3190 1834 3251 repetens
1867 3180 1937 3235 ab
1973 3194 2039 3235 eo

453 3288 700 3349 tempore
730 3279 937 3348 coepit,
974 3278 1118 3349 quod
1160 3278 1367 3334 Christi
1401 3287 1581 3333 ortum
1615 3277 1943 3343 antecessit;
1984 3281 2040 3331 et

454 3380 564 3425 tam
605 3371 805 3437 hujus,
862 3386 1027 3441 quam
1059 3370 1288 3425 Joannis
1336 3372 1391 3424 in
1433 3369 1616 3425 Mariae
1667 3377 1832 3439 atque
1869 3367 2040 3423 Elisa-

453 3460 582 3515 beth
634 3469 789 3513 utero
838 3468 1162 3529 conceptum
1222 3461 1494 3529 exposuit.
1536 3459 1775 3513 Joannes
1806 3456 2040 3527 denique

455 3561 766 3620 postremus
795 3551 1061 3605 accedens
1096 3551 1366 3606 altissime
1389 3550 1636 3606 omnium
1667 3550 2039 3603 narrationem

452 3640 709 3705 arcessit,
746 3648 802 3695 et
832 3656 952 3711 quae
980 3641 1183 3695 Christi
1212 3640 1543 3710 temporaria
1575 3640 1666 3693 illa
1690 3639 2040 3709 generatione

454 3732 637 3801 priora
671 3739 821 3797 sunt,
861 3732 1107 3787 stabilire
1151 3747 1213 3785 ac
1262 3732 1476 3786 munire
1522 3731 1781 3785 instituit.
1816 3728 2043 3801 Spirita-

455 3825 526 3878 lia
559 3824 705 3879 enim
750 3824 920 3879 ferme
975 3836 1135 3888 sunt,
1171 3841 1293 3895 qua:
1325 3825 1414 3879 ille
1461 3824 1739 3879 memoriae
1771 3838 2043 3877 commen-

454 3917 638 3980 davit,
687 3930 811 3970 eum
864 3932 986 3985 qua:
1021 3914 1087 3968 ad
1134 3931 1335 3985 corpus
1367 3914 1664 3969 attinerent
1703 3913 1919 3968 abunde
1951 3928 2041 3969 es-

454 4016 578 4064 sent
643 4008 875 4062 aliorum
944 4008 1166 4077 scriptis
1233 4008 1612 4062 corroborata.
1674 4004 2042 4073 Quamobrem

454 4102 755 4173 spiritalem
789 4101 856 4155 de
885 4100 1071 4155 divino
1112 4102 1203 4154 illo
1241 4100 1388 4155 dono
1435 4098 1809 4154 narrationem
1847 4114 2045 4171 aggre-

453 4195 635 4259 ditur,
675 4193 822 4264 quod
866 4193 1020 4248 initio
1050 4208 1249 4249 carens
1298 4190 1449 4247 omni
1505 4190 1574 4244 ab
1612 4190 1821 4245 caelesti
1857 4190 1913 4244 in
1943 4205 2044 4245 nos

453 4283 617 4340 Patre
674 4284 1014 4341 transfusum
1054 4291 1179 4349 est,
1236 4292 1291 4340 et
1328 4284 1396 4339 de
1458 4280 1625 4353 hujus
1689 4281 1924 4337 consilio
1980 4295 2046 4335 ac

2209 2259 2311 2313 18'.
2356 2258 2628 2329 Τέταρτος
2661 2258 2768 2329 γὰρ
2813 2262 2952 2312 κατὰ
2985 2259 3235 2329 διαδοχὴν
3277 2258 3447 2312 ἐλθὼν
3478 2260 3506 2313 ὁ
3543 2261 3723 2330 μακά-

2143 2368 2277 2423 ριος,
2306 2350 2522 2421 πρῶτος
2555 2350 2652 2421 μὲν
2685 2350 2781 2413 ὢν,
2811 2348 3037 2420 ὕστερος
3068 2351 3124 2403 δὲ
3156 2353 3269 2414 τοῖς
3295 2351 3469 2404 ἔτεσιν
3492 2354 3726 2421 εὐαγγε-

2138 2442 2429 2512 λισάμενος
2459 2441 2528 2493 τά
2556 2440 2660 2512 πρὸ
2689 2439 2853 2493 αὑτοῦ
2893 2439 3076 2503 καλῶς
3100 2442 3427 2511 τεταγμένα,
3464 2443 3562 2494 οὐκ
3592 2445 3723 2513 ἐμε-

2144 2535 2403 2607 ρίμνησεν
2444 2534 2734 2587 ἐκθέσθαι·
2788 2534 2923 2587 ἀλλά
2966 2534 3341 2604 προλαμϐάνει
3388 2536 3498 2588 τῶν
3533 2537 3723 2607 ρηθέν-

2144 2644 2253 2680 των
2297 2625 2366 2679 τὰ
2411 2625 2486 2697 μὴ
2527 2625 2781 2696 ρηθέντα.
2829 2627 2885 2679 Ὀ
2919 2625 3199 2689 Ματθαῖος
3228 2626 3335 2697 γὰρ
3366 2626 3591 2696 ἄρχεται
3616 2628 3725 2681 ἀπὸ

2157 2718 2436 2789 ’Δὸραάμο
2473 2718 2612 2788 μετὰ
2650 2717 2708 2771 δὲ
2732 2717 2831 2789 τὴν
2859 2718 3052 2789 ἀρχὴν,
3085 2718 3179 2771 καὶ
3215 2719 3352 2788 μετὰ
3378 2718 3470 2770 δύο
3499 2719 3592 2789 ἔτη
3625 2719 3726 2789 τῆς

2143 2812 2470 2881 γεννήσεως,
2506 2809 2670 2863 πάλιν
2696 2813 2929 2863 ποιεῖται
2959 2811 3058 2881 τὴν
3089 2811 3383 2881 ὑφήγησιν.
3412 2812 3638 2882 Μάρκος
3667 2811 3725 2864 δὲ

2143 2899 2371 2970 ἄρχεται
2402 2900 2511 2953 ἀπὸ
2535 2900 3018 2955 πεντεκαιδεκάτου
3059 2900 3210 2965 ἔτους
3245 2901 3531 2973 Τιϐερίουδ
3562 2901 3726 2972 μεσό-

2142 3010 2282 3063 τητα
2312 2992 2419 3045 τῶν
2452 2992 2590 3063 μετὰ
2613 2992 2710 3064 τήν
2739 2994 2932 3065 ἀρχήν.
2963 2995 3177 3057 Λουκᾶς
3203 2993 3259 3047 δὲ
3288 2995 3461 3065 ἀρχὴν
3493 2996 3597 3067 πρὸ
3626 2995 3726 3065 τῆς

2144 3086 2317 3157 ἀρχῆς
2347 3086 2620 3156 ἐπήνεγκε
2649 3087 2747 3156 τὴν
2774 3086 2880 3158 πρὸ
2908 3086 3007 3157 τῆς
3030 3088 3334 3157 γεννήσεως
3364 3090 3421 3140 ὲν
3449 3091 3513 3159 τῇ
3537 3088 3729 3161 συλλή-

2144 3178 2235 3249 ψει
2257 3178 2357 3248 τῆς
2377 3179 2613 3249 γαστρὸς
2634 3179 2855 3250 Μαρίας
2882 3180 2975 3231 καὶ
2998 3178 3100 3249 τῆς
3123 3179 3402 3233 Ἐλισάϐετ
3420 3185 3723 3250 γεγονυῖαν.

2159 3259 2413 3344 Ἰωάννης
2459 3272 2515 3325 δὲ
2550 3274 2630 3326 ἔτι
2667 3274 2952 3345 πρότερον,
2994 3274 3219 3346 ὕστερος
3251 3274 3439 3340 ἐλθὼν,
3478 3278 3729 3343 ὲπασφας-

2149 3363 2355 3427 λίζεται
2401 3365 2499 3435 τὴν
2536 3364 2643 3438 πρὸ
2684 3367 2786 3436 τῆς
2822 3368 3088 3439 ὲνσάρκου
3121 3369 3422 3440 παρουσίας
3463 3386 3729 3440 πραγμα-

2147 3455 2318 3509 τείαν.
2373 3456 2729 3527 Πνευματικὰ
2774 3459 2882 3527 γὰρ
2924 3455 2991 3530 ἦν
3034 3459 3103 3512 τὰ
3149 3459 3377 3514 πλεῖστα
3426 3462 3516 3513 ὑπ’
3562 3460 3729 3514 αὐτοῦ

2148 3544 2438 3616 λεγόμενα,
2476 3547 2583 3601 τῶν
2619 3547 2903 3618 σαρκικῶν
2931 3549 3031 3619 ήδη
3069 3550 3602 3621 ὲπασφαλισθέντων.
3638 3550 3731 3603 At?)

2151 3637 2536 3708 πνευματικῶς
2574 3638 2674 3708 τὴν
2710 3640 2982 3710 ὑφήγησιν
3009 3643 3243 3694 ποιεῖται
3270 3643 3367 3711 τῆς
3390 3641 3596 3695 ἄνωθεν
3623 3642 3731 3696 ἀπὸ

2147 3730 2362 3800 Πατρὺς
2390 3731 2627 3801 ἀνάρχου
2669 3730 2880 3803 δωρεᾶς
2910 3734 3044 3802 ἡμῖν
3078 3731 3361 3804 ἐλθούσης,
3398 3733 3541 3787 κατὰ
3583 3733 3731 3786 εὐδο-

2146 3822 2273 3875 κίαν
2312 3822 2525 3893 Πατρὸς
2558 3825 2616 3876 ὲν
2642 3826 2708 3894 τῇ
2737 3824 2869 3895 ἁγίᾳ
2904 3824 3185 3895 Παρθένῳ,
3220 3825 3277 3877 ὲν
3317 3826 3499 3896 μήτρᾳ
3528 3824 3733 3895 παρθε-

2146 3916 2271 3983 νικῇ
2309 3914 2774 3987 οίκονομηθείσης.
2808 3916 2918 3970 Καὶ
2964 3918 3013 3969 οί
3047 3917 3222 3970 λοιποὶ
3255 3917 3332 3981 δὲ,
3374 3917 3442 3969 τά
3479 3919 3571 3971 [σα
3605 3916 3735 3969 τοὺ-

2146 4023 2261 4069 τοις
2292 4004 2598 4076 συμφώνως
2623 4008 2891 4071 εἰπόντες,
2913 4003 2987 4061 ὧν
3012 4003 3080 4077 ἦν
3110 4009 3269 4081 χρεία
3301 4008 3730 4080 ἐπεμελήσαντο.

2162 4099 2220 4151 '0
2243 4098 2299 4151 δὲ
2346 4099 2598 4169 Ἰωάννης
2633 4100 2727 4153 καὶ
2762 4100 2860 4170 τὴν
2912 4101 3169 4172 πρόθεσιν
3192 4100 3324 4172 (45),
3356 4102 3443 4154 ἵνα
3477 4101 3581 4155 ἀπὸ
3610 4119 3734 4154 τεσο

2146 4189 2329 4261 σάρων
2359 4190 2760 4259 εὐαγγελιστῶν
2786 4192 2882 4261 τὴν
2926 4194 3107 4246 πᾶσαν
3157 4194 3297 4246 κατά
3323 4210 3383 4245 τε
3419 4194 3518 4265 τὴν
3554 4194 3733 4266 σάρκα

2144 4281 2401 4335 καὶκατὰ
2423 4282 2522 4353 τὴν
2557 4281 2790 4353 θεότητα
2819 4284 3107 4354 ἀκρίϐειαν
3142 4286 3528 4356 κατάσχωμεν.

452 4380 732 4435 voluntate
770 4381 823 4433 in
862 4381 924 4434 B.
984 4379 1263 4451 Virginem
1306 4380 1562 4450 illapsum
1594 4418 1608 4444 ,
1643 4385 1808 4448 atque
1846 4377 1902 4431 in
1964 4377 2211 4449 virgineo
2280 4377 2400 4448 ejus
2441 4378 2651 4449 gremio
2706 4394 2831 4434 cum
2885 4395 3052 4435 carne
3100 4382 3477 4452 eonjunetum.
3535 4383 3733 4437 Caeteri

454 4490 621 4544 porro
656 4476 728 4530 ita
760 4475 955 4529 iisdem
988 4476 1097 4529 illis
1135 4484 1508 4531 consentanea
1541 4474 1835 4540 dixerunt,
1886 4482 1946 4527 ut
2007 4472 2083 4536 id,
2142 4474 2290 4542 quod
2342 4482 2462 4528 erat
2494 4489 2751 4537 necesse,
2793 4477 3141 4545 potissimum
3190 4486 3522 4548 spectarent.
3566 4478 3737 4534 Joan-

454 4587 554 4627 nes
585 4586 715 4626 vero
747 4572 898 4641 ejus,
950 4572 1094 4641 quod
1153 4572 1258 4627 sibi
1314 4577 1713 4642 proposuerat,
1770 4571 2040 4625 rationem
2069 4569 2281 4624 habuit.
2323 4567 2402 4623 lta
2459 4568 2517 4623 ﬁt
2578 4578 2637 4624 ut
2667 4585 2733 4625 ex
2768 4586 2821 4625 tv
2879 4570 3189 4641 Evangeliis
3247 4586 3440 4627 eorum
3486 4587 3609 4641 qua:
3664 4575 3735 4629 ad

453 4663 661 4718 Christi
694 4678 917 4717 carnem
961 4673 1015 4717 et
1069 4664 1136 4717 ad
1176 4664 1518 4719 divinitatem
1566 4664 1803 4719 attinent
1827 4704 1843 4729 ,
1884 4668 2144 4716 accurata
2173 4660 2335 4716 nobis
2367 4661 2573 4715 veritas
2605 4676 2669 4716 ac
2695 4661 3005 4717 certissima
3039 4669 3254 4716 constet

524 4752 642 4807 XX.
683 4752 895 4834 Etenim
955 4763 1069 4810 toto
1135 4755 1225 4809 illo
1288 4754 1545 4825 baptismi
1607 4754 2039 4824 tentationisque

2215 4749 2301 4806 K'.
2344 4750 2752 4805 Τελειωθέντων
2796 4750 2905 4823 γὰρ
2947 4751 3054 4805 τῶν
3092 4756 3310 4806 πάντων
3343 4752 3452 4807 τῶν
3485 4752 3630 4806 κατά
3672 4755 3738 4808 τὸ

454 4846 674 4914 negotio
710 4846 1033 4915 perfunctus
1064 4850 1240 4912 venit,
1282 4865 1345 4903 ac
1388 4849 1678 4921 discipulis
1734 4849 2036 4920 adjunetis,

454 4937 691 5006 primum
742 4936 877 4991 illud
931 4936 983 4990 in
1030 4937 1179 4991 Cana
1220 4937 1454 4995 Galilaaaa
1506 4941 1835 4996 miraculum
1892 4942 2040 5006 fecit,

454 5029 615 5083 tertia
650 5045 812 5099 quam
844 5030 1145 5100 praedicare
1173 5041 1414 5103 emperat
1444 5033 1551 5087 die.
1594 5032 1712 5088 Non
1740 5036 1885 5090 enim
1918 5046 2045 5090 ante

454 5121 813 5177 tentationem
850 5120 1102 5177 Christus
1161 5122 1367 5192 nuptiis
1430 5123 1746 5180 interfuisse
1795 5126 2041 5190 dicitur;

455 5225 558 5265 nec
610 5212 779 5264 ullum
830 5213 1055 5267 omnino
1113 5214 1420 5285 prodigium
1472 5226 1596 5270 ante
1648 5216 1779 5270 illttd
1830 5224 2046 5283 tempus

455 5302 647 5367 edidit,
683 5304 789 5359 nisi
827 5304 872 5358 si
904 5320 1025 5374 quae
1068 5304 1257 5361 forsan
1294 5305 1502 5359 Iudicia
1538 5306 1735 5363 fecisse
1771 5308 1825 5363 in
1854 5310 2040 5378 pueri-

455 5397 534 5453 tia
571 5396 795 5462 dicitur,
827 5398 975 5468 quod
1011 5413 1040 5452 a
1072 5400 1352 5454 nonnullis
1384 5399 1641 5453 alﬁrmari
1666 5401 1846 5455 video.
1876 5401 2043 5470 Atqui

457 5492 724 5545 nonnulla
766 5492 993 5563 puerilis
1032 5492 1208 5546 aetatis
1244 5499 1560 5559 argumenta
1606 5492 1849 5561 przebere
1887 5492 2040 5546 illum

2148 4845 2431 4916 βάπτισμα
2492 4845 2587 4898 καὶ
2632 4846 2771 4898 κατὰ
2823 4845 2915 4897 τὸν
2958 4844 3261 4917 πειρασμὸν
3317 4845 3517 4911 αὐτοῦ,
3571 4848 3737 4911 εὐθὺς

2150 4937 2396 5001 ἐλθόντος
2430 4938 2524 4991 καὶ
2568 4936 3077 5008 συμπαρειληφότος
3113 4938 3239 5000 τοὺς
3275 4938 3545 5009 μαθητὰς,
3576 4938 3738 4992 τοῦτο

2150 5030 2365 5101 πρῶτον
2396 5030 2620 5100 σημεῖον
2652 5028 2919 5098 πεποίηκε
2948 5031 3015 5099 τῇ
3042 5028 3201 5101 τρίτῃ
3230 5031 3415 5101 ἡμέρᾳ
3442 5030 3535 5082 τοῦ
3565 5030 3737 5101 κηρό-

2149 5140 2357 5193 γματος
2388 5124 2444 5175 ἐν
2484 5122 2641 5193 Κανᾷ
2684 5121 2784 5190 τῆς
2830 5121 3139 5185 Γαλιλαίας.
3176 5120 3313 5175 Οῦτε
3346 5122 3452 5193 γὰρ
3495 5123 3601 5194 πρὸ
3640 5122 3736 5176 τοῦ

2152 5214 2458 5286 πειρασμοῦ
2522 5216 2580 5266 ὲν
2626 5215 2790 5284 γάμῳ
2833 5215 3031 5282 φάσκει
3090 5215 3181 5267 τὸν
3220 5216 3456 5285 Χριστὸν
3508 5217 3733 5285 ήκὲναι·

2150 5308 2210 5360 οὺ
2240 5307 2349 5378 γὰρ
2383 5306 2518 5369 ὅλως
2547 5323 2600 5359 τι
2624 5304 2733 5357 τῶν
2763 5305 3099 5377 θεοσημείων
3129 5306 3222 5359 καὶ
3254 5305 3348 5359 τοῦ
3381 5306 3738 5378 κηρύγματος

2151 5401 2258 5471 πρὸ
2290 5398 2384 5453 τοῦ
2420 5396 2728 5470 πειρασμοῦ
2754 5400 2782 5451 ὁ
2822 5397 3055 5470 Χριστὸς
3086 5399 3398 5471 είργάσατο,
3432 5402 3481 5453 εί
3512 5402 3586 5471 μή
3619 5417 3671 5451 τι
3700 5398 3741 5452 ἃ.

2150 5492 2332 5562 ᾄδεται
2370 5492 2497 5563 περὶ
2518 5489 2682 5546 αὑτοῦ
2716 5491 2774 5545 ἐν
2803 5491 2956 5549 παιδὶ
2995 5491 3377 5563 πεποιηκέναι,
3408 5490 3484 5553 ὡς
3517 5492 3575 5544 ἐν
3602 5507 3704 5544 παι

531 5669 549 5702 ¹
574 5667 731 5725 Joan.
761 5684 825 5736 tt,
866 5671 955 5725 50.
1032 5670 1052 5701 ⁸
1094 5670 1225 5726 ibid.
1253 5670 1338 5725 32.
1418 5670 1439 5701 ³
1468 5669 1599 5726 ibid.
1629 5669 1720 5726 29.
1801 5670 1821 5703 ⁸
1846 5670 2266 5728 Mutiluslocus.

535 5826 651 5897 (45)
692 5829 742 5883 '0
795 5830 861 5883 δὲ
925 5830 1196 5901 Ἰωάννης
1237 5834 1329 5887 καὶ
1379 5832 1490 5903 τὴν
1533 5834 1839 5904 πρόθεσιν.
1912 5835 1975 5894 F.
2018 5834 2159 5890 κατὰ
2190 5835 2286 5908 τήν
2329 5835 2603 5907 πρόθεσιν.
