4176 6386
432 359 538 422 925

1142 358 1513 417 ADVERSUS
1552 359 1897 417 HxERESES
1936 359 2064 414 LIB.
2106 359 2169 415 ll.
2209 360 2374 418 ΤΟΜ.
2412 361 2450 418 l.
2483 393 2552 403 -—
2581 361 2860 418 llAERES.
2902 362 2991 420 LI.

3603 358 3708 416 926

430 483 586 552 γνίῳ,
614 479 688 543 ὦς
730 497 874 543 τινες
920 480 1208 548 φάσκουσιὶ
1246 483 1355 535 Καὶ
1398 484 1503 537 ἔδει
1525 483 1603 555 τῷ
1638 486 1735 554 μὲν
1768 485 1882 537 ὄντι
1929 485 1999 537 κα

2125 485 2408 555 oportuit,
2442 500 2511 539 ne
2559 499 2667 555 qua
2707 484 3010 540 hmresibus
3057 484 3178 539 aliis
3210 481 3427 539 occasio
3454 480 3705 543 daretur,
3764 551 3770 559 .

430 571 735 644 παιδαρικά
765 572 925 626 αὐτὸν
950 571 1113 642 ἔχειν,
1146 573 1231 625 ἵνα
1256 574 1330 645 μὴ
1358 575 1631 645 πρόφασις
1653 576 1876 647 γένηται
1897 579 2017 640 ταῖς

431 664 622 728 ἄλλαις
671 664 948 735 αἱρέσεσι,
983 667 1103 728 ταῖς
1148 665 1467 734 λεγούσαις,
1504 669 1583 722 ὅτι
1612 669 1719 721 ἀπὸ
1754 669 1848 722 τοῦ
1886 670 2018 740 Ἰορ-

430 757 590 811 δάνου
624 753 755 829 ἦλθε
788 757 1023 828 Χριστὸς
1059 760 1141 821 εἰς
1180 759 1364 823 αὑτὸν,
1398 761 1536 832 ὅπερ
1586 761 1737 814 ἐστὶν
1781 762 1815 832 ἡ
1860 778 2017 832 περι-

433 850 621 922 στερά.
652 851 743 902 Διὸ
772 850 866 902 καὶ
898 851 955 902 ὲν
980 849 1058 920 τῷ
1085 850 1369 923 δωδεκάτῳ
1395 852 1504 905 ἔτει
1530 853 1716 922 σαφῶς
1747 854 2015 907 δείκνυσιν

432 945 461 996 6
480 943 713 1006 Λουκᾶς,
743 942 825 995 ὅτι
856 941 1377 1015 προσδιαλεγόμενος
1411 948 1523 1008 τοῖς
1554 945 1757 1017 ἱερεῦσι
1780 947 1872 999 καὶ
1902 948 2015 1008 τοῖς

433 1036 849 1107 πρεσϐυτέροις,
880 1036 984 1107 ἔφη
1013 1039 1078 1108 τῇ
1109 1038 1319 1109 Μαρίᾳ,
1343 1040 1425 1092 ὅτι
1445 1041 1565 1093 Οὐκ
1593 1040 1804 1109 ᾔδειτε,
1831 1040 1919 1094 ὅτι
1943 1041 2015 1094 ἐν

430 1128 555 1194 τοῖς
588 1126 694 1182 τοῦ
744 1127 975 1196 Πατρός
1012 1147 1131 1198 μου
1169 1128 1266 1183 δεῖ
1304 1149 1380 1200 με
1417 1128 1605 1195 sirm;
1644 1132 1731 1185 ἵνα
1778 1132 1920 1205 πέσῃ
1983 1134 2013 1186 6

430 1218 587 1289 λόγος
614 1218 723 1273 τῶν
755 1218 1041 1288 λεγόντων,
1070 1222 1152 1274 ὅτι
1193 1222 1300 1276 ἀπὸ
1334 1222 1427 1275 τοῦ
1466 1224 1658 1294 χρόνου
1692 1223 1787 1277 τοῦ
1816 1224 2011 1294 βαπτί-

430 1328 637 1382 σματος
679 1311 882 1384 κατέϐη
927 1313 1008 1376 είς
1046 1313 1208 1367 αὑτὸν
1246 1314 1307 1367 τὸ
1350 1315 1575 1386 Πνεῦμα
1610 1317 1671 1369 τὸ
1705 1317 1880 1385 ἅγιον,
1916 1317 2011 1370 καὶ

431 1403 617 1472 σαφῶς
644 1404 883 1475 γνωσθῇ,
916 1405 998 1458 ὃτι
1028 1404 1233 1459 ἄνωθεν
1262 1406 1605 1478 ἐπεδήμησεν
1633 1409 1661 1460 ὁ
1691 1409 1884 1477 Λόγος,
1914 1411 2010 1461 καὶ

426 1493 717 1567 ὲσαρκώθη
746 1494 854 1547 ἀπὸ
876 1494 1115 1567 Μαρίας,
1145 1496 1241 1550 καὶ
1267 1497 1324 1548 ἐν
1352 1496 1430 1568 τῷ
1466 1498 1706 1571 Ἰορδάνῃ
1742 1500 2009 1570 κατῆλθεν

427 1582 514 1635 ἐπ’
550 1581 713 1635 αὐτὸν
748 1582 810 1635 τὸ
842 1582 1066 1654 Πνεῦμα
1088 1600 1100 1613 ·
1134 1584 1223 1639 ἵνα
1252 1589 1471 1658 σημανῇ
1511 1587 1596 1650 τίς
1632 1590 1777 1644 ἐστιν
1809 1591 1837 1643 6
1864 1609 2007 1663 μαρ-

425 1676 757 1747 τυρούμενος
802 1676 911 1729 ἀπὸ
950 1675 1044 1729 τοῦ
1096 1677 1345 1749 Πατρός,
1396 1680 1478 1733 ὅτι
1533 1675 1721 1749 Οὗτός
1765 1682 1937 1737 ἐστιν
1975 1688 2008 1738 ό

435 1768 569 1834 Υἱός
602 1786 722 1838 μου
774 1771 808 1822 ό
848 1769 1186 1839 ἀγαπητός-
1229 1772 1415 1826 αὑτοῦ
1468 1772 1742 1828 ἀκούετε⁸
1780 1777 1873 1829 καὶ
1921 1777 2007 1831 ἵνα

425 1858 651 1930 ’γένηται
699 1858 860 1913 τοῦτο
912 1860 1216 1932 ὑπόδειγμα
1262 1866 1374 1927 τοῖς
1424 1864 1706 1935 μέλλουσιν
1747 1869 1804 1920 ὲν
1857 1869 2008 1939 αὑτῷ

424 1957 776 2025 φωτίζεσθαι,
806 1960 888 2013 ὅτι
938 1961 1439 2033 καταξιωθήσονται
1483 1961 1801 2032 Πνεύματος
1849 1962 2005 2029 ἁγίου

422 2049 484 2101 ἐν
511 2049 588 2121 τῷ
620 2049 829 2123 λουτρῷ
863 2052 963 2123 τῆς
1009 2053 1239 2123 δωρεᾶς,
1278 2055 1372 2107 καὶ
1412 2055 1660 2127 ἀφέσεως
1697 2056 2004 2127 ἁμαρτιῶν,

422 2139 644 2213 χάριτος
670 2142 771 2214 τῆς
795 2144 886 2197 ὑπ’
914 2144 1079 2199 αὐτοῦ
1100 2145 1365 2217 δοθείσης.

488 2408 620 2464 KA'.
670 2410 897 2481 Ἀφότου
930 2410 987 2465 δὲ
1029 2411 1099 2467 τὰ
1147 2410 1325 2465 τέλεια
1357 2410 1559 2482 ἤρξατο
1603 2413 1777 2466 ποιεῖν
1817 2410 2005 2484 θεοσή-

422 2522 553 2575 μεια
582 2505 639 2557 ὲν
674 2502 753 2575 τῷ
788 2503 966 2575 καιρῷ
1001 2502 1096 2556 τοῦ
1137 2502 1516 2574 κηρύγματος,
1552 2502 1731 2558 Τοῦτο
1770 2504 2007 2572 πρῶτον

418 2596 672 2665 σημεῖον
706 2596 1007 2664 ἐποίησεν
1034 2597 1066 2650 ό
1100 2595 1363 2664 Ἰησοῦς,
1391 2596 1574 2666 φησὶν,
1603 2595 1674 2649 ἐν
1702 2593 1868 2663 Κανᾷ
1894 2595 2005 2665 τῆς

416 2686 755 2754 Γαλιλαίας
774 2705 788 2718 ·
811 2687 931 2759 οὐχὶ
964 2687 1072 2759 πρὸ
1091 2686 1185 2741 τοῦ
1217 2680 1613 2758 βαπτίσματος,
1640 2688 1717 2751 ὡς
1744 2687 2005 2752 πολλάκις

417 2779 573 2850 ἔφην,
619 2779 733 2833 ἀλλ’
776 2780 865 2833 ὅτε
898 2779 1216 2849 ἀνέκαμψεν
1268 2779 1377 2833 ἀπὸ
1419 2778 1514 2831 τοῦ
1560 2777 1904 2851 πειρασμοῦ,
1934 2781 2001 2850 τῇ

415 2872 572 2942 τρίτῃ
606 2871 791 2943 ἡμέρα
821 2871 960 2942 μετά
982 2871 1081 2935 τὰς
1100 2871 1213 2934 δύο,
1237 2871 1415 2943 ἇσπερ
1445 2870 1667 2941 ἔμειναν
1696 2872 1827 2942 παρ’
1855 2870 2003 2942 αύτῷ

413 2964 466 3016 oi
499 2963 591 3017 δύο
619 2965 861 3035 μαθηταὶ
879 2963 973 3018 τοῦ
1009 2964 1276 3027 Ἰωάννου,
1298 2966 1346 3017 οἱ
1373 2964 1725 3029 ἀκούσαντες,
1752 2964 1845 3029 καὶ
1868 2964 2001 3017 ἀκο-

416 3055 780 3127 λουθήσαντες
814 3056 984 3128 αὐτῷ.
1022 3057 1110 3120 Ὠς
1136 3057 1299 3120 εὐθὺς
1332 3055 1472 3127 μετὰ
1504 3056 1603 3120 τὰς
1633 3056 1727 3110 δύο
1762 3057 1995 3129 ἡμέρας,

2121 592 2244 647 qua:
2303 575 2581 633 Christum
2641 577 2710 630 ad
2770 575 3065 632 Jordanem
3132 576 3355 631 ﬂuvium
3415 575 3468 636 in
3548 576 3701 629 illum
3765 575 3771 579 ’

2120 670 2472 726 descendisse
2505 670 2771 725 columbae
2802 671 2984 738 specie
3014 669 3330 739 praedicant.
3363 668 3544 733 Quare
3567 668 3705 722 duo-
3738 655 3753 731 ξ

2118 762 2332 817 decimo
2363 762 2539 817 aetatis
2578 777 2725 816 anno
2759 760 3049 816 manifeste
3093 759 3271 815 Lucas
3311 759 3364 813 id
3398 760 3701 829 expressit,

2117 854 2484 923 disputantem
2518 855 2669 909 illum
2695 870 2821 909 cum
2853 851 3252 917 sacerdotibus,
3300 866 3363 904 ac
3391 851 3704 906 senioribus

2118 944 2303 999 Maria:
2331 945 2568 1001 dixisse:
2608 944 2937 1000 Nesciebatis
2991 944 3131 1010 quod
3180 943 3237 996 in
3268 940 3349 994 his
3377 958 3494 1011 qua:
3521 941 3702 994 Patris

2117 1039 2219 1093 mei
2267 1048 2390 1092 sunt
2451 1046 2653 1106 oportet
2706 1054 2788 1090 me
2824 1053 2936 1091 esse
2967 1035 3035 1088 ’ἲ
3074 1031 3145 1087 Ut
3191 1048 3381 1087 eorum
3428 1032 3698 1085 rationem

2114 1130 2453 1193 excluderet,
2489 1129 2581 1199 qui
2622 1129 2690 1183 ab
2729 1144 2793 1182 eo
2823 1130 3058 1198 primum
3092 1134 3357 1195 tempore,
3387 1138 3496 1192 quo
3521 1122 3700 1190 bapti-c

2116 1230 2272 1276 zatus
2324 1230 2410 1277 est
2434 1263 2448 1287 ,
2486 1223 2751 1292 Spiritum
2792 1231 3043 1276 sanctum
3083 1218 3139 1271 in
3170 1218 3321 1271 illum
3356 1223 3554 1286 putant
3579 1228 3702 1268 esse

2114 1316 2440 1385 delapsum;
2500 1322 2725 1369 econtra
2784 1329 2915 1369 vero
2970 1314 3221 1368 homines
3302 1311 3699 1379 intelligerent,

2119 1407 2351 1464 Verbum
2380 1409 2558 1478 ipsum
2600 1424 2630 1462 e
2668 1407 2813 1462 ccelo
2842 1405 3183 1461 descendens
3210 1418 3430 1459 carnem
3462 1416 3492 1455 e
3530 1399 3700 1453 Maria

2111 1502 2379 1567 traxisse;
2409 1516 2644 1570 cumque
2669 1500 2734 1554 ad
2766 1499 3058 1554 Jordanem
3090 1497 3416 1554 accessisset
3446 1499 3697 1548 sanctum

2112 1611 2172 1650 se
2202 1595 2257 1648 in
2293 1595 2444 1649 illum
2477 1593 2750 1649 inl'udisse
2782 1592 3083 1663 Spiritum:
3114 1606 3224 1661 quo
3256 1598 3311 1644 et
3342 1587 3474 1642 illud
3512 1586 3690 1639 decla-

2110 1687 2219 1741 rari
2250 1695 2455 1758 posset,
2491 1687 2615 1757 quis
2654 1694 2803 1743 esset
2834 1686 2923 1740 ille
2957 1685 3025 1739 de
3060 1683 3223 1755 M3
3253 1696 3360 1751 quo
3391 1679 3551 1732 Pater
3583 1686 3696 1730 tam

2110 1781 2327 1851 insigne
2361 1780 2740 1834 testimonium
2777 1778 3047 1831 dedisset:
3084 1775 3189 1828 Hic
3239 1783 3315 1827 est
3344 1770 3518 1824 Filius
3551 1783 3696 1821 meus

2110 1873 2372 1937 dilectus;
2403 1873 2575 1940 ipsum
2604 1872 2784 1925 audite
2809 1870 2851 1924 ³.
2888 1868 3026 1923 Illud
3060 1883 3190 1923 vero
3219 1874 3480 1935 pncterea
3510 1876 3698 1916 exem-

2110 1966 2201 2037 plo
2235 1980 2360 2021 esse
2407 1980 2471 2019 ac
2501 1965 2833 2019 documento
2865 1963 3037 2018 voluit
3066 1961 3134 2015 iis
3162 2000 3177 2024 ,
3219 1958 3313 2029 qui
3369 1956 3552 2010 divina
3602 1965 3699 2020 per

2110 2060 2263 2114 illum
2303 2058 2425 2113 luce
2452 2056 2952 2129 perfunderentur;
2986 2054 3231 2108 futurum
3261 2049 3519 2111 omnino,
3552 2050 3699 2101 utxet

2110 2152 2215 2222 ipsi
2237 2149 2499 2221 Spiritum
2533 2159 2806 2215 sanctum,
2829 2162 2932 2202 nec
2962 2161 3071 2200 non
3095 2145 3318 2199 cceleste
3344 2138 3691 2199 beneficium,

2109 2260 2175 2299 ac
2202 2252 2554 2315 peccatorum
2584 2243 2822 2304 veniam,
2840 2250 2894 2295 et
2922 2238 3377 2294 communicatam
3410 2232 3478 2287 ab
3501 2229 3697 2285 eodem

2108 2338 2340 2409 gratiam
2384 2336 2437 2389 in
2464 2336 2739 2405 baptismo
2774 2340 3261 2401 consequerentur.

2177 2423 2322 2482 XXI.
2367 2426 2475 2483 Sed
2528 2426 2623 2480 ubi
2658 2425 2867 2493 majora
2909 2424 3002 2476 illa
3051 2420 3485 2492 perfectioraque
3528 2429 3697 2468 mira-

2107 2522 2229 2577 cua
2250 2519 2653 2591 praedicationis
2681 2533 2793 2571 sua}
2824 2525 3067 2587 tempore
3093 2520 3178 2568 est
3200 2525 3490 2581 aggressus
3509 2548 3523 2570 ,
3552 2509 3691 2568 Hoc,

2108 2614 2320 2684 inquit,
2361 2613 2590 2683 primum
2641 2611 2849 2681 signum
2892 2609 3016 2678 [erit
3053 2608 3212 2661 Jesus
3252 2608 3305 2658 in
3353 2603 3507 2658 Cana
3550 2600 3697 2654 Gali-

2108 2708 2222 2762 Itea:
2255 2705 2298 2760 δ.
2354 2705 2469 2759 Νοη
2515 2712 2643 2759 ante
2684 2703 3056 2772 baptismum,
3091 2707 3150 2753 ut
3201 2713 3344 2768 saepe
3396 2694 3553 2757 dixi,
3596 2690 3697 2747 sed

2107 2807 2222 2852 tum
2271 2797 2508 2868 primum
2561 2795 2614 2849 id
2672 2796 2916 2859 accidit,
2972 2802 3262 2864 postquam
3307 2806 3338 2844 a
3395 2787 3699 2842 tentatione

2103 2904 2363 2944 reversus
2417 2893 2543 2953 est,
2584 2887 2741 2940 tertia
2779 2885 3046 2955 die‘post
3101 2883 3331 2937 biduum
3381 2878 3548 2941 illud,
3581 2890 3699 2946 quo

2104 2982 2265 3036 ambo
2309 2981 2451 3050 apud
2501 2982 2680 3051 ipsum
2732 2980 2939 3033 haesere
2988 2975 3218 3031 Joannis
3254 2972 3553 3042 discipuli,
3596 2968 3695 3039 qui

2103 3076 2159 3123 et
2194 3068 2485 3123 audierunt
2516 3070 2665 3122 illum
2696 3108 2710 3131 ,
2758 3076 2809 3122 et
2865 3067 3041 3122 secuti
3098 3074 3245 3119 sunt.
3290 3062 3483 3117 Statim
3543 3061 3693 3116 enim

413 3149 481 3213 ἃς
537 3150 799 3220 ἐποίησαν
854 3150 982 3220 παρ’
1058 3150 1250 3221 αὐτῷ,
1294 3150 1577 3218 ἐπεισάγει
1628 3150 1829 3218 λέγων’
1890 3150 1997 3203 Καὶ

2106 3171 2230 3230 post
2266 3160 2519 3222 biduum,
2560 3176 2670 3230 quo
2698 3158 2841 3230 apud
2874 3159 3025 3211 illum
3054 3156 3145 3212 isti
3178 3153 3504 3211 commorati
3536 3158 3688 3214 sunt,

412 3241 673 3310 ἐξῆλθεν
693 3244 780 3309 είς
808 3241 923 3310 τὴν
944 3243 1301 3312 Γαλιλαίαν,
1331 3244 1430 3298 καὶ
1460 3242 1652 3311 εὑρὼν
1673 3244 1998 3306 Φίλιππον,

411 3328 610 3387 εἶπεν·
653 3334 985 3387 Ἀκολούθει
1010 3350 1131 3402 μοι.
1162 3329 1295 3387 Εἶτα
1326 3335 1511 3398 εὐθύς*
1549 3334 1627 3403 Τῇ
1660 3337 1826 3405 τρίτῃ
1851 3335 1998 3405 ’ὴμέ-

403 3441 484 3492 ρςι
514 3424 699 3495 γάμος
738 3423 976 3493 ἐγένετο
1007 3424 1079 3478 ἐν
1117 3423 1285 3491 Κανᾷ
1312 3425 1423 3494 τῆς
1457 3426 1810 3491 Γαλιλαίας.
1852 3426 1997 3479 Ἔδει

412 3517 520 3589 γὰρ
556 3517 715 3570 αὐτὸν
760 3517 1065 3572 ἀπελθόντα
1108 3517 1271 3581 εὐθὺς
1312 3518 1508 3589 γάμων
1552 3517 1889 3589 τελουμένων
1917 3520 1998 3583 είς

409 3610 509 3681 τὴν
548 3612 713 3682 τιμὴν
754 3610 920 3664 αὐτοῦ
952 3611 1219 3684 κληθῆναι
1270 3614 1356 3666 ἐπ’
1401 3611 1620 3684 εὐλογίᾳ
1662 3611 1755 3666 τοῦ
1794 3613 1991 3682 γάμου.

411 3704 519 3755 Καί
541 3722 672 3774 φησι
694 3721 705 3732 ·
732 3704 933 3773 Γάμος
963 3704 1200 3773 ἐγένετο
1230 3704 1305 3773 τῇ
1336 3706 1503 3773 τρίτῃ
1526 3704 1717 3774 ἡμέρᾳ
1735 3704 1806 3758 ἐν
1828 3701 1997 3770 Κανᾷ

409 3793 521 3861 τῆς
558 3797 893 3863 Γαλιλαίας
911 3814 924 3827 ·
954 3797 1051 3850 καί
1078 3793 1157 3867 ἦν
1185 3797 1224 3864 η
1246 3796 1446 3867 μήτηρ
1472 3797 1579 3851 τοῦ
1632 3797 1824 3865 Ἰησοῦ
1846 3795 1991 3849 ἐκεῖ.

423 3885 685 3954 Ἐκλήθη
712 3886 780 3939 δὲ
810 3888 908 3941 καὶ
944 3891 977 3941 ό
1008 3889 1247 3956 Ἰησοῦς
1298 3890 1397 3942 καὶ
1429 3892 1483 3943 οί
1516 3891 1776 3959 μαθηταὶ
1807 3886 1994 3944 αὐτοῦ

407 3980 463 4033 οὶ
500 3979 627 4047 μετ’
656 3979 844 4033 αὑτοῦ
882 3982 967 4046 είς
1009 3979 1118 4034 τὸν
1148 3979 1357 4050 γάμον.
1395 3982 1507 4035 Καὶ
1540 3982 1996 4051 ὑστερήσαντος

406 4069 609 4136 οἴνου,
654 4068 815 4139 λέγει
866 4072 905 4139 η
946 4070 1145 4139 μήτηρ
1204 4071 1310 4125 τοῦ
1366 4072 1604 4140 Ἰησοῦ“
1661 4070 1839 4128 Οἶνον
1882 4079 1993 4129 οὐκ

406 4163 640 4231 ἔχουσι.
691 4162 801 4217 Καὶ
826 4164 990 4232 λέγει
1041 4161 1198 4231 αὐτῇ
1236 4166 1269 4216 ό
1309 4162 1583 4231 Ἰησοῦς’
1640 4166 1703 4219 Τί
1725 4166 1855 4235 ἐμοὶ
1893 4167 1994 4221 καὶ

407 4256 528 4318 σοὶ,
560 4257 733 4325 γύναι
754 4272 772 4317 ,·
812 4257 975 4309 οὔπω
1003 4256 1133 4323 ἣκει
1162 4259 1200 4325 ὴ
1224 4255 1345 4325 ὥρα
1368 4275 1508 4327 μου.

479 4342 633 4401 Μετὰ
677 4348 739 4400 τὸ
785 4347 958 4402 ἐλθεῖν
1009 4348 1172 4400 αὐτὸν
1218 4348 1329 4402 ἀπὸ
1374 4349 1468 4402 τοῦ
1505 4350 1851 4422 πειρασμοῦ,
1899 4351 1992 4405 καὶ

407 4440 635 4494 διελθεῖν
683 4441 772 4494 διὰ
814 4440 915 4510 τῆς
961 4440 1234 4511 θαλάσσης
1282 4442 1375 4494 καὶ
1425 4440 1518 4494 τοῦ
1554 4443 1842 4514 Ἰορδάνου,
1893 4443 1991 4514 τὴν

2106 3252 2363 3322 subjicit:
2408 3252 2474 3306 Et
2500 3254 2629 3306 abiit
2663 3254 2719 3307 in
2747 3251 3029 3306 Galitwam
3050 3291 3064 3315 ,
3093 3259 3142 3304 et
3176 3249 3442 3303 inveniens
3483 3245 3689 3314 Philip-

2101 3358 2227 3412 pum
2293 3342 2477 3396 dixit:
2536 3342 2761 3413 Sequere
2816 3360 2898 3396 me
2944 3343 2987 3395 ⁵.
3047 3340 3299 3396 Deinde:
3365 3338 3545 3391 Tertia
3605 3335 3695 3388 die

2100 3434 2300 3502 uuptite
2351 3434 2509 3503 facta:
2542 3444 2664 3487 sunt
2711 3435 2767 3487 in
2798 3433 2944 3489 Cana
2975 3429 3234 3487 Galitww.
3271 3430 3550 3500 Siquidem
3592 3444 3692 3499 par

2099 3532 2219 3579 erat
2296 3525 2445 3578 illum
2490 3565 2504 3586 .
2584 3541 2712 3580 cum
2801 3525 3151 3591 discederet,
3232 3522 3693 3586 commodtmque

2098 3613 2304 3683 nuptiae
2338 3613 2768 3680 celebrarentur,
2804 3614 3032 3668 honoris
3061 3627 3228 3668 causa
3264 3612 3333 3666 ad
3357 3610 3577 3666 easdem
3608 3611 3694 3662 iu-

2097 3706 2295 3769 vitari,
2333 3707 2410 3759 uti
2451 3707 2661 3776 nuptiis
2713 3707 3081 3761 benedicerct.
3123 3705 3305 3771 Quare
3334 3705 3410 3759 ita
3463 3702 3686 3759 scribit:

2100 3794 2319 3865 Nuptiw
2348 3798 2505 3865 facta:
2544 3808 2666 3851 sunt
2713 3800 2871 3853 tertia
2913 3799 2997 3853 die
3035 3799 3091 3852 in
3129 3796 3282 3852 Cana
3320 3796 3579 3851 Galiiazw.
3618 3794 3690 3849 Et

2096 3896 2210 3941 erat
2245 3900 2416 3942 mater
2450 3888 2577 3943 Jesu
2609 3889 2704 3942 ibi.
2746 3889 2976 3944 Vocatus
3006 3901 3083 3943 est
3123 3900 3300 3942 autem
3332 3899 3378 3942 et
3414 3885 3570 3942 Iesus
3591 3927 3606 3951 ,
3637 3895 3689 3941 et

2095 3977 2347 4046 discipuli
2393 3977 2506 4046 ejus
2557 3978 2627 4029 ad
2682 3980 2916 4047 nuptias.
2980 3978 3269 4048 Deﬁciente
3319 3987 3496 4031 autem
3546 3980 3687 4046 cina,

2094 4069 2224 4122 dicit
2269 4077 2440 4122 mater
2470 4067 2639 4123 Jesu:
2696 4069 2883 4122 Vinum
2930 4086 3032 4123 non
3082 4069 3293 4123 habent.
3340 4069 3483 4123 Dicit
3520 4070 3568 4124 ei
3593 4068 3689 4124 Je-

2094 4176 2221 4215 sus:
2254 4161 2395 4228 Quid
2435 4161 2565 4215 mihi
2598 4170 2649 4216 et
2684 4160 2800 4225 tibi,
2844 4162 3079 4218 mulier?
3118 4160 3352 4215 nondum
3394 4163 3529 4216 venit
3554 4163 3687 4217 hora

2094 4270 2212 4308 mea
2250 4254 2291 4307 °.

2166 4346 2299 4412 Quae
2327 4354 2442 4400 tum
2466 4355 2619 4417 gesta
2648 4352 2798 4411 sunt,
2834 4361 2959 4401 cum
2989 4356 3112 4416 post
3134 4353 3513 4410 tentatlonem,
3543 4346 3685 4401 mari

2096 4453 2160 4491 ac
2191 4435 2429 4495 Jordane
2467 4437 2698 4506 trajectu
2719 4477 2734 4501 ,
2762 4438 2865 4492 iter
2895 4438 2952 4491 in
2979 4438 3212 4508 patriam
3244 4437 3548 4502 convertit,
3577 4436 3687 4490 Na-

406 4532 582 4604 ὁρμὴν
616 4534 908 4604 ἐσχηκότος
951 4534 1043 4588 ἐπὶ
1087 4533 1154 4587 τὰ
1186 4533 1383 4599 οἰκεῖα,
1417 4534 1667 4593 ἀπελθὼν
1725 4536 1853 4590 ἔνθα
1897 4538 1992 4590 ἁν-

2104 4537 2339 4585 ιιιι·ειιιω
2370 4529 2601 4595 scilicet,
2633 4530 2723 4585 ubi
2754 4530 3022 4587 educatus
3060 4544 3092 4584 a
3130 4537 3304 4586 matre
3342 4529 3541 4585 fuerat.
3580 4528 3686 4584 Ubi

406 4627 619 4698 ετράφη
656 4627 793 4700 πρὸς
831 4628 929 4698 τὴν
978 4628 1189 4698 μητέρα
1233 4629 1291 4680 ἐν
1335 4627 1624 4700 Ναζαρὲτ,
1660 4629 1756 4682 καὶ
1809 4648 1991 4702 παρα-

411 4720 599 4790 μείνας
640 4718 734 4772 δύο
780 4718 1003 4790 ἡμερῶν
1035 4721 1084 4785 ⁸,
1117 4719 1305 4772 λοιπὸν
1359 4720 1717 4791 ἐπειγομένου
1761 4724 1841 4786 είς
1891 4723 1990 4794 τὴν

409 4812 678 4881 σωτηρίαν
705 4810 813 4864 τῶν
852 4811 1175 4883 ἀνθρώπων,
1203 4810 1297 4863 τοῦ
1331 4812 1687 4883 κηρύγματος
1719 4813 1988 4885 ἄρξασθαι

405 4904 801 4975 ἐπιμελεῖσθαι.
830 4906 940 4958 Καὶ
964 4904 1144 4974 ἔμεινε
1178 4906 1275 4974 μὲν
1304 4906 1396 4960 δύο
1424 4906 1660 4978 ἡμέρας,
1690 4906 1778 4959 διὰ
1813 4909 1875 4960 τὸ
1899 4907 1989 4961 διὰ

405 4994 599 5065 χρόνου
620 4995 832 5066 ὴκέναι,
874 4995 1013 5066 ἔχων
1049 4996 1167 5066 μεθ’
1194 4997 1387 5049 ἑαυτοῦ
1422 4996 1515 5060 οὒς
1541 4997 1641 5068 ἤδη
1681 4999 1988 5069 παρείληφε

407 5088 656 5159 μαθητὰς
681 5130 694 5153 ,
735 5088 1010 5153 ἀπολύσας
1055 5091 1181 5153 τοὺς
1214 5090 1306 5142 δύο
1339 5091 1464 5153 τοὺς
1515 5091 1989 5163 ἀκολουθήσαντας

396 5179 576 5250 αὐτῷ,
607 5178 767 5241 εὐθὺς
800 5180 891 5231 ἐπὶ
928 5179 1025 5249 τὴν
1059 5179 1349 5233 Γαλιλαίαν
1392 5179 1625 5245 ἐξελθεῖν
1658 5179 1746 5232 διά
1786 5180 1846 5233 τὸ
1880 5181 1984 5251 κή-

404 5289 612 5344 ρυγμα,
637 5272 731 5324 καὶ
752 5270 814 5323 τὸ
844 5270 1003 5343 ἔργον
1026 5271 1121 5325 τοῦ
1153 5272 1314 5343 θεοση
1323 5273 1496 5342 μείου,
1518 5272 1613 5325 τοῦ
1637 5274 1693 5326 ὲν
1712 5273 1790 5343 τῷ
1820 5275 1983 5345 γάμῳ

401 5362 856 5425 ὲπιτελεσθέντος.
916 5362 1090 5414 Βλέπε
1146 5361 1255 5433 γὰρ
1315 5361 1433 5426 πῶς
1484 5362 1909 5431 ὲπασφαλίζεται
1955 5366 1983 5416 6

400 5455 580 5525 λόγος,
614 5456 689 5520 ὼς
705 5454 1001 5526 Ἰωάννηςὸ
1024 5454 1334 5523 Βαπτιστὴς
1372 5457 1659 5525 μαρτυρεῖ,
1689 5454 1881 5523 λέγων,
1908 5455 1983 5519 ὡς

399 5547 793 5618 παρῳχηκότος
840 5547 938 5618 ήδη
974 5546 1067 5599 τοῦ
1105 5546 1284 5615 λόγου,
1321 5548 1403 5600 ὅτι
1449 5545 1621 5616 Κάγὼ
1663 5549 1775 5600 οὐκ
1814 5547 1984 5615 ᾔδειν

397 5640 620 5695 αὐτόν·
659 5638 820 5694 ἀλλὰ
861 5642 893 5695 ό
930 5639 1175 5709 πέμψας
1219 5656 1294 5709 με
1324 5637 1636 5704 βαπτίζειν
1682 5635 1813 5693 εἷπέ
1841 5658 1978 5709 μοι’

478 5797 494 5830 ⁸
518 5795 580 5852 F.
613 5797 847 5871 ἡμέρας.

927 5800 945 5832 ’
976 5796 1107 5856 Luc.
1145 5815 1206 5865 ιι,
1237 5798 1322 5855 49.
1401 5800 1420 5832 ⁸
1453 5799 1641 5855 Matth.
1670 5816 1802 5869 ml,
1963 5804 1979 5835 ⁸
2011 5801 2167 5857 Juau.
2203 5805 2376 5871 ",11.

2098 4636 2223 4676 cum
2258 4620 2485 4678 biduum
2518 4623 2770 4679 haesisset
2801 4662 2815 4687 ,
2850 4629 3100 4678 humanae
3151 4623 3342 4678 salutis
3372 4622 3556 4678 studio
3582 4637 3684 4676 cu-

2098 4730 2269 4784 raque
2317 4729 2621 4773 succensus
2660 4716 2995 4787 praedicandi
3050 4732 3253 4772 munus
3291 4715 3443 4771 obire
3491 4714 3679 4785 coepit.

2098 4806 2329 4862 Biduum
2361 4809 2524 4879 igitur
2555 4808 2755 4864 ibidem
2792 4824 3022 4866 manens
3047 4852 3064 4877 ,
3122 4809 3269 4880 quod
3320 4809 3481 4875 longo
3513 4808 3681 4864 inter-

2097 4900 2240 4955 vallo
2292 4900 2567 4965 redierat,
2611 4900 3010 4972 discipulorum
3067 4900 3309 4971 aliquot,
3366 4914 3508 4970 quos
3566 4898 3681 4969 jam

2099 4993 2388 5056 asciverat,
2442 4991 2709 5048 comitatu
2763 5003 2993 5062 septus,
3036 4992 3298 5059 duobus,
3351 4992 3446 5062 qui
3505 4990 3679 5045 secuti

2098 5093 2297 5150 erant,
2339 5085 2590 5140 remissis
2620 5124 2634 5149 ,
2687 5085 2872 5140 statim
2922 5084 2980 5138 in
3018 5082 3294 5139 Galilaeam
3347 5082 3681 5153 praedicandi

2094 5192 2260 5233 causa
2294 5176 2573 5248 profectus
2602 5185 2716 5233 est:
2759 5177 2924 5233 simul
2956 5183 3015 5230 ut
3051 5176 3359 5247 prodigium
3388 5174 3523 5229 illud
3551 5188 3681 5229 eue-

2093 5278 2218 5335 ret,
2252 5271 2399 5340 quod
2450 5272 2507 5325 in
2545 5271 2753 5340 nuptiis
2790 5272 2859 5325 ab
2896 5286 2963 5325 eo
3011 5270 3216 5324 factum
3256 5268 3508 5339 legimus.
3540 5264 3680 5321 Vide

2090 5370 2297 5433 quanta
2328 5379 2454 5418 cum
2478 5362 2972 5434 circumspectione
3002 5362 3146 5419 istud
3181 5362 3361 5433 ipsum
3389 5361 3677 5431 Scriptura

2091 5456 2472 5521 declaraverit,
2499 5457 2960 5527 quemadmodum
2979 5456 3218 5513 Joannes
3241 5466 3501 5527 tanquam
3530 5455 3676 5510 facto

2087 5550 2198 5619 jam
2232 5565 2486 5605 sermone
2517 5558 2753 5605 testetur
2779 5550 2865 5605 his
2895 5551 3110 5606 verbis:
3140 5549 3210 5603 Et
3249 5566 3339 5619 ego
3378 5547 3673 5621 nesciebam

2091 5642 2279 5705 illum;
2316 5642 2404 5697 sed
2437 5643 2527 5713 qui
2554 5643 2697 5695 misit
2724 5658 2804 5695 me
2840 5644 3113 5712 baptizare
3145 5643 3283 5697 dixit
3312 5643 3475 5696 mihi:
3507 5641 3676 5709 Super

2457 5808 2474 5835 δ
2506 5804 2658 5860 .Ioan.
2701 5822 2738 5872 ι,
2770 5806 2857 5862 45.
2938 5805 2957 5838 ⁸
2990 5802 3146 5861 Joan.
3185 5821 3245 5871 ιι,
3276 5805 3296 5859 l
3338 5820 3463 5877 sqq.
