4176 6386
491 401 583 460 927
1892 408 1950 469 S.
2014 408 2357 465 EPIPIIANII

3641 407 3747 464 9⁷ἳὲ

494 536 646 588 quem
677 519 869 575 videris
908 518 1169 588 Spiritum
1204 522 1255 573 in
1287 522 1453 588 specie
1478 522 1734 578 columba:
1774 523 2084 577 descenden-

2198 526 2322 593 Ἐφ’
2354 525 2425 577 ὃν
2473 524 2549 578 ἂν
2594 524 2729 591 ἴδῃς
2751 523 2818 577 τὸ
2849 522 3087 591 Πνεῦμα
3122 523 3191 575 ἐν
3224 521 3367 575 εῖδει
3397 521 3748 589 περιστερᾶς

500 622 601 665 tem
625 653 639 675 ,
691 610 775 663 hic
824 621 903 664 est
939 615 980 666 ¹.
1011 610 1276 665 Joannem
1304 612 1505 681 quippe
1548 614 1862 682 baptizandi
1903 616 2075 683 gratia

498 703 721 756 mittens
754 702 917 756 Pater
960 704 1060 756 hoc
1093 703 1141 757 ei
1180 704 1394 771 signum
1428 706 1730 772 praebuerat
1760 723 1774 771 ;
1812 721 1876 759 ex
1915 703 2079 776 444

499 806 610 861 quo
666 790 1003 845 Salvatorem
1052 792 1202 844 illum
1252 792 1318 845 de
1372 794 1569 847 animis
1624 794 1830 846 nostris
1876 796 2079 863 Optime

501 881 758 934 meritum
813 891 1167 949 agnosceret,
1201 883 1290 951 qui
1341 882 1409 935 de
1447 884 1587 936 creto
1620 885 1820 938 missus
1850 888 1903 937 in
1936 886 2079 939 hunc

500 972 687 1026 urbem
724 974 980 1026 venisset.
1015 973 1379 1037 Quamobrem
1423 990 1488 1026 ex
1523 974 1829 1027 istiusmodi
1855 977 2079 1030 veritate

505 1064 938 1133 Scripturarum,
976 1075 1339 1134 accurataque
1383 1066 1591 1119 ratione
1627 1066 1675 1117 id
1713 1082 1881 1135 genus
1912 1068 2080 1120 homi-

505 1172 603 1210 nes
635 1157 887 1226 redargui
929 1168 1197 1225 possunt;
1234 1172 1297 1210 ac
1326 1159 1627 1226 praesertim
1664 1174 1729 1211 ex
1766 1174 1816 1211 tv
1856 1174 2080 1227 evange-

505 1248 756 1303 listarum
793 1264 1086 1304 consensu.
1130 1248 1299 1302 Nemo
1341 1251 1484 1302 enim
1535 1251 1626 1319 qui
1683 1251 1899 1319 quidem
1937 1261 2079 1305 recte

506 1343 726 1401 sentiat,
768 1340 1064 1407 rejicienda
1100 1342 1185 1392 illa
1212 1341 1314 1394 sibi
1341 1341 1711 1410 persuadebit,
1748 1359 1866 1411 qum
1896 1360 1925 1395 a
1960 1342 2083 1411 Spri-

508 1431 616 1483 ritu
666 1443 857 1486 sancto
890 1433 943 1485 in
993 1433 1359 1487 sacrosanctis
1402 1433 1706 1505 Evangeliis
1739 1436 2081 1490 exactissime

510 1531 639 1576 sunt
672 1531 911 1590 peracta.

578 1612 740 1666 XXII.
782 1614 1050 1667 Caeterum
1088 1631 1153 1669 ex
1188 1616 1293 1668 alio
1322 1623 1584 1684 prieterea
1618 1616 1795 1685 capite
1829 1626 2078 1671 sanctum

508 1706 921 1775 evangelistam,
964 1708 1048 1760 vel
1092 1707 1265 1776 ipsius
1306 1708 1485 1777 potius
1520 1707 1869 1778 Evangelium
1902 1724 2077 1761 accu-

508 1804 669 1863 sant;
703 1800 994 1866 quoniam,
1031 1800 1324 1869 inquiunt,
1354 1799 1591 1855 Joannes
1621 1801 1729 1855 duo
1758 1801 1826 1855 ab
1864 1801 2081 1855 ειη-ἰειο

507 1890 779 1943 celebrata
811 1889 1078 1946 Paschata
1130 1901 1561 1959 commemorat,
1592 1909 1715 1947 cum
1750 1894 1914 1949 unius
1947 1894 2081 1947 dun-
2114 1874 2156 1929 Β

508 1989 658 2034 taxat
683 1984 864 2037 ceteri
906 1986 1236 2038 mentionem
1271 1985 1518 2039 fecerint.
1555 1984 1663 2039 Nec
1696 1987 1823 2039 illud
1856 1987 2083 2056 ineptis-

508 2073 633 2127 simi
675 2074 920 2129 homines
976 2074 1455 2138 animadvertunt,
1511 2092 1616 2129 non
1669 2079 1777 2130 duo
1818 2077 1993 2131 solum
2030 2077 2083 2129 in

507 2163 815 2235 Erangeliis
862 2165 1128 2220 Paschata
1169 2168 1599 2237 comprehendi,
1649 2170 1742 2223 sed
1792 2170 1858 2222 ad
1902 2170 2085 2237 priora

508 2258 600 2311 illa
630 2257 738 2311 duo
771 2259 991 2313 tertium
1022 2258 1303 2322 accedere,
1346 2260 1398 2313 in
1430 2276 1539 2329 quo
1567 2260 1817 2314 Salvator
1849 2268 1932 2315 est
1961 2276 2086 2331 pas-

507 2365 605 2404 sus
632 2390 646 2414 ,
679 2356 738 2403 ut
770 2351 994 2403 omnino
1020 2351 1121 2403 tria
1152 2351 1263 2404 sint
1300 2356 1393 2404 toti
1419 2352 1492 2406 illi
1520 2352 1922 2420 prmdicationis
1953 2360 2087 2406 tem-

508 2444 624 2512 pori
666 2444 973 2498 tribuenda.
1004 2442 1215 2497 Etenim
1245 2443 1427 2497 statim
1466 2453 1523 2497 ut
1553 2459 1581 2496 a
1611 2442 1848 2498 Iordane
1878 2443 2087 2513 digres-

507 2552 605 2591 sus
634 2544 752 2599 est,
786 2546 901 2588 erat
923 2576 938 2599 ,
982 2545 1039 2589 ut
1068 2552 1098 2588 ιι
1134 2534 1280 2589 Luca
1313 2538 1578 2605 scriptum
1612 2548 1726 2601 est,
1766 2535 1922 2589 Jesus
1960 2536 2086 2588 inci-

504 2629 653 2681 ﬂiens
684 2644 796 2681 esse
823 2630 975 2697 quasi
1020 2646 1277 2681 annorum
1324 2646 1453 2691 xxx,
1494 2631 1659 2698 ﬁlius,
1685 2637 1740 2681 ut
1774 2627 2084 2696 putabatur.

505 2718 731 2789 .‘cseph,
780 2720 870 2790 qui
921 2721 1022 2789 fuit
1066 2720 1227 2784 Eli‘,
1270 2731 1374 2776 etc.
1417 2722 1576 2776 Anno
1616 2723 1817 2791 quippe
1856 2722 2085 2791 Augusti

508 2812 854 2882 imperatoris
888 2828 993 2867 xui
1030 2824 1189 2868 natus
1216 2823 1297 2868 est
1338 2813 1622 2876 Christus,
1656 2816 1746 2882 qui
1789 2821 1905 2865 erat
1932 2828 2083 2875 χχιχ,

506 2922 573 2958 cx
596 2921 704 2974 quo
737 2902 967 2959 Romani
1010 2905 1114 2959 sibi
1142 2904 1358 2959 Judzeos
1392 2906 1770 2974 adjunxerant.
1808 2904 2085 2974 Siquidem

505 2998 788 3064 Augustus
833 3012 929 3050 xm
984 2998 1143 3052 anuis
1192 2998 1519 3067 imperavit,
1577 3006 1870 3066 antequam
1901 2995 2087 3049 Judaea

506 3090 726 3157 penitus
770 3097 916 3143 esset
947 3088 1211 3143 Romanis
1263 3090 1539 3158 adjuncta.
1597 3088 1922 3158 Quanquam
1968 3094 2088 3157 post

508 3194 685 3233 annos
716 3178 861 3243 fere,
916 3193 1079 3245 quam
1121 3177 1393 3246 imperare
1427 3185 1669 3247 cmperat
1693 3217 1705 3237 ,
1752 3178 1871 3247 plus
1907 3178 2087 3232 minus

509 3278 748 3339 quatuor
792 3270 970 3326 foedus
1010 3272 1152 3326 inter
1184 3270 1463 3325 Romanos
1504 3286 1569 3323 ac
1614 3268 1835 3323 Judmos
1888 3269 2085 3322 initum

511 3366 705 3428 fuerat,
742 3364 1055 3432 auxiliaque
1078 3364 1373 3417 submissa.
1415 3361 1558 3427 Quin
1592 3372 1644 3415 et
1676 3369 1998 3430 procurator
2032 3362 2086 3414 in

507 3451 695 3507 Judzea
746 3453 1113 3517 constitutus,
1169 3469 1234 3507 ac
1266 3453 1516 3507 nonnihil
1557 3453 1884 3506 tributorum
1924 3452 2089 3523 quin-

508 3560 615 3612 que
641 3544 1030 3614 propemodum
1068 3546 1229 3600 annis
1278 3544 1580 3606 indictum,
1612 3545 1785 3599 donec
1815 3542 2089 3599 Romano-

511 3653 630 3689 rum
658 3636 851 3690 ditioni
881 3641 1041 3691 cessit
1066 3638 1281 3706 penitus
1305 3677 1319 3699 ,
1355 3645 1409 3691 et
1440 3637 1666 3690 omnino
1691 3638 1973 3706 vectigalis
2006 3645 2089 3693 est

510 3728 675 3788 facta,
706 3741 829 3779 cum
856 3726 970 3795 jam
1013 3727 1287 3796 principes
1321 3742 1351 3779 e
1382 3727 1526 3779 tribu
1554 3724 1706 3779 Judze
1735 3727 2084 3792 defecissent,

508 3831 563 3870 et
595 3816 836 3872 Herodes
867 3833 930 3872 ex
961 3819 1234 3887 gentibus,
1278 3817 1372 3871 sed
1406 3826 1585 3873 tamen
1628 3819 1961 3889 proselytus,
2004 3835 2088 3874 re-

511 3924 676 3973 gnum
708 3909 997 3964 obtineret.
1051 3908 1246 3964 Postea
1280 3925 1408 3963 vero
1456 3908 1713 3966 Christus
1755 3910 2086 3967 Bethlehemi

507 3999 708 4055 «Ιοιόαξαξ
728 4009 890 4056 natus
917 4010 1021 4067 est,
1052 4007 1105 4055 et
1130 4001 1197 4054 ad
1231 4001 1620 4071 auspicandum
1646 4003 2086 4072 praedicationem

508 4093 751 4173 prodiit;
818 4108 929 4163 quo
984 4100 1227 4162 tempore
1278 4093 1484 4147 Christi
1539 4093 1709 4148 duces
1776 4097 1937 4166 plane
1992 4095 2089 4151 de-

582 4231 599 4257 '
620 4227 781 4285 Joan.
814 4244 854 4293 ι,
881 4228 970 4283 5'5.
1047 4229 1071 4259 '
1098 4226 1233 4282 Luc.
1271 4244 1351 4295 ιιι,
1372 4229 1465 4285 9.3.

580 4363 691 4433 (44)
734 4362 1147 4432 Κατηγοροῦσι
1186 4363 1255 4416 δὲ
1288 4363 1495 4417 πάλιν.
1550 4363 1769 4417 Nullum
1801 4372 1886 4419 est
1914 4365 1969 4419 in
2002 4366 2088 4421 his

511 4434 667 4488 libris
722 4444 1123 4504 argumentum,
1168 4435 1221 4485 in
1262 4451 1371 4502 quo
1403 4436 1689 4489 tractando
1730 4435 1851 4503 plus
1910 4452 2089 4504 opera:

511 4520 576 4558 ac
611 4506 773 4585 studii
795 4504 1575 4585 pararitEpiphaniusaquam
1608 4507 1659 4558 in
1682 4507 2083 4585 eaquzestione,

2178 616 2505 685 ἐρχόμενον
2544 616 2634 669 ἐπ’
2670 614 2892 679 αὐτὸν,
2939 612 3115 680 οὗτός
3158 616 3345 667 ἐστιν.
3382 615 3745 667 Ἀποστέλλων

2180 708 2288 778 γάρ
2318 709 2345 759 6
2373 709 2562 779 Πατὴρ
2591 707 2681 760 τον
2725 709 2975 775 Ἰωάννην
3005 706 3305 776 βαπτίζειν,
3330 706 3485 759 τοῦτο
3517 706 3661 775 αὐτῷ
3687 706 3748 758 τὸ

2183 802 2406 868 σημεῖον
2429 800 2759 870 ἐδωρήσατο.
2787 801 2873 865 ἵν’,
2908 802 3033 853 ὅταν
3065 801 3170 873 ἴδῃ,
3203 800 3409 869 ἐπιγνῷ
3427 800 3515 851 τὸν
3542 798 3748 853 ἀνωθεν

2180 892 2237 940 ἐν
2271 890 2346 959 τῷ
2385 891 2575 960 κόσμῳ
2626 892 3019 955 ἀποσταλέντα,
3050 892 3276 961 Σωτῆρα
3317 891 3411 943 καί⁵
3459 892 3748 961 εὐεργέτην

2179 978 2285 1030 τῶν
2312 981 2593 1049 ἡμετέρων
2620 980 2824 1048 ψυχῶν.
2854 980 3268 1050 ’Λνατρέπονται
3295 980 3471 1032 τοίνυν
3500 982 3547 1031 οἱ
3573 980 3748 1031 τοιοῦ-

2180 1086 2259 1121 τοι
2285 1070 2390 1121 ἀπὸ
2422 1070 2519 1139 τῆς
2546 1070 2803 1140 ἀληθείας
2838 1070 2945 1122 τῶν
2987 1071 3240 1123 τοιούτων
3278 1070 3503 1141 Γραφῶν
3529 1070 3621 1122 καὶ
3650 1066 3750 1139 τῆς

2181 1159 2467 1229 ἀκριϐείας
2493 1178 2505 1191 ·
2533 1160 2765 1229 μάλιστα
2813 1160 2919 1211 ἀπὸ
2951 1162 3050 1229 τῆς
3086 1157 3401 1228 συμφωνίας
3428 1156 3533 1208 τῶν
3558 1156 3751 1208 τεσσά-

2183 1268 2291 1320 ρων
2332 1251 2753 1319 εὐαγγελιστῶν.
2804 1252 2878 1303 Οὐ
2912 1252 3021 1320 γάρ
3057 1268 3137 1315 τις
3188 1250 3297 1303 τῶν
3350 1248 3750 1320 εὑφρονούντων

2180 1342 2471 1395 ἀποϐάλλον.
2506 1342 2575 1395 τὰ
2603 1342 2679 1412 τῷ
2724 1342 2863 1411 ἁγίῳ
2888 1342 3163 1411 ῐΙνεύματι
3200 1344 3253 1395 ἐν
3288 1343 3399 1403 τοῖς
3441 1338 3611 1409 ἁγίοις
3641 1339 3748 1393 Εὕα

2182 1436 2453 1503 αγγελίοις
2482 1435 2721 1506 ἀκριϐῶς
2747 1436 2923 1505 πάντη
2954 1434 3515 1507 πεπραγματευμένα.

2251 1615 2376 1666 ΚΒ’.
2420 1614 2799 1685 Κατηγοροῦσι
2822 1616 2877 1668 δὲ
2900 1616 3058 1669 πάλιν
3082 1616 3190 1685 (44)
3218 1616 3267 1667 οί
3297 1614 3449 1668 αὐτοὶ
3477 1613 3569 1667 τοῦ
3596 1614 3751 1681 άγίου

2180 1708 2585 1775 εὐαγγελιστοῦ,
2621 1708 2817 1779 μᾶλλον
2847 1709 2903 1761 δὲ
2935 1708 3027 1761 τοῦ
3052 1709 3225 1761 «αὑτοῦ
3248 1706 3609 1776 Εὑαγγελίου,
3650 1707 3750 1768 ὅτι,

2185 1800 2367 1867 φησιν,
2399 1800 2427 1851 6
2460 1801 2709 1871 Ἰωάννης
2737 1802 2837 1871 ἔφη
2868 1804 2995 1873 περὶ
3022 1802 3113 1853 δυο
3136 1800 3365 1870 Πασχῶν
3393 1801 3482 1852 τὸν
3528 1798 3754 1869 Σωτῆρα

2187 1893 2542 1962 πεποιηκότα.
2574 1895 2621 1946 οί
2667 1894 2723 1946 δὲ
2761 1894 2910 1947 ἄλλοι
2961 1893 3342 1962 εὐαγγελισταὶ
3394 1893 3520 1962 περὶ
3567 1892 3757 1960 Πάσχα

2186 1983 2322 2045 ἑνός.
2360 1984 2469 2036 Καὶ
2505 1984 2605 2036 οὐκ
2652 1984 2857 2037 οἴδασιν
2892 1988 2939 2037 οἱ
2990 1985 3214 2047 ἰδιῶται,
3247 1984 3328 2036 ὅτι
3368 1983 3428 2035 οὐ
3479 1982 3633 2053 μόνον
3666 1980 3759 2034 δύο

2187 2076 2379 2143 Πάσχα
2415 2075 2666 2145 ὁμολογεῖ
2694 2076 2761 2128 τά
2801 2077 3129 2145 Εὑαγγέλια,
3162 2075 3297 2129 ἀλλά
3326 2074 3418 2128 δύο
3443 2074 3540 2145 μὲν
3569 2073 3759 2144 πρῶτα

2186 2166 2363 2233 λέγει,
2416 2168 2509 2219 καὶ
2554 2169 2687 2222 αὐτὸ
2720 2168 2777 2221 δὲ
2820 2170 2879 2221 ἐν
2921 2160 2965 2235 ᾧ
3010 2167 3274 2220 πέπονθεν
3307 2168 3335 2220 6
3379 2166 3595 2237 Σωτὴρ,
3634 2164 3760 2235 τρία

2187 2256 2378 2326 Πάσχα
2411 2258 2519 2311 τῶν
2570 2261 2627 2312 ὲν
2672 2258 2750 2330 τῷ
2802 2258 3114 2331 κηρύγματι
3159 2258 3757 2330 πεπραγματευμένων.

2188 2348 2361 2410 Εὐθὺς
2397 2348 2508 2419 γάρ
2537 2349 2645 2403 άπὸ
2676 2349 2769 2403 τοῦ
2820 2350 3107 2419 Ἰορδάνου,
3136 2350 3212 2413 ὡς
3250 2352 3279 2402 6
3324 2350 3536 2412 Λουκᾶς
3576 2364 3758 2417 φησιν,

2186 2436 2266 2510 ἦν
2310 2444 2343 2494 ό
2387 2442 2625 2507 Ἰησοῦς
2672 2444 3003 2512 ἀρχόμενος
3077 2438 3230 2495 εἶναι
3276 2442 3356 2508 ὡς
3404 2440 3555 2493 ἐτῶν
3602 2439 3759 2507 τριά-

2188 2550 2391 2598 κοντα,
2434 2534 2518 2586 ὢν
2560 2534 2709 2600 υἱὸς,
2753 2535 2833 2601 ὠς
2869 2534 3186 2604 ἐνομίζετο,
3230 2534 3334 2587 τοῦ
3380 2532 3611 2601 Ἰωσὴφ,
3654 2531 3760 2584 τοῦ

2202 2623 2356 2685 Ἠλὶ,
2410 2623 2503 2675 καὶ
2550 2624 2643 2677 ἐπὶ
2692 2624 2762 2677 τά
2806 2625 3082 2696 ἀνωτέρω.
3132 2624 3390 2679 Γεννᾶται
3436 2625 3533 2695 μὲν
3582 2621 3688 2693 γάρ
3732 2622 3762 2673 6

2188 2712 2376 2785 Σωτὴρ
2417 2712 2494 2784 τῷ
2541 2714 2957 2786 τεσσαρακοστῷ
3005 2715 3243 2787 δευτέρῳ
3296 2714 3405 2768 ἔτει
3449 2712 3759 2783 Αὐγούστου

2191 2804 2452 2872 βασιλέως
2496 2806 2603 2860 τῶν
2649 2808 2972 2877 Ῥωμαίων·
3004 2810 3141 2880 ὅπερ
3182 2804 3249 2880 ἦν
3298 2807 3584 2877 Ῥωμαίων
3626 2805 3761 2875 πρὸς

2202 2894 2484 2959 Ἰουδαίους
2509 2898 2799 2965 συναφείας
2826 2897 3069 2951 εἰκοστὸν
3105 2897 3287 2950 ἔνατον
3320 2897 3455 2959 ἔτος.
3482 2892 3763 2947 Βασιλεύει

2194 2988 2290 3056 μὲν
2317 2988 2426 3059 γάρ
2466 2989 2775 3057 Λῠγουστος
2798 2991 3152 3061 τρισκαίδεκα
3185 2992 3280 3060 ἔτη
3313 2989 3475 3061 πρινὴ
3506 2988 3601 3058 τὴν
3637 2988 3764 3039 Ἰου-

2189 3079 2342 3133 δαίαν
2386 3082 2720 3153 συναρθῆναι
2768 3083 2987 3148 τελείως
3044 3082 3351 3153 Ῥωμαίοις.
3409 3077 3517 3133 Ἦν
3570 3079 3625 3131 δὲ
3671 3077 3763 3130 καὶ

2190 3170 2339 3235 ἐξότε
2370 3172 2719 3227 ἐϐασίλευσεν
2746 3172 3056 3242 Αὔγουστος
3096 3174 3234 3245 μετὰ
3267 3172 3360 3243 ἔτη
3396 3173 3635 3240 τέσσαρα
3665 3172 3763 3237 τῆς

2190 3263 2353 3315 αὑτοῦ
2403 3264 2679 3334 βασιλείας
2713 3266 2881 3319 πλείω
2919 3268 2952 3339 ἢ
2997 3267 3231 3331 ἐλάσσω,
3279 3265 3431 3336 φιλία
3480 3265 3579 3335 μὲν
3627 3264 3761 3315 Ῥω-

2193 3355 2365 3424 μαίων
2393 3356 2530 3426 πρὸς
2580 3358 2883 3422 Ἰουδαίους,
2926 3360 3019 3411 καὶ
3074 3357 3360 3429 συμμαχία
3404 3354 3761 3425 πεμπομένη,

2189 3445 2284 3498 καὶ
2331 3446 2624 3518 ἐπίτροπος
2653 3448 3080 3518 καθιστάμενος,
3123 3449 3217 3501 καὶ
3268 3449 3407 3519 μέρη
3447 3448 3627 3517 φόρων
3674 3446 3765 3498 ἐπὶ

2190 3538 2352 3591 πέντε
2377 3538 2520 3592 ἔτεσι
2554 3540 2771 3612 πλείωῆ
2805 3541 3016 3595 ἐλάσσω
3038 3560 3050 3573 ·
3083 3540 3187 3605 ἓως
3243 3542 3364 3595 δτου
3391 3539 3569 3593 τέλεον
3622 3556 3763 3607 παρ-

2190 3629 2344 3701 εδόθη
2391 3632 2424 3701 ὴ
2476 3630 2735 3697 Ἰουδαία,
2768 3634 2861 3688 καὶ
2907 3636 3010 3688 ὑπὸ
3044 3635 3206 3707 φόρον
3249 3634 3541 3705 γεγένηται
3560 3632 3764 3685 τελειό-

2187 3740 2358 3777 τατα·
2415 3721 2694 3795 ληξάντων
2763 3728 2871 3781 τῶν
2927 3728 3035 3781 ἀπὺ
3092 3728 3261 3782 Ἰούδα
3311 3728 3620 3799 ἀρχόντων,
3669 3725 3767 3778 καὶ

2202 3815 2436 3885 Ἡρώδου
2462 3818 2520 3883 ἐξ
2537 3819 2703 3872 ἐθνῶν
2723 3821 3175 3883 κατασταθέντος,
3198 3820 3534 3891 προσηλύτου
3562 3820 3768 3889 μέντοι·

2188 3923 2272 3975 γε.
2305 3904 2437 3961 Εἶτα
2464 3910 2699 3982 Χριστοῦ
2740 3913 3087 3984 γεννηθέντος
3114 3914 3170 3966 ὲν
3203 3911 3451 3980 Βηθλεὲμ
3489 3912 3587 3979 τῆς
3633 3911 3763 3962 Ἰου-

2187 3999 2370 4064 δαίας,
2401 4002 2643 4067 ἐλθόντος
2694 4020 2752 4056 τε
2798 4004 2889 4057 ἐπὶ
2928 4004 2989 4057 τὸ
3036 4005 3321 4075 κήρυγμα,
3364 4003 3639 4073 ληξάντων
3671 4003 3766 4055 καὶ

2189 4089 2442 4165 Χριστῶν
2470 4094 2810 4165 ἡγουμένων,
2837 4094 3243 4165 διαρκεσάντων
3279 4094 3383 4157 ἓως
3415 4092 3764 4164 Ἀλεξάνδρου

2193 4362 2485 4432 nologicis;
2537 4370 2677 4416 utet
2715 4362 2783 4418 de
2808 4362 3166 4417 illustrissimi
3202 4362 3417 4418 Baconii
3444 4361 3762 4428 Annalibus,

2193 4448 2256 4486 ac
2284 4434 2497 4488 caeteris
2525 4433 2956 4504 chronographis
2984 4442 3211 4488 taceam.
3248 4433 3492 4499 Quorum
3519 4433 3762 4487 omnium

2189 4511 2313 4571 post
2338 4511 2447 4556 tam
2472 4504 2799 4571 exquisitam
2836 4512 2891 4557 et
2944 4512 3193 4558 exactam
3223 4519 3469 4573 operam,
3512 4519 3767 4573 superva-

510 4590 617 4637 qna
657 4574 919 4627 Dominici
950 4567 1171 4639 natalis,
1199 4582 1253 4628 et
1270 4567 1544 4643 passionis
1568 4591 1745 4629 anuus
1767 4567 2081 4644 inquiritur.
2118 4567 2162 4623 Ι)
2191 4567 2419 4627 caneum
2474 4567 2644 4627 videri
2679 4582 2909 4643 poterat,
2952 4590 2983 4627 a
3022 4576 3179 4627 nobis
3209 4567 3276 4629 ea
3302 4576 3568 4643 disputari
3584 4567 3765 4644 'vehe—

513 4645 620 4703 Sed
682 4660 779 4698 nec
832 4644 1118 4698 obscurior
1150 4660 1381 4716 usquam
1426 4647 1578 4716 locus
1622 4654 1725 4707 est,
1767 4657 1860 4699 aut
1894 4646 2086 4716 inquo

511 4718 694 4785 minus
722 4716 1000 4782 interpreti
1030 4715 1400 4785 tergiversari,
1432 4732 1496 4768 ac
1526 4715 1874 4770 dissimulare
1903 4715 2082 4771 liceat.

511 4783 746 4856 Tantum
794 4786 970 4846 abest,
1027 4792 1085 4856 ut
1122 4783 1175 4837 in
1211 4800 1274 4837 eo
1318 4784 1647 4839 declarando
1674 4801 1741 4840 ne
1772 4787 1843 4840 sit
1877 4788 2088 4856 longior

507 4856 685 4909 vereri
709 4854 919 4917 debeat,
953 4862 1045 4907 aut
1075 4855 1321 4909 instituta
1371 4871 1430 4909 se
1470 4867 1721 4909 notarum
1758 4866 1811 4910 et
1841 4854 2086 4911 animad-

509 4926 823 4979 versionum
850 4924 1115 4997 brevitate
1157 4924 1466 4997 defendere.
1493 4925 1670 4994 Atque
1697 4940 1761 4980 ea
1785 4942 1916 4982 sane
1940 4943 2087 4997 quae-

510 4997 617 5049 stio
647 5011 769 5049 cum
824 5010 930 5067 non
968 4996 1285 5067 minusghac
1315 5006 1653 5065 tempestate,
1688 5012 1848 5065 quam
1885 4996 2085 5067 priscis

511 5066 620 5119 illis
645 5066 1004 5131 temporibus.
1034 5065 1277 5119 eruditos
1328 5074 1597 5129 exerceat,
1621 5082 1686 5121 eo
1717 5065 1951 5136 denique
1986 5070 2083 5121 ad-

510 5137 672 5188 ducta
703 5152 789 5189 res
815 5146 916 5206 est,
945 5143 1002 5186 ut
1031 5136 1122 5205 qui
1153 5136 1428 5189 inscitiam
1457 5152 1610 5190 suam
1652 5138 1882 5206 ingenue
1906 5139 2085 5193 fassus

511 5208 708 5277 fuerit.
726 5205 1100 5275 pudentiorem
1131 5207 1335 5277 exitum
1367 5216 1594 5275 qurerat.
1649 5205 1812 5277 quam
1857 5208 1902 5261 si
1946 5208 2083 5261 certi

512 5275 740 5345 aliquid.
804 5286 855 5329 et
906 5276 1173 5344 explorati
1208 5286 1390 5333 tenere
1438 5293 1495 5331 se
1530 5275 1689 5346 posse
1728 5278 1985 5331 conﬁdat.
2020 5277 2087 5332 Ut

510 5349 651 5403 enim
689 5347 1143 5418 a‘vetustioribus
1192 5349 1406 5401 initium
1462 5355 1738 5417 repetam;
1771 5348 1895 5418 quis
1942 5360 2088 5401 ante-

510 5433 672 5483 quam
716 5414 962 5486 Dionysii
994 5419 1233 5486 vulgaris
1268 5419 1355 5471 illa
1388 5414 1538 5472 ratio
1568 5414 1992 5487 percrebuisset,
2030 5420 2085 5472 in

508 5496 737 5550 certam,
770 5503 831 5540 ac
856 5488 1210 5543 constitutam
1229 5490 1553 5544 sententiam
1583 5489 1784 5543 includi
1813 5506 1870 5544 se
1890 5505 2084 5558 passus

508 5558 638 5610 est?
684 5559 925 5627 Longum
981 5569 1102 5621 est,
1147 5569 1199 5613 et
1255 5560 1495 5613 otiosum
1556 5572 1797 5614 veterum
1858 5559 2084 5613 Patrum

509 5628 797 5701 opiniones
826 5642 1019 5681 omnes
1047 5630 1341 5701 persequi;
1375 5631 1537 5699 idque
1552 5630 1759 5684 ahaliis
1794 5629 2084 5701 diligenter

511 5708 596 5770 est
632 5697 871 5770 factum;
910 5697 1272 5770 pra‘s’ertim’a
1304 5697 1532 5754 Dekerio
1581 5708 1768 5755 nostro
1797 5700 1873 5770 τῷ
1900 5697 2084 5770 μακα-

517 5766 674 5847 plan,
692 5779 745 5822 et
784 5767 994 5847 Joanne
1047 5769 1289 5847 ἐξορκιιο
1307 5772 1743 5847 _r_n-.itl_iemat_ico_._
1772 5766 1855 5847 i_n'
1869 5766 2083 5847 erudita

518 5837 1015 5899 illadisscrtationc
1037 5839 1112 5896 De
1135 5837 1273 5895 anno
1298 5840 1507 5909 Natali,
1525 5849 1579 5899 et
1610 5843 1664 5897 in
1696 5840 1905 5913 Eclogis
1935 5842 2054 5897 citro
2072 5868 2085 5882 -

2191 4644 2451 4707 mentius,
2484 4659 2603 4712 qua:
2635 4642 2797 4699 anxie
2836 4645 2905 4697 ab
2942 4645 3049 4698 illis
3079 4652 3229 4705 sunt,
3264 4642 3624 4712 accurateque
3650 4642 3767 4698 dis-

2189 4728 2376 4777 cussa,
2432 4714 2536 4767 nisi
2607 4730 2707 4769 nos
2767 4713 2833 4767 ad
2865 4715 2915 4768 id
2969 4716 3131 4768 etiam
3176 4714 3375 4770 invitos
3425 4714 3765 4784 Epiphanius

2189 4784 2327 4852 ipse,
2374 4799 2437 4837 ac
2502 4785 2738 4854 suscepti
2784 4787 3027 4839 muneris
3088 4784 3220 4839 ﬁdes
3284 4787 3605 4854 impelleret.
3648 4784 3767 4837 Erit

2189 4861 2370 4925 autem
2400 4855 2523 4908 huic
2546 4856 2789 4916 conatui.
2818 4856 3098 4925 laborique
3126 4862 3316 4910 nostro
3350 4857 3525 4910 facilis
3554 4856 3761 4919 lector,

2190 4925 2235 4977 si
2268 4924 2368 4977 hoc
2404 4939 2535 4978 ame
2560 4934 2860 4994 spectatmn
2881 4924 3188 4996 agnOverit.
3210 4937 3269 4978 ut
3303 4926 3567 4996 inﬁnitam
3593 4940 3766 4996 prOpe

2189 4995 2643 5058 controversiain,
2705 4994 3059 5065 omniumque
3096 4994 3307 5064 judicio
3363 4994 3761 5057 diﬂicilliinam,

2189 5079 2365 5134 neque
2420 5065 2637 5119 brevius
2699 5079 2860 5133 quam
2924 5082 3011 5120 res
3048 5074 3194 5119 tanta
3240 5066 3509 5135 disputari
3566 5067 3762 5134 possit,

2189 5150 2367 5203 neque
2405 5135 2620 5204 longius
2649 5152 2811 5203 quam
2853 5152 3080 5191 necesse
3110 5138 3203 5197 sit.
3231 5152 3445 5190 summa
3482 5152 3609 5189 vero
3638 5152 3764 5190 eum

2192 5205 2448 5258 facilitate
2507 5206 2936 5274 complecterer;
2997 5217 3051 5260 et
3094 5223 3156 5261 ea
3186 5224 3307 5275 qua:
3362 5209 3430 5260 ab
3464 5206 3766 5275 ingeniosis

2188 5276 2473 5347 doctisque
2511 5276 2644 5327 viris
2692 5276 2759 5329 de
2797 5291 2860 5328 ea
2908 5292 2968 5330 re
3002 5278 3234 5331 solerter
3256 5278 3563 5347 excogitata
3607 5284 3761 5341 sunt,

2189 5346 2505 5416 accessione
2566 5347 2747 5415 aliqua
2816 5355 3005 5401 nostra
3080 5348 3361 5401 cumulata
3406 5346 3763 5416 proferrem.

2189 5417 2368 5480 Quare
2402 5414 2600 5486 duplex
2649 5414 2753 5470 erit
2806 5416 2909 5470 hoc
2954 5418 3075 5471 loco
3124 5414 3453 5487 disputanda
3491 5419 3763 5485 quzestio:

2190 5488 2359 5540 altera
2385 5487 2452 5540 de
2479 5501 2623 5540 anno
2657 5488 2921 5556 ipso,quo
2944 5496 3104 5542 natus
3134 5498 3220 5543 est
3250 5488 3537 5552 Christus;
3571 5490 3766 5549 altera,

2189 5557 2256 5627 de
2308 5574 2372 5611 eo
2430 5572 2539 5626 quo
2600 5572 2794 5625 passus
2854 5567 2959 5614 est.
3005 5558 3158 5627 (Quae
3189 5559 3272 5611 lu’c
3307 5558 3369 5611 de
3405 5575 3543 5610 anuo
3571 5557 3767 5612 Natali

2190 5625 2389 5681 Christi
2408 5625 2458 5680 et
2487 5644 2545 5680 eo
2576 5643 2675 5695 quo
2702 5644 2891 5695 passus
2921 5625 3311 5695 est‘disputavit
3345 5628 3615 5691 Petavius,
3648 5645 3765 5680 cum

2186 5698 2482 5761 prolixiora
2518 5699 2623 5751 sint
2658 5708 2713 5750 ut
2737 5699 2873 5751 inter
2902 5708 3057 5753 notas
3089 5700 3258 5753 locum
3295 5700 3541 5760 habeant,
3591 5716 3654 5753 ea
3696 5697 3767 5749 ad

2186 5768 3010 5841 AppendiceutDissertationum
3036 5769 3435 5825 amandavimus
3468 5787 3599 5841 quas
3640 5767 3772 5838 Epi-

2186 5839 2369 5914 phanii
2410 5838 3020 5913 operibussubjecimus.
3056 5841 3235 5911 EDI'I.)
