4176 6386
437 312 541 368 0'39

1058 302 1063 307 ’
1138 306 1508 367 ADVERSUS
1548 303 1893 361 lI/ERESES
1935 304 2059 358 LIB.
2103 306 2167 359 Il.
2213 302 2375 361 TO.\I.
2420 302 2459 355 Ι.
2490 334 2559 343 —-
2600 303 2875 363 II/ERES.
2919 309 3003 367 LI.

3607 302 3714 359 £30

431 428 762 501 ἡγουμένου,
789 430 881 481 καὶ
907 426 1172 491 Σααλίνας
1195 428 1293 497 τῆς
1322 428 1418 481 καὶ
1450 424 1804 496 Ἀλεξάνδρας
1823 442 1835 455 ο
1866 423 2010 477 ἅτινα

2124 426 2367 490 sierant;
2402 425 2494 495 qui
2542 426 2759 494 quidem
2796 427 2861 480 ad
2898 424 3268 480 Alexandrum
3306 433 3479 490 usque
3511 418 3717 489 princi-

432 523 605 576 ταῦτα
634 520 813 573 πάντα
845 519 1098 581 ἐτελεῖτο,
1136 518 1418 589 ἀρξάμενα
1464 516 1571 570 ἀπὸ
1594 515 1694 585 τῆς
1717 516 2025 585 γεννήσεως

435 615 533 683 τῆς
566 613 622 666 ἐν
660 612 907 683 Βηθλεὲμ
938 613 996 663 ὲν
1028 607 1451 680 τεσσαρακοστῷ
1496 607 1735 679 δευτέρῳ
1768 606 1878 659 ἔτει
1928 606 2028 675 τῆς

437 706 618 775 πάσης
666 704 944 773 βασιλείας
994 702 1329 771 Αὐγούστου,
1354 701 1413 765 ὂς
1450 696 1517 771 ἦν
1548 698 1738 762 ἔνατος
1783 697 2027 759 ἐνιαυτὸς

438 796 544 849 ἀπὸ
566 796 665 864 τῆς
688 796 990 866 ἐπιτροπῆς
1019 794 1375 865 Ἀντιπάτρου
1404 792 1499 845 τοῦ
1529 792 1734 863 πατρὸς
1762 790 2022 860 Ἡρώδου,

435 888 524 939 ὅτε
556 886 706 955 φιλία
745 882 812 956 ἦν
865 887 1152 955 Ῥωμαίων
1185 886 1320 957 πρὸς
1362 884 1684 947 Ἰουδαίους,
1743 884 1837 936 καὶ
1883 881 2022 951 μέρη

435 978 705 1048 δομάτων,
734 978 827 1031 καὶ
856 978 1114 1048 τέταρτον
1153 977 1271 1040 ἔτος
1318 974 1751 1037 κατασταθέντος
1785 973 1888 1026 ὐπὸ
1914 974 2021 1025 Αὐ-

437 1068 688 1135 γούστου.
724 1068 880 1121 Μετὰ
922 1068 978 1121 δὲ
1009 1068 1071 1121 τὸ
1114 1067 1375 1139 τέταρτον
1420 1067 1538 1127 έτος
1591 1064 1851 1135 Ἡρώδου,
1908 1066 2025 1115 ἐπι-

437 1159 647 1230 τροπῆς
674 1176 734 1212 τε
768 1159 929 1212 πέντε
965 1159 1100 1211 ἐτῶν
1145 1159 1372 1229 πλείωῆ
1408 1158 1620 1211 ἐλάσσω
1665 1157 2021 1227 Ἀντιπάτρου

436 1251 533 1304 τοῦ
561 1252 767 1322 πατρὸς
789 1251 976 1315 αὑτοῦ,
1000 1250 1184 1305 λοιπὸν
1206 1249 1604 1321 παραδοθείσης
1626 1251 1724 1319 τῆς
1760 1248 2023 1311 Ἰουδαίας

436 1343 680 1407 τελείως,
710 1344 815 1406 ἓως
851 1340 1175 1413 τριακοστού
1203 1342 1385 1414 τρίτου
1417 1340 1568 1403 ἔτους
1610 1340 1870 1411 Ἡρώδου,
1901 1357 2021 1392 τεσο

439 1436 781 1510 σαρακοστοῦ
812 1434 1067 1505 δευτέρου
1095 1433 1249 1492 έτους
1277 1432 1585 1501 Αὐγούστου
1614 1432 1719 1502 πλη
1731 1431 2018 1502 ρώσαντος,

437 1527 808 1601 κρατηθείσης
844 1527 944 1596 τῆς
994 1526 1175 1592 πάσης
1218 1524 1502 1587 Ἰουδαίας,
1546 1523 1621 1586 ὡς
1669 1524 1823 1593 ἔφην,
1881 1523 2020 1593 μετὰ

435 1621 499 1674 τὸ
548 1621 769 1691 ποιῆσαι
837 1618 1005 1689 αὐτὴν
1040 1616 1372 1670 εἰκοσιεννέα
1421 1616 1516 1687 ἕτη
1564 1616 1838 1685 ὑπόιρορον
1888 1615 2020 1666 Ῥω-

440 1712 649 1783 μαίοις,
706 1712 801 1765 καὶ
847 1709 985 1780 μετὰ
1030 1708 1090 1760 τὸ
1127 1708 1533 1774 κατασταθῆναι
1583 1707 1875 1776 ἐπίτροπον
1926 1705 2017 1757 τὸν

448 1803 802 1873 Ἀντίπατρον
838 1799 1076 1872 Ἡρώδου
1113 1800 1346 1870 πατέρα,
1394 1798 1512 1868 μετ’
1544 1798 1703 1851 αὐτὸν
1749 1797 1805 1850 δὲ
1841 1795 2016 1867 Ἡρώ-
2047 1790 2088 1841 Β

432 1895 530 1967 δην
580 1894 805 1964 βασιλέα
853 1891 1263 1946 κατασταθῆναι
1292 1890 1397 1943 ὑπὸ
1432 1889 1742 1958 Αὐγούστου
1782 1888 1875 1941 ἐπὶ
1918 1890 2014 1959 τῆς

445 1986 717 2050 Ἰουδαίας.

430 2123 490 2173 A'
571 2121 756 2174 Ταῦτα
789 2119 845 2173 δὲ
878 2118 1303 2190 ὲπραγματεύθη
1351 2121 1409 2171 ἐν
1452 2118 1690 2190 ὑπατεία
1730 2119 2013 2190 Ὀκταυῖου

642 2188 965 2276 Αὐγούστου
984 2188 1455 2277 τρισκαιδέκατον,
1467 2191 1588 2277 ,καὶ
1617 2188 1842 2277 Σιλανοῦ
1877 2191 2015 2242 ὑπά-

641 2259 756 2325 του,
793 2263 983 2332 ἥντινα
1010 2259 1274 2332 ὑπατείαν
1319 2259 1624 2332 διεδέξαντο
1650 2261 1707 2312 αἱ
1746 2262 2012 2313 ὑποτετα-

644 2329 843 2403 γμέναι
877 2333 1129 2385 ὑπατεῖαι
1156 2330 1463 2393 ἀκολούθως
1492 2329 1663 2393 οὓτως
1691 2346 1706 2360 ⁸

430 2423 487 2478 B'
566 2424 863 2477 Λεντούλου
894 2425 987 2477 καὶ
1022 2424 1297 2485 Πίσσωνος
1322 2422 1381 2474 τὸ
1404 2422 1677 2492 δεύτερον,

428 2497 470 2550 Γ
472 2504 483 2525 '
568 2496 799 2548 Λουκίου
832 2495 1109 2556 Καίσαρος
1140 2494 1232 2544 καὶ
1266 2494 1477 2545 Παύλου

429 2570 483 2619 Δ¹
567 2565 909 2617 Οὑῖνδουκίου
946 2564 1039 2617 καὶ
1073 2564 1306 2633 Οὐάρου,

429 2638 485 2689 E'
565 2636 795 2705 Λαμμία
816 2636 912 2689 καὶ
952 2632 1622 2705 ΣερουϊούλίουΝομμίου,

431 2709 501 2773 ς’
569 2702 791 2773 Μάγνου
824 2702 1107 2775 Πομπηΐου
1144 2705 1239 2756 καὶ
1270 2702 1585 2772 Οὐαλερίου,

428 2776 485 2831 Z'
568 2776 799 2828 Λεπίδου
826 2779 918 2828 καὶ
957 2775 1289 2845 Ἀρουνκίου,

428 2848 490 2900 H'
561 2847 836 2918 Καίσαρος
861 2846 963 2918 καὶ,
982 2845 1326 2918 Καπίτωνος,

426 2919 484 2971 Θ¹
570 2914 850 2987 Κρητικοῦ
886 2917 978 2968 καὶ
1006 2914 1238 2987 Νερούα,

426 2990 464 3041 1'
569 2982 849 3057 Κάμίλλου
882 2987 974 3040 καὶ
1006 2982 1439 3057 Κυϊντιλλιανοῦ,

426 3059 511 3112 IA'
571 3056 838 3128 Καμήρου
875 3058 967 3109 καὶ
1000 3056 1247 3128 Σαβίνου,

426 3131 505 3183 IB'
568 3124 871 3181 Δολαϐέλλα
901 3128 994 3180 καὶ
1024 3124 1334 3189 Σιλουανοῦ,

426 3202 503 3253 1.Γ’
561 3199 916 3252 Λεπίδου’καὶ
939 3198 1174 3268 Ταύρου,

425 3269 501 3324 1Δ¹
565 3269 813 3322 Φλάκκου
840 3270 934 3322 καὶ
965 3269 1274 3331 Σιλουανοῦ,

424 3343 505 3395 IE'
559 3339 677 3392 Τῶν
706 3339 798 3392 δύο
829 3339 1098 3391 Σέκστων.

425 3414 521 3479 Ιζῖθ
564 3413 850 3481 Πομπηΐου
879 3412 1103 3477 Μάγνου
1128 3411 1223 3462 καὶ¹
1267 3408 1606 3479 Ἀπουληῖου,

424 3484 509 3551 ΙΖ(
561 3482 797 3551 Βρούτου
828 3482 922 3534 καὶ
952 3481 1227 3551 Φλάγκου,

424 3550 511 3624 ΙΗ⁹
566 3550 778 3624 Ταύρου
812 3552 905 3603 καὶ
918 3550 1192 3624 Λίξωπς,

423 3623 502 3675 18’
560 3621 815 3692 Κράσσου
845 3621 938 3674 καὶ
973 3621 1239 3692 νῬούφου,

422 3695 488 3747 Κ¹
561 3691 811 3764 Τιϐερίου
873 3691 1149 3765 Ιξαίσαρος
1194 3693 1255 3744 τὸ
1304 3693 1575 3765 δεύτερον,
1628 3693 1723 3745 καὶ
1766 3693 2005 3763 Δρούσου

634 3761 914 3833 Γερμανοῦ
938 3763 997 3813 τὸ
1014 3761 1292 3833 δεύτερον,

422 3833 532 3885 KA'
566 3832 852 3885 Σιλουανοῦ
887 3834 981 3885 καὶ
1011 3832 1239 3897 Βάλϐου,

422 3904 530 3954 ΚΒ¹
564 3904 826 3956 Μεσσαλᾶ
854 3904 949 3956 καὶ
978 3904 1210 3974 Γράτου,

420 3974 528 4027 ΚΓ¹
567 3974 818 4045 Τιϐερίου
847 3971 1125 4045 Καίσαρος
1157 3975 1217 4026 τὸ
1244 3973 1446 4045 τρίτον,
1476 3972 1571 4026 καὶ
1600 3971 1838 4042 Δρούσου
1874 3971 2007 4042 Γερ-

639 4044 809 4114 μανοῧ
849 4044 909 4096 τὸ
940 4044 1141 4114 τρίτον,

421 4116 526 4169 ΚΔ¹
573 4113 874 4186 Ἀγρίππου
901 4113 995 4167 καὶ
1020 4113 1248 4186 Βάλϐου,

420 4187 527 4238 KE'
563 4184 862 4247 Πολλίωνος
902 4186 994 4241 καὶ
1022 4184 1305 4255 Οὐέτερος,

419 4258 543 4321 KC?
566 4256 819 4326 Κεθήγου
852 4256 946 4307 καὶ
979 4255 1214 4326 Οὐάρου,

419 4329 526 4379 ΚΖ’
568 4322 880 4399 ξΑγρίππου
906 4328 965 4377 τὸ
988 4322 1247 4399 ,δεύτερον
1276 4323 1371 4376 καὶ
1396 4322 1693 4375 Λεντούλου
1718 4322 1947 4387 Γάλῧου,

417 4399 533 4450 ΚΗ¹
566 4398 605 4448 Γ
608 4396 882 4449 ετουλικοῦ
914 4397 1008 4448 καὶ
1036 4396 1255 4456 Σαϐίου,

416 4468 525 4520 ΚΘ¹
556 4470 599 4521 Κ
611 4469 811 4538 ράσσου
824 4468 931 4538 ,καὶ
963 4469 1249 4538 Πείσωνος,

413 4540 475 4591 Λ’
561 4536 845 4591 Σιλουανοῦ
876 4540 970 4591 καὶ
1002 4536 1236 4607 Νερούα,

486 4653 614 4708 Kl".
649 4653 757 4706 Kal.
783 4654 934 4725 ὁρᾷς,
969 4654 1050 4706 ὅτι
1080 4668 1501 4724 τριακονταετης
1531 4649 1646 4702 ἐστὶ
1668 4648 1876 4719 χρόνος.
1906 4647 1997 4699 Διὸ

414 4744 921 4815 ὲφιλοτιμησάμεθα
953 4745 1049 4808 τὰς
1078 4744 1311 4814 καθεξῆς
1347 4743 1605 4805 ὑπατείας
1638 4741 1878 4811 άκριόῶς
1913 4739 1999 4792 θέο

417 4839 560 4901 σθαι,
592 4840 670 4901 είς
704 4837 763 4891 τὸ
803 4839 927 4900 τοὺς
959 4837 1335 4907 διερχομένους
1379 4836 1527 4900 ἰδεῖν,
1556 4835 1638 4887 ὃτι
1672 4834 1773 4885 οὐκ
1802 4832 1915 4884 ἔστι
1945 4849 1996 4884 τι

414 4930 933 4999 παραπεποιημένον
966 4931 1021 4981 ἐν
1062 4927 1140 4997 τῷ
1172 4928 1299 4997 θείῳ
1330 4927 1559 4997 δόγματι
1592 4924 1691 4994 τῆς
1718 4923 1993 4995 ἀληθείας,

412 5018 550 5073 άλλά
583 5024 718 5088 μετὰ
746 5020 1030 5091 ἁκριὸείας
1074 5020 1142 5072 τά
1184 5020 1359 5073 πάντα
1385 5022 1450 5089 τῇ
1491 5018 1788 5089 Ἐκκλησία
1830 5018 1997 5088 κεκή-

416 5130 631 5185 ρυκται.
664 5113 760 5175 Τίς
789 5112 918 5184 γὰρ,
950 5112 1258 5184 ἀριθμήσας
1298 5113 1401 5174 τάς
1435 5111 1509 5181 μὴ
1534 5110 1836 5180 δυναμένας
1867 5127 1997 5178 σφα-

410 5205 569 5276 λῆναι
604 5203 936 5274 καθέἱρμὺν
988 5204 1271 5266 ὑπατείας,
1313 5203 1373 5254 οὐ
1426 5202 1836 5271 καταγνώσεται
1885 5200 1994 5253 τῶν

410 5297 739 5366 νομιζόντων
766 5296 1059 5363 διαφωνίαν
1083 5290 1216 5347 εἶναι
1244 5297 1300 5346 ὲν
1333 5294 1408 5364 τῷ
1434 5293 1542 5346 τῶν
1583 5292 1717 5345 ἐτῶν
1749 5291 1989 5362 ἀριθμῷ,

409 5389 487 5459 τῷ
518 5389 666 5460 παρὰ
692 5390 803 5451 τοῖς
831 5386 1240 5456 εὐαγγελισταῖς
1271 5386 1542 5457 ᾁδομένιεη
1573 5385 1670 5438 Διὰ
1697 5384 1854 5436 τοῦτο
1882 5384 1990 5454 γὰρ

411 5482 506 5535 καὶ
532 5481 730 5533 ἔπεσαν
772 5481 828 5532 αἱ
859 5479 1123 5550 πρότερον
1152 5479 1411 5550 αἱρέσεις,
1458 5481 1510 5530 αἱ
1561 5475 1822 5546 μυθωδῶς
1861 5476 1988 5529 ἀνα-

408 5573 761 5641 γοραψάμεναι
784 5574 910 5634 τοὺς
940 5572 1235 5643 τριάκοντα
1268 5570 1489 5632 αἰῶνας,
1523 5570 1616 5622 καὶ
1651 5569 1719 5622 τά
1746 5569 1854 5622 ἀπὸ
1880 5568 1988 5620 τῶν

410 5667 701 5735 τριάκοντα
742 5666 877 5719 ἐτῶν
904 5666 995 5719 τοῦ
1030 5666 1279 5735 Σωτῆρος
1316 5664 1446 5735 παρ’
1470 5662 1647 5716 αὐτῶν
1684 5663 1988 5735 ἁλληγορη-

411 5760 570 5814 θέντα
591 5776 603 5789 ·
646 5760 733 5814 ἵνα
758 5759 918 5830 δῆθεν
946 5758 1213 5831 δυνηθῶσι
1253 5760 1361 5813 τῶν
1398 5760 1529 5829 παρ’
1556 5758 1733 5820 αὐτοῖς
1775 5755 1984 5810 αἰώνων

2127 530 2270 585 pem,
2306 524 2360 570 et
2387 514 2685 579 Saalinam,
2715 532 2836 586 qua:
2861 524 2915 569 ct
2941 518 3086 570 dicta
3117 521 3201 569 est
3227 509 3556 575 Alexandra,
3590 524 3715 578 per-

2127 607 2400 661 stiterunt.
2460 606 2533 659 Ea
2570 622 2699 661 vero
2734 616 2933 661 cuneta
2974 607 3041 661 ab
3089 621 3155 660 eo
3194 613 3439 674 tempore
3474 616 3712 670 cepere,

2126 714 2240 769 quo
2291 699 2545 755 Christus
2591 699 2928 754 Bethlebemi
2972 706 3135 753 natus
3184 706 3305 762 est;
3343 711 3487 750 anno
3543 694 3714 748 totius

2126 792 2341 862 imperii
2375 790 2604 861 Augusti
2659 808 2808 855 xui,
2854 791 2947 861 qui
2986 797 3104 844 erat
3160 804 3340 844 nonus
3382 804 3412 842 a
3452 801 3718 858 procura-

2126 885 2277 938 tione
2327 883 2600 952 Antipatri
2655 882 2888 938 Herodis
2942 882 3228 953 parentis,
3270 895 3393 934 cum
3436 878 3718 930 ltomanos

2125 975 2269 1029 inter
2316 990 2379 1029 ac
2415 973 2634 1029 Judaeos
2696 976 2934 1028 amicitia
2974 974 3152 1037 foret,
3202 986 3266 1025 ac
3316 970 3577 1024 nonnulla
3611 968 3713 1019 tri-

2126 1068 2253 1122 buta
2316 1067 2725 1138 penderentur,
2794 1066 2955 1139 445
3030 1076 3084 1120 et
3142 1073 3336 1135 quarto
3394 1062 3505 1129 jam
3568 1074 3716 1112 anno

2123 1160 2365 1215 llerodes
2423 1169 2569 1216 esset
2616 1162 2684 1215 ab
2740 1162 2986 1229 Augusto
3036 1158 3383 1229 praepositus.
3427 1153 3532 1221 Qui
3585 1168 3711 1206 cum

2123 1269 2299 1309 annos
2357 1254 2410 1307 in
2460 1268 2521 1308 ea
2587 1254 3070 1307 administratione
3123 1258 3360 1320 quatuor
3411 1245 3710 1315 exegisset,

2120 1345 2406 1414 Antipater
2447 1360 2576 1399 vero
2626 1345 2773 1399 illius
2819 1353 2974 1413 pater
3002 1343 3246 1413 quinque
3285 1341 3396 1395 fere
3446 1352 3713 1408 procura-

2121 1436 2269 1491 tione
2300 1440 2626 1509 perfunctus
2657 1447 2823 1499 esset,
2859 1438 3076 1491 tandem
3108 1435 3294 1490 Judtea
3331 1449 3561 1504 prorsus
3603 1430 3715 1483 Ro-

2119 1546 2409 1584 manorum
2434 1533 2688 1602 potestati
2718 1532 2907 1593 cessit,
2942 1530 3005 1583 ad
3032 1528 3263 1583 llerodis
3286 1544 3487 1581 anntun
3514 1540 3710 1590 χχχιιι,

2118 1622 2350 1693 Augusti
2381 1640 2513 1678 vero
2558 1640 2690 1686 XLII,
2745 1640 2866 1677 cum
2892 1662 2906 1685 ,
2942 1632 2998 1675 ut
3032 1624 3275 1677 diximus
3297 1662 3312 1687 ,
3346 1619 3530 1674 Iudaea
3565 1628 3712 1673 esset

2118 1715 2298 1769 omnis
2333 1725 2597 1786 occupata
2627 1756 2641 1779 ,
2678 1731 2739 1769 ac
2766 1716 2878 1784 jam
2913 1731 3039 1767 χχιχ
3074 1714 3235 1767 annis
3271 1712 3533 1766 Romanis
3565 1711 3710 1764 facta

2119 1806 2432 1875 vectigalis;
2488 1814 2778 1875 postquam
2825 1811 2878 1858 et
2916 1803 3203 1872 Antipater
3244 1800 3471 1855 Ilerodis
3510 1811 3709 1866 parens

2118 1900 2559 1969 procurationem
2594 1899 2785 1967 gessit,
2817 1906 2870 1949 et
2901 1896 3145 1951 Herodes
3170 1905 3292 1965 post
3320 1893 3474 1946 illum
3507 1888 3710 1943 Judazte

2117 2007 2209 2046 rex
2246 1992 2315 2046 ab
2342 1990 2589 2061 Augusto
2613 1998 2833 2044 creatus
2865 1996 2969 2043 est.

2116 2128 2139 2183 Ι
2391 2126 2525 2180 Acta
2558 2127 2671 2179 haec
2713 2133 2841 2179 sunt
2873 2122 3096 2177 Octavio
3127 2120 3371 2190 Augusto
3406 2117 3521 2173 XIII
3543 2129 3591 2175 et
3621 2120 3709 2173 Si-

2462 2199 2585 2250 lano
2620 2212 2765 2249 coss.
2788 2237 2802 2259 ,
2845 2194 3148 2248 secundum
3180 2208 3319 2261 quos
3351 2191 3405 2244 bi
3444 2195 3706 2263 deinceps

2463 2271 2722 2323 exstitere
2752 2265 3033 2320 consules.

2118 2421 2157 2475 II
2377 2421 2642 2476 Lentulus
2669 2430 2717 2475 cl
2762 2419 2891 2472 Piso
2924 2419 2994 2474 ll.

2116 2493 2182 2547 Ill
2376 2492 2438 2546 L.
2473 2494 2657 2546 thsar
2690 2501 2743 2545 et
2778 2490 2979 2543 Paulus
3004 2528 3018 2551 ,

2119 2563 2186 2616 IV
2367 2562 2672 2617 Vinducius
2695 2572 2745 2613 et
2774 2560 2982 2613 Varus.

2117 2633 2160 2684 V
2371 2634 2559 2688 Lamia
2591 2643 2644 2685 et
2684 2633 2950 2686 Servilius
2986 2628 3275 2681 Nommius
3300 2666 3316 2690 ,

2115 2702 2185 2773 Vl
2374 2704 2604 2773 Magnus
2628 2702 2923 2773 Pompeius
2958 2710 3013 2753 et
3052 2698 3334 2761 Valerius,

2115 2772 2205 2826 VII
2378 2772 2615 2843 Lepidus
2652 2784 2704 2826 et
2734 2772 3025 2833 Aruntius,

2114 2843 2231 2898 Vlll
2371 2846 2557 2899 Ctesar
2586 2853 2641 2897 et
2670 2845 2885 2911 Capito,

2114 2914 2186 2968 IX
2371 2916 2622 2971 Creticus
2644 2923 2695 2967 et
2729 2912 2901 2967 Nerva
2926 2954 2939 2974 ,

2117 2985 2163 3038 X
2370 2987 2632 3040 Camillus
2663 2992 2716 3037 et
2742 2982 3153 3048 Quintillianus,

2114 3053 2187 3110 XI
2378 3057 2701 3109 Camerinus
2737 3063 2792 3107 et
2818 3054 3056 3107 Sabinus
3078 3090 3093 3113 ,

2038 3132 2080 3187 C
2119 3124 2208 3180 XII
2380 3126 2655 3179 Dolabella
2691 3133 2742 3177 et
2779 3125 3056 3185 Silvanus,

2117 3195 2231 3251 Xlll
2373 3196 2610 3265 Lepidus
2639 3205 2693 3248 ct
2728 3194 2974 3251 Taurus,

2114 3266 2231 3321 XIV
2371 3265 2602 3321 Flaccus
2628 3274 2681 3319 et
2712 3265 3002 3324 Silvanus,

2116 3336 2209 3392 XV
2375 3339 2531 3391 Sexti
2566 3336 2675 3390 duo
2701 3376 2714 3395 ,

2114 3407 2229 3463 XVI
2376 3407 2669 3477 Pompeius
2704 3405 2773 3477 LI.
2807 3412 2860 3459 et
2884 3403 3147 3473 Apuleius
3166 3443 3182 3467 ,

2110 3478 2256 3533 XVII
2383 3476 2581 3533 Brutus
2622 3487 2675 3530 et
2704 3476 2935 3531 Flaccus
2961 3515 2975 3540 ,

2112 3549 2278 3604 XVIII
2368 3549 2585 3603 Taurus
2614 3559 2667 3602 et
2699 3548 2833 3600 Libo
2855 3586 2868 3608 ,

2111 3620 2233 3673 XIX
2379 3622 2619 3674 Crassus
2654 3627 2707 3671 et
2742 3616 2937 3676 Rufus,

2109 3690 2209 3745 XX
2373 3690 2623 3811 TIlJCl‘lllllS
2671 3689 2855 3744 Caesar
2915 3688 2957 3740 II
3009 3698 3063 3741 et
3125 3686 3338 3743 Drusus
3403 3684 3697 3741 Germani-

2450 3778 2548 3811 CUS
2630 3799 2643 3811 .

2450 3778 2643 3822 CUSII,

2108 3831 2228 3885 XXI
2380 3831 2603 3885 Silanus
2627 3840 2679 3885 et
2706 3830 2931 3891 Balbus,

2109 3898 2251 3955 XXII
2382 3901 2612 3955 Messala
2646 3909 2698 3954 et
2742 3899 2940 3953 Gratus
2967 3937 2981 3958 ,

2106 3972 2275 4027 XXIII
2384 3972 2640 4026 Tiberius
2694 3971 2877 4026 Caesar
2928 3972 2992 4023 Ill
3047 3976 3101 4023 et
3152 3975 3364 4027 Jrnsus
3404 3965 3694 4027 Germani-

2450 4058 2548 4096 cus
2590 4041 2653 4094 Ill

2379 4113 2618 4184 Agrippa
2643 4122 2710 4184 et
2730 4112 2933 4169 Balnus
2954 4153 2968 4177 ,

2106 4181 2252 4235 XXV
2382 4181 2639 4237 Pollioet
2675 4183 2873 4245 Vetus,

2106 4251 2279 4322 XXVI
2373 4255 2649 4322 Cethegus
2673 4265 2725 4307 et
2755 4252 2933 4307 Varus
2959 4295 2973 4317 ,

2105 4321 2297 4375 XXVII
2370 4321 2607 4392 Agrippa
2640 4323 2678 4375 ll
2703 4334 2757 4378 et
2786 4324 3049 4377 Lentulus
3084 4324 3289 4388 Galba,

2106 4392 2323 4465 XXVIII
2373 4393 2538 4465 446
2576 4394 2857 4449 Getulicus
2888 4404 2940 4449 et
2978 4394 3217 4449 Sabinus
3245 4435 3259 4460 ,

2030 4470 2075 4525 Ι)
2105 4463 2277 4517 XXIX
2369 4463 2607 4519 Crassus
2632 4474 2686 4518 et
2715 4465 2841 4519 Piso
2862 4506 2875 4528 ,

2104 4533 2251 4588 XXX

2175 4647 2362 4702 XXIII.
2405 4649 2594 4704 Annos
2638 4650 2812 4703 babes
2832 4652 3116 4707 absolutos
3176 4668 3305 4705 χχχ.
3345 4650 3456 4706 Nos
3503 4659 3687 4705 autem

2100 4743 2426 4797 consulatus
2482 4744 2617 4797 istos
2660 4744 2980 4812 singillatim
3030 4744 3154 4798 ideo
3206 4760 3531 4814 percensere
3565 4754 3685 4798 stu-

2098 4838 2341 4901 duimus,
2379 4843 2439 4891 ut
2474 4836 2710 4891 lectores
2764 4837 3093 4905 intelligant,
3134 4837 3271 4889 nihil
3324 4839 3377 4890 in
3412 4853 3570 4891 sacro
3600 4853 3687 4891 ve-

2097 4928 2275 4983 ritatis
2303 4929 2555 4999 dogmate
2587 4928 3022 4982 commentitium
3051 4944 3193 4993 esse,
3215 4928 3306 4981 sed
3342 4929 3409 4981 ab
3436 4928 3683 4983 Ecclesia

2096 5036 2261 5091 quam
2338 5020 2754 5075 accuratissime
2831 5020 3084 5074 universa
3167 5018 3477 5088 praedicari.
3545 5019 3681 5085 Quis

2095 5113 2241 5167 enim
2274 5114 2341 5167 ad
2376 5114 2517 5168 hanc
2561 5127 2707 5167 coss.
2743 5112 2940 5167 seriem
2969 5153 2984 5177 ,
3015 5128 3123 5181 qua
3158 5112 3295 5165 nihil
3342 5112 3548 5165 certius
3572 5118 3678 5173 est,

2094 5206 2283 5260 oculos
2323 5206 2621 5275 adjiciens,
2650 5221 2757 5259 non
2791 5220 2886 5259 eos
2925 5207 3252 5259 condemnet
3287 5204 3381 5272 qui
3410 5204 3462 5256 in
3506 5219 3678 5257 anno-

2093 5314 2214 5352 rum
2238 5316 2468 5353 numero
2492 5300 2560 5354 ab
2581 5300 2932 5369 evangelistis
2962 5314 3225 5369 expresso
3245 5298 3672 5366 discrepantiam

2092 5408 2214 5447 esse
2286 5394 2451 5445 ullam
2527 5392 2883 5447 existimant?
2940 5390 3238 5461 Propterea
3300 5389 3560 5443 nimirum
3621 5400 3673 5442 et

2090 5486 2305 5556 priores
2364 5485 2471 5539 illa:
2506 5486 2744 5539 litereses
2788 5484 3213 5548 interciderunt,
3245 5498 3366 5553 qu.e
3400 5483 3520 5535 illas
3567 5497 3674 5535 aeo-

2089 5593 2220 5630 num
2276 5576 2500 5646 triginta
2542 5576 2755 5631 fabulas
2802 5577 3200 5639 conlinxerant,
3259 5583 3567 5642 czetcraque
3618 5572 3673 5627 id

2088 5682 2261 5735 genus
2306 5682 2369 5719 ex
2427 5665 2724 5718 tricenario
2775 5663 3079 5719 Salvatoris
3123 5678 3394 5717 annorum
3441 5675 3675 5715 numero

2092 5758 2381 5829 allegorice
2411 5757 2773 5824 deduxerant,
2795 5758 2996 5828 quibus
3024 5756 3090 5811 ad
3128 5772 3344 5812 aconum
3370 5770 3432 5809 ac
3464 5754 3674 5825 princi-

2380 4534 2634 4590 Silvanus
2664 4544 2717 4590 et
2742 4535 2940 4590 Nerva.
