4176 6386
481 372 577 431 951
1892 370 1948 426 S.
2014 365 2360 425 EPlPl|.\NIl
3652 371 3758 424 97.!

482 505 709 568 patuum
781 509 954 566 nugas
1028 495 1150 548 illas
1224 494 1614 549 describendas
1685 494 2060 548 abuterentur.

2181 495 2266 547 καὶ
2281 494 2463 565 ἀρχῶν
2486 495 2818 565 ἀναγράφειν
2836 495 2932 565 τὴν
2955 493 3293 565 μυθοποιίαν.
3311 491 3635 564 Εὑρίσκεται
3651 495 3760 562 vi?

484 592 642 644 Anno
664 588 865 659 quippe
890 589 956 641 ab
981 586 1364 642 lncarnatione
1391 588 1740 658 adventuque
1770 603 1871 642 suo
1900 603 2073 642 xxxm

2181 590 2234 642 ἐν
2254 587 2332 658 τῷ
2354 587 2664 659 τριακοστῷ
2683 587 2852 658 τρίτῳ
2875 587 2984 640 ἔτει
3010 587 3109 657 τῆς
3137 585 3300 641 αὑτοῦ
3327 584 3716 656 ἐνσαρκὼσεως
3735 583 3761 616 δ

457 689 702 760 constat
744 683 1036 752 unigenam
1099 680 1191 736 Dei
1245 680 1445 736 Filium
1497 697 1621 736 esse
1670 696 1915 751 passum.
1969 680 2073 746 Qui

2181 679 2480 748 παρουσίας
2512 676 2739 760 πάσχων
2767 680 2795 730 ό
2833 677 3159 748 Μονογενὴς,
3195 674 3410 746 ἀπαθὴς
3439 673 3515 727 ὣν
3554 673 3760 727 ἄνωθεν

485 771 700 826 tametsi
751 772 860 840 pati
893 787 989 840 per
1019 786 1140 826 sese
1182 771 1319 825 nihil
1368 779 1789 841 posset,utpote
1836 769 2073 826 Verbum

486 863 580 918 Dei
611 863 677 918 de
717 864 858 918 caelo
893 853 1175 932 delapsum
1206 902 1222 926 ,
1264 864 1625 919 nihilominus
1673 871 1929 932 suscepta
1975 877 2076 933 pro

487 955 646 1010 nobis
674 970 842 1010 carne
872 964 1104 1009 mortem
1155 957 1364 1026 perpeti
1397 957 1602 1022 voluit,
1651 963 1710 1010 ut
1744 957 1940 1009 mortis
1977 955 2074 1010 ad-

487 1062 708 1102 versum
777 1061 880 1101 nos
946 1045 1368 1117 chirographum
1429 1048 1746 1102 solveret‘.
1803 1048 2071 1114 Quocirca

488 1145 612 1207 post
653 1151 747 1190 eos
778 1151 925 1192 coss.
971 1136 1064 1206 qui
1106 1135 1160 1189 in
1189 1151 1392 1190 annum
1442 1137 1588 1192 illius
1631 1153 1740 1191 xxx
1782 1137 2070 1200 incidunt,

489 1243 589 1298 par
635 1226 785 1281 aliud
845 1241 989 1282 coss.
1046 1227 1326 1296 sequitur,
1378 1225 1740 1282 Geminorum
1795 1227 2069 1290 duorum,

489 1319 687 1374 deinde
743 1319 863 1373 Ruﬁ
928 1334 992 1372 ac
1049 1317 1411 1372 Rubellionis.
1475 1319 1690 1385 Quibus
1752 1334 2074 1374 successere

488 1427 638 1466 coss.
687 1409 969 1476 Vinicius,
1013 1427 1076 1464 ac
1115 1409 1397 1480 Longinus
1431 1411 1692 1476 Cassius;
1726 1412 1830 1467 sub
1870 1411 2072 1481 quibus

491 1501 743 1556 Salvator
781 1515 980 1572 passus
1028 1509 1112 1554 est
1156 1515 1208 1553 a.
1260 1500 1316 1554 d.
1364 1515 1464 1554 xm
1500 1500 1620 1554 Kal.
1661 1501 1794 1571 Apr.
1834 1499 1908 1553 Ex
1963 1515 2073 1570 quo

491 1595 708 1649 illorum
754 1594 1000 1648 omnium
1047 1593 1401 1647 convincitur
1443 1608 1627 1656 error,
1655 1600 1710 1647 et
1760 1593 2070 1648 certissima

489 1684 738 1738 veritatis
790 1682 1042 1736 doctrina
1088 1689 1458 1742 monstratur,
1496 1697 1604 1735 non
1636 1681 1747 1735 duo
1792 1683 1968 1737 solum
2016 1682 2070 1734 in

493 1764 793 1848 scripturis
829 1775 1095 1830 Pascbata
1115 1813 1131 1839 ,
1160 1773 1257 1828 sed
1292 1780 1344 1828 ct
1375 1772 1478 1827 tria
1504 1773 1753 1842 reperiri.

558 2043 751 2100 XXIV.
809 2043 946 2100 Cum
993 2043 1138 2098 enim
1173 2041 1436 2096 Januario
1483 2054 1668 2093 mense
1710 2047 1872 2093 natus
1903 2047 2069 2101 esset,

491 2154 587 2193 vm
637 2137 715 2191 Id.
762 2134 884 2190 Jan.
921 2135 1014 2206 qui
1047 2144 1132 2189 cst
1161 2133 1304 2204 apud
1350 2132 1627 2186 Romanos
1676 2129 1922 2184 Januarii
1955 2132 2073 2186 dies

489 2248 520 2285 v
549 2250 564 2299 ;
591 2230 862 2302 ZEgyptiis
895 2245 1061 2299 porro
1095 2227 1230 2299 Tyhi
1256 2243 1344 2290 xl;
1389 2226 1544 2297 Syris
1576 2227 1690 2279 sive
1730 2226 1935 2280 Grzccis
1963 2226 2072 2278 Au-

489 2325 663 2397 dynwi
691 2321 999 2394 vt;Cypriis
1028 2321 1143 2375 sive
1178 2319 1493 2372 Salaminiis
1514 2318 1691 2387 quinti
1719 2318 1924 2373 mensis
1955 2319 2074 2372 dies

489 2436 552 2487 v;
587 2418 810 2490 Paphirs
838 2415 964 2470 Juli'
995 2431 1121 2481 xlv;
1150 2413 1290 2484 apud
1317 2412 1526 2466 Arabes
1552 2427 1680 2466 vero
1720 2413 1909 2466 Aleum
1943 2429 2070 2477 xxr;

489 2510 912 2582 Cappadocibus
965 2508 1174 2560 Atarta:
1223 2520 1360 2569 xm;
1392 2502 1634 2557 llebrmis
1680 2503 1888 2556 Tebeth
1943 2519 2074 2568 xm;

490 2603 922 2659 Atheniensibus
954 2599 1406 2653 M;ettiacte|'iunis
1437 2613 1527 2660 vr;
1564 2611 1758 2649 omnes
1785 2597 1908 2649 illos
1939 2611 2079 2665 quos

491 2713 658 2768 supra
697 2693 1080 2749 recensuimus
1131 2706 1259 2744 xxix
1292 2690 1536 2760 integros
1577 2689 1901 2743 consulatus
1950 2703 2078 2757 per-

490 2789 688 2843 currit.
733 2786 849 2840 Sub
891 2784 1173 2839 tricesimo
1208 2783 1406 2838 deinde
1447 2783 1775 2845 consulatu,
1817 2797 2007 2836 mense
2045 2797 2080 2834 x

491 2883 560 2936 ad
604 2880 872 2936 Joannem
911 2878 1182 2943 accessit,
1231 2875 1392 2948 447
1443 2877 1511 2930 ab
1559 2892 1732 2946 eoque
1773 2876 2081 2944 baptizatus

489 2978 595 3033 est,
633 2983 826 3023 annoa
859 2968 1024 3021 natali
1058 2982 1159 3021 suo
1189 2982 1317 3029 xxx,
1351 2966 1524 3037 Athyr
1557 2965 1860 3021 secundum
1907 2963 2080 3035 [Egy-

491 3065 631 3132 ptios
662 3077 772 3129 xu,
815 3077 864 3114 vt
894 3059 972 3114 ld.
1014 3058 1262 3122 Novem;
1294 3057 1497 3113 Gracis
1543 3074 1673 3114 vero
1703 3059 1784 3113 Dii
1818 3073 1943 3124 vm;
1983 3056 2082 3110 Sa-

493 3153 768 3216 laminiis,
827 3154 942 3207 sive
983 3150 1538 3216 Constantiensibus,
1574 3151 1719 3206 tertii
1760 3150 1966 3204 Clueac
1993 3163 2078 3214 vi;

491 3212 1096 3319 Paphiis,-Apogonici
1145 3260 1270 3309 va;
1328 3212 1602 3298 Arabibus
1650 3212 2077 3313 Angalthabaith
2107 3212 2150 3270 ϐ

493 3355 657 3405 xxn;
728 3337 1118 3394 Macedonibus
1182 3335 1404 3406 Apellaei
1474 3352 1604 3402 va;
1659 3334 2080 3405 Cappadocibus

492 3434 734 3485 Aratatze
769 3447 870 3495 xv;
912 3429 1342 3484 Atheniensibus
1375 3426 1786 3498 Mctagitnionis
1830 3443 1941 3493 vn;
1970 3425 2080 3482 lle-

493 3523 658 3576 bracis
689 3521 1084 3575 Marchesuvan
1121 3520 1330 3573 vu.Cui
1365 3517 1585 3588 quidem
1613 3519 1898 3573 sentcntiae
1922 3518 2082 3573 Luca:

493 3631 716 3688 quoque
774 3613 1122 3684 sulfragatur'
1165 3611 1561 3681 Evangelium,
1609 3612 1664 3664 in
1716 3628 1826 3681 quo
1861 3612 1966 3667 ista
2006 3613 2084 3667 le-

494 3718 742 3778 guntur:
781 3707 911 3760 Erat
944 3720 1118 3759 autem
1143 3703 1299 3758 Jesus
1333 3705 1587 3773 incipiens
1626 3705 1784 3774 quasi
1822 3721 2082 3758 annorum

496 3817 626 3867 xxx,
657 3799 798 3869 ﬁlius
819 3839 834 3864 ,
892 3808 948 3852 ut
977 3797 1297 3867 putabatur,
1318 3795 1511 3866 Joseph
1541 3799 1582 3850 ’.
1624 3796 1753 3852 Post
1784 3797 1898 3852 haec
1939 3813 1968 3852 a
2003 3813 2080 3853 xu

495 3896 584 3949 die
623 3894 798 3964 Athyr
823 3892 1139 3960 pricdicavit
1169 3905 1373 3944 annum
1408 3891 1797 3959 acceptabilem
1834 3889 2081 3955 Domini,

495 3984 952 4056 quemadmodum
1057 3983 1224 4037 Isaias
1316 3981 1581 4052 prOpheta
1682 3982 2080 4052 prmdixerat:

497 4079 732 4148 Spiritus
772 4075 986 4128 Domini
1027 4090 1183 4143 super
1217 4089 1333 4138 me;
1374 4089 1467 4142 pro
1499 4089 1557 4124 eo
1601 4073 1740 4142 quod
1777 4073 1930 4126 unxit
1967 4090 2077 4136 me,

495 4169 858 4239 euangelizare
900 4167 1218 4237 pauperibus
1251 4165 1396 4218 misit
1427 4179 1506 4216 me
1531 4179 1550 4228 ;
1586 4165 1878 4232 prwdicare
1916 4167 2085 4234 capti-

499 4266 578 4318 vis
611 4262 973 4316 remissionem
1028 4267 1362 4327 peccatorum
1387 4297 1400 4316 .
1437 4267 1484 4310 et
1509 4258 1661 4310 ca’cis
1700 4258 1904 4321 visum;
1949 4273 2088 4325 prte-

497 4357 680 4410 dicare
711 4370 908 4408 annum
957 4351 1176 4407 Domini
1215 4350 1616 4419 acceptabilem,
1663 4359 1712 4403 et
1761 4351 1900 4403 diem
1939 4351 2089 4404 retri-

497 4449 729 4503 butionis
755 4447 796 4501 ³.

2173 769 2305 833 Θεὸς
2334 769 2526 837 Λόγος,
2565 758 2744 840 σάρκα
2767 768 2825 822 δὲ
2852 768 3250 838 ἀναδεξάμενος
3275 767 3415 838 ὑπὲρ
3457 766 3613 836 ἡμῶν
3653 782 3753 818 πα-

2175 859 2286 914 θεῖν
2309 861 2648 927 κατεδέξατο,
2672 861 2756 913 ίνα
2791 858 2886 913 τοῦ
2915 859 3145 913 Θανάτου
3196 858 3257 911 τὸ
3314 858 3437 912 καθ’
3462 856 3619 927 ἡμῶν
3647 873 3761 926 χει-

2177 955 2448 1025 ρόγραφον
2496 953 2656 1024 λύσῃ.
2715 953 2848 1006 Μετ’
2876 952 3092 1022 ἐκείνην
3127 951 3235 1023 γὰρ
3274 951 3373 1021 τὴν
3413 947 3675 1002 ὑπατείαν
3700 949 3761 1000 ἐν

2171 1048 2250 1119 τῷ
2287 1047 2596 1120 τριακοστῷ
2645 1047 2755 1100 ἔτει
2799 1048 2964 1101 αὑτοῦ
2996 1045 3400 1118 σημαινομένην
3442 1044 3578 1112 ἄλλη
3619 1043 3760 1096 ὑπα-

2172 1141 2291 1194 τεία
2318 1139 2529 1208 γέγονε,
2568 1138 2836 1209 λεγομένη
2876 1139 2983 1191 τῶν
3019 1138 3111 1190 δύο
3146 1136 3402 1208 Γεμηνῶν
3423 1151 3438 1165 ·
3464 1133 3583 1186 εἶτα
3624 1133 3758 1204 ἄλλη

2174 1231 2405 1285 ὑπατεία
2455 1229 2682 1298 Ῥούφου
2714 1231 2806 1283 καὶ
2851 1231 3284 1292 Ῥουὸελλίωνος.
3319 1228 3426 1280 Καὶ
3457 1225 3628 1289 οὕτως
3665 1243 3761 1296 με·

2171 1324 2443 1394 ταζοὺσης
2481 1322 2581 1393 τῆς
2635 1324 2896 1388 ὑπατείας
2919 1324 3016 1394 τῆς
3045 1322 3180 1394 μετὰ
3201 1321 3296 1393 τὴν
3319 1321 3580 1374 ὑπατείαν
3615 1320 3762 1371 Ῥου-

2175 1417 2481 1478 ϐελλίωνος,
2503 1415 2627 1485 ἥτις
2659 1416 2885 1487 ὕστερον
2919 1412 3080 1487 ἦλθεν
3106 1416 3409 1468 Οὑῖννικίου
3431 1412 3757 1483 καλουμένη,

2174 1509 2268 1560 καὶ
2298 1506 2562 1575 Λογγίνου
2588 1507 2854 1571 Κασσίου,
2886 1507 3085 1577 πάσχει
3106 1507 3134 1558 ὁ
3161 1505 3352 1577 Σωτὴρ
3379 1507 3434 1558 ἐν
3461 1507 3528 1576 τῇ
3557 1503 3661 1574 πρὸ
3691 1508 3759 1570 ιγ’

2173 1599 2830 1669 Καλανδῶνᾌπριλλίων.
2859 1601 2970 1653 Καὶ
3008 1600 3328 1672 ἐλήλεγκται
3359 1597 3561 1651 τούτων
3589 1597 3763 1650 ἁπαν.-

2171 1710 2279 1744 των
2302 1694 2334 1761 ἡ
2367 1689 2566 1757 πλάνη,
2598 1690 2997 1761 εὑρισκομένης
3022 1691 3207 1758 σαφῶς
3233 1690 3330 1760 τῆς
3352 1689 3494 1742 κατὰ
3519 1688 3615 1759 τὴν
3637 1687 3762 1755 ἀλή-

2177 1787 2330 1842 θειαν
2357 1787 2730 1849 διδασκαλίας,
2755 1784 2827 1847 ὡς
2863 1784 2923 1836 οὑ
2955 1782 3112 1853 μόνον
3141 1782 3233 1834 δύο
3266 1781 3472 1852 χρόνων
3516 1779 3762 1849 περίοδος

2106 1865 2148 1924 Β
2178 1879 2407 1948 Πασχῶν
2457 1879 2514 1930 ἐν
2557 1879 2669 1939 τοῖς
2718 1872 3071 1942 Εὑαγγελίοις
3119 1871 3442 1942 ἐμφέρεται,
3485 1869 3618 1924 ἀλλὰ
3667 1871 3764 1921 καὶ

2174 1989 2360 2024 τοιων.

2247 1991 2360 2023 ιων.

2208 1991 2372 2117 ρΚΔ’.
2413 2060 2774 2131 Γεννηθέντος
2798 2058 2906 2129 γὰρ
2931 2056 3096 2111 αὑτοῦ
3134 2056 3264 2127 περὶ
3287 2055 3377 2108 τὸν
3406 2054 3764 2124 ’ῐαννουάριιν

2179 2156 2345 2228 μῆνα,
2389 2153 2638 2207 τουτέστι
2667 2150 2775 2221 πρὸ
2836 2149 2982 2202 ὀκτὼ
3011 2147 3179 2201 Είδῶν
3218 2146 3613 2215 Ἰαννουαρίων,
3642 2146 3764 2214 ἥτις

2177 2249 2294 2302 ἐστι
2315 2243 2777 2315 κατὰῬωμαίους
2802 2241 3027 2311 πέμπτη
3052 2237 3145 2290 τοὺ
3185 2236 3544 2307 Ἰαννουαρίου
3573 2235 3762 2306 μηνὸς,

2177 2340 2318 2393 κατὰ
2345 2337 2677 2406 Αἰγυπτίους
2700 2333 2837 2386 Τυϐὶ
2863 2331 3144 2400 ἑνδεκάτη·
3174 2328 3316 2382 κατὰ
3338 2327 3564 2398 Σύρους,
3589 2327 3764 2378 εῖτουν

2181 2433 2468 2502 Ἕλληνας,
2506 2427 2776 2481 Δὺδυνέου
2811 2426 2993 2478 ἕκτου·
3045 2422 3185 2476 κατὰ
3235 2421 3539 2491 Κυπρίους,
3587 2418 3766 2471 είτουν

2180 2521 2558 2593 Σαλαμινίους,
2600 2519 2851 2589 πέμπτου
2886 2515 3145 2586 πέμπτη·
3186 2512 3326 2566 κατὰ
3355 2512 3596 2580 Παφίους
3632 2510 3763 2563 Ἰού-

2179 2616 2272 2668 λου
2304 2609 2894 2683 τεσσαρεσκαιδεκάτη·
2942 2605 3080 2660 κατὰ
3111 2603 3358 2675 Ἄραϐας
3397 2602 3608 2672 Ἀλεὼμ
3652 2606 3758 2654 κα’·

2181 2704 2324 2758 κατὰ
2351 2702 2724 2764 Καππαδόκας
2774 2699 3013 2770 Ἀταρτᾶ
3053 2704 3140 2766 ιγ’·
3176 2697 3318 2749 κατὰ
3353 2694 3635 2767 Ἐϐραίους
3671 2692 3762 2743 τι·

2182 2797 2305 2869 ϐιὴθ
2339 2804 2425 2866 ιγ’·
2463 2796 2602 2849 κατὰ
2648 2793 2964 2863 Ἀθηναίους
2984 2788 3484 2862 Μαιμακτηριῶνος
3521 2793 3602 2852 ς’·
3635 2803 3763 2856 παρ-

2182 2890 2311 2963 ῆλθε
2358 2889 2458 2952 τὰς
2503 2885 2914 2958 προειρημένας
2951 2883 3216 2944 ὑπατείας
3258 2878 3590 2934 είκοσιεννέα
3639 2877 3757 2947 πλή-

2185 2999 2328 3054 ρεις·
2360 2982 2438 3044 είς
2477 2979 2534 3032 δὲ
2560 2978 2658 3048 τὴν
2698 2975 3025 3048 τριακοστὴν
3051 2972 3336 3035 ὑπατείαν,
3369 2971 3511 3042 φημὶ
3547 2969 3606 3022 δέ
3643 2969 3765 3038 περὶ

2183 3069 2276 3121 τὸν
2305 3068 2528 3122 δέκατον
2553 3066 2718 3136 μῆνα,
2748 3061 2879 3136 ἦλθε
2911 3065 3046 3133 πρὸς
3075 3063 3166 3118 τὸν
3200 3063 3471 3131 Ἰωάννην,
3509 3060 3603 3112 καὶ
3639 3058 3761 3111 ἐϐα-

2185 3162 2386 3232 πτίσθη
2417 3163 2474 3214 ἐν
2515 3160 2753 3231 Ἰορδάνῃ
2778 3157 3006 3229 ποταμῷ
3030 3157 3124 3210 τοῦ
3146 3154 3468 3228 τριακοστοῦ
3493 3154 3646 3216 ἔτους
3671 3153 3765 3223 τῆς

2183 3255 2450 3324 ἐνσάρκου
2467 3253 2793 3322 γεννήσεως,
2811 3251 3056 3304 τουτέστι
3080 3249 3220 3303 κατὰ
3242 3247 3569 3315 Αἰγυπτίους
3607 3245 3766 3314 Ἀθὺ(

2179 3345 2476 3418 δωδεκάτῃ,
2510 3343 2613 3414 πρὸ
2651 3343 2710 3409 ἐξ
2767 3343 2939 3396 Εῐδῶν
2967 3339 3310 3413 Νοεμϐρίων·
3332 3338 3473 3391 κατᾶ
3503 3336 3766 3405 Ἕλληνας

2181 3439 2305 3491 Δίου
2334 3445 2382 3509 η’
2400 3456 2413 3468 ·
2443 3439 2586 3492 κατὰ
2611 3435 2993 3508 Σαλαμινίους,
3027 3436 3155 3497 τοὺς
3183 3434 3279 3487 καὶ
3306 3431 3765 3492 Κωσταντιαίους.

2181 3530 2366 3600 τρίτου
2401 3529 2574 3582 Χοιὰκ
2633 3535 2717 3594 ς’·
2769 3527 2912 3580 κατὰ
2955 3527 3198 3594 Παφίους
3234 3523 3616 3593 Ἀπογονιστοῦ
3661 3523 3735 3588 ις’

2184 3621 2325 3675 κατὰ
2347 3621 2592 3692 Ἀραϐας
2621 3619 3049 3689 Ἀγγαλθαῦαεὶθ
3067 3618 3151 3689 κβ¹
3169 3635 3183 3650 ·
3196 3617 3336 3672 κατὰ
3348 3617 3668 3679 Μακεδόνας
3693 3616 3778 3668 'A-

2185 3712 2440 3767 πελλαίου
2472 3719 2566 3778 ις’·
2593 3712 2733 3766 κατὰ
2775 3712 3153 3774 Καππαδόκας
3188 3710 3460 3780 Ἀρατατᾶ
3509 3715 3594 3761 ιε’·
3631 3708 3774 3761 κατὰ

2197 3805 2514 3875 Ἀθηναίους
2541 3804 3008 3874 Μεταγειτνιῶνος
3037 3803 3270 3874 ἐϐδόμῃ·
3308 3802 3450 3856 κατὰ
3488 3799 3774 3870 Ἐϐραίους

2184 3897 2515 3970 Μαρεσουὰν
2544 3898 2775 3970 ἐϐδόμῃ·
2814 3897 2890 3960 ὼς
2919 3897 3286 3966 ἐπιμαρτυρεῖ
3308 3912 3409 3965 μου
3433 3891 3510 3964 τῷ
3539 3893 3683 3963 λόγῳ
3712 3896 3776 3944 τὸ

2185 3989 2342 4058 ἅγιον
2379 3988 2521 4043 κατὰ
2553 3991 2767 4043 Λουκᾶν
2790 3988 3140 4057 Εὑαγγέλιιον,
3166 3979 3269 4040 ὧδέ
3297 4003 3413 4048 πως
3441 3983 3625 4053 λέγον·
3655 3981 3766 4038 Ἦν

2185 4081 2253 4135 δὲ
2303 4081 2536 4150 Ἰησοῦς
2573 4081 2904 4150 ἀρχόμενος
2936 4080 3078 4133 ὡσεὶ
3123 4078 3275 4132 ἐτῶν
3323 4076 3660 4147 τριάκοντα,
3691 4074 3776 4128 ῶν

2186 4173 2338 4239 υἱὸς,
2396 4173 2477 4239 ὡς
2520 4172 2819 4242 ἐνομίζετο
2867 4167 3042 4234 εἶναι,
3078 4170 3185 4224 τοῦ
3230 4169 3470 4238 Ἰωσήφ.
3513 4169 3620 4223 Καὶ
3667 4170 3774 4221 ἀπ-

2187 4263 2434 4316 εντεῦθεν
2460 4263 2567 4316 ὑπὸ
2601 4263 2760 4334 Ἀθὺρ
2775 4262 3053 4332 δωδεκάτη
3073 4264 3092 4294 ⁵
3123 4260 3485 4334 κηρύττοντος
3504 4259 3668 4313 αὑτοῦ
3685 4257 3775 4311 τὸν

2187 4354 2375 4407 δεκτὸν
2427 4354 2670 4408 ἐνιαυτὸν
2719 4353 2949 4424 Κυρίου,
2994 4354 3136 4408 κατὰ
3184 4354 3255 4408 τὰ
3303 4355 3360 4406 ἐν
3410 4352 3489 4423 τῷ
3521 4353 3777 4423 προφήτῃ

2203 4448 2400 4519 Ἡσαΐᾳ
2429 4445 2803 4519 προειρημένα
2824 4464 2836 4477 ·
2869 4447 2950 4500 ὅτι
2980 4446 3224 4515 Πνεῦμα
3261 4445 3482 4514 Κυρίου
3530 4443 3624 4497 ἐπ’
3647 4444 3776 4512 ἐμὲ,

497 4538 570 4599 οὗ
614 4542 850 4595 εἵνεκεν
895 4537 1106 4608 ἔχρισέ
1137 4551 1241 4607 με·
1275 4537 1785 4607 εὐαγγελίσασθαι
1832 4537 2092 4607 πτωχοῖς
2129 4543 2479 4597 ἀπέσταλκέ
2503 4561 2601 4613 με,
2633 4543 2886 4610 κηρύξαι
2934 4542 3333 4612 αἰχμαλώτοις
3385 4542 3625 4611 ἄφεσιν,
3675 4557 3776 4594 και

498 4634 751 4705 τυφλοῖς
805 4632 1163 4700 ἀνάϐλεψιν,
1218 4631 1474 4698 κηρύξαι
1535 4630 1818 4684 ἐνιαυτὸν
1867 4631 2092 4699 Κυρίου
2123 4634 2360 4699 δεκτόν,
2394 4636 2493 4691 καὶ
2519 4636 2749 4706 ἡμέραν
2778 4635 3266 4700 ἀνταποδόσεως.

568 4724 738 4780 XXV.
765 4723 936 4779 Plane
965 4723 1186 4794 quidem
1229 4737 1434 4775 annum
1470 4720 1790 4791 prmdicavit
1833 4728 2082 4791 accepta-

2263 4727 2391 4781 KE'.
2441 4727 2527 4790 Ὠς
2556 4725 2770 4796 άληθῶς
2813 4725 2922 4796 γὰρ
2973 4723 3238 4796 ἐκήρυξεν
3271 4723 3516 4776 ἐνιαυτὸν
3566 4723 3775 4781 δεκτὸν.

499 4819 697 4880 bilem,
761 4818 817 4871 in
869 4830 980 4886 quo
1040 4828 1201 4870 nemo
1256 4813 1304 4868 ei
1361 4813 1783 4868 contradixerit.
1838 4810 2086 4867 Primum

498 4912 647 4967 enim
698 4909 846 4964 hunc
886 4924 1089 4962 annum
1123 4917 1246 4978 post
1284 4924 1392 4961 xxx
1430 4921 1460 4959 a
1503 4907 1790 4961 nativitate
1825 4922 1924 4960 sua
1958 4923 2089 4978 pra:-

499 5003 739 5059 dicando
777 5001 1078 5072 transegit,
1133 5001 1570 5070 approbantibus
1615 5001 1926 5066 universis;
1961 5017 2086 5055 cum

501 5110 605 5152 nec
651 5093 825 5150 Judaei
868 5093 1212 5156 resisterent,
1249 5108 1351 5147 nec
1401 5093 1668 5164 gentiles,
1716 5108 1818 5148 nec
1848 5091 2090 5148 Samari-

501 5185 639 5247 tani,
663 5183 759 5240 sed
786 5181 1057 5239 dicentem
1078 5179 1276 5237 omnes
1309 5183 1642 5252 perlibenter
1669 5182 1942 5236 audirent.
1967 5181 2089 5248 Quo

498 5279 693 5334 eodem
746 5291 894 5332 anno
924 5274 1362 5346 Hierosolymam
1411 5275 1691 5337 ascendit,
1725 5283 2087 5344 posteaquam

500 5369 812 5439 baptizatus
852 5373 1050 5430 est,et
1102 5367 1221 5421 dies
1260 5379 1328 5419 χι.
1381 5366 1704 5422 tentationis
1755 5366 1970 5437 exegit,
2025 5383 2090 5420 ac

500 5461 896 5532 discipulorum
933 5460 1210 5516 delectum
1249 5459 1478 5523 habuit,
1503 5474 1628 5514 cum
1683 5459 1752 5514 ab
1785 5459 2090 5512 tentatione

500 5555 567 5610 ad
606 5554 902 5609 Jordanem
949 5553 1144 5618 rediit,
1190 5568 1255 5608 ac
1304 5553 1536 5622 traiecto
1588 5552 1724 5605 mari
1778 5549 2091 5606 Tiberiadis

500 5645 832 5702 Nazaretum
888 5644 1266 5712 contendens,
1313 5643 1752 5716 Hierosolymam
1812 5643 2087 5713 pervenit.

578 5821 595 5851 ¹
622 5819 832 5878 Coloss.
867 5836 928 5890 ιι,
965 5821 1051 5880 14.
1127 5824 1148 5855 ²
1176 5819 1308 5877 Luc.
1342 5834 1427 5887 ιιι,
1453 5820 1545 5877 25.
1627 5821 1646 5852 ³
1677 5817 1783 5877 lsa.
1819 5833 1931 5889 ut,
1961 5820 1986 5875 1
2029 5833 2149 5891 sqq.

2194 4817 2440 4870 τουτέστι
2473 4817 2548 4888 μὴ
2578 4815 3132 4887 ἀντιλεγόμενον.Τὸν
3163 4815 3272 4886 γὰρ
3295 4814 3508 4886 πρῶτον
3536 4817 3779 4869 ἐνιαυτὸν

2198 4908 2336 4980 μετὰ
2363 4909 2680 4982 τριακοστὸν
2712 4908 2830 4971 ἔτος
2859 4908 2959 4978 τῆς
2991 4906 3154 4961 αὑτοῦ
3182 4900 3448 4978 ένσάρκου
3477 4909 3780 4979 παρουσίας

2195 5000 2487 5071 ἐκήρυσσε,
2516 4999 2610 5052 καὶ
2632 5000 2834 5062 πάντες
2856 4999 3232 5069 κατεδέχοντο·
3265 4999 3359 5052 καὶ
3380 4997 3504 5051 οὑτε
3539 4999 3780 5053 Ἰουδαῖοι

2195 5092 2501 5160 ἀντέλεγον,
2542 5089 2666 5144 οὒτε
2687 5091 2834 5162 έθνη,
2863 5089 2986 5144 οὔτε
3019 5091 3382 5162 Σαμαρεῖται·
3415 5088 3553 5144 ἀλλὰ
3582 5091 3784 5156 πάντες

2197 5184 2366 5255 ἡδέως
2399 5184 2595 5255 ἤκουον
2639 5182 2823 5236 αὑτοῦ.
2869 5183 2957 5237 Ἑν
2984 5176 3027 5250 ᾧ
3061 5182 3292 5253 ἐνιαυτῷ
3327 5183 3534 5236 ἄνεισιν
3565 5185 3645 5247 εἰς
3688 5183 3786 5236 Ίε-

2197 5275 2491 5346 ροσόλυμα,
2553 5277 2691 5346 μετὰ
2740 5276 2800 5328 τὸ
2842 5275 3228 5346 βαπτισθῆναι,
3274 5277 3369 5328 καὶ
3408 5275 3639 5328 διελθεῖν
3684 5277 3786 5336 τὰς

2191 5368 2598 5438 τεσσαράκοντα
2624 5368 2836 5438 ἡμέρας
2863 5368 2957 5420 τοὺ
2985 5367 3315 5438 πειρασμοῦ,
3345 5369 3435 5420 καὶ
3458 5366 3785 5431 ἐκλέξασθαι

2191 5459 2317 5521 τοὺς
2345 5457 2537 5510 ἐαυτοῦ
2567 5456 2836 5530 μαθητὰς,
2874 5457 3205 5527 ἀνακάμψας
3229 5457 3337 5511 ἀπὺ
3357 5457 3449 5510 τοῦ
3473 5457 3782 5529 πειρασμοῦ

2194 5553 2287 5604 ἐπὶ
2317 5549 2409 5603 τὸν
2447 5549 2738 5621 Ἰορδάνην,
2766 5551 2860 5603 καλ⁹
2887 5549 3110 5603 διελθὼν
3133 5549 3228 5602 ἐπὶ
3249 5549 3348 5620 τῆς
3377 5549 3662 5618 θαλάσσης
3682 5547 3785 5617 τῆς

2195 5640 2532 5712 Τιϐεριάδος,
2563 5641 2656 5692 ἐπὶ
2683 5641 2779 5712 τὴν
2805 5639 3059 5712 Ναζαρὲτ
3094 5641 3478 5712 πορευόμενος,
3504 5640 3670 5712 ἀνέϐη
3698 5638 3783 5713 δη-

2231 5817 2332 5874 ‘F.
2366 5817 2654 5873 ἐνσάοκου.
2730 5821 2750 5851 ⁵
2786 5818 2846 5873 F.
2881 5819 3206 5893 δωδεκάτης.
