4176 6386
482 320 588 378 933

1151 308 1523 369 ADVERSUS
1566 308 1907 366 lilERESES
1941 307 2067 363 LIB.
2112 308 2177 363 ll.
2226 305 2391 363 TOM.
2431 307 2470 362 l.
2509 340 2577 348 ——
2613 306 2888 364 ιιίΕιιΕξς.
2922 307 3012 366 ιι.

3627 307 3734 364 9ῑὲ

479 432 656 488 λονότι
707 432 787 494 είς
835 429 1207 502 Ἰερουσαλήμ.
1249 430 1356 483 Καὶ
1405 431 1462 482 ὲν
1513 428 1662 499 μέσῳ
1713 427 1813 497 τῆς
1861 427 2054 498 ἑορτῆς

2162 423 2232 477 lbi
2265 427 2316 476 in
2352 424 2529 478 medio
2562 423 2701 478 festo
2737 424 3072 482 vociferatus
3103 436 3189 480 est
3217 424 3408 482 dicens
3457 445 3472 482 :
3519 425 3579 482 Si
3617 430 3734 497 quis

480 523 774 592 ὲκέκραγε,
812 519 985 589 λέγων
1005 539 1018 551 ·
1047 521 1118 572 Et
1144 539 1231 586 τις
1260 518 1428 588 διψᾷ,
1474 518 1738 588 ἐρχέσθω
1776 517 1928 585 πρός
1953 533 2052 585 με,

480 615 582 668 καὶ
617 613 854 667 πινέτω.
889 613 999 666 Καὶ
1041 611 1213 676 οὑτως
1263 611 1505 682 ἀπῆλθεν
1537 613 1616 674 εἰς
1661 611 1933 682 Ναζαρὲτ,
1959 610 2057 663 καὶ

485 705 567 768 εἰς
604 705 702 773 τὴν
751 703 1034 770 Ἰουδαίαν,
1080 703 1172 756 καὶ
1216 703 1295 766 είς
1347 701 1682 772 Σαμάρειαν,
1731 701 1824 754 καὶ
1862 701 1942 763 είς
1989 699 2058 752 τὰ

489 793 630 865 μέρη
661 794 858 865 Τύρου.
889 793 1000 846 Καὶ
1029 792 1402 864 πληρωθέντος
1426 793 1517 846 τοῦ
1547 793 1760 863 πρώτου
1786 792 2053 858 ἐνιαυτοῦ,

487 884 651 938 πάλιν
681 885 884 939 ἄνεισιν
927 887 1006 948 είς
1052 883 1414 956 Ἱεροσόλυμα.
1448 884 1558 937 Καὶ
1599 884 1784 937 λοιπὸν
1830 884 2056 956 ἐζήτουν

485 977 649 1030 αὑτὸν
679 975 874 1030 πιάσαι
905 978 963 1029 ὲν
995 978 1060 1046 τῇ
1113 976 1295 1045 ἑορτῇ,
1347 975 1442 1028 καὶ
1494 975 1856 1047 ὲφοὸήθησαν.
1901 977 1988 1030 Ἐν

485 1069 643 1141 ἐορτῇ
677 1067 881 1135 ἔλεγεν,
913 1067 992 1120 ὅτι
1046 1069 1128 1120 Ui)
1167 1068 1500 1122 καταϐαίνω
1549 1069 1637 1134 εἰς
1682 1066 1798 1136 τὴν
1841 1067 2058 1135 ἑορτὴν

483 1162 730 1226 ταύτην.
764 1159 837 1212 Οὑ
879 1159 988 1230 γὰρ
1017 1157 1287 1227 ἐψεύδετο,
1333 1159 1408 1231 μὴ
1449 1159 1696 1228 γένοιτοι
1734 1161 2057 1227 Μεσούσης

483 1251 594 1321 γὰρ
625 1249 737 1319 τῆς
765 1249 997 1318 ἑορτῆς,
1029 1245 1196 1319 ἦλθε,
1225 1251 1379 1322 φησι,
1413 1251 1512 1304 καὶ
1541 1250 1720 1318 ἀνέϐη
1758 1253 1846 1317 εἰς
1885 1251 2060 1318 Ἰεροο

436 1332 438 1334 ’
485 1343 752 1412 σόλυμα·
787 1343 883 1395 καὶ
932 1343 1178 1412 ἐλεγονσ
1213 1345 1336 1412 Οὐχ
1375 1339 1554 1409 οὗτός
1595 1344 1782 1408 ἐστιν,
1820 1344 1893 1397 ὃν
1931 1343 2058 1412 ἐζή-

484 1451 632 1491 τουν
660 1433 906 1497 πιάσαι;
935 1435 1042 1491 Kal
1085 1434 1213 1488 ιδοὺ
1246 1436 1550 1503 “app-nolo
1587 1436 1791 1490 λαλεῖ·
1814 1436 1901 1506 μὴ
1944 1436 2058 1504 ἄρα

485 1527 706 1596 ἔμαθον
729 1529 783 1580 οί
799 1526 990 1595 ἱερεῖς,
1009 1525 1096 1578 ὅτι
1122 1521 1298 1592 οὗτός
1312 1527 1483 1580 ἐστιν
1503 1531 1536 1581 o'
1550 1529 1836 1597 Χριστός;
1875 1530 2059 1584 Ἀλλὰ

485 1618 732 1687 οἴδαμεν
761 1615 938 1683 οὗτος
965 1619 1150 1672 πόθεν
1189 1617 1341 1673 ἐστι.
1374 1619 1780 1691 Μυστηριωδῶς
1820 1621 1928 1694 γὰρ
1965 1622 2058 1674 καὶ

2157 516 2299 580 sitit,
2341 517 2547 582 veniat,
2572 527 2620 570 et
2652 516 2796 570 bibat
2834 519 2876 570 ³.
2918 515 3046 571 Inde
3101 516 3425 572 Nazaretum
3465 521 3735 588 perrexit;

2155 615 2210 661 et
2239 608 2292 661 in
2325 606 2519 662 Juilam
2542 648 2557 673 ,
2585 623 2647 662 ac
2673 608 2976 663 Samariam
2995 649 3008 672 ,
3034 625 3097 662 ac
3126 608 3414 680 Tyriorum
3457 611 3736 681 regionem

2157 699 2437 769 profectus
2485 708 2592 756 est.
2634 699 2765 756 Post
2800 702 2914 756 lucc
2945 703 3165 757 evoluto
3195 704 3310 773 jam
3345 703 3525 773 priore
3559 718 3734 768 anno,

2158 789 2587 864 Hierosolymam
2637 797 2947 848 revertitur.
2985 793 3088 848 Ubi
3113 809 3239 848 cum
3277 811 3402 849 eum
3463 795 3604 850 festo
3649 793 3740 850 die

2157 885 2616 954 comprehendere
2646 887 2882 952 vellent,
2916 894 3060 940 metu
3086 886 3325 955 repressi
3357 895 3505 942 sunt.
3534 884 3611 940 Ac
3634 886 3740 941 sub

2158 974 2300 1029 idem
2337 974 2536 1030 festum
2569 978 2642 1029 ita
2699 977 2817 1032 suis
2853 976 3068 1030 locutus
3105 984 3230 1030 est:
3267 973 3388 1028 Non
3411 976 3636 1030 ascendo
3670 975 3740 1029 ad

2157 1067 2294 1120 diem
2347 1068 2540 1137 festum
2581 1070 2740 1122 istum
2770 1069 2812 1122 ‘.
2867 1069 2924 1122 In
2985 1084 3096 1138 quo
3151 1068 3294 1122 absit
3346 1077 3405 1120 ut
3455 1070 3738 1122 mentitum

2158 1161 2308 1215 illum
2363 1160 2726 1216 arbitremur!
2779 1158 2906 1213 Jam
2959 1161 3099 1213 enim
3150 1160 3234 1214 die
3288 1161 3423 1229 [esto
3478 1159 3742 1215 mediante

2158 1251 2320 1317 abiit,
2366 1252 2574 1322 inquit,
2601 1262 2650 1306 et
2695 1251 2930 1305 ascendit
2976 1252 3031 1304 in
3068 1250 3402 1305 Hierusalem
3435 1252 3491 1320 ³;
3524 1261 3573 1306 et
3602 1253 3742 1308 dire-

2159 1343 2284 1395 bant
2319 1358 2336 1396 :
2368 1339 2558 1396 Nonne
2618 1343 2703 1396 hic
2759 1352 2870 1405 est,
2925 1359 3076 1412 quem
3134 1347 3440 1413 qurerebant
3503 1362 3742 1414 compre-

2157 1433 2377 1488 hendere
2401 1438 2426 1490 γ
2449 1434 2517 1488 Ει
2563 1451 2676 1488 ecce
2706 1435 2884 1504 palam
2924 1435 3174 1504 loquitur.
3212 1435 3466 1507 Nunquid
3506 1455 3620 1492 vere
3663 1455 3746 1492 co-

2158 1538 2442 1595 gnoverunt
2483 1528 2816 1590 sacerdotes,
2867 1528 2994 1596 quia
3041 1527 3126 1580 hic
3175 1537 3250 1582 est
3313 1529 3594 1584 Christus?
3640 1529 3742 1584 S.d

2158 1617 2294 1670 hunc
2315 1619 2509 1672 scimus
2535 1618 2671 1672 unde
2699 1620 2768 1671 sit
2795 1619 2834 1672 ⁸.
2864 1616 2997 1670 Nam
3023 1633 3143 1672 cum
3175 1622 3432 1690 mystice,
3473 1638 3535 1676 ac
3576 1624 3743 1692 spiri-

487 1710 870 1782 πνευματικῶς
900 1711 1278 1781 διαλεγομένου
1314 1714 1425 1776 τοῖς
1467 1712 1630 1767 αὑτοῦ
1660 1713 1926 1782 ἀδελφοῖς,
1954 1714 2052 1767 οὐκ

2162 1706 2342 1758 taliter
2392 1707 2652 1762 fratribus
2685 1707 2801 1764 suis
2831 1709 3167 1777 loqueretur,
3195 1710 3324 1778 quid
3361 1710 3566 1766 diceret
3598 1714 3744 1782 igno~

485 1805 701 1876 ἧδεισαν
738 1804 790 1857 τί
815 1803 1016 1873 ἔλεγεν.

561 1894 753 1964 Ἔλεγε
781 1895 890 1967 γὰρ
919 1895 1099 1958 αὑτοῖς
1147 1896 1222 1966 μὴ
1268 1895 1578 1949 ἀναϐαίνειν
1608 1897 1688 1960 είς
1725 1897 1784 1951 τὸ
1820 1899 1961 1970 ἱερὸν
1999 1900 2055 1952 ὲν

484 1991 552 2059 τῇ
587 1989 747 2060 ἑορτῇ
780 1989 983 2060 ἐκείνῃ,
1001 1987 1133 2060 μηδὲ
1160 1989 1240 2051 είς
1263 1987 1353 2041 τὸν
1378 1988 1628 2059 σταυρὸν,
1651 1989 1745 2042 τοῦ
1771 1991 2056 2044 τελειῶσαι

485 2079 624 2142 τέως
647 2079 746 2150 τὴν
765 2081 1072 2150 οἰκονομίαν
1094 2079 1186 2132 τοῦ
1212 2080 1422 2144 Πάθους
1449 2080 1635 2145 αὑτοῦ,
1665 2083 1758 2134 καὶ
1789 2083 2056 2154 σωτηρίας

489 2171 805 2242 μυστήριον,
850 2174 944 2225 καὶ
987 2173 1050 2225 ὲκ
1087 2173 1297 2244 νεκρῶν
1326 2173 1646 2244 ἀναστῆναι,
1697 2175 1792 2228 καὶ
1840 2176 1920 2238 εἰς
1965 2177 2057 2229 τὸν

485 2259 712 2330 οὐρανὸν
743 2261 1006 2332 ἀναϐῆναι
1028 2279 1039 2291 ·
1079 2260 1235 2314 ἅτινα
1284 2262 1520 2332 ἐπλήρου
1565 2263 1740 2316 πάντα
1771 2264 1828 2316 ἐν
1859 2267 1924 2335 τῇ
1954 2263 2059 2334 ἰδίᾳ

486 2351 653 2404 αὑτοῦ
681 2351 916 2423 ἐξουσίᾳ.
949 2355 1058 2407 Καὶ
1081 2353 1219 2424 μετὰ
1240 2344 1414 2407 ταῦτα
1453 2355 1528 2418 ὡς
1557 2354 1934 2426 πληρωθέντος
1963 2355 2056 2408 τοῦ

485 2443 692 2506 δ.ετοῦς
717 2444 908 2514 χρόνου
947 2445 1082 2514 μετὰ
1111 2445 1172 2498 τὸ
1194 2445 1494 2515 βάπτισμα,
1519 2447 1613 2498 καὶ
1631 2447 1730 2517 τὴν
1757 2447 1921 2499 αὑτοῦ
1945 2447 2061 2515 γέν-

486 2550 662 2600 νησιν,
697 2534 806 2586 ἀπὸ
835 2535 1138 2605 Νοεμϐρίου
1184 2536 1372 2606 μηνὸς,
1419 2538 1512 2588 καὶ
1560 2536 1666 2589 ἀπὸ
1703 2538 2058 2609 Ἰαννουαρίου

491 2627 679 2696 μηνὸς,
713 2627 807 2680 καὶ
841 2630 948 2681 τῶν
994 2629 1269 2693 ἐπέκεινα,
1319 2629 1501 2682 λοιπὸν
1543 2630 1600 2681 ἐν
1636 2629 1713 2700 τῷ
1757 2632 2061 2703 τριακοστῷ

487 2716 654 2787 τρίτῳ
683 2717 791 2769 ἔτει
821 2720 919 2788 τῆς
951 2719 1116 2771 αὑτοῦ
1161 2719 1424 2788 ὲνσάρκου
1465 2722 1796 2791 οἰκονομίας,
1831 2723 1969 2793 μετὰ
1999 2723 2062 2776 τὸ

488 2806 792 2878 ὑπερϐῆναι
827 2810 988 2862 αὑτὸν
1025 2809 1123 2873 τὰς
1151 2810 1244 2863 δύο
1275 2811 1557 2875 ὑπατείας,
1588 2813 1654 2876 ἀς
1696 2813 1926 2884 ἔφημεν,
1955 2814 2062 2868 τῶν

489 2913 548 2948 τε
569 2896 660 2949 δύο
679 2897 937 2968 Γεμηνῶν
964 2900 1054 2952 καὶ
1083 2900 1182 2970 τὴν
1219 2900 1443 2969 Ῥούφου
1497 2903 1590 2954 καὶ
1629 2903 2060 2968 Ῥουϐελλίωνος,

490 2987 674 3041 λοιπὸν
702 2989 759 3042 ὲν
779 2992 842 3060 τῇ
873 2991 1030 3062 τρίτῃ
1065 2991 1318 3062 ὑπατείᾳ,
1346 2995 1402 3045 ἐν
1428 2992 1503 3064 τῷ
1525 2995 1692 3066 τρίτῳ
1717 2996 1848 3067 μηνὶ
1871 2999 2059 3069 αὐτῆς,

2085 1772 2127 1826 Β
2157 1797 2350 1852 rabant

2227 1889 2394 1962 448
2425 1888 2670 1962 Negabat
2717 1885 2866 1950 enim
2919 1913 2978 1953 se
3021 1899 3115 1954 illo
3155 1899 3242 1953 die
3305 1896 3444 1952 festo
3505 1895 3558 1950 in
3607 1902 3746 1949 tem-

2160 1981 2441 2050 plum,aut
2468 1983 2522 2038 in
2556 2000 2774 2040 crucem
2800 2003 3179 2057 ascensurum,
3219 1999 3278 2045 ut
3299 1988 3576 2044 Passionis
3611 2003 3742 2050 suae,

2159 2088 2222 2126 ac
2251 2082 2452 2128 nostra:
2481 2077 2674 2132 salutis
2704 2079 3180 2136 administratione
3212 2083 3545 2152 fungeretur,
3582 2087 3746 2150 atque

2160 2179 2189 2216 a
2222 2167 2453 2221 mortuis
2476 2171 2746 2226 excitatus
2772 2174 3016 2228 evolaret
3048 2176 3103 2228 in
3148 2175 3347 2228 cmlum
3370 2215 3384 2239 ,
3413 2188 3532 2242 qua:
3561 2173 3746 2225 omnia

2161 2271 2260 2326 pro
2335 2273 2432 2311 sua
2487 2269 2756 2328 potestate
2803 2277 2868 2317 ac
2908 2265 3186 2319 voluntate
3232 2272 3421 2334 postea
3474 2264 3744 2333 pra‘stitit.

2161 2345 2300 2400 lline
2328 2348 2550 2402 biennio
2587 2349 2698 2417 jam
2731 2352 2917 2421 elapso
2965 2365 3087 2422 post
3141 2355 3394 2422 baptismi
3443 2369 3506 2406 ac
3553 2354 3737 2406 nativi-

2162 2440 2288 2491 tatis
2324 2438 2502 2506 diem,
2554 2440 2657 2493 boc
2683 2449 2796 2507 est,
2856 2454 2981 2512 post
3014 2443 3372 2499 Novembrem
3427 2459 3490 2497 ac
3545 2441 3750 2496 Janua-

2162 2528 2303 2582 rium
2331 2571 2344 2591 ,
2370 2537 2424 2583 et
2455 2531 2772 2600 interiectos
2815 2535 3026 2604 aliquot
3059 2536 3210 2598 dies,
3243 2551 3388 2588 anno
3440 2535 3509 2588 ab
3567 2533 3750 2588 lucar—

2163 2622 2384 2675 natione
2407 2637 2505 2676 sua
2546 2639 2719 2676 xxxiii
2739 2664 2754 2688 ,
2788 2627 3078 2695 premeritis
3107 2626 3219 2694 jam
3247 2668 3260 2688 ,
3291 2627 3436 2696 quod
3470 2627 3711 2681 diximus
3731 2667 3746 2686 .

2162 2712 2540 2768 consulatibus
2599 2715 2842 2779 duobus,
2897 2719 3182 2771 amborum
3231 2718 3620 2781 Geminorum,
3687 2735 3751 2771 ac

2164 2802 2286 2855 Itali
2320 2813 2371 2858 et
2412 2803 2776 2873 Rubellionis,
2819 2809 2980 2862 tertio
3018 2810 3238 2864 demum
3283 2811 3614 2871 consulatu,
3659 2811 3752 2863 iti-

2164 2897 2396 2966 demque
2457 2899 2621 2953 tertio
2683 2907 2805 2969 post
2871 2899 3192 2956 Januariutn
3265 2917 3330 2956 ac
3392 2901 3748 2958 Februarium

2167 3003 2373 3048 mense,
2409 2989 2498 3057 qui
2528 2987 2756 3045 Martius
2787 2991 3008 3056 dicitur,
3036 2989 3274 3046 Verbum
3307 2994 3441 3047 illud
3479 2994 3750 3063 passionis

493 3079 632 3151 μετὰ
655 3079 746 3132 τὸν
791 3082 1144 3153 Ἰαννουάριον
1171 3085 1264 3136 και¹
1304 3087 1686 3156 Φευρουάριον,
1732 3089 1790 3140 ὲν
1835 3090 2059 3159 Μαρτίῳ

2169 3081 2349 3135 omnis
2393 3097 2621 3147 expers,
2672 3085 2980 3152 passionem
3041 3085 3095 3137 in
3153 3100 3319 3140 carne
3366 3103 3520 3140 suam
3562 3095 3749 3140 nostra

490 3171 645 3241 μηνὶ,
676 3171 872 3225 τελειοῖ
890 3173 950 3226 τὸ
980 3173 1073 3225 τοῦ
1111 3175 1315 3239 πάθους
1350 3181 1646 3248 μυστήριον
1669 3181 1696 3232 ὁ
1719 3181 1934 3252 ἀπαθὴς
1959 3183 2062 3233 ,⁸ιὸ-

489 3279 584 3331 γος
625 3262 809 3315 παθὼν
842 3265 897 3315 ὲν
933 3264 1095 3335 σαρκὶ
1125 3265 1193 3317 δι’
1221 3267 1387 3336 ἡμᾶς.
1419 3269 1584 3321 Μένει
1611 3269 1666 3322 δὲ
1713 3271 1771 3322 ὲν
1804 3271 2064 3342 ἀπαθείᾳ,

489 3353 564 3417 ὼς
592 3352 738 3422 λέγει
776 3353 979 3424 Πέτρος
1000 3370 1012 3384 ο
1057 3356 1422 3422 Θανατωθεὶς
1453 3359 1654 3426 σαρκὶ,
1686 3357 2066 3430 ζωογονηθεὶς

489 3440 558 3495 δὲ
591 3443 671 3508 τῷ
708 3444 1018 3512 πνεύματι.

562 3533 708 3599 ΚΕΓ.
739 3534 943 3602 Πάσχει
987 3533 1043 3586 δὲ
1079 3533 1136 3586 ὲν
1172 3536 1238 3606 τῇ
1289 3535 1396 3607 πρὸ
1433 3536 1730 3610 δεκατριῶν
1772 3540 2065 3594 Καλανδῶν

503 3625 858 3696 Ἀπριλλίων,
907 3625 1358 3697 ὑπερϐεϐηκότων
1381 3629 1562 3683 αὑτῶν
1629 3631 1756 3701 μίαν
1806 3634 2061 3705 ἑσπέραν,

487 3715 766 3768 τουτέστιν
802 3715 859 3767 ὲν
883 3717 948 3784 τῇ
986 3717 1550 3792 τεσσαρεσκαιδεκάτῃ
1578 3721 1677 3789 τῆς
1715 3721 1944 3794 σελήνης
1975 3742 2066 3776 νυ-

489 3809 710 3878 κτερινῇ
750 3808 910 3880 μέσῃ.
944 3809 1249 3879 Προέλαϐον
1269 3810 1377 3882 γὰρ
1408 3813 1502 3864 καὶ
1528 3812 1728 3881 ἔφαγον
1758 3814 1820 3866 τὸ
1853 3816 2062 3887 Πάσχα,

475 3894 565 3959 ὥς
593 3914 726 3966 φησι
753 3899 811 3950 τὸ
845 3900 1191 3967 Εὑαγγέλιον,
1224 3901 1317 3954 καὶ
1335 3904 1496 3972 ἡμεῖς
1529 3903 1787 3968 πολλάκις
1816 3906 2060 3977 εἴπομεν.

496 3988 740 4056 Ἐφαγον
777 3985 868 4044 οὖν
895 3991 954 4044 τὸ
983 3992 1172 4062 Πάσχα
1198 3993 1303 4063 πρὸ
1331 3993 1424 4045 δύο
1462 3995 1680 4067 ἡμερῶν
1720 3998 1813 4050 τοὺ
1849 4001 2062 4067 φαγεῖν,

490 4081 734 4134 τουτέστι
765 4084 828 4152 τῇ
873 4082 1030 4154 τρίτῃ
1075 4084 1310 4152 ἑσπέρας
1336 4084 1373 4149 ⁸,
1404 4085 1539 4156 ὅπερ
1587 4087 1692 4139 ἔδει
1738 4091 1803 4158 τῇ
1842 4090 2066 4163 πέμπτῃ

491 4165 749 4237 ἑσπέρας.
767 4167 835 4220 Τε
845 4169 1338 4242 σσαρεσκαιδεκάτη
1359 4171 1464 4242 γὰρ
1490 4173 1659 4237 οὕτως
1675 4171 1741 4245 ἦν
1763 4177 1794 4246 ὴ
1818 4177 2060 4249 πέμπτη.

491 4255 932 4328 Συλλαμῦάνεται
981 4261 1036 4314 δὲ
1073 4265 1137 4333 τῇ
1183 4265 1339 4335 τρίτῃ
1384 4267 1449 4335 τῇ
1502 4267 1636 4338 αὑτῇ
1681 4267 1798 4338 ὀψὲ,
1835 4271 1955 4338 ἦτις
1998 4267 2065 4341 ἦν

489 4349 745 4422 ἑνδεκάτη
769 4351 867 4421 τῆς
901 4353 1128 4424 σελήνης
1160 4355 1468 4428 νυκτερινὴ,
1499 4358 1602 4429 πρὸ
1633 4359 1824 4424 δεκαέξ
1856 4361 2066 4414 Καλαν-

2169 3186 2334 3225 causa
2395 3171 2583 3226 subiit.
2651 3173 2976 3243 Quanquam
3035 3174 3089 3228 in
3151 3192 3249 3229 sua
3311 3177 3751 3246 impossibilitate

2171 3262 2489 3329 permansit.
2521 3271 2577 3316 ut
2607 3265 2682 3316 ait
2711 3263 2906 3319 Petrus
2944 3284 2956 3318 :
2994 3265 3354 3337 Morti/iratus
3398 3286 3588 3335 carne,
3619 3271 3750 3324 viri-

2167 3353 2358 3421 ]icatus
2408 3367 2583 3407 autem
2612 3357 2802 3425 spiritu
2831 3357 2870 3410 ⁷.

2238 3527 2428 3584 XXVI.
2459 3529 2664 3587 Passus
2694 3543 2777 3588 est
2821 3549 2918 3589 xm
2955 3537 3078 3590 Kal.
3113 3537 3264 3607 Αρικ,
3294 3556 3416 3592 eum
3455 3539 3527 3592 illi
3561 3555 3750 3609 vespe-

2168 3635 2283 3673 ram
2315 3636 2480 3675 unam
2518 3627 2975 3684 anteverlissent;
3005 3628 3108 3680 hoc
3133 3636 3217 3681 est
3252 3632 3374 3680 luna
3414 3646 3501 3681 xw
3535 3643 3751 3684 noctur-

2169 3726 2238 3764 na
2278 3711 2475 3765 media.
2513 3711 2789 3782 Siquidem
2828 3729 2952 3770 ante
2988 3723 3204 3785 tetnpus
3264 3719 3340 3770 illi
3397 3717 3607 3774 Pascha
3659 3735 3752 3775 co-

2169 3803 2492 3867 mederunt,
2526 3813 2584 3857 ut
2635 3804 2987 3876 Evangelium
3044 3816 3313 3871 testatur,
3343 3825 3407 3863 ac
3468 3826 3572 3866 nos
3605 3827 3749 3880 saepe

2169 3896 2501 3950 monuimus.
2527 3894 2707 3962 Quare
2748 3899 2914 3952 biduo
2937 3910 3061 3954 ante
3094 3901 3390 3970 legitimum
3421 3901 3563 3955 diem
3595 3919 3751 3972 epit--

2168 3991 2278 4044 lum
2314 3988 2575 4046 Paschale
2625 3993 2992 4047 celebrarunt.
3029 3993 3140 4048 lloc
3175 4004 3260 4048 est
3312 3995 3446 4050 feria
3479 3996 3639 4050 tertia
3680 3997 3748 4050 ad

2167 4083 2632 4151 vesperam,quod
2659 4084 2848 4152 quinta
2878 4086 2991 4140 lieri
3016 4088 3279 4156 oportuit.
3303 4085 3375 4140 Ita
3400 4089 3750 4158 enimquinta

2169 4171 2222 4224 in
2257 4172 2522 4225 decimam
2570 4183 2822 4242 quartam
2881 4176 3173 4230 incidebat.
3233 4177 3499 4232 Cancrum
3556 4179 3748 4234 eadem

2169 4263 2259 4316 illa
2300 4264 2473 4331 feria,
2526 4266 2612 4320 die
2656 4267 2814 4320 tertia
2858 4269 2923 4320 ad
2976 4285 3256 4337 vesperam
3322 4271 3751 4340 comprehensus

2167 4363 2270 4417 est,
2331 4371 2452 4424 quae
2503 4365 2620 4410 erat
2654 4358 2778 4410 luna
2815 4374 2868 4412 xl
2926 4368 3195 4413 nocturna
3227 4401 3241 4426 ,
3302 4377 3390 4414 va
3423 4361 3542 4417 Kal.
3589 4365 3746 4434 Apr.;

489 4439 595 4494 δῶν
611 4443 958 4515 Ἀπριλλίωνο
987 4445 1178 4517 τετρὰς
1208 4447 1481 4518 δωδεκάτη
1509 4451 1814 4522 νυκτερινὴ,
1841 4453 1946 4524 πρὸ
1975 4453 2059 4506 δε-

2168 4456 2359 4514 quarta
2396 4448 2559 4514 feria,
2603 4448 2901 4519 eademque
2943 4461 3209 4506 nocturna
3235 4453 3361 4507 luna
3397 4470 3470 4507 xtl
3493 4492 3508 4517 ,
3535 4469 3601 4509 xv
3624 4453 3746 4510 Kal.

489 4537 722 4590 καπέντε
738 4536 1022 4593 Καλανδῶν
1037 4539 1381 4608 Ἀπριλλίων·
1398 4540 1621 4613 πέμπτη
1643 4544 2060 4618 τρισκαιδεκάτη

489 4630 744 4701 ήμερινὴ,
771 4630 1058 4701 νυκτερινὴ
1089 4631 1146 4684 δὲ
1168 4632 1752 4703 τεσσαρεσκαιδεκάτη,
1782 4635 1887 4707 πρὸ
1913 4637 2063 4690 δεκα-

487 4723 767 4793 τεσσάρων
808 4723 1100 4776 Καλανδῶν
1147 4724 1489 4795 Ἀπριλλίωνο
1533 4727 1909 4796 προσάῦϐατον
1935 4747 2061 4792 τεσ-

491 4812 953 4883 σαρεσκαιδεκάτη
969 4814 1274 4884 νυκτερινὴ,
1292 4813 1397 4885 πρὸ
1411 4814 1824 4888 δεκατεσσάρων
1840 4819 2058 4872 Καλαν-

487 4901 593 4954 δῶν
609 4903 948 4973 ⁹Απριλλίωνο
967 4903 1242 4956 Σάϐϐατον
1272 4904 1726 4978 πεντεκαιδεκάτη
1749 4910 2057 4982 νυκτερινὴ,

488 4995 596 5066 πρὸ
626 4993 850 5047 δεκαδύο
867 4994 1153 5049 Καλανδῶν
1169 4996 1510 5068 Ἀπριλλίωνο
1539 4997 1924 5068 ὲπιφὼσκουσα
1955 5002 2060 5054 Κυ-

494 5082 656 5154 ριακὴ
672 5085 1130 5156 πεντεκαιδεκάτη
1145 5090 1458 5158 νυκτερινή⁸
1479 5105 1492 5117 ·
1528 5089 1665 5160 ὅπερ
1693 5085 1762 5160 ἦν
1782 5091 2059 5162 φωτισμὸς

487 5173 637 5244 ᾇδου,
678 5175 772 5226 καὶ
821 5174 943 5244 γῆς,
985 5176 1078 5228 καὶ
1115 5176 1366 5246 οὐρανοῦ,
1419 5178 1514 5230 καὶ
1561 5180 1794 5250 ἡμέρας,
1828 5179 1916 5234 διὰ
1958 5181 2058 5252 τὴν

488 5266 980 5337 πεντεκαιδεκάτην
1005 5266 1253 5337 σελήνης,
1281 5269 1374 5320 καὶ
1399 5268 1488 5322 τὸν
1519 5269 1667 5340 ἡλίου
1698 5271 1896 5342 δρόμον
1919 5289 1933 5303 ·
1964 5274 2058 5326 καὶ

485 5351 567 5407 ὅτι
607 5355 902 5419 ἀνάστασις
949 5358 1042 5409 καὶ
1091 5357 1344 5428 ίσημερία
1376 5359 1481 5429 πρὸ
1526 5360 1716 5414 ἕνδεκα
1768 5363 2060 5417 Καλανδῶν

495 5447 840 5520 Ἀπριλλίων,
860 5449 925 5502 δι’
954 5449 1020 5519 ἣν
1052 5449 1412 5520 πλανηθέντες
1433 5452 1735 5523 ὑπέρδατον
1769 5455 1898 5526 μίαν
1921 5456 2058 5528 ὴμέ-

557 5625 916 5722 ςχειὰυτρὶίξῃ
1260 5637 1317 5722 et
1358 5629 1594 5722 ¹ἰἓέμπτῃ
1641 5621 1870 5708 ἑσπέρᾳ.
1944 5641 1964 5670 ²
1997 5639 2056 5697 F.

2162 5644 2354 5714 ιερινή.
2432 5644 2640 5722 ἕίοιιιι.
2695 5663 2790 5712 vn,
2841 5647 2932 5704 37.

484 5697 508 5730 ⁸
536 5699 670 5754 ibid.
698 5688 916 5755 25:27."
967 5700 986 5731 "
1014 5699 1029 5752 Ι
1055 5688 1206 5756 Pet}:
1236 5714 1316 5765 Ut,
1356 5700 1439 5754 18.

2167 4542 2323 4610 Apr.;
2349 4541 2537 4610 quinta
2579 4540 2714 4596 feria
2757 4557 2852 4595 xui
2889 4543 3118 4609 diurna,
3161 4552 3431 4599 nocturna
3473 4561 3602 4601 vero
3632 4562 3746 4614 xlv,

2168 4651 2258 4689 xw
2297 4635 2419 4687 Kal.
2453 4635 2624 4703 Apr.;
2661 4632 2996 4702 Parasceve,
3043 4651 3130 4689 xw
3179 4645 3484 4701 nocturna,
3515 4654 3602 4692 xlv
3623 4637 3745 4694 Kal.

2165 4727 2329 4796 Apr.;
2355 4723 2688 4790 Sabbatum,
2718 4743 2782 4781 xv
2811 4736 3080 4782 nocturna
3104 4769 3120 4795 ,
3157 4743 3234 4782 xu
3283 4728 3402 4784 Kal.
3450 4730 3618 4799 Apr.;
3649 4730 3746 4786 de-

2166 4833 2313 4871 mum
2367 4817 2646 4872 Dominica
2676 4819 2794 4876 dies
2822 4819 3023 4885 illuxit,
3068 4836 3190 4890 quae
3239 4821 3478 4885 inferos,
3509 4830 3744 4888 terram,

2161 4917 2324 4980 atque
2357 4911 2556 4965 caelum
2597 4926 2696 4966 sua
2727 4911 2850 4967 luce
2892 4912 3272 4978 collustravit,
3311 4922 3533 4982 propter
3559 4915 3742 4968 lunam

2162 5017 2231 5054 xv
2258 5001 2500 5071 solisque
2529 5017 2773 5058 cursum.
2800 5001 2939 5057 Tum
2962 5003 3110 5074 quod
3144 5005 3478 5059 resurrectio
3504 5013 3558 5060 et
3581 5007 3742 5075 aequi:

2161 5095 2403 5148 noctium
2449 5095 2504 5149 in
2547 5109 2597 5150 a.
2647 5096 2703 5150 d.
2736 5111 2788 5150 xl
2824 5095 2943 5149 Kal.
2975 5097 3105 5165 Apr.
3137 5097 3408 5151 incidunt.
3440 5095 3649 5162 Quibus
3674 5097 3743 5153 de

2160 5185 2342 5240 causis
2374 5185 2712 5250 hallucinati,
2746 5201 2856 5242 uno
2879 5187 2969 5242 die
3009 5188 3311 5259 legitimum
3358 5197 3573 5257 tempus
3605 5204 3743 5258 pne-

2164 5279 2422 5348 tcrgressi
2459 5287 2621 5345 sunt,
2663 5289 2722 5335 ut
2767 5289 2895 5337 ante
2937 5282 3199 5336 diximus.
3239 5281 3546 5352 Supersunt
3592 5281 3738 5336 enim

2163 5383 2228 5424 ex
2253 5369 2470 5425 illorum
2494 5373 2801 5430 ratiociniis
2827 5375 2977 5430 horae
3018 5374 3227 5443 aliquot
3252 5371 3600 5442 appendices,
3619 5389 3740 5443 qute

2165 5461 2328 5516 tertio
2359 5477 2577 5534 quoque
2615 5479 2760 5521 anno
2787 5465 2894 5521 diei
2918 5465 3062 5538 apud
3099 5466 3220 5520 illos
3248 5464 3410 5518 unius
3443 5463 3737 5519 discrimen

3037 5647 3056 5680 ⁸
3096 5648 3230 5704 ibid.
3267 5647 3320 5708 8.
3403 5647 3424 5680 ⁸
3463 5648 3596 5704 ibid.
3648 5647 3732 5703 Η.
