4176 6386
490 340 597 401 935

1880 349 1935 403 S.
1981 345 2321 402 EI’ll‘llANll

3650 356 3756 415 936

489 461 740 514 afferunt.
771 458 979 529 Quippe
1008 458 1255 515 lunarem
1296 457 1363 515 ad
1403 461 1624 516 modum
1662 462 1828 536 449
1869 472 2058 535 ριέιξιει

2175 485 2273 537 ραν
2302 466 2591 536 ἐποίησαν,
2627 467 2701 529 ὡς
2744 469 3025 538 προεῖπον.
3062 466 3214 539 Ἔχει
3253 468 3309 523 δὲ
3358 470 3505 539 ὥρας
3542 474 3690 537 τινὰς
3720 475 3755 547 ἡ
3819 502 3825 547 3

488 564 672 605 cccuv
694 552 832 614 dies,
860 552 1023 607 horas
1053 552 1278 622 insuper
1303 563 1601 623 quaternas
1631 557 1916 624 adjiciunt,
1947 576 2066 629 qua:

489 644 722 715 singulis
752 643 1008 699 trienniis
1049 646 1191 699 diem
1234 646 1507 715 integrum
1551 649 1869 704 conficiunt.
1908 650 1991 707 Ob
2022 652 2075 705 id

488 737 615 789 anni
651 753 741 790 xlv
787 752 1001 791 menses
1046 739 1329 806 postulant
1360 740 1718 796 intercalares
1742 759 1804 802 v.
1838 760 1902 797 eo
1930 744 2077 813 quod

487 828 553 881 de
580 829 711 883 solis
738 844 928 892 cursu,
948 832 1038 901 qui
1062 838 1143 885 est
1170 832 1382 886 dierum
1417 848 1615 887 ccc.va
1638 849 1761 887 cum
1794 836 1946 890 horis
1982 853 2067 897 ιιι,

488 935 650 973 unam
698 922 885 975 horam
934 926 1251 993 decerpunt.
1304 924 1439 979 Nam
1471 926 1623 979 horis
1664 926 1903 988 additis,
1943 928 2080 987 tiunt

486 1010 683 1064 deinde
712 1026 916 1066 cccuv
950 1013 1089 1074 dies,
1134 1030 1238 1067 una
1270 1014 1403 1068 hora
1440 1015 1643 1069 minus.
1677 1014 1831 1071 Unde
1864 1018 1941 1070 illi
1984 1034 2075 1072 xw

483 1103 646 1159 annis
677 1103 856 1158 sexies
894 1105 1295 1173 multiplicatis,
1326 1115 1384 1160 ut
1412 1123 1613 1161 Lxxxw
1663 1110 1793 1162 anni
1838 1125 2074 1163 consur-

481 1205 634 1265 gant,
690 1210 837 1251 anno
867 1210 1043 1251 Lxxxv
1076 1212 1319 1250 mensem
1359 1212 1527 1249 unum
1561 1197 1890 1251 interealant
1928 1215 2077 1268 :quo

482 1289 538 1341 ﬁt
568 1298 627 1343 ut
694 1307 869 1344 Lxxxv
920 1289 1045 1344 anni
1088 1304 1214 1343 xxxn
1263 1303 1479 1343 menses
1530 1288 1898 1355 exhauriant;
1950 1306 2075 1344 cum

482 1390 737 1451 accurata
782 1384 921 1435 ratio
976 1392 1173 1453 praster
1212 1396 1430 1438 menses
1472 1396 1614 1445 xxx,
1652 1380 1768 1435 dies
1816 1388 2077 1450 prmterea

480 1487 637 1535 xxiv,
664 1488 727 1527 ac
754 1481 864 1529 tres
892 1476 1055 1530 horas
1110 1477 1367 1546 requirat.

2175 559 2351 627 ψῆφος
2373 558 2471 625 τῆς
2492 558 2862 625 λεπτολογίας,
2891 561 3012 629 ἣτις
3035 562 3295 630 ἐμπίπτει
3318 562 3403 616 διὰ
3426 564 3561 615 ἐτῶν
3593 566 3760 635 τριῶν

2176 647 2306 716 παρ’
2336 648 2519 709 αὐτοῖς
2539 647 2951 719 διαφωνουμένη
2977 652 3008 719 ἡ
3047 651 3141 719 μία
3167 652 3371 723 ἡμέρα.
3401 654 3755 723 Προστιθέασι

2175 739 2282 811 γὰρ
2313 739 2389 808 τῷ
2417 740 2919 811 σεληνιακῷδρόμῳ
2953 744 3089 811 μετὰ
3106 744 3529 814 τὰςτριακοσίας
3558 764 3746 818 πεντη-

2178 830 2618 900 κοντατὲσσαρας
2666 832 2875 902 ἡμέρας
2920 834 3011 884 καὶ
3044 834 3207 898 ἄλλας
3247 836 3365 887 κατ’
3401 835 3517 899 ἔτος
3570 837 3757 890 τέσσα-

2182 940 2279 993 ρας
2306 922 2451 994 ὥρας
2478 940 2490 951 °
2536 923 2611 986 ὡς
2654 920 2791 976 εἶναι
2826 928 2905 987 εἰς
2940 925 3006 978 τὰ
3043 926 3167 997 τρία
3212 927 3305 995 ἔτη
3346 928 3557 997 ἡμέραν
3606 930 3752 999 μίαν.

2176 1013 2265 1065 Διὸ
2293 1013 2419 1080 παρ’
2450 1013 2631 1075 αὐτοῖς
2663 1013 2823 1065 πέντε
2866 1013 3033 1083 μῆνες
3060 1014 3336 1068 τελοῦνται
3360 1016 3643 1087 ἐμϐόλιμοι
3678 1021 3757 1080 εἰς

2176 1104 2267 1172 ἔτη
2300 1103 2695 1175 δεκατέσσαρα,
2738 1104 2825 1156 διὰ
2863 1105 2921 1157 τὸ
2963 1106 3313 1176 ἀφαιρεῖσθαι
3350 1109 3456 1161 ἀπὸ
3486 1109 3575 1161 τοῦ
3608 1110 3759 1180 ήλιαα

2178 1196 2274 1248 κοῦ
2313 1195 2511 1265 δρόμου
2539 1197 2647 1247 τῶν
2682 1196 3012 1265 τριακοσίων
3060 1197 3490 1269 έξηκονταπέντε
3536 1202 3757 1270 ἡμερῶν

2177 1289 2271 1340 καὶ
2312 1287 2469 1355 ὡρῶν
2495 1288 2662 1357 τριῶν
2707 1288 2801 1357 τὴν
2848 1288 2973 1356 μίαν
3009 1288 3177 1358 ῶραν.
3225 1290 3614 1360 Προσθεμένων
3647 1307 3757 1361 γαρ

2176 1378 2282 1431 τῶν
2317 1378 2496 1447 ὡρῶν,
2549 1377 2733 1430 λοιπὸν
2769 1378 3008 1444 γίνονται
3038 1376 3142 1441 τξε⁹
3174 1380 3377 1449 ἡμέραι,
3414 1381 3562 1451 παρὰ
3608 1379 3757 1450 ὥραν

2180 1471 2327 1542 μίαν.
2361 1472 2523 1524 Ὅθεν
2557 1473 2710 1524 αὐτοὶ
2738 1471 2922 1534 ἑξάκις
2950 1471 3487 1536 πολυπλασιάσαντες
3510 1472 3578 1525 τὰ
3600 1472 3757 1530 δεκα,

479 1586 719 1657 τέσσαρα
768 1588 861 1659 ἔτη
914 1588 1007 1641 τοῦ
1058 1590 1413 1661 όγδοηκοστοῦ
1449 1592 1711 1663 τετάρτου
1750 1588 1926 1651 ἔτους,
1970 1592 2026 1641 ἐν
2074 1587 2150 1657 τῷ
2190 1586 2529 1657 ὀγδοηκοστῷ
2572 1588 2806 1656 πέμπτῳ
2851 1587 3092 1639 τιθέασιν
3122 1586 3416 1657 ἐμϐόλιμον
3456 1586 3550 1639 ἕνα
3591 1586 3753 1657 μῆνα,

478 1682 558 1742 εἰς
598 1680 658 1731 τὸ
697 1676 834 1733 εἶναι
880 1682 1171 1751 τριάκοντα
1189 1684 1280 1735 καὶ
1312 1684 1405 1735 ἕνα
1426 1685 1570 1754 μῆνα
1616 1688 1696 1748 εἰς
1727 1702 1794 1737 τα
1858 1682 2186 1752 ὁγδοήκοντα
2240 1682 2334 1732 καὶ
2386 1680 2545 1732 πέντε
2586 1678 2703 1748 ἐτη,
2733 1679 2928 1742 οἵτινες
2982 1678 3211 1747 ὤφειλον
3266 1673 3401 1728 εἷναο
3426 1695 3437 1706 ο
3470 1677 3611 1730 κατὰ
3659 1677 3755 1746 τὴν

475 1774 762 1845 ἀκρίϐειαν
800 1780 1177 1846 τριακονταεῖς
1212 1778 1340 1847 μὴν,
1390 1779 1485 1831 καὶ
1519 1779 1959 1849 εἰκοσιτέσσαρες
2012 1775 2238 1850 ἡμέραι,
2263 1776 2355 1828 καὶ
2376 1770 2514 1843 ὧραι
2549 1777 2717 1843 τρεῖς.

547 1891 761 1947 Χιινιι.
806 1894 937 1959 Quae
972 1911 1097 1948 eum
1145 1896 1253 1952 illis
1290 1896 1581 1951 aberrandi
1628 1913 1797 1953 causa
1847 1899 2058 1964 fuisset,

2241 1899 2362 1953 KZ'.
2404 1895 2631 1950 Ἕνεκεν
2652 1894 2832 1947 τοίνυν
2859 1894 3049 1947 τούτου
3080 1893 3200 1946 τότε
3227 1892 3544 1959 σταλέντες,
3573 1891 3631 1942 οὐ
3662 1889 3756 1960 μό-

476 1998 585 2037 non
616 1986 781 2039 modo
826 1988 1216 2055 perturbantes
1274 1990 1482 2053 omnia,
1538 1989 1707 2045 biduo
1766 1991 2063 2062 legitimum

477 2073 762 2132 Paschalis
802 2085 1017 2147 tempus
1047 2088 1483 2147 anteverterunt,
1531 2082 1625 2136 sed
1666 2090 1720 2137 et
1756 2098 1865 2136 uno
1908 2085 2065 2137 insu-

476 2184 573 2236 per
597 2167 691 2222 die
710 2172 1108 2241 praetergressi,
1145 2172 1356 2243 magnis
1393 2190 1453 2227 se
1491 2174 1778 2228 erroribus
1813 2174 2064 2244 implica-

477 2267 626 2313 runt.
673 2260 779 2314 Sed
830 2262 1077 2317 veritatis
1112 2265 1347 2334 sapienti
1401 2266 1639 2334 quadam
1686 2265 2064 2319 moderatione

478 2350 681 2405 factum
738 2360 825 2405 est
868 2361 927 2405 ut
960 2369 1122 2423 quam
1171 2355 1525 2409 exactissima
1570 2355 1637 2409 ad
1680 2356 1913 2410 salutem
1962 2370 2061 2409 no-

475 2451 649 2497 stram
684 2443 1025 2498 referrentur
1066 2446 1344 2499 universa.
1385 2445 1568 2512 Quare
1611 2455 1734 2516 post
1778 2454 2060 2516 peractum

474 2530 707 2597 Pascha,
782 2532 1030 2589 Salvator
1090 2535 1143 2587 in
1192 2542 1432 2589 montem
1487 2535 1734 2593 secessit,
1778 2550 1905 2587 cum
1959 2535 2060 2588 hoc

477 2622 655 2691 ipsum
701 2622 909 2677 Pascha
947 2622 1297 2686 connedisset,
1345 2620 1492 2690 quod
1537 2620 1813 2675 desiderio
1847 2620 2062 2674 deside-

475 2727 632 2766 rasse
662 2728 719 2766 se
746 2712 879 2765 dicit
903 2713 941 2765 ί.
972 2710 1209 2765 Proinde
1232 2711 1442 2765 Pascha
1476 2710 1587 2763 illic
1616 2708 1906 2763 Judaicum
1934 2724 2059 2762 cum

475 2802 765 2873 discipulis
807 2803 1081 2867 comedit;
1119 2817 1220 2855 nec
1254 2802 1414 2855 aliter
1447 2800 1593 2855 istud
1628 2801 1737 2869 egit
1772 2801 1920 2869 ipse,
1965 2800 2059 2855 sed

475 2898 666 2951 eodem
706 2910 936 2967 prorsus
977 2894 1162 2958 modo,
1194 2909 1303 2964 quo
1362 2902 1416 2948 et
1448 2895 1524 2947 illi
1558 2894 1955 2963 prmstiterunt,
2002 2902 2060 2947 ut

475 3003 544 3042 ne
580 2989 741 3059 legem
772 2989 1014 3052 solveret,
1049 2986 1139 3041 sed
1170 2985 1541 3054 adimpleret'.
1580 2984 1680 3037 llic
1714 2986 1899 3054 itaque
1934 2999 2058 3038 cum

473 3080 755 3135 tricesimo
788 3094 933 3133 anno
959 3079 1071 3147 jam
1105 3078 1293 3147 elapso
1332 3077 1398 3130 ad
1433 3078 1764 3147 baptismum
1795 3077 2060 3131 accessis-

474 3181 578 3235 set,
629 3186 693 3225 ac
726 3180 850 3242 post.
903 3170 1155 3226 eumdem
1204 3170 1566 3233 tricesimum,
1615 3169 1849 3223 solidum
1902 3169 2054 3222 illum

2173 2009 2261 2043 νον
2292 1991 2591 2062 προέλαϐον
2624 1986 3035 2057 θορυϐούμενοι,
3070 1985 3167 2049 τὰς
3200 1986 3519 2056 δύοήμέρας
3547 1984 3753 2054 βεϐρω-

2168 2082 2324 2145 κότες
2357 2082 2417 2133 τὸ
2447 2082 2656 2152 Πάσχα,
2691 2075 2827 2129 ἀλλὰ
2852 2081 2945 2129 καὶ
2990 2078 3087 2147 τὴν
3122 2077 3424 2147 ὑπέρϐατον
3464 2075 3755 2147 προθέντες

2170 2174 2297 2243 μίαν
2327 2172 2560 2242 ἡμέραν,
2606 2168 2749 2224 κατὰ
2785 2167 2962 2220 πάντα
2990 2169 3187 2239 τρόπον
3231 2169 3385 2221 αὐτοὶ
3436 2168 3749 2235 σφαλέντες.

2178 2260 2238 2311 Ἡ
2273 2260 2327 2312 δὲ
2360 2260 2641 2329 οἰκονομία
2672 2261 2771 2330 τῆς
2798 2255 3055 2325 ἀληθείας
3081 2256 3448 2326 ἀκριϐέστατα
3471 2256 3538 2309 τὰ
3576 2256 3753 2310 πάντα

2165 2353 2299 2419 ἡμῖν
2336 2348 2693 2419 σωτηριωδῶς
2726 2344 3043 2419 εἰργάσατο.
3081 2342 3245 2396 Ὅθεν
3271 2343 3362 2397 καὶ
3404 2343 3566 2406 αὐτὸς
3594 2344 3621 2395 ὁ
3646 2342 3753 2394 Σωο

2164 2445 2288 2513 τὴρ,
2316 2441 2373 2494 τὸ
2400 2442 2592 2510 Πάσχα
2617 2440 2929 2505 τελειώσας,
2977 2434 3199 2505 ἐξῆλθεν
3239 2437 3317 2498 εἰς
3352 2437 3412 2486 τὸ
3455 2434 3579 2505 ὅρος
3614 2436 3749 2504 μετὰ

2163 2534 2224 2585 τὸ
2258 2533 2609 2604 βεϐρωκέναι,
2654 2533 2917 2604 ἐπιθυμίᾳ
2970 2525 3355 2604 ἐπιθυμήσας
3400 2526 3495 2580 καὶ
3543 2527 3657 2578 ἐκεῖ
3691 2528 3749 2577 τὸ

2164 2625 2354 2694 Πάσχα
2380 2624 2440 2675 τὸ
2476 2622 2766 2677 Ἰουδαϊκὸν
2792 2624 2931 2693 μετὰ
2960 2622 3068 2675 τῶν
3102 2618 3364 2695 μαθητῶν
3396 2618 3617 2694 ἔφαγεν,
3648 2618 3749 2668 οὐκ

2162 2715 2336 2777 ἄλλως
2365 2716 2617 2784 ποιήσας,
2652 2714 2787 2767 ἀλλὰ
2815 2716 2910 2768 καὶ
2941 2716 3104 2779 αὐτὸς
3133 2718 3270 2787 μετὰ
3313 2716 3419 2770 τῶν
3450 2712 3744 2772 ποιούντων

2166 2805 2292 2868 ἴσως
2327 2807 2591 2876 ποιήσας·
2623 2806 2708 2859 ἵνα
2739 2807 2813 2877 μὴ
2848 2810 3160 2877 καταλύσῃ
3200 2808 3307 2862 τὸν
3343 2812 3553 2879 νόμον,
3581 2811 3742 2864 ἀλλὰ

2161 2897 2474 2965 πληρώσῃ.
2509 2897 2618 2950 Καὶ
2644 2892 2799 2962 οὗτος
2838 2900 2978 2967 μετὰ
3008 2900 3067 2951 τὸ
3092 2900 3392 2970 ὑπερϐῆναι
3422 2902 3742 2972 τριακοστὸν

2161 2988 2301 3052 ἔτος,
2334 2991 2421 3042 ὅτε
2458 2989 2785 3060 ἐϐαπτίσθη,
2832 2991 2927 3043 καὶ
2978 2992 3117 3061 μετὰ
3152 2993 3213 3045 τὸ
3262 2993 3583 3063 τριακοστὸν
3624 2992 3742 3055 ἔτος

2161 3080 2403 3151 κηρύξας
2435 3081 2809 3152 πληρέστατον
2852 3084 3098 3136 ὲνιαυτὸν
3134 3084 3344 3148 δεκτὸν,
3372 3084 3467 3136 καὶ
3494 3084 3567 3155 μὴ
3595 3086 3715 3137 άντι

2161 3174 2471 3244 λεγόμενον,
2498 3176 2593 3227 καὶ
2619 3174 2804 3245 ἕτερον
2835 3176 3269 3246 ἀντιλεγόμενον,
3301 3178 3393 3229 καὶ
3428 3179 3484 3229 ὲν
3516 3176 3739 3247 διωγμῷ

473 3266 867 3337 acceptabilem
916 3264 1197 3333 implesset
1237 3277 1464 3325 annum,
1506 3262 1921 3315 contradicente
1957 3276 2053 3315 ne-

2163 3270 2306 3331 ὗντα,
2338 3268 2732 3338 ὲγκοτούμενόν
2766 3285 2825 3320 τε
2883 3271 2977 3321 καὶ
3007 3270 3145 3339 μετὰ
3186 3270 3274 3322 τὸν
3309 3269 3466 3323 ἄλλον
3497 3272 3740 3324 ἐνιαυτὸν

474 3362 639 3419 mine.
675 3375 796 3414 mox
838 3360 1071 3411 alterum
1101 3354 1425 3417 addidisset,
1465 3368 1573 3423 quo
1604 3360 1659 3406 et
1684 3361 2053 3422 repugnantes

471 3449 688 3505 Judtcos
719 3458 978 3518 expertus
1012 3453 1118 3509 est,
1155 3458 1208 3499 et
1237 3460 1430 3499 eorum
1468 3444 1853 3498 vexationibus
1889 3452 2053 3512 atque

472 3542 677 3597 invidia
710 3540 1004 3609 plurimum
1045 3545 1129 3591 est
1163 3537 1505 3607 exagitatus;
1549 3548 1612 3588 ac
1642 3544 1906 3603 prteterea
1939 3543 2050 3587 ter-

468 3635 607 3687 tium
639 3633 751 3701 jam
782 3631 995 3685 iniisset
1039 3644 1242 3682 annum
1276 3629 1345 3681 ab
1374 3643 1440 3682 eo
1468 3628 1556 3682 die
1599 3643 1708 3696 quo
1743 3635 1908 3681 natus
1944 3634 2052 3691 est,

473 3725 576 3778 hoc
608 3734 693 3777 est
728 3720 1183 3791 Epiphaniorum,
1217 3735 1338 3789 qua:
1378 3720 1432 3773 in
1462 3736 1515 3773 vI
1545 3718 1795 3773 Januarii
1826 3720 2053 3786 mensis,

471 3815 744 3886 [Egyptiis
768 3828 897 3867 vero
940 3811 1077 3883 Tyhi
1112 3828 1187 3865 xu
1222 3814 1534 3877 incurrunt,
1583 3812 1650 3865 ad
1688 3828 1849 3865 Lxxtv
1882 3829 2057 3883 usque

469 3912 608 3972 dies,
664 3908 780 3978 qui,
835 3916 895 3962 ut
945 3907 1152 3961 dictum
1198 3914 1304 3969 est,
1350 3906 1403 3961 in
1449 3922 1547 3959 χιιι
1575 3905 1696 3958 Kal.
1730 3908 1862 3975 Apr.
1912 3906 2058 3960 desi—

470 4011 627 4064 nunt,
660 4003 752 4071 qui
808 4012 893 4054 est
930 3998 1202 4070 [Egyptiis
1246 3998 1586 4052 Phamenoth
1628 4015 1789 4065 xxrv;
1837 4001 1941 4053 hoc
1975 4000 2052 4053 in-

467 4109 633 4163 quam
669 4092 829 4148 modo
861 4108 1011 4146 xxxu
1036 4098 1283 4161 integros
1314 4106 1509 4154 annos,
1548 4106 1610 4145 ac
1644 4091 1760 4145 dies
1793 4100 2053 4160 praeterea

469 4203 629 4240 Lxxtv
652 4187 719 4239 ab
768 4185 1092 4255 Epiphaniis
1154 4184 1419 4252 implevit.
1477 4182 1799 4238 Resurrexit
1852 4200 2054 4252 porro,

468 4287 630 4351 prout
685 4278 925 4348 ZEgyplii
981 4286 1309 4337 numerant,
1362 4274 1703 4330 Phamenoth
1752 4293 1898 4341 xxvi,
1934 4278 2055 4347 ipso

2160 3360 2401 3430 ὑπερϐάς
2434 3360 2539 3412 ἀπὸ
2565 3361 2661 3429 τῆς
2681 3361 2789 3413 τῶν
2818 3360 3104 3429 γενεθλίων
3128 3360 3293 3414 αὑτοῦ
3322 3362 3559 3432 ἡμέρας,
3582 3379 3739 3416 τουτ-

2158 3453 2305 3504 έστιν
2354 3452 2704 3520 Ἐπιφανίων,
2741 3454 2863 3522 ἥτις
2891 3452 3149 3522 τυγχάνει
3190 3454 3321 3522 ἕκτη
3376 3453 3737 3525 Ἰαννουαρίου

2164 3540 2352 3610 μηνὸς,
2383 3540 2526 3592 κατὰ
2556 3541 2613 3594 δὲ
2636 3543 2966 3610 Αἰγυπτίους
3004 3541 3140 3595 Τυϐὶ
3166 3542 3452 3612 ἑνδεκάτη,
3488 3542 3581 3596 ἐπὶ
3610 3543 3740 3606 ὅλας

2155 3632 2526 3704 ἐϐδομήκοντα
2563 3633 2838 3706 τέσσαρας
2877 3636 3113 3707 ἡμέρας,
3150 3635 3227 3700 ὡς
3253 3636 3609 3707 προείπομεν,
3635 3636 3739 3699 ἕως

2153 3724 2255 3793 τῆς
2285 3726 2389 3795 πρὸ
2427 3726 2728 3797 δεκατριῶν
2754 3726 3046 3782 Καλανδῶν
3090 3728 3434 3799 Ἀπριλλίων,
3478 3728 3572 3782 καὶ
3599 3729 3739 3781 κατὰ

2155 3817 2485 3885 Αἰγυπτίους
2535 3819 2800 3890 Φαμενὼθ
2866 3821 3105 3894 τετάρτῃ
3154 3822 3248 3875 καὶ
3281 3821 3477 3883 εἰκάδι,
3526 3820 3738 3873 ἐτέλεσε

2156 3911 2545 3980 τριακονταδύο
2579 3912 2673 3983 ἔτη
2705 3913 3075 3985 πληρέστατα,
3109 3914 3205 3967 καὶ
3240 3913 3738 3985 ἐϐδομηκοντατέσ-

2160 4021 2333 4074 σαρας
2364 4004 2578 4074 ἡμέρας
2628 4005 2736 4058 ἀπὸ
2783 4006 3134 4075 Ἐπιφανίων.
3173 4007 3285 4060 Καὶ
3336 4004 3574 4068 ἀναστάς
3617 4005 3739 4056 κατ’

2155 4097 2484 4165 Αἰγυπτίους
2512 4098 2772 4167 Φαμενὼθ
2795 4099 2930 4173 ἕκτῃ
2960 4100 3055 4154 καὶ
3084 4100 3282 4164 εἰκάδι,
3309 4100 3430 4170 ἥτις
3457 4094 3524 4171 ἦν
3557 4100 3741 4169 ἰσημεο

2160 4188 2270 4257 ρία,
2302 4191 2396 4242 καὶ
2428 4192 2535 4261 πρὸ
2554 4189 2620 4244 ια’
2646 4192 2940 4244 Καλανδῶν
2974 4192 3296 4265 Ἀπριλλίων
3316 4210 3329 4222 ·
3362 4192 3449 4243 ἵνα
3477 4190 3738 4261 εὑρεθῶσι

2157 4284 2356 4345 πάντες
2384 4282 2705 4354 ψευδόμενοι
2734 4287 2783 4337 οἱ
2822 4286 2896 4356 μὴ
2931 4285 3083 4349 ὄντες
3112 4286 3218 4339 υίοὶ
3242 4286 3339 4355 τῆς
3366 4284 3641 4357 ἀληθείας.

468 4374 805 4445 Αῐῳιὶιιοοιὶἰ
848 4374 957 4438 die,
1007 4374 1121 4428 sive
1153 4387 1209 4426 ιι
1268 4370 1389 4425 Kal.
1429 4373 1561 4441 Apr.
1629 4370 1705 4425 Ex
1742 4390 1852 4443 quo
1883 4374 2100 4429 illorum
2160 4380 2404 4434 omnium
2463 4381 2751 4437 manifesta
2806 4382 3094 4440 mendacia
3150 4396 3300 4449 sunt,
3358 4383 3453 4453 qui
3492 4380 3739 4437 veritatis

466 4482 579 4521 non
617 4475 743 4521 sunt
772 4466 889 4519 filii.

540 4557 705 4629 450
747 4554 982 4635 Χιινιιι.
1026 4556 1235 4607 Horum
1278 4554 1490 4624 primus
1533 4554 1694 4610 nobis
1726 4553 2052 4610 Valentinus

2228 4554 2362 4610 KH'.
2402 4558 2576 4623 Εὐθὺς
2613 4559 2829 4631 πρῶτος
2862 4561 3211 4624 Οὐαλεντῖνος
3245 4561 3738 4636 δραματουργήσας

465 4651 748 4705 occurrit:
784 4649 877 4718 qui
933 4648 1154 4717 quidem
1190 4661 1253 4699 ex
1298 4646 1591 4701 tricenario
1637 4660 1906 4700 annorum
1952 4662 2055 4700 nu-

468 4758 641 4804 mero,
680 4741 744 4793 ad
774 4757 932 4808 quem
974 4738 1276 4792 Salvator-is
1312 4745 1552 4801 :etatem,
1588 4753 1651 4792 ac
1691 4739 1848 4792 virile
1886 4740 2056 4794 robur

466 4834 745 4888 existimat
771 4834 936 4885 rlllSac
961 4831 1307 4900 perductum,
1342 4845 1497 4882 suam
1532 4830 1678 4882 illam
1713 4845 1925 4883 monum
1953 4831 2053 4883 tri-

468 4927 617 4995 ginta
668 4924 905 4978 fabulam
954 4922 1241 4976 confinxit.
1288 4921 1345 4975 In
1382 4938 1491 4991 quo
1537 4921 1674 4992 fugit
1714 4939 1839 4976 eum
1886 4925 2048 4976 ratio.

470 5018 584 5071 Non
615 5018 759 5073 enim
794 5018 1016 5087 triginta
1062 5016 1211 5070 solos
1241 5016 1398 5075 vixit,
1444 5014 1539 5069 sed
1586 5015 1866 5069 tricesimo
1907 5031 2052 5069 anno

468 5111 773 5181 baptizatus
832 5117 948 5171 est,
1005 5123 1127 5162 cum
1177 5108 1288 5174 jam
1341 5107 1613 5160 decimum
1660 5122 1902 5161 mensem
1958 5124 2052 5162 su-

469 5221 560 5273 pra
594 5218 723 5256 χχιιι
762 5216 937 5254 annos
980 5201 1272 5270 attigisset.
1304 5198 1476 5264 Quem
1519 5200 1663 5253 diem
1700 5210 1823 5253 ante
1857 5200 2051 5253 defini-

465 5295 643 5346 vimus
692 5307 766 5344 xu
821 5292 991 5345 fuisse
1040 5291 1247 5344 mensis
1278 5291 1470 5360 Athyr,
1525 5300 1578 5344 et
1631 5306 1725 5344 vul
1774 5290 1852 5344 ld.
1909 5290 2046 5345 Nov.

464 5382 595 5439 Post
631 5384 745 5436 haec
777 5399 898 5437 cum
941 5383 1264 5451 placabilem
1301 5382 1515 5435 Domini
1568 5383 1916 5451 prazdicasset
1961 5399 2053 5438 an-

464 5494 617 5539 num,
667 5477 944 5546 aliumque
976 5478 1160 5530 itidem
1219 5477 1652 5531 contradictione
1696 5480 1937 5547 plenum,
1981 5495 2043 5533 ac

462 5582 626 5622 LXXIV
651 5576 912 5637 praeterea
945 5570 1062 5622 dies
1087 5568 1277 5622 eadem
1316 5570 1563 5623 molestia
1596 5571 1852 5638 refertos,
1886 5574 1953 5627 ab
1978 5587 2043 5627 eo

463 5657 572 5721 die,
618 5675 726 5728 quo
758 5661 887 5713 olim
918 5661 1227 5728 baptizatus
1264 5669 1382 5713 erat
1418 5670 1542 5716 ante
1573 5666 1806 5719 natalem
1841 5680 2037 5731 suum;

535 5813 558 5849 ί
599 5813 737 5873 Luc.
780 5832 917 5886 xxu,
949 5818 1037 5874 13.
1116 5821 1137 5853 ³
1164 5817 1356 5876 Matth.
1379 5836 1449 5893 _v,
1486 5820 1573 5875 17.

2156 4652 2452 4721 τριάκοντα
2471 4656 2602 4722 ἡμῖν
2627 4655 2850 4719 αἰῶνας,
2876 4656 2983 4708 ἀπὸ
3008 4656 3102 4709 τοῦ
3124 4659 3573 4727 τριακονταέτους
3592 4660 3739 4729 νομί-

2157 4744 2265 4805 ζων
2297 4745 2396 4813 τῆς
2428 4745 2521 4797 τοῦ
2558 4746 2807 4817 Σωτῆρος
2842 4750 3132 4819 ἀναγωγῆς
3162 4750 3254 4801 καὶ
3296 4750 3616 4821 ἀνδρώσεως
3636 4752 3737 4821 τῆς

2157 4837 2318 4889 αὐτοῦ
2352 4838 2567 4907 ἡλικίας
2593 4854 2605 4867 ο
2643 4840 2741 4891 οὐκ
2776 4839 2951 4904 εἰδὼς,
2990 4842 3071 4893 ὅτι
3098 4842 3160 4892 οὐ
3190 4842 3487 4910 τριάκοντα
3516 4842 3610 4914 ἔτη
3642 4845 3739 4913 μό-

2154 4945 2243 4981 νον
2275 4929 2551 4999 εποίησεν,
2583 4930 2696 4982 ἀλλ’
2723 4931 2779 4982 ὲν
2806 4930 2882 5001 τῷ
2913 4932 3217 5003 τριακοστῷ
3241 4932 3564 5004 ἐϐαπτίσθη,
3597 4936 3738 5005 μετὰ

2154 5021 2214 5073 τὸ
2248 5020 2535 5090 πληρῶσαι
2581 5024 2913 5075 εἰκοσιεννέα
2963 5024 3057 5095 ἔτη
3111 5025 3204 5077 καὶ
3236 5025 3369 5078 δέκα
3420 5025 3618 5096 μῆνας,
3658 5026 3737 5089 ὡς

2154 5114 2518 5184 προεῖπον,τῇ
2534 5114 2811 5188 δωδεκάτῃ
2856 5114 3041 5186 ’Λθὺρ,
3079 5116 3183 5186 πρὸ
3198 5115 3341 5169 ὀκτὼ
3368 5117 3539 5171 Εἰδῶν
3564 5118 3735 5189 Νοεμ-

2153 5203 2351 5273 ϐρίων·
2388 5208 2481 5258 καί
2525 5208 2665 5276 μετὰ
2713 5206 2884 5260 ταῦτα
2938 5208 3183 5279 κηρύξας
3236 5211 3483 5265 ἐνιαυτὸν
3524 5214 3733 5283 Κυρίου

2150 5295 2338 5347 δεκτόν
2360 5312 2373 5324 ο
2413 5296 2507 5349 καὶ
2539 5298 2678 5366 μετὰ
2718 5299 2809 5351 τὸν
2843 5302 3087 5352 ἐνιαυτὸν
3120 5301 3277 5355 ἄλλον
3311 5304 3554 5356 ἐνιαυτὸν
3586 5305 3735 5358 ἀντιι

2150 5382 2459 5455 λεγόμενον,
2497 5388 2589 5439 καὶ
2609 5388 3251 5463 ἐϐδομηκοντατέσσαρας
3281 5393 3493 5465 ἡμέρας
3525 5393 3733 5447 ἀντιλε-

2151 5478 2407 5547 γομένας,
2434 5478 2583 5543 ἐξότε
2613 5480 2937 5553 ἐϐαπτίσθη,
2963 5483 3069 5553 πρὸ
3090 5483 3198 5536 τῶν
3224 5484 3386 5537 αὑτοῦ
3418 5485 3727 5554 γενεθλίων’

2149 5569 2288 5623 ὥστε
2323 5568 2460 5626 εἶναι
2500 5573 2569 5626 τὰ
2612 5575 2788 5627 πάντα
2821 5574 2916 5646 ἐτη
2948 5576 3048 5646 τῆς
3087 5576 3250 5631 αὑτοῦ
3294 5579 3559 5650 ἐνσάρκου
3587 5596 3731 5650 παρ-

2146 5666 2333 5728 ουσίας
2376 5666 2477 5731 ἕως
2513 5667 2607 5720 τοῦ
2643 5668 2847 5733 πάθους
2888 5670 2995 5725 ἀπὸ
3020 5672 3119 5743 τῆς
3149 5674 3451 5745 γεννήσεως
3487 5692 3732 5746 τριακον-
