4176 6386
356 305 461 361 9'57

1099 298 1471 356 ADVERSUS
1507 294 1852 354 HIEBESES
1880 291 2008 348 LIB.
2051 292 2116 348 11.
2159 292 2321 348 TUM.
2365 293 2479 348 1.-
2498 293 2772 348 HAEBES.
2816 292 2898 346 LI.

3502 292 3612 346 938

353 424 514 479 ταδύο
543 423 663 494 ἔτη,
706 421 802 476 καὶ
843 420 912 474 οδ¹
941 419 1152 491 ἡμέρας
1175 437 1187 449 ·
1218 420 1326 472 ἀπὸ
1357 418 1414 471 δὲ
1452 418 1627 488 ἀρχῆς
1672 415 1930 478 ὑπατείας

2039 420 2088 467 ιιι
2121 420 2298 468 ιοιιιιιι
2339 414 2460 483 ejus
2499 414 2622 473 vita:
2666 422 2882 484 tempus
2916 413 2984 467 ab
3022 422 3147 465 ortu
3188 409 3253 466 ad
3300 411 3613 488 passionem

353 510 641 568 Σιλουανοῦ
670 511 765 564 καὶ
794 508 1012 581 Νερούα
1038 508 1131 561 δύο
1158 508 1252 580 ἐτη
1296 509 1392 562 καὶ
1425 507 1527 579 ρλὸ¹
1556 507 1787 579 ἡμέρας.
1826 506 1936 558 Καὶ

353 603 674 674 ὲλήλεγκται
707 602 806 672 μὲν
835 599 1069 654 ἐνταῦθα
1093 601 1122 653 ὁ
1139 599 1536 670 προειρημένος
1560 597 1933 660 υύαλεντῖνος,

354 692 448 745 καὶ
473 693 524 744 οἱ
554 691 737 744 πολλοὶ
773 690 821 742 οί
854 686 973 743 κατ’
1005 688 1167 743 αὑτὸν
1211 689 1588 762 ἀφραίνοντες.
1633 687 1935 757 Ἠλέγχθη-

357 799 453 834 σαν
479 781 572 834 καὶ
599 782 647 833 οί
682 779 1111 849 άποὸαλλόμενοι
1144 778 1205 830 τὸ
1230 777 1372 831 κατὰ
1414 777 1665 845 Ἰωάννην
1693 774 1938 842 Εὐαγγέ-

353 873 484 936 λιον,
540 871 632 936 οὓς
678 871 900 934 δικαίως
944 870 1171 938 ἀλόγους
1227 867 1551 938 καλέσομαι,
1604 866 1790 937 ἐπειδὴ
1843 866 1934 918 τὸν

354 966 526 1034 Λόγον
551 966 645 1019 τοῦ
672 965 808 1019 Θεοῦ
848 964 1266 1028 ἀποϐάλλονταί,
1301 963 1394 1016 τὸν
1429 963 1516 1016 διὰ
1557 965 1809 1032 Ἰωάννην
1834 981 1936 1035 κηο

357 1057 646 1129 ρυχθέντα,
695 1057 961 1129 πατρικὸν
1007 1056 1138 1109 Θεὸν
1172 1057 1366 1125 Λόγον,
1401 1057 1496 1109 ἀπ’
1528 1055 1758 1126 ούρανοῦ
1804 1069 1936 1108 κατ-

355 1149 671 1220 εληλυθότα,
722 1152 820 1202 ’καὶ
876 1149 1149 1221 σωτηρίαν
1196 1151 1328 1219 ἡμῖν
1389 1147 1782 1219 ἐργασάμενον,
1835 1147 1936 1217 τῆς

356 1243 536 1312 πάσης
568 1241 734 1295 αὑτοῦ
764 1241 1031 1312 ὲνσάρκου
1080 1240 1402 1311 παρουσίας.
1437 1241 1558 1292 "Ott
1587 1240 1694 1292 ἀπό
1727 1257 1787 1292 τε
1827 1239 1935 1292 τῶν

357 1335 648 1399 ὑπατειῶν,
681 1335 774 1389 καὶ
799 1335 907 1387 ἀπὸ
929 1334 1037 1386 τῶν
1067 1333 1225 1400 ἐτῶν,
1252 1333 1346 1386 καὶ
1368 1331 1474 1386 ἀπὸ
1499 1333 1596 1403 τῆς
1621 1332 1933 1394 συστάσεως

355 1425 448 1478 τοῦ
485 1425 764 1495 προφήτου
812 1423 1054 1485 Ἡσαΐου,
1109 1423 1203 1476 καὶ
1236 1421 1344 1474 ἀπὸ
1384 1420 1478 1473 τοῦ
1532 1421 1671 1474 κατὰ
1722 1419 1935 1475 Λουκᾶν

356 1514 711 1583 Εὑαγγελίου,
734 1515 828 1567 καὶ
860 1514 966 1567 ἀπὸ
990 1513 1081 1566 τοῦ
1113 1512 1256 1566 κατὰ
1287 1512 1559 1583 Ἰωάννην,
1592 1513 1685 1566 καὶ
1707 1512 1815 1566 ἀπὸ
1841 1510 1934 1566 τοῦ

355 1606 497 1661 κατὰ
525 1607 822 1667 Ματθαῖον,
847 1606 939 1659 καὶ
961 1605 1069 1659 ἀπὸ
1093 1604 1185 1658 τοῦ
1209 1603 1350 1658 κατὰ
1377 1603 1626 1675 Μάρκον,
1651 1604 1745 1656 καὶ
1766 1603 1938 1670 ἁπαξ-

357 1698 543 1761 απλῶς
606 1697 942 1768 πανταχόθεν
987 1695 1328 1767 ἠλέγχθησαν
1379 1698 1426 1749 σε
1495 1695 1930 1766 πεπλανημένον

2037 515 2214 575 usque
2269 521 2442 561 annos
2495 522 2687 572 xxxn,
2739 521 2803 560 ac
2849 505 2970 561 dies
3026 515 3186 558 Lxxiv
3249 504 3468 573 colligat
3498 522 3511 557 :
3545 505 3615 558 ab

2037 598 2260 654 ineunte
2304 613 2436 652 vero
2479 597 2651 653 Silani
2681 614 2745 653 ac
2781 597 2974 653 Nervae
3001 596 3291 652 consulatu
3319 596 3444 650 anni
3475 595 3610 658 duo,

2036 701 2100 742 ac
2132 687 2249 741 dies
2265 703 2468 742 cxxxtv
2494 686 2770 743 ﬂuxerint.
2817 689 2891 742 lta
2931 702 3041 742 non
3073 686 3234 742 modo
3269 684 3613 750 Valentinus,

2037 777 2134 834 sed
2164 786 2221 834 et
2246 778 2444 849 reliqui
2473 779 2720 849 ejusdem
2770 787 3074 835 sectatores
3115 778 3363 842 insania},
3404 779 3612 834 erroris

2035 879 2364 942 arguuntur.
2427 870 2536 926 Sed
2579 879 2634 926 et
2679 871 2761 926 illi
2802 871 2908 942 ipsi
2951 880 3194 942 qucque,
3243 871 3337 942 qui
3381 869 3612 925 Joannis

2034 962 2387 1034 Evangelium
2413 963 2703 1033 abjiciunt,
2731 979 2871 1034 quos
2889 964 3113 1032 ἀλόγους
3141 964 3337 1020 merito
3364 963 3615 1018 nomina-

2033 1069 2179 1118 mus,
2210 1055 2470 1125 quoniam
2517 1055 2709 1123 Λόγον,
2751 1055 2856 1110 hoc
2903 1065 2988 1111 est
3018 1053 3115 1110 Dei
3151 1053 3388 1109 Verbum
3419 1053 3615 1124 prardia

2033 1152 2214 1200 catum
2259 1161 2290 1199 a
2317 1145 2530 1201 Joanne
2577 1147 2901 1217 repudiant;
2943 1145 3144 1210 Patris,
3187 1147 3436 1217 inquam,
3489 1145 3613 1200 Ver-

2033 1234 2162 1290 bum
2200 1236 2354 1300 illud,
2383 1252 2448 1292 ac
2481 1235 2672 1302 Deum,
2705 1238 2799 1308 qui
2828 1238 2896 1294 de
2928 1239 3068 1293 cwlo
3096 1237 3355 1308 delapsus
3382 1238 3612 1292 salutem

2032 1328 2194 1384 nobis
2246 1335 2362 1384 toto
2408 1329 2524 1394 illo,
2562 1345 2672 1400 quo
2719 1330 2861 1384 inter
2914 1331 3164 1384 homines
3211 1337 3464 1386 versatus
3505 1341 3609 1391 est.

2032 1430 2279 1495 tempore
2306 1425 2645 1480 conciliavit.
2680 1423 2816 1478 Nam
2866 1433 2920 1479 et
2954 1425 3274 1480 consulares
3304 1424 3426 1479 illos
3460 1423 3608 1486 fasti.

2033 1521 2089 1569 et
2119 1530 2389 1570 annorum
2435 1517 2607 1572 series
2635 1517 2772 1586 ipsa,
2823 1525 2874 1571 et
2912 1515 3064 1571 lsaiai
3099 1516 3372 1586 prophetae
3409 1515 3614 1571 ﬁrmis-

2034 1606 2174 1662 sima
2205 1609 2480 1679 probatio,
2511 1615 2565 1662 et
2596 1607 2776 1670 Lucas,
2806 1607 3060 1674 Joannis,
3087 1606 3323 1662 Matthaal
3351 1623 3416 1661 ac
3445 1606 3611 1662 Marci

2035 1696 2350 1769 Evangelia,
2381 1706 2456 1762 et,
2488 1707 2548 1752 ut
2579 1714 2687 1753 uno
2717 1699 2880 1754 verbo
2913 1700 3114 1766 dicam,
3155 1701 3340 1754 omnia
3377 1700 3499 1754 illos
3524 1715 3614 1754 ra-

356 1791 436 1844 ὃτι
469 1787 528 1843 ού
563 1791 724 1862 μόνον
767 1785 825 1842 ἓν
859 1790 1051 1858 Πάσχα
1087 1787 1226 1859 μετὰ
1263 1788 1363 1859 τὴν
1409 1787 1587 1860 ἀρχὴν
1623 1786 1718 1840 τοῦ
1768 1787 1938 1858 κηρύι

2039 1789 2255 1843 tionum
2298 1791 2538 1858 pondera
2589 1799 2653 1844 ac
2709 1797 2980 1844 momenta
3032 1791 3388 1853 convincunt,
3447 1789 3612 1860 idque

353 1899 562 1954 γματος
589 1882 730 1936 κατὰ
754 1881 1001 1952 περίοδον
1047 1880 1238 1950 χρόνον
1278 1878 1524 1932 ἐνιαυτοῦ
1567 1878 1893 1932 ἀπετέλεσεν
1915 1895 1926 1907 ·

297 2029 302 2035 ,
354 1974 491 2030 ἀλλὰ
535 1971 816 2047 περιόδους
862 1972 1030 2044 τριῶν
1068 1971 1338 2025 ὑπατειῶν
1380 1971 1532 2042 παρά
1566 1989 1618 2024 τι
1646 1971 1930 2042 ἐπλήρωσε

360 2067 497 2138 μετὰ
546 2067 607 2120 τὸ
648 2063 894 2120 Ἰωάννου
951 2062 1254 2134 βάπτισμα.
1305 2063 1415 2116 Καὶ
1458 2061 1713 2126 ἐξέπεσεν
1753 2062 1782 2113 ὁ
1825 2062 1932 2115 τῶν

356 2157 885 2231 ἀπαρακολουθήτων
918 2156 1076 2224 λόγος
1117 2156 1426 2209 παντάπασι
1454 2157 1552 2226 τῆς
1582 2155 1810 2225 πλάνης,
1840 2157 1933 2209 καὶ

356 2253 562 2315 ἀνοίας,
603 2253 694 2304 καὶ
733 2240 995 2321 ἀμαθίας,
1029 2249 1089 2302 οὐ
1135 2249 1292 2319 μόνον
1324 2249 1398 2321 μὴ
1436 2249 1809 2321 γινωσκούσης
1835 2251 1933 2320 τὴν

357 2340 551 2394 ἑαυτοῦ
595 2340 759 2410 ζωὴν,
802 2333 939 2392 ἀλλά
976 2339 1070 2392 καί⁸
1099 2337 1309 2407 ψευδῶς
1357 2339 1498 2391 κατὰ
1531 2339 1627 2409 τῆς
1679 2339 1935 2410 ἀληθείας

361 2434 535 2502 μάτην
565 2430 1115 2503 ἐπιστρατευομένηςι

428 2697 557 2749 ΚΘ⁹.
587 2695 928 2766 Εύρίσκομεν
967 2693 1076 2764 γὰρ
1125 2694 1217 2746 καὶ
1257 2690 1628 2765 ὲμφερόμενόν
1677 2711 1778 2747 που
1821 2696 1932 2764 (45)

359 2791 472 2851 τοῖς
531 2787 711 2855 λόγοις
755 2785 966 2848 τούτοις
1021 2783 1426 2856 γεγραμμένον,
1463 2785 1544 2837 ὃτι
1592 2787 1620 2838 ὁ
1662 2785 1754 2838 τοῦ
1801 2787 1935 2838 Θεοῦ

360 2875 656 2948 ἀγέννητος
685 2877 855 2946 Λόγος
877 2878 941 2930 ἐκ
972 2875 1066 2929 τοῦ
1093 2875 1226 2929 Θεοῦ
1262 2876 1387 2946 περὶ
1415 2875 1474 2928 τὸ
1501 2877 1936 2946 τεσσαρακοστὸν

362 2973 480 3035 ἔτος
510 2969 818 3039 Αὐγούστου
839 2971 908 3034 ι¹ο
937 2969 1072 3039 ὅπερ
1099 2967 1290 3038 λέληθε
1313 2967 1403 3021 τὸν
1429 2969 1735 3039 γράψαντα,
1841 2972 1938 3042 τῆς

2033 1881 2212 1951 ipsum
2261 1882 2407 1952 quod
2433 1884 2686 1936 volumus
2728 1883 2966 1936 cliiciunt
3001 1898 3148 1936 :non
3182 1894 3351 1936 unum
3397 1882 3613 1937 Pascha

2032 1974 2303 2028 duntaxat
2331 1990 2361 2028 a
2393 1974 2798 2044 praedicationis
2829 1973 3053 2028 exordio
3090 1987 3272 2030 annuo
3306 1973 3614 2029 celebrasse

2034 2065 2291 2130 circuitu,
2322 2065 2416 2120 sed
2447 2079 2569 2119 cum
2599 2065 2762 2118 tertio
2791 2065 3014 2134 insuper
3033 2066 3325 2120 consulatu
3356 2065 3476 2119 vita:
3500 2080 3614 2120 sua:

2033 2171 2100 2210 ex
2149 2158 2335 2227 aliqua
2386 2157 2578 2211 saltem
2620 2161 2776 2226 parte
2833 2165 3046 2226 tempus
3088 2156 3425 2226 adaaquasse,
3465 2163 3615 2226 post-

2034 2262 2248 2316 quama
2281 2245 2490 2303 Joanne
2534 2248 2844 2318 baptizatus
2879 2256 2984 2302 est.
3035 2245 3187 2302 Unde
3231 2247 3612 2316 imperitorum

2041 2336 2327 2390 hominum
2360 2338 2504 2392 ratio
2533 2340 2716 2394 omnis
2744 2339 2966 2401 excidit,
2997 2353 3230 2407 quorum
3264 2348 3448 2394 tantus
3469 2353 3616 2409 εῖδει

2035 2436 2189 2482 satur
2217 2444 2392 2493 error,
2427 2445 2550 2483 cum
2578 2431 2813 2485 amentia
2836 2429 3162 2500 inscitiaque
3177 2429 3528 2498 conjunctus,
3557 2436 3615 2481 ut

2037 2535 2216 2590 neque
2242 2522 2409 2575 vitam
2442 2521 2544 2592 ipsi
2575 2537 2729 2576 suam
2761 2529 3082 2590 agnoscant,
3111 2529 3165 2575 et
3201 2520 3268 2574 ad
3295 2534 3615 2591 oppugnan-

2036 2612 2159 2666 d'am
2194 2615 2478 2668 veritatem
2505 2613 2709 2669 frustra
2742 2617 2857 2670 suis
2887 2631 2945 2668 se
2972 2612 3270 2669 mendaciis
3300 2614 3610 2683 accingant.

2105 2703 2300 2760 XXIX.
2345 2705 2451 2761 Sed
2490 2708 2594 2760 hoc
2629 2708 2683 2762 in
2722 2707 2872 2762 hisce
2904 2705 3061 2760 libris
3094 2706 3360 2776 scriptum
3402 2705 3615 2760 inveni-

2038 2807 2184 2859 mus,
2215 2805 2479 2853 aeternum
2517 2797 2608 2854 Dei
2642 2797 2878 2855 Verbum
2907 2813 3050 2854 anno
3075 2797 3305 2869 Augusti
3331 2815 3396 2852 χι
3423 2807 3612 2853 natum

2038 2903 2182 2944 esse.
2214 2887 2346 2955 Quae
2375 2899 2459 2944 est
2490 2892 2778 2961 scriptoris
2815 2891 3195 2955 hallucinatio,
3224 2890 3328 2944 nisi
3367 2889 3505 2944 forte
3533 2890 3615 2943 bi-

2041 2983 2234 3039 uarius
2261 2986 2459 3040 extrita
2494 2987 2671 3043 littera
2706 2987 2748 3056 β’
2784 2989 2854 3041 sit
2887 2995 3216 3057 expunctus.
3249 2994 3302 3040 et
3327 2987 3397 3039 ita
3432 3001 3495 3038 XL
3526 3001 3614 3039 soa-

361 3062 449 3117 διὰ
483 3061 578 3115 τοῦ
617 3061 755 3131 βῆτα
783 3061 964 3130 ψήφου
995 3059 1444 3130 ἁπαλειφθείσης,
1473 3061 1565 3112 καὶ
1594 3060 1688 3113 τοῦ
1726 3060 1797 3131 μῦ
1845 3063 1938 3132 μό-

2044 3075 2156 3128 lum
2183 3079 2308 3131 anni
2351 3080 2732 3133 remanserint.
2777 3078 2972 3132 Natum
3006 3080 3221 3147 quidem
3249 3087 3466 3132 constat
3495 3093 3616 3131 esse

361 3172 450 3208 νον
482 3123 1023 3226 παραμεμενηκότος,
1053 3158 1102 3223 μ’
1130 3123 1392 3222 ἐποίησαν
1418 3152 1557 3222 μόνα
1579 3143 1694 3224 ἐτη.
1834 3123 1938 3226 γὰρ

2049 3162 2329 3219 Christum
2357 3182 2499 3220 anno
2517 3157 2676 3238 451
2707 3167 2940 3237 Augusti
2977 3123 3110 3222 ιίιι.
3141 3165 3358 3221 Addunt
3382 3183 3456 3221 xu
3494 3125 3610 3221 Kal.

360 3245 779 3318 τεσσαρακοστῷ
800 3243 1038 3316 δευτέρῳ
1061 3243 1171 3297 ἔτει
1204 3243 1513 3313 Αὐγούστου
1543 3245 1825 3318 ἐγεννήθη.
1845 3247 1946 3300 Φά-

363 3340 570 3402 σκειδὲ,
590 3341 670 3393 ὅτι
693 3337 798 3410 πρὸ
817 3338 1044 3392 δεκαδύο
1068 3335 1481 3407 (46)]ςαλανδῶν
1499 3333 1729 3390 Ἰουλίων
1815 3341 1945 3392 Ἰου-

436 3463 451 3494 ¹
488 3460 646 3517 Deest
679 3461 926 3517 verbum.

442 3584 552 3652 (45)
578 3584 952 3654 ,εὑρίσκομεν
966 3583 1076 3652 γὰρ
1097 3581 1195 3636 καὶ
1218 3581 1622 3654 ἐμφερόμενᾴν
1650 3591 1788 3654 που.
1813 3583 1942 3654 Qpi-

366 3645 470 3724 bus
496 3645 550 3708 iu
585 3645 738 3710 libris
769 3645 1530 3725 t-eperis'se'dicat,_'_non:satis
1561 3645 1937 3725 declarathn

365 3721 434 3782 de
464 3727 565 3778 hoc
601 3739 700 3780 suo
735 3719 903 3796 ope-re
949 3723 1192 3793 loquitur
1230 3719 1591 3831 Epiphanius,
1630 3724 1684 3777 in
1728 3738 1838 3787 quo
1875 3726 1939 3780 Ii—

366 3798 673 3831 Imnrinmnn
711 3797 1054 3831 nanilnnliuun
1095 3803 1308 3831 nnnncnl
1392 3791 1590 3831 Vni-Iun
1614 3807 1678 3831 Av
1722 3793 1790 3831 Hc
1818 3802 1939 3831 dum

366 3798 674 3853 brariorum
710 3791 1056 3852 oscitantiam
1094 3791 1360 3865 accuset!
1392 3791 1591 3847 Verum
1614 3807 1678 3848 ex
1722 3793 1791 3850 iis
1818 3802 1940 3865 dum

369 3873 711 3936 sequuntur,
761 3865 976 3921 videtur
1032 3863 1769 3936 καθόλου,ειιιοιιίοιοςίεοε,
1825 3863 1940 3921 sive

369 3933 666 3992 historicos
689 3935 1110 3991 commentarios
1137 3933 1456 4003 intelligere.
1481 3935 1538 3988 lu
1569 3933 1772 4003 quibus
1800 3937 1844 3989 si
1872 3945 1938 3990 χι,

369 4005 600 4076 Augusti
647 4021 791 4060 anno
847 4015 1032 4059 natum
1091 4003 1429 4076 Salvatgrem
1476 4019 1599 4076 esse
1657 4005 1936 4076 proditum

371 4067 496 4140 fuit,
524 4092 635 4130 non
661 4077 797 4130 adeo
823 4081 1015 4129 recens
1046 4083 1130 4129 est
1163 4074 1254 4127 illa
1284 4067 1529 4128 Deckerii
1560 4067 1792 4128 assertio
1822 4081 1945 4144 quae

368 4164 494 4204 eum
532 4148 708 4217 ipsum
747 4161 949 4217 annum
975 4153 1179 4217 tuetur.

443 4211 565 4288 (46f
596 4211 817 4288 Φάσκει
887 4213 974 4288 δὲ,
1021 4213 1110 4267 ὅτι
1154 4213 1268 4282 πρὸ
1305 4211 1624 4288 ῥξεκοιδύο.Δ
1658 4212 1946 4288 Mendosus

373 4283 565 4359 procul
595 4287 910 4359 dubio__iste
947 4285 1101 4359 locus
1152 4295 1256 4340 est.
1304 4283 1491 4359 Neque
1542 4284 1684 4359 enim
1723 4285 1942 4359 opinor,

374 4353 695 4414 asserebant
736 4357 834 4436 illi,
863 4353 1018 4436 apud
1064 4369 1204 4434 quos
1238 4353 1662 4436 quadragesimo
1708 4354 1943 4436 Augusti

374 4445 519 4496 anno
559 4437 744 4482 natum
789 4423 1124 4496 Salvatorem
1171 4423 1392 4496 reperit,
1426 4423 1670 4496 Natalem
1701 4423 1820 4490 ejus
1863 4430 1942 4477 xui

373 4475 744 4559 ἰξὲιῖἷιῦἧῖεῖέξ
763 4475 1392 4559 νὲῐιιῖιιέιξᾶἑιείἐῖεέἐ;’
1425 4475 1523 4551 ἐ,έᾶ
1535 4475 1628 4547 ἰιι
1653 4475 1939 4563 8εᾶυέπῖῑὰ
1978 4475 2018 4532 D

375 4570 773 4630 demonstrant,
801 4569 867 4623 de
891 4568 1264 4636 conceptionis
1285 4567 1373 4621 die
1397 4565 1563 4620 locuti
1594 4566 1744 4636 sunt,
1767 4564 1939 4619 Julias

375 4641 675 4704 accidisse;
711 4639 803 4694 Sed
845 4644 904 4692 dt
947 4631 1231 4705 Sequentia
1266 4637 1667 4695 demonstrant.
1705 4631 1773 4688 de
1804 4649 1938 4687 con-

374 4712 645 4780 ceptionis
679 4709 766 4764 die
796 4709 962 4763 lecnti
1003 4716 1150 4780 sunt.
1181 4705 1806 4780 Quarerestituendumu
1824 4717 1942 4780 ver-

377 4773 505 4851 bum
527 4789 611 4836 est
639 4780 968 4851 συνελήφθη,
992 4779 1140 4851 quod
1153 4781 1323 4851 culpa
1351 4777 1698 4851 librariorum
1729 4773 1936 4845 ell‘ug'it.

379 4847 596 4904 Utinam
637 4847 1202 4917 castera’tain'facile
1245 4849 1511 4902 extricare
1543 4861 1783 4917 possem,
1817 4862 1939 4914 quas

380 4929 508 4975 sunt
544 4913 996 4989 impeditissima!
1031 4919 1086 4972 In
1110 4919 1298 4990 primis
1316 4913 1750 4990 enini_par_illud
1788 4913 1934 4990 cess.

377 4986 696 5044 Σουλπικίου
747 4986 1151 5061 Καμμαρίνου’,
1207 4999 1287 5061 ει,
1314 4986 1532 5061 Βηττέὼ
1578 4986 1938 5061 ΙΙομπηῖανοῦ

379 5062 601 5115 ὑπάτων
630 5062 796 5116 nullis
824 5057 1077 5115 iurastis
1118 5059 1330 5127 reperio
1369 5057 1541 5126 (quos
1573 5057 1743 5110 fuisse
1777 5058 1940 5111 suti‘e-

376 5141 497 5186 ctos
530 5140 772 5201 oportet,
801 5147 897 5200 per
934 5128 1353 5201 il|a_tempora).
1387 5127 1523 5184 Cum
1563 5127 1940 5201 igituraucto-

379 5218 469 5256 res
514 5197 610 5265 illi,
648 5197 976 5272 quos—citat
1022 5197 1397 5272 Epiphanius,
1455 5205 1640 5251 natum
1699 5197 1939 5272 dixerint

377 5264 836 5327 Christum'anno
871 5264 1100 5340 Augusti
1125 5264 1217 5340 ita,
1249 5277 1572 5337 conceptum
1620 5281 1746 5340 vero
1775 5264 1939 5319 Junio

380 5344 462 5398 vel
491 5341 634 5396 Julio
670 5356 885 5402 mense,
921 5337 983 5393 ac
1014 5347 1081 5392 'vn
1125 5337 1391 5391 duntaxat
1440 5343 1656 5390 menSes
1696 5337 1750 5389 in
1785 5346 1940 5390 utero

414 5412 688 5475 estatum,
739 5413 785 5466 si
825 5410 1031 5464 Natalis
1077 5407 1328 5463 eumdem
1384 5421 1507 5461 cum
1563 5405 1834 5476 Egyptiis
1885 5413 1940 5460 et

408 5475 686 5554 Epiphanio
715 5481 858 5554 diem
903 5480 1578 5554 statueript,_convenien_t
1622 5475 1681 5529 hi
1701 5492 1846 5529 coss.
1884 5477 1938 5529 in

380 5546 585 5607 ann-um
631 5552 858 5621 Augusti
898 5565 1085 5604 χχχιι,
1122 5547 1229 5602 Sed
1275 5547 1505 5621 Augusn
1549 5546 1940 5621 imper._anno-

379 5640 502 5678 rum
537 5615 746 5676 diversa
772 5629 898 5676 sunt
941 5622 1115 5681 initia,
1150 5621 1215 5671 de
1241 5615 1440 5688 quibus
1474 5617 1695 5688 copiose
1729 5615 1936 5688 dictum

296 5685 302 5691 ’
379 5703 485 5749 est.
518 5691 652 5746 Nam
684 5700 776 5745 aut
800 5692 868 5744 ab
906 5690 1022 5760 ipSa
1052 5688 1178 5742 Julii
1206 5681 1438 5760 caesaris
1470 5681 1622 5760 ne_e_e,
1646 5681 1871 5760 _Juliano
1900 5701 1938 5738 ιι

381 5773 757 5823 numerantur.
793 5771 884 5813 aut
918 5753 946 5813 ἐι
974 5766 1253 5827 sequente,
1283 5756 1390 5811 Jul.
1425 5772 1504 5810 ιιι.
1539 5753 1695 5810 Unde
1732 5770 1797 5808 χι.
1830 5755 1939 5809 ‘Au-

699 5882 972 5940 PATROL.
1008 5879 1125 5938 Gn.
1160 5876 1319 5936 XLI.

2049 3253 2223 3311 Julias
2273 3258 2390 3313 sive
2424 3257 2636 3325 Junias,
2685 3273 2861 3329 neque
2911 3259 3060 3314 enim
3112 3268 3262 3313 certo
3295 3259 3430 3321 scio,
3469 3257 3616 3312 istud

2053 3349 2337 3417 accidisse,
2365 3350 2600 3421 Sulpitio
2629 3352 2918 3406 Camerino
2947 3359 3000 3404 et
3023 3349 3260 3406 Buteone
3289 3349 3617 3420 Pompeiano

2048 3588 2193 3659 gusti
2239 3586 2492 3659 Julianus
2543 3596 2627 3643 est
2662 3587 2747 3659 vel
2797 3603 2883 3642 xu
2937 3587 3033 3659 vel
3071 3602 3219 3651 xui;
3273 3588 3326 3641 in
3380 3605 3613 3659 quorum

2047 3656 2372 3714 alterutrum
2403 3656 2648 3712 Natalem
2685 3657 2889 3712 Christi
2929 3657 3227 3728 scriptores
3257 3659 3333 3711 illi
3359 3656 3614 3728 conjecta-

2048 3733 2204 3783 rant:
2232 3738 2558 3799 conceptum
2584 3735 2764 3799 autem
2796 3723 3116 3799 asserebant
3143 3723 3254 3799 Jul.
3285 3744 3352 3781 XL
3377 3723 3574 3799 vel'xu
3598 3749 3612 3783 :

2046 3813 2282 3869 quorum
2311 3797 2512 3868 aliquis
2555 3797 2813 3854 suﬂ‘ectos
2848 3797 3140 3869 illos__ross.
3173 3797 3379 3869 habuit.
3419 3797 3614 3869 Verum

2047 3867 2308 3938 quoniam
2363 3867 2613 3938 Augusti,
2641 3883 2814 3923 annos
2860 3869 2928 3922 ab
2964 3867 3268 3938 Epiphanio
3305 3868 3446 3922 κατὰ
3481 3870 3614 3938 πρόι

2045 3929 2209 4010 ληψιν
2263 3929 2556 4010 numerari
2586 3937 2874 4010 docuimus
2924 3953 2964 4010 a_
3004 3929 3292 4010 Kal.Jan.,
3341 3947 3399 3991 ut
3439 3929 3615 3993 annus

2048 4007 2338 4078 illiusqu
2362 4010 2433 4063 sit
2453 4007 2846 4078 Julianusille,
2877 4007 3037 4078 cujus
3055 4007 3136 4078 ab
3159 4007 3404 4078 Augusto
3430 4024 3616 4064 mense

2051 4094 2161 4132 an
2197 4077 2424 4148 Augusti
2465 4078 2669 4132 inierit.
2707 4075 2862 4148 Unde
2899 4075 2966 4132 ex
3015 4075 3268 4148 ejusdem
3297 4094 3462 4148 sensu
3506 4095 3612 4133 xm

2051 4146 2302 4217 Augusti
2325 4163 2472 4202 coss.
2502 4148 2606 4217 sibi
2644 4147 2883 4217 vindicat
2919 4146 3055 4217 Aug.
3093 4162 3190 4200 xm
3217 4156 3275 4217 et
3311 4146 3614 4210 Silvanum,

2052 4216 2161 4272 hac
2182 4219 2394 4272 ratione
2425 4234 2490 4270 χι
2516 4216 2748 4286 Augusti
2771 4216 2918 4272 cadit
2948 4216 3380 4272 inconsulatum
3402 4217 3465 4271 C.
3493 4218 3619 4271 Cal-

2052 4288 2199 4352 visii,
2231 4296 2284 4343 et
2309 4287 2368 4339 L.
2389 4287 2659 4354 Passieni,
2689 4303 2856 4340 xxxrx
2883 4301 3013 4356 vero
3040 4287 3180 4356 Aug.
3214 4303 3290 4340 xu
3328 4296 3382 4340 et
3412 4286 3472 4341 L.
3499 4285 3618 4345 Sul—

2054 4357 2159 4427 lam
2209 4372 2355 4411 coss.
2412 4357 2596 4427 habet,
2647 4357 2847 4427 quibus
2896 4355 3105 4427 suﬂ‘ecti
3139 4355 3286 4410 sunt
3339 4356 3617 4427 Sulpicius

2049 4426 2402 4504 Camerinus.
2449 4435 2502 4481 et
2542 4421 2909 4504 Pompeianus
2943 4427 3032 4504 ille
3070 4421 3281 4504 Buteo:
3322 4425 3389 4504 de
3414 4421 3617 4504 niuibus

2050 4498 2194 4552 circa
2229 4499 2328 4552 hos
2373 4512 2546 4550 annos
2585 4493 2736 4550 nulla
2777 4496 2830 4549 in
2876 4496 3034 4550 fastis
3068 4499 3292 4552 mentio.
3329 4493 3618 4550 Sed'anno

2043 4568 2266 4622 demum
2321 4567 2540 4621 Juliano
2597 4583 2683 4621 LIV
2745 4565 2811 4631 Q.
2865 4563 3140 4636 Sulpicius
3186 4567 3506 4636 Camerinus
3562 4575 3618 4621 et

2045 4638 2309 4707 Peppaeus
2349 4637 2596 4708 Sabinus
2642 4653 2790 4692 coss.
2843 4633 3212 4708 ascribuntur.
3275 4633 3350 4691 De
3398 4635 3618 4708 Βηττέῳ

2043 4706 2379 4778 Πομπηΐανῷ
2406 4708 2542 4761 nihil
2567 4707 2797 4777 reperio.
2841 4707 2999 4778 Quod
3038 4721 3234 4778 nomen
3272 4706 3534 4778 mendose
3555 4706 3618 4778 in

2041 4775 2206 4832 dandi
2233 4775 2242 4778 ’
2267 4775 2398 4832 casu
2450 4775 2713 4848 scriptum
2753 4785 2860 4848 est.
2905 4777 3129 4848 Corrige
3170 4778 3351 4848 itaque
3395 4775 3617 4848 Βηττέω

2039 4847 2396 4919 Πομπηΐανοῢ
2418 4863 2429 4875 ·
2462 4846 2609 4917 quod
2631 4847 2896 4919 orationis
2918 4847 3088 4902 series
3118 4846 3377 4916 postulat.
3397 4846 3616 4919 Alioqui

2042 4916 2155 4972 non
2181 4916 2302 4988 sum
2333 4916 2575 4979 nescius,
2607 4917 2742 4988 quin
2776 4916 2972 4970 Latino
3019 4932 3171 4988 more
3209 4932 3356 4988 coss:
3389 4918 3614 4988 nomina

2041 5003 2138 5070 per
2162 4983 2704 5070 dativum‘interdull‘n.
2733 5002 2992 5068 expressa
3019 4987 3286 5070 legantur.
3318 4983 3384 5039 Ut
3415 4986 3470 5039 in
3501 4993 3611 5070 vet.

2040 5055 2314 5130 inscript.,
2350 5057 2610 5112 Alexand.
2640 5056 2957 5130 Chronicou.
2991 5055 3110 5126 pag.
3161 5055 3287 5118 497,
3321 5070 3465 5109 anno
3512 5055 3618 5108 Au-

2041 5129 2186 5198 gusti
2218 5128 2304 5183 αι.
2344 5138 2537 5198 natum
2594 5144 2716 5184 esse
2755 5128 3036 5198 Christum
3068 5134 3352 5198 memorat,
3396 5140 3612 5178 monar-

2041 5197 2180 5253 chiae
2226 5216 2414 5254 xxvm.
2474 5197 2579 5251 Sed
2643 5197 2963 5252 mendosum
2998 5211 3122 5250 esse
3170 5197 3351 5250 locum
3387 5210 3614 5250 necesse

2040 5278 2144 5322 est.
2176 5267 2313 5335 Quia
2338 5285 2460 5340 pag.
2484 5268 2591 5340 455
2619 5283 2792 5322 annos
2825 5265 3068 5340 Augusto
3102 5265 3292 5340 tribuit
3320 5274 3432 5340 _t.vt,
3466 5280 3613 5340 men-

2041 5354 2128 5393 ses
2150 5355 2199 5390 Vi
2230 5358 2244 5393 :
2293 5334 2360 5394 ei
2403 5334 2608 5404 quibus
2635 5353 2726 5391 xw
2778 5345 2899 5406 post
2919 5334 3138 5390 Christi
3175 5334 3422 5388 Natalem
3451 5335 3608 5387 vixit.

2042 5406 2198 5462 Unde
2250 5425 2356 5463 χιιι
2403 5423 2564 5478 agere
2609 5407 2834 5478 debuit.
2876 5420 2984 5476 quo
3026 5413 3272 5478 tempore
3319 5411 3510 5478 natus_
3529 5411 3612 5458 est

2042 5478 2310 5532 Christus.
2355 5473 2626 5542 Caeterum
2677 5473 2979 5530 Carnarius
3029 5489 3128 5544 pro
3185 5473 3404 5544 Βηττέω
3461 5473 3613 5542 Πομι⁵

2043 5548 2296 5618 πηῖανοῦ,
2334 5540 2432 5603 Cn.
2469 5546 2792 5613 Pompeiano
2847 5540 3100 5618 reddidit.
3156 5540 3267 5600 Nos
3312 5540 3609 5597 Buteonem

2042 5613 2321 5740 :ilcunque
2381 5618 2709 5680 maluimus,
2758 5617 2905 5686 quod
2965 5613 3256 5670 Fabiorum
3307 5628 3612 5682 cognomen

2068 5695 2162 5740 ιιιι.

2068 5689 2162 5742 uit.

3229 5863 3306 5922 30
