4176 6386
522 319 644 377 “939

1952 306 2010 364 S.
2050 304 2386 363 EPIPIIANII

3676 294 3782 347 940

538 448 686 489 coss.
714 431 856 499 Quin
894 430 1023 485 illud
1053 429 1218 485 etiam
1252 424 1632 490 animadverti,
1676 439 1771 479 eos
1793 425 1883 494 qui
1917 439 2112 479 conce-

2234 424 2363 485 n’wv,
2399 422 2498 475 οὑκ
2527 420 2633 492 ἔχω
2671 420 2868 489 λέγειν,
2902 418 2959 470 ὲν
3000 412 3231 484 ὑπατείᾳ
3268 410 3585 465 Σουλπικίου
3624 411 3786 477 Rep.-

538 526 742 597 ptionis
772 525 914 579 diem
943 522 1169 578 deﬁnire
1204 521 1383 575 conati
1416 526 1563 583 sunt,
1612 534 1718 588 quo
1750 526 1974 573 sanctus
2005 516 2112 571 Ga-

526 619 680 675 briel
721 618 997 673 caelestem
1042 615 1250 685 Virgini
1292 614 1543 668 nuntium
1592 612 1795 675 attulit,
1830 610 2115 666 nonnullo-

542 727 665 765 rum
703 710 987 765 inbmsisse
1025 708 1327 769 sententiae,
1360 706 1451 776 qui
1488 706 1719 775 septimo
1746 719 1933 758 mense
1962 701 2117 756 Chri-

470 797 477 805 ’
547 814 691 858 stum
722 804 777 858 in
810 803 986 856 lucem
1020 802 1224 855 editum
1267 798 1513 854 arbitrati
1543 805 1689 853 sunt.
1734 795 2013 865 Siquidem
2044 795 2115 849 ab

545 894 640 949 illo
671 900 917 963 tempore
940 891 1007 946 ad
1037 907 1090 944 xi
1122 890 1275 961 Tybi,
1309 890 1423 944 sive
1451 904 1549 941 vnn
1576 886 1655 942 ld.
1686 884 1833 951 Jan.,
1856 885 2000 954 quod
2029 884 2117 938 die

544 998 673 1039 vere
725 981 1112 1053 Theophania,
1164 980 1267 1034 hoc
1303 988 1389 1033 est
1428 978 1690 1047 apparitio
1734 976 1852 1040 Dei,
1895 982 2118 1045 propter

550 1075 852 1130 Salvatoris
895 1081 1096 1139 ortum,
1142 1070 1282 1126 facta
1324 1078 1473 1136 sunt,
1529 1069 1795 1124 mensium
1842 1067 2114 1121 lunarium

552 1176 783 1238 septem,
842 1166 885 1222 si
921 1164 1038 1219 dies
1069 1180 1121 1217 tv
1166 1164 1430 1233 excipias,
1479 1161 1712 1230 spatium
1756 1158 2113 1213 intercedere.

550 1259 913 1327 Quamobrem
946 1259 992 1313 si
1030 1256 1144 1310 haec
1177 1254 1375 1308 alicubi
1411 1253 1640 1308 forsitan
1674 1252 1931 1305 adnotata
1973 1251 2117 1319 lege-

549 1352 652 1414 ris,
683 1365 813 1404 cave
838 1364 906 1403 ne
938 1349 992 1401 in
1026 1362 1266 1403 errorem
1314 1345 1542 1398 incidas.
1579 1344 1722 1397 Sane
1755 1341 1977 1412 quidem
2023 1356 2117 1394 na-

553 1442 645 1495 tali
692 1440 893 1496 Christi
945 1440 1047 1493 [ixa
1091 1440 1207 1493 dies
1265 1446 1348 1492 est
1380 1454 1431 1490 xi
1479 1436 1634 1507 Tybi.
1692 1434 1796 1488 Sed
1836 1434 2115 1487 nonnullis

552 1535 729 1605 placet
761 1550 794 1587 x
827 1547 1043 1587 menses
1092 1532 1146 1585 in
1180 1539 1335 1583 utero
1380 1528 1550 1583 fuisse
1580 1534 1873 1599 gestatum,
1923 1534 2119 1595 praeter

552 1626 670 1680 dies
695 1642 786 1679 xiv
817 1631 870 1678 et
899 1624 1063 1678 horas
1090 1636 1233 1688 octo,
1262 1622 1352 1692 qui
1379 1629 1506 1676 sunt
1540 1635 1755 1675 menses
1778 1634 1853 1685 ix,
1881 1617 1999 1673 dies
2025 1633 2115 1682 xv,

555 1718 701 1771 horae
726 1733 798 1771 IV.
825 1714 881 1769 In
911 1730 1019 1785 quo
1045 1713 1110 1768 ad
1144 1712 1453 1768 Salomonis
1480 1712 1684 1767 dictum
1709 1711 1838 1765 illud
1862 1710 2117 1765 allusisse

2216 514 2436 585 μαρίου,
2468 511 2686 583 Βηττέῳ
2710 506 3045 579 Πομπηῖανῷ
3074 505 3320 567 ὑπάτοις.
3345 502 3513 555 Τοῦτο
3537 500 3593 554 δὲ
3627 501 3783 553 ὲτκό-

2213 623 2386 677 πησα,
2407 606 2487 658 ὅτι
2517 604 2611 657 καὶ
2640 604 2689 654 οἰ
2718 600 2959 661 εἰπόντες
2979 597 3075 667 τὴν
3091 596 3305 666 ἡμέραν
3332 594 3429 662 τῆς
3452 591 3785 662 συλλήψεως,

2214 698 2308 750 καὶ
2333 698 2408 759 ὡς
2440 693 2826 767 εὐηγγελίσατο
2859 692 2887 743 ὁ
2915 688 3154 759 Γαϐριὴλ
3180 688 3278 758 τὴν
3315 685 3609 756 Παρθένον,
3637 679 3788 736 εἷπον

2212 790 2311 859 τὴν
2344 788 2597 840 ὑπόνοιαν
2632 785 2740 837 τῶν
2772 783 2933 835 τινῶν
2971 781 3234 847 λεγόντων
3280 780 3337 829 ὲν
3369 776 3686 847 παραδόσει,
3713 775 3787 838 ὼς

2215 880 2295 933 ὅτι
2328 879 2413 931 διὰ
2441 877 2579 930 ἑπτὰ
2613 874 2795 947 μηνῶν
2840 872 3123 941 ἐγεννήθη.
3168 862 3498 939 Εὑρήκαμεν
3531 867 3638 938 γὰρ
3681 866 3790 919 ἀπὸ

2215 970 2403 1024 τούτου
2434 968 2526 1021 τοῦ
2554 967 2910 1039 Προπόσωνος
2944 965 2963 994 ²
2995 964 3127 1031 (47),
3164 962 3268 1024 ἓως
3311 960 3602 1029 ἑνδεκάτης
3633 957 3787 1020 Τυϐὶ,

2216 1062 2310 1114 καὶ
2351 1058 2456 1131 πρὸ
2487 1058 2632 1111 όκτὼ
2681 1055 2852 1109 Εἰδῶν
2931 1052 3295 1122 Ἰανουαρίων,
3346 1051 3433 1103 ὅτε
3479 1048 3691 1120 ἀληθῶς
3724 1051 3793 1100 τὰ

2216 1153 2483 1221 Θεοφάνια
2514 1150 2751 1217 ἐγένετο,
2777 1147 2872 1200 καὶ
2900 1143 3185 1215 ἐγεννήθη,
3217 1142 3357 1195 ἑπτὰ
3390 1140 3575 1211 μηνῶν
3603 1139 3792 1209 χρόνον

2218 1243 2357 1297 κατὰ
2387 1243 2478 1295 τὸν
2512 1240 2828 1311 σεληνιακὸν
2860 1238 3055 1309 δρόμον
3083 1236 3233 1306 παρὰ
3261 1234 3474 1305 ἡμέρας
3498 1232 3792 1299 τέσσαρας.

2222 1336 2382 1386 ’Ὥστε
2410 1329 2523 1395 οὖν,
2545 1334 2592 1384 εἰ
2614 1331 2791 1402 εὑροις
2817 1331 2872 1381 ἐν
2895 1323 3375 1398 παρασημειώσεσί
3409 1340 3510 1375 που
3544 1338 3792 1391 γεγραμ-

2221 1423 2376 1494 μένα,
2407 1422 2479 1492 μὴ
2510 1421 2741 1491 σφαλλου
2775 1418 2904 1487 περὶ
2934 1418 3032 1486 τὴν
3060 1416 3280 1485 εἴδησιν.
3307 1412 3396 1480 Τῷ
3427 1412 3524 1483 μὲν
3552 1412 3660 1481 γὰρ
3680 1410 3797 1461 ὖντι

2218 1516 2252 1584 ή
2313 1514 2563 1582 γέννησις
2612 1511 2705 1563 τοῦ
2756 1507 2992 1580 Χριστοῦ
3022 1509 3055 1577 ή
3108 1505 3299 1575 βεϐαία
3348 1504 3484 1555 Τυϐὶ
3536 1500 3796 1569 ἑνδεκάτη

2218 1606 2358 1657 ὲστί·
2392 1604 2536 1668 τινὲς
2579 1603 2636 1655 δέ
2684 1618 2867 1671 φασιν,
2898 1600 2972 1662 ὡς
3008 1599 3139 1651 δέκα
3177 1597 3351 1667 μῆνας
3388 1594 3499 1665 (48)
3536 1596 3799 1662 ὲνεκυμο·

2219 1696 2355 1766 νήθη
2411 1694 2559 1762 παρὰ
2610 1692 2822 1764 ἡμέρας
2872 1689 2932 1742 ιδ’
2990 1688 3085 1741 καὶ
3124 1685 3271 1757 ὥρας
3317 1685 3495 1738 ὀκτώ·
3544 1683 3619 1747 ὼς
3660 1678 3798 1735 εἶναι

550 1806 845 1861 videntur:
883 1805 1071 1860 Decem
1114 1806 1372 1858 mensium
1410 1804 1581 1871 spatio
1613 1812 1881 1856 concretus
1914 1804 1969 1855 in
1999 1818 2123 1855 san-

2234 1790 2381 1842 ὲννέα
2414 1788 2590 1858 μῆνας
2622 1785 2716 1837 καὶ
2746 1782 2958 1853 ἡμέρας
2989 1778 3282 1832 δεκαπέντε
3316 1778 3409 1829 καὶ
3431 1775 3580 1847 ὥρας
3604 1775 3799 1827 τέσσα·

554 1900 711 1968 guine
733 1900 772 1953 ¹.
814 1897 1085 1966 Quidquid
1118 1897 1209 1959 sit,
1242 1912 1349 1950 non
1392 1896 1616 1950 dubium
1654 1904 1739 1949 est
1768 1910 1819 1948 IV
1851 1894 1937 1949 die
1961 1892 2120 1964 Tybi,

556 1987 858 2043 secundum
896 1987 1201 2057 Egyptios,
1256 1984 1557 2039 Salvatoris
1610 1992 1790 2037 ortum
1835 1982 2121 2037 accidisse.

557 2080 672 2135 Sub
719 2081 860 2135 idem
912 2095 1043 2134 vero
1099 2085 1285 2149 postea
1322 2086 1572 2147 tempus,
1636 2075 1914 2130 tricesimo
1980 2089 2125 2129 anno

556 2179 823 2236 vertente,
849 2171 1083 2241 primum
1117 2172 1170 2224 in
1200 2168 1349 2223 Cana
1384 2167 1620 2223 Galilazae
1645 2167 1969 2221 miraculum
2009 2166 2125 2220 edi-

544 2263 659 2325 -dit,
688 2272 800 2315 tum
831 2278 953 2316 cum
981 2277 1047 2317 ex
1079 2275 1220 2330 aqua
1247 2260 1431 2314 vinum
1463 2258 1805 2315 estfactum.

635 2566 648 2595 ¹
681 2562 807 2632 Sap.
836 2576 934 2626 vn,
988 2542 1048 2607 2.
1098 2560 1121 2593 ι
1159 2558 1458 2627 Suspectus
1494 2557 1582 2611 hic
1612 2557 1744 2611 mihi
1776 2558 1929 2612 locus
1954 2569 2057 2612 est.

634 2717 743 2783 (J7)
786 2713 1139 2784 Εὑρήκαμεν
1187 2711 1295 2784 γὰρ
1342 2711 1459 2765 ἀπὸ
1495 2711 1707 2784 τούτου
1756 2709 1862 2784 τοῦ
1900 2710 2129 2776 Προπό-

560 2779 775 2850 σωνος.
813 2779 1204 2839 ι’(ἱιᾱίεείιιιιιπι
1232 2783 1320 2836 hic
1362 2779 1617 2835 mendum
1649 2786 1753 2843 est,
1785 2780 1854 2850 de
1893 2795 2001 2847 quo
2044 2795 2129 2833 ca-

564 2849 751 2925 pillum
783 2871 888 2909 non
919 2854 1252 2925 promittam,
1281 2866 1455 2925 neque
1487 2850 1751 2925 occipiam
1782 2849 2123 2925 hariolarier.

564 2919 887 2995 Quanquam
921 2919 1003 2978 ἐι
1054 2922 1515 2995 consequentibus
1577 2920 1708 2995 quid
1770 2919 2124 2995 scribendum

568 2988 876 3051 luerit-elici
932 3002 1131 3063 potest.
1174 2988 1385 3063 Etenim
1417 2991 1487 3063 ab
1537 3003 1603 3043 eo
1648 2988 1779 3063 _d_ie,_
1817 3005 1978 3058 quem
2038 2990 2127 3044 isti

564 3067 742 3119 Natali
780 3057 1152 3133 praaii'xerant,
1212 3061 1278 3115 ad
1329 3060 1488 3133 Αηυ.
1524 3074 1617 3133 vni
1648 3058 1724 3133 id.
1752 3057 2128 3133 Jan.‘men‘ses

567 3139 644 3189 ait
680 3128 944 3189 interesse
978 3150 1051 3187 vn
1084 3134 1321 3195 lunares,
1354 3132 1534 3184 minus
1559 3128 1750 3183 diebus
1778 3145 1847 3183 iv.
1882 3128 2044 3196 Atqui
2072 3146 2123 3182 vi

571 3207 791 3259 lunares
852 3219 1066 3257 menses
1120 3203 1235 3255 dies
1286 3200 1550 3269 colligunt
1597 3214 1812 3253 ccxxvn
1854 3219 1865 3252 :
1927 3195 2127 3267 quibus

568 3276 736 3329 additi
775 3289 897 3327 xxvi
927 3273 1166 3327 eilieiunt
1199 3271 1316 3325 dies
1348 3286 1509 3334 CCIII;
1548 3270 1640 3338 qui
1676 3270 1741 3323 de
1785 3284 2007 3323 cccuxi
2041 3270 2131 3322 de-

571 3345 753 3404 tracti.
792 3344 1104 3411 relinquunt
1130 3343 1247 3396 dies
1271 3356 1515 3411 Qvani.
1547 3340 1735 3409 itaque
1774 3355 1933 3393 einx
1974 3340 2063 3393 die
2099 3355 2129 3391 a

560 3413 689 3468 ‘Kal.
717 3412 863 3476 Jan.,
895 3409 997 3466 hoc
1022 3421 1106 3467 est
1148 3427 1237 3464 xiv
1270 3409 1387 3464 Kal.
1414 3409 1608 3470 Julias,
1650 3417 1971 3477 conceptum
2010 3424 2133 3463 esse

572 3485 879 3548 Christum,
920 3490 976 3537 et
1008 3496 1135 3536 cent
1172 3488 1356 3551 postea
1390 3480 1653 3551 die,_sive
1685 3476 1896 3551 viJan.
1944 3488 2131 3551 natum

574 3561 961 3607 asseverarunt
1007 3552 1106 3614 illi,
1138 3548 1204 3604 de
1253 3550 1453 3617 quibus
1490 3548 1826 3618 Epiphanius
1868 3549 2130 3617 loquitur.

575 3623 831 3689 Adeoque
888 3622 968 3675 sic
999 3620 1391 3689 concipiendus
1424 3619 1510 3671 hic
1536 3622 1686 3689 locus
1716 3618 1816 3671 fuit
1842 3637 1855 3671 :
1890 3618 1998 3671 ἀπὸ
2029 3619 2135 3671 τῶν

575 3638 831 3743 Λαθοὲυθ
888 3638 968 3675 SIC
999 3638 1391 3689 CODCIplCDOlIS
1424 3638 1510 3671 lllC
1537 3638 1686 3673 IOCUS
1716 3638 1816 3671 11111
1842 3638 1855 3671 ζ
1890 3638 1998 3671 απο
2029 3638 2135 3671 των

573 3692 681 3762 πρὸ
704 3692 732 3744 δ
764 3707 833 3744 κα
861 3691 954 3743 δύο
986 3689 1279 3762 Καλανδῶν
1328 3688 1578 3762 ξίουλίων.
1607 3687 1700 3762 Vel
1744 3689 1872 3762 quia
1906 3689 2021 3741 dies
2053 3696 2137 3762 est

568 3757 765 3831 Epiphi
804 3776 947 3824 xxiv,
989 3761 1097 3831 ἀπὸ
1131 3760 1227 3828 τῆς
1264 3757 1356 3831 τοῦ
1391 3760 1579 3831 Ἐπιφὶ
1605 3759 1699 3811 κδ’.
1737 3760 1797 3811 At
1838 3759 2137 3831 Cornarius

568 3827 692 3901 πρδ
718 3832 957 3893 Πίσωνος
1001 3827 1197 3901 legisse
1229 3829 1463 3901 videtur.
1500 3827 1655 3894 Quod
1687 3844 1796 3901 non
1833 3830 2139 3901 estimprn-

578 3898 839 3962 liaudum,
876 3908 935 3954 ut
963 3898 1341 3953 ita'l'ortassis
1390 3898 1857 3963 interpretandum
1899 3899 2007 3951 sit:
2062 3899 2140 3951 Ab

578 3986 721 4023 anim
750 3970 1071 4025 consulatus
1097 3969 1235 4039 Aug.
1269 3982 1372 4022 xm
1404 3978 1471 4039 et
1502 3968 1731 4034 Plautii,
1780 3978 1942 4039 atque
1974 3983 2017 4039 7a
2053 3984 2139 4020 xiv

572 4040 701 4093 Kal.
740 4039 852 4096 Jul.
893 4040 1013 4109 ejus
1053 4036 1206 4093 ειιιιῖ
1228 4039 1295 4092 ad
1332 4056 1382 4093 xi
1431 4036 1589 4109 Tybi,
1637 4054 1745 4108 quo
1793 4036 2055 4091 Lentulus
2089 4046 2143 4091 et

577 4111 707 4191 Piso
743 4125 887 4165 coss.
928 4108 1183 4173 ’l'uerunt,
1221 4124 1294 4161 vn
1347 4108 1568 4163 lunares
1616 4123 1833 4163 menses
1888 4108 2145 4162 interces-

578 4196 734 4234 SISSC.

653 4250 765 4321 (48)
796 4249 962 4321 Τινὲς
983 4248 1050 4303 δέ
1075 4248 1375 4321 φασιν,ὼς
1405 4248 1549 4301 δέκα
1565 4247 1782 4321 μῆνας.
1813 4245 1868 4321 _Si
1900 4246 2143 4321 Natalem

586 4317 800 4375 Domini
836 4336 886 4373 xI
923 4319 1080 4389 Tybi,
1122 4320 1236 4371 sive
1266 4318 1387 4373 Jan.
1423 4336 1474 4372 vi
1513 4317 2146 4389 constituerint_opinio-

585 4391 671 4442 nis
707 4389 850 4443 illius
892 4386 1157 4453 vindices,
1198 4398 1521 4459 conceptum
1571 4386 1875 4459 ejus__ipsis
1910 4386 2136 4459 Kaleml.

2228 1896 2360 1953 ρας·
2398 1879 2753 1947 αἰνιττόμενοι
2804 1876 2865 1927 τὸ
2916 1872 3067 1943 παρὰ
3118 1869 3429 1939 Σιλομῶντι
3472 1868 3795 1938 εἰρημένον·

2225 1971 2627 2041 Δεκαμηνιαίῳ
2658 1970 2850 2037 χρόνῳ
2901 1966 3109 2035 παγεὶς
3153 1964 3223 2017 ἐι·
3253 1964 3471 2032 αἵματι.
3504 1962 3691 2031 Ὅμως
3734 1963 3801 2013 ὲκ

2233 2060 2568 2131 πανταχόθεν
2598 2058 2857 2128 ἑνδεκάτῃ
2886 2055 3022 2107 Τυϐὶ
3053 2054 3170 2107 κατ’
3199 2052 3579 2121 Αἰγυπτίουςή
3615 2066 3772 2122 προει

2229 2152 2441 2225 ρημένη
2480 2150 2575 2204 τοῦ
2617 2150 2822 2219 Κυρίου
2853 2150 2907 2199 ὲν
2938 2147 3100 2218 σαρκί
3140 2144 3391 2215 γέννησις
3430 2143 3660 2211 ἐγένετο,
3692 2142 3803 2193 Καὶ

2226 2244 2354 2313 περὶ
2384 2240 2551 2312 αὐτὴν
2590 2239 2685 2310 τὴν
2713 2236 3000 2305 ἑνδεκάτην
3029 2234 3161 2304 (49),
3196 2233 3333 2304 μετὰ
3363 2233 3457 2303 ἐτη
3505 2232 3802 2302 τριάκοντα

2226 2334 2415 2402 γέγονε
2438 2333 2497 2384 τὸ
2524 2331 2738 2401 πρῶτον
2758 2329 2979 2398 σημεῖον
3002 2327 3058 2377 ἐν
3076 2326 3231 2394 Κανᾷ
3256 2324 3352 2395 τῆς
3378 2323 3685 2385 Γαλιλαίας,
3710 2322 3801 2375 ὅτι

2224 2426 2288 2480 τὸ
2318 2425 2461 2494 ὕδωρ
2490 2420 2630 2486 οἰνος
2661 2421 2895 2490 ἐγένετο.

2234 2724 2447 2786 recepta
2474 2713 2695 2769 traditio
2718 2720 2820 2786 est,
2849 2711 3129 2765 Christum
3157 2708 3292 2786 Dec.
3309 2724 3415 2786 xxv
3438 2716 3804 2786 natumnesse;

2229 2776 2390 2858 quam
2411 2798 2594 2858 _nemo
2637 2782 2895 2858 pr_ud_ens_
2915 2789 3119 2858 temere
3174 2779 3575 2858 sollicitaverit.
3598 2776 3804 2857 _Quare

2230 2846 2483 2915 ridicula,
2514 2862 2569 2907 et
2596 2846 2933 2920 explodenda
2968 2862 3054 2904 est
3081 2848 3345 2919 Scaligeri
3380 2846 3669 2920 divinatio,
3702 2846 3803 2920 qui

2233 2930 2288 2982 in
2313 2923 2555 2994 Append.
2588 2917 2771 2992 operis
2790 2922 2863 2975 De
2884 2921 3088 2975 emend.
3123 2917 3299 2994 temp.,
3331 2925 3385 2971 et
3415 2917 3565 2994 Isag.
3594 2934 3711 2994 ean.
3746 2917 3801 2979 5,

2232 3014 2296 3052 ex
2342 2988 2814 3064 ephemeriarum,
2850 3000 2921 3064 Aet
2977 2989 3395 3064 sacerdotalium
3453 2988 3800 3064 l'unctioﬂnum

2234 3055 2636 3121 orbe-Natalem
2660 3062 2864 3116 Christi
2900 3058 3306 3128 conjiciendum
3336 3058 3537 3111 asserit
3571 3057 3622 3109 in
3651 3055 3805 3128 Sept.

2233 3143 2547 3191 exeuntem.
2577 3131 2733 3197 Quod
2778 3146 2986 3185 merum
3010 3126 3298 3183 somnium
3328 3136 3447 3188 est;
3487 3142 3662 3196 neque
3693 3126 3804 3197 ulla

2234 3196 2719 3263 demonstratione.
2768 3210 2861 3255 aut
2893 3213 3043 3254 certo
3081 3200 3264 3268 aliquo
3303 3197 3642 3251 (irritamento
3686 3196 3812 3248 niti-

2234 3286 2325 3331 tur
2358 3296 2370 3330 :
2417 3274 2651 3344 primum
2702 3271 2830 3344 quia
2870 3270 3113 3344 nondum
3150 3269 3290 3344 satis
3318 3268 3806 3344 exploratum_est,

2234 3360 2354 3415 quae
2398 3334 2560 3415 fuerit
2578 3334 2737 3415 _apud
2781 3340 2997 3415 Jndzeos
3037 3340 3184 3401 anni,
3230 3354 3291 3391 ac
3329 3334 3596 3415 mensium
3629 3334 3812 3415 dispo-

2237 3403 2399 3480 sitio;
2430 3403 2643 3467 deinde'
2671 3427 2771 3465 nec
2829 3410 2961 3463 illud
3004 3418 3212 3463 certum
3256 3418 3380 3480 est,_
3403 3414 3607 3480 utrum_
3632 3403 3807 3480 ludas

2239 3475 2592 3540 Macbabaaus
2629 3497 2753 3534 cum
2788 3481 3077 3542 sacrilicia,
3106 3488 3161 3533 et
3196 3476 3538 3532 sacerdotum
3584 3475 3812 3527 functio-

2239 3573 2337 3611 nes
2368 3556 2719 3610 instauraret.
2737 3550 2942 3604 ἄνωθεν
2975 3552 3067 3603 καὶ
3093 3548 3345 3618 ἀπαρχῆς
3372 3546 3810 3618 ephemeriarum

2240 3627 2425 3681 orbem
2450 3622 2755 3692 repetierit;
2779 3636 2846 3672 an
2872 3632 2997 3692 post
3024 3615 3381 3692 interruptum
3400 3615 3809 3692 ἐνδελεχισμὸν,

2241 3686 2546 3767 ἐφημερίαν
2592 3692 2737 3767 illam
2775 3686 3139 3767 substituerit,
3170 3702 3290 3755 quae
3332 3686 3522 3767 priori.
3575 3687 3676 3739 sub
3700 3700 3810 3752 qua

2243 3760 2505 3833 templum
2540 3763 2624 3833 _ab
2674 3760 2953 3833 Antiocho
2988 3761 3248 3833 violatum
3302 3764 3421 3819 est,
3481 3769 3811 3833 successum

2245 3825 2441 3889 fuerat.
2474 3831 2554 3884 Ad
2605 3830 2718 3883 baac
2748 3828 2995 3883 Machah.
3030 3829 3070 3894 l,
3092 3843 3210 3898 cap.
3240 3843 3310 3893 Iv,
3341 3841 3483 3879 com.
3512 3825 3601 3886 42,
3633 3839 3813 3898 sacer-

2244 3906 2431 3958 dotum
2478 3902 2745 3954 delectum
2787 3900 3043 3953 habuisse
3070 3894 3293 3960 dicitur,
3334 3910 3523 3949 eorum
3571 3894 3808 3955 scilicet,

2244 3975 2337 4043 qui
2384 3972 2577 4043 integri
2616 3970 3057 4043 immaculatique
3103 3964 3809 4043 forent,_qualcsﬁnondum

2246 4033 2694 4099 fortassis‘erant
2742 4039 2931 4107 prima:
2954 4033 3103 4107 vicis,
3143 4033 3475 4091 sacerdotes.
3524 4033 3815 4107 Postremo

2246 4114 2580 4183 baptizatum
2612 4104 3043 4163 esse—Christum
3083 4106 3300 4183 J_uliano
3333 4122 3482 4171 xxiv,
3514 4104 3816 4183 vel_zetatis

2246 4173 2495 4239 absoluto
2524 4195 2651 4244 xxx,
2701 4189 2977 4247 sumptum
3026 4194 3055 4231 a
3090 4177 3557 4247 Scaligcro,_nou_
3589 4173 3817 4247 demonf

2248 4260 2478 4309 stratum
2507 4257 2613 4313 est,
2638 4258 2697 4302 ut
2720 4244 2965 4303 suo—loco
3004 4244 3370 4317 probavimus.
3405 4244 3560 4310 Quod
3593 4245 3638 4298 si
3663 4244 3814 4317 quod

2250 4325 2304 4377 in
2342 4324 2432 4375 illo
2461 4319 2677 4382 vitium,
2703 4327 2757 4373 et
2792 4316 3227 4387 ephemeriarum
3270 4318 3501 4369 circuitu
3550 4316 3816 4367 momenti

2252 4392 2319 4447 ad
2349 4388 2651 4446 eruendum
2699 4388 2907 4442 Christi
2948 4404 3148 4441 annum
3186 4402 3305 4440 esse
3341 4387 3589 4447 videtur,
3634 4393 3817 4454 potest

586 4460 787 4527 Aprilis
842 4460 1123 4528 posuerim
1170 4455 1405 4532 Oporlet.
1440 4459 1483 4511 Α
1522 4473 1630 4526 quo
1676 4455 1772 4532 (_iie’
1804 4455 1869 4508 ad
1921 4472 1971 4532 \j!
2010 4456 2133 4532 Jan.
2171 4461 2214 4515 D
2244 4462 2473 4532 quilibet
2507 4458 2784 4532 nonnullis
2811 4458 3022 4521 eodem,
3064 4456 3472 4532 quo__Scaliger,
3504 4456 3632 4532 _jure
3660 4470 3821 4532 usur-

587 4526 803 4582 menses
844 4526 1204 4581 numerantur
1237 4545 1287 4581 Ix
1332 4529 1449 4583 dies
1480 4544 1569 4593 xv,
1610 4526 1700 4595 qui
1754 4536 1880 4579 sunt
1921 4526 2037 4580 dies
2082 4528 2135 4578 in

588 4608 759 4650 totum
786 4613 1036 4653 cccxxxl.
1070 4598 1224 4662 Quod
1266 4600 1312 4652 si
1346 4615 1412 4653 ex
1450 4596 1721 4652 communi
1770 4597 2036 4649 sententia
2083 4597 2136 4648 in

588 4684 694 4719 xxv
739 4667 865 4721 Dec.
910 4668 1151 4721 Natalem
1184 4670 1550 4730 contulerint,
1591 4674 1888 4733 conceptus
1935 4664 2137 4719 Christi

590 4737 735 4789 cadit
766 4737 818 4790 in
848 4737 1022 4789 Martii
1057 4752 1145 4789 xx.
1192 4737 1525 4808 Epiphanius
1552 4750 1686 4808 vero
1720 4751 1819 4804 pro
1859 4746 2139 4808 comperto

592 4808 781 4859 habuit
804 4808 1077 4861 Christum
1102 4804 1438 4861 natuin'esse
1464 4823 1511 4859 vt
1540 4806 1685 4869 Jan.,
1709 4822 1828 4874 quae
1862 4805 1961 4856 fuit
1983 4804 2141 4875 {Egy-

594 4879 827 4945 ptiorum
862 4877 1065 4945 opinio.
1089 4874 1407 4944 Quanquam
1441 4885 1619 4929 utrum
1654 4891 1715 4945 ea
1750 4876 1836 4929 die
1882 4877 1951 4928 sit
1980 4874 2141 4929 natus

591 4942 871 5000 dubitasse
899 4942 1165 5011 videntur,
1194 4942 1580 5001 ut'Cassianus
1605 4962 1634 4998 x
1667 4942 1827 5007 Coll.,
1848 4960 1965 5014 cap.
1994 4945 2046 5003 2.
2076 4946 2143 4999 si-

593 5016 835 5084 gniﬁcat.
863 5016 1112 5069 Clemens
1146 5018 1544 5069 Alexandrinus
1576 5032 1589 5069 ι
1634 5015 1831 5068 Strom.
1867 5016 2043 5084 varias
2078 5030 2141 5069 ea

593 5082 659 5137 ile
692 5102 747 5138 re
778 5086 1071 5139 sententias
1097 5090 1261 5139 refert
1293 5104 1304 5137 :
1339 5095 1395 5138 ut
1421 5101 1629 5150 eorum,
1665 5088 1756 5153 qui
1793 5101 1894 5136 xxv
1924 5082 2143 5138 Pachon

596 5166 782 5207 natum
817 5156 1078 5220 dicerent,
1117 5159 1216 5209 hoc
1240 5166 1323 5209 est
1356 5154 1477 5208 Maii
1530 5172 1620 5208 xx.
1666 5155 2139 5217 Basilidiannrum,

596 5226 686 5292 qui
723 5241 789 5277 xv
816 5224 971 5295 Tybi,
1003 5227 1115 5278 sive
1146 5224 1326 5295 Jamx
1354 5244 1369 5290 ;
1413 5228 1638 5277 aliorum
1668 5225 1902 5292 denique
1935 5228 2048 5295 qui,
2086 5233 2144 5277 ut

598 5294 954 5365 Epiphanius,
986 5305 1036 5347 XI
1078 5295 1233 5364 Tybi.
1270 5294 1387 5365 Ipse
1435 5310 1561 5349 vero
1592 5295 1840 5349 Clemens
1894 5310 1923 5346 a
1964 5294 2142 5347 Natali

598 5364 809 5416 Domini
846 5365 910 5417 ad
942 5367 1147 5417 obitum
1180 5364 1459 5417 Commodi
1494 5379 1666 5417 annos
1694 5372 2140 5427 numeratcxcw,

598 5450 838 5487 mensem
868 5450 905 5497 ι,
937 5435 1052 5487 dies
1089 5448 1207 5487 xm.
1238 5434 1391 5498 Quod
1428 5436 1471 5488 si
1519 5450 1706 5487 verum
1742 5441 1908 5496 esset,
1939 5433 2144 5488 Natalis

598 5504 800 5574 Christi
832 5506 1145 5558 conveniret
1187 5506 1356 5574 Athyr
1391 5519 1524 5563 xin.
1556 5504 1648 5574 qui
1685 5513 1767 5556 est
1810 5502 1945 5559 Nov.
1990 5520 2141 5558 xvnl.

596 5573 925 5628 Connnodus
952 5591 1093 5627 enim
1130 5575 1264 5626 obiit
1297 5573 1440 5627 anno
1467 5589 1586 5627 tene
1626 5573 1965 5641 Dionysiana:
2006 5589 2144 5627 cxcn

599 5644 739 5711 prid.
777 5643 890 5713 Kal.
936 5642 1060 5699 Jan.
1098 5643 1265 5698 Natus
1306 5646 1471 5713 igitur
1500 5645 1601 5696 erit
1632 5642 1881 5698 Christus
1927 5643 2146 5697 Juliano

599 5726 754 5779 nun,
788 5712 922 5767 Nov.
964 5730 1115 5770 xvni.
1160 5714 1261 5769 Sed
1302 5712 1475 5778 vetus,
1510 5724 1561 5769 et
1596 5714 1662 5766 ab
1696 5715 1843 5769 omni
1902 5716 2144 5769 Ecclesia

2243 4524 2385 4602 patis
2433 4544 2503 4602 ac»
2544 4528 2761 4602 positis,
2802 4524 3132 4597 quocunque
3182 4524 3404 4602 libuerit
3438 4526 3623 4578 orbem
3659 4524 3817 4602 illum

2244 4594 2310 4656 ac
2338 4594 2629 4656 circuitum
2663 4594 2966 4663 deducere;
3000 4594 3124 4651 nam
3150 4607 3203 4651 et
3235 4596 3591 4665 Keplerusgex
3622 4594 3818 4665 eadem

2244 4673 2335 4725 illa
2368 4671 2509 4726 serie
2564 4668 2811 4722 Natalem
2854 4667 3072 4722 Domini
3114 4667 3170 4721 in
3204 4663 3330 4721 xxv'
3359 4667 3446 4722 die
3496 4663 3818 4719 Decembris

2244 4742 2488 4796 retinuit.

2317 4811 2422 4864 Sed
2458 4816 2518 4861 ut
2562 4806 2628 4861 ad
2666 4806 2815 4860 illam
2860 4814 3125 4871 revertar,
3158 4820 3317 4874 quam
3352 4802 3686 4874 Epiphanius
3714 4801 3813 4854 ad—

2243 4883 2419 4941 duxit,
2451 4880 2837 4932 nonnullorum
2876 4878 3167 4942 rationem,
3204 4877 3293 4945 qui
3321 4892 3385 4929 ex
3421 4892 3453 4927 x
3483 4874 3817 4945 meusedies

2245 4952 2452 5019 aliquot
2482 4950 2682 5019 libasse
2714 4947 2992 5019 Christum
3026 4948 3080 4998 in
3114 4942 3271 5001 utero
3306 4945 3498 5019 matris
3532 4942 3813 4995 existima-

2244 5013 2393 5085 runt,
2431 5018 2577 5088 quod
2611 5019 2739 5087 Sap.
2770 5033 2864 5081 vn,
2889 5017 2945 5079 2,
2990 5018 3253 5088 scriptum
3288 5016 3395 5067 sit:
3451 5013 3638 5065 Decem
3673 5028 3819 5088 men-

2245 5082 2391 5144 sibus
2421 5082 2703 5142 c'oncretus—
2735 5088 2789 5139 in
2835 5082 3118 5155 sanguine,
3144 5087 3331 5139 eodem
3366 5090 3688 5153 argumento
3716 5082 3819 5155 _Ca-

2245 5162 2482 5213 tholicus
2521 5158 2791 5211 Armeniae
2822 5151 2957 5211 usus
2990 5167 3073 5209 est
3113 5157 3167 5209 in
3198 5151 3453 5225 epistola,
3489 5168 3654 5222 quam
3680 5151 3817 5203 citat
3850 5210 3859 5225 τ

2248 5229 2392 5284 Scal.
2430 5232 2483 5282 in
2520 5227 2663 5297 Isag.
2695 5244 2812 5279 cun.
2850 5243 2972 5295 pag.
3002 5227 3127 5297 501.
3176 5296 3183 5297 7
3232 5220 3257 5297 —_
3364 5294 3374 5297 μ
3505 5220 3525 5222 “
3557 5292 3583 5297 Δ
3712 5291 3723 5297 _

2318 5300 2428 5369 (49)
2466 5298 2575 5351 Καὶ
2613 5288 2749 5369 ἓτερί
2785 5288 2977 5363 αὗτῆν
3009 5296 3123 5369 ζῆν
3162 5294 3511 5369 ἑνδεκάτην.
3548 5291 3819 5369 Quoniam
3846 5288 3879 5332 ἢ

2247 5362 2437 5423 natum
2473 5384 2596 5422 esse
2620 5362 2900 5422 Christum
2930 5362 2987 5418 vi
3017 5364 3139 5420 Jan.
3166 5368 3468 5419 arbitratus
3508 5373 3613 5425 est,
3653 5362 3830 5430 bapti-

2249 5448 2429 5493 zatum
2469 5454 2597 5491 vero
2624 5454 2719 5491 VIII
2752 5437 2908 5500 Nov.,
2940 5436 3097 5489 facile
3124 5436 3227 5490 fuit
3254 5435 3555 5505 Epiphanio
3585 5434 3822 5501 primum

2249 5509 2381 5563 illud
2425 5518 2645 5563 mutata:
2696 5524 2849 5578 aqua":
2888 5507 3212 5578 miraculum
3270 5509 3487 5565 eodem,
3522 5520 3630 5572 quo
3661 5512 3823 5578 natus

2249 5588 2385 5641 erat,
2415 5578 2502 5632 die
2538 5569 3051 5632 factum'asserere.
3102 5576 3303 5631 Verum
3344 5590 3469 5628 cum
3520 5569 3687 5627 veteri
3734 5569 3836 5621 Ee-

2250 5649 2429 5703 clesia:
2471 5649 2832 5703 consensione
2881 5663 2987 5700 non
3015 5645 3139 5700 Jan.
3178 5664 3253 5709 vi,
3292 5647 3387 5700 sed
3427 5644 3683 5698 Decemb.
3714 5656 3823 5709 xxv

2250 5718 2449 5774 Christi
2486 5716 2693 5775 Natalis
2729 5719 3029 5773 attributus
3063 5720 3153 5780 sit,
3189 5718 3504 5780 baptismus
3542 5728 3670 5769 vero
3704 5708 3829 5763 Jan-
