4176 6386
369 280 467 382 sti

1144 319 1513 379 ADVERSUS
1556 319 1900 376 HERESES
1925 317 2051 374 LIB.
2087 316 2155 373 ll.
2187 315 2355 371 TOM.
2398 316 2436 372 Ι.
2462 315 2817 374 -ΗλΕΒΕΞ,
2861 316 2948 373 Ll.

3511 316 3620 378 942

439 432 518 490 A'.
554 433 646 488 Διὸ
671 433 764 489 καὶ
790 436 847 488 ἐν
876 434 1089 499 πολλοῖς
1128 436 1313 499 τόποις
1346 433 1456 506 (50)
1494 435 1622 505 ἄχρι
1654 434 1752 505 τῆς
1785 433 1944 505 δεῦρο

2122 427 2288 483 XXX.
2327 428 2388 483 ln
2439 428 2599 497 cujus
2640 430 2718 484 rei
2762 428 2920 482 fidem
2966 426 3235 498 hodieque
3270 426 3523 503 pluribus
3566 427 3625 483 in

366 528 515 581 τουτὶ
539 526 746 595 γίνεται
777 524 899 579 τότε
926 526 988 579 τὸ
1017 523 1307 597 γενόμενον
1337 525 1673 598 θεοσήμειον,
1702 528 1782 590 είς
1814 542 1949 597 μαρ-

365 619 551 689 τύριον
587 621 702 682 τοῖς
735 617 1084 672 ἀπιστοῦσινο
1120 618 1197 681 ὡς
1234 618 1607 691 μαρτυροῦσιν
1641 620 1701 671 ὲν
1734 617 1948 679 πολλοῖς

364 712 553 775 τόποις
583 711 759 783 πηγαί
800 728 860 764 τε
917 711 1013 765 καὶ
1053 711 1291 783 ποταμοὶ
1332 713 1411 776 είς
1442 708 1585 766 οἶνον
1616 707 1947 783 μεταϐαλλό-

369 822 541 876 μενοι.
574 804 824 877 Κιδύρης
854 805 951 877 μὲν
978 805 1079 876 τῆς
1105 805 1311 869 πόλεως
1341 806 1438 876 τῆς
1465 803 1679 876 Καρίας
1707 804 1741 874 ἡ
1771 801 1943 874 πηγὴ,

365 896 489 950 καθ’
516 898 583 969 ἢν
614 896 885 968 ήντηλησαν
916 897 1064 968 ὥραν
1111 898 1159 951 ei
1204 897 1458 961 διάκονοι,
1486 897 1580 949 καὶ
1621 891 1771 949 εἴπεο
1804 897 1946 949 Δότε

366 989 444 1055 τῷ
472 990 910 1060 ἀρχιτρικλίνῳ.
942 991 1230 1063 Μαρτυρεῖ
1256 991 1313 1044 δὲ
1338 991 1434 1044 καὶ
1457 991 1490 1062 ἡ
1522 991 1579 1043 ὲν
1606 990 1816 1061 Γεράσῃ
1846 988 1947 1058 τῆς

379 1082 635 1154 Ἀραϐίας
677 1083 828 1155 πηγὴ
861 1082 1141 1146 ὡσαύτως.
1184 1081 1531 1153 Πεπώκαμεν
1564 1081 1672 1135 ἀπὸ
1700 1081 1802 1151 τῆς
1842 1082 1945 1134 Κι-

367 1175 560 1247 6ύρης’
600 1176 858 1247 ἡμέτεροι
897 1175 952 1228 δὲ
981 1176 1198 1246 ἀδελφοὶ
1229 1175 1337 1229 ἀπὸ
1366 1176 1464 1245 τῆς
1499 1175 1558 1227 ὲν
1586 1175 1625 1226 Γ
1628 1173 1803 1246 εράσῃ
1838 1190 1945 1244 πη-

364 1267 488 1338 γῆς,
518 1268 616 1337 τῆς
641 1269 698 1320 ὲν
723 1263 799 1338 τῷ
822 1266 1141 1339 Μαρτυρία).
1182 1266 1291 1320 Καὶ
1330 1265 1515 1319 πολλοὶ
1539 1265 1597 1318 δὲ
1626 1267 1721 1319 καὶ
1762 1266 1818 1317 ὲν
1853 1266 1947 1317 Αί-

365 1360 559 1430 γύπτῳ
590 1359 834 1431 περὶτοῦ
867 1360 1060 1413 Νείλου
1086 1358 1245 1412 τοῦτο
1276 1358 1633 1431 μαρτυροῦσι.
1665 1358 1861 1429 Διόπερ
1886 1358 1945 1410 ὲν

368 1454 433 1523 τῇ
468 1451 729 1526 ἑνδεκάτῃ
762 1452 901 1505 Tum
929 1451 1053 1506 κατ’
1082 1451 1413 1519 Αἰγυπτίους
1458 1451 1657 1513 πάντες
1699 1448 1949 1521 ὑδρεύον-

365 1561 454 1597 ται
487 1543 653 1616 ὖδωρ,
682 1544 777 1598 καὶ
804 1542 1153 1597 ἁποτιθέασιν
1187 1543 1245 1595 ὲν
1277 1542 1414 1613 αὐτῇ
1443 1543 1508 1611 τῇ
1543 1540 1820 1610 Αἰγύπτῳ,
1852 1539 1947 1593 καὶ

366 1637 423 1689 ἐν
472 1636 695 1700 πολλαῖς
736 1634 1013 1707 πατρίσιν.
1058 1633 1243 1697 Οὕτως
1285 1633 1394 1705 γὰρ
1449 1633 1758 1704 εὑρίσκεται
1808 1631 1947 1702 μετὰ

363 1728 461 1801 τὴν
488 1728 795 1800 δωδεκάτην
834 1726 1017 1797 Ἀθὺρ,
1044 1726 1368 1788 ἀπελθόντος
1387 1765 1401 1788 ,
1436 1726 1529 1778 καὶ
1560 1722 1944 1794 πειρασθέντος

365 1821 768 1893 τεσσαράκοντα
794 1819 1027 1891 ἡμέρας,
1050 1819 1144 1872 καὶ
1170 1816 1430 1883 ἐλθόντος,
1457 1815 1553 1870 καὶ
1582 1814 1941 1885 ἐκλεξαμένου
1973 1801 2015 1856 Β

364 1913 514 1978 τινας
557 1912 665 1967 τῶν
710 1912 874 1965 αὐτοῦ
920 1911 1210 1983 μαθητῶν,
1247 1909 1343 1963 καὶ
1391 1907 1758 1979 ὲναρξαμένου
1806 1905 1944 1976 μετὰ

363 2006 771 2077 τεσσαράκοντα
793 2003 1011 2075 ἡμέρας
1036 2001 1130 2055 τού
1168 1998 1472 2073 πειρασμοῦ
1492 1997 1805 2071 κηρύττειν.
1835 1996 1946 2050 Καὶ

363 2097 526 2151 αὐτοῦ
574 2095 922 2160 κατελθόντος
957 2096 1035 2158 είς
1081 2094 1172 2147 τὸν
1194 2092 1497 2163 Ἰορδάνην,
1542 2090 1636 2143 καὶ
1680 2090 1946 2159 συναντή-

366 2204 556 2253 σαντος
586 2189 698 2252 τοῖς
730 2187 862 2259 περὶ
903 2184 1193 2255 Ναθαναὴλ
1212 2224 1227 2248 ,
1272 2185 1365 2236 καὶ
1405 2180 1814 2254 παραλαῦόντος
1845 2180 1944 2233 αύ-

362 2281 509 2345 τοὺς,
543 2281 632 2334 ὅτε
660 2279 878 2351 ἔμειναν
912 2280 1040 2349 παρ’
1074 2276 1223 2348 αύτῷ
1249 2275 1342 2329 δύο
1368 2274 1602 2346 ἡμέρας,
1638 2273 1733 2327 καὶ
1764 2271 1946 2326 αύτῶν

363 2370 853 2444 ἀναχωρησάντων,
886 2370 977 2424 καὶ
1005 2368 1167 2422 αὐτοῦ
1210 2367 1570 2439 ἐκϐεϐηκότος
1599 2368 1677 2431 είς
1705 2367 1806 2437 τὴν
1837 2366 1945 2418 Γα-

363 2464 607 2519 λιλαίαν·
644 2463 804 2528 εὐθὺς
852 2462 940 2517 διὰ
980 2463 1080 2526 τὰς
1131 2461 1394 2535 πρότερον
1436 2460 1534 2515 δύο
1582 2459 1796 2531 ἡμέρας
1843 2458 1946 2521 τὰς

365 2556 660 2629 εἰρημένας
687 2555 791 2629 ἔφη
818 2555 879 2609 τὸ
905 2554 1235 2624 Εὐαγγέλιον
1256 2571 1269 2585 °
1308 2552 1389 2621 Τῇ
1416 2554 1582 2622 τρίτῃ
1619 2550 1811 2621 ἡμέρᾳ
1839 2550 1944 2621 τά·

358 2663 476 2717 μος
507 2648 745 2717 ἐγένετο
788 2648 858 2701 ἐν
885 2643 1053 2713 Κανᾷ
1084 2643 1196 2716 τῆς
1224 2646 1590 2710 Γαλιλαίας’
1635 2645 1772 2716 ὅπερ
1809 2643 1948 2713 σύμ-

366 2734 522 2787 ϐολον
560 2730 629 2806 ἦν
662 2735 756 2805 τῆς
803 2730 1163 2801 Ἐκκλησίας’
1210 2736 1268 2787 ὲν
1309 2733 1419 2806 γὰρ
1455 2736 1521 2805 τῇ
1568 2732 1726 2804 τρίτῃ
1762 2733 1947 2806 ἡμέρα

364 2824 465 2895 τῆς
504 2827 560 2878 ὲν
592 2828 659 2896 τῇ
704 2825 903 2897 καρδίᾳ
948 2825 1049 2895 τῆς
1092 2825 1199 2895 γῆς
1234 2824 1399 2878 αὐτοῦ
1446 2822 1847 2895 πραγματείας,
1879 2820 1947 2896 ἦς

366 2918 425 2969 ὲν
464 2918 530 2987 τῇ
576 2920 647 2988 γῇ
694 2916 938 2987 ἐποίησε,
979 2917 1116 2988 μετὰ
1168 2916 1229 2970 τὸ
1271 2916 1443 2981 πάθος
1481 2917 1739 2982 ἀναστὰς,
1769 2917 1946 2988 γάμον

369 3011 607 3081 συνῆπτε
654 3013 719 3082 τῇ
773 3012 951 3082 Κανᾷ.
997 3011 1155 3064 Κανᾶ
1196 3008 1306 3082 γὰρ
1354 3011 1713 3082 ἑρμηνεύεται
1754 3010 1866 3079 (51)
1906 3010 1944 3078 ἡ

367 3099 734 3169 κτησαμένη.
769 3100 865 3164 Τίς
908 3099 967 3153 δέ
997 3102 1143 3155 ἔστιν
1179 3100 1212 3171 ὴ
1256 3099 1571 3170 κτησαμένη
1607 3098 1779 3170 ἀλλ’ἢ
1810 3099 1948 3171 κλη-

371 3194 596 3265 ρονόμος
615 3235 629 3258 ,
656 3193 785 3265 περὶ
813 3188 880 3263 ἦς
908 3195 936 3245 ό
968 3191 1269 3263 Ψαλμῳδὸς
1299 3193 1356 3244 ὲν
1381 3191 1459 3263 τῷ
1489 3192 1725 3263 πέμπτῳ
1746 3191 1947 3264 ψαλμῷ

366 3286 570 3355 ἔλεγεν·
609 3284 776 3353 ’Υπὲρ
801 3283 911 3353 τῆς
942 3284 1465 3355 κληρονομούσης,
1492 3285 1584 3336 καὶ
1613 3283 1681 3337 τὰ
1709 3282 1874 3353 ἑξῆς;

439 3378 477 3431 Γ
481 3378 618 3449 άμος
639 3379 747 3449 γὰρ
766 3370 939 3442 οὗτος,
963 3378 1038 3442 ὡς
1067 3376 1279 3449 ἀληθῶς
1308 3376 1688 3447 εὐλογημένος,
1717 3375 1825 3429 ἀπὸ
1850 3374 1945 3428 τοῦ

367 3470 537 3523 τύπου
571 3470 781 3523 ἐκείνου
822 3468 1001 3523 λαϐὼν
1035 3470 1133 3540 τὴν
1165 3469 1460 3541 πρόφασιν.
1504 3468 1652 3522 Ἐκεῖ
1702 3466 1803 3538 μὲν
1839 3467 1948 3538 γὰρ

367 3563 545 3634 γάμος
575 3558 642 3633 ἦν
669 3561 924 3633 αἰσθητὸς
957 3565 1014 3616 ὲν
1041 3564 1198 3635 Κανᾷ
1230 3562 1328 3632 τῆς
1357 3562 1665 3626 Γαλιλαίας,
1688 3564 1781 3616 καὶ
1804 3562 1948 3635 ὓδωρ

368 3651 755 3727 ὰληθῶςοῖνος
780 3654 1034 3724 γεγονώς·
1060 3657 1154 3709 καὶ
1180 3656 1383 3728 ἐκλήθη
1408 3654 1550 3709 κατὰ
1575 3655 1668 3709 δύο
1688 3657 1944 3729 τρόπους,

369 3748 456 3800 ἵνα
501 3747 562 3799 τὸ
607 3745 798 3817 ὑδαρὲς
842 3746 951 3799 τῶν
999 3750 1056 3801 ὲν
1099 3748 1177 3818 τῷ
1229 3749 1417 3819 κόσμῳ
1466 3748 1949 3818 ὲκΰακχευομένων

371 3838 639 3909 ὲπιστύψῃ
663 3839 757 3892 τοῦ
784 3841 962 3911 γάμου
1009 3842 1088 3903 είς
1125 3841 1475 3912 σωφροσύνην
1512 3842 1606 3894 καὶ
1639 3843 1719 3905 είς
1753 3841 1947 3912 σεμνό-

369 3948 528 4002 τητα,
563 3933 657 3985 καὶ
681 3932 767 3985 ἴνα
790 3932 851 3985 τὸ
874 3932 1059 3986 λοιπὸν
1083 3931 1525 4005 ὲπιδιορθώσεται
1551 3935 1629 3997 είς
1652 3934 1950 4005 εύφρασίαν

369 4022 465 4075 τοῦ
492 4021 781 4076 λυσιπόνου
814 4022 956 4076 οἴνου
984 4024 1079 4076 καὶ
1104 4025 1202 4093 τῆς
1223 4024 1462 4093 χάριτος⁹
1492 4025 1579 4077 ἵνα
1603 4025 1746 4077 κατὰ
1774 4025 1950 4078 πάντα

371 4115 573 4187 τρόπον
608 4114 787 4185 φράξῃ
819 4114 886 4167 τὰ
920 4114 1160 4183 στόματα
1184 4114 1292 4168 τῶν
1315 4114 1458 4168 κατὰ
1496 4115 1699 4184 Κυρίου
1734 4117 1949 4184 ἐπεγει-

374 4207 636 4279 ρομένων,
672 4207 767 4259 καὶ
800 4207 886 4259 ἵνα
915 4206 1085 4281 δείξῃ,
1121 4206 1381 4269 δτιαύτός
1408 4208 1525 4259 ἐστι
1553 4206 1683 4271 Θεὸς
1719 4208 1815 4261 σὺν
1845 4209 1950 4261 Πα-

371 4301 461 4371 τρὶ
493 4300 589 4352 καὶ
616 4299 694 4369 τῷ
727 4298 867 4368 ἁγίῳ
907 4298 1071 4351 αὐτοῦ
1102 4297 1380 4367 Πνεύματι
1400 4338 1414 4361 ,
1446 4297 1508 4351 τὸ
1549 4297 1693 4369 ὕδωρ
1733 4301 1799 4369 τῇ
1841 4300 1950 4368 άμ-

2050 519 2188 574 locis
2222 520 2388 585 idem,
2444 519 2589 589 quod
2642 519 2772 573 olim
2806 518 3009 574 factum
3057 527 3162 587 est,
3196 520 3500 592 prodigium
3544 520 3629 575 in-

2048 619 2351 675 stauratur,
2403 610 2568 680 idque
2608 609 2787 679 ipsum
2818 608 3000 665 fontes
3047 609 3308 682 fluviique
3355 618 3628 667 testantur

2051 704 2257 775 passim
2303 702 2361 757 in
2405 702 2532 756 vina
2577 703 2851 758 conversi.
2883 702 3208 773 Cujusmodi
3255 707 3321 759 ad
3369 704 3625 777 Cibyram

2047 797 2223 852 Cariae
2255 796 2518 867 oppidum
2557 795 2678 851 fons
2720 803 2823 858 est,
2858 796 2953 867 qui
2980 796 3171 851 eadem
3200 796 3289 851 illa
3320 797 3477 865 hora,
3516 812 3625 868 qua

2048 887 2293 944 ministri
2327 902 2526 958 aquam
2560 886 2883 951 hauserunt,
2929 900 2993 940 ac
3023 884 3271 941 Salvator
3298 886 3626 944 dixit:Date

2048 981 2415 1035 architriclino
2441 982 2481 1044 ¹,
2511 982 2566 1035 in
2596 980 2783 1035 vinum
2814 981 3065 1035 vertitur.
3098 981 3245 1036 idem
3280 991 3334 1036 et
3362 981 3419 1037 in
3448 982 3622 1038 Gera-

2047 1090 2182 1130 seno
2214 1075 2431 1130 Arabiae
2471 1074 2623 1129 fonte
2657 1074 2949 1144 contingit.
2997 1072 3110 1130 Nos
3159 1089 3228 1129 ex
3263 1073 3477 1147 Cibyrae
3526 1075 3624 1131 illo

2048 1166 2217 1233 fonte,
2257 1164 2455 1221 fratres
2488 1165 2685 1229 nostri,
2732 1179 2799 1219 ex
2832 1162 3110 1220 Geraseno
3153 1169 3486 1236 potavimus,
3529 1168 3627 1238 qui

2048 1257 2104 1312 in
2133 1256 2395 1329 Martyrio
2416 1265 2519 1313 est.
2540 1256 2794 1328 Plerique
2822 1271 2954 1313 vero
2980 1257 3121 1313 idem
3145 1267 3199 1314 et
3220 1260 3288 1315 de
3308 1259 3431 1315 Nilo
3458 1259 3628 1333 Egy-

2047 1350 2127 1421 pti
2153 1350 2318 1406 ﬂuvio
2350 1350 2697 1406 conﬁrmant.
2743 1348 2879 1416 Quae
2906 1366 3076 1407 causa
3119 1361 3206 1408 est
3252 1368 3354 1407 cur
3396 1352 3532 1426 Tybi
3571 1371 3624 1410 xi

2048 1458 2266 1498 onmem
2308 1443 2367 1497 in
2403 1441 2642 1514 [Egypto
2673 1458 2873 1513 aquam
2914 1442 3195 1510 hauriant,
3220 1459 3285 1500 ac
3317 1462 3622 1513 reservent.

2048 1535 2216 1607 idque
2262 1536 2452 1592 multis
2488 1537 2613 1593 aliis
2642 1537 2700 1592 in
2730 1536 2865 1593 locis
2910 1536 3026 1593 ﬁeri
3058 1540 3286 1596 assolet.
3328 1540 3517 1612 Igitur,
3547 1538 3628 1601 uti

2047 1640 2197 1684 certo
2251 1636 2592 1700 compertum
2642 1629 2954 1695 habuimus,
2998 1640 3121 1700 post
3167 1649 3245 1688 xu
3284 1633 3457 1706 Athyr
3493 1638 3629 1693 abiit

2046 1719 2318 1787 Christus,
2365 1735 2429 1775 ac
2468 1721 2825 1777 tentationem
2858 1737 2928 1776 xt.
2973 1722 3091 1779 dies
3142 1725 3330 1780 subiit.
3366 1724 3496 1784 Inde
3539 1729 3628 1786 di-

2044 1828 2267 1884 gressus
2323 1812 2625 1884 discipulos
2679 1813 2890 1884 aliquot
2936 1815 3155 1886 delegit.
3199 1816 3339 1874 Tum
3381 1828 3507 1890 post
3551 1836 3621 1879 xl.

2049 1904 2364 1960 tentationis
2412 1905 2531 1960 dies
2575 1905 3022 1975 praedicationem
3074 1922 3367 1980 aggressus
3402 1912 3471 1967 ad
3497 1911 3625 1969 Jor-

2046 1996 2242 2051 danem
2292 1997 2551 2066 perrexit.
2604 1996 2681 2052 lbi
2728 1997 3070 2065 Nathanaeli,
3129 2010 3184 2057 et
3236 2004 3306 2060 iis
3350 2006 3445 2076 qui
3499 2024 3626 2064 cum

2044 2088 2207 2162 ἅδε
2240 2105 2306 2145 eo
2349 2099 2527 2154 erant,
2564 2091 2806 2146 occurrit
2838 2110 2853 2147 :
2880 2108 3020 2163 quos
3068 2101 3123 2149 et
3156 2111 3342 2153 secum
3372 2100 3625 2170 obduxit,

2047 2198 2171 2237 cum
2204 2184 2414 2239 scilicet
2452 2184 2619 2241 biduo
2652 2185 2797 2256 apud
2824 2186 2975 2242 illum
3020 2204 3359 2248 manserunt.
3392 2194 3628 2269 Moxque

2050 2285 2109 2329 ut
2140 2275 2306 2331 iidem
2343 2285 2714 2343 recesserunt,
2756 2278 2815 2333 in
2869 2278 3144 2337 Galilaeam
3185 2285 3464 2354 profectus
3515 2298 3626 2348 est.

2046 2367 2207 2435 Quod
2255 2383 2385 2424 vero
2425 2368 2579 2424 bidui
2622 2370 2789 2441 hujus
2839 2372 3174 2429 mentionem
3224 2375 3451 2442 fecerat.
3503 2379 3628 2437 ideo

2046 2459 2232 2514 statim
2260 2456 2614 2531 Evangelium
2666 2460 2893 2531 subjicit
2923 2481 2936 2518 :
2973 2462 3150 2517 Tertio
3190 2464 3276 2521 die
3316 2469 3514 2537 nuptia:
3537 2471 3627 2541 fa-

2047 2562 2145 2606 ctre
2182 2560 2306 2606 sunt
2355 2553 2411 2607 in
2448 2550 2599 2609 Cana
2649 2552 2930 2610 Gaiilaaaz’
2972 2574 2985 2610 :
3019 2556 3164 2626 quod
3201 2556 3271 2613 ad
3320 2556 3623 2618 Ecclesiam

2050 2643 2323 2713 pertinere
2371 2645 2675 2715 putandum
2730 2654 2835 2703 est.
2878 2647 3094 2704 Etenim
3137 2650 3297 2705 tertia
3346 2652 3435 2709 die
3475 2657 3627 2712 omni

2047 2736 2160 2798 illa,
2191 2750 2352 2806 quam
2382 2737 2437 2791 in
2465 2746 2629 2793 terra!
2653 2740 3031 2810 penetralibus
3062 2749 3187 2812 post
3210 2752 3439 2800 mortem
3464 2748 3625 2815 obiit,

2048 2824 2522 2882 administratione
2558 2828 2902 2898 perfunctus,
2935 2834 3177 2887 surrexit
3206 2847 3237 2886 a
3267 2838 3523 2903 mortuis,
3560 2854 3628 2896 ac

2049 2917 2269 2987 nuptias
2292 2932 2417 2973 cum
2458 2918 2608 2973 Cana
2634 2921 2941 2991 conjunxit.
2984 2922 3129 2977 Cana
3159 2939 3326 2993 porro
3350 2930 3626 2997 possiden-

2051 3016 2153 3060 Iem
2212 3006 2507 3077 signiﬁcat.
2553 3007 2686 3075 Quae
2728 3018 2815 3065 est
2859 3027 2993 3066 vero
3045 3013 3333 3082 possidens
3373 3018 3463 3072 illa
3517 3020 3623 3077 nis?

2051 3098 2247 3185 limes,
2290 3098 2451 3168 cujus
2492 3100 2707 3169 psalmo
2739 3102 2934 3170 quinto
2978 3102 3147 3160 David
3196 3108 3482 3167 meminit:
3516 3111 3627 3172 Pro

2049 3190 2421 3245 [nereditatem
2441 3202 2737 3259 capessente
2756 3194 2816 3248 '?
2843 3195 2953 3246 etc.

2120 3371 2212 3426 liae
2234 3373 2435 3445 quippe
2467 3374 2669 3445 nuptiae
2697 3387 2828 3433 sunt
2858 3394 2922 3433 ac
2950 3394 3140 3437 revera
3160 3382 3481 3451 benedictae,
3506 3402 3629 3457 qua

2050 3474 2432 3535 argumentum
2462 3483 2529 3523 ex
2560 3468 2651 3523 illa
2687 3468 2859 3542 ﬁgura
2891 3471 3295 3542 quodammodo
3318 3486 3625 3538 traxerunt.

2050 3555 2262 3612 Etenim
2310 3557 2367 3613 in
2416 3559 2564 3615 Cana
2597 3561 2832 3619 Galilaeae
2883 3576 3121 3622 externae
3169 3576 3297 3623 sunt
3340 3571 3630 3628 celebrata:

2048 3650 2276 3721 nuptiae,
2325 3653 2418 3707 ubi
2452 3654 2507 3709 in
2547 3655 2731 3710 vinum
2781 3670 2924 3727 aqua
2966 3667 3051 3714 est
3094 3674 3285 3716 revera
3333 3677 3622 3720 conversa.

2050 3741 2232 3807 Quare
2281 3743 2494 3799 duabus
2551 3744 2684 3800 mihi
2746 3746 2814 3803 de
2865 3747 3051 3804 causis
3101 3750 3319 3805 videtur
3363 3753 3627 3810 invitatus

2048 3851 2173 3891 esse
2214 3835 2487 3893 Christus.
2523 3838 2767 3894 Primum
2825 3848 2886 3895 ut
2917 3856 3073 3912 aqua;
3114 3843 3373 3907 similem,
3427 3860 3493 3902 ac
3526 3844 3631 3901 dif-

2050 3928 2304 3984 ﬂuentem
2332 3930 2667 3986 furiosorum
2705 3931 2986 3987 hominum
3016 3933 3069 3987 in
3119 3935 3324 3989 mundo
3350 3935 3626 3993 libidinem

2050 4021 2366 4091 nuptiarum
2398 4022 2725 4078 castimonia
2753 4031 2809 4079 et
2845 4023 3132 4079 honestate
3177 4026 3577 4097 constringeret
3610 4048 3624 4084 :

2051 4122 2166 4166 tum
2213 4121 2272 4167 ut
2315 4113 2463 4184 quod
2507 4114 2697 4169 deerat
2741 4115 3079 4176 emendaret.
3131 4130 3196 4171 ac
3232 4116 3626 4185 iucundissimi

2051 4205 2164 4259 vini
2210 4206 2481 4260 suavitate
2527 4206 2794 4262 mulceret
2836 4215 2890 4261 et
2938 4208 3145 4276 gratia;
3184 4224 3398 4266 necnon
3439 4220 3493 4267 et
3534 4214 3630 4270 ed-

2053 4298 2175 4353 rum
2206 4298 2504 4355 obduraret
2529 4315 2648 4363 ora,
2691 4299 2785 4370 qui
2812 4299 3075 4358 adversus
3110 4301 3399 4359 Dominum
3444 4306 3632 4363 insur-

287 5690 295 5699 -
383 5660 622 5734 accidit;
655 5665 868 5719 tametsi
899 5660 1089 5720 eodem
1122 5679 1230 5734 quo
1278 5663 1586 5734 baptismus
1622 5661 1710 5716 die
1746 5660 1815 5734 ab
1854 5660 1950 5712 Ec-

375 4393 522 4464 πέλῳ
548 4391 823 4463 παρέχων,
856 4389 1085 4462 χροῒζων
1118 4390 1248 4442 αὐτὸ
1278 4393 1335 4442 ὲν
1374 4390 1511 4461 αὐτῇ
1553 4394 1632 4453 είς
1658 4386 1819 4453 οἶνον,
1857 4390 1948 4443 καὶ

2056 4400 2207 4464 gunt.
2242 4392 2420 4463 Atque
2451 4400 2511 4459 ut
2552 4391 2802 4448 eumdem
2856 4409 2914 4449 se
2951 4408 3075 4447 cum
3104 4393 3290 4462 Patre,
3339 4405 3393 4452 et
3425 4396 3629 4468 Spiritu

373 4482 674 4553 εὐφρασίαν
702 4479 1021 4551 ἀνθρώπων.
1065 4480 1155 4533 Ἐν
1184 4479 1327 4550 ἄλλῳ
1360 4481 1415 4534 δὲ
1442 4481 1589 4551 τόπῳ
1619 4480 1948 4551 μακρότερον

2059 4492 2251 4540 sancto
2275 4483 2576 4539 declararet
2593 4499 2717 4539 esse
2740 4483 2929 4549 Deum,
2951 4486 3042 4556 qui
3070 4487 3354 4542 humorem
3379 4490 3472 4544 viti
3499 4504 3632 4561 sup-

373 4573 732 4644 περὶτούτων
768 4570 1157 4642 διηγησόμεθα·
1195 4571 1427 4626 ἐνταῦθα
1465 4571 1521 4625 δὲ
1558 4571 1631 4634 ὼς
1659 4574 1717 4625 ὲν
1747 4588 1948 4641 παρεκ-

2058 4571 2331 4643 peditans,
2365 4572 2421 4627 in
2454 4572 2564 4639 vini
2599 4575 2838 4629 colorem
2882 4575 2948 4629 ad
2982 4575 3261 4632 hominum
3294 4580 3631 4650 voluptatem

374 4666 531 4722 ϐάσει
574 4666 861 4738 διέδραμον
892 4664 983 4718 τὸν
1026 4664 1202 4732 λόγον.
1250 4665 1440 4736 Ὅμως
1479 4665 1573 4718 δύο
1611 4664 1803 4735 Πάσχα
1852 4664 1948 4735 μὲν

2058 4664 2583 4736 oblectationemque
2628 4674 2950 4722 commutat.
3005 4664 3111 4723 Sed
3141 4668 3209 4726 de
3245 4684 3310 4729 ea
3360 4687 3419 4727 re
3454 4672 3633 4730 fusius

451 4851 469 4881 ¹
503 4850 657 4905 loan.
692 4866 754 4915 ιι,
787 4850 839 4905 8.
922 4854 942 4883 ²
968 4850 1102 4906 ibid.
1154 4851 1206 4903 i.
1283 4850 1303 4880 ³
1331 4846 1476 4903 Psal.
1510 4863 1562 4913 v,
1600 4847 1656 4900 l.

377 5049 453 5097 v1,
482 5033 595 5088 ﬁeri
631 5049 740 5088 non
776 5042 976 5103 potest,
1014 5044 1072 5087 ut
1118 5041 1212 5086 aut
1256 5031 1467 5103 eodem,
1496 5045 1607 5100 quo
1641 5038 1803 5103 natus
1830 5037 1936 5091 est,

2048 5098 2061 5103 _
2107 5027 2218 5103 (50)
2261 5024 2517 5103 Ato‘xab
2545 5027 2615 5079 ἐν
2650 5025 2922 5103 πολέοξς-
2950 5028 3174 5103 τόξοις..
3221 5026 3383 5103 Quod
3413 5026 3622 5103 horum

378 5096 474 5157 aut
502 5104 684 5170 etiam,
716 5096 825 5173 qu'o
855 5096 1157 5174 baptizatus
1196 5113 1299 5174 est,
1327 5102 1415 5156 die
1440 5096 1638 5172 aquam
1666 5101 1720 5154 in
1742 5101 1937 5174 _vinum
2037 5096 2281 5174 fontium
2326 5097 2644 5174 historiam,
2688 5096 3060 5174 et_l:_‘.piphanii
3096 5097 3253 5174 fidem
3291 5099 3355 5174 in
3396 5096 3621 5174 dubium

378 5175 623 5229 verterit.
670 5167 885 5243 Alioqui
923 5167 1338 5244 perabsurdum
1372 5179 1457 5226 est
1477 5167 1506 5235 ,’
1538 5185 1683 5225 anno
1721 5172 1939 5244 demum
2034 5169 2311 5244 revocavit
2343 5167 2643 5244 Calvinista
2673 5167 2902 5244 quidam
2932 5183 3184 5244 nuperus
3220 5168 3273 5244 in
3308 5167 3626 5244 {Incuboni

380 5254 504 5315 post
533 5235 863 5315 baptismum
906 5235 1113 5314 elapso,
1150 5257 1275 5297 cum
1321 5242 1457 5310 jam,
1487 5248 1567 5315 ut_
1590 5252 1717 5295 ante
1758 5239 1942 5315 docui-
2044 5237 2387 5315 Defensione,
2424 5237 2555 5315 facit
2602 5235 3101 5315 impudentissime.
3308 5238 3459 5292 hunc
3496 5235 3630 5315 Epi-

381 5304 523 5377 inus,
564 5304 1012 5382 praedicationem
1060 5304 1221 5368 orsus
1269 5304 1436 5382 esset,
1486 5311 1738 5382 primum,
1764 5311 1831 5364 ab
1859 5323 1942 5382 eo
2038 5304 2227 5382 phanii
2276 5310 2455 5363 locum
2492 5304 2758 5382 pluribus
2782 5308 3077 5363 illustravit
3124 5306 3445 5382 H_eribertus
3496 5304 3631 5361 Res-

379 5377 708 5439 miraculum
739 5384 945 5439 editum
975 5384 1133 5439 velle.
1164 5382 1279 5437 Hoc
1318 5380 1462 5436 enim
1487 5377 1825 5453 evangelicae
1858 5379 1941 5453 hi-_
2039 5381 2275 5453 weydus
2314 5387 2502 5453 noster
2534 5378 2589 5432 in
2637 5377 3098 5453 Talianencontra
3127 5377 3558 5453 Casaubonunt.
3597 5390 3629 5432 a

382 5455 568 5525 Storia
599 5455 885 5525 manifeste
923 5463 1224 5525 repugnat:
1264 5454 1453 5525 multo
1481 5466 1611 5506 vero
1646 5447 1852 5525 inagis,
1893 5449 1974 5503 si'
2042 5447 2184 5525 quo
2196 5449 2403 5525 injuria
2443 5455 2667 5505 notatus
2708 5457 2825 5505 erat
2859 5448 3272 5505 illustrissimus
3334 5447 3630 5500 Annalium

382 5526 486 5577 tria
515 5524 779 5579 duntaxat
807 5519 1084 5579 'Paschata
1110 5539 1232 5578 cum
1265 5522 1543 5577 veteribus
1577 5522 1940 5590 assignemus.
2044 5519 2325 5575 conditor.

382 5593 748 5664 Quamobrem
767 5596 875 5648 alio
897 5594 1002 5661 die,
1022 5608 1184 5664 quam
1210 5609 1257 5648 ν]
1282 5591 1430 5664 Jan.,
1450 5585 1945 5664 miraculum_ist_ud

2086 5589 2228 5664 _(5l)
2267 5590 2433 5664 Κανᾷ
2464 5589 2575 5660 γὰρ
2602 5588 3007 5664 ἑρμηνεύεται.
3029 5585 3301 5664 vocabuli
3326 5585 3634 5664 hujusori-

2085 5654 2226 5742 idem
2256 5676 2286 5715 a
2320 5654 2488 5716 verbo
2522 5654 2639 5742 mp
2664 5654 2921 5726 deducit,
2962 5657 3111 5729 quod
3158 5654 3634 5730 possidere_signip

384 5733 549 5803 τιθείη
583 5735 909 5791 celebretur.
951 5734 1024 5790 De
1069 5729 1179 5803 quo
1227 5729 1702 5788 vide'Perrerium
1753 5729 1847 5785 lib.
1893 5745 1945 5783 xl
2051 5729 2196 5783 ficat.

381 5801 536 5859 Com.
569 5805 620 5858 in
645 5804 808 5863 Dam.
838 5815 893 5859 et
924 5801 1122 5859 Baron.
1156 5806 1210 5860 in
1244 5804 1381 5876 Ann,
