4176 6386
516 297 646 354 ’943

1954 296 2010 352 S.
2043 294 2386 354 EPIPIIANII

3684 299 3794 356 9“

541 411 651 464 alio
683 408 802 464 loco
830 407 1250 480 disputavimus.
1287 407 1384 464 Hic
1416 418 1595 463 autem
1626 409 1774 464 velut
1817 411 1994 468 obiter
2030 414 2105 468 di-

2221 416 2362 469 κατὰ
2399 415 2499 486 τὴν
2534 414 2824 487 ἀρχὴν-τοῦ
2866 415 3220 486 κηρύγματος
3259 417 3288 469 6
3316 415 3504 486 norim
3534 418 3789 479 ποιεῖται,

541 501 718 570 gressi
757 516 876 556 eam
921 501 1226 556 orationem
1267 503 1566 571 attigimus.
1606 500 1804 555 Verum
1840 505 2118 560 enimvero

541 599 664 661 post
685 592 1087 662 praedicationis
1115 593 1398 648 exordium
1417 593 1526 646 duo
1548 608 1577 644 a
1603 593 1823 648 Christo
1843 595 2116 650 celebrata

541 694 672 740 sunt
702 683 1008 749 Paschata;
1048 687 1209 740 tertio
1239 694 1324 741 est
1359 686 1554 740 deinde
1589 700 1808 755 passus,
1838 699 1895 740 ut
1928 688 2117 743 conie-

541 783 632 829 cta
683 777 866 830 omnia
919 778 1012 832 illa
1056 777 1168 831 sint
1212 792 1242 831 a
1276 791 1360 831 me
1408 786 1831 830 conunemorata
1879 778 2115 844 dierum,

530 865 834 930 mensium,
861 881 926 920 ac
945 867 1328 922 consulatuum
1351 866 1654 920 intervalla.
1681 868 1856 936 Atque
1882 869 1954 922 ita
1978 869 2113 922 falsa

530 959 722 1014 omnis
757 959 989 1014 istorum
1019 958 1296 1014 evanescit
1333 958 1494 1021 ratio,
1556 972 1680 1011 cum
1709 958 1789 1012 sic
1826 958 1970 1013 inter
1994 975 2117 1016 sese

541 1049 834 1121 Evangelia
865 1051 1232 1115 consentiant,
1259 1050 1468 1104 nullum
1515 1059 1573 1104 ut
1613 1050 1683 1105 ab
1709 1050 1879 1107 altero
1909 1051 2111 1106 discre-

543 1155 675 1212 pare
705 1141 972 1196 videatur.

612 1230 802 1286 XXXI.
858 1232 962 1287 Sed
1006 1239 1065 1286 ut
1109 1245 1175 1287 eo
1201 1230 1312 1300 jam
1353 1229 1593 1294 redeam,
1649 1229 1796 1286 unde
1830 1231 2115 1302 digressus

544 1323 775 1387 fueram,
819 1324 1011 1379 scribit
1037 1322 1237 1387 Lucas,
1273 1323 1324 1376 id
1355 1322 1500 1393 quod
1533 1321 1602 1376 ad
1645 1339 1710 1376 ea
1742 1323 2114 1377 conﬁrmanda

543 1417 705 1480 valet,
731 1430 852 1485 qua:
882 1423 1011 1470 sunt
1035 1430 1066 1469 a
1097 1431 1185 1470 me
1216 1416 1364 1470 varie
1402 1415 1882 1485 multipliciterque
1913 1432 2116 1486 propo—

541 1510 679 1565 sita:
706 1508 932 1561 Factum
953 1509 1140 1563 essein
1164 1506 1396 1562 Sabbato
1421 1509 1646 1561 secundo
1669 1509 1838 1577 primo
1868 1508 1904 1560 ¹.
1929 1505 2108 1574 Quare

540 1619 644 1656 vox
677 1602 882 1656 indicat
911 1602 1146 1670 primum
1176 1615 1299 1653 esse
1325 1597 1621 1653 Sabbatum
1659 1599 1810 1663 illud,
1838 1599 1982 1668 quod
2011 1599 2113 1651 ini-

542 1692 617 1745 tio
652 1692 1016 1760 prastitutum
1063 1687 1267 1752 fuerat,
1308 1687 1376 1742 de
1415 1703 1526 1757 quo
1576 1688 1630 1747 in
1661 1688 1846 1741 mundi
1891 1687 2112 1758 opiﬁcio

2219 510 2313 562 καὶ
2362 508 2438 578 τῷ
2483 509 2650 580 τρίτῳ
2696 508 2915 578 πάσχει·
2952 509 3027 571 ὼς
3069 507 3402 578 πληροῦσθαι
3445 508 3515 560 τὰ
3559 508 3663 578 ἠδη
3700 525 3792 578 μοι

2219 600 2360 654 κατὰ
2389 600 2581 654 λεπτὸν
2609 601 2874 672 εἰρημένα
2910 600 3035 671 περὶ
3070 599 3311 670 ἡμερῶν,
3341 600 3434 652 καὶ
3464 599 3670 669 μηνῶν,
3696 600 3791 653 καὶ

2220 690 2513 744 ὑπατειῶν.
2556 692 2659 743 Καὶ
2712 690 3046 760 πανταχόθεν
3088 689 3335 742 διέπεσεν
3370 691 3398 742 6
3432 689 3790 759 περὶτούτων

2221 779 2634 848 πεπλανημένος
2678 780 2854 847 λόγος,
2887 780 2995 832 τῶν
3036 779 3379 846 Εὑαγγελίων
3420 780 3628 849 συνῳδὰ
3654 781 3791 849 πρὸς

2218 869 2418 940 ἄλληλα
2450 872 2703 940 ἐχόντων,
2732 872 2825 924 καὶ
2869 871 2990 941 μηδ’
3024 872 3279 941 ὁπότερον
3313 871 3418 924 τῶν
3447 872 3789 939 Εὐαγγελίων

2216 964 2490 1017 ἀντίθετον
2516 965 2650 1035 πρὸς
2674 965 2762 1016 τὸν
2794 965 2978 1034 ἕτερον
3013 963 3261 1032 ἑχόντων.

2287 1225 2412 1277 AA'.
2456 1221 2775 1293 Ἐλεύσομαι
2805 1222 2860 1275 δὲ
2895 1223 3057 1278 πάλιν
3089 1227 3167 1287 είς
3191 1223 3251 1277 τὸ
3278 1219 3652 1296 πρϐκείμενον.
3683 1225 3790 1282 Φά-

2218 1331 2335 1365 σκει
2369 1311 2528 1368 πάλιν
2551 1315 2579 1366 6
2611 1316 2825 1378 Λουκᾶς
2852 1315 2985 1386 (52),
3018 1317 3308 1388 μαρτυρῶν
3353 1335 3443 1387 μοι
3475 1323 3586 1383 τοῖς
3628 1320 3789 1374 πολυ-

2219 1406 2399 1476 μερῶς
2429 1408 2522 1459 καὶ
2558 1408 2910 1479 πολυτρόπως
2936 1410 3263 1481 εἰρημένοις,
3297 1411 3377 1464 ὃτι
3423 1412 3688 1481 Ἐγένετο
3719 1415 3789 1467 ἐν

2217 1497 2495 1561 Σαϐϐάτῳ
2525 1497 2976 1568 δευτεροπρώτῳ
2994 1516 3007 1528 ·
3043 1501 3128 1554 ἴνα
3160 1501 3307 1573 δείξῃ
3330 1502 3606 1556 Σάδϐατον
3633 1503 3788 1575 πρῶ-

2214 1607 2305 1642 τον
2333 1590 2444 1661 (55)
2479 1589 2617 1643 εἶναι
2660 1593 2720 1644 τὸ
2765 1592 2858 1644 ἀπ’
2890 1593 3063 1663 ἀρχῆς
3097 1592 3308 1663 ὁρισθὲν
3343 1594 3436 1647 καὶ
3480 1593 3641 1664 ῥηθὲν
3683 1596 3788 1648 ὑπὸ

2216 1682 2418 1752 Κυρίου
2465 1684 2522 1733 ὲν
2572 1685 2638 1752 τῇ
2679 1684 3027 1754 κοσμοποιίᾳ,
3061 1684 3201 1737 κατὰ
3241 1684 3483 1755 περίοδον
3515 1686 3622 1738 ἀπὸ
3665 1688 3792 1740 τότε

540 1781 756 1836 locutus
811 1790 894 1836 est
952 1779 1241 1843 Dominus,
1293 1777 1548 1846 quodque
1603 1793 1668 1832 ex
1722 1777 1813 1831 illo
1869 1785 2105 1847 tempore

2215 1773 2344 1843 ἄχρι
2373 1775 2466 1826 τοῦ
2501 1775 2677 1845 δεῦρο,
2713 1778 2854 1828 κατὰ
2886 1777 3025 1829 ἑπτὰ
3051 1777 3261 1847 ἡμέρας
3295 1778 3785 1849 ἀνακυκλούμενον,

540 1873 798 1944 deinceps
834 1872 900 1926 ad
925 1887 1043 1927 eam
1071 1871 1214 1925 diem
1249 1878 1596 1939 septenorum
1623 1869 1832 1922 dierum
1856 1869 2111 1934 circuitu,

537 1982 602 2022 ac
646 1965 985 2022 revolutione
1031 1969 1371 2032 pervenerat.
1412 1960 1571 2032 5,53
1607 1959 1917 2013 Secundum
1961 1975 2110 2023 vero,

537 2059 767 2113 alterum
798 2055 929 2110 illud
965 2055 1079 2125 lege
1128 2053 1504 2106 constitutum.
1547 2051 1620 2104 Ita
1656 2053 1800 2106 enim
1843 2053 2110 2107 sancitum

536 2147 708 2204 fuisse
749 2148 978 2218 legimus
1013 2163 1026 2199 :
1061 2145 1248 2199 Sume;
1283 2143 1377 2196 tibi
1422 2160 1615 2212 agnum
1650 2145 1978 2206 anniculam,
2009 2145 2111 2196 im-

533 2237 885 2300 maculatum,
921 2235 1213 2289 masculum
1238 2235 1381 2304 (quaa
1410 2233 1580 2303 ﬁgura
1617 2231 1926 2287 Salvatoris
1962 2232 2108 2304 fuit),

535 2347 569 2386 α
603 2331 805 2384 decima
835 2329 1049 2383 mensis.
1082 2325 1152 2379 Et
1195 2324 1486 2380 servabitur
1533 2327 1600 2378 ad
1635 2342 1743 2388 xiv,
1787 2336 1836 2379 ct
1869 2327 2110 2379 immola-

532 2423 657 2476 bitis
695 2436 814 2476 eum
865 2419 933 2474 ad
970 2434 1234 2487 vesperam
1276 2434 1386 2471 xtv.
1439 2415 1504 2469 Et
1539 2418 1638 2470 erit
1693 2419 1784 2469 tibi
1818 2416 2107 2470 Sabbatum

533 2514 645 2566 dies
685 2519 893 2566 sancta.
928 2509 996 2564 Et
1037 2509 1317 2563 comedetis
1359 2525 1552 2580 azyma
1591 2525 1659 2562 vn
1704 2508 1918 2571 diebus;
1945 2518 1993 2561 et
2034 2524 2106 2563 vtt

534 2603 622 2657 die
646 2601 811 2670 {acies
848 2610 1090 2655 sanctum
1128 2599 1441 2665 Sabbatum,
1480 2597 1617 2652 diem
1663 2601 1964 2654 sanctum'.
2003 2598 2106 2655 Ubi

535 2692 670 2748 illud
690 2691 1122 2748 animadvertere
1152 2687 1298 2752 licet,
1320 2689 1778 2761 quemadmodum
1804 2691 2104 2745 secundum

535 2799 568 2840 a
599 2785 782 2856 priore
823 2783 1122 2838 Sabbatum
1157 2788 1344 2837 sancta
1398 2783 1488 2835 illa
1518 2782 1822 2837 Parasceve
1860 2783 2106 2836 nomine-

538 2885 632 2931 tur
652 2916 668 2940 ,
702 2891 824 2946 quae
851 2873 908 2929 in
931 2873 1231 2929 Sabbatum
1259 2883 1642 2938 consecratur;
1680 2889 1742 2927 ac
1774 2873 1887 2927 sive
1918 2889 1981 2928 ea
2008 2871 2107 2926 Do-

541 2968 872 3034 minicaslt,
902 2967 1018 3022 sive
1062 2965 1323 3029 secunda,
1354 2966 1469 3020 sive
1502 2967 1662 3020 tertia
1709 2965 1862 3018 feria.
1895 2967 1964 3017 At
1997 2965 2102 3018 hoc

536 3062 712 3132 ipsum
754 3057 1077 3123 secundum,
1131 3065 1339 3128 septem
1389 3057 1601 3110 dierum
1651 3057 1785 3110 orbe
1830 3055 2098 3118 revoluto,

535 3152 771 3221 primum
813 3151 1032 3205 dicitur.
1071 3147 1142 3204 Ut
1166 3149 1252 3205 vel
1295 3149 1442 3204 istud
1491 3155 1812 3219 argumento
1851 3148 1943 3211 sit,
1991 3163 2100 3203 non

532 3240 798 3298 Joannem
835 3243 1015 3306 modo,
1066 3242 1159 3296 sed
1191 3250 1245 3297 et
1270 3241 1494 3305 Lucam,
1541 3251 1596 3297 et
1627 3249 1853 3296 caeteros
1893 3239 2100 3294 biennii

533 3327 762 3396 pariter,
811 3343 876 3383 ac
905 3329 1072 3382 trium
1123 3327 1408 3384 Paschalis
1451 3328 1831 3382 celebritatum
1877 3330 2102 3382 mentio-

533 3431 657 3472 nem
692 3417 891 3472 facere.
930 3417 1006 3471 Ita
1046 3419 1246 3490 quippe
1279 3420 1363 3473 lex
1395 3419 1700 3489 praescribit
1732 3436 1745 3471 :
1777 3415 2099 3472 Numerabis

535 3509 628 3562 tibi
664 3524 737 3564 vn
779 3509 1153 3570 hebdomadas,
1205 3525 1269 3564 ea:
1314 3527 1416 3581 quo
1459 3510 1788 3578 manipulum
1827 3507 2098 3572 obtuleris,

532 3603 671 3657 abea
699 3601 910 3672 die,qua
931 3604 1119 3672 falcem
1144 3604 1195 3656 in
1225 3612 1443 3673 segetem
1470 3603 1673 3656 miseris
1700 3616 1716 3653 :
1747 3610 1795 3654 et
1818 3599 2101 3655 celebrabis

530 3696 804 3765 septimam
823 3689 1191 3749 hebdomadem
1220 3694 1358 3748 diem
1381 3695 1571 3763 festum
1589 3689 1809 3746 Domino
1831 3691 1934 3745 Deo
1959 3702 2046 3746 tuo
2061 3693 2080 3723 ³

605 3874 620 3903 ³
645 3871 778 3930 Luc.
814 3887 886 3936 vt,
917 3873 968 3928 l.
1048 3874 1067 3903 ’
1096 3871 1265 3926 Exod.
1297 3888 1394 3939 χιι,
1421 3871 1454 3928 5
1483 3887 1606 3940 sqq.

606 4026 720 4096 (52)
757 4025 980 4080 Φάσκει
1021 4027 1208 4097 πάλιν
1250 4030 1283 4080 ὁ
1334 4029 1590 4096 Λουκᾶς.
1646 4030 1932 4097 Quomodo
1975 4043 2098 4082 cum

533 4095 749 4151 ca-teris
784 4097 1138 4167 evungelistis
1169 4095 1412 4153 Joannes
1443 4095 1766 4167 consentiat,
1805 4117 1871 4156 ex
1907 4114 1971 4153 eo
2015 4099 2103 4152 de-

530 4167 700 4230 ducit,
732 4168 878 4237 quod
908 4165 1117 4222 Pascha
1141 4168 1398 4238 primum,
1422 4168 1583 4226 Joan.
1629 4188 1666 4225 ιι
1694 4165 1901 4227 diserte
1937 4168 2105 4222 nomi-

530 4246 718 4292 natum
745 4241 813 4290 ab
848 4238 970 4291 aliis
995 4253 1316 4308 expressum
1350 4240 1444 4302 sit,
1484 4257 1606 4296 cum
1655 4240 1882 4295 Sabbati
1916 4238 2101 4308 deute-

529 4308 739 4381 r0proti
777 4307 1110 4381 mentionem
1137 4307 1364 4381 iaciunt.
1393 4309 1504 4364 Hoc
1542 4310 1689 4364 enim
1725 4317 1848 4381 post
1870 4307 2101 4381 primam

529 4380 858 4447 Azymorum
898 4377 1112 4448 incidit.
1147 4377 1441 4434 Historiam
1486 4377 1774 4436 vulsarum
1821 4377 2096 4448 spicartun

530 4445 863 4518 ad‘pritnum
909 4445 1120 4518 Pascha
1169 4449 1363 4518 merito
1410 4451 1578 4505 refert
1620 4445 1977 4518 Epiphanius.
2020 4445 2097 4500 Ex

532 4518 637 4590 ﬁne
666 4532 819 4570 num.
846 4517 1009 4585 hujus
1039 4517 1343 4590 intelligere
1363 4529 1554 4590 potes,
1592 4517 1740 4590 quod
1773 4526 1858 4574 est
1888 4518 2103 4590 harmo-

531 4589 636 4641 nia:
674 4601 839 4658 supra
882 4600 913 4639 a
966 4588 1125 4642 nobis
1156 4585 1448 4658 proposita:
1480 4585 1936 4644 consentaneum.
1979 4585 2097 4640 Jam

529 4671 661 4728 vero
703 4657 920 4728 exhac
963 4657 1283 4712 creterorum
1341 4657 1728 4728 suffragatione
1777 4661 2096 4728 Alogorutn.

529 4725 1041 4780 Valentinianorum
1071 4742 1133 4782 ac
1155 4735 1480 4782 caeterorum
1510 4725 1855 4784 mendacium
1879 4725 2100 4781 convin-

531 4797 642 4855 cit.
681 4797 773 4864 qui
806 4796 1029 4850 unicum
1075 4798 1340 4852 duntaxat
1372 4798 1592 4852 Christo
1639 4797 1850 4852 Pascha
1890 4797 2098 4850 tribue-

529 4869 664 4920 rint.
702 4866 839 4920 Cum
875 4867 1020 4920 enim
1047 4882 1169 4921 eum
1199 4874 1321 4937 post
1355 4870 1590 4937 primum
1631 4867 1842 4922 Pascha
1867 4868 2096 4937 vixisse,

529 4944 582 4989 et
625 4951 722 5006 per
756 4944 872 4990 sata
903 4933 1216 4991 rtransiisse'
1239 4933 1470 5000 constet,
1508 4938 1704 4992 falsum
1742 4947 1826 4992 est
1851 4952 1961 4990 uno
2003 4933 2099 4987 Pa-

531 5007 722 5061 schate
745 5021 834 5076 res
861 5007 934 5076 ab
962 5021 1028 5060 eo
1057 5014 1240 5076 gestas
1268 5008 1646 5063 circumscribi
1670 5007 1889 5076 debere.

601 5077 713 5145 (53)
743 5075 879 5130 Ἵνα
909 5073 1080 5145 δείξῄ
1121 5077 1421 5130 Σάϐϐατω·
1454 5076 1704 5145 πρῶτον.
1746 5079 1824 5131 De
1860 5075 2098 5129 Sabbato

530 5146 1077 5216 deuteroproto,vide
1095 5163 1215 5216 quae
1241 5147 1306 5201 ad
1331 5147 1460 5200 hair.
1490 5164 1617 5206 xxx.
1642 5146 1896 5209 num.52,
1919 5146 2100 5213 dispu-

532 5218 805 5281 tavimus;
836 5231 962 5286 nam
999 5217 1093 5270 illo
1129 5219 1246 5271 loco
1277 5216 1510 5286 priorem
1545 5216 1833 5286 Epiphanii
1875 5223 2097 5286 senten-

531 5290 685 5351 tiam,
727 5295 780 5341 et
823 5285 1045 5356 quidem
1087 5284 1507 5355 probabiliorem
1542 5284 1922 5356 exposuimus.
1963 5284 2096 5350 Qua:

529 5365 710 5411 autem
748 5357 852 5410 hoc
886 5360 938 5409 in
979 5371 1206 5411 numero
1232 5357 1484 5418 traditur,
1518 5357 1807 5412 obscurior
1836 5364 1942 5417 est,
1978 5364 2031 5409 et
2065 5370 2095 5407 a

526 5441 655 5482 vera
701 5426 952 5480 vocabuli
1000 5426 1146 5483 illius
1174 5427 1384 5483 origine
1418 5441 1482 5480 ac
1531 5428 1754 5481 notione
1803 5426 2090 5481 remotior.

533 5496 740 5568 lluplex
800 5495 947 5568 apud»
999 5495 1217 5552 Judzeos
1265 5495 1486 5551 Sabbati
1543 5513 1715 5568 genus
1773 5495 2089 5568 constituit.

529 5564 706 5636 Unum
739 5564 1041 5635 antiquius,
1065 5575 1118 5621 et
1147 5568 1418 5630 naturale,
1447 5564 1596 5636 quod
1629 5567 1697 5621 ab
1726 5581 1912 5621 rerum
1938 5564 2094 5636 initio

528 5635 809 5706 conditum
861 5633 978 5706 est;
1019 5636 1256 5706 alterum
1292 5633 1626 5706 secundum,
1659 5647 1714 5692 et
1764 5633 2093 5706 posterioris

527 5704 758 5770 ordinis,
783 5706 911 5774 quia
929 5702 1102 5762 Judaei
1130 5704 1268 5762 festa
1294 5708 1478 5762 omnia
1512 5702 2090 5762 Sabbata'vocabant:

1682 3871 1702 3901 ³
1733 3865 1905 3926 Levit.
1939 3889 2065 3936 xxv,
2100 3873 2184 3928 15.

2213 1866 2369 1918 τοῦτο
2421 1865 2557 1921 εἶναι
2610 1868 2845 1939 πρῶτον.
2891 1869 3152 1941 Δεύτερον
3191 1870 3246 1922 δὲ
3275 1870 3550 1924 Σάϐϐατον
3583 1872 3642 1926 τὸ
3676 1873 3788 1926 ἀπὸ

2212 1959 2377 2028 νόμου
2423 1959 2745 2030 ὡρισμένον.
2808 1961 3008 2014 Φάσκει
3048 1962 3183 2032 γὰρ.
3229 1963 3311 2015 ὅτι
3364 1961 3543 2031 Λήψῃ
3583 1964 3788 2030 σαυτῷ

2213 2051 2511 2115 πρόϐατον
2537 2051 2864 2116 ἐνιαύσιον,
2899 2050 3158 2120 ἄμωμον,
3188 2050 3377 2118 ἄρσεν
3421 2053 3576 2124 (ὅπερ
3607 2048 3672 2123 ἦν
3697 2054 3790 2106 ἀνί

2211 2141 2431 2194 τίτυπον
2468 2140 2561 2194 τοῦ
2599 2141 2898 2212 Σωτῆρος),
2958 2140 3077 2195 ἀπὸ
3126 2140 3380 2209 δεκάτης
3427 2142 3535 2196 τοῦ
3567 2145 3782 2212 μηνός.

2211 2233 2318 2285 Καὶ
2365 2233 2534 2286 ἔσται
2587 2231 3083 2302 διατετηρημένον
3121 2233 3259 2301 ἄχρι
3301 2233 3412 2302 τῆς
3450 2251 3785 2304 τεσσαρεσο

2217 2325 2590 2392 καιδεκάτης·
2623 2326 2720 2379 καὶ
2750 2329 2961 2379 θύσετε
2995 2327 3138 2378 αὐτὸ
3167 2326 3428 2394 ἑσπέρας
3463 2326 3540 2396 τῇ
3566 2343 3786 2382 τεσσα-

2203 2415 2640 2484 ρεσκαιδεκάτῃ
2692 2417 2900 2484 ἡμέρᾳ.
2951 2416 3059 2469 Καὶ
3106 2415 3277 2469 ἔσται
3326 2434 3424 2470 σοι
3480 2416 3786 2472 Σάϐϐατον

2211 2507 2402 2575 ἡμέρα
2431 2507 2589 2577 ἁγία,
2636 2508 2731 2560 καί
2776 2507 2984 2560 ἕδεσθε
3011 2507 3197 2574 ἄζυμα
3229 2506 3378 2560 ἑπτὰ
3405 2507 3646 2577 ἡμέρας·
3681 2509 3782 2562 καί

2208 2595 2284 2665 τῇ
2311 2598 2526 2666 ἐϐδόμῃ
2556 2597 2743 2664 ἡμέρᾳ.
2777 2597 3051 2664 ποιήσεις
3092 2597 3261 2667 ἅγιον
3290 2598 3610 2662 Σάϐϐατον,
3641 2599 3788 2668 ἡμέ-

2203 2706 2321 2755 ραν
2347 2689 2541 2758 ἁγίαν.
2566 2689 2673 2741 Καὶ
2703 2691 2884 2759 ὁρᾶτε,
2915 2689 2996 2742 ὄτι
3023 2688 3273 2761 δεύτερον
3301 2689 3544 2744 καλεῖται
3573 2691 3787 2745 Σάϐϐα-

2208 2796 2297 2833 τον
2329 2779 2466 2849 μετὰ
2510 2779 2571 2832 τὸ
2600 2779 2874 2833 Σάδδατον
2909 2781 2942 2850 ἡ
2972 2780 3194 2852 τοιαύτη
3239 2781 3369 2849 ἁγία
3403 2782 3498 2835 τοῦ
3539 2782 3787 2854 Προσαὸ-

2211 2866 2370 2921 ϐάτου
2396 2868 2506 2938 (54)
2545 2869 2744 2939 ἡμέρα,
2777 2870 2856 2931 είς
2894 2868 3168 2922 Σάϐϐατον
3201 2871 3554 2937 ἁγιασθεῖσα,
3593 2872 3694 2926 κᾶν
3724 2891 3785 2926 τε

2207 2958 2458 3031 Κυριακὴ
2488 2961 2592 3029 εἴη,
2620 2959 2724 3012 κᾶν
2749 2958 2995 3030 δευτέρα,
3039 2959 3141 3012 κᾶν
3169 2977 3228 3013 τε
3257 2961 3410 3032 τρίτη
3446 2965 3780 3036 καταντήσῃ.

2207 3049 2298 3111 Ei;
2326 3048 2382 3102 δὲ
2413 3049 2549 3101 ἑπτὰ
2583 3049 2792 3120 ἡμέρας
2831 3049 2992 3102 πάλιν
3032 3049 3503 3122 ἀνακυκλούμενον
3530 3051 3785 3122 δεύτερον

2208 3139 2447 3193 καλεῖται
2477 3139 2709 3212 πρῶτον·
2742 3140 2826 3192 ἵνα
2856 3141 3005 3213 δείξῃ
3047 3141 3295 3195 ἐντεῦθεν
3314 3184 3329 3208 ,
3357 3144 3437 3196 ὄτι
3467 3145 3529 3197 ού
3561 3145 3720 3214 μόνον
3754 3149 3784 3198 ὁ

2206 3232 2458 3304 Ἰωάννης
2499 3233 2627 3304 περὶ
2676 3233 2919 3303 περιόδου
2968 3235 3192 3306 ἡμερῶν
3238 3237 3498 3289 ἐνιαυτῶν
3549 3237 3641 3290 δύο
3686 3241 3783 3290 καὶ

2206 3325 2370 3395 τριῶν
2397 3325 2598 3396 ἑορτῶν
2623 3325 2714 3378 τοῦ
2747 3326 2934 3395 Πάσχα
2965 3328 3257 3398 ἐσήμανεν,
3291 3328 3427 3381 ἀλλά
3460 3330 3553 3383 καὶ
3584 3330 3613 3381 6
3642 3331 3784 3382 Aou-

2207 3418 2329 3481 κᾶς,
2360 3419 2452 3470 καὶ
2481 3419 2529 3470 οἱ
2559 3417 2725 3472 ἄλλοι.
2759 3417 2915 3472 Οὕτω
2945 3419 3053 3490 γὰρ
3083 3420 3279 3488 φάσκει
3317 3422 3345 3472 6
3395 3421 3588 3490 νόμος·
3629 3423 3781 3490 Ἀρι-

2207 3509 2459 3578 θμήσεις
2485 3508 2719 3574 σεαυτῷ
2743 3509 2892 3563 ἑπτὰ
2925 3509 3253 3580 ἑϐδομάδας
3291 3512 3391 3566 ἀπ’
3420 3512 3613 3581 ἀρχῆς
3641 3513 3786 3581 δρά-

2209 3618 2457 3671 γματος,
2498 3600 2603 3654 τοῦ
2633 3600 2852 3665 βαλεῖν
2905 3599 3200 3669 δρέπανον
3250 3603 3342 3655 ἐπ’
3391 3603 3627 3672 ἀμητῷ,
3676 3605 3783 3660 και

2210 3690 2469 3758 ποιήσῃς
2495 3689 2750 3760 ἑϐδόμην
2779 3691 3073 3761 ἑϐδομάδα
3100 3693 3329 3761 ἡμέραν
3356 3695 3533 3763 ἁγίαν
3560 3697 3778 3762 Κυρίῳ.

2201 4024 2357 4098 quod
2382 4043 2412 4080 e
2454 4025 2744 4098 Scriptura
2777 4028 3133 4098 demonstrat.
3176 4027 3296 4082 Mox
3335 4045 3466 4083 vero
3507 4030 3729 4098 subjicit
3762 4050 3776 4084 :

2200 4099 2294 4177 Είς
2317 4096 2372 4177 δὲ
2400 4096 2539 4148 ἑπτὰ
2564 4097 2789 4177 ᾐμέρας
2812 4097 2978 4177 πάλιν
3007 4097 3486 4168 ἀνακυκλούμενον
3521 4096 3784 4177 δεύτερον

2199 4167 2441 4241 καλεξται
2468 4167 2719 4241 πρῴων.
2752 4167 2828 4220 Ex
2865 4167 3086 4241 quibus,
3113 4177 3170 4241 ut
3198 4177 3253 4222 et
3293 4167 3358 4241 ex
3393 4167 3778 4241 sequentibus,

2200 4235 2293 4290 illa
2326 4235 2612 4306 Epipha’nii
2656 4235 2926 4291 sententia
2973 4240 3243 4306 posterior
3273 4235 3524 4293 elicitur:
3573 4241 3756 4295 Sabba

2205 4316 2320 4359 tum
2332 4308 2796 4380 _deu_te_r0proton,
2818 4323 2952 4380 esse
2967 4308 3357 4370 Pentecoste";
3385 4311 3439 4364 in
3467 4327 3574 4380 qua
3598 4311 3756 4364 δεύτε

2202 4393 2298 4499 ἔον
2330 4375 2462 4429 illud
2498 4375 2796 4430 Sabbatum
2839 4375 3056 4448 πρῶτον
3085 4381 3408 4446 appelletur.
3444 4375 3556 4434 Cur
3589 4390 3778 4435 autem

2234 4445 2644 4499 ευτεοόποωτον
2690 4446 2913 4499 dicitur.
2947 4448 3083 4499 nihil
3127 4457 3373 4499 auertum
3411 4464 3476 4499 ac
3507 4451 3776 4499 linnidum

2234 4445 2644 4520 ευτερᾴτιρωτον
2690 4445 2913 4520 dicitur,
2947 4448 3083 4520 nihil
3122 4445 3373 4517 apertum
3411 4464 3476 4504 ac
3507 4451 3777 4520 liquidum

2201 4532 2268 4588 ex
2293 4514 2631 4588 _Epipli_anii
2657 4515 2858 4588 verbis!
2881 4514 3177 4572 extricare‘
3207 4535 3432 4588 possunt
3460 4535 3473 4582 ;
3527 4514 3622 4575 sed
3683 4522 3776 4575 illa

2204 4585 2503 4660 Maidenati
2547 4587 2792 4660 opinioni
2845 4586 2974 4660 huic
3015 4585 3301 4660 aptissima
3347 4590 3601 4660 videtur;
3641 4607 3777 4660 quo-

2200 4655 2345 4708 niam
2414 4671 2480 4710 ex
2529 4657 2806 4724 primariis
2855 4655 3272 4722 tribus’festis,
3324 4658 3438 4712 sive
3514 4655 3774 4716 Sabbatis

2199 4726 2529 4800 Azymorutu
2555 4766 2570 4787 ,
2609 4725 3014 4800 Primitivorum
3035 4767 3053 4800 ,_
3083 4736 3146 4800 et
3171 4727 3537 4798 Scenopegite,
3581 4733 3774 4800 proxi-

2200 4809 2408 4865 muma
2437 4795 2618 4864 priore
2644 4803 2700 4850 et
2731 4796 2981 4865 δεύτερον
3012 4798 3083 4852 sit
3115 4795 3467 4854 Pentecostes
3501 4795 3772 4863 solemne,

2199 4864 2321 4937 ideo
2341 4863 2787 4937 _65urepditpmrov
2813 4863 3098 4936 appellari.
3133 4866 3256 4921 llaec
3291 4868 3458 4937 igitur
3488 4871 3657 4925 altera
3686 4881 3774 4926 est

2199 4933 2488 5010 Epiphanii
2512 4933 2932 5010 ’sen_tentia,___a'c
2967 4939 3120 4991 vocis
3165 4933 3334 4992 illius'
3362 4939 3770 5010 interpretatio.

2197 5018 2228 5055 a
2281 5006 2565 5072 superiore
2619 5005 2775 5072 longe
2823 5007 3077 5073 diversa;
3133 5018 3218 5071 et,
3275 5010 3319 5062 si
3367 5005 3553 5064 verum
3607 5009 3772 5066 lateri

2200 5073 2474 5145 volumus.
2508 5075 2688 5129 minus
2716 5091 2878 5144 quam
2915 5077 3004 5129 illa
3041 5078 3360 5145 probabilis.

2269 5143 2381 5213 (54)
2429 5145 2676 5211 Τοιαύτη
2717 5143 2857 5214 ἁγία
2901 5146 3007 5198 τοῦ
3036 5143 3485 5214 Προσαϐϐἁτου.
3530 5147 3771 5204 Prosab-

2197 5213 2382 5287 butum
2423 5214 2557 5266 nihil
2610 5213 2772 5287 aliud
2801 5224 2901 5287 est_
2932 5213 3109 5287 quam
3158 5215 3494 5282 Parasceve;
3538 5235 3647 5287 quo
3702 5220 3772 5271 ad

2200 5284 2344 5356 hunc
2366 5283 2545 5336 locum
2573 5286 2806 5352 pertinet
2831 5283 2988 5339 nihil)
3014 5285 3132 5340 Non
3164 5288 3311 5341 enim
3340 5283 3669 5356 Azymorum
3694 5305 3768 5341 vu

2197 5353 2250 5427 in
2284 5351 2626 5407 Parasceven
2657 5356 2975 5427 necessario
3009 5358 3301 5420 convenit,
3335 5351 3500 5427 quam
3533 5359 3773 5413 subinde

2198 5425 2252 5495 in
2281 5438 2301 5475 ι
2335 5433 2426 5495 aut
2459 5438 2521 5484 ιι,
2573 5433 2666 5477 aut
2708 5440 2766 5478 ιιι
2803 5425 2994 5480 feriam
3035 5427 3232 5482 cadere
3285 5425 3449 5495 posse
3499 5429 3768 5484 declarat.

2196 5494 2300 5571 Qut
2333 5493 2499 5562 igitur
2531 5495 2887 5571 exp-ungenda
2921 5496 3172 5571 _ista__vox
3213 5493 3301 5551 est
3329 5517 3343 5552 :
3390 5506 3486 5553 aut
3520 5499 3752 5571 Προσάϐ

2197 5563 2358 5638 ϐατον
2397 5578 2495 5631 pro
2530 5579 2581 5616 vt
2604 5563 3245 5638 ’hebdomadtediebus,
3283 5563 3591 5638 usurpavit;
3631 5584 3771 5636 quas

2193 5632 2436 5756 311,1:on
2464 5643 2546 5756 est
2583 5635 2836 5704 profanas
2870 5637 3174 5704 nominant,
3198 5632 3436 5709 quaeque
3465 5632 3778 5694 Sabbatum

2231 5718 2264 5756 ιι
2292 5717 2385 5756 ece
2430 5719 2496 5756 un
2527 5742 2540 5756 .

2196 5711 2540 5758 antecedunt.
