  <div class='ocr_page' id='page_1' title='image "/cluster/home/n/w/nwhite01/storage/ocr_20150623/41/nnc1.0046978747/534.png"; bbox 0 0 4176 6386; ppageno 0'>
   <div class='ocr_carea' id='block_1_1' title="bbox 338 393 442 449">
    <p class='ocr_par' dir='ltr' id='par_1_1' title="bbox 338 393 442 449">
     <span class='ocr_line' id='line_1_1' title="bbox 338 393 442 449; baseline 0 -1"><span class='ocrx_word' id='word_1_1' title='bbox 338 393 442 449; x_wconf 64' lang='grc'><strong>915</strong></span> 
     </span>
    </p>
   </div>
   <div class='ocr_carea' id='block_1_2' title="bbox 1087 396 2922 459">
    <p class='ocr_par' dir='ltr' id='par_1_2' title="bbox 1087 396 2922 459">
     <span class='ocr_line' id='line_1_2' title="bbox 1087 396 2922 459; baseline 0.004 -9"><span class='ocrx_word' id='word_1_2' title='bbox 1087 396 1456 455; x_wconf 77' lang='lat' dir='ltr'><strong>ADVERSUS</strong></span> <span class='ocrx_word' id='word_1_3' title='bbox 1491 400 1833 457; x_wconf 67' lang='lat' dir='ltr'><strong>&quot;IERESES</strong></span> <span class='ocrx_word' id='word_1_4' title='bbox 1870 400 2001 457; x_wconf 87' lang='lat' dir='ltr'><strong>LIB.</strong></span> <span class='ocrx_word' id='word_1_5' title='bbox 2043 402 2089 458; x_wconf 87' lang='grc' dir='ltr'><strong>ιι</strong></span> <span class='ocrx_word' id='word_1_6' title='bbox 2129 404 2293 459; x_wconf 76' lang='lat' dir='ltr'><strong>TUM.</strong></span> <span class='ocrx_word' id='word_1_7' title='bbox 2336 404 2377 458; x_wconf 87' lang='grc' dir='ltr'>Ι.</span> <span class='ocrx_word' id='word_1_8' title='bbox 2418 435 2488 445; x_wconf 91' lang='grc'><strong><em>-</em></strong></span> <span class='ocrx_word' id='word_1_9' title='bbox 2528 403 2801 458; x_wconf 69' lang='grc' dir='ltr'><strong>ΙΗΕΗΕΒ.</strong></span> <span class='ocrx_word' id='word_1_10' title='bbox 2839 401 2922 458; x_wconf 85' lang='lat' dir='ltr'><strong>LI.</strong></span> 
     </span>
    </p>
   </div>
   <div class='ocr_carea' id='block_1_3' title="bbox 3488 400 3611 458">
    <p class='ocr_par' dir='ltr' id='par_1_3' title="bbox 3488 400 3611 458">
     <span class='ocr_line' id='line_1_3' title="bbox 3488 400 3611 458; baseline 0.008 -1"><span class='ocrx_word' id='word_1_11' title='bbox 3488 400 3611 458; x_wconf 65' lang='lat'><strong>946</strong></span> 
     </span>
    </p>
   </div>
   <div class='ocr_carea' id='block_1_4' title="bbox 406 505 1928 593">
    <p class='ocr_par' dir='ltr' id='par_1_4' title="bbox 406 505 1923 588">
     <span class='ocr_line' id='line_1_4' title="bbox 406 505 1923 588; baseline 0.01 -30"><span class='ocrx_word' id='word_1_12' title='bbox 406 505 693 577; x_wconf 85' lang='grc' dir='ltr'>Σημαίνων</span> <span class='ocrx_word' id='word_1_13' title='bbox 724 509 851 578; x_wconf 75' lang='grc' dir='ltr'>περὶ</span> <span class='ocrx_word' id='word_1_14' title='bbox 895 511 1292 583; x_wconf 79' lang='grc' dir='ltr'>Πεντηκοστῆς.</span> <span class='ocrx_word' id='word_1_15' title='bbox 1331 516 1485 569; x_wconf 72' lang='grc' dir='ltr'>Μετὰ</span> <span class='ocrx_word' id='word_1_16' title='bbox 1524 517 1631 588; x_wconf 80' lang='grc' dir='ltr'>γὰρ</span> <span class='ocrx_word' id='word_1_17' title='bbox 1659 519 1721 571; x_wconf 77' lang='grc' dir='ltr'><strong>τὸ</strong></span> <span class='ocrx_word' id='word_1_18' title='bbox 1760 519 1923 575; x_wconf 85' lang='grc' dir='ltr'>θῦσαι</span> 
     </span>
    </p>
   </div>
   <div class='ocr_carea' id='block_1_5' title="bbox 2030 505 3598 593">
    <p class='ocr_par' dir='ltr' id='par_1_5' title="bbox 2100 518 3598 588">
     <span class='ocr_line' id='line_1_5' title="bbox 2100 518 3598 588; baseline -0.001 -15"><span class='ocrx_word' id='word_1_19' title='bbox 2100 521 2310 587; x_wconf 80' lang='lat' dir='ltr'><strong>Quibus</strong></span> <span class='ocrx_word' id='word_1_20' title='bbox 2338 522 2521 577; x_wconf 85' lang='lat' dir='ltr'><strong>verbis</strong></span> <span class='ocrx_word' id='word_1_21' title='bbox 2552 520 2918 577; x_wconf 79' lang='lat' dir='ltr'><strong>Pentecosten</strong></span> <span class='ocrx_word' id='word_1_22' title='bbox 2964 520 3188 575; x_wconf 75' lang='lat' dir='ltr'><strong>indicat.</strong></span> <span class='ocrx_word' id='word_1_23' title='bbox 3226 518 3436 573; x_wconf 89' lang='lat' dir='ltr'><strong>Etenim</strong></span> <span class='ocrx_word' id='word_1_24' title='bbox 3470 525 3598 588; x_wconf 89' lang='lat' dir='ltr'><strong>post</strong></span> 
     </span>
    </p>
   </div>
   <div class='ocr_carea' id='block_1_6' title="bbox 335 597 1917 679">
    <p class='ocr_par' dir='ltr' id='par_1_6' title="bbox 335 597 1917 679">
     <span class='ocr_line' id='line_1_6' title="bbox 335 597 1917 679; baseline 0.008 -29"><span class='ocrx_word' id='word_1_25' title='bbox 335 600 396 650; x_wconf 84' lang='grc' dir='ltr'><strong>τὸ</strong></span> <span class='ocrx_word' id='word_1_26' title='bbox 426 598 643 669; x_wconf 82' lang='grc' dir='ltr'>Πάσχα,</span> <span class='ocrx_word' id='word_1_27' title='bbox 678 597 810 653; x_wconf 69' lang='grc' dir='ltr'>εἵσω</span> <span class='ocrx_word' id='word_1_28' title='bbox 841 600 1007 671; x_wconf 81' lang='grc' dir='ltr'><strong>τριῶν</strong></span> <span class='ocrx_word' id='word_1_29' title='bbox 1032 604 1277 673; x_wconf 81' lang='grc' dir='ltr'>ἡμερῶν,</span> <span class='ocrx_word' id='word_1_30' title='bbox 1316 608 1563 661; x_wconf 82' lang='grc' dir='ltr'><strong>τουτέστι</strong></span> <span class='ocrx_word' id='word_1_31' title='bbox 1599 609 1736 678; x_wconf 82' lang='grc' dir='ltr'>μετὰ</span> <span class='ocrx_word' id='word_1_32' title='bbox 1768 613 1917 679; x_wconf 82' lang='grc' dir='ltr'>τρεῖς</span> 
     </span>
    </p>
   </div>
   <div class='ocr_carea' id='block_1_7' title="bbox 336 690 1922 771">
    <p class='ocr_par' dir='ltr' id='par_1_7' title="bbox 336 690 1922 771">
     <span class='ocr_line' id='line_1_7' title="bbox 336 690 1922 771; baseline 0.007 -28"><span class='ocrx_word' id='word_1_33' title='bbox 336 690 549 762; x_wconf 74' lang='grc' dir='ltr'>ἡμέρας</span> <span class='ocrx_word' id='word_1_34' title='bbox 578 690 671 744; x_wconf 85' lang='grc' dir='ltr'><strong>τοῦ</strong></span> <span class='ocrx_word' id='word_1_35' title='bbox 699 691 992 763; x_wconf 79' lang='grc' dir='ltr'>προϐάτου,</span> <span class='ocrx_word' id='word_1_36' title='bbox 1021 695 1352 765; x_wconf 82' lang='grc' dir='ltr'>προσέταττε</span> <span class='ocrx_word' id='word_1_37' title='bbox 1394 698 1455 751; x_wconf 85' lang='grc' dir='ltr'><strong>τὸ</strong></span> <span class='ocrx_word' id='word_1_38' title='bbox 1493 699 1715 771; x_wconf 79' lang='grc' dir='ltr'>δράγμα</span> <span class='ocrx_word' id='word_1_39' title='bbox 1740 702 1922 770; x_wconf 76' lang='grc' dir='ltr'>εἰσφέ-</span> 
     </span>
    </p>
   </div>
   <div class='ocr_carea' id='block_1_8' title="bbox 339 782 1923 863">
    <p class='ocr_par' dir='ltr' id='par_1_8' title="bbox 339 782 1923 863">
     <span class='ocr_line' id='line_1_8' title="bbox 339 782 1923 863; baseline 0.008 -29"><span class='ocrx_word' id='word_1_40' title='bbox 339 782 548 853; x_wconf 87' lang='grc' dir='ltr'>ρεσθαι·</span> <span class='ocrx_word' id='word_1_41' title='bbox 586 783 671 837; x_wconf 79' lang='grc' dir='ltr'><strong>ἵνα</strong></span> <span class='ocrx_word' id='word_1_42' title='bbox 708 784 926 858; x_wconf 81' lang='grc' dir='ltr'><strong>σημάνῃ</strong></span> <span class='ocrx_word' id='word_1_43' title='bbox 968 786 1027 839; x_wconf 85' lang='grc' dir='ltr'><strong>τὸ</strong></span> <span class='ocrx_word' id='word_1_44' title='bbox 1056 788 1416 859; x_wconf 81' lang='grc' dir='ltr'>εὐλογημένον</span> <span class='ocrx_word' id='word_1_45' title='bbox 1456 790 1674 862; x_wconf 78' lang='grc' dir='ltr'>δράγμα</span> <span class='ocrx_word' id='word_1_46' title='bbox 1717 793 1923 863; x_wconf 67' lang='grc' dir='ltr'>ἐγειρόο</span> 
     </span>
    </p>
   </div>
   <div class='ocr_carea' id='block_1_9' title="bbox 340 876 1920 954">
    <p class='ocr_par' dir='ltr' id='par_1_9' title="bbox 340 876 1920 954">
     <span class='ocr_line' id='line_1_9' title="bbox 340 876 1920 954; baseline 0.004 -23"><span class='ocrx_word' id='word_1_47' title='bbox 340 892 500 945; x_wconf 81' lang='grc' dir='ltr'>μενον</span> <span class='ocrx_word' id='word_1_48' title='bbox 530 877 593 929; x_wconf 82' lang='grc' dir='ltr'>ἐκ</span> <span class='ocrx_word' id='word_1_49' title='bbox 621 876 728 929; x_wconf 90' lang='grc' dir='ltr'><strong>τῶν</strong></span> <span class='ocrx_word' id='word_1_50' title='bbox 760 878 971 949; x_wconf 83' lang='grc' dir='ltr'>νεκρῶν</span> <span class='ocrx_word' id='word_1_51' title='bbox 1004 879 1140 949; x_wconf 78' lang='grc' dir='ltr'>μετὰ</span> <span class='ocrx_word' id='word_1_52' title='bbox 1186 881 1377 951; x_wconf 79' lang='grc' dir='ltr'><strong>τρίτην</strong></span> <span class='ocrx_word' id='word_1_53' title='bbox 1410 883 1641 953; x_wconf 77' lang='grc' dir='ltr'>ἡμέραν,</span> <span class='ocrx_word' id='word_1_54' title='bbox 1686 886 1783 954; x_wconf 77' lang='grc' dir='ltr'>τῆς</span> <span class='ocrx_word' id='word_1_55' title='bbox 1817 885 1920 953; x_wconf 79' lang='grc' dir='ltr'>γῆς</span> 
     </span>
    </p>
   </div>
   <div class='ocr_carea' id='block_1_10' title="bbox 337 968 1923 1047">
    <p class='ocr_par' dir='ltr' id='par_1_10' title="bbox 337 968 1923 1047">
     <span class='ocr_line' id='line_1_10' title="bbox 337 968 1923 1047; baseline 0.006 -27"><span class='ocrx_word' id='word_1_56' title='bbox 337 968 470 1021; x_wconf 77' lang='grc' dir='ltr'>αὐτὸ</span> <span class='ocrx_word' id='word_1_57' title='bbox 510 969 954 1042; x_wconf 81' lang='grc' dir='ltr'>προσφερούσης,</span> <span class='ocrx_word' id='word_1_58' title='bbox 1002 974 1097 1026; x_wconf 73' lang='grc' dir='ltr'>καὶ</span> <span class='ocrx_word' id='word_1_59' title='bbox 1130 972 1294 1026; x_wconf 83' lang='grc' dir='ltr'>αὑτοῦ</span> <span class='ocrx_word' id='word_1_60' title='bbox 1342 975 1473 1031; x_wconf 77' lang='grc' dir='ltr'>αὐτὸ</span> <span class='ocrx_word' id='word_1_61' title='bbox 1512 976 1673 1028; x_wconf 85' lang='grc' dir='ltr'>πάλιν</span> <span class='ocrx_word' id='word_1_62' title='bbox 1705 976 1923 1047; x_wconf 79' lang='grc' dir='ltr'>κομιζο-</span> 
     </span>
    </p>
   </div>
   <div class='ocr_carea' id='block_1_11' title="bbox 342 1058 1923 1137">
    <p class='ocr_par' dir='ltr' id='par_1_11' title="bbox 342 1058 1923 1137">
     <span class='ocr_line' id='line_1_11' title="bbox 342 1058 1923 1137; baseline 0.004 -22"><span class='ocrx_word' id='word_1_63' title='bbox 342 1058 504 1129; x_wconf 83' lang='grc' dir='ltr'>μένου</span> <span class='ocrx_word' id='word_1_64' title='bbox 534 1060 627 1113; x_wconf 86' lang='grc' dir='ltr'>ἁπ⁹</span> <span class='ocrx_word' id='word_1_65' title='bbox 658 1062 827 1131; x_wconf 81' lang='grc' dir='ltr'>αὐτῆς</span> <span class='ocrx_word' id='word_1_66' title='bbox 851 1064 907 1115; x_wconf 80' lang='grc' dir='ltr'>ὲν</span> <span class='ocrx_word' id='word_1_67' title='bbox 938 1066 1002 1134; x_wconf 80' lang='grc' dir='ltr'><strong>τῇ</strong></span> <span class='ocrx_word' id='word_1_68' title='bbox 1038 1065 1335 1118; x_wconf 81' lang='grc' dir='ltr'>ἀναστάσει</span> <span class='ocrx_word' id='word_1_69' title='bbox 1367 1066 1457 1119; x_wconf 89' lang='grc' dir='ltr'><strong>τοῦ</strong></span> <span class='ocrx_word' id='word_1_70' title='bbox 1493 1069 1794 1137; x_wconf 83' lang='grc' dir='ltr'>μνήματος.</span> <span class='ocrx_word' id='word_1_71' title='bbox 1829 1068 1923 1121; x_wconf 74' lang='grc' dir='ltr'><strong>καὶ</strong></span> 
     </span>
    </p>
   </div>
   <div class='ocr_carea' id='block_1_12' title="bbox 343 1151 1921 1229">
    <p class='ocr_par' dir='ltr' id='par_1_12' title="bbox 343 1151 1921 1229">
     <span class='ocr_line' id='line_1_12' title="bbox 343 1151 1921 1229; baseline 0.006 -26"><span class='ocrx_word' id='word_1_72' title='bbox 343 1151 593 1222; x_wconf 80' lang='grc' dir='ltr'>μένοντος</span> <span class='ocrx_word' id='word_1_73' title='bbox 628 1154 725 1206; x_wconf 83' lang='grc' dir='ltr'><strong>σὺν</strong></span> <span class='ocrx_word' id='word_1_74' title='bbox 762 1158 873 1217; x_wconf 83' lang='grc' dir='ltr'>τοῖς</span> <span class='ocrx_word' id='word_1_75' title='bbox 922 1154 1188 1227; x_wconf 83' lang='grc' dir='ltr'><strong>μαθηταῖς</strong></span> <span class='ocrx_word' id='word_1_76' title='bbox 1233 1160 1643 1229; x_wconf 84' lang='grc' dir='ltr'>τεσσαράκοντα</span> <span class='ocrx_word' id='word_1_77' title='bbox 1689 1159 1921 1229; x_wconf 81' lang='grc' dir='ltr'>ἡμέρας,</span> 
     </span>
    </p>
   </div>
   <div class='ocr_carea' id='block_1_13' title="bbox 343 1243 1925 1321">
    <p class='ocr_par' dir='ltr' id='par_1_13' title="bbox 343 1243 1925 1321">
     <span class='ocr_line' id='line_1_13' title="bbox 343 1243 1925 1321; baseline 0.006 -26"><span class='ocrx_word' id='word_1_78' title='bbox 343 1243 434 1296; x_wconf 77' lang='grc' dir='ltr'><strong>καὶ</strong></span> <span class='ocrx_word' id='word_1_79' title='bbox 462 1244 553 1297; x_wconf 76' lang='grc' dir='ltr'><strong>ὲπὶ</strong></span> <span class='ocrx_word' id='word_1_80' title='bbox 581 1244 656 1315; x_wconf 83' lang='grc' dir='ltr'>τῷ</span> <span class='ocrx_word' id='word_1_81' title='bbox 684 1245 825 1299; x_wconf 83' lang='grc' dir='ltr'>τέλει</span> <span class='ocrx_word' id='word_1_82' title='bbox 850 1246 951 1315; x_wconf 84' lang='grc' dir='ltr'>τῆς</span> <span class='ocrx_word' id='word_1_83' title='bbox 980 1248 1360 1320; x_wconf 81' lang='grc' dir='ltr'>Πεντηκοστῆς</span> <span class='ocrx_word' id='word_1_84' title='bbox 1410 1251 1751 1321; x_wconf 81' lang='grc' dir='ltr'>εἰσφέροντος</span> <span class='ocrx_word' id='word_1_85' title='bbox 1794 1253 1925 1305; x_wconf 83' lang='grc' dir='ltr'>αὐτὸ</span> 
     </span>
    </p>
   </div>
   <div class='ocr_carea' id='block_1_14' title="bbox 344 1334 1924 1413">
    <p class='ocr_par' dir='ltr' id='par_1_14' title="bbox 344 1334 1924 1413">
     <span class='ocr_line' id='line_1_14' title="bbox 344 1334 1924 1413; baseline 0.006 -27"><span class='ocrx_word' id='word_1_86' title='bbox 344 1334 421 1397; x_wconf 88' lang='grc' dir='ltr'><strong>εἰς</strong></span> <span class='ocrx_word' id='word_1_87' title='bbox 443 1334 513 1387; x_wconf 78' lang='grc' dir='ltr'><strong>τά</strong></span> <span class='ocrx_word' id='word_1_88' title='bbox 544 1336 839 1406; x_wconf 74' lang='grc' dir='ltr'>ἐπουράνια</span> <span class='ocrx_word' id='word_1_89' title='bbox 864 1336 943 1408; x_wconf 82' lang='grc' dir='ltr'>τῷ</span> <span class='ocrx_word' id='word_1_90' title='bbox 971 1339 1083 1392; x_wconf 85' lang='grc' dir='ltr'>Πατ</span> <span class='ocrx_word' id='word_1_91' title='bbox 1094 1340 1147 1409; x_wconf 77' lang='lat' dir='ltr'><strong>pi.</strong></span> <span class='ocrx_word' id='word_1_92' title='bbox 1176 1340 1237 1393; x_wconf 79' lang='grc' dir='ltr'><strong>τὸ</strong></span> <span class='ocrx_word' id='word_1_93' title='bbox 1262 1341 1604 1411; x_wconf 84' lang='grc' dir='ltr'>πρωτότοκον</span> <span class='ocrx_word' id='word_1_94' title='bbox 1632 1342 1739 1395; x_wconf 89' lang='grc' dir='ltr'><strong>τῶν</strong></span> <span class='ocrx_word' id='word_1_95' title='bbox 1770 1360 1924 1413; x_wconf 89' lang='grc' dir='ltr'>πρω-</span> 
     </span>
    </p>
   </div>
   <div class='ocr_carea' id='block_1_15' title="bbox 350 1425 1927 1505">
    <p class='ocr_par' dir='ltr' id='par_1_15' title="bbox 350 1425 1927 1505">
     <span class='ocr_line' id='line_1_15' title="bbox 350 1425 1927 1505; baseline 0.007 -29"><span class='ocrx_word' id='word_1_96' title='bbox 350 1425 598 1492; x_wconf 82' lang='grc' dir='ltr'>τοτόκων,</span> <span class='ocrx_word' id='word_1_97' title='bbox 632 1429 665 1498; x_wconf 87' lang='grc' dir='ltr'><strong>ή</strong></span> <span class='ocrx_word' id='word_1_98' title='bbox 698 1429 921 1499; x_wconf 81' lang='grc' dir='ltr'>ἀπαρχὴ</span> <span class='ocrx_word' id='word_1_99' title='bbox 952 1431 984 1500; x_wconf 87' lang='grc' dir='ltr'><strong>ή</strong></span> <span class='ocrx_word' id='word_1_100' title='bbox 1028 1430 1158 1499; x_wconf 86' lang='grc' dir='ltr'>ἁγία</span> <span class='ocrx_word' id='word_1_101' title='bbox 1178 1472 1192 1496; x_wconf 91' lang='grc'><strong>,</strong></span> <span class='ocrx_word' id='word_1_102' title='bbox 1222 1432 1283 1483; x_wconf 82' lang='grc' dir='ltr'><strong>τὸ</strong></span> <span class='ocrx_word' id='word_1_103' title='bbox 1326 1431 1574 1502; x_wconf 80' lang='grc' dir='ltr'>δράγμα,</span> <span class='ocrx_word' id='word_1_104' title='bbox 1607 1433 1636 1485; x_wconf 81' lang='grc' dir='ltr'><strong>ὃ</strong></span> <span class='ocrx_word' id='word_1_105' title='bbox 1668 1433 1927 1505; x_wconf 77' lang='grc' dir='ltr'>ἐδράξατο</span> 
     </span>
    </p>
   </div>
   <div class='ocr_carea' id='block_1_16' title="bbox 342 1517 1927 1597">
    <p class='ocr_par' dir='ltr' id='par_1_16' title="bbox 342 1517 1927 1597">
     <span class='ocr_line' id='line_1_16' title="bbox 342 1517 1927 1597; baseline 0.005 -26"><span class='ocrx_word' id='word_1_106' title='bbox 342 1517 449 1571; x_wconf 73' lang='grc' dir='ltr'><strong>ἀπὸ</strong></span> <span class='ocrx_word' id='word_1_107' title='bbox 479 1519 735 1592; x_wconf 79' lang='grc' dir='ltr'>Μαρίας,</span> <span class='ocrx_word' id='word_1_108' title='bbox 766 1521 799 1590; x_wconf 88' lang='grc' dir='ltr'><strong>ή</strong></span> <span class='ocrx_word' id='word_1_109' title='bbox 831 1522 1224 1589; x_wconf 82' lang='grc' dir='ltr'>ἀγκαλισθεῖσα</span> <span class='ocrx_word' id='word_1_110' title='bbox 1260 1524 1318 1575; x_wconf 80' lang='grc' dir='ltr'>ὲν</span> <span class='ocrx_word' id='word_1_111' title='bbox 1350 1522 1469 1595; x_wconf 88' lang='grc' dir='ltr'>Θεῷ</span> <span class='ocrx_word' id='word_1_112' title='bbox 1489 1565 1504 1590; x_wconf 91' lang='grc'><strong>,</strong></span> <span class='ocrx_word' id='word_1_113' title='bbox 1531 1525 1559 1576; x_wconf 90' lang='grc' dir='ltr'><strong>ό</strong></span> <span class='ocrx_word' id='word_1_114' title='bbox 1586 1525 1795 1597; x_wconf 80' lang='grc' dir='ltr'>καρπὸς</span> <span class='ocrx_word' id='word_1_115' title='bbox 1827 1528 1927 1596; x_wconf 82' lang='grc' dir='ltr'>τῆς</span> 
     </span>
    </p>
   </div>
   <div class='ocr_carea' id='block_1_17' title="bbox 344 1610 1926 1688">
    <p class='ocr_par' dir='ltr' id='par_1_17' title="bbox 344 1610 1926 1688">
     <span class='ocr_line' id='line_1_17' title="bbox 344 1610 1926 1688; baseline 0.004 -24"><span class='ocrx_word' id='word_1_116' title='bbox 344 1610 573 1674; x_wconf 78' lang='grc' dir='ltr'><strong>κοιλίας,</strong></span> <span class='ocrx_word' id='word_1_117' title='bbox 603 1613 635 1682; x_wconf 87' lang='grc' dir='ltr'><strong>ή</strong></span> <span class='ocrx_word' id='word_1_118' title='bbox 670 1612 893 1683; x_wconf 84' lang='grc' dir='ltr'>ἀπαρχὴ</span> <span class='ocrx_word' id='word_1_119' title='bbox 922 1614 1023 1685; x_wconf 78' lang='grc' dir='ltr'>τῆς</span> <span class='ocrx_word' id='word_1_120' title='bbox 1065 1614 1197 1669; x_wconf 81' lang='grc' dir='ltr'>ἆλω.</span> <span class='ocrx_word' id='word_1_121' title='bbox 1233 1614 1431 1669; x_wconf 84' lang='grc' dir='ltr'>Οὐκέτι</span> <span class='ocrx_word' id='word_1_122' title='bbox 1468 1621 1576 1688; x_wconf 85' lang='grc' dir='ltr'><strong>γάρ</strong></span> <span class='ocrx_word' id='word_1_123' title='bbox 1612 1617 1751 1687; x_wconf 74' lang='grc' dir='ltr'>μετά</span> <span class='ocrx_word' id='word_1_124' title='bbox 1787 1619 1926 1671; x_wconf 59' lang='grc' dir='ltr'>Πενς</span> 
     </span>
    </p>
   </div>
   <div class='ocr_carea' id='block_1_18' title="bbox 344 1701 1931 1777">
    <p class='ocr_par' dir='ltr' id='par_1_18' title="bbox 344 1701 1931 1777">
     <span class='ocr_line' id='line_1_18' title="bbox 344 1701 1931 1777; baseline 0.005 -24"><span class='ocrx_word' id='word_1_125' title='bbox 344 1701 610 1773; x_wconf 87' lang='grc' dir='ltr'>τηκοστὴν</span> <span class='ocrx_word' id='word_1_126' title='bbox 639 1701 699 1754; x_wconf 85' lang='grc' dir='ltr'>τὸ</span> <span class='ocrx_word' id='word_1_127' title='bbox 724 1702 987 1773; x_wconf 84' lang='grc' dir='ltr'>δρέπανον</span> <span class='ocrx_word' id='word_1_128' title='bbox 1011 1703 1123 1756; x_wconf 87' lang='grc' dir='ltr'><strong>ἀπα</strong></span> <span class='ocrx_word' id='word_1_129' title='bbox 1134 1704 1264 1775; x_wconf 82' lang='grc' dir='ltr'>ρχὴν</span> <span class='ocrx_word' id='word_1_130' title='bbox 1289 1704 1406 1775; x_wconf 86' lang='grc' dir='ltr'>Θεῷ</span> <span class='ocrx_word' id='word_1_131' title='bbox 1439 1707 1759 1777; x_wconf 75' lang='grc' dir='ltr'>προσφέρει.</span> <span class='ocrx_word' id='word_1_132' title='bbox 1785 1709 1931 1761; x_wconf 82' lang='grc' dir='ltr'><strong>Οὐκ-</strong></span> 
     </span>
    </p>
   </div>
   <div class='ocr_carea' id='block_1_19' title="bbox 342 1792 1930 1863">
    <p class='ocr_par' dir='ltr' id='par_1_19' title="bbox 342 1792 1930 1863">
     <span class='ocr_line' id='line_1_19' title="bbox 342 1792 1930 1863; baseline 0.004 -18"><span class='ocrx_word' id='word_1_133' title='bbox 342 1792 427 1845; x_wconf 85' lang='grc' dir='ltr'>έτι</span> <span class='ocrx_word' id='word_1_134' title='bbox 454 1795 562 1861; x_wconf 78' lang='grc' dir='ltr'><strong>γάρ</strong></span> <span class='ocrx_word' id='word_1_135' title='bbox 591 1795 844 1862; x_wconf 84' lang='grc' dir='ltr'>Χριστὸς</span> <span class='ocrx_word' id='word_1_136' title='bbox 868 1794 1260 1863; x_wconf 76' lang='grc' dir='ltr'>ἀποθνήσκει,</span> <span class='ocrx_word' id='word_1_137' title='bbox 1292 1794 1548 1861; x_wconf 81' lang='grc' dir='ltr'>θάνατος</span> <span class='ocrx_word' id='word_1_138' title='bbox 1574 1796 1763 1849; x_wconf 84' lang='grc' dir='ltr'>αὑτοῦ</span> <span class='ocrx_word' id='word_1_139' title='bbox 1791 1798 1930 1851; x_wconf 82' lang='grc' dir='ltr'>οὐκ·</span> 
     </span>
    </p>
   </div>
   <div class='ocr_carea' id='block_1_20' title="bbox 2022 609 3619 679">
    <p class='ocr_par' dir='ltr' id='par_1_20' title="bbox 2022 609 3619 679">
     <span class='ocr_line' id='line_1_20' title="bbox 2022 609 3619 679; baseline -0.003 -13"><span class='ocrx_word' id='word_1_140' title='bbox 2022 614 2358 667; x_wconf 78' lang='lat' dir='ltr'><strong>imuiolatum</strong></span> <span class='ocrx_word' id='word_1_141' title='bbox 2407 612 2651 679; x_wconf 82' lang='lat' dir='ltr'><strong>Pascha,</strong></span> <span class='ocrx_word' id='word_1_142' title='bbox 2706 614 2847 667; x_wconf 91' lang='lat' dir='ltr'><strong>intra</strong></span> <span class='ocrx_word' id='word_1_143' title='bbox 2902 614 3123 667; x_wconf 89' lang='lat' dir='ltr'><strong>tertium</strong></span> <span class='ocrx_word' id='word_1_144' title='bbox 3197 612 3361 674; x_wconf 90' lang='lat' dir='ltr'><strong>diem,</strong></span> <span class='ocrx_word' id='word_1_145' title='bbox 3413 609 3619 664; x_wconf 74' lang='lat' dir='ltr'><strong>offerri</strong></span> 
     </span>
    </p>
   </div>
   <div class='ocr_carea' id='block_1_21' title="bbox 2026 700 3597 774">
    <p class='ocr_par' dir='ltr' id='par_1_21' title="bbox 2026 700 3597 774">
     <span class='ocr_line' id='line_1_21' title="bbox 2026 700 3597 774; baseline -0.003 -17"><span class='ocrx_word' id='word_1_146' title='bbox 2026 705 2363 774; x_wconf 85' lang='lat' dir='ltr'><strong>manipulum</strong></span> <span class='ocrx_word' id='word_1_147' title='bbox 2411 703 2638 774; x_wconf 90' lang='lat' dir='ltr'><strong>jubebat</strong></span> <span class='ocrx_word' id='word_1_148' title='bbox 2674 724 2686 758; x_wconf 90' lang='lat'>:</span> <span class='ocrx_word' id='word_1_149' title='bbox 2720 712 2781 759; x_wconf 93' lang='lat' dir='ltr'><strong>ut</strong></span> <span class='ocrx_word' id='word_1_150' title='bbox 2819 705 3095 759; x_wconf 80' lang='lat' dir='ltr'><strong>benedicti</strong></span> <span class='ocrx_word' id='word_1_151' title='bbox 3137 703 3282 757; x_wconf 92' lang='lat' dir='ltr'><strong>illius</strong></span> <span class='ocrx_word' id='word_1_152' title='bbox 3332 700 3597 770; x_wconf 86' lang='lat' dir='ltr'><strong>manipuli</strong></span> 
     </span>
    </p>
   </div>
   <div class='ocr_carea' id='block_1_22' title="bbox 2024 796 3599 868">
    <p class='ocr_par' dir='ltr' id='par_1_22' title="bbox 2024 796 3599 868">
     <span class='ocr_line' id='line_1_22' title="bbox 2024 796 3599 868; baseline -0.002 -19"><span class='ocrx_word' id='word_1_153' title='bbox 2024 798 2375 852; x_wconf 83' lang='lat' dir='ltr'><strong>adumbraret</strong></span> <span class='ocrx_word' id='word_1_154' title='bbox 2414 798 2728 868; x_wconf 79' lang='lat' dir='ltr'><strong>imaginem,</strong></span> <span class='ocrx_word' id='word_1_155' title='bbox 2756 798 2848 867; x_wconf 88' lang='lat' dir='ltr'><strong>qui</strong></span> <span class='ocrx_word' id='word_1_156' title='bbox 2880 814 2911 849; x_wconf 88' lang='lat' dir='ltr'><strong>a</strong></span> <span class='ocrx_word' id='word_1_157' title='bbox 2957 796 3189 850; x_wconf 82' lang='lat' dir='ltr'><strong>mortuis</strong></span> <span class='ocrx_word' id='word_1_158' title='bbox 3215 796 3512 855; x_wconf 78' lang='lat' dir='ltr'><strong>excitatus,</strong></span> <span class='ocrx_word' id='word_1_159' title='bbox 3543 799 3599 847; x_wconf 90' lang='lat' dir='ltr'><strong>et</strong></span> 
     </span>
    </p>
   </div>
   <div class='ocr_carea' id='block_1_23' title="bbox 2023 882 3598 957">
    <p class='ocr_par' dir='ltr' id='par_1_23' title="bbox 2023 882 3598 957">
     <span class='ocr_line' id='line_1_23' title="bbox 2023 882 3598 957; baseline -0.001 -17"><span class='ocrx_word' id='word_1_160' title='bbox 2023 904 2051 940; x_wconf 91' lang='lat' dir='ltr'><strong>a</strong></span> <span class='ocrx_word' id='word_1_161' title='bbox 2081 896 2226 942; x_wconf 78' lang='lat' dir='ltr'><strong>terra</strong></span> <span class='ocrx_word' id='word_1_162' title='bbox 2257 888 2661 957; x_wconf 85' lang='lat' dir='ltr'><strong>quodammodo</strong></span> <span class='ocrx_word' id='word_1_163' title='bbox 2705 889 2793 944; x_wconf 85' lang='lat' dir='ltr'><strong>die</strong></span> <span class='ocrx_word' id='word_1_164' title='bbox 2846 888 3009 943; x_wconf 89' lang='lat' dir='ltr'><strong>tertia</strong></span> <span class='ocrx_word' id='word_1_165' title='bbox 3046 898 3131 943; x_wconf 89' lang='lat' dir='ltr'><strong>est</strong></span> <span class='ocrx_word' id='word_1_166' title='bbox 3175 887 3413 951; x_wconf 88' lang='lat' dir='ltr'><strong>oblatus,</strong></span> <span class='ocrx_word' id='word_1_167' title='bbox 3452 882 3598 939; x_wconf 83' lang='lat' dir='ltr'><strong>unde</strong></span> 
     </span>
    </p>
   </div>
   <div class='ocr_carea' id='block_1_24' title="bbox 2023 978 3689 1051">
    <p class='ocr_par' dir='ltr' id='par_1_24' title="bbox 2023 978 3689 1051">
     <span class='ocr_line' id='line_1_24' title="bbox 2023 978 3689 1051; baseline -0.005 -16"><span class='ocrx_word' id='word_1_168' title='bbox 2023 996 2145 1035; x_wconf 88' lang='lat' dir='ltr'><strong>eum</strong></span> <span class='ocrx_word' id='word_1_169' title='bbox 2180 981 2232 1034; x_wconf 93' lang='lat' dir='ltr'><strong>in</strong></span> <span class='ocrx_word' id='word_1_170' title='bbox 2265 980 2357 1034; x_wconf 90' lang='lat' dir='ltr'><strong>illa</strong></span> <span class='ocrx_word' id='word_1_171' title='bbox 2383 980 2452 1035; x_wconf 91' lang='lat' dir='ltr'><strong>de</strong></span> <span class='ocrx_word' id='word_1_172' title='bbox 2482 981 2740 1051; x_wconf 86' lang='lat' dir='ltr'><strong>sepulcro</strong></span> <span class='ocrx_word' id='word_1_173' title='bbox 2780 978 3185 1034; x_wconf 85' lang='lat' dir='ltr'><strong>resurrectione</strong></span> <span class='ocrx_word' id='word_1_174' title='bbox 3232 979 3596 1046; x_wconf 82' lang='lat' dir='ltr'><strong>recuperavit.</strong></span> <span class='ocrx_word' id='word_1_175' title='bbox 3684 989 3689 995; x_wconf 75' lang='lat'><strong>&#39;</strong></span> 
     </span>
    </p>
   </div>
   <div class='ocr_carea' id='block_1_25' title="bbox 2024 1070 3600 1140">
    <p class='ocr_par' dir='ltr' id='par_1_25' title="bbox 2024 1070 3600 1140">
     <span class='ocr_line' id='line_1_25' title="bbox 2024 1070 3600 1140; baseline -0.004 -16"><span class='ocrx_word' id='word_1_176' title='bbox 2024 1070 2151 1125; x_wconf 86' lang='lat' dir='ltr'><strong>inde</strong></span> <span class='ocrx_word' id='word_1_177' title='bbox 2179 1086 2249 1125; x_wconf 77' lang='lat' dir='ltr'><strong>xi.</strong></span> <span class='ocrx_word' id='word_1_178' title='bbox 2276 1071 2472 1127; x_wconf 87' lang='lat' dir='ltr'><strong>diebus</strong></span> <span class='ocrx_word' id='word_1_179' title='bbox 2520 1087 2645 1126; x_wconf 87' lang='lat' dir='ltr'><strong>cum</strong></span> <span class='ocrx_word' id='word_1_180' title='bbox 2682 1070 2967 1140; x_wconf 83' lang='lat' dir='ltr'><strong>discipulis</strong></span> <span class='ocrx_word' id='word_1_181' title='bbox 3005 1075 3275 1133; x_wconf 88' lang='lat' dir='ltr'><strong>moratus,</strong></span> <span class='ocrx_word' id='word_1_182' title='bbox 3320 1073 3600 1137; x_wconf 91' lang='lat' dir='ltr'><strong>postremo</strong></span> 
     </span>
    </p>
   </div>
   <div class='ocr_carea' id='block_1_26' title="bbox 2025 1155 3601 1227">
    <p class='ocr_par' dir='ltr' id='par_1_26' title="bbox 2025 1155 3601 1227">
     <span class='ocr_line' id='line_1_26' title="bbox 2025 1155 3601 1227; baseline -0.006 -9"><span class='ocrx_word' id='word_1_183' title='bbox 2025 1164 2130 1218; x_wconf 88' lang='lat' dir='ltr'><strong>sub</strong></span> <span class='ocrx_word' id='word_1_184' title='bbox 2158 1163 2319 1218; x_wconf 85' lang='lat' dir='ltr'><strong>tinem</strong></span> <span class='ocrx_word' id='word_1_185' title='bbox 2374 1162 2748 1227; x_wconf 83' lang='lat' dir='ltr'><strong>Pentecostes,</strong></span> <span class='ocrx_word' id='word_1_186' title='bbox 2790 1161 3041 1216; x_wconf 88' lang='lat' dir='ltr'><strong>eumdem</strong></span> <span class='ocrx_word' id='word_1_187' title='bbox 3085 1159 3233 1214; x_wconf 87' lang='lat' dir='ltr'><strong>Patri</strong></span> <span class='ocrx_word' id='word_1_188' title='bbox 3283 1155 3601 1212; x_wconf 73' lang='lat' dir='ltr'><strong>cmlestibus</strong></span> 
     </span>
    </p>
   </div>
   <div class='ocr_carea' id='block_1_27' title="bbox 2027 1249 3604 1325">
    <p class='ocr_par' dir='ltr' id='par_1_27' title="bbox 2027 1249 3604 1325">
     <span class='ocr_line' id='line_1_27' title="bbox 2027 1249 3604 1325; baseline -0.004 -17"><span class='ocrx_word' id='word_1_189' title='bbox 2027 1255 2081 1309; x_wconf 91' lang='lat' dir='ltr'><strong>in</strong></span> <span class='ocrx_word' id='word_1_190' title='bbox 2109 1256 2404 1311; x_wconf 83' lang='lat' dir='ltr'><strong>domiciliis</strong></span> <span class='ocrx_word' id='word_1_191' title='bbox 2425 1255 2622 1310; x_wconf 87' lang='lat' dir='ltr'><strong>obtulit</strong></span> <span class='ocrx_word' id='word_1_192' title='bbox 2642 1274 2656 1310; x_wconf 90' lang='lat'><strong>:</strong></span> <span class='ocrx_word' id='word_1_193' title='bbox 2674 1256 2767 1325; x_wconf 88' lang='lat' dir='ltr'><strong>qui</strong></span> <span class='ocrx_word' id='word_1_194' title='bbox 2795 1264 2879 1311; x_wconf 90' lang='lat' dir='ltr'><strong>est</strong></span> <span class='ocrx_word' id='word_1_195' title='bbox 2921 1252 3316 1324; x_wconf 86' lang='lat' dir='ltr'><strong>primogenitus</strong></span> <span class='ocrx_word' id='word_1_196' title='bbox 3342 1266 3373 1304; x_wconf 90' lang='lat' dir='ltr'><strong>e</strong></span> <span class='ocrx_word' id='word_1_197' title='bbox 3397 1249 3604 1319; x_wconf 90' lang='lat' dir='ltr'><strong>primo-</strong></span> 
     </span>
    </p>
   </div>
   <div class='ocr_carea' id='block_1_28' title="bbox 2027 1338 3606 1418">
    <p class='ocr_par' dir='ltr' id='par_1_28' title="bbox 2027 1338 3606 1418">
     <span class='ocr_line' id='line_1_28' title="bbox 2027 1338 3606 1418; baseline -0.005 -16"><span class='ocrx_word' id='word_1_198' title='bbox 2027 1349 2247 1418; x_wconf 88' lang='lat' dir='ltr'><strong>genitis,</strong></span> <span class='ocrx_word' id='word_1_199' title='bbox 2304 1347 2561 1417; x_wconf 70' lang='lat' dir='ltr'><strong>primitiae</strong></span> <span class='ocrx_word' id='word_1_200' title='bbox 2616 1356 2839 1411; x_wconf 65' lang='lat' dir='ltr'><strong>sancta,</strong></span> <span class='ocrx_word' id='word_1_201' title='bbox 2882 1345 3196 1415; x_wconf 89' lang='lat' dir='ltr'><strong>manipulus</strong></span> <span class='ocrx_word' id='word_1_202' title='bbox 3240 1357 3270 1397; x_wconf 90' lang='lat' dir='ltr'><strong>e</strong></span> <span class='ocrx_word' id='word_1_203' title='bbox 3311 1340 3481 1395; x_wconf 82' lang='lat' dir='ltr'><strong>Maria</strong></span> <span class='ocrx_word' id='word_1_204' title='bbox 3516 1338 3606 1394; x_wconf 89' lang='lat' dir='ltr'><strong>de-</strong></span> 
     </span>
    </p>
   </div>
   <div class='ocr_carea' id='block_1_29' title="bbox 2027 1431 3600 1507">
    <p class='ocr_par' dir='ltr' id='par_1_29' title="bbox 2027 1431 3600 1507">
     <span class='ocr_line' id='line_1_29' title="bbox 2027 1431 3600 1507; baseline -0.006 -13"><span class='ocrx_word' id='word_1_205' title='bbox 2027 1446 2232 1502; x_wconf 88' lang='lat' dir='ltr'><strong>sectus,</strong></span> <span class='ocrx_word' id='word_1_206' title='bbox 2253 1438 2420 1494; x_wconf 81' lang='lat' dir='ltr'><strong>fascis</strong></span> <span class='ocrx_word' id='word_1_207' title='bbox 2449 1438 2504 1491; x_wconf 94' lang='lat' dir='ltr'><strong>in</strong></span> <span class='ocrx_word' id='word_1_208' title='bbox 2533 1436 2643 1492; x_wconf 87' lang='lat' dir='ltr'><strong>Deo</strong></span> <span class='ocrx_word' id='word_1_209' title='bbox 2667 1436 3121 1507; x_wconf 89' lang='lat' dir='ltr'><strong>comprehensus,</strong></span> <span class='ocrx_word' id='word_1_210' title='bbox 3142 1432 3353 1487; x_wconf 78' lang='lat' dir='ltr'><strong>fruetus</strong></span> <span class='ocrx_word' id='word_1_211' title='bbox 3375 1431 3600 1491; x_wconf 89' lang='lat' dir='ltr'><strong>ventris,</strong></span> 
     </span>
    </p>
   </div>
   <div class='ocr_carea' id='block_1_30' title="bbox 2028 1522 3607 1599">
    <p class='ocr_par' dir='ltr' id='par_1_30' title="bbox 2028 1522 3607 1599">
     <span class='ocr_line' id='line_1_30' title="bbox 2028 1522 3607 1599; baseline -0.006 -17"><span class='ocrx_word' id='word_1_212' title='bbox 2028 1544 2169 1584; x_wconf 72' lang='lat' dir='ltr'><strong>area:</strong></span> <span class='ocrx_word' id='word_1_213' title='bbox 2203 1529 2473 1599; x_wconf 67' lang='lat' dir='ltr'><strong>primitiae.</strong></span> <span class='ocrx_word' id='word_1_214' title='bbox 2508 1526 2694 1594; x_wconf 86' lang='lat' dir='ltr'><strong>Neque</strong></span> <span class='ocrx_word' id='word_1_215' title='bbox 2716 1527 2861 1582; x_wconf 88' lang='lat' dir='ltr'><strong>enim</strong></span> <span class='ocrx_word' id='word_1_216' title='bbox 2901 1534 3025 1596; x_wconf 88' lang='lat' dir='ltr'><strong>post</strong></span> <span class='ocrx_word' id='word_1_217' title='bbox 3054 1524 3414 1580; x_wconf 87' lang='lat' dir='ltr'><strong>Pentecosten</strong></span> <span class='ocrx_word' id='word_1_218' title='bbox 3442 1522 3607 1591; x_wconf 87' lang='lat' dir='ltr'><strong>depu-</strong></span> 
     </span>
    </p>
   </div>
   <div class='ocr_carea' id='block_1_31' title="bbox 2027 1614 3604 1691">
    <p class='ocr_par' dir='ltr' id='par_1_31' title="bbox 2027 1614 3604 1691">
     <span class='ocr_line' id='line_1_31' title="bbox 2027 1614 3604 1691; baseline -0.006 -18"><span class='ocrx_word' id='word_1_219' title='bbox 2027 1629 2154 1674; x_wconf 65' lang='lat' dir='ltr'><strong>tata:</strong></span> <span class='ocrx_word' id='word_1_220' title='bbox 2180 1620 2317 1676; x_wconf 90' lang='lat' dir='ltr'><strong>falce</strong></span> <span class='ocrx_word' id='word_1_221' title='bbox 2340 1621 2596 1691; x_wconf 69' lang='lat' dir='ltr'><strong>primitiae</strong></span> <span class='ocrx_word' id='word_1_222' title='bbox 2624 1618 2924 1675; x_wconf 79' lang='lat' dir='ltr'><strong>oﬂ‘eruntur</strong></span> <span class='ocrx_word' id='word_1_223' title='bbox 2947 1617 3201 1687; x_wconf 90' lang='lat' dir='ltr'><strong>amplius.</strong></span> <span class='ocrx_word' id='word_1_224' title='bbox 3233 1614 3415 1681; x_wconf 84' lang='lat' dir='ltr'><strong>Quare</strong></span> <span class='ocrx_word' id='word_1_225' title='bbox 3440 1628 3604 1682; x_wconf 82' lang='lat' dir='ltr'><strong>neque</strong></span> 
     </span>
    </p>
   </div>
   <div class='ocr_carea' id='block_1_32' title="bbox 2032 1702 3600 1779">
    <p class='ocr_par' dir='ltr' id='par_1_32' title="bbox 2032 1702 3600 1779">
     <span class='ocr_line' id='line_1_32' title="bbox 2032 1702 3600 1779; baseline -0.007 -15"><span class='ocrx_word' id='word_1_226' title='bbox 2032 1709 2271 1764; x_wconf 74' lang='lat' dir='ltr'><strong>Christus</strong></span> <span class='ocrx_word' id='word_1_227' title='bbox 2290 1710 2409 1779; x_wconf 85' lang='lat' dir='ltr'><strong>jam</strong></span> <span class='ocrx_word' id='word_1_228' title='bbox 2432 1711 2680 1773; x_wconf 83' lang='lat' dir='ltr'><strong>moritur,</strong></span> <span class='ocrx_word' id='word_1_229' title='bbox 2699 1725 2841 1762; x_wconf 81' lang='lat' dir='ltr'><strong>mors</strong></span> <span class='ocrx_word' id='word_1_230' title='bbox 2860 1708 2909 1761; x_wconf 81' lang='lat' dir='ltr'><strong>ei</strong></span> <span class='ocrx_word' id='word_1_231' title='bbox 2930 1707 3073 1760; x_wconf 85' lang='lat' dir='ltr'><strong>ultra</strong></span> <span class='ocrx_word' id='word_1_232' title='bbox 3095 1722 3199 1760; x_wconf 87' lang='lat' dir='ltr'><strong>non</strong></span> <span class='ocrx_word' id='word_1_233' title='bbox 3220 1702 3600 1764; x_wconf 81' lang='lat' dir='ltr'><strong>dominabitur,</strong></span> 
     </span>
    </p>
   </div>
   <div class='ocr_carea' id='block_1_33' title="bbox 2031 1798 3603 1869">
    <p class='ocr_par' dir='ltr' id='par_1_33' title="bbox 2031 1798 3603 1869">
     <span class='ocr_line' id='line_1_33' title="bbox 2031 1798 3603 1869; baseline -0.006 -13"><span class='ocrx_word' id='word_1_234' title='bbox 2031 1810 2091 1856; x_wconf 92' lang='lat' dir='ltr'><strong>ut</strong></span> <span class='ocrx_word' id='word_1_235' title='bbox 2126 1802 2388 1869; x_wconf 84' lang='lat' dir='ltr'><strong>scriptum</strong></span> <span class='ocrx_word' id='word_1_236' title='bbox 2420 1800 2564 1856; x_wconf 76' lang='lat' dir='ltr'><strong>est’.</strong></span> <span class='ocrx_word' id='word_1_237' title='bbox 2589 1799 2780 1855; x_wconf 88' lang='lat' dir='ltr'><strong>Jamne</strong></span> <span class='ocrx_word' id='word_1_238' title='bbox 2808 1798 2963 1854; x_wconf 85' lang='lat' dir='ltr'><strong>vides</strong></span> <span class='ocrx_word' id='word_1_239' title='bbox 2998 1806 3130 1868; x_wconf 91' lang='lat' dir='ltr'><strong>quot</strong></span> <span class='ocrx_word' id='word_1_240' title='bbox 3153 1798 3207 1851; x_wconf 91' lang='lat' dir='ltr'><strong>in</strong></span> <span class='ocrx_word' id='word_1_241' title='bbox 3233 1799 3351 1865; x_wconf 84' lang='lat' dir='ltr'><strong>lege</strong></span> <span class='ocrx_word' id='word_1_242' title='bbox 3399 1800 3603 1865; x_wconf 85' lang='lat' dir='ltr'><strong>myste-</strong></span> 
     </span>
    </p>
   </div>
   <div class='ocr_carea' id='block_1_34' title="bbox 341 1881 1928 1963">
    <p class='ocr_par' dir='ltr' id='par_1_34' title="bbox 341 1881 1928 1957">
     <span class='ocr_line' id='line_1_34' title="bbox 341 1881 1928 1957; baseline 0.003 -22"><span class='ocrx_word' id='word_1_243' title='bbox 341 1881 429 1935; x_wconf 80' lang='grc' dir='ltr'>ἐτι</span> <span class='ocrx_word' id='word_1_244' title='bbox 463 1884 743 1949; x_wconf 79' lang='grc' dir='ltr'>κυριεύει,</span> <span class='ocrx_word' id='word_1_245' title='bbox 776 1884 915 1937; x_wconf 76' lang='grc' dir='ltr'>κατὰ</span> <span class='ocrx_word' id='word_1_246' title='bbox 944 1884 1005 1937; x_wconf 89' lang='grc' dir='ltr'>τὸ</span> <span class='ocrx_word' id='word_1_247' title='bbox 1040 1884 1444 1955; x_wconf 75' lang='grc' dir='ltr'>γεγραμμένον.</span> <span class='ocrx_word' id='word_1_248' title='bbox 1481 1886 1591 1939; x_wconf 75' lang='grc' dir='ltr'><strong>Καὶ</strong></span> <span class='ocrx_word' id='word_1_249' title='bbox 1626 1885 1759 1957; x_wconf 83' lang='grc' dir='ltr'>ὁρᾷς</span> <span class='ocrx_word' id='word_1_250' title='bbox 1786 1886 1928 1941; x_wconf 85' lang='grc' dir='ltr'>πόσα</span> 
     </span>
    </p>
   </div>
   <div class='ocr_carea' id='block_1_35' title="bbox 2030 1881 3605 1963">
    <p class='ocr_par' dir='ltr' id='par_1_35' title="bbox 2030 1882 3605 1963">
     <span class='ocr_line' id='line_1_35' title="bbox 2030 1882 3605 1963; baseline -0.009 -16"><span class='ocrx_word' id='word_1_251' title='bbox 2030 1893 2109 1947; x_wconf 91' lang='lat' dir='ltr'><strong>ria</strong></span> <span class='ocrx_word' id='word_1_252' title='bbox 2140 1891 2447 1963; x_wconf 83' lang='lat' dir='ltr'><strong>signiﬁcata</strong></span> <span class='ocrx_word' id='word_1_253' title='bbox 2481 1891 2614 1955; x_wconf 88' lang='lat' dir='ltr'><strong>sint,</strong></span> <span class='ocrx_word' id='word_1_254' title='bbox 2649 1893 2702 1945; x_wconf 88' lang='lat' dir='ltr'><strong>in</strong></span> <span class='ocrx_word' id='word_1_255' title='bbox 2742 1888 3035 1959; x_wconf 83' lang='lat' dir='ltr'><strong>Evangelio</strong></span> <span class='ocrx_word' id='word_1_256' title='bbox 3077 1885 3360 1958; x_wconf 87' lang='lat' dir='ltr'><strong>perfecta?</strong></span> <span class='ocrx_word' id='word_1_257' title='bbox 3389 1882 3605 1948; x_wconf 88' lang='lat' dir='ltr'><strong>Quanta</strong></span> 
     </span>
    </p>
   </div>
   <div class='ocr_carea' id='block_1_36' title="bbox 343 1973 1931 2050">
    <p class='ocr_par' dir='ltr' id='par_1_36' title="bbox 343 1973 1931 2050">
     <span class='ocr_line' id='line_1_36' title="bbox 343 1973 1931 2050; baseline 0.004 -25"><span class='ocrx_word' id='word_1_258' title='bbox 343 1973 479 2027; x_wconf 91' lang='grc' dir='ltr'>Θεοῦ</span> <span class='ocrx_word' id='word_1_259' title='bbox 533 1978 808 2049; x_wconf 77' lang='grc' dir='ltr'>μυστήρια</span> <span class='ocrx_word' id='word_1_260' title='bbox 853 1976 1163 2045; x_wconf 56' lang='grc' dir='ltr'>πρπτὺπου</span> <span class='ocrx_word' id='word_1_261' title='bbox 1212 1978 1409 2048; x_wconf 88' lang='grc' dir='ltr'>νόμος,</span> <span class='ocrx_word' id='word_1_262' title='bbox 1454 1979 1549 2031; x_wconf 78' lang='grc' dir='ltr'>καὶ</span> <span class='ocrx_word' id='word_1_263' title='bbox 1596 1978 1834 2050; x_wconf 79' lang='grc' dir='ltr'>ἐπλήρου</span> <span class='ocrx_word' id='word_1_264' title='bbox 1869 1980 1931 2033; x_wconf 86' lang='grc' dir='ltr'><strong>τὸ</strong></span> 
     </span>
    </p>
   </div>
   <div class='ocr_carea' id='block_1_37' title="bbox 344 2065 1928 2140">
    <p class='ocr_par' dir='ltr' id='par_1_37' title="bbox 344 2065 1928 2140">
     <span class='ocr_line' id='line_1_37' title="bbox 344 2065 1928 2140; baseline 0.003 -21"><span class='ocrx_word' id='word_1_265' title='bbox 344 2065 710 2134; x_wconf 73' lang='grc' dir='ltr'>Εὑαγγέλιονς</span> <span class='ocrx_word' id='word_1_266' title='bbox 747 2067 920 2121; x_wconf 83' lang='grc' dir='ltr'>Πόθεν</span> <span class='ocrx_word' id='word_1_267' title='bbox 947 2067 1004 2120; x_wconf 83' lang='grc' dir='ltr'>δὲ</span> <span class='ocrx_word' id='word_1_268' title='bbox 1033 2069 1131 2121; x_wconf 77' lang='grc' dir='ltr'><strong>οὐκ</strong></span> <span class='ocrx_word' id='word_1_269' title='bbox 1170 2067 1365 2138; x_wconf 81' lang='grc' dir='ltr'>ἔχομεν</span> <span class='ocrx_word' id='word_1_270' title='bbox 1400 2067 1604 2121; x_wconf 79' lang='grc' dir='ltr'>τούτων</span> <span class='ocrx_word' id='word_1_271' title='bbox 1628 2068 1799 2135; x_wconf 81' lang='grc' dir='ltr'>δεῖξαι</span> <span class='ocrx_word' id='word_1_272' title='bbox 1831 2071 1928 2140; x_wconf 85' lang='grc' dir='ltr'><strong>τὴν</strong></span> 
     </span>
    </p>
   </div>
   <div class='ocr_carea' id='block_1_38' title="bbox 347 2157 1925 2231">
    <p class='ocr_par' dir='ltr' id='par_1_38' title="bbox 347 2157 1925 2231">
     <span class='ocr_line' id='line_1_38' title="bbox 347 2157 1925 2231; baseline 0.004 -23"><span class='ocrx_word' id='word_1_273' title='bbox 347 2157 642 2229; x_wconf 83' lang='grc' dir='ltr'>σαφήνειαν</span> <span class='ocrx_word' id='word_1_274' title='bbox 664 2176 678 2218; x_wconf 88' lang='grc'>;</span> <span class='ocrx_word' id='word_1_275' title='bbox 698 2158 796 2212; x_wconf 82' lang='grc' dir='ltr'><strong>Διὰ</strong></span> <span class='ocrx_word' id='word_1_276' title='bbox 819 2158 879 2212; x_wconf 78' lang='grc' dir='ltr'>τὺ</span> <span class='ocrx_word' id='word_1_277' title='bbox 915 2159 988 2231; x_wconf 83' lang='grc' dir='ltr'><strong>μὴ</strong></span> <span class='ocrx_word' id='word_1_278' title='bbox 1016 2162 1095 2223; x_wconf 86' lang='grc' dir='ltr'><strong>εἰς</strong></span> <span class='ocrx_word' id='word_1_279' title='bbox 1127 2159 1322 2221; x_wconf 79' lang='grc' dir='ltr'>πλάτος</span> <span class='ocrx_word' id='word_1_280' title='bbox 1351 2160 1461 2229; x_wconf 66' lang='grc'><strong>(55)</strong></span> <span class='ocrx_word' id='word_1_281' title='bbox 1500 2160 1685 2231; x_wconf 83' lang='grc' dir='ltr'>φέρειν</span> <span class='ocrx_word' id='word_1_282' title='bbox 1710 2161 1800 2214; x_wconf 84' lang='grc' dir='ltr'><strong>τὸν</strong></span> <span class='ocrx_word' id='word_1_283' title='bbox 1833 2161 1925 2214; x_wconf 84' lang='grc' dir='ltr'>λό-</span> 
     </span>
    </p>
   </div>
   <div class='ocr_carea' id='block_1_39' title="bbox 344 2250 1923 2323">
    <p class='ocr_par' dir='ltr' id='par_1_39' title="bbox 344 2250 1923 2323">
     <span class='ocr_line' id='line_1_39' title="bbox 344 2250 1923 2323; baseline 0.003 -22"><span class='ocrx_word' id='word_1_284' title='bbox 344 2265 461 2317; x_wconf 89' lang='grc' dir='ltr'>γον,</span> <span class='ocrx_word' id='word_1_285' title='bbox 496 2253 511 2283; x_wconf 83' lang='grc'>¹</span> <span class='ocrx_word' id='word_1_286' title='bbox 537 2250 617 2305; x_wconf 86' lang='grc' dir='ltr'><strong>διὸ</strong></span> <span class='ocrx_word' id='word_1_287' title='bbox 650 2251 743 2303; x_wconf 80' lang='grc' dir='ltr'><strong>ἐπὶ</strong></span> <span class='ocrx_word' id='word_1_288' title='bbox 790 2250 889 2322; x_wconf 86' lang='grc' dir='ltr'>τὴν</span> <span class='ocrx_word' id='word_1_289' title='bbox 938 2252 1258 2306; x_wconf 76' lang='grc' dir='ltr'>ἀκολουθίαν</span> <span class='ocrx_word' id='word_1_290' title='bbox 1286 2252 1464 2305; x_wconf 81' lang='grc' dir='ltr'>πάλιν</span> <span class='ocrx_word' id='word_1_291' title='bbox 1515 2253 1923 2323; x_wconf 78' lang='grc' dir='ltr'>ἐπιστρεπτέον.</span> 
     </span>
    </p>
   </div>
   <div class='ocr_carea' id='block_1_40' title="bbox 343 2340 1929 2412">
    <p class='ocr_par' dir='ltr' id='par_1_40' title="bbox 343 2340 1929 2412">
     <span class='ocr_line' id='line_1_40' title="bbox 343 2340 1929 2412; baseline 0.003 -21"><span class='ocrx_word' id='word_1_292' title='bbox 343 2340 594 2392; x_wconf 79' lang='grc' dir='ltr'>Φαίνεται</span> <span class='ocrx_word' id='word_1_293' title='bbox 624 2340 681 2393; x_wconf 84' lang='grc' dir='ltr'>δὲ</span> <span class='ocrx_word' id='word_1_294' title='bbox 710 2341 818 2394; x_wconf 86' lang='grc' dir='ltr'>ἀπό</span> <span class='ocrx_word' id='word_1_295' title='bbox 861 2359 921 2394; x_wconf 89' lang='grc' dir='ltr'><strong>τε</strong></span> <span class='ocrx_word' id='word_1_296' title='bbox 963 2342 1070 2395; x_wconf 86' lang='grc' dir='ltr'><strong>τῶν</strong></span> <span class='ocrx_word' id='word_1_297' title='bbox 1120 2341 1366 2412; x_wconf 84' lang='grc' dir='ltr'>σταχύων</span> <span class='ocrx_word' id='word_1_298' title='bbox 1403 2342 1494 2394; x_wconf 72' lang='grc' dir='ltr'><strong>καὶ</strong></span> <span class='ocrx_word' id='word_1_299' title='bbox 1526 2342 1633 2394; x_wconf 78' lang='grc' dir='ltr'><strong>ἀπὸ</strong></span> <span class='ocrx_word' id='word_1_300' title='bbox 1663 2341 1756 2394; x_wconf 90' lang='grc' dir='ltr'><strong>τοῦ</strong></span> <span class='ocrx_word' id='word_1_301' title='bbox 1786 2343 1929 2412; x_wconf 83' lang='grc' dir='ltr'>ἀμη-</span> 
     </span>
    </p>
   </div>
   <div class='ocr_carea' id='block_1_41' title="bbox 345 2434 1929 2509">
    <p class='ocr_par' dir='ltr' id='par_1_41' title="bbox 345 2434 1929 2509">
     <span class='ocr_line' id='line_1_41' title="bbox 345 2434 1929 2509; baseline 0.003 -20"><span class='ocrx_word' id='word_1_302' title='bbox 345 2434 463 2502; x_wconf 85' lang='grc' dir='ltr'>τοῦ,</span> <span class='ocrx_word' id='word_1_303' title='bbox 505 2436 600 2489; x_wconf 71' lang='grc' dir='ltr'>καὶ</span> <span class='ocrx_word' id='word_1_304' title='bbox 636 2436 745 2491; x_wconf 83' lang='grc' dir='ltr'><strong>τῶν</strong></span> <span class='ocrx_word' id='word_1_305' title='bbox 779 2437 1055 2509; x_wconf 84' lang='grc' dir='ltr'>μαθητῶν,</span> <span class='ocrx_word' id='word_1_306' title='bbox 1096 2439 1172 2501; x_wconf 82' lang='grc' dir='ltr'>ὡς</span> <span class='ocrx_word' id='word_1_307' title='bbox 1214 2438 1349 2508; x_wconf 74' lang='grc' dir='ltr'>μετὰ</span> <span class='ocrx_word' id='word_1_308' title='bbox 1377 2437 1484 2491; x_wconf 85' lang='grc' dir='ltr'><strong>τῶν</strong></span> <span class='ocrx_word' id='word_1_309' title='bbox 1522 2439 1929 2509; x_wconf 87' lang='grc' dir='ltr'>τεσσαράκοντα</span> 
     </span>
    </p>
   </div>
   <div class='ocr_carea' id='block_1_42' title="bbox 344 2528 1928 2601">
    <p class='ocr_par' dir='ltr' id='par_1_42' title="bbox 344 2528 1928 2601">
     <span class='ocr_line' id='line_1_42' title="bbox 344 2528 1928 2601; baseline 0.003 -21"><span class='ocrx_word' id='word_1_310' title='bbox 344 2528 568 2599; x_wconf 82' lang='grc' dir='ltr'>ἡμερῶν</span> <span class='ocrx_word' id='word_1_311' title='bbox 601 2529 906 2601; x_wconf 80' lang='grc' dir='ltr'>πειρασμὸν</span> <span class='ocrx_word' id='word_1_312' title='bbox 940 2530 1113 2583; x_wconf 83' lang='grc' dir='ltr'>ταῦτα</span> <span class='ocrx_word' id='word_1_313' title='bbox 1145 2530 1323 2585; x_wconf 85' lang='grc' dir='ltr'>πάντα</span> <span class='ocrx_word' id='word_1_314' title='bbox 1360 2529 1633 2600; x_wconf 87' lang='grc' dir='ltr'>διηγεῖται</span> <span class='ocrx_word' id='word_1_315' title='bbox 1671 2533 1700 2584; x_wconf 91' lang='grc' dir='ltr'><strong>ό</strong></span> <span class='ocrx_word' id='word_1_316' title='bbox 1742 2531 1928 2585; x_wconf 85' lang='grc' dir='ltr'>Ἰωάν-</span> 
     </span>
    </p>
   </div>
   <div class='ocr_carea' id='block_1_43' title="bbox 345 2619 1302 2688">
    <p class='ocr_par' dir='ltr' id='par_1_43' title="bbox 345 2619 1302 2688">
     <span class='ocr_line' id='line_1_43' title="bbox 345 2619 1302 2688; baseline 0.002 -18"><span class='ocrx_word' id='word_1_317' title='bbox 345 2635 463 2688; x_wconf 89' lang='grc' dir='ltr'>νης,</span> <span class='ocrx_word' id='word_1_318' title='bbox 497 2619 591 2671; x_wconf 74' lang='grc' dir='ltr'><strong>καὶ</strong></span> <span class='ocrx_word' id='word_1_319' title='bbox 620 2620 854 2682; x_wconf 82' lang='grc' dir='ltr'>Λουκᾶς,</span> <span class='ocrx_word' id='word_1_320' title='bbox 885 2620 979 2672; x_wconf 69' lang='grc' dir='ltr'><strong>καὶ</strong></span> <span class='ocrx_word' id='word_1_321' title='bbox 1012 2621 1058 2672; x_wconf 87' lang='grc' dir='ltr'>οἱ</span> <span class='ocrx_word' id='word_1_322' title='bbox 1083 2619 1302 2684; x_wconf 86' lang='grc' dir='ltr'>πάντες.</span> 
     </span>
    </p>
   </div>
   <div class='ocr_carea' id='block_1_44' title="bbox 417 2709 1932 2764">
    <p class='ocr_par' dir='ltr' id='par_1_44' title="bbox 417 2709 1932 2764">
     <span class='ocr_line' id='line_1_44' title="bbox 417 2709 1932 2764; baseline 0.002 -3"><span class='ocrx_word' id='word_1_323' title='bbox 417 2709 539 2761; x_wconf 88' lang='grc' dir='ltr'><strong>ΛΒ’.</strong></span> <span class='ocrx_word' id='word_1_324' title='bbox 577 2710 688 2762; x_wconf 85' lang='grc' dir='ltr'>Οὐκ</span> <span class='ocrx_word' id='word_1_325' title='bbox 712 2710 986 2764; x_wconf 77' lang='grc' dir='ltr'>αἰδοῦνται</span> <span class='ocrx_word' id='word_1_326' title='bbox 1021 2709 1077 2762; x_wconf 81' lang='grc' dir='ltr'>δὲ</span> <span class='ocrx_word' id='word_1_327' title='bbox 1109 2710 1271 2764; x_wconf 86' lang='grc' dir='ltr'>πάλιν</span> <span class='ocrx_word' id='word_1_328' title='bbox 1313 2711 1362 2762; x_wconf 86' lang='grc' dir='ltr'><strong>οἰ</strong></span> <span class='ocrx_word' id='word_1_329' title='bbox 1390 2709 1621 2764; x_wconf 79' lang='grc' dir='ltr'>τοιοῦτοι</span> <span class='ocrx_word' id='word_1_330' title='bbox 1654 2710 1797 2764; x_wconf 78' lang='grc' dir='ltr'>κατὰ</span> <span class='ocrx_word' id='word_1_331' title='bbox 1824 2710 1932 2764; x_wconf 87' lang='grc' dir='ltr'><strong>τῶν</strong></span> 
     </span>
    </p>
   </div>
   <div class='ocr_carea' id='block_1_45' title="bbox 347 2800 1927 2871">
    <p class='ocr_par' dir='ltr' id='par_1_45' title="bbox 347 2800 1927 2871">
     <span class='ocr_line' id='line_1_45' title="bbox 347 2800 1927 2871; baseline -0.001 -17"><span class='ocrx_word' id='word_1_332' title='bbox 347 2800 453 2854; x_wconf 76' lang='grc' dir='ltr'>ὑπὸ</span> <span class='ocrx_word' id='word_1_333' title='bbox 499 2800 593 2852; x_wconf 90' lang='grc' dir='ltr'><strong>τοῦ</strong></span> <span class='ocrx_word' id='word_1_334' title='bbox 646 2800 802 2869; x_wconf 82' lang='grc' dir='ltr'>ἁγίου</span> <span class='ocrx_word' id='word_1_335' title='bbox 859 2802 1104 2854; x_wconf 81' lang='grc' dir='ltr'>Ἰωάννου</span> <span class='ocrx_word' id='word_1_336' title='bbox 1149 2800 1456 2871; x_wconf 77' lang='grc' dir='ltr'>εἰρημένων</span> <span class='ocrx_word' id='word_1_337' title='bbox 1501 2800 1927 2871; x_wconf 73' lang='grc' dir='ltr'>ἐξοπλιζόμενοι,</span> 
     </span>
    </p>
   </div>
   <div class='ocr_carea' id='block_1_46' title="bbox 345 2883 1934 2963">
    <p class='ocr_par' dir='ltr' id='par_1_46' title="bbox 345 2883 1934 2963">
     <span class='ocr_line' id='line_1_46' title="bbox 345 2883 1934 2963; baseline 0 -18"><span class='ocrx_word' id='word_1_338' title='bbox 345 2892 657 2963; x_wconf 75' lang='grc' dir='ltr'>νομίζοντες</span> <span class='ocrx_word' id='word_1_339' title='bbox 705 2895 776 2962; x_wconf 89' lang='grc' dir='ltr'><strong>μή</strong></span> <span class='ocrx_word' id='word_1_340' title='bbox 812 2908 889 2963; x_wconf 84' lang='grc' dir='ltr'><strong>πη</strong></span> <span class='ocrx_word' id='word_1_341' title='bbox 922 2893 1030 2963; x_wconf 80' lang='grc' dir='ltr'>ἄρα</span> <span class='ocrx_word' id='word_1_342' title='bbox 1068 2892 1321 2945; x_wconf 81' lang='grc' dir='ltr'>δύνανται</span> <span class='ocrx_word' id='word_1_343' title='bbox 1367 2883 1465 2963; x_wconf 72' lang='grc' dir='ltr'>τὴν</span> <span class='ocrx_word' id='word_1_344' title='bbox 1505 2892 1760 2963; x_wconf 85' lang='grc' dir='ltr'>ἀλήθειαν</span> <span class='ocrx_word' id='word_1_345' title='bbox 1805 2893 1934 2945; x_wconf 84' lang='grc' dir='ltr'>ἀνα-</span> 
     </span>
    </p>
   </div>
   <div class='ocr_carea' id='block_1_47' title="bbox 344 2982 1933 3054">
    <p class='ocr_par' dir='ltr' id='par_1_47' title="bbox 344 2982 1933 3054">
     <span class='ocr_line' id='line_1_47' title="bbox 344 2982 1933 3054; baseline 0.001 -20"><span class='ocrx_word' id='word_1_346' title='bbox 344 2983 567 3053; x_wconf 83' lang='grc' dir='ltr'>τρέπειν</span> <span class='ocrx_word' id='word_1_347' title='bbox 589 3001 603 3014; x_wconf 79' lang='grc'><strong>’</strong></span> <span class='ocrx_word' id='word_1_348' title='bbox 631 2984 730 3036; x_wconf 82' lang='grc' dir='ltr'><strong>οὐκ</strong></span> <span class='ocrx_word' id='word_1_349' title='bbox 762 2983 995 3047; x_wconf 87' lang='grc' dir='ltr'>εἰδότες,</span> <span class='ocrx_word' id='word_1_350' title='bbox 1035 2984 1117 3036; x_wconf 81' lang='grc' dir='ltr'>ὃτι</span> <span class='ocrx_word' id='word_1_351' title='bbox 1157 2983 1277 3035; x_wconf 84' lang='grc' dir='ltr'>καθ’</span> <span class='ocrx_word' id='word_1_352' title='bbox 1308 2982 1517 3036; x_wconf 75' lang='grc' dir='ltr'>ἑαυτῶν</span> <span class='ocrx_word' id='word_1_353' title='bbox 1551 2983 1749 3054; x_wconf 78' lang='grc' dir='ltr'>μᾶλλον</span> <span class='ocrx_word' id='word_1_354' title='bbox 1781 2984 1933 3037; x_wconf 82' lang='grc' dir='ltr'>όπλί-</span> 
     </span>
    </p>
   </div>
   <div class='ocr_carea' id='block_1_48' title="bbox 346 3072 1933 3146">
    <p class='ocr_par' dir='ltr' id='par_1_48' title="bbox 346 3072 1933 3146">
     <span class='ocr_line' id='line_1_48' title="bbox 346 3072 1933 3146; baseline 0 -19"><span class='ocrx_word' id='word_1_355' title='bbox 346 3072 561 3140; x_wconf 71' lang='grc' dir='ltr'>ζονται,</span> <span class='ocrx_word' id='word_1_356' title='bbox 586 3075 731 3146; x_wconf 78' lang='grc' dir='ltr'>ἥπερ</span> <span class='ocrx_word' id='word_1_357' title='bbox 760 3076 901 3129; x_wconf 78' lang='grc' dir='ltr'>κατὰ</span> <span class='ocrx_word' id='word_1_358' title='bbox 927 3076 1027 3145; x_wconf 84' lang='grc' dir='ltr'>τῆς</span> <span class='ocrx_word' id='word_1_359' title='bbox 1048 3074 1235 3144; x_wconf 80' lang='grc' dir='ltr'>ὑγιοῦς</span> <span class='ocrx_word' id='word_1_360' title='bbox 1260 3074 1628 3138; x_wconf 80' lang='grc' dir='ltr'>διδασκαλίας.</span> <span class='ocrx_word' id='word_1_361' title='bbox 1663 3076 1933 3129; x_wconf 81' lang='grc' dir='ltr'>Φάσκουσι</span> 
     </span>
    </p>
   </div>
   <div class='ocr_carea' id='block_1_49' title="bbox 345 3164 1929 3238">
    <p class='ocr_par' dir='ltr' id='par_1_49' title="bbox 345 3164 1929 3238">
     <span class='ocr_line' id='line_1_49' title="bbox 345 3164 1929 3238; baseline 0.001 -19"><span class='ocrx_word' id='word_1_362' title='bbox 345 3166 405 3219; x_wconf 82' lang='grc' dir='ltr'><strong>δὲ</strong></span> <span class='ocrx_word' id='word_1_363' title='bbox 439 3164 578 3219; x_wconf 78' lang='grc' dir='ltr'>κατὰ</span> <span class='ocrx_word' id='word_1_364' title='bbox 606 3167 705 3237; x_wconf 76' lang='grc' dir='ltr'>τῆς</span> <span class='ocrx_word' id='word_1_365' title='bbox 748 3166 1165 3235; x_wconf 67' lang='grc' dir='ltr'>Ἀποκαλύψεως</span> <span class='ocrx_word' id='word_1_366' title='bbox 1193 3165 1318 3218; x_wconf 88' lang='grc' dir='ltr'>τάδε</span> <span class='ocrx_word' id='word_1_367' title='bbox 1345 3165 1715 3236; x_wconf 79' lang='grc' dir='ltr'>χλευάζοντες·</span> <span class='ocrx_word' id='word_1_368' title='bbox 1743 3167 1807 3220; x_wconf 86' lang='grc' dir='ltr'><strong>Τί</strong></span> <span class='ocrx_word' id='word_1_369' title='bbox 1842 3185 1929 3238; x_wconf 90' lang='grc' dir='ltr'><strong>με,</strong></span> 
     </span>
    </p>
   </div>
   <div class='ocr_carea' id='block_1_50' title="bbox 258 3258 1931 3330">
    <p class='ocr_par' dir='ltr' id='par_1_50' title="bbox 258 3258 1931 3330">
     <span class='ocr_line' id='line_1_50' title="bbox 258 3258 1931 3330; baseline 0 -18"><span class='ocrx_word' id='word_1_370' title='bbox 258 3324 259 3329; x_wconf 20' lang='grc' dir='ltr'><strong>η</strong></span> <span class='ocrx_word' id='word_1_371' title='bbox 346 3259 531 3329; x_wconf 73' lang='grc' dir='ltr'>φησὶν,</span> <span class='ocrx_word' id='word_1_372' title='bbox 560 3258 817 3329; x_wconf 76' lang='grc' dir='ltr'>ὠφελεῖή</span> <span class='ocrx_word' id='word_1_373' title='bbox 860 3258 1227 3328; x_wconf 75' lang='grc' dir='ltr'>Ἀποκάλυψις</span> <span class='ocrx_word' id='word_1_374' title='bbox 1269 3260 1535 3322; x_wconf 84' lang='grc' dir='ltr'>Ἰωάννου,</span> <span class='ocrx_word' id='word_1_375' title='bbox 1563 3259 1800 3328; x_wconf 82' lang='grc' dir='ltr'>λέγουσά</span> <span class='ocrx_word' id='word_1_376' title='bbox 1841 3278 1931 3330; x_wconf 91' lang='grc' dir='ltr'><strong>μοι</strong></span> 
     </span>
    </p>
   </div>
   <div class='ocr_carea' id='block_1_51' title="bbox 344 3350 1933 3420">
    <p class='ocr_par' dir='ltr' id='par_1_51' title="bbox 344 3350 1933 3420">
     <span class='ocr_line' id='line_1_51' title="bbox 344 3350 1933 3420; baseline 0.001 -17"><span class='ocrx_word' id='word_1_377' title='bbox 344 3350 479 3415; x_wconf 81' lang='grc' dir='ltr'>περὶ</span> <span class='ocrx_word' id='word_1_378' title='bbox 523 3350 673 3403; x_wconf 76' lang='grc' dir='ltr'>ἑπτὰ</span> <span class='ocrx_word' id='word_1_379' title='bbox 712 3350 1006 3419; x_wconf 74' lang='grc' dir='ltr'>ἀγγέλων,</span> <span class='ocrx_word' id='word_1_380' title='bbox 1049 3350 1148 3403; x_wconf 77' lang='grc' dir='ltr'>καὶ</span> <span class='ocrx_word' id='word_1_381' title='bbox 1194 3350 1343 3404; x_wconf 79' lang='grc' dir='ltr'>ἑπτὰ</span> <span class='ocrx_word' id='word_1_382' title='bbox 1396 3352 1780 3420; x_wconf 70' lang='grc' dir='ltr'>σαλπίγγων;</span> <span class='ocrx_word' id='word_1_383' title='bbox 1834 3353 1933 3405; x_wconf 83' lang='grc' dir='ltr'><strong>οὐκ</strong></span> 
     </span>
    </p>
   </div>
   <div class='ocr_carea' id='block_1_52' title="bbox 345 3441 1933 3516">
    <p class='ocr_par' dir='ltr' id='par_1_52' title="bbox 345 3441 1933 3516">
     <span class='ocr_line' id='line_1_52' title="bbox 345 3441 1933 3516; baseline 0.004 -23"><span class='ocrx_word' id='word_1_384' title='bbox 345 3442 561 3505; x_wconf 86' lang='grc' dir='ltr'>εἰδότες,</span> <span class='ocrx_word' id='word_1_385' title='bbox 593 3441 711 3505; x_wconf 87' lang='grc' dir='ltr'><strong>πῶς</strong></span> <span class='ocrx_word' id='word_1_386' title='bbox 735 3442 1009 3510; x_wconf 84' lang='grc' dir='ltr'>ἀναγκαία</span> <span class='ocrx_word' id='word_1_387' title='bbox 1039 3443 1132 3495; x_wconf 80' lang='grc' dir='ltr'>καὶ</span> <span class='ocrx_word' id='word_1_388' title='bbox 1164 3442 1417 3512; x_wconf 80' lang='grc' dir='ltr'>ὠφέλιμα</span> <span class='ocrx_word' id='word_1_389' title='bbox 1444 3443 1668 3497; x_wconf 88' lang='grc' dir='ltr'>τοιαῦτα</span> <span class='ocrx_word' id='word_1_390' title='bbox 1694 3445 1933 3516; x_wconf 78' lang='grc' dir='ltr'>ὑπῆρξεν</span> 
     </span>
    </p>
   </div>
   <div class='ocr_carea' id='block_1_53' title="bbox 346 3531 1933 3607">
    <p class='ocr_par' dir='ltr' id='par_1_53' title="bbox 346 3531 1933 3607">
     <span class='ocr_line' id='line_1_53' title="bbox 346 3531 1933 3607; baseline 0.002 -21"><span class='ocrx_word' id='word_1_391' title='bbox 346 3537 401 3586; x_wconf 83' lang='grc' dir='ltr'>ὲν</span> <span class='ocrx_word' id='word_1_392' title='bbox 434 3538 496 3605; x_wconf 86' lang='grc' dir='ltr'>τῇ</span> <span class='ocrx_word' id='word_1_393' title='bbox 537 3534 787 3606; x_wconf 81' lang='grc' dir='ltr'>ὀρθότητι</span> <span class='ocrx_word' id='word_1_394' title='bbox 816 3534 913 3587; x_wconf 88' lang='grc' dir='ltr'><strong>τοῦ</strong></span> <span class='ocrx_word' id='word_1_395' title='bbox 963 3534 1334 3605; x_wconf 79' lang='grc' dir='ltr'>κηρύγματος.</span> <span class='ocrx_word' id='word_1_396' title='bbox 1365 3535 1505 3587; x_wconf 85' lang='grc' dir='ltr'>Ὅσα</span> <span class='ocrx_word' id='word_1_397' title='bbox 1534 3535 1643 3607; x_wconf 85' lang='grc' dir='ltr'>γὰρ</span> <span class='ocrx_word' id='word_1_398' title='bbox 1674 3531 1741 3606; x_wconf 83' lang='grc' dir='ltr'>ἦν</span> <span class='ocrx_word' id='word_1_399' title='bbox 1783 3537 1933 3607; x_wconf 89' lang='grc' dir='ltr'>νόμῳ</span> 
     </span>
    </p>
   </div>
   <div class='ocr_carea' id='block_1_54' title="bbox 347 3626 1932 3698">
    <p class='ocr_par' dir='ltr' id='par_1_54' title="bbox 347 3626 1932 3698">
     <span class='ocr_line' id='line_1_54' title="bbox 347 3626 1932 3698; baseline 0.001 -20"><span class='ocrx_word' id='word_1_400' title='bbox 347 3626 440 3683; x_wconf 71' lang='grc' dir='ltr'><strong>καὶ</strong></span> <span class='ocrx_word' id='word_1_401' title='bbox 467 3628 524 3678; x_wconf 81' lang='grc' dir='ltr'><strong>ἐν</strong></span> <span class='ocrx_word' id='word_1_402' title='bbox 551 3627 858 3697; x_wconf 83' lang='grc' dir='ltr'>προφήταις</span> <span class='ocrx_word' id='word_1_403' title='bbox 904 3626 1154 3680; x_wconf 83' lang='grc' dir='ltr'>σκοτεινὰ</span> <span class='ocrx_word' id='word_1_404' title='bbox 1198 3627 1291 3679; x_wconf 75' lang='grc' dir='ltr'><strong>καὶ</strong></span> <span class='ocrx_word' id='word_1_405' title='bbox 1334 3626 1730 3698; x_wconf 82' lang='grc' dir='ltr'>αἰνιγματώδη,</span> <span class='ocrx_word' id='word_1_406' title='bbox 1761 3626 1932 3681; x_wconf 86' lang='grc' dir='ltr'>ταῦτα</span> 
     </span>
    </p>
   </div>
   <div class='ocr_carea' id='block_1_55' title="bbox 346 3716 1932 3791">
    <p class='ocr_par' dir='ltr' id='par_1_55' title="bbox 346 3716 1932 3791">
     <span class='ocr_line' id='line_1_55' title="bbox 346 3716 1932 3791; baseline 0.001 -22"><span class='ocrx_word' id='word_1_407' title='bbox 346 3716 376 3769; x_wconf 83' lang='grc' dir='ltr'>ὁ</span> <span class='ocrx_word' id='word_1_408' title='bbox 409 3716 609 3788; x_wconf 79' lang='grc' dir='ltr'>Κύριος</span> <span class='ocrx_word' id='word_1_409' title='bbox 655 3716 972 3788; x_wconf 84' lang='grc' dir='ltr'>ᾠκονόμησε</span> <span class='ocrx_word' id='word_1_410' title='bbox 1018 3717 1104 3770; x_wconf 79' lang='grc' dir='ltr'><strong>διὰ</strong></span> <span class='ocrx_word' id='word_1_411' title='bbox 1152 3718 1246 3771; x_wconf 91' lang='grc' dir='ltr'><strong>τοῦ</strong></span> <span class='ocrx_word' id='word_1_412' title='bbox 1294 3718 1448 3786; x_wconf 84' lang='grc' dir='ltr'>ἁγίου</span> <span class='ocrx_word' id='word_1_413' title='bbox 1490 3718 1813 3791; x_wconf 88' lang='grc' dir='ltr'>Πνεύματος</span> <span class='ocrx_word' id='word_1_414' title='bbox 1852 3719 1932 3780; x_wconf 88' lang='grc' dir='ltr'><strong>εἰς</strong></span> 
     </span>
    </p>
   </div>
   <div class='ocr_carea' id='block_1_56' title="bbox 346 3807 1929 3883">
    <p class='ocr_par' dir='ltr' id='par_1_56' title="bbox 346 3807 1929 3883">
     <span class='ocr_line' id='line_1_56' title="bbox 346 3807 1929 3883; baseline 0.004 -25"><span class='ocrx_word' id='word_1_415' title='bbox 346 3810 380 3877; x_wconf 83' lang='grc' dir='ltr'><strong>ή</strong></span> <span class='ocrx_word' id='word_1_416' title='bbox 390 3807 505 3877; x_wconf 88' lang='grc' dir='ltr'><strong>μῶν</strong></span> <span class='ocrx_word' id='word_1_417' title='bbox 529 3809 801 3879; x_wconf 83' lang='grc' dir='ltr'>σωτηρίαν</span> <span class='ocrx_word' id='word_1_418' title='bbox 824 3809 902 3878; x_wconf 81' lang='grc' dir='ltr'>τῷ</span> <span class='ocrx_word' id='word_1_419' title='bbox 923 3808 1091 3879; x_wconf 78' lang='grc' dir='ltr'>δούλῳ</span> <span class='ocrx_word' id='word_1_420' title='bbox 1117 3810 1283 3862; x_wconf 83' lang='grc' dir='ltr'>αὐτοῦ</span> <span class='ocrx_word' id='word_1_421' title='bbox 1319 3810 1539 3883; x_wconf 85' lang='grc' dir='ltr'>Ἰωάννῃ</span> <span class='ocrx_word' id='word_1_422' title='bbox 1562 3810 1929 3882; x_wconf 66' lang='grc' dir='ltr'>ἀποκαλύψαγ</span> 
     </span>
    </p>
   </div>
   <div class='ocr_carea' id='block_1_57' title="bbox 346 3895 1933 3973">
    <p class='ocr_par' dir='ltr' id='par_1_57' title="bbox 346 3895 1933 3973">
     <span class='ocr_line' id='line_1_57' title="bbox 346 3895 1933 3973; baseline 0.003 -22"><span class='ocrx_word' id='word_1_423' title='bbox 346 3899 415 3952; x_wconf 81' lang='grc' dir='ltr'><strong>τὰ</strong></span> <span class='ocrx_word' id='word_1_424' title='bbox 444 3902 619 3952; x_wconf 79' lang='grc' dir='ltr'>ἐκεῖσε</span> <span class='ocrx_word' id='word_1_425' title='bbox 653 3900 901 3953; x_wconf 79' lang='grc' dir='ltr'>σκοτεινὰ</span> <span class='ocrx_word' id='word_1_426' title='bbox 932 3895 1033 3954; x_wconf 83' lang='grc' dir='ltr'>ὧδε</span> <span class='ocrx_word' id='word_1_427' title='bbox 1082 3904 1161 3965; x_wconf 86' lang='grc' dir='ltr'><strong>εἰς</strong></span> <span class='ocrx_word' id='word_1_428' title='bbox 1206 3904 1550 3973; x_wconf 76' lang='grc' dir='ltr'>πνευματικὰ</span> <span class='ocrx_word' id='word_1_429' title='bbox 1595 3904 1689 3957; x_wconf 71' lang='grc' dir='ltr'>καὶ</span> <span class='ocrx_word' id='word_1_430' title='bbox 1729 3902 1933 3973; x_wconf 81' lang='grc' dir='ltr'>ἔκδηλα</span> 
     </span>
    </p>
   </div>
   <div class='ocr_carea' id='block_1_58' title="bbox 349 3990 1928 4065">
    <p class='ocr_par' dir='ltr' id='par_1_58' title="bbox 349 3990 1928 4065">
     <span class='ocr_line' id='line_1_58' title="bbox 349 3990 1928 4065; baseline 0.003 -24"><span class='ocrx_word' id='word_1_431' title='bbox 349 3990 657 4061; x_wconf 80' lang='grc' dir='ltr'>κηρύττων.</span> <span class='ocrx_word' id='word_1_432' title='bbox 698 3991 1091 4061; x_wconf 88' lang='grc' dir='ltr'>Πνευματικῶς</span> <span class='ocrx_word' id='word_1_433' title='bbox 1117 3992 1174 4044; x_wconf 84' lang='grc' dir='ltr'><strong>δὲ</strong></span> <span class='ocrx_word' id='word_1_434' title='bbox 1216 3993 1346 4062; x_wconf 75' lang='grc' dir='ltr'>ἡμῖν</span> <span class='ocrx_word' id='word_1_435' title='bbox 1374 3993 1442 4046; x_wconf 70' lang='grc' dir='ltr'><strong>τά</strong></span> <span class='ocrx_word' id='word_1_436' title='bbox 1472 3993 1611 4047; x_wconf 75' lang='grc' dir='ltr'>αὐτὰ</span> <span class='ocrx_word' id='word_1_437' title='bbox 1641 3994 1928 4065; x_wconf 80' lang='grc' dir='ltr'>ᾠκονόμει.</span> 
     </span>
    </p>
   </div>
   <div class='ocr_carea' id='block_1_59' title="bbox 348 4083 1934 4155">
    <p class='ocr_par' dir='ltr' id='par_1_59' title="bbox 348 4083 1934 4155">
     <span class='ocr_line' id='line_1_59' title="bbox 348 4083 1934 4155; baseline 0.003 -20"><span class='ocrx_word' id='word_1_438' title='bbox 348 4083 459 4135; x_wconf 79' lang='grc' dir='ltr'><strong>Καὶ</strong></span> <span class='ocrx_word' id='word_1_439' title='bbox 489 4085 551 4137; x_wconf 78' lang='grc' dir='ltr'>ἐκ</span> <span class='ocrx_word' id='word_1_440' title='bbox 583 4084 867 4153; x_wconf 86' lang='grc' dir='ltr'>δερμάτων</span> <span class='ocrx_word' id='word_1_441' title='bbox 899 4085 994 4155; x_wconf 86' lang='grc' dir='ltr'><strong>μὲν</strong></span> <span class='ocrx_word' id='word_1_442' title='bbox 1040 4085 1159 4136; x_wconf 87' lang='grc' dir='ltr'>τότε</span> <span class='ocrx_word' id='word_1_443' title='bbox 1188 4083 1586 4148; x_wconf 78' lang='grc' dir='ltr'>κατασκευάζει</span> <span class='ocrx_word' id='word_1_444' title='bbox 1631 4084 1748 4152; x_wconf 76' lang='grc' dir='ltr'><strong>τὴν</strong></span> <span class='ocrx_word' id='word_1_445' title='bbox 1788 4102 1934 4155; x_wconf 75' lang='lat' dir='ltr'><strong>mm-</strong></span> 
     </span>
    </p>
   </div>
   <div class='ocr_carea' id='block_1_60' title="bbox 347 4172 1936 4247">
    <p class='ocr_par' dir='ltr' id='par_1_60' title="bbox 347 4172 1936 4247">
     <span class='ocr_line' id='line_1_60' title="bbox 347 4172 1936 4247; baseline 0.003 -21"><span class='ocrx_word' id='word_1_446' title='bbox 347 4174 487 4241; x_wconf 74' lang='grc' dir='ltr'><strong>γὴν,</strong></span> <span class='ocrx_word' id='word_1_447' title='bbox 515 4172 633 4227; x_wconf 73' lang='grc' dir='ltr'><strong>τῶν</strong></span> <span class='ocrx_word' id='word_1_448' title='bbox 661 4173 968 4247; x_wconf 75' lang='grc' dir='ltr'>δερμάτων</span> <span class='ocrx_word' id='word_1_449' title='bbox 990 4176 1587 4245; x_wconf 78' lang='grc' dir='ltr'>ἠρυθροδανωμένων,</span> <span class='ocrx_word' id='word_1_450' title='bbox 1612 4177 1711 4229; x_wconf 75' lang='grc' dir='ltr'>καὶ</span> <span class='ocrx_word' id='word_1_451' title='bbox 1735 4179 1936 4231; x_wconf 78' lang='grc' dir='ltr'>ὑακιν-</span> 
     </span>
    </p>
   </div>
   <div class='ocr_carea' id='block_1_61' title="bbox 350 4266 1931 4339">
    <p class='ocr_par' dir='ltr' id='par_1_61' title="bbox 350 4266 1931 4339">
     <span class='ocr_line' id='line_1_61' title="bbox 350 4266 1931 4339; baseline 0.002 -21"><span class='ocrx_word' id='word_1_452' title='bbox 350 4268 549 4328; x_wconf 79' lang='grc' dir='ltr'>θίνων,</span> <span class='ocrx_word' id='word_1_453' title='bbox 569 4266 750 4318; x_wconf 76' lang='grc' dir='ltr'>καὶτὰ</span> <span class='ocrx_word' id='word_1_454' title='bbox 783 4266 928 4335; x_wconf 77' lang='grc' dir='ltr'>ἑξῆς,</span> <span class='ocrx_word' id='word_1_455' title='bbox 948 4267 1035 4319; x_wconf 78' lang='grc' dir='ltr'><strong>ἵνα</strong></span> <span class='ocrx_word' id='word_1_456' title='bbox 1060 4266 1206 4338; x_wconf 80' lang='grc' dir='ltr'>δείξῃ</span> <span class='ocrx_word' id='word_1_457' title='bbox 1237 4267 1334 4337; x_wconf 83' lang='grc' dir='ltr'>τὴν</span> <span class='ocrx_word' id='word_1_458' title='bbox 1367 4266 1569 4337; x_wconf 81' lang='grc' dir='ltr'>σκηνὴν</span> <span class='ocrx_word' id='word_1_459' title='bbox 1593 4267 1770 4320; x_wconf 84' lang='grc' dir='ltr'>ἐκεῖσε</span> <span class='ocrx_word' id='word_1_460' title='bbox 1804 4285 1931 4339; x_wconf 83' lang='grc' dir='ltr'>σκη-</span> 
     </span>
    </p>
   </div>
   <div class='ocr_carea' id='block_1_62' title="bbox 350 4352 1931 4432">
    <p class='ocr_par' dir='ltr' id='par_1_62' title="bbox 350 4352 1931 4432">
     <span class='ocr_line' id='line_1_62' title="bbox 350 4352 1931 4432; baseline 0.003 -24"><span class='ocrx_word' id='word_1_461' title='bbox 350 4358 447 4427; x_wconf 79' lang='grc' dir='ltr'><strong>νὴν</strong></span> <span class='ocrx_word' id='word_1_462' title='bbox 498 4356 598 4425; x_wconf 80' lang='grc' dir='ltr'><strong>μὲν</strong></span> <span class='ocrx_word' id='word_1_463' title='bbox 642 4352 842 4421; x_wconf 76' lang='grc' dir='ltr'>οὖσαν,</span> <span class='ocrx_word' id='word_1_464' title='bbox 880 4358 1285 4430; x_wconf 81' lang='grc' dir='ltr'>ἀποδεχομένην</span> <span class='ocrx_word' id='word_1_465' title='bbox 1340 4359 1397 4412; x_wconf 81' lang='grc' dir='ltr'>δὲ</span> <span class='ocrx_word' id='word_1_466' title='bbox 1443 4358 1541 4429; x_wconf 85' lang='grc' dir='ltr'><strong>τὴν</strong></span> <span class='ocrx_word' id='word_1_467' title='bbox 1588 4359 1931 4432; x_wconf 86' lang='grc' dir='ltr'>τελειοτάτην</span> 
     </span>
    </p>
   </div>
   <div class='ocr_carea' id='block_1_63' title="bbox 351 4445 1933 4531">
    <p class='ocr_par' dir='ltr' id='par_1_63' title="bbox 351 4445 1933 4531">
     <span class='ocr_line' id='line_1_63' title="bbox 351 4445 1933 4531; baseline 0.003 -33"><span class='ocrx_word' id='word_1_468' title='bbox 351 4446 555 4517; x_wconf 83' lang='grc' dir='ltr'>σκηνὴν</span> <span class='ocrx_word' id='word_1_469' title='bbox 580 4445 672 4499; x_wconf 89' lang='grc' dir='ltr'><strong>τοῦ</strong></span> <span class='ocrx_word' id='word_1_470' title='bbox 707 4446 965 4531; x_wconf 83' lang='grc' dir='ltr'>Χριστοῦ.</span> <span class='ocrx_word' id='word_1_471' title='bbox 1009 4449 1196 4519; x_wconf 84' lang='grc' dir='ltr'>Δέρμα</span> <span class='ocrx_word' id='word_1_472' title='bbox 1234 4449 1342 4519; x_wconf 80' lang='grc' dir='ltr'>γὰρ</span> <span class='ocrx_word' id='word_1_473' title='bbox 1372 4448 1480 4502; x_wconf 83' lang='grc' dir='ltr'>ἀπὸ</span> <span class='ocrx_word' id='word_1_474' title='bbox 1512 4448 1758 4519; x_wconf 85' lang='grc' dir='ltr'>σώματος</span> <span class='ocrx_word' id='word_1_475' title='bbox 1797 4450 1933 4518; x_wconf 89' lang='grc' dir='ltr'>γίνε-</span> 
     </span>
    </p>
   </div>
   <div class='ocr_carea' id='block_1_64' title="bbox 2032 1976 3608 2054">
    <p class='ocr_par' dir='ltr' id='par_1_64' title="bbox 2032 1976 3608 2054">
     <span class='ocr_line' id='line_1_64' title="bbox 2032 1976 3608 2054; baseline -0.008 -16"><span class='ocrx_word' id='word_1_476' title='bbox 2032 1998 2198 2054; x_wconf 90' lang='lat' dir='ltr'><strong>porro</strong></span> <span class='ocrx_word' id='word_1_477' title='bbox 2231 1982 2298 2037; x_wconf 90' lang='lat' dir='ltr'><strong>ad</strong></span> <span class='ocrx_word' id='word_1_478' title='bbox 2342 1998 2460 2037; x_wconf 84' lang='lat' dir='ltr'><strong>eam</strong></span> <span class='ocrx_word' id='word_1_479' title='bbox 2510 1997 2623 2036; x_wconf 92' lang='lat' dir='ltr'><strong>rem</strong></span> <span class='ocrx_word' id='word_1_480' title='bbox 2681 1980 2969 2051; x_wconf 85' lang='lat' dir='ltr'><strong>perspicue</strong></span> <span class='ocrx_word' id='word_1_481' title='bbox 3023 1976 3408 2033; x_wconf 90' lang='lat' dir='ltr'><strong>declarandam</strong></span> <span class='ocrx_word' id='word_1_482' title='bbox 3451 1988 3608 2041; x_wconf 86' lang='lat' dir='ltr'><strong>argu-</strong></span> 
     </span>
    </p>
   </div>
   <div class='ocr_carea' id='block_1_65' title="bbox 2031 2068 3607 2143">
    <p class='ocr_par' dir='ltr' id='par_1_65' title="bbox 2031 2068 3607 2143">
     <span class='ocr_line' id='line_1_65' title="bbox 2031 2068 3607 2143; baseline -0.008 -15"><span class='ocrx_word' id='word_1_483' title='bbox 2031 2082 2341 2129; x_wconf 88' lang='lat' dir='ltr'><strong>mentorum</strong></span> <span class='ocrx_word' id='word_1_484' title='bbox 2364 2074 2522 2143; x_wconf 91' lang='lat' dir='ltr'><strong>copia</strong></span> <span class='ocrx_word' id='word_1_485' title='bbox 2546 2072 2823 2142; x_wconf 86' lang='lat' dir='ltr'><strong>suppetit?</strong></span> <span class='ocrx_word' id='word_1_486' title='bbox 2855 2070 2963 2126; x_wconf 90' lang='lat' dir='ltr'><strong>Sed</strong></span> <span class='ocrx_word' id='word_1_487' title='bbox 3003 2085 3071 2124; x_wconf 90' lang='lat' dir='ltr'><strong>ne</strong></span> <span class='ocrx_word' id='word_1_488' title='bbox 3104 2068 3320 2137; x_wconf 82' lang='lat' dir='ltr'><strong>longius</strong></span> <span class='ocrx_word' id='word_1_489' title='bbox 3349 2071 3607 2121; x_wconf 82' lang='lat' dir='ltr'><strong>excurrat</strong></span> 
     </span>
    </p>
   </div>
   <div class='ocr_carea' id='block_1_66' title="bbox 2029 2158 3608 2235">
    <p class='ocr_par' dir='ltr' id='par_1_66' title="bbox 2029 2158 3608 2235">
     <span class='ocr_line' id='line_1_66' title="bbox 2029 2158 3608 2235; baseline -0.007 -15"><span class='ocrx_word' id='word_1_490' title='bbox 2029 2168 2228 2230; x_wconf 85' lang='lat' dir='ltr'><strong>oratio,</strong></span> <span class='ocrx_word' id='word_1_491' title='bbox 2266 2166 2331 2219; x_wconf 91' lang='lat' dir='ltr'><strong>ad</strong></span> <span class='ocrx_word' id='word_1_492' title='bbox 2362 2167 2415 2221; x_wconf 90' lang='lat' dir='ltr'><strong>id</strong></span> <span class='ocrx_word' id='word_1_493' title='bbox 2451 2165 2598 2235; x_wconf 86' lang='lat' dir='ltr'><strong>quod</strong></span> <span class='ocrx_word' id='word_1_494' title='bbox 2638 2164 2795 2218; x_wconf 90' lang='lat' dir='ltr'><strong>initio</strong></span> <span class='ocrx_word' id='word_1_495' title='bbox 2827 2162 3168 2235; x_wconf 88' lang='lat' dir='ltr'><strong>propositum</strong></span> <span class='ocrx_word' id='word_1_496' title='bbox 3214 2167 3331 2215; x_wconf 88' lang='lat' dir='ltr'><strong>erat</strong></span> <span class='ocrx_word' id='word_1_497' title='bbox 3376 2158 3608 2213; x_wconf 88' lang='lat' dir='ltr'><strong>redeuu-</strong></span> 
     </span>
    </p>
   </div>
   <div class='ocr_carea' id='block_1_67' title="bbox 2030 2249 3609 2326">
    <p class='ocr_par' dir='ltr' id='par_1_67' title="bbox 2030 2249 3609 2326">
     <span class='ocr_line' id='line_1_67' title="bbox 2030 2249 3609 2326; baseline -0.008 -13"><span class='ocrx_word' id='word_1_498' title='bbox 2030 2259 2163 2313; x_wconf 89' lang='lat' dir='ltr'><strong>dum</strong></span> <span class='ocrx_word' id='word_1_499' title='bbox 2213 2258 2372 2313; x_wconf 91' lang='lat' dir='ltr'><strong>nobis</strong></span> <span class='ocrx_word' id='word_1_500' title='bbox 2418 2265 2521 2313; x_wconf 89' lang='lat' dir='ltr'><strong>est.</strong></span> <span class='ocrx_word' id='word_1_501' title='bbox 2569 2255 2737 2326; x_wconf 90' lang='lat' dir='ltr'><strong>igitur</strong></span> <span class='ocrx_word' id='word_1_502' title='bbox 2779 2263 3045 2325; x_wconf 91' lang='lat' dir='ltr'><strong>quantum</strong></span> <span class='ocrx_word' id='word_1_503' title='bbox 3078 2269 3142 2307; x_wconf 79' lang='lat' dir='ltr'><strong>ex</strong></span> <span class='ocrx_word' id='word_1_504' title='bbox 3182 2252 3350 2322; x_wconf 88' lang='lat' dir='ltr'><strong>spicis</strong></span> <span class='ocrx_word' id='word_1_505' title='bbox 3384 2249 3517 2312; x_wconf 89' lang='lat' dir='ltr'><strong>illis,</strong></span> <span class='ocrx_word' id='word_1_506' title='bbox 3554 2254 3609 2302; x_wconf 91' lang='lat' dir='ltr'><strong>et</strong></span> 
     </span>
    </p>
   </div>
   <div class='ocr_carea' id='block_1_68' title="bbox 2030 2347 3609 2420">
    <p class='ocr_par' dir='ltr' id='par_1_68' title="bbox 2030 2347 3609 2420">
     <span class='ocr_line' id='line_1_68' title="bbox 2030 2347 3609 2420; baseline -0.008 -14"><span class='ocrx_word' id='word_1_507' title='bbox 2030 2366 2235 2419; x_wconf 89' lang='lat' dir='ltr'><strong>messe,</strong></span> <span class='ocrx_word' id='word_1_508' title='bbox 2272 2366 2335 2406; x_wconf 90' lang='lat' dir='ltr'><strong>ac</strong></span> <span class='ocrx_word' id='word_1_509' title='bbox 2388 2350 2675 2420; x_wconf 87' lang='lat' dir='ltr'><strong>discipulis</strong></span> <span class='ocrx_word' id='word_1_510' title='bbox 2716 2349 2997 2418; x_wconf 84' lang='lat' dir='ltr'><strong>conjicere</strong></span> <span class='ocrx_word' id='word_1_511' title='bbox 3031 2359 3348 2417; x_wconf 88' lang='lat' dir='ltr'><strong>possumus,</strong></span> <span class='ocrx_word' id='word_1_512' title='bbox 3387 2347 3609 2412; x_wconf 84' lang='lat' dir='ltr'><strong>apparet</strong></span> 
     </span>
    </p>
   </div>
   <div class='ocr_carea' id='block_1_69' title="bbox 2030 2432 3609 2509">
    <p class='ocr_par' dir='ltr' id='par_1_69' title="bbox 2030 2432 3609 2509">
     <span class='ocr_line' id='line_1_69' title="bbox 2030 2432 3609 2509; baseline -0.009 -11"><span class='ocrx_word' id='word_1_513' title='bbox 2030 2444 2181 2498; x_wconf 91' lang='lat' dir='ltr'><strong>illam</strong></span> <span class='ocrx_word' id='word_1_514' title='bbox 2208 2441 2460 2509; x_wconf 74' lang='lat' dir='ltr'><strong>Joannis,</strong></span> <span class='ocrx_word' id='word_1_515' title='bbox 2492 2442 2653 2497; x_wconf 67' lang='lat' dir='ltr'><strong>Lucae</strong></span> <span class='ocrx_word' id='word_1_516' title='bbox 2684 2449 3117 2509; x_wconf 65' lang='lat' dir='ltr'><strong>carterorumque</strong></span> <span class='ocrx_word' id='word_1_517' title='bbox 3138 2435 3507 2492; x_wconf 89' lang='lat' dir='ltr'><strong>narrationem</strong></span> <span class='ocrx_word' id='word_1_518' title='bbox 3540 2432 3609 2485; x_wconf 90' lang='lat' dir='ltr'><strong>ad</strong></span> 
     </span>
    </p>
   </div>
   <div class='ocr_carea' id='block_1_70' title="bbox 2032 2528 3609 2602">
    <p class='ocr_par' dir='ltr' id='par_1_70' title="bbox 2032 2528 3609 2602">
     <span class='ocr_line' id='line_1_70' title="bbox 2032 2528 3609 2602; baseline -0.006 -17"><span class='ocrx_word' id='word_1_519' title='bbox 2032 2531 2086 2585; x_wconf 91' lang='lat' dir='ltr'><strong>id</strong></span> <span class='ocrx_word' id='word_1_520' title='bbox 2131 2539 2369 2602; x_wconf 89' lang='lat' dir='ltr'><strong>tempus,</strong></span> <span class='ocrx_word' id='word_1_521' title='bbox 2410 2529 2555 2601; x_wconf 91' lang='lat' dir='ltr'><strong>quod</strong></span> <span class='ocrx_word' id='word_1_522' title='bbox 2596 2531 2810 2585; x_wconf 88' lang='lat' dir='ltr'><strong>dierum</strong></span> <span class='ocrx_word' id='word_1_523' title='bbox 2842 2545 2910 2583; x_wconf 76' lang='lat' dir='ltr'><strong>xi.</strong></span> <span class='ocrx_word' id='word_1_524' title='bbox 2958 2528 3313 2595; x_wconf 75' lang='lat' dir='ltr'><strong>tentationem</strong></span> <span class='ocrx_word' id='word_1_525' title='bbox 3360 2532 3609 2580; x_wconf 91' lang='lat' dir='ltr'><strong>secutum</strong></span> 
     </span>
    </p>
   </div>
   <div class='ocr_carea' id='block_1_71' title="bbox 2029 2622 2688 2685">
    <p class='ocr_par' dir='ltr' id='par_1_71' title="bbox 2029 2622 2688 2685">
     <span class='ocr_line' id='line_1_71' title="bbox 2029 2622 2688 2685; baseline -0.005 -7"><span class='ocrx_word' id='word_1_526' title='bbox 2029 2631 2135 2685; x_wconf 88' lang='lat' dir='ltr'><strong>est,</strong></span> <span class='ocrx_word' id='word_1_527' title='bbox 2170 2639 2293 2678; x_wconf 90' lang='lat' dir='ltr'><strong>esse</strong></span> <span class='ocrx_word' id='word_1_528' title='bbox 2322 2622 2688 2678; x_wconf 83' lang='lat' dir='ltr'><strong>referendam.</strong></span> 
     </span>
    </p>
   </div>
   <div class='ocr_carea' id='block_1_72' title="bbox 2101 2705 3608 2783">
    <p class='ocr_par' dir='ltr' id='par_1_72' title="bbox 2101 2705 3608 2783">
     <span class='ocr_line' id='line_1_72' title="bbox 2101 2705 3608 2783; baseline -0.006 -17"><span class='ocrx_word' id='word_1_529' title='bbox 2101 2711 2265 2783; x_wconf 63' lang='grc'><strong>454</strong></span> <span class='ocrx_word' id='word_1_530' title='bbox 2298 2710 2511 2769; x_wconf 76' lang='lat' dir='ltr'><strong>XXXII.</strong></span> <span class='ocrx_word' id='word_1_531' title='bbox 2554 2711 2769 2766; x_wconf 87' lang='lat' dir='ltr'><strong>Atenim</strong></span> <span class='ocrx_word' id='word_1_532' title='bbox 2828 2710 2993 2765; x_wconf 89' lang='lat' dir='ltr'><strong>iidem</strong></span> <span class='ocrx_word' id='word_1_533' title='bbox 3040 2708 3121 2762; x_wconf 90' lang='lat' dir='ltr'><strong>illi</strong></span> <span class='ocrx_word' id='word_1_534' title='bbox 3166 2707 3306 2761; x_wconf 81' lang='lat' dir='ltr'><strong>citra</strong></span> <span class='ocrx_word' id='word_1_535' title='bbox 3343 2705 3608 2776; x_wconf 90' lang='lat' dir='ltr'><strong>pudorem</strong></span> 
     </span>
    </p>
   </div>
   <div class='ocr_carea' id='block_1_73' title="bbox 2033 2797 3608 2866">
    <p class='ocr_par' dir='ltr' id='par_1_73' title="bbox 2033 2797 3608 2866">
     <span class='ocr_line' id='line_1_73' title="bbox 2033 2797 3608 2866; baseline -0.004 -11"><span class='ocrx_word' id='word_1_536' title='bbox 2033 2803 2201 2855; x_wconf 90' lang='lat' dir='ltr'><strong>ullum</strong></span> <span class='ocrx_word' id='word_1_537' title='bbox 2220 2817 2341 2857; x_wconf 89' lang='lat' dir='ltr'><strong>sese</strong></span> <span class='ocrx_word' id='word_1_538' title='bbox 2357 2802 2620 2857; x_wconf 90' lang='lat' dir='ltr'><strong>adversus</strong></span> <span class='ocrx_word' id='word_1_539' title='bbox 2636 2800 2866 2856; x_wconf 86' lang='lat' dir='ltr'><strong>Joannis</strong></span> <span class='ocrx_word' id='word_1_540' title='bbox 2888 2799 3269 2855; x_wconf 86' lang='lat' dir='ltr'><strong>auctoritatem</strong></span> <span class='ocrx_word' id='word_1_541' title='bbox 3293 2797 3608 2866; x_wconf 77' lang='lat' dir='ltr'><strong>accingunt,</strong></span> 
     </span>
    </p>
   </div>
   <div class='ocr_carea' id='block_1_74' title="bbox 2032 2889 3606 2965">
    <p class='ocr_par' dir='ltr' id='par_1_74' title="bbox 2032 2889 3606 2965">
     <span class='ocr_line' id='line_1_74' title="bbox 2032 2889 3606 2965; baseline -0.004 -18"><span class='ocrx_word' id='word_1_542' title='bbox 2032 2900 2086 2947; x_wconf 90' lang='lat' dir='ltr'><strong>et</strong></span> <span class='ocrx_word' id='word_1_543' title='bbox 2116 2893 2170 2946; x_wconf 92' lang='lat' dir='ltr'><strong>id</strong></span> <span class='ocrx_word' id='word_1_544' title='bbox 2201 2908 2370 2947; x_wconf 90' lang='lat' dir='ltr'><strong>unum</strong></span> <span class='ocrx_word' id='word_1_545' title='bbox 2399 2895 2663 2965; x_wconf 81' lang='lat' dir='ltr'><strong>cogitant,</strong></span> <span class='ocrx_word' id='word_1_546' title='bbox 2703 2904 2762 2947; x_wconf 89' lang='lat' dir='ltr'><strong>ut</strong></span> <span class='ocrx_word' id='word_1_547' title='bbox 2794 2892 2978 2962; x_wconf 90' lang='lat' dir='ltr'><strong>aliqua</strong></span> <span class='ocrx_word' id='word_1_548' title='bbox 3012 2907 3079 2945; x_wconf 79' lang='lat' dir='ltr'><strong>ex</strong></span> <span class='ocrx_word' id='word_1_549' title='bbox 3102 2899 3276 2960; x_wconf 87' lang='lat' dir='ltr'><strong>parte,</strong></span> <span class='ocrx_word' id='word_1_550' title='bbox 3299 2890 3347 2944; x_wconf 90' lang='lat' dir='ltr'><strong>si</strong></span> <span class='ocrx_word' id='word_1_551' title='bbox 3369 2889 3606 2960; x_wconf 80' lang='lat' dir='ltr'><strong>possint,</strong></span> 
     </span>
    </p>
   </div>
   <div class='ocr_carea' id='block_1_75' title="bbox 2032 2982 3613 3052">
    <p class='ocr_par' dir='ltr' id='par_1_75' title="bbox 2032 2982 3613 3052">
     <span class='ocr_line' id='line_1_75' title="bbox 2032 2982 3613 3052; baseline 0.001 -20"><span class='ocrx_word' id='word_1_552' title='bbox 2032 2984 2319 3039; x_wconf 85' lang='lat' dir='ltr'><strong>veritatem</strong></span> <span class='ocrx_word' id='word_1_553' title='bbox 2377 2994 2661 3050; x_wconf 80' lang='lat' dir='ltr'><strong>evertant;</strong></span> <span class='ocrx_word' id='word_1_554' title='bbox 2726 2998 2831 3039; x_wconf 88' lang='lat' dir='ltr'><strong>nec</strong></span> <span class='ocrx_word' id='word_1_555' title='bbox 2894 2982 3209 3052; x_wconf 85' lang='lat' dir='ltr'><strong>intelligunt</strong></span> <span class='ocrx_word' id='word_1_556' title='bbox 3270 2988 3465 3035; x_wconf 89' lang='lat' dir='ltr'><strong>contra</strong></span> <span class='ocrx_word' id='word_1_557' title='bbox 3524 2993 3613 3034; x_wconf 82' lang='lat' dir='ltr'><strong>se-</strong></span> 
     </span>
    </p>
   </div>
   <div class='ocr_carea' id='block_1_76' title="bbox 2032 3071 3607 3146">
    <p class='ocr_par' dir='ltr' id='par_1_76' title="bbox 2032 3071 3607 3146">
     <span class='ocr_line' id='line_1_76' title="bbox 2032 3071 3607 3146; baseline -0.004 -16"><span class='ocrx_word' id='word_1_558' title='bbox 2032 3076 2299 3146; x_wconf 88' lang='lat' dir='ltr'><strong>metipsos</strong></span> <span class='ocrx_word' id='word_1_559' title='bbox 2324 3075 2508 3146; x_wconf 87' lang='lat' dir='ltr'><strong>potius</strong></span> <span class='ocrx_word' id='word_1_560' title='bbox 2558 3090 2723 3145; x_wconf 89' lang='lat' dir='ltr'><strong>quam</strong></span> <span class='ocrx_word' id='word_1_561' title='bbox 2753 3082 2945 3130; x_wconf 89' lang='lat' dir='ltr'><strong>contra</strong></span> <span class='ocrx_word' id='word_1_562' title='bbox 2978 3075 3247 3128; x_wconf 88' lang='lat' dir='ltr'><strong>sinceram</strong></span> <span class='ocrx_word' id='word_1_563' title='bbox 3276 3071 3607 3136; x_wconf 89' lang='lat' dir='ltr'><strong>doctrinam,</strong></span> 
     </span>
    </p>
   </div>
   <div class='ocr_carea' id='block_1_77' title="bbox 2032 3162 3613 3239">
    <p class='ocr_par' dir='ltr' id='par_1_77' title="bbox 2032 3162 3613 3239">
     <span class='ocr_line' id='line_1_77' title="bbox 2032 3162 3613 3239; baseline -0.004 -15"><span class='ocrx_word' id='word_1_564' title='bbox 2032 3182 2155 3224; x_wconf 88' lang='lat' dir='ltr'><strong>eam</strong></span> <span class='ocrx_word' id='word_1_565' title='bbox 2211 3184 2270 3224; x_wconf 89' lang='lat' dir='ltr'><strong>se</strong></span> <span class='ocrx_word' id='word_1_566' title='bbox 2329 3169 2792 3239; x_wconf 79' lang='lat' dir='ltr'><strong>oppugnationem</strong></span> <span class='ocrx_word' id='word_1_567' title='bbox 2845 3166 3149 3235; x_wconf 91' lang='lat' dir='ltr'><strong>suscipere.</strong></span> <span class='ocrx_word' id='word_1_568' title='bbox 3201 3164 3406 3219; x_wconf 87' lang='lat' dir='ltr'><strong>Contra</strong></span> <span class='ocrx_word' id='word_1_569' title='bbox 3465 3162 3613 3233; x_wconf 87' lang='lat' dir='ltr'><strong>Apo-</strong></span> 
     </span>
    </p>
   </div>
   <div class='ocr_carea' id='block_1_78' title="bbox 2032 3256 3610 3331">
    <p class='ocr_par' dir='ltr' id='par_1_78' title="bbox 2032 3256 3610 3331">
     <span class='ocr_line' id='line_1_78' title="bbox 2032 3256 3610 3331; baseline -0.002 -16"><span class='ocrx_word' id='word_1_570' title='bbox 2032 3261 2277 3331; x_wconf 85' lang='lat' dir='ltr'><strong>calypsin</strong></span> <span class='ocrx_word' id='word_1_571' title='bbox 2323 3261 2508 3328; x_wconf 88' lang='lat' dir='ltr'><strong>itaque</strong></span> <span class='ocrx_word' id='word_1_572' title='bbox 2555 3276 2618 3315; x_wconf 90' lang='lat' dir='ltr'><strong>ea</strong></span> <span class='ocrx_word' id='word_1_573' title='bbox 2665 3260 2878 3328; x_wconf 88' lang='lat' dir='ltr'><strong>jactare</strong></span> <span class='ocrx_word' id='word_1_574' title='bbox 2910 3274 3009 3329; x_wconf 89' lang='lat' dir='ltr'><strong>per</strong></span> <span class='ocrx_word' id='word_1_575' title='bbox 3051 3256 3350 3311; x_wconf 87' lang='lat' dir='ltr'><strong>ludibrium</strong></span> <span class='ocrx_word' id='word_1_576' title='bbox 3385 3256 3610 3312; x_wconf 87' lang='lat' dir='ltr'><strong>solent:</strong></span> 
     </span>
    </p>
   </div>
   <div class='ocr_carea' id='block_1_79' title="bbox 2032 3349 3609 3423">
    <p class='ocr_par' dir='ltr' id='par_1_79' title="bbox 2032 3349 3609 3423">
     <span class='ocr_line' id='line_1_79' title="bbox 2032 3349 3609 3423; baseline -0.003 -17"><span class='ocrx_word' id='word_1_577' title='bbox 2032 3352 2174 3418; x_wconf 89' lang='lat' dir='ltr'><strong>Quid</strong></span> <span class='ocrx_word' id='word_1_578' title='bbox 2208 3368 2314 3415; x_wconf 90' lang='lat' dir='ltr'><strong>me,</strong></span> <span class='ocrx_word' id='word_1_579' title='bbox 2344 3353 2618 3423; x_wconf 91' lang='lat' dir='ltr'><strong>inquiunt,</strong></span> <span class='ocrx_word' id='word_1_580' title='bbox 2649 3351 2876 3407; x_wconf 89' lang='lat' dir='ltr'><strong>Joannis</strong></span> <span class='ocrx_word' id='word_1_581' title='bbox 2896 3350 3254 3423; x_wconf 85' lang='lat' dir='ltr'><strong>Apocalypsis</strong></span> <span class='ocrx_word' id='word_1_582' title='bbox 3279 3349 3456 3419; x_wconf 87' lang='lat' dir='ltr'><strong>juvat,</strong></span> <span class='ocrx_word' id='word_1_583' title='bbox 3483 3363 3609 3404; x_wconf 89' lang='lat' dir='ltr'><strong>cum</strong></span> 
     </span>
    </p>
   </div>
   <div class='ocr_carea' id='block_1_80' title="bbox 2033 3441 3638 3517">
    <p class='ocr_par' dir='ltr' id='par_1_80' title="bbox 2033 3441 3638 3517">
     <span class='ocr_line' id='line_1_80' title="bbox 2033 3441 3638 3517; baseline -0.002 -18"><span class='ocrx_word' id='word_1_584' title='bbox 2033 3446 2167 3499; x_wconf 88' lang='lat' dir='ltr'><strong>mihi</strong></span> <span class='ocrx_word' id='word_1_585' title='bbox 2190 3454 2383 3513; x_wconf 74' lang='lat' dir='ltr'><strong>septem</strong></span> <span class='ocrx_word' id='word_1_586' title='bbox 2406 3447 2617 3517; x_wconf 78' lang='lat' dir='ltr'><strong>angelos</strong></span> <span class='ocrx_word' id='word_1_587' title='bbox 2646 3445 3126 3515; x_wconf 76' lang='lat' dir='ltr'><strong>totidemquetubas</strong></span> <span class='ocrx_word' id='word_1_588' title='bbox 3143 3448 3537 3499; x_wconf 86' lang='lat' dir='ltr'><strong>commemorat</strong></span> <span class='ocrx_word' id='word_1_589' title='bbox 3559 3441 3638 3495; x_wconf 61' lang='lat'><strong>&#39;?~</strong></span> 
     </span>
    </p>
   </div>
   <div class='ocr_carea' id='block_1_81' title="bbox 2034 3534 3608 3609">
    <p class='ocr_par' dir='ltr' id='par_1_81' title="bbox 2034 3534 3608 3609">
     <span class='ocr_line' id='line_1_81' title="bbox 2034 3534 3608 3609; baseline -0.004 -14"><span class='ocrx_word' id='word_1_590' title='bbox 2034 3539 2141 3595; x_wconf 89' lang='lat' dir='ltr'><strong>Sed</strong></span> <span class='ocrx_word' id='word_1_591' title='bbox 2181 3553 2344 3609; x_wconf 91' lang='lat' dir='ltr'><strong>quam</strong></span> <span class='ocrx_word' id='word_1_592' title='bbox 2390 3538 2505 3593; x_wconf 67' lang='lat' dir='ltr'><strong>iith</strong></span> <span class='ocrx_word' id='word_1_593' title='bbox 2551 3537 2867 3593; x_wconf 87' lang='lat' dir='ltr'><strong>necessaria</strong></span> <span class='ocrx_word' id='word_1_594' title='bbox 2923 3538 3055 3601; x_wconf 84' lang='lat' dir='ltr'><strong>sint,</strong></span> <span class='ocrx_word' id='word_1_595' title='bbox 3109 3543 3488 3606; x_wconf 89' lang='lat' dir='ltr'><strong>quantumque</strong></span> <span class='ocrx_word' id='word_1_596' title='bbox 3539 3534 3608 3588; x_wconf 85' lang='lat' dir='ltr'><strong>ad</strong></span> 
     </span>
    </p>
   </div>
   <div class='ocr_carea' id='block_1_82' title="bbox 2032 3626 3635 3702">
    <p class='ocr_par' dir='ltr' id='par_1_82' title="bbox 2032 3626 3635 3702">
     <span class='ocr_line' id='line_1_82' title="bbox 2032 3626 3635 3702; baseline -0.005 -15"><span class='ocrx_word' id='word_1_597' title='bbox 2032 3632 2334 3687; x_wconf 85' lang='lat' dir='ltr'><strong>Christiani</strong></span> <span class='ocrx_word' id='word_1_598' title='bbox 2366 3631 2641 3702; x_wconf 79' lang='lat' dir='ltr'><strong>dogmatis</strong></span> <span class='ocrx_word' id='word_1_599' title='bbox 2669 3631 3042 3686; x_wconf 88' lang='lat' dir='ltr'><strong>sinceritatem</strong></span> <span class='ocrx_word' id='word_1_600' title='bbox 3087 3628 3392 3690; x_wconf 88' lang='lat' dir='ltr'><strong>conferant,</strong></span> <span class='ocrx_word' id='word_1_601' title='bbox 3423 3626 3608 3681; x_wconf 90' lang='lat' dir='ltr'><strong>miseri</strong></span> <span class='ocrx_word' id='word_1_602' title='bbox 3632 3656 3635 3673; x_wconf 73' lang='grc' dir='ltr'><em>ς</em></span> 
     </span>
    </p>
   </div>
   <div class='ocr_carea' id='block_1_83' title="bbox 2030 3720 3633 3792">
    <p class='ocr_par' dir='ltr' id='par_1_83' title="bbox 2030 3720 3633 3792">
     <span class='ocr_line' id='line_1_83' title="bbox 2030 3720 3633 3792; baseline -0.004 -16"><span class='ocrx_word' id='word_1_603' title='bbox 2030 3722 2285 3777; x_wconf 89' lang='lat' dir='ltr'><strong>homines</strong></span> <span class='ocrx_word' id='word_1_604' title='bbox 2314 3722 2584 3791; x_wconf 90' lang='lat' dir='ltr'><strong>ignorant.</strong></span> <span class='ocrx_word' id='word_1_605' title='bbox 2619 3720 2753 3775; x_wconf 88' lang='lat' dir='ltr'><strong>Nam</strong></span> <span class='ocrx_word' id='word_1_606' title='bbox 2785 3735 3125 3792; x_wconf 63' lang='lat' dir='ltr'><strong>quaecunque</strong></span> <span class='ocrx_word' id='word_1_607' title='bbox 3153 3720 3210 3773; x_wconf 92' lang='lat' dir='ltr'><strong>in</strong></span> <span class='ocrx_word' id='word_1_608' title='bbox 3236 3720 3353 3791; x_wconf 86' lang='lat' dir='ltr'><strong>lege</strong></span> <span class='ocrx_word' id='word_1_609' title='bbox 3382 3731 3445 3771; x_wconf 92' lang='lat' dir='ltr'><strong>ac</strong></span> <span class='ocrx_word' id='word_1_610' title='bbox 3482 3732 3633 3787; x_wconf 87' lang='lat' dir='ltr'><strong>pro--</strong></span> 
     </span>
    </p>
   </div>
   <div class='ocr_carea' id='block_1_84' title="bbox 2033 3809 3613 3881">
    <p class='ocr_par' dir='ltr' id='par_1_84' title="bbox 2033 3809 3613 3881">
     <span class='ocr_line' id='line_1_84' title="bbox 2033 3809 3613 3881; baseline -0.002 -15"><span class='ocrx_word' id='word_1_611' title='bbox 2033 3813 2213 3881; x_wconf 92' lang='lat' dir='ltr'><strong>phetis</strong></span> <span class='ocrx_word' id='word_1_612' title='bbox 2257 3822 2416 3868; x_wconf 84' lang='lat' dir='ltr'><strong>erant</strong></span> <span class='ocrx_word' id='word_1_613' title='bbox 2470 3813 2732 3878; x_wconf 91' lang='lat' dir='ltr'><strong>obscura,</strong></span> <span class='ocrx_word' id='word_1_614' title='bbox 2773 3812 2859 3865; x_wconf 89' lang='lat' dir='ltr'><strong>vel</strong></span> <span class='ocrx_word' id='word_1_615' title='bbox 2910 3813 3260 3881; x_wconf 67' lang='lat' dir='ltr'><strong>aauigmatum</strong></span> <span class='ocrx_word' id='word_1_616' title='bbox 3312 3809 3613 3863; x_wconf 77' lang='lat' dir='ltr'><strong>involucris</strong></span> 
     </span>
    </p>
   </div>
   <div class='ocr_carea' id='block_1_85' title="bbox 2033 3899 3611 3967">
    <p class='ocr_par' dir='ltr' id='par_1_85' title="bbox 2033 3899 3611 3967">
     <span class='ocr_line' id='line_1_85' title="bbox 2033 3899 3611 3967; baseline -0.002 -12"><span class='ocrx_word' id='word_1_617' title='bbox 2033 3902 2289 3967; x_wconf 86' lang='lat' dir='ltr'><strong>obducta,</strong></span> <span class='ocrx_word' id='word_1_618' title='bbox 2342 3903 2459 3957; x_wconf 64' lang='lat' dir='ltr'><strong>haec</strong></span> <span class='ocrx_word' id='word_1_619' title='bbox 2521 3903 2587 3955; x_wconf 90' lang='lat' dir='ltr'><strong>ad</strong></span> <span class='ocrx_word' id='word_1_620' title='bbox 2650 3916 2999 3956; x_wconf 90' lang='lat' dir='ltr'><strong>communem</strong></span> <span class='ocrx_word' id='word_1_621' title='bbox 3055 3907 3304 3955; x_wconf 88' lang='lat' dir='ltr'><strong>nostrum</strong></span> <span class='ocrx_word' id='word_1_622' title='bbox 3365 3899 3611 3953; x_wconf 89' lang='lat' dir='ltr'><strong>omnium</strong></span> 
     </span>
    </p>
   </div>
   <div class='ocr_carea' id='block_1_86' title="bbox 2032 3991 3631 4063">
    <p class='ocr_par' dir='ltr' id='par_1_86' title="bbox 2032 3991 3631 4063">
     <span class='ocr_line' id='line_1_86' title="bbox 2032 3991 3631 4063; baseline -0.005 -14"><span class='ocrx_word' id='word_1_623' title='bbox 2032 3994 2266 4049; x_wconf 85' lang='lat' dir='ltr'><strong>salutem</strong></span> <span class='ocrx_word' id='word_1_624' title='bbox 2301 3993 2445 4049; x_wconf 84' lang='lat' dir='ltr'><strong>Deus</strong></span> <span class='ocrx_word' id='word_1_625' title='bbox 2474 4009 2634 4049; x_wconf 85' lang='lat' dir='ltr'><strong>servo</strong></span> <span class='ocrx_word' id='word_1_626' title='bbox 2662 4008 2762 4049; x_wconf 91' lang='lat' dir='ltr'><strong>suo</strong></span> <span class='ocrx_word' id='word_1_627' title='bbox 2799 3991 3041 4047; x_wconf 71' lang='lat' dir='ltr'><strong>Joanni&quot;</strong></span> <span class='ocrx_word' id='word_1_628' title='bbox 3084 3992 3349 4063; x_wconf 78' lang='lat' dir='ltr'><strong>singulari</strong></span> <span class='ocrx_word' id='word_1_629' title='bbox 3374 3991 3631 4061; x_wconf 38' lang='lat' dir='ltr'><strong>quadam.</strong></span> 
     </span>
    </p>
   </div>
   <div class='ocr_carea' id='block_1_87' title="bbox 2033 4078 3630 4154">
    <p class='ocr_par' dir='ltr' id='par_1_87' title="bbox 2033 4078 3630 4154">
     <span class='ocr_line' id='line_1_87' title="bbox 2033 4078 3630 4154; baseline -0.002 -18"><span class='ocrx_word' id='word_1_630' title='bbox 2033 4083 2384 4154; x_wconf 85' lang='lat' dir='ltr'><strong>providentia</strong></span> <span class='ocrx_word' id='word_1_631' title='bbox 2412 4085 2667 4154; x_wconf 79' lang='lat' dir='ltr'><strong>detegere</strong></span> <span class='ocrx_word' id='word_1_632' title='bbox 2704 4083 2898 4143; x_wconf 87' lang='lat' dir='ltr'><strong>voluit,</strong></span> <span class='ocrx_word' id='word_1_633' title='bbox 2941 4089 3003 4135; x_wconf 93' lang='lat' dir='ltr'><strong>ut</strong></span> <span class='ocrx_word' id='word_1_634' title='bbox 3031 4096 3153 4151; x_wconf 60' lang='lat' dir='ltr'><strong>quae</strong></span> <span class='ocrx_word' id='word_1_635' title='bbox 3180 4080 3469 4136; x_wconf 87' lang='lat' dir='ltr'><strong>tenebrosa</strong></span> <span class='ocrx_word' id='word_1_636' title='bbox 3495 4078 3630 4133; x_wconf 84' lang='lat' dir='ltr'><strong>illic~</strong></span> 
     </span>
    </p>
   </div>
   <div class='ocr_carea' id='block_1_88' title="bbox 2032 4168 3611 4239">
    <p class='ocr_par' dir='ltr' id='par_1_88' title="bbox 2032 4168 3611 4239">
     <span class='ocr_line' id='line_1_88' title="bbox 2032 4168 3611 4239; baseline -0.004 -11"><span class='ocrx_word' id='word_1_637' title='bbox 2032 4182 2191 4229; x_wconf 89' lang='lat' dir='ltr'><strong>erant</strong></span> <span class='ocrx_word' id='word_1_638' title='bbox 2253 4180 2309 4226; x_wconf 91' lang='lat' dir='ltr'><strong>et</strong></span> <span class='ocrx_word' id='word_1_639' title='bbox 2364 4172 2572 4235; x_wconf 85' lang='lat' dir='ltr'><strong>abdita,</strong></span> <span class='ocrx_word' id='word_1_640' title='bbox 2624 4171 2717 4225; x_wconf 89' lang='lat' dir='ltr'><strong>hic</strong></span> <span class='ocrx_word' id='word_1_641' title='bbox 2769 4169 3073 4239; x_wconf 75' lang='lat' dir='ltr'><strong>Spiritalem</strong></span> <span class='ocrx_word' id='word_1_642' title='bbox 3109 4183 3175 4222; x_wconf 89' lang='lat' dir='ltr'><strong>ac</strong></span> <span class='ocrx_word' id='word_1_643' title='bbox 3223 4168 3513 4223; x_wconf 87' lang='lat' dir='ltr'><strong>clariorem</strong></span> <span class='ocrx_word' id='word_1_644' title='bbox 3552 4168 3611 4222; x_wconf 91' lang='lat' dir='ltr'><strong>in</strong></span> 
     </span>
    </p>
   </div>
   <div class='ocr_carea' id='block_1_89' title="bbox 2033 4258 3629 4332">
    <p class='ocr_par' dir='ltr' id='par_1_89' title="bbox 2033 4258 3629 4332">
     <span class='ocr_line' id='line_1_89' title="bbox 2033 4258 3629 4332; baseline -0.001 -15"><span class='ocrx_word' id='word_1_645' title='bbox 2033 4263 2257 4318; x_wconf 86' lang='lat' dir='ltr'><strong>modum</strong></span> <span class='ocrx_word' id='word_1_646' title='bbox 2299 4263 2637 4317; x_wconf 89' lang='lat' dir='ltr'><strong>conformata</strong></span> <span class='ocrx_word' id='word_1_647' title='bbox 2685 4267 3037 4332; x_wconf 84' lang='lat' dir='ltr'><strong>prOponeret.</strong></span> <span class='ocrx_word' id='word_1_648' title='bbox 3089 4258 3367 4330; x_wconf 84' lang='lat' dir='ltr'><strong>Siquidem</strong></span> <span class='ocrx_word' id='word_1_649' title='bbox 3397 4270 3629 4315; x_wconf 84' lang='lat' dir='ltr'><strong>veteres-</strong></span> 
     </span>
    </p>
   </div>
   <div class='ocr_carea' id='block_1_90' title="bbox 2034 4352 3610 4425">
    <p class='ocr_par' dir='ltr' id='par_1_90' title="bbox 2034 4352 3610 4425">
     <span class='ocr_line' id='line_1_90' title="bbox 2034 4352 3610 4425; baseline -0.001 -16"><span class='ocrx_word' id='word_1_650' title='bbox 2034 4356 2141 4411; x_wconf 65' lang='lat' dir='ltr'><strong>illae</strong></span> <span class='ocrx_word' id='word_1_651' title='bbox 2192 4371 2384 4410; x_wconf 87' lang='lat' dir='ltr'><strong>omnes</strong></span> <span class='ocrx_word' id='word_1_652' title='bbox 2431 4355 2700 4425; x_wconf 87' lang='lat' dir='ltr'><strong>imagines</strong></span> <span class='ocrx_word' id='word_1_653' title='bbox 2756 4360 2981 4424; x_wconf 89' lang='lat' dir='ltr'><strong>propter</strong></span> <span class='ocrx_word' id='word_1_654' title='bbox 3038 4368 3141 4407; x_wconf 93' lang='lat' dir='ltr'><strong>nos</strong></span> <span class='ocrx_word' id='word_1_655' title='bbox 3188 4352 3418 4423; x_wconf 88' lang='lat' dir='ltr'><strong>spiritali</strong></span> <span class='ocrx_word' id='word_1_656' title='bbox 3449 4353 3610 4422; x_wconf 86' lang='lat' dir='ltr'><strong>plane</strong></span> 
     </span>
    </p>
   </div>
   <div class='ocr_carea' id='block_1_91' title="bbox 2034 4443 3625 4516">
    <p class='ocr_par' dir='ltr' id='par_1_91' title="bbox 2034 4443 3625 4516">
     <span class='ocr_line' id='line_1_91' title="bbox 2034 4443 3625 4516; baseline -0.001 -17"><span class='ocrx_word' id='word_1_657' title='bbox 2034 4455 2163 4501; x_wconf 90' lang='lat' dir='ltr'><strong>sunt</strong></span> <span class='ocrx_word' id='word_1_658' title='bbox 2206 4448 2420 4502; x_wconf 87' lang='lat' dir='ltr'><strong>ratione</strong></span> <span class='ocrx_word' id='word_1_659' title='bbox 2479 4446 2778 4515; x_wconf 63' lang='lat' dir='ltr'><strong>dispositae.</strong></span> <span class='ocrx_word' id='word_1_660' title='bbox 2820 4443 2981 4500; x_wconf 84' lang='lat' dir='ltr'><strong>Velut</strong></span> <span class='ocrx_word' id='word_1_661' title='bbox 3023 4445 3167 4516; x_wconf 88' lang='lat' dir='ltr'><strong>quod</strong></span> <span class='ocrx_word' id='word_1_662' title='bbox 3211 4443 3625 4499; x_wconf 35' lang='lat' dir='ltr'><strong>tabernaculum?</strong></span> 
     </span>
    </p>
   </div>
   <div class='ocr_carea' id='block_1_92' title="bbox 349 4536 1928 4625">
    <p class='ocr_par' dir='ltr' id='par_1_92' title="bbox 349 4538 1928 4614">
     <span class='ocr_line' id='line_1_92' title="bbox 349 4538 1928 4614; baseline 0.002 -23"><span class='ocrx_word' id='word_1_663' title='bbox 349 4557 437 4591; x_wconf 84' lang='grc' dir='ltr'><strong>ται</strong></span> <span class='ocrx_word' id='word_1_664' title='bbox 480 4539 670 4608; x_wconf 84' lang='grc' dir='ltr'>νεκρὸν</span> <span class='ocrx_word' id='word_1_665' title='bbox 712 4538 792 4595; x_wconf 85' lang='grc' dir='ltr'>ὃν.</span> <span class='ocrx_word' id='word_1_666' title='bbox 838 4538 912 4603; x_wconf 84' lang='grc' dir='ltr'>ὡς</span> <span class='ocrx_word' id='word_1_667' title='bbox 959 4539 1088 4593; x_wconf 85' lang='grc' dir='ltr'>σκιὰ</span> <span class='ocrx_word' id='word_1_668' title='bbox 1125 4539 1370 4610; x_wconf 88' lang='grc' dir='ltr'>σώματος</span> <span class='ocrx_word' id='word_1_669' title='bbox 1404 4538 1627 4604; x_wconf 77' lang='grc' dir='ltr'>ζῶντος,</span> <span class='ocrx_word' id='word_1_670' title='bbox 1665 4542 1749 4594; x_wconf 84' lang='grc' dir='ltr'><strong>ἴνα</strong></span> <span class='ocrx_word' id='word_1_671' title='bbox 1783 4542 1928 4614; x_wconf 77' lang='grc' dir='ltr'>δείξῃ</span> 
     </span>
    </p>
   </div>
   <div class='ocr_carea' id='block_1_93' title="bbox 2030 4536 3610 4625">
    <p class='ocr_par' dir='ltr' id='par_1_93' title="bbox 2032 4536 3610 4609">
     <span class='ocr_line' id='line_1_93' title="bbox 2032 4536 3610 4609; baseline -0.002 -17"><span class='ocrx_word' id='word_1_672' title='bbox 2032 4556 2097 4592; x_wconf 80' lang='lat' dir='ltr'><strong>ea:</strong></span> <span class='ocrx_word' id='word_1_673' title='bbox 2126 4540 2411 4592; x_wconf 79' lang='lat' dir='ltr'><strong>rubricatis</strong></span> <span class='ocrx_word' id='word_1_674' title='bbox 2443 4549 2491 4591; x_wconf 87' lang='lat' dir='ltr'><strong>et</strong></span> <span class='ocrx_word' id='word_1_675' title='bbox 2517 4538 2876 4609; x_wconf 78' lang='lat' dir='ltr'><strong>hyacinthinis</strong></span> <span class='ocrx_word' id='word_1_676' title='bbox 2910 4536 3135 4606; x_wconf 81' lang='lat' dir='ltr'><strong>pellibus</strong></span> <span class='ocrx_word' id='word_1_677' title='bbox 3171 4543 3610 4607; x_wconf 82' lang='lat' dir='ltr'><strong>coagmentatum</strong></span> 
     </span>
    </p>
   </div>
   <div class='ocr_carea' id='block_1_94' title="bbox 352 4627 1928 4705">
    <p class='ocr_par' dir='ltr' id='par_1_94' title="bbox 352 4627 1928 4705">
     <span class='ocr_line' id='line_1_94' title="bbox 352 4627 1928 4705; baseline 0.003 -22"><span class='ocrx_word' id='word_1_678' title='bbox 352 4630 579 4701; x_wconf 85' lang='grc' dir='ltr'>σώματα</span> <span class='ocrx_word' id='word_1_679' title='bbox 606 4627 745 4684; x_wconf 83' lang='grc' dir='ltr'>εἶναι</span> <span class='ocrx_word' id='word_1_680' title='bbox 786 4630 884 4701; x_wconf 80' lang='grc' dir='ltr'>τὴν</span> <span class='ocrx_word' id='word_1_681' title='bbox 922 4632 1127 4704; x_wconf 78' lang='grc' dir='ltr'>σκηνὴν</span> <span class='ocrx_word' id='word_1_682' title='bbox 1154 4632 1246 4687; x_wconf 89' lang='grc' dir='ltr'><strong>τοῦ</strong></span> <span class='ocrx_word' id='word_1_683' title='bbox 1290 4632 1445 4685; x_wconf 85' lang='grc' dir='ltr'>Θεοῦ.</span> <span class='ocrx_word' id='word_1_684' title='bbox 1484 4633 1699 4705; x_wconf 81' lang='grc' dir='ltr'>Ἐπειδὴ</span> <span class='ocrx_word' id='word_1_685' title='bbox 1732 4634 1838 4705; x_wconf 83' lang='grc' dir='ltr'><strong>γὰρ</strong></span> <span class='ocrx_word' id='word_1_686' title='bbox 1871 4636 1928 4687; x_wconf 80' lang='grc' dir='ltr'><strong>ἐν</strong></span> 
     </span>
    </p>
   </div>
   <div class='ocr_carea' id='block_1_95' title="bbox 2030 4627 3612 4705">
    <p class='ocr_par' dir='ltr' id='par_1_95' title="bbox 2034 4629 3612 4702">
     <span class='ocr_line' id='line_1_95' title="bbox 2034 4629 3612 4702; baseline -0.002 -17"><span class='ocrx_word' id='word_1_687' title='bbox 2034 4632 2265 4702; x_wconf 81' lang='lat' dir='ltr'><strong>legimus</strong></span> <span class='ocrx_word' id='word_1_688' title='bbox 2294 4632 2338 4697; x_wconf 78' lang='grc'><strong>⁸,</strong></span> <span class='ocrx_word' id='word_1_689' title='bbox 2366 4646 2429 4685; x_wconf 92' lang='lat' dir='ltr'><strong>ac</strong></span> <span class='ocrx_word' id='word_1_690' title='bbox 2455 4630 2501 4687; x_wconf 93' lang='lat' dir='ltr'><strong>si</strong></span> <span class='ocrx_word' id='word_1_691' title='bbox 2535 4646 2642 4700; x_wconf 92' lang='lat' dir='ltr'><strong>qua</strong></span> <span class='ocrx_word' id='word_1_692' title='bbox 2672 4636 2803 4687; x_wconf 87' lang='lat' dir='ltr'><strong>sunt</strong></span> <span class='ocrx_word' id='word_1_693' title='bbox 2832 4630 2953 4699; x_wconf 89' lang='lat' dir='ltr'><strong>ejus</strong></span> <span class='ocrx_word' id='word_1_694' title='bbox 2990 4630 3205 4701; x_wconf 83' lang='lat' dir='ltr'><strong>generis</strong></span> <span class='ocrx_word' id='word_1_695' title='bbox 3230 4629 3360 4694; x_wconf 86' lang='lat' dir='ltr'><strong>alia,</strong></span> <span class='ocrx_word' id='word_1_696' title='bbox 3392 4644 3458 4683; x_wconf 88' lang='lat' dir='ltr'><strong>eo</strong></span> <span class='ocrx_word' id='word_1_697' title='bbox 3486 4643 3612 4698; x_wconf 91' lang='lat' dir='ltr'><strong>per-</strong></span> 
     </span>
    </p>
   </div>
   <div class='ocr_carea' id='block_1_96' title="bbox 353 4723 1927 4799">
    <p class='ocr_par' dir='ltr' id='par_1_96' title="bbox 353 4723 1927 4799">
     <span class='ocr_line' id='line_1_96' title="bbox 353 4723 1927 4799; baseline 0.003 -24"><span class='ocrx_word' id='word_1_698' title='bbox 353 4723 597 4793; x_wconf 84' lang='grc' dir='ltr'>σώμασιν</span> <span class='ocrx_word' id='word_1_699' title='bbox 632 4723 804 4791; x_wconf 86' lang='grc' dir='ltr'>ἁγίοις</span> <span class='ocrx_word' id='word_1_700' title='bbox 832 4730 1164 4795; x_wconf 88' lang='grc' dir='ltr'>κατασκηνοί</span> <span class='ocrx_word' id='word_1_701' title='bbox 1189 4728 1217 4778; x_wconf 87' lang='grc' dir='ltr'><strong>ό</strong></span> <span class='ocrx_word' id='word_1_702' title='bbox 1244 4725 1394 4790; x_wconf 79' lang='grc' dir='ltr'>Θεὸς,</span> <span class='ocrx_word' id='word_1_703' title='bbox 1424 4727 1799 4799; x_wconf 82' lang='grc' dir='ltr'>πληρουμένου</span> <span class='ocrx_word' id='word_1_704' title='bbox 1832 4726 1927 4779; x_wconf 87' lang='grc' dir='ltr'><strong>τοῦ</strong></span> 
     </span>
    </p>
   </div>
   <div class='ocr_carea' id='block_1_97' title="bbox 354 4814 1929 4887">
    <p class='ocr_par' dir='ltr' id='par_1_97' title="bbox 354 4814 1929 4887">
     <span class='ocr_line' id='line_1_97' title="bbox 354 4814 1929 4887; baseline 0.001 -20"><span class='ocrx_word' id='word_1_705' title='bbox 354 4815 539 4886; x_wconf 75' lang='grc' dir='ltr'>ῥητοῦ,</span> <span class='ocrx_word' id='word_1_706' title='bbox 588 4816 667 4869; x_wconf 82' lang='grc' dir='ltr'><strong>ὅτι</strong></span> <span class='ocrx_word' id='word_1_707' title='bbox 708 4814 1166 4883; x_wconf 78' lang='grc' dir='ltr'>Κατασκηνώσω</span> <span class='ocrx_word' id='word_1_708' title='bbox 1204 4818 1275 4871; x_wconf 79' lang='grc' dir='ltr'><strong>ἐν</strong></span> <span class='ocrx_word' id='word_1_709' title='bbox 1302 4818 1528 4884; x_wconf 82' lang='grc' dir='ltr'>αὐτοῖς,</span> <span class='ocrx_word' id='word_1_710' title='bbox 1563 4816 1661 4871; x_wconf 76' lang='grc' dir='ltr'><strong>καί</strong></span> <span class='ocrx_word' id='word_1_711' title='bbox 1692 4818 1929 4887; x_wconf 75' lang='grc' dir='ltr'>ἐμπερι-</span> 
     </span>
    </p>
   </div>
   <div class='ocr_carea' id='block_1_98' title="bbox 350 4922 616 4970">
    <p class='ocr_par' dir='ltr' id='par_1_98' title="bbox 350 4922 616 4970">
     <span class='ocr_line' id='line_1_98' title="bbox 350 4922 616 4970; baseline -0.015 -7"><span class='ocrx_word' id='word_1_712' title='bbox 350 4922 616 4970; x_wconf 65' lang='lat' dir='ltr'><strong>ﬂamma.</strong></span> 
     </span>
    </p>
   </div>
   <div class='ocr_carea' id='block_1_99' title="bbox 2036 4720 3610 4791">
    <p class='ocr_par' dir='ltr' id='par_1_99' title="bbox 2036 4720 3610 4791">
     <span class='ocr_line' id='line_1_99' title="bbox 2036 4720 3610 4791; baseline 0 -15"><span class='ocrx_word' id='word_1_713' title='bbox 2036 4724 2231 4785; x_wconf 88' lang='lat' dir='ltr'><strong>tinent,</strong></span> <span class='ocrx_word' id='word_1_714' title='bbox 2282 4730 2343 4775; x_wconf 89' lang='lat' dir='ltr'><strong>ut</strong></span> <span class='ocrx_word' id='word_1_715' title='bbox 2396 4722 2451 4777; x_wconf 88' lang='lat' dir='ltr'><strong>in</strong></span> <span class='ocrx_word' id='word_1_716' title='bbox 2504 4722 2670 4791; x_wconf 86' lang='lat' dir='ltr'><strong>hujus</strong></span> <span class='ocrx_word' id='word_1_717' title='bbox 2708 4720 3122 4779; x_wconf 85' lang='lat' dir='ltr'><strong>tabernaculum</strong></span> <span class='ocrx_word' id='word_1_718' title='bbox 3165 4729 3455 4777; x_wconf 87' lang='lat' dir='ltr'><strong>venturum</strong></span> <span class='ocrx_word' id='word_1_719' title='bbox 3485 4734 3610 4776; x_wconf 82' lang='lat' dir='ltr'><strong>esse</strong></span> 
     </span>
    </p>
   </div>
   <div class='ocr_carea' id='block_1_100' title="bbox 2034 4812 3612 4885">
    <p class='ocr_par' dir='ltr' id='par_1_100' title="bbox 2034 4812 3612 4885">
     <span class='ocr_line' id='line_1_100' title="bbox 2034 4812 3612 4885; baseline -0.001 -16"><span class='ocrx_word' id='word_1_720' title='bbox 2034 4823 2386 4869; x_wconf 88' lang='lat' dir='ltr'><strong>monstraret.</strong></span> <span class='ocrx_word' id='word_1_721' title='bbox 2429 4812 2597 4870; x_wconf 90' lang='lat' dir='ltr'><strong>Pellis</strong></span> <span class='ocrx_word' id='word_1_722' title='bbox 2633 4814 2836 4885; x_wconf 88' lang='lat' dir='ltr'><strong>quippe</strong></span> <span class='ocrx_word' id='word_1_723' title='bbox 2862 4815 3097 4869; x_wconf 89' lang='lat' dir='ltr'><strong>mortuis</strong></span> <span class='ocrx_word' id='word_1_724' title='bbox 3142 4814 3469 4885; x_wconf 88' lang='lat' dir='ltr'><strong>corporibus</strong></span> <span class='ocrx_word' id='word_1_725' title='bbox 3523 4812 3612 4867; x_wconf 88' lang='lat' dir='ltr'><strong>de-</strong></span> 
     </span>
    </p>
   </div>
   <div class='ocr_carea' id='block_1_101' title="bbox 2036 4905 3609 4977">
    <p class='ocr_par' dir='ltr' id='par_1_101' title="bbox 2036 4905 3609 4977">
     <span class='ocr_line' id='line_1_101' title="bbox 2036 4905 3609 4977; baseline -0.001 -16"><span class='ocrx_word' id='word_1_726' title='bbox 2036 4907 2296 4973; x_wconf 87' lang='lat' dir='ltr'><strong>trahitur,</strong></span> <span class='ocrx_word' id='word_1_727' title='bbox 2335 4922 2399 4962; x_wconf 92' lang='lat' dir='ltr'><strong>ac</strong></span> <span class='ocrx_word' id='word_1_728' title='bbox 2453 4907 2535 4962; x_wconf 92' lang='lat' dir='ltr'><strong>sic</strong></span> <span class='ocrx_word' id='word_1_729' title='bbox 2586 4914 2846 4977; x_wconf 89' lang='lat' dir='ltr'><strong>tanquam</strong></span> <span class='ocrx_word' id='word_1_730' title='bbox 2901 4907 3149 4964; x_wconf 83' lang='lat' dir='ltr'><strong>vivorum</strong></span> <span class='ocrx_word' id='word_1_731' title='bbox 3199 4905 3395 4961; x_wconf 87' lang='lat' dir='ltr'><strong>umbra</strong></span> <span class='ocrx_word' id='word_1_732' title='bbox 3423 4919 3609 4961; x_wconf 89' lang='lat' dir='ltr'><strong>comes</strong></span> 
     </span>
    </p>
   </div>
   <div class='ocr_carea' id='block_1_102' title="bbox 352 4994 3609 5069">
    <p class='ocr_par' dir='ltr' id='par_1_102' title="bbox 352 4994 3609 5069">
     <span class='ocr_line' id='line_1_102' title="bbox 352 4994 3609 5069; baseline -0.001 -15"><span class='ocrx_word' id='word_1_733' title='bbox 352 5008 453 5054; x_wconf 88' lang='lat' dir='ltr'><strong>est.</strong></span> <span class='ocrx_word' id='word_1_734' title='bbox 489 4997 545 5052; x_wconf 92' lang='lat' dir='ltr'><strong>lu</strong></span> <span class='ocrx_word' id='word_1_735' title='bbox 578 5014 687 5068; x_wconf 93' lang='lat' dir='ltr'><strong>quo</strong></span> <span class='ocrx_word' id='word_1_736' title='bbox 728 5013 958 5069; x_wconf 86' lang='lat' dir='ltr'><strong>corpora</strong></span> <span class='ocrx_word' id='word_1_737' title='bbox 1017 5010 1201 5054; x_wconf 84' lang='lat' dir='ltr'><strong>nostra</strong></span> <span class='ocrx_word' id='word_1_738' title='bbox 1256 5001 1350 5055; x_wconf 78' lang='lat' dir='ltr'><strong>Dei</strong></span> <span class='ocrx_word' id='word_1_739' title='bbox 1392 5017 1516 5056; x_wconf 89' lang='lat' dir='ltr'><strong>esse</strong></span> <span class='ocrx_word' id='word_1_740' title='bbox 1584 5001 2000 5055; x_wconf 84' lang='lat' dir='ltr'><strong>tabernaculum</strong></span> <span class='ocrx_word' id='word_1_741' title='bbox 2038 5000 2302 5054; x_wconf 89' lang='lat' dir='ltr'><strong>declarat.</strong></span> <span class='ocrx_word' id='word_1_742' title='bbox 2356 4998 2492 5053; x_wconf 85' lang='lat' dir='ltr'><strong>Cum</strong></span> <span class='ocrx_word' id='word_1_743' title='bbox 2535 4999 2794 5053; x_wconf 88' lang='lat' dir='ltr'><strong>nimirum</strong></span> <span class='ocrx_word' id='word_1_744' title='bbox 2837 4999 2892 5052; x_wconf 93' lang='lat' dir='ltr'><strong>in</strong></span> <span class='ocrx_word' id='word_1_745' title='bbox 2931 5007 3247 5054; x_wconf 90' lang='lat' dir='ltr'><strong>sanctorum</strong></span> <span class='ocrx_word' id='word_1_746' title='bbox 3283 4994 3609 5068; x_wconf 86' lang='lat' dir='ltr'><strong>corporibus</strong></span> 
     </span>
    </p>
   </div>
   <div class='ocr_carea' id='block_1_103' title="bbox 353 5090 3027 5165">
    <p class='ocr_par' dir='ltr' id='par_1_103' title="bbox 353 5090 3027 5165">
     <span class='ocr_line' id='line_1_103' title="bbox 353 5090 3027 5165; baseline -0.001 -17"><span class='ocrx_word' id='word_1_747' title='bbox 353 5092 559 5148; x_wconf 68' lang='lat' dir='ltr'><strong>habitet</strong></span> <span class='ocrx_word' id='word_1_748' title='bbox 610 5090 772 5153; x_wconf 81' lang='lat' dir='ltr'><strong>Deus,</strong></span> <span class='ocrx_word' id='word_1_749' title='bbox 820 5108 883 5145; x_wconf 89' lang='lat' dir='ltr'><strong>ac</strong></span> <span class='ocrx_word' id='word_1_750' title='bbox 930 5093 1143 5146; x_wconf 80' lang='lat' dir='ltr'><strong>dictum</strong></span> <span class='ocrx_word' id='word_1_751' title='bbox 1183 5095 1314 5148; x_wconf 89' lang='lat' dir='ltr'><strong>illud</strong></span> <span class='ocrx_word' id='word_1_752' title='bbox 1364 5096 1541 5165; x_wconf 80' lang='lat' dir='ltr'><strong>reipsa</strong></span> <span class='ocrx_word' id='word_1_753' title='bbox 1598 5104 1928 5164; x_wconf 65' lang='lat' dir='ltr'><strong>praestetur:</strong></span> <span class='ocrx_word' id='word_1_754' title='bbox 1968 5093 2237 5147; x_wconf 80' lang='lat' dir='ltr'><strong>Ilabitabo</strong></span> <span class='ocrx_word' id='word_1_755' title='bbox 2269 5094 2321 5146; x_wconf 85' lang='lat' dir='ltr'><strong>in</strong></span> <span class='ocrx_word' id='word_1_756' title='bbox 2355 5093 2487 5155; x_wconf 65' lang='lat' dir='ltr'><strong>illis,</strong></span> <span class='ocrx_word' id='word_1_757' title='bbox 2522 5103 2571 5147; x_wconf 86' lang='lat' dir='ltr'><strong>et</strong></span> <span class='ocrx_word' id='word_1_758' title='bbox 2609 5092 2954 5146; x_wconf 79' lang='lat' dir='ltr'><strong>inambulabo</strong></span> <span class='ocrx_word' id='word_1_759' title='bbox 2985 5092 3027 5165; x_wconf 56' lang='grc' dir='ltr'>ξ.</span> 
     </span>
    </p>
   </div>
   <div class='ocr_carea' id='block_1_104' title="bbox 424 5183 1937 5265">
    <p class='ocr_par' dir='ltr' id='par_1_104' title="bbox 424 5183 1937 5265">
     <span class='ocr_line' id='line_1_104' title="bbox 424 5183 1937 5265; baseline 0.003 -26"><span class='ocrx_word' id='word_1_760' title='bbox 424 5186 686 5257; x_wconf 85' lang='grc' dir='ltr'>’Ἐμελλεν</span> <span class='ocrx_word' id='word_1_761' title='bbox 719 5183 810 5239; x_wconf 80' lang='grc' dir='ltr'><strong>οὖν</strong></span> <span class='ocrx_word' id='word_1_762' title='bbox 845 5187 1019 5258; x_wconf 83' lang='grc' dir='ltr'>πλάνη</span> <span class='ocrx_word' id='word_1_763' title='bbox 1045 5206 1128 5251; x_wconf 83' lang='grc' dir='ltr'><strong>τις</strong></span> <span class='ocrx_word' id='word_1_764' title='bbox 1160 5190 1404 5257; x_wconf 87' lang='grc' dir='ltr'>γίνεσθαι</span> <span class='ocrx_word' id='word_1_765' title='bbox 1431 5192 1489 5242; x_wconf 85' lang='grc' dir='ltr'>ὲν</span> <span class='ocrx_word' id='word_1_766' title='bbox 1522 5194 1749 5255; x_wconf 78' lang='grc' dir='ltr'>πιστοῖς,</span> <span class='ocrx_word' id='word_1_767' title='bbox 1782 5194 1827 5244; x_wconf 89' lang='grc' dir='ltr'><strong>εἰ</strong></span> <span class='ocrx_word' id='word_1_768' title='bbox 1856 5192 1937 5265; x_wconf 77' lang='grc' dir='ltr'>μὴ</span> 
     </span>
    </p>
   </div>
   <div class='ocr_carea' id='block_1_105' title="bbox 2109 5162 3609 5257">
    <p class='ocr_par' dir='ltr' id='par_1_105' title="bbox 2109 5162 3609 5257">
     <span class='ocr_line' id='line_1_105' title="bbox 2109 5162 3609 5257; baseline -0.003 -14"><span class='ocrx_word' id='word_1_769' title='bbox 2109 5191 2306 5245; x_wconf 84' lang='lat' dir='ltr'><strong>Verum</strong></span> <span class='ocrx_word' id='word_1_770' title='bbox 2362 5191 2506 5244; x_wconf 88' lang='lat' dir='ltr'><strong>haud</strong></span> <span class='ocrx_word' id='word_1_771' title='bbox 2566 5190 2730 5245; x_wconf 89' lang='lat' dir='ltr'><strong>dubie</strong></span> <span class='ocrx_word' id='word_1_772' title='bbox 2777 5162 3017 5244; x_wconf 70' lang='lat' dir='ltr'><strong>ﬁdelium</strong></span> <span class='ocrx_word' id='word_1_773' title='bbox 3068 5189 3343 5243; x_wconf 90' lang='lat' dir='ltr'><strong>mentibus</strong></span> <span class='ocrx_word' id='word_1_774' title='bbox 3386 5184 3609 5257; x_wconf 83' lang='lat' dir='ltr'><strong>quidam</strong></span> 
     </span>
    </p>
   </div>
   <div class='ocr_carea' id='block_1_106' title="bbox 350 5278 1928 5354">
    <p class='ocr_par' dir='ltr' id='par_1_106' title="bbox 350 5278 1928 5354">
     <span class='ocr_line' id='line_1_106' title="bbox 350 5278 1928 5354; baseline 0.006 -25"><span class='ocrx_word' id='word_1_775' title='bbox 350 5281 382 5350; x_wconf 82' lang='grc' dir='ltr'><strong>ή</strong></span> <span class='ocrx_word' id='word_1_776' title='bbox 424 5278 601 5350; x_wconf 80' lang='grc' dir='ltr'>βίσλος</span> <span class='ocrx_word' id='word_1_777' title='bbox 634 5280 1019 5349; x_wconf 89' lang='grc' dir='ltr'>πνευματικῶς</span> <span class='ocrx_word' id='word_1_778' title='bbox 1044 5283 1176 5351; x_wconf 83' lang='grc' dir='ltr'>ἡμῖν</span> <span class='ocrx_word' id='word_1_779' title='bbox 1205 5282 1564 5354; x_wconf 73' lang='grc' dir='ltr'>ἀπεκαλύφθη</span> <span class='ocrx_word' id='word_1_780' title='bbox 1584 5325 1597 5348; x_wconf 94' lang='grc'><strong>,</strong></span> <span class='ocrx_word' id='word_1_781' title='bbox 1632 5284 1719 5336; x_wconf 82' lang='grc' dir='ltr'>ἵνα</span> <span class='ocrx_word' id='word_1_782' title='bbox 1756 5284 1928 5354; x_wconf 86' lang='grc' dir='ltr'>μάθω-</span> 
     </span>
    </p>
   </div>
   <div class='ocr_carea' id='block_1_107' title="bbox 2030 5278 3612 5354">
    <p class='ocr_par' dir='ltr' id='par_1_107' title="bbox 2032 5281 3612 5353">
     <span class='ocr_line' id='line_1_107' title="bbox 2032 5281 3612 5353; baseline -0.005 -16"><span class='ocrx_word' id='word_1_783' title='bbox 2032 5283 2374 5353; x_wconf 89' lang='lat' dir='ltr'><strong>obrepsisset</strong></span> <span class='ocrx_word' id='word_1_784' title='bbox 2403 5298 2577 5349; x_wconf 86' lang='lat' dir='ltr'><strong>error,</strong></span> <span class='ocrx_word' id='word_1_785' title='bbox 2612 5281 2721 5336; x_wconf 88' lang='lat' dir='ltr'><strong>nisi</strong></span> <span class='ocrx_word' id='word_1_786' title='bbox 2754 5282 3019 5351; x_wconf 88' lang='lat' dir='ltr'><strong>spiritalis</strong></span> <span class='ocrx_word' id='word_1_787' title='bbox 3050 5281 3211 5336; x_wconf 88' lang='lat' dir='ltr'><strong>nobis</strong></span> <span class='ocrx_word' id='word_1_788' title='bbox 3239 5296 3437 5336; x_wconf 88' lang='lat' dir='ltr'><strong>sensus</strong></span> <span class='ocrx_word' id='word_1_789' title='bbox 3464 5285 3612 5335; x_wconf 90' lang='lat' dir='ltr'><strong>esset</strong></span> 
     </span>
    </p>
   </div>
   <div class='ocr_carea' id='block_1_108' title="bbox 356 5365 1928 5444">
    <p class='ocr_par' dir='ltr' id='par_1_108' title="bbox 356 5365 1928 5442">
     <span class='ocr_line' id='line_1_108' title="bbox 356 5365 1928 5442; baseline 0.003 -21"><span class='ocrx_word' id='word_1_790' title='bbox 356 5388 455 5442; x_wconf 90' lang='grc' dir='ltr'><strong>μεν</strong></span> <span class='ocrx_word' id='word_1_791' title='bbox 495 5369 568 5439; x_wconf 86' lang='grc' dir='ltr'>μὴ</span> <span class='ocrx_word' id='word_1_792' title='bbox 614 5368 928 5438; x_wconf 84' lang='grc' dir='ltr'>σαλπίγγων</span> <span class='ocrx_word' id='word_1_793' title='bbox 975 5365 1112 5424; x_wconf 84' lang='grc' dir='ltr'>εἶναι</span> <span class='ocrx_word' id='word_1_794' title='bbox 1160 5373 1379 5442; x_wconf 81' lang='grc' dir='ltr'>χρείαν.</span> <span class='ocrx_word' id='word_1_795' title='bbox 1414 5373 1550 5426; x_wconf 84' lang='grc' dir='ltr'>ἀλλὰ</span> <span class='ocrx_word' id='word_1_796' title='bbox 1588 5374 1810 5438; x_wconf 78' lang='grc' dir='ltr'>εἰδέναι,</span> <span class='ocrx_word' id='word_1_797' title='bbox 1847 5376 1928 5427; x_wconf 85' lang='grc' dir='ltr'>ὅτι</span> 
     </span>
    </p>
   </div>
   <div class='ocr_carea' id='block_1_109' title="bbox 2030 5365 3610 5444">
    <p class='ocr_par' dir='ltr' id='par_1_109' title="bbox 2033 5370 3610 5444">
     <span class='ocr_line' id='line_1_109' title="bbox 2033 5370 3610 5444; baseline -0.003 -17"><span class='ocrx_word' id='word_1_798' title='bbox 2033 5374 2183 5428; x_wconf 90' lang='lat' dir='ltr'><strong>illius</strong></span> <span class='ocrx_word' id='word_1_799' title='bbox 2232 5374 2358 5428; x_wconf 92' lang='lat' dir='ltr'><strong>libri</strong></span> <span class='ocrx_word' id='word_1_800' title='bbox 2407 5372 2840 5444; x_wconf 78' lang='lat' dir='ltr'><strong>patefactuszut</strong></span> <span class='ocrx_word' id='word_1_801' title='bbox 2882 5373 3010 5428; x_wconf 87' lang='lat' dir='ltr'><strong>inde</strong></span> <span class='ocrx_word' id='word_1_802' title='bbox 3061 5372 3423 5435; x_wconf 88' lang='lat' dir='ltr'><strong>disceremus,</strong></span> <span class='ocrx_word' id='word_1_803' title='bbox 3473 5370 3610 5425; x_wconf 90' lang='lat' dir='ltr'><strong>nihil</strong></span> 
     </span>
    </p>
   </div>
   <div class='ocr_carea' id='block_1_110' title="bbox 353 5460 1928 5538">
    <p class='ocr_par' dir='ltr' id='par_1_110' title="bbox 353 5460 1928 5535">
     <span class='ocr_line' id='line_1_110' title="bbox 353 5460 1928 5535; baseline 0.004 -24"><span class='ocrx_word' id='word_1_804' title='bbox 353 5460 693 5529; x_wconf 85' lang='grc' dir='ltr'>πνευματική</span> <span class='ocrx_word' id='word_1_805' title='bbox 722 5461 869 5512; x_wconf 75' lang='grc' dir='ltr'>ἐστιν</span> <span class='ocrx_word' id='word_1_806' title='bbox 895 5462 927 5529; x_wconf 91' lang='grc' dir='ltr'><strong>ή</strong></span> <span class='ocrx_word' id='word_1_807' title='bbox 954 5462 1103 5514; x_wconf 80' lang='grc' dir='ltr'>πᾶσα</span> <span class='ocrx_word' id='word_1_808' title='bbox 1128 5461 1222 5513; x_wconf 87' lang='grc' dir='ltr'><strong>τοῦ</strong></span> <span class='ocrx_word' id='word_1_809' title='bbox 1262 5462 1396 5514; x_wconf 85' lang='grc' dir='ltr'>Θεοῦ</span> <span class='ocrx_word' id='word_1_810' title='bbox 1432 5464 1806 5535; x_wconf 86' lang='grc' dir='ltr'>πραγματεία·</span> <span class='ocrx_word' id='word_1_811' title='bbox 1841 5464 1928 5518; x_wconf 80' lang='grc' dir='ltr'><strong>ἵνα</strong></span> 
     </span>
    </p>
   </div>
   <div class='ocr_carea' id='block_1_111' title="bbox 2030 5460 3609 5538">
    <p class='ocr_par' dir='ltr' id='par_1_111' title="bbox 2031 5464 3609 5538">
     <span class='ocr_line' id='line_1_111' title="bbox 2031 5464 3609 5538; baseline 0.001 -19"><span class='ocrx_word' id='word_1_812' title='bbox 2031 5467 2181 5521; x_wconf 86' lang='lat' dir='ltr'><strong>tubis</strong></span> <span class='ocrx_word' id='word_1_813' title='bbox 2209 5466 2331 5522; x_wconf 83' lang='lat' dir='ltr'><strong>istis</strong></span> <span class='ocrx_word' id='word_1_814' title='bbox 2358 5481 2496 5537; x_wconf 90' lang='lat' dir='ltr'><strong>opus</strong></span> <span class='ocrx_word' id='word_1_815' title='bbox 2515 5482 2659 5530; x_wconf 87' lang='lat' dir='ltr'><strong>esse,</strong></span> <span class='ocrx_word' id='word_1_816' title='bbox 2676 5467 2771 5523; x_wconf 89' lang='lat' dir='ltr'><strong>sed</strong></span> <span class='ocrx_word' id='word_1_817' title='bbox 2797 5465 3064 5538; x_wconf 85' lang='lat' dir='ltr'><strong>quidquid</strong></span> <span class='ocrx_word' id='word_1_818' title='bbox 3081 5466 3171 5521; x_wconf 88' lang='lat' dir='ltr'><strong>hic</strong></span> <span class='ocrx_word' id='word_1_819' title='bbox 3194 5465 3414 5521; x_wconf 90' lang='lat' dir='ltr'><strong>molitur</strong></span> <span class='ocrx_word' id='word_1_820' title='bbox 3442 5464 3609 5529; x_wconf 90' lang='lat' dir='ltr'><strong>Deus,</strong></span> 
     </span>
    </p>
   </div>
   <div class='ocr_carea' id='block_1_112' title="bbox 426 5604 2919 5695">
    <p class='ocr_par' dir='ltr' id='par_1_112' title="bbox 426 5604 2919 5695">
     <span class='ocr_line' id='line_1_112' title="bbox 426 5604 2919 5695; baseline 0.003 -24"><span class='ocrx_word' id='word_1_821' title='bbox 426 5618 637 5695; x_wconf 68' lang='lat' dir='ltr'><strong>‘_Deest</strong></span> <span class='ocrx_word' id='word_1_822' title='bbox 666 5620 890 5695; x_wconf 74' lang='lat' dir='ltr'><strong>aliquid.</strong></span> <span class='ocrx_word' id='word_1_823' title='bbox 971 5622 991 5651; x_wconf 83' lang='grc'><strong><em>²</em></strong></span> <span class='ocrx_word' id='word_1_824' title='bbox 1024 5619 1179 5673; x_wconf 78' lang='lat' dir='ltr'><strong>Rom.</strong></span> <span class='ocrx_word' id='word_1_825' title='bbox 1214 5637 1285 5687; x_wconf 83' lang='grc' dir='ltr'><strong>νι,</strong></span> <span class='ocrx_word' id='word_1_826' title='bbox 1324 5621 1375 5675; x_wconf 88' lang='lat'><strong>9.</strong></span> <span class='ocrx_word' id='word_1_827' title='bbox 1452 5622 1473 5652; x_wconf 88' lang='grc'><em>³</em></span> <span class='ocrx_word' id='word_1_828' title='bbox 1502 5624 1668 5692; x_wconf 78' lang='lat' dir='ltr'><strong>Apoc.</strong></span> <span class='ocrx_word' id='word_1_829' title='bbox 1702 5639 1819 5688; x_wconf 88' lang='lat' dir='ltr'><strong>vm,</strong></span> <span class='ocrx_word' id='word_1_830' title='bbox 1858 5622 1911 5677; x_wconf 81' lang='grc'>2.</span> <span class='ocrx_word' id='word_1_831' title='bbox 1992 5624 2013 5656; x_wconf 69' lang='grc' dir='ltr'>δ</span> <span class='ocrx_word' id='word_1_832' title='bbox 2042 5604 2210 5695; x_wconf 84' lang='lat' dir='ltr'><strong>Apoc.</strong></span> <span class='ocrx_word' id='word_1_833' title='bbox 2243 5641 2283 5689; x_wconf 79' lang='grc' dir='ltr'><strong>ι,</strong></span> <span class='ocrx_word' id='word_1_834' title='bbox 2314 5626 2365 5680; x_wconf 75' lang='grc'>1.</span> <span class='ocrx_word' id='word_1_835' title='bbox 2444 5626 2465 5657; x_wconf 82' lang='grc'><strong><em>⁵</em></strong></span> <span class='ocrx_word' id='word_1_836' title='bbox 2500 5624 2671 5681; x_wconf 81' lang='lat' dir='ltr'><strong>Exod.</strong></span> <span class='ocrx_word' id='word_1_837' title='bbox 2711 5640 2838 5695; x_wconf 76' lang='lat' dir='ltr'><strong>xxv,</strong></span> <span class='ocrx_word' id='word_1_838' title='bbox 2867 5625 2919 5678; x_wconf 85' lang='lat'><strong>5.</strong></span> 
     </span>
    </p>
   </div>
   <div class='ocr_carea' id='block_1_113' title="bbox 3070 5622 3609 5690">
    <p class='ocr_par' dir='ltr' id='par_1_113' title="bbox 3070 5622 3609 5690">
     <span class='ocr_line' id='line_1_113' title="bbox 3070 5622 3609 5690; baseline -0.002 -11"><span class='ocrx_word' id='word_1_839' title='bbox 3070 5626 3090 5657; x_wconf 85' lang='grc'><strong><em>⁶</em></strong></span> <span class='ocrx_word' id='word_1_840' title='bbox 3120 5625 3294 5682; x_wconf 82' lang='lat' dir='ltr'><strong>Levit.</strong></span> <span class='ocrx_word' id='word_1_841' title='bbox 3320 5640 3473 5687; x_wconf 63' lang='grc' dir='ltr'>τινι,</span> <span class='ocrx_word' id='word_1_842' title='bbox 3508 5622 3609 5690; x_wconf 78' lang='lat' dir='ltr'><strong>l2;</strong></span> 
     </span>
    </p>
   </div>
   <div class='ocr_carea' id='block_1_114' title="bbox 354 5687 785 5753">
    <p class='ocr_par' dir='ltr' id='par_1_114' title="bbox 354 5687 785 5753">
     <span class='ocr_line' id='line_1_114' title="bbox 354 5687 785 5753; baseline -0.002 -9"><span class='ocrx_word' id='word_1_843' title='bbox 354 5687 401 5744; x_wconf 84' lang='lat' dir='ltr'><strong>Il</strong></span> <span class='ocrx_word' id='word_1_844' title='bbox 432 5690 559 5745; x_wconf 88' lang='lat' dir='ltr'><strong>Cor.</strong></span> <span class='ocrx_word' id='word_1_845' title='bbox 590 5707 669 5753; x_wconf 75' lang='lat' dir='ltr'><strong>vr,</strong></span> <span class='ocrx_word' id='word_1_846' title='bbox 702 5687 785 5744; x_wconf 71' lang='lat' dir='ltr'><strong>iii.</strong></span> 
     </span>
    </p>
   </div>
   <div class='ocr_carea' id='block_1_115' title="bbox 424 5845 3569 5926">
    <p class='ocr_par' dir='ltr' id='par_1_115' title="bbox 424 5845 3569 5926">
     <span class='ocr_line' id='line_1_115' title="bbox 424 5845 3569 5926; baseline -0.001 -23"><span class='ocrx_word' id='word_1_847' title='bbox 424 5848 536 5926; x_wconf 53' lang='lat'><strong>(33:3)</strong></span> <span class='ocrx_word' id='word_1_848' title='bbox 578 5850 679 5903; x_wconf 82' lang='grc' dir='ltr'><strong>Διὰ</strong></span> <span class='ocrx_word' id='word_1_849' title='bbox 726 5847 787 5902; x_wconf 83' lang='grc' dir='ltr'><strong>τὸ</strong></span> <span class='ocrx_word' id='word_1_850' title='bbox 827 5848 914 5919; x_wconf 73' lang='grc' dir='ltr'>μὴ</span> <span class='ocrx_word' id='word_1_851' title='bbox 960 5850 1047 5915; x_wconf 83' lang='grc' dir='ltr'><strong>εἰς</strong></span> <span class='ocrx_word' id='word_1_852' title='bbox 1080 5846 1329 5916; x_wconf 74' lang='grc' dir='ltr'>πλάτος.</span> <span class='ocrx_word' id='word_1_853' title='bbox 1382 5849 1610 5906; x_wconf 82' lang='lat' dir='ltr'><strong>Scribe:</strong></span> <span class='ocrx_word' id='word_1_854' title='bbox 1652 5849 1751 5905; x_wconf 73' lang='grc' dir='ltr'>Διὰ</span> <span class='ocrx_word' id='word_1_855' title='bbox 1780 5850 1837 5905; x_wconf 76' lang='grc' dir='ltr'><strong>δὲ</strong></span> <span class='ocrx_word' id='word_1_856' title='bbox 1875 5848 1937 5904; x_wconf 83' lang='grc' dir='ltr'><strong>τὸ</strong></span> <span class='ocrx_word' id='word_1_857' title='bbox 1969 5850 2043 5921; x_wconf 83' lang='grc' dir='ltr'>μὴ</span> <span class='ocrx_word' id='word_1_858' title='bbox 2073 5852 2152 5913; x_wconf 82' lang='grc' dir='ltr'><strong>εἰς</strong></span> <span class='ocrx_word' id='word_1_859' title='bbox 2187 5848 2387 5912; x_wconf 84' lang='grc' dir='ltr'>πλάτος</span> <span class='ocrx_word' id='word_1_860' title='bbox 2420 5848 2607 5919; x_wconf 74' lang='grc' dir='ltr'>φέρειν</span> <span class='ocrx_word' id='word_1_861' title='bbox 2638 5849 2727 5901; x_wconf 77' lang='grc' dir='ltr'><strong>τὸν</strong></span> <span class='ocrx_word' id='word_1_862' title='bbox 2757 5847 2933 5915; x_wconf 76' lang='grc' dir='ltr'>λόγον,</span> <span class='ocrx_word' id='word_1_863' title='bbox 2958 5847 3049 5901; x_wconf 74' lang='grc' dir='ltr'><strong>ἐπὶ</strong></span> <span class='ocrx_word' id='word_1_864' title='bbox 3072 5845 3170 5920; x_wconf 77' lang='grc' dir='ltr'><strong>τὴν</strong></span> <span class='ocrx_word' id='word_1_865' title='bbox 3199 5845 3569 5917; x_wconf 46' lang='grc' dir='ltr'>ἀκολουθίανκ</span> 
     </span>
    </p>
   </div>
  </div>
