4176 6386
587 390 688 448 967

2030 398 2091 455 ἃ.
2126 398 2469 454 ΕΡΙΡΗΑΝΠ

3735 399 3840 458 958

590 512 658 566 ad
676 510 978 583 spiritalem
996 530 1218 572 sensum
1242 524 1495 587 oportere
1520 515 1803 572 transferri
1825 536 1839 584 ;
1870 531 1937 573 ne
1954 517 2169 573 scilicet

2276 517 2350 588 μὴ
2380 516 2520 570 κατά
2554 516 2651 580 τὰς
2691 516 2989 579 ’ῐουδαῖκὰς
3007 515 3212 588 χαλκᾶς
3238 515 3543 585 σάλπιγγας
3564 515 3836 588 λάϐωμεν,

587 602 941 667 Judaicarum
968 608 1222 663 tubarum
1250 625 1319 664 ex
1348 624 1455 665 aere
1484 621 1775 681 argentove
1800 609 2158 665 conﬁatarum

594 695 850 766 quiddam
898 698 1065 754 nobis
1104 700 1283 755 simile
1325 702 1612 771 ﬁngamus,
1669 700 1764 757 sed
1817 702 2070 773 spiritali,
2100 708 2161 755 ut

587 788 795 845 dictum
826 798 933 854 est,
964 790 1294 846 documento
1322 793 1394 847 sit
1423 792 1590 857 istud,
1628 809 1816 848 eorum
1846 793 2157 864 dogmatum

587 894 709 949 qua-
741 879 810 934 ab
838 880 1088 937 Ecclesia
1121 883 1435 947 traduntur,
1474 882 1915 953 praedicationem
1957 898 1988 938 e
2019 884 2159 941 cmlo

588 986 863 1027 manasse.
892 970 945 1027 id
972 973 1115 1042 quod
1148 980 1201 1027 et
1226 974 1333 1027 alio
1364 974 1482 1028 loco
1504 973 1813 1027 declaratur
1834 973 1919 1028 bis
1941 972 2159 1027 verbis:

591 1061 659 1118 In
688 1063 787 1119 illa
813 1064 898 1119 die
926 1075 1243 1134 perstrepent
1273 1066 1401 1119 tuba
1423 1083 1615 1137 magna
1640 1066 1682 1121 '.
1712 1064 1846 1120 Nam
1871 1081 1993 1121 cum
2019 1064 2162 1118 tubae

590 1156 841 1224 quadam
890 1158 1169 1228 propheta:
1201 1159 1478 1213 exstitisse
1526 1158 1800 1223 videntur,
1838 1165 1953 1212 tum
1987 1157 2162 1226 major

589 1246 683 1301 illa
714 1248 843 1302 tuba
879 1250 1228 1305 sanctissima
1262 1250 1466 1305 Christi
1504 1250 1556 1304 in
1580 1250 1872 1320 Evangelia
1904 1264 2006 1303 vox
2038 1248 2159 1303 fuit.

590 1334 951 1403 Quamobrem
977 1340 1141 1393 etiam
1174 1341 1385 1411 angelis
1438 1340 1727 1410 detegendi
1772 1341 1932 1396 nobis
1963 1356 2162 1395 munus

589 1435 675 1481 est
701 1429 1078 1484 commissum.
1113 1427 1279 1484 Canet
1310 1431 1449 1484 enim
1486 1430 1630 1494 tuba,
1668 1430 1863 1501 inquit.
1890 1440 1941 1486 et
1968 1433 2162 1486 mortui

590 1528 861 1588 resurgant
891 1520 933 1573 ’.
964 1518 1120 1586 Quod
1173 1521 1219 1576 si
1270 1522 1587 1592 angelorum
1636 1522 1793 1577 vobis
1845 1522 1989 1576 tubm
2038 1523 2159 1582 illae.

588 1622 712 1677 quae
744 1609 803 1664 in
834 1611 1159 1681 Apocalypsi
1195 1611 1469 1681 leguntur,
1520 1612 1633 1668 risu
1682 1611 1858 1683 digna:
1890 1611 2162 1679 videntur,

588 1700 838 1770 sequitur
856 1701 1018 1756 etiam
1039 1703 1265 1758 alteram
1297 1704 1441 1757 illam
1471 1704 1611 1773 apud
1633 1703 1953 1772 Apostolum
1981 1706 2162 1758 tubam

590 1791 885 1866 »011455
906 1794 1087 1849 minus
1108 1810 1230 1850 csse
1262 1795 1548 1849 ridiculam
1581 1816 1593 1850 :
1624 1796 1928 1863 Descendet,
1965 1796 2162 1867 inquit,

589 1885 653 1939 de
666 1887 794 1940 caelo
825 1887 878 1940 in
910 1887 1197 1941 novissima
1220 1888 1365 1949 tuba.
1390 1898 1437 1942 et
1466 1889 1659 1941 mortui
1682 1898 1951 1959 resurgant
1981 1890 2034 1943 in
2066 1906 2157 1941 uo-

588 1979 807 2035 uim’mo
861 1979 966 2043 die,
1019 1979 1071 2032 in
1101 1996 1219 2033 uoce
1251 1981 1555 2051 archangeli
1586 1980 1625 2035 ³.
1660 1978 1956 2051 Postquam
1998 1980 2162 2051 igitur

589 2086 714 2125 cum
752 2072 1005 2140 apostolo
1048 2070 1221 2126 Paulo
1273 2072 1557 2142 apostolus
1614 2088 1767 2143 teque
1821 2071 2064 2128 Joannes
2107 2073 2161 2126 in

588 2161 917 2233 Apocalypsi
951 2160 1094 2216 adeo
1118 2160 1347 2215 miriﬁce
1376 2162 1670 2225 consentit,
1701 2162 1833 2233 quid
1881 2170 1967 2217 est
2018 2161 2165 2232 quod

590 2253 660 2308 ab
692 2253 802 2308 illis
826 2255 998 2323 possit
1030 2253 1282 2324 opponi?
1309 2252 1501 2309 Nonne
1523 2256 1711 2310 omnis
1745 2256 1975 2311 istorum
2010 2270 2167 2310 error

590 2359 751 2399 suum
784 2343 926 2399 Deus
956 2346 1325 2399 testimonium
1363 2345 1569 2399 editum
1599 2360 1721 2401 esse
1750 2346 2018 2400 voluerit?

659 2433 898 2490 XXXIII.
945 2433 1050 2489 Sed
1086 2436 1292 2491 instant
1327 2436 1542 2491 illorum
1589 2436 1778 2506 aliqui,
1801 2444 1874 2498 et,
1913 2435 2057 2506 quod
2102 2437 2156 2490 in

589 2525 916 2596 Apocalypsi
949 2524 1170 2595 legitur,
1213 2524 1721 2594 reprehendendum
1767 2533 1981 2595 putant.
2019 2525 2159 2580 Dixit

590 2618 763 2681 enim,
805 2618 1082 2688 inquiunt,
1114 2618 1167 2672 in
1197 2633 1264 2673 eo
1295 2618 1437 2673 libro
1466 2636 1481 2673 :
1512 2618 1692 2674 Scribe
1738 2620 1929 2690 angelo
1972 2618 2155 2674 Eccle-

589 2712 688 2767 siae
716 2710 1093 2782 Thyatiromm
1123 2712 1167 2765 δ.
1200 2711 1359 2781 Atqui
1402 2712 1547 2765 nulla
1579 2710 1853 2783 Thyatiris
1896 2711 2161 2766 Christia-

590 2818 791 2860 norum
852 2800 1092 2857 Ecclesia
1161 2804 1281 2856 luit.
1338 2801 1440 2869 Qui
1512 2803 1677 2873 igitur
1730 2803 1795 2856 ad
1854 2817 1996 2867 eam,
2049 2818 2169 2872 quae

592 2910 875 2967 nusquam
918 2904 1057 2962 erat,
1099 2895 1397 2952 Ecclesiam
1436 2896 1700 2966 scripsit?
1734 2893 1934 2951 Verum
1963 2910 2028 2951 ex
2058 2896 2166 2950 illis

591 2988 733 3058 ipsis
761 3002 881 3057 qua:
909 2985 1173 3041 adversus
1215 2986 1499 3042 veritatem
1528 2985 1816 3055 objiciunt,
1852 2985 2026 3041 eidem
2052 2985 2168 3041 sul-

594 3076 799 3146 fragari
851 3074 1203 3131 confessione
1253 3090 1350 3130 sua
1402 3083 1709 3145 coguntur;
1757 3090 1882 3129 nam
1940 3084 1999 3131 ut
2032 3074 2165 3130 illud

594 3175 901 3240 opponant,
932 3167 1139 3222 nullam
1192 3166 1304 3235 jam
1348 3181 1471 3222 esse
1507 3164 1786 3237 Thyatiris
1840 3166 2162 3232 Ecclesiam,

596 3261 759 3333 plane
779 3258 1044 3314 Joannem
1077 3257 1258 3314 aﬂlatu
1285 3258 1615 3329 prophetico
1639 3259 1821 3313 futura
1851 3258 2169 3330 praevidisse

595 3350 934 3423 signiﬁcant.
956 3349 1094 3404 Cum
1132 3350 1276 3406 enim
1325 3350 1438 3403 illic
1465 3356 1574 3402 tam
1606 3350 1844 3405 lueretici
1876 3351 1976 3414 illi,
2007 3365 2169 3421 quam

595 3440 842 3514 Phryges
866 3440 1257 3503 habitaverint,
1304 3447 1360 3494 et
1381 3454 1570 3495 eorum
1606 3440 1865 3503 ﬁdelium,
1906 3441 1998 3510 qui
2035 3442 2171 3495 sim-

597 3532 859 3604 pliciores
909 3540 1061 3593 sunt,
1093 3530 1307 3585 animas
1343 3532 1599 3602 luporum
1628 3547 1778 3587 more
1815 3530 2167 3602 diripuerint,

598 3624 862 3696 oppidum
889 3622 1205 3677 universum
1237 3622 1305 3677 ad
1340 3638 1496 3678 suam
1529 3624 1761 3679 heresin
1791 3622 2173 3678 traduxerunt.

600 3715 707 3783 Qui
743 3729 870 3770 cum
903 3713 1294 3785 Apocalypsin,
1334 3725 1496 3785 atque
1527 3731 1743 3771 onmem
1790 3716 1935 3770 illam
1971 3714 2175 3770 doctri-

598 3822 728 3865 nam
764 3814 1110 3879 respuerent.
1170 3806 1236 3861 ad
1288 3807 1633 3863 evertendam
1682 3808 1997 3879 religionem
2033 3807 2174 3862 vires

604 3915 760 3963 suas,
784 3915 849 3955 ac
893 3900 1039 3955 velut
1087 3900 1362 3955 exercitus
1412 3902 1820 3969 com‘pararunt.
1879 3896 1996 3952 Jam
2046 3913 2176 3954 vero

602 3991 868 4063 singulari
897 3990 993 4047 Dei
1042 3991 1307 4047 beneﬁcio
1350 3991 1437 4047 bis
1484 3991 1821 4060 temporibus
1862 3989 2081 4053 accidit,
2116 3996 2176 4043 ut

603 4093 734 4160 post
748 4093 970 4142 centum
989 4099 1059 4139 ac-
1071 4085 1356 4140 duodecim
1373 4100 1549 4140 amtos
1574 4084 1685 4139 illic
1706 4082 1946 4139 Ecclesia
1964 4099 2177 4140 cresce—

603 4186 714 4243 ret,
743 4175 813 4232 ad
852 4191 1016 4248 quam
1047 4176 1166 4231 aliae
1198 4176 1459 4246 deinceps
1486 4174 1831 4230 accederent.
1864 4172 2019 4229 Tunc
2051 4188 2180 4228 vero

602 4269 859 4328 Ecclesia
882 4270 1062 4325 omnis
1089 4284 1211 4324 sese
1248 4268 1305 4322 in
1336 4266 1578 4338 Phrygas
1599 4267 1950 4322 exhauserat.
1973 4266 2177 4332 Quam-

604 4361 798 4419 obrem
828 4360 1075 4431 Spiritus
1095 4366 1320 4415 sanctus
1354 4357 1411 4413 id
1441 4358 1654 4428 aperire
1686 4356 2032 4427 potissimum
2065 4362 2182 4410 stu-

684 4520 699 4551 ¹
729 4516 901 4574 Levit.
932 4532 1058 4581 xxv,
1090 4516 1144 4571 9.
1222 4517 1243 4547 ⁸
1272 4513 1287 4567 1
1319 4512 1451 4568 Cor.
1483 4528 1573 4575 xv,
1596 4511 1685 4567 52.

1762 4510 1822 4564 ³Ι
1851 4508 2045 4566 Thess.
2081 4526 2154 4573 iv,
2186 4511 2272 4565 15.

2262 608 2601 679 ἢάρτυρᾶςν
2636 607 2772 661 ἀλλὰ
2812 606 3195 678 πνευματικῶς
3236 608 3600 677 ἐννοήσωμεν,
3631 606 3707 670 ὡς
3741 606 3835 659 ἀπ(

2261 698 2490 770 ούρανοῦ
2522 693 2660 751 εἶναι
2706 698 2806 767 τῆς
2845 695 3174 768 Ἐκκλησίας
3206 696 3266 750 τὸ
3314 698 3573 767 κήρυγμα
3594 712 3608 724 ’
3636 695 3712 758 ὡς
3742 696 3835 748 καὶ

2262 789 2393 860 ἄλλῃ
2437 805 2537 841 που
2584 784 2757 842 εἶπεν*
2802 788 2905 843 Ἔν
2931 788 3131 856 ἐκείνῃ
3166 786 3239 855 τῇ
3282 786 3472 856 ἡμέρᾳ
3502 786 3820 840 Galatiam»

2262 896 2367 936 σιν
2410 882 2479 936 ἐν
2514 880 2590 949 τῇ
2617 880 2905 950 σάλπιγγι
2950 878 3025 948 τῇ
3067 879 3323 949 μεγάλῃ.
3376 878 3684 947 Σάλπιγγες
3725 876 3831 947 γὰρ

2260 967 2400 1043 ἦσαν
2423 972 2472 1024 oi
2501 970 2794 1042 προφῆται.
2836 967 3074 1035 Σάλπιγξ
3108 968 3164 1021 δέ
3209 966 3416 1039 μεγάλη
3448 970 3481 1036 ἡ
3514 967 3640 1035 ἁγία
3683 967 3840 1036 φωνὴ

2263 1063 2355 1116 τοῦ
2388 1064 2593 1134 Κυρίου
2643 1065 2700 1115 ἐν
2747 1061 2828 1132 τῷ
2852 1060 3191 1132 Εὑαγγελίῳ.
3235 1060 3335 1113 Διά
3373 1060 3529 1114 τοῦτο
3557 1060 3649 1112 καὶ
3676 1060 3831 1128 ἀγγέ-

2263 1154 2374 1218 λοις
2406 1155 2562 1225 ἐδόθη
2596 1153 2944 1224 ἀποκαλύψαι
2991 1154 3142 1224 ἡμῖν.
3176 1152 3467 1205 Σαλπίσει
3498 1149 3607 1221 γὰρ
3628 1189 3642 1213 ,
3678 1150 3829 1219 φησὶ,

2265 1246 2361 1300 καὶ
2414 1251 2467 1300 οὶ
2519 1246 2717 1312 νεκροὶ
2765 1245 3233 1312 ἀναστήσονται.
3282 1244 3343 1296 El
3389 1242 3446 1295 δέ
3490 1242 3834 1313 χλευάζονται

2264 1341 2395 1409 παρ’
2425 1340 2583 1408 ὑμῖν,
2622 1332 2667 1391 ὦ
2696 1331 2860 1400 οὗτοι,
2891 1337 2947 1389 αἱ
2974 1335 3081 1389 τῶν
3108 1334 3355 1404 ἀγγέλων
3392 1335 3709 1402 σάλπιγγες,
3748 1334 3841 1388 διάν

2264 1431 2323 1483 τὸ
2368 1432 2426 1483 ἐν
2470 1433 2535 1502 τῇ
2586 1428 2950 1499 Ἀποκαλύψει
2992 1428 3330 1499 γεγράφθαι.
3372 1425 3687 1497 χλευάζεται
3728 1428 3836 1498 ἄρα

2266 1525 2357 1577 καὶ
2384 1526 2416 1594 ἡ
2451 1522 2601 1593 παρά
2628 1521 2704 1592 τῷ
2743 1520 2882 1590 ἀγίῳ
2931 1519 3236 1591 Ἀποστόλῳ
3267 1502 3496 1588 σάλπιγξ
3539 1519 3834 1591 εἰρημένη·

2265 1613 2691 1682 Καταόήσεται,
2735 1612 2930 1682 φησιν,
2973 1611 3073 1665 ἀπ’
3104 1610 3364 1679 οὐρανοῦ
3397 1610 3467 1662 ὲν
3495 1607 3569 1676 τῇ
3605 1608 3837 1677 ἐσχάτῃ

2266 1705 2585 1774 σάλπιγγι,
2641 1703 2739 1757 καὶ
2790 1705 2847 1757 οἱ
2893 1702 3095 1770 νεκροὶ
3141 1701 3587 1765 ἀναστήσονται
3640 1699 3711 1752 ἐν
3763 1697 3847 1767 τῇ.

2267 1794 2493 1863 ἐσχάτῃ
2535 1795 2753 1864 ἡμέρᾳ,
2798 1793 2868 1847 ἐν
2893 1792 3062 1863 φωνῇ
3099 1791 3490 1861 ἀρχαγγέλου.
3523 1791 3840 1861 Συνᾲδοντος

2259 1890 2439 1945 τοίνυν
2463 1887 2557 1941 τοῦ
2597 1888 2914 1942 Ἀποστόλου
2936 1885 3013 1959 τῷ
3040 1886 3177 1956 ἁγίῳ
3214 1884 3501 1954 ἀποστόλῳ
3541 1883 3757 1953 Ἰωάννῃ
3781 1883 3848 1936 ἐν

2268 1982 2335 2051 τῇ
2395 1979 2788 2049 Ἀποκαλύψει,
2834 1979 2963 2033 ποία
3010 1996 3091 2042 τις
3136 1977 3485 2031 ὑπολείπεται
3527 1976 3840 2044 ἀντιλογίας

2270 2071 2393 2135 Πῶς
2436 2071 2493 2124 δὲ
2532 2072 2632 2124 οὐκ
2675 2072 2835 2135 εὐθὺς
2870 2072 3076 2140 ἐκάστη
3110 2069 3283 2141 πλάνη
3312 2068 3717 2140 ἐλεγχθήσεται,
3744 2067 3850 2120 τοῦ

2272 2161 2405 2215 Θεοῦ
2433 2164 2490 2216 ἐν
2518 2162 2731 2233 ἑκάστῳ
2755 2162 2863 2215 τῶν
2895 2161 3062 2230 ἁγίων
3085 2161 3373 2224 δεδωκότος
3401 2159 3733 2230 μαρτυρίαν;

2204 2254 2444 2311 subinde
2466 2255 2805 2317 dissolvitur,
2841 2270 2967 2310 cum
3001 2256 3069 2311 ab
3103 2255 3370 2310 ambobus
3432 2254 3581 2309 hisce
3637 2250 3847 2307 sanctis

2335 2434 2452 2487 AI".
2490 2430 2629 2487 Εἷτά
2649 2449 2791 2496 τινες
2819 2432 2880 2497 ἐξ
2909 2431 3089 2486 αὐτῶν
3125 2432 3287 2486 πάλιν
3312 2431 3422 2503 (56)
3449 2430 3848 2502 ἐπιλαμὸἀνονο

2264 2544 2353 2580 ται
2397 2525 2582 2578 τούτου
2626 2522 2719 2576 τοῦ
2768 2522 2933 2595 ῥητοῦ
2972 2524 3030 2576 ἐν
3067 2525 3133 2595 τῇ
3178 2522 3539 2591 Ἀποκαλύψει
3582 2525 3647 2590 τῇ
3680 2522 3840 2591 αὐτῇ.

2266 2619 2374 2671 Καὶ
2434 2617 2729 2685 φάσκουσιν
2770 2615 3157 2681 ἀντιλέγοντες,
3191 2616 3273 2668 ὅτι
3305 2610 3425 2668 εἶπε
3462 2615 3622 2670 πάλιν
3646 2633 3657 2645 ·
3691 2613 3845 2682 Γρὰέ

2265 2714 2388 2780 ψον
2407 2710 2484 2775 τῷ
2505 2708 2735 2779 ἀγγέλῳ
2763 2708 2871 2777 τῆς
2906 2708 3266 2775 Ἐκκλησιας
3288 2708 3366 2773 τῷ
3380 2708 3461 2761 ἐν
3486 2707 3841 2774 Θυατείροις.

2274 2800 2367 2853 καὶ
2394 2800 2494 2852 ούκ
2524 2798 2600 2851 ἔνι
2634 2800 2751 2852 ἐκεῖ
2782 2798 3076 2869 Ἐκκλησία
3108 2798 3444 2869 Χριστιανῶν
3474 2799 3531 2851 ἐν
3557 2796 3845 2869 Θυατείρῃ.

2278 2891 2398 2955 Πῶς
2436 2886 2527 2944 οὖν
2563 2889 2768 2961 ἔγραφε
2815 2893 2879 2960 τῇ
2924 2889 2998 2961 μὴ
3046 2888 3210 2961 olim;
3260 2890 3371 2943 Kal.
3416 2889 3756 2961 εὑρίσκονται
3798 2878 3847 2941 oi

2270 2984 2505 3035 τοιοῦτοι
2537 2982 2762 3046 ἑαυτοὺς
2798 2979 3197 3048 ἀναγκάζοντες
3237 2978 3296 3044 ἐξ
3336 2980 3513 3033 αὐτῶν
3539 2973 3611 3032 ὧν
3646 2979 3848 3050 κηρύτ-

2270 3091 2420 3127 τουσι
2450 3072 2592 3127 κατά
2619 3074 2717 3143 τῆς
2748 3072 3004 3144 ἀληθείας
3045 3072 3343 3141 ὁμολογεῖν.
3392 3072 3517 3125 Ἐὰν
3543 3071 3653 3142 γὰρ
3682 3074 3849 3125 εἴπω-

2273 3182 2378 3232 σιν,
2427 3167 2541 3219 Ούκ
2569 3165 2646 3218 ἔνι
2673 3164 2767 3218 νῦν
2801 3164 3090 3236 Ἐκκλησία
3126 3167 3205 3229 εἰς
3236 3165 3524 3235 Θυάτειρα,
3551 3164 3851 3217 δεικνύουσι

2272 3257 2778 3328 προπεφητευκέναι
2823 3256 2915 3308 τὸν
2958 3256 3226 3328 Ἰωάννην.
3273 3256 3697 3327 Ἐνοικησάντων
3741 3253 3851 3325 γὰρ

2264 3347 2468 3401 τούτων
2495 3349 2672 3401 ἐκεῖσε
2708 3348 2802 3401 καὶ
2845 3346 2953 3402 τῶν
3010 3348 3148 3402 κατά
3197 3348 3434 3419 Φρύγας,
3472 3348 3627 3418 δίκην
3670 3346 3850 3401 λύκων

2266 3438 2628 3508 ἀρπαξάντων
2652 3438 2750 3502 τὰς
2780 3438 3015 3501 διανοίας
3042 3439 3148 3492 τῶν
3177 3441 3448 3511 ἀκεραίων
3479 3439 3705 3504 πιστῶν,
3732 3455 3854 3509 μετ-

2268 3534 2506 3603 ήνεγκαν
2532 3534 2627 3604 τὴν
2661 3536 2839 3588 πᾶσαν
2890 3537 3045 3590 πόλιν
3080 3538 3159 3600 είς
3192 3536 3290 3607 τὴν
3317 3534 3497 3589 αὐτῶν
3538 3534 3768 3605 αἵρεσιν,
3804 3518 3883 3585 οἴ¹

2275 3640 2336 3675 τε
2383 3623 2700 3694 ἀρνούμενοι
2753 3625 2850 3696 τὴν
2892 3626 3257 3696 Ἀποκάλυψιν
3300 3625 3392 3679 τοῦ
3437 3625 3592 3694 λόγου
3640 3623 3852 3685 τούτου,

2272 3714 2351 3776 εἰς
2379 3714 2685 3785 ἀνατροπὴν
2712 3718 2832 3769 κατ’
2855 3718 3061 3771 ἐκείνου
3092 3717 3283 3787 καιροῦ
3306 3717 3416 3787 (57)
3444 3714 3851 3790 ἐστρατεύοντο.

2272 3806 2385 3859 Νῦν
2408 3806 2463 3860 δὲ
2498 3806 2584 3860 διὰ.
2603 3808 2692 3860 τὸν
2718 3808 2923 3880 Κύριον
2961 3812 3017 3862 ὲν
3042 3809 3121 3880 τῷ
3153 3810 3332 3881 χρόνῳ
3364 3808 3538 3879 τούτῳ
3572 3808 3680 3878 (58)
3718 3809 3856 3878 μετὰ

2274 3899 2461 3970 χρόνον
2488 3899 2678 3952 ἐκατὸν
2714 3900 2938 3955 δεκαδύο
2988 3902 3122 3955 ἐτῶν
3161 3902 3308 3954 ἔστιν
3334 3904 3367 3972 ή
3403 3901 3722 3971 Ἐκκλησία,
3764 3905 3857 3952 καὶ

2275 3988 2448 4055 αὔξει,
2483 3990 2576 4043 καὶ
2607 3990 2762 4044 ἄλλαι
2796 3992 2941 4055 τινὲς
2986 3994 3161 4046 ἐκεῖσε
3189 3992 3534 4063 τυγχάνουσι.
3578 3992 3711 4044 Τότε
3733 3990 3788 4044 δέ
3820 3993 3855 4061 ἡ

2284 4084 2432 4135 πᾶσα
2472 4082 2767 4154 Ἐκκλησία
2803 4082 3042 4154 ἐκενὼθη
3090 4086 3168 4147 εἰς
3200 4083 3295 4155 τὴν
3334 4084 3474 4136 κατὰ
3500 4078 3736 4154 Φρύγας.
3766 4083 3861 4136 Διὸ

2284 4173 2379 4226 καὶ
2430 4173 2725 4225 ἐσπούδασε
2768 4174 2828 4227 τὺ
2871 4175 3021 4242 ἅγιον
3062 4174 3284 4246 Πνεῦμα
3328 4176 3673 4246 ἀποκαλύψαι
3708 4179 3859 4247 ἡμῖν,

2286 4265 2404 4328 πῶς
2444 4264 2634 4335 ἔμελλε
2683 4267 2985 4320 πλανᾶσθαι
3027 4270 3060 4338 ὴ
3100 4267 3394 4337 Ἐκκλησία
3434 4269 3573 4339 μετά
3608 4271 3697 4322 τὸν
3736 4271 3864 4340 χρόι

2286 4373 2375 4410 νον
2401 4357 2510 4409 τῶν
2545 4356 2877 4421 ἀποστόλων,
2922 4358 3014 4411 τοῦ
3047 4376 3102 4411 τε
3150 4360 3395 4412 Ἰωάννου
3441 4359 3535 4412 καὶ
3586 4360 3694 4413 τῶν
3732 4359 3864 4412 καθ-

2350 4513 2367 4541 ⁶
2400 4515 2569 4582 Apoc.
2602 4527 2667 4574 ιι,
2697 4514 2782 4566 18.

682 4674 802 4747 (56)
838 4672 983 4747 Bird
1026 4688 1185 4747 τινες
1221 4670 1290 4747 ἐξ
1310 4667 1540 4747 ἀύτῷν
1592 4668 1795 4722 πάλιν.
1849 4664 2167 4747 ijicjeban

2298 4664 3185 4747 Joannem.asserit_Ap()cal¥psin
3230 4672 3527 4747 scripsisse
3571 4671 3864 4747 Domitiani

611 4734 861 4801 hairetici
900 4734 1216 4799 mendacem
1250 4740 1420 4795 fuisse
1455 4737 1754 4800 Joannem,
1803 4736 1897 4805 qui
1936 4734 2018 4789 ad
2067 4751 2187 4790 eam

614 4815 917 4872 Ecclesiam
955 4813 1103 4870 edita
1135 4811 1244 4868 sibi
1277 4825 1309 4865 a
1347 4810 1577 4864 Domino
1608 4808 1863 4861 mandata
1901 4806 2187 4868 scriberet,

615 4901 741 4957 qua:
793 4885 942 4939 nulla
972 4893 1088 4938 tum
1125 4888 1303 4957 esset._
1328 4877 1641 4957 Respondet
1671 4874 2007 4957 Epiphanius
2029 4917 2045 4941 ,
2086 4875 2190 4931 hoc

617 4948 741 5026 ipso
768 4962 1018 5026 constare
1059 4951 1435 5026 propheticum
1469 4950 1763 5026 huuc_ess_e
1802 4948 2022 5008 librum,
2063 4961 2187 4999 cum

620 5018 689 5082 ad
715 5025 1015 5081 Ecclesiam
1040 5018 1341 5092 scripserit,
1372 5018 1686 5092 quamolim
1720 5018 1957 5092 futuram
1988 5030 2191 5085 cogno-

620 5104 821 5155 sceret.
862 5094 1078 5150 tametsi
1124 5088 2014 5162 quibusrscrribcbatgtemporibus
2058 5102 2194 5162 nou-

552 5228 553 5231 ,
624 5168 754 5220 dum
784 5173 1025 5222 exstaret
1078 5157 1229 5218 ulla:
1253 5161 1359 5216 Sed
1402 5161 1531 5231 haec
1569 5158 1852 5227 Epiphanii
1910 5157 2194 5231 responsio

538 5228 559 5293 ἐᾷ
627 5238 733 5293 nisi
786 5234 1204 5299 ἀντιλεκτικῶς,
1249 5240 1303 5287 et
1350 5230 1417 5285 ad
1455 5230 1728 5284 hominem
1758 5268 1771 5290 ,
1812 5239 1879 5299 ut
1920 5229 2080 5299 vulgo
2115 5228 2194 5279 lo-

532 5300 538 5311 ’
625 5318 890 5377 quuntur.
918 5298 1273 5376 accipiamus,
1298 5301 1439 5356 haud
1472 5301 1606 5377 satis
1641 5298 1937 5377 probabilis
1961 5298 2195 5377 videtur.

627 5367 706 5433 Ac
743 5380 901 5449 lo_nge
928 5367 1121 5449 melius
1153 5382 1277 5449 est,
1317 5367 1765 5449 negare_J’_oannis
1803 5377 2046 5449 tempore
2074 5367 2198 5449 uul-

628 5450 735 5504 lam
770 5437 1045 5519 Thvyatiris
1074 5444 1372 5519 Ecclesiam
1389 5437 1697 5504 exstitisse,
1738 5438 1884 5509 quod
1918 5437 2201 5508 impuden-

628 5530 715 5576 ter
744 5514 979 5572 hzeretici
1006 5514 1215 5569 mentiti
1246 5520 1393 5569 sunt.

702 5590 815 5661 (57)
854 5586 1008 5661 κατ’
1041 5587 1280 5661 {euroo
1310 5580 1790 5661 xalpo§._Scribe.,
1819 5580 1945 5657 tear:
1966 5578 2160 5661 ἐκεῖνρ.

704 5651 816 5727 (58)
866 5657 995 5712 Νῦν
1050 5656 1117 5709 δὲ
1167 5656 1267 5709 διὰ
1312 5651 1420 5708 τὸν
1476 5653 1693 5719 Κύριον
1745 5651 1813 5703 ἐν
1874 5651 1953 5713 τῷ
2008 5651 2200 5715 χρόνῳ

634 5731 837 5793 τούτῳ.
876 5727 1004 5781 Duae
1054 5728 1155 5781 illa:
1195 5740 1316 5795 qua:
1364 5732 1664 5793 sequuntur
1690 5730 1869 5795 notae
1891 5728 2194 5795 temporum

633 5813 720 5854 vet
777 5788 1120 5852 librariorum
1155 5788 1290 5850 vitio
1319 5836 1333 5853 .
1372 5788 1459 5848 vti
1499 5792 1735 5846 auctoris
1772 5790 1943 5854 ipsius
1972 5788 2198 5840 halluci-

636 5870 855 5926 natione
879 5870 1181 5939 depravata:
1217 5872 1365 5924 s-mt.
1414 5864 1632 5921 Hieron.
1685 5862 1738 5917 iu
1781 5856 1967 5928 Script
2012 5856 2195 5912 cccles.

2300 4752 2411 4815 ιιν,
2444 4738 2535 4807 qui
2570 4736 2691 4815 iniit
2712 4736 2927 4815 Juliano
2965 4736 3086 4815 159;
3114 4742 3317 4797 Christi
3332 4736 3432 4815 794,
3463 4742 3637 4797 Nonio
3666 4744 3869 4815 Aspre-

2298 4814 2426 4883 nate
2472 4816 2526 4861 et
2562 4809 2812 4883 Arricino
2846 4826 2989 4883 coss.
3030 4810 3209 4875 Quare
3244 4814 3344 4883 vel
3384 4814 3488 4868 hoc
3543 4815 3660 4883 ipso
3699 4809 3865 4879 anno,

2298 4878 2381 4970 vel
2398 4879 2907 4970 ~sequenti-Asaltem
2943 4878 3586 4970 Joannes;‘Apocal!p§iii
3624 4886 3866 4970 scripsit.

2297 4948 2351 5025 A_
2394 4963 2501 5025 quo
2536 4955 2779 5025 tempore
2827 4950 2916 5025 ad_
2946 4966 3144 5025 annum
3175 4948 3377 5025 Christi
3422 4948 3525 5009 3'75
3552 4993 3567 5017 ,
3600 4969 3709 5023 quo
3739 4948 3870 5025 Epi-

2299 5017 2535 5088 phanius
2567 5018 2668 5071 hoc
2701 5034 2836 5087 opus
2872 5021 3221 5085 elaborabat,
3258 5024 3381 5076 anni
3424 5033 3552 5079 sunt
3590 5017 3689 5078 2'8l
3712 5066 3728 5088 ,
3759 5017 3869 5080 non

2302 5086 2426 5149 112,
2459 5097 2516 5139 ιιι
2546 5086 2747 5141 habent
2766 5088 3049 5158 Epiphauii
3072 5094 3256 5146 verba.
3291 5093 3493 5148 Deinde
3531 5086 3727 5149 falsum
3763 5106 3866 5160 est,

2305 5173 2414 5234 quo
2443 5166 2683 5234 tempore
2706 5164 2905 5227 scripta
2934 5168 3017 5234 cst
3047 5160 3431 5234 Apocalypsis,
3464 5163 3741 5234 Thyatiris
3765 5166 3873 5220 Ca-

2306 5228 2596 5301 lapltt‘yga_s_
2650 5229 2931 5285 luercttcos
2990 5228 3197 5297 fuisse,
3249 5228 3339 5301 qui
3399 5228 3639 5287 nondum
3690 5250 3873 5290 emer-

2307 5296 2512 5352 serant.
2552 5296 2686 5351 Nam
2726 5307 2783 5351 ut
2809 5314 2903 5354 eos
2930 5316 3090 5370 quam
3131 5296 3545 5370 antiquissimos
3581 5304 3870 5368 faciamus,

2307 5383 2418 5421 non
2471 5375 2856 5443 ante__tempus
2906 5371 3163 5443 Antonini
3201 5388 3323 5428 esse
3362 5383 3683 5443 potuerunt;
3712 5376 3874 5443 cujus

2307 5452 2567 5513 annos";
2599 5437 2885 5513 Montanus
2925 5441 3171 5509 prodiit,
3222 5452 3280 5496 ut
3318 5437 3504 5499 haeresi
3553 5444 3622 5497 48
3653 5437 3875 5513 scripsit

2306 5507 2799 5583 Epiph_a_n_ius:_qu_i
2827 5507 3008 5583 annus
3044 5514 3296 5583 congruit
3325 5514 3531 5568 Christi
3557 5514 3676 5566 156.
3707 5507 3873 5583 Atqui

2305 5594 2406 5633 nos
2458 5578 2654 5649 ibidem
2687 5578 3043 5649 Epiphanium
3077 5578 3365 5637 aberrasse
3411 5583 3731 5645 docuimus,
3772 5578 3875 5639 nec

2306 5658 2430 5703 ante
2457 5648 2660 5703 Aurelii
2704 5648 2917 5725 tempus
2944 5659 3162 5725 egortos
3186 5652 3593 5725 Cataphrygas,
3645 5654 3877 5722 ejusque

2306 5669 2430 5703 ante
2457 5669 2660 5703 aurem
2704 5669 2917 5720 tempus
2944 5669 3162 5707 exortus
3186 5669 3321 5707 Lata
3366 5669 3593 5725 ltt'ygas,
3645 5669 3877 5722 ejusque

2306 5734 2451 5797 anno
2493 5735 2569 5782 xl,
2621 5726 2681 5772 ut
2724 5719 2921 5797 scribit
2968 5720 3252 5797 Eusebius.
3313 5669 3493 5791 auare
3533 5726 3688 5797 longe
3730 5725 3883 5780 intra

2306 5789 2438 5845 illud
2472 5797 2687 5861 tempus
2726 5791 3054 5848 amandandi
3088 5802 3237 5851 sunt.
