4176 6386
414 354 520 413 949

1118 352 1488 410 ADVERSUS
1524 348 1865 410 HERESES
1902 352 1994 407 [LII

2098 351 2139 407 Ι.
2178 352 2341 410 ΤΟΜ.
2382 353 2423 408 Ι.
2463 385 2533 395 -
2563 353 2838 411 ΗᾹῖΙὶΕΒ.
2879 355 2965 411 Ll.
3036 376 3037 379 η

3562 359 3683 417 ,5,

414 472 544 543 εξῆς
564 490 577 501 ·
599 471 654 536 δς
668 467 732 543 ἦν
747 472 935 543 χρόνος
955 468 1091 542 μετὰ
1110 469 1208 540 τὴν
1224 470 1316 522 τοῦ
1340 470 1488 539 Σωτῆ
1496 471 1863 542 ροςξὰνάληψιν
1895 466 1994 539 (59]

2110 468 2230 522 duit
2255 488 2267 523 ε
2290 468 2587 525 Ecclesiam
2616 477 2736 538 post
2767 472 3155 539 apostolorum,
3199 472 3300 529 hoc
3329 482 3412 529 est
3440 472 3661 531 Joannis

416 564 509 615 ἐπὶ
531 564 852 634 ἐνενήκοντα
898 562 992 615 καὶ
1020 561 1195 631 τρισὶν
1241 560 1413 612 ἔτεσιν
1433 601 1446 619 ,
1476 561 1550 624 ὡς
1584 561 1877 632 μελλούσης
1902 563 1998 632 τῆς

417 653 595 705 ὲκεϊσε
638 651 962 721 Ἐκκλησίας
992 649 1313 711 πλανᾶσθαι,
1347 649 1440 702 καὶ
1473 648 1800 719 χωνεύεσθαι
1842 652 1898 702 ἐν
1931 652 1997 720 τῇ

416 743 558 797 κατὰ
594 743 811 815 Φρύγας
847 742 1070 812 αἱρέσει.
1126 738 1279 792 Οὕτω
1321 740 1428 810 γὰρ
1466 739 1626 802 εὐθὺς
1669 739 1929 809 διελέγχει
1970 742 1999 791 ὁ

422 834 657 905 Κύριος·
703 833 954 901 Γράψον
982 829 1059 896 τῷ
1105 829 1336 899 ἀγγέλῳ
1386 828 1495 897 τῆς
1542 831 1612 882 ἐν
1661 831 2000 897 Θυατείροις

430 926 792 993 Ἐκκλησίας
816 942 830 956 ·
871 923 1014 978 Τάδε
1047 921 1205 993 λέγει
1241 926 1273 976 ὁ
1302 923 1456 992 ἔχων
1484 921 1625 988 τοὺς
1654 921 2000 991 ὀφθαλμοὺς

415 1021 495 1086 ὡς
528 1020 725 1088 φλόγα
759 1016 965 1085 πυρὸς,
1001 1016 1096 1069 καὶ
1129 1019 1180 1068 ol
1210 1016 1389 1079 πόδες
1424 1015 1609 1068 αὐτοῦ
1642 1014 1828 1083 ὅμοιοι
1854 1018 1999 1083 χαλ-

415 1108 739 1175 κολιϐάνῳ·
787 1105 931 1161 Οἶδά
979 1122 1094 1160 σου
1145 1105 1261 1173 τὴν
1306 1106 1535 1166 πίστιν,
1591 1105 1685 1157 καὶ
1735 1103 1995 1173 ἀγάπην,

400 1180 513 1253 Ἴκαὶ
541 1198 655 1266 τὴν
681 1197 1012 1261 διακονίαν,
1049 1196 1145 1248 καὶ
1173 1196 1259 1249 ὅτι
1286 1197 1357 1249 τὰ
1382 1195 1612 1264 έσχατά
1637 1213 1752 1249 σου
1796 1197 1999 1249 πλείο-

414 1309 493 1345 να
530 1291 650 1345 τῶν
688 1290 949 1359 πρώτων.
1013 1291 1172 1358 Ἔχω
1220 1288 1288 1340 δὲ
1332 1289 1480 1341 κατὰ
1523 1289 1660 1352 σοῦ,
1707 1289 1793 1341 ὅτι
1827 1290 1998 1358 ἀφεὶς

418 1381 535 1450 τὴν
562 1381 815 1452 γυναῖκα
833 1378 1075 1440 Ἰεζάϐελ
1118 1379 1354 1445 ἀπατᾷν
1382 1381 1524 1446 τοὺς
1564 1380 1825 1446 δούλους
1852 1399 1994 1450 μου,

413 1472 716 1543 λέγουσαν
745 1471 970 1540 ἑαυτὴν
999 1470 1313 1540 προφῆτιν,
1336 1470 1754 1525 διδάσκουσαν
1783 1470 1999 1541 φαγεῖν

413 1564 774 1619 εἰδωλόθυτα
805 1562 902 1616 καὶ
939 1564 1269 1630 πορνεὺειν.
1305 1564 1413 1617 Καὶ
1446 1563 1639 1617 ἔδωκα
1678 1561 1833 1630 αὐτῇ
1860 1562 1999 1631 χρό-

412 1674 524 1709 νον
539 1653 931 1724 μετανοῆσαι,
960 1653 1059 1706 καὶ
1097 1656 1168 1707 οὐ
1210 1654 1364 1707 θέλει
1387 1651 1758 1723 μετανοῆσαι
1784 1652 1852 1703 ἐκ
1886 1650 1997 1721 τῆς

414 1751 697 1820 πορνείας
733 1748 887 1817 αὐτῆ
892 1770 942 1816 ς.

482 1932 594 2001 Οὐχ
620 1930 803 2001 δρᾶτε,
834 1921 878 1981 ὦ
907 1919 1072 1990 οὗτοι,
1108 1925 1189 1977 ὅτι
1229 1922 1354 1992 περὶ
1391 1920 1497 1973 τῶν
1539 1919 1813 1990 γυναικῶν
1846 1919 1994 1986 λέγει

412 2021 523 2077 τῶν
563 2023 620 2075 ἐν
654 2020 826 2089 οἰήσει
865 2016 1198 2089 προφητείας
1228 2013 1620 2083 ἁπατωμένων,
1655 2013 1746 2064 καὶ
1774 2014 1994 2064 ἀπατω-

415 2114 523 2169 ath
553 2113 808 2179 πολλούς;
852 2112 992 2182 φημὶ
1026 2109 1081 2162 δὲ
1132 2108 1261 2177 περὶ
1308 2106 1655 2177 Πρισκίλλας,
1686 2105 1779 2157 καὶ
1818 2104 1993 2170 Μάξι-

416 2206 627 2277 μίλλας,
662 2204 757 2258 καὶ
791 2200 1145 2263 Κυϊντίλλας,
1173 2192 1246 2251 ὧν
1275 2198 1334 2250 οὐ
1366 2196 1553 2266 λέληθε
1585 2195 1646 2248 τὸ
1688 2195 1913 2265 Πνεῦμα
1935 2194 1996 2247 τὸ

412 2299 567 2366 ἅγιον
594 2298 687 2350 καὶ
715 2298 747 2367 ἡ
778 2294 956 2349 αὐτῶν
981 2293 1162 2362 ἀπάτη
1185 2307 1198 2320 ·
1234 2289 1368 2343 ἀλλὰ
1397 2288 1752 2359 προεθέσπισε
1783 2304 1994 2357 προφη-

412 2390 576 2451 τικῶς
606 2392 664 2442 ὲν
698 2386 773 2458 τῷ
802 2386 1026 2456 στόματι
1066 2383 1159 2436 τοῦ
1202 2381 1355 2449 ἁγίου
1398 2381 1672 2442 Ἰωάννου,
1705 2380 1840 2449 ὅπερ
1869 2378 1993 2447 ἐγέ-

410 2499 531 2535 νετο
561 2480 697 2552 μετὰ
738 2478 839 2550 τὴν
883 2476 977 2530 τοῦ
1028 2474 1184 2542 ἁγίου
1224 2472 1468 2525 Ἰωάννου
1516 2470 1789 2541 κοίμησιν.
1821 2467 1993 2521 Αὑτοῦ

410 2572 467 2624 δὲ
485 2569 956 2643 προφητεύσαντος
974 2569 1030 2619 ὲν
1049 2566 1261 2637 χρόνοις
1280 2564 1543 2617 Κλαυδίου
1576 2563 1668 2633 (60
1674 2576 1689 2629 )
1720 2562 1996 2632 Καίσαρος

412 2663 690 2727 ἀνωτάτω,
723 2662 810 2715 ὅτε
854 2662 933 2723 είς
965 2658 1062 2729 τὴν
1099 2656 1318 2727 Πάτμον
1361 2657 1520 2727 νῆσον
1569 2654 1806 2727 ὑπῆρξεν
1845 2656 1996 2725 (ὀμο-

375 2753 627 2823 -λογοῦσι
655 2753 763 2824 γὰρ
793 2753 888 2806 καὶ
929 2745 1074 2805 οὗτοι
1122 2751 1177 2803 ὲν
1220 2748 1535 2821 Θυατείροις
1574 2748 1745 2801 ταῦτα
1785 2733 1995 2820 πεπλη-

412 2845 661 2916 ρῶσθαι),
681 2846 788 2917 ἄρα
812 2843 941 2914 γοῦν
977 2842 1114 2897 κατὰ
1136 2841 1469 2914 προφητείαν
1501 2840 1707 2910 ἔγραφε
1740 2844 1852 2905 τοῖς
1879 2843 1997 2896 ἐκεῖ

412 2938 470 2989 ὲν
494 2936 713 3007 Χριστῷ
744 2936 860 2989 κατ’
897 2936 1069 2987 έκεῖνο
1112 2932 1611 3001 πεπολιτευμένοις,
1651 2931 1730 2983 ὅτι
1764 2931 1995 3001 ἡμελλεν

411 3029 608 3100 ἑαυτὴν
627 3029 763 3099 γυνὴ
787 3028 1054 3099 προφῆτιν
1075 3028 1276 3081 καλεῖν.
1301 3024 1409 3077 Καὶ
1428 3023 1671 3077 διέπεσεν
1690 3024 1718 3076 ὁ
1738 3024 1876 3078 κατὰ
1896 3025 1996 3095 τῆς

2110 574 2173 614 ac
2212 568 2534 615 czrterorum
2571 570 2838 631 tempora,
2878 562 2944 616 ad
2977 578 3216 618 errorem
3260 580 3380 619 esse
3425 565 3650 620 declina-

2110 659 2293 706 turam
2325 654 2485 707 annis
2520 661 2644 722 post
2676 668 2961 709 ascensum
2988 655 3191 709 Christi
3218 657 3389 712 tribus
3416 674 3477 711 ac
3506 673 3657 711 nona

2109 744 2294 813 ginta:
2323 759 2429 812 quo
2456 754 2695 813 tempore
2754 745 2811 800 in
2856 762 3096 801 errorem
3132 748 3386 813 incidere,
3422 758 3581 817 atque
3611 750 3664 803 in

2110 833 2381 905 Phrygum
2416 837 2645 892 haeresin
2674 840 2829 895 velut
2845 840 3071 911 eliquari
3119 842 3267 896 illius
3319 843 3420 897 loci
3446 844 3679 897 deberet,

2106 926 2372 984 Ecclesia.
2404 928 2558 985 Unde
2583 938 2638 987 et
2666 934 2995 1002 coarguendi
3028 936 3199 1003 gratia
3256 936 3437 989 statim
3466 937 3537 991 ita
3570 937 3663 991 Do-

2106 1020 2287 1075 minus
2345 1020 2629 1089 loquitur:
2662 1021 2843 1077 Scribe
2892 1024 3077 1094 angelo
3129 1023 3400 1086 Ecclesia’,
3446 1043 3560 1095 qua:
3589 1037 3663 1080 est

2109 1110 2376 1181 Thyatiris
2404 1129 2422 1164 :
2457 1112 2584 1166 Haec
2616 1113 2743 1167 dicit
2784 1118 2871 1184 qui
2902 1117 3054 1169 habet
3108 1117 3287 1170 oculos
3332 1118 3469 1170 sicut
3507 1118 3663 1185 βοτη-
3692 1154 3695 1157 -

2100 1217 2240 1253 mam
2275 1202 2434 1272 ignis,
2489 1211 2536 1257 et
2583 1205 2734 1272 pedes
2776 1205 2890 1273 ejus
2929 1207 3125 1261 similes
3155 1207 3501 1260 aurichalco:
3532 1207 3665 1261 Novi

2100 1290 2256 1358 ﬁdem
2282 1302 2446 1355 tuam,
2472 1304 2520 1347 et
2545 1294 2879 1359 charitatem,
2932 1307 2983 1350 et
3027 1299 3397 1364 ministerium,
3427 1309 3475 1352 et
3507 1316 3664 1368 opera
3681 1327 3697 1341 ι-

2101 1392 2192 1435 tua
2221 1385 2506 1458 novissima
2522 1385 2673 1452 plura
2703 1388 2987 1453 prioribus.
3011 1387 3114 1442 Sed
3138 1388 3299 1443 habeo
3326 1389 3571 1444 adversus
3592 1401 3661 1455 te,

2100 1476 2224 1544 quia
2243 1478 2504 1544 permittis
2528 1479 2797 1532 mulierem
2816 1480 3027 1534 Jesabel
3048 1481 3290 1535 seducere
3306 1499 3478 1536 servos
3503 1500 3663 1547 meos;
3682 1508 3697 1538 ς

2098 1581 2213 1632 qua:
2245 1583 2300 1620 se
2323 1566 2452 1619 dicit
2480 1568 2882 1634 prophetissam,
2910 1570 3177 1624 docentem
3203 1572 3524 1625 manducare
3550 1573 3663 1627 ido-

2100 1654 2323 1726 lothyta,
2360 1668 2411 1710 et
2435 1659 2714 1727 fornicari.
2748 1659 2817 1713 Et
2860 1660 2981 1715 dedi
3022 1662 3105 1715 illi
3157 1672 3376 1732 tempus.
3413 1674 3467 1716 ut
3496 1666 3661 1731 pomi-

2100 1750 2320 1803 tentiam
2353 1761 2550 1820 ageret,
2583 1761 2633 1804 et
2680 1768 2785 1806 non
2830 1752 2938 1807 vult
2984 1756 3230 1821 pwnitere
3254 1772 3286 1808 a
3318 1756 3662 1824 fornicatione

2096 1854 2199 1891 sua
2220 1841 2262 1893 ³.

2168 1928 2309 1984 Num
2342 1930 2476 1987 illud
2512 1932 2678 2005 456
2712 1935 2896 1991 videre
2925 1936 3143 1992 tandem
3172 1939 3419 2008 potestis,
3449 1938 3516 1994 de
3547 1955 3663 1993 mu-

2098 2023 2326 2079 lieribus
2363 2024 2514 2079 illum
2543 2027 2713 2096 loqui,
2755 2045 2877 2099 quae
2922 2030 3058 2085 falsa
3097 2032 3401 2102 prophetici
3443 2034 3665 2103 spiritus

2099 2116 2454 2184 persuasione
2495 2116 2765 2188 deceptae,
2827 2122 3257 2191 quamplurimos
3311 2124 3662 2196 deceperunt,

2099 2208 2201 2262 hoc
2225 2219 2308 2263 est
2340 2207 2405 2263 de
2421 2207 2691 2277 Priscilla,
2713 2208 3031 2277 Maximilla,
3051 2228 3115 2268 ac
3138 2212 3665 2286 Quintilla,quarum

2097 2298 2249 2355 fraus
2279 2302 2446 2356 latere
2481 2301 2743 2371 Spiritum
2791 2312 3041 2359 sanctum
3077 2307 3299 2361 minime
3334 2311 3530 2378 potuit,
3568 2310 3697 2366 sed?

2098 2408 2197 2461 per
2220 2393 2365 2448 beati
2396 2392 2622 2450 Joannis
2667 2411 2730 2451 os
2767 2395 2880 2451 fore
2932 2398 3035 2453 ista
3082 2399 3351 2469 praedixit,
3382 2417 3503 2471 quae
3537 2409 3662 2471 post

2098 2482 2216 2551 ejus
2244 2484 2452 2537 obitum
2502 2485 2865 2542 acciderunt?
2912 2488 3015 2554 Qui
3049 2505 3171 2543 cum
3203 2492 3329 2544 olim
3363 2492 3701 2562 imperante—

2096 2576 2328 2632 Claudio
2354 2577 2566 2634 Caesare
2588 2579 2902 2634 vaticinium
2958 2580 3092 2636 illud
3137 2582 3386 2648 ediderit,
3437 2599 3561 2638 cum
3608 2585 3695 2640 in.

2097 2667 2326 2724 Pathmo
2364 2670 2542 2724 insula
2586 2679 2897 2726 versaretur
2947 2671 3112 2743 (istud
3171 2689 3299 2729 vero
3345 2675 3423 2729 illi
3450 2691 3666 2746 quoque

2097 2762 2374 2835 Thyatiris
2394 2766 2689 2837 contigisse
2720 2783 2830 2823 non
2866 2770 3107 2840 negant),
3151 2772 3374 2825 omnino
3403 2770 3667 2827 Christia-

2099 2856 2209 2921 nis,
2270 2857 2363 2927 qui
2417 2866 2531 2912 tum
2589 2858 2699 2914 illic
2751 2870 2941 2924 erant,
3000 2876 3108 2916 non
3172 2862 3291 2917 sine
3348 2865 3665 2933 prophetico

2098 2948 2361 3003 instinctu
2412 2951 2651 3021 scripsit,
2696 2960 2984 3007 venturam
3028 2954 3323 3024 aliquando
3353 2956 3662 3021 mulierem,

2098 3057 2218 3113 quae
2240 3058 2298 3098 se
2331 3043 2734 3112 prophetissam
2759 3045 3071 3114 appellaret.
3110 3045 3187 3099 Ex
3217 3062 3326 3116 quo
3356 3049 3535 3103 omnis
3576 3049 3667 3103 illa
3692 3095 3699 3102 .

410 3121 666 3193 ἀληθείας
684 3120 1099 3191 ἐπεγειρόμενος
1120 3118 1450 3188 πανταχόθεν
1476 3120 1724 3188 ὲπινενοη
1733 3118 1890 3188 μένος
1908 3117 1989 3171 λό-

2097 3134 2160 3188 ad
2185 3135 2600 3206 oppugnandam
2630 3136 2917 3193 veritatem
2938 3146 3252 3208 comparata
3269 3140 3412 3193 ratio
3433 3142 3665 3198 corruit:

412 3231 525 3281 γος,
564 3212 910 3282 δεικνυμένου
958 3212 1052 3264 τοῦ
1097 3210 1237 3265 κατὰ
1298 3210 1393 3281 τὴν
1430 3210 1791 3280 Ἀποκάλυψιν
1839 3210 1996 3280 λόγου

412 3304 749 3378 προφητικοῦ
772 3304 942 3368 ὄντος,
966 3306 1029 3356 ὲκ
1046 3303 1362 3373 Πνεύματος
1386 3302 1540 3370 ἁγίου
1561 3302 1701 3356 κατὰ
1720 3302 1994 3373 ἀλήθειαν.

481 3398 600 3450 AA'.
643 3395 1074 3467 Ἐπαίρονταιδὲ
1108 3395 1268 3449 πάλιν
1294 3399 1358 3467 τῇ
1389 3397 1595 3467 διανοίᾳ
1632 3398 1682 3449 οἱ
1726 3396 1877 3449 αὐτοὶ
1908 3397 1997 3449 λε-

417 3487 762 3558 ξιθηροῦντες
812 3488 1076 3558 ἀπείρως,
1112 3488 1199 3541 ἵνα
1253 3488 1441 3555 δόξωσι
1485 3487 1882 3558 παρεκϐάλλειν
1928 3489 1997 3544 τὰ

411 3577 506 3634 τοῦ
537 3581 691 3650 ἁγίου
728 3582 1054 3640 Ἀποστόλου
1090 3580 1285 3650 βιϐλία,
1316 3582 1457 3651 φημὶ
1487 3581 1542 3634 δὲ
1581 3582 1825 3640 Ἰωάννου
1848 3581 1907 3635 τό
1935 3600 1995 3635 τε

413 3672 743 3742 Εὐαγγέλιον
785 3674 879 3725 καὶ
925 3672 1023 3743 τὴν
1064 3672 1449 3742 Ἀποκάλυψιν,
1473 3673 1611 3743 τάχα
1655 3674 1713 3726 δὲ
1759 3674 1852 3727 καὶ
1898 3674 1998 3739 τὰς

427 3764 764 3827 Ἐπιστολάς.
795 3764 1083 3835 Συνᾲδουσι
1109 3764 1219 3835 γὰρ
1252 3763 1345 3817 καὶ
1381 3758 1540 3818 αὗται
1566 3764 1644 3836 τῷ
1679 3765 1998 3839 Εὐαγγελίῳ

414 3854 508 3907 καὶ
532 3858 598 3926 τῇ
629 3855 1008 3924 Ἀποκαλύψει.
1036 3855 1143 3909 Καί
1177 3873 1357 3924 φασιν,
1392 3857 1474 3909 ὅτι
1508 3853 1708 3922 Εἶδον,
1740 3859 1837 3913 καὶ
1867 3856 1999 3915 εἷπε

413 3944 494 4011 τῷ
517 3946 750 4016 ἀγγέλῳ
766 3964 779 3976 ο
812 3946 1017 4000 Λῦσον
1040 3946 1183 4012 τοὺς
1206 3945 1509 4014 τέσσαρας
1536 3949 1827 4018 ἀγγέλους
1853 3953 1996 4021 τοὺς

414 4038 511 4092 ἐπὶ
544 4039 650 4093 τοῦ
679 4039 1017 4107 Εὐφράτου.
1047 4039 1154 4093 Καὶ
1188 4038 1425 4107 ἤκουσα
1471 4040 1578 4094 τὸν
1609 4044 1859 4113 ἀριθμὸν
1888 4044 1998 4098 τοῦ

414 4133 694 4203 στρατοῦ,
736 4133 939 4202 μύριαι
987 4131 1292 4201 μυριάδες,
1336 4133 1428 4185 καὶ
1478 4134 1661 4202 χίλιαι
1712 4135 1994 4203 χιλιάδες·

415 4227 514 4281 καὶ
572 4221 736 4296 ἦσαν
777 4222 1161 4293 ἐνδεδυμένοι
1223 4222 1489 4291 θώρακας
1552 4228 1842 4293 πυρίνους
1901 4229 1997 4281 καὶ

416 4318 688 4383 θειώδεις,
718 4315 815 4369 καὶ
850 4315 1256 4379 ὑακινθίνους.
1302 4315 1589 4384 Ἑνὸμισαν
1615 4318 1721 4387 γάρ
1749 4319 1796 4369 οἱ
1822 4320 1995 4371 τοιοῦ-

414 4428 518 4474 τοι,
551 4411 623 4481 μή
663 4427 737 4480 πη
780 4408 886 4477 ἄρα
920 4407 1125 4476 γελοῖόν
1157 4410 1303 4461 ἐστιν
1351 4410 1382 4479 ή
1424 4408 1668 4479 ἀλήθεια.
1722 4410 1847 4464 Ἐὰν
1887 4412 1995 4480 γὰρ

2100 3242 2222 3278 cum
2256 3226 2615 3299 Apocalypsis
2646 3228 2736 3283 ille
2761 3229 2899 3284 liber
2931 3230 3232 3300 praphetici
3267 3245 3389 3287 esse
3423 3233 3662 3302 generis,
3691 3281 3696 3286 .

2106 3326 2157 3372 et
2180 3333 2209 3370 a
2238 3319 2442 3387 Spiritu
2487 3328 2677 3375 sancto
2702 3321 2984 3377 verissime
3019 3321 3296 3393 profectus
3328 3323 3660 3378 ostenditur.

2176 3411 2415 3468 XXXIV.
2456 3412 2695 3485 Pergunt
2732 3415 2809 3469 illi
2862 3430 2991 3471 vero
3026 3416 3421 3486 imperitissimi
3468 3431 3663 3469 vocum

2100 3511 2488 3575 aucupatores,
2523 3518 2586 3559 ac
2619 3519 2738 3559 sese
2778 3505 3121 3575 impudenter
3146 3504 3398 3567 ell'erunt,
3430 3516 3487 3558 ut
3521 3505 3662 3558 beati

2101 3596 2334 3666 apostoli
2378 3597 2609 3667 scripta,
2658 3597 2761 3653 hoc
2811 3605 2896 3652 est
2944 3595 3172 3652 Joannis
3213 3596 3563 3667 Evangelium
3611 3606 3665 3651 et

2100 3686 2509 3757 Apocalypsin,
2569 3704 2679 3742 non
2742 3687 3016 3743 immerito
3063 3688 3292 3758 rejicere
3352 3687 3663 3752 videantur,

2100 3778 2345 3848 adeoque
2370 3785 2424 3832 et
2456 3777 2728 3848 Epistolas
2754 3779 2924 3849 ipsas,
2969 3795 3096 3850 quae
3125 3794 3249 3834 cum
3291 3777 3583 3849 Evangelio
3612 3788 3667 3832 ct

2099 3871 2426 3941 Apocalypsi
2458 3870 2828 3925 consentiunt.
2864 3871 2953 3925 Sic
2981 3871 3144 3941 igitur
3166 3870 3434 3940 obiiciunt
3470 3889 3481 3923 :
3523 3870 3662 3927 Vidi.

2098 3961 2276 4030 inquit
2304 3962 2467 4023 ille,et
2490 3960 2628 4014 dixit
2646 3958 2859 4030 angelo:
2885 3958 3036 4013 Solve
3066 3967 3295 4028 quatuor
3324 3956 3557 4027 angelos.
3578 3957 3668 4025 qui

2099 4062 2223 4105 sunt
2250 4053 2305 4105 in
2323 4051 2613 4120 Euphrate.
2634 4050 2700 4103 Et
2727 4051 2903 4104 audivi
2926 4066 3199 4103 numerum
3225 4050 3482 4103 exercitus
3499 4047 3665 4101 decies

2100 4144 2294 4197 millies
2323 4143 2459 4198 dena
2482 4142 2672 4207 millia,
2703 4152 2751 4196 et
2774 4142 2962 4194 millies
2985 4140 3160 4206 mille;
3187 4149 3235 4194 et
3263 4140 3520 4193 habebant
3543 4140 3668 4193 lori-

2100 4252 2188 4289 cas
2211 4237 2413 4304 igneas,
2438 4244 2487 4288 et
2508 4232 3291 4303 sulphureas,ethyacinthinas
3309 4234 3351 4286 ¹.
3381 4233 3449 4286 At
3480 4232 3556 4285 illi
3576 4248 3667 4286 ve—

2101 4327 2245 4380 ritati
2268 4325 2368 4396 ipsi
2395 4326 2617 4381 subesse
2634 4324 2920 4378 ridiculum
2944 4323 3201 4394 quiddam
3223 4322 3484 4392 suspicati
3517 4332 3663 4377 sunt.

2099 4416 2261 4485 Atqui
2310 4430 2432 4469 cum
2463 4424 2697 4491 quatuor
2718 4415 2937 4483 angelos
2968 4412 3033 4467 ad
3063 4411 3371 4482 Euphraten
3412 4412 3663 4476 collocat,

415 4502 545 4573 λέγῃ
581 4502 706 4564 τοὺς
743 4501 1012 4570 τέσσαρας
1045 4500 1311 4569 ἀγγέλους
1356 4500 1482 4564 τοὺς
1524 4502 1581 4552 ὲν
1622 4500 1699 4571 τῷ
1737 4502 1994 4576 Εὐφράτῃ

2103 4482 2327 4562 totidem
2370 4482 2620 4562 nationes
2655 4482 2947 4577 signiﬁcat,
2982 4522 3102 4576 qua:
3124 4504 3190 4560 ad
3218 4504 3529 4575 Euphraten
3566 4503 3665 4557 lia-

417 4590 832 4661 καθεζομένους,
860 4590 947 4642 ἵνα
981 4588 1127 4661 δείξῃ
1161 4590 1258 4653 τὰς
1280 4590 1549 4661 τέσσαρας
1593 4592 1854 4664 διαφορὰς
1889 4595 1998 4648 τῶν

417 4682 593 4735 ἐκεῖσε
617 4680 787 4735 ἐθνῶν
814 4679 1191 4752 καθεζομένων
1217 4682 1308 4734 ἐπὶ
1327 4681 1418 4735 τὸν
1442 4683 1753 4756 Εὐφράτην,
1802 4686 1998 4751 οἵτινές

492 4834 511 4864 ί
543 4834 712 4905 Apoc.
738 4850 801 4900 ιι,
833 4835 1020 4892 18ο21.
1098 4834 1121 4865 ²
1152 4836 1320 4906 Apoc.
1355 4852 1428 4900 Ix,
1466 4836 1647 4892 14-17.

491 4945 621 5015 (59)
648 4941 833 5026 Ὀιζῆν
856 4947 1073 5014 χρόνος
1070 4947 1247 5069 diem
1274 4948 1388 5032 τῂν
1410 4948 1516 5002 τοῦ
1545 4949 1814 5035 Σωτῆρος
1844 4954 1989 5008 ἀνά.

491 5018 626 5069 ritur.
663 5015 821 5068 Aliud
874 5029 1039 5069 aaens
1115 5018 1401 5069 nlnhnnius
1452 5020 1565 5069 haec
1598 5038 1838 5069 scrmsn-
1869 5025 1983 5069 Nnn

414 5018 626 5091 λῆψιν.
663 5015 852 5091 Ali_ud__
874 5029 1039 5091 agens
1064 5015 1401 5091 Epiphanius
1452 5020 1565 5075 haec
1598 5015 1838 5091 scripsit.
1866 5025 1983 5079 Non

417 5086 561 5141 enim
587 5092 711 5156 post
736 5085 1021 5156 ἀνάληψιν,
1064 5085 1274 5142 hoc—est
1304 5104 1589 5144 ascensum
1630 5085 1859 5156 Domini,
1890 5096 1985 5150 sed

419 5162 544 5231 post
586 5155 1012 5231 ejus-{symmv
1069 5164 1123 5212 ct
1167 5156 1408 5231 Natalem
1466 5161 1535 5214 95
1586 5162 1787 5231 elapsis
1827 5155 1986 5221 annis

418 5223 778 5302 Apocalypsin
818 5223 1058 5302 ._loam_i_es_
1101 5229 1298 5302 attigit.
1337 5226 1535 5283 Verum
1579 5223 1833 5302 perplexe
1890 5236 1987 5289 ad-

420 5294 647 5366 modum
691 5295 931 5366 loquitur
967 5294 1339 5366 Epiphanius;
1380 5306 1431 5352 et
1469 5294 1596 5353 cuni
1648 5294 1802 5358 antea
1834 5305 1984 5360 fateri

419 5365 571 5446 visus
596 5362 952 5447 sit,_Joanliis
978 5362 1222 5447 tempore
1269 5368 1786 5447 nullumn'l‘hyatiris
1813 5377 1985 5430 vesti—

419 5436 566 5505 gium
596 5432 852 5490 Ecclesia
875 5432 1208 5505 superfuisse
1233 5479 1248 5503 ,
1279 5454 1401 5492 mox
1435 5432 1669 5507 idipsum
1774 5453 1823 5497 st
1852 5460 1985 5516 apo-

419 5505 683 5579 stolorum
709 5520 799 5579 _ac
843 5504 1073 5579 Joannis
1115 5515 1325 5579 malem
1360 5509 1653 5579 contigisse
1681 5458 1842 5567 digit:
1898 5514 1989 5569 Διὸ

420 5576 513 5654 καὶ
557 5574 862 5654 ξσ-πουδασε
906 5575 979 5654 τὸ-
995 5576 1147 5654 ἅγιον
1174 5576 1398 5654 ῌνεῢμα
1446 5574 1791 5654 ἁιτέοκαλυψαι
1835 5585 1986 5654 ἡμῖν,

421 5645 537 5708 πῶς
568 5644 757 5724 ἔμελλε
806 5646 1107 5724 πλανᾶσθαι
1134 5648 1196 5724 ’ἡ
1236 5644 1526 5724 Ἐκκλησία
1573 5644 1719 5724 μετᾶ
1746 5653 1836 5724 τὸν
1857 5644 1989 5724 ἆρόζ

418 5732 509 5767 νον
546 5717 653 5768 τῶν
697 5716 1027 5780 ἀποστόλων,
1068 5716 1161 5769 τοῦ
1198 5734 1257 5769 τε
1294 5716 1687 5780 Ἰωάννου,’κα“ι
1715 5722 1822 5775 τῶν
1859 5716 1989 5776 ita-

418 5784 548 5859 ιξῆς
570 5802 583 5817 ·
643 5785 788 5857 quod
819 5795 1028 5858 tempus
1066 5787 1222 5844 annis
1250 5788 1317 5845 95
1366 5789 1505 5860 μετὰ
1535 5790 1630 5861 τὴν
1686 5792 1779 5846 τοῦ
1808 5794 1988 5865 Σωτῆ-

2102 4598 2297 4651 bitant.
2324 4594 2644 4666 Cujusmodi
2704 4606 2832 4650 sunt
2887 4595 3117 4667 Assyrii,
3162 4594 3467 4666 Babylonii,
3502 4592 3695 4657 Medi,

2104 4698 2269 4760 atque
2306 4689 2506 4747 Persae.
2536 4688 2662 4745 Haec
2689 4690 2835 4745 enim
2868 4688 3096 4759 imperia
3124 4696 3362 4759 quatuor
3389 4686 3533 4757 apud
3568 4683 3668 4739 Da.

2097 4975 2189 5029 ρος
2212 4956 2478 5029 ἀνάληψιν
2494 4952 2717 5029 deﬁnit.
2831 4952 3228 5029 Cataphrygurn
3258 4949 3486 5029 haeresis
3519 4965 3669 5029 anno

2092 5020 2297 5084 Christi
2329 5020 2454 5089 156,
2494 5025 2597 5080 hoc
2625 5032 2711 5079 est
2749 5022 3006 5076 Antonini
3051 5020 3163 5084 xix,
3198 5021 3411 5074 initium
3454 5020 3666 5085 habuit,

2095 5107 2155 5153 ut
2173 5106 2360 5155 censet
2402 5095 2767 5167 Epiphanius,
2820 5092 3067 5147 Christus
3112 5099 3290 5167 autem
3327 5105 3521 5159 passus
3561 5100 3666 5167 est,

2092 5178 2145 5223 et
2180 5170 2233 5223 in
2278 5161 2473 5221 cmlum
2503 5161 2800 5220 subvectus
2833 5177 2975 5215 anno
3004 5177 3169 5215 xxxw
3204 5161 3286 5213 vel
3327 5175 3531 5220 χχχιιι,
3574 5162 3670 5213 ad-

2090 5238 2223 5301 ditis
2259 5240 2362 5293 105
2391 5281 2404 5302 ,
2436 5238 2574 5291 tiunt
2610 5236 2737 5288 anni
2772 5235 2988 5287 circiter
3035 5231 3131 5285 126
3157 5270 3171 5293 ,
3213 5230 3412 5299 quibus
3464 5230 3667 5302 elapsis

2094 5301 2474 5380 Thyatirorum
2496 5377 2505 5380 _
2524 5305 2817 5380 Ecclesiam
2878 5301 3219 5380 intercidisse
3239 5370 3250 5380 _
3274 5308 3425 5369 putat
3450 5318 3465 5367 ;
3520 5301 3688 5380 quod-

2093 5370 2387 5450 ne'ipsum
2417 5375 2633 5450 quidem
2682 5371 3017 5450 tempu_s___ad
3066 5370 3466 5450 Qataphrygum
3503 5370 3667 5450 origi-

2094 5466 2216 5505 nem
2232 5440 2518 5505 'converiit.
2551 5445 2731 5512 Quare
2768 5440 2871 5498 nisi
2901 5442 3246 5512 librariorum
3277 5441 3433 5512 culpa
3468 5440 3659 5493 vitium

2092 5519 2149 5574 in
2179 5532 2533 5575 numerorum
2561 5510 2721 5572 notas
2748 5514 3059 5577 incurrerit,
3090 5510 3449 5581 Epiphanium
3479 5525 3673 5565 errare

2094 5605 2317 5646 necesse
2338 5598 2442 5645 est.

2169 5659 2279 5729 (60)
2330 5661 2430 5714 Ἐν
2464 5659 2698 5729 χρόνοις
2728 5653 3055 5729 Κλαυδίου..
3083 5652 3369 5729 Perperam
3398 5689 3412 5711 ,
3462 5658 3513 5703 ut
3565 5664 3689 5702 sua»

2097 5720 2191 5801 pra
2228 5720 2556 5787 monuimus.
2590 5720 2723 5783 Nam
2764 5726 2866 5783 sub
2903 5722 3210 5778 Domitiano
3234 5720 3501 5790 relegatus
3528 5729 3650 5775 cst.
