4176 6386
430 363 536 422 933

1152 365 1525 425 ADVERSUS
1562 367 1909 423 ΗΕΒεὸΕὸ
1939 366 2068 421 LIB.
2106 365 2167 429 ιι.
2200 364 2364 425 ΤΟΜ.
2408 364 2536 418 1.-
2578 362 2853 417 ΙΗΕΒΕΞ.
2898 360 3003 416 ιιι.

3571 357 3682 414 954

429 485 495 539 δι’
517 484 694 545 αὐτῶν
716 484 961 547 ἐκδικίαν
981 486 1230 556 γενέσθαι
1263 489 1371 543 τῶν
1398 489 1564 544 αὑτοῦ
1596 491 1786 559 ἁγίων.
1826 492 2013 561 Ἐκρα-

2119 504 2253 559 quos
2279 487 2519 543 nondum
2544 486 2636 540 Dei
2664 485 2875 555 justitia
2902 481 3164 546 Solvebat,
3186 486 3244 537 υι
3266 486 3476 537 caetera:
3490 486 3681 547 gentes

430 577 619 631 τοῦντο
650 578 757 648 γάρ
785 580 830 631 οἱ
866 580 1282 649 ἐπιτεταγμένοι
1316 582 1537 650 ἄγγελοι
1578 582 1683 635 ὑπὸ
1715 581 1810 637 τοῦ
1843 580 2010 635 Πνεύ-

436 686 622 742 ματος,
660 670 733 739 μὴ
765 669 974 740 ἔχοντες
1007 672 1196 742 καιρὸν
1248 673 1566 743 ἐπιδρομῆς,
1598 672 1686 727 διὰ
1734 672 1796 726 τὸ
1846 673 2011 742 μήπω

431 762 577 819 λύειν
613 764 792 824 αὐτοῖς
831 764 929 831 τὴν
965 761 1141 833 δίκην,
1171 762 1263 815 τοῦ
1300 762 1368 815 τὰ
1416 762 1576 816 λοιπὰ
1614 762 1742 833 ἔθνη
1784 761 2005 821 λύεσθαι

431 855 615 907 ἕνεκεν
644 854 742 923 τῆς
776 854 911 925 πρὸς
944 856 1067 917 τοὺς
1111 853 1293 921 ἁγίους
1327 854 1556 926 ὕϐρεως,
1605 854 1837 908 Λύονται
1874 854 1929 906 δὲ
1961 855 2011 906 oi

430 944 679 1007 τοιοῦτοι,
717 945 807 1005 καὶ
843 945 1160 1016 ἐπέρχονται
1192 948 1255 1016 τῇ
1290 949 1382 1016 γῇ,
1414 946 1489 1010 ὡς
1530 948 1777 1017 Ἰωάννης
1812 963 2013 1015 προφη-

430 1037 576 1089 τεύει
615 1039 707 1091 καὶ
748 1040 794 1090 οἱ
836 1038 983 1092 ἄλλοι
1016 1040 1307 1110 προφῆται.
1342 1042 1448 1093 Καὶ
1477 1040 1583 1109 γὰρ
1623 1041 1927 1107 κινούμενοι
1965 1042 2011 1093 οἱ

432 1128 653 1196 ἄγγελοι
684 1128 883 1182 κινοῦσι
910 1130 976 1182 τὰ
1006 1131 1133 1200 ἔθνη
1162 1133 1241 1194 είς
1268 1132 1440 1202 ὁρμὴν
1462 1133 1717 1196 ἐκδικίας.
1753 1136 1871 1187 ’Ὁτι
1909 1136 1923 1165 ¹
1956 1135 2013 1188 δὲ

434 1218 690 1291 πυρίνους
715 1220 804 1272 καὶ
835 1219 1089 1285 θειώδεις,
1123 1222 1215 1274 καὶ
1252 1223 1590 1286 ὑακινθίνους
1625 1223 1878 1292 θώρακας
1915 1244 1978 1295 ση
2000 1256 2011 1264 -

437 1310 637 1379 μαίνει,
663 1311 833 1371 οὐδεὶς
867 1313 1214 1382 ἀμφιϐάλλει.
1265 1315 1475 1368 Ἐκεῖνα
1508 1315 1617 1386 γὰρ
1654 1316 1721 1369 τὰ
1745 1317 1871 1386 ἔθνη
1909 1318 2014 1373 ἀπὸ

432 1402 531 1471 τῆς
555 1405 808 1473 τοιαύτης
844 1405 1009 1473 χρόας
1053 1406 1167 1477 ἔχει
1210 1408 1308 1476 τὴν
1337 1407 1621 1478 ἀμφίασιν.
1668 1410 1745 1462 Τὰ
1784 1411 1882 1481 μὲν
1908 1410 2013 1481 γὰρ

433 1493 627 1563 θειώδη
656 1496 844 1565 ἱμάτια
874 1496 1007 1567 χρόα
1044 1497 1125 1560 τίς
1159 1499 1275 1551 ἐστι
1308 1498 1507 1568 μηλίνη
1540 1498 1680 1553 οὑτω
1708 1500 2012 1573 καλουμένη

433 1586 596 1656 ἐρέω
630 1587 696 1639 τὰ
728 1587 783 1640 δὲ
812 1588 1029 1660 πύρινα,
1058 1590 1143 1647 ἵνα
1175 1590 1301 1665 εἴπῃ
1335 1591 1403 1645 τὰ
1436 1592 1685 1663 κοκκηρὰ
1723 1593 2013 1663 ἐνδύματα,

434 1682 529 1734 καὶ
559 1682 856 1745 ὑακίνθινα,
887 1684 971 1736 ἵνα
998 1682 1142 1754 δείξῃ
1174 1683 1269 1754 τὴν
1300 1683 1603 1755 Καλλαίνην
1638 1685 1820 1759 ὲρὲαν.

504 1774 625 1837 ΛΕ’.
667 1774 824 1826 Ἀλλὰ
882 1769 1060 1837 οὗτοι,
1108 1775 1182 1855 μὴ
1228 1775 1508 1845 δεξάμενοι
1560 1778 1784 1847 Πνεῦμα
1835 1776 2009 1845 ἅγιον,

432 1864 812 1935 ἀνακρίνονται
844 1866 940 1934 μὲν
972 1865 1375 1935 πνευματικῶς,
1411 1867 1484 1937 μὴ
1524 1867 1767 1929 νοοῦντες
1808 1867 1875 1919 τὰ
1917 1867 2009 1921 τοῦ

433 1955 769 2026 Πνεύματος,
818 1957 910 2017 καὶ
953 1957 1094 2013 κατὰ
1131 1957 1221 2011 τὸν
1267 1958 1422 2025 λόγον
1459 1958 1767 2029 βουλόμενοι
1814 1959 2011 2026 λέγειν,

433 2048 527 2111 καὶ
556 2049 654 2101 οὑκ
692 2049 888 2112 ειδότες
917 2049 982 2111 τὰ
1017 2051 1074 2102 ἐν
1093 2051 1159 2120 τῇ
1195 2050 1326 2122 ἁγίᾳ
1364 2051 1654 2121 Ἐκκλησία
1682 2052 2012 2122 χαρίσματα,

434 2139 592 2192 ἆτινα
624 2139 838 2210 ἀληθῶς
880 2141 971 2199 καὶ
1004 2142 1278 2207 εὐσταθῶς
1317 2144 1373 2194 ἐν
1413 2143 1880 2215 παρακολουθήσει
1923 2146 2017 2197 καὶ

434 2232 729 2303 ἐρρωμένῳ
774 2232 848 2301 νῷ
885 2233 945 2284 τὸ
984 2233 1206 2303 Πνεῦμα
1239 2234 1299 2287 τὸ
1328 2234 1480 2303 ἆγιον
1509 2234 1803 2307 διηγήσατο
1826 2251 1839 2265 ο
1876 2236 1928 2288 οἵ
1956 2253 2015 2288 τε

433 2321 578 2391 ᾇγιοι
612 2324 885 2393 προφῆται
920 2325 1014 2381 καὶ
1051 2326 1099 2379 οἱ
1134 2324 1274 2393 ἆγιοι
1303 2326 1620 2381 ἀπόστολον
1665 2328 1722 2379 ὲν
1755 2320 1834 2389 οἷς
1866 2327 1959 2381 καὶ
1988 2329 2016 2380 ὁ

434 2414 587 2482 ἅγιος
628 2417 876 2485 Ἰωάννης
903 2416 989 2469 διὰ
1019 2416 1112 2469 τοῦ
1149 2417 1478 2485 Εὑαγγελίου
1514 2418 1606 2471 καὶ
1637 2418 1744 2473 τῶν
1766 2418 2015 2473 Ἐπιστο-

433 2504 541 2565 λῶν
572 2508 665 2559 καὶ
693 2509 788 2578 τῆς
827 2508 1244 2579 Ἀποκαλύῷεως
1272 2512 1334 2562 ὲκ
1358 2509 1449 2562 τοῦ
1484 2509 1647 2569 αὑτοῦ
1683 2510 2017 2583 χαρίσματος

433 2598 528 2650 τοῦ
558 2600 714 2667 ἁγίου
753 2601 1111 2669 μεταδέδωκε.
1154 2602 1349 2654 Φθάνει
1392 2602 1448 2654 δὲ
1494 2602 1588 2654 καὶ
1628 2603 1712 2653 ἐπ’
1738 2604 1933 2665 αὐτοὺς
1957 2602 2019 2654 τὸ

435 2692 740 2763 εἰρημένον.
766 2694 846 2745 ὅτι
876 2692 958 2757 Τῷ
984 2694 1456 2762 ,βλασφημοῦντι
1485 2698 1571 2761 εὶς
1594 2696 1659 2747 τὸ
1686 2696 1923 2763 Πνεῦμα
1952 2694 2016 2747 τὸ

436 2781 624 2851 ἅγιον,
657 2784 769 2835 οὐκ
822 2783 1183 2851 ἀφεθήσεται
1250 2783 1409 2848 αὐτῷ
1452 2780 1595 2837 οὐδὲ
1648 2786 1716 2837 ἐν
1769 2784 1847 2849 τῷ
1902 2784 2019 2838 νῦν

436 2869 624 2937 αἰῶνι,
655 2872 799 2927 οὐδὲ
850 2875 919 2925 ἐν
951 2874 1029 2939 τῷ
1075 2874 1382 2943 μέλλοντι.
1426 2877 1536 2933 Καὶ
1586 2877 1693 2947 γὰρ
1729 2876 1868 2931 κατὰ
1911 2875 2016 2930 τῶν

439 2964 698 3035 ῥημάτων
736 2966 840 3017 τῶν
883 2967 983 3018 ὑπὸ
1023 2967 1115 3019 τοῦ
1162 2967 1476 3037 Πνεύματος
1516 2969 1820 3041 εἰρημένων
1874 2962 2018 3022 οῦτοι

438 3056 887 3127 ἐστρατεύσαντο,

2114 582 2178 641 ad
2206 580 2637 650 persequendam
2683 584 2997 637 sanctorum
3025 572 3281 642 iniuriam
3312 570 3680 629 solverentur.

2114 669 2279 725 Iidem
2338 677 2520 723 tamen
2578 667 2741 723 soluti
2792 664 3027 733 denique
3088 670 3287 723 terram
3344 660 3568 724 obeunt,
3619 667 3685 713 ut-

2111 759 2351 815 Joannes
2389 775 2451 813 ac
2482 758 2758 829 propheta?
2788 755 2969 813 caeteri
3006 752 3288 813 vaticinati
3323 760 3470 813 sunt.
3493 749 3685 820 Angeli

2112 852 2257 907 enim
2298 853 2427 908 dum
2460 857 2898 913 commoventur,
2926 855 3114 917 gentes
3138 846 3285 915 ipsas
3315 846 3380 903 ait
3411 844 3682 903 ulciscen-

2114 945 2242 999 dum
2299 951 2663 999 commovent.
2703 940 2821 994 Jaui
2869 956 2968 994 cur
2998 940 3197 995 loricas
3252 938 3360 992 illis
3392 937 3601 1007 igneas,
3630 942 3685 990 et

2115 1036 2463 1106 sulphureas,
2493 1047 2547 1090 ct
2571 1035 2950 1105 hyacinthinas
2976 1034 3199 1095 tribuat,
3227 1031 3427 1087 nomini
3459 1030 3681 1090 dubium

2114 1141 2219 1193 est,
2254 1138 2539 1198 propterea
2568 1130 2713 1197 quod
2737 1129 2869 1180 iisce
2894 1126 3172 1179 coloribus
3196 1124 3437 1193 gentium
3470 1122 3684 1181 illarum

2114 1232 2292 1277 vestes
2310 1220 2525 1275 inlecta:
2548 1227 2675 1275 sunt
2693 1237 2708 1285 ;
2727 1234 2849 1271 nam
2864 1218 3008 1285 quod
3031 1216 3097 1269 ad
3123 1215 3448 1284 sulphureas
3473 1213 3686 1277 attinet,

2119 1315 2351 1369 melinus
2383 1316 2488 1368 iste
2532 1314 2683 1367 color
2714 1321 2820 1375 est,
2851 1327 2879 1363 ιι
2899 1326 3007 1380 quo
3037 1316 3090 1363 et
3119 1309 3254 1361 lame
3295 1305 3543 1374 quaedam
3594 1320 3690 1372 ap-

2116 1406 2408 1476 pellantur.
2455 1404 2629 1475 lgneae
2672 1419 2838 1473 porro
2866 1411 3048 1457 vestes
3099 1400 3390 1454 coccineae
3419 1396 3687 1457 indicant,

2116 1492 2569 1570 quemadmodum
2620 1494 3099 1566 hyacinthinarum
3137 1490 3405 1549 vocabulo
3437 1488 3690 1547 Callaicae

2118 1592 2275 1657 lanae,
2305 1590 2410 1647 hoc
2440 1598 2526 1646 est
2554 1588 2902 1658 ferruginea,
2931 1583 3330 1655 signiﬁcantur.

2186 1786 2404 1844 XXXV.
2441 1788 2511 1842 At
2539 1788 2615 1841 illi
2643 1802 2768 1842 cum
2804 1786 2980 1841 sancti
3008 1784 3245 1856 Spiritus
3277 1789 3527 1852 expertes
3555 1780 3696 1847 sint,

2115 1882 2359 1951 ejusdem
2387 1881 2439 1934 vi
2473 1879 2712 1950 Spiritus
2734 1894 2854 1948 quae
2875 1879 2996 1947 ejus
3031 1884 3161 1931 sunt
3191 1875 3405 1930 nescire
3432 1873 3691 1928 facillime

2111 1972 2450 2043 judicantur.
2471 1972 2574 2037 Qui
2598 1987 2721 2025 cum
2748 1971 2935 2025 divino
2953 1969 3118 2024 verbo
3139 1975 3510 2022 consentanea
3542 1961 3691 2033 loqui

2115 2064 2287 2119 videri
2307 2065 2519 2126 volunt,
2542 2062 2786 2118 caelestia
2811 2062 2899 2114 illa
2929 2060 2982 2114 in
2997 2060 3297 2114 Ecclesium
3311 2058 3507 2112 collata
3526 2056 3689 2118 dona,

2115 2156 2375 2210 vaticinia
2407 2156 2639 2217 scilicet,
2671 2158 2941 2222 ignorant,
2972 2166 3093 2221 qua:
3120 2165 3248 2205 vere
3280 2164 3345 2203 ac
3373 2154 3694 2201 constanter

2118 2264 2215 2318 per
2242 2263 2337 2303 eos
2370 2247 2640 2307 homines,
2664 2245 2758 2313 qui
2782 2259 2845 2299 ea
2874 2258 2996 2313 quin
3022 2241 3272 2296 dicerent
3306 2240 3691 2308 intelligerent,

2119 2355 2183 2393 ac
2233 2318 2387 2393 ﬁrma
2417 2345 2470 2393 et
2511 2338 2741 2392 robusta
2782 2344 2960 2388 mente
2993 2333 3205 2403 praediti
3237 2339 3417 2395 erant,
3452 2330 3694 2399 Spiritus

2120 2444 2343 2489 sanctus
2375 2431 2649 2499 exposuit.
2699 2427 2900 2494 Quales
2950 2427 3125 2481 sancti
3167 2426 3458 2497 prophetae,
3481 2431 3536 2477 et
3564 2438 3695 2493 apo—

2119 2526 2243 2580 stoli
2271 2524 2503 2577 fuerunt.
2526 2520 2769 2587 Quorum
2794 2534 2824 2573 e
2850 2532 3079 2571 numero
3108 2516 3302 2571 beatus
3330 2514 3569 2568 Joannes
3600 2528 3697 2583 per

2120 2615 2475 2686 Evangelium
2510 2628 2693 2675 suum,
2730 2620 2896 2680 atque
2929 2609 3221 2679 Epistolas,
3250 2615 3303 2662 et
3329 2606 3694 2677 Apocalypsin

2121 2708 2262 2761 idem
2301 2706 2525 2757 ctelcste
2573 2718 2770 2756 munus
2823 2700 3101 2771 impertiit.
3155 2699 3424 2753 Caeterum
3472 2698 3526 2751 in
3572 2698 3697 2752 illos

2119 2796 2355 2867 quadrat
2382 2796 2498 2849 haec
2536 2794 2743 2847 Christi
2776 2792 3081 2848 sententia:
3117 2792 3220 2857 Qui
3252 2790 3697 2858 blasphemath

2120 2889 2176 2940 in
2217 2885 2471 2955 Spiritum
2496 2897 2759 2943 sanctum,
2791 2884 2839 2935 ei
2874 2899 3034 2952 neque
3068 2882 3119 2933 iu
3148 2881 3418 2950 praesenti,
3450 2895 3611 2948 neque
3642 2877 3698 2931 in

2122 2981 2301 3051 futuro
2334 2979 2527 3032 swcuto
2572 2986 2835 3045 peccatum
2874 2975 3073 3031 remitti
3093 2973 3137 3027 ³.
3197 2970 3331 3033 Nam
3366 2971 3441 3026 illi
3471 2986 3700 3040 expres-

2121 3070 2355 3127 sissimis
2392 3071 2628 3140 Spiritus
2656 3068 2833 3123 sancti
2866 3066 3048 3121 verbis
3081 3072 3269 3136 aperte
3297 3070 3623 3134 repugnant.

510 3148 630 3200 Τῶν
676 3149 728 3202 δὲ
776 3149 1030 3205 τοιούτων
1078 3167 1173 3204 και
1218 3151 1485 3205 τοσούτων
1529 3153 1831 3223 εἰρημένων
1882 3153 2017 3211 κατὰ

2194 3163 2371 3231 Atque
2405 3160 2516 3214 haec
2547 3160 2810 3214 adversus
2852 3158 2999 3211 illam
3056 3156 3292 3210 liaaresiu
3325 3155 3473 3208 hunc
3496 3155 3553 3209 in
3584 3169 3699 3210 mo-

435 3242 535 3310 τῆς
572 3240 824 3311 τοιαύτης
872 3243 1155 3313 αἱρέσεως,
1204 3243 1402 3307 ἱκανῶς
1444 3243 1586 3314 ἔχειν
1626 3246 1883 3314 νομίσας,
1926 3248 2020 3305 καὶ

435 3331 511 3395 ὡς
540 3334 955 3401 σκολόπενδραν,
989 3336 1021 3405 ἢ
1058 3334 1229 3387 ίοῦλον
1263 3335 1593 3406 καλούμενον
1628 3337 1896 3407 (ἑρπετὸν,
1931 3355 2022 3390 πο-

436 3424 660 3485 λύποδα,
684 3427 861 3495 ὀλίγον
890 3427 989 3495 μὲν
1013 3431 1078 3498 τῇ
1111 3428 1335 3498 δυνάμει
1358 3433 1425 3500 τῇ
1456 3431 1765 3501 περιοδυνία
1792 3430 1882 3483 τοῦ
1919 3431 2019 3498 ἰοῦ,

437 3519 714 3573 πολύπουν
741 3520 798 3573 δὲ
826 3522 925 3573 καὶ
964 3521 1371 3591 μακροείκελον)
1408 3525 1470 3592 τῇ
1504 3521 1596 3574 τοῦ
1632 3523 1765 3576 Θεοῦ
1796 3524 2021 3592 δυνάμει

438 3611 532 3665 καὶ
566 3610 791 3682 ἀληθεία
824 3615 1342 3677 καταπατήσαντες,
1406 3613 1497 3664 ἐπὶ
1540 3613 1639 3677 τὰς
1691 3614 1816 3685 ἑξῆς
1865 3616 2021 3670 πάλιν

438 3704 839 3773 προϐαίνοντες,
872 3707 967 3759 σὺν
1002 3707 1067 3776 τῇ
1100 3704 1193 3761 τοῦ
1231 3705 1365 3759 Θεοῦ
1393 3706 1617 3777 δυνάμει
1660 3708 1847 3777 ἴωμεν,
1888 3710 2024 3777 ἀγα..

438 3795 621 3866 πητοί.

838 3910 1028 3965 ΚΑΤΑ
1066 3911 1469 3965 ΑΔΑΜιΑΝοΝ
1488 3912 1621 3983 (ιιι),

849 4025 1088 4099 Αἵρεσις
1111 4025 1223 4078 AB’
1254 4027 1291 4094 ἡ
1327 4027 1424 4079 καὶ
1459 4028 1590 4079 NB‘.

508 4134 588 4190 A'.
629 4136 943 4205 Ἀσφάλακα
998 4136 1223 4192 καλοῦσί
1270 4156 1323 4191 τι
1364 4139 1501 4202 ζῶον
1545 4142 1602 4192 ὲν
1632 4143 1699 4211 τῇ
1752 4142 1822 4211 γῇ
1876 4141 2026 4194 κάτω

440 4224 773 4295 ὲμφωλεῦον,
814 4227 1137 4298 τετράπουν,
1168 4229 1187 4258 ⁸
1236 4227 1449 4298 ὀρύττει
1518 4229 1616 4299 τὴν
1676 4229 1800 4299 γῆν,
1839 4230 1930 4282 καὶ
1968 4231 2025 4282 ὲν

440 4319 549 4378 τοῖς
580 4317 899 4386 μυχοτάτοις
926 4317 1095 4385 αὑτῆς
1131 4316 1242 4389 ἔχει
1270 4318 1366 4387 τὴν
1398 4317 1628 4387 οἴκησιν.
1656 4319 1738 4371 Τά
1768 4318 1822 4372 δὲ
1850 4319 2027 4377 πάντα

439 4405 533 4458 τοῦ
570 4406 708 4471 ζώου
750 4407 984 4476 ὑπάρχει
1019 4407 1149 4459 ὡσεὶ
1185 4408 1381 4478 μικροῦ
1433 4406 1699 4471 σκύλακος
1737 4410 1895 4471 κυνὸς
1928 4408 2025 4479 τὴν

2123 3252 2252 3305 dum
2286 3252 2509 3320 cepiose
2551 3250 2827 3317 disputata
2879 3247 3126 3302 sufﬁcere
3169 3244 3463 3298 credimus.
3525 3242 3698 3308 Quam

2120 3345 2269 3398 velut
2306 3342 2746 3411 scopolcndram,
2780 3340 2874 3409 qui
2914 3347 2968 3393 et
3002 3338 3148 3392 iulus
3177 3336 3382 3389 dicitur
3408 3334 3701 3404 (serpentis

2122 3433 2175 3487 id
2199 3448 2370 3504 genus
2395 3441 2500 3495 est,
2524 3431 2801 3499 multipes,
2824 3429 3179 3491 imbecillum,
3200 3426 3357 3497 cujus
3374 3426 3527 3480 virus
3556 3424 3701 3480 haud

2124 3541 2380 3596 magnum
2410 3524 2564 3579 all‘ert
2600 3524 2866 3586 dolorem,
2922 3521 3020 3576 sed
3066 3529 3120 3575 et
3165 3520 3355 3590 pedes,
3408 3526 3467 3571 ut
3496 3518 3700 3572 dictum

2124 3627 2229 3679 est,
2255 3617 2441 3685 plures
2472 3616 2650 3680 habet,
2674 3623 2728 3669 et
2753 3614 3047 3684 oblongum
3078 3613 3205 3679 est),
3233 3626 3357 3664 cum
3385 3609 3569 3664 divina
3590 3608 3704 3662 vir-

2124 3717 2241 3765 tute
2276 3725 2340 3763 ac
2386 3710 2615 3765 veritate
2660 3706 3100 3778 protriverimus,
3132 3703 3299 3775 458
3334 3702 3401 3756 ad
3437 3701 3699 3771 reliquas,

2123 3802 2458 3869 charissimi,
2490 3817 2616 3856 cum
2646 3800 2835 3856 eadem
2866 3798 2958 3853 Del
2989 3812 3093 3866 ope
3123 3794 3558 3865 progrediamur.

2531 3910 2811 3969 CONTRA
2847 3905 3270 3971 ADAMIANOS,

2516 4024 2750 4080 eresis
2782 4022 3011 4081 XXXII
3044 4023 3149 4077 sive
3173 4020 3307 4075 LII.

2196 4139 2235 4193 l.
2273 4136 2498 4207 Talpam
2538 4154 2711 4209 genus
2750 4135 3023 4208 quoddam
3066 4133 3321 4188 animalis
3356 4135 3699 4198 nuncupant,

2127 4230 2461 4301 quadrupes,
2515 4229 2663 4299 quod
2708 4229 2813 4284 sub
2864 4234 3011 4280 terra
3046 4224 3284 4283 latebras
3316 4222 3495 4283 habet,
3529 4234 3703 4289 eaque

2126 4322 2347 4388 emissa,
2397 4323 2453 4379 in
2497 4321 2705 4379 intimis
2758 4319 2906 4374 illius
2947 4316 3319 4387 penetralibus
3365 4311 3699 4367 domicilium

2128 4415 2379 4468 collocat.
2436 4413 2532 4467 Est
2566 4420 2745 4466 autem
2778 4411 2976 4466 canino
3005 4407 3186 4463 catulo
3218 4406 3398 4476 specie
3426 4420 3587 4474 quam
3620 4403 3702 4458 si-

442 4499 794 4569 περιφέρειαν
821 4499 919 4568 τῆς
951 4499 1162 4569 ἡλικίας
1202 4499 1342 4568 ἕχον,
1472 4499 1590 4552 οὑδὲ
1627 4500 1761 4563 ὅλως
1791 4502 2017 4571 ὑπάρχει

2131 4506 2437 4569 millimuin,
2470 4505 2770 4575 eodemque
2800 4512 3023 4557 staturae
3050 4499 3254 4553 ambitu
3287 4506 3568 4558 constans,
3606 4494 3703 4549 sed

440 4591 647 4661 ὅρασις.
697 4592 1072 4663 Ἐρημωτικὸν
1115 4592 1171 4647 δὲ
1196 4591 1273 4660 ᾗόν
1306 4592 1367 4644 τὸ
1408 4592 1568 4656 ζῶον,
1601 4593 1841 4647 κάτωθεν
1876 4595 2024 4664 ἐκρι-

443 4680 568 4746 ζοῦν
612 4684 788 4736 πάντα
838 4682 907 4735 τὰ
950 4683 1058 4734 τῶν
1102 4682 1419 4753 ἀνθρώπων,
1445 4687 1831 4754 γεωργήματα,
1864 4685 1933 4744 τά
1963 4703 2022 4736 τε

446 4775 681 4845 σικύηρὰ
703 4775 769 4827 τὰ
795 4775 1046 4844 μάλιστα,
1075 4777 1169 4830 καὶ
1190 4775 1257 4828 τὰ
1277 4776 1471 4847 δριμέα
1498 4777 1832 4846 φυτεύματα.
1863 4794 2024 4847 κρομ·

447 4866 599 4936 μύων
639 4884 697 4919 τε
735 4869 828 4920 καὶ
874 4866 1160 4935 σκορόδων,
1212 4866 1415 4936 βολϐῶν
1458 4868 1550 4920 καὶ
1595 4867 1701 4920 τῶν
1742 4866 2021 4929 τοιούτων,

444 4959 643 5029 κρίνων
670 4977 728 5013 τε
761 4960 854 5013 καὶ
880 4959 987 5011 τῶν
1015 4959 1205 5015 ἄλλων.
1246 4960 1370 5012 Ἐὰν
1404 4959 1458 5012 δὲ
1484 4959 1647 5017 λαθὸν,
1677 4961 1732 5015 ὲν
1764 4959 1839 5029 τῷ
1865 4958 2024 5035 ὀρύτ-

442 5068 557 5104 τειν
589 5050 767 5122 φθάσῃ
801 5053 892 5104 ἐπὶ
920 5050 1021 5121 τῆς
1047 5054 1147 5123 γῆς
1186 5052 1310 5119 ἔξω,
1339 5054 1420 5115 εἰς
1462 5052 1553 5105 τὸν
1581 5053 1721 5123 ἀέρα
1748 5051 2020 5120 γενέσθαι,

444 5143 478 5215 ἢ
516 5143 675 5207 ἁλοὺς
715 5143 1001 5215 θηρευθείη
1049 5145 1154 5201 ὑπὸ
1202 5144 1309 5197 τῶν
1358 5144 1679 5215 ἀνθρώπων,
1726 5145 1928 5212 γέλοιόν
1970 5162 2025 5197 τι

446 5237 662 5304 ἐμποιεῖ
694 5236 825 5287 πᾶσι
860 5238 971 5297 τοῖς
1003 5235 1157 5289 τοῦτο
1188 5237 1247 5288 τὸ
1289 5234 1424 5298 ζῶον
1458 5237 1798 5308 θηρεύσασιν.
1840 5237 2024 5301 Οὕτως

447 5329 542 5380 καὶ
571 5327 729 5389 αὑτὸς
756 5328 1015 5399 ἐπιχειρῶ
1043 5329 1220 5397 λέγειν
1256 5331 1383 5399 περὶ
1411 5333 1508 5399 τῆς
1536 5331 1649 5381 νυνὶ
1682 5330 1818 5399 μετὰ
1841 5333 2027 5401 χεῖρας

446 5420 728 5491 αἱρέσεως,
752 5417 827 5481 ὡς
856 5420 951 5489 μὲν
997 5420 1137 5473 κατὰ
1168 5422 1266 5491 τὴν
1304 5420 1532 5491 καρδίαν
1571 5420 1892 5487 τυφλιῦττει,
1936 5423 2029 5475 καὶ

515 5574 531 5603 ¹
572 5576 714 5650 L336
770 5579 890 5632 ὅτι.
969 5579 989 5608 ³
1024 5576 1184 5632 Deest
1208 5578 1364 5648 ὅπερ.
1444 5577 1463 5607 ³
1492 5575 1658 5630 Marc.
1694 5592 1775 5639 ιιι,
1815 5578 1906 5633 29.

2128 4597 2247 4648 visu
2290 4596 2506 4662 penitus
2545 4604 2709 4649 caret.
2778 4594 2919 4649 Idem
2971 4592 3116 4662 agris
3165 4591 3475 4646 vastitatem
3521 4586 3701 4652 affert,

2124 4697 2389 4743 eteorum
2426 4701 2547 4755 qua:
2593 4684 2872 4741 hominum
2907 4683 3091 4736 labore
3119 4680 3330 4735 consita
3380 4685 3530 4742 sunt,
3557 4677 3703 4730 radi-

2124 4797 2218 4835 ces
2257 4779 2472 4844 evellit;
2521 4777 2615 4832 sed
2649 4790 3005 4830 cucumerum
3038 4776 3089 4829 in
3137 4774 3346 4844 primis,
3394 4780 3505 4825 tum
3538 4768 3701 4840 quid-

2124 4872 2255 4947 quid
2276 4871 2550 4925 acriorum
2579 4875 2663 4924 est
2690 4867 2991 4923 seminum:
3029 4864 3337 4935 cujusmodi
3367 4870 3494 4917 sunt
3517 4876 3698 4931 ωερε,

2124 4967 2274 5030 allia,
2325 4963 2497 5027 bulbi,
2544 4969 2851 5031 caeteraque
2895 4959 2949 5014 id
2998 4973 3207 5027 genus;
3251 4955 3380 5010 item
3436 4954 3569 5017 lilia,
3618 4962 3703 5007 at-

2124 5072 2231 5127 que
2286 5055 2390 5109 alia
2447 5056 2723 5123 pleraque.
2792 5052 2948 5118 Quod
3001 5051 3048 5106 si
3098 5048 3354 5103 fodiendo
3383 5047 3601 5100 demum
3633 5044 3701 5099 ad

2123 5147 2449 5203 exteriorem
2497 5155 2657 5199 terra:
2704 5142 3073 5215 superﬁciem,
3125 5146 3700 5212 apertquUe‘aeretu

2124 5240 2455 5317 pervenerit,
2498 5246 2593 5292 aut
2625 5239 2903 5295 hominum
2935 5233 3149 5291 insidiis
3194 5240 3385 5302 captus
3420 5231 3605 5297 fuerit,
3635 5229 3701 5287 iis

2126 5346 2157 5385 a
2184 5332 2386 5402 quibus
2426 5340 2622 5400 captus
2655 5340 2759 5393 est,
2802 5330 3072 5383 ludicrum
3107 5327 3175 5381 de
3216 5342 3275 5382 se
3322 5322 3698 5394 spectaculum

2126 5425 2350 5494 praebet.
2388 5424 2535 5478 ldem
2569 5423 2729 5479 nobis
2768 5423 2835 5478 de
2868 5440 2953 5487 ea,
2996 5438 3158 5493 quam
3190 5436 3301 5491 pra:
3323 5418 3574 5474 manibus
3606 5415 3698 5468 ha-

539 5732 652 5796 (65)
704 5732 1081 5801 Ἀδαμιανών.
1148 5726 1528 5803 Spureissi'mze
1582 5729 1745 5800 lmjus
1804 5728 2025 5786 hwrcsis
2077 5736 2357 5787 auctorem
2412 5728 2787 5787 Thco-Joretus
2827 5725 2957 5782 facit
3022 5722 3347 5792 Prodicum,
3382 5720 3539 5792 cujus
3582 5727 3697 5776 me-

450 5805 608 5860 minit
638 5803 807 5859 Clem.
849 5819 906 5858 ιιι
945 5805 1145 5858 Strom.
