4176 6386
1920 311 1978 368 S.
2021 311 2361 369 EPIPHANII

3652 311 3769 368 956‘

486 419 702 485 bemus,
756 416 951 476 heresi
1006 420 1298 477 dicendum
1357 421 1610 489 Videtur,
1658 441 1779 495 quae
1823 430 2071 483 excaecati

2186 428 2539 499 ἀνοηταίνει·-
2569 429 2801 500 ἐρημίαν
2849 428 2906 482 δὲ
2959 428 3125 500 ἑαυτῇ
3178 425 3488 499 ἐργάζεται,
3530 426 3623 478 καὶ
3664 424 3757 496 τὴν

485 511 669 567 cordis
697 522 805 577 est,
844 528 909 568 ac
940 513 1175 584 desipit;
1228 515 1333 571 sibi
1368 530 1501 571 vero
1528 517 1838 574 vastitatem
1870 520 2063 587 affert;

482 610 537 659 et
561 603 819 675 idipsum,
842 620 910 660 ex
934 621 1043 676 quo
1064 615 1300 672 constat,
1334 609 1597 664 radicitus
1656 611 1883 668 excidit.
1923 612 2064 678 Quin

484 696 654 751 ctiam
688 697 969 754 radicibus
1000 702 1443 773 quamplurimls,
1495 704 1603 759 illis
1643 706 1855 760 scilicet
1893 706 2057 760 homi-

484 787 673 855 nibus,
702 791 798 861 qui
832 790 900 846 ad
933 808 993 848 se
1020 793 1389 865 confugerint,
1418 798 1715 867 perniciem
1747 801 2063 855 consciscit.

483 880 529 936 Ε
551 884 829 939 contrario
859 900 993 941 vero
1018 886 1397 956 prudentibus,
1423 889 1468 944 si
1494 889 1548 943 in
1579 900 1931 961 conspectum
1963 892 2066 946 ali-

482 973 706 1045 quando
736 976 988 1041 venerit,‘
1018 994 1126 1031 non
1157 978 1486 1034 mediocrem
1530 980 1597 1035 de
1636 998 1696 1037 se
1731 983 1906 1038 risum
1935 998 2069 1037 con-

481 1066 640 1120 citat.
693 1065 1165 1133 Quemadmodum
1216 1072 1369 1137 illud,
1408 1072 1484 1127 de
1508 1088 1625 1142 quo
1656 1072 1920 1138 diximus,
1950 1075 2069 1128 ani-

484 1158 619 1223 mal,
650 1160 820 1229 quod,
849 1161 982 1230 quia
1006 1176 1210 1215 caacum
1241 1171 1347 1227 est,
1381 1178 1480 1216 nec
1512 1172 1789 1233 receptum
1824 1164 2069 1218 invenire

484 1251 658 1305 ullum
696 1259 892 1321 potest,
936 1254 1005 1307 ab
1045 1254 1300 1309 omnibus
1328 1255 1597 1319 illuditur,
1653 1272 1758 1308 non
1805 1257 2069 1312 absimilis

483 1349 571 1396 cst
620 1342 770 1398 illius
814 1345 1038 1399 haeresis
1081 1346 1342 1400 conditio.
1400 1346 1573 1412 Quam
1613 1348 1705 1416 qui
1742 1356 2068 1416 sequuntur,

482 1432 689 1487 Adami
711 1448 910 1489 nomen
939 1445 1299 1505 usurparunt.
1326 1434 1441 1489 Hoc
1464 1443 1671 1500 autem,
1706 1435 1853 1505 quod
1880 1450 1911 1489 a
1931 1435 2071 1491 mul-

2179 521 2436 574 σύστασιν
2488 522 2685 591 ἑαυτῆς
2731 521 2975 575 κάτωθεν
3020 520 3292 590 ἐκτέμνει.
3329 516 3519 581 Ῥιζῶν
3545 533 3602 569 τε
3635 516 3757 569 πολ-

2171 614 2298 677 λῶν,
2361 612 2470 666 τῶν
2542 615 2623 676 εἰς
2669 612 2838 685 αὐτὴν
2880 610 3310 666 ἐκπεπτωκότων
3365 608 3604 679 ἀνδρῶν,
3661 608 3755 678 τὴν

2171 705 2348 776 λύμην
2393 706 2781 777 ἀπεργάζεται.
2831 705 2957 767 Τοῖς
2997 704 3053 758 δὲ
3106 704 3345 765 συνετοῖς
3391 702 3444 754 εῐ
3484 718 3615 754 ποτε
3667 699 3757 767 γέ-

2170 816 2313 851 νοιτο
2379 798 2809 868 κατοπτευθῆναι
2866 798 3036 869 αὐτὴν
3062 838 3076 863 ,
3121 795 3337 864 γέλωτα
3395 794 3456 848 ού
3522 794 3614 847 τὸν
3666 809 3758 845 τυ-

2172 891 2337 962 χόντα
2375 890 2781 962 παρασκευάζει
2802 907 2814 922 ’
2850 891 2924 955 ὡς
2955 891 3049 943 καὶ
3077 889 3138 942 τὸ
3172 886 3567 961 προειρημένον
3597 884 3754 950 ζῶον,

2170 982 2258 1036 διά
2314 984 2413 1054 τὴν
2469 983 2663 1038 ἑαυτοῦ
2728 983 2997 1052 τύφλωσιν
3054 980 3460 1052 ὲμπαιζόμενον
3520 978 3608 1032 διά
3658 978 3757 1048 τὴν

2171 1075 2438 1146 ἀκρασίαν
2487 1077 2527 1138 ³,
2584 1075 2678 1128 καὶ
2720 1076 2794 1146 μὴ
2848 1074 3099 1145 εὑρίσκον
3150 1072 3254 1126 ποῦ
3308 1073 3407 1141 τὴν
3451 1070 3761 1139 εἰσαγωγὴν

2173 1166 2523 1237 ποιήσασθαι,
2550 1166 2625 1228 ὡς
2670 1166 2765 1218 καὶ
2806 1166 2945 1235 αὐτὴ
2980 1167 3013 1236 ἡ
3054 1165 3283 1235 αἵρεσις.
3328 1162 3613 1216 Ἐπέθεντο
3649 1159 3758 1229 γάρ

2174 1258 2387 1321 ἑαυτοῖς
2420 1257 2513 1309 τοῦ
2556 1256 2729 1326 Ἀδὰμ
2766 1256 2829 1309 τὸ
2873 1256 3063 1325 ὄνομα.
3116 1255 3287 1307 Τοῦτο
3335 1253 3391 1305 δὲ
3435 1252 3544 1305 ἀπὸ
3589 1250 3758 1319 ἀκοῆς

2173 1347 2382 1419 ἀνδρῶν
2415 1346 2627 1400 πολλῶν
2668 1346 2963 1417 ἀκηκοότες
3001 1344 3211 1415 φαμέν·
3261 1344 3323 1396 οὐ
3366 1342 3476 1413 γὰρ
3518 1337 3587 1394 -ἐν
3632 1356 3760 1407 συγ-

2174 1440 2495 1510 γράμμασιν
2528 1438 2781 1509 εὖρομεν,
2822 1439 2855 1506 ἢ
2898 1436 3290 1507 περιετύχομεν
3332 1432 3594 1495 τοιούτοις
3625 1430 3760 1487 τισί.

482 1528 555 1583 tis
578 1528 857 1585 auditione
881 1529 1193 1598 didicimus,
1217 1531 1285 1586 de
1315 1545 1380 1585 eo
1406 1531 1691 1585 hominum
1722 1546 1918 1602 genere
1971 1537 2347 1603 proponimus,
2397 1550 2503 1587 non
2543 1535 2670 1589 ullis
2728 1534 3057 1602 scriptorum
3105 1530 3457 1585 monimentis
3514 1540 3777 1597 comperm

483 1631 625 1685 tum.
657 1633 754 1679 aut
785 1626 1114 1696 cujusquam
1158 1642 1225 1682 ex
1275 1626 1369 1680 illo
1393 1642 1555 1699 grege
1586 1643 1688 1682 usu
1744 1642 1808 1680 ac
1840 1628 2239 1683 consuetudine
2269 1639 2607 1698 perceptum.

557 1717 927 1784 Quamobrem
966 1736 1089 1775 cum
1127 1736 1191 1775 ea
1231 1737 1353 1791 qua:
1386 1721 1640 1776 dicturus
1676 1739 1795 1778 sum
1827 1724 2071 1793 plerique

2246 1724 2464 1777 Πολλῶν
2497 1718 2589 1777 οὖν
2621 1724 2939 1794 εἰρηκότων,
2978 1720 3129 1787 ἀξιον
3176 1720 3271 1773 καὶ
3314 1717 3484 1788 αὐτῆς
3517 1714 3761 1787 μνησθῆ-

485 1811 855 1875 narraverint,
870 1813 1067 1868 merito
1092 1812 1257 1882 hujus
1278 1822 1443 1869 sectae
1468 1814 1801 1869 mentionem
1829 1816 2065 1884 aliquam

487 1897 796 1954 faciendam
825 1916 948 1955 esse
970 1900 1249 1965 duximus,
1274 1918 1337 1956 ac
1360 1902 1484 1971 jure
1505 1906 1749 1959 eamdem
1776 1920 1899 1959 cum
1923 1921 2067 1960 caeco

484 1985 581 2041 illo
607 1988 935 2043 animalculo
972 1992 1430 2060 comparavimus,
1482 1994 1625 2063 quod
1666 1994 1734 2048 ad
1782 1995 2063 2050 hominum

485 2088 770 2149 aspectum
821 2081 971 2135 haud
1010 2082 1083 2136 ita
1124 2082 1439 2153 frequenter
1480 2088 1737 2156 erumpit,
1777 2096 2062 2157 propterea

484 2170 635 2240 quod
691 2170 797 2227 sub
847 2180 994 2229 terra
1041 2174 1352 2241 delitescit;
1403 2175 1754 2248 indidemque
1803 2180 2069 2250 stirpibus

484 2269 695 2331 pestem
723 2269 888 2333 atque
918 2263 1145 2319 exitium
1172 2266 1413 2321 molitur.
1472 2265 1575 2322 Sed
1610 2268 1837 2323 ridicula
1870 2270 1922 2323 in
1958 2272 2067 2341 pri-

485 2350 593 2407 mis
624 2350 849 2408 hteresis
883 2353 973 2407 illa
1004 2362 1107 2409 est.
1150 2354 1229 2410 Ac
1255 2356 1344 2409 diu
1380 2372 1511 2411 sane
1541 2357 1806 2421 dubitavi,
1850 2376 1979 2413 num
2005 2377 2069 2415 ea

484 2440 558 2496 ab
592 2450 913 2496 exterarum
965 2459 1196 2499 numero
1239 2444 1575 2498 excludenda
1625 2461 1849 2513 prorsus
1897 2454 2060 2501 esset.

485 2530 713 2600 Verum,
743 2535 889 2603 quod
913 2536 1045 2605 ejus'
1069 2536 1124 2590 in
1156 2536 1360 2589 mundo
1392 2545 1669 2606 utcunque
1699 2553 1868 2591 sonus
1895 2552 2065 2591 exau-

484 2624 656 2691 ditur,
704 2641 814 2681 non
850 2625 954 2681 erit
983 2626 1217 2681 auditori
1252 2627 1483 2696 sapienti
1521 2628 1830 2691 molestum,
1864 2629 2062 2683 si'lolii

488 2732 688 2788 genera
720 2718 901 2771 omnia
930 2718 1270 2789 cognoverit,
1315 2733 1436 2789 qua:
1483 2720 1538 2772 in
1567 2719 1700 2774 orbe
1734 2728 2006 2775 terrarum
2038 2737 2070 2776 a

489 2808 708 2865 diabolo
738 2808 904 2881 559
952 2809 1310 2871 disseminata
1350 2818 1497 2865 sunt.
1560 2809 1684 2865 Sive
1722 2813 1868 2865 enim
1922 2813 2072 2882 ejus-

486 2898 638 2953 modi
678 2906 782 2964 est,
824 2899 1039 2969 qualem
1071 2902 1396 2971 accepimus,
1448 2901 1564 2955 sive
1601 2916 1707 2957 non
1736 2910 1839 2965 est,
1888 2911 2070 2959 tamen

2176 1834 2263 1870 ναι
2304 1815 2722 1886 ὲδικαιὼσαμεν.
2754 1815 2846 1868 Διὸ
2879 1815 2973 1868 καὶ
3001 1812 3225 1874 δικαίως
3259 1809 3462 1879 ταύτην
3494 1807 3759 1878 παρεικά-

2172 1927 2343 1980 σαμεν
2372 1908 2450 1979 τῷ
2495 1908 2874 1979 προειρημένῳ
2912 1905 3097 1976 τυφλῷ
3126 1904 3263 1969 ζῶον
3295 1906 3340 1966 ²,
3375 1903 3468 1956 καὶ
3505 1900 3761 1971 ἀνδράσιν

2169 2006 2229 2057 ού
2258 2006 2445 2073 ¹ῐάχιον
2474 2004 2807 2075 φαινόμενοι,
2841 2000 2928 2054 διὰ
2954 1999 3015 2054 τὸ
3042 1998 3282 2071 κρύϐδην
3311 2000 3369 2051 ὲν
3402 1998 3468 2067 τῇ
3499 1999 3572 2065 γῇ
3600 1988 3759 2057 εἶναι,

2169 2098 2261 2150 καὶ
2299 2094 2540 2149 κάτωθεν
2576 2096 2672 2167 τὴν
2714 2095 2892 2167 λύμην
2947 2090 3298 2166 ἐργάξεσθαι.
3360 2086 3762 2159 Περιγέλαστος

2168 2187 2227 2240 δέ
2255 2189 2399 2240 ἐστι·
2439 2186 2534 2239 καὶ
2569 2187 2914 2257 ὲσκεπτόμην
2952 2185 3072 2256 μηδ’
3096 2184 3234 2247 ὅλως
3272 2181 3352 2243 εἰς
3400 2177 3629 2247 ἀριθμὸν
3662 2175 3764 2228 αύ-

2168 2276 2267 2347 τὴν
2295 2277 2499 2347 φέρειν.
2532 2277 2630 2329 Διά
2664 2276 2721 2329 δὲ
2754 2276 2814 2329 τὸ
2855 2275 2991 2338 ὂλως
3019 2270 3152 2345 ἦχον
3193 2271 3361 2340 αὐτῆς
3396 2266 3534 2321 εἶναι
3574 2270 3630 2320 ὲν
3672 2266 3765 2318 x6-

2172 2386 2313 2439 σμῳ,
2368 2370 2518 2422 οὐδὲν
2565 2368 2824 2437 λυπήσειε
2892 2367 2984 2420 τὸν
3036 2364 3251 2419 συνετὸν
3308 2360 3581 2433 ἀκροατὴν
3638 2356 3767 2429 περὶ

2174 2462 2392 2517 πάντων
2421 2464 2617 2516 εἰδέναι
2643 2463 2768 2517 τῶν.
2790 2464 2847 2515 ὲν
2884 2462 2961 2533 τῷ
3004 2462 3195 2530 κόσμῳ
3239 2459 3343 2512 ὑπὸ
3378 2456 3472 2510 τοῦ
3519 2454 3781 2507 διαϐόλου

2172 2552 2505 2619 ζιζανιωδῶς
2532 2556 2911 2625 ὲσπαρμένων.
2948 2554 3077 2606 Εῖτε
3118 2553 3228 2620 γάρ
3270 2550 3480 2619 ὲστινή
3518 2545 3774 2613 τοιαύτη,

2172 2646 2281 2699 εἴτε
2319 2646 2394 2718 μὴ
2425 2646 2558 2713 ἔστι,
2590 2647 2794 2700 πολλῶν
2826 2646 3089 2715 λεγόντων
3128 2642 3444 2714 ἀκηκοότες,
3468 2638 3764 2707 ἀσφαλείας

2173 2736 2333 2807 χάριν
2387 2737 2479 2789 καὶ
2531 2736 2659 2807 περὶ
2698 2737 2867 2807 αὐτῆς
2913 2738 3084 2789 εἰπεῖν
3132 2732 3352 2801 εὔλογόν
3401 2748 3489 2802 μοι
3532 2728 3779 2797 πέφηνεν

2173 2828 2266 2879 καὶ
2299 2827 2375 2898 μὴ
2408 2827 2758 2897 παραλεῖψαι,
2795 2826 2897 2879 κάν
2930 2843 2989 2878 τε
3026 2825 3400 2895 καταλύηται,
3437 2820 3533 2873 καὶ
3580 2817 3765 2870 οὐκέτι

2174 2920 2413 2990 ὑπάρχῃ.
2444 2920 2518 2973 Οὐ
2552 2920 2660 2991 γὰρ
2690 2918 2948 2987 ἀσφαλῶς
2980 2918 3301 2987 ἐπίσταμαι,
3332 2915 3380 2967 ει
3409 2912 3489 2965 ἔτι
3523 2907 3763 2978 Ecca/,1?)

484 3006 611 3046 cum
646 2990 721 3046 ita
752 2991 1044 3064 plerosque
1072 3002 1361 3049 narrantes
1392 2994 1750 3060 audierimus,
1775 2996 1953 3051 visum
1986 3004 2071 3052 est

2179 3013 2253 3083 μὴ
2302 3013 2439 3064 ἐστι.
2482 3012 2546 3064 Τί
2583 3011 2637 3063 δὲ
2677 3013 2755 3073 εἰς
2802 3009 3008 3080 μακρὸν
3056 3006 3411 3075 άποτείνομαι
3460 3000 3649 3073 χρόνον
3686 2996 3766 3068 τῷ

486 3083 801 3139 securitatis
838 3099 1007 3141 causa
1037 3101 1148 3140 non
1183 3086 1503 3151 absurdum,
1550 3087 1596 3143 si
1634 3087 1702 3142 de
1735 3103 1800 3142 ea
1825 3089 2071 3143 nonnihil

2177 3081 2445 3175 προοιμίῳ
2476 3101 2755 3173 χρώμενος
2777 3102 2911 3171 πρὸς
2941 3100 3227 3169 διήγησιν;
3261 3094 3534 3166 ’Λρξομαι
3574 3089 3637 3143 τὸ
3672 3088 3767 3157 γέ-

488 3188 799 3243 ageremus,
822 3190 999 3246 neque
1019 3176 1562 3245 praetermitteremus
1584 3180 1824 3248 penitus,
1854 3182 2072 3235 tametsi

484 3264 600 3336 jam
623 3281 818 3323 eversa
844 3268 1005 3332 foret,
1036 3284 1138 3324 nec
1160 3271 1370 3339 uspiam
1394 3272 1689 3326 resideret:
1718 3281 1898 3326 utrum
1925 3274 2071 3327 enim

491 3359 734 3426 supersit
778 3375 984 3427 necne,
1043 3362 1285 3415 nondum
1350 3364 1694 3432 exploratum
1756 3365 2067 3420 habuimus.

492 3448 635 3515 Quid
664 3461 845 3506 autem
873 3454 1067 3507 attinet
1094 3454 1147 3507 in
1175 3454 1323 3509 illius
1345 3456 1685 3511 narrationis
1706 3457 1933 3511 exordio
1957 3458 2074 3511 diu-

493 3538 610 3593 tius
637 3541 967 3596 immorari?
999 3543 1113 3614 Age
1152 3544 1447 3599 ridiculam
1490 3545 1638 3598 illam
1676 3547 2067 3613 narrationem,

2178 3194 2317 3248 λοιον
2360 3192 2684 3265 διηγεῖσθαι,
2738 3193 2936 3263 μᾶλλον
2973 3191 3028 3243 δὲ
3066 3190 3128 3242 τὺ
3168 3186 3380 3250 πένθος.
3424 3181 3644 3247 Πένθος,
3683 3181 3766 3233 δτι

2179 3299 2295 3344 πως
2330 3283 2358 3334 ό
2383 3281 2627 3344 διάϐολος
2656 3281 2935 3350 ἐνοίκησεν
2979 3281 3035 3332 ὲν
3080 3282 3147 3350 τῇ
3184 3278 3292 3330 τῶν
3322 3272 3623 3346 ἀνθρώπων
3650 3271 3766 3323 δια.-

2178 3371 2314 3441 νοίᾳ,
2347 3372 2604 3441 χλευάσαι
2636 3371 2694 3423 τὺ
2734 3371 2957 3441 πλάσμα
2987 3370 3047 3422 τὸ
3080 3372 3145 3422 ὲκ
3190 3366 3324 3421 Θεοῦ
3353 3362 3761 3432 πεπλασμένον·

2178 3462 2385 3530 γέλοιον
2411 3463 2489 3527 δὲ,
2520 3464 2648 3534 περὶ
2684 3463 2794 3515 τῶν
2823 3464 2957 3533 μήτε
2980 3459 3253 3532 ὁρώντων,
3286 3457 3421 3529 μήτε
3451 3456 3510 3508 τὸ
3550 3451 3766 3506 συνετὸν

2181 3553 2424 3622 διανενοη
2435 3553 2630 3623 μένων.

489 3629 580 3683 vel
604 3629 909 3686 luctuosam
940 3633 1124 3702 potius
1175 3634 1574 3705 aggrediamur.
1609 3634 1942 3693 Luctuosam
2000 3639 2239 3723 quidem,
2308 3643 2455 3713 quod
2502 3644 2755 3699 diabolus
2791 3645 2845 3698 in
2891 3644 3175 3697 hominum
3224 3638 3503 3696 mentibus
3570 3634 3752 3691 sedem

490 3720 866 3785 constituerit,
904 3719 997 3777 Dei
1034 3731 1095 3778 ut
1127 3726 1345 3795 opiﬁcio
1382 3733 1569 3795 posset
1603 3726 1848 3783 illudere.
1914 3719 2221 3787 Ridiculum
2278 3752 2429 3800 vero,
2453 3747 2723 3807 quatenus
2764 3736 2911 3789 nihil
2952 3735 3041 3791 isti
3105 3748 3285 3804 neque
3329 3729 3537 3794 vident,
3588 3740 3764 3793 neque

491 3812 791 3885 prudenter
817 3813 1145 3885 intelligunt.

568 3911 634 3966 ll.
668 3910 723 3966 In
750 3912 943 3983 primis
970 3913 1115 3967 enim
1138 3913 1428 3970 haereticos
1454 3916 1590 3971 istos
1612 3914 1793 3970 ferunt
1815 3916 2071 3972 ecclesias

2254 3915 2329 3968 B'.
2365 3914 2586 3987 Πρῶτον
2632 3914 2739 3985 γάρ
2774 3931 2904 3982 φασι
2942 3914 3069 3977 τοὺς
3120 3912 3395 3973 τοιούτους
3438 3909 3539 3972 τάς
3590 3908 3770 3963 αὑτῶν

496 4003 778 4066 suas,sive
804 4003 1030 4067 latibula
1057 4004 1258 4074 potius,
1286 4013 1339 4059 et
1369 4020 1635 4061 cavernas
1661 4006 1763 4074 (sic
1788 4006 1933 4061 enim
1963 4006 2071 4060 hae-

2183 4008 2513 4079 ἐκκλησίας,
2571 4008 2687 4075 ἤτοι
2763 4007 3002 4078 φωλεοὺς
3070 4005 3165 4060 καὶ
3220 4003 3536 4074 σπήλυγγας
3591 4002 3769 4073 (οὕτω

496 4095 794 4149 reticorum
845 4096 975 4150 libet
1027 4098 1299 4166 appellare
1337 4100 1762 4168 conventicula),
1803 4100 1858 4153 in
1907 4100 2071 4170 hypo-

2183 4101 2293 4171 γάρ
2318 4099 2528 4171 εἴποιμι
2564 4099 2663 4162 τάς
2688 4098 2798 4152 τῶν
2824 4099 3090 4170 αἱρέσεων
3122 4092 3511 4163 συνελεύσεις),
3545 4095 3603 4147 ὲν
3636 4094 3770 4146 Omo-

496 4188 706 4242 caustis
727 4198 1030 4244 exstruere.
1064 4188 1275 4260 Quippe
1303 4190 1492 4245 subter
1513 4192 1693 4262 ignem
1717 4193 1980 4255 excitant,
2008 4191 2071 4245 ad

2185 4191 2442 4255 καύστοις
2471 4191 2892 4262 οἰκοδομεῖσθαι.
2937 4189 3252 4243 ’Υποκαίειν
3278 4187 3333 4240 δὲ
3377 4186 3556 4250 κάτω,
3597 4185 3684 4237 διά
3712 4185 3769 4237 τὸ

498 4294 595 4333 eos
632 4281 978 4350 vaporandos
1019 4298 1083 4335 ac
1133 4281 1396 4340 fovendos
1435 4284 1526 4354 qui
1578 4287 1633 4338 in
1688 4284 1820 4338 illud
1854 4284 2071 4338 cubicu-

2187 4279 2325 4342 εἶναι
2353 4282 2525 4353 ἑθμην
2555 4282 2664 4353 (64)
2703 4284 2781 4345 εἰς
2808 4282 3002 4351 θάλψιν
3035 4280 3141 4333 τῶν
3176 4279 3322 4332 ἔνδον
3353 4279 3410 4331 ὲν
3439 4277 3515 4347 τῷ
3543 4276 3771 4345 οἰκίσκῳ

500 4371 613 4425 lum
643 4374 996 4427 conveniunt.
1030 4374 1089 4428 In
1122 4375 1372 4444 ingressu
1407 4378 1857 4430 vestimentorum
1891 4386 2071 4431 custo-

2188 4376 2594 4446 συναγομένων.
2636 4376 2722 4427 Ἐν
2756 4374 2814 4427 δὲ
2847 4374 2924 4445 τῷ
2954 4373 3174 4426 εἰσιέναι
3216 4369 3637 4441 ἱματιοφύλακές
3664 4370 3771 4421 εἰσί

499 4462 599 4518 des
627 4479 725 4534 pro
764 4462 976 4520 foribus
1024 4470 1400 4535 capsariorum
1447 4468 1623 4521 instar
1666 4469 1900 4538 appositi
1932 4476 2079 4522 sunt.

499 4553 643 4609 Tum
689 4556 1011 4611 intrantium
1061 4558 1296 4627 quisque
1330 4565 1438 4611 tam
1492 4560 1593 4625 vir,
1643 4574 1808 4630 quam
1860 4559 2082 4626 femina,

502 4650 638 4705 foris
686 4652 932 4706 vestibus
964 4666 1173 4708 exuens
1214 4667 1356 4716 sese,
1404 4660 1519 4707 toto
1562 4668 1813 4722 corpore,
1857 4653 2083 4723 perinde

504 4752 565 4794 ut
596 4757 663 4796 ex
691 4749 849 4797 utero
875 4742 1067 4798 matris
1095 4744 1248 4807 exiit,
1283 4744 1465 4799 nudus
1496 4744 1819 4815 ingreditur.
1855 4743 1961 4800 Sed
1985 4745 2079 4815 qui

504 4832 783 4905 principes
812 4834 954 4888 inter
976 4834 1101 4890 illos
1129 4835 1419 4899 habentur,
1448 4844 1501 4891 et
1524 4835 1796 4905 magistri,
1826 4849 2080 4906 peraeque

503 4922 638 4976 nudi
674 4923 985 4986 consident,
1037 4924 1127 4977 alii
1163 4925 1217 4977 in
1248 4925 1530 4994 superiore
1563 4924 1702 4990 loco,
1744 4924 1834 4978 alii
1866 4926 1921 4979 in
1945 4925 2086 4982 infe-

503 5014 674 5078 riore,
728 5014 1042 5084 promiscue
1094 5031 1157 5069 ac
1199 5017 1425 5085 passim.
1467 5016 1548 5072 Ad
1575 5015 1690 5071 haac
1730 5018 1978 5073 nonnulli
2019 5035 2087 5073 ex

505 5124 695 5164 eorum
726 5124 956 5163 numero
979 5118 1129 5172 sunt,
1164 5110 1254 5179 qui
1288 5109 1493 5164 scilicet
1515 5108 1870 5166 Continentes
1904 5111 2091 5181 appel-

507 5202 711 5267 lantur,
753 5201 917 5272 idque
952 5217 1065 5272 praa
1093 5216 1152 5257 se
1186 5200 1392 5266 ferunt,
1423 5215 1488 5256 ac
1518 5201 1759 5271 virgines
1794 5201 2087 5269 habentur,

584 5358 755 5415 ‘Cor.
808 5356 1091 5429 ἀορασίαν.
1168 5354 1336 5412 'Cor.
1401 5353 1547 5427 ξώῳ,
1576 5363 1630 5411 et
1656 5358 1983 5429 φαινομένῳ.

577 5476 691 5545 (liti
742 5474 841 5531 Διά
868 5473 938 5527 τὸ
976 5470 1124 5532 εἶναι
1162 5473 1371 5544 ἐθμην.
1411 5472 1540 5529 Hes.
1576 5493 1589 5530 :
1628 5472 1835 5543 Ἐθμὴ,
1888 5473 2080 5545 ἀτμὸς,

509 5546 717 5609 καπνὸς
751 5545 981 5609 λεπτὸς,
1015 5546 1186 5616 άτμή.

586 5618 695 5683 (65)
720 5618 902 5685 Δίκην
921 5613 1295 5686 καμψαρίων.
1324 5614 1468 5670 Idem
1503 5613 1915 5686 Ηεε.;,Χάμψα,
1943 5614 2085 5685 θήκη

508 5687 974 5758 γλουπσοκομεῖον,
1009 5696 1062 5741 et
1095 5688 1346 5758 καμψία,
1369 5688 1526 5748 κανᾶ,
1551 5687 1826 5740 κανίσκια.
1866 5686 2082 5758 δυίιιιιεε

510 5759 752 5829 Κάμψα,
784 5757 945 5827 κίστη
967 5797 982 5824 ,
1018 5758 1051 5825 ἦ
1089 5757 1251 5826 θήκη.
1284 5758 1449 5827 Igitur
1500 5758 1750 5827 Capsarii
1782 5766 1912 5815 sunt
1964 5757 2085 5825 ἱμα-

2186 4487 2330 4533 τινες
2361 4470 2498 4541 πρὸς
2538 4472 2656 4533 ταῖς
2690 4468 2914 4539 θύραις,
2945 4468 3101 4539 δίκην
3150 4465 3476 4537 καμψαρίων
3502 4462 3644 4533 (65),
3678 4463 3769 4515 ὑπ’

2186 4562 2364 4616 αὐτῶν
2385 4561 2821 4632 ἐπιτεταγμένοι,
2844 4561 2939 4615 καὶ
2962 4562 3191 4623 ἕκαστος
3223 4557 3428 4622 εἰσιὼν,
3460 4556 3577 4627 ἦτοι
3605 4555 3767 4626 ἀνὴρ,

2188 4656 2307 4725 ἤτοι
2339 4654 2511 4725 γυνὴ,
2550 4654 2872 4723 ὲκδυόμενος
2918 4652 3024 4720 ἔξω
3058 4652 3250 4705 εἴσεισι
3283 4649 3521 4720 γυμνὸς,
3560 4649 3635 4711 ὡς
3663 4648 3773 4700 ἀπὸ

2186 4743 2412 4816 μητρὸς,
2467 4743 2572 4815 ὅλῳ
2623 4745 2700 4816 τῷ
2741 4744 2986 4816 σώματι·
3052 4744 3106 4797 οῖ
3146 4759 3205 4796 τε
3260 4740 3540 4804 δοκοῦντες
3588 4738 3770 4792 αὐτῶν

2181 4834 2413 4904 ἀρχηγοὶ
2437 4834 2529 4888 καῖ
2553 4835 2883 4898 διδάσκαλοι,
2911 4836 3107 4898 πάντες
3126 4835 3199 4896 ὡς
3212 4836 3274 4887 ἐκ
3306 4832 3530 4904 μητρὸς,
3551 4829 3771 4893 καθεξό-

2186 4941 2372 4995 μενοι,
2398 4927 2447 4977 οἱ
2479 4926 2579 4996 μὲν
2612 4926 2744 4989 ἀνω,
2772 4927 2821 4979 οἱ
2851 4926 2907 4978 δὲ
2938 4927 3088 4979 κάτω
3117 4926 3319 4995 ἀναμὶξ
3342 4924 3437 4976 καὶ
3468 4922 3764 4993 σποράδην.

2188 5017 2308 5071 Εἰσὶ
2338 5019 2393 5071 δὲ
2420 5019 2552 5091 παρ’
2584 5021 2767 5082 αὐτοῖς
2815 5020 3135 5088 Ἐγκρατεῖς
3178 5016 3336 5086 δῆθεν
3368 5014 3651 5086 λεγόμενοί
3707 5031 3765 5066 τε

2188 5111 2281 5163 καὶ
2325 5110 2734 5179 κομπάζοντες,
2777 5110 2869 5163 καὶ
2917 5109 3221 5180 παρθένοι,
3261 5107 3334 5170 ὡς
3366 5109 3591 5168 ἑαυτοὺς
3624 5106 3767 5156 άπα-

2188 5202 2342 5256 τῶσι.
2379 5203 2489 5265 Τάς
2516 5220 2574 5255 τε
2603 5202 2935 5271 ἀναγνώσεις
2954 5243 2968 5269 ,
2993 5202 3085 5256 καὶ
3122 5201 3189 5254 τὰ
3216 5202 3349 5255 ἄλλα
3383 5199 3559 5252 αὐτῶν
3591 5197 3765 5249 πάντα

2186 5475 2543 5546 τιοφύλακες,
2574 5475 2679 5529 hoc
2708 5481 2834 5546 est,
2875 5480 2935 5546 ut
2966 5470 3181 5546 Glossae
3212 5466 3477 5546 reddunt,
3507 5461 3760 5546 vestiarii.

2190 5534 2365 5618 Supra
2400 5550 2451 5600 in
2475 5534 2731 5618 fHebion.
2760 5534 3271 5618 oleariosvocabat.
3308 5536 3508 5590 Paulus
3559 5534 3765 5618 libum

2191 5618 2217 5689 §
2253 5610 2427 5673 ιὶιιὶηι.
2462 5617 2535 5671 De
2584 5618 2727 5686 ofﬁc.
2759 5624 2912 5685 prwt.
2951 5612 3070 5683 Vig.
3098 5610 3284 5667 eadem
3313 5622 3446 5664 voce
3488 5610 3767 5676 capsarlc-

2196 5707 2311 5745 rum
2349 5689 2600 5760 appellat.
