4176 6386
433 392 543 454 957

1101 396 1476 455 ADVERSUS
1511 398 1854 456 llEliE-SES
1880 398 2010 455 LIB.
2054 398 2118 455 ll.
2162 397 2328 455 TOM.
2371 398 2411 454 l.
2449 397 2811 456 -ll.rERES.
2846 399 2957 456 ιιι.

3596 390 3706 448 938

437 505 632 578 γυμνοὶ
681 505 834 571 ιἄντες
866 505 1133 561 τελοῦσιν.
1185 510 1249 562 Ei
1295 510 1351 564 δὲ
1384 511 1555 576 δόξειε
1602 512 1759 576 τινὰ,
1796 512 1872 574 ώς
1925 507 2020 563 κοιλ⁵

2141 526 2295 580 seque
2328 512 2478 581 ipsos
2520 510 2666 564 hunc
2714 511 2769 564 in
2812 511 3033 565 modum
3076 504 3375 577 decipiunt.
3423 502 3542 559 Iam
3575 519 3707 558 vero

437 597 598 652 τοῦτο
622 598 905 668 λέγουσιν,
957 600 1014 653 ὲν
1059 601 1465 673 παραπτώματι
1518 603 1807 672 γενέσθαι,
1838 603 2021 656 οὐκέτι

439 690 629 745 τοῦτον
682 691 991 761 συνάγουσι.
1041 693 1312 749 Φάσκουσι
1369 696 1477 768 γάρ
1526 697 1688 750 αὑτὸν
1720 698 1810 751 τὸν
1853 696 2024 766 Ἀδὰμ

439 784 532 835 τὸν
565 781 880 854 βεϐρωκότα
917 784 1025 838 ἀπὸ
1065 784 1157 838 τοῦ
1193 786 1352 853 ξύλου
1378 827 1393 850 ,
1424 788 1518 840 καὶ
1553 788 1830 859 κρίνουσιν
1863 786 2025 853 ἐξεῶ-

442 875 565 929 σθαι
597 876 673 940 ὡς
723 875 830 930 ἀπὸ
882 876 976 929 τοῦ
1020 879 1349 949 παραδείσου
1374 919 1388 942 ,
1417 879 1664 932 τουτέστι
1696 880 1793 950 τῆς
1842 878 2023 933 αὐτῶν

455 966 800 1037 Ἐκκλησίας.
848 966 1135 1036 Ἠγοῦνται
1162 969 1268 1041 γὰρ
1308 971 1407 1041 τὴν
1434 971 1642 1025 ἑαυτῶν
1698 968 2022 1042 Ἐκκλησίαν

442 1055 583 1113 εἶναι
632 1057 724 1111 τὸν
776 1059 1105 1130 παράδεισον
1128 1102 1143 1126 ,
1178 1061 1273 1113 καὶ
1316 1062 1512 1126 αὐτοὺς
1552 1058 1689 1115 εἶναι
1736 1064 1863 1126 τοὺς
1896 1061 2024 1133 περὶ

455 1148 627 1219 Ἀδὰμ
659 1147 753 1203 καὶ
786 1148 946 1203 Εὑαν.
993 1150 1111 1203 Τίνι
1157 1146 1251 1204 οῦν
1286 1151 1362 1221 τῷ
1396 1152 1537 1224 λόγῳ
1576 1153 1900 1206 ὑποκαίουσι
1933 1152 2024 1205 τὸν

442 1239 712 1303 οἰκίσκον,
745 1239 832 1292 ἵνα
869 1240 943 1312 μὴ
983 1240 1044 1294 τὸ
1083 1241 1248 1310 κρύος
1281 1240 1460 1295 αὐτῶν
1492 1242 1807 1313 ὲφάψηταις
1854 1241 2027 1313 Ἀδὰμ

442 1328 551 1401 γὰρ
587 1330 681 1383 καὶ
710 1328 823 1384 Εὐα
850 1330 951 1383 οὐκ
975 1332 1033 1385 ὲν
1068 1333 1396 1405 ὐποκαύστῳ
1421 1336 1556 1406 οἴκῳ
1585 1335 1684 1406 τὴν
1711 1334 1917 1389 δίαιταν
1946 1330 2026 1387 εἶ-

443 1444 569 1498 χον,
601 1425 723 1480 οὐτε
755 1429 812 1481 ὲν
840 1426 1066 1498 φλογμῷ
1100 1447 1203 1482 τινι
1239 1429 1595 1494 ὑπεπιέξοντο
1622 1470 1635 1492 ,
1686 1429 1809 1483 οὔτε
1862 1430 2027 1501 κρύος

443 1519 640 1581 αὐτοὺς
667 1517 892 1589 ὲφόρτου
909 1536 922 1548 ·
956 1514 1023 1590 ἦν
1052 1518 1109 1572 δὲ
1142 1520 1327 1584 αὐτοῖς
1357 1520 1465 1592 ἀὴρ
1487 1518 1871 1591 καθαρώτατος
1890 1558 1905 1583 ,
1932 1520 2025 1572 καὶ

443 1607 625 1678 πάσης
656 1607 953 1679 εὐκρασίας
1002 1610 1280 1674 εὐτάκτως
1323 1611 1387 1663 ὲκ
1437 1608 1573 1663 Θεοῦ
1611 1609 2022 1681 μεμερημένος,

442 1698 566 1754 οὐτε
628 1702 929 1773 άτι-ηνότητι
962 1702 1199 1774 ψυχρίας
1240 1705 1643 1775 τετονωμένος,
1696 1704 1819 1757 οὔτε
1870 1705 2029 1775 ἀηδε-

445 1790 615 1863 στάτῃ
641 1791 947 1863 ἐκπυρώσει
973 1792 1251 1855 καύσωνος
1291 1793 1699 1865 ἐπηρτημένοςο
1721 1794 1937 1865 διαίταη
1971 1794 2029 1847 δὲ

2125 600 2386 655 lectiones
2420 614 2484 653 ac
2534 600 2742 669 reliqua
2781 597 2837 652 id
2872 613 3044 670 genus
3089 597 3294 651 obeunt
3341 595 3494 650 nudi.
3550 593 3705 660 Quod

2124 692 2170 747 si
2205 691 2352 761 quis,
2384 700 2443 745 ut
2476 691 2660 745 dicere
2690 692 2888 753 sol’ent,
2920 691 2974 743 in
3012 690 3228 760 culpam
3262 689 3451 759 lapsus
3484 704 3607 744 esse
3634 687 3712 743 vi-

2123 782 2336 848 deatur,
2380 783 2527 837 hunc
2570 783 2628 837 in
2663 792 2993 838 conventum
3024 800 3184 838 suum
3218 783 3444 837 minime
3474 782 3710 851 amplius

2123 872 2412 942 recipiunt.
2457 871 2724 926 Adamum
2753 874 2898 928 enim
2932 873 3085 927 illum
3116 888 3242 929 esse
3274 873 3485 937 dicunt,
3517 873 3613 941 qui
3643 872 3713 927 de

2126 964 2273 1035 ligno
2299 963 2652 1029 comederit‘,
2695 974 2858 1036 atque
2884 982 2916 1022 e
2944 966 3221 1036 paradiso,
3272 966 3379 1019 hoc
3408 974 3488 1020 est
3515 964 3706 1019 Eccle-

2127 1057 2209 1112 sia
2239 1070 2361 1125 sua,
2390 1057 2866 1112 exterminandum
2896 1058 3165 1129 judicant.
3234 1056 3370 1112 Nam
3389 1057 3715 1130 |Ecclesiam

2126 1165 2282 1205 suam
2320 1151 2637 1220 paradisum
2677 1166 2801 1207 esse
2827 1158 3079 1207 statuunt
3102 1168 3135 1221 ς,
3174 1151 3387 1222 seipsos
3412 1163 3542 1204 vero
3570 1148 3719 1202 Ada-

2126 1257 2276 1296 mum
2309 1250 2364 1298 et
2391 1241 2580 1297 Evam.
2626 1243 2740 1299 Cur
2780 1244 2949 1315 igitur
2997 1245 3190 1300 subter
3232 1243 3547 1299 cubiculum
3581 1239 3716 1295 illud

2128 1336 2306 1406 ignem
2339 1338 2604 1400 excitant,
2624 1352 2693 1391 ne
2716 1337 2922 1408 frigore
2944 1338 3313 1393 infestentur?
3346 1335 3720 1391 Etenim'Ada—

2130 1444 2252 1483 mus
2283 1436 2337 1484 et
2366 1428 2477 1483 Eva
2513 1446 2691 1500 neque
2722 1430 2775 1484 in
2824 1431 3166 1503 hypocausto
3192 1429 3484 1501 degebant,
3541 1441 3719 1495 neque

2130 1524 2322 1579 ardore
2351 1524 2481 1589 ullo,
2507 1533 2671 1594 atque
2698 1533 2834 1581 aestu
2865 1525 3282 1596 premebantur;
3310 1536 3412 1578 nec
3441 1520 3611 1575 ullum
3637 1519 3719 1574 eis

2130 1617 2305 1688 frigus
2331 1626 2451 1672 erat
2486 1619 2811 1678 molestum:
2860 1618 2954 1673 sed
2989 1618 3288 1689 purissimo
3314 1630 3439 1670 aere
3462 1612 3717 1669 frueban-

2132 1718 2241 1774 tur,
2277 1723 2341 1764 ac
2370 1710 2601 1766 mirifice
2630 1727 2662 1765 a
2712 1709 2820 1765 Deo
2852 1717 3174 1781 temperato,
3217 1710 3310 1776 qui
3362 1721 3471 1762 nec
3498 1704 3721 1776 frigoris

2132 1801 2420 1858 atrocitate
2454 1802 2848 1865 vehementior,
2902 1818 3004 1857 nec
3036 1801 3428 1856 molestissimo
3478 1798 3718 1854 incendii

444 1883 719 1954 ἀμϐροσία
761 1883 905 1954 μάλα
937 1885 1000 1937 ὲκ
1050 1886 1185 1939 Θεοῦ
1217 1888 1596 1958 πεποιημένηο
1634 1889 1662 1940 ό
1690 1887 1867 1959 χῶρος
1910 1888 2029 1941 ἐτέ-

2142 1894 2337 1949 ardore
2368 1894 2643 1949 violentus
2678 1895 3008 1949 immineret.
3053 1893 3241 1948 Victus
3274 1892 3468 1948 iisdem
3496 1890 3719 1945 ambro-

444 1992 632 2039 τακτο,
662 1975 925 2048 θυμηδίας
953 1979 1047 2031 καὶ
1081 1979 1315 2043 εὐζωῒας
1346 1979 1736 2051 πεποιημένος.
1772 1981 1883 2033 Καὶ
1908 1980 2030 2033 οὐτε

447 2066 590 2139 ῥίγει
628 2068 935 2122 ὑπέπιπτον
978 2068 1100 2122 οὔτε
1130 2070 1392 2135 καύσωνι,
1436 2071 1513 2135 ὡς
1540 2072 1696 2143 ἔφην.
1733 2072 1950 2125 Τούτων
1975 2072 2032 2125 δὲ

445 2160 703 2215 τοιούτων
733 2162 1130 2233 ὲπιδεομένων,
1187 2164 1331 2234 μάλα
1369 2164 1499 2236 παρ’
1545 2166 1730 2229 αὐτοῖς
1777 2166 1810 2236 ἡ
1868 2165 2034 2235 χλεύη

447 2251 677 2321 γίνεται.

519 2452 597 2505 Γ’.
627 2447 762 2506 Εἶτα
792 2451 850 2505 δὲ
903 2450 998 2506 καὶ
1039 2450 1100 2505 τὸ
1139 2452 1328 2525 ἕτερον
1377 2454 1741 2525 σκοπήσωμεν
1765 2496 1779 2519 ,
1837 2455 1951 2520 πῶς
2003 2459 2036 2528 ἡ

451 2546 603 2598 πᾶσα
654 2544 830 2615 πλάνη
868 2544 1204 2615 διελέγχεται
1228 2586 1243 2609 ,
1276 2546 1358 2599 ὅτι
1391 2546 1451 2599 οὐ
1503 2546 1632 2617 μίαν
1657 2546 1807 2617 ὥραν
1841 2549 2037 2602 ἐκεῖνοι

450 2636 647 2706 γυμνοὶ
687 2632 827 2707 ἦσαν
853 2678 869 2701 ,
916 2634 1050 2688 ἀλλὰ
1100 2635 1390 2706 διηνεκῶς,
1424 2637 1518 2689 καὶ
1565 2637 1665 2689 οὐκ
1720 2636 2035 2709 ᾐσχύνοντο.

344 2784 347 2788 ,
450 2728 673 2792 Τούτοις
704 2728 762 2781 δὲ
801 2728 862 2780 οὐ
902 2728 991 2781 διὰ
1020 2727 1082 2781 τὸ
1138 2728 1212 2799 μὴ
1243 2728 1598 2799 αἰσχύνεσθαι
1634 2732 1667 2799 ὴ
1724 2730 2038 2815 γύμνωσιςῗ

452 2825 554 2880 κᾶν
580 2842 641 2877 τε
673 2824 844 2888 οὑτως
874 2824 1027 2877 αὐτοὶ
1050 2823 1364 2894 νομίσωσιν,
1398 2824 1513 2878 ἀλλ’
1548 2825 1710 2878 ἕνεκα
1743 2826 2040 2896 ἀκορέστου

452 2918 684 2989 ἡδονῆς,
724 2918 913 2992 κόραις
967 2916 1263 2988 ὀφθαλμῶν
1317 2916 1657 2988 ἐμποιούσης
1690 2916 1790 2989 τὴν
1842 2917 2039 2982 θέλξιν.

464 3008 769 3082 Ἀφῄρηται
818 3010 929 3082 γὰρ
963 3010 1058 3062 ἀπ’
1096 3009 1276 3063 αὐτῶν
1327 3012 1359 3081 ὴ
1416 3007 1589 3073 αίδὼ,
1630 3010 1662 3081 ἡ
1723 3010 1782 3062 ὲν
1841 3009 2044 3073 πάσαις

451 3102 636 3171 ἁγίαις
668 3103 910 3174 Γραφαῖς
945 3102 1340 3173 ἐπαινουμένη·
1376 3101 1472 3155 καὶ
1510 3100 1727 3171 ἀληθῶς
1754 3100 2043 3174 πεπλήρω-

2143 1987 2223 2041 sia
2248 1993 2366 2041 erat
2395 2002 2425 2040 a
2454 1985 2563 2042 Deo
2592 1994 2801 2057 parata.
2838 1985 3018 2041 Locus
3046 1986 3165 2056 ipse
3191 1984 3616 2057 E60denique
3649 1982 3716 2035 ad

2141 2094 2359 2134 omnem
2406 2090 2524 2135 erat
2573 2081 2906 2151 voluptatem
2958 2079 3471 2150 iucunditatemque
3518 2077 3717 2131 factus.

2136 2169 2214 2224 Ita
2264 2179 2324 2224 ut
2350 2185 2525 2238 neque
2570 2170 2739 2239 algori
2792 2185 2970 2239 neque
3032 2169 3207 2233 aestui,
3264 2165 3720 2238 quemadmodum

2139 2262 2602 2327 diximus,essent
2622 2262 2871 2317 obnoxii.
2904 2266 2973 2315 At
3000 2262 3076 2315 illi
3106 2276 3228 2316 cum
3262 2258 3570 2316 istiusmodi
3601 2259 3725 2312 vitae

2138 2354 2566 2409 necessitatibus
2601 2354 2835 2425 expositi
2864 2354 2996 2417 sint,
3049 2352 3274 2408 omnino
3321 2350 3539 2406 ridiculi
3574 2360 3722 2405 sunt.

2212 2467 2299 2523 ΙΙΙ.
2338 2467 2481 2534 Quin
2515 2468 2651 2523 illud
2684 2485 2791 2523 una
2822 2464 3287 2523 considerandum
3319 2473 3427 2526 est,
3458 2461 3725 2534 quemad-

2142 2562 2364 2615 modum
2406 2577 2470 2615 ex
2506 2577 2572 2615 eo
2625 2561 2797 2616 refelli
2848 2560 3026 2616 omnis
3071 2559 3302 2613 istorum
3343 2573 3499 2612 error
3531 2557 3726 2626 possit.

2141 2648 2278 2704 Nam
2313 2652 2471 2719 primi
2499 2651 2671 2706 nostri
2705 2659 2959 2722 parentes
2996 2666 3103 2705 non
3135 2665 3242 2703 una
3277 2649 3543 2703 duntaxat
3572 2646 3726 2709 hora,

2144 2743 2238 2797 sed
2263 2750 2527 2811 perpetuo
2561 2743 2688 2795 nudi
2726 2742 2845 2797 sine
2875 2742 2984 2796 ullo
3012 2742 3218 2811 pudore
3244 2738 3727 2809 perseverabant‘.

2144 2833 2214 2886 At
2236 2833 2327 2889 isti
2357 2849 2465 2887 non
2498 2833 2644 2902 quod
2676 2833 2885 2902 pudore
2913 2839 3158 2892 careant,
3193 2838 3479 2900 propterea
3512 2830 3728 2881 nudan—

2148 2932 2259 2990 tur,
2299 2926 2519 2980 tametsi
2555 2926 2629 2979 ita
2672 2926 2777 2980 sibi
2824 2924 3212 2995 persuadeant,
3256 2925 3349 2977 sed
3383 2923 3435 2975 id
3464 2922 3733 2977 insatiatae

2147 3016 2360 3070 libidini
2385 3017 2654 3084 tribuunt,
2680 3032 2800 3086 qua?
2820 3015 3089 3085 ejusmodi
3116 3014 3292 3069 oculis
3328 3012 3613 3067 illecebras
3636 3019 3733 3064 ob-

2144 3106 2288 3177 jicit.
2359 3106 2643 3178 Siquidem
2675 3123 2892 3163 omnem
2931 3107 3007 3160 illi
3045 3104 3431 3161 verecundiam
3462 3103 3733 3172 deposue-

450 3209 540 3246 ται
568 3192 629 3245 τὸ
662 3192 814 3265 παρὰ
841 3192 918 3263 τῷ
963 3195 1218 3267 προφήτῃ
1250 3192 1538 3264 εἰρημένον
1579 3192 1661 3257 τὸ,
1694 3193 1875 3262 Ὀψις
1901 3195 2038 3262 πόρ-

2149 3206 2298 3263 runt,
2335 3215 2457 3269 quae
2485 3198 2538 3251 in
2572 3199 2828 3254 omnibus
2863 3200 3037 3254 sacris
3072 3197 3377 3268 Scripturis
3402 3206 3485 3252 est
3518 3196 3733 3250 laudata

450 3302 566 3352 νης
590 3284 828 3355 ἐγένετό
852 3301 950 3340 σοι
972 3302 986 3315 °
1015 3286 1594 3356 ἀπηναισχύντησας
1611 3285 1762 3355 πρὸς
1786 3284 2035 3352 πάντας.

450 3374 607 3431 Μετὰ
636 3375 691 3429 δὲ
721 3376 822 3448 τὴν
858 3376 1007 3447 ὥραν
1051 3377 1265 3446 ἐκείνην
1291 3376 1397 3442 ἔξω
1446 3378 1682 3448 ἱματίοις
1717 3378 2042 3449 ἀμφιέννυν-

450 3483 573 3532 ται,
618 3468 711 3521 καὶ
743 3468 926 3523 οὐκέτι
954 3470 1091 3523 εἰσὶν
1119 3471 1147 3522 ό
1192 3468 1381 3540 Ἀδάμ.
1417 3468 1553 3523 Οὔτε
1576 3468 1684 3541 γὰρ
1708 3470 1868 3533 εὐθὺς
1899 3472 2042 3525 ὲκεῖ-

452 3575 542 3622 νος
575 3559 811 3630 ἱματίοις
864 3560 1178 3633 ηὐπόρησεν
1210 3578 1224 3591 ⁸
1267 3561 1405 3615 ἀλλὰ
1455 3560 1673 3633 πρῶτον
1728 3562 1825 3633 μὲν
1868 3560 2042 3630 φύλλα

455 3651 626 3721 συκῆς
646 3691 663 3717 ,
687 3651 876 3706 ἔπειτα
907 3653 963 3706 δὲ
990 3652 1222 3724 χιτῶνας
1249 3653 1609 3725 δερματίνους
1629 3694 1643 3719 ,
1676 3653 1770 3707 καὶ
1795 3652 1873 3717 ὼς
1904 3652 2043 3723 μετὰ

454 3741 625 3796 πολὺν
670 3744 861 3815 χρόνον
912 3745 1011 3816 τῆς
1045 3745 1225 3798 αὐτῶν
1264 3744 1411 3817 ζωῆς
1456 3748 1490 3817 ἡ
1532 3745 1903 3817 παμποίκιλος
1947 3742 2042 3797 τοῦ

455 3827 590 3881 Θεοῦ
623 3831 783 3899 σοφία
811 3832 911 3901 τὴν
933 3833 1139 3904 εἴδησιν
1176 3835 1363 3898 αὐτοῖς
1405 3835 1629 3888 ἐνέϐαλε
1658 3834 1768 3888 τῶν
1797 3833 2039 3905 ἁμφίων.

456 3918 563 3975 Καὶ
594 3921 737 3974 κατὰ
771 3923 947 3977 πάντα
986 3925 1186 3994 τρόπον
1222 3926 1377 3979 αὐτοὶ
1409 3925 1873 3997 χλευασθήσονται
1896 3965 1911 3989 ,
1950 3926 2043 3979 λέ-

457 4029 648 4082 γοντες
676 4013 900 4077 ἑαυτοὺς
936 4011 1074 4069 εἶναι
1119 4017 1247 4080 τούς
1298 4017 1428 4086 περὶ
1474 4017 1676 4088 Ἀδὰμ,
1708 4018 2042 4088 καταψευδό-

463 4119 613 4173 μενοι
647 4102 856 4159 ἑαυτῶν
880 4145 896 4168 ,
945 4106 1040 4158 καὶ
1076 4106 1192 4177 ἅμα
1235 4105 1615 4177 ἀληθεύοντες.
1652 4108 1775 4161 Ὅτι
1808 4109 1906 4180 μὲν
1936 4109 2045 4180 γὰρ

460 4182 605 4246 οῦτοι
647 4192 817 4262 Ἀδὰμ
850 4194 947 4264 οὐχ
979 4195 1283 4265 ὑπάρχουσι
1306 4238 1319 4255 .
1360 4193 1519 4249 τοῦτο
1549 4196 1706 4268 δῆλον
1735 4200 1799 4251 ὲκ
1836 4198 2047 4252 πολλῶν

459 4285 814 4357 τεκμηρίων,
848 4286 923 4351 ώς
979 4287 1071 4341 καὶ
1117 4284 1511 4358 ὑπεδείξαμεν*
1564 4289 1647 4341 ὅτι
1695 4289 1753 4341 δὲ
1804 4290 1909 4342 ὑπὸ
1953 4289 2045 4342 τοῦ

461 4377 653 4448 νοητοῦ
685 4377 860 4448 ὄφεως
910 4379 1301 4449 ἐμπαίζονται,
1341 4378 1499 4433 τοῦτο
1549 4380 1709 4449 δῆλον
1759 4381 1910 4452 παρὰ
1947 4382 2048 4452 τῆς

463 4470 837 4541 πεποιημένης
864 4470 1041 4523 αὐτῶν
1066 4473 1509 4544 σχηματουργίας
1525 4511 1541 4533 ,
1572 4473 1663 4526 καὶ
1688 4472 2043 4543 γυμνώσεως,

463 4560 562 4617 καὶ
586 4559 846 4633 αἰσχύνης
865 4601 881 4626 ,
912 4563 1007 4616 καὶ
1041 4562 1255 4634 χλεύης.

533 4761 648 4814 Οὐκ
673 4759 824 4825 ἄξιον
848 4759 905 4813 δὲ
943 4761 1090 4832 ἡμᾶς
1133 4760 1259 4834 περὶ
1290 4761 1485 4816 πολλοῦ
1541 4762 1811 4817 ποιεῖσθαι
1840 4762 2049 4816 τούτων

462 4849 564 4923 τὴν
613 4852 945 4923 ἀνατροπὴν.
1003 4850 1141 4905 Οὔτε
1180 4853 1289 4925 γάρ
1339 4854 1401 4907 τὸ
1448 4854 1634 4925 ὅμοιον
1689 4854 1869 4910 αὐτῶν
1912 4853 2050 4919 ζῶον

466 4942 678 4998 σκευῶν
707 4944 1076 5017 πολεμικῶνῆ
1106 4946 1354 5016 μεγάλων
1389 4946 1571 5001 ὅπλων
1608 4947 1883 5001 ἐπιδέεται
1914 4946 2051 5016 πρὸς

463 5035 770 5107 ἀναίρεσινο
800 5035 890 5088 διὰ
917 5034 1033 5107 γάρ
1063 5038 1265 5108 μικρᾶς
1304 5038 1500 5109 ῥάϐδου
1527 5039 1685 5093 τοῦτο
1704 5037 2047 5108 ἀφανίζεται.

465 5130 734 5195 Πολλάκις
781 5130 871 5197 δὲ,
909 5130 1045 5203 μετὰ
1073 5131 1133 5185 τὸ
1174 5129 1529 5201 ἀνενεχθῆναι
1566 5131 1633 5183 ὲκ
1678 5129 1773 5182 τοῦ
1811 5127 2047 5199 φωλεοῦ,

465 5223 940 5295 καταλιμπάνεται
973 5222 1163 5294 μόνον,
1198 5223 1292 5276 καὶ
1323 5220 1501 5292 ἑαυτῷ
1522 5220 1926 5291 διαφθείρεται,
1960 5235 2055 5287 γε-

465 5315 737 5387 λώμενον,
770 5316 865 5369 καὶ
894 5316 1295 5387 ὲμπαιζόμενον
1317 5354 1333 5380 ,
1374 5315 1467 5369 καὶ
1515 5314 1589 5385 μὴ
1637 5312 2050 5383 εὑρισκόμενον,

464 5407 553 5461 διὰ
589 5408 688 5479 τῆς
718 5408 1094 5477 παγγελάστου
1145 5408 1344 5479 χλεύης
1367 5447 1381 5471 ,
1424 5406 1523 5461 καὶ
1562 5405 1798 5475 ἁσέμνου
1844 5404 2047 5471 διαγω-

465 5498 571 5570 γῆς
594 5540 610 5565 .
638 5499 732 5552 καὶ
760 5498 1070 5563 ὑποθέσεως
1095 5500 1197 5571 τῆς
1229 5499 1525 5572 ληρῳδίας.
1548 5498 1660 5560 Τὰς
1701 5496 1759 5550 δὲ
1789 5496 1918 5567 ἑξῆς
1947 5496 2063 5549 δια-

469 5589 844 5661 σκοπήσαντες
870 5630 886 5653 ,
915 5589 1078 5644 πάλιν
1112 5574 1398 5662 εὐξώμεθά
1438 5588 1570 5642 Θεὸν
1601 5590 1886 5659 συνεργεῖν
1928 5588 2060 5659 ἡμῖν

543 5782 561 5815 ³
590 5780 726 5841 Gen.
760 5798 846 5851 in,
873 5782 926 5839 6.
1006 5785 1026 5815 ¹
1048 5782 1185 5839 ibid.
1218 5782 1249 5835 7
1352 5784 1368 5812 ³
1394 5780 1594 5839 let-em.
1629 5796 1712 5848 in,
1745 5779 1806 5833 ὗε

2146 3290 2366 3359 saepius.
2418 3287 2497 3342 Ac
2523 3289 2814 3343 verissime
2843 3290 2896 3341 in
2927 3289 3035 3342 illis
3061 3287 3338 3359 propheta:
3361 3287 3568 3340 dictum
3599 3285 3735 3338 illud

2145 3381 2437 3450 impletur:
2494 3377 2670 3434 Frons
2727 3380 3017 3434 meretricis
3049 3380 3195 3449 facta
3222 3388 3300 3433 est
3338 3377 3455 3442 tibi,
3483 3377 3736 3445 pudorem

2145 3472 2284 3541 apud
2329 3488 2506 3527 omnes
2545 3473 2787 3542 abjecisti
2816 3474 2858 3527 ³.
2918 3474 3189 3528 Creterum
3218 3478 3345 3543 post
3374 3472 3522 3526 illam
3547 3470 3736 3524 horam

2147 3565 2282 3620 foris
2311 3580 2531 3621 rursum
2554 3574 2735 3621 vestes
2760 3565 2997 3620 induunt
3016 3573 3071 3619 et
3089 3563 3280 3618 Adami
3306 3578 3428 3619 esse
3452 3561 3736 3617 desinunt.

2147 3655 2339 3727 Neque
2364 3659 2510 3712 enim
2543 3657 2592 3713 is
2621 3659 2856 3713 vestium
2886 3654 3349 3727 subindecopiam
3382 3654 3575 3709 habuit
3600 3670 3614 3719 ;
3643 3651 3741 3709 sed

2145 3750 2381 3821 primum
2422 3748 2558 3805 ficus
2604 3750 2757 3813 folia,
2810 3749 3007 3805 deinde
3057 3747 3314 3819 pelliceas
3355 3747 3592 3801 tunicas.
3662 3746 3741 3799 Ita

2143 3842 2366 3897 nonnisi
2394 3842 2554 3913 longo
2588 3851 2852 3912 tempore,
2905 3856 3069 3909 quam
3100 3840 3273 3895 creati
3300 3838 3539 3903 fuerant,
3571 3837 3742 3892 vcsti-

2148 3941 2459 3989 mentorum
2499 3949 2661 3988 usum
2698 3934 2884 3989 divina
2940 3934 3063 3987 illos
3112 3931 3380 4002 sapientia
3430 3929 3738 4000 perdocuit.

2147 4023 2514 4089 Quamobrem
2568 4024 2717 4079 omni
2752 4023 3077 4093 explodendi
3114 4024 3352 4077 ludibrio
3399 4033 3529 4077 sunt
3558 4020 3741 4076 homio

2148 4131 2244 4171 nes
2276 4116 2388 4180 isti,
2425 4116 2516 4186 qui
2561 4117 2663 4171 sibi
2691 4116 2883 4169 Adami
2925 4116 3294 4169 conditionem
3328 4114 3663 4178 vindicant;‘
3686 4111 3744 4167 in

2147 4222 2256 4277 quo
2278 4208 2477 4277 partim
2502 4209 2867 4271 mentiuntur,
2894 4208 3088 4278 partim
3116 4222 3243 4261 vera
3264 4206 3539 4275 iactitant.
3588 4202 3745 4270 Quod

2147 4300 2294 4354 enim
2336 4299 2531 4353 Adami
2568 4315 2676 4354 non
2721 4307 2873 4363 sunt,
2916 4299 3127 4361 multis,
3175 4306 3234 4351 ut
3269 4298 3633 4360 ostendimus,
3662 4302 3747 4350 est

2148 4390 2486 4460 argumentis
2510 4389 2891 4460 perspicuum;
2922 4388 3070 4458 quod
3098 4396 3277 4441 autem
3311 4386 3379 4440 ab
3405 4382 3735 4454 intelligibili

2149 4486 2401 4549 serpente
2448 4478 2816 4539 ludificentur,
2868 4475 2921 4530 id
2957 4490 3086 4530 vero
3121 4490 3185 4528 ex
3227 4472 3482 4527 affectato
3529 4471 3743 4524 illorum

2078 4573 2126 4631 ι)
2153 4572 2342 4625 habitu
2371 4587 2435 4625 ac
2482 4572 2731 4626 nuditate
2762 4568 3127 4641 pudendoque
3156 4582 3221 4621 ac
3259 4564 3490 4620 ridendo
3540 4562 3634 4617 illo
3661 4562 3747 4615 in-

2155 4664 2351 4719 stituto
2380 4670 2622 4718 constat.

2230 4777 2525 4834 Enimvero
2564 4778 2701 4832 tanti
2734 4777 2955 4832 illorum
3000 4772 3389 4830 refutationem
3439 4766 3620 4821 facere
3650 4764 3752 4818 mi-

2158 4872 2307 4927 nime
2334 4871 2615 4927 convenit.
2651 4870 2839 4941 Neque
2865 4870 3011 4925 enim
3044 4866 3248 4922 animal
3277 4861 3433 4927 illud,
3463 4859 3553 4915 cui
3592 4857 3751 4914 simi-

2154 4962 2235 5018 les
2260 4969 2410 5029 sunt,
2452 4961 2664 5016 bellicis
2694 4960 2965 5029 machinis
2993 4966 3088 5012 aut
3123 4954 3426 5025 majoribus
3460 4949 3629 5005 armis
3658 4964 3753 5002 cx-

2156 5051 2388 5123 pugnari
2436 5050 2741 5120 conticique
2775 5048 2961 5113 debet,
3013 5046 3109 5103 sed
3142 5046 3336 5114 exigua
3388 5040 3571 5111 aliqua
3599 5039 3751 5107 virga

2157 5141 2501 5212 profligatur.
2558 5141 2716 5210 Saepe
2749 5138 2914 5194 etiam
2944 5151 3069 5190 cum
3101 5150 3167 5190 ex
3200 5129 3473 5187 foramine
3509 5142 3753 5183 emerse-

2159 5234 2252 5295 rit,
2285 5232 2329 5286 si
2369 5231 2569 5285 ibidem
2605 5228 2927 5284 destitutum
2960 5224 3147 5289 fuerit,
3193 5237 3289 5293 per
3309 5235 3431 5275 sese
3456 5215 3755 5285 exstingui-

2165 5327 2258 5372 tur
2283 5316 2399 5372 risu
2429 5316 2671 5369 omnium
2702 5329 2766 5368 ac
2800 5312 3037 5367 ludibrio
3067 5316 3345 5371 vexatum,
3383 5318 3484 5360 nec
3512 5302 3750 5372 amplius

2167 5405 2465 5476 reperitur,
2485 5412 2840 5474 posteaquam
2870 5400 2949 5457 sic
2973 5398 3195 5453 illusum
3228 5392 3411 5454 fuerit,
3438 5404 3502 5444 ac
3535 5386 3756 5441 ludicra:

2170 5497 2553 5568 occupationis
2582 5493 2863 5549 materiem
2891 5488 3208 5561 praebuerit.
3239 5484 3360 5575 llam
3390 5494 3522 5536 vero
3557 5477 3624 5533 ad
3649 5491 3757 5531 ca:-

2170 5596 2318 5644 teras
2351 5583 2780 5642 considerandas
2817 5582 3057 5637 haereses
3095 5575 3337 5633 divinam
3363 5583 3523 5643 opem
3562 5581 3759 5629 rursus
