4176 6386
463 337 575 397 959

1949 348 2002 403 S.
2033 346 2372 407 ΕΡΙΡΗᾹΝΙῙ

3610 361 3717 419 9m

468 439 857 519 imploremus;
890 467 999 524 quo
1021 462 1077 513 et
1106 452 1226 510 illas
1254 453 1590 526 investigare
1615 474 1777 530 atque
1796 470 2040 516 evertere

2162 464 2220 525 :l;
2252 464 2349 535 τὴν
2385 465 2489 518 τῶν
2519 466 2696 520 ἄλλων
2743 466 2961 539 εὕρεσιν
2990 486 3050 523 τε
3104 470 3197 524 καὶ
3236 472 3545 543 ἀνατροπὴν
3568 511 3583 537 ,
3618 478 3714 533 καὶ

468 542 763 609 possimus,
804 553 858 597 et
887 543 989 598 hoc
1020 545 1197 615 ipsum
1230 555 1339 602 tam
1370 549 1435 603 ad
1469 559 1735 618 nostram,
1767 568 1929 623 quam
1974 556 2043 610 ad

469 632 737 688 lectorum
772 637 1006 690 salutem
1041 639 1330 693 referatur.

735 748 894 821 ἀει
930 750 1298 808 Αονειιδυε
1330 754 1750 821 ssursasos,

822 864 1057 919 Ilwresis
1083 866 1344 922 XXXIII
1384 872 1487 922 sire
1523 870 1687 926 LIII.

540 975 580 1029 1.
610 976 1008 1048 Sampsa-orum
1039 984 1091 1038 in
1118 1000 1179 1038 ea
1205 988 1443 1056 regione.
1470 1006 1589 1059 qua:
1618 990 1796 1045 Pet-ma
1822 994 2045 1065 dicitur,

470 1068 694 1123 Ineresis
722 1072 966 1140 quaedam
999 1086 1101 1137 est,
1156 1079 1246 1144 qui
1278 1087 1331 1130 et
1366 1079 1580 1135 Elce~aai
1612 1096 1877 1139 vorantur
1906 1106 1916 1139 :
1972 1087 2041 1143 de

472 1162 670 1226 quibus
722 1164 771 1215 in
806 1166 1185 1231 superioribus
1225 1168 1525 1228 hreresibus
1557 1176 1884 1229 mentionem
1918 1177 2048 1231 feci—

472 1268 609 1303 mus.
642 1252 701 1305 lli
734 1255 872 1307 ultra
903 1255 1139 1315 Salsum.
1169 1260 1283 1313 sive
1312 1261 1581 1316 Mortuum
1608 1281 1777 1329 mare,
1805 1268 2049 1323 habitant

472 1342 525 1395 in
566 1343 877 1408 Moabitide,
914 1348 980 1400 ad
1026 1357 1322 1403 torrentem
1357 1352 1564 1420 Arnon,
1608 1367 1658 1409 et
1710 1360 1760 1409 iu
1790 1361 2048 1415 ulteriore

471 1439 649 1486 tractu
701 1433 902 1490 lturagae
943 1454 1006 1492 ac
1060 1440 1368 1508 Nabattide,
1427 1444 1495 1498 de
1531 1461 1641 1514 quo
1692 1449 1889 1518 saepius
1934 1450 2045 1517 jam

469 1523 650 1592 egisse
695 1540 779 1579 me
825 1530 1067 1586 memini.
1124 1530 1339 1588 Jac-tant
1392 1536 1537 1588 enim
1591 1538 1664 1592 illi
1713 1541 2047 1597 conditorem

472 1621 637 1668 secta:
672 1631 785 1670 suae
829 1634 894 1673 ac
931 1623 1250 1691 magistrum
1286 1625 1544 1685 Elxzeum.
1596 1630 1637 1684 Ε
1673 1632 1831 1700 cujus
1879 1634 2049 1702 stirpe

471 1703 610 1761 duas
640 1707 705 1760 ad
741 1709 844 1764 hoc
872 1722 1084 1781 tempus
1112 1717 1462 1773 mulierculas
1497 1731 1757 1791 tanquam
1792 1725 1921 1779 deas
1951 1725 2047 1777 ad-

2148 556 2300 627 ἡμῶν
2326 560 2418 614 καὶ
2446 559 2553 615 τῶν
2580 562 3012 629 ἐντυγχανόντων
3042 564 3336 633 σωτηρίαν.

2567 756 2753 810 ΚΑΤΑ
2804 757 3165 810 ΣΑΜΨΑΙΩΝ
3192 757 3325 830 (66),

2262 867 2581 935 Γριακοστὴ
2609 868 2794 935 τρίτη,
2829 871 2867 937 ἠ
2894 869 2990 921 καὶ
3014 869 3391 938 πεντηκηστὴ
3422 872 3607 941 τρίτη.

2217 981 2293 1032 Α’.
2322 980 2588 1049 Σαμψαῖοί
2627 999 2771 1045 τινες
2804 983 2861 1034 ὲν
2890 986 2955 1053 τῇ
2990 985 3195 1052 Περαίᾳ
3220 1026 3235 1049 ,
3280 986 3405 1056 περὶ
3431 979 3505 1038 ὧν
3531 986 3628 1057 ήδη
3657 988 3716 1039 ὲν

2148 1072 2266 1131 ταῖς
2313 1070 2499 1132 ἄλλαις
2545 1070 2820 1140 αἱρέσεσιν
2868 1073 3330 1143 ἐπεμνήσθημεν,
3381 1074 3488 1127 τῶν
3519 1075 3582 1146 δὴ
3624 1077 3717 1129 καὶ

2161 1161 2481 1213 Ἐλκεσαίων
2512 1161 2855 1230 καλουμένων
2888 1179 2900 1191 ·
2934 1161 3145 1233 αἵρεσίς
3173 1181 3254 1226 τις
3290 1154 3521 1235 ὑπάρχει
3554 1166 3612 1218 ὲν
3649 1169 3718 1236 τῇ

2150 1254 2357 1324 Περαίᾳ.
2388 1252 2531 1305 οὕτω
2578 1255 2885 1326 καλουμένῃ
2934 1255 3086 1326 χώρᾳ
3125 1258 3297 1326 πέραν
3350 1258 3446 1327 τῆς
3488 1258 3720 1327 Ἀλυκῆς

2149 1345 2265 1412 ἢτοι
2294 1345 2511 1414 Νεκρᾶς
2534 1343 2873 1414 καλουμένης
2904 1344 3175 1414 Θαλάσσης
3194 1388 3207 1410 ,
3245 1348 3301 1401 ὲν
3327 1350 3390 1418 τῇ
3419 1347 3721 1402 Μωαϐίτιδι

2149 1436 2337 1505 χώρᾳ,
2374 1436 2499 1505 περὶ
2541 1435 2632 1487 τὸν
2671 1436 2998 1507 χειμάρρουν
3039 1438 3260 1507 Ἀρνῶν,
3297 1440 3389 1490 καὶ
3444 1438 3719 1506 ἐπέκεινα,

2152 1526 2209 1576 ἐν
2235 1528 2299 1595 τῇ
2340 1524 2576 1593 Ἰτουρέᾳ
2604 1525 2697 1576 καὶ
2721 1524 3033 1587 Ναϐαττίδι,
3064 1526 3139 1587 ὡς
3172 1527 3265 1579 καὶ
3291 1526 3390 1596 ήδη
3418 1544 3505 1597 μοι
3529 1527 3724 1580 πολλά-

2150 1633 2236 1678 κις
2280 1617 2406 1687 περὶ
2444 1616 2634 1669 τούτου
2671 1617 2982 1687 δεδήλωται.
3021 1611 3178 1671 Οὗτοι
3216 1618 3323 1691 γὰρ
3371 1617 3593 1693 αὐχοῦσι
3631 1620 3721 1671 τὸν

2163 1709 2408 1774 Ἦλξαῖον
2451 1708 2627 1761 αὐτῶν
2675 1704 2813 1761 εἶναι
2844 1710 3176 1765 διδάσκαλον.
3228 1712 3347 1763 Ἔτι
3393 1711 3449 1763 δὲ
3500 1713 3593 1764 καὶ
3642 1712 3723 1775 εἰς

474 1794 729 1860 orabant,
762 1799 906 1868 quod
928 1816 995 1855 cx
1026 1802 1315 1860 benedicto
1338 1810 1544 1865 semine
1575 1815 2048 1867 essentoriundaz.

2162 1798 2309 1870 Βεῦρο
2338 1800 2431 1852 τοῦ
2479 1800 2668 1867 γένους
2708 1800 2872 1852 αὑτοῦ
2925 1800 3274 1871 ὑπαρχούσας
3319 1802 3411 1854 δύο
3462 1805 3726 1870 γυναῖκας

475 1884 713 1943 Utuntur
764 1890 867 1945 hoc
908 1908 1097 1948 eorum
1147 1897 1287 1953 libro
1319 1908 1371 1954 et
1406 1902 1576 1957 Ossaei
1616 1915 1665 1959 et
1703 1904 1963 1967 Ebionaai,
1999 1918 2053 1960 et

472 1977 735 2045 Nazarazi,
766 1991 823 2037 ut
856 1999 963 2039 non
996 1990 1165 2042 semel
1197 1999 1353 2045 antea
1380 1992 1523 2060 dixi;
1551 1996 1644 2050 sed
1677 1997 1937 2066 Sampsaei
1960 2014 2053 2067 po.

474 2073 747 2127 tissimum
772 2076 865 2129 illo
887 2079 1153 2133 nituntur.
1199 2081 1445 2148 Quicum
1476 2102 1576 2141 nec
1596 2088 1892 2143 Christiani
1917 2093 2049 2155 sint,

474 2176 576 2215 nec
605 2161 797 2227 Judaei,
847 2181 948 2221 nec
993 2170 1247 2236 gentiles,
1293 2174 1453 2227 medii
1488 2175 1770 2243 cujusdam
1817 2182 2053 2245 generis,

474 2253 591 2307 sive
623 2257 803 2325 potius
828 2259 962 2311 nihil
990 2264 1215 2315 omnino
1242 2267 1536 2333 suut.Quin
1574 2270 1734 2322 etiam
1766 2271 1931 2323 alium
1960 2271 2057 2325 ha-

476 2345 606 2400 bere
644 2362 703 2401 se
740 2348 935 2403 librum
979 2356 1296 2421 praedicant,
1352 2374 1512 2426 quem
1547 2360 1699 2414 fratri
1746 2361 1908 2416 Εἰκπί
1960 2364 2058 2416 tri-

476 2436 673 2493 buunt.
734 2438 912 2494 Unum
950 2458 1072 2498 esse
1106 2444 1272 2500 Deum
1306 2459 1581 2513 asserunt,
1612 2466 1675 2503 ac
1698 2453 1864 2507 certis
1892 2469 2055 2507 usur-

477 2534 620 2599 patis
655 2533 940 2601 baptismis
972 2537 1224 2589 eumdem
1259 2550 1608 2594 venerantur.
1652 2540 1857 2597 Iudaeis
1891 2560 2056 2613 porro

478 2621 533 2674 in
568 2624 823 2679 omnibus
873 2624 1275 2684 adhaerescunt.
1330 2629 1470 2685 Sunt
1515 2632 1655 2686 inter
1695 2648 1811 2695 eos,
1854 2636 1947 2704 qui
1988 2636 2057 2690 ab

479 2712 736 2767 animatis
762 2715 1019 2769 omnibus
1049 2719 1344 2776 abstinent.
1376 2721 1483 2775 Pro
1518 2722 1681 2778 Elxaai
1715 2742 1844 2779 vero
1888 2728 2058 2797 stirpe

481 2804 644 2856 morti
682 2820 803 2860 sese
828 2809 1171 2863 committere
1204 2827 1313 2865 non
1352 2814 1622 2869 dubitant.
1659 2814 1927 2869 Creterum
1965 2833 2059 2887 per

483 2894 537 2948 id
565 2902 781 2965 tempus
812 2896 1091 2954 audieram
1128 2918 1291 2955 unam
1337 2920 1367 2958 e
1410 2904 1625 2960 duabus
1653 2906 1760 2961 illis
1802 2906 2057 2961 feminam

481 2986 703 3051 obiisse,
732 3003 852 3057 qua!
875 2989 1085 3043 Martho
1110 2994 1513 3056 nominabatur.
1559 3000 1852 3066 superstite
1882 2999 2059 3054 adhuc

480 3075 794 3143 Marthana;
828 3080 933 3134 nisi
959 3081 1070 3149 jam
1096 3090 1149 3136 et
1182 3084 1296 3152 ipsa
1326 3085 1646 3140 decesserit.
1702 3089 1906 3145 Ambas
1939 3090 2059 3145 illas

481 3171 697 3239 quoties
718 3172 879 3226 domo
903 3190 1206 3244 progressas
1226 3178 1410 3246 aliquo
1432 3195 1488 3233 se
1514 3181 1848 3245 conferrent,
1872 3184 2061 3249 ingens
2089 3149 2131 3207 Ο

480 3255 765 3313 hominum
790 3264 1079 3317 multitudo
1110 3268 1493 3335 comitabatur,
1523 3272 1614 3339 qui
1645 3288 1753 3325 non
1784 3274 1944 3327 modo
1973 3289 2064 3343 pe-

483 3350 611 3403 dum
644 3354 939 3421 pulverem.
975 3356 1068 3409 sed
1098 3368 1153 3409 et
1183 3368 1343 3427 sputa
1377 3363 1692 3416 morborum
1725 3365 1791 3417 ad
1823 3366 2061 3420 remedia

484 3443 821 3513 colligentes.
872 3462 979 3501 non
1029 3450 1146 3503 sine
1192 3467 1386 3521 magno
1429 3454 1666 3508 ludibrio
1717 3457 1782 3509 ad
1826 3460 2061 3511 amuleta

484 3541 539 3587 et
588 3535 918 3605 phylacteria
959 3544 1331 3597 reservabant.
1391 3543 1667 3613 Siquidem
1700 3564 1856 3601 error
1886 3550 2062 3604 omnis

486 3627 730 3681 cmcitate
758 3632 1015 3698 primum,
1056 3642 1168 3687 tum
1202 3637 1448 3691 vanitate
1481 3646 1530 3690 et
1567 3641 1875 3708 arrogantia
1912 3642 2064 3695 labo-

488 3726 591 3772 rat.
634 3718 798 3773 lidem
838 3722 912 3775 illi
948 3725 1242 3793 prophetas
1276 3744 1383 3781 non
1442 3730 1622 3784 minus
1654 3747 1815 3800 quam
1849 3742 2066 3801 aposto~

486 3806 569 3860 los
597 3809 872 3878 rejiciunt,
905 3821 977 3874 et,
1014 3825 1071 3867 ut
1108 3818 1419 3871 summatim
1446 3818 1646 3884 dicam,
1674 3820 1955 3876 fraudibus
1991 3837 2055 3876 ac

488 3899 789 3956 mendaciis
848 3904 1064 3959 illorum
1124 3907 1308 3964 omnia
1362 3919 1493 3967 sunt
1554 3914 1777 3970 relerta.
1853 3916 2064 3986 Aquam

489 4005 821 4061 magnopere
853 4006 1203 4062 venerantur,
1236 4015 1299 4054 ac
1331 4005 1720 4070 propemodum
1759 4006 1933 4061 instar
1962 4025 2067 4062 nu-

490 4084 654 4138 minis
696 4085 915 4152 habent,
960 4090 1105 4157 quod
1158 4092 1225 4144 ab
1257 4108 1320 4147 ea
1351 4105 1700 4165 propagatam
1744 4114 1867 4153 esse
1899 4100 2063 4152 vitam

489 4184 763 4231 asserunt.
802 4178 1080 4235 Christum
1132 4184 1297 4237 verbo
1336 4194 1492 4241 tenus
1520 4191 1870 4251 eonlitentur,
1903 4207 2063 4260 quem

489 4276 792 4323 creaturam
827 4287 949 4325 esse
1000 4282 1211 4342 putant.
1242 4288 1294 4329 et
1329 4277 1621 4333 identidem
1650 4296 1929 4349 apparere.
1988 4284 2066 4337 Ac

489 4361 725 4429 primum
754 4362 942 4416 Adami
973 4380 1172 4433 corpus
1202 4367 1520 4430 iabricasse,
1554 4388 1903 4442 rursumque.
1940 4390 2065 4428 cum

491 4453 542 4505 ei
572 4454 749 4506 visum
774 4466 878 4521 est,
905 4458 1148 4512 induere.
1175 4460 1335 4533 462
1370 4461 1424 4513 Ei
1442 4462 1661 4516 Christo
1688 4482 1884 4519 nomen
1906 4482 2061 4532 esse;
2098 4486 2142 4541 ι)

492 4546 656 4615 hujus
721 4564 962 4602 sororem
1011 4553 1272 4617 Spiritum
1327 4570 1448 4608 esse
1493 4566 1765 4620 sanctum,
1815 4559 2063 4612 muliebri

494 4637 747 4691 videlicet
794 4641 993 4709 specie.
1060 4640 1361 4714 Utrumque
1413 4662 1561 4709 vero,
1612 4655 1718 4701 tam
1764 4648 2062 4717 Christum,

494 4746 655 4801 quam
691 4730 951 4801 Spiritum
983 4747 1252 4801 sanctum,
1292 4741 1588 4809 nonaginta
1620 4757 1713 4795 scx
1758 4743 2065 4797 milliarium

493 4823 802 4889 altitudine,
833 4826 1018 4895 viginti
1048 4838 1281 4899 quatuor
1317 4830 1603 4886 latitudine
1663 4846 1934 4890 constare.
1987 4836 2067 4891 Ad

496 4916 610 4968 hmo
641 4915 956 4973 innumeras
984 4920 1119 4973 alias
1154 4938 1325 4991 nugas
1359 4923 1641 4993 adjiciunt.

566 5005 630 5058 ll.
671 5006 777 5060 Sed
805 5008 871 5060 de
900 5008 1206 5065 istiusmodi
1236 5002 1485 5081 dogmate
1520 5030 1641 5067 cum
1672 5016 1723 5067 in
1753 5015 1876 5071 aliis
1899 5016 2068 5072 luere—

498 5095 653 5153 sibus
683 5098 877 5152 crebro
909 5102 1238 5155 mentionem
1279 5104 1577 5172 injeceritn,
1607 5107 2063 5175 quemadmodum

499 5188 893 5245 confutandum
920 5201 1064 5247 esset
1098 5195 1459 5252 ostendimus.
1515 5198 1633 5263 Quo
1665 5199 1843 5253 minus
1878 5215 2067 5256 ncces-

501 5282 707 5337 sarium
736 5284 1067 5350 existimavi,
1087 5289 1139 5342 iu
1166 5304 1230 5343 eo
1256 5290 1553 5345 refellendo
1577 5308 1899 5363 magnopere
1923 5309 2065 5347 com-

502 5375 728 5439 morari,
784 5390 908 5430 cum
938 5377 990 5432 id
1014 5379 1127 5449 jam
1174 5380 1225 5434 in
1266 5384 1716 5442 antecedentibus
1747 5386 2061 5447 hazresibus.

583 5573 600 5607 ³
632 5571 693 5628 F.
725 5574 827 5630 ὅτι.

2157 1892 2520 1963 προσεκύνουν
2548 1933 2560 1958 ,
2588 1892 2662 1954 ὼς
2704 1892 2832 1954 Θεὰς
2861 1893 3018 1961 δῆθεν
3040 1933 3053 1957 ,
3085 1893 3169 1945 διὰ
3199 1892 3257 1943 τὺ
3285 1888 3420 1944 εἶναι
3467 1892 3634 1953 αὑτὰς
3661 1894 3724 1943 ὲκ

2157 1983 2471 2054 σπέρματος
2528 1984 2911 2055 εὐλογημένου.
2965 1984 3272 2053 Κέχρηνται
3326 1984 3381 2035 δὲ
3442 1985 3506 2052 τῇ
3562 1982 3725 2051 βίϐλῳ

2155 2073 2327 2145 ταύτῃ
2350 2074 2443 2124 καὶ
2487 2074 2739 2137 Ὀσσαῖοι,
2784 2074 2877 2125 καὶ
2917 2072 3237 2137 Ἑϐιωναῖοι,
3272 2075 3365 2126 καὶ
3392 2072 3723 2143 Ναζωραῖοι,

2157 2166 2231 2228 ὼς
2260 2166 2356 2234 ἤδη
2383 2164 2650 2227 ’πολλάκις
2680 2160 2850 2218 εἷπον.
2882 2164 3043 2217 Φύσει
3063 2165 3118 2217 δὲ
3140 2157 3282 2217 οῦτοι
3305 2167 3352 2217 oi
3379 2164 3644 2234 Σαμψαῖοι
3667 2164 3727 2229 ἐξ

2156 2260 2324 2329 αὐτῆς
2356 2258 2652 2328 ὁρμῶνται,
2683 2257 2804 2311 οὔτε
2851 2260 3164 2329 Χριστιανοὶ
3196 2258 3532 2327 ὑπάρχοντες
3556 2297 3571 2320 ,
3603 2256 3727 2309 οὔτε

2156 2351 2396 2403 Ἰουδαῖοι
2422 2390 2435 2410 ,
2486 2350 2607 2403 οὔτε
2631 2351 2887 2420 ’Έλληνες
2912 2392 2926 2414 ,
2968 2350 3101 2403 ἀλλὰ
3145 2351 3304 2419 μέσον
3338 2349 3521 2412 ἁπλῶς
3552 2350 3727 2419 ὑπάρ-

2157 2459 2339 2512 χοντες
2366 2442 2513 2493 οὐδέν
2542 2444 2665 2498 είσι.
2697 2444 2832 2495 Φασὶ
2858 2444 2913 2495 δὲ
2944 2444 3034 2496 καὶ
3059 2443 3185 2497 ἄλλο
3217 2443 3419 2513 βιϐλίον
3459 2443 3601 2513 ἔχειν
3620 2484 3634 2506 ,
3667 2444 3729 2495 τὸ

2158 2533 2447 2601 λεγόμενον
2478 2532 2705 2601 ἀδελφοῦ
2738 2534 2829 2585 τοῦ
2866 2534 3069 2599 Ἠλξαῖ.
3108 2534 3237 2585 Θεὸν
3269 2535 3326 2587 δὲ
3352 2535 3445 2587 ἕνα
3478 2534 3690 2602 λέγουσι
3711 2550 3729 2567 ο

2160 2623 2253 2674 καὶ
2292 2623 2452 2691 δῆθεν
2492 2624 2652 2675 αὑτὸν
2696 2624 2912 2676 σέϐουσι
2948 2624 3270 2694 βαπτισμοῖς
3294 2643 3402 2678 τισι
3434 2626 3729 2696 χρώμενοι.

2162 2714 2517 2783 Πρόσκεινται
2552 2715 2608 2767 δὲ
2654 2715 2921 2777 Ἰουδαίοις
2954 2716 3007 2766 ἐν
3053 2715 3275 2769 ἅπασιν.
3325 2716 3638 2786 Ἀπέχονται
3674 2717 3731 2775 δὲ

2160 2807 2254 2858 καὶ
2289 2805 2545 2875 ἐμψύχων
2568 2807 2707 2869 τινὲς
2735 2806 2793 2871 ἐξ
2832 2807 3028 2861 αὐτῶν.
3071 2807 3641 2878 ’Υπεραποθνήσκουσι
3671 2807 3728 2859 δὲ

2160 2896 2267 2948 τῶν
2298 2898 2359 2948 ἐκ
2389 2897 2579 2963 γένους
2606 2898 2700 2950 τοῦ
2738 2897 2944 2962 Ἠλξατ.
2968 2899 3078 2951 Καὶ
3104 2900 3160 2949 ὲν
3189 2899 3286 2968 μὲν
3314 2898 3393 2968 τῷ
3416 2899 3590 2969 χρόνῳ
3612 2897 3735 2951 τού-

2160 3004 2237 3057 τῳ
2267 2988 2544 3056 ἁκηκόειν.
2576 2990 2662 3041 ὅτε
2696 2990 2710 3020 ¹
2756 2988 3013 3058 τέθνηκεν
3054 2991 3086 3057 ἡ
3118 2990 3215 3058 μία
3244 2990 3377 3059 γυνὴ
3404 2992 3435 3059 ἠ
3478 2987 3737 3059 Μαρθοῦς

2164 3078 2473 3149 καλουμένη
2496 3098 2508 3110 ·
2539 3079 2719 3149 ἔμεινε
2752 3080 2809 3133 δὲ
2858 3081 2950 3134 καὶ
2982 3080 3075 3132 νῦν
3118 3080 3383 3149 Μαρθάνα
3409 3124 3423 3145 ,
3458 3081 3507 3132 εί
3538 3081 3611 3150 μὴ
3643 3081 3734 3133 καὶ

2165 3172 2299 3241 αὐτὴ
2329 3170 2607 3241 τέθνηκεν.
2641 3171 2707 3223 Εἴ
2746 3189 2872 3225 ποτε
2898 3172 2953 3225 δὲ
3004 3171 3179 3238 ἔξοδον
3214 3166 3359 3242 εἶχον
3392 3175 3447 3225 ai
3488 3172 3731 3226 τοιαῦταί

2167 3280 2257 3315 ποι
2294 3262 2645 3331 βαδίζουσαι,
2696 3265 3050 3334 συνεπόμενοι
3102 3266 3151 3316 οἱ
3198 3264 3340 3335 ὄχλοι
3384 3265 3596 3327 αὐτῶν,
3646 3266 3736 3317 τὸν

2166 3354 2294 3425 χοῦν
2323 3355 2430 3408 τῶν
2476 3355 2653 3409 ποδῶν
2690 3355 3058 3425 λαμϐάνοντες
3100 3357 3293 3418 ἰάσεως
3330 3355 3487 3424 δῆθεν
3530 3356 3734 3417 ἕνεκεν,

2167 3446 2255 3499 τὸν
2286 3445 2455 3499 σίελον
2493 3446 2599 3498 τῶν
2637 3447 2969 3516 πτυσμάτων
3010 3446 3303 3509 ὡσαύτως,
3350 3447 3599 3515 μεγάλως
3642 3447 3739 3515 ἑμ-

2167 3536 2481 3605 παιξόμενοι
2536 3536 2773 3607 ἐχρῶντο
2811 3539 2866 3590 ὲν
2921 3536 3305 3607 φυλακτηρίοις
3355 3554 3414 3589 τε
3463 3538 3554 3590 καὶ
3588 3553 3741 3606 περι-

2166 3630 2375 3692 άπτοις.
2411 3631 2563 3683 Πᾶσα
2587 3630 2693 3700 γὰρ
2728 3630 2903 3699 πλάνη
2932 3629 3054 3699 ἔσχε
3083 3629 3298 3699 πρῶτον
3314 3629 3423 3714 ⁸ςτὴν
3448 3627 3738 3695 τύφλωσιν,

2166 3720 2357 3774 ἔπειτα
2385 3722 2482 3790 τὴν
2504 3721 2854 3788 κενοφωνίαν.
2888 3720 2994 3774 Καὶ
3022 3718 3144 3771 οὗτε
3180 3721 3463 3791 προφήτας
3499 3718 3740 3787 δέχονται

2165 3812 2214 3863 oi
2246 3811 2496 3873 τοιοῦτοι,
2533 3809 2653 3863 οὔτε
2688 3810 3037 3873 ἀποστόλους.
3070 3810 3151 3862 Τά
3191 3811 3368 3863 πάντα
3404 3809 3459 3862 δὲ
3488 3809 3616 3881 παρ’
3645 3810 3743 3861 αὑ-

2165 3904 2277 3964 τοῖς
2306 3904 2601 3973 ⁴Ιγπάτηται.
2638 3902 2936 3972 Τετίμηται
2965 3902 3020 3955 δὲ
3045 3901 3139 3953 καὶ
3172 3900 3231 3952 τὸ
3260 3900 3402 3970 ὕδωρ
3421 3941 3434 3962 ,
3464 3901 3556 3952 καὶ
3586 3899 3742 3952 τοῦτο

2168 3995 2242 4055 ὡς
2272 3994 2391 4046 θεὸν
2415 3993 2673 4064 ἡγοῦνται
2695 4034 2708 4056 ,
2745 3994 2930 4063 σχεδὸν
2970 3994 3268 4061 φάσκοντες
3307 3986 3445 4042 εἶναι
3477 3989 3573 4061 τὴν
3599 3990 3743 4059 ζωὴν

2168 4090 2231 4141 ἐκ
2276 4087 2483 4141 τούτου.
2516 4085 2745 4155 Χριστὸν
2786 4085 2843 4139 δὲ
2875 4086 3097 4154 ὀνόματι
3146 4081 3468 4151 ὁμολογοῦσι
3494 4122 3508 4145 ,
3542 4080 3745 4149 κτίσμα

2168 4186 2328 4238 αὺτῆν
2382 4183 2709 4254 ἡγούμενοι,
2764 4184 2857 4235 καὶ
2929 4183 3149 4237 ἀείποτε
3238 4182 3582 4251 φαινόμενον.
3634 4178 3745 4232 Καὶ

2169 4277 2382 4345 πρῶτον
2429 4277 2526 4346 μὲν
2560 4274 2855 4327 πεπλάσθαι
2902 4274 3064 4326 αὐτὸν
3106 4274 3167 4326 τὸ
3208 4274 3365 4342 σῶμα
3398 4272 3488 4325 τοῦ
3550 4269 3740 4339 ’Δδάμ,

2170 4371 2261 4421 καὶ
2286 4368 2444 4422 πάλιν
2474 4366 2773 4429 ἐνδύεσθαι,
2803 4366 2891 4420 ὅτε
2922 4364 3189 4435 βούλεται.
3231 4362 3527 4416 Καλεῖσθαι
3557 4362 3614 4415 δὲ
3647 4362 3745 4414 αύ-

2169 4457 2259 4509 τὺν
2294 4456 2523 4525 Χριστὸν
2552 4495 2566 4518 ,
2602 4456 2694 4507 καὶ
2745 4452 2883 4507 εἶναι
2939 4453 2999 4506 τὸ
3040 4454 3193 4522 ἂγιον
3248 4451 3471 4523 Πνεῦμα
3512 4450 3745 4521 ἀδελφὴν

2172 4547 2334 4601 αὑτοῦ
2359 4591 2371 4609 ,
2408 4546 2623 4617 θηλυκῷ
2656 4550 2895 4619 σχήματι
2930 4546 3276 4616 ὑπάρχουσαν
3300 4584 3314 4607 ,
3362 4541 3747 4613 ἐνενηκονταὲξ

2175 4642 2367 4709 μιλίων
2396 4641 2455 4692 τὸ
2491 4641 2621 4710 ὖψος
2665 4640 2893 4693 ἕκαστον
2932 4640 3111 4692 αὐτῶν
3157 4639 3276 4708 ἔχον
3302 4680 3316 4703 ,
3348 4638 3375 4690 ὃ
3416 4654 3475 4689 τε
3514 4635 3747 4706 Χριστὸς

2174 4737 2268 4788 καὶ
2300 4735 2361 4787 τὸ
2391 4734 2544 4802 ἅγιον
2568 4734 2811 4803 Πνεῦμα,
2845 4731 2941 4787 καὶ
2964 4731 3025 4785 τὸ
3047 4731 3245 4794 πλάτος
3272 4728 3743 4797 εἰκοσιτεσσάρων.

2176 4832 2285 4885 Καὶ
2320 4829 2489 4882 πολλὰ
2516 4826 2731 4899 ληρώδη
2764 4826 2948 4897 ἕτερα.

2245 5011 2318 5065 B’.
2352 5008 2488 5079 Ἤδη
2531 5006 2588 5061 δὲ
2624 5004 2751 5074 περὶ
2780 5002 2969 5055 τούτου
3001 5000 3258 5061 πολλάκις
3291 4998 3347 5051 ὲν
3383 4995 3567 5056 ἄλλαις
3598 4992 3748 5062 αἱρέ-

2176 5121 2291 5158 σεσι
2317 5101 2697 5171 διηγούμενος,
2729 5096 2827 5159 τὰς
2852 5094 3159 5166 ἀνατροπὰς
3188 5090 3517 5159 πεποίημαι·
3540 5086 3619 5140 διὸ
3643 5086 3745 5138 οὐκ

2172 5198 2467 5263 ἀναγκαῖον
2500 5190 2792 5261 ἡγησάμην
2842 5188 2970 5257 περὶ
3016 5184 3209 5240 πολλοῦ
3268 5179 3610 5281 ποιήσασθαι.
3646 5178 3744 5281 την

2174 5291 2300 5359 περὶ
2330 5286 2532 5340 τούτων
2570 5283 2797 5354 ζήτησιν
2829 5281 2927 5350 τῆς
2966 5276 3310 5347 ἀνατροπῆς,
3345 5274 3419 5336 ὡς
3459 5271 3558 5342 ήδη
3588 5271 3745 5340 ἡμῶν

2173 5380 2564 5453 ἐργασαμένων
2610 5378 2689 5441 είς
2723 5374 2883 5428 αὑτὸν
2913 5372 3006 5427 τὸν
3060 5368 3329 5435 Ἠλξαίοῆ
3366 5365 3462 5420 εἰτ’
3495 5360 3589 5417 οὖν
3625 5359 3747 5413 Ὴλο

583 5749 703 5821 (66)
742 5750 1084 5820 Σαμψαίων.
1134 5748 1205 5804 De
1245 5763 1307 5803 ea
1351 5748 1463 5818 jam
1511 5748 1564 5803 in
1609 5746 1983 5818 superioribus
2010 5744 2060 5801 di

2162 5762 2278 5814 ius,
2314 5753 2370 5802 ut
2402 5753 2455 5803 et
2485 5744 2553 5801 de
2582 5743 2782 5809 Elxmo,
2826 5742 2939 5797 sive
2972 5738 3149 5797 Elxai.
