4176 6386
409 357 511 414 9M

1020 348 1392 411 ADVERSUS
1433 348 1774 408 "IERESES
1812 345 1941 405 LIB.
1975 347 2042 404 11.
2073 342 2239 404 ΤΟΜ.
2278 349 2397 406 1.-
2434 347 2714 405 H/ERES.
2754 346 2884 405 LIV.

3575 348 3683 409 962

413 474 528 539 ξαῒ,
562 474 654 527 καὶ
680 472 805 535 τοὺς
836 471 929 524 ἀπ’
958 471 1154 535 αὐτοῦ,
1195 474 1253 526 ὲν
1286 474 1403 535 ταῖς
1433 471 1621 534 ἄλλαις
1648 469 1989 542 προδεδηλω-

2103 473 2205 519 lam
2252 465 2517 522 adversus
2563 467 2827 533 Elmum,
2865 466 2979 522 sive
3002 466 3176 529 EISai,
3217 480 3381 537 quam
3422 467 3543 538 ejus
3586 486 3678 523 se.

415 566 605 636 μέναις
636 564 902 634 αἱρέσεσι.
936 563 1079 615 Πᾶσι
1108 562 1217 633 γὰρ
1246 563 1494 631 φωρατὸς
1535 564 1562 614 ὁ
1594 561 1832 623 τοιοῦτος
1852 600 1868 625 ,
1899 561 1994 613 καὶ

414 658 448 726 ἡ
483 654 542 720 ἐξ
574 653 740 707 αὐτοῦ
794 653 1036 724 αἵρεσις,
1075 654 1159 706 ὅτι
1193 653 1555 710 πεπλάνηται.
1599 653 1687 715 Ὠς
1732 649 1825 704 οῦν
1863 651 1993 704 σαῦ-

412 760 514 811 ραν
548 741 777 812 ἡλιακὴν
812 741 1143 805 πεπαικότες
1182 742 1361 812 ῥάϐδῳ
1386 742 1596 805 ἐλπίδος
1620 742 1856 813 Χριστοῦ
1900 743 1993 795 καὶ

411 829 507 883 τοῦ
546 829 803 900 σταυροῦ,
836 832 927 883 ἐπὶ
954 833 1051 894 τὰς
1087 830 1212 901 ἑξῆς
1249 832 1436 902 ἴωμεν.
1468 831 1653 897 Ἄξιον
1687 833 1795 902 γάρ
1823 832 1990 896 ἐστιν,

410 914 456 987 ᾧ
502 921 725 991 ὀνόματι
761 922 987 983 ἑαυτοὺς
1022 922 1115 975 καὶ
1158 915 1305 974 οὗτοι
1357 922 1647 990 ὠνόμασαν
1673 962 1687 985 ,
1730 921 1807 992 τῷ
1845 923 1994 993 αύτῷ

413 1013 713 1086 κεχρῆσθαι
739 1012 1023 1082 αἰνίγματι
1060 1014 1141 1076 είς
1174 1013 1373 1083 φράσιν
1402 1013 1501 1083 τῆς
1530 1014 1708 1066 αὐτῶν
1743 1031 1995 1084 παραπει-

413 1102 715 1174 ποιημένης
765 1102 1100 1172 ἐπωνυμίας.
1148 1102 1416 1173 Σαμψαίοι
1447 1104 1558 1172 γὰρ
1600 1103 1993 1175 ἑρμηνεύονται

423 1193 687 1249 Ἦλιακοί.
735 1194 827 1247 Διὸ
876 1194 1092 1248 καὶτοῦ
1124 1194 1263 1258 ζώου
1291 1194 1734 1265 ἐπεμνήσθημεν.
1777 1196 1995 1268 Ταύτην

411 1283 522 1353 γὰρ
562 1284 770 1355 σαῦραν
827 1282 968 1336 οὕτω
1017 1284 1404 1354 κικλήσκουσιν
1442 1284 1672 1355 ἡλιακὴν
1704 1287 1751 1338 oi
1786 1284 1994 1357 ἄνθρω-

414 1392 524 1429 ποι.
561 1376 772 1446 Χείρων
798 1374 853 1425 δὲ
902 1375 1107 1443 αἵρεσις
1153 1373 1292 1445 αὕτη
1343 1374 1444 1443 τῆς
1492 1373 1730 1445 σαύρας,
1766 1376 1895 1447 μηδὲ
1932 1376 1994 1428 τὸ

413 1466 699 1535 ἀκαριαῖον
728 1467 825 1533 τῆς
848 1463 1115 1534 ὠφελείας
1156 1465 1353 1535 ἑαυτῆς
1380 1466 1600 1535 ἔχουσα.
1645 1467 1857 1538 Ἐκείνη
1886 1467 1995 1539 γὰρ

412 1558 862 1628 ἀμϐλυωπήσασα
895 1557 1069 1627 χρόνῳ
1105 1556 1419 1621 ἀναϐλέπει,
1459 1557 1547 1610 διὰ
1575 1558 1804 1629 ἡλιακῆς
1834 1577 1995 1630 στροο

413 1649 675 1718 φάλιγγος
703 1650 759 1701 ἐν
783 1648 973 1719 φωλεῷ
996 1649 1133 1720 πρὸς
1160 1649 1424 1719 ἀνατολὴν
1450 1650 1768 1721 προσέχοντι
1796 1652 1995 1723 ἑαυτὴν

414 1738 811 1808 προσθλίψασα,
851 1738 945 1791 καὶ
974 1739 1335 1808 νηστεύσασα,
1367 1737 1503 1808 πρὸς
1537 1739 1799 1810 ἀνατολὴν
1830 1757 1997 1793 κατα-

412 1827 627 1881 νοοῦσα.
659 1828 807 1899 Αὕτη
839 1829 922 1899 δὲ,
957 1831 1121 1898 φημὶ,
1162 1832 1195 1900 ἡ
1230 1830 1440 1901 αἵρεσις
1461 1870 1475 1893 ,
1508 1831 1565 1881 ἐν
1596 1829 1797 1883 ἅπασιν
1828 1833 1996 1903 ἀφρο-
2026 1822 2069 1877 Β

414 1922 582 1993 σύνην
615 1921 877 1993 κέκτηται
910 1922 1004 1977 τοῦ
1032 1923 1202 1988 ζώουο
1235 1923 1295 1976 οὐ
1327 1923 1431 1995 μὴν
1463 1926 1566 1976 κᾶν
1592 1924 1653 1977 τὸ
1684 1925 1863 1995 ὀλίγον
1896 1927 1990 1980 τοῦ

412 2015 657 2072 ἐπαίνου.
700 2016 787 2079 Ὠς
821 2011 912 2069 οὖν
958 2016 1051 2069 καὶ
1084 2015 1221 2086 αὕτη
1260 2019 1291 2085 ὴ
1346 2018 1587 2088 αἵρεσις,
1626 2017 1800 2089 σαῦρα
1857 2021 1992 2090 ἡμῖν

411 2105 664 2177 λεχθεῖσα
688 2108 886 2179 ἡλιακὴ
909 2148 922 2173 ,
974 2109 1067 2162 καὶ
1097 2109 1547 2178 καταπατηθεῖσα
1576 2110 1681 2163 ὑπὸ
1715 2111 1813 2181 τῆς
1858 2112 1993 2183 ἀλη-

413 2198 562 2263 θείας
601 2200 766 2255 αὑτοῦ
800 2202 1025 2272 μενέτω,
1062 2202 1224 2271 μηδὲν
1257 2202 1627 2273 κατισχύουσα
1663 2205 1791 2275 περὶ
1814 2204 1830 2234 ¹
1855 2204 1991 2258 Θεοῦ

410 2292 687 2361 ἀληθείας.
739 2290 928 2363 Ἡμεῖς
975 2294 1033 2346 δὲ
1086 2294 1177 2345 ἐπὶ
1212 2294 1310 2357 τὰς
1365 2294 1563 2360 ἄλλας,
1617 2295 1693 2358 ὡς
1745 2296 1991 2366 εἴπομεν,

412 2382 824 2456 ὲξορμήσωμεν.

2095 558 2299 612 ctarios
2346 558 2418 613 sit
2477 559 2694 613 abunde
2744 561 3069 629 praestitum.
3135 558 3361 615 Accedit
3406 559 3680 614 neminem

2094 665 2236 713 esse,
2274 651 2367 719 qui
2400 665 2509 704 non
2539 651 2782 712 ethunc,
2818 659 2872 705 et
2901 650 3065 719 hujus
3090 652 3339 707 haeresim
3385 666 3414 705 a
3444 652 3682 706 veritate

2095 742 2392 812 plurimum
2430 742 2689 797 aberrare
2720 754 3039 812 cognoscat.
3079 743 3352 807 Quocirca
3377 757 3502 797 cum
3536 745 3683 797 solea

2104 850 2219 889 rem
2249 836 2396 889 illam
2433 837 2690 890 lacertam
2724 836 2838 905 spei
2874 836 2928 889 in
2959 835 3182 889 Christo
3230 841 3283 887 et
3313 834 3494 889 crucis
3526 835 3683 903 virga

2095 924 2550 991 percusserimus,
2568 925 2633 978 ad
2652 935 2875 979 caeteras
2890 940 3199 995 pergamus.
3216 923 3310 978 Est
3322 925 3464 978 enim
3478 923 3681 978 rationi

2100 1022 2554 1079 consentaneum,
2574 1024 2629 1069 ut
2649 1031 2759 1085 quo
2783 1017 3005 1069 nomine
3028 1018 3239 1085 seipsos
3261 1014 3518 1080 afﬁciunt,
3536 1014 3677 1068 idem

2094 1107 2164 1161 ad
2196 1106 2317 1161 illos
2348 1107 2776 1173 adumbrandos,
2827 1119 2991 1177 atque
3034 1109 3356 1163 ementitam
3398 1107 3549 1161 illam
3587 1121 3682 1176 ap-

2096 1199 2445 1269 pellationem
2497 1201 2886 1256 declarandam
2947 1200 3329 1255 adhibeamus.
3414 1198 3681 1269 Sampszei

2096 1293 2298 1362 quippe
2336 1294 2478 1348 idem
2528 1310 2591 1349 ac
2630 1295 2851 1349 Solares
2880 1294 3214 1365 signiﬁcant.
3254 1288 3413 1351 Unde
3441 1304 3496 1348 et
3534 1296 3683 1349 illius

2096 1387 2352 1441 animalis
2385 1387 2757 1441 meminimus.
2824 1385 2958 1440 Nam
2992 1386 3261 1455 ejusmodi
3303 1388 3564 1441 lacertam
3590 1401 3684 1441 so-

2097 1476 2273 1530 larem
2312 1478 2560 1533 homines
2600 1486 2942 1547 nuncupant.
2998 1478 3322 1549 Quanquam
3369 1480 3526 1550 longe
3569 1480 3683 1535 haec

2098 1569 2324 1625 haeresis
2347 1571 2549 1625 lacerta
2573 1571 2817 1627 deterior
2844 1580 2948 1635 est,
2985 1588 3108 1642 qua:
3139 1589 3205 1627 ne
3235 1572 3525 1626 minimum
3557 1573 3683 1641 qui-

2095 1660 2220 1715 dem
2252 1663 2472 1717 utilitati
2516 1680 2628 1717 suae
2661 1665 2917 1719 consulit.
2970 1666 3038 1719 At
3080 1667 3308 1731 lacerta,
3355 1681 3479 1720 cum
3533 1665 3682 1719 oculi

2098 1752 2337 1822 caligare
2378 1756 2665 1823 cmperint,
2715 1757 2998 1825 aliquanto
3052 1767 3240 1828 postea
3276 1759 3452 1812 visum
3484 1756 3686 1812 solaris

2098 1844 2366 1900 circuitus
2399 1847 2665 1901 beneflcio
2699 1849 2914 1918 recipit.
2956 1848 3091 1903 Nam
3125 1851 3179 1904 in
3212 1858 3504 1919 angustum
3536 1850 3687 1902 fora-v

2100 1950 2245 1999 men,
2267 1937 2413 2006 quod
2439 1939 2504 1993 ad
2532 1940 2796 1993 orientem
2823 1940 3113 1997 obversum
3140 1950 3248 2008 est,
3278 1941 3527 2005 Subiens,
3559 1954 3687 1995 sese

2099 2029 2432 2099 comprimit,
2458 2032 2640 2101 pabuli
2665 2048 2881 2104 expers,
2901 2045 2956 2089 et
2980 2034 3048 2088 ad
3065 2037 3331 2089 orientem
3352 2034 3682 2105 respiciens.

2098 2116 2299 2173 Contra
2334 2121 2558 2179 haaresis
2589 2124 2692 2179 ista
2738 2125 3093 2181 stoliditatem
3144 2126 3364 2196 quidem
3410 2126 3464 2179 in
3499 2125 3685 2179 omni-

2104 2212 2207 2267 bus
2236 2213 2487 2270 animalis
2526 2216 2691 2284 hujus
2718 2219 3007 2289 exprimit:
3047 2219 3194 2289 quod
3221 2219 3274 2273 in
3307 2233 3375 2274 eo
3403 2230 3532 2271 vero
3564 2218 3685 2269 laus

2109 2304 2292 2360 «labile
2318 2315 2425 2371 est,
2450 2323 2515 2362 ne
2539 2310 2764 2364 minima
2794 2310 3012 2381 quidem
3049 2328 3111 2365 ex
3145 2319 3296 2381 parte
3322 2313 3553 2368 obtinet.
3578 2315 3685 2384 lgi-

2102 2402 2192 2450 tur
2218 2413 2340 2467 quae
2382 2413 2413 2453 ιι
2440 2400 2601 2455 nobis
2630 2402 2853 2457 haeresis
2889 2402 3094 2457 lacerta
3133 2406 3331 2460 solaris
3354 2407 3678 2476 appellatur,

410 2489 444 2528 a
477 2476 701 2531 veritate
738 2477 1053 2546 proculcata
1117 2476 1279 2530 modo
1319 2475 1682 2547 relinquatur,
1738 2492 1866 2533 cum
1888 2480 2029 2537 nihil
2062 2486 2327 2546 adversus
2363 2490 2603 2546 divinam
2645 2494 2930 2548 veritatem
3005 2494 3216 2550 edicere
3252 2475 3512 2567 potuerit.
3574 2498 3689 2554 Nos

413 2566 632 2623 interim
663 2567 730 2621 ad
757 2569 913 2633 alias,
942 2577 1000 2622 ut
1024 2570 1230 2624 dictum
1262 2583 1365 2631 est.
1394 2574 1831 2644 progrediamur.

769 2710 957 2762 ΚΑΤΑ
985 2710 1463 2765 θΕοΔοΤιΑΝΩΝ
1492 2713 1642 2781 (67),

424 2844 749 2908 Τριακοστὴ
788 2845 1031 2913 τετάρτη
1056 2887 1072 2908 ,
1103 2848 1141 2915 ἠ
1175 2848 1273 2901 καὶ
1313 2850 1702 2919 πεντηκοστὴ
1729 2849 1997 2922 τετάρτη.

488 2980 565 3032 Α’.
597 2978 818 3049 Ἀνέστη
852 2980 1011 3033 πάλιν
1040 2981 1294 3045 Θεόδοτός
1318 3000 1420 3048 τις,
1450 2983 1790 3055 ἀπόσπασμα
1824 2987 2000 3059 ὑπάρ-
2100 2983 2109 2989 ’

2452 2723 2733 2782 CONTRA
2762 2662 3324 2795 THEODOTIANQS,

2475 2856 2707 2915 Heresis
2732 2859 2928 2915 XXXI
2947 2862 2985 2916 V
3016 2864 3123 2916 sive
3149 2861 3302 2919 LIV.

2170 2989 2209 3043 Ι.
2263 2988 2578 3050 Theodotus
2622 2995 2821 3049 iterum
2867 2997 3059 3051 nescio
3093 3001 3217 3070 quis
3258 3000 3503 3067 emersit,
3538 3003 3690 3056 velut

417 3088 526 3140 χων
553 3073 615 3123 ὲκ
640 3073 737 3142 τῆς
767 3074 1169 3144 προειρημένης
1196 3076 1391 3144 ἀλόγου
1438 3078 1703 3148 αἱρέσεως
1724 3120 1737 3145 ,
1765 3080 1860 3150 τῆς
1897 3082 1996 3151 ἀρ-

2103 3084 2373 3153 appendix
2406 3086 2657 3155 quaedam
2701 3086 2852 3143 illius
2894 3088 3140 3153 haeresis,
3185 3106 3347 3160 quam
3390 3093 3691 3162 Alogorum

416 3160 679 3231 νουμένης
718 3161 777 3214 τὸ
803 3165 941 3217 κατά
982 3166 1231 3239 Ἰωάννην
1280 3167 1608 3237 Εύαγγέλιον
1635 3210 1648 3234 ,
1682 3171 1775 3223 καὶ
1819 3172 1909 3225 τὸν
1938 3174 1995 3224 ὲν

417 3251 565 3322 αὐτῷ
616 3253 672 3306 ἐν
702 3254 842 3326 ἀρχῇ
872 3254 999 3309 ὄντα
1018 3257 1149 3310 Θεὸν
1172 3260 1361 3328 Λόγον,
1396 3261 1488 3313 καὶ
1514 3262 1612 3334 τὴν
1642 3263 1805 3316 αὑτοῦ
1842 3264 2001 3319 Ἀπο-

419 3344 670 3415 κάλυψιν,
703 3347 838 3400 ἀλλά
878 3351 971 3402 καὶ
1004 3354 1121 3415 ταῖς
1162 3352 1350 3416 ἄλλαις
1384 3355 1628 3427 αἱρέσεσι
1659 3360 1779 3420 ταῖς
1813 3375 2001 3429 προει-

421 3438 684 3509 ρημέναις
713 3442 1110 3513 συγγενόμενός
1138 3463 1195 3497 τε
1222 3447 1315 3498 καὶ
1343 3448 1708 3518 συνυπάρξας,
1742 3451 1833 3503 καὶ
1857 3450 1998 3503 κατὰ

418 3529 510 3583 τὸν
548 3533 734 3603 χρόνον
785 3534 955 3598 αύτὰς
992 3536 1370 3608 διαδεξάμενος
1393 3582 1407 3602 ,
1446 3539 1501 3605 ἐξ
1534 3535 1700 3612 οὗπερ
1728 3544 1775 3595 οἱ
1809 3542 1999 3595 Θεοδο-

418 3626 591 3676 τιανοὶ
630 3625 971 3696 καλούμενοι.
1014 3630 1123 3681 Καὶ
1176 3632 1223 3681 εἰ
1276 3631 1374 3699 μὲν
1429 3633 1661 3704 ὑπάρχει
1711 3637 1743 3705 ἡ
1790 3637 2000 3707 αἵρεσις

419 3710 498 3765 ἔτι
522 3713 659 3785 αὕτη
683 3714 1018 3787 ἀγνοουμένη
1044 3719 1063 3748 ¹
1085 3735 1097 3747 ·
1132 3718 1201 3770 τὰ
1230 3720 1287 3772 δὲ
1311 3722 1389 3785 είς
1413 3724 1558 3793 ἡμᾶς
1582 3725 1687 3776 ἀπὸ
1722 3743 2003 3796 συγγραμ-

425 3806 609 3875 μάτων
649 3806 872 3861 ἐλθόντα
897 3809 1150 3881 ἐροῦμεν.

493 4086 660 4159 Οὗτος
697 4097 725 4148 ὁ
754 4094 1003 4159 Θεόδοτος
1026 4095 1132 4147 ἀπὸ
1168 4096 1460 4160 Βυζαντίου
1497 4098 1594 4168 μὲν
1621 4097 1868 4169 ὡρμᾶτο,
1906 4100 2004 4171 τῆς

420 4188 537 4241 νυνὶ
561 4188 900 4259 καλουμένης
938 4190 1347 4242 Κωνσταντίνου
1379 4190 1605 4253 πόλεως,
1637 4192 1868 4252 σκυτεὺς
1906 4193 2003 4262 τὴν

421 4283 636 4352 τέχνην,
682 4281 1001 4352 πολυμαθὴς
1052 4281 1109 4334 δὲ
1155 4281 1233 4352 τῷ
1291 4282 1452 4352 λόγῳ.
1504 4278 1670 4346 Οὗτος
1724 4284 1841 4354 ἅμα
1892 4285 2003 4337 τισὶ

422 4374 664 4427 πλείοσιν
707 4374 764 4425 ὲν
811 4371 985 4444 καιρῷ
1031 4372 1269 4443 διωγμοῦ
1308 4374 1613 4437 ἐνστάντος,
1646 4374 1745 4427 οὐκ
1782 4370 1897 4427 οἶδα
1925 4378 1992 4428 εἰ·

2101 3176 2321 3230 nomine
2345 3178 2885 3247 comprehendimus,
2911 3198 3032 3252 quae
3053 3181 3281 3238 Joannis
3309 3184 3691 3255 Evangelium,

2099 3277 2153 3323 et
2182 3268 2347 3324 Deum
2377 3270 2526 3324 illum
2557 3269 2720 3345 463
2749 3272 3011 3339 Verbum,
3048 3277 3193 3346 quod
3225 3291 3255 3330 a
3287 3278 3558 3349 principio
3586 3280 3696 3333 ibi.

2100 3361 2221 3415 dem
2257 3362 2427 3417 fuisse
2452 3363 2676 3430 dicitur,
2728 3382 2940 3422 necnon
2969 3375 3023 3422 et
3043 3368 3412 3438 Apocalypsin
3459 3371 3688 3440 respuit.

2104 3450 2209 3504 Sed
2254 3459 2307 3505 et
2352 3452 2583 3506 aliarum
2636 3463 2762 3510 ante
2805 3467 3360 3511 commemoratarum
3414 3458 3692 3513 haereseon

2101 3544 2502 3598 consuetudine
2549 3561 2684 3601 usus
2738 3555 2823 3601 est
2857 3546 3197 3611 Theodotus.
3240 3556 3293 3603 et
3327 3551 3518 3603 eodem
3554 3560 3694 3605 tem-

2104 3650 2234 3706 pore
2268 3637 2423 3702 vixit,
2460 3647 2624 3707 atque
2651 3638 2761 3695 illis
2788 3648 2975 3709 postea
3003 3643 3296 3707 successit,
3322 3658 3351 3695 a
3384 3658 3492 3713 quo
3517 3642 3695 3698 Theo-

2103 3724 2309 3778 dotiani
2350 3741 2548 3780 nomen
2593 3737 2945 3797 acceperunt.
3002 3728 3122 3784 Jam
3170 3746 3300 3787 vero
3341 3734 3484 3787 sitne
3532 3734 3694 3787 hodie

2104 3825 2383 3884 superstes
2411 3817 2523 3870 haec
2543 3818 2786 3882 lizeresis,
2808 3821 2966 3888 plane
2992 3822 3299 3878 nescimus:
3330 3838 3451 3893 quae
3471 3825 3693 3895 quidem

2104 3908 2368 3961 librorum
2404 3909 2777 3964 monumentis
2812 3911 2880 3964 ad
2912 3922 3158 3966 nostram
3190 3915 3510 3970 memoriam
3541 3932 3694 3971 com-

2104 4000 2359 4053 mendata
2388 4008 2779 4069 pervenerunt,
2808 4018 2873 4057 ea
2900 4004 3277 4060 narrabimus.

2177 4090 2496 4147 Theodotus
2530 4093 2698 4163 igitur
2756 4094 2860 4150 iste
2916 4095 3176 4167 Byzantio
3222 4098 3514 4162 oriundus,
3559 4116 3683 4171 quae

2105 4181 2267 4235 hodie
2306 4181 2813 4252 Constantinopolis
2844 4185 3070 4251 dicitur,
3106 4196 3223 4242 arte
3254 4191 3523 4243 coriarius
3552 4199 3693 4256 erat,

2109 4272 2272 4326 homo
2302 4274 2548 4343 apprime
2580 4276 2775 4331 litteris
2822 4277 3090 4333 eruditus.
3132 4279 3237 4345 Qui
3273 4298 3397 4335 cum
3430 4284 3553 4338 aliis
3584 4284 3705 4353 plee

2107 4364 2294 4433 risque
2352 4364 2572 4419 ineunte
2621 4369 3001 4435 persecutione
3044 4372 3472 4440 comprehensus
3529 4376 3703 4445 (quaa-

423 4472 545 4520 πεῖν
576 4470 633 4521 ἐν
661 4466 737 4537 τῷ
794 4465 1057 4536 τοιούτῳ⁸
1099 4465 1209 4537 (68)
1243 4464 1487 4536 διωγμῷ,
1523 4464 1631 4519 ἀπὸ
1662 4465 1756 4520 τοῦ
1788 4468 1886 4537 τῆς
1914 4467 2002 4520 πό-

2114 4472 2236 4508 nam
2278 4472 2404 4509 vero
2451 4474 2512 4510 ea
2569 4460 2878 4524 persecutio
2910 4460 3091 4523 fuerit,
3130 4463 3372 4518 nondum
3405 4469 3694 4539 comperi),

423 4559 559 4622 λεως
599 4558 853 4630 ἄρχοντος
905 4558 1227 4628 συλληφθεὶς
1266 4560 1402 4628 μετὰ
1464 4558 1743 4624 πλειόνων,
1791 4560 1884 4613 καὶ
1918 4558 2005 4623 ἐξ·

412 4651 671 4719 ετασθε“ις
706 4652 801 4703 σὺν
835 4652 946 4713 τοῖς
968 4649 1146 4713 ἄλλοις
1178 4650 1318 4720 ὑπὲρ
1352 4648 1609 4720 Χριστοῦ,
1640 4652 1687 4703 οἱ
1723 4654 1821 4721 μὲν
1856 4651 2005 4704 ἄλλοι

426 4742 622 4806 πάντες
671 4742 806 4795 Θεοῦ
850 4742 1045 4805 δοῦλοι,
1093 4741 1153 4795 τὸ
1187 4744 1333 4804 νῖκος
1378 4742 1834 4812 ἀπενεγκάμενοι,
1870 4744 2006 4815 βρα-

424 4834 585 4913 βείων
631 4834 817 4905 ἔτυχον
856 4834 1212 4907 ἐπουρανίων,
1255 4835 1393 4905 ὑπὲρ
1426 4834 1663 4906 Χριστοῦ
1722 4838 2005 4909 μαρτυρή-

426 4939 615 4985 σαντες
636 4938 651 4954 ο
702 4916 856 4986 οὗτος
902 4921 980 4985 δὲ,
1013 4921 1245 4994 Χριστὸν
1276 4925 1653 4995 ἀρνησάμενος
1702 4927 1794 4979 καὶ
1826 4943 2006 4998 παρα-

425 5011 606 5064 πεσὼν
634 5012 727 5065 τοῦ
761 5013 962 5066 σκοποῦ
997 5016 1094 5084 τῆς
1127 5013 1406 5085 ἀληθείας,
1435 5017 1493 5068 ὲν
1541 5016 1881 5087 παρεκϐάσει
1912 5035 2005 5085 γε-

425 5103 645 5174 γένηται
667 5121 680 5134 °
724 5106 815 5157 καὶ
850 5104 958 5157 ἀπὸ
982 5104 1241 5174 αἰσχύνης
1275 5104 1472 5175 πολλῆς
1496 5103 1601 5157 ὑπὸ
1630 5104 1836 5159 πολλῶν
1867 5107 2006 5159 ὀνει-

423 5196 720 5267 διζόμενος,
750 5196 1024 5265 ἀπέδρασε
1054 5200 1152 5266 τῆς
1186 5196 1379 5250 ἑαυτοῦ
1411 5196 1683 5268 πατρίδος.
1736 5197 1843 5250 Καὶ
1872 5199 2006 5251 dwa-

426 5287 525 5351 ϐὰς
577 5288 657 5351 είς
720 5286 970 5359 Ῥώμην,
1022 5289 1199 5340 ἐκεῖσε
1233 5287 1520 5359 διέτριϐεν.
1585 5287 1720 5339 ’Υπό
1766 5305 1909 5350 τινος
1950 5288 2006 5340 δὲ

497 5445 515 5476 ⁸
542 5443 689 5498 Adde
719 5442 820 5513 τῆς
852 5443 997 5513 περί.
1096 5443 1116 5473 ¹
1140 5442 1199 5496 F.
1229 5441 1548 5513 ἀγνοοῦμεν.
1631 5443 1651 5473 ³
1684 5439 1742 5496 Γ.
1772 5444 1964 5513 ὁποίῳ.

495 5601 607 5671 (67)
648 5599 1065 5671 Θεοδοτιανῶν.
1121 5596 1387 5671 Theodoti
1438 5596 1663 5671 coriarii
1717 5597 2000 5671 Byzantini

428 5668 673 5727 meminit
702 5670 1080 5727 Eusebiuslib.
1113 5687 1144 5722 v
1178 5669 1407 5730 Iiislor.,
1435 5683 1557 5738 cap.
1598 5668 1688 5730 27,
1721 5668 1773 5722 et
1805 5669 1894 5721 alii
1924 5671 2002 5723 ci-

427 5746 520 5797 tati
556 5760 585 5795 a
617 5742 849 5796 Baronio
902 5743 966 5795 Α.
1023 5740 1144 5795 196.
1184 5741 1520 5804 Augustinus
1568 5738 1998 5793 Theodotionem

428 5814 693 5870 nominat.
733 5812 963 5869 Exstant
995 5812 1327 5867 collectanea
1361 5826 1389 5864 a
1419 5807 1685 5867 Theodoti
1716 5810 2001 5879 cujusdam

2112 4547 2205 4601 sed
2234 4558 2345 4600 tum
2380 4550 2448 4602 ab
2482 4550 2633 4604 urbis
2659 4551 2912 4619 praefecto
2944 4568 3071 4608 cum
3105 4556 3354 4624 pluribus
3386 4569 3696 4629 correptus,

2116 4655 2238 4693 cum
2275 4640 2342 4695 de
2373 4643 2628 4697 omnibus
2669 4645 2899 4714 quaestio
2939 4648 3011 4701 ob
3045 4646 3250 4703 Christi
3289 4666 3489 4705 nomen
3532 4652 3699 4708 habe-

2114 4743 2287 4797 retur,
2321 4735 2501 4789 caateri
2522 4737 2739 4805 quidem
2774 4737 2869 4792 Dei
2901 4738 3112 4805 famuli,
3138 4750 3412 4812 repurtala
3445 4744 3696 4809 victoria,

2113 4826 2337 4881 caeleste
2391 4830 2673 4897 praemium
2734 4834 3017 4886 consecuti
3072 4842 3235 4896 sunt,
3286 4836 3547 4905 martyrio
3600 4852 3698 4905 pro

2113 4915 2679 4986 Cbriswperfuncti.
2733 4919 2802 4973 At
2852 4921 2942 4975 ille
2989 4922 3268 4977 Christum
3322 4941 3546 4993 negans,
3579 4935 3632 4979 et
3667 4942 3697 4978 a

2114 5024 2283 5081 sc0po
2336 5013 2583 5067 veritatis
2632 5012 2915 5079 excidens,
2949 5024 3323 5086 transgressor
3360 5026 3442 5071 est
3497 5018 3696 5071 factus.

2119 5104 2239 5170 Qua
2268 5120 2335 5159 ex
2362 5120 2441 5170 re,
2472 5120 2596 5157 cum
2634 5106 2835 5174 probro
2858 5108 3099 5161 omnium
3135 5110 3406 5178 appetitus
3435 5108 3697 5178 pudorem

2116 5197 2393 5252 sustinere
2418 5212 2523 5250 non
2564 5199 2999 5266 posset,‘relicta
3050 5202 3246 5269 patria,
3282 5200 3545 5270 profugus
3600 5200 3697 5252 Ro-

2115 5304 2260 5342 mam
2297 5290 2601 5354 contendit,
2652 5300 2707 5345 et
2738 5293 2849 5345 illic
2888 5292 3171 5348 habitavit.
3212 5291 3318 5347 Sed
3353 5304 3406 5347 et
3444 5292 3632 5347 Ruunt:
3675 5310 3697 5344 ε

2110 5598 2331 5668 scriptis
2350 5598 2487 5668 apud
2512 5597 2680 5669 Clem.
2708 5614 2830 5669 quae
2856 5614 2963 5653 non
2992 5599 3209 5669 sapiunt
3231 5598 3595 5653 Catholicum.

2183 5665 2295 5739 (68)
2329 5665 2450 5722 Οὐκ
2474 5665 2606 5739 οἶδα
2638 5665 2829 5723 εἰπεῖν
2855 5671 2924 5723 ἐν
2947 5669 3025 5735 τῷ
3055 5665 3317 5735 τοιούτῳ.
3344 5670 3703 5725 Corn-ximus

2110 5738 2299 5813 όπιῄῳ.
2344 5740 2464 5813 ευρ
2492 5738 2561 5813 Μ.
2603 5738 2809 5792 Ann-lii
2843 5742 3219 5808 persecutione
3257 5742 3405 5797 istud
3445 5742 3702 5813 contigit,

2112 5818 2172 5865 ut
2193 5809 2393 5866 Baron.
2432 5809 2629 5866 ibidem
2657 5814 2874 5867 asserit.
