4176 6386
507 327 613 384 963

1886 322 1948 380 Β.
1987 323 2332 382 εριριιΑΝιι

3661 336 3768 392 961»

505 438 745 511 quodam
785 438 1003 510 agnitus
1054 438 1113 492 in
1166 434 1420 493 eamdem
1464 437 1822 509 ignominiam
1873 441 2086 507 incidit,

2195 444 2547 513 ἐπιγνωσθεὶς
2574 445 2682 500 τῶν
2725 448 2786 500 ὲν
2830 447 3037 524 Ῥώμῃ,
3088 451 3183 505 καὶ
3214 450 3376 505 πάλιν
3406 452 3501 506 καὶ
3547 454 3663 506 διιεῖ
3687 452 3765 524 τῷ

507 546 632 583 cum
666 528 761 599 qui
796 529 950 584 illum
982 528 1056 583 ob
1103 529 1371 599 insignem
1402 529 1766 585 eruditionem
1802 542 2089 596 noverant,

506 622 579 677 ob
632 621 686 675 id
719 636 845 675 eum
878 620 1222 685 incusarent,
1271 619 1417 691 quod
1470 621 1634 676 homo
1679 624 1963 679 excellenti
1996 624 2093 680 do—

507 713 687 767 ctrina
719 712 982 782 praaditus
1013 727 1043 766 a
1076 712 1306 766 veritate
1338 712 1652 767 excidisset.
1694 712 1873 780 Quare
1904 715 1973 769 ad
2005 716 2090 770 sui

504 805 919 860 excusationem
952 820 1148 858 vanum
1180 801 1377 874 dogma
1412 812 1754 859 commentus
1776 815 1885 870 est,
1916 815 2093 877 atque

507 900 583 954 ita
608 899 821 971 jactare
847 900 1013 970 erepit
1048 915 1060 949 :
1112 898 1244 969 Ego,
1283 899 1479 968 inquit,
1517 914 1627 953 non
1670 898 1840 955 Deum
1875 903 2090 972 negavi,

507 990 605 1047 sed
659 991 953 1047 hominem.
1008 984 1379 1061 Interrogatus
1438 1007 1599 1060 quem
1650 994 1866 1048 demum
1916 996 2093 1051 homi-

506 1084 673 1141 nem?
726 1084 1030 1147 Christum,
1084 1082 1284 1152 inquit,
1342 1082 1620 1138 hominem
1681 1087 1893 1155 negavi.
1956 1086 2094 1143 Hinc

507 1175 871 1246 praedicanda:
904 1176 1056 1229 falsa:
1092 1174 1259 1243 hujus
1292 1175 1569 1245 opinionis
1612 1180 1953 1233 occasionem
1999 1195 2092 1233 ac-

507 1269 673 1339 cepit,
709 1275 854 1323 utet
907 1266 1290 1331 Theodotiani,
1346 1284 1579 1338 quorum
1630 1271 1722 1325 ille
1773 1282 1964 1327 auctor
1994 1288 2092 1328 ex—

508 1361 668 1415 stitit.
698 1360 798 1426 Qui
823 1360 1029 1414 nudum
1054 1359 1327 1413 hominem
1356 1376 1480 1415 esse
1504 1363 1781 1417 Christum
1815 1374 2093 1430 asserunt,

508 1461 674 1521 atque
701 1468 768 1506 ex
812 1452 1054 1505 humano
1083 1451 1293 1506 semine
1339 1454 1604 1522 genitum.
1638 1452 1843 1509 Deinde
1871 1471 1994 1525 quae
2025 1459 2089 1511 ad

508 1545 719 1602 erroris
759 1544 843 1599 sui
880 1542 1246 1613 patrocinium
1286 1546 1699 1601 accommodata
1733 1550 1953 1617 reperit,
1982 1564 2092 1603 non

507 1643 662 1690 casto
692 1650 755 1689 ac
789 1635 1007 1690 sincero
1042 1636 1242 1692 mentis
1286 1636 1520 1704 judicio,
1555 1636 1649 1692 sed
1691 1646 1751 1691 ut
1797 1639 2093 1709 impietatis

507 1744 620 1783 sua?
653 1728 893 1799 speciem
943 1729 1184 1799 aliquam
1227 1738 1284 1785 et
1334 1730 1573 1785 colorem
1605 1740 1893 1801 quareret,
1929 1734 2090 1787 undi-

2192 537 2340 607 αὖτῴ
2374 538 2564 592 ὀνείδει
2597 540 2913 603 ὑποπίπτει,
2945 542 3035 596 διὰ
3063 544 3127 599 τὸ
3173 543 3521 599 ἐκκαλεῖσθαι
3554 546 3575 576 ⁸
3603 545 3765 601 αὑτὸν

2193 629 2298 682 ὑπὸ
2325 628 2432 682 τῶν
2464 631 2626 684 αὐτὸν
2657 632 2873 686 είδότων
2905 633 3092 687 ἕνεκεν
3126 635 3226 705 τῆς
3257 634 3646 706 πολυμαθείας,
3680 638 3763 690 ὅτι

2192 722 2329 793 ἀνὴρ
2364 722 2681 796 πολυμαθὴς
2734 725 2852 789 πῶς
2898 726 3122 790 ἐξέπεσε
3172 727 3271 798 τῆς
3321 726 3615 798 ἀληθείας;
3669 727 3763 790 Ei;

2194 815 2383 867 ἑαυτοῦ
2424 816 2481 868 δὲ
2524 816 2685 887 δῆθεν
2722 818 2899 889 κακὴν
2928 818 3223 886 ἀπολογίαν
3254 818 3570 889 ἐπινενόηκε
3618 818 3763 872 τουτὶ

2192 905 2253 956 τὸ
2286 905 2439 957 κενὸν
2468 904 2664 975 δόγμα,
2713 908 2913 977 φήσας,
2967 909 3049 960 ὅτι
3080 908 3214 962 Θεὸν
3256 908 3369 977 ἐγὼ
3393 911 3495 963 οὐκ
3525 910 3763 983 ἠρνησά-

2196 1014 2324 1067 μην,
2356 998 2493 1050 ἀλλὰ
2520 999 2805 1069 ἄνθρωπον
2848 999 3194 1070 ἠρνησάμην.
3234 997 3368 1053 Εἶτα
3415 1002 3762 1071 ἐρωτώμενος

2194 1092 2345 1143 ποῖον
2365 1089 2673 1159 ἄνθρωπον,
2707 1092 3061 1161 ἀποκρίνεται
3088 1091 3292 1159 λέγων’
3327 1091 3559 1161 Χριστὸν
3596 1095 3766 1165 ἠρνη-

2196 1182 2376 1251 σάμην
2426 1181 2733 1253 ἄνθρωπον.
2795 1183 3074 1236 Ἐντεῦθεν
3117 1183 3289 1247 οὕτως
3330 1185 3509 1255 ἑαυτῷ
3534 1186 3765 1257 ἐδογμά-

2192 1288 2309 1323 τισε
2339 1272 2515 1341 δόγμα
2553 1273 2644 1324 καὶ
2669 1274 2719 1325 oi
2766 1274 2859 1326 ἀπ’
2892 1274 3055 1326 αὑτοῦ
3104 1274 3456 1338 συσταθέντες
3486 1275 3766 1329 Θεσδοτια-

2193 1365 2293 1427 νοὶ,
2342 1364 2495 1433 ψιλὸν
2528 1364 2813 1436 ἄνθρωπον
2861 1366 3157 1434 φάσκοντες
3207 1363 3342 1419 εἶναι
3387 1367 3478 1419 τὸν
3509 1367 3761 1437 Χριστὸν,

2193 1456 2290 1510 καὶ
2318 1457 2383 1509 ὲκ
2413 1457 2725 1527 σπέρματος
2755 1458 2945 1529 ἀνδρὸς
2978 1459 3356 1529 γεγεννῆσθαι.
3391 1454 3524 1513 Εἶτα
3550 1461 3629 1522 είς
3658 1475 3763 1513 ita.-

2193 1548 2295 1619 κὴν
2339 1549 2533 1602 ἑαυτοῦ
2567 1549 2861 1617 ἀπολογίαν
2906 1550 3113 1622 ὅσαπερ
3160 1552 3405 1621 χρήσιμα
3442 1546 3617 1621 εὗρεν,
3664 1551 3765 1622 οὐχ

2194 1640 2373 1709 ἁγνῶς
2421 1642 2682 1710 οἰόμενος,
2724 1642 2858 1695 ἀλλὰ
2907 1643 3175 1713 προφάσει
3227 1642 3323 1711 τῆς
3384 1641 3579 1694 ἑαυτοῦ
3626 1656 3766 1713 παρ-

2193 1732 2461 1804 εκτροπῆς
2493 1732 2663 1786 ταῦτα
2678 1732 2854 1803 ἐαυτῷ
2882 1734 3231 1803 ὲπισωρεύων
3260 1733 3584 1804 συνήγαγεν.
3620 1733 3761 1797 Ὅτι,

506 1837 612 1891 que
659 1823 925 1877 arcessita
975 1822 1215 1892 collegit.
1258 1820 1437 1876 Veluti
1472 1822 1619 1892 quod
1668 1838 1700 1876 a
1736 1821 1967 1878 Domino
2004 1825 2092 1879 di-

2195 1825 2383 1895 φησὶν,
2431 1827 2459 1877 6
2505 1826 2710 1896 Κύριος
2757 1824 2900 1895 ἔφη·
2937 1824 3067 1879 Νῦν
3110 1824 3179 1876 δὲ
3230 1823 3449 1889 ζητεῖτέ
3493 1839 3568 1893 με
3611 1824 3763 1877 ἀπο-

505 1920 655 1967 ctum
688 1923 772 1969 est
802 1932 815 1968 :
852 1911 1011 1967 Nunc
1034 1923 1213 1969 autem
1241 1915 1483 1984 queritis
1524 1930 1605 1967 me
1638 1915 1954 1983 interﬁcere,
1996 1917 2090 1971 Ito-

506 2010 722 2070 minem,
765 2007 855 2076 qui
894 2008 1167 2060 veritatem
1224 2006 1367 2061 vobis
1419 2005 1625 2061 locutus
1659 2023 1775 2060 sum
1810 2008 1824 2037 ¹
1870 2026 1883 2061 :
1916 2009 2086 2074 vides,

506 2098 702 2167 inquit,
741 2098 1015 2154 hominem
1048 2098 1200 2153 illum
1231 2114 1376 2155 esse.

575 2188 639 2245 ll.
683 2188 887 2245 Verum
931 2189 1077 2260 quod
1111 2191 1167 2245 in
1199 2190 1394 2245 eodem
1428 2191 1548 2247 ioco
1574 2191 1830 2248 Christus
1859 2208 2091 2264 usurpa-

2192 1917 2433 1979 κτεῖναι,
2460 1915 2793 1985 ἄνθρωπον,
2830 1917 2899 1984 ὃς
2938 1916 3053 1985 τὴν
3082 1916 3373 1982 ἀλήθειαν
3400 1916 3542 1987 ὑμῖν
3582 1916 3761 1971 ,ιελά-

2189 2015 2380 2077 ληκα·
2415 2011 2567 2081 ὁρᾷς,
2604 2012 2789 2081 φησὶν,
2817 2012 2901 2065 ὅτι
2930 2010 3213 2083 ἄνθρωπός
3245 2014 3413 2065 ἐστιν.

2250 2184 2324 2240 Β.
2362 2185 2521 2239 Ἀλλὰ
2540 2187 2641 2240 οὐκ
2664 2187 2804 2255 ἔγνω
2825 2189 2853 2241 6
2874 2187 3061 2252 τάλας,
3086 2188 3169 2241 ὅτι
3194 2190 3253 2241 ἐν
3274 2186 3456 2257 ταυτῷ
3475 2188 3503 2240 6
3529 2188 3763 2259 Χριστος

509 2282 602 2345 vit,
641 2282 833 2337 infelix
861 2283 1114 2353 ignorat:
1148 2282 1435 2337 Veritatem
1467 2300 1627 2354 quam
1651 2285 1829 2339 audiri
1864 2304 1896 2339 a
1926 2285 2091 2341 Patre

2195 2278 2361 2347 λέγει’
2415 2279 2533 2348 Τὴν
2564 2280 2877 2347 ἀλήθειαν,
2910 2281 2991 2349 ῆν
3034 2282 3275 2349 ἥκουσα
3311 2282 3471 2347 παρὰ
3504 2281 3609 2334 τοῦ
3648 2285 3769 2335 Πα-

505 2392 620 2429 meo
657 2378 701 2430 ¹.
738 2373 951 2441 Quibus
982 2382 1191 2444 patrem
1222 2373 1389 2446 ωε.
1434 2392 1594 2431 suum
1626 2377 1859 2446 appellat
1898 2376 2087 2444 Deum,

506 2484 617 2522 non
649 2466 927 2522 hominem
965 2466 1174 2536 utique.
1216 2467 1355 2519 Nam
1390 2467 1436 2523 si
1482 2468 1550 2522 ab
1581 2468 1799 2524 homine
1831 2469 1961 2523 illud
2000 2484 2092 2524 au-

506 2560 721 2623 diisset,
772 2572 1116 2629 nequaquam
1165 2558 1415 2613 veritatis
1463 2560 1778 2614 testimonio
1825 2560 2088 2631 gloriare-

507 2658 617 2715 tur,
646 2657 703 2703 ut
726 2650 796 2704 ab
828 2646 1144 2705 honﬁnibus
1172 2648 1455 2703 veritatem
1491 2665 1551 2704 se
1581 2651 1829 2720 accipere
1861 2650 2087 2707 diceret.

510 2742 618 2798 Sed
649 2742 771 2797 ideo
800 2742 905 2798 ista
937 2740 1095 2801 dixit.
1134 2750 1344 2795 utesse
1386 2757 1445 2796 se
1494 2740 1663 2796 Deum
1707 2744 2021 2797 ostenderet
2059 2759 2088 2796 a

508 2836 672 2891 Patre
718 2836 877 2891 initio
931 2836 1196 2905 genitum,
1255 2834 1640 2906 hominemque
1694 2846 1880 2892 nostra
1924 2853 2090 2892 causa

511 2924 737 2991 factum,
771 2923 977 2994 itaque,
1012 2922 1159 2993 quod
1208 2922 1277 2977 ad
1334 2938 1556 2979 carnem
1603 2927 1815 2990 attinet,
1863 2927 2089 2982 interfe-

509 3026 681 3078 ctum,
714 3022 775 3069 ut
799 3013 1087 3070 divinitate
1116 3025 1379 3084 perpetuo
1408 3016 1630 3069 viveret.

580 3106 827 3162 Addebat
871 3106 1082 3160 nullum
1116 3121 1175 3161 se
1216 3107 1270 3160 in
1330 3121 1397 3161 eo
1447 3116 1731 3176 peccatum
1779 3106 2089 3172 admisisse,

511 3200 659 3271 quod
708 3196 988 3251 Christum
1042 3205 1317 3267 negasset,
1348 3197 1794 3268 quandoquidem
1828 3198 1901 3251 ita
1930 3196 2093 3252 Chri-

513 3301 634 3347 stus
661 3291 778 3360 ipse
809 3290 1026 3344 locutus
1057 3299 1140 3343 est
1174 3307 1187 3343 :
1228 3289 1413 3344 Omnis
1450 3288 1774 3358 blasphemia
1800 3290 2093 3343 remittetur

511 3382 831 3445 hominibus,
866 3390 915 3433 et
941 3382 1030 3450 qui
1057 3380 1255 3433 dixerit
1284 3380 1495 3433 verbum
1524 3382 1575 3434 in
1612 3379 1811 3434 Filium
1842 3381 2092 3447 hominis,

514 3476 811 3529 remittetur
841 3473 908 3525 ei.
949 3472 1053 3537 Qui
1089 3480 1264 3524 autem
1296 3470 1730 3540 blasphemaverit
1755 3473 1809 3525 in
1837 3472 2093 3541 Spiritum

515 3576 785 3632 sanctum,
832 3580 937 3618 non
976 3564 1273 3616 remittetur
1307 3563 1355 3616 ei
1389 3563 1431 3616 ³.
1476 3562 1582 3618 Sed
1622 3564 1879 3618 nimirum
1910 3565 2096 3620 miser-

514 3663 686 3716 rimus
708 3661 871 3713 homo
899 3673 1009 3712 non
1046 3656 1297 3726 intelligit
1323 3655 1602 3711 Christum
1634 3656 1943 3721 Dominum,
1967 3675 2090 3713 cum

514 3768 703 3807 eorum
736 3750 829 3821 qui
863 3748 918 3802 in
955 3764 1013 3803 se
1047 3748 1174 3801 olim
1222 3747 1607 3802 contumeliosi
1655 3746 1891 3812 fuerant,
1923 3756 1977 3802 et
2026 3747 2093 3801 ad

516 3841 897 3914 ptenitentiam
932 3854 1052 3893 sese
1085 3837 1464 3901 traduxerant,
1502 3838 1830 3892 conﬁrmare
1860 3839 2092 3893 salutem

515 3941 762 4005 cuperet,
811 3948 878 3986 ne
910 3931 1076 3985 ullam
1124 3929 1390 3986 adversus
1423 3945 1518 3985 eos
1550 3944 1766 4000 pmnam
1800 3932 2096 3986 constitue-

516 4032 619 4089 ret,
673 4038 773 4094 pro
821 4039 918 4079 sna
972 4021 1280 4077 incredibili
1314 4021 1655 4076 humanitate
1699 4036 1763 4076 ac
1806 4021 2094 4076 clementia

514 4116 798 4171 oraculum
853 4113 987 4168 illud
1042 4111 1303 4168 edidisse.
1359 4111 1516 4179 Quod
1544 4120 1747 4166 ‘autem
1805 4115 2094 4169 nonnullos

516 4209 639 4263 fore
669 4213 1041 4278 cognosceret,
1090 4204 1183 4274 qui
1230 4204 1287 4257 in
1336 4201 1600 4273 Spiritum
1636 4212 1886 4259 sanctum
1921 4204 2097 4257 insur-

516 4310 727 4373 gerent,
762 4315 828 4354 ac
878 4297 1235 4369 hlasphemiis
1285 4304 1621 4367 appeterent,
1671 4296 1875 4367 quique
1922 4308 1976 4351 et
2026 4297 2093 4350 ad

517 4393 765 4449 servilem
795 4390 1165 4446 conditionem
1210 4389 1537 4459 redigerent,
1568 4397 1621 4443 et
1653 4396 1897 4443 creatum
1934 4397 2096 4458 atque

2189 2369 2329 2437 τρός
2359 2388 2496 2438 μου.
2544 2369 2764 2440 Πατέρα
2806 2370 2863 2422 δὲ
2912 2367 3106 2424 ἑαυτοῦ
3153 2368 3299 2437 λέγει
3337 2368 3499 2421 Θεόνο
3547 2368 3608 2421 οὐ
3654 2366 3764 2438 γὰρ

2190 2461 2494 2533 ἄνθρωπον.
2544 2463 2608 2516 Ei
2660 2462 2770 2533 γὰρ
2821 2462 2970 2534 παρὰ
3020 2461 3310 2534 ανθρώπου
3349 2462 3618 2531 ἀκήκοεν,
3662 2461 3767 2513 οὐκ

2192 2556 2461 2625 ἐκαυχᾶτο
2506 2558 2572 2627 τῇ
2619 2556 2897 2637 μαρτυρίᾳ
2943 2556 3043 2626 τῆς
3075 2555 3351 2627 ἀληθείας,
3383 2554 3557 2622 λέγων
3612 2552 3765 2625 παρὰ

2191 2645 2495 2715 ἀνθρώπων
2544 2648 2642 2716 τὴν
2691 2647 2947 2719 ἀλήθειαν
2998 2648 3327 2720 ἀκηκοέναι⁶
3386 2647 3620 2699 ἀλλ’ἵνα
3669 2662 3769 2717 ση-

2195 2738 2338 2809 μάνῃ
2390 2737 2522 2792 Θεὸν
2556 2739 2718 2793 αὑτὸν
2754 2740 2883 2793 ὄντα
2916 2742 2980 2792 ὲκ
3021 2739 3231 2811 Πατρὸς
3273 2738 3478 2791 ἄνωθεν
3510 2754 3770 2807 γεγεννη-

2195 2832 2373 2902 μένον,
2408 2831 2695 2903 ᾶνθρωπον
2738 2832 2795 2885 δὲ
2840 2833 2908 2885 δι’
2939 2834 3085 2902 ἡμᾶς
3117 2833 3428 2902 γενόμενον,
3469 2833 3563 2885 καὶ
3604 2832 3770 2902 σαρκὶ

2193 2924 2619 2987 ἁποκτανθέντα,
2656 2923 2868 2995 θεότητι
2906 2924 2960 2977 δὲ
2996 2926 3083 2978 ἀεὶ
3111 2924 3307 2988 ζῶντα.

2266 3104 2402 3163 Εῐτά
2434 3124 2565 3178 φησι
2600 3107 2736 3178 μηδὲ
2780 3106 3051 3178 ἁμαρτίαν
3098 3106 3475 3177 πεποιηκέναι,
3524 3106 3766 3178 ἀρνησά-

2201 3221 2357 3274 μενον
2391 3200 2480 3253 τδν
2502 3201 2739 3272 Χριστόν
2758 3217 2770 3229 ·
2804 3200 2992 3263 αὑτοῦ,
3028 3201 3182 3269 φησὶ,
3208 3199 3302 3253 τοῦ
3330 3200 3564 3270 Χριστοῦ
3590 3202 3769 3253 εἰπόν-

2195 3310 2317 3357 τος·
2352 3292 2525 3348 Πᾶσα
2556 3292 2923 3360 ,ϐλασφημία
2969 3290 3331 3359 ἀφεθήσεται
3377 3291 3501 3356 τοῖς
3551 3290 3774 3358 ἀνθρώ-

2197 3402 2350 3451 ποις,
2386 3385 2481 3438 καὶ
2513 3387 2545 3437 ό
2569 3382 2763 3453 λέγων
2785 3385 2970 3452 λόγον
2999 3386 3083 3448 είς
3115 3384 3222 3436 τὸν
3244 3383 3379 3435 Υίόν
3409 3382 3513 3435 τοῦ
3547 3382 3770 3451 ἀνθρὼο

2195 3493 2312 3529 που
2340 3474 2703 3544 ἀφεθήσεται
2732 3474 2910 3539 αὐτῷ.
2954 3472 3037 3538 Τῷ
3068 3473 3137 3526 δὲ
3174 3471 3645 3541 βλασφημοῦντι
3682 3475 3772 3537 εις

2196 3570 2259 3622 τὸ
2316 3568 2487 3637 ἅγιον
2537 3568 2799 3637 Πνεῦμα,
2852 3569 2962 3620 οὐκ
3013 3563 3375 3635 ἀφεθήσεται
3423 3564 3603 3630 αὐτῷ.
3663 3566 3773 3617 Καὶ

2196 3662 2378 3728 ἀγνοεῖ
2414 3662 2443 3711 6
2478 3658 2706 3723 ἐλεεινὸς
2744 3658 2857 3729 (69)
2910 3657 3220 3730 ἄνθρωπος,
3248 3659 3329 3711 ὅτι
3380 3656 3699 3726 βουλόμενος
3742 3656 3773 3707 6

2196 3751 2399 3820 Κύριος
2432 3749 2833 3818 ἀσφαλίσασθαι
2880 3751 2976 3820 τὴν
3012 3748 3305 3819 σωτηρίαν,
3339 3749 3437 3819 τὴν
3482 3747 3592 3800 τῶν
3641 3763 3769 3800 ποτε

2196 3844 2357 3897 αὑτὸν
2404 3842 2931 3913 βλασφημησάντων,
2982 3839 3079 3893 καὶ
3110 3839 3650 3910 ὲπανακαμπτόντων
3694 3842 3772 3903 εἰς

2199 3936 2505 4006 μετάνοιαν,
2542 3935 2628 3987 ἵνα
2659 3933 2733 4004 μὴ
2776 3934 2935 4004 ὁρίσῃ
2964 3934 3148 3996 αὐτοῖς
3196 3931 3518 4002 καταδίκην,
3561 3932 3653 3985 τὸν
3689 3931 3772 3983 λό-

2196 4044 2291 4096 γον
2321 4026 2672 4098 προθεσπίζει
2700 4025 2767 4077 δι’
2798 4024 3098 4096 ὑπερϐολὴν
3124 4025 3429 4095 πραότητος
3448 4025 3540 4077 καὶ
3583 4023 3772 4092 φιλαν-

2197 4118 2461 4188 θρωπίας,
2510 4119 2603 4171 καὶ
2643 4116 2731 4170 διὰ
2771 4118 2833 4170 τὸ
2862 4116 3056 4169 εἰδέναι
3090 4116 3251 4169 αὐτὸν
3292 4115 3583 4186 μέλλοντάς
3623 4132 3775 4179 τινας

2197 4209 2608 4274 ἐπανίστασθαι,
2644 4210 2737 4262 καὶ
2769 4209 3109 4279 βλασφημεῖν
3130 4209 3189 4262 τὸ
3215 4209 3368 4277 ἆγιον
3407 4207 3651 4277 Πνεῦμα,
3680 4207 3775 4260 καὶ

2199 4304 2257 4354 ὲν
2288 4300 2437 4367 τάξει
2462 4301 2647 4354 δούλου
2688 4301 2821 4355 αὐτὸ
2852 4300 3151 4373 ὁρίζεσθαι,
3192 4302 3285 4354 καὶ
3321 4301 3536 4353 κτιστὸν
3568 4301 3661 4353 καὶ
3689 4300 3776 4353 ἀλ-

2197 4392 2405 4461 λότριον
2440 4393 2538 4462 τῆς
2575 4392 2668 4446 τοῦ
2719 4392 2855 4445 Θεοῦ
2884 4392 3093 4454 οὐσίας.
3144 4392 3236 4445 Διὺ
3276 4391 3775 4460 ὲπασφαλιζόμενός

516 4501 547 4537 a
598 4484 689 4540 Dei
728 4492 925 4538 natura
957 4483 1195 4536 alienum
1230 4496 1354 4537 esse
1382 4480 1648 4546 dicerent,
1680 4496 1789 4550 quo
1824 4480 1971 4534 hunc
2003 4495 2092 4535 er-

2200 4500 2361 4554 φησιν
2382 4500 2395 4513 ο
2436 4483 2498 4536 '0
2526 4482 2592 4535 δὲ
2617 4484 3001 4552 βλασφημῶν
3026 4486 3113 4547 εἱς
3146 4482 3213 4535 τὸ
3229 4482 3470 4551 Πνεῦμα
3494 4480 3561 4533 τὸ
3584 4480 3772 4550 ἄτιον,

516 4590 696 4630 rorem
730 4574 1065 4637 excluderet,
1114 4573 1314 4643 adjecit
1345 4592 1357 4627 :
1394 4574 1495 4640 Qui
1549 4582 1724 4626 autem
1758 4572 2093 4640 blasphema-

517 4668 645 4721 verit
677 4667 730 4719 in
766 4664 1026 4735 Spiritum
1055 4674 1319 4729 sanctum,
1354 4681 1455 4718 non
1488 4664 1784 4717 remittetur
1827 4664 1896 4727 ei,
1935 4678 2095 4732 neque

518 4759 623 4821 hic,
654 4773 813 4826 neque
840 4757 894 4810 in
935 4756 1114 4825 futuro
1146 4756 1360 4811 sarculo.
1407 4756 1465 4810 In
1497 4772 1606 4825 quo
1639 4771 1746 4810 non
1789 4771 1885 4811 eos
1913 4756 2005 4824 qui
2036 4771 2095 4811 sc

518 4848 961 4918 hlasphemarent
992 4846 1213 4901 laudare
1278 4846 1481 4913 voluit;
1545 4847 1639 4901 sed
1694 4845 2090 4915 prmscientiam

518 4955 672 4995 snam
730 4938 1233 5007 humanitatemque
1299 4938 1652 5003 monstravit,
1707 4952 1825 5007 quae
1878 4952 2091 4999 eorum,

518 5031 611 5101 qui
662 5039 786 5100 post
832 5030 1222 5099 blasphemiam
1276 5028 1649 5098 paenitentiam
1701 5030 2093 5099 suscepissent,

519 5121 857 5178 stabilienda:
877 5121 1037 5175 saluti
1068 5121 1401 5175 consuleret.
1429 5118 1641 5174 Etenim
1673 5119 1814 5173 idem
1842 5121 1948 5173 alio
1976 5121 2097 5174 loco

519 5214 656 5267 dixit
675 5212 787 5282 (69)
814 5232 825 5267 :
859 5213 963 5279 Qui
991 5214 1253 5283 negaverit
1279 5228 1357 5266 me
1388 5228 1568 5266 coram
1592 5212 1910 5277 hominibus,
1936 5229 2096 5282 nega-

521 5306 663 5360 bitur
719 5323 899 5359 coram
949 5305 1111 5360 Patre
1153 5323 1265 5360 meo
1321 5306 1373 5371 ⁸;
1436 5308 1610 5362 item:
1654 5304 1870 5376 Negabo
1913 5306 2091 5360 illum.

519 5399 722 5452 Contra
753 5419 764 5453 :
800 5398 905 5465 Qui
940 5415 1020 5452 me
1059 5398 1329 5467 confessus
1365 5398 1545 5466 fuerit,
1584 5397 1870 5466 conﬁtebor
1918 5398 2091 5465 ipsum

516 5506 701 5545 coram
738 5490 897 5545 Patre
941 5508 1071 5545 meo.

2200 4577 2311 4627 οὐκ
2342 4573 2705 4642 ἀφεθήσεται
2730 4573 2889 4639 αὑτῲ
2917 4575 3055 4627 οὔτε
3087 4573 3365 4638 ἐνταῦθα,
3401 4574 3537 4627 οὔτε
3582 4573 3652 4626 ἐν
3695 4571 3778 4637 τῷ

2193 4665 2483 4734 μέλλοντι
2511 4664 2698 4722 αἰῶνι.
2744 4668 2859 4719 Οὐκ
2892 4665 3130 4720 ἐπαινῶν
3172 4667 3297 4729 τοὺς
3322 4664 3775 4735 βλασφημοῦντας

2199 4756 2380 4823 αὐτὸν,
2425 4756 2563 4811 ἀλλὰ
2605 4756 2703 4828 τὴν
2743 4756 2907 4810 αὑτοῦ
2960 4756 3289 4828 πρόγνωσιν,
3344 4755 3438 4808 καὶ
3468 4753 3565 4825 τὴν
3608 4752 3774 4806 αὑτοῦ

2202 4848 2609 4919 φιλανθρωπίαν
2657 4849 2896 4902 δείκνυσι
2947 4846 3491 4919 προασφαλιζομένην
3530 4845 3630 4917 τὴν
3678 4863 3777 4898 σω-

2200 4941 2413 5013 τηρίαν,
2468 4941 2573 4993 ἀπὸ
2610 4940 2956 5011 βλασφημίας
2998 4940 3235 5007 (αὐτοὺς)
3271 4940 3293 4970 ⁸
3350 4938 3772 5009 μετανοούντων.

2200 5034 2370 5097 Αὐτὸς
2395 5034 2503 5105 γὰρ
2558 5033 2718 5086 πάλιν
2758 5032 2953 5102 φησιν’
3007 5032 3068 5084 '0
3109 5029 3527 5100 ἀρνησάμενός
3558 5047 3635 5099 με
3678 5028 3778 5097 ἐμ-

2200 5130 2464 5194 προσθεν
2516 5123 2634 5177 τῶν
2687 5123 3033 5191 ἀνθρώπων,
3064 5122 3468 5193 ἀρνηθήσεται
3521 5121 3776 5176 ἐνώπιον

2199 5217 2307 5271 τοῦ
2339 5219 2570 5285 Πατρός
2594 5234 2714 5286 μου
2739 5233 2751 5246 ·
2804 5218 2897 5270 καὶ
2927 5216 3087 5270 πάλιν
3106 5233 3118 5246 ·
3165 5215 3523 5285 Ἀρνήσομαι
3555 5215 3771 5270 αὐτόν·
3805 5235 3826 5265 ι

2200 5312 2294 5364 καὶ
2328 5310 2488 5365 πάλιν
2507 5328 2520 5343 ·
2574 5311 2636 5363 '0
2676 5306 2986 5379 ὁμολογῶν
3008 5309 3078 5362 ἐν
3107 5308 3257 5378 ἐμοὶ,
3289 5306 3642 5378 ὁμολογήσω
3669 5312 3775 5361 αὐ-

2198 5405 2305 5458 τὸν
2336 5405 2591 5459 ἐνώπιον
2625 5401 2734 5456 τοῦ
2767 5402 2997 5469 Πατρός
3024 5417 3164 5469 μου.

578 5648 613 5689 η¹
643 5646 800 5701 Joan.
828 5661 948 5713 vnt,
973 5648 1062 5701 40.
1130 5649 1149 5679 ²
1183 5643 1316 5700 ibid.
1398 5645 1417 5676 ³
1443 5643 1637 5701 Matth.
1660 5659 1754 5709 xu,
1790 5645 1878 5700 3i.
1959 5645 1980 5676 ⁵
2009 5644 2087 5701 Lu

2195 5663 2264 5711 ιιι,
2290 5647 2342 5703 9.
2418 5647 2445 5678 "
2482 5646 2544 5702 Γ.
2584 5647 2953 5716 ἐγκαλεῖσθαι.
3034 5649 3055 5680 ⁸
3085 5646 3145 5702 F.
3171 5647 3278 5702 τῶν
3311 5664 3401 5719 με.

595 5796 708 5871 (69)
748 5800 854 5853 Καὶ
894 5798 1101 5868 ἀγνοεῖ
1141 5801 1173 5852 ό
1226 5798 1507 5864 ἐλεεινός.
1552 5796 1687 5853 Vide
1741 5797 2088 5870 interpretes,

2195 5800 2482 5868 primisque
2511 5794 2747 5856 Maldon.
