4176 6386
386 352 514 413 Ὸϐδ

1074 358 1446 419 ADVERSUS
1487 360 1830 417 IIIERESES
1856 356 1974 414 LIB

2081 357 2108 413 Ι.
2154 351 2319 412 TOM.
2363 357 2478 412 I.—
2515 355 2794 446 HERES.
2827 354 2959 415 LIV.

3559 350 3665 415 966

480 466 553 519 I".
572 463 680 518 Καὶ
700 463 861 518 πάλιν
881 463 936 517 δὲ
954 463 981 515 6
1002 462 1164 527 αὐτὸς
1183 463 1438 528 Θεόδοτός
1462 481 1595 537 φησι
1615 482 1626 495 °
1652 466 1764 520 Καὶ
1789 470 1817 521 6
1838 470 1978 539 νόμοι

2167 467 2257 521 lll.
2319 465 2524 537 Objicit
2573 476 2833 537 praeterea
2889 465 3204 521 Theodotus
3249 483 3263 520 :
3314 462 3422 521 Lex
3472 464 3549 520 ita
3601 466 3671 521 de

408 558 539 629 περὶ
566 556 733 611 αὐτοῦ
758 556 863 627 ἔφη
882 570 897 584 ο
926 557 1253 624 Προφήτην
1280 557 1349 610 ὲκ
1377 556 1498 611 τῶν
1530 558 1815 628 ἀδελφῶν
1832 560 1978 625 ὑμῶς

2097 559 2316 613 Christo
2350 567 2578 613 narrat:
2616 558 2934 627 Propltetam
2975 574 3003 611 e
3043 556 3303 625 fratribus
3339 558 3523 613 vestris
3577 574 3670 612 su-

405 653 600 723 ἐγερεῖ
624 656 840 722 Κύριος
864 656 944 721 ὡς
974 654 1077 725 ἐμέ
1100 672 1115 686 °
1164 655 1351 709 αὑτοῦ
1386 656 1700 710 ἀκούσετε.
1754 653 1993 722 Μωῦσῆς

404 746 461 799 δὲ
499 743 566 817 ἦν
606 745 911 818 ἄνθρωπος.
955 748 1014 799 Ὀ
1059 746 1115 799 δὲ
1150 748 1215 799 ὲκ
1243 745 1377 799 Θεοῦ
1426 745 1792 816 ἐγειρόμενος,
1836 742 1987 811 φησὶ,

405 837 640 907 Χριστὸς
665 832 817 901 οὗτος
850 838 954 913 οὐκ
980 832 1049 908 ἦν
1092 836 1245 901 Θεὸς,
1276 836 1412 890 ἀλλὰ
1441 836 1725 907 ἄνθρωπος
1745 850 1758 862 '
1804 832 1990 904 ἐπειδὴ

405 928 464 994 ἐξ
533 928 712 982 αὐτῶν
771 924 882 1000 ἦν,
945 929 1021 992 ὡς
1084 929 1180 982 καὶ
1231 929 1471 999 Μωῡσῆς
1529 927 1815 998 ἄνθρωπος
1896 922 1984 996 ἦν.

404 1020 516 1071 Καὶ
586 1019 688 1072 οὐκ
753 1014 894 1073 οἶδεν
959 1020 1014 1070 ἐν
1081 1018 1298 1089 ἐαυτῷ,
1376 1021 1404 1071 6
1463 1019 1520 1070 ἐν
1578 1017 1987 1089 παραπτώματι

402 1111 642 1179 γεγονὼς
678 1110 948 1173 Θεόδοτος,
979 1109 1097 1172 πῶς
1138 1110 1297 1162 πάλιν
1327 1110 1529 1180 ἑκάστη
1565 1108 1709 1173 λέξις
1740 1108 1851 1178 ἔχει
1890 1107 1986 1179 τὴν

403 1204 601 1274 ἑαυτῆς
666 1202 983 1264 ἀσφάλειαν.
1049 1203 1170 1254 Ὅτι
1233 1202 1332 1270 μὲν
1393 1200 1453 1265 ἐξ
1514 1201 1756 1269 ἀδελφῶν
1824 1199 1984 1253 αὑτὸν

401 1298 591 1367 ἤγειρε
638 1295 863 1365 Κύριος,
910 1293 997 1347 διὰ
1048 1294 1108 1346 τὸ
1146 1294 1209 1345 ἐκ
1247 1294 1466 1364 Μαρίας
1517 1293 1677 1345 αὺτὸν
1719 1293 1982 1362 γεγεννῆ-

405 1387 549 1451 σθαι,
580 1386 656 1449 ὼς
687 1387 870 1453 λέγει’
913 1382 1067 1437 Ἰδοὺ
1104 1384 1141 1450 ἠ
1172 1381 1467 1450 παρθένος
1497 1383 1568 1435 ἐν
1594 1382 1808 1451 γαστρὶ
1834 1381 1977 1445 ἕξει,

402 1479 499 1532 καὶ
557 1478 785 1539 τέξεται
836 1477 1004 1529 υἱόν*
1052 1477 1181 1539 καὶ,
1235 1473 1549 1557 Παρθένος
1582 1475 1857 1544 μένουσα
1890 1476 1980 1528 ιέν

400 1571 611 1642 γαστρὶ
640 1569 776 1636 ἕξει,
810 1568 909 1621 οὐκ
938 1570 1001 1620 ὲκ
1048 1568 1360 1639 σπέρματος
1399 1567 1608 1638 ἀνδρὸς,
1641 1568 1737 1620 καὶ
1764 1566 1976 1631 τέξεται

400 1664 532 1727 υἱὸν,
563 1661 720 1731 δῆλον
754 1664 812 1714 ὲν
845 1661 1008 1732 σαρκὶ
1032 1659 1093 1712 τὸ
1122 1660 1369 1730 γέννημα
1402 1660 1510 1712 ἀπὸ
1552 1658 1817 1731 παρθένου
1847 1675 1973 1726 γεν-

398 1755 658 1825 νώμενον.
703 1753 860 1806 Ἀλλὰ
908 1752 1243 1806 καλέσουσι
1288 1751 1356 1805 τὸ
1389 1751 1575 1820 ὄνομα
1606 1749 1794 1804 αὑτοῦ
1838 1751 1973 1819 Ἐμ-

397 1844 696 1913 μανουὴλ,
728 1842 759 1896 ὃ
793 1843 1199 1912 ἑρμηνεύεται,
1237 1842 1380 1906 Θεὸς
1422 1843 1550 1909 μεθ’
1587 1840 1773 1910 ἡμῶν.
1826 1841 1978 1893 Ἔστι

2087 1854 2226 1901 ιυω.
2257 1845 2340 1900 Ad
2380 1847 2497 1900 haec
2540 1864 2553 1899 :

397 1938 506 2007 γὰρ
547 1935 679 1998 Θεὸς
726 1934 1048 2005 ἄνθρωπος,
1108 1932 1216 1987 ἀπὸ
1275 1934 1487 2003 Πατρὸς
1548 1933 1648 2003 μὲν
1703 1933 1986 2003 γεννηθεὶς

397 2030 649 2099 ἀνάρχως
680 2027 776 2081 καὶ
807 2027 1071 2097 ἀχρόνως,
1098 2026 1381 2096 ἄνθρωπος
1414 2026 1471 2078 δὲ
1507 2026 1616 2079 ἀπὸ
1644 2024 1864 2097 Μαρίας
1895 2025 1985 2078 διὰ

396 2119 492 2185 τὴν
522 2117 784 2187 ἕνσαρκον
810 2116 1135 2189 παρουσίαν.

380 2290 389 2319 ⁴
467 2292 620 2359 Εἶτα,
663 2296 817 2366 φησὶ,
853 2295 948 2349 καὶ
991 2295 1126 2369 αὐτὸ
1163 2295 1225 2348 τὸ
1258 2294 1590 2363 Εὐαγγὲλιον
1619 2292 1731 2366 (70)
1768 2292 1873 2364 ἔφη
1915 2294 1983 2365 τῇ

396 2388 586 2460 Μαρίᾳ
615 2405 630 2420 ο
692 2388 935 2458 Πνεῦμα
988 2390 1210 2457 Κυρίου
1271 2389 1666 2442 ἐπελεύσεται
1715 2388 1816 2442 ἐπὶ
1871 2387 1979 2440 σέ·

396 2481 492 2532 καὶ
518 2480 619 2533 οὐκ
661 2474 815 2533 εἷπε’
851 2480 1094 2549 Πνεῦμα
1139 2480 1362 2547 Κυρίου
1401 2480 1718 2550 γενήσεται
1749 2481 1820 2534 ἐν
1861 2480 1981 2535 σοί.

396 2571 488 2623 Διὸ
518 2573 582 2624 ὲκ
627 2570 969 2641 πανταχόθεν
1001 2570 1322 2641 φιλονεικῶν
1361 2573 1389 2623 6
1436 2571 1658 2643 ἀνόητος
1698 2573 1984 2645 ἄνθρωπος

397 2662 652 2714 ἐκπίπτει
680 2662 779 2732 τῆς
805 2660 1083 2732 ἀληθείας.
1122 2661 1556 2732 Ἀσφαλιζομένη
1589 2662 1698 2733 γὰρ
1728 2666 1761 2734 ἡ
1790 2664 1984 2737 Γραφὴ

399 2751 731 2821 πανταχόθεν
775 2752 874 2822 τὴν
922 2752 1197 2823 ἡμετέραν
1240 2752 1405 2823 ζωὴν,
1461 2753 1550 2807 ἴνα
1592 2753 1798 2826 Τριάδα
1834 2753 1984 2828 δείξῃ

400 2840 572 2909 πάντη
604 2857 661 2893 τε
685 2840 778 2892 καὶ
805 2842 862 2894 ὲν
894 2843 1057 2893 παντὶ
1082 2840 1212 2892 εῖδει
1239 2842 1501 2897 συνοῦσαν
1534 2844 1698 2916 ἑαυτῇ
1723 2845 1815 2898 καὶ
1860 2862 1983 2899 συν-

396 2928 684 2999 εργοῦσαν,
723 2929 819 2983 ἵνα
848 2931 921 3000 μή
958 2947 1101 2993 τινες
1131 2932 1377 2996 εἴπωσιν,
1416 2933 1490 2996 ὡς
1518 2934 1613 2986 καὶ
1644 2935 1829 2989 πολλοὶ
1858 2953 1985 3009 προ-

398 3018 714 3088 φασίζονται
765 3022 979 3084 ἑαυτοῖς
1028 3022 1203 3087 κακὰ,
1268 3024 1674 3095 ἁλλοτριοῦντες
1720 3028 1781 3081 τὸ
1830 3029 1984 3097 ἆγιον

396 3114 619 3183 Πνεῦμα
656 3114 750 3167 τοῦ
795 3114 1032 3185 Χριστοῦ
1076 3115 1169 3167 καὶ
1212 3116 1458 3187 Πατρός·
1502 3118 1691 3173 τούτου
1729 3120 1915 3174 ἕνεκεν
1954 3123 1981 3174 6

393 3206 623 3275 ἄγγελος
654 3207 800 3276 λέγει
831 3210 896 3278 τῇ
928 3207 1163 3278 Μαριάμ
1182 3225 1195 3238 ·
1238 3208 1481 3279 Πνεῦμα
1519 3211 1692 3281 ἅγιον
1731 3214 1980 3269 ἐπελεύ-

395 3314 563 3352 σεται
597 3298 696 3351 ἐπὶ
740 3298 838 3363 σὲ,
874 3300 971 3352 καὶ
1017 3299 1273 3369 δύναμις
1314 3300 1607 3369 Ὑψίστου
1639 3305 1980 3361 ἐπισκιάσει

394 3404 513 3443 σοι.
563 3387 658 3441 Διὸ
691 3388 790 3441 καὶ
832 3388 899 3443 τὸ
949 3388 1323 3460 γεννώμενον
1363 3391 1432 3444 ἐκ
1474 3392 1593 3448 σοῦ
1626 3393 1799 3465 ἅγιον
1835 3400 1980 3465 κλη-

396 3481 642 3550 θήσεται
689 3480 820 3545 Υἱὸς
850 3479 1020 3534 Θεοῦ.
1070 3482 1180 3535 Καὶ
1205 3482 1307 3537 οὐκ
1348 3478 1468 3537 εἷπε
1517 3486 1697 3555 μόνον,
1746 3487 1818 3541 T6
1845 3506 1979 3556 γεν-

393 3573 683 3643 νώμενον,
719 3572 875 3637 ἀλλὰ,
908 3573 1007 3627 Διὸ
1036 3574 1137 3627 καὶ
1169 3577 1235 3628 τὸ
1262 3575 1638 3645 γεννώμενον
1657 3595 1670 3610 ο
1705 3578 1790 3631 ἵνα
1830 3579 1979 3652 δείξῃ

395 3664 601 3719 ἄνωθεν
628 3663 759 3717 Θεὸν
798 3664 991 3732 Λόγον,
1020 3665 1115 3718 καὶ
1144 3667 1202 3719 ὲν
1235 3668 1421 3738 μήτρᾳ
1449 3666 1787 3740 γεννώμενον
1836 3671 1980 3724 κατὰ

394 3757 492 3826 τὴν
523 3755 716 3809 ἑαυτοῦ
753 3755 1186 3826 ὲνανθρώπησιν,
1224 3758 1316 3811 καὶ
1355 3759 1495 3813 κατὰ
1528 3760 1625 3831 τὴν
1666 3763 1859 3816 ἑαυτοῦ
1889 3765 1979 3815 εὑ-

395 3846 601 3902 δοκίαν.
638 3848 746 3901 Καὶ
772 3847 837 3900 δι’
867 3849 933 3916 ἢν
969 3848 1318 3921 ᾠκονόμησεν
1349 3852 1542 3906 ἑαυτοῦ
1570 3853 1977 3925 ὲνανθρώπησιν

397 3944 475 4004 εἰς
513 3942 670 4012 ἡμῶν
705 3944 997 4014 σωτηρίαν,
1039 3946 1399 4017 προστίθησι·
1440 3948 1539 4001 Διὸ
1583 3950 1681 4003 καὶ
1728 3950 1794 4003 τὸ
1843 3969 1977 4019 γεν-

397 4034 662 4102 νώμενον
712 4036 881 4103 ἄτιον
931 4037 1299 4117 κληθήσεται
1356 4040 1488 4105 Υἱός
1536 4041 1705 4096 Θεοῦ.
1755 4044 1818 4096 Εἰ
1870 4044 1978 4115 γὰρ

396 4123 541 4187 εἷπε,
580 4128 821 4195 Πνεῦμα
864 4127 1036 4196 ἅγιον
1079 4132 1490 4186 εἰσελεύσεται
1539 4136 1625 4199 εἰς
1663 4136 1757 4200 σὲ,
1795 4137 1978 4189 οὐκέτι

399 4216 525 4268 Υἱὸν
551 4215 681 4268 Θεοῦ
710 4211 777 4285 ἦν
809 4216 1058 4287 ἡγεῖσθαι
1088 4221 1146 4271 ἐν
1187 4221 1349 4290 σαρκὶ
1385 4226 1817 4293 παραγεγονότα,
1844 4226 1979 4279 ἀλλὰ

397 4306 620 4377 Πνεῦμα
649 4306 802 4375 ἆγιον
828 4310 885 4360 έν
915 4311 1079 4378 σαρκὶ
1108 4314 1557 4380 παραγεγονέναι.
1602 4316 1722 4368 ’Ότι
1749 4316 1805 4368 δὲ
1835 4315 1978 4370 ἄνω-

399 4396 488 4450 Οέν
519 4398 666 4449 ἐστιν
709 4395 877 4451 ἐλθὼν
909 4398 937 4449 6
974 4397 1165 4462 Λόγος,
1209 4398 1481 4471 Ἰωάννης,
1520 4405 1821 4475 σαφηνίσας
1879 4407 1977 4477 τὴν

2095 650 2307 704 scitabit
2372 651 2629 705 Dominus
2667 660 2920 721 tanquam
2956 666 3072 715 me;
3126 651 3298 718 ipsum
3347 649 3572 704 audietis
3624 651 3667 706 ¹.

2092 744 2259 812 Atqui
2289 741 2506 814 Moyses
2535 742 2700 797 homo
2727 748 2863 797 erat.
2887 740 3069 808 Quare
3098 741 3191 813 qui
3221 756 3252 796 a
3288 741 3397 798 Deo
3429 742 3668 798 suscita-

2066 828 2185 885 ‘tus
2219 841 2324 896 est,
2352 831 2614 887 Christus
2670 831 2793 895 iste,
2829 846 2937 884 non
2980 828 3124 884 Deus
3157 837 3297 893 erat,
3328 830 3421 885 sed
3451 831 3614 883 homo
3649 845 3665 882 :

2090 922 2531 992 quandoquidem
2614 936 2646 976 a
2702 920 2905 976 Judatis
2969 919 3105 990 ipsis
3191 920 3461 975 oriundus
3525 927 3666 983 erat,

2088 1014 2549 1083 quemadmodum
2582 1019 2635 1068 et
2670 1011 2883 1083 Moyses
2910 1012 3072 1065 homo
3105 1010 3225 1065 fuit.
3258 1008 3458 1067 Verum
3492 1013 3670 1068 nescit

2088 1107 2288 1175 impius
2368 1106 2459 1160 ille
2513 1105 2760 1160 desertor
2822 1104 3172 1170 Theodotus,
3226 1119 3389 1173 quam
3454 1104 3670 1175 egregie

2086 1212 2429 1267 unaquaeque
2477 1196 2646 1251 dictio
2698 1213 2794 1254 sua
2828 1198 3083 1252 cautione
3128 1197 3335 1251 munita
3378 1196 3472 1253 sit.
3532 1194 3670 1249 Nam

2084 1290 2231 1360 quod
2260 1305 2291 1345 e
2339 1289 2601 1344 fratribus
2635 1290 2789 1345 illum
2819 1289 3084 1346 Dominus
3113 1289 3389 1357 excitavit,
3430 1304 3498 1343 eo
3528 1288 3670 1344 refe-

2082 1385 2309 1439 rendum
2343 1393 2447 1450 est,
2494 1384 2639 1454 quod
2686 1400 2716 1440 e
2750 1384 2919 1438 Maria
2962 1385 3033 1439 sit
3062 1383 3278 1454 genitus
3309 1402 3324 1438 :
3356 1398 3467 1454 quo
3500 1398 3669 1439 sensu

2081 1477 2215 1532 illud
2257 1478 2678 1547 accipiendum:
2722 1477 2853 1531 Ecce
2897 1476 3059 1548 5.65
3109 1478 3251 1547 virgo
3287 1477 3344 1530 in
3391 1485 3540 1531 utero
3573 1475 3671 1529 Ita-

2079 1568 2234 1635 bebit,
2269 1579 2319 1623 et
2344 1571 2515 1637 pariet
2560 1571 2737 1640 ﬁlium
2760 1572 2780 1601 ²
2812 1587 2826 1635 ;
2862 1570 3028 1639 virgo,
3063 1569 3307 1638 inquam,
3342 1585 3580 1633 manens,
3612 1568 3668 1622 in

2076 1670 2225 1715 utero
2257 1662 2498 1726 habebit,
2526 1678 2638 1717 non
2664 1678 2731 1718 ex
2768 1662 2870 1715 viri
2904 1662 3133 1726 semine,
3157 1660 3436 1731 ﬁliumque
3468 1661 3667 1731 pariet,

2076 1750 2245 1807 fetum
2292 1753 2481 1822 utique
2523 1767 2690 1807 carne
2746 1750 3058 1821 praeditum,
3110 1760 3165 1805 et
3212 1764 3243 1804 a
3276 1749 3484 1819 virgine
3522 1749 3672 1819 geni-

2620 1843 2828 1897 Nomen
2874 1843 2988 1913 ejus
3022 1842 3279 1896 vocabunt
3332 1840 3665 1905 Emmanuel,

2085 1936 2223 2005 quod
2287 1937 2687 2005 interpretatur,
2725 1933 3017 1988 Nobiscum
3074 1932 3218 1987 Deus
3269 1933 3311 1987 ³.
3373 1930 3471 1989 Est
3521 1932 3669 1987 enim

2087 2026 2252 2079 homo
2286 2026 2431 2082 Deus
2464 2041 2496 2079 a
2541 2025 2721 2090 Patre,
2763 2025 2914 2080 nullo
2947 2038 3124 2094 neque
3157 2022 3446 2094 principio,
3491 2038 3671 2093 neque

2086 2126 2332 2188 tempore
2368 2121 2605 2191 genitus,
2655 2127 2709 2174 et
2747 2136 2811 2173 ex
2866 2117 3037 2172 Maria
3082 2118 3259 2173 laetus
3298 2116 3484 2182 homo,
3530 2132 3669 2189 qua-

2084 2219 2248 2265 tenus
2287 2225 2454 2265 carne
2484 2210 2744 2281 praeditus
2773 2211 3012 2266 advenit.

2162 2300 2271 2355 Sed
2302 2309 2357 2356 et
2386 2301 2521 2356 illud
2553 2302 2801 2372 opponit,
2855 2302 3001 2372 quod
3050 2301 3105 2355 in
3155 2300 3452 2373 Evangelia
3486 2300 3670 2357 Mariae

2086 2408 2415 2463 responsum
2458 2394 2657 2464 legitur
2685 2413 2698 2446 :
2736 2392 2969 2463 Spiritus
2999 2393 3219 2447 Domini
3260 2395 3581 2463 superveniet
3614 2396 3669 2448 in

2085 2496 2132 2539 te
2181 2490 2223 2541 ⁸.
2269 2485 2387 2540 Non
2428 2486 2572 2542 enim
2626 2486 2783 2552 dixit,
2820 2485 3051 2555 Spiritus
3100 2486 3315 2540 Domini
3352 2488 3453 2540 erit
3499 2487 3551 2540 in
3597 2496 3665 2539 te.

2092 2578 2246 2633 Hunc
2280 2578 2335 2632 in
2384 2579 2604 2633 modum
2638 2578 2874 2634 stolidus
2910 2579 3205 2633 homuncio
3251 2578 3455 2649 ubique
3483 2578 3668 2633 studio

2086 2671 2456 2725 contentionis
2507 2671 2684 2726 elatus
2740 2686 2768 2723 a
2830 2671 3058 2724 veritate
3119 2670 3397 2726 desciscit.
3456 2669 3666 2724 Etenim

2088 2757 2370 2829 Scriptura
2414 2775 2595 2825 sacra,
2644 2775 2755 2831 quo
2802 2762 2971 2814 vitam
3019 2769 3263 2815 nostram
3304 2759 3667 2830 undequaque

2086 2853 2347 2917 ﬁrmaret,
2385 2861 2551 2922 utque
2609 2861 3015 2908 sacrosanctam
3054 2854 3307 2910 Triadem
3352 2854 3576 2924 ubique,
3610 2861 3666 2908 et

2086 2942 2142 2998 in
2171 2943 2320 2997 omni
2368 2943 2645 2999 actionum
2676 2959 2876 3015 genere
2905 2947 3201 3001 convenire
3248 2961 3435 3002 secum
3465 2946 3663 3016 ipsam,

2086 3050 2151 3090 ac
2181 3036 2546 3091 communiter
2589 3035 2802 3091 edicere
2833 3037 3157 3103 declararet,
3198 3054 3260 3092 ac
3304 3055 3372 3094 ne
3414 3041 3509 3109 qui
3551 3038 3666 3092 for-
3762 3056 3765 3059 ν

2086 3138 2234 3184 tasse
2254 3131 2467 3200 jactare
2496 3130 2703 3200 aliquid
2731 3141 2977 3201 possent,
3002 3131 3146 3201 quod
3176 3147 3206 3184 a
3233 3131 3482 3201 pluribus
3513 3148 3668 3187 usur-

2083 3233 2270 3293 patum
2322 3232 2427 3288 est,
2483 3224 2577 3294 qui
2627 3238 2921 3295 pravorum
2974 3224 3291 3294 dogmatum
3345 3226 3666 3280 occasiones

2082 3316 2189 3371 sibi
2232 3322 2544 3385 captarunt,
2573 3326 2626 3370 et
2656 3331 2687 3369 a
2733 3314 2956 3370 Christo
2988 3317 3154 3371 simul
3180 3332 3267 3385 Lac
3298 3314 3459 3370 Patre
3491 3316 3666 3386 Spiri-

2083 3418 2197 3463 tum
2246 3417 2497 3463 sanctum
2533 3408 2934 3475 abalienarunt,
2985 3419 3271 3478 propterea
3323 3410 3404 3464 sic
3437 3408 3663 3463 Mariam

2082 3502 2331 3571 angelum
2366 3501 2663 3555 allocutum
2709 3515 2835 3557 esse
2887 3494 3174 3570 scriptura
3223 3510 3662 3557 commemorat:

2082 3594 2318 3665 Spiritus
2363 3604 2578 3648 sanctus
2622 3595 2949 3663 superveniet
2985 3594 3042 3647 in
3090 3603 3158 3659 te,
3192 3602 3244 3647 et
3284 3595 3449 3649 virtus
3497 3595 3664 3650 Altis-

2081 3689 2203 3741 simi
2247 3685 2580 3740 obumbrabit
2615 3686 2731 3741 tibi.
2778 3684 3007 3755 Ideoque
3049 3696 3097 3739 et
3137 3685 3275 3755 quod
3317 3696 3565 3741 nascetur
3599 3702 3666 3741 ea:

2081 3789 2130 3833 te
2179 3788 2442 3843 sanctum,
2483 3776 2758 3831 vocabitur
2799 3774 2977 3829 Filius
3008 3774 3106 3829 Dei
3142 3776 3184 3829 ⁵.
3226 3774 3335 3830 Nec
3384 3775 3439 3829 id
3484 3776 3664 3830 solum

2080 3869 2239 3933 dixit,
2264 3868 2418 3933 Quod
2471 3877 2736 3931 nascetur,
2782 3867 2899 3931 sed,
2952 3864 3080 3919 Ideo
3126 3876 3176 3921 et
3215 3866 3354 3937 quod
3396 3876 3660 3932 nascetur,

2080 3958 2249 4013 Deum
2286 3967 2346 4012 ut
2378 3957 2619 4012 Verbum
2651 3972 2681 4010 a
2712 3956 2981 4027 principio
3011 3956 3183 4011 fuisse
3223 3966 3576 4021 monstraret,
3607 3963 3664 4012 et

2084 4049 2140 4101 in
2187 4049 2377 4103 matris
2431 4055 2585 4101 utero
2636 4049 2899 4115 genitum,
2953 4061 3077 4100 cum
3118 4058 3369 4101 naturam
3422 4048 3661 4104 hominis

2084 4148 2278 4207 sponte
2308 4153 2409 4193 sua
2442 4152 2507 4192 ac
2538 4137 2821 4192 voluntate
2856 4139 3120 4207 suscepit.
3158 4138 3228 4193 Ut
3262 4140 3429 4210 igitur
3464 4142 3661 4197 salutis

2082 4232 2283 4285 nostrai
2309 4228 2482 4298 gratia
2524 4236 2700 4283 totum
2746 4227 2881 4282 illud
2925 4237 3137 4283 natura:
3180 4241 3449 4301 susceptae
3491 4247 3664 4302 nego-

2082 4321 2215 4374 tiutn
2244 4319 2683 4378 administratum
2714 4320 3065 4391 intelliget-es,
3085 4321 3189 4377 ista
3213 4322 3477 4393 subjecit:
3502 4324 3661 4380 Ideo-

2078 4431 2175 4484 que
2202 4424 2251 4468 et
2283 4414 2420 4482 quod
2445 4423 2693 4468 nascetur
2719 4424 2984 4479 sanctum,
3020 4415 3292 4470 vocabitur
3330 4416 3506 4473 Filius
3536 4418 3655 4475 Dei.

395 4487 488 4540 τοῦ
522 4486 751 4555 ἀγγέλου
793 4488 1153 4560 εὑαγγελικὴν
1188 4491 1393 4561 φωνὴν,
1444 4492 1590 4561 λέγει
1614 4511 1628 4524 ⁸
1677 4497 1778 4549 Ἐν
1816 4496 1977 4566 ἀρχῇ

2081 4503 2237 4571 Quod
2268 4504 2312 4560 si
2345 4504 2416 4558 ita
2449 4504 2700 4569 dixisset,
2731 4503 2963 4575 Spiritus
3005 4517 3222 4560 sanctus
3250 4508 3574 4577 ingredietur
3600 4511 3658 4564 in

396 4577 538 4644 ἦνό
572 4578 780 4647 Λόγος,
838 4578 999 4633 καὶό
1042 4582 1231 4650 Λόγος
1288 4578 1368 4652 ἦν
1424 4585 1574 4651 πρὸς
1634 4587 1742 4640 τὸν
1801 4589 1968 4651 Θεὸν,

397 4669 494 4721 καὶ
526 4670 669 4735 Θεὸς
717 4665 796 4739 ἦν
837 4673 869 4724 ὀ
928 4672 1137 4741 Λόγος.
1216 4674 1419 4728 Πάντα
1478 4676 1551 4729 δι’
1608 4680 1794 4734 αὑτοῦ
1846 4682 1973 4751 ἐγέ-

397 4778 555 4826 νετο,
603 4761 703 4813 καὶ
732 4764 912 4830 χωρὶς
950 4765 1136 4818 αὐτοῦ
1185 4765 1419 4835 ἐγένετο
1467 4770 1609 4823 οὐδὲ
1673 4771 1779 4826 ἕν’
1851 4771 1970 4828 εἶτα

403 4852 537 4921 μετὰ
595 4852 798 4906 ταῦτα·
846 4855 958 4908 Καὶ
1016 4860 1048 4911 ό
1083 4860 1273 4929 Λόγος
1343 4861 1499 4929 σὰρξ
1550 4862 1814 4931 ἐγένετο⁸
1873 4869 1970 4921 καὶ

396 4946 493 4996 οὐκ
526 4940 644 4997 εἷπε
667 4962 678 4973 ·
718 4944 791 4997 Τὸ
815 4948 1055 5018 Πνεῦμα
1104 4951 1261 5020 σὰρξ
1320 4953 1578 5023 ἐγένετο·
1637 4956 1757 5009 οὐδὲ
1808 4955 1928 5011 εἷπε
1952 4976 1966 4990 ·

394 5033 646 5102 Χριστὸς
675 5033 979 5105 ἅνθρωπος
1006 5042 1317 5113 ἐγεννήθη.
1366 5047 1549 5117 Πάντη
1594 5048 1703 5118 γὰρ
1736 5051 1969 5119 ἀσφαλι-

395 5124 596 5195 ςομένη
650 5129 682 5197 ὴ
729 5128 847 5182 θεία
894 5131 1081 5203 Γραφὴ
1129 5133 1260 5185 Θεὸν
1313 5138 1406 5188 καὶ
1455 5137 1737 5207 ἄνθρωπον
1813 5143 1968 5195 αὑτὸν

2083 4609 2150 4662 te,
2180 4612 2288 4650 non
2317 4598 2430 4667 jam
2474 4596 2760 4669 DeizFilius
2785 4613 2951 4654 carne
2974 4600 3258 4670 praeditus,
3284 4601 3379 4657 sed
3416 4599 3657 4672 Spiritus

2078 4694 2304 4744 sanctus
2362 4689 2579 4744 venisse
2629 4687 2965 4748 crederetur.
3020 4691 3177 4758 Quod
3231 4699 3412 4747 autem
3454 4707 3485 4748 e
3514 4694 3657 4749 caelo

2078 4776 2315 4833 Verbum
2341 4780 2641 4846 advenerit,
2665 4779 2903 4835 Joannes
2925 4783 3293 4853 evangelicam
3319 4784 3464 4839 illam
3490 4801 3655 4841 usur-

2077 4882 2257 4942 patam
2302 4873 2370 4927 ab
2410 4874 2602 4945 angelo
2632 4888 2821 4929 vocem
2854 4876 3139 4945 explicans
3192 4877 3266 4929 ita
3310 4885 3540 4932 teetatur
3581 4879 3601 4909 ⁸
3634 4896 3648 4932 :

2078 4962 2145 5017 In
2192 4966 2447 5034 principio
2496 4977 2612 5020 erat
2660 4965 2921 5033 Verbum,
2970 4976 3020 5021 et
3085 4966 3307 5022 Verbum
3352 4981 3463 5023 erat
3511 4969 3653 5039 apud

2075 5054 2267 5117 Deum,
2302 5065 2351 5110 et
2385 5055 2521 5109 Deus
2544 5066 2658 5109 erat
2696 5055 2939 5111 Verbum.
2977 5056 3171 5112 Omnia
3189 5073 3279 5127 per
3311 5059 3482 5127 ipsum
3507 5059 3655 5128 facta

2076 5157 2221 5209 sunt,
2266 5155 2315 5202 et
2362 5147 2475 5200 sine
2522 5148 2636 5216 ipso
2687 5148 2888 5217 factum
2925 5157 3003 5202 est
3043 5146 3194 5204 nihil.
3238 5147 3442 5204 Deinde
3488 5151 3652 5219 paulo

466 5304 484 5334 ι
514 5302 672 5359 Deut.
699 5319 853 5372 xvut,
879 5307 963 5361 15.
1039 5309 1061 5340 ³
1102 5310 1204 5365 lsa.
1235 5328 1333 5377 vu,
1376 5313 1462 5367 14.
1539 5315 1560 5345 ³
1595 5316 1765 5388 ibid._;
1794 5317 1978 5375 Matth.

2098 5320 2189 5376 25.
2272 5321 2521 5389 ιιυω,
2554 5324 2645 5379 55.
2726 5325 2747 5357 ⁸
2790 5324 2921 5380 ibid.
2998 5325 3193 5381 ‘Joan.
3228 5343 3266 5391 ι,
3310 5329 3334 5381 1
3382 5343 3504 5399 sqq.

464 5486 581 5570 (.70)
600 5489 761 5570 Εἶτα,
778 5489 950 5570 φησι,
976 5491 1234 5570 καὶ-αὺτό
1250 5498 1313 5570 τό
1331 5497 1719 5570 Εὐαλγογραξλιοντ
1747 5499 1837 5555 Vis
1857 5501 1960 5556 ista

390 5561 826 5633 ratiocinationis
862 5561 1022 5628 hujus
1061 5561 1230 5620 fuisse
1263 5561 1514 5622 videtur.
1539 5566 1851 5633 Theodotus
1902 5580 1961 5626 ut

392 5629 646 5707 probaret
677 5628 955 5707 Christum
982 5647 1186 5707 merum
1212 5674 1226 5699 ,
1264 5651 1328 5692 ac
1356 5638 1654 5707 simplicem
1687 5628 1960 5696 hominem

391 5714 533 5779 esse,
566 5697 724 5753 Lucae
756 5700 935 5755 verbis
956 5697 1241 5779 utebatur,
1290 5697 1491 5779 quibus
1522 5711 1746 5779 angelus
1784 5712 1964 5765 Maria:

391 5766 567 5835 dixit,
619 5779 1072 5849 superventurum
1129 5766 1344 5832 ineant
1396 5766 1658 5849 Spiritum
1689 5790 1962 5848 sanctum,

2060 5520 2173 5560 non
2199 5517 2379 5583 autem
2414 5507 2471 5583 in
2498 5523 2562 5563 ea
2597 5508 2864 5575 futurum,
2889 5510 3000 5583 _v_el,
3043 5520 3102 5583 ut
3127 5512 3289 5581 paulo
3317 5520 3441 5582 post
3473 5512 3651 5583 loqui-

2064 5584 2186 5640 tur,
2210 5577 2280 5643 ,in
2308 5582 2854 5651 eamingressurutn.
2888 5580 3024 5634 Nam
3066 5577 3159 5636 illa
3186 5577 3380 5646 verba,
3422 5577 3647 5636 ἐπεχεύ-

2065 5648 2488 5723 σεταιᾳλὲπὶ-σέ,
2521 5648 2878 5723 adventitium
2926 5653 3128 5723 aliquid
3150 5693 3166 5720 ,
3197 5662 3250 5710 et
3305 5654 3647 5711 extrinsecus

2064 5717 2330 5775 accedens
2369 5719 2612 5777 indicare
2644 5722 2916 5777 videntur.
