4176 6386
512 325 616 384 961

1894 322 1956 377 S.
2001 314 2343 381 EPIPHANII

3654 329 3763 386 968

510 452 675 514 post:
714 441 781 497 Et
825 442 1047 496 Verbum
1083 458 1207 495 caro
1243 441 1439 509 factum
1482 450 1578 495 est.
1628 438 1746 494 Non
1777 439 1935 503 dixit,
1970 439 2091 509 Spi-

2197 442 2476 494 ὲπίσταται
2496 460 2510 474 ο
2544 434 2675 495 Θεὸν
2700 436 2807 496 ἀπὸ
2836 443 2968 497 ΘΓεοῦ
2991 444 3195 498 ἄνωθεν
3221 447 3423 516 ἥκοντα
3440 462 3453 476 ⁸
3477 446 3759 517 ἄνθρωπον

510 538 645 590 ritus
675 552 800 591 caro
826 536 1000 605 factus
1035 548 1111 588 est
1137 552 1155 600 ;
1189 552 1251 591 ac
1287 550 1353 588 ne
1384 533 1514 587 illud
1552 532 1771 601 quidem
1803 552 1815 586 :
1846 532 2087 586 Christus

509 628 663 681 Immo
692 630 1034 699 genitusest.
1068 625 1278 696 Quippe
1310 624 1593 694 Scriptura
1624 640 1801 688 sacra,
1839 626 1987 679 omni
2016 640 2082 680 ex

508 731 664 789 parte
718 719 929 774 munita
981 718 1332 787 stabilitaque
1384 716 1637 771 eumdem
1700 714 1871 769 Deum
1920 723 2089 785 atque

2194 533 2300 585 ἀπὸ
2346 534 2563 603 Μαρίας
2590 536 2718 589 ἄνευ
2760 536 3068 607 σπέρματος
3111 537 3300 606 ἀνδρὸς
3348 539 3753 608 γεγεννημένον.

2194 625 2314 677 Τῶν
2367 625 2423 677 δὲ
2462 626 2555 678 δύο
2582 627 2785 679 τούτων
2833 628 3099 699 ἀληθινῶν
3147 631 3174 681 ὁ
3224 628 3378 690 ἐκτὸς
3432 628 3627 698 βαίνων
3664 630 3762 700 οὐχ

2190 718 2421 787 ὑπάρχει
2454 721 2551 789 τῆς
2581 719 2838 790 ἀληθείας

511 813 786 867 hominem
831 811 1121 880 agnoscit:
1193 807 1359 861 Deum
1410 808 1627 875 quidem
1699 822 1729 859 a
1781 804 1891 862 Deo
1936 810 2156 862 caelitus
2197 810 2533 876 profectum;
2595 813 2864 868 hominem
2922 832 3051 870 vero
3106 816 3224 870 sine
3276 812 3420 867 virili
3479 813 3683 869 semine
3729 829 3760 869 a

513 903 681 960 Maria
718 900 1080 971 progenitum.
1116 899 1218 965 Qui
1254 911 1403 952 extra
1440 899 1553 953 haec
1577 897 1742 969 466
1768 898 1877 953 duo
1903 900 2061 969 longe
2086 902 2371 956 verissima
2394 904 2658 972 graditur,
2701 921 2730 957 a
2767 910 2991 963 veritate
3020 918 3104 963 est
3140 908 3369 963 alienus.

582 1017 674 1071 iV.
714 1013 875 1069 Aliud
923 1014 1145 1082 insuper
1186 1011 1502 1066 Theodotus
1551 1012 1804 1081 opponit,
1840 1013 1987 1083 quod
2020 1014 2087 1069 de

2246 1017 2318 1068 A'.
2338 1015 2739 1084 Προτρασίζεται
2759 1015 2918 1067 πάλιν
2938 1018 2963 1067 ὁ
2981 1016 3148 1079 τάλας
3162 1016 3417 1079 Θεόδοτος
3436 1017 3545 1088 ίῊ)
3568 1016 3626 1069 λέ
3638 1035 3762 1085 των,

514 1109 634 1180 ipso
677 1107 943 1163 Jeretnias
981 1104 1391 1175 pronuntiavit:
1426 1102 1593 1156 ΙΙοιηο
1625 1113 1722 1166 est,
1761 1113 1811 1157 et
1853 1105 1969 1173 quis
2001 1121 2089 1159 co-

2197 1109 2255 1160 ἰτι
2304 1109 2398 1161 καὶ
2442 1110 2469 1159 ὁ
2502 1107 2771 1176 Ἱερεμίας
2813 1109 2937 1175 περὶ
2966 1109 3128 1161 αὑτοῦ
3159 1109 3283 1178 ἔφη.
3315 1112 3396 1164 ὃτι
3432 1113 3764 1178 ’Ἄνθρωπός

512 1209 723 1272 gnoscet
754 1199 906 1252 illum
932 1197 991 1249 “l
1020 1196 1129 1250 Nec
1158 1195 1431 1265 intelligit,
1458 1211 1558 1264 pro
1584 1210 1651 1249 eo
1676 1204 1837 1264 atque
1877 1210 1909 1249 a
1943 1196 2087 1249 veri-

513 1300 626 1347 tate
652 1298 894 1347 remotus
926 1296 1030 1351 est,
1068 1300 1506 1355 unamquamque
1530 1287 1823 1338 dictionem
1852 1286 2088 1339 notionis

513 1394 630 1439 sua:
688 1396 752 1435 ac
813 1380 1105 1450 potestatis
1160 1380 1663 1448 interpretationem
1719 1378 1918 1430 habere
1967 1392 2092 1430 con-

510 1472 780 1543 junctam.
844 1468 980 1523 Nam
1038 1469 1132 1538 qui
1186 1468 1350 1521 homo
1400 1469 1491 1529 sit,
1548 1468 1703 1536 plane
1745 1481 1774 1519 a
1820 1466 2091 1535 plerisque

513 1562 887 1632 cognoscitur,
918 1562 1119 1631 quibus
1145 1559 1288 1613 haud
1319 1560 1537 1629 ignotus
1563 1574 1684 1613 esse
1715 1566 1893 1627 potest
1916 1577 1931 1611 οε
1961 1567 2089 1627 puta

512 1654 582 1707 ab
618 1664 849 1723 utroque
886 1660 1128 1722 parente,
1162 1651 1445 1711 fratribus,
1492 1650 1761 1719 cognatis,
1800 1650 2092 1703 contuber-

512 1742 753 1807 nalibus,
799 1743 1020 1803 vicinis,
1058 1742 1291 1808 civibus,
1343 1757 1407 1795 ac
1439 1744 1631 1795 servis.
1670 1741 1737 1793 At
1781 1742 1893 1794 illic
1937 1740 2088 1794 Scri-

2192 1198 2345 1256 ἐστι.
2386 1198 2482 1250 καὶ
2528 1199 2619 1263 τίς
2666 1197 2955 1266 γνώσεται
3002 1200 3223 1262 αὐτόν;
3264 1197 3371 1250 Καὶ
3409 1197 3508 1250 οὐκ
3553 1195 3689 1249 οἶδεν
3732 1198 3762 1249 ὁ

2196 1290 2386 1342 ἑαυτὸν
2429 1292 2526 1360 τῆς
2577 1290 2831 1359 ἀληθείας
2882 1290 3261 1357 ἁποξενώσας,
3317 1291 3427 1354 ὅτι,
3478 1290 3554 1351 ὡς
3605 1289 3738 1360 ἔφην

2195 1372 2399 1449 ἑκάστη
2450 1381 2591 1444 λέξις
2640 1382 2750 1450 ἔχει
2778 1381 2877 1451 τῆς
2911 1382 3109 1451 ἑαυτῆς
3137 1381 3418 1449 δυνάμεως
3456 1381 3553 1450 τὴν
3589 1382 3765 1451 ἑρμηο

2191 1474 2360 1525 νείαν.
2406 1474 2463 1525 Ὀ
2500 1474 2921 1550 γὰρδᾰνθρωπος
2967 1473 3041 1526 ῶν
3077 1474 3291 1537 πάντως
3322 1473 3425 1525 ὑπὸ
3454 1473 3659 1525 πολλῶν
3688 1490 3766 1539 γι-

2192 1564 2459 1617 νώσκεται
2490 1565 2597 1616 τῶν
2643 1565 2801 1616 αὐτὸν
2836 1565 3209 1632 γινωσκόντων
3234 1582 3246 1593 ·
3298 1564 3440 1633 φημὶ
3472 1563 3528 1616 δὲ
3562 1563 3766 1632 πατρὸς

2194 1654 2286 1705 καὶ
2337 1654 2571 1723 μητρὸς,
2608 1652 2849 1722 ἀδελφῶν
2878 1666 2936 1704 τε
2983 1654 3075 1706 καὶ
3127 1654 3439 1722 συγγενῶν,
3484 1657 3764 1723 συσκήνων

2192 1760 2251 1795 τε
2296 1744 2389 1795 καὶ
2415 1743 2691 1810 γειτόνων,
2727 1742 2955 1795 πολιτῶν
2985 1762 3041 1796 τε
3069 1743 3161 1795 καὶ
3204 1744 3444 1797 οἰκετῶν.
3505 1742 3765 1797 Ἐνταῦθα

514 1845 673 1908 ptura
711 1836 880 1890 totius
912 1836 982 1888 ab
1012 1835 1105 1888 illo
1130 1834 1371 1903 suscepti
1405 1834 1604 1902 negotii
1634 1833 1960 1886 miraculum
1990 1848 2088 1887 exs

2197 1834 2245 1886 δὲ
2289 1836 2320 1905 ὴ
2360 1834 2585 1904 Γραφὴ,
2641 1834 2700 1886 τὸ
2748 1827 3058 1903 θαυμαστὸν
3118 1835 3445 1905 διηγουμένη
3494 1834 3593 1905 τῆς
3634 1836 3762 1906 ὅλης

512 1923 745 1993 plicans,
769 1924 1043 1977 hominem
1086 1923 1305 1992 quidem
1337 1932 1558 1992 pr0pter
1583 1931 1919 1993 assumptam
1964 1938 2089 1977 car-

512 2029 638 2068 nem
684 2017 956 2079 nominat,
1002 2013 1135 2068 iisce
1181 2026 1347 2083 porro
1387 2013 1609 2067 verbis:
1638 2012 1769 2078 Quis
1818 2020 2090 2081 cognoscet

513 2106 714 2162 illum?
752 2106 818 2161 ad
848 2106 969 2175 ejus
1016 2106 1378 2167 divinitatem,
1409 2118 1530 2173 quae
1575 2104 1959 2173 comprehendi
1992 2118 2087 2157 ne-

515 2199 667 2267 quit,
718 2196 1100 2252 declarandam
1148 2197 1225 2251 uti
1274 2196 1462 2251 voluit.
1535 2193 1669 2247 Nam
1715 2210 1839 2248 cum
1889 2194 2090 2249 Filium

515 2307 666 2344 nemo
714 2291 854 2343 novit
908 2291 1013 2344 nisi
1053 2289 1255 2343 Pater:
1289 2305 1448 2358 neque
1504 2286 1721 2341 Patrem
1755 2288 1895 2341 novit
1928 2288 2090 2348 ullus,

517 2384 620 2438 nisi
647 2382 847 2447 Filius,
883 2392 932 2437 et
964 2384 1009 2437 is
1044 2384 1132 2437 cui
1159 2384 1401 2437 reuelauit
1429 2382 1470 2447 ²,
1514 2380 1785 2451 sequitur,
1811 2398 1879 2435 ne
1914 2381 2091 2451 ipsum

516 2477 769 2547 quidem,
814 2478 921 2532 nisi
969 2477 1057 2531 cui
1106 2477 1460 2539 revelaverit,
1514 2477 1583 2531 ab
1625 2477 1737 2531 ullo
1794 2492 1955 2547 posse
2003 2491 2095 2530 co-

516 2569 727 2639 gnosci.
768 2568 1035 2623 Caeterum
1081 2566 1261 2623 Patris
1291 2568 1380 2622 ille
1418 2567 1501 2623 sui
1547 2581 1611 2620 ac
1641 2583 1794 2623 suam
1828 2568 1964 2622 adeo
2008 2566 2093 2619 di-

514 2662 798 2715 vinitatem
837 2669 891 2714 et
919 2659 1146 2730 gloriam
1180 2660 1355 2715 servis
1388 2659 1504 2714 suis
1530 2674 1627 2727 per
1670 2658 1933 2729 Spiritum
1964 2672 2095 2711 san-

516 2761 667 2807 ctum
698 2752 919 2819 revelat,
950 2767 1162 2806 necnon
1195 2758 1249 2807 et
1273 2751 1513 2806 futuram
1539 2752 1686 2803 illam
1710 2753 2095 2821 sempiternam

514 2845 706 2909 vitam,
747 2846 1069 2915 reliquaque
1117 2843 1399 2914 mysteria,
1451 2857 1515 2897 ac
1556 2842 1884 2904 doctrinam,
1932 2851 2097 2910 atque

517 2937 662 2992 inter
697 2946 892 2991 caetera
924 2951 1104 2990 veram
1136 2936 1283 2989 illam
1324 2949 1479 2989 suam
1523 2934 1989 2996 incarnationem;
2032 2945 2097 2985 ac

515 3029 977 3101 quemadmodum
1010 3028 1151 3083 Deus
1203 3043 1234 3083 e
1265 3028 1425 3095 cmlo,
1474 3027 1637 3081 homo
1678 3041 1744 3082 ex
1772 3025 1939 3080 Maria
1972 3042 2099 3097 pro-

520 3121 703 3177 dierit.

589 3232 656 3288 γ.
702 3231 883 3303 Pergit
918 3232 1057 3286 idem
1106 3230 1197 3285 ille
1245 3228 1585 3290 Theodotus,
1615 3234 1669 3280 et
1713 3228 1782 3281 ab
1813 3226 1951 3282 Isaia
1999 3228 2097 3280 ho-

520 3327 721 3381 minem
753 3326 903 3378 illum
930 3339 1053 3379 esse
1079 3322 1334 3376 allirmari
1359 3318 1537 3384 docet,
1566 3321 1653 3375 bis
1676 3319 1856 3375 verbis
1882 3338 1894 3373 :
1924 3318 2097 3373 Homo

520 3421 689 3474 sciens
722 3418 947 3472 tolerare
967 3416 1358 3484 infirmitatem.
1392 3412 1457 3465 Et
1482 3413 1704 3467 vidimus
1728 3427 1847 3465 eum
1886 3424 2097 3478 percus-

519 3526 637 3563 sum
670 3518 720 3561 et
749 3508 882 3559 male
920 3505 1175 3557 habitum.
1205 3502 1272 3555 Et
1303 3504 1590 3571 ignominia
1622 3502 1838 3569 allectus
1868 3509 1966 3562 est,
2008 3514 2098 3552 nec

519 3608 795 3667 reputatus
819 3598 859 3650 a.
895 3596 1095 3650 Verum
1132 3597 1406 3663 quomodo
1431 3595 1627 3648 iterum
1652 3593 1903 3662 redargui
1929 3591 2099 3661 possit

521 3704 688 3757 pecus
732 3689 833 3741 ista
866 3703 971 3740 non
1004 3687 1168 3740 videt.
1192 3687 1415 3754 'Quippe
1450 3684 1621 3739 Isaias
1663 3682 1851 3737 eodem
1887 3683 1939 3735 in
1982 3682 2100 3735 loco

521 3781 597 3835 ita
643 3781 923 3850 loquitur:
960 3779 1237 3848 Tanquam
1284 3778 1392 3830 ovis
1438 3778 1507 3829 ad
1558 3777 1869 3830 occisionem
1910 3774 2098 3825 ductus

517 3880 636 3935 est;
677 3878 727 3923 et
775 3878 831 3921 ut
863 3884 1029 3938 agnus
1072 3884 1251 3920 corum
1286 3865 1525 3918 tondente
1564 3880 1619 3917 se
1664 3874 1861 3927 mutus,
1897 3863 1970 3915 sic
1998 3878 2101 3915 non

524 3964 692 4032 aperit
738 3979 796 4015 os
831 3976 1004 4014 suum.
1055 3958 1119 4012 In
1148 3958 1447 4011 humilitate
1490 3957 1660 4025 ipsius
1696 3954 1957 4023 judicium
1988 3953 2099 4022 ejus

523 4054 790 4107 sublatum
838 4060 936 4104 est.
989 4049 1223 4118 Suhjicit
1267 4047 1463 4102 deinde
1500 4065 1513 4101 :
1558 4044 1955 4099 Generationem
1988 4045 2100 4113 ejus

521 4143 638 4212 quis
671 4139 990 4194 enarrabit?
1021 4140 1270 4209 quoniam
1311 4138 1515 4190 tollitur
1545 4136 1608 4190 de
1648 4146 1788 4187 terra
1830 4134 2101 4187 hominum

523 4236 631 4289 vita
658 4234 793 4303 ejus.
825 4231 945 4285 Non
977 4234 1134 4291 dixit,
1177 4230 1386 4283 tollitur
1415 4231 1523 4282 vita
1570 4228 1722 4296 ejus;
1769 4227 1864 4281 sed
1901 4241 1966 4280 ea:
2009 4226 2103 4278 lio-

525 4326 759 4380 minibus
801 4325 1022 4394 adjecit.
1083 4324 1217 4377 Cum
1251 4323 1394 4377 enim
1435 4316 1666 4375 Verbum
1712 4328 1973 4390 perpetuo
2019 4321 2103 4374 vi-

525 4427 649 4479 vat,
694 4425 858 4486 atque
892 4416 948 4469 in
989 4429 1110 4469 sese
1145 4415 1311 4467 vitam
1348 4414 1564 4474 habent,
1611 4426 1839 4480 eamque
1888 4411 1974 4475 iis,
2006 4411 2104 4480 qui

2192 1926 2355 1979 αὑτοῦ
2398 1927 2801 1996 πραγματείας,
2842 1926 3127 1998 ἄνθρωπον
3159 1927 3256 1995 μὲν
3282 1926 3385 1996 ἔφη
3411 1926 3498 1979 διὰ
3542 1925 3639 1997 τὴν
3676 1926 3763 1978 ἑν-

2193 2035 2394 2089 σαρκον
2445 2019 2744 2089 παρουσίαν
2793 2020 2875 2081 τὸ,
2928 2020 3025 2085 Τίς
3081 2018 3149 2071 δὲ
3202 2018 3490 2087 γνώσεται
3539 2020 3766 2081 αὐτόν;

2193 2113 2431 2182 ὲσήμανε
2474 2114 2600 2180 περὶ
2628 2112 2726 2181 τῆς
2755 2111 2918 2165 αὐτοῦ
2960 2111 3208 2181 θεότητος
3236 2112 3333 2181 τῆς
3364 2111 3761 2180 ἀκαταλήπτου.

2205 2202 2419 2273 Ἐπειδὴ
2464 2204 2574 2273 γὰρ
2627 2203 2825 2268 οὐδεὶς
2879 2199 3000 2255 οἶδε
3040 2202 3147 2254 τὸν
3187 2202 3320 2255 ne,»
3355 2203 3407 2255 εί
3450 2201 3535 2271 μὴ
3574 2205 3607 2255 ό
3650 2204 3763 2254 Πα-

2192 2293 2323 2359 τὴρ,
2362 2293 2458 2347 καί
2489 2295 2594 2346 τὸν
2635 2294 2863 2361 Πατέρα
2900 2293 3099 2357 οὐδεὶς
3127 2294 3290 2346 οἶδεν
3336 2296 3388 2347 εί
3414 2294 3500 2362 μὴ
3535 2298 3567 2347 ὁ
3614 2292 3759 2359 Υἱὸς,

2195 2382 2292 2433 καὶ
2338 2375 2385 2447 ᾧ
2421 2382 2529 2435 ἐὰν
2573 2384 2976 2452 ἀποκαλύψῃ·
3020 2382 3193 2445 οὐδεὶς
3236 2377 3327 2435 οὖν
3382 2381 3644 2449 γνώσεται
3675 2382 3766 2433 αὑ-

2194 2474 2305 2535 τὸν,
2364 2473 2458 2525 ἐὰν
2527 2474 2599 2544 μὴ
2661 2473 2808 2543 αὑτῷ
2852 2474 3198 2545 ἀποκαλύψῃ.
3264 2472 3659 2526 Ἀποκαλύπτει
3708 2472 3765 2525 δὲ

2194 2568 2260 2622 δι’
2314 2569 2468 2636 ἁγίου
2522 2567 2837 2638 Πνεύματος
2878 2570 2989 2631 τοῖς
3018 2567 3180 2620 αὑτοῦ
3219 2567 3424 2629 δούλοις
3469 2567 3566 2635 τὴν
3603 2565 3766 2620 αὐτοῦ

2196 2664 2290 2714 καὶ
2333 2660 2431 2731 τὴν
2476 2661 2566 2713 τοῦ
2599 2662 2763 2715 αὑτοῦ
2810 2658 3024 2731 Πατρὸς
3055 2660 3303 2730 θεότητα,
3334 2664 3427 2714 καὶ¹
3467 2661 3642 2727 δόξαν,
3674 2662 3766 2715 καὶ

2196 2750 2293 2819 τὴν
2328 2749 2491 2803 αὐτοῦ
2535 2748 2679 2819 ζωὴν
2726 2749 2943 2803 αἰώνιον
2974 2751 3071 2819 τὴν
3107 2751 3425 2820 μέλλουσαν,
3462 2752 3555 2804 καὶ
3583 2751 3652 2805 τὰ
3681 2752 3770 2804 αὑο

2195 2839 2289 2892 τοῦ
2338 2841 2633 2911 μυστήρια,
2678 2842 2771 2893 καὶ
2818 2841 3182 2905 διδασκαλίαν,
3233 2843 3326 2895 καὶ
3355 2844 3454 2913 τὴν
3494 2843 3657 2897 αὐτοῦ
3704 2843 3767 2896 δι’

2197 2933 2342 3001 ἡμᾶς
2377 2932 2638 3003 ἐνσαρκον
2685 2932 2861 3003 ἀληθῆ
2900 2934 3221 3005 παρουσίαν,
3258 2933 3339 2987 ὅτι
3381 2934 3514 2997 Θεὸς
3544 2936 3765 3002 ἀνωθεν,

2198 3025 2291 3076 καὶ
2339 3024 2623 3093 ἄνθρωπος
2662 3023 2771 3077 ἀπὸ
2810 3025 3049 3094 Μαρίας.

2246 3226 2322 3285 E’.
2366 3216 2497 3283 Εἶτα
2547 3228 2574 3283 ὁ
2622 3226 2784 3291 αὐτὸς
2828 3227 2989 3279 πάλιν
3044 3226 3177 3297 φησὶ
3220 3225 3497 3289 Θεόδοτος,
3547 3224 3630 3276 ὅτι
3671 3219 3763 3274 καὶ

2186 3317 2412 3382 Ἡσαΐας
2441 3319 2569 3389 περὶ
2598 3316 2761 3371 αὑτοῦ
2799 3310 2925 3385 ἔφη.
2965 3317 3046 3369 ὃτι
3074 3316 3363 3386 ἅνθρωπός
3391 3317 3561 3375 ἐστιν,
3590 3311 3763 3373 οὕτως

2199 3404 2400 3457 εἰπώνί
2446 3406 2790 3470 Ἀνθρωπος
2834 3403 3005 3470 εἰδὼς
3045 3404 3245 3472 φέρειν
3292 3403 3611 3470 μαλακίαν.
3659 3403 3767 3455 Kal

2198 3495 2434 3563 εἴδομεν
2478 3496 2664 3547 αὐτὸν
2707 3495 2777 3546 ὲν
2823 3492 3027 3563 πληγῇ
3073 3495 3170 3547 καὶ
3213 3494 3283 3547 ἐν
3336 3492 3611 3547 κακώσει.
3656 3492 3770 3545 Καὶ

2198 3585 2513 3655 ἠτιμάσθη,
2543 3586 2642 3638 καί
2689 3588 2800 3639 οὐκ
2841 3587 3151 3655 ἐλογίσθη.
3186 3584 3327 3637 Ἀλλ’
3358 3585 3458 3637 οὐκ
3502 3584 3609 3637 οἶδε
3654 3585 3771 3646 πῶς

2201 3679 2359 3731 πάλιν
2408 3677 2684 3747 ἐλέγχεται
2729 3680 2757 3730 ὁ
2813 3677 3109 3748 κτηνώδης.
3160 3678 3247 3730 Ἐν
3290 3676 3481 3739 αὐταῖς
3520 3677 3625 3747 γὰρ
3653 3681 3772 3740 ταῖς

2200 3771 2405 3834 λέξεσιν
2450 3769 2677 3833 Ἡσαΐας
2726 3769 2897 3832 οὕτως
2955 3764 3141 3822 diter
3189 3766 3283 3835 Ὠς
3329 3770 3625 3837 πρόϐατον
3670 3768 3770 3824 ἐπὶ

2201 3864 2447 3931 σφαγὴν
2475 3862 2653 3931 ἤχθη,
2692 3863 2787 3915 καὶ
2838 3863 2917 3928 ὡς
2963 3860 3156 3931 ἀμνὸς
3202 3864 3483 3916 ἐναντίον
3514 3862 3622 3915 τοῦ
3654 3864 3771 3916 κεί-

2194 3970 2416 4022 ραντος
2467 3955 2653 4007 αὑτὸν
2708 3954 2945 4023 ἄφωνος
2969 3968 2982 3984 ⁸
3044 3954 3231 4020 οὕτως
3272 3957 3382 4008 οὐκ
3427 3954 3653 4023 ἀνοίγει
3704 3954 3773 4009 τὸ

2202 4048 2396 4115 στόμα
2432 4046 2640 4099 αὐτοῦ.
2701 4046 2802 4099 Ἐν
2850 4044 2924 4113 τῇ
2960 4044 3311 4099 ταπεινώσει
3352 4046 3540 4100 αὑτοῦ
3568 4046 3606 4113 ή
3652 4048 3777 4114 κρίθ-

2202 4155 2301 4205 σις
2334 4140 2523 4193 αὐτοῦ
2569 4135 2744 4207 ἤρθη.
2793 4135 2923 4193 Εἷτά
2960 4156 3124 4210 φησι’
3174 4138 3291 4207 Τὴν
3328 4139 3544 4207 γενεὰν
3586 4139 3773 4205 αὐτοῦ

2202 4230 2293 4293 τίς
2338 4226 2724 4297 omnicana;
2777 4228 2865 4280 ὅτι
2916 4228 3141 4296 αἴρεται
3182 4228 3299 4282 ἀπὸ
3347 4226 3459 4295 τῆς
3497 4226 3609 4296 γῆς
3655 4226 3775 4279 τῶν

2203 4317 2526 4387 ἀνθρώπων
2555 4319 2593 4385 ἠ
2625 4317 2735 4386 ζωὴ
2765 4318 2971 4373 αὑτοῦ.
3004 4319 3112 4371 Καὶ
3137 4319 3236 4371 οὐκ
3266 4314 3434 4381 εἶπεν,
3469 4319 3691 4385 αἱρεται
3732 4317 3771 4385 ἡ

2206 4409 2315 4477 ζωὴ
2378 4410 2589 4467 αὐτοῦ.
2645 4410 2798 4473 ἀλλὰ,
2856 4410 2973 4463 ἀπὸ
3032 4410 3375 4476 ἀνθρώπων.
3434 4411 3542 4462 Ἀεὶ
3590 4411 3697 4479 γὰρ
3745 4409 3777 4461 ὁ

522 4523 647 4564 sese
680 4517 883 4572 ament,
917 4507 1215 4577 impertiat,
1250 4522 1316 4560 ex
1355 4505 1672 4559 hominibus
1697 4513 1780 4559 est
1811 4504 1960 4558 illius
1987 4505 2093 4574 qui-

2204 4504 2374 4571 Λόγος
2408 4502 2516 4565 ζῶν
2546 4503 2827 4573 ὑπάρχων,
2884 4502 2977 4555 καὶ
3024 4501 3086 4553 τὸ
3114 4501 3211 4571 ζῇν
3262 4502 3347 4570 ἐφ’
3393 4501 3582 4555 ἑαυτοῦ
3613 4501 3771 4571 ἔχων,

596 4693 613 4722 ⁸
640 4689 840 4745 Jerem.
872 4704 1001 4752 xvn,
1035 4687 1091 4740 9.
1166 4690 1184 4720 ι
1218 4686 1406 4741 Matth.
1438 4702 1514 4749 ιι,
1545 4685 1642 4752 27;
1670 4685 1802 4739 Luci
1846 4702 1900 4746 ι,
1935 4685 2027 4740 22.

2197 4701 2262 4759 sa.
2287 4701 2402 4751 LIII,
2446 4687 2480 4740 5
2517 4700 2637 4757 sqq.

594 4846 708 4917 (7i)
748 4843 1168 4914 Προφασίζεται
1185 4842 1369 4917 getiam:
1383 4845 1413 4894 ὀ
1427 4843 1613 4917 τάλας
1631 4840 1932 4917 Θεόδοτος.
1952 4838 2099 4917 ere:-

523 4908 647 4971 miai
680 4908 830 4970 locus
856 4908 944 4969 ille.
970 4957 983 4977 ,
1005 4932 1163 4983 quem
1183 4911 1496 4967 Theodotus
1524 4910 1779 4965 afferebat
1798 4926 1907 4983 ,εξ
1959 4908 2097 4983 LXX

523 4988 809 5041 Seniorum
876 4980 1111 5040 editione
1178 4984 1529 5052 depromptus
1599 4990 1722 5036 est:
1782 4980 2097 5050 ’Ἄνθρωπός

521 5059 673 5121 ἐστι,
710 5058 805 5111 καὶ
851 5057 934 5119 τίς
984 5055 1254 5124 γνώσεται
1284 5052 1484 5117 adadv;
1522 5052 1785 5106 Hebraica
1823 5067 1925 5103 vox
1955 5060 2096 5124 ωυμ

521 5129 773 5197 ambigua
805 5121 1201 5196 signiﬁcatione
1221 5125 1583 5197 occasionem
1636 5121 2099 5197 interpretationis

521 5189 882 5258 illius'dedit',
928 5204 986 5249 ut
1019 5194 1401 5247 animadvertit
1435 5192 1653 5247 llieron.
1693 5189 1835 5244 Nam
1866 5194 1912 5243 si
1954 5192 2096 5257 lega-

520 5284 637 5321 mus
665 5264 827 5346 ιρἧδ,
870 5268 1032 5320 homo
1053 5265 1251 5318 dicitur
1274 5280 1291 5315 :
1320 5264 1367 5317 si
1404 5274 1578 5318 autem
1618 5263 1781 5346 uiusz,
1818 5262 2093 5315 inscruta-

518 5373 648 5440 bile,
679 5375 782 5427 sive
814 5371 1191 5443 desperabile;
1232 5388 1290 5426 eo
1328 5370 1475 5443 quod
1495 5368 1669 5423 nullus
1705 5384 1798 5443 cor
1825 5362 2092 5443 hominum

518 5438 691 5498 ualeat
739 5438 987 5497 invenire.
1044 5445 1113 5496 At
1170 5438 1348 5497 sancti
1402 5439 1506 5494 PP.
1563 5440 1897 5494 contrarium
1949 5438 2089 5504 ejus,

518 5514 665 5584 quod
715 5512 1028 5568 Theodotus
1086 5513 1389 5584 pugnabat,
1431 5512 1726 5584 exeodem
1767 5511 1886 5563 loco
1924 5508 2094 5584 ᾱεόιιτ

515 5576 652 5637 eunt
680 5601 693 5639 :
725 5584 1000 5638 Christum
1030 5576 1139 5637 non
1162 5576 1478 5650 simplicem
1511 5581 1784 5636 hominem
1818 5576 2088 5650 esse,_sed

518 5665 627 5705 una
665 5655 826 5708 etiam
876 5653 1085 5707 Deum:
1121 5653 1265 5721 quod
1288 5647 1674 5721 Hieronymus
1712 5665 1833 5721 non
1877 5647 2087 5716 probat.

516 5721 739 5789 Solent,
787 5725 1004 5793 inquit,
1034 5720 1250 5793 quidam
1284 5725 1484 5779 nostri.
1522 5720 1671 5775 ’bono
1708 5720 1917 5786 quidem
1948 5726 2085 5781 voto,

2203 4840 2291 4893 sed
2332 4857 2435 4894 non
2480 4842 2766 4893 secundum
2810 4842 3123 4902 scientiam,
3173 4842 3248 4893 uti
3291 4841 3386 4893 hoc
3440 4841 3552 4893 loco
3591 4850 3774 4895 contra

2201 4909 2419 4963 Juda’os
2435 4926 2463 4971 ,‘~
2481 4910 2617 4979 quod
2652 4910 2803 4963 ltomo
2847 4914 2913 4963 sit
2951 4911 3200 4964 Dominus
3243 4928 3418 4978 irque,
3455 4923 3608 4980 atque
3648 4912 3775 4963 Sat-

2204 4992 2373 5044 vator,
2433 4984 2716 5033 secundum
2768 4981 3210 5047 dispensationem
3240 4982 3415 5034 carnis
3450 4991 3771 5047 assumpta’;

2205 5052 2482 5120 nullusque
2530 5052 2694 5119 possit
2753 5053 3045 5104 nativitatis
3095 5051 3208 5120 ejus
3266 5054 3414 5120 scire
3447 5052 3771 5118 mysterium,

2204 5119 2488 5175 secundum
2525 5121 2660 5173 illud
2699 5122 2836 5190 quod
2883 5122 3137 5188 scriptum
3179 5128 3286 5174 est:
3332 5140 3350 5172 ‹
3378 5119 3774 5174 Generationem

2201 5193 2315 5258 ejus
2366 5194 2479 5255 quis
2512 5192 2828 5246 enarrabit?
2855 5210 2872 5242 ι
2920 5193 3021 5244 nisi
3057 5192 3199 5244 solus
3239 5190 3378 5245 Deus
3406 5232 3420 5257 ,
3453 5193 3541 5258 qui
3574 5208 3774 5243 arcana

2202 5263 2464 5331 rimatur,
2505 5274 2551 5313 et
2594 5261 2761 5313 reddit
2792 5262 3069 5331 unicuique
3108 5261 3391 5315 secundum
3449 5277 3605 5325 opera
3653 5277 3771 5331 sua.

2201 5330 2393 5385 Melius
2427 5342 2599 5384 autem
2634 5341 2730 5391 est,
2780 5341 2837 5383 ut
2882 5330 3191 5398 simpliciter
3245 5331 3569 5396 accipiamus
3592 5371 3606 5389 .
3635 5330 3772 5397 quod

2200 5403 2376 5456 nullus
2425 5406 2798 5471 cogitationum
2851 5412 3049 5454 secreta
3100 5411 3416 5468 cognoscat,
3472 5402 3579 5453 nisi
3629 5401 3772 5451 solus

2198 5471 2361 5525 Deus.
2394 5470 2518 5525 Haec
2548 5474 2670 5525 .ilie.
2704 5471 2785 5523 Ad
2833 5472 3079 5525 eumdem
3118 5486 3337 5524 sensum
3396 5472 3558 5524 refert
3608 5470 3770 5522 etiam

2199 5541 2615 5605 Theodoretus;
2663 5540 2866 5595 Tertui.
2913 5556 3037 5595 vero
3076 5538 3275 5595 Contra
3309 5532 3463 5601 Jud.,
3512 5554 3633 5607 eup.
3670 5538 3770 5603 M;

2197 5612 2502 5682 Cyprianus
2543 5610 2695 5666 Cont.
2732 5610 2886 5673 Jud.,
2929 5627 3047 5679 cap.
3083 5613 3147 5665 i0
3178 5628 3192 5675 ;
3255 5609 3508 5682 Lactant.
3550 5611 3661 5682 _|_ib.
3696 5625 3767 5668 tv.

2197 5678 2315 5751 cap.
2352 5682 2418 5736 15
2447 5699 2460 5746 ;
2493 5693 2545 5736 et
2580 5684 2668 5734 alii
2698 5722 2712 5742 ,
2759 5697 2897 5750 quos
2929 5678 3092 5735 tacito
3123 5681 3338 5735 nomine
3369 5690 3515 5733 notat
3550 5678 3770 5734 Hieron.

2198 5752 2263 5804 ad
2301 5752 2499 5808 Christi
2532 5751 2885 5806 divinitatem.
3539 5806 3543 5808 .
3641 5773 3650 5786 ·
