4176 6386
479 408 580 464 971

1885 408 1944 466 S.
1987 408 2328 467 EPIPIIANII

3662 415 3769 470 9'72

486 531 661 582 tmere
698 527 1039 594 videbantur,
1083 529 1184 586 hac
1224 531 1278 585 in
1307 530 1698 587 dissertatione
1726 534 2073 603 proposueri-

2191 535 2284 600 ξιν,
2332 535 2758 608 ὑπερθησόμεθα
2809 535 2949 589 κατὰ
2999 534 3060 589 τὸ
3109 533 3229 596 ἔθος
3279 533 3377 602 τῆς
3428 530 3769 596 ἀκολουθίας,

487 632 630 684 Inus,
689 621 754 675 ad
795 638 859 678 ea
911 641 1033 694 qua:
1077 625 1338 697 deinceps
1366 636 1676 698 sequuntur
1709 643 1862 682 more
1890 637 2081 683 nostro

489 715 872 781 transibimus,
915 727 1208 788 postquam
1265 719 1414 773 velut
1461 721 1736 790 serpentis
1789 719 2080 789 cujusdam

489 818 700 875 partem
761 807 938 863 adhuc
991 809 1344 878 palpitantem
1394 811 1642 866 veritatis
1693 828 1791 882 spe
1839 827 1903 866 ac
1955 811 2082 873 ﬁde,

491 897 636 948 velut
666 896 831 959 fuste,
878 903 1256 968 percussimus
1302 908 1465 970 atque
1501 902 1894 957 exstinximus.
1945 900 2082 956 Pro-

2184 628 2372 699 ὥσπερ
2401 645 2449 681 τι
2481 629 2645 698 μέρος
2675 629 2904 699 ἑρπετοῦ
2941 628 3017 680 ἔτι
3043 619 3499 697 σκαρίζοντος,τῇ
3523 624 3623 692 τῆς
3639 623 3772 692 ἀλη-

2187 719 2337 783 θείας
2358 720 2532 772 ἐλπίδι
2558 721 2651 773 καὶ
2681 722 2861 774 πίστει
2885 720 3210 782 πεπωκότες
3238 717 3331 771 καὶ¹
3352 714 3650 780 ἀνελόντες,
3672 715 3792 798 ἰτάς·δ

2188 811 2312 883 ἑξῆς
2347 813 2827 884 διασκοπήσωμεν,
2859 814 2952 867 καὶ
2988 810 3411 885 περιϐλέπεσθαι
3444 808 3544 872 τὰς
3572 809 3773 880 θηριω-

2187 906 2451 970 δεστάτας
2485 907 2724 978 αἱρέσεις
2761 907 3105 978 σπεύσωμεν.
3282 901 3287 906 ’

490 989 612 1040 inde
672 991 737 1043 ad
787 1002 1078 1061 sequentes
1120 994 1354 1049 htereses
1398 995 1702 1050 belluarum
1753 996 1806 1049 in
1844 994 2065 1050 modum
2095 997 2510 1056 eﬂeratissimas
2579 999 3030 1070 contetnplaudas
3098 996 3520 1066 tractandasque
3584 1005 3770 1064 prope-

491 1096 696 1136 τριιιιις.

761 1178 1042 1234 CONTRA
1081 1180 1792 1246 MELCHISEDECIANOS,

920 1269 1150 1324 lla'resis
1183 1270 1394 1325 XXXV
1436 1273 1512 1326 vel
1537 1271 1579 1324 L
1599 1271 1654 1327 V.

564 1361 607 1414 1.
659 1362 761 1428 Qui
804 1361 1327 1419 Melchisedecianos
1373 1365 1636 1434 appellari
1703 1380 1828 1420 sese
1862 1364 2072 1428 volunt,

497 1469 583 1512 ac.
611 1454 713 1508 nisi
767 1452 947 1520 fallor,
976 1469 1004 1506 a
1037 1453 1428 1510 Tlieodotianis
1469 1458 1642 1512 avulsi
1675 1467 1825 1523 sunt,
1860 1457 2078 1512 Melchi-

499 1547 755 1601 sedecum
802 1547 980 1609 illum,
1038 1547 1107 1601 de
1155 1563 1265 1618 quo
1299 1549 1352 1602 in
1407 1548 1714 1620 Scripturis
1745 1551 1951 1605 mentio
1999 1551 2078 1615 tit,

498 1652 624 1692 cum
686 1639 878 1707 primis
933 1639 1247 1701 celebrant,
1307 1649 1360 1695 et
1415 1643 1731 1712 praeclaram
1785 1642 2078 1710 quamdam

498 1745 622 1785 esse
658 1731 917 1785 virtutem
955 1731 1312 1785 arbitrantur.
1351 1731 1523 1798 Quem
1572 1734 1737 1787 etiam
1775 1735 1828 1787 in
1882 1749 2076 1803 supre-

2519 1182 2707 1237 ΚΑΤΑ
2748 1183 3433 1248 ΜΕΛΧΙΣΕΔΕΚΙΑΝΩΝ,

2712 1276 2853 1346 _AE",
2885 1274 2924 1341 ἠ
2961 1272 3061 1326 καὶ
3100 1275 3232 1327 NE'.

2237 1363 2314 1418 Ν.
2337 1362 2854 1436 Μελχισεδεκιανοὺς
2873 1361 3034 1419 πάλιν
3050 1365 3226 1436 ἕτεροι
3251 1366 3477 1428 ἑαυτοὺς
3497 1365 3662 1418 καλοῦ
3671 1383 3772 1432 σιν,

2183 1457 2626 1521 ἀποσπασθέντες
2656 1459 2794 1528 τάχα
2810 1459 2828 1528 (
2835 1455 2920 1527 75)
2945 1457 3052 1511 ἀπὸ
3076 1457 3184 1510 τῶν
3206 1456 3567 1510 Θεοδοτιανῶν
3589 1457 3776 1511 καλου-

2185 1549 2381 1618 μένων.
2426 1547 2584 1604 Οὗτοι
2615 1551 2703 1604 τὸν
2728 1551 3064 1621 Μελχισεδὲκ
3087 1551 3176 1604 τὸν
3203 1551 3259 1602 ἐν
3282 1553 3401 1612 ταῖς
3418 1550 3664 1620 Γραφαῐς
3685 1549 3776 1602 λε-

2181 1637 2410 1707 γόμενον
2451 1639 2730 1704 δοξάζουσι
2770 1640 3012 1711 μεγάλην
3061 1640 3180 1694 τινα
3237 1639 3483 1710 δύναμιν.
3527 1635 3682 1692 Εἶναι
3711 1640 3771 1692 δὲ

2182 1729 2344 1784 αὑτὸν
2373 1732 2483 1784 ἄνω
2512 1732 2570 1785 ὲν
2615 1733 3079 1800 ἀκατονομάστοις
3114 1733 3302 1794 τόποις
3338 1749 3351 1761 ⁸
3397 1732 3490 1785 καὶ
3525 1733 3600 1795 ὡς
3632 1728 3772 1785 εἶναι

499 1823 606 1878 mis
639 1831 804 1893 atque
840 1824 1319 1894 iuexplicabilibus
1342 1825 1476 1880 locis
1500 1826 1862 1880 constitmmt.
1895 1825 2079 1896 Neque

2191 1820 2370 1874 τοῦτον
2405 1823 2465 1874 ού
2496 1822 2660 1893 μόνον
2701 1822 2927 1893 δύναμίν
2973 1841 3114 1885 τινα,
3151 1823 3287 1875 ἀλλά
3339 1823 3431 1876 καὶ
3462 1824 3776 1894 μειζὸτερον

500 1917 677 1972 solum
718 1917 974 1971 virtutem
1008 1917 1158 1971 illum
1191 1932 1313 1972 esse
1345 1918 1638 1988 quamdam
1673 1927 1948 1978 asserunt,
1987 1918 2082 1972 sed

501 2009 622 2077 ipso
639 2009 802 2062 etiam
821 2007 1040 2064 Christo
1063 2008 1325 2078 majorem
1355 2024 1478 2064 esse
1505 2009 1778 2063 dictitant.
1800 2011 2081 2063 Christum

507 2109 641 2147 vero
711 2094 1034 2164 simpliciter
1085 2093 1395 2156 advenisse,
1465 2102 1630 2164 atque
1691 2095 1837 2147 illius
1896 2095 2086 2148 ordine

503 2188 788 2258 diguatum
843 2205 965 2243 esse
1018 2197 1264 2254 narrant,
1307 2204 1374 2243 ex
1417 2189 1510 2243 illo
1558 2188 1811 2242 videlicet
1869 2186 2087 2241 Davidis

502 2279 651 2332 dicto
688 2298 698 2332 :
739 2277 816 2331 Tu
849 2296 902 2332 es
938 2278 1186 2333 sacerdos
1230 2281 1283 2331 in
1315 2288 1571 2333 wternum
1619 2278 1905 2332 secundum
1939 2276 2088 2330 ordi-

503 2386 620 2424 nem
670 2369 1053 2424 Melchisedech
1079 2373 1118 2424 ί.
1178 2370 1361 2436 Quare
1393 2369 1790 2425 Melchisedeco
1814 2370 2084 2440 dignitate

511 2465 584 2518 sit
613 2462 860 2518 inferior.
894 2463 1010 2518 Nisi
1043 2465 1188 2518 enim
1221 2463 1521 2517 secundum
1544 2463 1614 2516 ab
1641 2477 1711 2517 eo
1735 2463 2089 2517 existimatio-

504 2557 592 2612 nis
625 2557 806 2611 locum
851 2555 1099 2619 haberet,
1156 2571 1502 2626 nequaquam
1545 2555 1736 2610 ordine
1776 2555 1923 2608 illius
1946 2554 2088 2608 indi-

503 2655 674 2716 geret.
707 2646 824 2700 Jam
861 2647 928 2702 de
965 2647 1158 2702 eodem
1189 2647 1280 2700 illo
1306 2645 1705 2702 Melchisedeco
1731 2645 1935 2705 ferunt.
1969 2648 2087 2701 sine

503 2745 681 2792 matre
710 2739 885 2803 illum,
911 2754 973 2792 ac
998 2746 1174 2808 patre,
1197 2744 1252 2791 et
1279 2737 1600 2808 genealogia
1629 2736 1804 2793 fuisse
1827 2739 1846 2768 ³
1877 2756 1889 2790 :
1925 2737 2089 2806 idque

503 2847 569 2885 ex
602 2831 756 2885 Pauli
787 2831 851 2885 ad
885 2830 1145 2886 Hebrteos
1192 2829 1435 2900 Epistola
1479 2829 1753 2884 ailirmare
1791 2837 2086 2884 conantur.

505 2922 772 2978 Praeterea
803 2923 1214 2976 commentitios
1245 2920 1513 2991 quosdam
1544 2920 1713 2976 libros
1736 2935 1800 2974 ac
1827 2919 2090 2976 conﬁctos

507 3014 733 3078 habent,
759 3015 960 3085 quibus
988 3013 1352 3082 sibimetipsis
1389 3013 1645 3067 illudunt.

576 3105 778 3161 Verum
821 3123 885 3160 ex
931 3107 1067 3178 ipsis
1104 3106 1406 3178 Scripturae
1437 3105 1621 3160 verbis
1651 3103 1810 3160 facile
1839 3115 1923 3162 est
1956 3105 2086 3161 isto-

508 3214 628 3252 rum
674 3213 918 3252 errorem
951 3198 1307 3254 convincere.
1335 3194 1491 3262 Quod
1525 3194 1671 3249 enim
1699 3193 1766 3249 de
1797 3193 2026 3249 Domino
2059 3211 2090 3249 a

505 3289 711 3343 Davide
747 3288 1170 3358 pronuntiatum
1231 3295 1335 3351 est,
1387 3298 1514 3338 cum
1554 3282 1897 3338 sacerdotem
1939 3282 2090 3336 illum

506 3381 809 3436 secundum
869 3377 1116 3434 ordinem
1146 3375 1505 3431 Melcltisedec
1536 3373 1652 3428 fore
1677 3372 1954 3442 praedixit,
1983 3389 2091 3428 una

505 3481 560 3524 et
579 3469 782 3524 Christi
816 3467 1187 3523 sacerdotium
1230 3465 1421 3519 iisdem
1456 3473 1540 3518 est
1570 3463 1678 3517 illis
1713 3463 1932 3518 Litteris
1956 3480 2092 3518 con-

508 3564 802 3634 signatum.
838 3562 912 3613 Ac
943 3560 1128 3614 statim
1178 3558 1312 3611 illud
1352 3573 1381 3610 a
1422 3556 1550 3609 divo
1583 3553 1752 3608 Paulo
1784 3554 2091 3624 subjectum

510 3657 748 3725 legitur:
779 3651 1126 3706 Assimilatus
1197 3646 1337 3701 Filio
1383 3646 1480 3699 Dei
1532 3654 1706 3700 manet
1748 3643 1995 3698 sacerdos
2037 3647 2092 3696 in

507 3745 851 3814 perpetuumll
926 3741 1046 3795 Jam
1090 3756 1220 3793 vero
1265 3738 1309 3792 si
1357 3736 1448 3790 Dei
1503 3735 1641 3789 Filio
1700 3733 2093 3790 Melchisedech

511 3839 872 3898 assimilatur,
926 3833 1158 3904 aequalis
1195 3831 1374 3885 eidem
1413 3844 1536 3884 esse
1573 3845 1679 3882 non
1713 3836 1913 3898 p0test.
1945 3827 2091 3892 Quo-

511 3931 676 3984 modo
726 3929 868 3982 enim
919 3941 1111 3980 servus
1167 3923 1397 3975 Domino
1451 3937 1576 3976 esse
1626 3922 1800 3991 possit
1835 3920 2095 3990 aequalis?

507 4023 644 4076 Nam
699 4018 1059 4074 Melchisedec
1111 4017 1272 4069 homo
1317 4014 1504 4082 utique
1568 4011 1690 4066 fuit.
1748 4012 1927 4067 Patris
1968 4028 2096 4067 vero

512 4128 576 4167 ac
611 4115 802 4166 matris
833 4125 1030 4179 expers
1076 4107 1298 4166 dicitur,
1343 4119 1449 4158 nou
1496 4103 1641 4173 quod
1681 4104 1947 4157 ambobus
1987 4104 2096 4157 illis

511 4206 791 4265 caruerit,
847 4203 938 4256 sed
989 4201 1142 4271 quod"
1193 4197 1343 4252 nulla
1395 4197 1466 4250 sit
1509 4197 1736 4250 illorum
1791 4197 1843 4249 in
1895 4196 2095 4252 divinis

513 4298 738 4352 Litteris
788 4310 1048 4365 expressa
1123 4291 1344 4345 mentio.
1421 4289 1566 4344 Sane
1618 4304 1780 4359 quam
1832 4289 2096 4359 plurimos

516 4391 930 4460 Scripturarum
967 4385 1242 4457 profunda
1297 4384 1642 4452 illustriaque
1675 4380 1844 4454 5.69
1871 4398 2099 4452 qumque

2158 1911 2278 1992 ,τοῦ
2324 1911 2561 1981 Χριστοῦ
2605 1913 2896 1982 φάσκουσι.
2948 1911 3267 1982 Χριστὸνιδὲ
3298 1910 3556 1983 ἡγοῦνται
3587 1912 3775 1977 ἁπλῶς

2188 2002 2514 2073 ἐληλυθότα,
2570 2005 2664 2056 καὶ
2705 2002 3108 2069 καταξιωθέντα
3138 2003 3239 2072 τῆς
3285 2002 3495 2055 ἑκείνου
3541 2003 3770 2067 τάξεως,

2187 2094 2346 2162 δῆθεν
2373 2095 2436 2146 ὲκ
2461 2093 2555 2147 τοῦ
2587 2095 2752 2165 ῥητοῦ
2789 2095 2882 2148 τοῦ
2910 2096 3195 2166 εἰρημένου
3223 2111 3234 2122 ·
3273 2095 3356 2147 Σὺ
3395 2089 3454 2146 εἴ
3477 2084 3664 2162 ἱερεὺς
3684 2096 3774 2160 εἱς

2187 2187 2294 2239 τὸν
2329 2185 2514 2243 αἰῶνα
2551 2191 2698 2240 κατὰ
2730 2187 2842 2254 τὴν
2871 2187 3043 2250 τάξιν
3071 2186 3477 2255 Μελχισεδέκ·
3508 2187 3582 2248 ὡς
3608 2182 3768 2248 εἶναι,

2189 2279 2372 2348 φησὶν,
2403 2279 2563 2331 αὑτὸν
2612 2279 2689 2332 ἑτι
2727 2279 3112 2350 ὑποδεέστερον
3160 2279 3254 2331 τοῦ
3297 2278 3649 2348 Μελχισεδέκ.
3706 2279 3772 2331 Εἰ

2193 2369 2267 2440 νὴ
2293 2370 2402 2440 γὰρ
2432 2365 2500 2439 ἦν
2544 2372 2600 2422 ἐν
2644 2371 2871 2441 δευτέρᾳ
2899 2372 3006 2423 τινὶ
3046 2373 3235 2441 ἀγωγῇ
3270 2374 3540 2442 κείμενος,
3571 2373 3666 2424 οὐκ
3703 2370 3772 2424 ἂν

2189 2460 2289 2530 τῆς
2313 2462 2518 2514 ἐκείνου
2542 2463 2746 2527 τάξεως
2775 2463 3023 2516 ὲπεδέετο
3073 2463 3207 2532 Περὶ
3235 2462 3398 2515 αὑτοῦ
3428 2462 3486 2514 δὲ
3511 2461 3602 2515 τοῦ
3624 2461 3771 2516 Μελ-

2190 2553 2420 2624 χισεδὲκ,
2459 2556 2641 2622 φασὶν,
2674 2556 2756 2608 ὅτι
2809 2556 3061 2624 ἀμήτωρ,
3095 2555 3322 2625 ἀπάτωρ
3357 2553 3491 2622 (74),
3542 2556 3770 2622 ἀγενεα-

2191 2643 2436 2714 λόγητος,
2467 2647 2530 2698 ὲκ
2555 2645 2657 2714 τῆς
2691 2645 2826 2715 πρὸς
2843 2644 3127 2716 Ἐϐραίους
3155 2645 3248 2698 τοῦ
3279 2645 3490 2698 Παύλου
3522 2647 3774 2700 Ἐπιστο-

2191 2734 2288 2805 λῆς
2325 2739 2592 2807 παριστᾷν
2627 2737 2963 2807 βουλόμενοι.
3008 2737 3306 2790 Πλάττουσι
3339 2739 3394 2792 δὲ
3433 2741 3642 2805 ἑαυτοῖς
3670 2743 3768 2796 καὶ

2193 2831 2407 2900 βίϐλους
2439 2832 2826 2895 ἐπιπλάστους,
2858 2833 3084 2894 ἑαυτοὺς
3113 2832 3431 2895 ἀπατῶντες

2275 3097 2366 3162 Ἐξ
2388 3097 2564 3151 αὐτῶν
2580 3098 2636 3150 δὲ
2659 3097 2766 3150 τῶν
2791 3095 2970 3167 ῥητῶν
2992 3097 3024 3166 ἡ
3046 3095 3224 3150 αὐτῶν
3247 3093 3524 3164 ἀνατροπὴ
3545 3093 3772 3162 γίνεται.

2118 3162 2164 3224 c
2207 3191 2293 3254 Ὦς
2322 3191 2430 3262 γὰρ
2449 3189 2596 3258 λέγει
2625 3190 2755 3262 περὶ
2785 3162 2878 3243 τού
2909 3162 3115 3262 Κυρίου
3147 3191 3176 3244 ὁ
3207 3162 3397 3251 Δαὸὶδ,
3419 3185 3778 3258 προφητεύων

2194 3283 2336 3338 κατά
2352 3284 2449 3353 τὴν
2471 3283 2621 3348 τάξιν
2651 3281 2981 3352 Μελχισεδὲκ
3013 3283 3160 3353 ἱερέα
3191 3280 3352 3334 αὐτὸν
3383 3279 3771 3344 καθίστασθαι,

2195 3379 2252 3429 ὲν
2276 3376 2459 3446 ταυτῷ
2495 3374 2712 3427 ἔσεσθαι
2741 3373 2832 3426 τὸν
2859 3374 3092 3444 Χριστὸν
3129 3375 3276 3445 ἱερέα
3303 3372 3566 3442 διηγεῖται
3597 3373 3629 3442 ὴ
3657 3366 3780 3425 θεία

2196 3470 2404 3540 Γραφή.
2433 3468 2761 3538 Εὑρίσκεται
2787 3467 2842 3520 δὲ
2865 3466 3024 3528 εὐθὺς
3041 3467 3238 3536 λέγων·
3281 3467 3783 3534 Ἀφομοιούμενος

2195 3562 2274 3628 τῷ
2306 3559 2415 3626 Υὶῷ
2447 3561 2553 3613 τοῦ
2575 3558 2744 3624 Θεοῦ,
2765 3558 2933 3628 μένει
2955 3560 3144 3628 ἱερεὺς
3177 3563 3262 3625 εὶς
3293 3558 3357 3611 τὸ
3386 3558 3677 3624 διηνεκές.
3715 3559 3782 3611 Et

2194 3653 2250 3708 δὲ
2281 3653 2642 3723 ἁφομοιοῦται
2677 3650 2754 3722 τῷ
2782 3651 2898 3721 Υίῷ
2945 3652 3036 3704 τοῦ
3062 3651 3217 3716 Θεοῦ,
3254 3651 3352 3704 οὐκ
3381 3651 3492 3713 ἴσος
3522 3650 3782 3719 τυγχάνει

2196 3745 2272 3816 τῷ
2306 3744 2420 3814 Υἱῷ
2454 3744 2546 3796 τοῦ
2586 3742 2748 3799 Θεοῦ,
2783 3743 2908 3806 Πῶς
2940 3745 3047 3815 γάρ
3083 3744 3302 3796 δύναται
3338 3742 3398 3795 τὺ
3423 3742 3606 3795 δοῦλον
3640 3737 3784 3793 εἶναι

2200 3835 2310 3888 ἴσον
2332 3834 2410 3904 τῷ
2441 3833 2687 3904 Δεσπότῃ
2713 3850 2726 3896 ;
2771 3833 2827 3884 Ὀ
2866 3833 2963 3903 μὲν
2992 3835 3098 3905 γὰρ
3128 3833 3458 3904 Μελχισεδὲκ
3497 3832 3785 3903 ἄνθρωπος

2195 3924 2283 3998 ἦν.
2319 3928 2391 3980 Τὸ
2423 3926 2479 3978 δὲ
2508 3926 2758 3994 ἀπάτωρ,
2787 3926 3042 3996 ἀμήτωρ,
3065 3926 3124 3978 ού
3148 3925 3235 3978 διὰ
3264 3926 3323 3978 τὸ
3353 3925 3426 3996 μὴ
3457 3921 3787 3995 ἑχειναύτὸν

2198 4018 2432 4088 πατέρα,
2472 4017 2504 4088 ἢ
2541 4016 2770 4088 μητέρα,
2795 4016 2929 4070 ἀλλὰ
2960 4017 3050 4070 διὰ
3072 4017 3130 4069 τὸ
3163 4017 3235 4088 μὴ
3265 4019 3322 4070 ἐν
3344 4021 3407 4088 τῇ
3440 4016 3559 4088 θεία
3589 4017 3784 4086 Γραφῇ

2200 4109 2338 4162 κατὰ
2383 4110 2444 4162 τὸ
2495 4105 2876 4180 φανερώτατον
2933 4109 3342 4180 ἐπωνομάσθαι.
3391 4109 3626 4173 Πολλοὺς
3673 4108 3787 4179 γὰρ

2198 4200 2556 4268 ἐφαντασίασε
2589 4200 2656 4252 τὰ
2689 4200 2967 4270 βαθύτατα
2995 4201 3095 4271 τῆς
3126 4201 3276 4266 θείας
3309 4203 3554 4274 Γραφῆς,
3582 4203 3678 4256 καὶ
3700 4202 3790 4255 ἔν-

2196 4290 2342 4355 δοξα,
2379 4291 2471 4344 καὶ
2499 4288 2864 4362 ὑπεραίροντα
2889 4293 3126 4347 διάνοιαν
3156 4294 3510 4365 ἀνθρωπίνης
3542 4295 3782 4363 φύσεως.

2198 4384 2259 4435 Οἱ
2297 4383 2395 4454 μὲν
2420 4383 2529 4454 γὰρ
2585 4385 2642 4436 ἑν
2673 4386 2738 4455 τῇ
2781 4385 3008 4456 Ἀραϐίᾳ
3037 4389 3103 4457 τῇ
3132 4387 3414 4457 Πετραίων
3455 4387 3692 4459 Ῥωκώμ
3720 4405 3784 4442 τε

513 4485 767 4539 humana:
811 4488 1019 4535 natura:
1059 4485 1292 4532 mentem
1336 4490 1552 4529 omnem
1600 4489 1664 4528 ac
1709 4475 2089 4546 cogitationem

2200 4475 2296 4528 καὶ
2331 4473 2509 4546 Ἐδὼμ
2544 4476 2854 4548 καλουμένῃ
2891 4477 2982 4530 τὸν
3005 4479 3244 4532 Μωῡσέα
3277 4479 3364 4532 διὰ
3394 4478 3460 4532 τὰ
3487 4480 3786 4551 θεοσήμεια

513 4581 797 4646 superant,
846 4573 903 4626 in
951 4584 1193 4626 errorem
1234 4567 1596 4622 adduxerunt.
1637 4565 1920 4636 Siquidem
1959 4567 2090 4620 Ara-

515 4667 618 4722 biae
651 4665 871 4718 Petraea:
910 4661 1124 4726 incolat,
1170 4673 1291 4729 quae
1323 4659 1474 4728 regio
1539 4657 1779 4710 Rochom
1835 4665 1888 4710 ct
1924 4656 2092 4711 Etlom

514 4757 847 4827 appellatur,
887 4752 1148 4822 Moysem,
1184 4759 1406 4819 propter
1433 4748 1576 4802 edita
1609 4748 1677 4801 ab
1704 4748 1794 4801 illo
1820 4748 2088 4819 prodigia,

514 4866 614 4921 pro
661 4847 771 4902 Deo
825 4850 1176 4906 venerantur,
1227 4851 1281 4895 et
1327 4839 1446 4909 ejus
1488 4841 1785 4912 imaginem
1820 4839 2088 4908 adorant;

603 4966 618 4995 ¹
651 4960 795 5016 Psal.
824 4956 1015 5021 emit.
1078 4958 1098 4986 ‘
1129 4953 1292 5008 Hebr.
1335 4969 1432 5017 vn,
1469 4955 1522 5008 '5.
1591 4953 1610 4983 ³
1646 4951 1776 5008 ibid.

608 5077 697 5147 75)
730 5071 1246 5147 Ἀποσπασθέντες
1283 5068 1452 5137 τάχα.
1504 5071 1546 5120 Α
1569 5067 2097 5147 _:I‘heodotianis_or-

517 5137 605 5207 tos
627 5137 750 5205 esse
785 5143 1299 5199 Melchisedecianos
1346 5148 1530 5194 censet
1565 5140 1918 5208 Epiphanius.
1959 5137 2094 5192 Ter-

517 5224 632 5278 tull.
667 5233 797 5272 vero
828 5217 924 5268 lib.
973 5213 1048 5267 De
1087 5212 1404 5279 prwscript.,
1447 5226 1569 5280 cap.
1605 5209 1694 5272 55,
1716 5209 1891 5280 etiam
1929 5209 2099 5263 Theo-

515 5295 702 5347 dotum
744 5295 905 5343 secta:
955 5284 1117 5351 hujus
1161 5290 1438 5334 auctorem
1468 5279 1773 5333 constituit.
1808 5294 1916 5351 non
1947 5280 2096 5348 prio-

517 5381 628 5418 rem
663 5362 834 5413 illum.
867 5364 917 5407 et
947 5349 1282 5423 Byiantium,
1316 5351 1407 5405 sed
1445 5349 2098 5423 31[ριἰιιιιέμιθπιάργ-υρ-

518 5431 742 5488 αμοιϐὸν
777 5419 1153 5479 Tlieodot'etus
1215 5422 1383 5476 fuisse
1431 5429 1636 5474 narrat.
1697 5419 1961 5473 Eusebius
2000 5420 2092 5473 lib.

516 5483 717 5570 mp.
748 5499 837 5562 27.
871 5495 1133 5570 τιυριριιοη
1175 5493 1403 5570 Certe“
1452 5491 1775 5569 discipulum
1807 5489 2094 5570 "Mm-“am

519 5559 912 5627 cottttitentorat
935 5565 1271 5618 Theodotum
1316 5559 1677 5629 Tt'apt-zitam,
1714 5574 1742 5610 a
1784 5575 1891 5628 quo
1936 5559 2095 5612 dece-

516 5653 643 5711 ptus
699 5639 904 5711 N:tt:_tlis
957 5637 1239 5711 confessor
1284 5633 1478 5711 insigni
1514 5630 1795 5711 inira-culo
1848 5629 2096 5711 Lesipuit,

519 5699 679 5780 cujus
708 5721 761 5780 et
793 5707 1166 5780 Theodot'ctus
1208 5699 1472 5780 meminit.
1514 5700 1617 5780 llic_
1658 5699 2098 5780 igitur'Tb-eodof

520 5770 610 5834 tus
656 5779 722 5832 ad
781 5777 1026 5842 magistri
1086 5774 1169 5827 sui
1223 5772 1554 5839 impietatem
1606 5770 1709 5823 hoc
1761 5770 1990 5836 adjecit,
2041 5778 2098 5822 ut

519 5849 739 5904 Christo
803 5846 1027 5901 Domino
1081 5842 1527 5896 Melchisedecum
1595 5849 1980 5909 anteponeret,
2037 5848 2096 5892 ut

2200 4565 2332 4618 Θεὸν
2357 4564 2655 4636 νομίζουσι,
2684 4567 3050 4635 προσκυνούσί
3079 4585 3139 4621 τε
3170 4569 3268 4640 τὴν
3289 4569 3452 4622 αὑτοῦ
3485 4570 3690 4635 εἰκόνα,
3715 4572 3785 4640 ἦν

2202 4659 2689 4730 ἀνατυπωσάμενοι
2713 4661 3176 4731 ἀπεπλανήθησαν
3196 4680 3207 4691 ·
3243 4663 3301 4714 ού
3325 4662 3418 4715 τοῦ
3449 4663 3658 4716 δικαίου
3682 4665 3784 4718 αὑ-

2191 4753 2303 4814 τοῖς
2335 4752 2504 4804 αἰτίου
2555 4754 2871 4824 γενομένου,
2913 4752 3047 4806 ἀλλά
3087 4753 3185 4820 τῆς
3224 4753 3433 4824 πλάνης
3476 4755 3657 4818 αὐτοῖς
3694 4754 3786 4809 διὰ

2192 4843 2284 4897 τοῦ
2313 4843 2522 4897 δικαίου
2546 4847 2602 4900 ἑν
2623 4847 2688 4916 τῇ
2708 4845 2902 4916 ἀγνοίᾳ
2920 4844 3218 4914 φαντασίαν
3252 4845 3576 4916 πράγματος
3596 4847 3788 4910 αὐτοῖς

2207 5066 2398 5122 scribit
2412 5064 3181 5122 Tertullianus.T|teodorelus
3200 5081 3326 5119 γε·το
3340 5065 3697 5122 Melchisedec
3715 5085 3785 5124 ex

2205 5139 2350 5210 illius
2375 5138 2646 5210 sententia
2677 5137 3167 5210 δύναμίνᾲτιναίκαξι
3199 5136 3367 5210 θείαν,
3397 5137 3490 5189 καὶ
3520 5138 3786 5210 μεγίστην

2203 5208 2479 5278 exstitisse
2524 5207 2644 5260 κατ’
2679 5208 2865 5260 εἰκόνα
2905 5207 2962 5260 δὲ
3009 5207 3172 5278 attito-3
3225 5207 3316 5258 τὸν
3355 5209 3588 5278 Χριστὸν
3625 5207 3787 5278 γεγέ-

2203 5277 2414 5349 νῆσθαι.
2460 5278 2532 5349 At
2578 5278 2914 5347 Augustinus
2947 5287 3000 5332 et
3041 5277 3368 5331 Philastrius
3398 5277 3603 5331 nullum
3649 5280 3784 5334 Mel-

2202 5347 2594 5420 cliisedecianis
2641 5365 2881 5404 errorem
2932 5350 3096 5420 alium
3147 5349 3431 5412 tribtmnt,
3485 5350 3587 5420 nisi
3633 5353 3782 5420 quod

2203 5419 2474 5473 hominem
2530 5434 2652 5473 esse
2691 5419 3040 5488 negaverint,
3097 5421 3188 5473 sed
3225 5420 3479 5472 virtutem
3525 5419 3615 5473 Dei
3655 5419 3786 5477 esse

2201 5490 2512 5543 statuerint.
2549 5489 2677 5544 Vide
2710 5489 2999 5558 Epistolam
3023 5488 3185 5558 illier.
3218 5489 3341 5551 i26,
3369 5489 3438 5540 ad
3472 5489 3779 5558 Evagrium.

2271 5559 2384 5630 (74)
2424 5558 2693 5628 Ἀμήτωρ.
2721 5557 2980 5626 ἀπάτωρ.
3019 5557 3306 5629 Perperam
3342 5557 3786 5629 Erasmusiguoti

2196 5632 2363 5697 patris
2389 5647 2450 5682 ac
2489 5632 2712 5693 matris;
2741 5645 2846 5698 qua
2874 5630 3070 5684 stolida
3106 5632 3550 5700 interpretatione
3577 5642 3784 5701 myste-

2198 5701 2338 5753 rium
2375 5715 2536 5754 omne
2565 5701 2804 5771 sustulit,
2832 5701 2975 5771 quod
3015 5702 3070 5756 in
3104 5701 3294 5756 barum
3340 5702 3562 5760 notione
3592 5717 3782 5756 verum

2197 5771 2489 5840 Apostolus
2517 5770 2820 5826 constituit.
