4176 6386
447 415 557 477 973
1125 413 1494 475 ADVERSUS
1534 413 1878 478 lUERESES
1910 419 2023 477 "LIB

2128 464 2152 478 ..
2199 412 2365 479 TUM.
2407 423 2450 478 1.
2491 454 2560 462 -
2601 421 2878 477 ΙΙᾹΞΗΕΞ.
2921 417 3030 476 LV.
3605 421 3711 478 974

450 529 790 603 συναγούσης
810 549 822 562 ·
849 532 906 585 ἐν
930 529 988 583 δὲ
1009 533 1074 602 τῇ
1098 530 1340 604 Σεϐαστῇ
1367 537 1434 606 τῇ
1460 541 1590 586 ποτε
1625 535 1905 608 Σαμαρείᾳ
1934 556 2023 590 κα-

2137 555 2252 611 qua
2303 538 2502 599 cllicta,
2556 539 2610 592 in
2665 553 2906 592 errorem
2953 536 3161 606 delapsi
3205 543 3350 591 sunt.
3382 534 3554 605 Cujus
3588 539 3715 607 qui-

449 625 706 696 λουμένῃ,
751 624 850 696 τὴν
885 623 1161 693 Θυγατέρα
1214 624 1423 693 Ἰεφθάε
1466 625 1903 698 θεοποιήσαντες,
1957 629 2014 682 ἔτ

2142 632 2268 686 dem
2308 646 2531 686 causam
2565 646 2674 684 non
2707 632 2791 685 vir
2819 631 2908 686 ille
2935 630 3119 698 justus
3158 630 3423 694 sustinet;
3474 633 3567 684 sed
3617 630 3715 684 ho-

445 717 650 788 ταύτην
666 715 885 786 τελετὴν
901 714 1020 768 κατ’
1036 714 1153 776 ἔτος
1168 715 1281 785 (75)
1298 715 1540 783 ἄγουσιν.
1559 717 1746 781 Οὕτως
1762 719 1856 772 καὶ
1868 713 2023 786 οὗτοιἶ

2138 742 2258 780 rum
2314 724 2583 778 dementia
2639 724 2857 792 potius,
2907 738 3028 793 quae
3076 723 3224 777 illius
3275 724 3564 778 occasione
3597 723 3714 776 vcri

446 808 737 872 ἀκούοντες
777 807 846 861 τὰ
888 805 1029 876 σοφὰ
1061 808 1155 860 καὶ
1187 806 1371 872 ἔνδοξα
1408 810 1506 879 τῆς
1535 811 1759 881 Γραφῆς
1792 813 2023 883 ῥήματα,

2143 816 2457 886 Opinionem
2486 814 2728 871 numinis
2771 830 2865 883 per
2898 815 3259 884 ignorantiam
3289 814 3570 868 excitavit.
3614 813 3713 867 Sc-

445 903 527 964 είς
555 899 814 971 ἀνοησίαν
859 899 1176 971 ἐξέτρεψαν,
1204 901 1300 952 καὶ
1343 903 1424 964 εἰς
1460 901 1767 973 ὑπέρογκον
1796 904 2023 960 διάνοιαη

2138 907 2293 962 haste
2355 920 2504 966 vero,
2536 920 2656 975 quae
2683 906 2812 959 olim
2848 905 3092 960 Samaria
3130 906 3438 969 dicebatur,
3468 904 3715 975 Jephthae

445 991 728 1062 ἀρθέντες,
761 990 858 1062 τὴν
888 989 1006 1044 ὁδὸν
1041 992 1138 1062 τῆς
1170 991 1432 1062 ἀληθείας
1463 994 1782 1058 κατέλιπον,
1811 997 1904 1049 καὶ
1935 998 2023 1067 μύ·

2145 998 2306 1052 liliam
2348 996 2552 1051 divinis
2607 997 2912 1051 honoribus
2969 1006 3405 1060 consecrarunt;
3452 999 3504 1050 in
3556 997 3715 1066 cujus

443 1083 567 1148 Coa;
593 1086 804 1146 ἑαυτοῖς
835 1083 1191 1154 πλασάμενοι,
1220 1083 1364 1138 κατὰ
1385 1085 1565 1139 πάντα
1589 1086 2023 1159 ἐλεγχθήσονται.

2143 1088 2464 1142 memoriam
2514 1085 2757 1140 solemne
2801 1086 3097 1154 quotannis
3156 1085 3356 1140 festum
3413 1086 3713 1139 celebrant.

447 1171 536 1229 Sic
583 1175 825 1231 haeretici
853 1176 967 1241 isti,
996 1190 1121 1231 cum
1158 1177 1441 1245 sapientiae
1478 1192 1544 1232 ac
1572 1178 1859 1249 dignitatis
1916 1182 2112 1252 plenas
2173 1179 2475 1250 Scriptura:
2535 1193 2698 1233 voces
2729 1178 3055 1241 audiissent,
3124 1179 3190 1232 ad
3255 1177 3562 1232 vecordiam
3607 1187 3715 1230 tra-

445 1266 598 1323 ducti
630 1277 805 1326 sunt:
862 1285 926 1326 ac
974 1278 1158 1325 mente
1211 1271 1540 1329 insolentius
1588 1273 1716 1328 elati
1777 1277 2030 1332 veritatis
2069 1278 2212 1332 viam
2243 1276 2680 1346 dereliquerunt,
2719 1275 2966 1344 adeoque
3001 1275 3137 1329 nihil
3201 1275 3323 1328 illos
3380 1275 3483 1328 sibi
3525 1283 3716 1343 praeter

446 1358 661 1417 fabulas
691 1360 918 1418 ﬁnxisse
953 1363 1273 1433 planissime
1301 1364 1717 1421 convincemus.

507 1458 582 1511 B'.
602 1458 712 1510 Καὶ
723 1459 831 1529 γὰρ
845 1459 997 1529 παρὰ
1010 1473 1119 1511 τισι
1137 1457 1228 1510 τοῦ
1246 1459 1582 1529 Μελχισεδὲκ
1596 1461 1704 1531 (76)
1721 1463 1749 1512 ὁ
1772 1463 1954 1532 πατήρ
1970 1471 2030 1514 τε

444 1549 540 1604 καὶ
566 1551 598 1620 ἡ
632 1550 812 1620 μήτηρ
841 1551 1141 1620 ἐμφέρεται
1170 1566 1182 1578 ·
1212 1553 1312 1604 οὐκ
1331 1549 1443 1621 ἔχει
1470 1551 1526 1604 δὲ
1557 1555 1699 1606 κατὰ
1729 1555 1826 1616 τὰς
1860 1554 2029 1624 ῥητὰς

445 1641 484 1693 Γ
489 1640 667 1713 ραφὰς
715 1643 810 1694 καὶ
843 1641 1199 1705 ὲνδιαθέτους.
1263 1639 1430 1696 Εἶπον
1470 1643 1528 1696 δέ
1571 1662 1714 1708 τινες
1753 1647 2030 1716 Ἠρακλᾶν

443 1730 724 1784 καλεῖσθαι
762 1731 925 1784 αὐτοῦ
969 1731 1196 1801 πατέρα,
1239 1731 1451 1801 μητέρα
1493 1732 1551 1784 δὲ
1595 1733 1895 1804 Ἀσταρὼθ,
1929 1736 2029 1806 τὴν

444 1820 538 1873 καὶ
572 1821 874 1892 Ἀστερίαν.
910 1816 1015 1873 Ἦν
1032 1821 1087 1872 δὲ
1113 1815 1268 1882 οὗτος
1286 1821 1402 1883 υίὸς
1425 1821 1534 1874 τῶν
1560 1823 1888 1894 ἐπιχωρίων,
1910 1828 2029 1878 κατ’

445 1913 620 1964 ἐκεῖνο
665 1911 858 1982 καιροῦ
909 1914 966 1964 ἐν
1013 1913 1078 1981 τῇ
1121 1911 1219 1980 τῆς
1255 1911 1434 1982 Σαϐῆς
1475 1913 1815 1985 πεδιάδι(77)
1848 1934 2031 1969 κατοι-

444 2001 704 2056 κούντων.
760 1986 964 2074 Σαλὴμ’
979 2002 1037 2055 δὲ
1066 2004 1098 2072 ἡ
1132 2002 1285 2065 πόλις
1334 2003 1446 2072 (78)
1479 2005 1724 2058 ἐκαλεῖτο
1751 2024 1763 2036 ·
1801 2010 1930 2079 περὶ
1961 2005 2029 2080 ἦς

441 2092 600 2157 ἄλλος
630 2093 805 2157 ἄλλως
847 2094 1095 2158 ἐξέδωκε,
1139 2095 1231 2148 καὶ
1261 2095 1418 2158 ἄλλος
1445 2097 1638 2160 ἄλλως.
1688 2101 1750 2151 Οί
1791 2101 1888 2169 μὲν
1922 2103 2030 2174 γὰρ

443 2181 690 2252 λέγουσιν
707 2185 875 2256 αὐτὴν
891 2185 991 2256 τὴν
1008 2185 1101 2238 νῦν
1133 2187 1488 2260 Ἰερουσαλὴμ
1511 2188 1874 2262 καλουμένην,
1899 2194 2031 2246 ποτὲ

440 2273 501 2327 δὲ
550 2275 750 2340 Ἰεϐοὖς
795 2277 1095 2350 λεγομένην
1116 2297 1129 2310 ’
1179 2279 1327 2332 ἄλλοι
1361 2281 1417 2333 δὲ
1444 2280 1672 2348 ἔφασαν,
1702 2283 1870 2355 ἄλλην
1903 2287 2026 2340 τινὰ

443 2365 633 2438 Σαλὴμ
659 2364 798 2422 εἶναι
827 2371 885 2421 ὲν
908 2369 984 2440 τῷ
1010 2371 1179 2441 πεδίῳ
1207 2373 1469 2444 Σικίμων,
1503 2377 1620 2428 κατ’
1646 2377 1905 2448 ἀντικρὺς
1929 2379 2028 2448 τῆς

442 2461 562 2512 νυνὶ
596 2462 922 2526 Νεαπόλεως
973 2463 1334 2535 καλουμένης.
1389 2466 1512 2520 Εἴτε
1552 2465 1643 2521 οὖν
1686 2469 1954 2532 ἐντεῦθεν,
1992 2472 2024 2540 ἢ

444 2552 542 2605 καὶ
564 2553 793 2618 ἐκεῖθεν,
817 2555 877 2606 οὐ
907 2555 1125 2624 μακρὰν
1146 2555 1389 2627 ἀλλήλων
1408 2557 1758 2628 διεστήκασιν
1783 2562 1828 2612 οἱ
1850 2562 2024 2624 τόποι,

445 2643 594 2712 ὅμως
633 2646 664 2715 ἡ
710 2645 966 2709 ὑπόθεσις
1004 2647 1154 2718 δηλοῖ
1198 2647 1258 2700 τὸ
1297 2648 1474 2719 ἔργον.
1539 2651 1853 2720 Ἐξήνεγκε
1901 2649 2029 2718 γὰρ,

446 2735 602 2802 φησι,
638 2734 717 2800 τῷ
745 2736 990 2804 Ἀϐραὰμ
1018 2738 1238 2804 ἄρτους
1257 2739 1355 2791 καὶ
1380 2735 1568 2792 οἶνον.
1597 2741 1708 2793 Καὶ
1738 2737 1816 2809 ἦν
1838 2740 2028 2808 ἱερεὺς

445 2823 551 2878 τοῦ
591 2826 876 2894 Ὑψίστου
904 2829 1032 2881 κατ’
1070 2828 1306 2882 ἐκεῖνον
1337 2829 1444 2883 τὸν
1465 2833 1708 2899 χρόνον.
1750 2834 1846 2894 Ὃς
1871 2832 2028 2900 ηὐλό-

444 2931 582 2988 γησε
628 2917 718 2970 τὸν
764 2918 1035 2989 Ἀϐραὰμ,
1075 2921 1168 2973 καὶ
1197 2920 1428 2992 δεκάτην
1477 2922 1634 2974 ἔλαϐε
1683 2924 1810 2994 παρ’
1838 2922 2025 2978 αὑτοῦ.

449 3012 597 3065 Ἔδει
631 3011 741 3083 γὰρ
765 3012 856 3066 τὸν
891 3013 1042 3085 ἱερέα
1060 3013 1154 3066 τοῦ
1197 3015 1454 3084 Ὑψίστου
1499 3016 1651 3087 παρὰ
1678 3015 1864 3069 δούλου
1890 3015 2026 3070 Θεοῦ

443 3104 738 3174 τιμηθῆναι
756 3120 770 3134 ⁸
803 3106 897 3157 καὶ
920 3105 1132 3175 πρῶτον
1157 3106 1252 3176 μὲν
1271 3107 1363 3159 τὸν
1391 3105 1642 3178 Ἀϐραὰμ
1662 3108 2024 3177 προσενέγκαι
2053 3139 2094 3196 C

441 3196 521 3267 τῷ
554 3199 610 3250 ὲν
647 3197 982 3269 ἀκροϐυστίᾳ
1016 3199 1151 3269 ἱερεῖ
1180 3198 1548 3270 ἱερουργοῦντι
1574 3217 1586 3229 ’
1623 3201 1719 3252 καὶ
1745 3200 1932 3270 ἐπειδὴ
1965 3201 2024 3267 ἐξ

441 3290 609 3341 αὑτοῦ
658 3289 890 3359 ἤμελλεν
934 3291 996 3342 ὲκ
1043 3291 1346 3361 περιτομῆς
1379 3290 1625 3359 γίνεσθαι
1657 3294 1690 3362 ἡ
1733 3293 2020 3364 ἱερωσύνη.

447 3381 532 3434 ἵνα
573 3383 679 3434 πᾶν
712 3380 912 3451 ὕψωμα
949 3382 1304 3452 ἐπαιρόμενον
1335 3382 1475 3436 κατὰ
1508 3382 1608 3452 τῆς
1643 3382 1897 3450 γνώσεως
1928 3384 2022 3436 τοῦ

435 3471 579 3525 Θεοῦ
623 3472 712 3526 διὰ
741 3473 843 3542 τῆς
889 3472 1142 3541 γνώσεως
1180 3474 1516 3544 καθαιροίτο,
1561 3473 1694 3544 πρὸς
1723 3473 1784 3526 τὸ
1819 3475 1896 3545 μὴ
1923 3475 2021 3526 αὑ-

443 3565 643 3636 χοῦσαν
667 3567 766 3637 τὴν
795 3565 1094 3637 περιτομὴν
1126 3567 1251 3638 περὶ
1276 3565 1572 3638 ἱερωσύνης
1593 3564 1851 3619 δύνασθαι
1877 3568 2025 3621 ἀντι-

444 3654 621 3724 λέγειν
665 3659 730 3728 τῇ
759 3657 858 3726 τῆς
902 3657 1062 3724 ἁγίας
1109 3657 1435 3727 Ἐκκλησίας
1486 3657 1771 3728 ἱερωσύνῃ.
1810 3658 1880 3709 Εἴ
1914 3657 2023 3729 γὰρ

457 3747 704 3818 Ἀϐραὰμ
741 3749 818 3818 τῷ
846 3748 1180 3818 Μελχισεδὲκ
1214 3750 1557 3820 προσήνεγκε
1595 3749 1846 3820 δεκάτην,
1888 3751 1937 3802 οἱ
1965 3750 2022 3802 δὲ

443 3840 552 3892 ἀπὸ
593 3840 842 3911 Ἀϐραὰμ
883 3839 960 3908 τῷ
989 3839 1120 3892 Λευῒ
1151 3840 1516 3911 προσφέρουσι
1545 3841 1637 3893 καὶ
1663 3840 1740 3911 τῷ
1777 3840 1986 3912 Ἀαρών
2006 3859 2018 3872 ·

447 3929 581 3998 μετὰ
602 3927 788 3998 χρόνον
816 3928 872 3979 δὲ
887 3926 980 3978 τοῦ
1003 3928 1160 3980 πάλιν
1179 3925 1316 3980 εἶναι
1338 3929 1435 3998 τὴν
1459 3928 1756 4000 ἱερωσύνην
1778 3931 1841 3983 ἐκ
1863 3949 1931 3984 πε
1941 3949 2024 4002 ρι-

441 4019 610 4089 τομῆς
633 4019 718 4070 διὰ
735 4017 942 4087 Ἀαρὼν
967 4019 1060 4071 καὶ
1088 4019 1195 4073 τῶν
1225 4019 1355 4073 υἰῶν
1379 4019 1545 4073 αὑτοῦ
1572 4021 1808 4090 καθεξῆς
1824 4022 2024 4090 φάσκει

444 4112 477 4182 ἡ
532 4109 722 4180 Γραφὴ
760 4109 847 4161 διὰ
889 4109 983 4162 τοῦ
1025 4111 1208 4167 Δαϐὶδ.
1243 4110 1381 4181 μετὰ
1421 4110 1615 4179 γενεὰς
1651 4111 1876 4165 δεκαδύο
1910 4111 2024 4183 (79)

441 4203 540 4275 τῆς
568 4204 660 4257 τοῦ
683 4205 816 4259 Λευῒ
845 4205 1171 4276 γεννήσεως,
1203 4201 1439 4275 ἑϐδόμης
1457 4205 1514 4258 δὲ
1537 4205 1644 4258 ἀπὸ
1673 4206 1774 4274 τῆς
1815 4207 2024 4276 Ἀαρὼν

518 4320 534 4352 ¹
568 4319 703 4375 Gen.
740 4333 853 4382 XIV,
882 4319 967 4374 18.

2211 1457 2277 1510 ll.
2328 1454 2910 1516 Enimverononnulli
2969 1454 3254 1523 utriusque
3303 1453 3716 1511 Melchisedecis

2137 1557 2428 1620 parentum
2473 1548 2698 1601 nomina
2748 1555 3293 1612 commemorarunt;
3345 1545 3440 1600 scd
3474 1561 3537 1601 ea
3582 1564 3715 1602 nus-

2136 1657 2301 1712 quam
2355 1641 2635 1710 expressis
2687 1639 2984 1709 Scripturze
3033 1639 3235 1703 verbis,
3291 1647 3344 1693 et
3391 1640 3445 1694 in
3480 1647 3716 1710 utroque

2136 1732 2492 1788 Testamento
2550 1731 2922 1785 declarantur.
2969 1728 3109 1782 Sunt
3155 1730 3249 1799 qui
3291 1729 3577 1784 Heraclam
3619 1748 3714 1800 pa-

2135 1834 2267 1878 trem
2302 1823 2450 1876 illius
2474 1821 2825 1890 appellatum,
2862 1828 3088 1875 matrem
3120 1838 3248 1874 vero
3283 1821 3565 1888 Astaroth,
3597 1824 3714 1878 sive
3771 1817 3782 1828 ’

2131 1914 2405 1969 Asteriam
2447 1915 2652 1967 dicant.
2695 1911 2866 1967 Porro
2912 1913 3056 1967 lilius
3095 1913 3186 1967 ille
3217 1914 3502 1982 cujusdam
3529 1932 3595 1970 ex
3628 1917 3711 1970 in-

2131 2007 2344 2078 digenis
2388 2006 2650 2074 temporis
2707 2003 2854 2058 illius
2901 2002 3023 2066 fuit,
3057 2004 3150 2074 qui
3180 2012 3295 2058 tum
3325 2005 3379 2058 in
3409 2004 3564 2060 Saba:
3597 2008 3712 2076 pla-

2133 2099 2267 2153 nitie
2315 2098 2606 2166 degebant.
2649 2094 2846 2150 Urbem
2882 2097 3054 2165 ipsam
3109 2095 3286 2152 Salem
3327 2100 3708 2160 nominabant.

2130 2190 2198 2245 de
2222 2205 2329 2260 qua
2355 2188 2514 2243 aliter
2563 2197 2648 2243 est
2700 2188 2769 2242 ab
2818 2189 2942 2244 aliis
2989 2188 3272 2243 traditum.
3339 2191 3413 2244 Ae
3463 2194 3710 2246 nonnulli

2129 2297 2250 2336 eam
2299 2296 2424 2336 esse
2471 2287 2719 2344 censent,
2776 2294 2896 2349 qua!
2927 2295 3075 2334 nunc
3099 2277 3428 2345 Jerusalem,
3459 2283 3589 2336 olim
3620 2282 3714 2338 Je~

2132 2375 2233 2429 bus
2263 2373 2577 2427 vocabatur.
2623 2373 2727 2426 Alii
2757 2372 2934 2426 Salem
2965 2372 3189 2426 alteram
3217 2373 3272 2425 in
3307 2388 3439 2443 agro
3499 2372 3708 2428 Sicimi-

2132 2469 2240 2522 tico
2275 2482 2394 2521 esse
2429 2474 2643 2535 putant,
2671 2481 2792 2534 qua:
2825 2463 3104 2533 Neapolim
3145 2482 3213 2519 cx
3257 2466 3485 2521 adverso
3531 2467 3707 2536 respi-

2128 2557 2224 2612 cit.
2253 2557 2358 2612 Sed
2389 2559 2503 2612 sive
2539 2557 2685 2619 hinc,
2719 2556 2834 2610 sive
2866 2555 3015 2608 illinc
3069 2557 3283 2610 venisse
3319 2556 3553 2620 dicatur,
3599 2571 3711 2610 non

2131 2651 2291 2718 longe
2315 2648 2476 2701 ambo
2536 2646 2650 2700 hac
2695 2647 2813 2700 loca
2861 2661 2890 2697 a
2953 2660 3012 2698 se
3069 2645 3301 2699 invicem
3341 2645 3568 2699 distant.
3630 2646 3712 2699 Ac

2132 2738 2493 2792 nihilominus
2527 2736 2660 2806 quid
2705 2735 2776 2789 ab
2819 2750 2883 2788 eo
2925 2741 3138 2803 gestum
3187 2735 3256 2789 sit
3306 2734 3423 2804 ipsa
3471 2735 3711 2790 historia:

2129 2829 2403 2897 expositio
2454 2829 2716 2883 declarat.
2785 2825 3021 2880 Protulit
3078 2828 3246 2890 enim,
3300 2828 3495 2895 inquit,
3536 2828 3712 2882 Abra-

2131 2918 2286 2971 hamo
2317 2934 2478 2987 panes
2511 2926 2563 2970 et
2589 2921 2786 2971 uinum.
2815 2915 2884 2968 Et
2907 2927 3022 2970 erat
3050 2915 3294 2969 sacerdos
3329 2917 3590 2970 Altissimi
3619 2934 3714 2985 per

2133 3009 2268 3062 illud
2317 3019 2516 3079 tempus
2555 3011 2594 3062 ¹.
2629 3007 2734 3074 Qui
2775 3007 3093 3062 Abrahamo
3137 3007 3440 3072 benedixit,
3465 3016 3520 3062 et
3547 3009 3616 3063 ab
3642 3025 3710 3064 eo

2129 3103 2417 3157 decumam
2466 3100 2700 3170 accepit.
2752 3097 2827 3151 lta
2868 3098 3015 3153 enim
3048 3098 3165 3153 ﬁeri
3193 3098 3440 3161 decebat,
3474 3108 3529 3152 ut
3557 3115 3586 3152 a
3617 3098 3712 3153 Dei

2135 3194 2340 3248 famulo
2411 3193 2678 3248 Altissimi
2753 3193 3010 3247 sacerdos
3087 3191 3485 3256 honoraretur;
3540 3199 3708 3260 utque

2133 3289 2344 3357 primus
2404 3285 2752 3340 Abrahamus
2809 3284 3133 3354 pra3putiato
3201 3283 3472 3337 sacerdoti
3549 3297 3708 3337 sacra

2132 3377 2432 3433 celebranti
2470 3392 2672 3431 munus
2700 3375 2942 3437 oil'erret,
2975 3372 3419 3444 quandoquidem
3459 3373 3706 3426 futurum

2130 3479 2253 3525 erat
2292 3468 2609 3540 aliquando,
2640 3477 2700 3523 ut
2735 3465 3178 3523 circumcisionis
3209 3466 3489 3535 pr0prium
3522 3479 3708 3519 sacer-

2131 3565 2340 3619 dotium
2369 3563 2634 3633 originem
2666 3561 2736 3614 ab
2767 3560 2859 3614 illo
2890 3560 3010 3628 ipso
3035 3557 3283 3622 duceret,
3317 3572 3426 3628 quo
3456 3557 3709 3612 sublimi-

2132 3665 2217 3712 tas
2263 3656 2444 3710 omnis
2485 3653 2747 3708 adversus
2783 3651 2878 3706 Dei
2913 3652 3280 3722 cognitionem
3315 3652 3480 3714 elata,
3514 3649 3706 3718 cogni-

2134 3749 2283 3803 tione
2321 3747 2760 3816 deprimerctur;
2816 3760 2880 3798 ac
2927 3761 2994 3799 ne
3033 3743 3385 3799 circumcisio
3418 3743 3707 3814 gloriosius

2132 3855 2255 3894 sese
2296 3838 2577 3908 jactitans,
2625 3837 2692 3892 de
2735 3836 3042 3890 sacerdotio
3077 3843 3261 3904 posset
3289 3849 3412 3888 cum
3449 3832 3708 3888 Ecclesia:

2132 3939 2337 3987 sanctae
2369 3927 2676 3984 sacerdotio
2707 3927 3057 3982 contendere.
3113 3928 3249 3981 Cum
3285 3927 3428 3980 enim
3463 3925 3708 3979 Abraha-

2133 4037 2258 4077 mus
2297 4019 2697 4075 Melchisedeco
2727 4020 3012 4074 decumam
3048 4018 3328 4080 obtulerit,
3351 4016 3515 4088 470
3539 4016 3706 4070 illius-

2131 4132 2241 4185 que
2276 4114 2485 4184 posteri
2519 4112 2670 4177 Levi,
2712 4121 2768 4167 et
2799 4111 2999 4164 Aaroni
3035 4111 3291 4178 deinceps
3330 4109 3606 4170 oﬂ‘errent,
3639 4122 3707 4161 ac

2132 4206 2493 4261 nihilominus
2527 4213 2736 4274 postea,
2775 4217 2900 4256 cum
2934 4203 3261 4255 attributum
3292 4197 3702 4254 circumcisioni

512 4437 625 4506 (75)
657 4437 786 4489 Ἔτι
815 4437 1040 4503 ταύτην
1063 4429 1314 4502 τελετὴν
1345 4437 1473 4488 κατ’
1495 4434 1647 4498 ἔτος.
1682 4434 1892 4506 Τελετήλ
1912 4432 2014 4488 hoc

2128 4429 2211 4506 tle_
2251 4424 2666 4506 Melchisedech
2701 4424 3018 4494 parentibus
3061 4430 3273 4506 .narrat.
3316 4421 3653 4506 Epiphanius
3686 4471 3700 4483 .

442 4504 561 4560 loco
593 4508 672 4560 vel
700 4508 941 4561 solemne
989 4510 1183 4561 festum
1217 4523 1279 4558 ac
1321 4504 2012 4574 celebritatem,signiﬁcat,

444 4581 524 4631 vel
545 4575 1169 4648 sacriﬁcium;licsych.:
1192 4575 1452 4648 Τελεζαὶ.
1467 4575 1670 4648 ἑορταὶ,
1690 4573 1892 4636 θυσίαι,
1916 4591 1998 4648 μυ

443 4653 655 4720 στήρια.
680 4647 820 4702 Orus
845 4643 1132 4720 'l‘_hebaii_us
1153 4649 1292 4716 apud
1320 4643 1549 4720 Etymol'.
1575 4653 1850 4699 auctorem
1875 4643 2016 4720 τελε-

440 4715 808 4788 τὶιξεψριειιτιι
841 4717 939 4780 τὰς
982 4715 1216 4788 μείζους,
1253 4715 1516 4788 καὶμετά
1560 4732 1703 4788 τινος
1749 4715 2015 4788 μυστικῆς

443 4783 790 4859 παραδόσεως
837 4783 1049 4859 ἑορτάς.
1096 4785 1263 4841 Recte
1303 4783 1466 4859 igitur
1496 4800 1619 4859 cum
1649 4783 1922 4859 Carnario
1948 4786 2018 4859 [e-

441 4855 582 4911 xtum
619 4860 704 4913 hic
738 4855 1076 4928 interpretati
1120 4855 1340 4928 sutnusf
1366 4855 1602 4910 Tametsi
1635 4855 1704 4909 de
1749 4857 2016 4928 sacriliciu

443 4933 715 4998 potuimus
747 4925 1013 4999 accipere,
1055 4929 1198 4997 quod
1240 4925 1508 4999 Serrarior
1535 4933 1726 4999 nostro
1771 4926 2013 4994 placuit;

462 5002 738 5053 n'msm-tim
771 4997 892 5052 cum
928 5000 1052 5051 haer.
1089 4999 1156 5051 78
1183 4998 1426 5052 eamdem
1465 4997 1744 5050 historiam
1783 5011 2016 5048 narrans

462 5017 738 5053 )l'tDSt'l'tllll
771 5017 892 5052 cum
928 5017 1052 5051 nzcr.
1098 5017 1156 5051 ιδ
1183 5017 1426 5052 eamuem
1465 5017 1744 5050 ntswrnnn
1783 5017 2016 5048 narrans

441 5017 629 5132 θυσίας
661 5081 833 5123 vocet.
873 5069 960 5122 Ἐν
995 5067 1438 5138 Σικίμοιςπτοῦτν
1479 5068 1637 5138 ἔστινΔ
1668 5068 1725 5117 ἐν
1766 5068 1848 5138 τῇγ
1875 5066 2019 5138 ΔΝεοι-

443 5140 593 5215 πόλει
621 5139 810 5201 θυσίας
833 5135 1456 5215 οἱ-επιχώριοιτελοῦσιν
1497 5139 1586 5215 είς¹
1615 5135 1785 5215 ὄνομα
1810 5135 2012 5215 Κορης.

441 5211 596 5276 Quod
644 5226 772 5263 vero
803 5205 1257 5278 ταύτηντέλετὴν
1303 5208 1523 5274 ἄγουσιν
1574 5207 1675 5257 hoc
1692 5207 1816 5278 loco
1853 5205 2012 5278 dixit,

442 5281 762 5350 simpliciter
794 5276 1107 5348 usurpatum
1139 5276 1286 5350 puto,
1319 5294 1412 5350 pro
1451 5292 1516 5330 c0
1561 5276 1828 5350 quod_est
1876 5276 2013 5350 ritus

441 5345 563 5404 illos
603 5345 944 5410 instaurant,
991 5350 1073 5403 vel
1128 5345 1266 5402 sacri
1314 5348 1457 5398 illius
1513 5345 1821 5398 meritoriam
1882 5347 2014 5398 rele-

441 5424 616 5473 brunt.
649 5421 830 5492 Potest
858 5428 912 5473 et
937 5419 1109 5492 ταύτῃ
1142 5416 1612 5492 pt-oeadzqvulegi.
1650 5413 1782 5492 Nam
1816 5415 1881 5466 de
1915 5419 2014 5468 IIII-

441 5493 616 5545 manis
667 5491 880 5552 hostiis,
922 5491 1064 5558 quod
1082 5486 1420 5557 "suspicatur
1469 5486 1770 5558 senarius,
1801 5503 2010 5558 verum

438 5578 545 5613 non
579 5563 849 5617 arbitror;
896 5556 1194 5629 praesertim
1215 5556 1222 5557 ⁷⁷
1241 5556 1529 5627 Epiphanii
1559 5573 1692 5629 arvo,
1728 5557 1829 5609 sub
1865 5557 2014 5629 tlln-i-

439 5634 631 5685 stinnis
661 5627 1017 5701 principibus,
1053 5633 1144 5699 qui
1185 5629 1550 5701 exsecrandas
1597 5628 1716 5680 illas
1763 5642 1825 5681 ac
1873 5627 2012 5680 dcte-

439 5699 1036 5756 stabilescaeremonias
1066 5702 1264 5769 ubique
1301 5699 1717 5770 prohibuerunt.

508 5772 619 5835 (76)
651 5772 761 5827 Καὶ
811 5771 918 5842 γὰρ
965 5771 1127 5836 παρὰ
1171 5766 1425 5825 ἑισίτοῡ
1457 5766 1852 5838 Μελχισεδέκ.
1879 5767 2010 5832 Qua:

2120 4498 2365 4553 redolent
2415 4495 2845 4566 apocryphorum
2898 4496 3144 4559 somnia;
3186 4494 3492 4566 cujusmodi
3534 4499 3702 4566 multa

2120 4577 2249 4624 sunt
2296 4569 2397 4620 hoc
2445 4564 2500 4621 in
2544 4564 2707 4635 opere
2745 4565 2887 4619 bona
2936 4566 3041 4620 ﬁde
3078 4581 3108 4618 a
3159 4565 3508 4619 sanctissimo
3543 4564 3702 4624 Patre

2120 4639 2415 4707 descripta,
2452 4652 2572 4707 quae
2619 4636 2892 4690 discutere
2944 4643 3037 4689 aut
3089 4635 3357 4707 refellere.
3387 4638 3546 4690 otiosi
3576 4653 3590 4700 ;
3622 4647 3696 4693 te-

2120 4725 2266 4762 mere
2293 4705 2448 4761 tidem
2470 4705 2755 4766 adhibere,
2789 4721 2979 4773 parum
3015 4707 3296 4774 prudentis
3337 4705 3518 4758 fuerit.

2191 4779 2300 4848 (77)
2350 4780 2450 4830 Ἐν
2487 4777 2564 4846 τῇ
2603 4775 2714 4848 τῆς
2757 4774 2954 4843 Σαϐίῆς
3002 4773 3250 4848 πεδιάδι.
3284 4773 3512 4848 Ubinam
3559 4781 3697 4836 Sabe

2120 4845 2210 4902 illa
2263 4845 2368 4903 sita
2430 4845 2819 4920 sit,”diy_inare
2846 4855 3134 4920 utcunque
3180 4845 3533 4920 licet._Josue
3571 4867 3693 4920 cap.

2122 4937 2230 4984 nx,
2266 4921 2321 4984 2,
2349 4920 2404 4974 in
2435 4919 2580 4973 tribu
2615 4916 2889 4971 Simeonis
2937 4927 3291 4970 recensentur
3335 4915 3602 4975 Bersabee
3642 4915 3697 4976 et

2121 4990 2314 5055 Sabee,
2363 5005 2484 5058 quae
2526 4987 3009 5058 ejusdem_oppidi
3050 4986 3268 5040 nomina
3319 4984 3383 5040 Β.
3432 4985 3602 5058 Isaias
3643 5000 3697 5045 ct

2119 5059 2326 5114 Mazius
2360 5056 2482 5114 esse
2525 5056 2732 5126 putant.
2774 5056 2927 5123 Quod
2969 5057 3014 5112 si
3057 5072 3240 5109 verum
3274 5064 3376 5118 est,
3427 5057 3478 5109 in
3513 5059 3698 5116 Bersa-

2117 5130 2306 5186 beensi
2338 5145 2467 5198 agro
2506 5128 2874 5184 Melchiscdcci
2906 5135 3159 5196 parentes
3195 5127 3578 5198 habitaverint.

2189 5200 2301 5270 (78)
2343 5197 2554 5267 Σαλὴμ
2587 5197 2727 5270 δᾲιή
2783 5198 2976 5261 πόλις.
3030 5197 3420 5270 Antiquissima
3471 5208 3555 5252 est
3605 5200 3695 5254 illa

2118 5265 2367 5338 quaestio,
2405 5265 2585 5323 utrum
2623 5267 3129 5339 llierosulymaaan
3190 5265 3511 5339 Sicintorum
3541 5273 3694 5339 oppi-

2117 5337 2244 5396 duni
2278 5343 2438 5396 luerit
2468 5339 2643 5393 Salen:
2675 5337 3406 5408 ll'lelchiscdecidomicilium
3441 5357 3453 5390 :
3493 5337 3692 5408 dc'qua

2118 5413 2239 5467 vide
2275 5428 2392 5482 quae
2429 5409 2708 5482 Pcrrerins
2751 5410 2948 5476 aliique
2997 5406 3062 5482 ad
3110 5405 3242 5482 Gen.
3283 5405 3695 5482 d_i_s_pttt:tnt,__ot.

2118 5477 2414 5538 novissime
2471 5481 2727 5533 Salianus
2788 5489 2972 5532 noster
3035 5479 3086 5530 in
3145 5477 3461 5539 Annalibus,
3506 5479 3571 5532 Α,
3619 5479 3688 5531 Μ.

2114 5552 2176 5608 ‘21
2191 5555 2274 5609 l8.
2295 5551 2612 5608 Communis
2633 5559 2684 5602 ct
2703 5566 2824 5603 vera
2849 5549 3112 5602 sententia
3135 5555 3209 5599 cst
3224 5588 3236 5608 ,
3263 5545 3689 5616 Hierosolymam

2115 5627 2296 5695 potius
2319 5638 2481 5695 quam
2518 5619 2847 5695 _Si_cir_norum
2901 5620 3088 5695 urbem
3112 5618 3286 5672 luisse
3318 5615 3688 5672 Melchisedeci

2118 5689 2353 5765 i'cgiam:
2385 5692 2539 5765 Quod
2574 5691 2662 5744 isti
2690 5689 3252 5765 plinjbus‘allirmant.

2186 5756 2298 5835 (79)
2334 5756 2491 5819 Μετὰ
2539 5756 2746 5828 γενεὰς
2795 5759 3048 5813 δεκαδύο
3109 5757 3218 5825 τῆς
3274 5756 3376 5811 τοῦ
3435 5759 3590 5811 Λευΐ.
3648 5759 3692 5811 Λ
