4176 6386
458 322 562 380 979

1873 334 1930 390 S.
1971 334 2306 390 EPiPllA‘NH

528 441 620 496 IV.
667 441 849 498 Redeo
871 445 982 514 jam
1015 447 1078 501 ad
1115 448 1165 501 id
1190 449 1338 518 quod
1367 451 1494 504 mihi
1524 469 1933 524 propesueram,
1964 471 2026 509 ea

2202 457 2272 504 A'.
2323 452 2782 523 Ἐπανελεύσομαι
2831 452 2887 505 δὲ
2933 451 3094 506 πάλιν
3119 451 3204 513 ἐίς
3233 449 3309 502 τὰα
3341 449 3693 519 προκείμενα,

457 533 732 598 videlicet,
767 552 889 605 qua:
919 537 983 591 de
1020 537 1412 595 Melchisedeco
1454 545 1792 612 ineptissime
1820 547 2028 599 conlin-

458 635 612 695 gunt.
636 625 757 680 Fuit
779 628 923 682 enim
948 630 1132 699 justus
1158 631 1247 684 ille
1269 633 1510 701 quidem,
1537 652 1598 688 ac
1627 635 1717 690 Dei
1747 638 2023 703 sacerdos,

457 726 514 770 et
543 732 631 770 rex
665 717 841 772 Salem
871 737 885 783 ;
923 721 1016 774 Sed
1056 738 1230 791 neque
1272 724 1325 776 in
1360 726 1499 779 cwlo
1529 726 1658 789 fuit,
1693 744 1792 781 nec
1830 744 1860 782 e
1888 730 2027 782 ctelo

459 808 763 863 descendit.
807 810 976 864 Nemo
1003 814 1143 866 enim
1195 815 1430 868 ascendit
1464 818 1515 868 in
1557 818 1764 883 emtum,
1804 819 1906 872 nisi
1938 822 2026 890 qui

460 898 524 951 de
555 902 680 953 c.on
707 901 993 964 descendit,
1033 905 1212 960 Filius
1241 908 1489 970 hominis,
1533 911 1607 963 ait
1644 915 2045 968 sanctissimus-

459 993 892 1063 verissimusquc
927 996 1068 1052 Dens
1109 999 1248 1053 idem
1282 1007 1336 1054 et
1381 999 1642 1054 Verbum’
1671 1044 1684 1056 .
1711 1002 1861 1058 Illum
1899 1019 2028 1058 vero

461 1081 844 1141 Melchisedeei
884 1087 1133 1143 ordinem
1192 1107 1314 1144 cum
1372 1090 1657 1162 Scriptura
1699 1109 1854 1148 saera
1897 1111 2027 1148 eon-

465 1176 662 1238 lirmat,
695 1192 757 1229 ac
788 1188 1011 1233 sanctus
1038 1178 1275 1250 Spiritus
1306 1185 1581 1252 expressis
1604 1185 1783 1239 verbis
1807 1188 2025 1252 asserit,

462 1265 756 1320 saecrdmii
792 1269 1206 1324 translationem
1252 1272 1512 1337 ostendit,
1560 1272 1705 1342 quod
1749 1274 1817 1328 ab
1849 1284 2030 1330 vetere

465 1352 750 1428 Synagoga
807 1361 1024 1430 rituque
1067 1363 1344 1432 egregium
1404 1379 1468 1417 ac
1507 1366 2025 1433 praestantissimum

462 1443 517 1498 in
552 1447 739 1512 ritum,
771 1467 946 1520 neque
968 1454 1174 1505 carnali
1206 1456 1558 1511 successione
1585 1455 1898 1511 devinctum
1931 1474 2027 1528 po-

464 1548 576 1590 stea
601 1540 836 1594 transiit.
862 1542 1068 1600 Etenim
1091 1555 1317 1600 sanctus
1340 1547 1426 1602 ille
1442 1547 1797 1603 Melchisedee
1819 1550 2025 1604 nullum

465 1644 641 1698 neque
672 1642 792 1700 post
820 1649 877 1687 se
911 1650 1285 1692 successorem
1319 1639 1530 1707 habuit,
1568 1656 1667 1694 nec
1699 1641 1746 1694 ei
1775 1639 2028 1694 sacerdo-

461 1723 597 1776 tium
632 1734 717 1779 est
760 1727 1114 1798 abrogatum,
1161 1729 1254 1783 sed
1307 1733 1562 1786 sacerdos
1598 1740 1711 1786 toto
1757 1732 1876 1785 vita:
1916 1747 2028 1786 sure

462 1821 704 1884 tempore
753 1820 974 1873 mansit.
1031 1820 1210 1885 Quare
1257 1822 1434 1876 adhuc
1495 1823 1548 1882 in
1598 1825 1769 1877 sacris
1806 1820 2026 1876 Litteris

464 1908 653 1962 eadem
699 1911 990 1965 sacerdotii
1022 1912 1280 1985 dignitate
1325 1915 1667 1978 celebratur,
1697 1930 1822 1968 cum
1867 1930 2026 1967 nemo

465 1999 513 2050 ei
575 2004 945 2065 successerit,
989 2013 1084 2056 aut
1139 2006 1283 2058 illam
1341 2006 1629 2066 sacerdotii
1673 2005 2026 2071 iunctionem,

465 2107 568 2158 qua
602 2108 703 2146 suo
730 2101 972 2163 tempore
1003 2108 1193 2151 nactus
1219 2105 1322 2159 est,
1345 2098 1616 2152 everterit.
1643 2097 1840 2150 Eodem
1870 2098 2027 2166 plane

463 2181 624 2236 modo
651 2183 910 2240 Dominus
943 2199 1129 2242 noster
1160 2205 1265 2242 non
1293 2190 1472 2242 nudus
1504 2190 1685 2252 homo,
1710 2191 1803 2245 sed
1827 2207 1887 2244 ex
1918 2189 2026 2244 Deo

464 2274 607 2330 Deus
630 2274 890 2340 Verbum,
921 2278 1121 2348 Deique
1153 2278 1342 2344 Filius,
1372 2281 1440 2332 ab
1465 2281 1651 2333 eodem
1686 2281 1837 2334 nullo
1871 2281 2026 2337 initio

461 2375 554 2418 aut
593 2375 835 2436 tempore
869 2369 1106 2436 genitus,
1135 2373 1226 2438 qui
1272 2379 1354 2424 est
1389 2385 1511 2424 cum
1549 2369 1708 2425 Patre
1739 2380 2023 2441 perpetuo,

464 2454 556 2506 sed
591 2454 754 2508 homo
783 2467 958 2510 tamen
988 2459 1054 2510 de
1087 2457 1251 2511 Maria
1287 2469 1473 2512 nostra
1505 2477 1670 2514 causa
1701 2461 1876 2516 factus
1906 2474 2022 2530 est;

461 2561 561 2599 nec
591 2563 654 2600 ex
691 2549 829 2599 virili
865 2550 1073 2601 semine
1106 2562 1442 2618 procreatus.
1467 2551 1569 2618 Qui
1597 2554 1812 2622 quidem
1843 2571 2026 2610 sacer-

461 2639 644 2694 dotale
684 2639 830 2694 Patri
885 2658 986 2695 suo
1019 2659 1217 2698 munus
1252 2644 1430 2709 oﬂ'ert,
1467 2655 1688 2716 accepta
1723 2663 1787 2701 ex
1830 2659 2024 2703 natura

461 2727 741 2782 hominum
775 2746 976 2794 massa,
1017 2741 1072 2784 ut
1106 2749 1202 2802 pro
1234 2733 1391 2787 nobis
1437 2737 1695 2790 sacerdos
1725 2739 2022 2792 secundum

460 2820 709 2874 ordinem
754 2821 1106 2878 Melchisedec
1154 2827 1506 2880 successione
1551 2829 1696 2881 onmi
1749 2839 2023 2886 carentem

459 2912 854 2965 constituatur.
889 2913 1066 2968 Manet
1091 2917 1256 2979 enirn,
1285 2927 1339 2969 et
1375 2917 1593 2971 assidue
1619 2918 1758 2971 dona
1793 2935 1891 2986 pro
1923 2936 2024 2972 no-

462 3002 548 3058 bis
582 3001 754 3055 ollert.
794 3006 851 3056 In
885 3005 1074 3074 primis
1105 3007 1304 3076 quippe
1342 3009 1690 3078 semetipsum
1718 3011 1932 3073 obtulit,
1966 3020 2025 3064 ut

457 3095 788 3164 per-rectiore
832 3097 1057 3166 vivaque
1103 3114 1200 3167 pro
1249 3101 1416 3155 totius
1461 3104 1646 3156 mundi
1689 3105 1862 3159 salute
1910 3122 2024 3158 ma-
2053 3127 2098 3188 ο

458 3194 602 3239 ctata
659 3186 858 3251 hostia,
891 3189 1087 3243 veteris
1135 3193 1443 3246 testamenti
1474 3196 1801 3250 sacriﬁcium
1841 3198 2024 3252 abole-

455 3285 560 3331 ret.
593 3277 650 3330 ln
675 3294 783 3347 quo
817 3279 956 3332 idem
993 3280 1108 3349 ipse
1132 3281 1350 3334 victima
1383 3282 1502 3346 l‘uit,
1529 3284 1642 3353 ipse
1668 3285 2020 3352 sacriﬁcium,

460 3370 577 3440 ipse
620 3369 903 3430 sacerdos.
939 3371 1054 3440 ipse
1087 3373 1278 3437 altare,
1329 3375 1444 3444 ipse
1479 3374 1642 3438 Deus,
1681 3379 1797 3445 ipse
1839 3379 2020 3440 homo,

455 3461 573 3528 ipse
591 3461 725 3526 Rex,
753 3461 914 3533 472
946 3463 1061 3532 ipse
1083 3462 1349 3528 Pontifex,
1373 3466 1488 3533 ipse
1508 3467 1646 3527 ovis,
1675 3467 1789 3536 ipse
1812 3483 2021 3536 agnus;

457 3551 702 3621 adeoque
728 3556 906 3605 omnia
931 3556 983 3607 in
1011 3555 1248 3608 omnibus
1271 3556 1290 3586 ³
1327 3565 1546 3625 propter
1575 3573 1674 3612 nos
1708 3567 1787 3612 cst
1825 3562 2020 3624 lactus,

457 3653 518 3695 ut
553 3645 728 3701 modis
756 3646 1010 3702 omnibus
1050 3648 1206 3702 nobis
1233 3649 1342 3702 vita
1376 3658 1720 3719 suppeteret;
1750 3666 1813 3705 ac
1844 3668 2026 3706 sacer-

455 3735 589 3788 dotii
625 3737 710 3789 sui
743 3747 1105 3802 constantem,
1132 3747 1185 3793 et
1211 3739 1602 3795 immutabilem
1633 3741 1942 3796 ﬁrmitatem
1969 3744 2023 3797 in

458 3829 848 3898 sempiternum
883 3838 1163 3892 statueret,
1200 3838 1258 3883 ut
1312 3848 1420 3885 non
1466 3831 1580 3899 jam
1620 3834 1806 3903 stirpis
1841 3835 2022 3888 habita

457 3922 670 3975 ratione
707 3925 1084 3978 successiones
1116 3923 1497 3988 distribueret;
1535 3924 1627 3979 sed
1659 3940 1720 3979 ex
1749 3925 2021 3995 justiﬁca-

455 4015 606 4069 tione
649 4015 962 4069 conservari
1022 4017 1428 4088 propagarique.
1469 4018 1522 4070 in
1576 4017 1780 4087 Spiritu
1833 4029 2026 4074 sancto

459 4109 731 4176 singulari
748 4109 1028 4161 beneﬁcio
1056 4110 1235 4162 vellet.

529 4198 595 4253 ν.
638 4201 797 4254 Aliud
841 4209 1098 4270 prmterea
1146 4201 1392 4254 nonnulli
1422 4201 1488 4255 de
1520 4200 1706 4256 eodem
1750 4201 2028 4256 Melchise-

459 4295 594 4350 dcco
628 4294 923 4350 somniant.
958 4291 1236 4362 Ejusmodi
1263 4294 1410 4347 enim
1448 4295 1696 4348 homines
1727 4295 2025 4348 carnaliter

457 4387 754 4440 examinati
793 4386 998 4440 sunt‘:
1042 4402 1163 4437 cum
1200 4387 1516 4456 spiritaliter
1545 4402 1608 4440 ea
1639 4402 1760 4456 quae
1789 4387 1856 4441 ab
1880 4387 2023 4456 Apo-

2128 541 2203 604 ὼς
2251 536 2392 594 οὗτοι
2442 542 2798 609 φαντάζονται
2843 541 2969 608 περὶ
3005 539 3098 593 τοῦ
3142 538 3492 609 Μελχισεδέκ.
3527 539 3543 569 ¹
3572 539 3695 592 Ὀτι

2133 633 2229 702 μὲν
2261 632 2368 702 γὰρ
2417 633 2622 695 δίκαιος
2657 633 2892 704 ὑπῆρχε,
2933 633 3026 685 καὶ
3069 632 3247 704 ἱερεὺς
3279 629 3372 683 τοῦ
3411 629 3566 692 Θεοῦ,
3601 633 3692 683 καὶ

2131 724 2380 792 βασιλεὺς
2409 725 2505 794 τῆς
2554 725 2760 795 Σαλὴμ,
2803 725 2914 778 ἀλλ’
2942 725 3042 778 ούκ
3081 726 3139 777 ὲν
3179 723 3389 794 οὐρανῷ
3415 724 3690 794 ὑπάρχων,

2131 817 2221 869 καὶ
2251 818 2346 869 ἀπ’
2391 817 2619 887 ούρανοῦ
2659 816 3067 887 καταϐεϐηκώς.
3102 816 3310 882 Οὐδεὶς
3353 817 3462 885 γὰρ
3489 815 3693 868 ἀναϐέ-

2130 911 2309 974 ϐηκεν
2336 912 2421 976 εις
2455 910 2561 961 τὸν
2592 909 2869 975 οὐρανὸν,
2893 911 2944 961 εί
2980 908 3066 977 μὴ
3115 911 3148 962 ό
3185 908 3252 960 ἐκ
3292 907 3395 961 τοῦ
3436 906 3689 975 οὐρανοῦ

2131 1002 2411 1067 καταϐὰς,
2443 1004 2474 1055 ὀ
2510 1000 2638 1064 Υἱὸς
2665 995 2770 1054 τοῦ
2801 999 3133 1067 ἀνθρώπου,
3166 1000 3328 1069 φησὶν
3365 1001 3394 1052 6
3421 999 3572 1066 ἅγιος
3601 1000 3693 1054 καὶ

2129 1093 2364 1162 ἀψευδὴς
2394 1092 2525 1156 Θεὸς
2561 1093 2762 1162 Λόγος-
2799 1095 2896 1162 τὴν
2941 1092 2996 1145 δὲ
3042 1091 3192 1156 τάξιν
3225 1090 3320 1143 τοῦ
3363 1090 3692 1160 Μελχισεδὲκ

2130 1184 2534 1255 κρατύνουσαή
2577 1185 2697 1238 θεία
2739 1185 2961 1255 Γραφὴ,
3002 1184 3092 1236 καὶ
3131 1183 3192 1235 τὸ
3249 1182 3472 1252 Πνεῦμα
3518 1179 3693 1251 ῥητῶς

2129 1274 2412 1338 διδάσκον,
2457 1275 2554 1345 τὴν
2586 1273 2873 1345 μετάθεσιν
2905 1272 3070 1340 ἔδειξε
3118 1271 3218 1342 τῆς
3249 1271 3542 1344 ἱερωσύνης
3586 1270 3692 1330 άπὸ

2127 1369 2228 1439 τῆς
2262 1366 2493 1431 παλαιᾶς
2518 1366 2837 1435 συναγωγῆς
2857 1366 2952 1418 καὶ
2984 1365 3077 1418 τοῦ
3115 1365 3265 1429 ἔθους
3296 1365 3375 1428 είς
3412 1363 3532 1426 ἔθος
3566 1363 3689 1416 κάλ-

2129 1458 2306 1510 λιστον
2333 1458 2424 1510 καὶ
2452 1457 2775 1528 ὑπέρτατον,
2809 1459 2904 1510 καὶ
2934 1457 2993 1510 οὐ
3026 1456 3248 1526 μέτοχον
3282 1454 3547 1526 σαρκικῆς
3580 1453 3690 1506 δια·

2128 1548 2288 1618 δοχῆς
2335 1547 2629 1618 ἡνωμένον.
2682 1547 2738 1599 Ὀ
2775 1546 2882 1613 γὰρ
2912 1546 3244 1617 Μελχισεδὲκ
3287 1546 3316 1598 6
3359 1546 3512 1610 ἅγιος
3542 1537 3693 1604 οὗτος

2129 1640 2309 1692 οὐκέτι
2338 1643 2454 1709 μετ’
2485 1639 2645 1691 αὑτὸν
2675 1638 2922 1708 διαδοχὴν
2954 1636 3204 1708 ἔσχηκεν,
3234 1636 3347 1690 ἀλλ’
3386 1635 3506 1688 οὔτε
3535 1635 3694 1703 ἀφαί-

2135 1749 2280 1802 ρεσιν
2323 1733 2422 1802 τῆς
2456 1731 2785 1802 ἱερωσύνης·
2825 1732 3006 1800 ἔμεινε
3063 1729 3170 1799 γὰρ
3212 1729 3370 1792 αὐτὸς
3402 1729 3578 1798 ἱερεὺς
3605 1728 3692 1780 τὸν

2129 1823 2303 1874 πάντα
2337 1822 2524 1893 χρόνον
2547 1822 2644 1892 τῆς
2679 1820 2842 1874 αὑτοῦ
2867 1820 3028 1890 ζωῆς.
3069 1821 3179 1874 Καὶ
3206 1819 3284 1871 ἐτι
3318 1821 3384 1870 ὲν.
3407 1821 3472 1889 τῇ
3507 1818 3699 1889 Γραφῇ·

2129 1913 2308 1983 ᾄδεται
2355 1915 2552 1984 ἱερεὺς,
2591 1911 2816 1982 μηδενὸς
2848 1911 3026 1964 αὐτῶν
3060 1909 3465 1981 διαδεξαμένου,
3491 1910 3524 1978 ἦ
3569 1910 3696 1962 ἁνας

2126 2005 2423 2076 τρέψαντος
2465 2005 2561 2074 τὴν
2619 2005 2757 2058 κατὰ
2805 2005 2894 2056 τὸν
2951 2002 3140 2073 χρόνον
3185 2001 3348 2054 αὑτοῦ
3398 1999 3697 2070 ὑπηρεσίαν

2128 2095 2228 2164 τῆς
2276 2095 2593 2166 ἱερωσύνης.
2623 2095 2778 2147 οὕτω
2823 2095 2914 2146 mi.
2960 2096 2988 2146 6
3035 2093 3237 2164 Κύριος
3271 2091 3447 2162 ἡμῶν,
3479 2093 3578 2144 οὐκ
3621 2089 3697 2142 ῶν

2126 2185 2443 2255 ἄνθρωπος,
2477 2184 2610 2236 ἀλλὰ
2640 2185 2702 2237 ὲκ
2752 2185 2886 2237 Θεοῦ
2950 2184 3103 2250 ἅγιος
3145 2182 3276 2245 Θεὸς
3319 2181 3525 2249 Λόγος,
3569 2180 3695 2242 Υἱὸς

2127 2275 2260 2328 Θεοῦ
2285 2276 2562 2347 γεννηθεὶς
2593 2276 2843 2347 ἁνάρχως
2866 2276 2956 2328 καί¹
2983 2275 3249 2346 άχρόνως,
3276 2275 3362 2326 ἀεὶ
3392 2273 3486 2325 σὺν
3521 2273 3695 2342 Πατρὶ

2127 2367 2222 2430 ὢν,
2273 2369 2560 2439 γενόμενος
2611 2369 2678 2421 δι’
2707 2369 2854 2438 ἡμᾶς
2899 2369 2962 2419 ὲκ
3007 2366 3225 2436 Μαρίας
3261 2366 3565 2436 ἄνθρωπος,
3602 2362 3696 2416 καὶ

2126 2461 2227 2512 οὐκ
2269 2459 2374 2512 ἀπὸ
2420 2460 2728 2530 σπέρματος
2783 2458 2992 2528 ἀνδρός.
3025 2459 3136 2528 Τὴν
3177 2458 3233 2511 δὲ
3279 2456 3574 2528 ἱερωσύνην
3619 2455 3696 2525 τῷ

2129 2551 2302 2621 Πατρὶ
2349 2552 2664 2621 προσφέρει,
2693 2551 2750 2616 ἐξ
2793 2549 3205 2621 ἀνθρωπότητος
3242 2550 3302 2602 τὸ
3339 2549 3564 2622 φύραμα
3598 2548 3695 2600 λα-

2128 2642 2257 2707 ϐὼν,
2285 2644 2372 2695 ἵνα
2396 2643 2535 2713 ὑπὲρ
2563 2643 2718 2712 ἡμῶν
2760 2644 2937 2712 ἱερεὺς
2981 2645 3218 2712 καταστῇ
3247 2641 3387 2694 κατὰ
3420 2641 3518 2712 τὴν
3546 2639 3697 2704 τάξιν

2127 2733 2478 2804 Μελχισεδὲκ,
2504 2735 2600 2804 τὴν
2636 2734 2708 2804 μὴ
2740 2733 2966 2804 ἔχουσαν
3000 2733 3266 2804 διαδοχήν.
3296 2733 3462 2786 Μένει
3491 2732 3600 2803 γὰρ
3627 2731 3695 2786 τὰ

2130 2827 2267 2897 ὑπὲρ
2296 2827 2451 2896 ἡμῶν
2481 2829 2560 2887 είς
2593 2827 2652 2881 τὸ
2683 2827 2924 2897 διηνεκὲς
2963 2826 3110 2896 δῶρα
3150 2825 3500 2897 προσφέρωνσ
3548 2825 3700 2896 πρῶς

2127 2935 2218 2971 τον
2251 2919 2348 2988 μὲν
2396 2919 2582 2970 ἑαυτὸν
2621 2917 3011 2989 προσενέγκας,
3047 2918 3135 2970 ἴνα
3175 2917 3311 2990 λύσῃ
3355 2917 3546 2970 θυσίαν
3592 2934 3698 2969 πα-

2128 3012 2284 3074 λαιᾶς
2310 3011 2590 3081 διαθήκης,
2626 3010 2723 3081 τὴν
2753 3011 3130 3079 ἐντελεστέραν
3161 3009 3340 3074 ζῶσαν
3385 3011 3525 3080 ὑπὲρ
3564 3027 3698 3063 πανο

2129 3103 2219 3166 τὸς
2250 3103 2453 3172 κόσμου
2481 3105 2839 3174 ἱερουργήσας
2864 3121 2876 3134 ·
2913 3103 3072 3164 αὐτὸς
3100 3104 3312 3172 ἱερεῖον,
3337 3101 3497 3165 αὐτὸς
3527 3100 3697 3172 θῦμα,

2130 3195 2290 3257 αὐτὸς
2314 3196 2507 3265 ἱερεὺς,
2542 3195 2702 3258 αὐτὸς
2737 3195 3137 3266 θυσιαστήριον,
3170 3195 3330 3258 αὐτὸς
3357 3194 3506 3258 Θεὸς,
3537 3195 3700 3257 αὐτὸς

2129 3285 2434 3356 ἄνθρωπος,
2471 3287 2630 3350 αὐτὸς
2671 3286 2940 3356 βασιλεὺς,
2977 3287 3136 3350 αὐτὸς
3192 3287 3499 3358 ἀρχιερεὺς,
3536 3285 3700 3348 αὐτὸς

2129 3377 2413 3448 πρόϐατον,
2460 3377 2619 3440 αὐτὸς
2645 3378 2848 3446 ἀρνίον,
2881 3379 2954 3430 τὰ
2990 3375 3186 3430 πάντα
3219 3377 3290 3430 ὲν
3329 3374 3519 3429 πᾶσιν
3549 3375 3696 3444 ὑπὲρ

2127 3466 2281 3537 ἡμῶν
2325 3468 2632 3537 γενόμενος,
2670 3469 2757 3520 ἵνα
2792 3471 2923 3538 ἡμῖν
2964 3468 3075 3536 ζωὴ
3118 3467 3256 3520 κατὰ
3289 3468 3465 3521 πάντα
3498 3465 3704 3536 τρόπον

2130 3556 2372 3626 γένηται,
2421 3557 2512 3608 καὶ
2550 3557 2646 3626 τῆς
2689 3555 2984 3626 ἱερωσύνης
3017 3555 3182 3608 αὑτοῦ
3224 3555 3284 3607 τὸ
3324 3555 3700 3624 ἀμετάστατον

2128 3647 2404 3718 ἑδραίωμα
2424 3649 2502 3710 εἰς
2527 3649 2650 3710 τοὺς
2677 3646 2876 3710 αίῶνας
2907 3645 3310 3717 ἀπεργάσηται,
3346 3644 3526 3697 οὐκέτι
3557 3642 3699 3695 κατὰ

2130 3738 2351 3810 σπέρμα
2399 3739 2495 3803 τὰς
2550 3739 2798 3809 διαδοχὰς
2846 3737 3114 3810 μερίζων,
3160 3737 3293 3791 ἀλλὰ
3335 3735 3477 3789 κατὰ
3515 3736 3574 3788 τὸ
3620 3735 3698 3788 δι-

2128 3829 2345 3898 καίωμα
2397 3827 2758 3896 φυλάττεσθαι
2813 3829 2870 3881 ὲν
2912 3826 3189 3897 Πνεύματι
3240 3826 3379 3895 ἁγίῳ
3425 3824 3702 3895 δωρούμε-

2128 3937 2235 3982 νος.

2198 4206 2273 4257 E'.
2315 4205 2644 4270 Φαντάζουσι
2685 4203 2741 4256 δὲ
2783 4203 2931 4255 ἄλλοι
2973 4202 3099 4272 περὶ
3137 4201 3326 4254 τούτου
3371 4198 3465 4252 τοῦ
3495 4198 3698 4267 Μελχι-

2130 4297 2292 4349 σεδὲκ
2317 4296 2587 4364 λέγοντες.
2611 4293 2895 4366 Σαρκικῶς
2927 4293 3034 4364 γὰρ
3064 4293 3114 4346 οἱ
3155 4291 3384 4344 τοιοῦτοι
3412 4288 3703 4360 ἀνεκρίθη-

2130 4405 2250 4451 σαν,
2282 4385 2665 4457 πνευματικῶς
2705 4387 2779 4458 μὴ
2805 4385 3118 4456 νενοηκότες
3149 4383 3217 4436 τά
3265 4383 3370 4436 ὑπὸ
3404 4380 3498 4435 τοῦ
3541 4379 3701 4449 ἁγίου

457 4483 600 4534 slolo
623 4482 676 4533 in
701 4479 938 4549 Epist-01a
961 4480 1027 4533 ad
1055 4459 1314 4534 llebrteos
1333 4480 1480 4532 dicta
1506 4491 1654 4540 sunt,
1678 4495 2020 4549 nequaquam

2144 4480 2464 4534 Ἀποστόλου
2489 4481 2545 4532 ὲν
2567 4481 2632 4549 τῇ
2668 4477 2951 4547 Ἐπιστολῇ
2981 4479 3047 4547 τῇ
3078 4475 3214 4545 πρὸς
3247 4475 3528 4544 Ἐϐραίους
3547 4475 3700 4543 εἰρη-

458 4571 847 4625 intellexerinl.
903 4569 1270 4634 Quamobrem
1322 4569 1520 4624 Hicrax
1570 4569 2022 4625 Melchisedecum

461 4664 722 4732 Spiritum
761 4677 882 4715 esse
928 4670 1175 4714 sanctum
1211 4659 1508 4722 existimat,
1556 4661 1701 4728 quod
1744 4662 1816 4714 ita
1866 4661 1933 4716 de
1959 4676 2026 4716 eo

460 4760 724 4826 scriptum
775 4756 847 4808 sit
880 4773 897 4807 ι
926 4753 1266 4806 Assimilatus
1314 4751 1458 4806 Filio
1503 4751 1615 4806 Dei.
1661 4753 1839 4808 Manet
1889 4756 2026 4811 enim

456 4847 702 4902 sacerdos
765 4848 818 4898 in
872 4853 1174 4912 perpetuum
1202 4844 1243 4894 ⁵.
1307 4844 1459 4908 Quod
1497 4851 1564 4902 ,et
1605 4845 1727 4898 aliis
1780 4844 2025 4913 Apostoli

457 4942 638 4996 verbis
668 4941 974 4993 illustratur
1034 4954 1155 4990 cum
1193 4935 1326 4988 dicit
1355 4952 1366 4986 :
1398 4935 1626 5003 Spiritus
1656 4954 1770 4990 vero
1801 4953 1893 5004 pro
1930 4955 2025 4991 no-

461 5034 539 5086 bis
579 5029 813 5100 postulat
843 5028 1120 5098 gemitibus
1147 5028 1594 5081 iuenarrabilibus
1617 5028 1659 5081 ⁸.
1694 5029 1763 5082 Αἱ
1789 5029 1882 5098 qui
1911 5028 2027 5098 Spi-

458 5126 600 5178 ritus
656 5122 830 5176 sancti
869 5120 1156 5173 interiores
1202 5135 1397 5174 sensus
1436 5121 1606 5182 novit,
1653 5136 1760 5174 non
1812 5121 2026 5190 ignorat

460 5218 610 5271 illum
644 5213 753 5268 Deo
781 5228 876 5283 pro
903 5213 1092 5266 electis
1124 5211 1452 5281 supplicare.
1478 5212 1581 5266 Sed
1612 5223 1665 5266 et
1699 5213 1802 5267 iste
1835 5214 2024 5268 nihilo-

459 5308 641 5360 minus
677 5321 706 5359 a
763 5305 1043 5375 proposito
1093 5304 1309 5372 penitus
1359 5303 1649 5356 aberravit.
1716 5303 1832 5357 Non
1878 5305 2023 5367 enim

462 5416 698 5468 unquam
734 5398 970 5467 Spiritus
1005 5405 1229 5451 sanctus
1261 5411 1478 5451 carnem
1514 5397 1711 5450 induit.
1753 5395 1869 5462 Qua
1903 5397 2025 5465 qui-

461 5489 582 5542 dem
611 5489 654 5542 si
685 5489 884 5551 caruit,
907 5487 1016 5542 Rex
1041 5504 1166 5542 esse
1193 5486 1394 5552 Salem,
1419 5496 1512 5539 aut
1540 5487 1685 5541 illius
1713 5488 1815 5540 loci
1851 5503 2027 5542 sacer-

462 5581 561 5637 dos
593 5597 700 5635 non
738 5581 930 5650 potuit.
961 5578 1161 5634 Verum
1194 5579 1570 5649 opportuniori
1603 5588 1866 5649 tempore,
1900 5595 2022 5633 cum

2135 4573 2293 4644 μένα.
2325 4572 2433 4625 Καὶ
2464 4572 2493 4623 6
2543 4571 2642 4640 μὲν
2679 4569 2852 4639 Ἰέραξ
2884 4567 3072 4620 τοῦτον
3113 4565 3322 4636 νομίζει
3365 4563 3698 4634 Μελχισεδὲκ

2133 4659 2271 4716 εἶναι
2307 4662 2367 4715 τὸ
2399 4661 2622 4730 Πνεῦμα
2660 4660 2720 4712 τὸ
2754 4659 2926 4727 ἅγιον,
2954 4659 3040 4711 διὰ
3092 4657 3694 4724 τδ,Ἄφομοιούμενογ,

2132 4753 2286 4822 φησὶ,
2331 4751 2411 4816 τῷ
2451 4752 2558 4816 Υἱῴ
2586 4750 2690 4803 τοῦ
2741 4749 2909 4803 Θεοῦ.
2943 4749 3119 4802 Μένει
3148 4746 3255 4815 γὰρ
3283 4744 3476 4814 ἱερεὺς
3516 4746 3601 4808 εἰς
3632 4743 3699 4796 τὸ

2131 4842 2436 4912 διηνεκές·
2465 4843 2538 4905 ὡς
2583 4841 2689 4894 ἀπὸ
2737 4841 2835 4909 τῆς
2876 4839 3110 4903 λέξεως,
3149 4834 3217 4908 ἦς
3270 4833 3422 4889 εἶπεν
3470 4837 3498 4887 ὁ
3547 4835 3699 4900 ἅγιος

2146 4935 2461 4996 Ἀπόστολος
2485 4950 2498 4961 ⁸
2537 4932 2606 4986 T6
2640 4931 2708 4984 δὲ
2747 4930 2987 5000 Πνεῦμα
3028 4925 3530 4996 ὑπερεντυγχάνει
3565 4941 3699 4978 στε-

2133 5027 2380 5096 ναγμοῖς
2414 5023 2767 5090 ἀλαλήτοιςο
2793 5023 2822 5076 6
2851 5021 2907 5074 δὲ
2951 5021 3311 5088 ἐπιστάμενος
3345 5019 3406 5071 τὸ
3444 5016 3697 5087 φρόνημα
3729 5052 3734 5059 .

2131 5119 2226 5172 τοῦ
2273 5116 2586 5186 Πνεύματος
2613 5109 2774 5175 οἶδεν,
2803 5113 2882 5165 ὅτι
2917 5112 3056 5180 ὑπὲρ
3083 5109 3350 5163 ἐκλεκτῶν
3383 5105 3694 5174 ἐντυγχάνει

2132 5213 2210 5282 τῷ
2239 5209 2376 5280 Θεῷ.
2417 5208 2669 5272 Ἐξέπεσε
2700 5206 2757 5259 δὲ
2795 5207 2886 5257 καὶ
2933 5199 3085 5265 οὗτος
3127 5199 3405 5262 παντελῶς
3430 5198 3523 5250 τοῦ
3567 5212 3698 5267 προ-

2133 5301 2406 5369 κειμένου.
2437 5300 2518 5361 Οὐ,
2547 5297 2663 5369 γὰρ,
2690 5297 2866 5366 σάρκα
2899 5292 3183 5347 ἐνεδύσατο
3204 5291 3265 5344 τὸ
3293 5287 3519 5358 Πνεῦμά
3545 5303 3693 5339 ποτε.

2135 5395 2320 5463 Σάρκα
2351 5391 2406 5444 δὲ
2445 5391 2518 5460 μὴ
2545 5388 2924 5457 ἐνδυσάμενον,
2963 5386 3062 5438 οὐκ
3098 5379 3240 5454 εἶχεν
3279 5379 3416 5435 εἶναι
3447 5374 3698 5449 βασιλεὺς

2131 5486 2230 5555 τῆς
2257 5485 2478 5554 Σαλὴμ,
2531 5483 2625 5534 καὶ
2672 5481 2848 5550 ἱερεὺς
2879 5479 3045 5531 τόπου
3086 5477 3248 5539 τινός.
3279 5472 3468 5545 Καιρῷ
3509 5471 3567 5524 δὲ
3609 5471 3695 5522 ὅτε

2134 5579 2262 5648 περὶ
2303 5577 2492 5629 τούτου
2533 5573 2625 5627 τοῦ
2671 5574 2910 5643 ’ἱέρακος
2949 5568 3172 5636 καὶτῆς
3225 5565 3387 5620 αὐτοῦ
3434 5564 3697 5636 αἱρέσεως

535 5738 556 5774 ί
597 5735 753 5792 Deest
795 5737 1037 5795 verbum.
1115 5741 1134 5770 ³
1166 5736 1320 5793 Joan.
1351 5754 1429 5797 tu.
1469 5740 1552 5792 Β.
1631 5741 1649 5768 ³
1682 5739 1698 5793 l
1732 5739 1855 5793 Cor.
1890 5755 1977 5802 xv,
2005 5739 2095 5794 28.
2175 5739 2192 5768 ⁸
2224 5735 2267 5790 ll
2303 5738 2427 5793 (tor.
2459 5753 2517 5802 n,
2557 5735 2636 5789 H.
2715 5736 2735 5765 ⁵
2761 5733 2923 5788 Hebr.
2958 5748 3054 5800 vn,
3086 5731 3139 5785 5.
3215 5729 3236 5759 ⁸
3261 5725 3416 5781 Rom.
3458 5739 3584 5790 vni,
3604 5721 3694 5777 26.
