4176 6386
467 318 570 376 979

1883 330 1939 384 S.
1980 329 2316 385 EPiPllANH

3603 333 3706 388 980

537 437 630 492 ιν.
676 438 858 494 Redeo
880 441 992 509 jam
1023 443 1087 496 ad
1123 444 1174 497 id
1199 445 1347 514 quod
1375 447 1503 500 mihi
1533 464 1942 518 propesueram,
1973 466 2035 504 ea

2210 451 2280 499 A'.
2332 446 2790 518 Ἐπανελεύσομαι
2840 446 2896 500 δὲ
2942 446 3103 500 πάλιν
3133 445 3214 508 είς
3243 443 3318 496 τὰ·
3349 443 3703 513 προκείμενα,

466 528 742 594 videlicet,
775 547 898 601 qua:
927 533 993 587 de
1029 533 1422 591 Melchisedeco
1463 540 1801 608 ineptissime
1829 542 2038 594 conﬁn-

467 631 621 691 gunt.
645 621 766 676 Fuit
788 625 932 677 enim
957 625 1141 695 justus
1167 627 1256 680 ille
1278 629 1518 697 quidem,
1547 647 1608 683 ac
1636 630 1726 685 Dei
1756 633 2033 697 sacerdos,

466 722 522 766 et
551 729 641 766 rex
674 713 850 768 Salem
881 732 894 780 ;
932 717 1025 770 sed
1066 733 1240 787 neque
1282 719 1335 772 in
1369 721 1508 774 coelo
1538 721 1666 785 fuit,
1702 739 1801 776 nec
1839 739 1868 777 e
1897 725 2036 777 etclo

469 804 772 858 descendit.
817 805 985 860 Nemo
1013 810 1152 861 enim
1204 811 1440 864 ascendit
1473 813 1524 864 in
1567 813 1773 878 cmlum,
1813 815 1915 867 nisi
1947 818 2036 884 qui

469 894 533 948 de
565 898 690 949 cwlo
717 897 1002 960 descendit,
1042 901 1221 956 Filius
1250 903 1498 964 hominis,
1542 907 1616 958 ait
1653 910 2054 963 sanctissimus-

468 989 901 1059 verissimusque
936 992 1078 1047 Deus
1119 995 1258 1049 idem
1291 1003 1346 1050 et
1389 994 1652 1050 Verbum'
1680 1039 1692 1052 .
1720 998 1870 1053 Illum
1908 1014 2038 1053 vero

470 1077 853 1136 Melchisedeci
894 1083 1143 1140 ordinem
1202 1103 1324 1140 cum
1381 1086 1667 1157 Scriptura
1708 1104 1863 1144 sacra
1906 1107 2037 1143 con-

474 1172 672 1233 ﬁrmat,
705 1187 768 1225 ac
798 1185 1021 1229 sanctus
1047 1174 1285 1245 Spiritus
1316 1181 1590 1248 expressis
1613 1180 1793 1235 verbis
1817 1184 2034 1247 asserit,

471 1261 766 1316 saccrdmii
802 1265 1216 1320 translationem
1262 1267 1522 1333 ostendit,
1570 1268 1715 1338 quod
1758 1270 1826 1324 ab
1858 1280 2039 1325 vetere

474 1348 759 1423 Synagoga
817 1357 1034 1426 rituque
1077 1359 1354 1429 egregium
1413 1374 1476 1412 ac
1516 1362 2034 1429 praestantissimum

471 1439 526 1494 in
562 1443 748 1508 ritum,
781 1462 956 1516 neque
977 1449 1184 1501 carnali
1216 1451 1568 1506 successione
1595 1451 1906 1506 devinctum
1940 1469 2037 1524 ροσ-

474 1543 587 1586 stea
611 1536 848 1590 transiit.
871 1538 1078 1596 Etenim
1101 1550 1327 1595 sanctus
1350 1543 1436 1597 ille
1453 1542 1806 1598 Melchisedec
1829 1545 2035 1599 nullum

475 1640 651 1694 neque
682 1639 802 1696 post
830 1645 887 1682 se
921 1646 1295 1686 successorem
1329 1635 1538 1702 habuit,
1577 1652 1676 1689 nec
1709 1636 1755 1689 ei
1784 1635 2038 1690 sacerdo-

471 1719 606 1772 tium
642 1729 727 1775 est
769 1723 1124 1793 abrogatum,
1170 1725 1264 1779 sed
1317 1728 1572 1781 sacerdos
1608 1735 1720 1782 toto
1766 1727 1886 1780 vita:
1926 1742 2038 1782 sum

472 1816 714 1880 tempore
763 1815 984 1869 mansit.
1041 1816 1220 1881 Quare
1267 1817 1444 1872 adhuc
1505 1819 1557 1876 in
1607 1820 1778 1872 sacris
1816 1816 2035 1872 Litteris

475 1903 662 1957 eadem
709 1907 1001 1961 sacerdotii
1032 1908 1290 1980 dignitate
1335 1911 1677 1973 celebratur,
1707 1925 1832 1964 cum
1876 1926 2036 1962 nemo

476 1995 523 2045 ei
586 2000 956 2061 successerit,
1000 2008 1094 2053 aut
1150 2001 1294 2054 illam
1350 2001 1639 2056 sacerdotii
1683 2001 2036 2067 iunctionem,

475 2103 579 2154 qua
613 2103 713 2142 suo
740 2096 982 2160 tempore
1013 2103 1203 2146 nactus
1229 2101 1332 2155 est,
1355 2093 1625 2147 everterit.
1653 2093 1850 2146 Eodem
1881 2093 2036 2162 plane

474 2177 635 2232 modo
661 2179 920 2236 Dominus
953 2194 1140 2238 noster
1170 2201 1275 2238 non
1303 2186 1482 2239 nudus
1513 2186 1695 2248 homo,
1720 2187 1812 2241 sed
1837 2202 1898 2240 ex
1927 2184 2036 2239 Deo

474 2270 617 2326 Deus
641 2270 901 2336 Vel-hum,
929 2274 1131 2344 Deique
1163 2275 1353 2340 Filius,
1383 2277 1450 2328 ab
1475 2276 1662 2329 eodem
1695 2277 1846 2330 nullo
1880 2277 2036 2333 initio

471 2371 565 2414 aut
603 2371 845 2432 tempore
879 2366 1117 2432 genitus.
1145 2368 1236 2434 qui
1283 2374 1364 2420 est
1398 2381 1521 2419 cum
1559 2365 1718 2422 Patre
1749 2377 2033 2437 perpetuo,

475 2451 567 2502 sed
601 2451 765 2503 homo
793 2464 968 2506 tamen
998 2454 1064 2506 de
1097 2453 1261 2506 Maria
1297 2464 1483 2508 nostra
1516 2473 1680 2509 causa
1711 2457 1886 2512 factus
1916 2469 2032 2525 est;

471 2558 572 2595 nec
602 2560 663 2596 cx
701 2544 839 2595 virili
875 2546 1083 2597 semine
1116 2558 1453 2613 procreatus.
1477 2547 1579 2614 Qui
1607 2550 1823 2618 quidem
1854 2567 2037 2606 sacer-

472 2637 655 2690 dotale
694 2635 840 2690 Patri
895 2655 996 2691 suo
1029 2655 1227 2693 munus
1263 2639 1440 2705 oﬂ'ert,
1477 2651 1698 2711 accepta
1733 2659 1798 2697 ex
1841 2655 2035 2698 natura

472 2723 752 2778 hominum
787 2741 986 2790 massa,
1028 2736 1083 2780 ut
1116 2745 1212 2798 pro
1245 2729 1402 2784 nobis
1448 2733 1705 2786 sacerdos
1735 2735 2032 2788 secundum

471 2817 719 2870 ordinem
764 2816 1117 2874 Melchisech
1165 2823 1516 2876 successione
1561 2825 1706 2877 omni
1759 2835 2033 2881 carentem

470 2908 865 2962 constituatur.
899 2909 1076 2964 Manet
1102 2913 1267 2975 enim,
1295 2923 1348 2966 et
1385 2913 1604 2967 assidue
1629 2913 1768 2966 dona
1803 2931 1900 2982 pro
1933 2931 2034 2969 no-

473 2998 559 3052 bis
593 2997 764 3051 oilert.
804 3002 861 3052 1n
896 3001 1084 3070 primis
1116 3004 1315 3072 quippe
1353 3006 1700 3074 semetipsum
1729 3007 1942 3070 obtulit,
1977 3017 2035 3060 ut

469 3091 799 3159 perfectiore
843 3093 1068 3162 vivaque
1114 3110 1210 3164 pro
1259 3097 1426 3150 totius
1471 3100 1656 3152 mundi
1700 3101 1874 3155 salute
1921 3117 2034 3154 ma-
2063 3123 2108 3183 ο

469 3189 613 3235 ctata
669 3182 869 3247 hostia,
903 3185 1098 3239 veteris
1145 3189 1454 3242 testamenti
1485 3192 1812 3245 sacriﬁcium
1852 3194 2034 3248 abole-

466 3281 570 3327 ret.
604 3273 661 3326 ln
685 3289 794 3343 quo
828 3274 968 3327 idem
1004 3277 1118 3345 ipse
1143 3277 1360 3330 victima
1393 3277 1513 3342 fuit,
1538 3280 1653 3349 ipse
1679 3281 2030 3348 sacriﬁcium,

471 3365 589 3436 ipse
631 3365 914 3426 sacerdos.
949 3367 1065 3436 ipse
1099 3369 1289 3433 altare,
1339 3372 1455 3440 ipse
1489 3370 1654 3433 Deus.
1692 3375 1807 3442 ipse
1851 3374 2030 3434 homo,

467 3457 584 3524 ipse
603 3456 736 3521 Rex,
764 3457 925 3529 472
957 3460 1071 3528 ipse
1094 3458 1360 3524 Pontifex,
1384 3462 1498 3529 ipse
1519 3463 1657 3522 ovis,
1685 3462 1799 3532 ipse
1823 3479 2032 3532 agnus;

468 3547 713 3617 adeoque
740 3552 917 3601 omnia
942 3553 993 3602 in
1022 3551 1259 3603 omnibus
1283 3551 1300 3582 ³
1337 3561 1557 3621 propter
1586 3569 1684 3608 nos
1719 3563 1798 3608 cst
1836 3557 2031 3619 lactus,

469 3648 529 3690 ut
563 3641 740 3694 modis
767 3642 1021 3697 omnibus
1061 3643 1217 3698 nobis
1244 3645 1353 3697 vita
1388 3654 1731 3715 suppeteret;
1761 3661 1824 3700 ac
1855 3664 2037 3702 sacer-

467 3731 601 3784 dotii
636 3733 722 3785 sui
755 3744 1116 3797 constantem,
1143 3742 1198 3788 et
1223 3735 1612 3791 immutabilem
1643 3737 1953 3792 ﬁrmitatem
1980 3740 2034 3793 in

469 3825 860 3894 sempiternum
894 3833 1174 3889 statueret,
1211 3834 1270 3879 ut
1323 3843 1430 3881 non
1478 3827 1590 3895 jam
1631 3829 1816 3898 stirpis
1852 3830 2033 3884 habita

468 3918 682 3971 ratione
718 3921 1095 3973 successiones
1127 3918 1508 3984 distribueret;
1546 3919 1638 3975 sed
1669 3935 1732 3975 ex
1760 3921 2032 3990 justiﬁca-

467 4011 616 4064 tione
661 4011 974 4066 conservari
1034 4013 1429 4083 propagarique
1481 4013 1534 4066 in
1587 4012 1792 4082 Spiritu
1845 4025 2038 4070 sancto

471 4104 735 4172 singulari
759 4105 1039 4158 beneﬁcio
1067 4105 1246 4157 vellet.

541 4194 606 4249 V.
649 4197 808 4250 Aliud
852 4205 1109 4266 prazterea
1158 4197 1403 4250 nonnulli
1433 4198 1499 4251 de
1531 4197 1717 4252 eodem
1761 4197 2038 4253 Melchise-

470 4291 605 4346 deco
640 4290 934 4345 somniant.
969 4288 1248 4358 Ejusmodi
1275 4290 1422 4343 enim
1459 4290 1707 4344 homines
1738 4291 2037 4344 carnaliter

469 4382 765 4436 examinati
804 4391 932 4435 sunt
955 4381 1009 4434 ‘z
1053 4397 1174 4433 cum
1211 4382 1528 4451 spiritaliter
1557 4398 1619 4436 ea
1650 4398 1771 4452 qua:
1801 4383 1868 4437 ab
1892 4383 2034 4452 Apo-

2138 536 2211 599 ὡς
2259 531 2401 589 οὗτοι
2451 536 2808 604 φαντάζονται
2851 536 2978 604 περὶ
3015 534 3108 588 τοῦ
3151 533 3502 603 Μελχισεδέκ.
3536 534 3551 564 ¹
3581 535 3704 587 Ὀτι

2141 628 2238 696 μὲν
2270 627 2377 698 γὰρ
2426 628 2631 689 δίκαιος
2666 627 2902 700 ὑπῆρχε,
2942 627 3035 680 καὶ
3079 626 3256 699 ἱερεὺς
3288 624 3381 678 τοῦ
3421 624 3575 687 Θεοῦ,
3609 627 3703 678 καὶ

2140 719 2389 788 βασιλεὺς
2418 720 2514 789 τῆς
2562 719 2769 790 Σαλὴμ,
2812 719 2924 772 ἀλλ’
2951 721 3051 772 οὐκ
3091 721 3148 772 ἐν
3188 717 3398 788 οὐρανῷ
3425 719 3700 788 ὑπάρχων,

2140 812 2230 864 καὶ
2261 813 2354 864 ἀπ’
2400 812 2628 882 ούρανοῦ
2668 811 3076 882 καταϐεϐηκὼς.
3112 811 3319 877 Οὐδείς
3363 811 3472 879 γὰρ
3499 809 3704 864 ἀναϐέ-

2139 906 2318 969 ϐηκεν
2345 907 2430 970 είς
2465 904 2570 956 τὸν
2600 903 2878 971 οὐρανὸν,
2903 906 2954 956 εὶ
2989 903 3076 971 μὴ
3125 906 3158 956 ὀ
3195 903 3262 955 ἐκ
3302 902 3405 956 τοῦ
3445 901 3701 969 οὐρανοῦ

2139 997 2420 1062 καταϐὰς,
2451 999 2483 1050 ό
2519 995 2647 1059 Υἱὸς
2675 991 2779 1050 τοῦ
2810 995 3143 1062 ἀνθρώπου,
3176 994 3338 1064 φησιν
3375 996 3404 1046 6
3431 993 3581 1060 ἅγιος
3610 995 3704 1045 καὶ

2139 1087 2373 1158 ἀψευδὴς
2403 1087 2534 1150 Θεὸς
2570 1089 2771 1157 Λόγος’
2808 1089 2905 1158 τὴν
2950 1087 3005 1140 δὲ
3051 1085 3202 1150 τάξιν
3235 1084 3329 1138 τοῦ
3373 1085 3703 1154 Μελχισεδὲκ

2139 1179 2544 1250 κρατύνουσαή
2587 1180 2706 1233 θεία
2748 1179 2970 1250 Γραφὴ,
3011 1179 3103 1230 καὶ
3140 1177 3202 1230 τὸ
3258 1177 3482 1246 Πνεῦμα
3527 1174 3705 1246 ῥητῶς

2138 1269 2420 1333 διδάσκον,
2466 1271 2564 1340 τὴν
2595 1269 2882 1340 μετάθεσιν
2915 1267 3080 1334 ἔδειξε
3128 1266 3228 1336 τῆς
3259 1266 3552 1338 ἱερωσύνης
3595 1265 3705 1325 ἀπὸ

2137 1363 2236 1434 τῆς
2271 1362 2502 1426 παλαιᾶς
2527 1361 2846 1431 συναγωγῆς
2867 1361 2962 1414 καὶ
2994 1360 3087 1413 τοῦ
3125 1360 3275 1424 ἔθους
3306 1360 3385 1423 είς
3423 1358 3541 1420 ἔθος
3575 1359 3702 1412 κάλ-

2138 1453 2316 1506 λιστον
2342 1453 2432 1504 καὶ¹
2462 1451 2785 1523 ὑπέρτατον,
2819 1453 2913 1504 καὶ
2944 1452 3002 1504 οὐ
3035 1451 3258 1522 μέτοχον
3292 1449 3555 1521 σαρκικῆς
3590 1449 3703 1501 δια-

2137 1543 2298 1613 δοχῆς
2344 1543 2639 1614 ἡνωμένον.
2691 1543 2748 1594 Ὀ
2785 1541 2892 1607 γὰρ
2922 1541 3254 1612 Μελχισεδὲκ
3296 1541 3325 1592 6
3369 1541 3521 1605 ἅγιος
3552 1533 3707 1600 οὗτος

2139 1635 2319 1687 οὐκέτι
2348 1637 2463 1704 μετ’
2495 1634 2655 1686 αὑτὸν
2685 1632 2932 1703 διαδοχὴν
2965 1631 3214 1702 ἔσχηκεν,
3244 1631 3358 1684 ἀλλ’
3396 1630 3516 1683 οὗτε
3545 1630 3707 1698 ἀφαί-

2145 1745 2290 1797 ρεσιν
2333 1728 2431 1797 τῆς
2466 1726 2796 1796 ἱερωσύνηςο
2835 1727 3016 1795 ἔμεινε
3073 1723 3180 1794 γὰρ
3222 1724 3380 1788 αὐτὸς
3413 1724 3588 1793 ἱερεὺς
3614 1723 3704 1774 τὸν

2139 1818 2312 1870 πάντα
2347 1817 2534 1888 χρόνον
2557 1817 2654 1886 τῆς
2689 1815 2852 1869 αὑτοῦ
2877 1815 3039 1885 ζωῆς.
3080 1816 3188 1869 Kal
3216 1814 3294 1866 ἑτι
3328 1816 3396 1866 ἐν.
3417 1816 3482 1884 τῇ
3516 1813 3711 1884 Γραφῇ

2138 1908 2318 1978 ᾅδεται
2365 1910 2562 1980 ἱερεὺς,
2601 1906 2826 1978 μηδενὸς
2858 1906 3035 1959 αὐτῶν
3071 1904 3534 1976 διαδεξαμένου,ῆ
3579 1905 3708 1957 ἀνα-ε

2135 2000 2432 2071 τρέψαντος
2475 2001 2572 2070 τὴν
2629 2001 2768 2053 κατά
2815 2000 2905 2050 τὸν
2961 1997 3150 2068 χρόνον
3195 1995 3358 2048 αὑτοῦ
3408 1994 3709 2065 ὑπηρεσίαν

2138 2091 2238 2160 τῆς
2286 2091 2603 2162 ἱερωσύνης.
2633 2090 2789 2142 υῦτω
2833 2091 2925 2142 καὶ
2971 2091 2999 2141 6
3046 2087 3248 2159 Κύριος
3282 2086 3458 2157 ἡμῶν,
3491 2087 3589 2138 οὐκ
3630 2084 3708 2137 ῶν

2136 2179 2452 2251 ἄνθρωπος,
2487 2179 2620 2232 ἀλλά
2650 2180 2712 2232 ἐκ
2763 2179 2896 2232 Θεοῦ
2961 2179 3114 2246 ἆγιος
3155 2177 3287 2240 Θεὸς
3329 2177 3536 2244 Λόγος,
3580 2175 3706 2237 Υἱὸς

2137 2271 2270 2323 Θεοῦ
2295 2272 2572 2342 γεννηθεὶς
2603 2271 2853 2342 ἀνάρχως
2877 2271 2968 2323 καὶ
2993 2269 3260 2340 ἀχρόνως,
3286 2269 3372 2321 ἀεὶ
3403 2269 3497 2320 σὺν
3532 2267 3704 2337 Πατρὶ

2137 2363 2232 2426 ὢν,
2283 2363 2569 2435 γενόμενος
2621 2364 2689 2416 δι’
2717 2364 2864 2433 ἡμᾶς
2910 2364 2973 2414 ἐκ
3017 2362 3235 2431 Μαρίας
3273 2361 3576 2431 ἄνθρωπος,
3613 2357 3706 2412 καὶ

2136 2456 2238 2508 οὐκ
2279 2454 2384 2508 ἀπὸ
2430 2455 2738 2526 σπέρματος
2794 2453 3003 2524 ἀνδρός.
3037 2453 3146 2523 Τὴν
3187 2453 3244 2506 δέ
3290 2451 3585 2523 ἱερωσύνην
3630 2450 3705 2520 τῷ

2138 2547 2312 2616 Πατρὶ
2359 2547 2674 2617 προσφέρει.
2705 2546 2761 2612 ἐξ
2803 2545 3216 2616 ἁνθρωπότητος
3253 2546 3314 2598 τὸ
3349 2544 3574 2617 φύραμα
3609 2543 3703 2596 λα-

2138 2638 2267 2703 ϐὼν,
2295 2639 2382 2691 ἵνα
2406 2638 2545 2709 ὑπὲρ
2573 2638 2728 2707 ἡμῶν
2771 2639 2947 2708 ἱερεὺς
2991 2640 3230 2708 καταστῇ
3258 2636 3398 2690 κατά
3431 2637 3529 2708 τὴν
3557 2635 3706 2699 τάξιν

2137 2729 2488 2800 Μελχισεδὲκ,
2514 2731 2610 2801 τὴν
2646 2730 2719 2800 μὴ
2751 2729 2976 2800 ἔχουσαν
3011 2729 3277 2799 διαδοχήν.
3307 2728 3474 2781 Μένει
3502 2727 3609 2799 γὰρ
3638 2727 3705 2781 τὰ

2140 2823 2278 2893 ὑπὲρ
2307 2823 2462 2892 ἡμῶν
2491 2824 2570 2883 είς
2603 2822 2663 2877 τὸ
2693 2822 2935 2892 διηνεκὲς
2974 2821 3121 2892 δῶρα
3161 2820 3511 2893 προσφέρων·
3560 2821 3708 2891 πρῶ-

2138 2931 2229 2967 τον
2261 2915 2359 2983 μέν
2406 2915 2593 2966 ἑαυτὸν
2632 2912 3022 2984 προσενέγκας,
3059 2914 3146 2966 ἵνα
3185 2913 3322 2985 λύσῃ
3365 2912 3557 2966 θυσίαν
3603 2929 3709 2964 πα-

2137 3007 2294 3070 λαιᾶς
2320 3006 2602 3078 διαθήκης,
2637 3007 2734 3078 τὴν
2764 3007 3142 3075 ἐντελεστέραν
3172 3005 3350 3069 ζῶσαν
3396 3007 3536 3076 ὑπὲρ
3574 3023 3708 3059 παν⁴

2139 3099 2229 3162 τὸς
2261 3099 2464 3168 κόσμου
2492 3100 2850 3170 ἱερουργήσας
2875 3117 2887 3130 ·
2924 3099 3083 3160 αὐτὸς
3111 3100 3323 3169 ἱερεῖον,
3348 3097 3508 3161 αὐτὸς
3538 3096 3707 3168 θῦμα,

2140 3191 2300 3252 αὐτὸς
2324 3192 2517 3261 ἱερεὺς,
2553 3191 2712 3254 αὐτὸς
2747 3190 3147 3262 θυσιαστήριον,
3181 3191 3340 3253 αὐτὸς
3368 3190 3517 3255 Θεὸς,
3549 3190 3712 3252 αὐτὸς

2139 3281 2445 3352 ἅνθρωπος,
2482 3283 2641 3346 αὐτὸς
2681 3283 2951 3352 βασιλεὺς,
2987 3283 3147 3346 αὐτὸς
3203 3283 3510 3353 ἀρχιερεὺς,
3548 3281 3711 3344 αὐτὸς

2139 3373 2424 3444 πρόϐατον,
2471 3373 2630 3436 αὐτὸς
2657 3373 2859 3442 ἀρνίον,
2892 3375 2965 3426 τὰ
3001 3371 3197 3426 πάντα
3230 3372 3302 3425 ἐν
3340 3369 3530 3425 πᾶσιν
3561 3371 3706 3439 ὑπὲρ

2138 3462 2292 3532 ἡμῶν
2336 3464 2643 3533 γενόμενος,
2681 3465 2767 3515 ἵνα
2803 3466 2934 3533 ἡμῖν
2975 3464 3086 3532 ζωὴ
3129 3463 3267 3516 κατὰ
3301 3463 3477 3516 πάντα
3509 3461 3715 3531 τρόπον

2141 3551 2383 3622 γένηται,
2432 3553 2524 3604 καὶ
2561 3552 2657 3622 τῆς
2700 3551 2995 3622 ἱερωσύνης
3028 3550 3192 3604 αὑτοῦ
3235 3551 3296 3603 τὸ
3336 3550 3712 3620 ἀμετάστατον

2139 3643 2416 3714 ἑδραίωμα
2435 3645 2514 3706 εἰς
2537 3645 2660 3706 τοὺς
2689 3642 2887 3705 αἰῶνας
2919 3641 3322 3713 ἀπεργάσηται,
3357 3639 3538 3693 οὐκέτι
3568 3637 3710 3691 κατὰ

2141 3734 2363 3806 σπέρμα
2410 3735 2506 3799 τὰς
2561 3735 2809 3805 διαδοχὰς
2857 3733 3125 3806 μερίζων,
3171 3733 3304 3787 ἀλλά
3347 3731 3488 3785 κατὰ
3527 3732 3586 3784 τὸ
3631 3731 3710 3783 δι-

2139 3825 2356 3894 καίωμα
2409 3823 2769 3892 φυλάττεσθαι
2825 3824 2882 3876 ἐν
2924 3823 3200 3894 Πνεύματι
3252 3821 3390 3891 ἁγίῳ
3436 3820 3713 3891 δωρούμε-

2140 3933 2247 3978 νος.

2209 4202 2284 4254 E'.
2326 4200 2656 4266 Φαντάζουσι
2696 4200 2753 4252 δὲ
2795 4200 2943 4252 ἄλλοι
2984 4197 3111 4268 περὶ
3148 4197 3338 4250 τούτου
3383 4194 3476 4248 τοῦ
3507 4194 3709 4264 Μελχι-

2141 4293 2304 4346 σεδέκι
2329 4292 2598 4361 λέγοντες.
2622 4290 2907 4362 Σαρκικῶς
2939 4289 3046 4361 γὰρ
3076 4289 3125 4342 οἱ
3166 4287 3395 4341 τοιοῦτοι
3423 4284 3714 4356 ἀνεκρίθη-

2141 4401 2261 4447 σαν,
2293 4381 2677 4454 πνευματικῶς
2717 4382 2790 4454 μὴ
2816 4382 3130 4452 νενοηκότες
3161 4379 3229 4432 τὰ
3277 4379 3381 4432 ὑπὸ
3415 4375 3509 4431 τοῦ
3551 4375 3712 4445 ἁγίου

470 4479 612 4530 stolo
635 4478 688 4530 in
712 4475 949 4544 Epistula
973 4475 1038 4528 ad
1068 4455 1326 4530 llebrabos
1345 4476 1491 4528 dicta
1518 4487 1665 4537 sunt,
1689 4491 2032 4545 nequaquam

2156 4477 2475 4530 Ἀποστόλου
2500 4478 2556 4528 ἐν
2578 4477 2644 4546 τῇ
2679 4474 2964 4544 Ἐπιστολῇ
2993 4475 3059 4543 τῇ
3090 4471 3226 4540 πρὸς
3258 4470 3538 4540 Ἐϐραίους
3558 4471 3710 4539 εἰρη-

469 4567 858 4622 intellexerint.
915 4565 1281 4630 Quamobrem
1334 4564 1530 4619 llierax
1581 4565 2034 4621 Mclchisedecum

473 4660 734 4728 Spiritum
772 4673 894 4711 csse
939 4666 1186 4710 sanctum
1223 4656 1518 4717 existimat,
1568 4656 1713 4724 quod
1756 4657 1828 4710 ita
1878 4657 1945 4711 de
1970 4672 2038 4712 eo

471 4756 736 4822 scriptum
787 4752 858 4805 sit
892 4770 908 4803 ι
937 4749 1277 4802 Assimilatus
1327 4747 1469 4801 Filio
1515 4747 1627 4802 Dei.
1673 4748 1851 4804 Manet
1901 4751 2037 4807 enim

467 4843 714 4898 sacerdos
777 4844 830 4895 in
883 4849 1186 4908 perpetuum
1213 4840 1255 4890 ⁵.
1319 4840 1471 4904 Quod
1509 4845 1576 4896 ,ει
1617 4841 1739 4893 aliis
1793 4840 2036 4908 Apostoli

468 4939 650 4993 verbis
679 4937 985 4990 illustratur
1045 4949 1166 4986 cum
1205 4931 1339 4984 dicit
1367 4947 1378 4982 ε
1410 4931 1638 5000 Spiritus
1667 4949 1782 4985 vero
1813 4949 1905 4999 pro
1942 4951 2037 4986 no-

472 5031 550 5083 bis
590 5026 824 5096 postulat
855 5025 1132 5095 gemitibus
1159 5023 1606 5077 inenarrabilibus
1629 5024 1670 5077 °.
1707 5025 1774 5078 At
1801 5025 1894 5094 qui
1923 5024 2039 5094 Spi-

470 5123 611 5176 ritus
668 5118 842 5174 sancti
880 5117 1168 5170 interiores
1214 5131 1408 5170 sensus
1448 5117 1618 5178 novit,
1666 5132 1772 5170 non
1824 5117 2040 5186 ignorat

471 5215 622 5269 illum
657 5210 764 5265 Deo
793 5225 887 5280 pro
914 5210 1103 5262 electis
1135 5207 1464 5277 supplicare.
1490 5207 1593 5262 Sed
1623 5219 1677 5262 ct
1712 5209 1815 5263 iste
1848 5210 2036 5263 nihilo-

471 5306 653 5358 minus
689 5318 718 5356 a
774 5301 1055 5372 proposito
1104 5301 1320 5370 penitus
1371 5299 1660 5352 aberravit.
1728 5299 1844 5353 Non
1890 5301 2036 5363 enim

474 5412 710 5466 unquam
746 5395 982 5464 Spiritus
1017 5401 1241 5448 sanctus
1273 5408 1490 5447 carnem
1527 5393 1724 5447 induit.
1765 5392 1882 5458 Qua
1915 5393 2037 5461 qui-

472 5487 593 5541 dem
623 5487 666 5540 si
697 5487 894 5548 caruit,
917 5485 1028 5540 Rex
1053 5501 1177 5539 esse
1205 5483 1406 5549 Salem,
1431 5493 1524 5536 aut
1552 5484 1697 5538 illius
1725 5485 1828 5537 loci
1863 5499 2039 5539 sacer-

473 5578 573 5636 dos
605 5595 712 5632 non
749 5579 941 5648 potuit.
972 5575 1173 5632 Verum
1205 5576 1582 5648 Opportuniori
1615 5584 1878 5646 tempore,
1912 5591 2034 5630 cum

546 5737 568 5772 ‘
609 5733 763 5790 Deest
806 5734 1048 5792 verbum.
1127 5739 1145 5768 ²
1177 5733 1332 5791 Joan.
1363 5751 1442 5794 tu.
1481 5737 1564 5789 l3.

1643 5737 1661 5765 ³
1694 5737 1710 5790 l
1744 5737 1867 5790 Cor.
1902 5753 1989 5800 xv,
2017 5736 2108 5791 28.

2147 4569 2304 4640 μένα.
2337 4569 2445 4621 Καὶ
2475 4569 2504 4619 6
2554 4567 2653 4637 μὲν
2691 4565 2864 4635 Ἱέραξ
2896 4563 3084 4617 τοῦτον
3125 4561 3333 4632 νομίζει
3376 4559 3710 4630 Μελχισεδὲκ

2145 4655 2282 4712 εἶναι
2319 4658 2378 4711 τὸ
2411 4658 2633 4726 Πνεῦμα
2671 4657 2732 4709 τὸ
2766 4656 2938 4724 ἅγιον,
2966 4655 3052 4707 διὰ
3104 4653 3706 4721 τὸ,Ἄρομοιούμενον,

2144 4749 2298 4818 φησὶ,
2343 4748 2423 4813 τῷ
2462 4749 2570 4813 Υἰῴ
2598 4747 2702 4800 τοῦ
2753 4746 2920 4799 Θεοῦ.
2956 4745 3132 4798 Μένει
3160 4742 3268 4812 γὰρ
3295 4740 3488 4810 ἱερεὺς
3528 4742 3614 4804 είς
3643 4739 3711 4792 τὸ

2143 4838 2448 4908 διηνεκέςο
2477 4839 2550 4902 ὡς
2595 4838 2701 4891 ἀπὸ
2749 4837 2846 4905 τῆς
2889 4836 3122 4899 λέξεως,
3161 4829 3229 4904 ἧς
3281 4829 3434 4885 εἶπεν
3481 4833 3509 4883 6
3559 4831 3711 4896 ἆγιος

2157 4931 2473 4992 Ἀπόστολος
2498 4947 2509 4957 ·
2549 4929 2617 4983 Τὸ
2652 4927 2719 4980 δὲ
2759 4928 3000 4996 Πνεῦμα
3039 4921 3541 4992 ὑπερεντυγχάνει
3577 4938 3710 4975 στε-

2145 5023 2392 5092 ναγμοῖς
2426 5020 2779 5086 ἀλαλήτοις·
2805 5020 2834 5075 ὁ
2864 5018 2919 5070 δὲ
2963 5017 3323 5084 ἐπιστάμενος
3357 5015 3418 5067 τὸ
3456 5012 3710 5083 φρόνημα
3739 5048 3744 5058 ί

2143 5115 2239 5167 τοῦ
2286 5113 2598 5182 Πνεύματος
2626 5106 2785 5172 οἶδεν,
2815 5110 2894 5162 ὅτι
2929 5109 3068 5177 ὑπὲρ
3094 5105 3362 5160 ἐκλεκτῶν
3395 5102 3707 5171 ἐντυγχάνει

2144 5209 2222 5278 τῷ
2251 5206 2388 5276 Θεῷ.
2428 5204 2681 5268 Ἐξέπεσε
2712 5203 2768 5255 δέ
2806 5203 2898 5254 καὶ
2945 5195 3096 5262 οὗτος
3140 5195 3417 5258 παντελῶς
3442 5195 3536 5247 τοῦ
3579 5209 3711 5264 προ-

2146 5298 2418 5365 κειμένου.
2449 5297 2530 5359 Οὐ,
2559 5293 2668 5364 γὰρ
2702 5293 2877 5362 σάρκα
2911 5289 3196 5344 ἐνεδύσατο
3216 5287 3277 5340 τὸ
3305 5284 3531 5355 Πνεῦμα
3557 5300 3706 5336 ποτε.

2146 5391 2332 5459 Σάρκα
2364 5388 2418 5440 δὲ
2457 5388 2531 5457 μὴ
2557 5385 2936 5454 ἐνδυσάμενον,
2975 5382 3074 5434 οὐκ
3110 5377 3252 5450 εἶχεν
3291 5375 3428 5433 εἶναι
3459 5370 3710 5446 βασιλεὺς

2144 5483 2242 5551 τῆς
2271 5481 2491 5550 Σαλὴμ,
2543 5480 2637 5532 καὶ
2684 5477 2860 5547 ἱερεὺς
2892 5475 3056 5527 τόπου
3098 5473 3261 5534 τινός.
3291 5469 3481 5542 Καιρῷ
3522 5469 3579 5521 δέ
3622 5468 3708 5519 ὅτε

2146 5575 2275 5644 περὶ
2316 5574 2505 5626 τούτου
2547 5571 2637 5623 τοῦ
2684 5570 2922 5640 Ἱέρακος
2961 5564 3182 5633 καὶτῆς
3237 5561 3399 5617 αὑτοῦ
3447 5561 3710 5633 αἱρέσεως

2187 5735 2204 5764 ⁸
2237 5731 2279 5786 ll
2316 5735 2440 5789 (ζον.
2472 5750 2529 5799 ιι,
2569 5731 2648 5787 14.
2727 5732 2747 5761 ⁵
2775 5728 2935 5785 Hebr.
2971 5744 3066 5796 vti,
3097 5726 3151 5781 5.
3228 5726 3248 5756 ⁶
3274 5722 3430 5778 Rom.
3471 5736 3597 5786 vni,
3617 5718 3708 5775 ΞΕ.
