4176 6386
441 317 538 370 981

1130 317 1503 376 ADVERSUS
1538 321 1877 378 l-lAﬂﬂESES
1916 321 2044 378 LIB.
2087 319 2152 374 11.
2195 318 2358 375 ΤΟΜ.
2390 320 2507 374 1.-
2546 319 2822 375 ΙΗΕΒΕΞ.
2858 318 2965 372 LV.

3590 321 3700 377 982

442 431 540 502 τὴν
573 432 880 504 ἀνατροπὴν
916 433 1232 505 ποιήσομαι,
1266 437 1386 490 τότε
1428 438 1486 491 ὲν
1516 439 1707 492 πλάτει
1738 443 1868 511 περὶ
1898 439 2008 492 τούς

2146 434 2370 490 lieracis
2404 435 2550 488 illius
2592 435 2838 488 haeresim
2881 431 3148 497 refellam,
3191 431 3258 487 de
3297 432 3366 487 iis
3401 432 3536 501 ipsis
3567 432 3702 487 ube-

443 542 548 576 των
575 523 927 594 διηγήσομαι.
968 525 1082 595 Τῆς
1117 526 1173 578 δὲ
1217 527 1536 592 ἀκολουθίας
1577 531 1644 584 τὰ
1685 529 1779 582 νῦν
1831 531 2022 601 ἐπιλή-

443 613 635 684 ψομαι,
667 615 808 666 πόσα
843 614 900 666 δὲ
944 618 1069 686 περὶ
1119 616 1306 669 τούτου
1349 617 1441 671 τοῦ
1489 619 1822 690 Μελχισεδὲκ
1876 621 2023 674 ἄλλοι

446 705 826 772 φαντάζονται.

519 793 611 859 ς’.
656 795 993 864 Σαμαρεῖται
1045 796 1143 866 μὲν
1189 795 1298 867 γὰρ
1344 798 1530 852 τοῦτον
1559 800 1666 870 (81)
1717 801 2025 872 νομίζουσιν

447 881 585 938 εἶναι
607 885 698 939 τὸν
727 885 744 916 ⁸
772 885 908 955 (υἱὸν
931 885 1045 958 τοῦ)
1070 888 1192 958 Σήμ
1211 905 1224 916 ·
1255 889 1651 958 καταγέλαστοι
1675 891 1732 944 δὲ
1757 893 1848 946 καὶ
1876 894 2029 946 αὐτοὶ

449 974 859 1045 εὑρεθήσονται.
919 975 1353 1048 Ἀσφαλιζομένη
1410 979 1520 1050 γὰρ
1567 982 1600 1051 ἡ
1654 981 1772 1035 θεία
1838 983 2027 1054 Γραφὴ

450 1067 627 1120 πάντα
665 1065 802 1136 μετὰ
833 1067 1104 1134 εὐταξίας,
1141 1069 1286 1123 κατὰ
1311 1071 1487 1125 πάντα
1520 1071 1774 1143 ἀλήθειαν
1801 1072 2029 1147 ὠχύρω-

454 1176 567 1225 σεν,
593 1159 693 1212 οὐκ
724 1161 814 1231 εἰς,
838 1160 1014 1231 μάτην
1047 1163 1172 1225 τοὺς
1200 1162 1424 1233 χρόνους
1449 1164 1657 1230 τάξασα
1691 1165 1785 1220 καὶ
1813 1165 1883 1219 τὰ
1911 1165 2028 1236 ἐτη.

456 1250 586 1302 Ὅτε
635 1249 745 1320 γὰρ
806 1248 1056 1320 Ἀϐραὰμ
1099 1251 1395 1322 ὑπῆρχεν(
1409 1252 1512 1323 85)
1561 1253 2032 1323 ὀγδοηκονταοκτὼ

456 1341 617 1406 ἐτῶν,
652 1342 687 1412 ἢ
729 1341 822 1394 καὶ
859 1343 1202 1411 ἐνενήκοντα,
1226 1343 1454 1413 πλείωῆ
1505 1344 1736 1408 ἐλάσσω,
1769 1347 1798 1399 ὁ
1831 1345 2035 1416 Μελχι-

457 1431 612 1486 σεδὲκ
654 1432 801 1502 αὐτῷ
848 1433 1068 1504 ἀπήντα
1096 1434 1238 1498 τότε,
1271 1434 1364 1488 καὶ
1401 1434 1688 1499 ἐξέϐαλεν
1740 1435 1902 1502 αὺτῷ
1933 1437 2036 1505 ἆρ-

455 1541 560 1577 τον
590 1523 698 1593 (86)
751 1524 847 1578 καὶ
885 1520 1087 1588 οἶνον,
1125 1525 1416 1596 προτυπῶν
1451 1525 1557 1581 τῶν
1613 1528 1928 1599 μυστηρίων
1969 1528 2035 1582 τὰ

456 1613 784 1684 αἰνίγματα,
820 1615 1088 1667 ἀντίτυπα
1141 1615 1234 1668 τοῦ
1290 1617 1495 1687 Κυρίου
1541 1618 1717 1688 ἡμῶν,
1766 1619 2032 1686 λέγοντος,

455 1707 536 1758 ὅτι
584 1705 726 1774 Ἐγώ
777 1709 893 1775 εἰμι
937 1709 970 1760 ὁ
1011 1707 1187 1774 ἄρτος
1227 1711 1258 1761 ό
1292 1707 1438 1768 ζῶν·
1493 1709 1588 1762 καὶ
1638 1711 1904 1764 ἀντίτυπα
1941 1709 2034 1762 τοῦ

2129 527 2249 579 rius
2281 525 2594 594 disputabo.
2642 523 2797 578 Nunc
2833 532 2891 576 ut
2933 524 3126 577 ordine
3159 531 3354 576 caetera
3402 533 3702 591 pertexafn,

2128 633 2266 687 quas
2298 617 2364 670 de
2397 615 2793 669 Melcliisedceo
2816 617 2904 668 alii
2947 614 3157 668 fabulas
3188 621 3395 675 serant,
3430 613 3534 667 hoc
3583 615 3705 667 loco

2129 724 2454 778 proponam.

2199 799 2290 853 Vl.
2332 799 2502 868 Igitur
2535 797 2870 853 Samaritani
2921 794 3043 848 Setn
3077 810 3200 850 esse
3231 795 3380 849 illum
3433 794 3706 847 arbitran-

2132 901 2240 947 tur.
2283 891 2341 946 ln
2385 907 2495 961 quo
2544 891 2762 945 ridiculi
2793 891 2952 960 plane
3002 897 3149 944 sunt.
3198 886 3476 957 Siquidem
3519 887 3701 939 divitia

2132 982 2416 1052 Scriptura
2469 994 2838 1036 consentanee
2884 988 3084 1035 cuncta
3137 995 3199 1032 ac
3240 994 3482 1048 congrue
3534 978 3706 1031 stabi-

2133 1075 2292 1138 liens,
2324 1073 2745 1130 corroboranda:
2792 1073 2849 1126 in
2909 1071 3165 1126 omnibus
3197 1069 3414 1125 veritati
3471 1067 3700 1130 studuit,

2134 1181 2308 1234 neque
2356 1164 2561 1218 frustra
2617 1171 2924 1233 temporum
2960 1176 3335 1231 annorumque
3377 1161 3572 1216 seriem
3609 1175 3704 1212 ex-

2134 1255 2356 1326 pressit.
2420 1255 2557 1311 Cum
2629 1255 2815 1323 itaque
2869 1253 3216 1308 Abrahamus
3268 1251 3702 1321 octuagesimum

2134 1356 2390 1400 octavum
2423 1387 2437 1409 ,
2499 1346 2583 1401 vel
2645 1346 3059 1414 nonagesimum
3115 1344 3476 1413 plus-minus
3527 1343 3704 1398 anatis

2137 1453 2337 1492 annum
2364 1445 2568 1507 ageret,
2600 1438 2650 1500 ei
2683 1435 3110 1492 Melchisedecus
3137 1435 3398 1496 occurrit,
3426 1449 3490 1487 ac
3517 1447 3702 1500 panem

2136 1529 2236 1596 ipsi
2284 1531 2560 1598 vinumque
2607 1529 2900 1596 protulit,'.
2952 1527 3070 1593 Quo
3125 1525 3267 1579 facto
3321 1525 3699 1595 mysteriorum

2137 1620 2566 1689 signiﬁcationes
2624 1617 2990 1676 adumbravit,
3047 1631 3166 1684 quae
3216 1612 3428 1665 Domini
3478 1611 3705 1678 ﬁguram

2138 1712 2556 1780 expriinebant,
2599 1711 2690 1779 qui
2730 1709 2911 1763 dixit:
2975 1706 3087 1776 Ego
3139 1722 3254 1759 sum
3310 1704 3462 1771 panis
3502 1700 3702 1755 vivus'.

457 1795 686 1866 αἵματος
733 1796 827 1849 τοῦ
863 1797 925 1848 ἐκ
959 1796 1058 1866 τῆς
1093 1799 1333 1868 πλευρᾶς
1385 1798 1549 1855 αὑτοῦ
1591 1801 1903 1870 νυχθὲντος,
1941 1801 2032 1853 καὶ

2144 1801 2244 1856 Sed
2286 1811 2338 1857 et
2385 1802 2671 1870 sanguinis
2728 1801 2876 1854 illius
2920 1798 3167 1868 ﬁguram,
3210 1797 3300 1865 qui
3335 1812 3364 1848 e
3415 1795 3694 1862 perforato

461 1885 749 1957 ῥεύσαντος
778 1891 857 1950 είς
885 1886 1149 1956 κάθαρσιν
1179 1888 1286 1941 τῶν
1323 1890 1753 1960 κεκοινωμένων,
1785 1892 1877 1944 καὶ
1907 1894 2033 1962 ῥαν-

457 1979 678 2048 τισμὸν,
724 1979 817 2031 καὶ
857 1979 1130 2049 σωτηρίαν
1167 1980 1276 2032 τῶν
1309 1981 1591 2053 ἡμετέρων
1629 1981 1834 2052 ψυχῶν.
1883 1984 1940 2035 Ὀ
1977 1983 2036 2039 δὲ

457 2068 550 2121 τοῦ
585 2069 834 2142 Ἀϐραὰμ
866 2069 1049 2141 πατὴρ
1080 2070 1192 2142 (87)
1236 2072 1424 2144 Θάρῤα
1472 2072 1869 2143 ἑϐδομηκοστὸν
1904 2091 2036 2126 κατ-

2141 1895 2313 1963 ipsius
2346 1895 2514 1947 latere
2547 1894 2612 1946 ad
2642 1909 2853 1949 eorum.
2889 1893 2980 1962 qui
3013 1890 3278 1959 inquinati
3309 1897 3483 1947 erant,
3518 1886 3704 1954 expia—

2139 1987 2340 2039 tionem
2373 1984 2857 2054 aspersiouemque
2907 1981 3167 2035 manavit.
3200 1978 3318 2033 Jam
3369 1992 3499 2032 vero
3530 1975 3709 2029 Thare

2146 2075 2548 2146 septuagesimo
2598 2073 2772 2128 anatis
2831 2087 2976 2126 anno
3031 2071 3404 2125 Abrahamum
3454 2067 3638 2138 genuit
3664 2065 3706 2118 ⁸.

535 2227 548 2301 ξ
575 2225 650 2280 Ex
683 2226 752 2281 iis
781 2243 906 2301 quin
935 2237 1248 2300 sequuntur
1279 2229 1674 2301 expungendas
1700 2245 1824 2284 esse
1853 2230 1992 2285 duas
2020 2230 2143 2285 illas
2171 2246 2333 2286 voces
2365 2228 2657 2299 intelliges.
2735 2229 2755 2258 ²
2783 2226 2918 2282 Gen.
2956 2242 3065 2290 xw,
3105 2225 3193 2278 18.
3269 2225 3288 2254 ³
3313 2221 3474 2278 Joan.
3516 2237 3591 2284 vr,
3618 2221 3707 2275 5i.

461 2300 482 2330 ⁸
510 2296 646 2352 Gen.
687 2314 764 2362 ιι,
791 2296 880 2350 ‘26.

533 2454 642 2524 (84)
684 2453 1032 2524 Σαμαρεῖται
1071 2451 1188 2522 μὲν
1225 2451 1618 2524 γὰρ-τοῦτον.
1670 2450 1746 2524 Ita
1794 2452 2035 2524 sensisse

463 2520 680 2579 Judzeos
708 2520 949 2578 declarat
978 2520 1197 2577 llicron.
1230 2520 1296 2575 ad
1331 2520 1614 2589 Evagrium
1649 2523 1808 2590 epist.
1846 2523 1948 2576 126
1983 2535 2036 2578 et

463 2612 528 2650 ex
560 2595 832 2649 Midrasch
875 2595 1058 2660 Agada
1089 2593 1249 2646 docet
1288 2591 1351 2644 Β.
1398 2590 1652 2647 Selomoh
1695 2593 1746 2644 in
1783 2607 1873 2644 xw
1905 2592 2030 2646 Gen.

465 2681 565 2718 nec
597 2680 704 2718 non
741 2673 796 2718 et
834 2664 982 2718 Aben
1019 2662 1210 2717 Hezra.
1245 2661 1355 2717 Nec
1392 2662 1616 2732 dubium
1649 2670 1754 2723 est,
1795 2663 1927 2732 quin
1967 2680 2035 2717 ex

467 2733 816 2789 Hebraeorum
841 2742 893 2787 et
915 2733 1230 2786 Latinorum
1251 2731 1556 2787 rationibus
1579 2731 1880 2799 congruant
1907 2742 2036 2788 tem-

467 2820 620 2873 pora.
664 2803 795 2856 Nam
828 2804 1137 2856 Abrahamo
1165 2801 1467 2870 supervixit
1505 2802 1628 2856 Sem
1661 2817 1834 2856 annos
1869 2819 2030 2856 xxxv.

465 2874 535 2926 At
565 2891 630 2928 ex
659 2873 800 2927 LXX
847 2873 1132 2927 Seniorum
1177 2873 1414 2926 editione
1457 2888 1796 2942 nequaquam
1838 2887 2037 2926 convc-

467 2946 662 3008 niuut;
695 2953 752 2996 ut
792 2952 937 2997 recte
976 2944 1181 3009 colligit
1217 2941 1574 3011 Epiphanius.
1607 2941 1808 2998 Verutn
1839 2943 1906 2996 de
1937 2943 2038 2996 hac

466 3013 776 3070 Juda'urum
809 3024 900 3066 aut
928 3013 1394 3067 Samaritanorum
1419 3013 1694 3080 opinione,
1731 3027 1795 3065 ac
1826 3013 2040 3066 caneris

2142 2453 2350 2508 dictum
2378 2465 2482 2520 est,
2511 2457 2904 2526 propemodum
2945 2470 3166 2526 omnes;
3202 2466 3431 2526 quorum
3467 2451 3712 2526 testiino-

2143 2526 2230 2597 nia
2268 2541 2299 2578 a
2342 2520 2630 2597 catholicis
2671 2526 3040 2597 scriptoribus
3091 2523 3413 2597 jamdudum
3467 2520 3713 2597 studiose

2141 2596 2370 2650 collecta
2399 2605 2528 2651 sunt
2577 2595 2682 2651 Sed
2705 2590 2938 2650 exiinius
2972 2590 3226 2664 atquein
3259 2590 3716 2664 primisdisertiis

2141 2674 2246 2726 est,
2266 2666 2356 2734 qui
2381 2667 2514 2720 mihi
2545 2666 2684 2720 forte
2711 2681 2856 2720 nunc
2876 2660 3118 2718 occurrit
3140 2660 3431 2734 Clementis
3450 2660 3712 2734 dlesaud.

2143 2729 2297 2790 locus
2327 2736 2419 2789 lib.
2456 2755 2507 2790 iv
2540 2736 2777 2791 Strom.:
2807 2733 3137 2804 Μελχισεδὲκ
3172 2732 3421 2804 βασιλεὺς
3689 2732 3716 2782 ὁ

2144 2806 2322 2876 ἱερεὺς
2345 2806 2438 2858 τοῦ
2469 2806 2604 2858 Θεοῦ
2632 2806 2724 2859 τοῦ
2757 2799 3001 2876 ὑψίστου·
3039 2807 3067 2856 ὁ
3095 2799 3185 2876 τὴν
3210 2799 3351 2876 οἶνον
3386 2801 3482 2876 καὶ
3503 2799 3718 2876 «cusap-

2143 2870 2233 2926 τόν
2269 2875 2364 2945 τὴν
2399 2877 2739 2946 ἡγιασμένην
2783 2870 2955 2938 διδοὺς
2993 2873 3199 2946 τροφὴν
3230 2875 3309 2935 εἰς
3343 2870 3510 2924 τύπον
3542 2872 3719 2938 Εὐχα-

2149 2946 2383 3016 ριστίαςη
2419 2945 2550 3016 Vide
2578 2945 2818 3016 August.
2850 2947 3008 3015 epist.
3037 2945 3122 2997 95.

2219 3017 2329 3079 (87)
2373 3015 2425 3067 '0
2464 3015 2531 3068 δὲ
2568 3010 2969 3083 τοῦ”Λ6’ρ(ιὶὶμ
3019 3013 3235 3080 πατὴρ.
3281 3011 3434 3083 Quod
3471 3010 3716 3083 Abraha-

469 3085 536 3156 de
576 3084 967 3156 Melchisedeco
1014 3092 1255 3156 veterum
1305 3084 1586 3156 erroribus
1637 3083 1904 3156 pluribus
1931 3084 2041 3152 agit
2067 3098 2109 3156 ο
2144 3101 2292 3156 mum
2328 3100 2482 3156 anno
2512 3085 2689 3140 aetatis
2723 3081 2834 3140 suae
2877 3081 2978 3139 uix
3022 3084 3272 3156 genuerit
3305 3081 3481 3134 Thare
3515 3081 3719 3156 diserte

470 3153 693 3210 llieron.
734 3155 852 3207 loco
892 3155 1090 3218 citato;
1138 3153 1518 3220 copiosissime
1544 3169 1674 3207 vero
1705 3153 2039 3206 recentiores

471 3240 751 3279 sacrarum
784 3223 1106 3278 Litterarum
1143 3223 1469 3291 interpretes
1510 3234 1561 3276 et
1600 3224 1938 3292 chronologi,
1981 3231 2042 3275 ut

471 3312 536 3350 eo
569 3295 748 3347 minus
784 3296 836 3347 in
874 3295 974 3347 hac
1003 3296 1303 3362 qurestione
1328 3293 1658 3362 commorari
1697 3307 1922 3347 necesse
1949 3293 2042 3347 sit.

542 3366 655 3435 (85)
683 3365 812 3416 ’νοτε
842 3364 950 3434 γὰρ
995 3360 1240 3435 Ἀϐραὰμ
1268 3360 1560 3435 ὑπῆρχεν.
1602 3361 1794 3435 Falsus
1830 3372 1912 3417 est
1947 3363 2046 3416 ali-

473 3432 604 3504 quot
653 3438 810 3487 antiis
849 3432 1120 3487 numerus
1158 3434 1280 3487 iste.
1318 3432 1451 3485 Nam
1502 3441 1559 3485 ut
1589 3449 1652 3485 ex
1683 3433 1880 3486 Genes.
1915 3449 2036 3504 eap.

474 3503 560 3558 iw
610 3513 863 3567 constat,
905 3521 1079 3557 sxxxv
1117 3504 1383 3556 duntaxat
1425 3518 1692 3554 annorum
1723 3511 1841 3556 erat
1872 3503 2046 3555 Abra-

474 3576 702 3636 hamus,
744 3592 865 3627 eum
892 3578 1032 3642 Agar
1072 3574 1324 3626 ancillam
1372 3574 1544 3636 duxit,
1584 3572 1726 3642 quod
1766 3574 2038 3642 posterius

475 3653 558 3698 est
593 3647 931 3713 expeditione
968 3645 1054 3696 illa
1086 3653 1274 3696 contra
1314 3660 1465 3712 reges
1503 3659 1572 3696 tv.

548 3717 654 3783 (86‘,
692 3715 797 3770 Καὶ
823 3715 1108 3777 ἑ·ξέϐιι.ίεν
1139 3713 1298 3778 αὐτῷ
1323 3713 1524 3780 ἄρτον.
1559 3713 1816 3783 Egregius
1847 3714 1932 3768 hic
1961 3714 2039 3766 lo-

477 3799 576 3838 cus
600 3786 662 3836 ad
691 3787 946 3837 tuemlam
978 3786 1045 3837 ab
1075 3785 1451 3837 haereticorum
1483 3785 1773 3837 calumniis
1797 3801 2043 3837 cominu-

479 3871 600 3907 nem
634 3853 735 3906 Pl’.
763 3856 1002 3906 onmium
1041 3855 1419 3906 auctoritatem
1466 3869 1528 3907 ac
1565 3856 1919 3919 sententiam;
1949 3855 2040 3922 qui

479 3941 542 3977 ex
575 3925 680 3977 illis
714 3923 989 3977 Geneseos
1019 3925 1194 3977 verbis
1224 3923 1494 3977 deducere
1520 3925 1718 3983 solent,
1754 3923 2043 3978 Melchise-

479 3994 669 4048 decum
713 3995 777 4047 ad
818 4010 974 4047 usum
1010 3995 1264 4046 sacriﬁcii
1301 4007 1493 4060 panem
1523 4004 1575 4047 et
1619 3995 1802 4046 vinum
1852 4003 2042 4061 protu-

482 4065 632 4127 lisse,
665 4073 718 4117 et
752 4079 817 4116 eo
845 4065 960 4132 ipso
996 4063 1268 4116 sacriﬁcio
1296 4061 1877 4132 incruentumChristi
1918 4079 2042 4116 cor-

482 4135 630 4204 poris
661 4150 724 4186 ae
759 4131 1052 4204 sanguinis
1082 4133 1440 4204 adumlira‘sse
1483 4131 1834 4186 sacriﬁcium.
1886 4132 2042 4198 Quod

2147 3155 2430 3225 Scriptura
2459 3155 2640 3220 docet,
2674 3171 2737 3208 ac
2763 3151 3508 3225 tergiversationem‘omnem
3536 3151 3718 3225 exelu-

2144 3225 2246 3280 dit.
2274 3222 2398 3280 ‘Nee
2442 3227 2602 3279 aliter
2631 3222 2989 3280 vetrrstiSsimi
3025 3227 3227 3293 quique
3260 3222 3450 3276 Patres
3478 3236 3601 3293 eum
3644 3222 3712 3293 lo-

2145 3311 2270 3351 cum
2321 3296 2660 3366 interpretati
2714 3307 2860 3358 sunt,
2898 3303 2956 3349 ut
2989 3291 3070 3348 vel
3105 3295 3417 3366 contraria;
3440 3291 3715 3366 opinionis

2148 3367 2359 3436 patroni
2403 3361 2562 3421 fateri
2591 3373 2896 3436 coguotur;
2931 3366 3250 3436 qui_contra
3288 3363 3454 3415 lllosis
3481 3361 3719 3413 auctori—

2149 3434 2336 3498 tatem,
2378 3451 2485 3492 non
2523 3434 2778 3500 [AL—seti
2811 3452 2970 3489 cxxx.
3007 3434 3186 3488 Thare
3224 3449 3366 3486 anno
3399 3442 3584 3485 natum
3625 3446 3721 3498 pa-

2152 3507 2446 3559 triarcham
2497 3507 2750 3560 videntur
2801 3521 3066 3560 asserere.
3120 3503 3363 3557 Viderint
3405 3504 3502 3561 illi,
3553 3517 3716 3567 quam

2151 3585 2298 3629 recte
2324 3585 2404 3628 tot
2439 3578 2788 3634 saeculorum,
2814 3581 3058 3644 adeoque
3089 3574 3190 3627 PP.
3219 3575 3460 3626 oumium
3489 3588 3720 3644 conserif

2151 3663 2272 3701 sum
2302 3648 2607 3715 repudient.
2655 3645 2765 3700 Nos
2808 3663 2927 3714 qua:
2967 3647 3034 3697 ab
3069 3647 3177 3698 illis
3205 3652 3561 3715 Opponuntnr
3587 3643 3721 3693 tanti

2149 3733 2271 3771 esse
2304 3711 2411 3769 non
2440 3718 2737 3781 credimus,
2771 3711 2838 3769 uti
2857 3723 3139 3786 propterea
3169 3711 3350 3769 ludere
3374 3711 3599 3766 meridie
3624 3728 3721 3768 nt:—

2148 3787 2382 3857 gaudum
2418 3787 2510 3840 sit.

2218 3855 2336 3926 Jam
2376 3873 2506 3909 vero
2545 3858 2646 3910 hac
2683 3859 2735 3910 in
2767 3856 3177 3926 generatiouum
3215 3854 3712 3926 descriptione-ium

2150 3927 2220 3979 ab
2261 3925 2542 3980 llebraieis
2578 3926 2737 3981 modo
2769 3920 3031 3989 fontibus,
3066 3927 3157 3979 sed
3191 3926 3351 3979 etiam
3390 3920 3418 3975 a
3451 3920 3719 3978 LXXSe-

2151 3997 2364 4048 niorum
2397 3997 2663 4060 numeris,
2697 3995 3002 4065 cujusmodi
3038 3995 3197 4048 hodie
3231 4003 3467 4065 exstant,
3499 3992 3715 4044 aberrat
3785 4015 3792 4021 -

2153 4065 2507 4134 Epiphanius.
2538 4066 2686 4120 Dabo
2708 4064 2794 4120 hic
2820 4065 3168 4119 Hebrmorum
3197 4079 3259 4116 ac
3288 4064 3600 4117 Graecorum
3633 4075 3719 4114 se-

2154 4137 2308 4193 riem,
2337 4143 2396 4188 ut
2421 4151 2542 4204 quae
2567 4136 2905 4192 observanda
2937 4145 3066 4189 sunt
3099 4134 3312 4188 facilius
3339 4134 3584 4203 quisque;
3605 4145 3724 4202 per-

481 4199 533 4264 ἐι
561 4203 782 4260 Hieron.
811 4199 968 4258 docet
1007 4202 1252 4271 Epistola
1285 4201 1354 4255 ad
1395 4199 1588 4272 Evagr.
1625 4210 1682 4256 et
1704 4211 1934 4266 veteres,
1965 4203 2041 4256 uti
2074 4199 2121 4255 1)
2147 4205 2331 4274 cipiat.

764 4315 1110 4397 Hebraeorum
1145 4323 1200 4398 et
1233 4314 1340 4368 La-

812 4396 1051 4442 tinorum
1079 4396 1270 4442 series.

696 4529 820 4584 Seni
846 4536 971 4599 post
993 4528 1258 4583 diluvium
1292 4541 1386 4597 ge-

765 4601 884 4646 nuit
917 4615 1062 4646 anno
1341 4595 1378 4646 ‘2

765 4594 884 4652 nuit
917 4615 1062 4653 anno
1299 4594 1315 4597 ⁷
1341 4595 1378 4646 2
1521 4594 1646 4649 Sem
1682 4610 1827 4650 anno

693 4669 983 4735 Arphaxad
1311 4666 1381 4719 55
1523 4665 1816 4735 Arphaxad

696 4735 820 4793 Sala
1313 4736 1381 4789 50
1525 4735 1733 4789 Cainan

697 4810 840 4864 Eber
1315 4805 1385 4859 54
1530 4804 1655 4859 Sala

699 4879 897 4949 Phaleg
1318 4878 1387 4949 50
1530 4875 1674 4949 [lber

697 4949 813 5004 Reu
868 4945 890 4949 ⁷
1320 4947 1388 4999 52
1530 4945 1732 5018 Ebaleg

700 5020 906 5073 Seruch
1322 5018 1390 5070 50
1532 5014 1646 5069 Reu

699 5087 916 5143 Nachor
1315 5089 1386 5141 9.9
1530 5084 1733 5139 Seruch

700 5158 877 5214 Thare
1319 5159 1384 5211 '70
1530 5156 1744 5209 Nacbor

702 5229 972 5284 Abraham
1537 5227 1717 5281 Thare

769 5369 1113 5440 Colliguntur
1144 5366 1212 5440 ad
1242 5368 1407 5440 abra-

705 5440 850 5494 hami
880 5437 1058 5493 ortum
1091 5439 1216 5490 anni
1248 5437 1373 5491 292.

494 5603 656 5672 Atqui
697 5619 762 5657 ex
802 5601 1086 5672 Epiphanii
1134 5602 1351 5672 ratione
1393 5597 1726 5672 colliguntur
1751 5601 1897 5672 _anni
1927 5602 2063 5655 dun-

497 5667 648 5727 taxat
675 5675 779 5726 9.42
809 5667 1068 5726 a'diluvio
1097 5671 1161 5723 ad
1195 5669 1483 5724 Abrahami
1519 5678 1721 5721 ortum.
1751 5667 2059 5725 Dill'erentia

497 5750 583 5798 est
615 5759 879 5800 annorum
909 5744 1036 5809 9.50,
1080 5742 1170 5812 qui
1211 5743 1262 5795 in
1301 5738 1443 5792 LXX
1487 5736 1773 5793 Seniorum
1822 5740 2059 5798 editione

1556 4312 1645 4384 Exi
1664 4313 1901 4384 editione
1917 4311 2158 4384 Vulgata

1629 4383 1767 4437 LXX
1801 4383 2111 4440 Seniorum.

2444 4313 2711 4370 Vixerunt
2743 4325 2864 4386 post

2438 4381 2860 4454 generationem.
3205 4381 3322 4436 Vita

2341 4453 2418 4509 Ex
2447 4453 2692 4512 Hebraeis
2719 4466 2772 4513 et
2797 4455 3064 4513 Latinis...
3163 4454 3411 4524 integra...

2163 4595 2198 4647 2
2590 4595 2694 4650 500
3223 4593 3328 4648 600

2098 4665 2200 4719 155
2589 4667 2693 4721 505
3225 4665 3329 4722 558

2099 4738 2201 4789 150

2103 4806 2202 4859 150
2591 4807 2694 4859 405
3227 4804 3331 4862 455

2099 4875 2200 4928 154
2589 4876 2695 4930 450
3223 4875 3329 4929 464

2102 4946 2204 5000 150
2589 4947 2695 4999 9.09
3225 4945 3331 4998 ‘239

2103 5023 2126 5070 1
2137 5017 2205 5069 52
2591 5016 2695 5069 207
3226 5015 3332 5068 259

2103 5090 2121 5139 1
2135 5088 2203 5140 50
2591 5086 2696 5139 ΞΟΟ
3228 5083 3336 5136 250

2110 5158 2206 5210 179
2603 5158 2700 5208 H9
3232 5154 3332 5208 148

2142 5227 2209 5279 70
2603 5225 2706 5281 155
2731 5278 2738 5283 _
3231 5224 3336 5278 205

1581 5365 1929 5434 Colliguntur
1955 5366 2021 5420 ad
2047 5367 2212 5420 Abra-

1553 5433 1700 5487 hami
1727 5433 1910 5489 ortum
1940 5438 2072 5490 anni
2101 5437 2258 5490 H72.

2168 5619 2235 5656 ex
2285 5604 2414 5657 150,
2431 5602 2750 5666 ϐσίηιηι,,ρι
2787 5601 3036 5656 centenis
3084 5600 3346 5655 Nachoris
3378 5609 3736 5670 consurgunt.

2167 5671 2343 5742 Vulgo
2378 5672 2522 5727 enim
2558 5671 2772 5725 Nachor
2806 5673 2905 5726 179
2940 5673 3276 5734 tribuuntur,
3323 5672 3392 5725 ab
3441 5673 3762 5742 Epiphanio.

2167 5759 2296 5798 vero
2326 5744 2412 5802 79.
2451 5745 2517 5795 At
2548 5758 2674 5798 vero
2717 5744 2772 5796 lu
2813 5742 3136 5798 Pratfatioue
3168 5743 3331 5811 hujus
3365 5745 3568 5814 operis,
3601 5756 3654 5798 et
3685 5745 3778 5800 in...
