4176 6386
395 289 499 343 985

1803 290 1861 346 S.
1903 291 2239 347 EPIPHANII

3529 291 3634 348 ρει

394 404 736 476 Colliguntur
775 405 937 479 473
967 408 1095 462 anni
1125 407 1240 464 fere
1272 416 1495 464 centum
1526 412 1828 482 sexaginta.
1859 410 1964 464 Na-

2081 413 2216 480 ίγων
2243 412 2361 474 ἔτος
2389 411 2479 464 τὸν
2517 410 2763 482 Ἀϐραὰμ
2800 409 3054 478 ἐγέννησε
3077 447 3094 467 ,
3148 407 3239 459 καὶ
3277 404 3498 474 γέγονεν
3543 406 3635 476 ἔτη

395 495 533 550 cbor
564 511 694 550 vero
724 494 903 552 Thare
942 499 1130 567 genuit
1181 515 1384 552 annum
1421 515 1587 570 agens
1617 501 1960 571 septuagesi-

397 603 544 642 mum
577 603 800 642 nonum.
825 589 902 642 Ita
930 589 1063 644 ﬁunt
1094 590 1220 643 anni
1242 605 1492 646 ccxxxlx.
1523 590 1730 646 Scruch
1753 591 1970 648 Nachor

395 678 583 746 genuit
607 693 753 732 anno
790 679 967 732 aetatis
997 693 1160 733 cxxx.
1193 680 1536 749 Colliguntur
1565 684 1694 737 anni
1719 698 1965 738 cccuix.

397 767 623 838 Rhagau
665 769 852 838 genuit
883 769 1093 823 Seruch
1120 786 1266 824 anno
1296 771 1418 826 vita:
1443 788 1555 827 suae
1592 789 1798 829 cxxxtt.
1831 775 1969 830 Con-

396 869 626 930 surgunt
667 863 792 914 anni
824 877 896 916 DI.
920 860 1117 918 Phalec
1149 863 1373 935 Itbagau
1409 867 1596 934 genuit
1623 881 1767 920 anno
1793 871 1968 923 anatis

395 966 558 1006 cxxx.
580 949 744 1006 Fiunt
772 953 898 1005 anni
929 968 1147 1008 ncxxxi.
1173 953 1348 1008 lleber
1379 971 1540 1025 porro
1565 959 1749 1028 genuit
1770 958 1968 1013 Phalec

398 1057 545 1096 anno
579 1044 702 1098 vitae
762 1061 875 1100 sua:
922 1062 1139 1101 cxxxiv.
1179 1046 1342 1102 Fiunt
1391 1050 1517 1102 anni
1577 1065 1796 1104 ncCva.
1845 1049 1969 1106 Sale

396 1135 586 1203 genuit
644 1135 858 1202 ﬂeber,
897 1153 1020 1192 cum
1070 1139 1248 1194 anatis
1303 1155 1506 1194 annum
1566 1153 1749 1212 ageret
1802 1158 1964 1196 cxxx.

396 1226 718 1282 Eﬂiciuntur
772 1230 901 1283 anni
948 1247 1206 1287 ncccxcv.
1247 1233 1536 1302 Arphaxad
1593 1250 1738 1288 anno
1791 1250 1969 1290 cxxxv

397 1321 587 1390 genuit
647 1319 791 1376 Sale.
826 1321 990 1376 Fiunt
1023 1323 1153 1376 anni
1196 1339 1364 1378 lxxx.
1401 1323 1574 1379 Porro
1627 1324 1769 1386 Seni,
1807 1343 1966 1395 quem

397 1419 561 1467 antea
619 1411 859 1469 diximus
915 1429 943 1467 a
996 1411 1358 1470 Samaritanis
1410 1432 1508 1486 pro
1573 1416 1968 1473 Melchisedeco

399 1503 608 1567 haberi,
642 1507 832 1576 genuit
873 1507 1189 1569 Arpbaxad,
1243 1509 1422 1564 :etatis
1461 1524 1606 1563 anno
1643 1513 1964 1564 centesimo.

399 1594 625 1650 Summa
667 1614 934 1652 annorum
965 1616 1140 1654 chxx
1173 1601 1240 1654 ad
1272 1601 1567 1655 Abrahami
1600 1610 1834 1672 tempus,
1860 1618 1970 1672 quo

400 1687 799 1744 Melchisedeco
845 1691 1060 1744 obviam
1101 1692 1270 1754 venit,
1310 1707 1563 1746 reversus
1592 1708 1621 1745 a
1653 1693 1801 1746 caede
1834 1693 1970 1747 Clio-

2071 504 2148 574 ρξ’
2175 503 2342 556 πλείω
2385 503 2416 574 ἢ
2446 503 2674 556 ἐλάσσω.
2707 500 2907 572 Ναχὼρ
2932 499 2989 552 δὲ
3034 498 3288 568 ἐγέννησε
3315 497 3406 549 τὸν
3453 496 3636 568 Θάρῤσ

2069 593 2592 666 ἐδδομηκονταεννέα
2613 592 2749 645 ἐτῶν
2770 592 3049 660 ὑπάρχων,
3069 591 3162 642 καὶ
3185 589 3374 656 γέγονε
3395 587 3501 640 σλθ¹
3525 587 3636 656 ἐτη.

2071 687 2273 758 Σεροῦχ
2306 687 2362 739 δὲ
2390 687 2646 755 ἐγέννησε
2679 684 2769 737 τὸν
2818 681 3041 752 Ναχὼρ,
3078 681 3154 752 ρλ¹
3195 680 3332 734 ἐτῶν
3361 679 3636 749 ὑπάρχων,

2069 779 2162 830 καὶ
2189 778 2473 845 γεγόνασιν
2502 777 2599 845 ἐτη
2625 774 2753 838 τξθ’.
2802 774 3006 840 Ῥαγαὺ
3046 773 3103 825 δὲ
3141 771 3395 840 ἐγέννησε
3427 770 3516 823 τὸν
3543 770 3636 821 Σε-

2075 870 2228 940 ροὺχ,
2255 870 2514 940 ὑπάρχων
2547 867 2656 936 ρλϐ’
2678 866 2833 930 ἐτῶν,
2860 866 2954 919 καὶ
2985 865 3174 933 γέγονε
3199 859 3639 915 πεντακοσιοστὸν

2071 961 2285 1031 πρῶτον
2312 959 2450 1023 ἔτος.
2477 959 2652 1012 Φαλὲκ
2675 959 2729 1011 δὲ
2761 957 3014 1026 ἐγέννησε
3042 956 3132 1008 τὸν
3159 954 3382 1022 Ῥαγαῦ,
3402 952 3476 1005 ὢν
3505 951 3636 1004 ἐτῶν

2071 1054 2168 1123 ρλ’,
2200 1053 2295 1106 καὶ
2339 1052 2561 1120 γέγονεν
2599 1050 2712 1119 χλα¹
2747 1049 2885 1110 ἔτος.
2919 1046 3089 1117 Ἔϐερ
3116 1045 3173 1098 δὲ
3214 1045 3378 1114 γεννᾷ
3414 1044 3504 1096 τὸν
3529 1043 3637 1095 Φα-

2069 1146 2162 1198 λέκ
2203 1144 2312 1213 (88)
2347 1145 2404 1196 ἐν
2448 1144 2556 1195 ἔτει
2585 1142 2658 1213 ρδ⁹
2700 1141 2798 1209 τῆς
2848 1138 3011 1197 αὑτοῦ
3055 1139 3219 1206 ζωῆς.
3264 1137 3357 1189 ml.
3388 1135 3640 1204 γεγόνασι

2069 1235 2182 1305 ψξε¹
2214 1235 2328 1304 ἐτη.
2365 1233 2506 1286 Σάλα
2526 1233 2582 1285 δὲ
2606 1232 2768 1300 γεννᾷ
2802 1230 2893 1283 τὸν
2921 1229 3112 1300 Ἔϐερ,
3150 1227 3226 1298 ρλ⁹
3253 1226 3370 1288 ἔτος
3393 1225 3643 1292 κατάγων

2067 1327 2168 1396 τῆς
2197 1325 2360 1380 αὑτοῦ
2388 1325 2625 1395 ἡλικίας,
2665 1323 2759 1376 καὶ
2799 1321 3020 1389 γέγονεν
3053 1323 3180 1385 ωιιέ
3219 1317 3335 1388 ἔτη.
3377 1315 3645 1388 Ἀρφαξάδ

2069 1418 2125 1471 δὲ
2150 1419 2256 1489 ρλε¹
2295 1416 2430 1469 ἐτῶν
2475 1414 2548 1468 ὢν
2588 1413 2849 1484 ἐγέννησε
2881 1412 2970 1464 τὸν
3004 1410 3171 1473 Σαλά,
3205 1410 3297 1462 καὶ
3335 1408 3522 1477 γέγονε
3550 1407 3642 1470 ,αλ¹

2070 1511 2186 1580 ἔτη.
2220 1509 2338 1580 Σὴμ
2371 1509 2426 1561 δὲ
2471 1503 2747 1574 ἑκατοστῷ
2794 1503 2900 1556 ἔτει
2948 1505 2977 1556 6
3024 1500 3440 1573 προειρημένος.
3483 1501 3509 1552 6
3553 1499 3644 1552 καὶ

2071 1597 2569 1670 φαντασιαζὸμενος
2601 1593 2752 1664 παρὰ
2789 1594 2900 1654 τοῖς
2941 1591 3305 1661 Σαμαρείταις
3334 1585 3471 1642 εἶναι
3504 1587 3645 1641 Μελ-

2070 1691 2306 1761 χισεδὲκ,
2354 1689 2613 1757 ἐγέννησε
2653 1687 2742 1738 τὸν
2789 1683 3082 1754 Ἀρφαξάδ,
3133 1681 3228 1734 καὶ
3264 1679 3398 1749 ὁμοῦ
3427 1677 3649 1746 γέγονεν

397 1780 760 1850 dollogomor,
803 1789 858 1840 et
893 1781 1094 1846 Barsa,
1127 1793 1180 1837 et
1225 1783 1514 1853 Symobor,
1549 1791 1602 1837 et
1637 1782 1966 1854 llamarplial

2081 1781 2162 1852 ἐτη
2199 1779 2324 1850 lup):
2357 1779 2460 1840 ἓως
2486 1776 2580 1830 τοῦ
2617 1776 2806 1846 χρόνου
2835 1773 2929 1827 τοῦ
2965 1772 3238 1843 Ἀϐραὰμ,
3271 1769 3392 1823 καθ’
3428 1769 3485 1821 6v
3521 1785 3645 1820 συν-

399 1886 584 1944 regunt
596 1914 607 1926 .

471 2143 672 2198 Verum
717 2155 794 2199 tot
839 2161 1033 2208 annos,
1075 2156 1208 2215 quot
1254 2147 1470 2200 illorum
1519 2146 1732 2200 somnia
1768 2145 1966 2208 ferunt,

400 2233 525 2289 Sem
559 2235 782 2290 minime
801 2237 970 2303 vixit;
1005 2239 1098 2293 sed
1128 2239 1429 2292 centesimo
1454 2239 1650 2307 quinto
1676 2240 1968 2308 Arphaxad

398 2326 606 2394 genuit,
633 2327 806 2383 altero
837 2338 961 2399 post
983 2331 1247 2383 diluvium
1279 2345 1445 2383 anno.
1475 2329 1782 2385 Secundum
1803 2332 1968 2401 quod,

402 2423 461 2468 ut
493 2417 775 2487 Scriptura
822 2428 1087 2484 testatur,
1130 2423 1461 2492 quingentos
1513 2422 1738 2492 insuper
1794 2423 1962 2483 vixit,

399 2504 685 2576 Genuitque
715 2509 856 2578 ﬁlios
907 2520 954 2563 el
999 2512 1162 2578 ﬁlias,
1199 2521 1249 2564 et
1281 2521 1519 2566 mortuus
1549 2522 1625 2567 est
1653 2513 1691 2565 ί.
1730 2512 1833 2578 Qui
1878 2512 1973 2582 igi-

402 2607 492 2649 tur
542 2607 665 2666 post
703 2611 991 2655 sexcentos
1041 2612 1096 2656 et
1130 2604 1372 2674 quinque
1404 2605 1578 2660 aetatis
1617 2620 1790 2658 annos
1826 2620 1965 2658 mor-

401 2697 532 2744 tuus
559 2703 662 2752 est,
720 2694 996 2761 quomodo
1043 2694 1108 2748 ad
1147 2711 1324 2750 chxx
1375 2712 1547 2765 usque
1588 2697 1873 2765 pervenit;
1912 2705 1970 2749 ut

401 2781 493 2849 qui
537 2790 662 2834 ante
693 2785 1075 2853 generationes
1108 2785 1296 2839 decem
1326 2786 1450 2840 Sent
1488 2787 1670 2839 Noemi
1711 2787 1852 2841 [ilius
1885 2803 1977 2840 νος

401 2879 650 2939 caretur,
689 2875 757 2928 iis
806 2875 1021 2930 demum
1051 2878 1277 2938 exactis,
1325 2879 1428 2932 hoc
1462 2885 1541 2931 Cal
1594 2894 1771 2931 ncxxx
1813 2895 1974 2933 anno-

400 2977 521 3016 rum
588 2963 877 3020 intervallo
940 2966 1366 3022 Melcliisedecus
1423 2971 1636 3024 illorum
1709 2971 1966 3039 opinione

402 3056 767 3110 censeretur?
826 3055 870 3110 0
932 3059 1265 3127 singularem
1316 3060 1598 3114 hominum
1636 3063 1970 3116 amentiam!

2074 1877 2274 1945 ήντησε
2307 1870 2383 1940 τῷ
2418 1867 2772 1937 Μελχισεδὲκ,
2802 1863 3039 1919 ἐπανιὼν
3068 1863 3175 1916 ἀπὸ
3208 1861 3307 1930 τῆς
3341 1861 3516 1924 κοπῆς
3541 1858 3650 1912 τῶν

2075 1967 2203 2036 περὶ
2236 1961 2662 2032 Χοδολλογομὸρ,
2707 1960 2802 2013 καὶ
2845 1958 3063 2028 Βάρσα,
3097 1956 3194 2008 καὶ
3241 1952 3490 2023 Συμοϐδρ
3510 1992 3526 2015 ,
3555 1951 3652 2007 καὶ

2085 2055 2375 2126 Ἀμαρφὰλ
2403 2052 2510 2104 τῶν
2551 2051 2834 2122 βασιλέων.

2144 2147 2258 2199 Οὐκ
2291 2146 2451 2215 ἔζησε
2477 2145 2534 2198 δὲ
2565 2144 2685 2214 Σὴμ
2721 2141 2957 2219 τοσαῦτα
3002 2136 3095 2209 ἐτη
3137 2137 3282 2190 κατὰ
3313 2134 3412 2205 τὴν
3445 2133 3650 2187 τούτων

2072 2237 2289 2310 ληρώδη
2343 2236 2676 2305 φαντασίαν·
2730 2233 2865 2286 ἀλλὰ
2923 2238 2998 2302 ρε’
3063 2229 3202 2282 ἐτῶν
3253 2228 3510 2297 ἐγέννησε
3559 2225 3653 2278 τὸν

2087 2327 2380 2400 Ἀρφαξάδ,
2408 2328 2464 2379 ἐν
2490 2325 2566 2396 τῷ
2587 2324 2826 2394 δευτέρῳ
2851 2322 2957 2374 ἐτει
2985 2319 3123 2392 μετὰ
3137 2320 3226 2370 τὸν
3252 2315 3649 2386 κατακλυσμόν.

2074 2421 2184 2473 Καὶ
2212 2418 2370 2490 ἔζησε
2409 2416 2546 2486 μετὰ
2579 2414 2753 2469 ταῦτα
2785 2421 2836 2482 φ’
2859 2412 2982 2483 ἐτη,
3019 2410 3094 2474 ὥς
3128 2426 3293 2480 φησιν
3314 2411 3347 2479 ἡ
3371 2407 3488 2460 Θεία
3515 2406 3656 2477 Γρα..

2075 2515 2182 2583 φήο
2232 2511 2342 2564 Kal
2375 2507 2708 2579 ἐγέννησεν
2744 2504 2934 2571 υἱοὺς,
2983 2503 3082 2557 καί
3131 2499 3494 2570 θυγατέρας,
3552 2498 3652 2551 καί

2074 2604 2357 2659 ἀπέθανε.
2382 2603 2572 2655 Τοίνυν
2601 2598 2764 2654 αὐτοῦ
2793 2598 3056 2667 ζήσαντος
3077 2595 3334 2661 ἑξακόσια
3359 2594 3519 2646 πέντε
3538 2591 3654 2660 ἔτη,

2077 2701 2173 2753 καὶ
2194 2699 2636 2769 τελευτήσαντος,
2659 2694 2776 2758 πῶς
2798 2693 3031 2763 ἠδύνατο
3053 2693 3256 2761 φθάσαι
3274 2693 3355 2755 εἰς
3375 2689 3502 2761 ,αρλ’
3531 2690 3654 2757 ἐτη·

2077 2790 2164 2843 ἵνα
2196 2791 2224 2842 6
2263 2789 2384 2860 Σὴμ
2407 2790 2434 2841 6
2468 2786 2582 2849 υἱὸς
2628 2784 2720 2837 τοῦ
2752 2781 2875 2836 Νῶε
2924 2782 3030 2854 πρὸ
3067 2781 3198 2836 δέκα
3224 2781 3425 2850 γενεῶν
3460 2779 3654 2832 καλού-

2081 2895 2239 2950 μενος
2300 2875 2635 2946 Μελχισεδὲκ
2683 2872 2835 2944 παρὰ
2885 2872 3124 2937 τούτοις,
3172 2871 3466 2942 μετέπειτα
3521 2870 3660 2939 μετὰ

2076 2970 2207 3024 δέκα
2242 2969 2456 3037 γενεὰς,
2511 2967 2606 3019 καὶ
2651 2965 2779 3036 ,αρλ¹
2826 2963 2923 3033 ἐτη
2967 2962 3285 3033 νομισθείη;
3327 2961 3421 3014 καὶ
3466 2961 3512 3012 ὣ
3562 2961 3662 3030 τῆς

2082 3062 2282 3132 πολλῆς
2305 3060 2412 3113 τῶν
2439 3058 2741 3130 ἀνθρώπων
2767 3056 2975 3126 πλάνης
2997 3058 3009 3108 1
3037 3055 3192 3108 Κατὰ
3213 3056 3268 3108 δὲ
3290 3055 3468 3124 ψῆφον
3488 3052 3661 3106 ἄλλων

401 3145 673 3200 Caeterum
725 3165 789 3202 ex
845 3149 1078 3204 aliorum
1140 3151 1532 3222 exemplarium
1570 3154 1974 3222 supputatione,

2085 3127 2434 3224 ἀντιγράφων
2487 3127 2598 3219 (81))
2634 3148 2742 3201 ἀπὸ
2786 3148 2884 3218 τῆς
2935 3146 3031 3199 τοῦ
3080 3147 3202 3216 Σὴμ
3244 3145 3478 3216 ἡλικίας,
3514 3145 3662 3208 ἐξότε

403 3236 471 3288 ab
501 3247 625 3292 ortu
668 3238 792 3295 Sem
825 3241 890 3295 ad
937 3242 1066 3297 illud
1106 3250 1341 3319 tempus,
1371 3262 1480 3315 quo
1511 3246 1823 3300 Abrahamo
1859 3245 1978 3299 Mel-

404 3327 731 3386 chisedecus
783 3334 1055 3398 occurrit,
1113 3333 1168 3388 id
1227 3335 1373 3404 quod
1450 3337 1820 3406 octuagesimo
1896 3336 1978 3390 vel

406 3423 764 3493 nonagesimo
792 3425 917 3478 vita:
968 3427 1114 3480 illius
1154 3443 1297 3480 anno
1336 3429 1585 3497 contigit,
1640 3437 1979 3497 consurgunt

406 3512 535 3565 anni
588 3514 712 3583 plus
759 3515 942 3570 minus
989 3532 1250 3572 ncxxvm.
1284 3518 1433 3571 Adeo
1475 3531 1532 3572 ut
1559 3535 1882 3590 quocunque
1921 3535 1980 3573 se

407 3604 625 3658 demum
680 3614 1040 3668 convertant,
1077 3608 1143 3660 ad
1193 3609 1488 3663 Abrahami
1545 3621 1760 3679 tempus
1801 3611 1931 3665 illud
1958 3650 1974 3673 ,

406 3695 552 3765 quod
592 3696 864 3761 diximus,
925 3699 1207 3766 pervenire
1251 3698 1373 3753 Sum
1434 3718 1539 3754 non
1601 3703 1872 3770 potuerit,
1918 3710 1976 3761 ut

482 3875 498 3905 ‘
531 3873 668 3932 Gen.
702 3890 779 3940 xl,
851 3874 902 3934 1.

409 4038 675 4092 Ancorato
715 4051 866 4088 num.
899 4034 1007 4088 116-
1031 4033 1248 4088 easdem
1295 4034 1415 4088 illas
1459 4033 1651 4096 γενεάς
1697 4042 1988 4096 pertexens

408 4107 612 4160 Caiuan
643 4106 892 4160 inseruit.
925 4105 992 4159 Ut
1035 4105 1166 4158 illud
1207 4111 1486 4173 appareat,
1519 4101 1660 4155 LXX
1695 4101 1984 4157 Seniorum

413 4177 705 4231 editionem
727 4177 826 4228 hac
849 4176 901 4227 in
928 4184 1076 4243 parte
1097 4174 1302 4227 variam
1322 4182 1375 4226 et.
1393 4173 1768 4243 inlerpolalam
1793 4173 1982 4240 fuisse;

415 4263 542 4305 nam
577 4247 664 4298 alii
698 4246 914 4299 codices
945 4246 1150 4298 Cainan
1184 4243 1680 4313 asciscebanl,_alii
1709 4259 1986 4313 expunge-

414 4319 562 4372 bant.
592 4315 870 4384 Siquidem
896 4317 1035 4384 apud
1065 4313 1516 4384 Eusebiumedit.
1547 4309 1750 4367 Graeca"
1781 4309 1981 4384 pag1'9,

414 4405 479 4442 ex
510 4383 789 4450 Africano,
819 4392 873 4438 et
906 4383 1043 4437 LXX
1079 4383 1490 4452 Interpretibus,
1522 4398 1623 4436 nec
1654 4399 1760 4436 non
1790 4400 1856 4437 ex
1883 4383 1979 4436 Sa-

416 4457 808 4512 maritanorum
858 4453 1142 4508 Hebraicis
1177 4454 1580 4522 exemplaribus
1610 4453 1662 4505 in
1703 4453 1863 4519 liujus
1891 4469 1982 4524 ge-

417 4527 676 4596 nealogia:
705 4531 961 4596 contextu
1005 4524 1211 4596 Cainan
1233 4526 1502 4596 omissus
1522 4533 1637 4585 est;
1670 4539 1778 4596 Anec
1809 4539 1982 4596 anno-

415 4614 534 4652 rum
559 4592 768 4651 sinnma
795 4595 898 4648 9ιῖ
920 4593 1130 4648 excedit
1160 4610 1187 4646 a
1213 4593 1419 4646 diluvio
1440 4594 1505 4646 ad
1537 4592 1771 4645 natalem
1809 4594 1982 4646 Abra-

416 4667 564 4721 liami
595 4685 607 4720 :
638 4673 771 4734 quot
795 4664 1044 4717 videlicet
1065 4679 1241 4734 amnis.
1260 4663 1592 4734 Epiphanius
1623 4661 1722 4714 hoc
1748 4663 1862 4716 loco
1891 4680 1985 4716 nu-

415 4744 606 4791 merat.
633 4733 814 4801 Quare
843 4735 1134 4787 Eusebium
1166 4733 1253 4786 hic
1278 4733 1492 4801 quidem
1521 4739 1742 4786 secutus
1770 4740 1874 4786 est.

489 4807 564 4862 De
597 4806 840 4861 Cainano
869 4812 1024 4857 vetus
1054 4811 1137 4856 est
1168 4803 1417 4872 quaestio,
1455 4818 1574 4871 qua:
1607 4817 1634 4853 a
1671 4804 1984 4856 recentiori-

417 4877 521 4932 bus
558 4877 708 4930 varie
755 4874 1047 4943 disceptari
1100 4874 1254 4927 solet.
1315 4872 1439 4943 Mihi
1488 4873 1985 4941 praetermittendus

418 4948 640 5000 omnino
666 4942 1056 5006 videtur,cum
1088 4958 1186 4997 nec
1222 4943 1275 4996 in
1311 4942 1573 4996 Hebraica
1605 4943 1849 5006 veritate,
1884 4960 1985 4998 nec

420 5018 476 5072 in
510 5015 824 5070 LatiIIOrum
875 5013 1112 5068 editione
1149 5021 1322 5073 exstet
1357 5013 1590 5080 uspiam.
1635 5010 1787 5078 Quod
1840 5015 1982 5066 enim

421 5087 612 5142 vitium
654 5087 707 5140 in
749 5084 1002 5138 Hebraeos
1032 5081 1252 5136 codices
1283 5083 1569 5150 irrepsisse
1604 5083 1846 5134 nonnulli
1882 5093 1986 5138 sta-

421 5165 618 5221 tuunt;
660 5156 824 5209 nimis
865 5156 965 5207 hoc
1001 5155 1173 5207 otiose
1218 5149 1455 5222 tingitur.
1493 5149 1653 5204 Lucae
1685 5153 1985 5222 auctoritas

423 5229 725 5298 graviorem
755 5224 882 5298 facit
911 5221 1362 5298 controversiain.
1391 5221 1494 5276 Sed
1522 5229 1576 5275 et
1601 5222 1729 5298 huinc
1749 5238 1778 5275 a
1807 5221 1986 5298 piis_et

423 5291 652 5352 Eruditis
680 5296 808 5348 viris
831 5293 1153 5361 jampridem
1179 5293 1518 5346 satisfactum
1547 5300 1649 5346 est.
1674 5291 1816 5346 Cum
1840 5295 1984 5346 enim

425 5367 736 5423 Graeeorum
760 5365 976 5418 codices
1010 5365 1171 5431 vulgo
1195 5362 1486 5415 Cainarum
1510 5361 1849 5421 exhiberem,
1879 5363 1986 5417 Lu-

426 5453 540 5498 cas,
569 5437 662 5506 qui
687 5433 890 5489 Graecis
918 5434 1352 5506 scribebat,f_no_n
1377 5433 1593 5506 aliunde
1615 5435 1985 5506 genealogiam

428 5503 612 5571 istam,
648 5521 811 5576 quam
844 5519 909 5559 ex
945 5504 1159 5576 illorum
1202 5503 1354 5576 libris
1381 5503 1673 5576 exscripsit
1715 5521 1726 5555 :
1761 5503 1988 5576 ideoque

429 5588 484 5632 et
508 5573 804 5631 Cainahum
843 5573 1093 5634 inseruit,
1123 5588 1281 5639 quem
1310 5574 1355 5642 si
1385 5573 1586 5642 alioqui
1619 5574 1989 5640 przetermitte-

433 5657 536 5705 ret.
563 5646 781 5700 Graecos
804 5645 950 5713 ipsos
975 5643 1289 5696 oﬂenderet.
1314 5641 1493 5713 Quare
1515 5641 1646 5695 nihil
1671 5644 1985 5696 alterutram

436 5717 494 5786 in
522 5725 723 5794 partem
752 5712 1044 5781 allirmans,
1087 5728 1226 5788 quas
1268 5713 1322 5770 in
1350 5712 1536 5769 Graeca
1571 5713 1805 5769 editione
1836 5729 1998 5786 genta.

2085 3245 2407 3314 γεγέννηται
2453 3243 2480 3295 6
2509 3241 2668 3304 αὐτὸς
2719 3240 2841 3310 Σὴμ
2866 3282 2881 3304 ,
2915 3238 3016 3302 ἕως
3044 3237 3137 3291 τοῦ
3186 3236 3662 3310 προδεδηλωμένου

2087 3336 2298 3407 χρόνου,
2327 3334 2423 3404 τῆς
2461 3349 2520 3384 τε
2560 3331 2653 3384 τοῦ
2705 3329 2953 3401 Ἀϐραὰμ
2983 3331 3358 3399 συναντήσεως
3390 3328 3483 3381 τοῦ
3515 3327 3663 3381 Μελ-

2087 3426 2324 3496 χισεδὲκ,
2347 3426 2468 3496 ἥτις
2496 3419 2562 3498 ἦν
2587 3425 2643 3475 ἐν
2669 3419 3011 3491 ὀγδοηκοστῷ
3034 3421 3142 3473 ἔτει
3170 3421 3266 3490 τῆς
3299 3419 3444 3489 ζωῆς
3475 3418 3662 3481 αὑτοῦ,

2090 3519 2122 3589 ἥ
2147 3515 2723 3587 ἐνενηκοστῴ,γίνεται
2745 3520 2864 3584 χκη¹
2891 3513 2983 3582 ἔτη
3011 3512 3180 3564 πλείω
3200 3512 3233 3582 ἢ
3254 3511 3486 3565 ἐλάσσω.
3503 3511 3664 3561 ’Ὥστε

2085 3610 2385 3676 ἐξάπαντος
2428 3610 2502 3679 μὴ
2535 3607 2795 3661 δύνασθαι
2834 3609 2912 3670 είς
2943 3605 3035 3658 τὸν
3064 3603 3536 3674 προδεδηλωμένον
3569 3600 3663 3655 τοῦ

2098 3701 2345 3774 ’Λδραὰμ
2365 3701 2552 3772 χρόνον
2578 3700 2667 3754 τὸν
2697 3700 2816 3771 Σὴμ
2843 3699 3086 3769 φθάνειν,
3108 3697 3195 3750 ἵνα
3223 3697 3316 3750 καὶ
3336 3694 3667 3766 Μελχισεδὲκ

2096 4037 2337 4093 rationes
2390 4046 2688 4108 repererat,
2737 4034 3667 4108 simpliciterﬂreddidit._Quemado

2094 4107 2312 4178 modum
2347 4108 2392 4162 si
2423 4105 2548 4178 quis
2582 4105 2874 4178 IEthiopa's
2907 4107 3227 4161 catholicam
3267 4106 3335 4160 ad
3365 4105 3525 4178 _lidem
3555 4120 3666 4173 per-

2093 4175 2294 4248 ducere
2349 4175 2562 4243 volens,
2618 4175 2806 4248 regum
2862 4178 3080 4231 illorum
3137 4175 3543 4248 successionem
3593 4189 3667 4248 _ex

2091 4247 2327 4317 vulgatis
2349 4264 2542 4304 eorum
2573 4245 2877 4303 Annalibus
2900 4254 3220 4316 excerperet
3239 4265 3253 4304 :
3275 4247 3488 4317 tametsi
3513 4245 3667 4313 quis-

2090 4316 2233 4386 piam
2274 4319 2521 4375 intrusus
2555 4320 2609 4373 in
2641 4333 2928 4372 numerum
2964 4318 3178 4380 fuisset,
3210 4332 3319 4371 non
3348 4316 3463 4369 haec
3488 4317 3669 4370 catho-

2016 4425 2060 4480 Β
2092 4387 2533 4480 ﬁci—scriptoris,‘
2579 4389 3083 4480 διξάιῊΙῙῘειο-ιξιιι-Διιιξι⁵
3112 4393 3186 4480 eti.1
3194 4387 3668 4480 ApAri-al‘iumness‘e

2091 4459 2252 4528 culpa
2292 4455 2626 4528 crederetur.
2673 4457 2788 4512 Hoc
2811 4474 2911 4528 ego
2961 4472 3111 4528 cum
3146 4455 3399 4528 Perrerio
3433 4463 3663 4528 __nostro,

2090 4525 2368 4587 Jansenio,
2400 4527 2774 4588 Genebrardo,
2810 4525 3044 4597 aliisque
3083 4526 3260 4582 doctis
3301 4534 3356 4581 et
3394 4525 3499 4597 piis
3529 4526 3667 4580 scri—

2091 4597 2336 4668 ptoribus
2367 4601 2644 4668 probabile
2667 4614 2884 4668 censeo.

2163 4667 2274 4735 (88)
2306 4664 2473 4736 Ἕϐερ
2499 4669 2567 4721 δὲ
2592 4667 2775 4738 γεννᾷ
2798 4669 2901 4720 τὸν
2926 4665 3144 4720 Φαλέκ.
3169 4664 3421 4719 Mendum
3455 4675 3670 4738 est_non

2092 4734 2402 4806 Epiplianii.
2435 4734 2551 4793 _sed
2595 4734 2798 4792 librarii
2851 4739 2904 4792 in
2948 4750 3302 4790 numerorum
3344 4745 3493 4790 nota.
3537 4735 3667 4802 Leg.

2094 4808 2274 4876 itaque
2321 4808 2444 4878 ρλᾶ,
2476 4818 2534 4862 ιιι
2579 4825 2642 4864 ex
2697 4809 2949 4877 sequenti
3003 4807 3330 4860 collectione
3382 4807 3671 4876 perspicue

2093 4886 2328 4933 cnnstat.

2164 4949 2275 5018 (89)
2309 4950 2470 5003 Κατὰ
2509 4949 2577 5002 δὲ
2602 4948 2815 5017 ψῆφον
2851 4948 3056 5002 ἄλλων
3085 4945 3486 5015 ἀντιγράφων.
3515 4945 3674 5018 Ome-

2092 5033 2217 5071 nam
2249 5016 2340 5073 illa
2370 5021 2481 5074 sint
2509 5016 2862 5088 exemplaria,
2893 5033 3013 5086 quzr
3043 5019 3290 5088 ab_ortu_
3317 5018 3442 5070 Sem
3484 5018 3553 5069 ad
3581 5016 3669 5076 80,

2093 5089 2176 5158 vel
2211 5088 2279 5145 90
2307 5091 2625 5148 Abrahami.
2673 5085 2849 5142 annos
2885 5085 3076 5158 putent
3113 5085 3240 5148 628,
3279 5086 3383 5140 hoc
3412 5092 3495 5140 est
3530 5100 3559 5138 a
3585 5087 3669 5139 di-

2094 5157 2242 5210 luvio
2287 5160 2352 5213 ad
2387 5159 2677 5213 Abrahami
2709 5157 3045 5220 ortum’548,
3081 5158 3390 5226 comperire
3425 5172 3532 5209 non
3571 5171 3669 5225 po-

2093 5229 2193 5282 tui.
2253 5230 2436 5298 Neque
2489 5231 2632 5282 enim
2693 5227 2974 5298 Heliraicai
3013 5237 3108 5281 aut
3163 5226 3530 5298 Samaritana,
3581 5235 3676 5278 aut

2094 5297 2372 5367 postremo
2403 5298 2544 5353 LXX
2577 5300 2865 5353 Seniorum
2913 5297 3183 5352 editiones
3229 5297 3302 5350 ita
3350 5306 3668 5367 numerant.

2094 5365 2360 5448 Quocirca
2387 5378 2664 5448 vereorut
2698 5369 3065 5448 integrarsint
3093 5367 3405 5448 numerales
3434 5365 3671 5448 Epipi’lﬂ;

2095 5433 2178 5491 nii
2203 5449 2359 5495 notae.
2391 5439 2701 5494 Secundum
2730 5433 3126 5502 Safnaritanos,
3163 5443 3217 5489 et
3244 5435 3504 5490 nonnulla
3531 5433 3671 5487 LXX

2094 5506 2456 5578 luterpretum
2493 5509 2846 5578 exemplaria,
2895 5523 3084 5578 quaee
3122 5506 3328 5578 diluvio
3370 5505 3461 5578 ad
3489 5517 3670 5578 ortum

2095 5575 2389 5634 Abrahami
2436 5594 2609 5634 annos
2653 5575 2947 5632 numerant
2977 5577 3100 5639 942,
3138 5576 3337 5630 additis
3366 5575 3495 5638 180,
3540 5577 3673 5628 ﬁunt

2097 5651 2166 5704 ab
2193 5659 2314 5705 ortu
2350 5650 2474 5706 Sem
2502 5650 2568 5706 ad
2594 5649 2660 5706 80
2688 5649 2981 5704 Abrahami
3017 5647 3144 5701 anni
3173 5645 3332 5699 1122.
