4176 6386
355 393 462 451 985

1057 381 1428 441 ADVERSUS
1461 379 1806 435 HERESES
1835 378 1961 434 LIB.
2001 379 2065 433 ll.
2097 376 2262 432 TOM.
2300 373 2715 431 1.-11ᾹΞΒΕ8.
2757 371 2868 428 LV.

3508 367 3628 423 986:

359 507 663 581 νομισθείη.
699 506 804 561 Καὶ
837 507 1050 561 διέπεσε
1089 504 1425 576 πανταχόθεν
1456 505 1490 574 ἡ
1523 501 1633 555 τῶν
1663 502 1938 573 Σαμαρει-

2059 497 2477 553 lielcbisedecus
2509 495 2794 549 habeatur.
2827 491 3012 560 quue
3050 489 3212 544 modo
3249 486 3596 542 Samaritano

359 599 468 652 τῶν
498 595 859 670 χυδαιολογία.

435 692 508 744 Z'.
566 689 806 744 Ἰουδαῖοι
849 688 1012 742 πάλιν
1041 688 1308 758 φάσκουσι
1345 686 1436 738 τὸν
1469 683 1708 738 τοιοῦτον
1733 684 1940 736 δίκαιον

371 783 468 853 μὲν
487 779 647 847 εἶναι,
674 783 768 836 καὶ
788 782 1010 850 ἀγαθὸν,
1025 783 1119 836 καὶ
1144 780 1295 852 ἱερέα
1316 778 1412 833 τοῦ
1439 777 1713 848 Ὑψίστου,
1731 777 1807 839 ὡς
1826 776 1941 847 ἔχει

367 873 402 944 ή
425 872 542 926 θεία
565 874 756 944 Γραφή
775 891 787 903 ·
813 873 900 926 διὰ
925 873 982 925 δὲ
1006 873 1096 925 τὸν
1121 871 1236 924 υἱὸν
1264 866 1402 923 εἶναι
1422 869 1647 940 πόρνης,
1672 867 1824 937 φασὶ,
1841 867 1941 936 τὴν

373 963 582 1036 μητέρα
606 963 769 1018 αὐτοῦ
800 963 873 1036 μὴ
901 963 1227 1034 γεγράφθαι.
1267 961 1400 1032 μηδὲ
1427 961 1516 1013 τὸν
1544 959 1754 1031 πατέρα
1777 957 1942 1011 αὐτοῦ

369 1055 751 1124 γινώσκεσθαι.
784 1055 1037 1123 Ἐξέπεσε
1065 1056 1121 1108 δὲ
1165 1055 1257 1108 καὶ
1285 1053 1489 1106 τούτων
1518 1055 1546 1106 ὁ
1573 1051 1823 1123 ληρώδης
1856 1049 1946 1102 λό-

371 1165 484 1217 γος.
511 1148 622 1201 Καὶ
653 1147 819 1201 Ῥαὰϐ
841 1147 1013 1219 πόρνη
1043 1147 1273 1218 ὑπῆρχε,
1301 1145 1393 1198 καὶ
1414 1144 1527 1197 ἔστι
1554 1142 1939 1214 γεγραμμένη,

371 1239 467 1292 καὶ
525 1237 753 1309 Ζαμϐρὴ
802 1237 1108 1309 πορνεύσας
1163 1235 1492 1305 γέγραπται,
1547 1235 1643 1288 καὶ
1694 1232 1943 1304 Χασϐιθὴ

374 1327 489 1398 μετ’
520 1326 707 1391 αὐτοῦ,
737 1326 938 1398 καίπερ
977 1327 1231 1398 ἀλλοτρία
1265 1322 1422 1388 οὖσα,
1458 1327 1550 1380 καὶ
1578 1326 1679 1379 οὐκ
1717 1326 1824 1379 ἀπὸ
1849 1328 1943 1395 γέ-

372 1435 493 1479 νους
530 1417 745 1489 Ἰσραὴλ
785 1417 1115 1489 ἀναγομένη.
1151 1418 1260 1471 Καὶ
1312 1419 1418 1480 πᾶς
1461 1419 1490 1470 ὁ
1527 1416 1601 1488 μὴ
1645 1417 1732 1470 διὰ
1775 1416 1946 1488 θύρας

367 1510 768 1580 εἰσερχόμενος,
799 1509 876 1572 ὡς
909 1509 1011 1580 ἔφη
1043 1509 1104 1562 τὸ
1147 1510 1298 1579 ἆγιον
1335 1509 1688 1578 Εὐαγγέλιον,
1721 1509 1942 1582 λῃστὴς,

367 1600 463 1654 καὶ
490 1601 591 1654 οὐκ
615 1601 690 1654 ὢν
712 1603 914 1672 ποιμὴν
945 1601 1198 1674 ὑπάρχει.

447 1775 535 1827 Ἐν
562 1775 618 1828 δὲ
646 1777 710 1846 τῇ
741 1775 1036 1847 Ἐκκλησία
1070 1777 1228 1846 φύσει
1273 1777 1418 1841 τινὲς
1459 1777 1726 1849 διαφόρως
1756 1772 1945 1831 τοῦτον

2040 607 2162 646 rum
2199 590 2440 658 undique
2465 589 2682 642 vanitas
2705 583 3069 640 convincitur.

2109 681 2221 737 VII.
2268 680 2374 735 Sed
2420 679 2593 734 Judzri
2654 678 2866 747 justum
2935 673 3189 729 eumdem
3264 685 3326 724 ac
3385 667 3617 739 probum

2043 776 2233 841 fuisse,
2268 785 2322 829 et
2364 772 2705 828 sacerdotem
2743 767 3013 822 Altissimi
3065 765 3326 830 fatentur,
3357 773 3417 815 ut
3446 769 3530 816 est
3561 759 3616 812 in

2042 868 2218 923 sacris
2267 866 2492 921 Litteris
2539 863 2841 934 proditum.
2891 858 3048 926 Quod
3083 866 3264 912 autem
3317 852 3620 909 meretricis

2044 964 2191 1019 ﬁlius
2225 969 2390 1024 esset,
2429 957 2594 1032 474
2627 971 2804 1024 neque
2835 953 3027 1008 matris
3067 965 3266 1005 nomen
3318 962 3442 1002 esse
3491 943 3622 999 seri-

2043 1067 2217 1126 ptum,
2249 1068 2429 1123 neque
2461 1051 2632 1121 patris
2665 1049 2777 1102 ullo
2804 1045 2965 1099 modo
2990 1043 3293 1114 cognitum.
3327 1037 3491 1108 Atqui
3521 1051 3623 1090 nec

2044 1146 2258 1199 illorum
2289 1140 2669 1212 ineptissimus
2697 1153 2878 1193 sermo
2899 1134 3168 1206 procedit.
3194 1129 3330 1184 Nam
3354 1137 3408 1184 et
3431 1127 3622 1182 Bahab

2044 1236 2300 1292 meretrix
2339 1233 2532 1293 fuit.et
2568 1231 2690 1301 ejus
2721 1227 3081 1284 nihilominus
3121 1224 3405 1294 Scriptura
3431 1220 3618 1275 memi-

2045 1327 2125 1380 nit
2140 1326 2180 1378 ³.
2202 1323 2305 1378 Sed
2325 1330 2379 1378 et
2391 1321 2608 1376 Zambri
2629 1328 2682 1375 et
2702 1316 3049 1387 Chasbithazj‘
3071 1313 3398 1368 adulterium
3419 1310 3635 1364 ibidem,

2045 1433 2366 1488 expressum
2393 1456 2408 1481 ,
2449 1413 2667 1468 tametsi
2699 1413 2892 1466 aliena:
2939 1411 3128 1479 stirpis
3173 1409 3287 1462 haec
3315 1412 3481 1468 esset,
3521 1418 3625 1458 nec

2044 1507 2416 1562 lsraelitarum
2444 1521 2508 1560 ex
2533 1518 2731 1574 genere
2747 1502 3012 1572 originem
3039 1499 3302 1554 traheret.
3328 1496 3624 1550 Enimvero

2046 1599 2249 1663 omnis,
2289 1597 2380 1667 qui
2417 1611 2511 1666 per
2560 1595 2765 1650 ostium
2822 1609 2929 1647 non
2967 1591 3172 1654 intrat,
3209 1589 3298 1644 fur
3341 1598 3461 1652 est,
3513 1603 3641 1642 non.

2048 1701 2256 1760 pastor,
2287 1699 2343 1743 ut
2380 1691 2435 1743 in
2469 1687 2763 1757 Evangelio
2802 1685 3066 1754 scriptum
3103 1691 3188 1738 est
3219 1682 3262 1736 ⁸.

2118 1782 2275 1850 Quod
2336 1782 2403 1836 ad
2457 1780 2776 1836 Catholicos
2816 1779 3031 1839 attinet,
3068 1791 3178 1828 non
3212 1788 3320 1827 uno
3359 1771 3521 1825 modo
3559 1769 3629 1825 de

368 1866 462 1920 τὸν
509 1868 845 1938 Μελχισεδὲκ
877 1869 1166 1940 ὁρίζονται.
1195 1870 1258 1922 υἱ
1295 1869 1391 1940 μὲν
1422 1869 1531 1940 γὰρ
1562 1869 1759 1922 αὐτοῦ¹
1794 1868 1939 1939 νομί-

2059 1874 2448 1930 llelchisedeco
2495 1872 2773 1927 statuitur.
2809 1867 3042 1935 Quidam
3104 1866 3250 1920 enim
3303 1862 3398 1918 Dei
3429 1861 3643 1917 Filium.

369 1955 523 2022 ζουσι
546 1958 706 2027 φύσει
731 1959 821 2013 τὸν
849 1960 979 2013 Υἱὸν
1007 1959 1100 2013 τοῦ
1123 1959 1256 2013 Θεοῦ
1281 1961 1340 2013 ὲν
1375 1961 1488 2032 ἰδέᾳ
1515 1959 1802 2031 ἀνθρώπου
1827 1960 1948 2012 τότε

369 2050 446 2120 τῷ
486 2050 738 2122 Ἀϐραὰμ
762 2051 1061 2122 πεφηνέναι
1077 2069 1091 2083 ο
1123 2051 1452 2104 ἐκπίπτουσι
1471 2051 1528 2104 δὲ
1561 2052 1656 2105 καὶ
1680 2052 1832 2104 αὐτοὶ
1857 2050 1948 2103 τοῦ

371 2142 754 2212 προκειμένου.
797 2143 870 2196 Οὐ
923 2142 1032 2213 γάρ
1072 2160 1156 2207 τις
1208 2142 1384 2213 ἐαυτῷ
1433 2143 1617 2213 ὅμοιος
1661 2142 1950 2214 γενήσεταί

370 2251 538 2287 ποτεο
598 2235 672 2298 ὡς
720 2236 832 2306 ἔχει
874 2238 907 2306 ἡ
941 2235 1062 2291 θεία
1107 2238 1321 2308 Γραφὴ,
1354 2237 1436 2290 ὅτι
1479 2237 1951 2306 Ἀφωμοιωμένος

370 2325 451 2390 τῷ
484 2325 595 2392 Υίῷ
637 2327 744 2382 τοῦ
781 2329 930 2382 Θεοῦ
971 2327 1138 2398 μένει
1180 2328 1373 2397 ἱερεὺς
1421 2331 1509 2394 εἰς
1547 2329 1612 2382 τὸ
1653 2329 1950 2396 διηνεκές.

371 2417 464 2488 Τῷ
510 2418 623 2472 ὄντι
663 2418 722 2471 δὲ
777 2421 806 2474 ό
858 2419 933 2490 μὴ
985 2420 1471 2491 γενεαλογούμενος
1524 2419 1582 2484 ἐξ
1633 2420 1810 2473 αὐτῶν
1859 2419 1951 2472 τὸν

383 2508 631 2582 Ἀϐραὰμ
686 2510 1072 2566 δεδεκάτωκεν.
1115 2511 1335 2582 Ἐπειδὴ
1388 2510 1498 2580 γὰρ
1536 2512 1635 2563 οὐκ
1670 2511 1728 2576 ἐξ
1773 2510 1951 2563 αὐτῶν

372 2599 480 2652 τῶν
522 2599 871 2671 Ἰσραηλιτῶν
915 2601 1338 2670 γενεαλογεῖται,
1365 2601 1768 2670 γενεαλογεῖται
1803 2602 1860 2654 δὲ
1895 2601 1951 2668 ἐξ

373 2690 548 2744 ἄλλων
597 2691 921 2763 ἀνθρώπων,
969 2693 1170 2746 τούτων
1212 2694 1372 2748 ἕνεκα
1415 2695 1630 2748 πάντων
1677 2696 1776 2769 τὴν
1823 2697 1955 2750 ὐπό-

378 2799 575 2852 μνησιν
641 2784 1028 2856 ποιησάμενοι,
1071 2785 1159 2839 διὰ
1199 2784 1295 2856 τὴν
1342 2786 1553 2857 αἵρεσιν
1596 2787 1800 2859 ταύτην
1853 2789 1956 2842 ὐπ-

373 2873 742 2946 εμνήσθημεν,
781 2877 874 2929 καὶ
900 2875 976 2939 ὡς
1004 2877 1062 2929 ὲν
1099 2878 1432 2949 πιρεκϐἀσει
1467 2879 1594 2949 περὶ
1628 2879 1831 2933 τούτων
1863 2879 1947 2933 δι-

373 2966 720 3037 ηγησάμεθα.

447 3061 529 3115 H'.
575 3061 667 3124 Εἰς
697 3060 868 3132 ὄνομα
898 3062 954 3115 δὲ
996 3062 1188 3116 τούτου
1246 3065 1338 3118 τοῦ
1381 3063 1721 3136 Μελχισεδὲκ
1759 3065 1958 3135 ήπρο-

379 3153 644 3224 ειρημένη
678 3155 886 3225 αἵρεσις
920 3154 1014 3207 καὶ
1055 3155 1154 3220 τὰς
1199 3157 1514 3228 προσφορὰς
1553 3155 1832 3228 ἀναφέρει,
1864 3155 1959 3210 καὶ

377 3245 539 3299 αὐτὸν
569 3241 710 3299 εἶναι
733 3247 1043 3316 είσαγωγέα
1065 3249 1200 3320 πρὸς
1225 3249 1316 3302 τὸν
1348 3249 1479 3302 Θεόν
1499 3267 1512 3280 ο
1545 3249 1642 3302 καὶ
1675 3249 1742 3302 δι’
1772 3247 1957 3314 αὐτοῦ,

380 3337 534 3408 φησὶ,
567 3337 648 3390 δεῖ
687 3337 766 3408 τῷ
809 3337 928 3409 Θεῷ
960 3339 1324 3412 προσφέρειν·
1366 3341 1446 3393 ὃτι
1496 3341 1680 3412 ἄρχων
1720 3340 1838 3392 ἐστὶ
1883 3339 1962 3392 δι-

380 3427 700 3498 καιοσύνης,
753 3430 839 3481 ἐπ’
887 3428 1036 3499 αὐτῷ
1081 3429 1255 3501 τούτῳ
1303 3431 1664 3496 κατασταθεὶς
1711 3430 1817 3484 ὐπὸ
1866 3429 1961 3484 τοῦ

379 3515 514 3570 Θεοῦ
551 3520 608 3570 ὲν
637 3516 871 3589 οὐρανῷ,
903 3521 1270 3589 πνευματικός
1297 3538 1382 3584 τις
1423 3521 1518 3587 ὢν,
1546 3522 1640 3574 καὶ
1674 3521 1789 3585 υἱὸς
1826 3519 1960 3574 Θεοῦ

385 3609 728 3678 τεταγμένος.
758 3612 867 3665 Kal.
892 3611 957 3664 δι’
981 3613 1002 3643 ’
1029 3614 1181 3682 ἡμᾶς
1209 3611 1358 3683 αὐτῷ
1393 3613 1747 3684 προσφέρειν,
1777 3612 1960 3676 φασὶν,

381 3698 467 3749 ἵνα
508 3698 573 3750 δι’
608 3699 770 3752 αὐτοῦ
813 3693 1148 3774 προσενεχθῇ
1189 3702 1328 3773 ὑπὲρ
1359 3702 1550 3774 ἡμῶν,
1593 3704 1688 3757 καὶ
1714 3703 1964 3776 εὕρωμεν

378 3788 442 3842 δι’
477 3789 641 3842 αὐτοῦ
685 3790 848 3862 ζωήν.
896 3792 1007 3845 Καὶ
1055 3792 1289 3863 Χριστὸς
1337 3794 1455 3862 μὲν,
1499 3795 1682 3865 φησὶν,
1716 3791 1961 3865 ὲξελέγη,

382 3882 468 3937 ἵνα
499 3885 646 3954 ἡμᾶς
683 3882 888 3956 καλέσῃ
931 3884 998 3936 ὲκ
1048 3883 1259 3937 πολλῶν
1300 3884 1434 3938 ὁδῶν
1472 3887 1553 3948 εἰς
1599 3884 1728 3956 μίαν
1761 3884 1965 3956 ταύτην

379 3976 480 4045 τὴν
515 3972 750 4042 γνῶσιν,
789 3977 893 4028 ὑπὸ
940 3975 1075 4029 Θεοῦ
1125 3976 1517 4047 κεχρισμένος,
1571 3977 1668 4030 καὶ
1712 3976 1966 4040 ἐκλεκτὸς

382 4063 711 4134 γενόμενος·
749 4063 936 4134 ἐπειδὴ
988 4064 1330 4135 ἀπέστρεψεν
1363 4065 1512 4135 ἡμᾶς
1559 4064 1668 4117 ἀπὸ
1709 4063 1963 4125 εἰδώλων,

382 4155 477 4207 καὶ
505 4155 780 4222 ὑπέδειξεν
799 4158 932 4226 ἡμῖν
957 4155 1058 4228 τὴν
1087 4155 1224 4208 ὁδόν.
1264 4155 1351 4220 Ἐξ
1381 4147 1555 4225 οὗπερ
1578 4156 1606 4208 ὁ
1645 4153 1966 4217 Ἀπόστολος

388 4247 718 4312 ἀποσταλεὶς
769 4247 1116 4317 ἀπεκάλυψεν
1150 4248 1313 4318 ἡμῖν,
1349 4248 1430 4302 ὃτι
1472 4246 1672 4317 Μέγας
1724 4245 1896 4300 ἐστὶν
1934 4248 1968 4300 d

390 4339 793 4409 Μελχισεδὲκ,
822 4339 921 4395 καὶ
948 4339 1141 4408 ἱερεὺς
1163 4338 1330 4408 μένει
1357 4342 1445 4406 εὶς
1467 4338 1576 4393 τὸν
1602 4337 1816 4392 αἰῶνα·
1846 4337 1964 4402 καὶ,

393 4433 670 4503 Θεωρεῖτε
699 4432 958 4500 πηλίκος
986 4427 1196 4497 οὗτος·
1239 4432 1332 4484 καὶ
1359 4432 1441 4485 ὅτι
1494 4431 1565 4485 Τὸ
1595 4431 1870 4485 ἔλασσον
1898 4431 1968 4484 ἐκ

389 4528 496 4582 τοῦ
524 4526 793 4598 μείζονος
824 4522 1177 4592 εὐλογεῖται.
1218 4522 1317 4580 Διὰ
1348 4522 1525 4586 τοῦτο,
1565 4524 1718 4593 φησι,
1751 4523 1846 4576 καὶ
1877 4522 1967 4576 τὸν

404 4621 654 4693 Ἀϐραὰμ
681 4620 773 4674 τὸν
799 4626 1144 4692 πατριάρχην
1177 4617 1490 4686 εὐλόγησεν,
1519 4615 1595 4678 ὡς
1621 4613 1822 4686 μείζων
1857 4612 1932 4670 ὧν
1951 4629 1965 4644 ·

397 4708 459 4767 οὗ
486 4715 648 4784 ἡμεῖς
681 4717 848 4784 ἐσμεν
896 4713 1130 4786 μύσται,
1160 4711 1306 4773 ὅπως
1343 4707 1596 4778 τύχωμεν
1640 4708 1770 4779 παρ’
1805 4705 1970 4760 αὐτοῦ

396 4807 496 4875 τῆς
529 4805 797 4874 εὐλογίας.

469 4894 544 4952 Θ’.
578 4898 688 4952 Καὶ
713 4897 789 4961 ὡς
817 4897 1042 4968 μάταιος
1064 4895 1210 4948 πᾶσα
1228 4891 1493 4963 αἱρέσεων
1521 4891 1554 4961 ἠ
1584 4887 1819 4941 διάνοιαὲ
1841 4884 1971 4941 Ἰδοὺ

396 4991 504 5060 γὰρ
547 4991 640 5042 καὶ
672 4989 825 5042 αὐτοὶ
860 4988 1165 5059 ἠρνήσαντο
1208 4985 1298 5038 τὸν
1342 4982 1520 5037 αὐτῶν
1559 4977 1855 5049 Δεσπότην,
1879 4975 1972 5029 τὸν

395 5082 744 5154 ἀγοράσαντα
778 5081 975 5142 αὐτοὺς
1012 5077 1090 5147 τῷ
1143 5077 1258 5146 ἰδίῳ
1310 5073 1474 5128 αὐτοῦ
1505 5072 1721 5142 αἵματι,
1753 5068 1844 5122 τὸν
1873 5068 1972 5121 οὐκ

383 5174 491 5226 ἀπὸ
523 5172 744 5243 Μαρίας
773 5169 1160 5242 ὲναρξάμενον,
1189 5167 1264 5228 ὡς
1291 5166 1445 5218 αὐτοὶ
1483 5164 1814 5235 νομίζουσιν,
1855 5160 1969 5214 ἀλλ’

383 5265 470 5318 ἀεὶ
497 5265 628 5318 ὄντα
657 5264 795 5334 πρὸς
821 5263 910 5315 τὸν
941 5261 1160 5331 Πατέρα
1183 5260 1316 5312 Θεὸν
1345 5257 1539 5325 Λόγον,
1572 5253 1974 5324 γεγεννημένον

384 5354 449 5404 ὲκ
467 5350 558 5405 τοῦ
584 5351 796 5420 Πατρὸς
818 5350 1071 5421 ἀνάρχως
1099 5348 1193 5401 καὶ¹
1218 5346 1485 5418 ἀχρόνως,
1515 5345 1590 5406 ὡς
1613 5345 1763 5396 πᾶσα
1784 5341 1976 5414 Γραφὴ

389 5443 680 5513 διηγεῖται.
716 5443 858 5512 Φησὶ
904 5443 1044 5512 γάρ·
1093 5438 1446 5506 Ποιήσωμεν
1486 5435 1801 5503 ἄνθρωπον
1846 5422 1976 5488 κατ’

391 5536 596 5590 εἰκόνα
649 5533 945 5603 ἡμετέραν
996 5533 1093 5587 καὶ
1141 5530 1269 5584 καθ’
1305 5529 1610 5598 ὁμοίωσιν,
1664 5527 1760 5580 καὶ
1800 5527 1860 5579 οὐ
1901 5525 1979 5596 τῷ

395 5627 749 5698 Μελχισεδέκ.
768 5628 826 5681 '0
880 5627 978 5697 μὲν
1024 5625 1134 5697 γὰρ
1185 5623 1365 5696 ἱερεὺς
1393 5621 1488 5675 τοῦ
1518 5619 1655 5674 Θεοῦ
1701 5623 1850 5674 ἐστιν
1884 5619 1977 5673 τοῦ

474 5761 581 5818 ¹ῐ⁴’.
615 5765 794 5818 αὐτόν.
901 5765 921 5794 ³
951 5761 1010 5816 F.
1057 5762 1155 5816 δεῖ.
1270 5761 1290 5792 ³
1327 5759 1493 5830 Josue
1543 5774 1617 5822 ιι,
1664 5759 1697 5813 5
1747 5775 1868 5830 sqq.

403 5835 425 5868 ⁷
465 5835 600 5890 ibid.
625 5835 679 5888 σί.
755 5836 776 5866 ⁸
803 5834 933 5890 ibid.
967 5833 1016 5887 7.
1131 5833 1150 5862 "
1191 5831 1327 5889 Gt‘n.
1356 5848 1390 5894 ι,
1425 5829 1516 5887 Ἣῖ.

1986 5756 2199 5816 ‘Num.
2249 5777 2374 5827 xxv,
2429 5758 2513 5814 M.

2053 1967 2199 2021 hunc
2245 1966 2565 2021 existimant
2615 1964 2930 2017 Abrahamo
2964 1970 3080 2014 tum
3147 1959 3384 2012 humana
3445 1955 3648 2030 specie.

2051 2076 2172 2116 sese
2200 2058 2496 2114 videndum
2531 2057 2818 2111 obtulisse.
2853 2052 3058 2109 Verum
3090 2051 3166 2106 illi
3212 2053 3431 2120 penitus
3469 2047 3629 2100 aber-

2053 2168 2208 2207 rasse
2241 2152 2517 2207 videntur.
2560 2147 2749 2218 Neque
2780 2145 2924 2200 enim
2957 2144 3062 2200 sibi
3095 2143 3198 2212 ipsi
3235 2141 3431 2196 simil-is
3455 2137 3632 2208 appel-

2052 2246 2150 2300 lari
2181 2243 2455 2314 quispiam
2502 2250 2702 2312 potest,
2735 2255 2861 2294 cum
2916 2236 2983 2293 de
3031 2234 3427 2291 Melchisedeco
3485 2229 3647 2286 Scri-.

2053 2345 2212 2407 ptura
2247 2335 2395 2389 hunc
2431 2335 2486 2388 in
2526 2332 2753 2386 modum
2806 2331 3103 2400 loquatur:
3153 2324 3256 2392 Qui
3301 2323 3651 2383 assiniilalus._
3699 2371 3710 2380 ,

2055 2427 2200 2482 Filio
2247 2425 2345 2480 Dei
2400 2435 2576 2479 manet
2619 2421 2862 2477 sacerdos
2918 2423 2974 2474 in
3010 2419 3328 2474 wternum‘.
3361 2417 3631 2471 Caeterum

2056 2535 2249 2574 verum
2284 2517 2414 2571 illud
2447 2525 2552 2580 est,
2584 2530 2732 2578 eum,
2762 2514 2923 2582 cujus
2953 2528 3018 2564 ex
3057 2510 3192 2580 ipsis
3227 2509 3378 2578 origo
3410 2506 3655 2560 minime.

2055 2614 2372 2675 duceretur,
2412 2610 2675 2664 decumas
2711 2607 2779 2661 ab
2830 2605 3145 2660 Abrahamo
3194 2602 3448 2671 cepisse:
3497 2613 3637 2668 quo-

2058 2701 2206 2756 niam
2259 2717 2324 2756 ex
2383 2699 2506 2754 aliis
2560 2697 2880 2752 hominibus
2937 2710 3099 2766 quam
3151 2691 3412 2748 lsraelitis
3462 2706 3657 2762 genus.

2059 2793 2208 2848 illius
2235 2792 2560 2863 pertexitur.
2584 2789 2710 2844 llaec
2737 2789 2922 2844 omnia
2947 2795 3171 2856 propter
3202 2785 3449 2840 haeresim
3474 2784 3655 2846 istam,

2059 2901 2091 2940 a
2132 2885 2294 2940 nobis
2337 2892 2772 2938 commemorata
2803 2887 2952 2947 sunt,
2994 2893 3058 2934 ac
3106 2878 3256 2933 velut
3298 2875 3659 2948 digressioue.

2060 2977 2296 3048 quadam
2327 2976 2578 3030 instituta
2611 2975 2881 3028 narratio.

2133 3067 2270 3124 VIII.
2312 3067 2432 3122 Jam
2459 3080 2588 3121 vero
2620 3065 2676 3120 in
2708 3064 2955 3135 ejusdem
2979 3060 3389 3118 Melchisedecis
3418 3058 3657 3114 nomine.

2014 3185 2026 3221 '.
2063 3163 2228 3219 etiam
2257 3161 2569 3216 oblationes
2600 3174 2731 3214 suas
2771 3156 2962 3212 eadem
3000 3164 3148 3211 secta
3183 3154 3443 3218 celebrat,
3475 3168 3655 3221 quem.

2063 3253 2209 3326 apud
2259 3251 2432 3307 Deum
2473 3250 2874 3306 internuntium
2923 3264 3048 3304 esse
3114 3247 3393 3316 praedicat.
3446 3244 3658 3309 Quam-.

2063 3349 2252 3402 obrem
2305 3344 2504 3412 hujus,
2557 3343 2752 3405 aiunt,
2783 3341 3096 3395 interventu
3145 3336 3344 3392 oﬂerre
3396 3332 3507 3389 Deo
3547 3347 3645 3402 par

2063 3449 2167 3502 cst,
2199 3451 2265 3492 eo
2296 3435 2442 3505 quod
2479 3433 2710 3503 justitia:
2739 3433 2812 3488 sit
2843 3432 3122 3502 princeps,
3163 3436 3218 3484 et
3259 3426 3326 3482 ad
3361 3425 3415 3480 id
3461 3425 3642 3495 ipsum

2066 3545 2094 3583 a
2123 3528 2235 3583 Deo
2265 3528 2320 3582 in
2354 3527 2496 3581 caelo
2530 3526 2892 3586 constitutus,
2932 3530 3122 3592 utpote
3151 3519 3417 3591 spiritalis
3455 3533 3518 3572 ac
3547 3515 3656 3572 Dei

2069 3622 2231 3675 ﬁlius.
2262 3618 2452 3690 Itaque
2491 3618 2726 3689 primum
2762 3618 2812 3671 ei
2870 3613 3133 3670 debemus
3178 3612 3396 3675 offerre,
3445 3617 3504 3663 ut
3550 3623 3660 3678 per-

2065 3711 2318 3768 eumdem
2353 3725 2455 3781 pro
2506 3709 2670 3764 nobis
2723 3711 3210 3776 repmsentcntur,
3243 3717 3308 3756 ac
3353 3703 3518 3755 vitam
3549 3714 3649 3768 per

2067 3821 2192 3859 cum
2227 3817 2654 3872 consequamur.
2697 3797 2914 3854 Etenim
2960 3796 3236 3861 Christus,
3282 3793 3459 3857 aiunt,
3491 3793 3564 3848 ob
3591 3792 3654 3848 id

2065 3897 2278 3952 electus
2328 3901 2436 3960 est,
2470 3900 2531 3947 ut
2578 3907 2682 3948 nos
2713 3890 2780 3945 ad
2836 3903 3000 3943 uuam
3053 3887 3200 3942 hanc
3249 3886 3537 3942 scientiam
3579 3899 3645 3939 ex

2068 3985 2357 4055 multiplici
2387 3984 2605 4038 viarum
2655 3981 2896 4036 divortio
2935 3987 3244 4045 revocaret,
3275 3986 3329 4033 et
3374 3976 3579 4032 idcirco
3618 3992 3647 4027 a

2069 4075 2180 4132 Deo
2213 4083 2414 4131 unctus
2444 4085 2498 4130 et
2549 4075 2787 4130 selectus
2834 4082 2939 4136 est,
2977 4072 3237 4141 quoniam
3269 4085 3368 4126 vos
3415 4084 3446 4123 a
3494 4067 3649 4122 cultu.

2069 4167 2496 4222 simulacrorum
2551 4165 2788 4230 avertit,
2825 4170 2878 4218 et
2929 4163 3032 4217 iter
3079 4161 3340 4218 ostendit.
3397 4158 3551 4214 Unde
3595 4167 3654 4214 ct

2068 4258 2371 4328 Apostolus
2394 4271 2423 4310 a
2452 4257 2563 4312 Deo
2589 4255 2798 4310 missus
2829 4255 2973 4309 istud
3008 4255 3186 4325 ipsum
3221 4252 3381 4308 nobis
3414 4251 3652 4321 aperuit,

2069 4365 2331 4420 magnum
2379 4365 2502 4404 esse
2557 4347 3042 4411 Melchisedecum,
3097 4356 3152 4402 et
3202 4345 3539 4401 sacerdotem
3594 4345 3659 4406 in,

2068 4451 2334 4496 aeternum
2388 4456 2634 4496 manere.
2667 4438 2976 4506 Intuemini,
3026 4440 3262 4512 inquit".
3305 4447 3533 4508 quantus
3574 4448 3652 4494 est.

2001 4551 2046 4610 υ
2075 4533 2186 4587 ille.
2219 4533 2384 4596 Tum,
2419 4533 2680 4603 quoniam
2701 4531 2854 4598 Quod
2885 4533 3059 4586 minus
3091 4541 3169 4585 est
3209 4548 3243 4584 a
3267 4530 3469 4596 maiore
3499 4529 3653 4583 bene-

2073 4625 2270 4678 dicitur
2290 4625 2332 4678 ⁸.
2365 4622 2448 4680 0b
2484 4624 2563 4688 id,
2621 4625 2908 4695 inquiunt,
2958 4624 3270 4678 Abrahamo
3328 4621 3666 4692 patriarchas

2074 4717 2399 4783 benedixit,
2457 4725 2650 4787 utpote
2698 4733 2764 4771 eo
2820 4717 3017 4786 major.
3068 4715 3239 4783 Cujus
3295 4730 3398 4769 nos
3462 4726 3658 4784 mystae

2075 4824 2288 4870 sumus,
2316 4816 2375 4862 ut
2401 4810 2471 4863 ab
2498 4810 2592 4864 illo
2630 4809 3071 4866 benedictionem
3101 4808 3476 4876 impetremus.

2151 4901 2312 4978 475
2347 4900 2435 4960 IX.
2471 4901 2577 4958 Sed
2596 4919 2759 4974 quam
2785 4902 2965 4956 inanis
3003 4909 3089 4956 est
3109 4903 3383 4954 luereseon
3411 4898 3661 4954 omnium

2080 4997 2307 5052 sensus!
2342 4995 2476 5050 Nam
2526 5004 2581 5050 et
2625 4995 2718 5050 isti
2766 4993 3056 5057 Dominum
3103 5007 3262 5046 suum
3296 4993 3659 5060 abnegarunt,

2077 5090 2170 5160 qui
2202 5089 2324 5143 illos
2339 5103 2440 5142 suo
2468 5087 2734 5159 sanguine
2762 5085 3028 5150 redemit;
3052 5085 3380 5155 quiquenon
3402 5098 3433 5137 a
3459 5083 3658 5144 Maria.

2079 5188 2138 5236 ut
2169 5180 2247 5234 illi
2315 5187 2530 5250 putant,
2587 5179 2805 5234 initium
2861 5178 3067 5243 traxit;
3113 5175 3210 5231 sed
3255 5173 3398 5244 apud
3444 5171 3658 5227 Patrem

2079 5287 2294 5341 semper
2348 5271 2582 5335 exstitit,
2633 5271 2776 5327 Deus
2817 5268 3075 5334 Verbum,
3118 5283 3150 5321 a
3189 5265 3350 5321 Patre
3397 5265 3516 5320 sine
3551 5264 3660 5317 ullo

2080 5365 2239 5420 initio
2270 5372 2364 5419 aut
2392 5372 2637 5434 tempore
2672 5365 2936 5436 genitum,
2976 5370 3039 5416 ut
3072 5361 3327 5415 universa
3349 5357 3654 5429 Scriptura

2081 5458 2344 5514 declarat.
2378 5455 2470 5511 Sic
2503 5458 2648 5512 enim
2673 5457 2955 5527 loquitur:
2989 5453 3282 5508 Faciamus
3309 5450 3570 5505 Itommem
3591 5445 3660 5499 ad

2082 5551 2365 5621 imaginem
2403 5559 2452 5604 et
2488 5548 2891 5604 similitudinem
2937 5554 3173 5601 nostram
3194 5544 3238 5596 ⁹.
3271 5540 3390 5596 Non
3435 5539 3662 5594 Melchi—

2085 5643 2282 5698 sedeco
2336 5642 2494 5708 dixit,
2549 5641 2644 5714 qui
2705 5638 2925 5694 tametsi
2969 5636 3067 5693 Dei
3112 5633 3364 5691 altissimi
3403 5631 3665 5689 sacerdos

2636 5758 2656 5791 '
2687 5754 2846 5814 .‘oan.
2892 5769 2926 5809 x
2998 5752 3054 5806 2.
3182 5751 3203 5782 ⁶
3241 5747 3408 5806 Hebr.
3443 5762 3556 5812 vn,
3601 5747 3674 5802 5.·
