4176 6386
491 254 594 310 987

1917 268 1991 358 .S.
2025 266 2366 326 EPIPHANII

3633 279 3753 336 988

490 382 649 427 aetate
680 388 776 428 sua
813 372 996 438 fuerit,
1025 391 1123 430 nec
1148 376 1315 431 ullum
1343 388 1463 448 post
1501 393 1559 434 se
1581 394 1954 437 successorem
1985 382 2074 436 ha-

2181 388 2401 459 ὕψιστον
2481 389 2537 442 ἐν
2586 393 2652 462 τῇ
2701 390 2806 464 ἰδίᾳ
2856 394 3037 464 γενεᾷ,
3070 393 3163 446 καὶ
3204 394 3300 446 οὐκ
3351 392 3476 463 ἔσχε
3501 394 3751 465 διάδοχον

492 465 688 529 buerit,
715 467 936 521 minime
959 476 1140 523 tamen
1181 485 1210 524 e
1239 473 1510 540 supremis
1536 481 1640 535 est,
1677 490 1852 544 neque
1876 490 1906 528 e
1930 476 2071 530 cmlo

492 555 791 610 descendit.
844 556 1078 613 Proinde
1135 558 1412 629 Scriptura
1463 579 1568 616 non
1615 563 1798 617 dixit:
1841 564 2071 621 Demisit

491 647 764 700 Abraham
797 663 991 716 panem
1022 659 1074 702 et
1099 650 1306 713 vinum,
1336 654 1450 715 sed,
1480 653 1698 719 protulit
1722 656 1762 719 ',
1797 662 1908 707 tam
1941 655 2067 725 ipsi,

493 752 654 806 quam
688 739 755 794 iis
787 739 878 809 qui
914 756 1036 793 cum
1085 757 1150 795 eo
1178 752 1364 806 erant,
1414 752 1471 796 ut
1510 761 1539 797 a
1588 761 1774 815 regum
1820 747 2071 817 proﬂiga-

493 831 642 884 tione
672 835 974 886 venientem
1007 835 1372 901 patriarcham
1403 837 1700 904 exciperet.
1745 835 1882 892 Huic
1908 838 2072 907 igitur

497 937 598 990 pro
636 938 698 977 ea
729 938 836 992 qua
883 923 1143 992 praeditus
1192 935 1330 990 erat,
1371 926 1586 995 justitia
1615 943 1678 982 ac
1717 927 1839 992 ﬁde,
1865 936 1918 983 et
1944 929 2072 984 reli-

495 1014 654 1082 gione
714 1015 1012 1069 benedixit.
1064 1015 1334 1084 Quoniam
1390 1019 1444 1072 in
1507 1020 1761 1075 omnibus
1809 1022 2072 1089 probatus

495 1107 643 1159 nulla
665 1107 823 1160 ofﬁcii
863 1110 944 1162 sui
978 1118 1127 1178 parte
1163 1110 1230 1162 ah
1262 1109 1473 1178 justitia
1502 1112 1812 1180 patriarcha
1855 1113 2075 1167 decide-

495 1209 596 1253 rat.
632 1199 773 1268 Quin
803 1203 964 1255 etiam
997 1200 1164 1256 Deum
1195 1201 1248 1256 in
1283 1203 1373 1256 illa
1406 1204 1746 1273 expeditione
1779 1205 2072 1274 opitulatu-

495 1305 612 1344 rem
659 1291 924 1348 adversus
973 1293 1162 1348 hostes
1204 1293 1411 1357 habuit,
1440 1295 1531 1364 qui
1565 1295 1618 1348 in
1669 1292 2071 1351 Sodomitarum

496 1395 686 1450 agrum
721 1392 1033 1452 eruperant,
1093 1383 1327 1455 indeque
1385 1386 1572 1440 fratris
1607 1385 1775 1442 filium
1819 1396 2070 1442 sanctum

495 1469 597 1526 Lot
628 1475 990 1541 abduxerant,
1026 1493 1186 1546 quem
1221 1493 1344 1530 cum
1396 1480 1542 1535 omni
1571 1479 1753 1549 praeda
1783 1497 1846 1534 ac
1881 1481 2071 1550 spoliis

501 1565 830 1621 incolumem
865 1569 1101 1623 reduxit.
1126 1569 1193 1622 At
1232 1569 1360 1624 illud
1403 1585 1564 1638 quam
1595 1572 1817 1640 copiose
1850 1572 2073 1625 demon-

2175 481 2289 548 μετ’
2323 479 2485 532 αὐτόν
2505 495 2517 507 ·
2555 480 2687 534 ἀλλὰ
2717 483 2815 535 οὐκ
2845 483 2988 536 ἐστιν
3015 483 3220 537 ἄνωθεν
3245 483 3339 537 ἀπ’
3371 484 3600 554 οὐρανοῦ
3635 503 3749 538 κα-

2171 568 2361 632 ταϐάς.
2393 570 2467 622 Οὐ
2507 569 2612 643 γὰρ
2646 569 2798 625 εἶπεν
2843 574 2876 643 ή
2928 572 3141 643 Γραφὴ,
3185 574 3266 626 ὃτι
3309 575 3624 642 Κατήνεγκε
3659 574 3749 644 τῷ

2186 657 2432 729 Ἀϐραὰμ
2469 659 2632 730 ἄρτον
2665 662 2756 713 καὶ
2787 655 2926 714 οἶνον
2945 677 2957 689 ·
2992 661 3147 723 ἀλλὰ,
3165 661 3493 725 ἐξέϐαλλεν
3518 663 3656 732 αὐτῷ
3676 680 3746 715 τε

2172 749 2266 800 καὶ
2293 752 2405 812 τοῖς
2433 752 2551 819 μετ’
2579 750 2762 817 αὐτοῦ,
2796 751 2870 814 ὼς
2899 752 3007 806 ἀπὸ
3047 751 3156 805 τῶν
3193 751 3454 821 βασιλέων
3482 753 3746 819 ὑποδεξά-

2176 855 2332 908 μενος
2355 839 2444 892 τὸν
2478 840 2768 910 ἐρχόμενον
2792 842 3154 912 πατριάρχην.
3184 842 3293 895 Καὶ
3318 842 3617 912 ηὑλόγησεν
3641 844 3745 895 αὺ-

2171 929 2261 980 τὺν
2284 926 2374 982 διὰ
2397 928 2494 998 τὴν
2519 929 2822 1000 προσοῦσαν
2855 929 3003 1000 αὑτῷ
3029 929 3393 1000 δικαιοσύνην,
3427 932 3520 982 καὶ
3562 931 3622 983 τὸ
3653 949 3746 985 πι-

2174 1023 2317 1088 στὸν,
2353 1024 2448 1076 καὶ
2468 1022 2528 1075 τὸ
2553 1022 2779 1084 εὐλαϐὲς
2807 1021 2896 1076 τοῦ
2929 1022 3139 1094 ἀνδρὸς,
3173 1025 3254 1077 ὅτι
3293 1025 3351 1076 ὲν
3402 1023 3571 1077 ἅπασι
3599 1024 3745 1076 δοκι-

2175 1114 2423 1185 μασθεὶς,
2456 1116 2515 1168 ἐν
2562 1115 2738 1168 οὐδενὶ
2776 1115 2998 1181 ἐξέπεσε
3045 1114 3143 1185 τῆς
3183 1115 3525 1186 δικαιοσύνης
3565 1116 3592 1168 ὁ
3637 1134 3743 1168 πα-

2172 1207 2455 1278 τριάρχης.
2476 1207 2634 1261 Ἀλλὰ
2659 1209 2751 1262 καὶ
2779 1210 2837 1260 ὲν
2869 1208 3042 1279 τούτῳ
3068 1209 3323 1278 συνεργὸν
3351 1208 3474 1277 ἔσχε
3502 1207 3590 1260 τὸν
3611 1208 3742 1260 Θεὸν

2173 1299 2312 1352 κατὰ
2343 1299 2450 1353 τῶν
2484 1300 2698 1371 ἀληθῶς
2726 1300 3058 1354 ἐπελθόντων
3083 1303 3149 1371 τῇ
3176 1300 3284 1353 τῶν
3312 1299 3611 1370 Σοδομιτῶν
3637 1300 3743 1369 χώ-

2175 1407 2265 1462 ρᾳ,
2297 1391 2392 1444 καὶ
2433 1390 2798 1461 ἀφελομένων,
2829 1391 2920 1444 καὶ
2961 1390 3052 1443 τὸν
3100 1389 3412 1459 ἀδελφιδοῦν
3458 1390 3619 1443 αὐτοῦ
3653 1390 3743 1442 τὸν

2173 1481 2326 1551 ἆγιον
2371 1481 2512 1546 Λὼτ,
2544 1481 2602 1534 ὃν
2649 1483 2743 1535 καὶ
2790 1481 3102 1553 ἀπέστρεψε
3137 1482 3235 1552 μὲν
3263 1481 3399 1552 μετὰ
3437 1482 3612 1552 πάσης
3644 1481 3746 1550 τῆς

2176 1571 2514 1634 σκυλεύσεως
2555 1572 2649 1624 καὶ
2696 1572 3139 1642 λαφυραγωγῐας.
3193 1573 3300 1624 Καὶ
3354 1572 3514 1624 πόθεν
3549 1572 3656 1642 γὰρ
3683 1574 3741 1624 οὐ

496 1661 658 1714 strari
689 1669 883 1730 potest,
918 1661 1112 1716 Filium
1161 1679 1284 1716 cum
1333 1663 1492 1718 Patre
1530 1672 1809 1735 ;perpetuo
1859 1665 2074 1719 fuisse?

2181 1663 2456 1734 δείξωμεν,
2486 1663 2567 1715 ὅτι
2594 1659 2661 1733 ἦν
2687 1664 2774 1716 ἀεὶ
2799 1664 2923 1726 Υἱὸς
2954 1665 3048 1716 σὺν
3081 1663 3286 1734 Πατρίς
3339 1664 3432 1714 Ἐν
3454 1663 3608 1731 ἀρχῇ
3635 1664 3744 1732 γὰρ

498 1751 564 1806 1η
582 1755 857 1822 principio,
899 1757 1096 1826 inquit,
1127 1768 1240 1811 erat
1277 1730 1611 1821 Verbumret
1648 1730 1895 1812 -Verbum
1956 1769 2072 1813 erat

2181 1751 2254 1826 ἦν
2281 1759 2312 1810 ὀ
2339 1730 2551 1824 λόγος,
2592 1730 2690 1808 καὶ
2731 1759 2763 1809 ό
2796 1756 2983 1825 Λόγος
3015 1752 3092 1825 ἦν
3128 1730 3278 1822 πρὸς
3311 1756 3416 1809 τὸν
3447 1730 3611 1816 Θεὸν,
3644 1730 3745 1808 άιάι

497 1845 636 1913 apud
685 1845 870 1908 Deum,
900 1857 947 1900 et
987 1847 1120 1901 Deus
1145 1858 1257 1901 erat
1314 1849 1537 1902 Verbum
1564 1852 1606 1902 ‘.
1645 1847 1763 1902 Non
1797 1848 1935 1902 dixit
1966 1867 1978 1902 :
2015 1848 2069 1902 In

499 1937 765 2006 prinripio
784 1949 898 1990 erat
927 1937 1301 2002 Melchisedec.
1338 1940 1469 1992 Item
1507 1955 1518 1990 :
1573 1917 1720 1994 Venit
1757 1941 1917 2010 igitur
1960 1939 2074 1992 Do-

498 2029 670 2080 minus
730 2027 798 2080 ad
861 2028 1159 2090 Abraham;
1195 2039 1243 2082 et
1277 2031 1410 2096 pluit
1475 2029 1728 2084 Dominus
1767 2048 1798 2083 a
1852 2031 2073 2083 Domino

499 2119 689 2187 ignem,
714 2129 760 2172 et
792 2120 1011 2187 sulphur
1034 2135 1188 2186 super
1223 2118 1451 2172 Sodoma
1479 2131 1525 2174 et
1553 2120 1844 2173 Gomorrha
1870 2121 1913 2176 ⁸.
1940 2118 2077 2174 Prat—

499 2220 667 2270 terea,
717 2209 860 2263 Unus
931 2210 1090 2272 Deus,
1129 2212 1204 2262 ait
1227 2211 1519 2280 Apostolus
1551 2212 1594 2272 ⁵,
1621 2226 1686 2263 ex
1717 2227 1818 2280 quo
1849 2211 2026 2262 omnia
2055 2227 2074 2274 ;

409 2335 422 2348 ι
497 2311 546 2354 et
572 2318 705 2355 unus
742 2303 992 2356 Dominus
1020 2301 1176 2355 Jesus
1202 2301 1472 2366 Christus,
1497 2319 1586 2372 per
1615 2320 1764 2372 quem
1804 2304 2000 2356 omnia.

569 2394 645 2448 Ac
673 2411 741 2449 ne
765 2395 889 2463 quis
916 2393 1212 2462 ohjiceret:
1250 2393 1350 2448 Ubi
1391 2404 1474 2449 est
1504 2395 1670 2465 igitur
1695 2393 1933 2464 Spiritus
1956 2410 2078 2449 san-

499 2494 639 2539 ctus.
668 2500 792 2537 cum
837 2485 1000 2537 tmius
1039 2496 1203 2554 atque
1231 2485 1394 2538 unius
1427 2486 1694 2539 duntaxat
1744 2487 2073 2541 mentionem

502 2576 701 2630 faciat?
737 2575 841 2630 Sed
901 2576 1164 2644 Spiritum
1209 2583 1456 2629 sanctum
1501 2577 1698 2630 suimet
1724 2578 1896 2646 ipsius
1927 2593 2079 2631 com-

499 2667 870 2720 mendatorem
934 2681 996 2718 ac
1044 2667 1451 2734 praedicatorem
1503 2682 1625 2721 esse
1665 2668 1888 2722 minime
1944 2684 2078 2722 con-

501 2759 746 2829 gruebat.
774 2757 904 2809 Illud
937 2757 1080 2809 enim
1105 2757 1385 2827 Scriptura
1415 2773 1572 2812 sacra
1595 2767 1854 2828 perpetuo
1874 2769 2074 2824 servat,

501 2859 558 2902 ut
591 2866 648 2904 se
684 2850 840 2902 nobis
895 2849 1224 2917 exemplaris
1263 2849 1438 2903 instar
1479 2859 1766 2920 proponat.
1806 2850 2076 2916 Quocirca

502 2942 614 2995 haec
643 2942 694 2995 in
733 2941 939 3010 Spiritu
973 2952 1165 2995 sancto
1194 2942 1523 3011 loquebatur
1545 2944 1844 3012 Apostolus
1878 2963 1890 2997 :
1933 2943 2077 2998 Unus

2177 1847 2320 1914 Θεὸς
2370 1844 2447 1916 ἦν
2491 1847 2753 1918 ὀΛόγος.
2800 1847 2909 1899 Καὶ
2949 1848 3047 1900 οὐκ
3091 1843 3274 1898 εἶπεν·
3320 1848 3377 1898 ’0
3414 1848 3744 1916 Μελχισεδὲκ

2176 1940 2233 1990 ὲν
2263 1940 2403 2009 ἀρχῇ
2437 1934 2504 2009 ἦν
2524 1956 2538 1969 ·
2598 1939 2690 1991 καὶ
2735 1938 2894 1990 πάλιν
2919 1953 2931 1965 ·
2973 1934 3190 1990 Ἦλθεν
3221 1932 3334 1990 οὖν
3359 1938 3568 2003 Κί-ριυς
3600 1936 3746 2003 πρὸς

2188 2031 2462 2099 Ἀϐραὰμ,
2490 2031 2587 2083 καὶ
2640 2030 2841 2093 ἔϐρεξε
2885 2030 3100 2094 Κύριος
3146 2027 3302 2095 παρὰ
3346 2029 3562 2096 Κυρίου
3607 2029 3746 2094 πῦρ,

2177 2124 2273 2177 καὶ
2320 2123 2479 2177 θεῖον
2525 2122 2622 2174 ἐπὶ
2655 2122 2885 2189 Σόδομα
2915 2121 3011 2173 καὶ
3045 2121 3333 2187 Γόμοῤῥα.
3381 2120 3487 2171 Καὶ
3531 2121 3558 2170 ὁ
3597 2117 3748 2183 ἅγιος

2189 2214 2506 2276 ’Λπόστολός
2539 2229 2732 2284 φησιν·
2769 2207 2870 2277 Εἷς
2905 2211 3066 2276 Θεὸς,
3098 2211 3164 2274 ἐξ
3197 2207 3267 2264 οὗ
3292 2209 3360 2262 τὰ
3393 2208 3584 2261 πάντα
3608 2224 3619 2234 ·
3647 2209 3748 2260 καὶ

2175 2303 2263 2373 εἷς
2292 2309 2507 2374 Κύριος
2544 2303 2772 2370 Ἰησοῦς
2802 2303 3071 2372 Χριστὸς,
3100 2303 3172 2355 δι’
3196 2298 3267 2357 οὗ
3295 2301 3366 2354 τὰ
3392 2299 3606 2352 πάντα.

2250 2399 2360 2453 Καὶ
2387 2399 2473 2452 ἵνα
2511 2399 2583 2468 μή
2613 2415 2696 2460 τις
2723 2398 2868 2467 εἴπῃ·
2905 2393 3113 2449 Οὐκοῦν
3142 2392 3240 2445 ποῦ
3273 2391 3385 2443 ἔστι
3417 2391 3477 2442 τὸ
3507 2388 3746 2458 Πνεῦμα,

2177 2493 2363 2562 ἐπειδὴ
2410 2493 2536 2561 περὶ
2581 2491 2696 2552 ἐνὸς
2742 2489 2833 2541 καὶ
2878 2487 2995 2549 ἐνὸς
3037 2486 3337 2556 διηγεῖται;
3382 2484 3493 2536 Οὐκ
3538 2482 3642 2534 ἔδει
3691 2482 3753 2533 τὸ

2180 2583 2400 2651 Πνεῦμα
2426 2580 2820 2633 αὑτοσύστατου
2851 2575 2981 2629 αὐτὸ
2999 2573 3248 2642 γενέσθαι
3277 2569 3489 2624 ἑαυτοῦ.
3509 2569 3618 2621 Ἀεὶ
3643 2566 3754 2637 γὰρ

2180 2674 2502 2744 φυλάττεται
2527 2673 2560 2740 ἡ
2585 2670 2703 2723 θεία
2727 2667 2918 2740 Γραφὴ
2945 2664 3307 2736 ὑπογραμμὸς
3329 2664 3459 2732 ἡμῖν
3485 2660 3752 2728 γίνεσθαι.

2193 2763 2517 2832 Ἐεςιθὲγγετο
2547 2758 2640 2815 οὖν
2673 2765 2730 2814 ὲν
2758 2759 3034 2828 Πνεύματι
3064 2757 3202 2825 ἁγίῳ
3233 2757 3260 2806 ὁ
3293 2751 3633 2812 Ἀπόστολος,
3654 2750 3756 2802 -κσὶ

2179 2855 2388 2924 ἔλεγεν·
2419 2851 2523 2920 Εἷς
2561 2855 2726 2920 Θεὸς,
2748 2854 2816 2917 ἐξ
2856 2847 2926 2906 οὗ
2955 2851 3025 2903 τὰ
3055 2849 3268 2911 πάντα,
3307 2847 3403 2899 καὶ
3429 2839 3516 2910 εἷς
3543 2845 3758 2910 Κύριος

2193 2948 2420 3014 Ἰησοῦς
2477 2946 2748 3014 Χριστὸς,
2799 2945 2870 2997 δι’
2917 2939 2988 2998 οὗ
3042 2943 3112 2996 τὰ
3157 2939 3374 2994 πάντα.
3397 2936 3506 2994 Ἦν
3552 2939 3609 2992 δὲ
3660 2940 3758 2990 σὺν

502 3031 639 3085 Deus
672 3049 736 3085 ea:
763 3049 864 3101 quo
893 3032 1092 3092 omnia.
1118 3041 1165 3085 et
1189 3048 1323 3085 unus
1353 3031 1606 3086 Dominus
1634 3032 1789 3086 Jesus
1813 3033 2074 3100 Christus,

2182 3037 2459 3108 Πνεύματι
2513 3038 2650 3107 ἁγίῳ
2693 3037 2866 3104 λέγων
2911 3033 3104 3088 τοῦτο·
3145 3035 3203 3086 οὐ
3245 3033 3354 3103 γὰρ
3401 3032 3482 3084 ἵνα
3535 3029 3690 3099 λείψῃ
3722 3030 3758 3099 ή

500 3138 590 3190 per
640 3138 789 3192 quem
817 3123 1013 3174 omnia.
1057 3121 1127 3175 At
1177 3122 1269 3190 qui
1323 3138 1445 3175 cum
1501 3120 1705 3190 Spiritu
1752 3132 1943 3177 sancto
1974 3125 2080 3177 ista

500 3215 744 3279 dicebat,
801 3229 978 3283 neque
1034 3227 1281 3266 mancam
1348 3228 1470 3267 esse
1523 3211 1780 3267 Triadem
1842 3215 2075 3268 volebat.

502 3305 580 3359 Ad
605 3303 719 3359 haec
741 3303 1005 3358 Dominus
1035 3303 1150 3372 ipse
1176 3304 1463 3371 perspicue
1495 3301 1657 3355 dicit:
1681 3302 1876 3356 Euntes
1915 3304 2082 3372 bapti-

504 3408 620 3452 κατε
635 3415 808 3451 omnes
835 3397 1293 3467 gentesinuomine
1312 3395 1580 3457 Patris,et
1599 3394 1747 3459 Filii,
1765 3409 1810 3448 et
1848 3396 2079 3465 Spiritus

503 3491 672 3544 sancti
693 3491 735 3542 '.
769 3489 1064 3558 Apostolus
1098 3502 1351 3556 quoque:
1394 3486 1538 3541 Unus
1574 3504 1690 3541 vero
1712 3498 1788 3541 est
1817 3487 2071 3557 Spiritus,

503 3585 681 3653 inquit
707 3584 748 3646 °,
773 3581 1008 3634 dividens
1047 3580 1210 3652 476
1237 3580 1513 3649 unicuique
1533 3590 1686 3646 prout
1713 3581 1842 3646 vult,
1875 3581 1943 3632 ad
1961 3582 2073 3650 ejus

505 3673 810 3728 utilitatem.
840 3672 918 3725 En
979 3672 1144 3741 igitur
1179 3671 1356 3734 Pater,
1386 3687 1451 3724 en
1493 3669 1686 3730 Filius.
1719 3688 1784 3725 en
1839 3671 2075 3741 Spiritus

507 3773 766 3829 sanctus;
810 3779 1077 3832 nusquam
1144 3761 1524 3817 Melchisedec.
1585 3761 1772 3832 Neque
1827 3751 1950 3816 cum
2008 3765 2076 3820 de

505 3857 822 3911 cmlestibus
867 3854 1027 3908 donis
1077 3854 1280 3908 mentio
1310 3854 1388 3917 fit,
1427 3854 1692 3922 impertiri
1731 3854 1843 3908 lliBC
1881 3855 1946 3907 ab
1983 3856 2075 3910 fllo

505 3948 672 4012 dixit,
712 3962 886 4017 neque
937 3961 1059 3999 cum
1097 3945 1164 3999 de
1216 3945 1540 4000 sublimibus
1571 3944 1852 3999 disseruit.
1891 3944 2086 4000 Proin-

507 4039 682 4109 deque
713 4041 912 4093 frustra
942 4036 1209 4106 ejusmodi
1239 4036 1437 4090 abillis
1466 4036 1746 4090 mendacia
1780 4037 1844 4091 ad
1874 4039 2084 4093 animo-

507 4144 625 4184 rum
657 4129 1008 4184 offensionem
1035 4129 1266 4182 conficta
1294 4127 1676 4196 praedicantur.
1701 4125 1831 4192 Quae
1858 4128 2078 4197 quidem

2181 3131 2369 3200 Τριὰς.
2417 3129 2587 3191 Αὐτὸς
2620 3129 2676 3182 δὲ
2710 3130 2737 3180 ὁ
2765 3127 2967 3196 Κύριος
3000 3125 3187 3193 σαφῶς
3236 3123 3402 3190 λέγει,
3439 3123 3520 3174 ὅτι
3562 3120 3762 3172 Ἀπελ-

2182 3223 2389 3284 θόντες
2413 3220 2754 3284 βαπτίσατε
2792 3215 2988 3268 πάντα
3023 3216 3094 3267 τὰ
3123 3215 3266 3282 ἔθνη
3305 3213 3392 3277 εὶς
3425 3210 3609 3278 ὄνομα
3638 3211 3759 3260 Πα-

2180 3311 2337 3378 τρός,
2374 3309 2471 3361 καὶ
2521 3306 2680 3368 Υἰοῦ,
2721 3305 2818 3358 καὶ
2851 3306 3020 3372 ἁγίου
3061 3302 3421 3370 Ιῖνεὺματος.
3458 3298 3562 3349 Καὶ
3598 3295 3761 3348 πάλιν

2181 3405 2210 3455 ὁ
2252 3399 2570 3460 Ἀπόστολος
2624 3397 2804 3464 λέγει·
2870 3396 2973 3446 Ἓν
3015 3392 3081 3444 δέ
3123 3393 3250 3444 ἐστι
3295 3389 3360 3442 τὸ
3427 3387 3664 3455 Πνεῦμα
3692 3385 3762 3436 τὸ

2188 3493 2456 3561 διαιροῦν
2487 3490 2720 3556 ἑκάστῳ
2749 3489 2827 3552 ὠς
2849 3487 3135 3550 ,βούλεται
3165 3482 3311 3551 πρὸς
3337 3481 3400 3534 τὸ
3429 3479 3758 3548 συμφέρον.

2202 3586 2332 3639 Ἰδοὺ
2369 3585 2546 3637 τοίνυν
2579 3581 2787 3652 Πατὴρ,
2822 3579 2929 3632 ἰδοὺ
2974 3578 3121 3642 Υἱὸς,
3157 3576 3262 3628 ἰδοὺ
3313 3573 3534 3641 Πνεῦμα
3583 3572 3759 3636 ἅγιον.

2192 3676 2302 3729 Καὶ
2344 3655 2580 3727 εὐδειμοῦ
2611 3667 2962 3740 Μελχισεδὲκ,
2996 3665 3119 3720 οὔτε
3163 3668 3219 3717 ὲν
3267 3666 3379 3726 τοῖς
3432 3660 3762 3731 χαρίσμασιν

2193 3763 2363 3830 εἶπεν,
2391 3767 2471 3818 ὅτι
2505 3765 2772 3834 δωρεῖται,
2808 3760 2925 3814 οὔτε
2967 3762 3022 3811 ὲν
3058 3760 3169 3820 τοῖς
3208 3754 3483 3825 ὑψώμασι.
3517 3751 3623 3803 Καὶ
3660 3751 3764 3818 μά-

2193 3877 2292 3929 την
2322 3857 2472 3929 παρὰ
2499 3856 2706 3917 τούτοις
2737 3855 2919 3926 ᾅδεται
2941 3851 3010 3904 τὰ
3051 3849 3218 3920 ψευδῆ
3249 3847 3342 3900 καὶ
3374 3841 3764 3910 ἐπινενοημένα

2185 3969 2293 4005 των
2328 3948 2791 4022 προσκομμάτων,
2834 3946 2933 3998 οὐκ
2967 3942 3074 3996 ἀπὸ
3115 3943 3212 4011 τῆς
3254 3937 3527 4009 ἀληθείας,
3560 3933 3674 3986 ἀλλ’
3704 3931 3765 3994 ἐξ

2185 4039 2351 4094 αὑτοῦ
2393 4038 2486 4091 τοῦ
2533 4037 2864 4108 συρίγματος
2903 4033 2998 4085 τοῦ
3040 4031 3361 4101 δράκοντος,
3408 4026 3484 4088 ὡς
3526 4023 3763 4092 ἑκάστην

2183 4132 2421 4203 ἠδυνήθη
2453 4127 2728 4198 ἀπατῆσαί
2757 4143 2817 4178 τε
2843 4124 2937 4178 καὶ
2960 4122 3250 4191 πλανῆσαι.

507 4238 616 4278 non
651 4236 718 4274 ex
751 4221 997 4283 veritate,
1026 4220 1120 4274 sed
1150 4220 1408 4275 draconis
1441 4220 1602 4274 srbilo
1631 4219 1874 4289 profecta
1899 4231 2062 4290 sunt;
2105 4241 2204 4297 pro
2235 4242 2301 4283 eo
2336 4241 2401 4281 ac
2433 4222 2735 4294 quamlibet
2769 4228 2972 4274 sectam
3030 4215 3304 4285 decipere,
3348 4221 3512 4280 atque
3551 4210 3607 4263 in
3671 4221 3762 4262 er-

507 4329 684 4371 rorem
714 4313 983 4367 abducere
1011 4311 1207 4380 potuit.

578 4405 714 4457 Cum
746 4410 926 4456 autem
978 4402 1190 4456 abunde
1233 4401 1344 4472 jam
1375 4401 1444 4457 de
1478 4401 1587 4456 illis
1615 4402 1952 4474 disputatum
1979 4407 2071 4474 sit,

2249 4403 2358 4457 Καὶ
2391 4401 2519 4474 περὶ
2546 4398 2750 4452 τούτων
2793 4397 2851 4450 δὲ
2884 4395 3084 4458 ἱκανῶς
3115 4391 3484 4463 διαλεχθέντες
3510 4391 3762 4445 καταλεί-

507 4496 706 4550 missos
737 4493 952 4548 demum
988 4491 1284 4559 faciamus,
1317 4509 1454 4564 quos
1488 4495 1659 4550 muris
1689 4498 1876 4552 aranei
1916 4498 2074 4555 instat

2189 4493 2626 4566 ¢mpev,ibarrsp
2643 4488 3015 4560 μυογαλλίδιον
3037 4487 3169 4557 λίθῳ
3191 4485 3520 4546 πεπαικότες
3550 4483 3639 4537 διὰ
3661 4485 3763 4555 τῆς

507 4587 680 4642 solida
719 4601 784 4640 ac
830 4585 1009 4640 stabili
1062 4585 1163 4639 ﬁde
1190 4585 1337 4640 velut
1365 4585 1543 4653 lapide
1583 4589 1978 4656 percussimus,
2024 4605 2088 4645 ac

509 4676 778 4732 letiferum
808 4675 960 4729 virus
987 4676 1277 4731 evasimus.
1313 4674 1463 4730 Hanc
1507 4677 1652 4731 enim
1693 4679 1866 4734 muris
1897 4679 2085 4734 aranei

509 4776 758 4823 naturam
793 4783 916 4822 esse
948 4767 1148 4826 ferunt.
1179 4775 1236 4820 ut
1258 4782 1288 4821 e
1319 4768 1549 4839 vestigio
1611 4769 1830 4837 quidem
1877 4771 2082 4824 nullam

507 4861 577 4922 ei,
615 4859 707 4929 qui
732 4873 948 4914 morsus
989 4867 1092 4923 est,
1127 4859 1422 4929 perniciem
1452 4859 1649 4913 inferat
1678 4878 1692 4923 ;
1728 4876 1915 4915 verum
1957 4877 2082 4930 pau-

510 4950 663 5006 latim
725 4964 930 5021 corpus
977 4952 1306 5020 exstinguat,
1361 4965 1424 5004 ac
1469 4952 1711 5005 membra
1745 4951 1864 5021 ejus
1899 4952 2083 5007 omnia

585 5154 602 5181 '
629 5149 765 5206 Gen.
792 5150 1013 5213 xxv,18.
1091 5151 1110 5180 ³
1133 5148 1288 5204 Joau.
1323 5167 1364 5215 ι,
1394 5152 1442 5205 1.

586 5335 697 5402 (90)
743 5334 813 5390 Τὸ
836 5335 945 5405 γὰρ
969 5334 1421 5404 μυογτιλλίδιον.
1455 5333 1728 5389 Nicander
1755 5333 1908 5388 Ther.
1940 5354 1959 5387 :

2191 4585 2418 4656 στερεᾶς
2449 4583 2684 4645 πίστεως
2717 4582 2810 4634 καὶ
2842 4578 3233 4656 ἐδραιὼματος,
3273 4576 3364 4629 καὶ
3403 4574 3662 4643 φυγόντες
3703 4573 3764 4625 τὸ

2191 4676 2392 4730 ἰοϐόλον
2433 4673 2777 4745 δηλητήριον.
2815 4673 2890 4725 Τὸ
2927 4657 3039 4741 ’γὰρ
3085 4667 3456 4740 μυογαλλίδιὸν
3486 4667 3598 4735 (90)
3631 4682 3762 4734 φασι

2188 4768 2325 4839 πρὸς
2371 4769 2468 4837 μὲν
2512 4765 2608 4837 τὴν
2657 4765 2808 4836 ὥραν
2857 4764 3020 4834 μηδὲν
3064 4763 3267 4824 ἀδικεῖν
3293 4760 3385 4812 τὸν
3415 4759 3758 4828 δακνόμενον,

2187 4861 2362 4930 χρόνῳ
2390 4859 2446 4912 δέ
2477 4876 2582 4910 τινι
2623 4858 2685 4910 τὸ
2729 4857 2888 4927 σῶμα
2930 4857 3232 4924 ἀφανίζειν,
3267 4856 3358 4907 καὶ
3404 4854 3482 4915 εἰς
3527 4850 3762 4920 λώϐησιν

2188 4951 2442 5019 κελεφίας
2469 4950 2578 5019 (91)
2610 4949 2714 5012 ἕως
2747 4948 2882 5002 ὅλων
2904 4947 3011 5001 τῶν
3047 4947 3222 5017 μελῶν
3253 4946 3407 5013 ἄγειν
3427 4946 3518 5005 τὸν
3544 4942 3763 4995 ἐπιϐου-

1520 5151 1539 5182 ³
1571 5149 1704 5206 Gen.
1736 5167 1848 5218 χιχ,
1878 5151 1968 5205 24.
2046 5152 2068 5182 ⁸

2181 5152 2277 5206 lor.
2311 5167 2433 5216 vm,
2467 5154 2520 5206 6.
2595 5152 2616 5183 ⁵
2649 5149 2836 5202 Matth.
2870 5162 3062 5207 xxvut,
3090 5146 3174 5200 19.
3252 5149 3272 5176 ⁸
3302 5143 3465 5200 1(Ζοι·.
3501 5157 3602 5204 xu,
3645 5141 3727 5195 ll.

2192 5343 2301 5386 tant
2327 5335 2376 5388 si
2399 5334 2674 5395 transiere,
2711 5333 3032 5396 moriuntur,
3057 5330 3213 5399 quasi
3244 5345 3350 5383 non
3377 5328 3577 5382 obtritu
3615 5336 3762 5380 rota-

512 5399 736 5477 Τυφλήν
769 5399 854 5468 τε,
893 5399 1163 5476 σμερδνῆν
1191 5422 1251 5457 τε
1287 5405 1498 5477 βροτοῖς
1527 5407 1619 5458 ἐπὶ
1647 5405 1824 5477 λοιγδν
1852 5405 2074 5472 ἄγουσαι

2191 5419 2334 5468 rum,
2378 5403 2475 5457 sed
2521 5405 2568 5456 vi
2609 5401 2844 5472 quadam
2877 5402 3072 5456 orbitis
3108 5401 3244 5470 ipsis
3273 5399 3442 5453 indita
3469 5399 3764 5455 confician-

514 5473 1130 5556 ξιογιιξηέην-τροχοῇσιν
1175 5477 1253 5556 ἐνὶ
1288 5473 1628 5556 θνήσκοοσιιιν
1657 5473 1915 5556 ἁμάξαις.

519 5545 992 5601 SeholiadoCent
1039 5547 1094 5599 in
1148 5554 1389 5600 rotarum
1445 5545 1638 5600 orbitis
1695 5545 2093 5614 deprehensum

2193 5482 2379 5613 ιυῖἒη)
2417 5545 2519 5606 Εἰς
2548 5539 2815 5608 ,Ιώϐησιν
2843 5541 3146 5613 κελεςρίας.
3186 5539 3284 5593 Diu
3322 5537 3449 5613 quid
3491 5547 3636 5613 esset
3672 5553 3760 5588 κε-

522 5630 729 5669 murem
763 5631 1048 5679 araneum,
1081 5617 1227 5682 quod
1259 5630 1438 5671 camus
1471 5617 1562 5675 sit,
1601 5615 1713 5668 illic
1745 5607 1997 5668 interfici.
2029 5613 2095 5667 At
2195 5607 2383 5681 λεφίαξ
2417 5613 2652 5682 λώϐησις
2688 5607 3106 5682 ignoravimus:
3151 5614 3364 5682 tametsi
3413 5607 3761 5682 doctissimos

521 5684 731 5743 Plinius
772 5686 866 5742 lib.
905 5701 981 5751 Ix,
1009 5702 1059 5741 c.
1096 5687 1164 5746 i8
1201 5705 1212 5740 :
1255 5685 1423 5741 Iidem
1462 5685 1753 5755 ubicunque
1787 5686 1915 5751 sint,
1959 5685 2098 5738 orbi-

2199 5679 2487 5754 plerosque
2513 5679 2679 5748 viros,
2716 5679 2787 5736 iac
2833 5681 3132 5751 praesertim
3169 5679 3407 5735 medicos
3446 5679 3512 5732 de
3537 5694 3598 5736 ea
3633 5694 3762 5730 voce
