4176 6386
396 345 499 402 989

1059 351 1428 412 ADVERSUS
1467 356 1809 417 HERESES
1843 363 1972 416 LIB.
2014 363 2081 419 II.
2121 362 2289 419 ΤΟΜ.
2333 364 2372 418 1.
2397 395 2467 406 --
2505 364 2780 422 litEliES.
2815 367 2949 424 LVI.

3526 369 3640 428 990‘

394 450 672 512 λευθέντα.
704 457 860 512 Οὕτω
900 461 993 514 καὶ
1027 461 1166 535 αὕτη
1196 467 1233 535 ἡ
1263 465 1472 522 διάνοια
1495 471 1608 532 τοῖς
1646 470 1806 534 εὐθὺς
1835 471 1962 542 περὶ

2064 472 2183 527 labe
2216 473 2326 534 illa,
2349 490 2510 544 quam
2551 476 2805 547 κελεφίαν
2831 486 3044 545 vocant,
3081 479 3305 535 inliciat.
3344 477 3436 535 Sic
3464 480 3638 537 haere-

391 547 598 603 τούτων
625 549 890 603 ἀκούσασι
919 552 1165 621 φαίνεται
1193 555 1268 619 ὡς
1296 558 1452 612 οὐδέν
1473 576 1486 589 ·
1518 563 1969 634 προσεντριϐομέ-

393 658 459 711 νη
507 641 564 695 δὲ
604 643 637 712 ἡ
677 642 785 697 τῶν
815 643 987 713 λόγων
1030 647 1301 721 παρολκὴ,
1335 649 1554 723 ζήτημα
1595 656 1830 724 ἐμποιεῖ,
1872 657 1967 709 καὶ

397 733 586 805 ὥσπερ
619 735 926 807 ἀφανισμὸν
972 742 1082 803 τοῖς
1119 741 1192 811 μὴ
1226 743 1452 812 τυχοῦσι
1485 745 1578 799 τοῦ
1630 745 1968 818 βοηθήματος

393 825 491 895 τῆς
524 827 796 880 ἀντιδότου
825 829 1044 900 ταύτης.
1067 832 1142 884 Οὐ
1161 833 1342 902 τάχιον
1370 833 1427 887 δὲ
1452 835 1698 904 φαίνεται
1726 837 1789 890 τὸ
1807 835 1964 901 ζῶον.

408 915 496 968 Ἐν
527 919 682 970 νυκτὶ
713 919 823 990 γάρ
851 921 965 972 ἐστι
997 923 1380 994 πορευόμενον,
1412 928 1507 980 καὶ
1535 927 1675 982 οὕτω
1702 929 1803 1000 τὴν
1835 929 1964 999 βλά-

395 1005 497 1078 ϐην
517 1007 807 1078 ἐργάζεται
825 1025 838 1038 ⁸
866 1011 1098 1079 μάλιστα
1125 1012 1182 1064 δὲ
1208 1013 1267 1067 ὲν
1293 1017 1357 1085 τῇ
1388 1014 1833 1085 τῶνᾶΑίγιυπτίων
1859 1017 1965 1088 χώ-

396 1114 485 1168 ρᾳ.
505 1097 590 1161 Ὠς
625 1099 796 1152 ίστέον
827 1101 942 1152 ἐστὶ
965 1104 1078 1165 τοῖς
1102 1101 1200 1173 τὴν
1227 1103 1428 1170 γνῶσιν
1455 1104 1548 1158 τοῦ
1579 1105 1714 1170 ζὼου
1743 1108 1965 1160 ἐπιστα-

398 1189 598 1260 μένοις,
620 1190 700 1242 ὅτι
727 1190 786 1242 οὐ
814 1192 1122 1262 παρέργως,
1147 1192 1270 1247 οὔτε
1293 1199 1845 1269 σεσυκοφαντημένως
1866 1199 1964 1270 τῆς

392 1279 485 1331 τοῦ
516 1276 654 1341 ζώου
687 1278 992 1344 ὑποθέσεως
1016 1282 1360 1352 πεποιήμεθα
1396 1284 1494 1356 τὴν
1525 1287 1774 1358 μνήμην·
1809 1287 1964 1340 τοῦτο

393 1368 500 1440 γὰρ
534 1369 698 1424 αὐτοῦ
728 1369 788 1424 τό
817 1371 1088 1443 δικαίωμα
1109 1373 1342 1444 ὑπάρχει
1374 1376 1506 1446 (92).
1526 1376 1755 1449 Ἐφεξῆς
1780 1378 1837 1431 δὲ
1870 1379 1964 1448 βα-

390 1458 604 1530 διοῦμαι
636 1462 729 1513 ἐπὶ
773 1460 871 1524 τὰς
911 1461 1093 1528 ἄλλας,
1145 1464 1292 1527 ὅπως
1323 1463 1386 1518 τὸ
1414 1466 1734 1537 ἐπάγγελμα
1766 1469 1824 1520 ὲν
1847 1466 1964 1538 Θεῷ

394 1549 672 1621 πληρῶσαι
698 1551 1145 1618 καταξιωθέντες,
1178 1551 1254 1622 τῷ
1283 1553 1400 1625 Θεῷ
1424 1556 1924 1628 εὑχαριστήσωμεν.

706 1835 896 1889 ΚΑΤΑ
927 1836 1512 1893 ΒΑΡΔΗΣῘᾹΝΙΣΤΩΝ
1536 1841 1666 1910 (95),

525 1923 852 2007 τριακοστὴ
884 1925 1043 1994 ἕκτη,
1079 1930 1116 1996 vi
1147 1929 1242 1982 καὶ
1282 1932 1659 2000 πεντηκοστὴ
1686 1932 1848 2002 ἕκτη.

461 2016 538 2066 A’.
580 2013 800 2079 Τούτοις
844 2017 1075 2089 καθεξῆς
1123 2021 1407 2074 συνέπεται
1454 2023 1827 2096 Βαρδησιάνης
1855 2044 1956 2092 τις,

391 2103 531 2157 οὕτω
558 2105 904 2176 καλούμενος.
923 2108 979 2161 '0
1007 2109 1064 2161 δὲ
1093 2110 1468 2183 Βαρδησιάνης
1496 2107 1671 2178 οὗτος,
1707 2116 1766 2180 ἐξ
1791 2109 1960 2187 οὗπερ

391 2197 423 2266 ἡ
455 2196 663 2268 αἵρεσις
693 2197 802 2251 τῶν
834 2199 1305 2270 Βαρδησιανιστῶν
1347 2203 1659 2273 γεγένηται,
1689 2206 1752 2257 ὲκ
1784 2207 1961 2259 Μεσο-

392 2288 664 2358 ποταμίας
689 2290 786 2358 μὲν
813 2291 871 2342 τὸ
899 2290 1054 2359 γένος
1077 2287 1165 2363 ἦν,
1193 2293 1301 2344 τῶν
1331 2293 1472 2347 κατὰ
1503 2293 1601 2366 τὴν
1629 2293 1962 2367 Ἐδεσσηνῶν

392 2378 545 2433 πόλιν
587 2382 1111 2446 κατοικούντων.Ὃς
1144 2385 1212 2436 τὰ
1245 2385 1342 2454 μὲν
1376 2385 1570 2456 πρῶτα
1613 2387 1832 2458 ἄριστός
1879 2405 1960 2452 τις

393 2467 531 2538 ἀνὴρ
561 2468 819 2539 ἐτύγχανε
843 2488 856 2501 ·
892 2471 1081 2538 λόγους
1111 2471 1167 2524 δὲ
1199 2473 1300 2524 οὐκ
1327 2472 1536 2540 ὀλίγους
1566 2476 1959 2546 συνεγράψατο,

391 2561 627 2630 ὁπηνίκα
668 2562 984 2632 ἐρρωμένην
1029 2558 1141 2633 εἶχε
1184 2563 1280 2634 τὴν
1329 2563 1585 2619 διάνοιαν.
1605 2566 1698 2619 Ἐκ
1727 2566 1834 2637 γὰρ
1867 2569 1963 2638 τῆς

393 2650 552 2718 ἁγίας
580 2651 672 2703 τοῦ
719 2652 853 2704 Θεοῦ
884 2652 1208 2723 Ἐκκλησίας
1241 2654 1486 2725 ὡρμᾶτο,
1529 2655 1708 2724 λόγιός
1755 2675 1837 2720 τις
1889 2657 1963 2711 ὣν

392 2742 448 2793 ὲν
502 2744 620 2804 ταῖς
676 2742 796 2794 δυσὶ
832 2743 1122 2811 γλώσσαις,
1151 2744 1432 2816 Ἐλληνικῇ
1476 2764 1533 2799 τε
1582 2747 1844 2820 διαλέκτῳ
1872 2750 1964 2803 καὶ

389 2835 457 2903 τῇ
502 2832 609 2886 τῶν
650 2833 833 2905 Σύρων
877 2838 1044 2906 φωνῇ.
1069 2835 1302 2907 Αύγάρῳ
1345 2837 1401 2889 δὲ
1450 2837 1528 2908 τῷ
1570 2838 1675 2891 τῶν
1717 2841 1966 2910 Ἐδεσση-

393 2925 502 2980 νῶν
530 2927 764 3000 δυνάστῃ
798 2929 950 2998 ἀνδρὶ
981 2930 1256 2999 ὁσιωτάτῳ
1280 2926 1708 3000 ἐξοικειούμενος
1726 2931 1794 2985 τὰ
1818 2931 1966 3003 πρῶ-

391 3034 482 3082 τα,
510 3018 603 3072 καὶ
648 3020 1009 3091 συμπράττων
1059 3038 1118 3072 τε
1161 3021 1295 3091 ἅμα,
1328 3022 1422 3074 καὶ
1465 3022 1564 3091 τῆς
1606 3023 1770 3076 αὐτοῦ
1804 3041 1966 3094 μετα-

397 3107 538 3179 σχὼν
600 3110 846 3172 παιδείας

391 3202 645 3272 τελευτὴν
689 3204 816 3273 ἄχρι
853 3202 959 3255 τῶν
998 3203 1203 3272 χρόνων
1245 3205 1528 3256 Ἀντωνίου
1559 3205 1855 3276 Καίσαρος,
1898 3208 1958 3260 οὐ

389 3293 487 3349 τοῦ
514 3294 780 3357 Εὐσεϐοῦς
804 3295 966 3348 καλου
975 3295 1155 3365 μένου,
1184 3294 1322 3347 ἀλλὰ
1343 3294 1435 3348 τοῦ
1461 3296 1694 3367 Οὐήρου,
1714 3297 1771 3361 ὃς
1794 3296 1965 3350 πολλὰ

404 3387 680 3440 Ἀδειδὰν¹
711 3387 800 3440 τὸν
837 3387 1167 3457 ἀστρονόμον
1218 3386 1358 3440 κατὰ
1401 3387 1740 3458 εἱμαρμένης
1791 3388 1964 3458 λέγων

395 3480 794 3548 συνελογί-σατο.
845 3480 955 3531 Καὶ
994 3478 1126 3532 ἄλλα
1169 3477 1225 3531 δὲ
1267 3478 1407 3532 κατὰ
1433 3479 1532 3549 τὴν
1557 3479 1750 3549 εὐσεϐῆ
1787 3481 1965 3533 πίστιν

394 3572 690 3644 ἐμφέρεται
711 3572 872 3626 αὑτοῦ
898 3573 1323 3644 συγγράμματα.
1343 3569 1681 3642 Ἀπολλωνίῳ
1701 3571 1754 3624 δὲ
1777 3571 1854 3642 τῷ
1873 3572 1966 3625 τοῦ

410 3665 720 3722 ’Λντωνίδου
732 3664 844 3736 (94)
854 3662 972 3717 ἐταί
977 3682 1054 3737 ρῳ
1066 3664 1285 3737 ἀντῄρει
1299 3666 1319 3697 ³
1347 3680 1416 3718 πε
1425 3664 1606 3735 ραινού
1614 3682 1789 3736 pavo;
1802 3666 1967 3738 ἀρνή-

465 3817 479 3845 ¹
513 3813 588 3867 Fp
609 3815 742 3886 πρὸς
776 3815 1038 3870 Ἀϐειδάν.
1114 3818 1136 3850 ³
1168 3814 1298 3870 Cor.
1359 3816 1579 3889 ἀντῆρε.

393 3927 877 3982 consuluissemus.
930 3927 1110 3993 Quare
1142 3927 1388 3982 Graecum
1425 3928 1602 3996 ipsum
1651 3943 1846 3983 nomen
1901 3929 1956 3984 in

393 3995 584 4051 Latina
618 4000 1066 4066 interpretatione
1100 3995 1514 4066 exprimendum
1542 3999 1874 4066 putavimus,
1901 4007 1957 4053 et

396 4069 461 4120 ad
509 4068 813 4137 marginem
855 4067 1250 4120 haesitationem
1290 4074 1536 4121 nostram
1574 4068 1802 4137 ingenue
1831 4083 1958 4136 pro-

397 4137 524 4192 fessi
552 4136 763 4192 sumus.
804 4136 947 4189 Inter
982 4151 1191 4197 onmes,
1220 4151 1360 4204 quos
1386 4136 1632 4196 adhibui,
1669 4138 1957 4191 constabat

395 4207 746 4276 depravatum
780 4205 883 4258 hoc
909 4221 1030 4260 esse
1056 4207 1404 4276 vocabulum.
1434 4206 1642 4276 Quibus
1669 4221 1735 4259 ne
1765 4221 1958 4273 assen-

395 4274 527 4331 tirer
548 4275 815 4335 obstabat,
849 4276 993 4341 quod
1015 4276 1138 4328 aliis
1165 4277 1216 4328 in
1251 4275 1384 4328 locis
1413 4278 1531 4330 sine
1559 4274 1667 4327 ulla
1693 4276 1958 4331 varietate

393 4363 499 4402 vox
525 4347 710 4401 eadem
738 4346 964 4411 repetita
1001 4346 1289 4413 legeretur.
1318 4342 1474 4398 Velut
1510 4344 1700 4400 hatresi
1723 4345 1812 4408 66,
1849 4361 1906 4400 ιι.
1928 4347 1961 4400 9

394 4429 448 4471 et
483 4417 574 4478 28,
621 4415 711 4469 ubi
755 4413 1173 4469 Manictueorum
1209 4418 1312 4467 hoc
1342 4429 1463 4469 esse
1493 4414 1773 4468 decretum
1811 4429 1962 4470 asse-

397 4488 487 4552 rit,
521 4495 581 4540 ut
611 4486 702 4556 qui
740 4485 1011 4556 hominem
1047 4485 1308 4538 occiderit
1346 4486 1425 4546 εἰς
1453 4483 1680 4556 κελεφοῦ
1713 4482 1889 4556 σῶμα,
1921 4484 1953 4554 ἧ

395 4558 476 4618 εἰς
507 4552 696 4626 μῦνξῆ
729 4557 810 4617 εἰς
837 4555 959 4626 ὅφιν
1001 4555 1257 4626 transiret
1292 4555 1676 4626 postobitum.
1711 4552 1955 4626 Tandem

393 4622 524 4680 vero
552 4642 582 4680 a
610 4622 814 4685 Griecis
844 4622 980 4694 ipsis
1018 4623 1184 4694 didici
1225 4625 1436 4690 vulgari
1473 4622 1782 4694 Graecorum
1816 4623 1955 4694 idio-

393 4697 558 4752 tismo
594 4695 817 4765 κελεφόν
845 4692 1100 4764 appellari
1130 4693 1218 4746 τὸν
1245 4694 1463 4763 λεπρόν,
1500 4701 1553 4747 et
1588 4692 1857 4765 xakagolav
1883 4693 1958 4745 le-

395 4782 569 4836 pram.
616 4761 743 4832 Qua
785 4767 837 4816 in
881 4761 1286 4836 Signiﬁcatione
1319 4761 1467 4836 vocis
1501 4761 1954 4836 acquiesccndmn

395 4833 651 4890 arbitror.
700 4836 884 4905 Neque
925 4833 1070 4889 enim
1117 4834 1256 4903 apud
1306 4835 1626 4905 scriptorem
1657 4833 1820 4884 ullum
1853 4847 1956 4884 vox

393 4907 509 4960 inec
539 4921 567 4958 a
598 4921 684 4960 me
710 4904 869 4970 lecta,
890 4921 989 4959 nec
1021 4912 1228 4974 u5piam
1259 4917 1489 4974 reperta.
1521 4904 1784 4957 Caeterum
1811 4905 1901 4971 qui
1927 4918 1957 4954 a

395 4991 548 5028 mure
574 4991 772 5030 araneo
807 4977 896 5028 icti
935 4975 1156 5037 fuerint,
1193 4979 1303 5027 haec
1340 4978 1478 5042 ipsa,
1512 4989 1633 5042 quae
1664 4980 1958 5025 narrantur

395 5046 462 5100 ab
486 5045 804 5113 Epiphanio,
829 5047 1058 5113 experiri
1077 5060 1170 5098 eos
1195 5053 1386 5097 auctor
1413 5055 1497 5098 est
1514 5043 1697 5097 Aetius
1720 5043 1812 5095 lib.
1837 5057 1954 5113 xui,

392 5112 638 5184 (ταμίη.
670 5115 776 5180 Qui
806 5112 968 5184 igitur
999 5115 1063 5168 ab
1091 5131 1150 5167 eo
1180 5117 1342 5184 morsi
1383 5126 1526 5175 sunt,
1581 5113 1677 5184 ait,
1727 5112 1955 5184 hisvnl-

392 5181 520 5238 nera
548 5181 1000 5306 ntanifesta'liunt.
1032 5183 1346 5248 Quadri/ido
1369 5186 1506 5236 enim
1538 5181 1718 5236 ordine
1745 5183 1961 5235 vulnera

393 5257 796 5306 conspiciemur.
855 5254 900 5305 Et
925 5255 1138 5306 sanguis
1159 5253 1367 5306 auidem
1389 5254 1616 5306 mimum
1644 5268 1806 5306 Durus
1837 5268 1956 5306 Dru-

393 5253 796 5324 conspicientur.
833 5253 900 5306 Et
925 5255 1138 5322 sanguis
1159 5253 1367 5324 quidem
1389 5254 1616 5324 primum
1644 5268 1806 5324 purus
1837 5268 1956 5320 pru-

393 5321 596 5388 manat,
619 5327 776 5391 paulo
807 5334 919 5390 post
946 5321 1061 5376 vero
1091 5321 1356 5375 san'iosus.
1381 5323 1591 5375 Animal
1619 5323 1757 5375 enim
1788 5324 1957 5387 ipsum

390 5396 774 5463 putrefactione
797 5394 1002 5446 occidit.
1029 5391 1416 5445 Consueverunt
1443 5393 1580 5446 enim
1604 5391 1762 5463 bullw
1782 5407 1962 5443 exsur-

389 5462 704 5533 gere,'quas
745 5466 791 5517 si
832 5464 951 5533 quis
1003 5463 1295 5533 dirumpat,
1349 5478 1559 5533 cartwm
1606 5462 1960 5533 subfacentem

393 5531 726 5601 fwculeittam
756 5532 944 5587 videbit
975 5549 1066 5600 per
1092 5532 1314 5600 fissuras
1347 5531 1698 5601 disparatam.
1741 5531 1960 5598 lit/latio

395 5614 569 5657 autem
602 5605 834 5673 sequitur
863 5603 1151 5673 demorsos.

466 5674 576 5745 (9‘2)
607 5669 678 5727 T6
695 5673 983 5745 δικαίωμα
1007 5670 1278 5740 ὑπάρχει.
1312 5669 1636 5745 Hebraicum
1667 5677 1749 5745 est
1773 5680 1964 5745 13‘;th

397 5739 530 5804 mos.
559 5739 924 5804 consuetudo.
978 5739 1247 5799 proprium
1287 5740 1560 5798 auiddam.
1595 5739 1693 5796 lus
1729 5741 1779 5794 in
1814 5742 1963 5794 Scri-

2069 562 2146 616 sis
2175 562 2319 620 illius
2344 564 2537 634 dogma
2570 566 2744 634 primo
2773 569 2955 622 statim
2987 570 3176 624 auditu
3219 569 3481 626 levissimi
3509 585 3631 626 esse

2067 655 2325 708 momenti
2359 655 2593 720 videtur,
2640 658 2732 712 sed
2777 659 2866 713 ubi
2917 661 3179 729 paulatim
3212 662 3482 731 progressi
3517 663 3636 716 illo-

2067 759 2187 798 rum
2218 761 2496 802 sermones
2551 748 2890 818 irrepserint,
2939 753 3266 822 quaestiones
3307 754 3540 822 primum
3571 768 3637 808 ac

2071 836 2461 902 dubitationes,
2496 840 2713 903 deinde,
2762 842 2988 897 exitium
3047 844 3278 898 aﬂ‘erunt
3306 845 3374 900 iis
3412 845 3503 915 qui
3535 845 3638 900 hoc

2069 926 2345 994 praesidio,
2377 942 2442 982 ac
2490 929 2637 982 velut
2669 931 2914 986 antidoto
2946 933 3169 989 minimc
3195 943 3323 989 sunt
3355 935 3633 990 instructi.

2065 1013 2330 1071 Caeterum
2365 1033 2474 1072 non
2505 1028 2706 1076 temere
2741 1037 2800 1077 se
2843 1024 3046 1079 animal
3076 1025 3210 1079 illud
3242 1027 3500 1092 ostendit,
3537 1026 3633 1081 sed

2063 1117 2226 1162 nocte
2268 1118 2572 1178 grassatur,
2630 1119 2685 1166 et
2718 1112 2887 1178 illam,
2932 1129 3096 1184 quam
3148 1116 3281 1180 dixi,
3339 1117 3634 1187 perniciem

2064 1200 2382 1262 consciscit,
2437 1209 2603 1271 atque
2642 1203 2697 1256 in
2750 1203 2986 1275 Egypto
3029 1206 3394 1274 potissimum.
3433 1205 3503 1261 Ut
3542 1205 3635 1276 qui

2064 1296 2318 1343 naturam
2355 1291 2475 1361 eius
2523 1293 2798 1360 noverint,
2831 1310 2940 1350 non
2973 1295 3224 1352 dubitent
3253 1297 3396 1352 haud
3428 1297 3526 1353 abs
3554 1313 3634 1362 re,

2063 1395 2242 1450 neque
2261 1396 2359 1450 per
2381 1383 2710 1439 calumniam
2725 1385 2891 1455 hujus
2917 1402 2948 1440 a
2975 1387 3134 1442 nobis
3157 1389 3487 1444 mentionem
3513 1405 3639 1445 esse

2064 1469 2283 1536 factam,
2311 1487 2434 1526 cum
2463 1473 2776 1530 istiusmodi
2809 1477 2881 1531 sit
2909 1485 3102 1533 natura
3126 1479 3432 1549 praeditum.
3465 1478 3630 1535 Dein-

2064 1575 2193 1631 ceps
2224 1577 2354 1617 vero
2387 1563 2453 1617 ad
2485 1566 2725 1634 reliquas
2771 1569 3110 1638 progredior,
3158 1579 3236 1632 ut,
3277 1578 3630 1640 posteaquam

2065 1649 2118 1704 id
2142 1652 2283 1721 quod
2309 1653 2654 1722 SIISCepituus
2670 1656 2852 1710 divina
2875 1673 2977 1728 ope
3011 1658 3423 1728 perfecerimus,
3459 1661 3636 1716 eidem

2065 1743 2292 1812 gratiam
2332 1741 2574 1797 vicissim
2607 1744 2925 1799 habeamus.

2375 1851 2650 1907 CONTRA
2696 1853 3307 1926 BABDESIANISTAS,

2443 1943 2674 1998 Ilwresis
2706 1943 2957 2001 XXXVI
2981 1951 3084 2005 sive
3111 1951 3264 2005 LVI.

2129 2027 2170 2082 1.
2211 2027 2466 2087 Proxime
2506 2034 2574 2087 ab
2627 2035 2735 2088 illis
2781 2035 3145 2095 Bardesianes
3179 2041 3402 2110 quidam
3440 2057 3631 2096 nume-

2059 2120 2264 2176 randus
2298 2133 2401 2188 est,
2435 2139 2466 2177 a
2522 2141 2633 2193 quo
2691 2126 3223 2185 Bardesianistarum
3270 2131 3493 2187 haeresis
3531 2133 3636 2188 ini-

2059 2210 2195 2265 tium
2233 2214 2464 2282 accepit.
2499 2213 2598 2268 Hic
2621 2231 2651 2270 e
2681 2215 3072 2288 Mesopotamia
3101 2222 3390 2288 oriundus,
3412 2239 3476 2278 ex
3500 2225 3638 2280 urbe

2060 2302 2288 2368 Edessa,
2325 2306 2596 2376 principio
2631 2309 2791 2380 longe
2828 2312 3068 2381 optimus
3099 2315 3184 2368 vir
3215 2314 3336 2379 fuit,
3373 2331 3439 2370 ac
3465 2316 3636 2371 libros

2060 2398 2490 2465 quampiurimos
2529 2402 2877 2490 consgripsit,
2916 2419 3040 2457 cum
3072 2404 3252 2460 adhuc
3305 2421 3437 2461 sana
3471 2417 3638 2476 atque

2062 2483 2272 2553 integra
2325 2496 2505 2540 n'tente
2536 2483 2703 2543 esset.
2743 2489 2954 2560 Quippe
2991 2492 3045 2546 in
3078 2491 3324 2549 Ecclesia
3364 2495 3636 2550 catholica

2061 2572 2405 2639 versabatur,
2481 2576 2773 2645 utriusque
2838 2580 3066 2649 linguae,
3125 2580 3328 2636 Graecae
3388 2582 3638 2638 videlicet

2060 2665 2222 2738 477
2254 2681 2318 2720 ac
2346 2665 2582 2738 Syriaca:
2612 2670 2842 2738 peritus.
2879 2671 3123 2742 Cumque
3151 2673 3369 2742 Abgaro
3402 2672 3636 2729 Edesse-

2063 2772 2261 2810 norum
2309 2760 2494 2828 regulo
2551 2761 2667 2812 viro
2698 2762 3048 2817 sanctissimo
3096 2762 3464 2819 familiaritate
3513 2780 3641 2819 con-

2059 2848 2284 2916 junctus
2316 2858 2482 2913 esset,
2515 2866 2577 2904 ac
2601 2867 2722 2905 cum
2742 2866 2806 2904 eo
2836 2853 3181 2907 concorditer
3209 2870 3267 2908 se
3302 2856 3353 2908 in
3384 2855 3639 2909 omnibus

2063 2947 2298 3010 gereret,
2335 2949 2387 2994 et
2414 2942 2657 3010 ejusdem
2691 2941 2994 3012 disciplina:
3022 2953 3168 2998 esset
3197 2945 3488 3014 particeps,
3516 2954 3641 3014 post

2063 3030 2184 3099 ejus
2243 3032 2450 3084 obitum
2513 3033 2580 3085 ad
2637 3033 2858 3087 Antonii
2913 3034 3144 3091 Caesaris
3179 3053 3352 3106 usque
3394 3046 3637 3106 tempora

875 3151 890 3173 ,
944 3110 1197 3180 διήρκεσε
1256 3111 1353 3181 μὲν
1416 3113 1553 3182 μετὰ
1606 3113 1704 3184 τὴν
1756 3115 1963 3167 ἐκείνου

2065 3123 2451 3191 perseveravit,
2511 3140 2618 3177 non
2678 3123 2782 3192 Pii,
2832 3125 2927 3180 sed
2967 3125 3116 3182 Veri.
3177 3129 3318 3182 Idem
3373 3128 3639 3183 adversus

2065 3211 2295 3266 Abidam
2327 3216 2659 3285 astrologum
2691 3226 2883 3270 contra
2911 3216 3079 3270 fatum
3111 3218 3359 3287 pluribus
3391 3217 3636 3287 disputa-

2070 3303 2169 3357 vit.
2197 3303 2304 3358 Nec
2333 3306 2436 3358 alia
2467 3323 2636 3377 pauca
2660 3309 2807 3364 illius
2841 3310 3175 3364 monimenta
3207 3310 3454 3366 feruntur
3476 3322 3639 3366 recta:

2070 3395 2192 3451 ﬁdei
2244 3409 2625 3456 consentanea.
2668 3401 2808 3466 Quin
2860 3403 3020 3457 etiam
3050 3403 3337 3472 Apollonio
3376 3395 3638 3456 Antonini

2067 3486 2344 3551 familiari,
2407 3497 2463 3542 ut
2527 3506 2587 3546 se
2630 3491 3000 3546 Christianum
3058 3503 3309 3564 negaret,
3365 3495 3638 3559 suadenti,

2070 3583 2416 3650 acquiescere
2448 3583 2642 3646 noluit,
2675 3598 2739 3637 ac
2765 3584 3152 3653 propemodum
3193 3585 3332 3638 inter
3369 3585 3488 3638 ﬁdei
3518 3601 3641 3637 con-

2070 3668 2309 3725 fessores
2372 3671 2580 3728 relatus
2635 3681 2738 3726 est.
2797 3671 3008 3726 Etenim
3063 3671 3282 3741 pietatis
3337 3671 3643 3740 patrocinio

2064 3932 2243 4002 pluris
2275 3931 2598 4002 plerumque
2622 3930 2893 3994 redditur,
2921 3931 3063 3999 quod
3092 3940 3269 3986 tamen
3292 3931 3357 3985 ad
3369 3932 3639 4002 justitiam

2063 4001 2116 4054 et
2147 4003 2456 4070 aequitatem
2500 4001 2716 4070 referre
2749 4016 2859 4053 non
2909 4011 3169 4069 perpetuo
3218 4003 3360 4056 licet.
3407 4001 3474 4055 Ut
3508 4018 3632 4056 cum

2064 4072 2080 4124 Ι
2112 4069 2246 4139 Reg.
2278 4086 2398 4139 cap.
2431 4086 2543 4133 VIII,
2575 4069 2658 4122 ll.
2692 4069 2910 4124 Samuel
2945 4071 3206 4140 israelitis
3242 4087 3418 4140 regem
3453 4079 3639 4139 postu-

2064 4141 2303 4194 lantibus
2341 4140 2493 4210 regni
2531 4140 2623 4207 jus
2653 4140 2877 4210 exponit
2910 4159 2920 4192 :
2960 4139 3071 4210 Hoc
3104 4143 3202 4193 erit
3222 4139 3322 4208 jus
3348 4144 3504 4210 regis,
3549 4141 3640 4210 qui

2062 4209 2418 4281 imperaturus
2437 4218 2537 4281 ~est
2567 4210 2730 4281 vobis.
2768 4209 2938 4261 Τοῦτο
2964 4209 3116 4281 ἔσται
3149 4210 3208 4263 τὸ
3238 4209 3510 4281 δικαίωμα
3543 4209 3638 4263 τοῦ

2064 4279 2325 4350 βασιλέως
2369 4277 2464 4330 τοῦ
2496 4277 2889 4350 βασιλεύοντος
2918 4280 3002 4347 ἐφ’
3031 4281 3193 4350 ὑμᾶς.
3235 4281 3334 4335 Ubi
3375 4277 3479 4334 vox
3521 4282 3638 4349 ipsa

2063 4348 2205 4417 juris
2239 4365 2345 4402 non
2379 4350 2470 4420 sic”
2495 4348 2900 4420 interpretanda
2933 4348 3168 4413 videtur,
3210 4351 3366 4420 quasi
3395 4367 3517 4418 qua:
3541 4348 3638 4405 ise-

2066 4428 2308 4488 quuutur
2337 4419 2562 4488 regibus
2601 4417 2817 4490 facere,
2851 4429 3014 4488 atque
3068 4417 3334 4490 usurpare
3383 4417 3637 4484 licuerit;

2061 4505 2181 4558 quae
2211 4503 2403 4558 magna
2446 4504 2511 4541 ex
2548 4498 2700 4556 parte
2746 4489 2933 4556 iniqua
2981 4504 3046 4542 ac
3086 4489 3290 4544 nefaria
3335 4501 3494 4555 sunt;
3541 4490 3636 4544 sed

2056 4560 2146 4628 jus
2181 4574 2282 4627 pro
2317 4573 2482 4630 prava
2530 4560 2950 4630 consuetudine,
3000 4569 3054 4614 et
3092 4561 3432 4630 παραχρήσει
3468 4562 3636 4613 smni-

2059 4627 2166 4689 tur,
2218 4627 2674 4697 quemadmodum
2726 4627 2789 4697 Ιξ.
2829 4628 2972 4692 Levi,
3020 4638 3074 4682 et
3121 4627 3186 4680 RL
3239 4627 3404 4682 David
3458 4631 3640 4696 expli-

2058 4681 2185 4752 cunt
2228 4681 2251 4750 ἶ
2290 4707 2477 4784 nam;
2513 4681 3180 4784 ηι-ιππὲπὸῡ-ιῖηὲιυιειη
3223 4681 3388 4762 Levii
3414 4681 3636 4758 επῑνῆκπ

2058 4797 2276 4851 arma
2297 4771 2502 4845 125.1251
2533 4771 2714 4846 ΕκἾῆ
2735 4771 2932 4846 Barac}
2953 4799 3070 4846 ris-1
3099 4773 3206 4846 52x
3241 4798 3387 4845 131w
3415 4796 3638 4848 unum

2058 4887 2292 4964 nepva
2339 4864 2575 4937 πωπω
2633 4865 2703 4942 S1;
2755 4889 3010 4964 prrit-pe:
3059 4864 3218 4958 ηὸτι-ι
3284 4889 3488 4941 nwv‘w
3548 4890 3641 4964 nr:

2062 4951 2266 5045 {ri-im
2303 4979 2518 5045 nam}:
2554 4981 2678 5028 1m
2714 4951 2923 5034 Ἰήιε-,τώ
2969 4951 3140 5045 atras
3188 4979 3303 5029 ’κω
3349 4981 3488 5045 mai:
3521 4956 3638 5029 an“:

2062 5041 2320 5093 Existimo
2373 5042 2480 5108 regi
2531 5056 2858 5110 nequaquam
2906 5059 2968 5094 ea
3018 5042 3230 5094 licuisse
3271 5044 3468 5104 omnia,
3519 5058 3636 5110 qua:

2059 5113 2505 5164 commemoravit.
2555 5110 2744 5164 Verum
2785 5111 3001 5166 Samuel
3045 5111 3450 5178 perlerrefacere
3488 5112 3633 5170 illos,

2061 5198 2122 5234 ac
2158 5192 2351 5234 metum
2382 5183 2613 5235 incutere
2651 5183 2844 5245 voluit;
2883 5191 2930 5234 et
2967 5179 3218 5234 indicavit
3259 5197 3498 5247 quamam
3545 5195 3638 5233 rex.

2061 5255 2303 5320 facturus
2336 5261 2491 5314 esset,
2517 5251 2603 5304 ubi
2627 5253 2783 5306 semel
2813 5268 3027 5320 regnum
3066 5267 3219 5304 suum
3253 5251 3634 5311 constituisset,

2060 5321 2272 5391 quando
2304 5321 2491 5374 durius
2523 5322 2631 5375 illis
2661 5339 2790 5375 onus
2815 5319 3060 5389 imponet,
3084 5334 3241 5391 quant
3266 5335 3329 5372 ea:
3354 5319 3477 5390 legis
3498 5336 3635 5388 priv-

2071 5393 2270 5460 scriplo
2297 5392 2324 5460 f
2322 5408 2466 5444 acere
2500 5393 2682 5452 possit.

2135 5457 2248 5531 (95)
2297 5457 2954 5531 Baponmarwrér._De
3006 5458 3177 5513 Barde
3224 5457 3636 5531 sanememinit

2071 5527 2341 5585 Eusebius
2381 5527 2475 5585 lib.
2516 5546 2568 5595 v,
2605 5529 2982 5598 cap.ﬁ_ultimo,
3016 5531 3258 5598 August.
3288 5527 3637 5598 Philastrius,

2065 5600 2462 5660 Theodoretus,
2495 5607 2548 5652 et
2578 5596 2689 5651 alii:
2727 5596 2862 5652 Vide
2892 5599 3031 5650 Ann.
3070 5596 3197 5651 Har.
3235 5596 3300 5651 A.
3332 5597 3420 5650 '75.

2137 5669 2252 5739 (94)
2293 5668 2672 5739 Ἀπολλωνίῳ
2698 5668 2766 5720 δὲ
2792 5667 2873 5739 τῷ
2895 5666 3002 5720 τοῦ
3039 5668 3413 5739 ᾍντωνέίνου.
3556 5675 3636 5720 est

2067 5735 2389 5808 Apollbnius
2409 5738 2810 5804 Chalcidens‘s,
2835 5738 2903 5794 de
2929 5753 3039 5806 quo
3060 5737 3326 5794 Eusebius
3355 5738 3412 5791 in
3431 5735 3630 5792 Clima.
