4176 6386
491 301 587 356 991

1895 293 1955 349 S.
1994 291 2239 346 EPIPllA
2250 288 2337 345 Ml

3633 279 3752 338 992

497 411 794 468 fortissime
838 417 1098 480 suscepto
1123 410 1400 479 sapienter
1443 409 1496 464 iu
1519 407 1712 478 primis
1736 406 2054 476 respondit;

2185 402 2357 454 ξασθαι
2403 400 2464 452 τὸ
2505 400 2825 469 Χριστιανὸν
2856 398 3045 452 ἑαυτὸν
3075 395 3346 464 λέγειν.’0
3372 393 3429 446 δὲ
3470 394 3650 462 σχεδὸν
3679 395 3751 447 ἐν

498 503 820 572 negavitque
851 511 1077 556 mortem
1129 517 1189 556 se
1227 500 1439 562 timere,
1475 499 1652 568 cujus,
1687 498 1789 552 etsi
1827 498 2059 565 impera-

499 596 604 648 tori
635 610 742 647 non
779 593 1078 655 resisteret,
1110 592 1214 647 sibi
1237 591 1596 646 nihilominus
1627 589 1924 643 necessitas
1957 587 2060 640 im-

501 686 748 738 mineret.
783 683 858 738 Ita
886 685 966 737 vir
997 685 1084 737 ille
1114 683 1547 753 praeclarissimis
1569 680 1904 735 ornamentis
1934 693 2064 746 pra:-

500 775 649 827 ditus
679 774 943 828 hactenus
1007 774 1128 838 fuit,
1155 774 1328 827 donec
1359 771 1561 826 infelici
1589 771 1698 825 fato
1724 785 1883 824 suum
1911 769 2063 821 illum

503 865 557 916 in
604 878 847 917 errorem
884 863 1109 917 incidit:
1137 863 1385 917 similiter
1413 869 1575 929 atque
1632 859 1846 929 egregia
1887 857 2063 920 navis,

501 972 622 1022 qum
659 955 886 1009 infinitis
917 961 1113 1006 onusta
1146 952 1441 1014 mercibus,
1503 951 1570 1003 ad
1630 959 1845 1018 portum
1896 948 2062 1011 illisa,

505 1063 612 1099 nou
652 1045 810 1099 modo
846 1045 1111 1113 iacturam
1154 1058 1334 1096 rerum
1389 1042 1634 1097 omnium
1690 1040 1842 1104 facit,
1867 1039 1962 1094 sed
2013 1047 2068 1094 et

504 1138 813 1194 vectoribus
861 1137 1088 1192 exitium
1112 1135 1285 1190 affert.

579 1401 640 1456 ll.
661 1401 793 1460 Nam
821 1417 944 1456 cum
977 1402 1041 1454 ad
1071 1399 1385 1454 Valentinus
1419 1400 1720 1454 miserrime
1751 1412 1870 1453 sese
1903 1396 2074 1466 appli-

507 1503 705 1552 casset.
737 1510 801 1548 ex
831 1509 1019 1547 eorum
1052 1493 1396 1562 improbitate
1425 1490 1738 1560 pestiferum
1770 1488 1899 1543 illud
1925 1489 2074 1541 virus

509 1603 571 1639 ac
601 1587 783 1639 lolintn
817 1585 1106 1638 contraxit.
1144 1583 1308 1636 Multa
1346 1583 1430 1635 hic
1468 1582 1691 1650 perinde
1716 1589 1769 1634 et
1798 1582 1901 1632 alia
1926 1578 2076 1647 prin-

508 1676 670 1744 cipia,
705 1685 758 1728 et
807 1672 1192 1743 produt-tiones
1244 1671 1463 1724 invexit.
1506 1671 1838 1722 Morinorum
1887 1683 2074 1722 resur-

2167 492 2317 557 τάξει
2341 492 2626 562 ὁμολογίας
2651 493 2907 561 κατέστη,
2935 490 3123 558 λόγους
3147 505 3204 541 τε
3233 489 3484 550 συνετοὺς
3514 488 3753 556 ἀπεκρίο

2168 601 2316 644 νατο.
2351 584 2489 654 ὑπὲρ
2517 584 2795 646 εὐσεϐείας
2819 582 3075 652 ἀνδρείως
3100 578 3552 648 ἀπολογούμενος,
3579 579 3754 630 θάνα-

2168 691 2260 726 τον
2294 674 2366 744 μὴ
2396 675 2625 728 δεδιέναι
2656 677 2854 744 φήσας,
2884 674 2942 726 ὃν
2967 676 3178 745 ἀνάγκῃ
3199 672 3434 730 ἔσεσθαι,
3470 669 3568 722 κάν
3587 686 3644 722 τε
3663 668 3753 738 τῷ

2173 765 2382 835 βασιλεῖ
2406 767 2480 835 μὴ
2505 767 2772 820 ἀντείποι.
2805 766 2913 820 Καὶ
2934 764 3108 827 οὕτως
3131 767 3159 816 ό
3187 762 3324 833 ἀνὴρ
3351 762 3417 814 τὰ
3439 761 3611 812 πάντα
3645 775 3753 829 με·

2171 856 2350 924 γάλως
2381 853 2448 928 ἦν
2487 858 2916 927 κεκοσμημένος,
2942 856 3046 920 ἕως
3069 857 3157 908 ὅτε
3187 854 3264 925 τῷ
3289 854 3619 922 ἁστοχήματι
3644 851 3752 919 τῆς

2173 948 2366 1000 ἑαυτοῦ
2401 949 2662 1018 αἱρέσεως
2692 948 3002 1018 περιέπεσε,
3031 947 3184 1014 δίκην
3211 945 3336 1015 νηὸς
3361 941 3594 1012 γεγονὼς
3614 941 3751 994 καλ-

2173 1036 2378 1106 λίστης,
2413 1038 2610 1108 φόρτον
2650 1038 2707 1090 δὲ
2752 1037 3142 1090 ἀσυνείκαστον
3170 1035 3286 1102 (95)
3320 1031 3747 1103 ἐμϐαλλομένης,

2175 1131 2270 1185 καὶ
2310 1131 2458 1200 παρὰ
2507 1131 2606 1193 τὰς
2657 1132 2820 1200 ὄχθας
2866 1130 2960 1183 τοῦ
2994 1130 3209 1200 λιμένος
3260 1126 3625 1194 λακισθείσης.
3654 1125 3755 1177 καὶ

2176 1221 2514 1292 ἀπλεσάσης
2545 1240 2604 1274 τε
2631 1223 2730 1293 τὴν
2765 1224 2943 1275 πᾶσαν
2984 1220 3386 1292 πραγματείαν,
3417 1218 3508 1270 καὶ
3541 1217 3753 1285 ἑτέροις

2176 1315 2286 1375 τοῖς
2312 1313 2598 1375 ἐπιϐάταις
2629 1313 2858 1366 θάνατον
2890 1312 3292 1384 ἐμποιησάσης.

2259 1405 2333 1458 B’.
2377 1405 2806 1475 Προσφθείρεται
2832 1405 2941 1476 γὰρ
2969 1399 3124 1467 οὗτος
3143 1402 3530 1464 Οὐαλεντίνοις,
3563 1401 3656 1453 καὶ
3690 1401 3754 1451 ὲκ

2178 1496 2277 1566 τῆς
2295 1497 2471 1548 αὐτῶν
2496 1496 2794 1566 μοχθηρίας
2825 1497 3085 1566 ἀνιμᾶται
3114 1495 3174 1548 τὸ
3200 1495 3523 1564 δηλητήριον
3549 1493 3756 1544 τούτων

2182 1588 2275 1641 καὶ
2299 1586 2627 1651 ξιξανιῶδες.
2654 1587 2858 1650 [Ιολλὰς
2880 1605 2939 1641 τε
2968 1589 3059 1640 καὶ
3083 1588 3248 1650 ἄλλας
3274 1587 3368 1639 καὶ
3394 1585 3552 1647 αὐτὸς
3579 1583 3756 1653 ἀρχὰς

2182 1681 2274 1732 καὶ
2308 1680 2608 1749 προσϐολὰς
2625 1681 2640 1709 ί
2663 1681 2976 1750 διηγήσατο.
3008 1681 3114 1732 Καὶ
3141 1678 3237 1748 τὴν
3256 1679 3365 1731 τῶν
3389 1677 3594 1746 νεκρῶν
3619 1677 3755 1728 ἀνά-

508 1768 801 1820 rectionem
833 1765 1074 1829 sustulit,
1111 1766 1290 1832 itaque
1347 1765 1609 1830 privatam
1653 1760 1899 1813 Ineresim
1944 1775 2076 1811 con-

2185 1789 2364 1824 στασιν
2392 1773 2786 1842 ἀρνησάμενος,
2820 1772 3140 1841 ἐδογμάτισε
3167 1771 3370 1840 ταύτην
3399 1770 3496 1840 τὴν
3519 1769 3752 1838 αἰρεσιν.

511 1858 668 1912 didit.
695 1855 866 1910 Porro
899 1858 1029 1926 legis
1077 1871 1138 1908 ac
1177 1855 1560 1924 prophetarum
1599 1853 1786 1916 libros,
1834 1852 2077 1919 adeoque

515 1946 678 2002 Vetus
704 1963 767 2002 ac
797 1946 1003 1999 Novum
1029 1946 1454 2005 'l‘estamentum,
1492 1959 1701 1997 necnon
1739 1943 2077 2013 apocrypbos

510 2041 775 2109 quosdam
829 2039 1066 2093 adhibet.
1118 2036 1317 2091 Verum
1373 2038 1495 2099 iste,
1539 2051 1661 2090 cum
1704 2037 1770 2089 iis
1798 2035 2076 2100 omnibus,

515 2133 607 2201 qui
637 2147 758 2186 cum
787 2139 1219 2195 antecesserunt,
1265 2139 1356 2183 aut
1391 2138 1574 2198 postea
1605 2130 1775 2182 secuti
1806 2137 1952 2190 sunt,
1995 2128 2077 2181 fa-

511 2225 612 2277 cile
641 2222 1030 2281 confutabitur.
1073 2230 1130 2276 ut
1174 2223 1263 2290 qui
1335 2236 1364 2274 a
1421 2221 1649 2275 veritate
1692 2219 1930 2289 seipsum
1980 2221 2077 2274 ab-

509 2314 846 2377 alienaverit,
879 2327 942 2365 ac
964 2313 1110 2366 velut
1143 2327 1207 2364 ex
1240 2311 1392 2380 ignea
1432 2311 1844 2380 Splendcntique
1884 2309 1998 2365 face
2023 2311 2076 2364 in

513 2402 790 2470 fuliginem
824 2417 1124 2455 conversus
1155 2402 1245 2453 sit.
1455 2389 1492 2426 ⁸

583 2490 738 2556 Quod
766 2491 911 2544 enim
949 2491 1012 2542 ad
1070 2499 1408 2543 mortuorum
1444 2489 1826 2543 excitationem
1861 2493 2075 2554 attinet,

515 2583 638 2636 licet
659 2580 724 2636 dc
749 2597 812 2636 ea
844 2583 1043 2650 szepius
1071 2581 1122 2634 in
1142 2583 1261 2634 aliis
1294 2580 1592 2637 baeresibus
1616 2581 1953 2652 disputatum
1984 2583 2075 2648 sit,

514 2690 622 2728 non
651 2673 917 2744 gravabor
979 2675 1174 2726 iterum
1212 2673 1401 2740 paucis
1447 2673 1512 2726 ad
1554 2689 1679 2727 eum
1717 2673 2072 2729 refellendum

510 2765 700 2820 eadem
739 2764 805 2818 de
835 2780 891 2818 re
917 2764 1204 2819 disserere.
1239 2763 1371 2816 Nam
1411 2764 1456 2818 si
1484 2763 1646 2818 Vetus
1668 2763 2075 2819 Testamentum

514 2873 580 2911 ac
609 2855 818 2911 Novum
872 2856 1134 2918 admittis,
1183 2872 1363 2910 nonne
1399 2865 1453 2912 et
1492 2858 1805 2926 corrupisse
1832 2859 2079 2913 veritatis

515 2948 682 3008 viam,
712 2957 764 3001 et
792 2961 821 2999 a
859 2947 1144 3000 verissima
1205 2945 1414 3000 Domini
1463 2947 1573 3000 vita
1614 2948 1911 3001 abhorrere
1959 2964 2076 3000 ma-

514 3035 715 3090 nifeste
745 3036 1127 3091 convinceris?
1155 3036 1431 3106 Siquidem
1469 3035 1722 3105 princeps
1761 3037 1874 3104 ipse
1899 3035 2073 3089 Domi-

2193 1861 2406 1932 Χρῆται
2439 1861 2495 1913 δὲ
2529 1861 2676 1930 νόμῳ
2710 1861 2804 1912 καὶ
2841 1861 3165 1931 προφήταις,
3190 1859 3401 1928 Παλαιᾷ
3427 1875 3485 1910 τε
3514 1858 3604 1908 καὶ
3627 1857 3735 1907 Kal.

2186 1955 2250 2022 νῇ
2295 1952 2556 2022 Διαθήκῃ,
2597 1951 2693 2004 καὶ
2743 1951 3079 2018 ἀποκρύςοις
3125 1951 3264 2001 τισὶν
3304 1947 3578 2008 ὡσαύτως.
3599 1947 3754 1997 Ἀνα-

2184 2043 2524 2113 τραπήσεται
2558 2041 2613 2094 δὲ
2649 2041 2740 2093 καὶ
2773 2041 2930 2103 αὐτὸς
2988 2039 3124 2109 μετά
3167 2040 3380 2092 πάντων
3404 2038 3512 2089 τῶν
3536 2036 3640 2106 πρὸ
3661 2037 3730 2088 αὑ
3759 2066 3763 2070 -

2185 2133 2277 2186 τοῦ
2328 2149 2386 2184 τε
2435 2134 2529 2184 καὶ
2573 2131 2679 2182 τῶν
2717 2129 2832 2195 μετ’
2858 2131 3048 2192 αὐτὸν,
3078 2127 3524 2199 ἁπαλλοτριώσας
3565 2125 3758 2178 ἑαυτὸν

2184 2223 2284 2288 τῆς
2311 2223 2590 2292 ἀληθείας,
2622 2222 2716 2274 καὶ
2749 2221 2823 2284 ὡς
2847 2222 2955 2274 ἀπὸ
2984 2221 3261 2290 λαμπάδος
3290 2219 3457 2290 πυρὸς
3494 2217 3758 2286 φωτεινῆς

2185 2321 2263 2381 εἰς
2293 2319 2528 2390 ἀσϐόλην
2566 2316 3058 2388 μεταϐεϐλημένος.

2256 2493 2389 2564 Περὶ
2417 2493 2515 2562 μὲν
2542 2492 2649 2562 γὰρ
2675 2491 2881 2562 νεκρῶν
2899 2491 3244 2554 ἀναστάσεως
3272 2489 3371 2559 ήδη
3394 2489 3525 2558 ἡμῖν
3553 2487 3609 2538 ὲν
3632 2484 3760 2537 πολ-

2185 2585 2303 2647 λαῖς
2342 2585 2614 2655 αἱρέσεσιν
2659 2585 2904 2654 εἴρηται·
2946 2583 3004 2636 οὐ
3040 2581 3266 2650 λυπήσει
3293 2579 3350 2632 δὲ
3383 2579 3475 2632 καὶ
3507 2573 3657 2640 αὖθις
3699 2579 3763 2629 ὲν

2183 2679 2250 2745 τῇ
2281 2676 2415 2746 πρὸς
2445 2674 2631 2728 τοῦτον
2665 2676 2942 2745 ἀνατροπῇ
2993 2671 3297 2744 χρήσασθαι
3330 2670 3529 2738 ὀλίγοις
3559 2669 3758 2736 λόγοις.

2186 2767 2247 2820 Ei
2280 2768 2378 2836 μὲν
2404 2767 2512 2840 γὰρ
2537 2766 2634 2837 τὴν
2661 2766 2899 2819 Παλαιὰν
2929 2766 3202 2834 Διαθήκην
3225 2763 3374 2834 δέχῃ,
3399 2756 3444 2814 ὦ
3467 2755 3639 2825 οὗτος,
3664 2763 3763 2814 καὶ

2184 2856 2283 2926 τὴν
2328 2858 2536 2928 Καινὴν
2585 2857 2866 2919 ὡσαύτως,
2895 2855 3058 2908 πόθεν
3102 2856 3201 2908 οὐκ
3247 2853 3549 2924 ὲλεγχθήσῃ
3587 2869 3762 2921 παρείς

2187 2948 2422 3018 φθείρων
2445 2949 2543 3018 τὴν
2576 2949 2674 3018 τῆς
2699 2948 2956 3018 ἀληθείας
2978 2947 3115 3011 ὁδὸν,
3149 2947 3240 3000 καὶ
3269 2946 3458 2998 ἑαυτὸν
3489 2943 3764 3007 ἀποξενῶν

2186 3044 2283 3112 τῆς
2308 3040 2402 3093 τοῦ
2432 3040 2637 3109 Κυρίου
2678 3040 2736 3091 ὲν
2769 3039 2997 3109 ἀληθείᾳ
3039 3037 3214 3107 ξωῆςς
3250 3037 3372 3088 Ὅτι
3409 3036 3505 3105 μὲν
3533 3033 3638 3103 γὰρ
3663 3034 3762 3085 αὖ·

516 3141 643 3188 nns,
682 3125 760 3178 uti
796 3124 952 3178 nobis
980 3122 1400 3178 resurrectionis
1429 3123 1660 3176 arrbabo
1693 3123 1908 3190 quidem
1943 3130 2079 3176 esset

2188 3134 2278 3195 τὸς
2304 3136 2331 3186 ὁ
2362 3131 2562 3202 Κύριος
2593 3132 2824 3201 πρῶτος,
2855 3131 2941 3183 ἵνα
2970 3130 3190 3199 γένηται
3222 3132 3350 3198 ἡμῖν
3382 3127 3636 3198 ἀρραϐὼν
3662 3125 3762 3192 τῆς

515 3230 580 3269 ac
615 3213 1008 3284 primogenitus
1038 3228 1069 3267 e
1100 3213 1354 3275 mortuis,
1398 3219 1584 3265 nostra
1617 3227 1783 3266 causa
1834 3222 2082 3266 mortuus

514 3316 598 3361 est
637 3323 702 3361 ac
730 3305 1028 3360 resurrexit
1052 3307 1108 3370 ’;
1142 3321 1317 3373 neque
1351 3305 1531 3372 specie
1559 3313 1719 3358 tenus
1745 3312 1829 3358 est
1863 3319 2080 3368 passus,

517 3395 1006 3469 utpoteﬁ78'qui
1043 3396 1114 3448 sit
1150 3397 1421 3466 sepultus,
1461 3396 1688 3464 ejusque
1719 3411 1918 3465 corpus
1949 3413 2084 3450 non-

519 3488 652 3542 nulli
683 3488 1032 3557 gestaverint.
1066 3485 1244 3540 Testis
1275 3494 1359 3540 est
1395 3484 1664 3556 Iosephus
1697 3486 2085 3541 Arimatbaeen-

518 3579 660 3634 sis'.
697 3577 888 3633 Testes
941 3579 1042 3630 illa:
1077 3577 1334 3631 mulieres
1381 3592 1502 3645 qua:
1555 3576 1620 3627 ad
1674 3588 2084 3631 monumentum

519 3678 793 3740 unguenta
843 3670 1156 3723 detulerunt
1193 3669 1236 3722 ’⁵.
1283 3668 1474 3723 Testes
1515 3676 1731 3722 centum
1783 3669 1886 3723 illae
1937 3671 2084 3724 aloes

519 3763 727 3825 libraa',
754 3777 859 3814 non
879 3777 997 3815 eam
1019 3761 1234 3815 inanetn
1270 3761 1581 3830 opinionem
1604 3768 1767 3829 atque
1795 3761 2082 3830 imaginem

521 3852 712 3907 fuisse.
773 3849 967 3905 Testes
1011 3850 1244 3920 denique
1307 3850 1504 3919 angeli,
1539 3853 1629 3918 qui
1675 3850 1726 3904 id
1765 3850 2084 3904 mulieribus

518 3944 871 4000 «leclararint.
920 3943 1184 4006 Surrexit,
1232 3941 1504 4012 inquiunt,
1549 3959 1651 3995 non
1679 3951 1756 3995 est
1785 3943 1888 3994 hic.
1943 3941 2083 4006 Quid

519 4038 757 4109 quwritis
785 4036 1031 4089 viventem
1059 4050 1177 4086 cum
1207 4035 1428 4088 mortuis
1460 4036 1520 4087 '1'
1544 4033 1728 4103 Neque
1763 4050 1890 4089 vero
1925 4035 2082 4099 dixit,

520 4129 636 4184 Non
665 4136 748 4182 est
766 4133 1014 4181 mortuus
1032 4141 1050 4188 ',
1070 4125 1186 4189 sed,
1204 4126 1468 4190 Surrexit,
1488 4127 1579 4194 qui
1611 4126 1663 4178 in
1685 4142 1849 4181 carne
1869 4144 2084 4196 passus,

519 4223 712 4289 spiritu
730 4227 986 4289 perpetuo
1001 4218 1152 4280 vivit,
1173 4233 1236 4270 ac
1261 4218 1556 4272 secundum
1577 4219 1912 4273 divinitatem
1932 4237 2083 4274 suam

521 4313 886 4384 perpessiouis
903 4312 1081 4365 omnis
1097 4319 1180 4364 est
1203 4326 1415 4380 expers.
1447 4310 1547 4376 Qui
1571 4328 1601 4367 e
1625 4314 1891 4382 supremis
1907 4323 2082 4379 ortus,

521 4416 572 4458 et
595 4418 624 4456 a
657 4401 814 4455 Patre
850 4402 1066 4470 genitus
1084 4403 1594 4470 perpetuoexsistit.
1618 4403 1758 4456 Idem
1786 4411 1965 4458 tamen
1997 4421 2086 4458 no-

2190 3225 2556 3284 ἀναστὰσεως,
2594 3224 2686 3274 καὶ
2738 3222 3080 3291 πρωτότοκος
3124 3221 3188 3272 ἐκ
3236 3218 3343 3271 τῶν
3393 3216 3621 3287 νεκρῶν,
3668 3214 3760 3266 καῖ

2190 3317 2457 3370 ἀπέθανεν
2491 3314 2629 3383 ὑπὲρ
2653 3312 2831 3383 ήμῶν,
2859 3312 2952 3364 καὶ
2982 3311 3201 3378 ἀνέστη.
3238 3309 3343 3360 Καὶ
3368 3308 3464 3376 οὐχ
3498 3305 3680 3366 ἁπλῶς
3706 3305 3763 3355 ἐν

2191 3408 2410 3475 δοκήσει
2462 3400 2970 3468 πέπονθεν.Ἐτάφη
3016 3400 3142 3469 γὰρ,
3169 3399 3262 3452 καὶ
3307 3397 3365 3449 τὸ
3413 3396 3570 3464 σῶμα
3599 3391 3764 3446 αὑτοῦ

2193 3499 2573 3570 βεϐαστάχασι.
2609 3496 2718 3548 Καὶ
2772 3496 3055 3566 μαρτυρεῖ,
3087 3494 3182 3562 μὲν
3212 3491 3409 3561 Ἰωσὴφ
3433 3491 3462 3542 ό
3487 3488 3593 3540 ἀπὸ
3616 3487 3763 3555 Ἀρι·

2195 3588 2448 3659 μαθαίας,
2483 3583 2816 3655 μαρτυροῦσι
2865 3582 2958 3636 καὶ
3010 3583 3063 3635 αἱ
3115 3582 3373 3650 φέρουσαι
3425 3577 3572 3648 μῠρα
3599 3578 3676 3637 εἰς
3703 3573 3762 3626 τὸ

2195 3681 2402 3749 μνῆμα,
2430 3679 2522 3730 καὶ
2550 3679 2582 3746 ή
2618 3676 2724 3726 τῶν
2750 3673 2941 3725 ἑκατὸν
2970 3671 3165 3741 λιτρῶν
3189 3671 3352 3740 ἀλόης
3379 3668 3530 3737 ὁλκὴ,
3564 3667 3642 3719 ὅτι
3665 3665 3760 3717 οὖν

2189 3767 2257 3842 ἦν
2288 3771 2524 3840 δόκησις,
2551 3767 2669 3820 οὐδὲ
2694 3764 2982 3834 φαντασία.
3011 3762 3358 3834 Ἀίαρτυροῦσι
3387 3760 3442 3812 δὲ
3466 3759 3558 3812 καὶ
3588 3759 3636 3810 οἱ
3666 3758 3759 3823 ἆγ-

2192 3863 2337 3931 γελοι
2389 3865 2505 3924 ταῖς
2554 3862 2768 3929 γυναιξὶ
2821 3860 3151 3929 πεφηνότες,
3205 3851 3601 3917 ὄτι”Ανέστη,
3654 3851 3763 3901 οὐκ

2191 3956 2359 4006 ἔστιν
2394 3947 2527 4006 ὦδε.
2577 3954 2637 4005 Τί
2653 3950 2870 4018 ζητεῖτε
2888 3952 2993 4004 τὸν
3011 3948 3194 4009 ζῶντα
3212 3944 3358 4015 μετὰ
3375 3942 3492 3996 τῶν
3503 3940 3764 4009 raptim;

2193 4044 2300 4096 Καὶ
2325 4042 2424 4095 οὐκ
2462 4033 2646 4106 εἶπεν,’
2670 4043 2750 4095 ὅτι
2786 4043 2898 4094 Οὐκ
2927 4039 3196 4094 ἀπέθανεν
3215 4055 3226 4067 ·
3263 4035 3417 4093 ἀλλὰ,
3438 4033 3708 4098 Ἀνέστη,
3737 4031 3766 4084 ὁ

2193 4133 2474 4196 πεπονθὼς
2521 4135 2575 4185 ὲν
2625 4135 2806 4204 σαρκὶ,
2841 4133 2948 4198 ζῶν
2993 4131 3050 4184 δὲ
3103 4131 3189 4182 ἀεὶ
3239 4133 3295 4180 ὲν
3345 4127 3632 4196 πνεύματι.
3673 4123 3765 4175 καὶ

2191 4223 2408 4290 ἀπαθὴς
2431 4221 2506 4273 ῶν
2531 4223 2588 4273 ὲν
2614 4224 2679 4290 τῇ
2717 4222 2822 4292 ἰδία
2850 4219 3082 4289 θεότητι,
3118 4219 3146 4269 ὁ
3171 4214 3375 4270 ἄνωθεν
3418 4211 3504 4264 ἀεὶ
3543 4213 3606 4262 ἐκ
3651 4210 3765 4260 Πα-

2192 4311 2318 4380 τρὸς
2342 4309 2733 4378 γεγεννημένος
2755 4310 3035 4380 ὑπάρχων,
3063 4309 3090 4361 ό
3117 4308 3201 4358 ἐπ’
3225 4304 3465 4373 ὲσχάτων
3493 4301 3602 4352 τῶν
3629 4301 3766 4369 ἡμε-

2196 4402 2304 4470 ρῶν
2338 4402 2634 4472 εὺδοκήσας
2666 4403 2774 4455 ἀπὸ
2806 4401 3022 4471 Μαρίας
3063 4399 3165 4468 τῆς
3198 4397 3487 4469 -Παρθένου
3516 4393 3767 4464 γενέσθαι

521 4493 764 4548 vissimis
795 4493 1132 4561 temporibus
1177 4509 1243 4548 ex
1301 4492 1470 4546 Maria
1506 4492 1731 4564 Virgine
1765 4496 1928 4549 homo
1970 4496 2079 4549 fieri

2191 4493 2491 4563 ἄνθρωπος,
2518 4492 2593 4555 ὼς
2629 4495 2894 4564 μαρτυρεῖ
2928 4490 3139 4554 Παῦλος
3167 4493 3195 4542 ὁ
3219 4486 3536 4556 ἀγιώτατος,
3571 4485 3764 4551 λέγων’

522 4585 716 4646 voluit,
771 4593 828 4637 nt
861 4583 1063 4637 Paulus
1115 4593 1345 4638 testatur
1379 4584 1462 4639 bis
1505 4586 1689 4640 verbis
1726 4605 1738 4640 :
1776 4584 1975 4640 Factus
2023 4603 2087 4640 ea:

523 4676 757 4736 muliere,
810 4675 980 4743 factus
1014 4675 1107 4728 sub
1155 4677 1256 4745 lege
1287 4677 1333 4730 τ.
1369 4675 1728 4744 Nunquamne
1762 4677 1906 4730 illam
1942 4677 2089 4731 Scri-

525 4777 697 4834 ptura:
745 4767 1071 4820 Sententiam
1123 4766 1393 4819 exaudisti
1434 4785 1446 4820 :
1483 4766 1693 4834 Oportet
1741 4767 2087 4834 corruptibile

524 4855 736 4910 induere
782 4855 1246 4922 incorruptionem,
1286 4864 1333 4908 et
1380 4856 1601 4909 mortale
1621 4857 1714 4908 hoc
1742 4856 1956 4910 induere
1986 4858 2076 4909 im.

524 4947 905 5001 mortalitatem
931 4946 991 4998 εἳ
1063 4944 1257 5000 Annon
1334 4945 1432 4998 tibi
1461 4946 1628 5000 Isaias
1665 4948 1924 5016 prepbeta
1973 4963 2088 5016 per-

526 5042 723 5102 suasit,
772 5054 895 5094 cum
927 5039 1000 5091 ita
1048 5037 1324 5104 loquitur:
1363 5036 1427 5090 Et
1480 5041 1671 5092 mortui
1717 5048 2008 5102 resurgent,
2036 5051 2085 5093 et

525 5133 891 5188 excitabuntur
927 5130 1014 5199 qui
1035 5131 1084 5181 in
1114 5129 1440 5181 monimentis
1465 5126 1754 5182 sunt’?Ad
1773 5127 1888 5183 hinc
1905 5129 2087 5183 Domi-

527 5239 629 5278 nus
653 5223 764 5292 ipse
785 5240 799 5276 :
823 5219 1132 5288 Resurgent,
1161 5219 1356 5287 inquit,
1383 5218 1435 5270 lii
1474 5219 1523 5270 in
1554 5220 1711 5271 vitam
1738 5229 2010 5283 wternam,
2037 5231 2084 5274 et

602 5377 617 5406 ¹
656 5375 782 5441 Leg.
809 5373 1111 5445 προϐολάς.
1206 5374 1228 5402 ³
1250 5372 1380 5445 Col.
1404 5387 1448 5445 I_,
1480 5373 1567 5445 28.

529 5462 677 5502 στιν.
710 5445 764 5502 5.
794 5441 878 5501 6(
921 5445 939 5475 ⁷
971 5444 1088 5498 Gal.
1134 5461 1206 5508 iv,
1236 5444 1287 5497 4.
1366 5444 1386 5473 ⁸
1418 5441 1434 5493 l
1461 5443 1588 5496 Cor.
1631 5459 1718 5506 xv,
1752 5444 1839 5497 53.

601 5560 713 5628 (95)
748 5559 971 5625 Φόρτον
985 5555 1051 5608 δὲ
1065 5556 1528 5628 ἀσυνείκαστον.
1554 5553 1662 5608 Hoc
1679 5564 1761 5607 est
1777 5555 1918 5623 quod
1941 5555 2087 5628 nulla

531 5625 845 5693 conjectura
899 5643 1008 5696 prae
1064 5628 1219 5694 (.opia
1275 5641 1339 5696 ac
1390 5625 1562 5693 pretio
1624 5633 1808 5696 potest
1849 5625 2088 5696 assequi.

534 5698 691 5765 Quod
723 5693 1024 5769 simplicius
1055 5693 1185 5751 Inibi
1212 5695 1443 5760 videtur,
1474 5710 1634 5765 quam
1667 5695 1813 5764 quod
1845 5693 2085 5751 Casaub.

1673 5373 1693 5402 ³
1724 5345 1911 5426 Matth.
1965 5389 2143 5435 xxvn,
2175 5376 2261 5428 5'7.

2195 4587 2524 4654 Γενόμενος
2573 4587 2640 4639 ἐκ
2687 4586 2988 4654 γυναικὸς,
3023 4586 3340 4653 γενόμενος
3388 4580 3507 4635 ὑπὸ
3559 4581 3764 4645 νόμον,

2191 4672 2337 4747 Ἀρά
2363 4695 2425 4744 γε
2449 4676 2597 4728 οὔπω
2621 4678 2858 4748 ἤκουσας
2881 4676 2972 4729 τοῦ
2994 4673 3156 4746 ῥητοῦ
3173 4672 3265 4726 τοῦ
3287 4673 3556 4739 λέγοντος,
3571 4671 3649 4722 ὅτι
3673 4668 3767 4721 Δεῖ

2191 4767 2257 4819 τὸ
2285 4768 2548 4835 φθαρτὸν
2582 4767 2758 4820 τοῦτο
2784 4767 3152 4819 ἐνδύσασθαι
3186 4763 3547 4832 ἀφθαρσίαν,
3579 4760 3673 4812 καὶ
3702 4760 3767 4811 τὸ

2194 4857 2413 4924 θνητὸν
2472 4857 2648 4910 τοῦτο
2707 4856 3075 4910 ἐνδύσασθαι
3129 4853 3499 4915 ἀθανασίαν-ς
3546 4847 3621 4903 Ἦ
3669 4851 3768 4902 οὐκ

2190 4949 2374 5001 ἔπεισέ
2402 4966 2460 5001 σε
2493 4950 2717 5011 Ἡσαΐας
2749 4951 2777 5002 ὁ
2806 4951 3109 5020 προφήτης,
3138 4947 3314 5014 λέγων
3335 4965 3346 4976 ’
3381 4946 3488 4999 Καὶ
3513 4944 3771 5009 ἀναστή-

2191 5057 2400 5094 σονται
2452 5043 2506 5093 οἱ
2550 5041 2772 5107 νεκροὶ,
2827 5039 2923 5092 καὶ
2971 5039 3394 5108 ἐγερθήσονται
3439 5040 3494 5090 οἱ
3537 5037 3607 5088 ἐν
3646 5034 3768 5100 τοῖς

2185 5131 2494 5198 μνημείοις
2511 5146 2528 5193 ;
2547 5131 2736 5193 Ἀὐτὸς
2761 5131 2818 5183 δὲ
2844 5133 2872 5182 ὀ
2897 5130 3100 5201 Κύριος
3132 5130 3306 5197 λέγων
3329 5130 3366 5190 ,”
3387 5131 3467 5182 ὅτι
3512 5128 3772 5197 Ἐγερθή-

2191 5239 2400 5275 σονται
2435 5217 2598 5277 οὗτοι
2635 5225 2721 5288 εἰς
2765 5223 2913 5290 ζωην
2950 5220 3212 5285 αἰώνιον,
3241 5220 3336 5274 καὶ
3371 5217 3534 5275 οὗτοι
3564 5223 3650 5284 εὶς
3679 5221 3774 5273 κό-

3583 5372 3603 5402 ⁶
3633 5371 3773 5428 Luc.

2368 5377 2389 5406 ’⁵
2419 5375 2608 5429 Matth.
2644 5391 2838 5439 xxvuu,
2872 5376 2923 5429 l.
3019 5377 3040 5408 ⁸
3073 5375 3231 5431 Joan.
3264 5391 3374 5433 xix.
3402 5373 3490 5427 59.

1935 5445 1955 5475 ⁹
1989 5445 2090 5497 lsa.
2126 5460 2273 5509 xxw,
2311 5446 2398 5501 19.

2199 5560 2446 5638 placebat
2475 5559 2812 5617 ἀνείκαστον,
2844 5557 2921 5612 sic
2944 5557 3088 5617 enim
3125 5556 3253 5626 legit
3282 5556 3422 5610 idem
3441 5571 3583 5620 esse,
3607 5562 3771 5629 atque

2201 5637 2408 5681 mmime
2441 5637 2826 5698 congruentem.
