4176 6386
365 389 470 448 995

1071 392 1442 449 ADVERSUS
1475 391 1823 449 iUERESES
1863 389 1989 449 LIB.
2025 389 2090 449 ll.
2131 385 2298 450 'TOM.
2341 363 2392 448 t.'
2429 422 2490 434 -
2529 391 2807 450 titanas.
2847 389 3006 451 Lvn.

3532 399 3633 455 99-1

361 509 582 566 .Zumr;
615 499 691 558 Ἦ
717 505 778 557 οὑ
812 505 1085 576 μέμνησαι
1117 507 1212 560 τοῦ
1240 508 1405 560 Ἀδελ
1433 507 1569 580 μετὰ
1598 507 1826 562 Θάνατον
1855 508 1953 578 τῆς

2055 507 2148 560 isti
2177 507 2231 559 in
2252 506 2618 575 supplicium"
2647 507 2670 560 ’ἒ
2712 506 2830 560 Non
2869 506 2999 560 illud
3027 505 3262 576 denique
3291 505 3475 563 Abelis
3514 515 3636 578 post

367 595 504 665 πρὸς
534 595 667 648 Θεὸν
691 595 928 666 ὁμιλίας,
955 595 1030 658 ὡς
1069 596 1128 648 οὑ
1160 597 1260 667 τὴν
1288 598 1467 667 ψυχὴν
1510 596 1656 664 λέγει
1690 595 1951 666 ἐντυγχὰ-

362 704 474 738 νειν
515 686 610 738 καὶ
661 685 790 756 βοᾷν
824 685 960 757 πρὸς
1005 686 1098 739 τὸν
1146 687 1300 750 Θεὸν,
1332 687 1468 740 ἀλλὰ
1497 687 1558 740 τὸ
1596 682 1772 758 αἷμας
1807 684 1955 756 Αἷμα

360 776 416 828 δὲ
441 777 501 827 οὺ
530 775 674 846 ψυχὴ
703 777 957 847 ὑπάρχει,
982 777 1096 830 ἀλλ’
1124 778 1182 830 ὲν
1223 777 1302 848 τῷ
1337 779 1531 849 αἵματι
1565 779 1598 848 ὴ
1629 778 1772 849 ψυχή
1815 781 1950 830 ἐστι.

363 868 530 938 Σῶμα
556 869 666 938 γάρ
691 869 807 920 ἐστι
851 868 914 920 τὸ
949 865 1091 940 αἷμα
1117 870 1313 940 ὁρατόν
1330 887 1344 900 ·
1381 872 1415 940 ἡ
1445 869 1502 922 δὲ
1528 869 1696 940 ψυχὴ.
1723 868 1954 940 ἀόρατός

362 974 445 1019 τις
493 959 834 1029 ὑπάρχουσα,
869 960 927 1011 ὲν
969 959 1046 1028 τῷ
1079 959 1272 1029 αἵματι
1320 959 1433 1029 ἔχει
1479 959 1571 1012 τὸν
1615 959 1812 1029 χῶρον.
1842 957 1954 1028 καὶ

364 1051 702 1119 πανταχόθεν
734 1051 1057 1122 ὲλήλεγκταί
1105 1067 1219 1112 σου,
1253 1045 1299 1104 ὧ
1329 1051 1698 1122 Βαρδησιάνη,
1731 1051 1764 1121 ἠ
1794 1066 1956 1102 κακον

364 1143 570 1207 πιστία,
599 1145 1017 1216 ὰνατρεπομένη
1051 1141 1112 1209 ἐξ
1148 1144 1320 1215 αὐτῆς
1350 1145 1451 1215 τῆς
1475 1142 1754 1213 ἀληθείας.

435 1327 511 1380 Γ¹.
550 1327 688 1398 Περὶ
740 1327 797 1379 δὲ
841 1325 1052 1380 πολλῶν
1100 1325 1290 1396 ἀρχῶν
1333 1325 1632 1396 ἐπειδήπερ
1690 1323 1952 1387 πολλάκις

363 1419 506 1472 κατὰ
534 1419 644 1472 τῶν
671 1418 840 1483 οὕτως
870 1418 1134 1488 λεγόντων
1166 1417 1335 1470 πολλὰ
1360 1417 1604 1479 εἰπόντες
1624 1417 1664 1479 ί,
1716 1415 1953 1469 ἐνταῦθα

363 1510 424 1562 οὺ
457 1509 658 1580 πολλὴν
700 1509 961 1579 ποιοῦμαι
991 1509 1092 1579 τὴν
1129 1508 1258 1578 περὶ
1294 1507 1486 1559 τούτου
1529 1503 1805 1575 διαλογὴν,
1835 1502 1949 1556 ἀλλ’

364 1600 441 1664 ῶς
481 1601 538 1652 ὲν
579 1601 880 1671 ὑπομνήσει
917 1599 1010 1653 τοῦ
1055 1598 1211 1668 ἁγίου
1241 1597 1587 1659 Ἀποστδλου,
1626 1596 1948 1664 φάσκοντος,

363 1690 448 1742 ὅτι
489 1689 650 1758 Ἡμῖν
681 1685 768 1755 εἷς
794 1689 937 1756 Θεὸς
963 1692 996 1744 ό
1023 1689 1244 1756 Πατὴρ,
1275 1688 1345 1753 ἐξ
1377 1683 1449 1742 οὗ
1491 1689 1563 1742 τὰ
1593 1685 1810 1748 πάντα,
1850 1686 1948 1738 καὶ

364 1779 536 1849 *ἡμεῖς
556 1783 640 1846 εὶς
668 1782 854 1834 αὐτόν
873 1797 886 1811 ο
928 1779 1025 1832 καὶ
1049 1779 1132 1844 εἷς
1168 1779 1385 1846 Κύριος
1410 1776 1642 1844 Ἰησοῦς
1671 1775 1946 1844 Χριστὸς,

2055 608 2284 652 mortem
2319 613 2444 652 cum
2481 596 2589 652 Deo
2612 598 2946 668 colloquium
2968 597 3296 662 recordaris,
3325 608 3490 668 utque
3528 612 3637 655 non

2055 690 2202 744 illius
2235 691 2497 750 animam,
2531 689 2622 743 sed
2671 691 2994 760 sanguinem
3038 691 3349 759 supplicare
3369 691 3535 752 dicat,
3572 706 3638 745 ac

2057 783 2224 837 Deum
2257 782 2590 838 clamoribus
2622 782 3041 852 interpellare’?
3070 782 3306 852 Sanguis
3344 798 3509 853 porro
3545 799 3629 839 nc-

2054 889 2329 944 quaquam
2368 873 2546 926 anima
2580 881 2697 937 est;
2729 871 2823 927 sed
2853 874 2907 926 in
2941 873 3210 943 sanguine
3237 874 3420 926 anima
3457 874 3637 943 potius

2055 963 2216 1019 inest.
2285 963 2499 1032 Quippe
2557 963 2785 1031 sanguis
2864 963 3201 1032 aspectabile
3257 978 3459 1033 corpus
3518 974 3635 1028 est;

2053 1053 2234 1106 anima
2265 1069 2416 1114 vcto,
2472 1067 2596 1105 cum
2659 1051 2838 1105 visum
2897 1067 3114 1106 onmem
3148 1051 3390 1122 eﬂ‘ugiat,
3423 1053 3476 1106 in
3513 1067 3633 1107 sau-

2055 1146 2222 1214 guine
2263 1143 2486 1198 residet.
2522 1141 2596 1196 Ita
2631 1143 2903 1212 dogmatis
2935 1145 3034 1206 tui,
3057 1160 3090 1198 ο
3117 1143 3483 1198 Βατιίοεὶοηοί
3514 1159 3636 1214 pra-

2052 1239 2196 1291 vitas
2237 1237 2411 1305 ipsius
2442 1236 2492 1290 vi
2526 1234 2782 1290 veritatis
2818 1251 3011 1290 eversa
3044 1237 3260 1306 penitus
3286 1238 3543 1292 concidit.

2126 1327 2213 1382 lII.
2240 1327 2314 1381 De
2340 1328 2590 1397 pluribus
2615 1343 2746 1381 vero
2765 1329 3071 1398 principiis,
3094 1330 3351 1398 quoniam
3374 1329 3638 1383 adversus

2053 1418 2213 1482 alios,
2265 1419 2359 1487 qui
2415 1417 2471 1470 itt
2517 1417 2710 1471 eodem
2743 1433 2931 1472 errore
2970 1428 3280 1484 versantur,
3309 1419 3636 1490 jampridem

2053 1509 2223 1562 multa
2256 1509 2516 1571 diximus,
2542 1508 2759 1576 longam
2785 1507 2885 1561 hoc
2921 1509 3041 1562 loco
3069 1509 3498 1578 disputationem
3524 1525 3636 1563 non

2053 1599 2364 1654 instituam.
2401 1596 2508 1652 Sed
2551 1597 2683 1651 illud
2717 1614 2782 1650 ex
2816 1597 3079 1667 Apostolo
3119 1600 3386 1652 duntaxat
3421 1598 3478 1651 in
3516 1613 3635 1651 me-

2054 1691 2286 1744 moriam
2341 1689 2652 1744 revocabo:
2687 1687 2854 1742 Nobis
2903 1706 3036 1743 unus
3080 1699 3155 1742 est
3201 1688 3335 1742 Deus
3367 1687 3548 1750 Pater,
3573 1702 3638 1741 ea:

2053 1800 2154 1854 quo
2210 1785 2386 1836 omnia
2423 1793 2472 1836 et
2508 1801 2602 1838 nos
2630 1785 2683 1836 in
2726 1784 2918 1852 ipsum,
2950 1793 2998 1836 et
3028 1799 3163 1837 unus
3192 1781 3446 1835 Dominus
3473 1780 3631 1835 Jesus

365 1871 441 1926 δι’
464 1867 535 1926 οὗ
566 1872 634 1924 τὰ
663 1873 880 1934 πάντα,
921 1872 1020 1924 καὶ
1040 1869 1210 1940 ἡμεῖς
1234 1870 1307 1924 δι’
1331 1869 1539 1923 αὐτοῦ.
1577 1867 1700 1931 Πῶς
1723 1865 1814 1920 οὖν
1843 1885 1954 1920 πο·-

2055 1875 2322 1940 Cltristus,
2376 1887 2588 1946 propter
2632 1893 2783 1946 quem
2814 1877 3015 1940 omnia,
3045 1885 3092 1930 et
3135 1891 3226 1944 per
3252 1891 3403 1945 quem
3434 1876 3635 1937 omnia,

365 1964 552 2017 λυοεΐα
580 1964 754 2027 ἔσται,
783 1965 878 2016 καὶ
908 1964 1099 2016 πολλαὶ
1128 1964 1293 2034 ἀρχαί
1319 1979 1332 2027 ;
1363 1961 1469 2016 Καὶ
1492 1956 1579 2026 εἷς
1611 1961 1826 2028 Κύριος
1846 1961 1953 2026 Ἰη-

364 2057 518 2120 σοῦς
533 2057 806 2124 Χριστὸς,
837 2057 909 2109 δι’
941 2056 1012 2109 ὃν
1043 2057 1114 2110 τὰ
1146 2056 1361 2120 πάντα,
1387 2053 1483 2108 καὶ
1511 2052 1584 2106 δι’
1606 2049 1678 2108 οὗ
1709 2055 1780 2106 τὰ
1804 2053 1953 2104 πάι·-

365 2164 457 2209 τα,
497 2149 593 2201 καὶ
634 2148 804 2217 ἡμεῖς
826 2148 898 2201 δι’
921 2149 1282 2219 αὺτοῦ.Ἀρα
1319 2144 1412 2201 οὖν
1440 2142 1520 2211 εἷς
1555 2149 1702 2199 ἐστιν
1736 2146 1764 2197 ὁ
1792 2161 1950 2214 ποιη-
1993 2173 1998 2176 -

363 2240 482 2310 τὴς,
511 2243 607 2294 καὶ
653 2240 775 2294 οὔτε
813 2241 997 2294 πολλοὶ
1025 2242 1158 2303 θεοὶ,
1188 2239 1314 2294 οὗτε
1347 2240 1531 2293 πολλοὶ
1579 2238 1948 2306 αἰῶνες.”Εφη

365 2333 493 2403 γὰρ,
532 2333 614 2385 ὅτι
650 2334 832 2402 Εἴπερ
864 2333 980 2387 εἰσὶ
1013 2333 1229 2387 πολλοὶ
1256 2332 1375 2385 θεοὶ
1408 2333 1738 2400 λεγόμενοι.
1775 2330 1846 2381 Τὸ
1873 2329 1952 2391 δὲ,

363 2426 690 2494 λεγόμενοι,
724 2426 800 2489 ῶς
845 2428 944 2498 οὑχ
990 2427 1344 2497 ὑπαρχόντων
1394 2426 1733 2495 ἀπεφήνατο.
1770 2425 1867 2475 Διὰ
1897 2421 1955 2476 δὲ

365 2519 490 2582 τοὺς
511 2519 897 2591 τῶνἙλλήνων
918 2519 1262 2591 λεγομένους,
1281 2517 1761 2587 οὑςὲθεοποίησαν,
1780 2516 1950 2586 ἣλιον,

367 2610 462 2663 καὶ
493 2612 738 2684 σελήνην,
774 2614 946 2684 ἄστρα
984 2630 1042 2665 τε
1071 2612 1163 2665 καὶ
1198 2611 1266 2664 τὰ
1301 2611 1511 2674 τούτοις
1544 2612 1710 2681 ὃμοια
1739 2610 1954 2678 ἀποφη-

367 2705 616 2774 νάμενος,
645 2705 935 2760 ἀπέκλεισε
972 2707 1190 2760 πάντων
1235 2705 1344 2760 τῶν
1392 2703 1828 2774 πεπλανημένων
1855 2704 1954 2773 τὴν

366 2797 624 2851 διάνοιαν.

2053 1976 2102 2021 et
2122 1984 2214 2020 nos
2231 1982 2322 2034 per
2349 1967 2518 2034 ipsum
2550 1966 2591 2022 ‘.
2619 1966 2904 2032 Quomodo
2930 1968 3094 2036 igitur
3120 1968 3346 2021 deorum
3383 1968 3474 2020 illa
3507 1967 3642 2020 mul-

2055 2056 2225 2110 titudo
2258 2057 2762 2126 principiorumque
2791 2058 3104 2112 constabit?
3139 2056 3205 2110 Et
3249 2073 3407 2120 unus,
3435 2057 3637 2126 inquit,

2052 2150 2311 2205 Dominus
2339 2149 2494 2204 Iesus
2525 2149 2788 2212 Christus.
2826 2161 3039 2219 propter
3071 2167 3220 2220 quem
3245 2152 3442 2210 omnia,
3470 2159 3518 2203 et
3549 2165 3640 2217 per

2051 2257 2205 2309 quem
2244 2241 2444 2304 omnia,
2474 2249 2524 2292 et
2572 2255 2666 2293 nos
2704 2254 2796 2308 per
2835 2241 3028 2309 ipsum.
3077 2240 3442 2306 Quamobrem
3499 2257 3640 2295 unus

2060 2339 2164 2397 est,
2201 2329 2580 2385 tantummodo
2635 2332 2907 2396 conditor,
2955 2347 3132 2402 neque
3168 2333 3353 2402 plures
3384 2332 3457 2384 dii
3488 2342 3637 2395 sunt,

2057 2439 2307 2479 tenuesve
2336 2424 2540 2493 plures.
2573 2420 2665 2476 Sic
2699 2423 2844 2476 enim
2881 2423 3021 2476 dixit
3060 2439 3072 2472 :
3113 2423 3173 2477 Si
3204 2429 3328 2476 sunt
3351 2423 3524 2485 multi,
3547 2423 3640 2490 qui

2057 2514 2308 2566 dicuntur
2354 2513 2431 2564 dii
2488 2513 2530 2566 ⁸.
2592 2510 2764 2578 Quam
2819 2513 3166 2581 particulam,
3217 2514 3305 2584 qui
3367 2512 3637 2574 dicuntur,

2060 2605 2257 2672 adjecit
2316 2603 2461 2665 ideo,
2498 2611 2557 2656 ut
2607 2618 2714 2655 non
2752 2618 2874 2657 esse
2910 2620 3096 2658 revera
3134 2604 3486 2675 signiﬁcaret.
3531 2601 3638 2659 Sed

2059 2712 2184 2751 cum
2243 2704 2466 2767 propter
2531 2710 2648 2759 eos,
2684 2697 2778 2765 qui
2809 2696 2879 2750 ab
2907 2697 3147 2752 ethnicis
3191 2713 3313 2752 esse
3354 2698 3635 2762 dicuntur,

2061 2804 2313 2860 quosque
2369 2788 2446 2842 illi
2476 2787 2610 2842 deos
2651 2789 3014 2862 constituunt,
3043 2797 3170 2858 puta
3201 2791 3394 2852 solent,
3425 2790 3635 2853 lunam,

366 2892 538 2966 579,
557 2894 760 2960 sidera,
791 2894 1113 2965 reliquaque
1143 2893 1196 2949 id
1227 2906 1400 2964 genus
1429 2889 1576 2947 istud
1615 2890 1946 2961 protulerit:
1991 2887 2201 2940 nullum
2263 2882 2636 2936 aberrantium
2680 2884 2962 2938 hominum
3009 2885 3254 2954 opinioni
3316 2887 3500 2940 locum
3548 2899 3637 2940 re—

369 2991 542 3058 liquit.

440 3082 552 3151 Τῆς
585 3081 646 3135 δὲ
698 3082 882 3150 ὑγιοῦς
935 3084 1170 3150 πίστεως
1223 3091 1559 3160 πανταχόθεν
1608 3083 1942 3155 σωζομένης,

2124 3065 2391 3122 Caeterum
2445 3078 2570 3117 eum
2613 3063 2825 3117 sincera
2859 3061 2990 3118 Iides
3037 3061 3278 3134 undique
3315 3073 3462 3120 sarta
3495 3075 3639 3124 tecta

369 3169 648 3242 ἑδραίωμα
701 3171 867 3237 οὔσης
893 3174 985 3227 καὶ
1016 3177 1286 3248 σωτηρίας
1332 3180 1438 3232 τῶν
1479 3177 1710 3242 πιστῶν,
1751 3173 1947 3246 ῥᾳδίως

2055 3158 2415 3221 custodiatur,
2445 3156 2500 3210 in
2523 3171 2695 3226 caque
2719 3155 2955 3210 fidelium
2979 3157 3128 3212 salus
3146 3171 3209 3210 ac
3235 3156 3636 3216 ﬁrmamentum

370 3262 403 3331 ἡ
431 3259 618 3313 πασῶν
639 3260 746 3314 τῶν
771 3263 1034 3334 αἱρέσεων
1059 3266 1304 3338 ὲπινενοη
1317 3269 1452 3337 μένη
1479 3267 1761 3334 κενολογία
1791 3279 1952 3335 προσ-

369 3355 648 3424 ανετρὰπη
679 3369 690 3381 '
722 3354 796 3416 ὡς
849 3357 941 3409 καὶ
981 3349 1135 3420 οὗτος
1175 3360 1531 3430 ἀνατραπεὶς,
1582 3359 1676 3412 καὶ
1723 3357 1951 3410 ἐλεεινὸν

371 3445 562 3496 ἑαυτὸν
583 3446 948 3516 καταστήσας,
975 3447 1066 3498 καὶ
1087 3448 1278 3501 ἑαυτὸν
1299 3448 1648 3515 ἁποξενὼσας
1669 3449 1766 3518 τῆς
1785 3447 1948 3517 ζωῆς.

369 3537 505 3604 Φησὶ
533 3535 640 3604 γὰρ
665 3538 692 3588 ὁ
721 3541 1008 3608 προφήτης
1047 3539 1184 3610 πρὸς
1212 3541 1309 3610 τὴν
1341 3541 1502 3608 ἁγίαν
1526 3540 1618 3593 τοῦ
1651 3539 1786 3592 Θεοῦ
1832 3539 1954 3591 Ἐκ-

372 3626 621 3697 κλησίαν,
646 3629 726 3680 ὃτι
757 3628 1026 3698 ϐήσομαι
1053 3629 1322 3698 ἄνθρακα
1359 3632 1658 3686 τὸνλίθον
1689 3649 1824 3697 σου,
1855 3632 1954 3686 καὶ

371 3719 512 3784 τοὺς
546 3721 859 3787 θεμελίους
889 3737 1006 3775 σου
1032 3721 1386 3792 σάπφειρον,
1420 3724 1515 3776 καὶ
1548 3724 1617 3778 τὰ
1640 3724 1808 3792 rel-In
1837 3741 1953 3776 σου

371 3811 582 3876 λίθους
610 3811 953 3878 ἐκλεκτοὺς,
985 3813 1082 3866 καί
1120 3815 1226 3880 τὰς
1251 3814 1537 3880 ἐπάλξεις
1562 3833 1678 3869 σου
1718 3817 1952 3872 ἴασπιν.

375 3895 507 3952 Εἶτα
535 3899 760 3969 ὕστερόν
794 3919 956 3972 φησι·
993 3900 1166 3956 Πᾶσα
1197 3904 1366 3972 φωνὴ
1403 3903 1440 3970 ἢ
1469 3904 1956 3971 ἐπαναστήσεται

373 3992 472 4044 ἐπὶ
515 3991 610 4055 σὲ,
654 3994 886 4060 πάντας
925 3995 1148 4061 αὐτοὺς
1194 3996 1516 4064 ἠττήσεις·
1549 3997 1647 4049 ἐπὶ
1692 3996 1759 4049 δὲ
1787 3996 1861 4049 σὲ
1884 3999 1956 4050 οὐ

375 4083 936 4150 κατευοδωθήσεται.
995 4087 1130 4139 eoas
1170 4087 1276 4158 γὰρ
1329 4087 1646 4156 κατισχύσει
1692 4088 1827 4159 πρὸς
1858 4089 1957 4159 τὴν

371 4175 474 4246 τῆς
525 4175 780 4246 ἀληθείας
828 4176 1044 4230 πίστιν’
1085 4177 1383 4248 ἐπειδήπερ
1430 4179 1526 4231 ἐπὶ
1578 4178 1691 4246 τὴν
1733 4179 1958 4245 πέτρην

371 4265 760 4335 ᾠκοδόμηται,
803 4267 900 4320 καὶ
945 4269 1132 4320 πύλαι
1169 4268 1318 4334 ᾅδου
1359 4271 1430 4321 οὐ
1475 4271 1959 4338 κατισχύσουσιν

373 4357 593 4426 αὐτῆς·
664 4359 740 4422 ὠς
777 4360 1141 4430 ἐπηγγείλατο
1174 4361 1310 4432 αὐτῇ
1353 4363 1381 4414 ὁ
1423 4363 1577 4430 ἅγιος
1607 4362 1738 4426 Θεὸς
1764 4363 1956 4430 Λόγος,

371 4453 400 4503 ὁ
445 4449 706 4513 Βασιλεὺς
744 4451 932 4521 αὐτῆς,
970 4452 1063 4504 καὶ
1093 4452 1360 4521 Νυμφίος,
1395 4455 1489 4506 καὶ
1525 4453 1728 4524 Κύριος
1767 4453 1956 4522 αὑτῆς,

2050 3251 2406 3321 sitpositum,
2455 3248 2612 3302 facile
2658 3249 3038 3303 universarum
3085 3249 3364 3304 ha-reseon
3404 3254 3638 3308 conlitta

2053 3335 2337 3397 mendacia
2361 3340 2762 3394 dissolvuntur.
2781 3338 3250 3406 Quemadmodum
3272 3351 3326 3396 et
3347 3342 3638 3401 limreticvs

2053 3437 2158 3491 iste
2211 3434 2476 3503 disiectus
2537 3445 2640 3495 est,
2700 3433 2794 3502 qui
2857 3448 2915 3486 se
2946 3433 3313 3488 miserrimum
3346 3436 3399 3488 in
3431 3445 3638 3492 statum

2053 3525 2283 3597 redegit,
2319 3533 2426 3579 eta
2461 3523 2569 3577 vita
2628 3527 2850 3593 penitus
2898 3525 3178 3577 alienavit.
3235 3523 3447 3580 Etenim
3505 3544 3638 3596 pro-

2055 3620 2218 3690 pheta
2242 3619 2315 3672 ita
2342 3628 2584 3672 sanctam
2618 3617 2706 3670 ltei
2739 3615 3037 3671 Eeelesiam
3079 3617 3378 3687 alloquitur
3400 3638 3411 3672 :
3433 3618 3640 3675 Ponant

2054 3713 2437 3767 carbunculum
2471 3709 2701 3780 lapidem
2730 3720 2894 3767 tuum.
2931 3719 2981 3763 et
3012 3709 3358 3779 fundamenta
3391 3720 3481 3765 tua
3515 3729 3638 3782 sap-

2052 3805 2283 3871 phirum,
2317 3813 2365 3856 et
2398 3817 2579 3855 muros
2619 3809 2735 3854 tuos
2788 3799 2990 3868 lapides
3015 3800 3227 3864 electos,
3264 3811 3314 3855 et
3340 3817 3641 3872 propugna-

2055 3896 2176 3948 cula
2221 3904 2314 3947 tua
2356 3895 2622 3963 jaspidem
2654 3893 2699 3947 ⁸.
2728 3891 2934 3946 Deinde
2985 3893 3205 3961 subjicit
3237 3912 3248 3946 :
3286 3893 3469 3966 Omnis
3515 3910 3636 3958 vox,

2054 4003 2171 4056 qua:
2194 3985 2446 4039 adversus
2473 3995 2520 4037 te
2543 3995 2841 4054 consurget,
2861 4000 3038 4038 omnes
3062 3985 3185 4037 illos
3218 3986 3426 4050 vinces;
3451 3996 3638 4039 contra

2057 4087 2105 4130 te
2133 4093 2252 4130 vero
2311 4093 2414 4129 non
2465 4076 2865 4144 prosperabitur
2893 4076 2936 4129 ".
2969 4074 3110 4128 Nihil
3159 4075 3304 4130 enim
3362 4089 3447 4132 est
3491 4079 3637 4148 quod

2058 4185 2238 4223 veram
2276 4170 2434 4223 iidem
2468 4185 2783 4238 expugnare
2811 4169 3003 4237 possit,
3049 4169 3176 4239 quia
3224 4185 3378 4238 super
3433 4182 3639 4239 petram

2057 4261 2326 4329 ludiﬁcata
2353 4269 2452 4323 est,
2485 4270 2534 4314 et
2564 4269 2730 4328 porta:
2779 4261 2937 4328 inferi
2985 4277 3090 4314 non
3138 4262 3495 4328 pt'wvalcbunt
3543 4264 3636 4316 ad-

2057 4370 2236 4408 versus
2284 4353 2434 4406 illam
2464 4352 2505 4404 ⁸.
2540 4352 2696 4417 Quod
2756 4353 2934 4405 eidem
2989 4349 3134 4407 Deus
3179 4351 3439 4418 Verbum,
3497 4354 3636 4420 Rex,

2057 4446 2304 4514 inquam,
2339 4443 2536 4514 ipsius,
2579 4457 2643 4495 ac
2667 4442 2918 4511 Sponsus
2953 4455 3016 4496 ac
3051 4440 3312 4497 Dominus
3341 4445 3639 4513 promisit:

375 4543 466 4595 καὶ
499 4542 809 4612 Δεσπότης’
846 4536 952 4613 ᾧή
1004 4543 1148 4608 δόξα,
1192 4543 1344 4615 τιμὴ.
1389 4545 1625 4615 κράτος,
1673 4546 1848 4618 Πατρὶ
1897 4548 1954 4598 ὲν

2061 4537 2149 4588 cui
2213 4535 2408 4605 gloria,
2456 4534 2651 4596 honor,
2705 4532 3020 4602 imperium,
3082 4531 3228 4586 Patri
3286 4533 3535 4589 videlicet
3584 4536 3641 4589 in

371 4633 506 4704 Υίῷ.
544 4634 640 4686 σὺν
674 4633 812 4703 ἁγίῳ
843 4633 1119 4704 Πνεύματι
1155 4635 1234 4697 είς
1265 4635 1390 4698 τοὺς
1422 4634 1623 4698 αἰῶνας
1673 4635 1781 4688 τῶν
1819 4636 1953 4688 αἰώ-

372 4743 498 4778 νων.
551 4725 742 4796 Ἀμήν.

443 4815 660 4886 Ταύτης
695 4816 753 4870 δὲ
797 4817 892 4870 καὶ
935 4817 1106 4888 αὐτῆς
1157 4817 1640 4889 καταπατηοείσης
1664 4817 1765 4886 τῆς
1798 4817 1953 4890 αίρέ-

374 4927 532 4972 σεως.
590 4908 665 4971 ὼς
713 4908 822 4962 ἀπὸ
875 4910 1048 4980 τομῆς
1097 4909 1274 4979 ὄφεως
1319 4904 1454 4962 οὖσα
1487 4908 1720 4979 κεφαλὴ,
1751 4907 1846 4961 καὶ
1871 4907 1952 4961 ἔτι

370 4998 724 5072 σκαρίζουσα,
756 5000 835 5072 τῷ
866 4999 1006 5071 ξύλῳ
1035 5001 1134 5070 τῆς
1161 5001 1305 5070 ζωῆς
1330 4999 1636 5063 πιεσθεῖσα,
1664 5000 1818 5054 αὐτοὶ
1837 4998 1957 5071 Θεῷ

371 5091 818 5164 εὐχαριστοῦντες
859 5094 951 5146 ἐπὶ
993 5092 1093 5158 τὰς
1133 5093 1299 5157 ἄλλας
1345 5093 1505 5147 πάλιν
1533 5092 1955 5157 διασκοποῦντες

373 5185 435 5237 τω
445 5201 564 5248 μεν,
599 5177 644 5237 ὦ
671 5183 964 5254 ἀγαπητοί.

843 5297 1031 5350 ΚΑΤΑ
1059 5295 1480 5358 ΝΟΗΤΙΑΝΩΝ,

379 5386 706 5456 Τριακοστὴ
753 5387 994 5456 ἑϐδόμη,
1052 5387 1091 5454 ἡ
1132 5389 1230 5440 καὶ
1277 5388 1660 5455 πεντηκοστὴ
1709 5385 1927 5455 ἑϐδόμη

444 5501 521 5552 Λ’.
566 5499 793 5569 Ἕτερος
841 5498 1004 5552 πάλιν
1054 5498 1193 5567 μετὰ
1231 5497 1418 5552 τοῦτον
1477 5497 1684 5567 Νοητδς
1731 5497 1958 5567 ὀνόματι

373 5593 593 5663 ἀνέστη,
642 5593 703 5645 οὐ
754 5592 862 5662 πρὸ
889 5592 1026 5644 ἐτῶν
1055 5591 1334 5653 πλειόνων,
1371 5589 1487 5644 ἀλλ’
1523 5588 1598 5653 ὼς
1631 5588 1736 5660 πρὸ
1767 5588 1959 5660 χρόνου

450 5753 464 5782 ¹
495 5749 619 5804 For.
653 5744 826 5803 εἷπον.
901 5752 920 5783 ³
956 5751 1147 5808 Matth.
1190 5767 1314 5816 xxv,
1342 5749 1432 5804 46.
1529 5749 1550 5782 ³
1578 5745 1712 5803 Gen.
1744 5763 1816 5809 ιν,
1863 5747 1945 5800 ltt.

377 5817 402 5852 ⁸
436 5819 620 5875 Matth.
662 5836 771 5876 XVI.
800 5821 885 5875 18.

2027 5745 2046 5778 ⁸
2078 5745 2095 5800 1
2131 5745 2258 5803 Cor.
2289 5762 2404 5814 rut,
2445 5743 2498 5797 6.

2056 4624 2216 4688 Filio,
2245 4641 2368 4679 cum
2405 4623 2609 4695 Spiritu
2651 4632 2866 4688 sancto,
2925 4622 2981 4676 in
3037 4623 3236 4677 saecula
3283 4623 3635 4679 saeculorum.

2055 4717 2249 4771 Amen.

2125 4807 2412 4865 Postremo
2435 4823 2560 4862 cum
2585 4807 2699 4862 haec
2719 4822 2748 4860 a
2773 4806 2932 4862 nobis
2953 4807 3267 4876 proculcata
3292 4809 3364 4862 sit
3385 4809 3638 4874 hmresis,

2053 4916 2119 4955 ac
2150 4901 2300 4955 velut
2355 4899 2606 4954 avulsum
2635 4915 2666 4952 a
2694 4909 2892 4952 trunco
2941 4900 3215 4968 serpentis
3262 4909 3426 4969 caput
3460 4900 3640 4954 adhuc

2057 4993 2335 5065 palpitans
2361 4992 2597 5061 quodam
2627 4991 2785 5060 quasi
2808 4991 2932 5044 vitae
2956 4989 3099 5045 fuste
3119 4992 3516 5045 comminutum
3544 4994 3638 5056 sit,

2059 5091 2315 5154 superest.
2347 5091 2424 5146 ut,
2455 5081 2595 5137 actis
2620 5081 2724 5135 rite
2752 5079 2862 5135 Deo
2893 5081 3107 5149 gratiis,
3138 5081 3205 5136 ad
3237 5083 3477 5153 reliquas
3506 5097 3639 5137 eou-

2058 5177 2406 5250 templandas
2441 5178 2680 5230 haereses
2717 5182 3085 5227 transeamus.

2479 5286 2754 5342 CONTRA
2788 5283 3182 5341 NOETIANOS
3200 5326 3215 5349 ,

2401 5378 2634 5433 Ha’resis
2677 5376 2961 5430 XXXVII
2996 5379 3101 5431 sive
3135 5370 3320 5428 LVII.

2128 5492 2169 5548 l.
2207 5491 2338 5546 Post
2369 5491 2516 5544 hunc
2545 5489 2686 5544 alius
2720 5489 2940 5559 quidam
2970 5487 3280 5550 hatreticus,
3310 5487 3517 5539 Noctns
3542 5500 3641 5538 no-

2057 5587 2208 5642 mine
2231 5585 2435 5658 prodiit
2458 5602 2472 5649 ;
2499 5599 2680 5654 neque
2703 5583 2892 5638 multis
2918 5583 3118 5642 abhinc
3157 5580 3338 5645 annis,
3371 5580 3466 5635 sed
3516 5586 3641 5634 aute

2578 5743 2597 5774 ⁵
2633 5740 2762 5797 ibid.
2791 5740 2845 5797 5.
2925 5741 2945 5772 ⁸
2986 5739 3090 5795 lsa.
3122 5754 3235 5805 Liv,
3270 5739 3354 5794 11.
3453 5738 3473 5769 ⁷
3503 5734 3637 5792 ibid.
