4176 6386
506 296 614 352 995

1926 294 1985 349 S.
2031 291 2371 347 EPIPHANII

3675 285 3796 344 996

504 415 610 471 hos
653 414 764 468 fere
792 419 1022 467 centum
1057 425 1121 466 ac
1153 411 1438 482 tringinta,
1489 411 1544 464 in
1607 410 1737 466 Asia
1787 411 2078 473 oriundus,

2198 411 2292 464 τῶν
2344 409 2548 462 τούτων
2606 408 2802 462 ἔκατὺν
2857 407 3175 478 τριάκοντα,
3234 404 3405 458 πλείω
3463 403 3496 474 ἢ
3547 405 3794 471 ἐλάσσω,

506 508 645 563 urbe
670 506 906 577 Epheso.
938 503 1042 570 Qui
1067 504 1246 558 alieno
1292 502 1489 572 spiritu
1541 501 1754 557 afflatus
1799 517 1864 556 ea
1914 502 2097 557 dicere

473 614 574 673 _ac
625 599 822 651 docere
879 610 1048 649 ausus
1118 602 1224 654 est.
1288 608 1410 663 qua:
1472 609 1572 648 nec
1623 593 1932 663 prophetae,
1998 609 2097 647 nec

509 687 763 758 apostoli,
794 702 892 739 nec
919 683 1163 738 Ecclesia
1197 683 1267 736 ab
1319 683 1476 737 initio
1525 684 1722 746 tenuit,
1759 698 1822 737 ac
1850 698 1918 738 ne
1948 684 2098 754 cogi-

508 781 644 832 tavit
667 778 909 848 quidem.

579 953 749 1024 Igitur
777 952 925 1006 velut
969 951 1205 1022 quadam
1230 951 1409 1006 elatus
1462 949 1674 1005 insania
1713 961 1939 1021 passum
1971 966 2094 1007 esse

519 1047 732 1102 Patrem
759 1060 868 1099 non
908 1043 1474 1098 dubitavit-asserere.
1511 1041 1615 1096 Sed
1647 1050 1702 1095 et
1733 1043 1925 1112 majori
1961 1059 2096 1114 qua-

508 1137 638 1190 dam
669 1135 984 1210 arrogantia
1040 1149 1104 1189 ac
1141 1132 1391 1188 vecordia
1445 1133 1623 1188 elatus
1676 1149 1796 1188 sese
1830 1132 2090 1206 Moysen),

511 1228 737 1283 fratrem
771 1242 898 1281 vero
921 1241 1080 1280 suum
1113 1226 1383 1281 Aaronem
1408 1241 1532 1280 esse
1553 1224 1710 1280 dixit.
1744 1225 1893 1280 Inter
1923 1224 2094 1297 480

515 1322 632 1377 haec
662 1323 832 1375 beate
863 1319 1138 1374 memoriae
1162 1317 1466 1388 presbyteri
1517 1317 1638 1387 ejus
1673 1317 1752 1371 rei
1804 1315 1945 1370 fama
1981 1332 2096 1386 per-

516 1413 649 1468 moti
680 1412 955 1468 hominem
988 1411 1294 1464 advocant:
1323 1409 1498 1478 deque
1531 1409 1617 1463 his
1647 1407 1903 1464 omnibus
1929 1410 2094 1462 inter-

515 1516 732 1575 rogant,
763 1512 1075 1557 utrumnam
1121 1511 1229 1556 tam
1284 1501 1740 1556 contumeliosum
1782 1501 1837 1554 in
1868 1499 2088 1554 Patrem

509 1596 706 1664 dogma
752 1593 1151 1664 proposuisset.
1185 1593 1252 1645 At
1297 1593 1388 1648 ille
1426 1608 1614 1647 coram
1646 1591 2090 1662 presbyterorum

508 1700 774 1740 consessu
806 1685 1103 1755 productus
1125 1684 1350 1739 inliciari
1379 1685 1574 1754 primo,
1596 1682 1742 1753 quod
1767 1689 1891 1736 ante
1913 1683 2090 1752 ipsum

2214 503 2479 564 Ἀσιανὸς,
2520 501 2618 570 τῆς
2683 500 2908 568 Ἐφέσου
2950 497 3157 560 πόλεως
3192 496 3304 566 (96)
3331 496 3612 568 ὑπάρχων.
3663 501 3796 562 ⁸ος,

2199 591 2465 664 ἀλλοτρίῳ
2496 591 2766 661 πνεύματι
2805 589 3124 660 φερόμενος,
3161 588 3424 659 ἠθέλησεν
3459 588 3550 658 ἀφ’
3589 589 3796 643 ἐαυτοὲ

2198 680 2234 734 ἃ.
2265 682 2400 750 μήτε
2428 681 2724 752 προφῆται,
2760 681 2898 750 μήτε
2931 679 3238 743 ἀπόστολοι,
3275 682 3412 750 μήτε
3444 679 3503 744 ἐξ
3533 681 3795 751 ὑπαρχῆς

2199 770 2461 841 κατέσχεν
2493 773 2525 840 ἡ
2573 770 2890 840 Ἐκκλησία,
2928 772 3066 842 μήτε
3094 770 3369 841 ἐνενοήθη,
3399 771 3578 839 λέγειν
3607 788 3665 824 τε
3690 773 3793 825 καὶ

2196 863 2490 917 διδάσκειν.

2265 950 2458 1018 Οὗτος,
2501 955 2594 1024 ἀφ’
2626 952 2819 1007 ἑαυτοῦ
2869 953 2957 1006 ἐπ’
2986 954 3196 1024 ἅρμασι
3237 953 3253 982 ¹
3284 953 3480 1023 μανίας
3504 954 3796 1023 ἐπαρθεὶς,

2195 1046 2463 1118 ἐτόλμησε
2516 1047 2696 1115 λέγειν
2751 1046 2844 1101 τὸν
2902 1045 3125 1116 Πατέρα
3177 1045 3522 1098 πεπονθέναι.
3560 1047 3683 1098 Ἐτι
3731 1047 3799 1099 δὲ

2198 1138 2404 1208 μείζονί
2433 1157 2538 1192 τινι
2570 1138 2725 1209 τύφῳ
2755 1139 2846 1192 καὶ
2879 1137 3275 1210 παραφροσύνῃ
3304 1137 3561 1206 ἐνεχθεὶς,
3594 1137 3798 1190 ἑαυτὸν

2196 1230 2349 1298 ἔλεγε
2371 1230 2629 1291 Μωῦσέα,
2661 1231 2755 1283 καὶ
2779 1230 2868 1282 τὸν
2882 1229 3110 1298 ἀδελφὸν
3137 1228 3304 1283 αὐτοῦ
3348 1229 3577 1299 Ἀαρών.
3622 1229 3796 1282 Ἀλλὰ

2197 1320 2398 1392 μεταξὺ
2447 1323 2650 1375 τούτων
2693 1321 2802 1374 ἀπὸ
2833 1321 2938 1390 τῆς
2995 1322 3122 1391 περὶ
3165 1321 3327 1374 αὑτὸν
3373 1322 3704 1391 ἐνηχήσεως,
3733 1323 3789 1373 οἱ

2198 1415 2458 1487 μακάριοι
2494 1415 2854 1486 πρεσϐύτεροι
2893 1414 2992 1484 τῆς
3038 1413 3365 1484 Ἐκκλησίας
3413 1413 3795 1484 προσκαλεσά-

2197 1524 2347 1577 μενοι
2374 1506 2557 1572 αὐτὸν,
2590 1505 2852 1578 ἐξήταζον
2901 1505 3030 1576 περὶ
3067 1504 3272 1558 τούτων
3307 1505 3581 1567 ἁπάντων,
3613 1507 3710 1556 καὶ
3735 1507 3792 1556 εί

2193 1598 2396 1668 ταύτην
2417 1599 2515 1670 τὴν
2537 1597 2888 1668 βλασφημίαν
2909 1615 2973 1650 πε
2983 1597 3032 1668 pi
3049 1597 3262 1668 [ἰατρὸς
3273 1597 3633 1667 προηγάγετο.
3654 1597 3710 1649 ’0
3728 1597 3794 1649 δὲ

2191 1690 2263 1743 τὰ
2290 1691 2478 1762 πρῶτα
2514 1692 2612 1761 μὲν
2640 1693 2875 1761 ἠρνεῖτο,
2910 1691 3001 1742 ἐπὶ
3029 1689 3120 1742 τοῦ
3165 1688 3555 1760 πρεσϐυτερίου
3586 1688 3794 1758 ἀγόμε-

509 1793 673 1833 nemo
707 1788 861 1833 atrox
902 1777 1034 1831 illud
1074 1786 1238 1844 atque
1295 1775 1514 1830 exitiale
1545 1775 1698 1828 virus
1736 1773 2090 1828 evomuisset.

2198 1800 2304 1845 νος,
2337 1761 2424 1835 διά
2454 1782 2513 1835 τὸ
2562 1783 2762 1853 μηδένα
2802 1782 2908 1852 πρὸ
2942 1781 3105 1835 αὐτοῦ
3132 1781 3242 1850 (97)
3268 1781 3524 1850 ἐξεμέσαι
3558 1782 3791 1852 ταυτηνὶ

509 1871 705 1925 Postea
741 1886 892 1934 vero,
922 1884 1046 1924 cum
1099 1869 1307 1924 rabiem
1364 1882 1521 1922 suam
1581 1865 1882 1928 nonnullis,
1924 1874 1983 1918 ut
2022 1864 2094 1916 ita

508 1963 713 2027 dicam,
749 1962 1096 2031 aspersisset,
1139 1976 1204 2014 ac
1227 1960 1414 2015 decem
1447 1959 1561 2013 fere
1593 1959 1840 2012 homines
1871 1958 1974 2012 sibi
2002 1959 2098 2011 ad-

505 2055 806 2126 iunxisset,
862 2054 1123 2122 majorem
1178 2054 1234 2107 in
1273 2053 1586 2120 superbiam
1651 2059 1815 2121 atque
1863 2050 2100 2104 insolen-

512 2151 645 2204 tiam
672 2149 871 2211 elatus,
907 2156 1074 2217 atque
1100 2145 1359 2200 audacior
1397 2143 1597 2208 factus,
1631 2145 1806 2214 palam
1847 2144 2094 2197 hmresim

508 2257 668 2296 suam
690 2241 1088 2296 disseminavit.
1104 2237 1342 2293 Proinde
1365 2253 1589 2292 rursum
1607 2237 1748 2292 idem
1771 2237 1848 2291 illi
1873 2237 2096 2307 presby-

514 2334 640 2399 teri,
663 2341 774 2387 tam
801 2332 1001 2402 ipsum,
1033 2346 1196 2402 quam
1221 2331 1312 2400 qui
1344 2346 1407 2386 se
1435 2330 1503 2384 ad
1531 2347 1654 2385 eum
1685 2329 1979 2385 infeliciter
2005 2346 2098 2401 ag-

509 2435 816 2496 gregarent,
844 2435 1152 2488 arcessunt,
1185 2432 1350 2493 atque
1377 2423 1569 2478 iisdem
1594 2422 1662 2478 de
1692 2423 1857 2477 rebus
1907 2423 2098 2477 scisci-

509 2525 722 2570 tantur.
752 2517 846 2571 llle
867 2531 992 2570 cum
1029 2530 1192 2585 grege
1239 2530 1340 2569 suo
1396 2513 1631 2568 frontem
1669 2513 1975 2583 perfricans
2000 2527 2098 2566 au-

510 2609 702 2662 dacter
754 2607 1130 2662 contradicere
1169 2606 1370 2676 C(Bpit;
1403 2620 1490 2668 ac,
1521 2604 1684 2671 Quid,
1739 2604 1936 2674 inquit,
1965 2604 2093 2658 mali

513 2699 663 2753 feci?
697 2697 876 2752 Unum
908 2698 1074 2753 Deum
1109 2713 1358 2762 veneror,
1385 2713 1551 2751 unum
1575 2698 1740 2763 novi;
1772 2713 1873 2752 nec
1902 2707 2094 2767 praeter

512 2793 690 2861 ipsum
714 2793 944 2846 alterum
977 2799 1188 2854 natum,
1217 2782 1462 2860 passum,
1484 2799 1781 2844 mortuum.

582 2959 662 3013 Ad
701 2974 864 3030 quam
894 2960 1208 3031 Opinionem
1234 2977 1359 3015 cum
1388 2969 1706 3016 constanter
1761 2962 2098 3018 adhaeresce-

514 3059 619 3113 ret,
650 3066 776 3105 eum
822 3054 1025 3122 pariter
1056 3064 1218 3122 atque
1248 3053 1369 3121 ejus
1410 3053 1717 3122 discipulos
1749 3055 1818 3108 ab
1849 3054 2095 3110 Ecclesia

513 3141 744 3209 pellunt.
774 3141 1004 3194 Moritur
1040 3141 1235 3196 deinde
1271 3143 1433 3211 paulo
1457 3153 1579 3210 post
1613 3159 1736 3196 cum
1773 3143 1942 3198 fratre
1971 3159 2093 3209 suo;

515 3247 692 3301 neque
730 3241 910 3287 tamen
935 3241 1028 3286 aut
1065 3233 1156 3287 ille
1181 3233 1298 3302 pari
1326 3249 1388 3287 ac
1423 3233 1636 3304 Moyses
1663 3235 1814 3296 olim,
1857 3243 1953 3288 aut
1977 3236 2096 3304 ejus

517 3325 688 3378 frater
721 3323 932 3390 eadem,
951 3339 1058 3394 qua
1089 3326 1272 3378 Aaron
1293 3324 1706 3380 honorilicentia
1722 3327 1921 3396 sepulti
1947 3339 2094 3382 sunt:

514 3428 780 3487 tanquam
816 3418 961 3472 enim
1009 3417 1320 3472 desertores
1346 3417 1547 3486 abjecti
1581 3427 1730 3480 sunt,
1765 3434 1864 3472 nec
1889 3419 1958 3472 ab
1987 3420 2097 3474 ullo

515 3511 926 3564 Catholicorum
960 3511 1254 3580 sepultura:
1279 3510 1537 3563 mandati.
1561 3509 1692 3565 Post
1716 3511 1830 3564 hac
1859 3512 1952 3580 qui
1984 3526 2100 3565 cor-

519 3608 737 3670 ruptam
791 3601 860 3653 ab
906 3615 972 3655 eo
1004 3601 1308 3654 doctrinam
1361 3601 1660 3654 hauserant
1716 3601 1861 3655 istud
1918 3602 2094 3671 ipsum

516 3693 715 3764 dogma
748 3692 1196 3755 corroborarnnt,
1231 3691 1445 3759 iisdem,
1473 3692 1674 3762 quibus
1706 3693 1948 3761 ipsorum
1983 3708 2098 3747 ma-

518 3785 692 3855 gister
727 3784 904 3849 initio,
928 3785 1111 3838 verbis
1131 3785 1388 3849 adducti;
1421 3800 1546 3838 nam
1593 3801 1717 3840 cum
1757 3786 2100 3856 presbytero-

520 3894 643 3932 rum
661 3867 903 3932 concilio
938 3877 1280 3947 percontanti
1334 3877 1580 3942 dixisset,
1624 3893 1793 3931 unum
1829 3894 1887 3932 se
1928 3877 2095 3933 Deum

516 3969 720 4032 colere,
757 3984 884 4022 vere
933 3967 1036 4021 hoc
1073 3969 1141 4021 ab
1167 3967 1274 4021 illis
1301 3983 1624 4037 responsum
1659 3969 1872 4023 audiit:
1903 3968 1966 4022 Et
1995 3985 2096 4024 nos

519 4076 690 4116 unum
737 4074 954 4129 quoque
997 4056 1165 4112 Deum
1199 4059 1451 4123 colimus,
1504 4057 1597 4112 sed
1637 4059 2097 4128 quemadmodum

521 4151 763 4222 legitime
799 4149 949 4201 illum
987 4147 1165 4201 colere
1189 4147 1460 4202 novimus.
1495 4147 1792 4218 Itidemque
1817 4148 2096 4203 Christum

519 4242 785 4295 habemus
811 4255 1007 4301 unum,
1032 4238 1126 4292 sed
1155 4239 1611 4308 quemadmodum
1635 4239 1909 4304 novimus,
1931 4257 2095 4294 unum

516 4334 795 4388 Christum
827 4330 920 4384 Dei
944 4330 1173 4396 Filium;
1207 4345 1449 4400 passum,
1483 4331 1756 4400 quomodo
1779 4348 1974 4402 passus
1989 4343 2093 4399 est;

2195 1873 2294 1942 τὴν
2317 1872 2494 1939 δεινὴν
2533 1871 2624 1923 καὶ
2650 1871 2928 1942 ὀλετήριον
2952 1872 3176 1942 πικρίαν
3203 1886 3214 1898 ·
3255 1869 3482 1940 ὕστερον
3515 1870 3572 1922 δὲ
3597 1872 3691 1938 ἀφ’
3717 1864 3793 1941 ἧς

2197 1962 2309 2034 εἶχε
2363 1963 2566 2032 λύσσης
2608 1965 2687 2026 είς
2741 1981 2896 2026 τινας
2930 1963 3121 2026 ἄλλους
3163 1961 3439 2033 ἐμϐαλὼν,
3478 1961 3551 2024 ώς
3584 1963 3785 2024 εἰπεῖν,

2198 2053 2292 2106 καὶ
2327 2054 2422 2105 σὺν
2476 2051 2624 2122 αὐτῷ
2681 2051 2868 2124 ὥσπερ
2913 2052 3045 2104 δέκα
3077 2052 3274 2124 ἄνδρας
3307 2052 3662 2120 ἐπαγόμενος,
3705 2053 3790 2113 εἰς

2197 2145 2362 2213 τύφον
2401 2145 2619 2215 μείζονα
2643 2145 2736 2197 καὶ
2767 2145 2966 2215 Θράσος
3015 2145 3294 2216 ἐπαρθεὶς,
3329 2143 3598 2214 τολμηρὸς
3631 2159 3788 2210 γεγοο

2198 2239 2322 2302 νὼς,
2348 2239 2633 2309 παρρησίᾳ
2652 2237 2838 2290 λοιπὸν
2882 2237 2978 2308 τὴν
3003 2238 3216 2308 αἵρεσιν
3239 2235 3576 2306 ἐδογμάτιζε.
3616 2235 3786 2288 Πάλιν

2195 2329 2240 2382 δ’
2275 2323 2343 2382 αὖ
2365 2331 2414 2382 ot
2466 2330 2621 2384 αὐτοὶ
2654 2328 3034 2401 πρεσϐύτεροι,
3076 2328 3577 2399 προσκαλεσάμενοι
3620 2325 3787 2378 αὐτόν

2195 2437 2254 2472 τε
2285 2421 2378 2472 καὶ
2417 2421 2542 2482 τοὺς
2585 2419 3034 2490 προσφθαρέντας
3071 2417 3220 2488 αὐτῷ
3271 2417 3610 2487 ἀνθρώπους,
3652 2418 3784 2487 περὶ

2196 2511 2305 2565 τῶν
2331 2511 2509 2565 αὐτῶν
2543 2512 2703 2564 πάλιν
2740 2510 2986 2582 ἠρώτων.
3033 2511 3090 2562 Ὁ
3125 2511 3182 2564 δὲ
3212 2511 3327 2581 ἅμα
3354 2513 3465 2572 τοῖς
3495 2510 3584 2562 ὑπ’
3615 2509 3782 2564 αὐτοῦ

2199 2605 2630 2676 πεπλανημένοις
2681 2604 2986 2674 ὑποτρίψας
3023 2603 3082 2656 τὸ
3117 2603 3386 2674 μέτωπον,
3433 2601 3617 2654 λοιπὸν
3642 2603 3787 2673 παῤ-

2199 2697 2365 2768 ρησίᾳ
2398 2697 2672 2764 ἀντέλεγε,
2726 2696 2985 2766 φάσκων’
3023 2695 3087 2748 Τί
3121 2694 3228 2766 γὰρ
3258 2695 3427 2748 κακὸν
3470 2694 3781 2764 πεποίηκας

2199 2789 2336 2840 Ἕνα
2396 2788 2527 2841 Θεὸν
2579 2787 2808 2853 δοξάζω,
2840 2787 2936 2841 ἕνα
2974 2786 3296 2857 ἐπίσταμαι,
3343 2787 3436 2839 καὶ
3478 2786 3579 2839 οὐκ
3622 2784 3784 2838 ἄλλον

2198 2880 2338 2950 πλὴν
2365 2879 2552 2945 αὑτοῦ,
2583 2879 2934 2949 γεννηθέντα,
2959 2878 3285 2941 πεπονθότα,
3318 2877 3670 2931 ἀποθανόντα.

2280 2973 2368 3036 Ὠς
2426 2968 2518 3025 οὖν
2578 2973 2636 3024 ἐν
2686 2973 2894 3034 τούτοις
2955 2970 3166 3040 ἔμενεν,
3213 2969 3448 3034 ἐξέωσαν
3483 2969 3643 3022 αὑτὸν
3681 2966 3786 3037 τῆς

2213 3061 2538 3134 Ἐκκλησίας
2572 3062 2689 3131 ἅμα
2739 3065 2852 3124 τοῖς
2903 3061 2992 3113 ὑπ’
3024 3060 3187 3114 αὐτοῦ
3220 3060 3392 3130 δόγμα
3441 3059 3788 3130 μεμαθητευ-

2204 3156 2402 3226 μένοις.
2444 3155 2681 3224 Τελευτᾷ
2743 3154 2799 3207 δέ
2844 3154 2872 3205 6
2914 3153 3073 3215 αὐτὸς
3124 3152 3348 3222 ἔναγχος
3393 3151 3508 3222 ἄμα
3551 3150 3628 3220 τῷ
3670 3150 3787 3221 ἰδίῳ

2199 3246 2432 3317 ἀδελφῷ,
2487 3247 2584 3316 ούχ
2629 3246 2704 3310 ὡς
2730 3248 2758 3299 ὁ
2807 3247 3066 3316 Μωύσῆς
3093 3247 3151 3297 ἐν
3194 3244 3342 3316 δόξῃ,
3379 3245 3498 3297 οὐδὲ
3543 3246 3572 3295 6
3619 3241 3786 3296 αὐτοῦ

2197 3340 2469 3409 ἀδελφὸςό
2511 3338 2718 3410 ’Λαρὼν
2748 3337 2921 3407 ἐτάφη
2952 3339 3008 3389 ἐν
3045 3341 3208 3408 τιμῇ·
3244 3338 3547 3407 ἐρρίφησαν
3576 3336 3684 3405 γὰρ
3707 3334 3788 3398 ὡς

2199 3431 2534 3502 παραϐάται,
2589 3430 2681 3482 καὶ
2713 3429 2886 3490 οὐδεὶς
2939 3428 3137 3489 αὐτοὺς
3169 3426 3276 3479 τών
3322 3425 3588 3478 θεοσεϐὦν
3631 3442 3788 3496 περι-

2197 3522 2424 3576 έστειλε.
2457 3521 2610 3575 Μετὰ
2633 3519 2790 3573 τοῦτο
2815 3521 2862 3571 οἱ
2899 3519 2991 3571 ὑπ’
3018 3519 3182 3572 αὐτοῦ
3210 3518 3298 3571 τὸν
3327 3518 3452 3570 νοῦν
3488 3516 3786 3588 φθαρέντες

2199 3614 2504 3684 ἐκράτυναν
2558 3612 2706 3664 τουτὶ
2748 3611 2808 3662 τὸ
2843 3611 3038 3681 δόγμα,
3075 3610 3284 3672 τούτοις
3315 3611 3426 3670 τοῖς
3463 3610 3646 3678 ῥητοῖς
3678 3609 3782 3660 ὐπ-

2197 3703 2473 3773 αχθέντες,
2507 3696 2588 3763 οἷς
2613 3702 2706 3754 καὶ
2736 3703 2763 3753 6
2783 3700 2958 3752 αὐτῶν
2987 3699 3300 3760 διδάσκαλος
3341 3698 3401 3761 ἐξ
3430 3697 3623 3768 ἀρχῆς.
3655 3696 3784 3748 Ὅτε

2198 3795 2304 3864 γὰρ
2328 3792 2680 3864 ἐρωτώμενος
2712 3793 2817 3846 ἀπὸ
2841 3792 2931 3845 τοῦ
2959 3791 3354 3862 πρεσϐυτερίου
3389 3789 3492 3860 ἔφη
3526 3789 3622 3842 ἕνα
3650 3788 3786 3840 Θεὸν

2197 3881 2458 3949 δοξάζειν,
2487 3883 2650 3953 ἤκουε
2680 3881 2810 3952 παρ’
2851 3880 3030 3934 αὐτῶν
3058 3879 3384 3949 φιλαλήθως,
3414 3879 3496 3930 ὅτι
3529 3878 3623 3930 ἕνα
3649 3876 3783 3930 Θεὸν

2197 3973 2492 4043 δοξάζομεν
2523 3974 2615 4026 καὶ
2657 3973 2832 4036 αὐτοὶ,
2883 3971 2994 4024 ἀλλ’
3025 3970 3101 4033 ὡς
3131 3970 3351 4039 οἴδαμεν
3376 3969 3598 4032 δικαίως
3624 3967 3782 4034 δοξά-

2200 4064 2333 4127 ζειν.
2375 4064 2487 4116 Καὶ
2516 4062 2613 4116 ἕνα
2647 4061 2880 4133 Χριστὸν
2930 4059 3147 4130 ἔχομεν,
3187 4059 3302 4112 ἀλλ’
3339 4058 3414 4121 ὡς
3442 4058 3662 4128 οἴδαμεν
3685 4056 3783 4109 ἕνα

2200 4155 2434 4225 Χριστὸν
2470 4153 2595 4207 Υίὸν
2623 4154 2778 4220 Θεοῦ,
2821 4152 3060 4207 παθόντα
3101 4151 3282 4215 καθὼς
3319 4150 3538 4215 ἔπαθεν,
3576 4147 3785 4203 ἀποθα-

2200 4247 2358 4300 νόντα
2385 4246 2565 4310 καθὼς
2597 4245 2888 4307 ἀπέθανεν,
2913 4244 3241 4310 ἀναστάντα,
3271 4241 3556 4296 ἀνελθόντα
3583 4243 3662 4303 είς
3688 4239 3783 4295 τὸν

2199 4339 2447 4410 οὐρανὸν,
2480 4339 2606 4392 ὄντα
2643 4340 2700 4392 ἔν
2720 4337 2868 4407 δεξιᾷ
2892 4336 2986 4388 τοῦ
3022 4336 3256 4406 Πατρὸς,
3289 4335 3577 4406 ἐρχόμενον
3600 4335 3783 4403 κρῖναι

521 4432 818 4480 mortuum.
847 4423 1126 4492 quomodo
1144 4430 1392 4476 mortuus
1422 4433 1537 4488 est;
1573 4423 1665 4492 qui
1695 4432 1748 4478 et
1769 4425 2088 4491 resurrexit,

2198 4427 2402 4492 ζῶντας
2455 4429 2547 4480 καὶ
2593 4426 2836 4498 νεκρούς.
2881 4425 3067 4478 Ταῦτα
3128 4425 3358 4495 λέγομεν
3407 4422 3781 4493 μεμαθηκότες

515 4523 573 4570 et
605 4515 656 4568 in
688 4513 888 4568 caelum
919 4513 1188 4578 ascendit,
1215 4522 1269 4566 et
1294 4513 1362 4567 ad
1382 4512 1560 4568 Patris
1583 4514 1862 4569 dexteram
1889 4526 2090 4582 manet,

2199 4519 2308 4570 ἀπὸ
2341 4519 2447 4571 τῶν
2475 4517 2634 4570 θείων
2669 4517 2921 4588 Γραφῶν,
2964 4517 3000 4570 ἃ.
3033 4517 3126 4569 καὶ
3151 4513 3511 4584 ἐπιστάμεθα.

517 4617 573 4662 et
600 4617 864 4664 venturus
896 4615 980 4663 est
1009 4606 1259 4677 judicare
1288 4607 1441 4660 vivos
1464 4613 1517 4660 et
1549 4615 1816 4663 mortuos.
1875 4607 1996 4664 Haec
2053 4627 2154 4667 nos
2194 4611 2262 4667 ab
2318 4613 2620 4682 Scripturis
2669 4614 2844 4666 sacris
2897 4618 3118 4679 accepta
3174 4608 3510 4679 proﬁtemur,
3556 4619 3678 4674 qua:
3726 4610 3783 4656 et

518 4716 789 4756 ηονιιιιυε.

595 4792 660 4846 ΙΙ.
695 4789 833 4845 Hinc
872 4787 1144 4850 Noetiani.
1175 4788 1322 4842 velut
1384 4788 1450 4842 ab
1495 4804 1558 4843 eo
1590 4791 1765 4845 avulsi
1801 4807 1864 4846 ac
1896 4809 2095 4864 prepa-

517 4886 652 4956 gati,
689 4893 851 4952 atque
881 4882 1123 4936 universi
1156 4881 1275 4949 ejus
1307 4880 1532 4933 asseclae
1571 4880 1709 4935 idem
1745 4882 1938 4953 dogma
1979 4901 2097 4953 pro-

519 4981 763 5038 titentur,
820 4990 882 5029 ac
927 4974 1220 5028 fanaticam
1278 4972 1424 5024 illam
1468 4971 1772 5026 doctrinam
1827 4975 2094 5044 ejusmodi

518 5071 702 5125 verbis
753 5067 1020 5123 aﬂirmare
1067 5072 1359 5128 conantur,
1423 5063 1622 5132 quibus
1681 5065 1917 5138 Moysem
1954 5068 2097 5124 Deus,

518 5163 717 5217 affatus
739 5168 822 5217 est
849 5176 862 5212 :
897 5157 1007 5228 Ego
1030 5173 1146 5210 sum
1186 5157 1324 5210 Deus
1349 5161 1561 5223 patrum
1590 5167 1898 5211 vestrorum.
1931 5157 2092 5230 481

598 5341 615 5371 ¹
647 5339 776 5396 Cor.
831 5343 1139 5413 ἐπάρμασι.

589 5498 703 5568 (96)
742 5495 856 5566 Τῆς
910 5497 1160 5566 Ἐφέσου
1205 5497 1456 5561 πόλεως.
1504 5491 1878 5548 Theodoretus
1911 5491 2090 5563 Smyr-

521 5584 747 5623 nensem
781 5569 928 5621 facit.

592 5637 705 5708 (07)
739 5639 842 5708 Διὰ
866 5638 930 5690 τὸ
957 5637 1187 5706 μηδένα
1217 5637 1328 5706 πρὸ
1352 5633 1696 5708 αᾼὺτοᾷεῄριο.
1735 5633 1844 5685 Imo
1877 5633 1963 5685 diu
1999 5648 2092 5684 an-

520 5705 739 5763 teanam
770 5705 974 5762 Noctus
1003 5705 1328 5775 emergeret,
1351 5706 1490 5759 idem
1525 5705 1614 5758 ille
1643 5720 1796 5759 error
1827 5713 2087 5772 patronos

1949 6362 2174 6369 .——-———~——-.
2203 6361 2448 6370 ...φφ-φ

2267 4793 2340 4846 B’.
2401 4792 2494 4844 Ἐκ
2546 4789 2734 4842 τούτου
2785 4791 2834 4841 oi
2879 4789 3204 4858 Νοητιανοὶ,
3255 4786 3599 4856 ἀπόσπασμα
3631 4787 3784 4852 ὄντες

2195 4883 2382 4945 αὐτοῦ,
2424 4885 2520 4936 καὶ
2551 4883 2599 4934 οί
2641 4882 2702 4945 ἐξ
2749 4879 2914 4934 αὑτοῦ
2947 4880 3095 4932 τουτὶ
3128 4878 3188 4930 τὸ
3228 4878 3402 4948 δόγμα
3446 4877 3780 4944 δοξάζουσιν,

2196 4977 2258 5027 ἐκ
2296 4974 2403 5026 τών
2436 4973 2618 5044 ῥητῶν
2643 4972 2848 5024 τούτων
2886 4969 3213 5042 πειρώμενοι
3246 4970 3500 5039 συνιστᾷν
3528 4970 3628 5039 τὴν
3662 4971 3780 5023 κατ’

2196 5065 2392 5126 αὐτοὺς
2448 5063 2664 5133 ἐμμανῆ
2719 5060 3084 5122 διδασκαλίαν,
3138 5059 3232 5128 ἀφ’
3289 5055 3356 5131 ἧς
3389 5056 3542 5112 εἶπεν
3581 5062 3610 5112 6
3648 5059 3781 5120 Θεὸς

2197 5158 2333 5226 πρὸς
2395 5155 2674 5224 Μωῦσῆν·
2719 5150 2868 5222 Ἐγώ
2917 5155 3034 5220 εἰμι
3071 5154 3103 5206 ὁ
3145 5151 3290 5215 Θεὸς
3335 5149 3455 5202 τῶν
3511 5147 3781 5216 πατέρων

2194 5490 2484 5550 habuerat,
2535 5499 2593 5542 ut
2641 5506 2706 5542 ex
2739 5487 2950 5544 Tertnl.
2991 5488 3270 5558 Cypriano
3303 5504 3391 5558 ep.
3438 5487 3525 5558 7'5.
3568 5487 3776 5556 lgnatio

2200 5559 2369 5626 lt‘pist.
2399 5562 2466 5610 ad
2502 5559 2728 5627 Philipp.
2774 5560 2981 5627 colligit
3011 5557 3359 5619 Pammelius,
3392 5567 3445 5612 et
3481 5557 3785 5612 Baronius.

2201 5630 2309 5684 hos
2342 5647 2468 5682 vero
2492 5629 2933 5698 Patripassianos
2955 5630 3193 5696 appellat
3220 5629 3557 5698 Cyprianus,
3587 5639 3641 5683 ct
3674 5627 3779 5680 Ma-

2200 5703 2315 5755 rius
2356 5699 2666 5755 Victorinus
2694 5702 2714 5753 l
2748 5711 2920 5752 contr.
2954 5700 3162 5752 Arium.
