4176 6386
367 399 471 458 997

1037 398 1407 460 ADVERSUS
1437 399 1788 456 {UERESES
1831 400 1959 456 LIB.
2004 400 2067 456 II.
2111 402 2276 460 TOM.
2319 388 2468 460 l.'—
2497 407 2770 463 HERES.
2811 410 2970 466 LVII.

3541 411 3643 472 998

366 517 551 587 ὑμῶν.
625 517 768 586 Ἐγὼ
825 516 1076 586 πρῶτος,
1118 519 1219 574 καὶ
1249 515 1364 586 ἐγὼ
1390 524 1539 588 μετὰ
1576 520 1763 575 ταῦτα
1787 539 1799 552 ο
1836 524 1948 575 οὐκ

2071 521 2167 592 Ego
2197 525 2400 593 primus
2457 535 2507 579 et
2558 543 2650 597 ego
2705 532 2983 598 posterior.
3039 529 3164 585 Non
3214 540 3368 586 erunt
3423 534 3519 587 tibi
3567 535 3644 590 dit

369 610 614 665 ἔσονταί
644 626 743 664 σοι
773 611 893 664 θεοὶ
923 611 1130 680 ἕτεροί,
1154 613 1247 666 καὶ
1274 618 1342 665 τὰ
1381 613 1530 682 ἑξῆς.
1565 614 1792 682 Ἔλεγον
1819 610 1913 667 οὖν
1935 630 1948 644 ·

379 704 568 775 Ἡμεῖς
601 705 778 758 τοίνυν
819 705 982 759 αὐτὸν
1017 705 1235 776 οἴδαμεν
1271 706 1449 776 μόνον.
1487 708 1548 759 Εἰ
1582 707 1762 762 τοίνυν
1785 706 1954 760 ὲλθὼν

371 793 602 864 Χριστὸς
660 794 946 864 ἐγεννήθη,
993 796 1156 858 αὑτός
1204 798 1318 848 ἐστι
1361 797 1570 868 Πατὴρ,
1607 798 1766 860 αὐτὸς
1804 798 1951 862 Υἱὸς,

365 884 472 956 ἄρα
499 885 662 948 αὐτός
697 887 814 938 ἐστι
841 886 974 950 Θεὸς
1005 889 1032 940 6
1069 889 1177 953 ἀεὶ,
1207 888 1302 940 καὶ
1325 886 1420 940 νῦν
1459 888 1650 955 ἐλθὼν,
1694 888 1770 951 ὡς
1808 888 1954 957 λέγει

366 976 656 1047 ὴΓραφή·
696 971 885 1042 Οὗτος
933 981 966 1031 ό
1009 979 1154 1043 Θεός
1209 995 1326 1032 σου
1353 996 1368 1010 ·
1403 981 1476 1032 οὐ
1524 978 1956 1048 λογισθήσεται

366 1067 568 1136 ἔτερος
595 1067 744 1136 πρὸς
775 1069 980 1123 αὐτόν.
1043 1069 1277 1138 Ἐξεῦρε
1301 1070 1509 1126 πᾶσαν
1539 1070 1685 1140 ὁδόν
1713 1069 1956 1139 ἐπιστή-

367 1176 506 1228 unc,
546 1161 644 1215 καὶ
680 1160 903 1214 ἔδωκεν
953 1160 1153 1229 αὐτὴν
1192 1162 1393 1216 Ἰακὼϐ
1417 1161 1496 1228 τῷ
1539 1162 1707 1216 παιδὶ
1741 1163 1954 1226 αὐτοῦ,

370 1259 471 1312 καὶ
515 1259 766 1326 Ἰσραὴλ
801 1259 882 1325 τῷ
929 1259 1297 1330 ἠγαπημένῳ
1335 1260 1543 1314 αὐτοῦ.
1583 1260 1746 1314 Μετὰ
1772 1261 1958 1314 ταῦτα

369 1350 469 1403 ἐπὶ
496 1349 605 1417 τῆς
639 1350 753 1421 γῆς
800 1351 986 1420 ὤφθη,
1026 1352 1124 1406 καὶ
1172 1354 1296 1418 τοῖς
1350 1352 1677 1420 ἀνθρώποις
1734 1369 1960 1407 συναν-

370 1443 659 1512 εστράφη.
735 1444 917 1514 Ὁρᾷς,
964 1446 1120 1514 φησὶ,
1175 1445 1335 1498 πάλιν
1370 1445 1552 1516 πῶςὴ
1594 1445 1713 1498 θεία
1766 1447 1958 1518 Γραφὴ

373 1536 519 1605 ἡμᾶς
547 1535 834 1600 συνεθίζει,
872 1536 967 1589 τοῦ
1005 1537 1078 1608 μὴ
1113 1537 1270 1592 ἄλλον
1299 1538 1394 1592 καὶ
1429 1539 1586 1592 ἄλλον
1633 1537 1766 1591 Θεὸν
1804 1541 1958 1609 ἡγεῖ-

375 1627 523 1692 σθαι,
593 1628 899 1696 φάσκουσα,
941 1629 1023 1682 ὅτι
1056 1629 1220 1693 αὐτὸς
1267 1629 1399 1692 Θεός
1430 1630 1546 1681 ἐστι
1579 1627 1737 1699 μόνος
1765 1628 1956 1692 ἐλθὼν,

373 1719 470 1772 καὶ
521 1719 681 1782 αὐτὸς
731 1719 891 1772 πάλιν
939 1719 1164 1791 ὕστερον
1213 1718 1437 1788 ὀφθείς;
1488 1719 1656 1772 Πάλιν
1720 1719 1776 1772 δὲ
1816 1719 1962 1789 ἄλλῳ

377 1810 524 1881 ῥητῷ
577 1810 873 1881 κέχρηνται
900 1811 1090 1878 τούτῳ,
1125 1811 1200 1874 ὡς
1226 1809 1374 1879 λέγει
1394 1827 1408 1841 ⁸
1461 1811 1818 1864 Ἐκοπίασεν
1845 1811 1951 1865 Αἵ-

2055 617 2232 677 alteri,
2277 624 2383 670 etc.
2415 617 2490 671 Ex
2532 621 2733 688 quibus
2786 624 2858 676 ita
2908 623 3235 693 colligebant
3263 622 3410 678 :Nos
3462 626 3641 696 ipsum

2056 710 2310 763 novimus
2363 711 2560 764 solum.
2617 711 2797 777 Quare
2834 715 2879 767 si
2920 715 3144 770 veniens
3189 716 3438 772 Christus
3485 727 3647 774 natus

2055 807 2159 860 est,
2219 800 2362 854 idem
2424 800 2538 870 ipse
2585 800 2748 856 Pater
2775 812 2879 868 est,
2916 813 2969 858 et
3017 804 3208 870 Filius,
3239 808 3380 862 idem
3413 810 3649 880 denique

2061 889 2204 945 Deus
2234 900 2340 953 est,
2370 894 2460 962 qui
2494 902 2547 948 et
2579 911 2794 966 semper
2833 897 2956 962 fuit,
2984 909 3036 952 et
3066 900 3120 952 in
3152 903 3443 969 praesentia
3478 907 3645 967 venit,

2059 989 2120 1034 ιιι
2149 981 2430 1052 Scriptura
2455 985 2701 1039 declarat
2735 1006 2748 1041 :
2781 987 2882 1042 Hic
2906 998 2982 1042 est
3011 989 3152 1043 Deus
3177 1001 3333 1056 tuus;
3362 1010 3463 1047 non
3496 1012 3648 1064 repu-

2061 1070 2258 1124 tabitur
2285 1073 2425 1125 alius
2449 1073 2517 1126 ad
2535 1075 2728 1143 ipsum.
2749 1074 2952 1131 invenit
2989 1095 3192 1133 onmem
3221 1083 3359 1135 riam
3390 1087 3646 1148 scientiae,

2057 1171 2106 1213 et
2124 1160 2266 1214 dedit
2296 1162 2447 1214 illam
2472 1161 2640 1216 Jacob
2666 1180 2829 1232 puero
2860 1183 2976 1232 suo,
3026 1180 3075 1222 et
3119 1167 3292 1225 Israel
3316 1173 3507 1228 dilecto
3528 1193 3644 1230 suo.

2071 1251 2200 1306 Post
2230 1253 2340 1306 Ita'c
2370 1255 2425 1307 in
2455 1263 2597 1308 terra
2620 1257 2760 1311 visus
2800 1269 2899 1318 est,
2945 1269 2996 1313 et
3024 1277 3141 1315 cum
3172 1265 3472 1320 hominibus
3520 1285 3647 1321 con-

2059 1355 2294 1398 versatus
2318 1355 2395 1399 est
2413 1349 2449 1399 ¹.
2470 1346 2548 1401 lix
2567 1348 2671 1414 his,
2705 1349 2974 1419 inquiunt,
2994 1354 3429 1412 animadvertere
3454 1367 3636 1426 potes,

2075 1440 2528 1507 quemadmodum
2571 1439 2856 1511 Scriptura
2896 1461 2996 1500 nos
3045 1448 3323 1516 sapienter
3368 1449 3644 1516 informet,

2074 1545 2142 1583 ne
2177 1531 2340 1584 alium
2369 1540 2532 1601 atque
2560 1533 2724 1587 alium
2759 1534 2924 1589 Deum
2959 1526 3304 1604 arbitremur,
3333 1557 3456 1596 cum
3491 1544 3645 1598 illum

2068 1621 2238 1677 Deum
2263 1639 2385 1679 esse
2410 1625 2585 1679 solum
2610 1617 2937 1697 asserit,qui
2969 1632 3196 1694 venerit,
3221 1633 3424 1702 quique
3455 1643 3648 1705 postea

2071 1715 2144 1768 sit
2175 1715 2349 1791 visus.
2382 1715 2502 1769 Alia
2539 1727 2796 1786 prmterea
2841 1736 2906 1774 ex
2953 1722 3126 1776 sacris
3159 1723 3379 1779 Litteris
3417 1727 3652 1780 auctori-

2073 1813 2182 1858 tate
2235 1807 2595 1862 coutendunt.
2644 1807 2952 1868 Laboravit.
3009 1812 3208 1882 inquit,
3261 1812 3547 1884 AEgypIus,
3599 1827 3650 1869 et

373 1875 620 1973 ίγοπτος,
648 1875 768 1957 ⁷καὶ
813 1875 1064 1973 ἐμπορία
1115 1875 1432 1969 Αἰθιόπων,
1466 1904 1563 1958 καὶ
1599 1908 1652 1958 ol
1697 1905 1957 1974 Σαϐαεὶμ

2071 1899 2344 1967 negotiatio
2382 1897 2697 1967 /Etliiopum
2724 1916 2741 1964 ;
2767 1912 2816 1955 et
2859 1902 3061 1957 Sabain
3085 1906 3181 1958 viri
3209 1907 3460 1961 sublimes
3499 1909 3568 1961 ad
3604 1921 3651 1964 te

374 1996 587 2064 ἄνδρες
614 1997 841 2064 ὑψηλοὶ
863 1997 959 2050 ἐπὶ
979 1997 1054 2050 σὲ
1068 1996 1482 2064 διαϐήσονται,
1509 1997 1606 2050 καὶ
1629 1997 1728 2050 σοὶ
1750 1992 1956 2050 δοῦλοι

375 2089 641 2142 ἔσονται.
681 2089 791 2143 Καὶ
845 2091 1244 2158 πορεύσονται
1275 2091 1469 2145 ὀπίσω
1503 2105 1621 2144 σου
1657 2089 1961 2158 δεδεμένοι

377 2181 772 2250 χειροπέδιιις,
814 2182 910 2236 καὶ
957 2184 1026 2236 ἐν
1059 2183 1158 2237 σοὶ
1193 2182 1722 2252 προσκυνήσουσι,
1760 2183 1856 2236 καὶ
1895 2183 1962 2234 ἐν

377 2273 475 2324 σοὶ
514 2273 986 2340 προσεύξονται·
1019 2274 1106 2326 ὅτι
1136 2276 1205 2328 ἐν
1241 2275 1338 2328 σοὶ
1366 2276 1511 2340 Θεός
1547 2276 1697 2338 ἐστι,
1731 2275 1827 2327 καὶ
1850 2277 1963 2327 οὐκ

376 2364 508 2417 ἐστι
572 2367 717 2430 Θεὸς
762 2365 929 2433 πλὴν
976 2366 1113 2420 σοῦ.
1144 2367 1228 2419 Σὺ
1263 2366 1373 2435 γὰρ
1412 2363 1470 2420 εἷ
1527 2366 1691 2433 Θεὸς,
1723 2367 1819 2419 καί
1853 2368 1964 2420 οὐκ

380 2457 644 2524 ᾔδειμεν,
676 2461 708 2510 ὁ
738 2457 882 2523 Θεὸς
907 2456 1013 2510 τοῦ
1049 2457 1292 2526 Ἰσραὴλ
1331 2459 1554 2526 Σωτήρ.
1593 2460 1783 2529 Ὁρᾷς,
1808 2460 1963 2530 φησὶ,

380 2547 498 2609 πῶς
551 2548 606 2598 αἱ
663 2546 801 2599 θεῖαι
865 2547 1077 2616 Γραφαὶ
1124 2549 1220 2599 ἕνα
1270 2547 1402 2600 Θεὸν
1453 2549 1822 2618 σημαίνουσι,
1873 2551 1968 2602 καὶ

381 2639 842 2706 καταγγέλλουσιν
893 2640 1054 2692 αὑτὸν
1094 2642 1347 2711 ὲμφανῆ;
1383 2641 1494 2694 Καὶ
1523 2641 1969 2712 ὁμολογουμένως

383 2725 464 2792 εἷς
508 2733 678 2793 ἐστιν,
707 2733 734 2783 6
761 2732 922 2793 αὐτὸς
955 2733 1042 2783 ἀεὶ
1082 2731 1177 2787 ῶν.
1213 2733 1320 2785 Καὶ
1353 2732 1539 2787 τούτου
1562 2733 1724 2785 ἕνεκα
1759 2734 1819 2786 οὐ
1844 2733 1971 2786 πολ-

383 2823 508 2884 λοὺς
540 2822 694 2885 θεοὺς
733 2823 983 2894 λέγομεν,
1007 2825 1123 2878 ἀλλ’
1158 2824 1254 2878 ἕνα
1287 2825 1418 2877 Θεὸν
1447 2825 1538 2878 τὸν
1567 2825 1728 2878 αὑτὸν
1761 2825 1968 2895 ἀπαθῆ,

384 2917 548 2970 αὑτὸν
573 2917 793 2988 Πατέρα
818 2917 911 2970 τοῦ
944 2916 1098 2978 Υἱοῦ,
1145 2917 1306 2970 αὑτὸν
1337 2916 1486 2979 Υἱὸν,
1518 2917 1612 2969 καὶ
1643 2917 1971 2982 πεπονθότα,

2063 1991 2385 2048 transibunt,
2423 2001 2470 2044 et
2499 1993 2634 2045 servi
2663 1994 2740 2046 tui
2770 2003 2942 2048 erunt.
2981 1995 3046 2048 Et
3073 1999 3418 2053 ambulabunt
3454 2012 3570 2068 post
3604 2013 3652 2057 ts

2062 2082 2221 2134 vincti
2243 2085 2489 2146 manicis,
2520 2093 2568 2138 et
2600 2087 2655 2138 in
2694 2097 2740 2140 te
2789 2087 3111 2152 adorabunt,
3149 2100 3197 2143 et
3237 2092 3290 2143 in
3323 2107 3369 2145 te
3400 2093 3651 2163 depreca-

2065 2173 2278 2228 buntur.
2329 2174 2594 2240 Quoniam
2636 2179 2691 2230 in
2749 2187 2796 2231 te
2836 2177 2975 2233 Deus
3004 2190 3103 2245 est,
3156 2191 3205 2234 et
3239 2199 3343 2237 non
3394 2195 3471 2238 est
3515 2186 3650 2241 Deus

2063 2276 2256 2333 pra’ter
2296 2276 2365 2320 te.
2411 2267 2489 2320 Tu
2527 2270 2663 2321 enim
2722 2287 2776 2324 es
2824 2270 2989 2336 Deus,
3025 2283 3074 2326 et
3104 2275 3480 2340 nesciebamus,
3509 2277 3647 2332 Deus

2065 2353 2241 2408 Israel
2311 2355 2569 2412 Salvator
2619 2361 2658 2412 ².
2695 2358 2882 2425 Vides,
2953 2366 3169 2432 opinor,
3241 2366 3516 2436 inquiunt,
3595 2370 3651 2423 in

2069 2447 2368 2517 Scripturis
2399 2467 2566 2504 unum
2603 2451 2832 2506 indicari
2870 2453 3037 2509 Deum
3063 2473 3126 2511 ac
3149 2459 3432 2514 manifeste
3454 2461 3650 2530 praedi-

2067 2543 2201 2594 cari.
2233 2541 2492 2612 Adeoque
2519 2545 2570 2596 in
2599 2545 2856 2601 confesso
2901 2561 2979 2602 est
3024 2565 3192 2602 unum
3222 2552 3374 2604 illum
3411 2568 3553 2618 esse,
3585 2570 3650 2606 ac

2070 2647 2283 2700 semper
2313 2635 2600 2689 exsistere.
2635 2635 2714 2689 Ob
2747 2636 2911 2707 idque
2968 2655 3076 2692 non
3128 2642 3312 2710 plures
3354 2643 3486 2697 deos
3518 2643 3654 2696 aflir-

2071 2741 2306 2788 manuus,
2357 2728 2450 2781 sed
2506 2745 2675 2784 unum
2735 2731 3002 2786 duntaxat
3054 2733 3247 2800 Deum,
3306 2738 3489 2804 quiet
3543 2740 3654 2808 pati

2071 2817 2207 2871 nihil
2241 2821 2436 2888 possit,
2467 2831 2513 2875 el
2567 2821 2707 2877 idem
2742 2822 2864 2878 Filii
2915 2823 3074 2879 Pater
3117 2828 3185 2881 sit
3234 2844 3296 2882 ac
3329 2827 3530 2896 Filius;
3559 2833 3654 2901 qui

2075 2909 2198 2966 ideo
2231 2927 2428 2981 passus
2453 2915 2546 2976 sit,
2563 2922 2624 2967 ut
2651 2931 2750 2969 nos
2773 2931 2868 2970 sua
2893 2919 3244 2987 perpessioue
3269 2930 3530 2983 servaret,
3553 2941 3654 2978 nec

388 3007 479 3061 ἵνα
508 3007 658 3081 σώσῃ
685 3010 834 3079 ἡμᾶς
870 3009 928 3060 ὲν
961 3007 1039 3078 τῷ
1076 3007 1190 3078 ίδίῳ
1241 3007 1424 3071 πάθει,
1460 3008 1553 3061 καὶ
1597 3009 1658 3060 οὐ
1699 3007 1966 3078 δυνάμεθα

2076 3002 2242 3056 alium
2288 3004 2358 3058 ab
2399 3019 2464 3058 eo
2492 3007 2852 3074 pronuntiare
2885 3023 3201 3079 possumus.
3234 3011 3404 3078 Quam
3436 3015 3653 3084 quidem

389 3099 546 3154 ἄλλον
573 3099 782 3168 λέγειν·
808 3099 968 3170 δῆθεν
1003 3100 1110 3153 άπὸ
1144 3098 1238 3152 τοῦ
1269 3099 1559 3153 ἐπιστάτου
1589 3099 1770 3154 αὐτῶν
1802 3117 1966 3172 μεμα-

2077 3093 2203 3149 ﬁdei
2235 3095 2660 3165 professionem,
2711 3116 2774 3154 ac
2814 3101 3160 3171 depravatam
3204 3105 3541 3173 opinionem,
3572 3108 3655 3162 vel

391 3189 622 3260 θηκότες
646 3189 850 3261 ταύτην
874 3189 973 3260 τὴν
994 3189 1304 3259 ὁμολογίαν,
1335 3190 1427 3241 καὶ
1447 3188 1545 3259 τὴν
1577 3188 1824 3259 πονηρὰν
1845 3188 1966 3243 ταύ-

2078 3187 2392 3258 pestiferam
2426 3192 2609 3260 potius
2639 3193 2909 3247 insaniam
2950 3210 2979 3247 a
3010 3196 3271 3265 magistro
3319 3198 3653 3256 didicerunt.

392 3298 490 3352 την
518 3281 792 3348 ὑπόνοιαν,
820 3281 914 3336 καὶ
934 3281 1270 3352 λυμαντικὴν
1298 3281 1514 3351 μανίαν.

463 3369 599 3427 Εἶτα
626 3373 759 3426 ἄλλα
804 3373 943 3444 ῥητά
993 3363 1155 3442 φασιν
1187 3374 1266 3435 εἰς
1296 3371 1552 3425 σύστασιν
1585 3372 1812 3435 ἑαυτῶν,
1845 3373 1920 3436 ὼς
1949 3376 1977 3427 ὁ

394 3463 570 3516 αὐτῶν
593 3462 909 3526 διδάσκαλος
937 3462 1143 3531 ἔλεγεν,
1177 3463 1258 3514 ὃτι
1309 3463 1405 3516 καὶ
1440 3463 1468 3514 6
1509 3462 1830 3526 Ἀπόστολος
1855 3462 1977 3516 τού-

394 3567 506 3613 τοις
538 3553 804 3622 μαρτυρεί
819 3553 929 3614 τοῖς
953 3551 1134 3620 λόγοις
1156 3567 1168 3580 ·
1197 3546 1307 3603 Ὧν
1334 3555 1388 3604 οἱ
1418 3551 1690 3619 πατέρες,
1730 3552 1799 3616 ἐξ
1826 3547 1915 3606 ὧν
1943 3557 1976 3607 ὁ

396 3641 648 3708 Χριστὸς
694 3642 758 3696 τὸ
793 3641 944 3695 κατὰ
985 3643 1205 3710 σάρκα,
1238 3645 1270 3695 ὀ
1297 3641 1381 3694 ὢν
1418 3643 1517 3696 ἐπὶ
1555 3643 1798 3696 πάντων
1833 3643 1977 3710 Θεὸς

395 3735 722 3803 εὐλογητὸς
759 3737 846 3800 είς
886 3736 1026 3802 τοὺς
1071 3736 1310 3802 αἰῶνας.
1352 3734 1559 3805 Ἀμήν.
1607 3737 1892 3791 Βούλονται
1920 3738 1978 3792 δὲ

395 3824 696 3894 διηγεῖσθαι
728 3826 1046 3896 μονοκώλως
1073 3827 1260 3880 τοῦτον
1307 3827 1400 3881 τὸν
1427 3829 1646 3898 τρόπον,
1682 3829 1756 3892 ὡς
1794 3829 1979 3882 Θεόδο-

395 3932 485 3977 τος
509 3930 521 3942 ·
586 3917 790 3979 ἐκεῖνος
823 3917 919 3987 μὲν
945 3917 1104 3986 φύσει
1157 3920 1472 3990 άκροτάτως
1519 3920 1804 3990 ἄνθρωπον
1824 3921 1977 3990 ψιλὸν

392 4007 790 4076 διηγησάμενος
816 4023 827 4035 ·
858 4003 1012 4070 οὗτος
1037 4009 1093 4062 δὲ
1126 4011 1286 4062 πάλιν
1314 4010 1478 4078 ἄλλην
1510 4011 1790 4080 ἀκρότητα
1820 4030 1976 4082 μονο-

392 4097 576 4162 τύπως
600 4098 690 4150 τὸν
711 4099 871 4151 αὑτὸν
895 4101 1113 4171 Πατέρα
1139 4102 1232 4155 καὶ
1263 4103 1389 4153 Υίὸν
1424 4103 1516 4154 καὶ
1551 4102 1702 4170 ἆγιον
1731 4103 1975 4175 Πνεῦμα,

392 4192 452 4242 ὲν
495 4191 661 4258 σαρκὶ
717 4193 1023 4246 πεπονθότα
1084 4193 1178 4246 καὶ
1237 4191 1564 4262 γεννηθέντα
1609 4195 1974 4265 ἡγησάμενος.

391 4281 528 4335 Οὔτε
567 4279 662 4337 οὖν
683 4286 881 4338 ἐκεῖνοι
913 4287 962 4338 οἱ
997 4285 1104 4338 ἀπὸ
1137 4284 1392 4338 Θεοδότου
1417 4302 1470 4336 τι
1510 4285 1568 4336 ἐν
1594 4285 1822 4358 ἀληθείᾳ
1847 4286 1978 4355 ἔφα-

395 4391 516 4438 σαν,
544 4374 670 4429 οὔτε
713 4370 868 4440 οὗτος
911 4379 939 4430 6
965 4376 1171 4447 Νοητὸς
1201 4377 1295 4429 καὶ
1317 4377 1366 4428 οἱ
1397 4375 1492 4428 ἀπ’
1525 4376 1711 4441 αὐτοῦ,
1731 4377 1977 4448 Ἀνόητος

387 4464 448 4518 δὲ
509 4465 712 4535 μᾶλλον
770 4469 837 4538 τῇ
882 4467 1130 4538 δυνάμει,
1177 4467 1429 4538 καθάπερ
1474 4469 1529 4518 αἱ
1569 4466 1710 4522 θεῖαι
1763 4469 1977 4540 Γραφαὶ

2150 3363 2292 3430 Quin
2317 3366 2480 3419 etiam
2513 3368 2615 3420 alia
2650 3366 2950 3437 Scripturae
2979 3371 3140 3425 verba
3175 3372 3240 3426 ad
3268 3388 3508 3428 errorem
3541 3384 3656 3430 sta-

2078 3457 2377 3512 biliendum
2411 3459 2669 3522 afferunt,
2703 3461 2904 3530 quibus
2935 3471 2989 3516 et
3011 3464 3326 3518 earumdem
3357 3478 3657 3538 praeceptor

2071 3549 2343 3620 utebatur
2373 3567 2385 3604 τ
2415 3549 2676 3603 nimirum
2709 3550 2795 3603 his
2823 3551 3006 3607 verbis
3036 3551 3356 3624 Apostolum
3395 3572 3508 3611 sua:
3543 3559 3655 3627 opi—

2078 3642 2229 3696 nioni
2273 3641 2562 3712 suffragari
2596 3661 2608 3695 :
2645 3640 2883 3706 Quorum
2935 3653 3058 3696 sunt
3105 3654 3322 3713 patres;
3361 3661 3425 3700 ea:
3472 3649 3658 3717 quibus

2082 3734 2325 3789 Christus
2377 3734 2666 3788 secundum
2723 3751 2975 3798 carnem;
3014 3737 3103 3806 qui
3153 3747 3230 3790 est
3279 3755 3435 3807 super
3483 3742 3658 3794 onmia

2079 3825 2220 3879 Deus
2245 3824 2544 3879 benedictus
2569 3827 2623 3879 in
2649 3827 2870 3881 sazcula.
2906 3828 3072 3882 Amen
3095 3828 3135 3883 ³.
3175 3827 3263 3882 Sic
3317 3831 3482 3901 igitur
3535 3833 3665 3887 sim:-

2080 3916 2200 3983 plex
2234 3917 2495 3984 quiddam
2539 3915 2674 3979 Deo,
2712 3918 2986 3987 uniusque
3032 3917 3220 3974 forma:
3269 3922 3541 3986 tribuunt,
3596 3937 3659 3978 ac

2079 4005 2424 4061 Theodotum
2459 4007 2774 4074 imitantur;
2805 4024 2928 4062 nam
2963 4018 3022 4062 ut
3054 4010 3157 4064 iste
3185 4011 3252 4064 ad
3284 4027 3452 4064 unum
3482 4021 3658 4067 extre-

2078 4115 2226 4153 mum
2259 4099 2559 4165 declinans,
2611 4101 2818 4154 nudum
2871 4101 3148 4156 hominem
3200 4104 3482 4159 Christum
3537 4121 3659 4161 esse

2077 4192 2371 4256 disseruit;
2407 4192 2488 4246 sic
2537 4191 2629 4246 ille
2668 4193 2814 4246 aliud
2861 4193 2928 4246 ad
2979 4200 3282 4249 extremum
3321 4195 3658 4262 deseiscens,

2077 4283 2330 4336 eumdem
2357 4297 2480 4337 esse
2507 4280 2961 4348 Patrem,Filium
3003 4291 3057 4338 et
3085 4286 3352 4354 Spiritum
3382 4296 3658 4351 sanctum,

2079 4372 2355 4442 uniusque
2381 4388 2630 4442 personat
2668 4373 2900 4438 statuit;
2939 4375 3168 4430 ethunc
3214 4375 3390 4444 ipsum
3434 4393 3657 4447 passum

2079 4481 2143 4520 ac
2175 4475 2364 4520 natum
2397 4465 2749 4520 existimavit.
2800 4465 2905 4520 Sed
2959 4481 3136 4537 neque
3183 4465 3448 4524 Theodoti
3481 4478 3660 4524 secta-

388 4554 732 4626 ἀμφοτέρους
793 4557 887 4610 καὶ
950 4559 1159 4621 πάντας
1223 4559 1350 4620 τοὺς
1397 4555 1846 4630 πεπλανημένους
1893 4559 1966 4612 δι-

2079 4564 2227 4612 tores
2261 4560 2371 4612 veri
2408 4557 2611 4628 aliquid
2641 4559 2843 4614 elocuti
2872 4570 3024 4624 sunt,
3077 4577 3256 4631 neque
3307 4559 3533 4627 Nactus,
3565 4572 3659 4615 aut

392 4647 616 4718 ελέγχου
625 4665 694 4702 σι.

2085 4649 2240 4705 Nocti
2261 4651 2536 4720 discipuli.
2560 4651 2653 4722 qui
2677 4653 2939 4717 Anoetus,
2963 4653 3064 4708 hoc
3093 4664 3176 4710 est
3207 4655 3482 4722 insipiens,
3511 4657 3658 4724 quod

389 4738 458 4792 ad
488 4740 594 4793 vim
623 4740 825 4810 ingenii
875 4755 940 4795 ac
987 4739 1296 4795 facultatem
1333 4741 1631 4810 pertinent,
1669 4741 1850 4810 potius
1883 4749 1967 4796 est
2005 4740 2309 4809 dicendus;
2364 4741 2527 4813 482
2583 4758 2708 4796 cum
2754 4752 3015 4813 utrosque
3055 4758 3120 4798 ac
3171 4753 3397 4800 caeteros
3454 4760 3647 4799 omnes

391 4847 422 4884 a
449 4833 674 4888 veritate
703 4835 1025 4889 aberrantes
1052 4851 1224 4890 sacrae
1253 4833 1474 4890 Litterae
1501 4837 1850 4906 redarguam.

460 4925 532 4976 l".
569 4925 750 4997 Πάντη
781 4927 837 4979 δὲ
863 4926 940 4999 τῷ
968 4928 1058 4980 τὸν
1093 4927 1218 4980 νοίν
1253 4931 1331 4992 εἰς
1357 4929 1487 4982 Θεὸν
1512 4931 1855 5000 κεκτημένῳ,
1879 4929 1971 4982 καὶ

386 5019 441 5067 ἰν
480 5015 602 5086 θείᾳ
653 5017 838 5088 Γραφῇ
869 5020 960 5071 καὶ
981 5021 1038 5071 ἐν
1066 5017 1343 5088 Πνεύματι
1374 5020 1513 5090 ἁγίῳ
1533 5019 1972 5090 κατηυγασμένῳ

385 5106 776 5175 εὐθυέλεγκτος
807 5112 834 5161 6
881 5110 1062 5164 αὐτῶν
1092 5111 1270 5180 λόγος,
1313 5114 1407 5164 καὶ
1439 5113 1620 5181 πάσης
1648 5111 1837 5173 ἀνοίας
1871 5111 1970 5180 ἒμ-

393 5198 569 5260 πλεως
621 5197 891 5265 φαίνεται.
925 5200 1142 5271 Τόλμης
1175 5201 1283 5272 γὰρ
1305 5202 1365 5254 τὸ
1410 5201 1591 5272 ἔργον,
1625 5203 1719 5255 καὶ
1746 5200 1975 5268 τυφλώ-

390 5307 528 5354 σεως
557 5292 590 5362 ἡ
624 5292 852 5358 διάνοια,
893 5293 1176 5361 φάσκουσα
1203 5295 1294 5347 τὸν
1338 5295 1502 5348 αὐτὸν
1560 5295 1781 5365 Πατέρα
1821 5294 1971 5358 ὄντα,

391 5385 484 5438 καὶ
515 5384 603 5437 τὸν
663 5385 825 5438 αὐτὸν
870 5386 1019 5451 Υίὸν,
1055 5387 1146 5439 καὶ
1170 5386 1260 5439 τὸν
1294 5387 1454 5440 αὐτὸν
1493 5387 1800 5440 πεπονθότα
1822 5405 1835 5417 ·
1894 5387 1970 5450 ὼς

391 5477 485 5528 καὶ
514 5477 622 5528 ἀπὸ
658 5475 821 5548 ὀρθοῦ
869 5477 1132 5548 λογισμοῦ
1175 5476 1524 5547 κριθήσονται
1566 5481 1614 5531 οἱ
1659 5479 1972 5532 τὰτοιαῦτα

393 5567 711 5635 φάσκοντες.
769 5567 895 5631 Πῶς
927 5568 1034 5638 γὰρ
1063 5567 1147 5638 είη
1191 5569 1381 5639 Πατὴρ
1413 5571 1441 5621 6
1493 5568 1657 5632 αὐτὸς
1708 5570 1800 5622 καὶ
1842 5570 1972 5635 Υἱὸς

391 5659 685 5730 ὑπάρχων;
715 5661 772 5714 Εἰ
803 5660 911 5731 γὰρ
963 5661 1090 5724 Υἱὸς
1135 5661 1391 5731 ὑπάρχει,
1434 5660 1653 5724 πάντως
1683 5661 1777 5714 τοῦ
1825 5679 1973 5725 τινος

469 5820 483 5848 ¹
514 5817 726 5874 Baruch
758 5835 843 5883 tu,
875 5818 1067 5875 56-38.
1167 5823 1186 5853 ³
1213 5817 1318 5875 lsa.
1350 5835 1472 5874 XLV.
1508 5819 1596 5889 Μ,
1629 5819 1715 5874 15.

2147 4926 2234 4981 Ill.
2279 4923 2548 4991 Quocirca
2573 4925 2666 4995 qui
2691 4934 2927 4981 mentem
2959 4926 3014 4981 in
3046 4926 3154 4984 Deo
3179 4928 3408 4983 defixam
3437 4931 3657 4997 habeat,

2078 5021 2283 5090 quique
2341 5033 2624 5073 sacrarum
2660 5017 3014 5081 Litterarum,
3069 5036 3132 5074 ac
3174 5021 3418 5091 Spiritus
3482 5027 3658 5078 sancti

2079 5113 2368 5182 splendore
2391 5111 2732 5166 illuminatus
2755 5110 2938 5176 fuerit,
2957 5113 3004 5166 ei
3032 5120 3143 5166 tota
3173 5114 3388 5168 illorum
3414 5115 3660 5172 doctrina

2078 5219 2202 5258 cum
2262 5203 2440 5258 facilis
2486 5203 2550 5257 ad
2606 5203 2988 5269 refellendum,
3049 5213 3162 5258 tum
3221 5207 3460 5260 amentia
3510 5212 3660 5264 omini

2081 5294 2240 5363 plena
2280 5292 2550 5349 videatur.
2591 5292 2684 5348 Est
2737 5295 2880 5348 enim
2936 5293 3170 5364 insignis
3225 5296 3512 5364 cujusdam
3561 5300 3663 5353 hoc

2081 5382 2327 5437 audacia:
2359 5383 2592 5446 facinus,
2637 5399 2702 5438 ac
2761 5398 3090 5454 magnopere
3149 5394 3479 5440 excmcatam
3509 5404 3662 5442 meu—

2081 5487 2186 5531 tem
2229 5477 2376 5530 illam
2440 5485 2654 5546 oportet
2719 5493 2842 5533 esse
2877 5518 2892 5542 ,
2957 5486 3010 5534 et
3066 5495 3189 5548 qute
3241 5481 3492 5534 eumdem
3559 5479 3663 5535 Pa-

2081 5577 2215 5619 trem
2291 5581 2412 5620 esse
2466 5567 2610 5621 dicat
2679 5567 2931 5623 eumdem
3012 5567 3210 5622 Filium
3279 5577 3443 5638 atque
3509 5585 3665 5624 eum-

2079 5659 2203 5712 dem
2239 5659 2477 5730 denique
2523 5675 2647 5717 esse
2713 5676 2960 5732 passum.
3020 5659 3152 5727 Quae
3208 5660 3304 5731 qui
3375 5661 3662 5732 garriunt,

1823 5820 1842 5851 ³
1864 5818 2023 5875 Rom.
2058 5835 2133 5886 ιχ,
2153 5820 2216 5891 ,5.
