4176 6386
384 385 511 441 1301

1047 358 1412 449 Ᾰῡνειιευε
1450 393 1792 450 ιωιιιςεεε
1828 393 1956 450 ue.

2056 441 2059 451 .
2096 396 2260 454 ΤΟΜ.
2283 397 2346 477 ο1.
2371 429 2442 439 --
2480 395 2755 452 ΠλιΕῘὶΕΞ.
2797 392 2951 447 LVII.

3487 389 3626 447 1032

382 513 500 580 φαὶ,
528 512 581 563 αἱ
605 510 818 581 Γραφαὶ
842 514 897 566 αἱ
921 512 1097 584 πάντη
1132 516 1229 586 μὲν
1278 517 1495 588 Πατέρα
1532 516 1752 587 Πατέρα
1788 518 1952 586 γινώ-

2056 523 2129 583 vi,
2165 538 2339 592 neque
2369 521 2622 592 prudenti
2668 522 3112 583 ratiocinatione.
3159 536 3222 574 ac
3281 516 3348 574 ne
3401 509 3625 575 minima

383 620 628 667 σκουσαι,
681 605 773 658 καὶ
821 606 949 659 Υίὸν
999 607 1143 671 Υἰδν,
1195 610 1285 664 καὶ
1330 610 1482 677 ἅγιον
1530 610 1757 680 Πνεῦμα
1800 611 1954 678 άγιον

383 696 525 749 Πνεῦ
533 714 626 768 μα.

468 968 629 1022 ’Λλλά
668 968 721 1021 τί
772 969 1025 1037 φάσκεις,
1059 962 1106 1022 ῶ
1132 964 1325 1034 οῦτοςς
1361 970 1451 1039 Μὴ
1492 968 1779 1022 πολυθεῖαν
1815 968 1955 1039 ἡγή-

385 1078 565 1114 σοιντο
608 1061 658 1113 οί
687 1058 749 1113 τὸ
791 1059 955 1124 σέϐας
997 1060 1264 1130 ἀληθινῶς
1300 1064 1365 1132 τῇ
1406 1061 1594 1132 Τριάδι
1624 1060 1956 1133 προσφέρον-

384 1170 505 1215 τες,
540 1151 733 1214 οἵτινές
770 1153 907 1204 είσιν
945 1152 1052 1204 υἱοὶ
1080 1152 1179 1222 τῆς
1210 1152 1495 1221 ἀληθείας,
1535 1152 1752 1222 καὶτῆς
1790 1152 1957 1221 μόνης

387 1243 678 1313 καθολικῆς
722 1242 1084 1312 Ἐκκλησίας;
1109 1244 1217 1296 Καὶ
1241 1245 1337 1314 οὐχ
1374 1243 1565 1306 οὕτως.
1610 1243 1704 1307 Τίς
1743 1245 1851 1316 γὰρ
1893 1245 1955 1297 οὐ

381 1336 565 1406 χαίρει
596 1336 611 1366 ¹
642 1336 736 1388 ἕνα
767 1335 899 1388 Θεὸν
936 1331 1073 1389 εἶναι
1100 1334 1200 1405 τῆς
1228 1334 1481 1406 ἀληθείας
1511 1336 1726 1405 Πατέρα
1766 1352 1959 1389 παντο-

384 1428 669 1499 κράτορα,
728 1426 787 1492 ἐξ
838 1421 1007 1497 οὗπερ
1052 1429 1082 1481 ό
1131 1428 1422 1497 μονογενὴς
1466 1427 1593 1490 Υίὸς
1640 1430 1699 1479 ὲν
1732 1426 1958 1498 ἀληθείᾳ

383 1520 516 1583 Θεὸς
542 1520 712 1587 Λόγος
733 1558 748 1581 ,
799 1518 1159 1581 ὲνυπόστατος
1198 1517 1369 1585 Λόγος
1397 1518 1790 1588 γεγεννημένος
1820 1518 1956 1588 ἀλη-

381 1613 527 1675 θινὸς
562 1612 620 1676 ἐξ
653 1611 817 1665 αὑτοῦ
847 1612 1097 1681 ἀνάρχως
1130 1612 1224 1664 καὶ
1264 1610 1545 1681 ἀχρόνως;
1578 1609 1669 1663 Διὸ
1702 1610 1798 1663 ἕνα
1826 1610 1959 1663 Θεὸν

382 1705 640 1773 ἀσφαλῶς
669 1703 927 1775 κηρύττει
960 1704 994 1773 ἡ
1038 1702 1367 1771 Ἐκκλησία,
1421 1701 1641 1771 Πατέρα
1672 1703 1765 1754 καὶ
1806 1702 1953 1755 Υἱόν.

381 1799 535 1851 Διότι
564 1796 677 1865 ἐγὼ
706 1797 776 1849 ὲν
803 1787 1109 1861 τῷ’Πατρὶ,
1152 1793 1248 1846 καὶ
1282 1796 1315 1847 ὀ
1334 1792 1535 1862 Πατὴρ
1561 1793 1631 1846 ὲν
1665 1792 1817 1862 ἐμοί,
1844 1794 1961 1847 καί’

2054 611 2275 681 quidem
2316 612 2488 679 «hujus
2530 611 2928 679 signiﬁcatione
2977 611 3231 681 praedita;
3284 624 3628 679 consequens

2054 709 2217 757 estut
2240 716 2431 756 omnes
2459 700 2760 771 Scripturae
2780 701 3157 771 repudientur,
3184 715 3305 770 quae
3338 701 3542 769 ubique
3570 710 3626 756 et

2055 790 2272 845 Patrem
2302 806 2425 846 esse
2447 790 2686 856 Patrem,
2722 799 2775 845 et
2810 790 3004 844 Filium
3039 790 3257 853 Filium,
3284 800 3339 844 et-
3364 791 3626 861 Spiritum

2057 889 2307 937 sanctum
2342 880 2605 950 Spiritum
2636 889 2885 935 sanctum
2920 889 3243 949 agnoscunt.

2128 971 2208 1026 Tu
2232 988 2383 1037 vero,
2418 973 2487 1025 mi
2519 972 2701 1037 homo,
2736 972 2864 1041 quid
2896 975 3113 1027 tandem
3147 971 3349 1025 affers?
3381 972 3460 1025 An
3496 972 3627 1025 illud

2058 1065 2286 1127 vereris,
2312 1080 2381 1118 ne
2413 1065 2636 1117 deorum
2675 1064 2750 1117 illi
2781 1064 3181 1118 multitudinem
3216 1065 3497 1121 invi-haut,
3534 1065 3625 1135 qui

2058 1166 2424 1212 sacrosanctae
2484 1155 2670 1210 Triadi
2732 1172 2919 1211 verum
2980 1157 3363 1226 sincerumque
3420 1158 3625 1211 cultum

2059 1248 2352 1309 adhibent,
2415 1248 2619 1318 quique
2695 1248 2941 1302 veritatis
3008 1256 3062 1302 et
3130 1248 3291 1302 unius
3346 1249 3629 1303 catholicae

2058 1340 2317 1395 Ecclesiae
2358 1350 2486 1395 sunt
2522 1340 2659 1394 lilii?
2712 1338 3071 1395 Vehementer
3099 1356 3273 1396 erras.
3320 1340 3454 1407 Quis
3483 1342 3627 1396 enim

2058 1450 2167 1487 non
2217 1442 2429 1488 asserat
2488 1448 2655 1486 unum
2713 1432 2879 1486 Deum
2935 1448 3057 1487 csse
3112 1435 3355 1488 veritatis
3411 1432 3626 1487 Patrem

2058 1527 2513 1594 omnipotentem,
2556 1540 2584 1575 ιι
2620 1538 2729 1593 quo
2776 1525 3085 1592 uuigenitus
3132 1522 3300 1579 Filius
3344 1540 3469 1579 vere
3502 1541 3629 1593 pro-

2059 1631 2281 1686 gressus
2330 1622 2447 1677 est,
2505 1612 2647 1668 Deus
2680 1612 2945 1676 Verbum,
2988 1613 3218 1668 Verbum
3243 1654 3258 1677 ,
3291 1614 3511 1685 inquam
3533 1652 3547 1672 ,
3572 1615 3627 1667 in

2058 1706 2279 1778 propria
2336 1720 2571 1775 persona
2630 1705 2977 1769 consistens,
3041 1711 3097 1758 et
3145 1717 3176 1757 a
3226 1700 3388 1757 Patre
3440 1717 3628 1757 revera

2058 1799 2178 1853 sine
2212 1798 2324 1852 ullo
2360 1796 2519 1850 initio
2553 1810 2617 1849 ac
2650 1806 2893 1864 tempore
2925 1795 3198 1864 genitum?
3235 1793 3411 1848 Unum
3444 1794 3629 1864 itaque

379 1887 573 1942 Οίδύο
717 1886 936 1957 ἐσμεν-ο
976 1860 1219 1940 τουτέστι
1255 1885 1353 1955 μία
1388 1860 1609 1955 θεότης,
1650 1860 1742 1939 καὶ
1778 1885 1835 1939 ἓν
1867 1886 1956 1938 θέ-

2061 1888 2228 1944 Deum
2256 1896 2414 1942 caute
2437 1902 2501 1941 ac
2531 1860 2824 1957 prudenter
2844 1860 3085 1942 Ecclesia
3108 1887 3387 1956 praedicat,
3412 1860 3626 1939 Patrem

378 1979 532 2051 λημα
555 2024 569 2045 ,
600 1980 696 2034 καὶ
738 1980 836 2050 μία
866 1979 1144 2049 κυριότης.
1194 1976 1284 2041 Ἐξ
1324 1976 1489 2029 αὑτοῦ
1528 1977 1585 2030 δὲ
1621 1976 1712 2030 τοῦ
1746 1979 1956 2049 Πατρός

380 2075 475 2128 καὶ
526 2073 587 2127 τὸ
634 2072 856 2142 Πνεῦμα
888 2070 1244 2141 ἐκπορεύεται
1267 2112 1281 2132 ,
1316 2069 1677 2123 ὲνυπόστατον
1713 2070 1772 2123 ὃν
1799 2109 1813 2132 ,
1861 2069 1956 2122 καὶ

382 2168 442 2219 ὲν
480 2166 705 2237 ἀληθείᾳ
734 2166 932 2218 τέλειον
965 2163 1188 2233 Πνεῦμα
1214 2162 1275 2215 τὸ
1299 2164 1397 2231 τῆς
1425 2160 1679 2232 ἀληθείας
1703 2200 1717 2223 ,
1749 2161 1809 2214 τὸ
1840 2180 1953 2230 φω-

382 2256 528 2321 τίζον
559 2256 625 2309 τὰ
657 2256 831 2309 πάντα
850 2297 863 2316 ,
892 2253 952 2306 τὸ
975 2255 1038 2305 ὲκ
1069 2251 1162 2305 τοῦ
1190 2250 1321 2303 Υἱοῦ
1350 2249 1624 2320 λαμϐάνον
1651 2289 1666 2314 ,
1691 2248 1750 2301 τὸ
1784 2247 1955 2301 Πνεῦ-

380 2365 461 2419 μα
492 2348 590 2417 τῆς
624 2346 877 2416 ἀληθείας
900 2386 914 2408 ,
944 2345 1005 2398 τὸ
1035 2344 1261 2413 Πνεῦμα
1292 2341 1385 2395 τοῦ
1420 2340 1633 2411 Πατρός
1652 2381 1668 2405 ,
1703 2340 1762 2392 τὸ
1786 2340 1955 2392 Πνεῦ-

386 2456 463 2511 μα
512 2438 604 2492 τοῦ
642 2437 897 2510 Χριστοῦ.
926 2435 1016 2489 Διὸ
1061 2436 1187 2505 μίαν
1225 2434 1451 2503 θεότητα
1483 2429 1621 2485 οἶδεν
1651 2433 1685 2502 ἡ
1727 2431 1955 2500 Ἐκκλη-

384 2530 474 2582 σία
497 2546 510 2559 ·
554 2524 633 2591 εἷς
654 2526 783 2590 Θεὸς
805 2528 834 2579 ὀ
863 2527 961 2595 τῆς
992 2524 1246 2596 ἀληθείας
1280 2524 1465 2595 Πατὴρ
1484 2563 1498 2587 ,
1533 2522 1722 2593 Πατὴρ
1749 2522 1955 2584 τέλειος

378 2623 743 2683 ὲνυπόστατος
764 2660 779 2683 ,
828 2619 953 2681 Υἱὸς
990 2618 1194 2679 τέλειος
1236 2615 1597 2677 ὲνυπὸστατος
1618 2654 1632 2678 ,
1668 2614 1765 2668 καὶ
1802 2613 1954 2682 άγιον

381 2715 609 2784 Πνεῦμα
650 2712 851 2765 τέλειον
900 2709 1291 2773 ὲνυπόστατον,
1334 2708 1431 2779 μία
1473 2706 1693 2777 θεότης,
1729 2706 1827 2776 μία
1870 2705 1957 2758 δεο

386 2805 639 2868 σποτεία,
675 2803 773 2873 μία
820 2801 1096 2874 κυριότης.
1136 2799 1225 2852 Διὸ
1263 2799 1437 2870 πάντη
1480 2797 1667 2867 σαφῶς
1715 2796 1957 2868 κεκηρῦ-

384 2914 543 2968 χασιν
576 2898 632 2949 αί
688 2894 829 2948 θεῖαι
869 2894 1083 2963 Γραφαὶ
1131 2892 1227 2944 ἕνα
1276 2891 1438 2955 Θεὸν,
1473 2889 1718 2943 τουτέστι
1750 2888 1957 2960 Τριάδα

378 2988 664 3060 ὁμοούσιον
690 3028 704 3050 ,
753 2987 845 3040 ἀεὶ
893 2980 1059 3038 οὖσαν
1106 2983 1204 3053 τῆς
1249 2982 1419 3052 αὐτῆς
1455 2981 1780 3050 ταυτότητος
1804 3019 1819 3044 ,
1859 2980 1957 3048 τῆς

379 3083 553 3153 αὐτῆς
575 3080 914 3151 κυριότητος.
938 3077 1049 3131 Καὶ
1074 3076 1317 3129 διέπεσεν
1343 3076 1407 3127 ὲκ
1435 3072 1773 3144 πανταχόθεν
1803 3074 1832 3125 ὁ
1856 3073 1955 3142 τῆς

381 3174 637 3245 ἀνοησίας
666 3189 757 3225 σου
787 3170 944 3239 λόγος
963 3210 978 3229 ,
1012 3163 1057 3222 ὧ
1102 3169 1317 3239 ἀνόητε.
1357 3167 1549 3220 Τοίνυν
1569 3164 1774 3219 τούτων
1807 3168 1957 3236 είρη-

2058 1979 2311 2033 videlicet
2344 1987 2397 2033 et
2421 1978 2640 2032 Filium.
2674 1977 2939 2044 Quoniam
2965 2019 2979 2043 ,
3012 1978 3209 2049 inquit,
3236 1994 3329 2047 ego
3362 1978 3417 2031 in
3443 1975 3631 2041 Patre,

2056 2081 2103 2125 et
2136 2071 2298 2126 Pater
2335 2072 2388 2125 in
2418 2088 2497 2125 me
2526 2081 2604 2125 est
2637 2074 2680 2125 ⁸.
2722 2070 2784 2124 Et
2812 2091 2825 2125 :
2852 2070 3019 2124 Ambo
3040 2087 3202 2125 unum
3239 2086 3420 2125 sumus
3453 2070 3496 2135 ³,
3529 2069 3630 2123 hoc

2055 2173 2173 2227 est,
2208 2178 2311 2217 uua
2346 2163 2643 2226 divinitas,
2678 2172 2731 2216 et
2762 2163 3015 2216 voluntas
3058 2178 3187 2226 una,
3229 2170 3282 2216 et
3316 2176 3421 2214 una
3451 2160 3629 2215 domi-

2056 2257 2227 2309 natio.
2258 2256 2527 2310 Caaterum
2556 2270 2619 2309 es
2649 2252 2811 2308 Patre
2838 2254 3075 2323 Spiritus
3096 2270 3314 2324 quoque
3346 2254 3626 2324 procedit,

2056 2357 2248 2416 suapte
2296 2356 2562 2402 constans
2622 2347 2937 2417 hypostasi,
2994 2361 3058 2399 ac
3114 2347 3294 2416 reipsa
3355 2344 3628 2414 perfectus

2054 2440 2301 2496 veritatis
2336 2438 2598 2509 Spiritus,
2622 2440 2714 2510 qui
2747 2439 3017 2493 illuminat
3058 2440 3275 2504 omnia;
3303 2438 3397 2508 qui
3430 2454 3459 2491 a
3491 2436 3629 2492 Filio

2055 2532 2289 2601 accipit;
2325 2532 2602 2597 veritatis,
2652 2532 2873 2602 inquam
2897 2572 2910 2591 ,
2949 2532 3223 2601 Spiritus,
3268 2531 3505 2601 Spiritus
3533 2528 3630 2585 Pa-

2054 2619 2191 2684 tris,
2238 2619 2475 2689 Spiritus
2512 2621 2738 2674 Christi.
2781 2619 2965 2691 Itaque
3004 2638 3168 2675 unam
3218 2620 3458 2675 Ecclesia
3489 2621 3628 2675 divi-

2054 2707 2280 2761 nitatem
2306 2709 2585 2776 agnoscit;
2612 2722 2807 2778 estque
2834 2709 2977 2765 Deus
3000 2726 3140 2766 unus
3169 2714 3415 2769 veritatis
3447 2710 3626 2779 Pater,

2053 2798 2329 2867 perfectus
2358 2799 2537 2864 Pater,
2576 2800 2856 2871 liypostasi
2890 2817 2990 2856 sua
3021 2804 3317 2872 praeditus;
3351 2804 3629 2875 perfectus

2054 2886 2263 2954 Filius,
2300 2905 2455 2945 suam
2491 2907 2743 2962 peraeque
2780 2893 2989 2949 habens
3025 2895 3404 2966 hypostasim;
3456 2898 3630 2968 perfe-

2054 2992 2176 3038 i-tus
2207 2983 2443 3053 denique
2480 2986 2719 3054 Spiritus
2744 2994 3000 3051 sanctus,
3033 2996 3088 3043 et
3132 3004 3286 3044 suam
3319 2991 3423 3045 sibi
3458 2991 3630 3064 hypo-

2056 3074 2245 3129 stasim
2294 3075 2580 3132 vindicans
2612 3094 2628 3129 :
2659 3093 2764 3130 una
2803 3078 3091 3143 divinitas,
3129 3095 3348 3150 unaque
3381 3080 3630 3136 domina-

2055 3164 2154 3218 tio.
2197 3163 2407 3230 Quibus
2454 3166 2522 3221 de
2567 3169 2753 3225 causis
2805 3168 2971 3223 Deum
3006 3186 3172 3225 unum
3215 3187 3383 3227 sacra;
3428 3174 3630 3244 ubique

382 3226 591 3337 μένῶν,
617 3226 723 3317 ’καὶ
769 3226 1061 3323 ἀντιθέτως
1114 3226 1249 3331 πρὸς
1277 3259 1375 3323 τὰς
1417 3257 1513 3311 τοῦ
1554 3226 1952 3329 προειρημένού

2059 3258 2278 3314 Littera:
2339 3262 2723 3330 pronuntiant,
2783 3264 3041 3317 nimirum
3100 3226 3625 3322 consubstantialem

382 3345 592 3426 Νοητοῦ
634 3356 817 3425 φωνὰς
868 3357 1089 3408 σκοπεῖν
1127 3353 1186 3419 ἐξ
1220 3351 1473 3424 ὑπαρχῆς
1494 3390 1509 3414 ,
1538 3351 1634 3404 καὶ
1670 3349 1842 3413 οὕτως
1886 3349 1953 3402 τὰ

2059 3349 2312 3407 Triadem
2334 3393 2349 3415 ,
2380 3369 2444 3407 ac
2481 3370 2698 3425 semper
2720 3357 3105 3421 exsistentem,
3140 3359 3225 3411 cui
3262 3360 3449 3414 eadem
3486 3359 3631 3415 iden-

379 3450 521 3504 αὐτά
549 3447 819 3518 κεφάλαια
848 3444 1195 3518 ἀνατρέπειν.

2057 3445 2214 3508 titas,
2238 3445 2488 3515 idemque
2512 3445 2824 3503 dominatus
2852 3448 3189 3502 attribuitur.
3225 3449 3390 3522 m
3418 3449 3494 3503 Ex
3520 3466 3630 3520 quo
3670 3496 3679 3504 .

380 3550 476 3595 tua
513 3541 627 3606 illa,
662 3537 1019 3595 stolidissime
1052 3536 1395 3599 mortalium,
1439 3535 1621 3603 inepta
1660 3533 1802 3588 ratio
1855 3535 2115 3591 concidit.
2150 3535 2248 3591 His
2280 3537 2711 3601 animadversis,
2749 3540 3012 3596 adversus
3078 3542 3198 3598 illas
3257 3543 3407 3599 Nocti
3469 3559 3630 3597 voces

379 3636 765 3705 opponendum
816 3634 982 3689 modo
1030 3631 1268 3703 aliquid,
1322 3638 1378 3685 et
1423 3631 1493 3683 ab
1529 3632 1648 3699 ipso
1677 3628 1946 3701 principio
1974 3633 2324 3702 repetendum
2358 3643 2477 3699 est,
2510 3644 2674 3705 atque
2707 3651 2772 3691 eo
2838 3638 2999 3691 modo
3060 3638 3270 3709 singula
3306 3641 3483 3709 capita
3540 3655 3631 3693 re-

382 3727 637 3783 fellenda.
3288 3742 3291 3746 .

455 3819 531 3872 E'.
563 3816 784 3887 Πρῶτον
832 3814 932 3885 μὲν
977 3807 1073 3866 οῦν
1106 3812 1292 3882 ἐπειδὴ
1341 3811 1631 3880 παρήγαγε
1683 3810 1745 3864 τὺ
1788 3811 1956 3880 κεφά-

2128 3808 2193 3863 ν.
2244 3810 2398 3876 Quod
2435 3811 2601 3881 igitur
2628 3812 2679 3865 in
2714 3812 2905 3882 primis
2936 3814 3066 3868 illud
3102 3816 3291 3884 objicit
3323 3836 3335 3871 :
3377 3816 3521 3871 Unus
3552 3830 3631 3873 est

380 3907 561 3973 λαιον,
604 3910 686 3961 ὅτι
719 3904 823 3972 Εἷς
849 3906 1025 3971 Θεὸς,
1064 3905 1133 3969 ἐξ
1168 3900 1240 3959 οὗ
1279 3905 1352 3957 τὰ
1392 3902 1620 3965 πάντα,
1652 3903 1751 3956 καί
1785 3902 1956 3971 ἡμεῖς

2058 3901 2197 3956 Deus
2225 3917 2290 3955 ex
2312 3918 2413 3969 quo
2453 3903 2663 3962 omnia,
2693 3914 2742 3956 et
2787 3921 2882 3959 nos
2922 3907 2975 3958 in
3020 3907 3190 3973 ipsum
3224 3926 3241 3960 :
3272 3918 3320 3962 et
3355 3925 3489 3963 unus
3523 3909 3631 3963 Do—

380 4004 470 4068 είς
511 4002 729 4064 αὑτὸν,
761 3999 858 4052 καὶ
891 3994 979 4065 sic
1022 4001 1232 4065 Κύριος
1272 3997 1511 4064 Ἰησοῦς
1546 3998 1826 4063 Χριστὸς,
1858 3994 1956 4047 καὶ

2060 3993 2232 4045 minus
2280 3990 2435 4046 Jesus
2499 3993 2774 4058 Christus,
2824 4006 2873 4048 et
2902 4014 2995 4049 nos
3032 4013 3123 4063 per
3170 3999 3339 4066 ipsum
3366 4040 3382 4064 ,
3424 4013 3632 4070 propter

384 4094 554 4164 ἡμεῖς
588 4093 662 4146 δι’
693 4092 878 4145 αὐτοῦ
903 4131 917 4155 ,
950 4090 1026 4144 δι’
1056 4091 1128 4143 ὃν
1159 4090 1231 4143 τὰ
1262 4088 1458 4141 πάντα
1476 4128 1490 4149 ,
1531 4088 1629 4140 καὶ
1676 4086 1848 4156 ἡμεῖς
1883 4085 1956 4139 δι’

2056 4098 2207 4150 quem
2230 4083 2429 4144 omnia,
2459 4092 2507 4136 et
2536 4100 2628 4137 nos
2653 4098 2744 4151 per
2770 4086 2981 4152 ipsum‘
3008 4104 3020 4150 ;
3050 4102 3230 4142 nonne
3262 4089 3331 4144 iis
3355 4089 3490 4159 ipsis
3510 4106 3631 4143 ver-

383 4185 599 4239 ιιὺτοῦο
643 4184 740 4253 οὐχ
771 4184 934 4254 ὁρᾷς,
973 4184 1054 4236 ὃτι
1094 4176 1181 4246 εἷς
1218 4180 1364 4245 Θεὸς
1387 4220 1402 4245 ,
1440 4179 1508 4244 ἐξ
1542 4174 1613 4234 οὗ
1641 4180 1714 4232 τὰ
1739 4177 1955 4241 πάντα,

2056 4172 2141 4227 his
2180 4177 2338 4240 (unus
2364 4172 2501 4227 Deus
2549 4191 2614 4228 ea:
2664 4191 2765 4243 quo
2810 4178 3019 4238 omnia,
3076 4187 3127 4230 et
3180 4195 3274 4232 nos
3334 4180 3389 4232 in
3435 4180 3629 4247 ipsum)

384 4276 484 4332 καὶ
521 4274 691 4345 ἡμεῖς
732 4277 819 4340 εις
862 4273 1082 4336 αὑτὸν,
1119 4272 1234 4335 πῶς
1270 4271 1368 4337 τὴν
1394 4270 1523 4342 μίαν
1551 4270 1726 4342 ἀρχὴν
1758 4270 1956 4340 σημαί-

2056 4280 2225 4318 unmn
2281 4265 2578 4334 signiﬁcari
2629 4268 2957 4337 principium
3012 4269 3211 4325 vides?
3255 4269 3333 4326 Ne
3386 4272 3629 4326 animum

384 4386 505 4434 νεις
537 4369 623 4421 ἶνα
659 4368 732 4438 μὴ
769 4369 849 4430 είς
896 4366 1094 4429 πολλὰς
1125 4364 1299 4436 ἀρχὰς
1340 4364 1516 4437 τρέψῃ
1552 4363 1651 4434 τὴν
1698 4364 1954 4424 διάνοιαν,

2056 4363 2304 4409 nostrum
2338 4358 2405 4410 ad
2444 4359 2597 4425 plura
2639 4359 2927 4425 cogitanda
2963 4360 3228 4430 principia
3263 4369 3628 4425 converteret,

386 4464 481 4517 καὶ
508 4460 903 4523 είςκπολυθεῒαν
928 4459 1111 4532 ἀγάγῃ
1152 4458 1314 4510 πάλιν
1345 4457 1444 4511 τὸν
1470 4455 1809 4528 πλανηθέντα
1834 4454 1956 4507 νοῦν

2056 4463 2117 4500 ac
2143 4449 2453 4501 mortalium
2479 4450 2693 4518 ingenia
2724 4451 3021 4505 vanissima
3063 4452 3153 4505 illa
3192 4452 3421 4507 deorum
3452 4454 3628 4506 multi-

383 4553 492 4605 τῶν
545 4551 846 4624 ἀνθρώπων
888 4551 981 4603 ἐπὶ
1024 4529 1093 4620 τῇ.
1141 4548 1445 4619 κενοφωνίᾳ
1495 4548 1594 4619 τῆς
1643 4546 1949 4609 πολυθεΐας.

2058 4539 2246 4592 tudine
2288 4540 2549 4610 decepta,
2607 4556 2800 4596 rursus
2849 4541 2916 4594 ad
2973 4541 3218 4597 eamdem
3277 4545 3629 4599 asserendam

398 4642 561 4713 Ὁρᾷς
592 4641 700 4713 γάρ
734 4641 849 4703 πῶς
884 4641 966 4692 ἑνὶ
1001 4640 1221 4710 ὀνόματι
1263 4639 1555 4710 κέχρηται,
1583 4640 1675 4691 καὶ
1708 4640 1809 4709 μιᾷ
1840 4640 1953 4691 ὀνο⁶

389 4734 560 4805 μασίᾳ
583 4773 597 4797 ,
632 4733 733 4786 οὐκ
758 4731 1090 4803 ἀρνούμενος
1117 4732 1208 4785 τὸν
1239 4732 1498 4802 μονογενῆ
1524 4732 1674 4785 Θεόν.
1703 4727 1825 4785 Οἵδε
1850 4731 1966 4805 γὰρ

386 4826 549 4880 αὐτὸν
589 4825 790 4895 Κύριον
811 4865 826 4888 ,
873 4825 967 4878 καὶ
994 4820 1133 4878 οἶδεν
1161 4824 1323 4877 αὑτὸν
1365 4823 1515 4877 Θεόν.
1553 4823 1642 4876 Διὸ
1671 4822 1960 4891 ἀσφαλιζό-

389 4933 548 4988 μενος
576 4915 723 4982 λέγει
750 4932 767 4946 '
801 4918 909 4970 Kal
940 4912 1026 4980 εἷς
1060 4915 1276 4982 Κύριος
1308 4914 1536 4980 Ἰησοῦς
1566 4912 1850 4981 Χριστὸς,
1887 4911 1959 4965 δι’

384 5003 457 5063 οὗ
497 5005 569 5059 τὰ
604 5006 818 5060 πάντα.
844 5008 977 5061 οΚαὶ
1028 5007 1121 5058 ἐπὶ
1162 5005 1258 5073 μὲν
1303 5002 1396 5055 τοῦ
1423 5005 1639 5070 Κύριος
1669 5002 1827 5056 τοῦτο
1872 5002 1962 5054 λέ-

382 5117 496 5166 γων
530 5098 589 5150 οὐ
634 5098 725 5149 τὸν
774 5098 936 5150 αὐτὸν
969 5097 1207 5165 ὲσήμανε
1241 5094 1460 5164 Πατέρα
1507 5091 1646 5147 εἷναι
1671 5137 1685 5161 ,
1738 5096 1832 5147 καὶ
1868 5094 1958 5146 τὸν

384 5190 547 5242 αὐτὸν
588 5189 714 5240 Υἱόν
742 5205 755 5217 ’
810 5187 947 5240 ἀλλά
984 5186 1149 5252 ἔδειξε
1209 5188 1301 5240 τὸν
1354 5187 1451 5257 μὲν
1480 5185 1698 5257 Πατέρα
1736 5188 1958 5257 Πατέρα

384 5278 513 5330 ὄντα
533 5317 548 5339 ,
580 5276 670 5331 τὸν
702 5275 759 5328 δὲ
792 5276 921 5329 Υίὸν
972 5277 1101 5329 Υἱὸν
1134 5275 1365 5346 ἀληθῶς.
1412 5273 1627 5346 Ἐπειδὴ
1658 5274 1718 5327 τὸ
1762 5278 1955 5339 εἰπεῖν,

386 5363 468 5430 εἷς
512 5368 643 5431 Θεὸς
673 5369 766 5421 ἐπὶ
801 5366 880 5436 τῷ
910 5368 1119 5437 Πατρὶ,
1149 5368 1248 5436 οὐχ
1283 5366 1357 5428 ὼς
1387 5366 1715 5435 ἀρνούμενος
1754 5367 1845 5419 ὲπὶ
1880 5366 1960 5436 τῷ

387 5456 504 5527 Υίῷ
541 5458 600 5511 τὸ
631 5454 769 5511 εἶναι
820 5457 968 5519 Θεός.
1005 5458 1067 5509 El
1099 5455 1208 5526 γὰρ
1244 5456 1317 5524 μὴ
1359 5454 1518 5518 Θεὸς,
1550 5454 1672 5506 οὔτε
1717 5454 1915 5525 Κύριος
1942 5472 1955 5484 ·

388 5550 575 5621 ἐπειδῆ
618 5550 673 5602 δὲ
706 5548 908 5620 Κύριος
933 5591 948 5614 ,
978 5547 1070 5600 καὶ
1096 5546 1247 5609 Θεός.
1290 5543 1425 5597 Ἀλλ’
1475 5546 1554 5607 είς
1586 5544 1715 5614 μίαν
1760 5545 1957 5614 ὀνομα-

390 5641 512 5696 σίαν
539 5642 759 5711 ἀνάγειν
785 5639 1220 5709 ἀναγκαζόμενος
1258 5636 1361 5690 ὑπὸ
1390 5635 1483 5690 τοῦ
1516 5637 1672 5705 ἁγίου
1703 5639 1956 5709 Πνεῦμα-

464 5801 485 5834 ⁸
512 5799 639 5856 Cor.
669 5800 770 5855 οὐκ
800 5800 933 5870 ἐρεῖ.
1009 5802 1031 5830 ¹
1052 5796 1211 5852 Joan.
1241 5816 1352 5865 ιιν,
1386 5801 1473 5857 10.
1552 5800 1572 5831 ⁸
1603 5797 1757 5853 Joan.
1798 5814 1852 5862 ι,
1884 5797 1971 5854 50.

711 5894 978 5956 ΡΑτιιοι.
1012 5893 1129 5956 Gtt.
1162 5891 1321 5955 XLI.

2061 4631 2276 4701 c0piam
2305 4631 2619 4687 adduceret.
2637 4631 2803 4687 Vides
2829 4634 2973 4687 enim
3009 4635 3466 4704 quemadmodum
3520 4652 3628 4689 uno

2056 4723 2278 4777 nomine
2311 4723 2381 4777 sit
2412 4732 2642 4785 usus.et
2675 4724 3035 4793 appellatione
3072 4741 3201 4791 una,
3222 4742 3329 4779 non
3367 4733 3425 4778 ut
3450 4727 3613 4795 unige

2058 4814 2232 4867 nitum
2295 4813 2461 4869 Deum
2513 4815 2827 4886 abnegaret.
2894 4816 3182 4872 Dominum
3241 4820 3443 4889 quippe
3507 4834 3628 4873 esse

2059 4905 2212 4961 illum
2256 4907 2923 4980 intelligit,eumdemque
2976 4910 3166 4965 Deum.
3211 4911 3335 4966 Ideo
3364 4912 3626 4980 singulari

2059 4999 2291 5067 quadam
2341 5002 2593 5055 cautione
2642 5002 2774 5057 illud
2827 5000 3151 5071 adjecit,Et
3192 5020 3327 5058 unus
3370 5003 3627 5059 Dominus

2059 5088 2218 5143 Iesus
2252 5088 2494 5144 Christus
2543 5108 2632 5160 per
2680 5109 2830 5162 quem
2881 5094 3080 5146 omnia.
3130 5092 3284 5158 Quod
3335 5108 3458 5148 cum
3507 5094 3627 5146 voci

2062 5184 2176 5246 illi,
2242 5183 2531 5249 Dominus,
2592 5180 3147 5254 praecipueaﬂinxit;
3210 5200 3318 5237 non
3376 5183 3625 5239 eumdem

2062 5278 2322 5331 indicavit
2368 5293 2491 5333 esse
2536 5277 2786 5345 Patrem},
2844 5279 3203 5348 eumdcmque
3241 5278 3475 5342 Filium;
3532 5276 3625 5331 sed

2059 5383 2184 5423 eum
2215 5369 2306 5438 qui
2341 5367 2505 5424 Pater
2542 5377 2646 5430 est,
2683 5386 2802 5424 esse
2834 5368 3050 5424 Patrem
3082 5408 3097 5434 ,
3138 5372 3231 5439 qui
3261 5370 3465 5427 Filius,
3501 5383 3624 5422 vere

2063 5460 2257 5513 Filium
2306 5475 2429 5516 esse
2479 5459 2796 5514 declaravit.
2830 5460 2963 5513 Nam
3002 5469 3209 5515 etcum
3240 5461 3308 5515 de
3352 5459 3512 5511 Patre
3545 5461 3622 5512 lo-

2066 5565 2241 5618 quens
2309 5566 2477 5604 unum
2530 5550 2697 5605 Deum
2741 5567 2864 5605 esse
2902 5552 3071 5616 dixit,
3118 5565 3453 5620 nequaquam
3493 5546 3631 5601 Filio

2064 5641 2404 5695 divinitatem
2438 5642 2691 5697 detraxit.
2725 5640 2859 5697 Nam
2898 5644 2943 5698 si
2981 5642 3123 5698 Deus
3155 5657 3260 5697 non
3297 5650 3412 5703 est,
3455 5654 3631 5710 neque

2049 5795 2110 5849 ³1
2143 5796 2271 5854 Cor.
2308 5814 2428 5866 vtu,
2453 5798 2505 5853 6.

3281 5892 3359 5950 3‘3
