4176 6386
485 350 623 408 1005

1871 357 1934 413 s.
1976 336 2314 417 mrum:

3610 367 3765 422 suos

484 467 745 523 Dominus
802 472 905 523 est.
964 465 1101 521 Cum
1162 472 1343 522 autem
1403 463 1671 524 Dominus
1733 470 1856 532 sit.
1914 470 2055 530 Deus

2159 492 2251 539 τος
2296 477 2326 528 ό
2376 476 2530 545 ἆγιος
2572 478 2923 543 Ἀπόστολος,
2950 480 3188 553 ἔφραζεν
3234 482 3369 553 ἡμῖν
3402 476 3503 548 τὴν
3540 497 3755 541 πιστιν,

484 574 699 629 quoque
731 559 805 613 sit
831 566 1067 628 oportet.
1099 557 1301 613 Verum
1336 561 1630 631 Apostolus
1650 602 1665 626 ,
1696 573 1754 617 ut
1784 563 1852 618 ad
1888 581 2051 621 unam

2163 570 2410 640 ἐναργῶς
2441 569 2536 624 ἕνα
2564 571 2768 643 Κύριον
2801 574 3081 644 σημαίνων
3104 615 3118 638 ,
3152 576 3263 646 ἄρα
3284 592 3347 643 γε
3384 578 3478 628 καὶ
3522 574 3674 626 Θεον.

461 650 898 722 appellationem
948 651 1262 716 reduceret,
1321 668 1352 706 a
1402 654 1608 725 Spiritu
1663 665 1857 713 sancto
1903 660 2220 730 compulsus
2272 665 2349 720 ita
2400 663 2524 721 ﬁdei
2570 666 2889 737 mysterium
2945 667 3104 723 nobis
3153 669 3409 738 aperuit,
3459 673 3521 719 ut
3577 680 3755 719 llan

486 746 779 802 Dominum
797 788 812 811 ,
843 746 1181 819 proindeqne
1209 756 1263 803 et
1285 748 1458 804 Deum
1486 759 1674 821 aperte
1695 762 2057 810 monstraret.

550 842 661 899 Nec
698 850 785 900 est
829 851 1014 899 tamen
1036 886 1051 911 ,
1083 844 1231 915 quod
1269 847 1561 917 quisquam
1607 850 1926 917 existimet,
1958 865 2059 921 pro

482 953 547 991 eo
592 937 738 1007 quod
782 952 988 1003 unum,
1039 948 1204 1009 atque
1237 956 1404 993 unum
1442 941 1788 997 solummodo
1829 944 2058 1010 dixerit,

481 1026 687 1098 aliquid
719 1026 791 1084 de
832 1025 1055 1083 Triadis
1096 1043 1326 1082 numero
1371 1045 1495 1085 esse
1526 1030 1869 1099 detractum;
1902 1036 2058 1101 quasi

481 1118 723 1191 Spiritus
762 1119 938 1175 sancti
983 1121 1318 1175 mentionem
1359 1122 1562 1176 nullam
1600 1122 1810 1178 fecerit.
1844 1123 2058 1180 Etenim

481 1226 605 1265 rum
633 1209 873 1277 Patrem,
901 1218 956 1266 et
989 1208 1186 1265 Filium
1220 1210 1387 1265 Deum
1418 1213 1741 1279 nominavit,
1779 1230 1844 1270 ac
1878 1214 2062 1270 Domi-

481 1318 651 1369 num,
698 1304 753 1358 in
784 1304 991 1375 Spiritu
1045 1312 1240 1359 sancto
1294 1304 1485 1374 utique
1542 1308 1868 1361 nominavit.
1919 1307 2056 1362 Nam

480 1410 656 1465 neque
684 1409 809 1449 cum
842 1395 909 1450 de
933 1393 1094 1450 Patre
1123 1409 1321 1465 agens,
1349 1411 1486 1449 unus
1524 1396 1665 1452 Deus
1691 1437 1708 1462 ,
1740 1398 1918 1468 inquit
1943 1438 1957 1463 ,
1993 1415 2059 1454 ex

478 1505 579 1559 quo
630 1491 837 1553 omnia;
885 1502 1009 1544 esse
1067 1488 1219 1543 illum
1270 1488 1561 1544 Dominum
1602 1491 1848 1561 negavit,
1884 1507 2061 1563 neque

477 1586 667 1634 contra
700 1580 1022 1649 subiiciens,
1056 1590 1105 1635 et
1136 1596 1275 1635 unus
1305 1580 1563 1636 Dominus
1593 1581 1751 1636 Iesus
1782 1580 2058 1648 Christus,

478 1672 625 1724 hunc
642 1684 767 1726 esse
787 1668 955 1725 Deum
987 1670 1221 1727 inliciari
1243 1672 1435 1727 voluit.
1462 1671 1568 1728 Sed
1594 1675 2054 1744 quemadmodum

478 1762 533 1816 in
576 1760 734 1817 Patre
766 1776 874 1816 una
907 1763 1274 1833 appellatione
1322 1772 1650 1826 contentus.
1693 1767 1796 1821 hoc
1841 1775 2053 1822 tantum

476 1854 615 1908 dixit
641 1856 797 1924 (unus
827 1853 1024 1925 Deus),
1047 1870 1157 1926 qua
1186 1871 1319 1912 voce
1355 1856 1519 1912 etiam
1547 1858 1717 1913 altera
1752 1858 2057 1930 (Dominus)

476 1946 824 2013 continetur;
859 1948 932 2003 ita
976 1948 1033 2004 in
1080 1948 1240 2015 Filio,
1270 1964 1406 2005 unus
1445 1948 1739 2017 Dominus,
1792 1953 2058 2006 duntaxat

474 2042 747 2110 expressit
774 2058 789 2107 ;
817 2057 929 2112 qua
957 2055 1085 2097 cum
1107 2057 1244 2098 voce
1273 2041 1370 2097 Dei
1403 2058 1624 2114 quoque
1650 2052 1737 2100 est
1766 2045 2059 2115 appellatio

474 2134 794 2203 conjuncta.
826 2134 1011 2200 Quare
1034 2149 1159 2189 cum
1197 2134 1267 2190 de
1298 2132 1459 2190 Patre
1489 2149 1553 2191 ac
1577 2133 1715 2191 Filio
1747 2136 2059 2193 disserebat

473 2226 792 2299 Apostolus,
830 2242 938 2283 non
977 2227 1189 2299 Spiritu
1221 2238 1414 2283 sancto
1441 2242 1648 2285 vacuus
1679 2236 1798 2284 erat
1825 2266 1838 2292 ,
1870 2228 1965 2285 sed
2000 2228 2057 2283 in

472 2317 666 2373 eodem
696 2317 1060 2388 loquebatur,
1093 2326 1159 2373 ut
1187 2318 1450 2373 diximus.
1487 2318 1652 2392 585
1683 2317 1833 2375 Solet
1871 2326 2056 2375 autem

475 2410 719 2481 Spiritus
747 2419 977 2467 sanctus
1016 2410 1103 2467 sui
1153 2411 1378 2466 minime
1414 2412 1943 2468 commendationem
1972 2411 2057 2467 l‘a-

473 2518 622 2566 cere,
649 2519 720 2559 ne
746 2504 1061 2575 exemplum
1093 2504 1253 2560 nobis
1276 2504 1696 2560 commendandi
1724 2506 1897 2561 nostri
1925 2520 2059 2575 prae-

474 2596 663 2651 buisse
692 2595 964 2650 videatur.
997 2593 1093 2649 Est
1138 2595 1303 2666 igitur
1333 2612 1469 2649 unus
1505 2594 1646 2650 Deus
1675 2594 1840 2650 Pater
1862 2611 1929 2650 ea:
1954 2611 2056 2666 quo

472 2686 686 2750 omnia,
715 2695 765 2739 et
794 2700 932 2739 unus
971 2682 1229 2738 Dominus
1257 2681 1417 2739 Iesus
1465 2682 1708 2738 Christus
1728 2722 1745 2749 ,
1782 2700 1876 2754 per
1903 2700 2056 2755 quem

474 2778 682 2844 omnia,
714 2778 821 2833 sive
863 2786 1074 2847 propter
1120 2792 1271 2846 quem
1308 2776 1487 2830 omnia
1516 2792 1535 2829 :
1563 2784 1613 2829 et
1645 2792 1779 2830 unus
1823 2774 2056 2846 Spiritus

472 2880 723 2932 sanctus,
769 2886 803 2923 a
841 2868 953 2924 Deo
993 2885 1323 2939 nequaquam
1368 2867 1599 2932 alienus,
1635 2868 1729 2939 qui
1781 2868 2057 2939 propriam

473 2962 638 3015 habet
662 2974 949 3033 personam
968 2998 985 3020 ,
1011 2959 1268 3029 quoniam
1302 2957 1393 3013 Dei
1423 2956 1661 3028 Spiritus
1702 2968 1818 3028 est,
1840 2968 1896 3014 et
1922 2958 2065 3014 veri-

473 3054 603 3109 tatis
632 3053 873 3124 Spiritus
902 3070 917 3119 ;
943 3050 1183 3123 Spiritus
1201 3093 1217 3117 ,
1245 3053 1501 3122 inquam,
1533 3049 1712 3107 Patris
1741 3065 1806 3105 ac
1832 3050 2058 3106 Christi.

2245 848 2405 902 ’Λλλὰ
2463 848 2651 921 μηδεὶς
2704 848 3010 919 νομιζέτω,
3061 849 3251 921 ἐπειδὴ
3307 850 3456 919 λέγει
3512 852 3606 907 ἕνα
3651 856 3755 909 καὶ

2163 942 2290 1006 ἕνα,
2330 942 2406 1014 μὴ
2445 942 2553 1013 ἆρα
2600 943 2869 1013 παρέλιπε
2914 941 3008 995 τὸν
3052 942 3290 1013 ἀριθμὸν
3333 945 3431 1015 τῆς
3483 946 3749 1017 Τριάδος·

2163 1035 2354 1106 ἐπειδὴ
2402 1036 2506 1089 οὑκ
2552 1035 2803 1105 ὠνόμασε
2846 1034 2910 1088 τὸ
2953 1036 3108 1104 ἆγιον
3162 1035 3406 1106 Πνεῦμα.
3447 1038 3753 1109 Ὀνομάσας

2164 1125 2277 1199 γὰρ
2325 1125 2544 1197 Πατέρα
2578 1127 2676 1180 καὶ
2708 1126 2835 1179 Υἱὸν
2858 1165 2873 1189 .
2904 1126 3038 1181 Θεὸν
3090 1126 3186 1180 καὶ
3215 1128 3449 1199 Κύριον,
3488 1131 3547 1183 ἐν
3576 1132 3750 1185 Πνεὺ-

2167 1233 2297 1286 ματι
2342 1216 2485 1287 ἁγίῳ
2535 1216 2837 1288 ὠνόμασεν.
2874 1217 2949 1269 υύ
3012 1216 3123 1288 γὰρ
3174 1217 3359 1289 ἐπειδὴ
3412 1214 3565 1271 εἶπεν
3588 1259 3604 1282 ,
3655 1210 3756 1284 εἷς

2168 1309 2315 1375 Θεὸς
2337 1347 2353 1374 ,
2392 1310 2523 1382 περὶ
2558 1310 2800 1381 Πατρὸς,
2838 1310 2908 1375 ἐξ
2957 1304 3031 1365 οὗ
3084 1309 3158 1363 τὰ
3207 1310 3406 1363 πάντα
3428 1350 3445 1373 ,
3475 1313 3757 1382 ἠρνήσατο

2168 1403 2331 1457 αὑτὸν
2358 1402 2422 1455 τδ
2462 1398 2601 1455 εἶναι
2629 1401 2834 1473 Κύριον
2853 1417 2868 1431 ’
2906 1400 3028 1454 οὑδὲ
3054 1401 3216 1455 πάλιν
3243 1403 3431 1473 ἐπειδὴ
3465 1400 3607 1467 εἷπε,
3644 1406 3747 1457 καὶ

2166 1489 2253 1559 εἷς
2284 1494 2500 1559 Κύριος
2562 1490 2794 1558 Ἰησοῦς
2826 1489 3118 1558 Χριστός,
3158 1492 3437 1563 ἠρνήσατο
3480 1493 3639 1547 αὑτὸν
3687 1494 3755 1545 τὸ

2166 1580 2306 1637 εἷναι
2350 1583 2516 1636 Θεόν·
2570 1582 2707 1651 ἀλλὰ
2756 1581 3010 1651 καθάπερ
3050 1583 3144 1635 ἐπὶ
3176 1583 3256 1654 τῷ
3300 1584 3474 1655 Πατρὶ
3503 1584 3755 1655 ἠρκέσθη

2165 1677 2259 1729 ἐπὶ
2290 1678 2357 1747 τῇ
2395 1675 2532 1747 μόνῃ
2562 1675 2831 1745 ὀνομασίᾳ
2852 1716 2867 1739 ,
2900 1674 3070 1744 λέγων
3098 1669 3187 1741 εἷς
3214 1676 3362 1742 Θεὸς
3385 1715 3400 1739 ,
3434 1677 3531 1730 σὺν
3563 1678 3619 1729 δὲ
3641 1677 3749 1747 τῷ,

2168 1767 2343 1833 Θεὸς,
2375 1767 2618 1838 δηλονότι
2657 1766 2776 1819 ἐστὶ
2815 1766 2912 1819 καὶ
2942 1766 3161 1834 Κύριος
3181 1782 3193 1795 ·
3226 1765 3369 1819 οὕτω
3416 1766 3509 1819 καὶ
3542 1766 3635 1819 ἐπὶ
3667 1766 3753 1835 τῷ

2164 1859 2281 1931 Υίῷ
2298 1858 2541 1929 ἠρκέσθη
2568 1857 2649 1923 τὸ,
2680 1852 2769 1924 εἷς
2793 1858 3007 1926 Κύριος
3026 1870 3043 1887 ⁸
3068 1857 3165 1910 σὺν
3192 1856 3248 1909 δὲ
3282 1857 3343 1909 τὸ
3362 1858 3383 1886 ³
3417 1851 3503 1922 εἷς
3532 1857 3749 1925 Κύριος

2163 1951 2381 2004 σύνεστι
2413 1948 2626 2014 καὶτὸ,
2674 1949 2841 2015 Θεός.
2875 1948 3065 2017 Λέγων
3097 1944 3191 2003 οὖν
3228 1950 3359 2019 περὶ
3411 1948 3622 2019 Πατρὸς
3652 1949 3755 1999 καὶ

2164 2041 2322 2105 Υιοῦ,
2353 2040 2416 2094 ού
2445 2039 2646 2110 κοῦφος
2678 2035 2749 2111 ἦν
2791 2038 2900 2094 ἀπὸ
2932 2041 3253 2112 Πνεύματος
3285 2040 3442 2109 ἁγίου
3468 2080 3484 2103 ,
3516 2038 3651 2093 ἀλλὰ
3687 2040 3751 2092 ιν

2164 2134 2443 2205 Πνεύματι
2473 2132 2648 2204 ἁγίῳ,
2676 2132 2753 2196 ὡς
2775 2132 2913 2203 ἔφην
2937 2172 2955 2198 ,
2996 2130 3319 2201 ἐφθέγγετο.
3350 2132 3521 2185 Εῐωθε
3558 2132 3613 2184 δὲ
3658 2131 3751 2185 ἀεὶ

2162 2226 2223 2279 τὸ
2255 2226 2409 2295 ἅγιον
2440 2224 2665 2297 Πνεῦμα
2711 2225 2775 2278 οὑ
2813 2223 3072 2278 σύστασιν
3121 2224 3316 2278 ἑαυτοῦ
3352 2224 3672 2295 ποιούμενον
3702 2225 3748 2290 ³,

2165 2319 2252 2372 ἶνα
2288 2318 2363 2390 μὴ
2402 2320 2535 2390 ἡμῖν
2591 2317 2957 2389 ὑπογραμμὸν
3013 2316 3178 2370 δώσει
3224 2316 3322 2370 τοῦ
3354 2317 3485 2389 περὶ
3538 2318 3750 2372 ἑαυτῶν

2163 2409 2259 2463 καὶ
2291 2410 2439 2480 ἡμᾶς
2487 2410 2588 2481 τὴν
2639 2408 2897 2463 σύστασιν
2941 2410 3293 2479 ποιήσασθαι.
3334 2410 3477 2482 ¹Ἄρα
3527 2406 3619 2463 οῦν
3640 2406 3747 2476 Εἷς

2164 2500 2309 2567 Θεὸς
2340 2504 2373 2555 ὀ
2401 2500 2605 2569 Πατὴρ
2625 2541 2641 2564 ,
2680 2500 2749 2566 ἐξ
2799 2497 2872 2557 οὗ
2905 2502 2980 2556 τὰ
3009 2501 3205 2556 πάντα
3226 2541 3243 2566 ,
3275 2501 3376 2555 καὶ
3406 2497 3495 2567 εἷς
3530 2504 3752 2569 Κύριος

2174 2593 2409 2663 Ἰησοῦς
2446 2593 2737 2663 Χριστὸς,
2771 2594 2845 2647 δι’
2878 2590 2951 2651 οὗ
3000 2595 3072 2649 τὰ
3108 2594 3334 2660 πάντα,
3363 2593 3402 2663 ἢ
3452 2594 3525 2647 δι’
3564 2594 3635 2647 ὃν
3671 2598 3748 2649 τὰ

2156 2689 2373 2754 πάντα,
2398 2689 2497 2743 καὶ
2523 2687 2594 2741 ἐν
2623 2686 2691 2739 τὸ
2737 2684 2909 2754 ἄτιον
2940 2685 3206 2752 Πνεῦμα,
3250 2687 3363 2738 οὐκ
3413 2686 3741 2753 ἀλλότριον

2156 2785 2328 2848 Θεοῦ,
2357 2782 2719 2837 ὲνυπόστατον
2766 2778 2826 2831 δὲ
2875 2779 2935 2831 ὃν
2977 2777 3133 2832 διότι.
3166 2776 3391 2849 Πνεῦμα
3438 2778 3598 2844 Θεοῦ,
3643 2782 3740 2833 καὶ

2155 2877 2383 2948 Πνεῦμα
2420 2871 2705 2945 ἀληθείας,
2734 2874 2831 2929 καὶ
2874 2869 3103 2942 Πνεῦμα
3130 2871 3371 2943 Πατρὺς,
3394 2874 3489 2927 καὶ
3512 2872 3741 2945 Πνεῦμα

2155 2970 2409 3043 Χριστοῦ,

544 3147 633 3203 γι.
671 3148 828 3216 Quod
862 3158 1046 3203 autem
1099 3149 1261 3204 nobis
1294 3148 1440 3203 istud
1482 3147 1674 3219 objicit
1715 3166 1730 3203 :
1768 3146 2055 3201 Laboravit

2231 3147 2321 3213 εἷ’.
2362 3144 2425 3198 Et
2465 3144 2524 3199 δὲ
2562 3145 2691 3216 περὶ
2726 3143 2859 3211 τοῦ,
2906 3144 3269 3199 Ἐκοπίασεν
3301 3128 3744 3212 Αίγυπτὸςῗκαι

473 3239 738 3313 ὢςῃριιιε
789 3251 839 3296 et
885 3242 1171 3311 negotiatio
1222 3240 1573 3309 Aithiopum,
1607 3249 1658 3293 et
1695 3237 1915 3293 Sabaim
1957 3239 2060 3294 viri

473 3334 724 3389 sublimes
757 3332 826 3387 ad
860 3341 907 3387 te
936 3332 1259 3387 transibunt.
1289 3330 1422 3387 ltem
1478 3331 1609 3386 illud
1644 3349 1659 3386 :
1696 3330 1776 3385 Tu
1795 3347 1849 3386 es
1881 3332 2054 3398 Deus,

468 3425 1024 3481 etnescidbamusmt
1069 3423 1162 3477 tibi
1208 3426 1531 3487 servierunt,
1577 3433 1626 3476 et
1659 3424 1809 3478 ibunt
1848 3432 1966 3493 post
2009 3434 2058 3477 te

471 3518 635 3572 vincti
658 3516 914 3580 manicis,
936 3525 986 3569 et
1024 3516 1081 3569 in
1112 3524 1163 3569 te
1186 3514 1411 3569 orabunt
1434 3529 1452 3566 :
1478 3513 1729 3584 quoniam
1752 3514 1810 3567 in
1836 3522 1883 3566 te
1912 3512 2057 3567 Deus

467 3618 572 3671 est,
596 3617 651 3661 et
685 3623 790 3660 non
819 3616 897 3660 est
928 3606 1071 3660 Deus
1098 3614 1292 3674 praeter
1316 3614 1383 3658 te.
1413 3602 1490 3656 Tu
1529 3604 1673 3658 enim
1711 3620 1767 3658 es
1799 3604 1937 3658 Deus
1962 3646 1976 3669 ,
2006 3612 2056 3658 et

471 3700 854 3766 nesciebamus,
883 3698 1021 3754 Deus
1046 3697 1241 3771 Israel,
1281 3696 1530 3752 Saluator
1556 3698 1571 3728 ¹
1605 3695 1821 3760 :vides,
1856 3696 2053 3767 inquit,

469 3804 538 3849 ex
565 3793 655 3857 iis,
693 3790 1153 3863 quemadmodum
1184 3804 1328 3844 unus
1357 3788 1623 3843 duntaxat
1646 3788 1719 3843 sit
1742 3786 1929 3844 Deus?
1958 3787 2055 3842 llis

469 3882 616 3937 enim
672 3880 971 3951 Scriptura:
1022 3880 1158 3935 locis
1206 3880 1554 3949 potissimum
1595 3878 1801 3945 fretus,
1829 3886 1891 3933 ut
1926 3887 2056 3934 ante

470 3973 731 4037 diximus,
758 3987 859 4027 nec
889 3971 1107 4025 illorum
1138 3986 1360 4027 sensum
1387 3969 1719 4039 intelligens,
1747 3968 1843 4023 sed
1865 3982 2054 4024 sacras

469 4063 704 4119 Litteras
734 4063 1109 4118 fraudulenter
1145 4071 1470 4133 amputans,
1506 4069 1671 4131 atque
1719 4068 1774 4115 et
1802 4060 2055 4130 obliquas

468 4156 816 4212 narrationes
865 4155 1194 4218 instituens,
1226 4162 1281 4208 et
1308 4167 1498 4209 sacras
1535 4151 1892 4207 auctoritates
1924 4167 2054 4222 per-

466 4266 628 4306 verso
677 4249 872 4305 ordine
932 4262 997 4303 ac
1024 4247 1307 4302 nonnullis
1347 4246 1640 4315 praeteritis
1699 4244 1756 4298 in
1810 4243 2054 4300 medium

2156 3239 2414 3307 ἐμπορία
2461 3238 2793 3303 Αἰθιόπων,
2844 3240 2899 3292 οἱ
2954 3237 3213 3305 Σαόαείμ
3261 3233 3478 3300 ἄνδρες
3514 3226 3743 3300 ὑψηλοὶ

2155 3328 2258 3381 ἐπὶ
2304 3327 2379 3382 σὲ
2407 3326 2827 3398 διαϐήσονταιο
2859 3327 2955 3381 καὶ
3004 3327 3098 3392 τὸ,
3140 3326 3225 3381 Σὺ
3264 3321 3325 3379 εἷ
3368 3327 3400 3378 ό
3439 3324 3611 3390 Θεὸς,
3643 3320 3746 3375 καί

2157 3422 2270 3475 οὐκ
2314 3420 2588 3489 ᾔδειμενο
2624 3420 2722 3474 καὶ
2769 3420 2872 3473 σοι
2913 3418 3126 3474 δοῦλοι
3161 3418 3440 3481 ἔσονται,
3487 3416 3590 3470 καί
3634 3426 3746 3469 πο·

2151 3515 2473 3583 ρεύσονται
2498 3515 2695 3568 ὀπίσω
2720 3527 2841 3567 σου
2863 3512 3171 3583 δεδεμένα
3218 3509 3614 3581 χειροπέδαις,
3646 3507 3746 3563 καί

2156 3606 2227 3659 ἐν
2246 3605 2347 3659 σοὶ
2376 3604 2820 3674 προσεύξονται
2840 3622 2854 3636 ο
2887 3604 2976 3658 ὅτι
3006 3605 3079 3658 ἐν
3112 3604 3214 3658 σοὶ
3257 3602 3403 3667 Θεός
3427 3603 3589 3657 ἐστι’
3644 3600 3746 3654 καὶ

2156 3694 2269 3747 οὐκ
2296 3692 2431 3746 ἐστι
2473 3692 2618 3760 Θεὸς
2658 3693 2827 3762 πλὴν
2856 3694 3000 3748 σοῦ.
3029 3694 3116 3747 Σὺ
3145 3692 3256 3762 γὰρ
3283 3687 3340 3746 εί
3366 3696 3399 3746 ό
3431 3691 3603 3757 Θεὸς.
3645 3690 3748 3744 καὶ

2156 3786 2269 3839 οὐκ
2303 3784 2584 3855 ᾔδειμεν,
2623 3787 2657 3840 ό
2699 3785 2846 3853 Θεὸς
2883 3785 2993 3840 τοῦ
3044 3784 3288 3854 Ἰσραὴλ
3312 3824 3327 3848 ,
3367 3784 3604 3853 Σωτήρ·
3647 3783 3749 3855 οὑχ

2154 3877 2288 3949 ὁρᾷς
2307 3917 2324 3943 ,
2352 3878 2519 3948 φησὶν
2542 3918 2559 3943 ,
2590 3878 2675 3932 ὅτι
2717 3872 2797 3941 εἷς
2825 3878 2958 3942 Θεός
2988 3879 3169 3943 tactv;
3223 3878 3319 3931 Ἐκ
3344 3876 3453 3931 τῶν
3486 3876 3754 3930 τοιούτων

2154 3970 2266 4041 γὰρ
2295 3969 2474 4041 ῥητῶν
2494 4011 2509 4035 ,
2548 3970 2625 4034 ὡς
2653 3969 3046 4043 ὑπεδείξαμεν,
3074 3969 3135 4023 οὗ
3178 3971 3316 4024 νοῶν
3350 3970 3419 4024 τὰ
3457 3968 3754 4041 είρημένα,

2154 4061 2293 4116 ἀλλὰ
2316 4064 2639 4134 πανούργως
2668 4062 3016 4134 περικόπτων
3047 4062 3149 4126 τὰς
3169 4061 3428 4133 Γραφὰς,
3485 4061 3615 4125 λοξὰ
3647 4059 3752 4131 μὲν

2154 4155 2513 4227 διηγούμενος
2537 4198 2551 4223 ,
2576 4155 3002 4227 ἀνθυπερϐάτως
3022 4156 3079 4209 δὲ
3104 4156 3343 4225 εἰσάγων
3372 4155 3501 4218 τοὺς
3531 4153 3754 4222 λόγους,

2155 4249 2259 4302 οὐκ
2282 4247 2592 4312 ἀκολούθως
2621 4248 2717 4303 καὶ
2746 4249 2877 4320 περὶ
2910 4247 3049 4303 πόδα
3078 4248 3413 4317 φθέγγεται,
3453 4246 3579 4299 οὕτε
3626 4246 3751 4311 καθ’

468 4340 704 4397 all'ereus
724 4381 739 4406 ,
768 4338 905 4393 nihil
934 4343 1337 4407 consequenter
1389 4350 1454 4389 ac
1480 4334 1726 4392 seriatim
1753 4334 2052 4403 eloquitur,

2159 4341 2349 4412 εἱρμὸν
2376 4340 2644 4411 διηγεῖται
2680 4342 2709 4393 ὁ
2743 4340 2953 4410 Νοητὸς
2972 4382 2987 4407 ,
3017 4340 3052 4410 ἢ
3079 4340 3131 4393 οί
3164 4340 3224 4407 ἐξ
3260 4338 3433 4393 αὑτοῦ
3457 4338 3757 4410 Νοητιανοὶ

469 4433 609 4489 nihil
642 4432 877 4502 denique
914 4430 1133 4500 penitus
1172 4428 1426 4498 intelligit
1456 4438 1564 4482 tam
1612 4425 1821 4481 Noetus
1841 4464 1856 4489 ,
1885 4441 2051 4495 quam

2159 4433 2386 4489 νοοῦσιν.
2408 4434 2617 4503 ’Ὠσπερ
2652 4450 2717 4502 γε
2751 4432 2908 4504 κακῷ
2926 4433 3051 4487 κυνὶ
3077 4433 3255 4503 ὄνομα
3297 4431 3435 4485 λέων
3465 4430 3614 4501 (99),
3653 4430 3757 4483 καὶ

467 4528 561 4599 qui
602 4527 672 4581 ab
714 4540 782 4583 eo
825 4523 1075 4579 Noetiani
1122 4522 1406 4576 dicuntur.
1461 4520 1639 4588 Atque
1696 4526 1753 4572 ut
1809 4518 2050 4588 pessimo

2159 4528 2281 4591 τοὺς
2310 4526 2446 4597 μηδὲ
2474 4525 2643 4589 ὅντως
2676 4524 2919 4597 ὁρῶντας
2947 4524 3177 4579 καλοῦσι
3223 4523 3396 4577 πολλὰ
3428 4522 3749 4594 βλέποντας,

467 4620 687 4677 cuidam
710 4618 833 4674 cani
864 4630 1258 4686 nonnunquam
1284 4614 1459 4669 leonis
1491 4629 1691 4668 nomen
1724 4613 2047 4681 imponitur,

2159 4618 2248 4671 καὶ
2293 4617 2393 4681 τὰς
2421 4617 2583 4689 χολὰς
2627 4616 2887 4685 γλυκείας
2913 4616 3218 4685 φάσκουσι,
3246 4615 3343 4669 καὶ
3380 4614 3441 4667 τὸ
3473 4612 3592 4678 ὅξος
3623 4612 3750 4683 μέλι

466 4729 533 4770 ac
583 4726 759 4767 czecos
816 4711 986 4765 multa
1036 4708 1289 4763 videntes
1346 4708 1657 4778 appellant,
1690 4716 1744 4762 et
1792 4707 1860 4761 fel
1888 4707 2051 4762 dulce

2159 4710 2296 4773 τινες
2337 4709 2701 4780 ἐπωνόμασαν
2727 4749 2743 4773 ,
2806 4709 2900 4763 καὶ
2946 4708 3048 4772 τὰς
3110 4706 3394 4778 Ἐριννύας
3444 4704 3752 4775 Εὐμενίδας

464 4804 805 4870 nominatur,
837 4810 893 4859 et
931 4807 1146 4856 acetum
1202 4799 1309 4853 mel
1344 4813 1375 4852 a
1422 4799 1752 4869 quibusdam
1793 4805 2048 4852 vocatum

2159 4802 2299 4865 τινὲς
2340 4802 2738 4873 ἐπωνόμασαν
2792 4800 2937 4854 οὑτω
2968 4800 3061 4855 καὶ
3098 4793 3254 4863 οὗτος
3305 4799 3401 4852 καὶ
3442 4799 3495 4852 οἱ
3523 4798 3621 4852 ἀπ’
3649 4797 3749 4849 αὑ-

462 4908 578 4965 est,
605 4904 662 4951 et
686 4895 926 4966 denique
954 4888 1152 4947 Furias
1186 4890 1439 4945 nonnulli
1471 4889 1803 4945 Eumenidas
1835 4905 2053 4945 nuncu-

2159 4892 2285 4957 τοῦ,
2320 4893 2534 4965 Νοητοῦ
2571 4892 2711 4963 ἔχων
2738 4893 2942 4964 ὄνομα,
2972 4891 3199 4962 ἀνόητος
3234 4890 3473 4961 ὑπάρχει
3496 4928 3514 4954 ,
3572 4888 3664 4942 καὶ
3695 4887 3749 4942 ol

428 4995 668 5085 )parunt
701 5007 714 5044 :
752 4989 827 5044 ita
858 4988 915 5043 in
964 4986 1074 5042 illis
1102 4983 1377 5040 accidisse
1415 4983 1665 5040 videmus
1687 5022 1704 5049 ,
1735 4995 1795 5039 ut
1823 4991 1879 5039 et
1905 4981 2051 5039 Noeo

2159 4982 2220 5050 ἐξ
2260 4984 2429 5039 αὑτοῦ
2478 4982 2833 5056 ἁνοητοῦντες
2857 5023 2875 5052 ,
2922 4983 3060 5056 μηδὲ
3091 4982 3233 5048 ὅλως
3275 4981 3376 5054 τὴν
3423 4980 3752 5037 ἀκολουθίαν

538 5152 554 5182 ¹
589 5147 695 5205 lsa.
728 5162 859 5214 XLV,
887 5146 977 5213 Η,
1015 5146 1104 5202 l5.
1181 5143 1279 5200 ’F.
1309 5144 1409 5218 τῷ.
1509 5144 1531 5177 ³
1564 5142 1630 5200 F.
1669 5146 1869 5204 ποιεῐν.

2152 5290 2209 5340 et
2254 5282 2476 5338 radium
2525 5278 2800 5356 signiticet
2834 5293 2872 5356 ρ
2913 5272 3599 5356 splendore_._Quo_d_yero
3632 5272 3744 5325 mel

2154 5363 2368 5427 acetum
2402 5352 2545 5422 apud
2574 5344 2786 5427 Atticos
2817 5344 3044 5427 dictum
3064 5350 3161 5413 sit,
3205 5346 3260 5401 id
3291 5363 3359 5401 ex
3389 5344 3576 5427 Plinio
3611 5357 3745 5422 con:

2156 5424 2360 5479 ﬁrmari
2390 5416 2553 5493 posse
2585 5422 2801 5477 videtur
2826 5421 2965 5493 :Lqui
2990 5420 3085 5474 lib.
3118 5434 3194 5481 ιι,
3226 5432 3349 5493 cap.
3382 5416 3473 5493 ιδ,
3507 5416 3563 5468 in
3593 5416 3743 5493 omni

2151 5496 2314 5567 melle
2363 5487 2510 5564 q'uod
2561 5509 2658 5563 per
2716 5508 2775 5547 se
2828 5487 2966 5567 ﬂuit,
3024 5499 3241 5567 acetum
3289 5487 3397 5567 dici
3448 5490 3740 5567 memorat.

2153 5558 2478 5633 Quanquam
2504 5558 2604 5619 nos
2629 5578 2839 5617 acerum
2865 5561 3154 5632 legendum
3184 5572 3307 5633 esse
3334 5558 3742 5633 disputavimus

2153 5626 2221 5690 a'd
2263 5626 2624 5706 Zh'emistium.
2661 5634 2894 5705 (Potius,
2917 5626 2973 5686 ἐι
2991 5648 3118 5686 vero
3147 5629 3364 5706 melius,
3391 5626 3741 5706 allegaudum

2151 5697 2420 5761 eratﬁhoc
2461 5697 2842 5775 rabhinorum,
2882 5697 3021 5764 rm:
3058 5710 3171 5771 up,
3212 5699 3411 5753 multus
3446 5697 3585 5765 luce,
3616 5697 3655 5750 i.
3681 5708 3739 5750 ε.

2160 5794 2354 5834 cacus.
2400 5776 2630 5848 Dntcu.)

536 5290 650 5360 (99)
680 5288 907 5360 ’Ὠσπερ
934 5304 1002 5357 γε
1028 5283 1361 5360 κακῷλκυνὶ
1386 5284 1574 5354 ὄνομα
1594 5281 1773 5360 ζέων.
1807 5283 2045 5360 insignis

465 5353 811 5417 ad'ea'mdem
845 5353 1174 5415 sententiam
1205 5358 1360 5411 locus
1398 5353 1590 5411 estex
1621 5353 1852 5411 Helladii
1884 5353 2052 5411 Chre—

466 5430 771 5487 stomathiis
808 5427 1240 5499 apudeotiutn
1266 5427 1424 5481 ε”Οτι
1452 5426 1514 5480 τὸ
1541 5426 1617 5499 μῂ
1644 5425 1822 5499 λέγειν
1847 5426 2047 5499 δύσφη-

466 5521 545 5574 μα
577 5506 711 5574 πᾶσι
741 5497 859 5574 τοῖς
883 5498 1134 5574 παλαιοῖς
1155 5498 1534 5574 ’μὲν-φροντὶς
1575 5497 1666 5567 ἦν,
1709 5497 1948 5574 μάλιστα

460 5568 575 5637 τοῖς
605 5571 933 5643 Ἀθηναίοις.
962 5570 1053 5623 Διὸ
1083 5568 1185 5623 καῖ
1200 5569 1267 5643 τὸ
1286 5568 1661 5643 δεσμωτήριον
1687 5568 1894 5643 οἴκημα
1920 5568 2046 5643 ἐκα-

460 5645 605 5711 λουν,
635 5638 736 5697 καῖ
752 5644 847 5712 τὸν
867 5641 1059 5712 δήμιον
1076 5640 1278 5712 κοινὸν,
1298 5639 1397 5712 τὰς
1419 5638 1476 5690 δὲ
1513 5638 1795 5712 Ἐριννύας
1815 5638 2049 5712 Quasi/i-

460 5708 655 5784 δας,’ἧ
692 5711 895 5783 σεμνὰς
919 5708 1084 5784 θεὰς,
1119 5711 1180 5784 τρ
1221 5710 1276 5763 δὲ
1315 5709 1484 5784 μῦσος
1522 5708 1782 5784 diog-Leo
1833 5708 1889 5761 δὲ
1927 5708 2049 5784 όξος

466 5778 613 5857 μέλι,
644 5778 875 5857 acui-rip)
906 5782 1071 5857 χολὴν
1098 5778 1393 5857 γλυκεῖαν,
1421 5780 1512 5833 τὸν
1548 5778 1605 5832 δὲ
1643 5778 1902 5857 βόρϐορον
1928 5779 2049 5848 ὀχε-

466 5818 613 5857 pm,
652 5818 744 5838 ,ιω
786 5818 873 5854 ,ψ
908 5818 1021 5852 κη..
1051 5818 1070 5834 .
1126 5818 1393 5849 ιηηηω,
1430 5818 1509 5833 ....
1548 5818 1605 5832 νε
1643 5818 1899 5849 Mm...”
1928 5818 2048 5848 νλρ

462 5856 577 5917 σιὸν.
605 5865 710 5913 etc.
730 5853 807 5910 Ita
840 5852 983 5958 apud
1016 5818 1271 5909 licbracos
1299 5858 1518 5911 raw-iw
1546 5858 1632 5907 est
1659 5850 1901 5919 caecitas,
1926 5865 2052 5905 cum
