4176 6386
418 377 561 435 1005
1070 387 1442 446 ADVERSUS
1475 388 1818 455 IIrERESES
1853 392 1978 448 LIB.

2080 436 2089 447 .
2125 392 2289 450 "ron.
2333 396 2375 452 I.
2419 425 2482 439 -
2528 392 2800 452 uanas.
2841 394 2998 472 mi.
3538 400 3677 455 £006

415 496 493 555 ὧν
543 504 742 573 φάσκει
793 508 842 570 ί,
887 510 984 563 καὶ
1024 503 1103 564 ὧν
1150 512 1549 585 προϐάλλονται
1602 510 1863 579 νοοῦντες.
1914 516 1978 569 Ὧι

2105 528 2225 582 tus,
2256 517 2361 573 hoc
2407 526 2493 576 est
2544 519 2898 591 intelligens,
2959 519 3324 591 appellaretur
3365 521 3579 591 ineptus
3623 531 3677 576 et

416 595 509 647 καὶ
556 596 895 669 πληροῦσθαι
940 598 1029 653 ἐπ’
1063 602 1259 668 αὐτοὺς
1296 606 1359 659 τὸ
1412 606 1700 678 εἰρημένον
1747 608 1852 661 ὑπὸ
1897 608 1978 661 τοί

2101 609 2367 681 insipiens
2421 613 2623 678 homo;
2678 622 2733 669 et
2798 615 2904 669 hoc
2963 614 3141 683 ipsum
3196 627 3395 667 nomen
3450 616 3678 684 perinde

412 687 570 754 ἁγίου
606 691 952 746 Ἀποστόλου·
988 696 1152 764 Maia-2
1177 697 1216 751 ἃ
1239 700 1489 770 λέγουσι
1507 701 1815 766 νοοῦντες,
1841 700 1978 770 μήτε

2102 704 2271 772 inepti
2308 704 2458 760 illius
2499 705 2755 776 discipuli
2790 712 3279 778 consequerentur.
3314 705 3417 773 Qui
3456 707 3676 777 quidem

410 780 549 847 περὶ
576 782 757 835 τίνων
789 784 1286 843 διαϐεϐαιοῦνται.

2106 807 2301 849 eorum
2337 810 2460 865 qua:
2486 794 2700 858 dicunt,
2726 809 2794 849 ac
2822 796 3001 864 palam
3040 806 3369 863 proponunt,
3408 798 3676 851 ralillllt‘lit

411 876 979 948 consequentiamque
1014 894 1120 934 non
1149 881 1479 952 intelligunt,
1511 890 1573 937 ut
1600 883 1655 936 in
1693 881 1777 937 his
1800 883 1971 937 sancti
2003 882 2251 955 Apostoli
2283 887 2489 943 dictum
2535 888 2665 943 illud
2706 887 3037 957 impleatur:
3070 885 3183 940 Nec
3211 904 3330 959 qua:
3365 888 3549 944 dicunt
3595 891 3681 943 in-

415 963 732 1031 tell'gentes,
762 978 853 1017 nec
880 964 943 1018 de
972 968 1163 1034 quibus
1188 972 1484 1025 asserunt‘.

486 1062 560 1114 τ’.
598 1061 792 1133 Ὁρᾶτε
817 1061 926 1134 γὰρ
948 1103 963 1127 ,
993 1057 1039 1118 ὦ
1069 1062 1261 1138 ἄνδρες
1301 1064 1551 1135 ἀδελφοὶ,
1584 1065 1706 1131 πῶς
1728 1064 1978 1138 ἀνῶτερο1

2173 1060 2283 1117 Vll.
2346 1062 2780 1119 Animadvertite
2832 1068 3017 1129 enim.
3072 1070 3275 1127 fratres
3337 1073 3680 1138 charissimi.

411 1144 566 1201 εἶπεν
591 1149 625 1220 ἡ
650 1147 766 1202 θεία
788 1150 1012 1224 Γραφὴ,
1054 1152 1256 1224 μᾶλλον
1294 1154 1351 1207 δὲ
1390 1155 1553 1220 αὐτὸς
1581 1156 1611 1209 6
1643 1155 1849 1228 Κύριος
1871 1199 1884 1221 ,
1920 1156 1978 1220 ὡς

2096 1156 2229 1225 quid
2283 1164 2411 1211 ante
2468 1156 2752 1227 Scriptura
2791 1160 3024 1227 dixerit,
3069 1178 3164 1219 seu
3198 1165 3379 1234 potius
3420 1166 3683 1225 Dominus

412 1240 525 1310 ἔχει
552 1243 585 1311 ἡ
640 1242 782 1314 ἀρχὴ
819 1246 916 1297 τοῦ
965 1246 1282 1315 κεφαλαίου.
1318 1247 1483 1301 Ὅθεν
1512 1250 1606 1302 καὶ
1629 1250 1868 1304 δεικτέον
1902 1251 1978 1303 ὲπτ

2095 1248 2248 1319 ipse,
2298 1256 2358 1302 ut
2405 1248 2564 1303 initio
2596 1249 2794 1319 capitis
2831 1254 3098 1324 scriptum
3146 1265 3252 1312 est.
3296 1257 3451 1314 Unde
3479 1276 3543 1316 ex
3585 1279 3681 1316 ve-

411 1332 595 1403 πάσης
656 1334 716 1389 ὲν
773 1334 922 1405 αὐτῷ
982 1335 1061 1407 τῷ
1120 1337 1402 1409 κεφαλαίῳ
1456 1337 1715 1410 ἀληθείας
1777 1354 1839 1392 τε
1896 1340 1978 1393 κω

2093 1337 2314 1393 rissima
2371 1336 2498 1401 illa,
2544 1354 2669 1408 quae
2718 1340 2775 1395 in
2816 1350 2933 1396 toto
2976 1344 3155 1414 capite
3207 1356 3320 1414 est,
3364 1352 3682 1407 narratione

408 1422 751 1489 ὑποθέσεως,
825 1425 908 1478 ὅτι
980 1424 1347 1497 Ἐρωτήσατέ
1386 1445 1464 1498 με
1510 1429 1643 1497 περὶ
1690 1427 1810 1482 τῶν
1844 1428 1978 1483 υἱῶν

2090 1437 2523 1499 argumentoque
2560 1429 2873 1487 Christiana
2904 1434 3036 1490 lides
3054 1445 3140 1492 est
3166 1446 3679 1499 commonstranda.

406 1532 526 1583 μου
546 1553 561 1577 ,
614 1516 713 1570 καὶ
764 1515 886 1570 τῶν
929 1519 1269 1588 θυγατέρων
1290 1562 1306 1588 ,
1356 1520 1457 1574 καὶ
1489 1520 1609 1575 τῶν
1641 1518 1830 1590 ἔργων
1873 1519 1978 1576 τῶν

2092 1518 2187 1575 Sic
2214 1521 2361 1576 enim
2408 1520 2487 1576 ait
2527 1539 2543 1577 :
2577 1520 2911 1595 Interrogata
2955 1543 3036 1582 me
3078 1530 3144 1583 de
3180 1530 3313 1597 ﬁliis
3350 1534 3481 1588 meis
3530 1547 3580 1589 et
3609 1539 3680 1605 [i-

410 1605 626 1675 χειρῶν
643 1625 763 1677 μου
793 1607 1144 1665 ἐντείλασθέ
1168 1629 1290 1681 μοι.
1337 1612 1485 1683 Ἐγὼ
1508 1612 1766 1683 ἐποίησα
1787 1652 1802 1677 ,
1837 1615 1978 1685 φησι1

2089 1612 2285 1678 liabus,
2304 1622 2354 1667 et
2373 1613 2438 1668 de
2454 1614 2694 1683 operibus
2712 1631 2964 1672 manuum
2988 1636 3225 1676 mearum
3250 1626 3497 1681 mandate
3528 1629 3676 1685 mihi.

408 1697 526 1767 τὴν
562 1697 714 1769 γῆν,
745 1699 845 1753 καὶ
874 1699 1195 1769 ἄνθρωπον
1222 1704 1315 1757 ἐπ’
1347 1700 1559 1775 αὐτῆς.
1603 1705 1745 1776 Ἐγὼ
1769 1705 1844 1774 τῇ
1872 1721 1978 1777 χει·

2092 1706 2207 1772 Ego
2239 1704 2374 1774 feci,
2436 1705 2651 1776 inquit,
2690 1717 2889 1761 terram
2939 1720 2989 1762 et
3030 1710 3292 1767 hominem
3321 1716 3374 1769 in
3408 1716 3557 1785 ipsa;
3582 1736 3678 1790 ego

404 1790 468 1855 ρί
507 1807 626 1860 μου
669 1791 1007 1861 ἐστερέωσα
1056 1794 1166 1849 τὸν
1196 1797 1456 1865 οὐρανόν
1480 1801 1502 1829 ·“
1531 1798 1647 1868 ἐγὼ
1680 1799 1832 1855 πᾶσι
1862 1801 1978 1868 τοῖς

2094 1811 2255 1849 manu
2280 1811 2398 1851 mea
2427 1795 2650 1866 fundavi
2686 1799 2908 1863 calum;
2941 1817 3033 1871 ego
3064 1804 3311 1860 omnibus
3342 1808 3510 1863 stellis
3541 1825 3679 1878 prie-

405 1884 653 1954 ἁστροις
681 1885 1072 1958 ἐνετειλάμην
1090 1905 1105 1919 '
1133 1888 1250 1960 ἐγὼ
1277 1888 1485 1961 ἤγειρα
1501 1892 1655 1963 μετὰ
1676 1894 1983 1948 δικαιοσύ-

408 1991 521 2043 νης
558 1976 828 2041 βασιλέα
853 2017 870 2042 ,
899 1979 1000 2032 καὶ
1038 1978 1229 2039 πᾶσαι
1267 1984 1327 2035 al
1357 1982 1486 2037 ὁδοὶ
1513 1984 1703 2039 αὐτοῦ
1739 1985 1981 2041 εὐθεῖαι.

409 2062 601 2135 Οὗτος
640 2069 1021 2141 οἷκοδομήσει
1052 2071 1168 2143 τὴν
1211 2076 1395 2129 πόλιν
1425 2093 1580 2145 μου,
1614 2076 1715 2131 καὶ
1750 2076 1867 2146 τὴν
1893 2080 1984 2132 al-

402 2161 762 2230 χμαλωσιαν
796 2162 1145 2233 ἐπιστρέψει
1184 2181 1198 2197 ο
1253 2169 1327 2221 οὐ
1383 2168 1535 2237 μετὰ
1579 2170 1818 2239 λύτρων
1842 2208 1858 2234 ,
1910 2172 1984 2225 οὐ

405 2255 551 2322 μετὰ
582 2253 816 2325 δώρων,
846 2252 977 2312 εἷπε
1028 2260 1242 2328 Κύριος
1280 2261 1523 2317 Σαϐαὼθ
1544 2279 1559 2294 ⁸
1598 2259 1718 2317 εἶτα
1749 2264 1935 2319 λοιπόν
1966 2284 1982 2298 ·

415 2346 771 2402 Ἐκοπίασεν
794 2350 1116 2420 Αἴγυπτος,
1156 2350 1255 2405 καὶ
1278 2355 1339 2406 al
1365 2353 1639 2424 ἐμπορίαι
1666 2356 1982 2422 Αἰθιόπων,

402 2435 499 2493 καὶ
529 2440 597 2494 τὰ
630 2441 758 2512 ἑξῆς
780 2458 796 2475 ο
836 2442 927 2497 ὅτι
977 2442 1048 2497 ἐν
1089 2444 1190 2498 σοὶ
1237 2447 1382 2513 Θεός
1410 2446 1602 2503 ἐστιν.
1657 2447 1746 2502 Ἐν
1788 2446 1895 2503 τίνι
1926 2448 1984 2503 δὲ

404 2532 647 2604 φαίημεν
684 2534 801 2588 ἀλλ’
825 2534 858 2606 ἢ
886 2536 945 2589 ὲν
966 2536 1045 2608 τῷ
1074 2536 1314 2608 πατρῴῳ
1345 2539 1537 2611 Λόγῳ;
1566 2538 1671 2594 Καὶ
1708 2538 1819 2611 γὰρ
1853 2540 1983 2611 ἀλη-

400 2622 514 2687 OG);
536 2623 669 2690 Θεὸς
692 2625 866 2696 Λόγος
890 2628 919 2680 6
956 2627 1085 2691 Υἱὸς
1108 2668 1123 2692 ,
1160 2629 1253 2682 καὶ
1287 2630 1345 2683 ὲν
1366 2629 1515 2703 αὐτῷ
1546 2633 1574 2686 6
1598 2632 1788 2704 Πατὴρ
1819 2633 1983 2701 γινώ-

401 2731 591 2768 σκεται
610 2756 624 2781 ,
662 2715 738 2781 ὡς
788 2716 933 2789 λέγει
965 2734 980 2749 ο
1023 2717 1088 2773 '0
1144 2720 1417 2789 ἑωρακὼς
1468 2723 1574 2793 ἐμὲ
1613 2723 1834 2794 ἑώρακε
1877 2725 1987 2780 τόν

403 2806 635 2876 Πατέρα
664 2824 677 2837 ·
717 2805 813 2863 καὶ
832 2849 848 2873 .
900 2811 1043 2881 Ἐγὼ
1089 2811 1356 2878 ἐδόξασά
1404 2830 1521 2869 σου
1557 2816 1624 2870 τὸ
1663 2817 1850 2888 ὄνομα
1884 2818 1984 2875 ἐπὶ

400 2890 512 2966 τῆς
546 2898 661 2969 τῆς
684 2918 699 2932 ·
735 2896 856 2957 εἶτα
894 2903 1090 2971 πάλιν,
1124 2906 1207 2959 ὅτι
1247 2906 1396 2977 Ἐγὼ
1447 2906 1655 2977 ἤγειρα
1694 2909 1981 2974 βασιλέα.

400 2989 515 3060 Οὐχ
563 2992 729 3063 ὁρᾷς,
779 2993 862 3047 ὅτι
912 2996 1062 3066 φωνή
1096 2995 1212 3049 ἐστι
1256 2994 1473 3070 Πατρὸς
1511 2999 1545 3068 ἡ
1602 2997 1916 3066 ἰδιάζουσαι,
1949 3001 1984 3072 ἡ

399 3083 689 3155 ἐγείρουσα
718 3083 778 3150 ἐξ
798 3085 968 3157 αὐτῆς
997 3087 1088 3140 τὸν
1132 3087 1384 3159 ἀληθινὸν
1413 3088 1584 3155 Λόγον
1630 3089 1861 3162 βασιλέα
1890 3091 1985 3145 ἐπὶ

2088 1888 2200 1956 cepi
2225 1901 2244 1950 ;
2272 1903 2372 1957 ego
2399 1889 2657 1944 suscitavi
2686 1906 2805 1944 cum
2834 1890 3043 1956 iustitia
3067 1910 3261 1965 regem,
3291 1907 3341 1952 et
3369 1914 3549 1955 omnes
3582 1903 3679 1959 via:

2085 1977 2199 2046 ejus
2244 1976 2412 2049 486
2460 1987 2634 2034 rectm.
2671 1978 2783 2035 Iste
2840 1981 3130 2052 rediiicabit
3168 1987 3433 2043 civitatem
3470 2007 3675 2061 meam,

2086 2078 2137 2123 et
2192 2071 2550 2139 captivitatem
2599 2083 2893 2138 convertet,
2960 2092 3064 2131 non
3131 2094 3252 2132 cum
3302 2083 3502 2149 pretio,
3572 2101 3678 2141 non

2086 2174 2205 2212 cum
2255 2161 2580 2227 muneribus,
2609 2163 2685 2217 ait
2737 2161 2995 2221 Dominus
3037 2172 3418 2225 exercituum“.
3473 2172 3678 2231 Dcinde

2087 2249 2277 2305 subdit
2302 2269 2316 2306 :
2342 2250 2635 2308 Laboravit
2663 2252 2951 2325 Egyptus,
2972 2267 3022 2311 et
3053 2261 3431 2330 negotiationes
3460 2263 3676 2320 Ait/iia-

2085 2357 2246 2411 pum,
2298 2351 2355 2398 et
2406 2352 2639 2410 caztera,
2680 2349 2933 2417 quoniam
2972 2351 3024 2404 in
3063 2361 3113 2405 tc
3150 2350 3293 2407 Deus
3336 2364 3435 2409 est.
3474 2356 3533 2411 In
3563 2375 3675 2429 quo

2086 2447 2216 2489 vero
2258 2435 2404 2499 alio,
2451 2451 2616 2506 quam
2649 2439 2701 2493 in
2758 2448 2987 2507 paterno
3038 2440 3215 2499 Verbo
3269 2443 3436 2501 Deum
3493 2449 3674 2506 inesse

2085 2526 2371 2583 dicemus?
2421 2527 2560 2585 Vere
2608 2530 2816 2602 quippe
2873 2530 3017 2588 Deus
3059 2534 3295 2590 Verbum
3344 2536 3515 2596 Filius
3551 2552 3668 2608 est;

2085 2617 2140 2672 in
2174 2631 2350 2689 eoque
2403 2621 2758 2689 cognoscitur
2805 2621 2996 2687 Pater,
3052 2626 3512 2694 quemadmodum
3550 2631 3669 2703 ipse

2088 2717 2319 2765 testatur
2346 2728 2361 2765 :
2386 2710 2491 2778 Qui
2517 2712 2645 2765 vidit
2670 2728 2770 2776 me,
2789 2713 2918 2767 vidit
2943 2726 2994 2769 et
3020 2714 3235 2772 Patrem
3259 2720 3312 2784 ’ς
3338 2719 3468 2776 item
3501 2741 3516 2777 ε
3554 2724 3664 2795 Ego

2086 2804 2383 2874 gluriﬁravi
2439 2821 2631 2861 nomen
2679 2815 2828 2861 tuum
2877 2809 2931 2863 in
2978 2812 3193 2878 terra';
3250 2812 3447 2871 deinde
3488 2833 3503 2871 :
3554 2817 3668 2891 Ego

2087 2896 2339 2951 suscitavi
2400 2912 2590 2967 regem.
2638 2897 2700 2953 in
2748 2914 2858 2970 quo
2922 2916 3106 2959 nonne
3158 2906 3435 2976 propriam
3485 2908 3668 2967 Patris

2083 2992 2271 3036 vocem
2288 2986 2562 3054 agnoscis,
2581 3003 2903 3059 quaeverum
2917 3005 2983 3045 cx
3001 3006 3122 3047 sese
3137 2991 3374 3049 Verbum
3397 2998 3668 3065 excitans,

2082 3071 2283 3143 Regem
2310 3079 2559 3135 omnium
2588 3082 2891 3150 constituit,
2918 3098 3044 3139 eum
3090 3085 3322 3153 scilicet,
3346 3102 3511 3158 quem
3534 3105 3663 3148 vere

398 3174 609 3239 πάντας
627 3217 642 3243 ,
664 3176 758 3236 τὸν
798 3177 859 3245 ἐξ
888 3177 1052 3233 αὐτοῦ
1086 3178 1356 3250 ἀληθινῶς
1376 3181 1703 3252 γεννηθέντα
1730 3182 1978 3255 ἀνάρχως

2080 3181 2147 3221 ex
2195 3181 2285 3236 se,
2337 3170 2457 3226 sine
2488 3172 2602 3229 ullo
2644 3174 2803 3229 initio
2851 3191 2917 3232 ac
2958 3187 3238 3250 tempore,
3284 3184 3513 3254 genuit?
3557 3185 3663 3251 Qui

398 3268 494 3321 καὶ
526 3267 806 3339 ἀχρόνωςς
848 3272 943 3334 Ὃς
966 3271 1059 3324 καὶ
1090 3272 1279 3343 ἤγειρε
1319 3270 1480 3327 πᾶλιν
1511 3272 1673 3328 αὑτὸν
1704 3272 1795 3328 τὸν
1828 3274 1983 3344 βασι-

396 3356 499 3410 λέα
523 3397 538 3423 ,
568 3358 642 3421 ὡς
669 3358 815 3427 λέγει
864 3360 894 3413 6
936 3356 1091 3428 ἅγιος
1135 3361 1453 3426 ’Λπόστολος
1480 3401 1494 3426 ,
1524 3364 1781 3432 φάσκων·
1810 3366 1883 3418 El
1913 3363 1982 3418 δὲ

396 3446 469 3500 τὸ
516 3449 758 3518 Πνεῦμα
790 3448 896 3504 τοῦ
936 3450 1279 3520 ἐγείραντος
1319 3452 1577 3521 Χριστὸν
1628 3454 1698 3509 ἐκ
1752 3455 1982 3524 νεκρῶν

393 3541 554 3594 οἰκεῖ
601 3541 672 3595 ἐν
729 3541 872 3612 ὑμῖν
896 3581 913 3607 ,
968 3545 1002 3595 ό
1052 3542 1283 3612 ἐγείρας
1331 3542 1589 3612 Χριστὸν
1631 3546 1702 3599 ἐκ
1752 3546 1982 3613 νεκρῶν

395 3628 749 3699 ζωοποιήσει
783 3632 884 3687 καὶ
921 3633 995 3689 τὰ
1025 3635 1213 3703 θνητὰ
1246 3634 1491 3705 σώματα
1533 3637 1703 3707 ὑμῶν
1732 3636 1832 3692 διὰ
1872 3637 1981 3692 τοῦ

397 3722 784 3792 ἐνοικοῦντος
831 3727 1179 3797 Πνεύματος
1233 3727 1421 3783 αὐτοῦ
1475 3728 1547 3782 ἐν
1600 3726 1745 3799 ὑμῖν
1768 3742 1783 3757 ⁸
1831 3729 1981 3793 ὅπως

401 3817 602 3890 συνάδῃ
650 3817 723 3873 τὰ
758 3819 1071 3891 προφητικὰ
1119 3820 1229 3884 τοῖς
1287 3820 1666 3886 ἀποστολικοῖς
1691 3862 1707 3888 ,
1762 3822 1859 3876 καὶ
1910 3821 1978 3875 τὰ

399 3907 733 3963 ἀποστολικὰ
767 3912 880 3974 τοῖς
918 3911 1291 3981 εὐαγγελικοῖς
1314 3954 1330 3979 ,
1384 3912 1479 3967 κα)⁵
1526 3912 1598 3968 τὰ
1646 3914 1980 3986 εὐαγγελικὰ

399 4002 513 4064 τοῖς
561 4002 938 4067 ἀποστολικοῖς
960 4042 977 4069 ,
1042 4002 1136 4058 καὶ
1177 4003 1247 4057 τὰ
1304 4001 1639 4059 ἀποστολικὰ
1684 4007 1797 4071 τοῖς
1842 4023 1977 4078 προ-

399 4092 669 4164 φητικοῖς.

472 4180 632 4239 Εἶτα·
666 4186 900 4255 Ἠγειρα
920 4185 1204 4251 βασιλέα.
1239 4186 1351 4242 Καὶ
1387 4183 1490 4241 ὦδε
1522 4189 1552 4242 ό
1584 4187 1812 4260 ἐγείρων
1838 4190 1976 4261 Χρι-

401 4276 526 4330 στὸν
558 4276 625 4331 ὲκ
654 4276 884 4349 νεκρῶν.
939 4277 997 4331 '0
1028 4276 1085 4332 δὲ
1115 4281 1157 4345 ¹,
1201 4280 1301 4333 Ἐν
1345 4278 1447 4333 σοὶ
1481 4280 1625 4346 Θεός
1657 4280 1830 4334 ἐστιν
1849 4319 1866 4343 ,
1899 4278 1977 4346 ὡς

401 4368 794 4440 μυστηριωδῶς
829 4369 899 4423 τὰ
924 4370 1102 4426 πάντα
1150 4371 1245 4425 καὶ
1290 4371 1607 4444 Θαυμασίως
1639 4372 1907 4444 διηγεῖται
1940 4376 1975 4445 ἡ

398 4459 520 4512 θεία
540 4459 730 4530 Γραφή
753 4460 765 4512 !
797 4460 1007 4531 Ὠσπερ
1035 4461 1144 4532 γὰρ
1170 4462 1230 4515 ὲν
1256 4461 1369 4533 ναῷ
1401 4462 1565 4535 σαρκὶ
1589 4463 1611 4495 ³
1636 4466 1973 4535 προεωρᾶτο,

2079 3258 2299 3327 quidem
2331 3262 2582 3317 eumdem
2610 3280 2805 3321 rursus
2823 3265 3024 3333 Regem
3051 3269 3328 3333 excitavit.
3357 3282 3415 3326 ut
3440 3285 3666 3330 sanctus

2080 3348 2378 3419 Apostolus
2390 3348 2483 3407 his
2500 3350 2686 3408 verbis
2705 3352 3008 3423 expressit:
3029 3353 3186 3421 Quod
3204 3356 3250 3410 εἰ
3263 3356 3496 3427 Spiritus
3524 3362 3661 3429 ejus,

2080 3441 2170 3511 qui
2206 3441 2482 3495 suscitavit
2501 3440 2774 3497 Christum
2799 3460 2832 3498 a
2863 3448 3105 3508 ntortuis,
3146 3446 3355 3502 habitat
3398 3451 3451 3505 in
3477 3455 3663 3518 vobis;

2080 3533 2171 3603 qui
2200 3534 2473 3588 suscitavit
2504 3534 2776 3590 Christum
2798 3553 2831 3591 a
2860 3539 3106 3600 mortuis,
3131 3540 3414 3610 viui/icabit
3437 3556 3487 3598 et
3522 3563 3664 3601 mor-

2081 3624 2217 3678 talia
2272 3641 2496 3695 corpora
2563 3636 2737 3682 vestra
2792 3644 2884 3698 per
2940 3630 3323 3689 inhabitantem
3402 3635 3662 3705 Spiritum

2079 3726 2234 3765 suum
2273 3713 2329 3766 in
2377 3713 2520 3768 vobis
2550 3714 2607 3781 ⁸,
2640 3724 2700 3770 ut
2738 3724 2795 3770 et
2844 3718 3234 3788 prOphctarum
3276 3727 3499 3781 oracula
3532 3744 3658 3784 cum

2082 3803 2431 3872 apostolicis,
2465 3815 2521 3859 et
2548 3809 2847 3878 apostolica
2869 3792 2995 3865 cum
3020 3815 3373 3884 evangelicis,
3409 3828 3465 3874 et
3484 3836 3657 3878 evan-

2084 3895 2260 3963 gelica
2298 3910 2424 3951 CIIIII
2481 3900 2843 3969 apostolicis,
2899 3905 3201 3974 apostolica
3263 3908 3501 3984 denique
3530 3926 3657 3972 ‘cuni

2081 3986 2420 4057 propheticis
2448 3992 2818 4047 consentiant.

2148 4183 2410 4253 Sequitur
2438 4205 2451 4241 :
2477 4185 2767 4244 Suscitam‘t
2818 4208 3003 4261 regem.
3025 4192 3092 4249 Et
3111 4195 3200 4252 hic
3216 4196 3528 4255 declaratur
3545 4202 3657 4267 ille,

2077 4276 2170 4347 qui
2204 4277 2483 4342 Christum
2529 4295 2558 4335 a
2614 4284 2844 4338 mortuis
2877 4286 3156 4342 excitavit.
3201 4290 3272 4345 At
3312 4308 3437 4347 cum
3489 4294 3655 4362 dicit,

2076 4368 2145 4424 lu
2175 4380 2223 4425 te
2255 4370 2396 4425 Deus
2438 4383 2560 4439 est,
2600 4383 2810 4444 quanto
2858 4392 2983 4431 cum
3036 4383 3333 4451 mysterio,
3383 4401 3659 4459 quamque

2075 4460 2472 4518 admirabiliter
2497 4464 2681 4520 omnia
2713 4464 2998 4538 Scriptura
3048 4486 3204 4527 sacra
3233 4479 3519 4548 proponit!
3556 4480 3654 4535 Et-

398 4550 493 4604 καὶ
529 4550 1037 4623 προκατηγγέλλετο
1061 4554 1128 4624 τῇ
1160 4552 1270 4606 τῶν
1313 4553 1615 4625 ἀνθρώπων
1647 4554 1851 4621 ἑλπίδι,
1884 4556 1972 4610 διὰ

2080 4555 2221 4610 enim
2247 4555 2304 4610 in
2344 4571 2542 4621 carne,
2572 4559 2719 4613 velut
2748 4559 2801 4614 in
2841 4563 3045 4633 templo
3084 4544 3320 4635 quodam
3341 4610 3356 4634 ,
3390 4573 3653 4641 praevide-

396 4644 495 4715 τῆς
539 4642 676 4714 πρὸς
725 4642 818 4696 τὸν
863 4642 995 4697 Θεὸν
1043 4645 1376 4717 ἐπιστροφῆς
1423 4647 1456 4716 ἡ
1505 4645 1713 4716 Θεότης.
1754 4648 1815 4700 '0
1862 4650 1972 4719 γὰρ

397 4733 527 4797 Υίὸς
571 4733 666 4788 τοῦ
709 4733 843 4787 Θεοῦ
877 4734 1010 4798 Θεὸς
1048 4736 1253 4805 Λόγος,
1294 4736 1370 4801 ὼς
1419 4738 1478 4790 ἐν
1516 4739 1667 4792 πόλει
1698 4738 1829 4812 ἁγίᾳ
1880 4741 1973 4794 καὶ

398 4825 457 4877 ὲν
506 4823 618 4895 ναῷ
650 4823 791 4895 ἁγίῳ
813 4864 828 4889 ,
861 4824 1143 4879 τουτέστιν
1179 4827 1237 4879 ὲν
1278 4829 1343 4898 τῇ
1391 4827 1522 4899 ἁγίᾳ
1565 4829 1974 4901 ὲνανθρωπήσει

396 4914 492 4969 καὶ
534 4917 783 4988 ὲνσάρκῳ
815 4917 1116 4989 παρουσίᾳ,
1151 4917 1283 4982 Θεὸς
1327 4916 1436 4984 ὢν,
1471 4919 1740 4973 κατοικῶν
1769 4920 1827 4973 ὲν
1858 4920 1970 4991 ναῷ

396 5004 538 5073 ἁγίῳ
588 5003 762 5072 λέγει·
818 5006 1057 5060 Λύσατε
1100 5008 1207 5060 τὸν
1249 5008 1401 5061 ναὸν
1448 5010 1666 5063 τοῦτον
1691 5050 1705 5073 ,
1748 5011 1847 5064 καὶ
1901 5011 1972 5066 ἐν

395 5094 596 5162 τρισὶν
647 5093 894 5165 ἡμέραις
928 5096 1111 5167 ἐγερῶ
1146 5100 1352 5153 αὐτόν.
1399 5100 1545 5153 Διότι
1586 5102 1862 5172 μυστικῶς
1900 5104 1972 5158 τὰ

395 5186 576 5239 πάντα
618 5186 893 5257 οἰκονομεῖ
931 5188 1067 5252 Θεὸς
1096 5189 1267 5258 Λόγος
1307 5190 1629 5255 ἀποσταλεὶς
1655 5194 1764 5247 ἀπὸ
1799 5194 1973 5248 Πνεύ-

399 5292 570 5345 ματος
596 5278 655 5329 ὲν
678 5278 860 5348 σαρκὶ,
890 5278 985 5331 καὶ
1006 5278 1302 5351 σύνδεσμον
1328 5281 1549 5353 ἀγάπης
1573 5283 1788 5349 δεικνὺς
1815 5286 1971 5354 ἐφέλ-

394 5383 572 5432 κεται,
604 5368 699 5423 καὶ
733 5370 1034 5441 σμικρύνας
1059 5373 1253 5426 ἑαυτὸν
1288 5373 1460 5443 μέγας
1492 5374 1569 5427 ὢν
1601 5376 1733 5440 Θεὸς
1753 5417 1771 5443 ,
1806 5378 1972 5443 αὐτὸς

395 5458 426 5511 6
456 5458 659 5525 Λόγος,
690 5461 755 5513 ὲκ
788 5460 1064 5531 Παρθένου
1097 5463 1187 5516 διὰ
1232 5463 1549 5535 Πνεύματος
1577 5466 1736 5535 ἁγίου
1775 5486 1970 5540 γεννη-

398 5551 511 5613 θεὶς
546 5550 672 5614 Υἱός
704 5551 861 5617 Θεοῦ,
891 5548 975 5617 εἷς
1010 5552 1087 5609 ὢν
1109 5595 1123 5620 ,
1159 5550 1349 5609 ἑαυτὸν
1378 5558 1541 5627 σαρκὶ
1572 5558 1665 5611 καὶ
1699 5559 1966 5631 πνεύματι

472 5705 488 5739 ¹
521 5705 583 5763 F.
614 5710 786 5780 φασί,
815 5711 902 5766 vel
951 5712 1237 5780 φάσκουσι.
1343 5716 1362 5744 ²
1388 5711 1448 5766 F.
1492 5716 1549 5768 τὸ
1574 5715 1651 5773 δέ.

1755 5719 1775 5794 ἕ
1898 5722 1957 5775 ἐν
1987 5720 2169 5794 σαρκί.

398 5793 512 5843 xiv.
542 5780 596 5839 9.
672 5781 691 5813 ⁷
723 5779 878 5838 Joan.
916 5779 1014 5848 vii,
1048 5784 1103 5838 4.
1179 5785 1200 5815 ⁸
1233 5782 1391 5840 Rom.
1422 5800 1539 5850 vm,
1576 5788 1659 5840 tl.
1740 5791 1759 5821 θ
1797 5789 1955 5847 Joan.
1989 5779 2068 5861 ιι,’
2098 5797 2181 5850 l9.

2078 4644 2271 4711 batur,
2320 4654 2485 4717 atque
2526 4649 2807 4705 hominum
2853 4654 2967 4721 spei
3002 4669 3100 4725 per
3130 4661 3542 4717 conversionem
3581 4666 3651 4721 ad

2074 4736 2246 4792 Deum
2283 4741 2673 4797 ostendebatur
2705 4743 2984 4801 divinitas.
3010 4747 3300 4820 .Siquidem
3328 4752 3421 4811 Dei
3454 4754 3649 4823 Filius,

2075 4842 2140 4883 ac
2188 4829 2331 4885 Deus
2382 4833 2499 4901 ipse
2551 4831 2823 4900 Verbum,
2871 4842 3029 4907 quasi
3082 4841 3137 4894 in
3186 4854 3372 4899 sancta
3415 4849 3653 4918 quadam

2075 4922 2210 4977 urbe
2264 4924 2626 4996 religiosoque
2676 4931 2908 4999 templo,
2954 4932 3211 4990 nimirum
3263 4939 3316 4992 in
3373 4952 3654 5014 assumpta

2075 5014 2314 5073 hominis
2356 5026 2551 5072 natura
2585 5027 2641 5073 et
2677 5021 3059 5080 incarnatione
3105 5025 3249 5084 Deus
3282 5032 3654 5097 exsistens,in

2075 5108 2448 5174 sanctissimo,
2478 5109 2724 5180 inquam,
2760 5116 2962 5185 templo
2993 5116 3250 5175 habitans
3273 5120 3343 5175 ita
3372 5122 3651 5194 loquitur:

2076 5196 2274 5253 Solvite
2331 5201 2582 5271 templum
2628 5204 2752 5271 hoc,
2785 5216 2836 5260 et
2877 5209 2933 5261 in
2971 5208 3141 5265 tribus
3186 5211 3367 5267 diebus
3408 5218 3652 5272 excitabo

2074 5288 2211 5341 illud
2240 5291 2283 5344 ’.
2317 5290 2588 5357 Quoniam
2622 5309 2718 5364 per
2746 5299 3064 5369 mysterium
3092 5302 3438 5361 administrat
3466 5310 3649 5364 omnia

2073 5398 2198 5436 cum
2231 5398 2399 5441 carne
2436 5387 2641 5444 missus
2673 5404 2703 5443 a
2750 5389 2954 5461 Spiritu
2982 5391 3125 5450 Deus
3166 5394 3435 5459 Verbum.
3486 5410 3653 5472 atque

2073 5476 2445 5533 arctissimum
2506 5480 2793 5543 charitatis
2846 5500 3044 5540 nexum
3086 5489 3382 5545 ostendens
3437 5492 3645 5560 allicit,

2084 5582 2209 5622 cum
2250 5583 2310 5623 se
2342 5573 2645 5639 praesertim
2697 5578 3010 5632 cxtenuavit
3040 5595 3267 5652 magnus
3316 5583 3433 5653 ipse
3481 5584 3649 5652 Deus,

2260 5727 2282 5758 ⁸
2309 5726 2327 5781 l
2356 5725 2495 5783 Tim.
2533 5746 2572 5796 ι,
2606 5732 2657 5787 7.
2753 5735 2773 5765 ⁵
2804 5732 2907 5792 lsa.
2944 5753 3066 5802 XLV,
3104 5738 3159 5793 ll
3202 5754 3329 5813 sqq.
3423 5743 3443 5774 ⁸
3481 5741 3650 5801 Joan.
