4176 6386
479 347 617 405 1007
1887 358 1943 412 S.
1996 359 2128 415 EPll

2075 360 2339 421 ’lPllANll
3582 382 3724 437 1008

479 463 824 535 Verhmnque
862 466 930 521 de
982 467 1197 539 Virgine
1242 469 1547 525 interventu
1582 472 1817 541 Spirier
1864 477 2040 529 sancti
2074 488 2114 543 Α

2074 488 2114 543 Α
2145 482 2239 535 ἕνα
2264 485 2518 549 τελέσας,
2550 488 2625 551 ὡς
2654 489 2827 557 λέγει’
2874 490 2929 541 '0
2958 492 3219 559 καταϐὰς
3245 496 3428 560 αὐτός
3457 496 3588 550 ἐστι
3620 502 3720 553 καὶ

473 558 688 626 genitus
722 558 813 612 Dei
844 556 1045 623 Filius,
1105 561 1196 629 qui
1240 577 1380 614 unus
1410 573 1571 632 atque
1602 564 1743 618 idem
1779 581 1899 620 sese
1931 583 2053 620 car-

2154 576 2189 625 δ
2236 576 2499 643 ἀναϐὰς,
2541 582 2573 632 δ
2621 556 2753 647 mi;
2803 581 2914 635 τοῦ
2955 556 3307 652 ἀνθρώπου,
3348 556 3504 641 es.
3534 590 3603 642 ἐν
3642 590 3725 656 τῷ

474 663 542 700 ne
569 648 875 718 spirituque
908 650 1154 718 perfecit.
1180 651 1299 718 Quo
1329 653 1459 707 illud
1505 656 1743 723 pertinet
1778 676 1789 710 :
1821 656 1925 722 Qui
1963 660 2054 711 dc—
2152 666 2403 732 οἰιρανῷ.

471 740 704 803 scendit.
740 742 850 810 ipse
886 751 963 796 est
1000 752 1049 795 ct
1069 744 1158 813 qui
1192 745 1427 798 ascendit
1454 744 1628 801 Filius
1681 748 1938 813 hominis,
1962 750 2053 817 qui

470 844 546 888 est
576 834 628 885 in
658 835 786 886 calo
811 833 851 885 ¹.

539 923 675 978 νιιι.
737 924 877 991 Quid
930 925 993 978 ad
1036 925 1149 979 haec
1178 925 1384 981 Noetus
1418 941 1542 980 cum
1596 944 1692 982 sua
1748 930 2047 986 stoliditate

2218 934 2298 987 H'.
2333 933 2398 987 Τί
2426 929 2516 988 οῦν
2545 935 2661 1006 ἐρεῖ
2694 936 2901 1006 Νοητὸς
2932 940 2991 991 ὲν
3020 940 3085 1008 τῇ
3128 939 3293 993 αὐτοῦ
3331 942 3555 1012 ἀνοησία
3582 960 3595 1005 ;
3624 945 3718 1013 Μὴ

469 1022 630 1084 atque
665 1016 898 1069 amentia
952 1024 1129 1084 potest
1164 1017 1441 1085 objicere?
1471 1017 1606 1071 Num
1646 1019 1699 1072 in
1731 1022 1871 1075 coelo
1914 1034 2045 1077 caro

2145 1021 2203 1071 ὲν
2244 1020 2322 1090 τῷ
2349 1021 2562 1092 οὐρανῷ
2596 1022 2731 1092 σὰρξ
2777 1020 2878 1094 ἧνς
2924 1026 3173 1095 Δηλονότι
3217 1029 3316 1082 οὐκ
3352 1025 3439 1099 ἦν.
3471 1031 3591 1094 Πῶς
3621 1029 3720 1085 οὖν

468 1111 592 1155 ante
618 1101 974 1155 versabatur?
1009 1102 1228 1158 Minime
1259 1104 1521 1175 profecto.
1554 1106 1839 1171 Quomodo
1879 1111 2045 1179 igitur

2155 1108 2219 1162 Ὀ
2251 1113 2511 1179 καταϐὰς
2538 1114 2608 1178 ἐξ
2636 1118 2929 1183 οὐρανοῦ,
2972 1119 3153 1185 αὑτός
3190 1119 3360 1172 ἐστιν
3388 1125 3421 1173 ό
3459 1122 3718 1188 ἀναϐἀς;

466 1194 555 1261 qui
574 1192 837 1247 descendit
865 1194 927 1247 de
950 1196 1097 1260 caelo,
1121 1196 1232 1263 ipse
1252 1207 1327 1250 est
1350 1199 1439 1267 qui
1461 1198 1693 1253 ascendit
1712 1203 1736 1256 ?
1754 1202 1916 1272 487
1937 1204 2041 1259 nisi

2156 1201 2292 1257 Ἀλλ’
2322 1204 2405 1256 ἵνα
2435 1205 2523 1257 τὸν
2551 1206 2876 1260 κατελθόντα
2922 1209 3094 1276 Λόγον
3125 1211 3343 1283 σημάνῃ
3376 1212 3437 1264 οὐ
3470 1214 3717 1267 κάτωθεν

467 1284 597 1337 illud
631 1286 938 1353 signiﬁcare
973 1288 1180 1351 voluit,
1216 1288 1449 1343 Verbum
1504 1291 1680 1361 ipsum
1706 1332 1719 1356 ,
1760 1294 1908 1361 quod
1944 1296 2039 1349 de-

2140 1289 2288 1355 ὄντα,
2315 1292 2451 1345 ἀλλὰ
2476 1293 2679 1346 ἄνωθεν
2704 1295 3046 1349 κατελθόντα.
3099 1298 3249 1349 Ἐπεὶ
3276 1299 3334 1351 δὲ
3361 1299 3715 1370 ὲνηνθρώπη-

465 1375 771 1439 scenderat,
823 1392 930 1430 non
967 1394 1031 1431 ex
1069 1377 1311 1433 inferiori
1343 1396 1467 1436 esse
1497 1382 1618 1436 loco
1646 1426 1659 1449 ,
1706 1384 1800 1439 sed
1837 1399 1867 1438 e
1901 1386 2040 1439 coelo

2142 1397 2231 1433 σεν
2265 1383 2322 1433 ἐν
2348 1383 2530 1451 σαρκὶ,
2562 1384 2663 1436 οὐκ
2691 1384 2801 1437 ἀπὸ
2832 1386 3147 1455 σπέρματος
3184 1387 3377 1458 ἀνδρὸς
3402 1428 3415 1449 ,
3453 1391 3516 1441 ἐκ
3549 1389 3716 1442 πνεύ-

463 1482 584 1520 esse
612 1466 912 1535 delapsum.
958 1466 1318 1537 Posteaquam
1366 1486 1496 1524 vero
1529 1486 1748 1527 carnem
1791 1474 2037 1529 hominis

2141 1486 2309 1539 ματος
2328 1471 2383 1524 δὲ
2409 1473 2502 1524 καὶ
2525 1472 2729 1542 σαρκὸς
2751 1474 3030 1528 ἐτελείωσε
3062 1477 3159 1547 τὴν
3186 1477 3352 1545 αὐτοῦ
3380 1479 3712 1549 οἰκονομίαν·

462 1560 787 1627 assumpsit,
827 1573 933 1612 non
969 1560 1117 1611 illam
1155 1559 1373 1629 quidem
1410 1577 1439 1615 e
1471 1562 1573 1615 viri
1609 1564 1817 1619 semine
1846 1580 2037 1619 susce-

2135 1560 2223 1613 διὰ
2260 1561 2447 1627 τοῦτο,
2511 1564 2640 1634 μίαν
2676 1567 2899 1637 ἑνότητα
2935 1570 3214 1638 σημαίνων
3259 1569 3358 1639 τῆς
3412 1570 3503 1623 τοῦ
3536 1572 3718 1639 Λόγου

462 1658 628 1717 ptam,
667 1664 697 1703 e
725 1650 918 1718 spiritu
952 1651 1155 1719 pariter
1184 1668 1247 1705 ac
1283 1667 1448 1707 carne
1479 1663 1651 1709 totum
1683 1658 2036 1712 administra-

2137 1653 2481 1720 συνενὼσεως
2538 1660 2633 1711 καὶ
2693 1660 2791 1731 τῆς
2858 1659 3262 1731 άνθρωπήσεως
3288 1700 3303 1723 ,
3365 1662 3562 1729 φάσκει
3616 1662 3713 1714 τὸν

460 1742 625 1793 tionis
651 1757 761 1794 sua:
793 1743 1065 1811 negotium
1098 1744 1343 1811 perfecit.
1371 1746 1737 1811 Quamobrem
1771 1759 1829 1803 ut
1861 1750 2029 1804 divini

2133 1743 2337 1797 ἄνωθεν
2374 1746 2577 1817 ἥκοντα
2604 1749 2721 1803 ἄνω
2774 1749 2977 1802 ἀνιέναι
3026 1751 3083 1802 ἐν
3124 1749 3399 1803 τελειώσει
3434 1750 3708 1820 θεότητος.

459 1832 617 1886 Verbi
673 1833 1027 1905 humanasque
1092 1844 1298 1889 natura:
1357 1838 1839 1907 conjunctionem,
1889 1853 1943 1898 et
1978 1845 2029 1897 in
2064 1826 2104 1882 Β

2064 1826 2104 1882 Β
2137 1838 2244 1892 Καὶ
2276 1838 2383 1908 γὰρ
2416 1839 2508 1894 νῦν
2534 1842 2562 1893 6
2600 1840 2674 1911 μὴ
2696 1841 2770 1893 ὧν
2800 1858 2951 1906 ποτε,
2973 1840 3107 1911 σάρξ
3134 1844 3281 1895 ἐστιν
3308 1844 3370 1894 ἐκ
3394 1841 3712 1912 Πνεύματος

459 1941 618 1978 unam
654 1926 1005 1996 eamdemque
1038 1942 1151 1979 rem
1182 1930 1642 1984 consociationem
1674 1942 2030 1998 monstraret,

2136 1930 2533 2000 καὶ-,Παρθένου
2553 1972 2566 1995 ,
2608 1933 2636 1984 6
2678 1932 3058 2002 προσενεχθεὶς
3087 1934 3260 2004 Ilath
3288 1933 3487 1996 τέλειος
3513 1933 3710 1999 Λόγος,

458 2016 605 2069 illum
634 2015 809 2087 ipsum
844 2018 999 2079 dixit,
1027 2018 1119 2086 qui
1143 2034 1173 2072 e
1210 2020 1349 2073 caelo
1382 2031 1647 2084 venerat,
1680 2024 1869 2078 eodem
1904 2039 2029 2079 eum

2132 2019 2191 2082 ὃς
2234 2020 2339 2089 πρὸ
2368 2018 2556 2073 τούτου
2598 2020 2657 2071 ὲν
2684 2020 2895 2088 οὐρανῷ
2927 2020 3025 2073 οὐκ
3062 2017 3129 2091 ἦν
3162 2020 3317 2091 σάρξ.
3356 2021 3421 2073 Τί
3447 2016 3537 2074 οὖν
3572 2016 3636 2091 ἦν
3680 2023 3715 2073 ὁ

455 2110 704 2163 absoluta
763 2110 1045 2164 divinitate
1100 2110 1349 2167 rediisse.
1408 2112 1561 2167 Nunc
1585 2115 1843 2177 enim,id
1884 2118 2031 2187 quod

2132 2112 2190 2164 ἐν
2237 2111 2449 2182 οὐρανῷ
2482 2110 2619 2166 ἀλλὰ
2664 2111 2833 2177 Λόγος
2878 2112 2906 2162 ὁ
2948 2111 3055 2165 ἀπὸ
3096 2113 3323 2183 οὐρανοῦ
3356 2111 3705 2175 ἀποσταλεὶς,

454 2209 580 2253 ante
637 2216 743 2253 non
779 2208 916 2261 erat,
952 2215 1081 2255 caro
1106 2212 1209 2264 est,
1252 2203 1319 2258 de
1373 2203 1575 2273 Spiritu
1630 2216 1917 2276 susceptus
1966 2223 2031 2263 ac

2132 2202 2272 2272 ἔχων
2316 2204 2412 2274 τὴν
2462 2206 2541 2267 είς
2596 2206 2721 2274 μίαν
2755 2203 2983 2272 θεάτητα
3033 2204 3226 2256 ἕνωσιν
3250 2244 3266 2266 ,
3304 2204 3442 2257 κατὰ
3475 2204 3704 2273 δύναμιν

454 2290 700 2359 Virgine;
738 2290 1033 2359 perfectum
1086 2308 1278 2363 nempe
1313 2292 1545 2349 Verbum
1588 2297 1829 2350 oblatum
1882 2296 2029 2354 Patri

2130 2292 2343 2363 Πατρὸς
2370 2293 2775 2363 συνηνωμένην.
2806 2294 2891 2346 ἵνα
2911 2291 3057 2362 δείξῃ
3084 2332 3097 2356 ,
3129 2294 3210 2345 ὃτι
3237 2294 3327 2345 ἐπὶ
3356 2294 3455 2363 γῆς
3491 2294 3583 2346 καὶ
3607 2294 3702 2344 οὐ-

455 2385 583 2445 Dco,
602 2384 745 2453 quod
770 2393 928 2438 antea
952 2400 1081 2438 caro
1106 2386 1158 2438 in
1179 2387 1319 2439 coelo
1342 2402 1451 2440 non
1480 2387 1672 2442 fuerat.
1698 2387 1840 2451 Quid
1865 2390 2030 2458 igitur

2133 2384 2293 2457 ρανοῦ
2324 2387 2353 2439 6
2402 2385 2563 2448 αὐτὸς
2605 2385 2735 2448 Θεὸς
2780 2385 2953 2453 Λόγος
2990 2386 3232 2455 ὑπῆρχεν
3260 2425 3275 2445 ,
3307 2383 3571 2453 ἄτρεπτος
3598 2385 3699 2446 ὢν,

454 2475 509 2527 in
545 2479 683 2527 caelo
725 2473 824 2526 fuit
852 2474 995 2527 aliud
1017 2516 1030 2537 ,
1068 2482 1263 2544 prater
1315 2475 1550 2531 Verbum
1583 2493 1614 2533 e
1650 2478 1791 2532 casio
1822 2478 2025 2535 demis—

2130 2476 2220 2530 καὶ
2250 2476 2626 2543 ἀναλλοίωτος;
2656 2476 2825 2544 Λόγος
2848 2477 2957 2548 γὰρ
2984 2472 3072 2546 ἧν,
3100 2475 3231 2537 Θεὸς
3251 2471 3317 2546 ἦν
3344 2476 3447 2540 ἀεὶ,
3476 2475 3700 2545 Πνεῦμα

454 2567 612 2619 sum?
651 2566 751 2619 Cui
796 2566 848 2617 in
884 2580 1045 2619 unam
1088 2565 1423 2621 divinitatem
1479 2569 1797 2637 conjunctio
1829 2586 2027 2625 conve-

2125 2564 2221 2639 ἦν,
2244 2568 2473 2639 δύναμις
2500 2564 2591 2640 ἦν,
2619 2568 2694 2631 ὼς
2724 2569 2745 2599 ⁸
2770 2568 2830 2621 τὸ
2860 2568 3035 2621 κοινὸν
3079 2568 3247 2638 ὄνομα
3286 2569 3377 2619 καὶ
3420 2567 3570 2637 παρὰ
3603 2570 3700 2620 dv-

452 2658 668 2721 niebat,
720 2655 1023 2710 secundum
1067 2663 1346 2725 paternam
1387 2658 1494 2710 vim
1548 2660 1799 2727 copulata
1863 2671 2025 2730 atque

2118 2657 2363 2729 θρώποις
2387 2659 2630 2730 χωρητδν
2658 2658 3030 2728 ἀνελάμϐανεν
3067 2660 3146 2721 είς
3176 2659 3387 2721 ἑαυτὸν,
3416 2658 3555 2710 οὕτω
3592 2675 3697 2710 κα-

452 2748 701 2804 eonllata.
763 2747 882 2813 Quo
935 2756 987 2801 et
1030 2748 1161 2802 illud
1218 2763 1325 2803 una
1375 2749 1715 2813 declararet,
1768 2752 1823 2804 in
1878 2759 2023 2806 terra

2123 2749 2380 2821 λούμενος
2409 2749 2534 2812 Υἱὸς
2559 2748 2841 2820 ἀνθρώπου
2864 2787 2878 2810 ,
2908 2747 3035 2810 Υἱὸς
3063 2746 3137 2799 ὢν
3162 2747 3317 2811 Θεοῦ,
3356 2749 3448 2801 καὶ
3471 2748 3527 2801 ἐν
3558 2763 3693 2813 προ-

450 2847 696 2910 οιειοᾳυε
723 2839 974 2894 eumdem
1003 2854 1125 2894 esse
1149 2838 1314 2893 Deum
1342 2838 1574 2893 Verbum
1595 2881 1608 2904 ,
1635 2844 2017 2899 conversionis

2124 2844 2321 2913 φήταις
2380 2842 2562 2914 προὼν
2592 2841 2920 2910 ὠνομάζετο,
2956 2840 3093 2911 ὅπερ
3133 2840 3284 2893 οὐπω
3317 2842 3375 2892 ἐν
3416 2842 3575 2911 σαρκὶ
3601 2836 3690 2909 ἦν,

449 2931 626 2986 omnis
639 2946 701 2984 ac
719 2930 1034 2983 mutationis
1048 2945 1196 2999 expc.
1214 2939 1341 2985 tem.
1370 2929 1498 2984 Erat
1523 2934 1726 3002 quippe
1762 2932 2019 2997 Verbum,

2120 2935 2207 2988 διὰ
2246 2935 2306 2987 τὸ
2338 2934 2527 3003 μέλλον
2566 2935 2623 2987 ὲν
2673 2934 2821 3004 αὐτῷ
2853 2932 3218 2987 τελειοῦσθαι·
3264 2933 3338 2995 ὡς
3372 2934 3465 2984 καὶ
3498 2931 3694 2999 Δανιὴλ

450 3022 592 3076 Deus
622 3034 735 3075 erat
765 3036 980 3091 semper
1000 3063 1013 3087 ,
1045 3032 1163 3075 erat
1193 3022 1454 3091 Spiritus,
1498 3024 1577 3078 vis
1610 3033 1731 3079 erat
1759 3025 2014 3091 denique.

2121 3021 2223 3091 ἔφη
2241 3038 2254 3049 ⁸
2287 3017 2467 3074 Εἶδον
2489 3021 2569 3085 ὡς
2600 3021 2737 3074 Πὸν
2767 3022 3079 3090 ἀνθρώπου
3107 3022 3433 3091 ἐρχόμενον
3455 3021 3551 3074 ἐπὶ
3575 3020 3698 3073 τῶν

448 3114 549 3177 Qui
592 3127 882 3169 commune
920 3112 1052 3166 illud
1102 3127 1322 3175 nomen,
1352 3114 1607 3183 quodque
1644 3114 1893 3168 homines
1924 3128 2018 3168 ca-
2047 3166 2086 3184 η

2047 3166 2086 3184 η
2119 3112 2405 3180 νεφελῶν.
2437 3112 2527 3164 Διὸ
2545 3112 2766 3176 δικαίως
2788 3115 2845 3165 ὲν
2872 3113 3084 3184 οὐρανῷ
3112 3114 3189 3183 τῷ
3214 3116 3438 3184 ὀνόματι
3463 3114 3643 3167 τοῦτον
3666 3114 3691 3145 ⁹

450 3220 575 3274 pere
621 3212 878 3274 possent,
918 3220 974 3257 In
1010 3203 1252 3272 seipsnm
1288 3206 1566 3275 suscepit,
1600 3220 1723 3259 cum
1775 3206 2013 3261 hominis
2044 3166 2086 3225 C

2044 3166 2086 3225 C
2116 3166 2207 3254 τὸν
2249 3166 2417 3269 Λόγον
2470 3198 2575 3255 εἶδε
2605 3166 2880 3271 Πνεῦματι
2932 3166 3070 3273 άγίιρ
3116 3166 3499 3275 ὀιπροςρήτης,
3538 3166 3693 3257 νΥΙὸν

448 3295 616 3349 Filius
646 3296 949 3365 appellatus
972 3306 1071 3359 est,
1106 3297 1355 3364 quamvis
1380 3295 1471 3350 Dei
1505 3296 1678 3352 Filius
1711 3305 1876 3351 esset.
1910 3298 2015 3362 Qui

2129 3294 2420 3361 ’Υψίστου
2444 3294 2752 3347 ἀποκαλῶν.
2783 3294 2873 3347 Διὸ
2916 3297 2985 3346 τὰ
3028 3295 3216 3365 πρῶτα
3246 3294 3447 3364 ὕστερα
3491 3294 3687 3364 σημαί-

447 3390 669 3456 insnper
694 3403 723 3439 a
758 3388 1034 3456 prophetis
1066 3388 1116 3439 id
1153 3388 1367 3456 ipsum,
1408 3389 1552 3456 quod
1594 3390 1648 3441 in
1683 3403 1848 3442 carne
1876 3405 2014 3442 non-

2117 3400 2222 3436 νων
2255 3385 2282 3434 6
2315 3383 2621 3454 Μονογενὴς
2643 3423 2657 3445 ,
2702 3384 2930 3451 φάσκει·
2970 3384 3179 3450 Οὐδεὶς
3209 3384 3575 3449 ἀναϐέϐηκεν
3599 3385 3692 3448 εἰς

446 3480 572 3532 dum
598 3488 872 3540 crat,esse
904 3487 1025 3531 ante
1056 3479 1525 3547 pronuntiabatur,
1558 3489 1775 3549 propter
1793 3479 1845 3533 id
1870 3479 2015 3548 quod

2117 3474 2223 3527 τὸν
2256 3475 2604 3543 οὐρανὸν,εὶ
2626 3474 2711 3544 μὴ
2740 3479 2772 3529 ό
2792 3476 2859 3529 ἐκ
2892 3474 2999 3529 τοῦ
3030 3475 3287 3541 οὐρανοῦ
3316 3475 3571 3540 καταϐὰς
3592 3514 3605 3539 ,
3650 3474 3688 3527 ό

444 3580 562 3623 erat
596 3570 648 3621 in
674 3585 738 3622 eo
763 3568 1169 3637 perliciendum.
1203 3567 1382 3633 Quare
1412 3571 1483 3622 ita
1514 3567 1700 3623 Daniel
1732 3569 1971 3637 loquitur
1997 3587 2011 3623 :

2127 3567 2257 3633 Υἱὸς
2290 3567 2394 3621 τοῦ
2435 3568 2780 3635 ἀνθρώπρυο
2811 3568 2907 3637 οὐχ
2955 3570 3036 3621 ὅτι
3078 3568 3134 3620 δὲ
3182 3567 3293 3621 ἄνω
3342 3562 3410 3637 ἦν
3456 3571 3487 3635 ἡ
3527 3564 3682 3635 σὰρξ,

453 3660 570 3714 Vidi
594 3677 741 3723 quasi
776 3658 976 3713 Filium
1024 3660 1248 3712 hominis
1276 3660 1557 3713 venientem
1619 3660 1673 3713 in
1720 3660 1940 3713 nubibus
1965 3661 2005 3713 ’.

2116 3660 2249 3714 ἀλλὰ
2278 3658 2481 3713 ἄνωθεν
2506 3661 2835 3732 κατήρχετο,
2863 3660 3037 3731 τούτῳ
3074 3660 3149 3731 τῷ
3172 3661 3313 3729 λόγῳ
3343 3658 3549 3730 μέλλων
3584 3676 3687 3711 κα-

445 3754 599 3807 Unde
629 3754 822 3808 merito
854 3754 907 3806 in
927 3754 1066 3807 caelo
1100 3754 1199 3806 hoc
1230 3752 1480 3805 allectum
1522 3752 1742 3806 nomine
1770 3752 2009 3807 Verbum
2115 3749 2343 3806 λείσθαι.

442 3848 614 3900 sancti
680 3846 915 3915 Spiritus
973 3845 1152 3899 alllatu
1217 3849 1480 3916 propheta
1536 3849 1839 3916 perspexit;
1898 3848 1990 3917 qui
2031 3844 2234 3899 Filium
2272 3843 2535 3896 ditissimi
2579 3844 2811 3898 vocavit.
2853 3844 3123 3910 Quocirca
3160 3860 3281 3914 qua:
3322 3843 3495 3914 prima
3554 3835 3715 3897 sunt'

440 3940 727 4008 pomeriori
765 3944 954 3995 Ordine
1007 3940 1291 3994 declarans
1340 3942 1649 4010 unigenitus
1690 3940 1783 3997 Dei
1820 3940 2026 3997 Filius:
2062 3940 2250 4006 Nemo,
2308 3939 2517 4008 inquit,
2572 3940 2805 3993 ascendit
2848 3941 2901 3993 in
2935 3941 3142 4004 coelum,
3185 3940 3289 3993 nisi
3330 3941 3419 4009 qui
3451 3938 3515 3992 de
3554 3938 3683 3991 εαιιυ

436 4029 733 4094 descendit,
779 4029 950 4085 Filius
985 4034 1229 4086 hominis.
1258 4031 1377 4086 Non
1416 4036 1556 4103 quod
1602 4050 1733 4088 caro
1774 4042 1921 4089 esset
1954 4036 2006 4088 in
2038 4034 2205 4095 caelo,
2252 4032 2348 4087 sed
2403 4030 2548 4101 quod
2580 4047 2611 4088 e
2645 4033 2812 4087 caelo’
2840 4032 3224 4097 descenderet,
3273 4032 3366 4102 qui
3409 4029 3681 4102 ejusmodi

433 4137 579 4181 esset
604 4128 867 4180 vocabulo
897 4128 1280 4182 nominandus.

506 4220 596 4275 IX.
639 4220 838 4275 Verum
888 4222 1018 4291 quid
1071 4222 1309 4285 tandem,
1354 4222 1427 4275 ini
1480 4222 1664 4284 homo,
1721 4221 2005 4291 proferes?

2179 4214 2253 4269 9'.
2307 4214 2466 4269 Ἀλλὰ
2512 4216 2564 4269 τί
2593 4218 2739 4269 ἐστιν
2785 4215 2813 4268 ὃ
2850 4217 3017 4285 ἐρεῖς,
3063 4211 3107 4266 ὦ
3135 4208 3323 4279 0510;;
3369 4215 3571 4286 Φησίν’
3615 4217 3679 4268 Ὁ

436 4314 706 4382 Scriptum
739 4322 842 4377 est,
886 4314 1098 4382 inquit:
1133 4312 1240 4367 Iste
1286 4312 1424 4366 Deus
1458 4322 1535 4367 est
1565 4324 1757 4376 naster,
1805 4323 1853 4367 et
1900 4329 2001 4366 non

2110 4310 2255 4376 Θεὸς
2295 4309 2485 4379 ἡμῶν,
2518 4310 2616 4363 καὶ
2650 4311 2720 4362 οὺ
2749 4307 3176 4377 λογισθήσεται
3224 4306 3433 4373 ἄλλος.
3483 4308 3708 4372 Καλῶς”

432 4406 782 4459 a’stinmbitur
830 4406 1025 4458 alius’.
1061 4404 1324 4460 Praeclare
1351 4421 1501 4470 vero,
1541 4405 1997 4476 quemadmodum
2028 4436 2077 4495 υ

2028 4436 2077 4495 D
2106 4400 2246 4454 πάνυ
2274 4400 2397 4471 ἔφη,
2426 4400 2501 4463 ὠς
2528 4401 2620 4452 καὶ
2638 4402 2666 4453 6
2699 4400 3012 4463 ’Λπόστολος
3038 4397 3454 4463 διαϐεϐαιοῦται,
3479 4399 3676 4467 λέγων’

432 4506 486 4551 et
524 4498 815 4566 Apostolus
859 4496 1085 4551 allirmat
1114 4515 1125 4550 :
1157 4497 1414 4562 Quorum,
1451 4497 1646 4567 inquit,
1681 4507 1857 4564 patres
1879 4537 1893 4558 ,
1934 4511 1999 4549 ex
2028 4487 2068 4495 ⁷

2028 4487 2068 4495 ⁷
2099 4487 2214 4547 Ὧν
2235 4496 2288 4546 οἱ
2325 4492 2594 4560 πατέρες,
2625 4492 2694 4558 ἐξ
2718 4487 2803 4545 ὧν
2832 4496 2865 4546 ό
2894 4492 3147 4561 Χριστὸς
3176 4492 3242 4545 τὸ
3268 4491 3415 4543 κατὰ
3452 4492 3672 4559 σάρκα,

432 4585 617 4653 quibus
664 4584 905 4639 Christus
949 4584 1235 4638 secundum
1284 4603 1531 4648 carnem;
1587 4590 1675 4655 qui
1722 4594 1799 4639 est
1847 4599 2000 4651 super

2097 4587 2129 4637 ό
2161 4583 2246 4638 ὢν
2280 4586 2377 4639 ἐπὶ
2405 4584 2644 4637 πάντων
2674 4585 2835 4649 Θεός.
2868 4583 3207 4653 Θαυμαστῶς
3249 4582 3529 4653 διηγεῖται.
3577 4580 3673 4637 Οὗ-

431 4676 608 4727 omnia
656 4674 790 4727 Deus
815 4676 856 4728 ⁸.
914 4673 1045 4739 Qua:
1101 4674 1315 4743 quidem
1366 4676 1761 4729 admirabiliter
1805 4677 1873 4728 ab
1934 4692 2000 4729 eo

2096 4693 2185 4739 τος
2212 4677 2320 4747 γὰρ
2350 4679 2377 4729 6
2410 4660 2508 4728 ὣνΔ
2534 4676 2679 4727 ἐστὶν
2720 4675 2811 4727 ἐπὶ
2858 4674 3073 4728 πάντων
3098 4673 3249 4737 Θεός.
3308 4672 3523 4744 Ἐπειδὴ
3561 4674 3672 4741 γὰρ

427 4767 572 4818 dicta
617 4776 763 4819 sunt.
800 4765 898 4819 Hic
940 4768 1108 4827 enim,
1160 4770 1251 4835 qui
1287 4776 1388 4831 est,
1432 4783 1585 4835 super
1629 4769 1807 4821 omnia
1859 4767 2000 4821 Deus

2098 4766 2257 4829 αὐτὸς
2284 4766 2518 4818 διδάσκει
2554 4764 2724 4833 ἡμᾶς,
2756 4761 2929 4830 λέγων
2949 4778 2961 4790 ⁶
2998 4761 3201 4815 Πάντα
3220 4781 3321 4831 μοι
3369 4763 3667 4832 παρεδόθη

423 4868 520 4910 est.
557 4856 688 4910 Nam
735 4873 857 4910 cum
899 4857 967 4910 iis
1001 4858 1115 4928 ipse
1162 4873 1264 4913 nos
1309 4860 1490 4914 verbis
1531 4859 1768 4914 doceat:
1803 4859 1996 4914 Omnia

2100 4855 2218 4909 ὑπὸ
2244 4856 2350 4910 τοῦ
2378 4856 2606 4923 Πατρός
2635 4872 2789 4923 pou:
2824 4854 2913 4907 διὰ
2939 4853 3097 4907 τοῦτο
3139 4854 3238 4908 ἐπὶ
3266 4854 3508 4934 πάντων
3535 4856 3668 4907 ἐστὶ

429 4948 554 4999 mihi
602 4947 799 5003 tradita
846 4957 965 5000 sunt
1002 4965 1034 5000 a
1080 4947 1241 5002 Patre
1279 4950 1467 5003 meo":
1511 4958 1795 5018 propterea
1839 4962 1995 5015 super

2103 4948 2262 5011 Θεός.
2292 4944 2447 4997 Οὕτω
2476 4945 2570 4997 καὶ
2623 4945 2873 5013 Ἰωάννης
2917 4947 3219 5017 μαρτυρεῖν
3241 4943 3414 5011 λέγων
3436 4961 3450 4975 ο
3499 4946 3559 4995 Ὃ
3589 4941 3670 5013 ἦν

425 5043 602 5092 omnia
625 5038 773 5092 Deus
801 5049 898 5092 est.
949 5041 1125 5109 Atque
1172 5041 1244 5093 ita
1275 5056 1489 5110 quoque
1528 5039 1768 5093 Joannes
1812 5047 1988 5092 testa-

2096 5035 2197 5088 ἀπ’
2255 5034 2482 5103 ἀρχῆς,
2536 5035 2567 5086 ὃ
2610 5034 2970 5103 ἀκηκόαμεν,
3024 5035 3121 5087 καὶ
3166 5035 3291 5098 τοῖς
3340 5034 3670 5102 ὀφθαλμοῖς

420 5137 510 5182 tur
537 5148 548 5182 :
579 5129 730 5194 Quod
759 5129 882 5197 fuit,
920 5129 1113 5199 inquit,
1157 5129 1323 5201 488
1350 5130 1414 5183 ab
1458 5132 1629 5190 initio,
1657 5128 1793 5199 quod
1827 5127 1981 5181 audi-

2093 5124 2461 5194 ἑωράκαμεν,
2516 5125 2614 5179 καὶ
2663 5130 2721 5179 αὶ
2771 5125 2966 5195 χεῖρες
3013 5123 3183 5194 ’ἡμῶν
3233 5122 3658 5192 ἐψηλάφησαν.

418 5223 605 5284 vimus,
636 5229 684 5273 et
711 5221 876 5273 oculis
900 5222 1144 5286 uidimus,
1182 5233 1230 5274 et
1263 5240 1448 5277 manus
1472 5233 1667 5276 nostrw
1689 5230 1983 5273 contrecta-

2084 5220 2197 5271 Καὶ
2251 5219 2411 5272 πάλιν
2459 5220 2623 5289 φησὶν
2675 5220 2732 5270 ὲν
2768 5222 2835 5290 τῇ
2882 5217 3283 5287 Ἀποκαλύψειο
3329 5219 3385 5269 '0
3424 5218 3509 5269 ὢν
3561 5218 3660 5270 ἀπ’

418 5313 662 5365 verunt“.
698 5313 771 5364 Ae
809 5327 1004 5368 rursus
1043 5313 1097 5366 in
1133 5314 1457 5385 Apocalypsi
1494 5334 1506 5367 :
1542 5314 1646 5379 Qui
1668 5322 1744 5366 est
1792 5311 1856 5364 ab
1882 5311 1985 5363 ini-

2087 5309 2302 5378 ἀρχῆς,
2358 5310 2455 5362 καὶ
2506 5313 2539 5364 ό
2595 5310 2918 5379 ἐρχόμενος
2964 5306 3415 5377 Παντοκράτωρ.
3469 5306 3661 5368 Καλῶς

416 5401 509 5463 lio,
542 5411 590 5454 et
615 5401 702 5469 qui
731 5410 973 5453 venturus
1019 5409 1096 5454 est
1131 5403 1463 5471 Omnipotens
1487 5403 1528 5457 '.
1568 5401 1794 5473 Egregie
1828 5400 1989 5470 plane

2090 5401 2231 5454 κατὰ
2287 5402 2461 5454 πάντα
2510 5397 2669 5455 εἷπε·
2728 5402 2905 5465 καλῶς
2955 5402 3063 5472 γὰρ
3108 5397 3264 5454 εἷπε·
3314 5401 3515 5453 Πάντα
3561 5416 3660 5468 μοι

414 5492 527 5546 Ιιῖοο
558 5493 624 5547 ab
646 5495 740 5547 illo
768 5494 1122 5562 pronuntiata
1151 5502 1299 5549 sunt.
1324 5497 1510 5560 llecte,
1532 5495 1776 5566 inquam,
1804 5493 1980 5546 dixit:

2092 5491 2385 5562 παρεδόθη
2436 5493 2553 5546 ὑπὸ
2611 5492 2717 5547 τοῦ
2769 5496 2998 5562 Πατρός
3045 5512 3164 5563 μου
3190 5512 3203 5524 ο
3275 5495 3369 5547 καὶ
3421 5491 3658 5562 ἀκριϐῶς

483 5671 786 5748 ‘_Joan._ul,
814 5673 898 5726 l5.
951 5676 995 5748 _’
1030 5672 1162 5748 Dan“.
1193 5690 1288 5748 vn,
1320 5676 1411 5748 l5.
1448 5675 1495 5748 ξ
1525 5673 1753 5748 Baruch.
1782 5690 1859 5748 ut,
1886 5673 1974 5726 56.
2048 5676 2069 5706 ⁸
2096 5675 2132 5748 ιι

2048 5676 2069 5706 ⁸
2096 5675 2253 5748 l}_om.
2287 5693 2361 5743 ix,
2386 5680 2437 5732 5.
2516 5682 2536 5712 ⁵
2570 5680 2755 5737 Matth.
2787 5697 2861 5746 ιι,
2886 5682 2986 5748 27;
3009 5681 3141 5737 Luc.
3171 5699 3223 5748 κ,
3261 5682 3343 5735 l2.
3422 5679 3655 5737 ‘lJoan.

411 5758 452 5807 ι,
490 5745 539 5796 1.
620 5744 638 5773 ⁷
662 5744 828 5811 Apoc.
875 5761 909 5805 ι,
946 5744 993 5796 1.
1070 5746 1089 5773 ³
1120 5741 1179 5798 F.
1212 5746 1288 5805 ὃς.
1394 5745 1414 5775 ⁹
1446 5742 1505 5797 F.
1538 5744 1707 5812 τούτῳ
1737 5741 1929 5797 etaim
1957 5760 2054 5813 pro
2084 5742 2208 5801 εἶδε.
