4176 6386
473 337 602 392 I009

1141 350 1514 408 ADVERSUS
1556 353 1895 409 IUEBESES
1920 353 2059 410 LIB.
2102 356 2165 411 II.
2208 356 2371 414 TOM.
2414 360 2454 414 I.
2491 393 2562 403 ——
2595 361 2873 418 HERES.
2913 363 3091 420 LVIII.

3594 365 3731 424 If‘IO

463 449 768 550 inscitiam.
802 458 942 550 ,Ἐπὶ
976 463 1182 530 πάντας
1237 468 1340 538 μὲν
1377 464 1469 523 οὖν
1500 469 1576 524 ὢν
1609 470 1762 534 Θεὸς,
1804 471 1945 541 ἔχων
1990 470 2035 523 δὲ

2151 472 2346 530 Omnia
2365 473 2501 530 mihi
2533 477 2734 532 tradita
2775 488 2953 533 sunta
2994 479 3152 534 Patre
3192 494 3324 546 meo,
3361 486 3726 550 accurateque

465 541 596 642 [διο-ν
656 549 823 642 αύτοῦ
885 553 1125 626 Πατέρα,
1187 560 1245 611 ὲν
1302 559 1380 629 τῷ
1427 559 1634 630 λέγειν’
1701 560 2035 630 Άπέρχομαέ

2149 583 2254 622 nos
2301 568 2509 624 docuit.
2534 570 2630 624 Ille
2659 571 2846 640 itaque
2885 587 3051 642 supra
3076 585 3268 626 omnes
3308 541 3452 626 I)eus
3489 541 3719 634 exstitit,

462 634 615 702 πρὸς
645 638 757 693 τόν
807 646 1058 713 Πατέρα.
1109 649 1173 700 Ei
1215 649 1273 702 δὲ
1319 646 1386 721 ἦν
1435 653 1598 716 αὐτὸς
1653 652 1862 724 Πατὴρ.
1911 652 2046 723 πρὸς

464 730 615 781 ποῖον
647 732 866 804 Πατέρα
891 736 1002 809 ἀρα
1030 740 1218 812 ἀπῄει,
1251 739 1296 794 ὦ
1353 743 1583 815 ἀνόητε,
1627 743 1795 798 Πάλιν
1821 744 1931 816 γάρ
1957 743 2046 797 λέ-

461 835 574 890 γει·
609 822 746 879 Ἵνα
775 822 928 882 ὦσιν
958 829 1048 897 ἐν,
1081 833 1162 899 ὡς
1198 834 1315 904 ἐγὼ
1347 834 1449 888 καὶ
1475 836 1557 890 σὺ
1593 835 1665 891 ἓν
1693 837 1898 907 ἐσμεν.

530 1115 586 1168 I'.
641 1116 753 1170 Ἀεὶ
785 1116 895 1189 γὰρ
925 1119 958 1190 ἡ
987 1119 1188 1191 Τραφὴ
1243 1120 1651 1193 ἀσφαλιζομένη
1682 1119 1782 1185 τὰς
1811 1122 1951 1176 κατὰ
1981 1122 2043 1177 τὸ

455 1205 623 1276 ἄκρον
677 1207 917 1272 πτώσεις
955 1209 1065 1263 τῶν
1107 1211 1431 1281 ἀνθρώπιον,
1467 1215 1532 1267 ἐκ
1575 1214 1908 1284 πανταχόθεν
1949 1215 2040 1268 τὸν

454 1294 582 1348 νοῦν
615 1296 838 1365 συνάγει
867 1299 961 1350 ἐπὶ
998 1298 1097 1371 τὴν
1137 1299 1312 1371 μέσην
1339 1302 1440 1372 τῆς
1476 1302 1735 1375 ἀληθείας
1761 1305 1898 1360 ὁδόν.
1929 1305 2040 1358 Καὶ

454 1388 592 1458 πρὸς
638 1389 863 1454 τούτους
915 1391 1016 1462 μὲν
1045 1394 1172 1457 τοὺς
1219 1395 1540 1464 νομίζοντας
1571 1397 1850 1469 ἀλλότριον
1899 1393 2038 1451 εἶναι

451 1481 546 1533 τὸν
582 1481 712 1536 Υίὸν
753 1483 849 1536 τοῦ
897 1485 1131 1556 Πατρὸς,
1169 1486 1312 1557 φημὶ
1350 1487 1407 1541 δὲ
1438 1487 1515 1551 ὡς
1552 1490 1766 1560 ’Ἄρειος
1807 1488 2036 1559 νομίζει,

451 1573 550 1628 καὶ
610 1575 771 1630 ἄλλαι
813 1577 1075 1649 αἱρέσεις,
1108 1578 1291 1649 λέγει·
1340 1579 1482 1650 Ἐγὼ
1510 1581 1609 1634 καὶ
1647 1584 1681 1635 ό
1721 1580 1926 1650 Πατὴρ
1968 1582 2040 1636 ἓν

445 1667 670 1736 ἐσμεν·
708 1669 849 1741 πρὸς
896 1669 955 1723 δὲ
1001 1671 1129 1734 τοὺς
1179 1670 1500 1742 νομίζοντας
1549 1670 1710 1725 αὐτὸν
1762 1667 1900 1726 εἶναι
1944 1672 2037 1727 τὸν

449 1757 690 1832 Πατέρα,
726 1761 820 1813 καὶ
847 1760 941 1814 τὸν
979 1760 1140 1815 αὑτὸν
1168 1757 1308 1814 εἶναι
1347 1761 1496 1826 Υἱὸν,
1528 1761 1619 1814 διά
1648 1760 1710 1814 τὸ
1734 1761 2031 1832 εἰρηκέναι,

2148 672 2275 712 cum
2328 659 2690 716 nihilominus
2738 661 2959 716 Patrem
2996 662 3195 716 habeat
3249 677 3433 717 suum.
3465 661 3621 727 Quod
3656 663 3726 717 iis

2145 750 2330 804 verbis
2378 753 2695 820 expressit:
2742 751 2884 806 Vado
2923 753 2993 806 ad
3037 752 3253 806 Patrem
3271 753 3312 806 '.
3353 750 3423 805 At
3462 754 3508 807 si
3553 751 3716 805 Pater

2143 852 2291 898 esset
2320 843 2456 912 ipse,
2485 859 2644 914 quem
2682 846 2904 899 tandem
2931 844 2997 898 ad
3032 843 3270 907 Patrem,
3305 858 3339 897 ο
3373 844 3558 908 stulte,
3599 843 3714 898 dis-

2145 934 2392 988 cederet?
2415 932 2489 987 Ita
2517 934 2717 1006 quippe
2752 950 2948 990 rursus
2976 935 3219 1004 loquitur
3250 952 3264 987 :
3296 931 3363 986 Ut
3391 934 3497 987 sint
3528 949 3714 996 unum,

2141 1024 2280 1077 sicut
2309 1040 2404 1095 ego
2421 1033 2471 1078 et
2501 1033 2559 1078 tu
2582 1042 2743 1079 unum
2766 1042 2947 1080 sumus
2970 1027 3012 1079 ³.

2216 1119 2283 1173 Χ.
2340 1120 2552 1175 Etenim
2608 1118 2893 1190 Scriptura
2946 1118 3052 1172 hoc
3103 1118 3446 1189 potissimum
3493 1133 3714 1181 cavens,

2140 1226 2211 1266 ne
2239 1211 2491 1265 homines
2513 1210 2579 1264 ad
2611 1217 2857 1264 extrema
2882 1222 3112 1277 quaeque
3133 1205 3444 1269 deﬂectant,
3476 1204 3714 1259 medium

2141 1301 2198 1356 in
2246 1303 2495 1358 veritatis
2539 1303 2642 1356 iter
2687 1301 2888 1370 ubique
2933 1315 3157 1354 sensum
3196 1297 3718 1368 intelligentiamque

2141 1394 2438 1464 compellit.
2473 1393 2837 1458 Quamobrem
2883 1399 2944 1444 ut
2993 1391 3098 1443 illis
3141 1397 3415 1455 occurrat,
3461 1389 3556 1458 qui
3593 1389 3718 1444 alie-

2139 1502 2273 1541 num
2304 1501 2333 1538 a
2375 1484 2537 1541 Patre
2567 1484 2763 1539 Filium
2793 1499 2918 1539 esse
2963 1483 3285 1553 praedicant,
3319 1496 3439 1550 quae
3468 1489 3550 1534 est
3575 1479 3714 1544 Arii,

2137 1579 2193 1626 et
2243 1571 2474 1625 aliarum
2515 1579 2790 1628 sectarum
2825 1570 3032 1640 opinio,
3079 1570 3160 1625 sic
3199 1569 3481 1639 loquitur:
3512 1566 3624 1639 Ego
3664 1579 3716 1622 et

2136 1663 2305 1718 Pater
2340 1680 2504 1717 unum
2534 1679 2716 1718 sumus
2734 1662 2778 1716 ⁸.
2825 1664 3029 1717 Contra
3059 1675 3212 1724 vero,
3247 1669 3307 1714 ut
3336 1675 3432 1716 eos
3475 1659 3712 1721 refellat,

2096 1750 2100 1755 ’
2137 1756 2229 1824 qui
2287 1753 2540 1809 eumdem
2574 1769 2700 1808 esse
2729 1751 2947 1806 Patrem
2987 1760 3041 1808 et
3076 1751 3271 1806 Filium
3304 1758 3578 1817 asserunt,
3615 1766 3710 1820 pro

461 1850 610 1920 Ἐγὼ
639 1851 740 1905 καί
768 1855 800 1906 ό
837 1852 1042 1921 Πατὴρ
1067 1852 1138 1907 ἐν
1175 1853 1382 1923 ἐσμεν,
1413 1852 1564 1922 λέγει
1583 1870 1596 1882 ο
1632 1851 1902 1921 Ποίησον
1929 1853 2035 1906 αὺ-

2137 1863 2202 1901 eo
2233 1847 2376 1917 quod
2416 1846 2592 1901 dixit:
2627 1845 2734 1916 Ego
2769 1854 2818 1899 et
2842 1843 3004 1898 Pater
3052 1860 3214 1897 unum
3248 1859 3452 1907 sumus,
3499 1844 3571 1896 ita
3606 1843 3713 1898 alio

443 1941 611 2010 τοὺς,
643 1943 745 1996 ἵνα
769 1937 923 1998 ὦσιν
953 1942 1042 2008 ἐν,
1074 1943 1271 2010 καθὼς
1315 1943 1431 2014 ἐγὼ
1467 1943 1566 1998 καὶ
1592 1943 1674 1997 σὺ
1702 1943 1775 1997 ἕν
1808 1944 2028 2012 ἐσμεν·

447 2033 535 2087 ἵνα
562 2033 898 2106 καταισχύνῃ
931 2035 1138 2106 Νοητὺν
1167 2035 1264 2089 καὶ
1305 2036 1403 2107 τὴν
1433 2035 1596 2089 αὑτοῦ
1643 2033 1856 2107 σχολὴν,
1885 2051 2030 2107 παρ-

443 2124 668 2193 αγαγὼν
719 2127 802 2190 είς
847 2127 913 2180 τὸ
964 2128 1131 2199 μέσον
1191 2128 1293 2200 τὴν
1341 2128 1451 2181 τῶν
1506 2127 1765 2199 μαθητῶν
1813 2127 2028 2182 ἕνωσιν.

443 2214 572 2278 Πῶς
607 2215 717 2288 γὰρ
753 2209 986 2288 ἠδύνατο
1015 2218 1222 2291 Πέτρος
1253 2219 1346 2272 καὶ
1387 2218 1637 2289 Ἰωάννης
1657 2259 1672 2281 ,
1703 2219 1799 2273 καὶ
1823 2220 1870 2272 οἱ
1899 2218 2032 2272 καθ-

443 2305 573 2376 εξῆς
601 2305 738 2363 εἶναι
772 2308 831 2363 ἐν
874 2309 950 2374 ὡς
983 2310 1507 2380 κατάσυναλοιφήη
1552 2309 1712 2364 Ἀλλά
1741 2309 1829 2363 διὰ
1856 2310 1919 2363 τὸ
1949 2305 2030 2364 εἷς

441 2415 530 2452 ναι
560 2401 618 2454 ἐν
655 2403 754 2473 μιᾷ
783 2402 995 2473 ένότητι
1025 2401 1297 2473 θεότητος,
1335 2403 1430 2455 καὶ
1458 2404 1516 2457 ἐν
1553 2403 1652 2475 μιᾷ
1682 2401 1898 2475 γνώμῃ,
1935 2401 2032 2455 καὶ

439 2491 690 2563 δυνάμει,
721 2496 803 2557 είς
829 2493 892 2547 τὸ
914 2493 1356 2564 ἀποκρούσασθαι
1386 2495 1566 2548 πᾶσαν
1598 2494 1854 2547 ὑπόνοιαν
1881 2493 2031 2547 κατὰ

443 2581 672 2654 θάτερον
712 2583 816 2654 τῆς
845 2584 1106 2657 ἀληθείας
1132 2587 1593 2659 ὲπανισταμένην.
1622 2587 1888 2651 Φίλιππος
1912 2587 1969 2641 δὲ
2001 2589 2030 2640 6

441 2672 598 2741 ἅγιος
629 2674 926 2738 ἀπόστολος
967 2675 1202 2746 φάσκειο
1236 2677 1444 2742 Δεῖξον
1471 2678 1618 2748 ἡμῖν
1645 2678 1756 2733 τὸν
1796 2679 2042 2749 Πατέρα,

438 2781 580 2820 σου.
625 2765 683 2820 '0
701 2766 758 2820 δὲ
787 2762 939 2822 εἶπεν
955 2786 969 2800 ·
995 2769 1060 2822 '0
1087 2769 1357 2838 ἑωρακὼς
1377 2771 1502 2841 ἐμὲ,
1530 2771 1750 2840 ἑώρακε
1776 2771 1885 2826 τὸν
1910 2775 2030 2825 Πα-

440 2855 600 2924 τέρα.
646 2857 758 2910 Καὶ
789 2857 890 2911 οὐκ
929 2853 1080 2914 εἷπεν
1105 2872 1118 2888 ⁸
1137 2858 1285 2930 Ἐγώ
1307 2861 1424 2929 ειμι
1458 2863 1490 2914 ὀ
1518 2860 1721 2930 Πατήρ
1740 2877 1755 2892 ⁸
1807 2860 1942 2914 ἀλλά
1967 2859 2028 2914 τὸ

439 2947 546 3017 ἐμὲ
595 2951 858 3019 σημαῖνον
893 2950 962 3004 τά
999 2952 1014 2981 ⁸
1067 2952 1258 3006 ἑαυτὸν
1303 2952 1478 3022 λέγων
1501 2969 1516 2985 ·
1572 2952 1634 3005 τὸ
1682 2953 1761 3018 δὲ,
1807 2951 2028 3021 ἑώρακε

439 3041 546 3094 τὸν
577 3040 830 3109 Πατέρα,
863 3042 961 3113 ούχ
996 3043 1187 3096 ἑαυτὸν
1233 3043 1425 3113 λέγων.
1461 3043 1624 3097 Ἀλλο
1642 3043 1753 3114 γὰρ
1781 3043 1863 3110 τὸ,
1897 3046 2023 3110 τὸν,

439 3133 534 3186 κα.)⁸
571 3132 699 3186 ἄλλο
724 3134 804 3198 τὸ,
829 3134 957 3204 ἐμὲ,
1003 3137 1097 3189 καὶ
1131 3135 1259 3190 ἄλλο
1285 3136 1424 3207 ἐγὼ,
1455 3138 1551 3191 καὶ
1579 3136 1767 3208 ἕτερον
1791 3137 1874 3204 τὸ,
1896 3137 2023 3205 ἐμέ.

2140 1937 2262 1992 Ιοοο
2292 1944 2549 2007 precatur
2576 1955 2588 1990 :
2614 1935 2728 1989 Fac
2756 1937 2918 2003 ipsas,
2943 1947 2999 1988 ut
3029 1937 3136 1990 sint
3169 1951 3353 2000 unum,
3386 1937 3522 1990 sicut
3549 1951 3639 2004 ego
3661 1944 3714 1990 et

2139 2041 2197 2084 tu
2234 2046 2397 2082 unum
2421 2045 2624 2083 sumus.
2660 2027 2780 2094 Quo
2809 2027 2980 2083 Noeto
3029 2029 3257 2098 ejusque
3300 2027 3500 2083 schola:
3534 2026 3711 2098 pudo-

2137 2136 2254 2176 rem
2290 2122 2541 2184 incutiat,
2581 2121 2710 2175 dum
2741 2121 2886 2175 illam
2918 2119 3316 2190 discipulorum
3355 2119 3712 2189 conjunctio-

2137 2228 2262 2268 nem
2291 2213 2344 2268 in
2384 2209 2624 2268 medium
2656 2212 2897 2267 adducit.
2926 2210 3044 2277 Qua
3070 2211 3216 2266 enim
3249 2212 3459 2265 ratione
3493 2209 3707 2274 Petrus,

2137 2313 2192 2360 et
2225 2303 2489 2368 Joannes,
2537 2313 2591 2358 et
2635 2303 2817 2358 caeteri
2859 2318 3027 2356 unum
3081 2317 3221 2367 esse,
3259 2302 3406 2355 velut
3454 2301 3508 2354 in
3543 2317 3712 2355 unum

2136 2397 2507 2452 coalescentes
2546 2396 2891 2466 confusique,
2937 2394 3267 2465 potuerunt?
3301 2392 3406 2447 Sed
3443 2407 3510 2447 eo
3547 2391 3710 2446 nimi-

2136 2503 2256 2543 rum
2287 2489 2378 2543 illa
2417 2489 2565 2544 dicta
2597 2496 2745 2553 sunt,
2781 2487 2927 2558 quod
2958 2487 3013 2540 in
3044 2486 3211 2541 unius
3242 2484 3548 2540 divinitatis
3576 2499 3711 2536 cou-

2131 2585 2434 2655 junctione.
2484 2585 2784 2654 eademque
2849 2581 3121 2638 sententia
3174 2595 3239 2634 ac
3283 2580 3486 2632 virtute
3528 2577 3710 2631 cousi-

2136 2686 2305 2741 stant,
2339 2685 2398 2732 ut
2431 2692 2588 2733 error
2621 2677 2802 2731 omnis
2844 2674 3166 2728 excludatur
3197 2687 3260 2726 ac
3308 2671 3546 2732 falsitas,
3593 2682 3721 2736 quae.

2135 2769 2348 2826 utravis
2382 2785 2446 2824 ex
2483 2777 2639 2840 parte
2665 2775 2858 2822 contra
2889 2767 3178 2822 veritatem
3205 2764 3474 2832 insurgat.
3505 2759 3712 2830 Philip,

2137 2877 2240 2932 pus
2275 2877 2408 2917 vero
2439 2861 2724 2931 apostolus
2757 2859 2904 2914 hunc
2933 2859 2988 2913 in
3018 2856 3239 2911 modum
3267 2853 3546 2910 Christum
3576 2851 3722 2905 allo--

2133 2953 2366 3023 quitur:
2403 2949 2631 3008 Ostende
2677 2949 2827 3004 nobis
2883 2949 3097 3004 Patrem
3139 2957 3306 2999 tuum.
3352 2944 3453 3000 Cui
3505 2942 3580 2997 ita
3623 2957 3713 2996 re-

2133 3046 2356 3116 spondit
2387 3065 2399 3100 :
2435 3045 2540 3111 Qui
2572 3044 2706 3099 videt
2737 3059 2838 3104 me,
2859 3043 2997 3096 videt
3018 3050 3066 3094 et
3087 3038 3299 3093 Patrem
3325 3037 3552 3091 meum“.
3591 3034 3709 3089 Non

2132 3137 2310 3192 dixit:
2342 3134 2454 3207 Ego
2503 3153 2622 3190 sum
2652 3134 2852 3188 Pater:
2877 3133 2970 3188 sed
3001 3148 3104 3195 me,
3151 3131 3294 3200 quod
3347 3129 3488 3183 idem
3534 3135 3619 3181 est
3647 3141 3710 3178 ac

439 3225 503 3276 Εἰ
549 3223 658 3297 γὰρ
702 3219 771 3295 ἦν
827 3226 857 3278 6
909 3225 1073 3290 αὐτὸς
1128 3227 1340 3299 Πατὴρ,
1394 3228 1610 3298 ἔλεγεν·
1681 3227 1821 3298 Ἐγώ
1872 3231 2022 3298 εἰμι·

2135 3229 2397 3298 seipsum,
2447 3228 2668 3297 adjecit.
2712 3226 2861 3289 Item,
2895 3223 3056 3289 videt,
3097 3220 3294 3292 inquit,
3333 3221 3571 3282 Patrem,
3600 3233 3710 3271 non

439 3313 628 3387 ἐπειδὴ
669 3313 724 3368 δὲ
759 3315 859 3369 ούκ
897 3317 1059 3382 αὐτός
1104 3319 1253 3374 ἐστιν
1300 3321 1328 3374 6
1373 3321 1582 3392 Πατὴρ,
1619 3320 1755 3374 ἀλλά
1794 3323 1823 3374 6
1876 3320 2025 3388 Υἱὸς,

437 3408 653 3479 ἀληθῶς
689 3407 874 3476 λέγει’
923 3409 986 3463 '0
1017 3411 1290 3480 ἑωρακὼς
1325 3413 1450 3482 ἐμὲ,
1497 3411 1721 3481 ἑώρακε
1749 3411 1860 3465 τὸν
1907 3415 2026 3465 Πα-

437 3499 613 3568 τέραο
665 3502 754 3558 ἴνα
792 3503 1204 3576 ἀποκρούσηται
1255 3503 1354 3575 τὴν
1395 3503 1490 3558 τοῦ
1537 3504 1748 3574 Ἀρείου
1785 3502 2028 3574 βλασφη-

441 3593 592 3662 μίαν,
637 3597 736 3666 τὴν
764 3595 856 3650 τὸν
881 3597 1011 3650 Υἱδν
1041 3596 1150 3650 ἀπὸ
1185 3596 1280 3650 τοῦ
1310 3597 1525 3668 Πατρὺς
1551 3595 1952 3668 ἀλλπριοῦσαν.

2134 3321 2326 3390 utique
2355 3319 2594 3389 seipsum
2633 3325 3048 3372 commemorat.
3086 3316 3243 3370 Aliud
3279 3315 3422 3369 enim
3458 3318 3538 3366 est
3576 3310 3709 3364 arti-

2135 3413 2294 3467 culus
2323 3411 2432 3475 ille,
2465 3410 2578 3472 τόν,
2625 3409 2774 3463 aliud
2833 3423 3156 3477 pronomen,
3195 3405 3330 3476 ἐμέ,
3390 3401 3534 3456 aliud
3575 3397 3707 3467 ἐγώ,

2135 3503 2282 3556 aliud
2323 3501 2445 3572 ἐμέ.
2477 3500 2608 3554 Nam
2655 3501 2700 3555 si
2732 3501 2849 3570 ipse
2873 3499 3035 3554 Pater
3085 3507 3253 3560 esset,
3287 3495 3495 3550 diceret
3530 3489 3712 3562 profe-

2137 3604 2266 3650 cto:
2305 3593 2416 3663 Ego
2449 3610 2586 3647 sum.
2622 3591 2805 3658 Quare
2853 3607 2976 3647 cum
3024 3591 3140 3661 ipse
3168 3589 3329 3643 Pater
3361 3586 3585 3640 minime
3616 3585 3709 3642 sit,

439 3688 532 3742 sed
567 3685 772 3756 Filius,
813 3709 940 3749 vere
982 3693 1132 3748 istud
1168 3695 1454 3764 usurpavit
1488 3712 1501 3748 :
1547 3692 1652 3760 Qui
1675 3692 1814 3747 videt
1869 3707 1989 3756 me,
2055 3691 2190 3746 videt
2227 3700 2280 3745 et
2335 3689 2585 3753 Patrem;
2638 3689 2704 3744 ad
2750 3687 3097 3744 rcfutandam
3140 3685 3254 3740 Arii
3296 3678 3708 3753 blasphemiam.

438 3795 562 3850 quae
584 3782 782 3840 Filium
813 3789 1017 3844 alienat
1044 3802 1073 3839 a
1103 3784 1284 3841 Patre.

511 3873 600 3926 Διὸ
628 3875 728 3945 τῆς
762 3876 942 3947 πάσης
970 3877 1194 3948 Γραφῆς
1223 3874 1412 3945 σαφῶς
1440 3875 1568 3946 περὶ
1601 3876 1857 3948 ἀληθείας
1894 3878 2026 3948 ἡμῖν

437 3963 539 4034 τὴν
567 3964 686 4018 ὁδὸν
715 3965 1136 4036 ὑποτιθεμένης,
1184 3965 1278 4017 καὶ
1319 3965 1508 4018 τοῦτον
1538 3965 1628 4019 τὸν
1669 3966 1900 4036 Νοητὸν,
1931 3967 2028 4018 καὶ

440 4054 538 4126 τὴν
568 4053 734 4108 αὐτοῦ
778 4057 1011 4128 αἵρεσιν,
1055 4054 1371 4125 Νοητιανῶν
1421 4072 1584 4127 φημι,
1634 4058 1730 4110 σὺν
1765 4058 1884 4119 ταῖς
1931 4055 2028 4108 ἄλ-

440 4141 563 4208 λαις
607 4143 850 4216 αἱρέσεσι
897 4145 1308 4217 παρωσάμενοι,
1339 4145 1526 4216 ὥσπερ
1585 4146 1914 4216 ὁστρακίτην
1937 4145 2030 4200 τὸν

441 4236 774 4308 καλούμενον
802 4237 1089 4310 δράκοντα,
1121 4236 1212 4289 τὸν
1243 4237 1316 4308 μὴ
1341 4237 1639 4308 δυνάμενον
1678 4236 2027 4306 κάμπτεσθαι

441 4331 500 4383 ἐν
532 4330 611 4402 τῷ
639 4329 1001 4384 καταδιώκειν
1029 4330 1332 4402 ἄνθρωπον,
1365 4331 1503 4402 μήτε
1543 4328 1693 4394 δεξιά
1724 4330 1860 4401 μήτε
1887 4328 2028 4381 εὑώα

440 4440 606 4493 νυμα,
657 4422 1007 4486 ἐκκλίναντες
1060 4423 1167 4476 ἀπὸ
1213 4422 1377 4476 αὐτοῦ
1423 4439 1482 4474 τε
1539 4422 1633 4474 καὶ
1680 4421 1780 4493 τῆς
1831 4421 2026 4474 ἑαυτοῦ

2203 3863 2335 3930 Quae
2365 3880 2488 3918 cum
2519 3863 2591 3916 ita
2633 3863 2764 3922 sint.
2808 3876 2872 3915 ac
2907 3877 3032 3915 cum
3070 3876 3240 3916 sacrae
3274 3875 3465 3916 omnes
3495 3860 3713 3916 Littera:

2134 3955 2279 4009 viam
2311 3955 2469 4008 nobis
2503 3954 2752 4008 veritatis
2792 3954 3104 4009 certissime
3131 3954 3530 4022 demonstrent,
3565 3967 3715 4024 post-

2134 4061 2298 4116 quam
2333 4045 2564 4099 Noetum
2601 4046 2789 4107 istum,
2811 4045 2880 4098 ab
2907 4060 3082 4114 eoque
3111 4055 3462 4115 propagatam
3490 4045 3710 4101 Noetia-

2135 4153 2330 4192 norum
2361 4138 2529 4210 489
2558 4145 2788 4203 sectam,
2827 4151 2933 4188 una
2965 4151 3090 4189 cum
3119 4137 3346 4205 reliquis
3392 4139 3713 4206 repulimua,

2136 4230 2365 4301 perinde
2421 4246 2484 4284 ac
2530 4231 2822 4283 draconem
2872 4228 3046 4288 illum,
3091 4229 3185 4297 qui
3235 4231 3556 4293 ostracites,
3600 4233 3715 4287 sive

2136 4331 2394 4378 testaceus
2438 4322 2670 4383 dicitur,
2718 4321 2810 4390 qui
2841 4334 2966 4372 cum
3006 4319 3282 4373 hominem
3339 4324 3711 4393 persequitur,

2136 4430 2312 4484 neque
2346 4414 2403 4468 in
2431 4414 2704 4479 dextram,
2744 4427 2922 4481 neque
2957 4411 3017 4465 in
3058 4410 3339 4466 sinistram
3379 4422 3589 4482 partem
3624 4414 3716 4469 IIe-
3745 4431 3751 4439 '

441 4515 659 4585 σχολῆς,
700 4515 794 4568 καὶ
850 4514 1172 4586 μοχθηρίας,
1206 4514 1298 4566 ἐπὶ
1332 4515 1431 4576 τάς
1464 4513 1593 4583 ὲξῆς
1631 4512 1858 4582 δυνάμει
1891 4511 2025 4565 Θεοῦ

2135 4515 2280 4562 ctere
2312 4522 2372 4561 se
2405 4507 2516 4560 ullo
2548 4505 2710 4559 modo
2749 4514 2926 4574 potest
2948 4504 3059 4558 :ab
3090 4504 3181 4556 illo
3215 4503 3456 4564 demum.
3483 4506 3715 4576 ejusque

437 4604 530 4658 τὸν
563 4603 686 4658 νοῦν
715 4605 1087 4675 ἀκοντίσωμεν
1109 4605 1244 4675 πρὸς
1261 4605 1511 4675 διήγησιν
1539 4605 1634 4656 καὶ
1672 4603 1894 4674 ἔλεγχον
1919 4601 2028 4655 τῶν

439 4696 500 4749 ἐν
538 4697 729 4769 αὐταῖς
761 4697 1201 4768 ὲπινενοημένων
1252 4696 1394 4751 κατὰ
1435 4697 1536 4767 τῆς
1584 4695 1841 4767 ἀληθείας
1885 4693 2029 4760 ξενο-

437 4789 651 4857 λεξιῶν.

927 4993 1118 5046 ΚΑΤΑ
1157 4994 1572 5060 ΟΥΑΛΗΣΙΩΝ,

515 5082 840 5153 Τριακοστὴ
879 5084 1081 5154 ὀγδόη,
1112 5089 1150 5154 ἡ
1182 5088 1280 5140 καὶ
1319 5089 1699 5157 πεντηκοστὴ
1732 5088 1932 5155 ὀγδόη.

512 5170 590 5224 Α’.
620 5171 757 5243 Περὶ
789 5173 1108 5244 Ούαλησίων
1137 5175 1411 5246 ἀκούομεν
1442 5175 1726 5238 πολλάκις,
1754 5176 1813 5228 οὐ
1848 5175 2033 5246 μέντοι

443 5260 689 5333 ἔγνωμεν
730 5261 856 5328 ποῦ,
902 5263 986 5328 τίς
1020 5265 1053 5335 ἢ
1102 5265 1268 5320 πόθεν
1313 5266 1558 5337 ὡρμᾶτο,
1595 5267 1627 5337 ἢ
1683 5267 1736 5318 τί
1769 5265 1961 5333 λέγων,
1998 5267 2031 5335 ἦ

2129 4600 2336 4664 schola,
2366 4608 2420 4654 et
2453 4598 2800 4669 improbitate
2841 4595 3205 4658 declinantes,
3250 4595 3317 4649 ad
3361 4603 3590 4652 caeteras
3623 4597 3712 4652 di-

2130 4696 2256 4748 vina
2287 4709 2388 4763 ope
2417 4693 2540 4748 freti
2562 4692 2803 4747 animum
2827 4692 3173 4760 adjiciamus,
3219 4696 3280 4743 ut
3308 4690 3626 4760 peregrinas
3655 4700 3713 4747 et

2134 4785 2410 4842 absurdas
2441 4783 2656 4839 dicendi
2683 4785 2930 4839 rationes
2952 4783 3221 4837 adversus
3251 4783 3528 4838 veritatem
3561 4786 3615 4838 in
3645 4785 3712 4838 il-

2135 4877 2204 4933 lis
2232 4878 2567 4949 excogitatas
2602 4885 2885 4946 pertexere
2933 4894 2997 4932 ac
3034 4879 3364 4948 redarguere
3408 4881 3705 4950 possimus.

2570 4989 2853 5046 CONTRA
2894 4990 3249 5054 VALESIOS,

2425 5081 2657 5136 Heresis
2689 5081 3029 5147 XXXVIII,
3059 5085 3165 5138 sive
3201 5082 3432 5138 LVIII.

2208 5177 2248 5229 1.
2293 5173 2680 5246 Saepenumero
2718 5177 2786 5231 de
2832 5175 3068 5231 Valesiis
3114 5177 3461 5243 audivimus,
3511 5177 3586 5230 ita
3635 5185 3714 5230 ta-

2138 5284 2262 5323 men
2292 5276 2354 5321 ut
2379 5269 2446 5322 de
2476 5267 2695 5323 illorum
2727 5277 2956 5324 auctore
2979 5267 3227 5334 Valente,
3257 5269 3478 5324 ubinam
3510 5269 3556 5323 is
3585 5286 3712 5340 gen-

442 5357 798 5428 νουθετῶν,ἢ
854 5359 1223 5430 φθεγγόμενος
1273 5360 1302 5411 6
1353 5361 1567 5432 Οὐάλης
1596 5353 1772 5426 οὗτος.
1805 5361 1879 5415 Τὸ
1930 5362 2029 5432 μὲν

2135 5359 2272 5413 tium
2325 5359 2513 5422 fuerit,
2559 5367 2654 5412 aut
2695 5357 2970 5413 undenam
3021 5359 3294 5415 excitatus
3343 5358 3540 5420 fuerit.
3594 5376 3713 5430 quae

441 5450 633 5518 ἧνομα,
685 5449 979 5522 Ἀραϐικὸν
1013 5450 1089 5520 (1)
1135 5451 1399 5523 ὑπάρχον,
1443 5452 1566 5505 τινὰ
1597 5453 1852 5504 ὑπόνοιαν
1896 5453 2030 5521 ἡμῖν

2135 5452 2283 5506 illius
2318 5449 2485 5515 dicta,
2516 5465 2638 5520 quae
2660 5456 2930 5520 prmeepta
2957 5464 3022 5504 ac
3063 5465 3346 5507 sermones
3371 5453 3708 5512 exstiterint.

441 5541 625 5596 δίδωσι
668 5542 1017 5615 διανοηθῆναι
1074 5541 1283 5609 τοῦτον,
1341 5545 1435 5596 καὶ
1477 5547 1576 5615 τὴν
1606 5542 1771 5598 αὐτοῦ
1816 5543 2030 5613 αἵρεσιν

2137 5542 2376 5598 nondum
2407 5541 2715 5613 comperire
2749 5542 3110 5613 potuerimus.
3144 5541 3468 5615 Quanquam
3499 5561 3566 5600 ex
3596 5545 3719 5616 ejus

439 5709 447 5718 -
515 5684 533 5716 ³
565 5681 691 5738 Cor.
725 5689 987 5756 σημαῖνον
1016 5687 1096 5742 τό.
1174 5689 1195 5719 ¹
1231 5685 1388 5742 Joan.
1425 5701 1538 5749 xvi,
1577 5686 1661 5740 l0.
1735 5685 1757 5718 ³
1785 5683 1942 5740 Joan.
1980 5703 2035 5740 xi

2139 5685 2229 5739 22.
2307 5686 2328 5717 ⁸
2356 5682 2516 5742 Joan.
2542 5701 2598 5752 ε,
2621 5685 2711 5741 30.
2785 5687 2806 5718 ⁵
2844 5683 3018 5743 .ῐοιιιι.¹
3040 5703 3152 5752 xiv,
3183 5687 3238 5754 8,
3275 5688 3332 5744 9.

514 5842 594 5917 (I)
641 5842 707 5899 Τὸ
734 5843 851 5916 μὲν
896 5841 1082 5913 ὄνομα
1121 5842 1450 5910 ’Λραόικόν.
1485 5838 1597 5895 Imo
1627 5838 1885 5896 Latinum
1965 5838 2173 5895 Valens.
