  <div class='ocr_page' id='page_1' title='image "/cluster/home/n/w/nwhite01/storage/ocr_20150623/41/nnc1.0046978747/569.png"; bbox 0 0 4176 6386; ppageno 0'>
   <div class='ocr_carea' id='block_1_1' title="bbox 510 360 2082 438">
    <p class='ocr_par' dir='ltr' id='par_1_1' title="bbox 510 360 2082 435">
     <span class='ocr_line' id='line_1_1' title="bbox 510 360 2082 435; baseline 0.011 -19"><span class='ocrx_word' id='word_1_1' title='bbox 510 360 634 417; x_wconf 76' lang='grc'><strong>1011</strong></span> <span class='ocrx_word' id='word_1_2' title='bbox 1889 377 1947 435; x_wconf 90' lang='lat' dir='ltr'><strong>S.</strong></span> <span class='ocrx_word' id='word_1_3' title='bbox 1991 379 2082 435; x_wconf 82' lang='grc' dir='ltr'><strong>ΕΡ]</strong></span> 
     </span>
    </p>
   </div>
   <div class='ocr_carea' id='block_1_2' title="bbox 2182 360 3748 438">
    <p class='ocr_par' dir='ltr' id='par_1_2' title="bbox 2182 378 3748 438">
     <span class='ocr_line' id='line_1_2' title="bbox 2182 378 3748 438; baseline 0.003 -5"><span class='ocrx_word' id='word_1_4' title='bbox 2182 378 2335 436; x_wconf 74' lang='lat' dir='ltr'><strong>IAN&quot;</strong></span> <span class='ocrx_word' id='word_1_5' title='bbox 3600 381 3748 438; x_wconf 57' lang='lat' dir='ltr'><strong>1M3</strong></span> 
     </span>
    </p>
   </div>
   <div class='ocr_carea' id='block_1_3' title="bbox 512 471 2082 565">
    <p class='ocr_par' dir='ltr' id='par_1_3' title="bbox 512 471 2072 565">
     <span class='ocr_line' id='line_1_3' title="bbox 512 471 2072 565; baseline 0.013 -39"><span class='ocrx_word' id='word_1_6' title='bbox 512 472 749 536; x_wconf 71' lang='lat' dir='ltr'><strong>aomine,</strong></span> <span class='ocrx_word' id='word_1_7' title='bbox 782 471 931 565; x_wconf 86' lang='lat' dir='ltr'><strong>quod</strong></span> <span class='ocrx_word' id='word_1_8' title='bbox 953 472 1245 565; x_wconf 67' lang='lat' dir='ltr'><strong>Armorum</strong></span> <span class='ocrx_word' id='word_1_9' title='bbox 1273 488 1380 543; x_wconf 88' lang='lat' dir='ltr'><strong>est,</strong></span> <span class='ocrx_word' id='word_1_10' title='bbox 1412 484 1672 539; x_wconf 85' lang='lat' dir='ltr'><strong>nonnulla</strong></span> <span class='ocrx_word' id='word_1_11' title='bbox 1708 487 1869 544; x_wconf 77' lang='lat' dir='ltr'><strong>nobis</strong></span> <span class='ocrx_word' id='word_1_12' title='bbox 1898 492 2072 561; x_wconf 82' lang='lat' dir='ltr'><strong>suspi-</strong></span> 
     </span>
    </p>
   </div>
   <div class='ocr_carea' id='block_1_4' title="bbox 2182 471 3747 565">
    <p class='ocr_par' dir='ltr' id='par_1_4' title="bbox 2182 490 3747 565">
     <span class='ocr_line' id='line_1_4' title="bbox 2182 490 3747 565; baseline -0.001 -20"><span class='ocrx_word' id='word_1_13' title='bbox 2182 492 2344 546; x_wconf 74' lang='grc' dir='ltr'><strong>εἰσέτι</strong></span> <span class='ocrx_word' id='word_1_14' title='bbox 2373 490 2530 561; x_wconf 81' lang='grc' dir='ltr'><strong>δεῦρο</strong></span> <span class='ocrx_word' id='word_1_15' title='bbox 2556 492 2836 565; x_wconf 66' lang='grc' dir='ltr'><strong>φέρεσθαι,</strong></span> <span class='ocrx_word' id='word_1_16' title='bbox 2865 492 2941 557; x_wconf 77' lang='grc' dir='ltr'><strong>ῶς</strong></span> <span class='ocrx_word' id='word_1_17' title='bbox 2970 495 3029 547; x_wconf 82' lang='grc' dir='ltr'><strong>ὲν</strong></span> <span class='ocrx_word' id='word_1_18' title='bbox 3056 492 3301 563; x_wconf 72' lang='grc' dir='ltr'><strong>ύπονοίᾳ,</strong></span> <span class='ocrx_word' id='word_1_19' title='bbox 3331 490 3579 562; x_wconf 79' lang='grc' dir='ltr'><strong>καθάπερ</strong></span> <span class='ocrx_word' id='word_1_20' title='bbox 3606 491 3747 562; x_wconf 63' lang='lat' dir='ltr'><strong>lem;</strong></span> 
     </span>
    </p>
   </div>
   <div class='ocr_carea' id='block_1_5' title="bbox 512 561 2082 654">
    <p class='ocr_par' dir='ltr' id='par_1_5' title="bbox 512 561 2075 651">
     <span class='ocr_line' id='line_1_5' title="bbox 512 561 2075 651; baseline 0.015 -39"><span class='ocrx_word' id='word_1_21' title='bbox 512 561 591 613; x_wconf 80' lang='lat' dir='ltr'><strong>:io</strong></span> <span class='ocrx_word' id='word_1_22' title='bbox 635 568 744 625; x_wconf 83' lang='lat' dir='ltr'><strong>est,</strong></span> <span class='ocrx_word' id='word_1_23' title='bbox 789 563 843 616; x_wconf 92' lang='lat' dir='ltr'><strong>in</strong></span> <span class='ocrx_word' id='word_1_24' title='bbox 890 564 1080 618; x_wconf 85' lang='lat' dir='ltr'><strong>eadem</strong></span> <span class='ocrx_word' id='word_1_25' title='bbox 1136 566 1286 621; x_wconf 89' lang='lat' dir='ltr'><strong>illum</strong></span> <span class='ocrx_word' id='word_1_26' title='bbox 1344 572 1601 641; x_wconf 93' lang='lat' dir='ltr'><strong>opinione</strong></span> <span class='ocrx_word' id='word_1_27' title='bbox 1664 576 1857 644; x_wconf 80' lang='lat' dir='ltr'><strong>fuisse,</strong></span> <span class='ocrx_word' id='word_1_28' title='bbox 1913 588 2075 651; x_wconf 86' lang='lat' dir='ltr'><strong>atque</strong></span> 
     </span>
    </p>
   </div>
   <div class='ocr_carea' id='block_1_6' title="bbox 2182 561 3746 654">
    <p class='ocr_par' dir='ltr' id='par_1_6' title="bbox 2182 561 3746 654">
     <span class='ocr_line' id='line_1_6' title="bbox 2182 561 3746 654; baseline -0.001 -20"><span class='ocrx_word' id='word_1_29' title='bbox 2182 582 2323 647; x_wconf 76' lang='grc' dir='ltr'><strong>τινὰς</strong></span> <span class='ocrx_word' id='word_1_30' title='bbox 2364 584 2523 647; x_wconf 70' lang='grc' dir='ltr'><strong>ὂντας</strong></span> <span class='ocrx_word' id='word_1_31' title='bbox 2570 561 2643 637; x_wconf 69' lang='grc' dir='ltr'><strong>ἐν⁷</strong></span> <span class='ocrx_word' id='word_1_32' title='bbox 2673 584 2940 647; x_wconf 80' lang='grc' dir='ltr'><strong>Βακάθοις</strong></span> <span class='ocrx_word' id='word_1_33' title='bbox 2973 584 3074 654; x_wconf 83' lang='grc' dir='ltr'><strong>τῆς</strong></span> <span class='ocrx_word' id='word_1_34' title='bbox 3118 561 3517 653; x_wconf 61' lang='grc' dir='ltr'><strong>Φιλαδελφηνῆς</strong></span> <span class='ocrx_word' id='word_1_35' title='bbox 3554 561 3746 652; x_wconf 75' lang='grc' dir='ltr'><strong>χώρας</strong></span> 
     </span>
    </p>
   </div>
   <div class='ocr_carea' id='block_1_7' title="bbox 512 653 2082 746">
    <p class='ocr_par' dir='ltr' id='par_1_7' title="bbox 512 653 2072 737">
     <span class='ocr_line' id='line_1_7' title="bbox 512 653 2072 737; baseline 0.017 -37"><span class='ocrx_word' id='word_1_36' title='bbox 512 653 681 721; x_wconf 73' lang='lat' dir='ltr'><strong>.psius</strong></span> <span class='ocrx_word' id='word_1_37' title='bbox 701 654 805 709; x_wconf 88' lang='lat' dir='ltr'><strong>hoc</strong></span> <span class='ocrx_word' id='word_1_38' title='bbox 828 663 1071 725; x_wconf 86' lang='lat' dir='ltr'><strong>tempore</strong></span> <span class='ocrx_word' id='word_1_39' title='bbox 1096 661 1302 714; x_wconf 81' lang='lat' dir='ltr'><strong>versari</strong></span> <span class='ocrx_word' id='word_1_40' title='bbox 1336 671 1566 727; x_wconf 86' lang='lat' dir='ltr'><strong>sectam,</strong></span> <span class='ocrx_word' id='word_1_41' title='bbox 1593 682 1759 737; x_wconf 89' lang='lat' dir='ltr'><strong>quam</strong></span> <span class='ocrx_word' id='word_1_42' title='bbox 1786 684 1909 725; x_wconf 88' lang='lat' dir='ltr'><strong>esse</strong></span> <span class='ocrx_word' id='word_1_43' title='bbox 1931 686 2072 726; x_wconf 82' lang='lat' dir='ltr'><strong>non-</strong></span> 
     </span>
    </p>
   </div>
   <div class='ocr_carea' id='block_1_8' title="bbox 2182 653 3745 746">
    <p class='ocr_par' dir='ltr' id='par_1_8' title="bbox 2182 653 3745 746">
     <span class='ocr_line' id='line_1_8' title="bbox 2182 653 3745 746; baseline 0.002 -21"><span class='ocrx_word' id='word_1_44' title='bbox 2182 672 2345 745; x_wconf 77' lang='grc' dir='ltr'><strong>πιραν</strong></span> <span class='ocrx_word' id='word_1_45' title='bbox 2381 673 2479 727; x_wconf 79' lang='grc' dir='ltr'><strong>τοῦ</strong></span> <span class='ocrx_word' id='word_1_46' title='bbox 2525 674 2805 746; x_wconf 74' lang='grc' dir='ltr'><strong>Ἰορδάνου.</strong></span> <span class='ocrx_word' id='word_1_47' title='bbox 2842 676 2951 727; x_wconf 76' lang='grc' dir='ltr'><strong>Καὶ</strong></span> <span class='ocrx_word' id='word_1_48' title='bbox 2977 653 3038 728; x_wconf 79' lang='grc' dir='ltr'><strong>οι</strong></span> <span class='ocrx_word' id='word_1_49' title='bbox 3073 676 3171 746; x_wconf 71' lang='grc' dir='ltr'><strong>μιν</strong></span> <span class='ocrx_word' id='word_1_50' title='bbox 3216 674 3497 746; x_wconf 80' lang='grc' dir='ltr'><strong>ἐπιχώριοι</strong></span> <span class='ocrx_word' id='word_1_51' title='bbox 3524 676 3745 739; x_wconf 76' lang='grc' dir='ltr'><strong>τούτους</strong></span> 
     </span>
    </p>
   </div>
   <div class='ocr_carea' id='block_1_9' title="bbox 512 744 2082 835">
    <p class='ocr_par' dir='ltr' id='par_1_9' title="bbox 512 744 2074 830">
     <span class='ocr_line' id='line_1_9' title="bbox 512 744 2074 830; baseline 0.015 -36"><span class='ocrx_word' id='word_1_52' title='bbox 512 744 781 798; x_wconf 76' lang='lat' dir='ltr'><strong>nullorum</strong></span> <span class='ocrx_word' id='word_1_53' title='bbox 822 745 1062 801; x_wconf 83' lang='lat' dir='ltr'><strong>diximus</strong></span> <span class='ocrx_word' id='word_1_54' title='bbox 1086 786 1102 813; x_wconf 91' lang='lat'><strong>,</strong></span> <span class='ocrx_word' id='word_1_55' title='bbox 1151 748 1247 818; x_wconf 89' lang='lat' dir='ltr'><strong>qui</strong></span> <span class='ocrx_word' id='word_1_56' title='bbox 1278 750 1331 805; x_wconf 91' lang='lat' dir='ltr'><strong>in</strong></span> <span class='ocrx_word' id='word_1_57' title='bbox 1358 749 1615 811; x_wconf 87' lang='lat' dir='ltr'><strong>Bacathis</strong></span> <span class='ocrx_word' id='word_1_58' title='bbox 1640 756 2074 830; x_wconf 75' lang='lat' dir='ltr'><strong>Philadelphena:</strong></span> 
     </span>
    </p>
   </div>
   <div class='ocr_carea' id='block_1_10' title="bbox 2182 744 3746 835">
    <p class='ocr_par' dir='ltr' id='par_1_10' title="bbox 2182 744 3746 835">
     <span class='ocr_line' id='line_1_10' title="bbox 2182 744 3746 835; baseline -0.001 -16"><span class='ocrx_word' id='word_1_59' title='bbox 2182 766 2509 830; x_wconf 79' lang='grc' dir='ltr'><strong>Γνωστικοὺς</strong></span> <span class='ocrx_word' id='word_1_60' title='bbox 2538 744 2822 835; x_wconf 79' lang='grc' dir='ltr'><strong>βούλονται</strong></span> <span class='ocrx_word' id='word_1_61' title='bbox 2853 764 3032 833; x_wconf 78' lang='grc' dir='ltr'><strong>λέγειν</strong></span> <span class='ocrx_word' id='word_1_62' title='bbox 3049 744 3085 796; x_wconf 13' lang='grc' dir='ltr'><strong>’ἡ</strong></span> <span class='ocrx_word' id='word_1_63' title='bbox 3109 766 3209 820; x_wconf 78' lang='grc' dir='ltr'><strong>οὐκ</strong></span> <span class='ocrx_word' id='word_1_64' title='bbox 3235 744 3343 819; x_wconf 64' lang='grc' dir='ltr'><strong>εἰσί</strong></span> <span class='ocrx_word' id='word_1_65' title='bbox 3452 766 3560 819; x_wconf 75' lang='grc' dir='ltr'><strong>σῶν</strong></span> <span class='ocrx_word' id='word_1_66' title='bbox 3599 767 3746 819; x_wconf 69' lang='lat' dir='ltr'><strong>rvu-</strong></span> 
     </span>
    </p>
   </div>
   <div class='ocr_carea' id='block_1_11' title="bbox 512 836 2082 930">
    <p class='ocr_par' dir='ltr' id='par_1_11' title="bbox 512 836 2074 930">
     <span class='ocr_line' id='line_1_11' title="bbox 512 836 2074 930; baseline 0.012 -41"><span class='ocrx_word' id='word_1_67' title='bbox 512 836 805 930; x_wconf 74' lang='lat' dir='ltr'><strong>provincia:</strong></span> <span class='ocrx_word' id='word_1_68' title='bbox 839 836 1298 930; x_wconf 75' lang='lat' dir='ltr'><strong>ultraJordanem</strong></span> <span class='ocrx_word' id='word_1_69' title='bbox 1333 840 1605 901; x_wconf 84' lang='lat' dir='ltr'><strong>habitant.</strong></span> <span class='ocrx_word' id='word_1_70' title='bbox 1634 848 1739 917; x_wconf 87' lang='lat' dir='ltr'><strong>Qui</strong></span> <span class='ocrx_word' id='word_1_71' title='bbox 1758 850 1983 921; x_wconf 80' lang='lat' dir='ltr'><strong>quidem</strong></span> <span class='ocrx_word' id='word_1_72' title='bbox 2003 854 2074 909; x_wconf 87' lang='lat' dir='ltr'><strong>ab</strong></span> 
     </span>
    </p>
   </div>
   <div class='ocr_carea' id='block_1_12' title="bbox 2182 836 3747 930">
    <p class='ocr_par' dir='ltr' id='par_1_12' title="bbox 2182 856 3747 930">
     <span class='ocr_line' id='line_1_12' title="bbox 2182 856 3747 930; baseline 0.001 -20"><span class='ocrx_word' id='word_1_73' title='bbox 2182 857 2407 911; x_wconf 72' lang='grc' dir='ltr'><strong>ττικῶν·</strong></span> <span class='ocrx_word' id='word_1_74' title='bbox 2455 858 2619 929; x_wconf 68' lang='grc' dir='ltr'><strong>ἕτερα</strong></span> <span class='ocrx_word' id='word_1_75' title='bbox 2665 858 2776 929; x_wconf 83' lang='grc' dir='ltr'><strong>γὰρ</strong></span> <span class='ocrx_word' id='word_1_76' title='bbox 2818 858 3021 912; x_wconf 84' lang='grc' dir='ltr'><strong>τούτων</strong></span> <span class='ocrx_word' id='word_1_77' title='bbox 3055 858 3126 912; x_wconf 79' lang='grc' dir='ltr'><strong>τά</strong></span> <span class='ocrx_word' id='word_1_78' title='bbox 3169 859 3511 930; x_wconf 78' lang='grc' dir='ltr'><strong>φρονήματα.</strong></span> <span class='ocrx_word' id='word_1_79' title='bbox 3558 856 3638 912; x_wconf 79' lang='grc' dir='ltr'><strong>Τά</strong></span> <span class='ocrx_word' id='word_1_80' title='bbox 3681 858 3747 911; x_wconf 77' lang='grc' dir='ltr'><strong>δέ</strong></span> 
     </span>
    </p>
   </div>
   <div class='ocr_carea' id='block_1_13' title="bbox 511 926 2082 1019">
    <p class='ocr_par' dir='ltr' id='par_1_13' title="bbox 511 926 2071 1011">
     <span class='ocr_line' id='line_1_13' title="bbox 511 926 2071 1011; baseline 0.012 -31"><span class='ocrx_word' id='word_1_81' title='bbox 511 926 631 993; x_wconf 86' lang='lat' dir='ltr'><strong>ejus</strong></span> <span class='ocrx_word' id='word_1_82' title='bbox 680 926 783 980; x_wconf 89' lang='lat' dir='ltr'><strong>loci</strong></span> <span class='ocrx_word' id='word_1_83' title='bbox 837 927 1034 983; x_wconf 80' lang='lat' dir='ltr'><strong>incolis</strong></span> <span class='ocrx_word' id='word_1_84' title='bbox 1092 928 1338 988; x_wconf 82' lang='lat' dir='ltr'><strong>Gnostici</strong></span> <span class='ocrx_word' id='word_1_85' title='bbox 1392 937 1782 1004; x_wconf 74' lang='lat' dir='ltr'><strong>nominantur,</strong></span> <span class='ocrx_word' id='word_1_86' title='bbox 1819 945 2071 1011; x_wconf 75' lang='lat' dir='ltr'><strong>quamvis</strong></span> 
     </span>
    </p>
   </div>
   <div class='ocr_carea' id='block_1_14' title="bbox 2182 926 3563 1019">
    <p class='ocr_par' dir='ltr' id='par_1_14' title="bbox 2182 926 3563 1019">
     <span class='ocr_line' id='line_1_14' title="bbox 2182 926 3563 1019; baseline 0 -18"><span class='ocrx_word' id='word_1_87' title='bbox 2182 949 2250 1012; x_wconf 75' lang='grc' dir='ltr'><strong>είς</strong></span> <span class='ocrx_word' id='word_1_88' title='bbox 2278 949 2426 1019; x_wconf 76' lang='grc' dir='ltr'><strong>ἡμᾶς</strong></span> <span class='ocrx_word' id='word_1_89' title='bbox 2466 926 2689 1002; x_wconf 62' lang='grc' dir='ltr'><strong>ἐλθόντα</strong></span> <span class='ocrx_word' id='word_1_90' title='bbox 2729 926 2970 1019; x_wconf 79' lang='grc' dir='ltr'><strong>περιέχει</strong></span> <span class='ocrx_word' id='word_1_91' title='bbox 2999 926 3191 1002; x_wconf 78' lang='grc' dir='ltr'><strong>τοῦτον</strong></span> <span class='ocrx_word' id='word_1_92' title='bbox 3213 926 3307 1001; x_wconf 73' lang='grc' dir='ltr'><strong>τὸν</strong></span> 
     </span>
    </p>
   </div>
   <div class='ocr_carea' id='block_1_15' title="bbox 511 1018 3745 1111">
    <p class='ocr_par' dir='ltr' id='par_1_15' title="bbox 511 1018 3745 1111">
     <span class='ocr_line' id='line_1_15' title="bbox 511 1018 3745 1111; baseline 0.009 -41"><span class='ocrx_word' id='word_1_93' title='bbox 511 1018 735 1073; x_wconf 85' lang='lat' dir='ltr'><strong>minime</strong></span> <span class='ocrx_word' id='word_1_94' title='bbox 774 1018 1023 1074; x_wconf 83' lang='lat' dir='ltr'><strong>Gnostici</strong></span> <span class='ocrx_word' id='word_1_95' title='bbox 1074 1022 1206 1087; x_wconf 86' lang='lat' dir='ltr'><strong>sint,</strong></span> <span class='ocrx_word' id='word_1_96' title='bbox 1237 1032 1293 1080; x_wconf 91' lang='lat' dir='ltr'><strong>et</strong></span> <span class='ocrx_word' id='word_1_97' title='bbox 1336 1026 1405 1081; x_wconf 84' lang='lat' dir='ltr'><strong>ab</strong></span> <span class='ocrx_word' id='word_1_98' title='bbox 1440 1028 1508 1083; x_wconf 91' lang='lat' dir='ltr'><strong>iis</strong></span> <span class='ocrx_word' id='word_1_99' title='bbox 1561 1030 1884 1099; x_wconf 79' lang='lat' dir='ltr'><strong>opinionum</strong></span> <span class='ocrx_word' id='word_1_100' title='bbox 1932 1037 2193 1094; x_wconf 84' lang='lat' dir='ltr'><strong>varietate</strong></span> <span class='ocrx_word' id='word_1_101' title='bbox 2246 1018 2595 1096; x_wconf 81' lang='lat' dir='ltr'><strong>dissentiant.</strong></span> <span class='ocrx_word' id='word_1_102' title='bbox 2663 1018 2860 1095; x_wconf 77' lang='lat' dir='ltr'><strong>Verum</strong></span> <span class='ocrx_word' id='word_1_103' title='bbox 2890 1018 3027 1111; x_wconf 54' lang='lat' dir='ltr'><strong>quae</strong></span> <span class='ocrx_word' id='word_1_104' title='bbox 3074 1040 3143 1097; x_wconf 90' lang='lat' dir='ltr'><strong>de</strong></span> <span class='ocrx_word' id='word_1_105' title='bbox 3187 1040 3295 1097; x_wconf 93' lang='lat' dir='ltr'><strong>illis</strong></span> <span class='ocrx_word' id='word_1_106' title='bbox 3335 1018 3500 1095; x_wconf 85' lang='lat' dir='ltr'><strong>nosse</strong></span> <span class='ocrx_word' id='word_1_107' title='bbox 3561 1038 3745 1109; x_wconf 55' lang='lat' dir='ltr'><strong>pomi-</strong></span> 
     </span>
    </p>
   </div>
   <div class='ocr_carea' id='block_1_16' title="bbox 512 1114 1408 1189">
    <p class='ocr_par' dir='ltr' id='par_1_16' title="bbox 512 1114 1408 1189">
     <span class='ocr_line' id='line_1_16' title="bbox 512 1114 1408 1189; baseline 0.009 -20"><span class='ocrx_word' id='word_1_108' title='bbox 512 1130 654 1179; x_wconf 84' lang='lat' dir='ltr'><strong>ntus,</strong></span> <span class='ocrx_word' id='word_1_109' title='bbox 684 1131 748 1169; x_wconf 83' lang='lat' dir='ltr'><strong>ea</strong></span> <span class='ocrx_word' id='word_1_110' title='bbox 779 1114 891 1172; x_wconf 68' lang='lat' dir='ltr'><strong>fere</strong></span> <span class='ocrx_word' id='word_1_111' title='bbox 914 1126 1041 1172; x_wconf 86' lang='lat' dir='ltr'><strong>sunt</strong></span> <span class='ocrx_word' id='word_1_112' title='bbox 1066 1118 1408 1189; x_wconf 71' lang='lat' dir='ltr'><strong>huiusmodi:</strong></span> 
     </span>
    </p>
   </div>
   <div class='ocr_carea' id='block_1_17' title="bbox 576 1206 2082 1295">
    <p class='ocr_par' dir='ltr' id='par_1_17' title="bbox 576 1206 2077 1294">
     <span class='ocr_line' id='line_1_17' title="bbox 576 1206 2077 1294; baseline 0.013 -34"><span class='ocrx_word' id='word_1_113' title='bbox 576 1206 855 1279; x_wconf 85' lang='lat' dir='ltr'><strong>Principio</strong></span> <span class='ocrx_word' id='word_1_114' title='bbox 888 1210 1071 1281; x_wconf 83' lang='lat' dir='ltr'><strong>itaque</strong></span> <span class='ocrx_word' id='word_1_115' title='bbox 1122 1212 1424 1269; x_wconf 77' lang='lat' dir='ltr'><strong>Eecles&#39;tam</strong></span> <span class='ocrx_word' id='word_1_116' title='bbox 1477 1217 1722 1289; x_wconf 80' lang='lat' dir='ltr'><strong>plerique</strong></span> <span class='ocrx_word' id='word_1_117' title='bbox 1768 1220 2077 1294; x_wconf 84' lang='lat' dir='ltr'><strong>l‘requenta-</strong></span> 
     </span>
    </p>
   </div>
   <div class='ocr_carea' id='block_1_18' title="bbox 2182 1206 3750 1295">
    <p class='ocr_par' dir='ltr' id='par_1_18' title="bbox 2257 1221 3750 1295">
     <span class='ocr_line' id='line_1_18' title="bbox 2257 1221 3750 1295; baseline -0.003 -16"><span class='ocrx_word' id='word_1_118' title='bbox 2257 1224 2345 1280; x_wconf 85' lang='lat' dir='ltr'><strong>‘Ev</strong></span> <span class='ocrx_word' id='word_1_119' title='bbox 2378 1225 2479 1295; x_wconf 85' lang='grc' dir='ltr'><strong>μὲν</strong></span> <span class='ocrx_word' id='word_1_120' title='bbox 2516 1226 2584 1295; x_wconf 78' lang='grc' dir='ltr'><strong>τῇ</strong></span> <span class='ocrx_word' id='word_1_121' title='bbox 2629 1223 2921 1294; x_wconf 75' lang='grc' dir='ltr'><strong>Ἐκκλησία</strong></span> <span class='ocrx_word' id='word_1_122' title='bbox 2946 1224 2997 1276; x_wconf 81' lang='grc' dir='ltr'><strong>οι</strong></span> <span class='ocrx_word' id='word_1_123' title='bbox 3041 1221 3256 1285; x_wconf 85' lang='grc' dir='ltr'><strong>πλείους</strong></span> <span class='ocrx_word' id='word_1_124' title='bbox 3305 1222 3594 1292; x_wconf 71' lang='grc' dir='ltr'><strong>συνήγοντο</strong></span> <span class='ocrx_word' id='word_1_125' title='bbox 3638 1223 3750 1287; x_wconf 64' lang='lat' dir='ltr'><strong>tu;</strong></span> 
     </span>
    </p>
   </div>
   <div class='ocr_carea' id='block_1_19' title="bbox 511 1302 2082 1386">
    <p class='ocr_par' dir='ltr' id='par_1_19' title="bbox 511 1302 2080 1383">
     <span class='ocr_line' id='line_1_19' title="bbox 511 1302 2080 1383; baseline 0.01 -27"><span class='ocrx_word' id='word_1_126' title='bbox 511 1302 660 1364; x_wconf 87' lang='lat' dir='ltr'><strong>bant,</strong></span> <span class='ocrx_word' id='word_1_127' title='bbox 688 1302 833 1372; x_wconf 91' lang='lat' dir='ltr'><strong>quod</strong></span> <span class='ocrx_word' id='word_1_128' title='bbox 868 1318 1112 1374; x_wconf 87' lang='lat' dir='ltr'><strong>eousque</strong></span> <span class='ocrx_word' id='word_1_129' title='bbox 1150 1306 1346 1370; x_wconf 87' lang='lat' dir='ltr'><strong>tenuit,</strong></span> <span class='ocrx_word' id='word_1_130' title='bbox 1389 1307 1583 1375; x_wconf 88' lang='lat' dir='ltr'><strong>donec,</strong></span> <span class='ocrx_word' id='word_1_131' title='bbox 1618 1313 1945 1383; x_wconf 80' lang='lat' dir='ltr'><strong>ampliﬁcata</strong></span> <span class='ocrx_word' id='word_1_132' title='bbox 1979 1316 2080 1371; x_wconf 79' lang='lat' dir='ltr'><strong>dif-</strong></span> 
     </span>
    </p>
   </div>
   <div class='ocr_carea' id='block_1_20' title="bbox 2182 1302 3747 1386">
    <p class='ocr_par' dir='ltr' id='par_1_20' title="bbox 2182 1308 3747 1386">
     <span class='ocr_line' id='line_1_20' title="bbox 2182 1308 3747 1386; baseline -0.003 -16"><span class='ocrx_word' id='word_1_133' title='bbox 2182 1316 2367 1386; x_wconf 81' lang='grc' dir='ltr'><strong>ιιαιροῦ</strong></span> <span class='ocrx_word' id='word_1_134' title='bbox 2408 1333 2573 1379; x_wconf 86' lang='grc' dir='ltr'><strong>τινος,</strong></span> <span class='ocrx_word' id='word_1_135' title='bbox 2602 1315 2706 1379; x_wconf 69' lang='grc' dir='ltr'><strong>ἕως</strong></span> <span class='ocrx_word' id='word_1_136' title='bbox 2747 1317 2829 1378; x_wconf 80' lang='grc' dir='ltr'><strong>είς</strong></span> <span class='ocrx_word' id='word_1_137' title='bbox 2871 1314 3073 1377; x_wconf 81' lang='grc' dir='ltr'><strong>πλάτος</strong></span> <span class='ocrx_word' id='word_1_138' title='bbox 3113 1308 3277 1384; x_wconf 76' lang='grc' dir='ltr'><strong>ἦλθεν</strong></span> <span class='ocrx_word' id='word_1_139' title='bbox 3308 1313 3343 1383; x_wconf 76' lang='grc' dir='ltr'><strong>ἡ</strong></span> <span class='ocrx_word' id='word_1_140' title='bbox 3372 1312 3552 1366; x_wconf 78' lang='grc' dir='ltr'><strong>αὐτῶν</strong></span> <span class='ocrx_word' id='word_1_141' title='bbox 3569 1315 3747 1377; x_wconf 76' lang='grc' dir='ltr'><strong>ἄνοια,</strong></span> 
     </span>
    </p>
   </div>
   <div class='ocr_carea' id='block_1_21' title="bbox 513 1394 2082 1476">
    <p class='ocr_par' dir='ltr' id='par_1_21' title="bbox 513 1394 2079 1464">
     <span class='ocr_line' id='line_1_21' title="bbox 513 1394 2079 1464; baseline 0.01 -16"><span class='ocrx_word' id='word_1_142' title='bbox 513 1395 742 1464; x_wconf 78' lang='lat' dir='ltr'><strong>fusaque</strong></span> <span class='ocrx_word' id='word_1_143' title='bbox 773 1394 995 1449; x_wconf 79' lang='lat' dir='ltr'><strong>illorum</strong></span> <span class='ocrx_word' id='word_1_144' title='bbox 1019 1396 1256 1463; x_wconf 82' lang='lat' dir='ltr'><strong>insania,</strong></span> <span class='ocrx_word' id='word_1_145' title='bbox 1284 1399 1354 1454; x_wconf 87' lang='lat' dir='ltr'><strong>ab</strong></span> <span class='ocrx_word' id='word_1_146' title='bbox 1386 1398 1644 1457; x_wconf 68' lang='lat' dir='ltr'><strong>Ecclesiae</strong></span> <span class='ocrx_word' id='word_1_147' title='bbox 1670 1407 1951 1461; x_wconf 83' lang='lat' dir='ltr'><strong>consortio</strong></span> <span class='ocrx_word' id='word_1_148' title='bbox 1990 1424 2079 1463; x_wconf 88' lang='lat' dir='ltr'><strong>se-</strong></span> 
     </span>
    </p>
   </div>
   <div class='ocr_carea' id='block_1_22' title="bbox 2182 1394 3748 1476">
    <p class='ocr_par' dir='ltr' id='par_1_22' title="bbox 2182 1399 3748 1476">
     <span class='ocr_line' id='line_1_22' title="bbox 2182 1399 3748 1476; baseline -0.006 -16"><span class='ocrx_word' id='word_1_149' title='bbox 2182 1407 2271 1460; x_wconf 72' lang='grc' dir='ltr'><strong>ιιαὶ</strong></span> <span class='ocrx_word' id='word_1_150' title='bbox 2302 1404 2689 1476; x_wconf 78' lang='grc' dir='ltr'><strong>ἀπεδλήθησαν</strong></span> <span class='ocrx_word' id='word_1_151' title='bbox 2721 1403 2820 1474; x_wconf 81' lang='grc' dir='ltr'><strong>τῆς</strong></span> <span class='ocrx_word' id='word_1_152' title='bbox 2878 1399 3223 1470; x_wconf 81' lang='grc' dir='ltr'><strong>Ἐκκλησίας.</strong></span> <span class='ocrx_word' id='word_1_153' title='bbox 3278 1400 3400 1452; x_wconf 70' lang='grc' dir='ltr'><strong>Εἰσὶ</strong></span> <span class='ocrx_word' id='word_1_154' title='bbox 3440 1399 3497 1453; x_wconf 78' lang='grc' dir='ltr'><strong>δέ</strong></span> <span class='ocrx_word' id='word_1_155' title='bbox 3544 1400 3748 1464; x_wconf 76' lang='grc' dir='ltr'><strong>πάντες</strong></span> 
     </span>
    </p>
   </div>
   <div class='ocr_carea' id='block_1_23' title="bbox 511 1484 2082 1561">
    <p class='ocr_par' dir='ltr' id='par_1_23' title="bbox 511 1484 2079 1558">
     <span class='ocr_line' id='line_1_23' title="bbox 511 1484 2079 1558; baseline 0.013 -24"><span class='ocrx_word' id='word_1_156' title='bbox 511 1484 714 1553; x_wconf 84' lang='lat' dir='ltr'><strong>gregati</strong></span> <span class='ocrx_word' id='word_1_157' title='bbox 749 1493 897 1538; x_wconf 88' lang='lat' dir='ltr'><strong>sunt.</strong></span> <span class='ocrx_word' id='word_1_158' title='bbox 934 1485 1187 1541; x_wconf 88' lang='lat' dir='ltr'><strong>Universi</strong></span> <span class='ocrx_word' id='word_1_159' title='bbox 1224 1504 1389 1558; x_wconf 89' lang='lat' dir='ltr'><strong>porro</strong></span> <span class='ocrx_word' id='word_1_160' title='bbox 1436 1495 1662 1555; x_wconf 58' lang='lat' dir='ltr'><strong>(gistrati</strong></span> <span class='ocrx_word' id='word_1_161' title='bbox 1706 1505 1854 1551; x_wconf 89' lang='lat' dir='ltr'><strong>sunt.</strong></span> <span class='ocrx_word' id='word_1_162' title='bbox 1905 1499 1983 1554; x_wconf 78' lang='lat' dir='ltr'><strong>Ac</strong></span> <span class='ocrx_word' id='word_1_163' title='bbox 2010 1498 2079 1554; x_wconf 91' lang='lat' dir='ltr'><strong>de</strong></span> 
     </span>
    </p>
   </div>
   <div class='ocr_carea' id='block_1_24' title="bbox 2182 1484 3750 1561">
    <p class='ocr_par' dir='ltr' id='par_1_24' title="bbox 2182 1489 3750 1561">
     <span class='ocr_line' id='line_1_24' title="bbox 2182 1489 3750 1561; baseline -0.003 -13"><span class='ocrx_word' id='word_1_164' title='bbox 2182 1493 2445 1549; x_wconf 79' lang='grc' dir='ltr'><strong>άπόκοποι</strong></span> <span class='ocrx_word' id='word_1_165' title='bbox 2467 1509 2481 1523; x_wconf 88' lang='grc'><strong>·</strong></span> <span class='ocrx_word' id='word_1_166' title='bbox 2530 1494 2623 1545; x_wconf 76' lang='grc' dir='ltr'><strong>καὶ</strong></span> <span class='ocrx_word' id='word_1_167' title='bbox 2669 1492 2823 1547; x_wconf 74' lang='grc' dir='ltr'><strong>αὐτοὶ</strong></span> <span class='ocrx_word' id='word_1_168' title='bbox 2854 1490 2910 1543; x_wconf 75' lang='grc' dir='ltr'><strong>δέ</strong></span> <span class='ocrx_word' id='word_1_169' title='bbox 2957 1491 3087 1560; x_wconf 76' lang='grc' dir='ltr'><strong>περὶ</strong></span> <span class='ocrx_word' id='word_1_170' title='bbox 3112 1489 3296 1561; x_wconf 83' lang='grc' dir='ltr'><strong>ἀρχῶν</strong></span> <span class='ocrx_word' id='word_1_171' title='bbox 3324 1489 3427 1559; x_wconf 72' lang='grc'><strong>(2).</strong></span> <span class='ocrx_word' id='word_1_172' title='bbox 3474 1491 3569 1543; x_wconf 72' lang='grc' dir='ltr'><strong>καὶ</strong></span> <span class='ocrx_word' id='word_1_173' title='bbox 3595 1489 3750 1554; x_wconf 63' lang='grc' dir='ltr'><strong>ἐξου-</strong></span> 
     </span>
    </p>
   </div>
   <div class='ocr_carea' id='block_1_25' title="bbox 512 1574 2082 1656">
    <p class='ocr_par' dir='ltr' id='par_1_25' title="bbox 512 1574 2072 1656">
     <span class='ocr_line' id='line_1_25' title="bbox 512 1574 2072 1656; baseline 0.012 -29"><span class='ocrx_word' id='word_1_174' title='bbox 512 1574 910 1643; x_wconf 86' lang='lat' dir='ltr'><strong>principatibns</strong></span> <span class='ocrx_word' id='word_1_175' title='bbox 954 1584 1009 1632; x_wconf 89' lang='lat' dir='ltr'><strong>et</strong></span> <span class='ocrx_word' id='word_1_176' title='bbox 1057 1580 1439 1647; x_wconf 82' lang='lat' dir='ltr'><strong>potestatibus.</strong></span> <span class='ocrx_word' id='word_1_177' title='bbox 1476 1585 1799 1656; x_wconf 63' lang='lat' dir='ltr'><strong>ceterisque</strong></span> <span class='ocrx_word' id='word_1_178' title='bbox 1838 1587 1983 1644; x_wconf 80' lang='lat' dir='ltr'><strong>hunc</strong></span> <span class='ocrx_word' id='word_1_179' title='bbox 2015 1591 2072 1646; x_wconf 91' lang='lat' dir='ltr'><strong>in</strong></span> 
     </span>
    </p>
   </div>
   <div class='ocr_carea' id='block_1_26' title="bbox 2182 1574 3751 1656">
    <p class='ocr_par' dir='ltr' id='par_1_26' title="bbox 2182 1580 3751 1649">
     <span class='ocr_line' id='line_1_26' title="bbox 2182 1580 3751 1649; baseline -0.001 -10"><span class='ocrx_word' id='word_1_180' title='bbox 2182 1584 2333 1649; x_wconf 86' lang='grc' dir='ltr'><strong>σιῶν,</strong></span> <span class='ocrx_word' id='word_1_181' title='bbox 2374 1584 2469 1637; x_wconf 81' lang='grc' dir='ltr'><strong>καὶ</strong></span> <span class='ocrx_word' id='word_1_182' title='bbox 2500 1583 2675 1638; x_wconf 72' lang='grc' dir='ltr'><strong>ἄλλων</strong></span> <span class='ocrx_word' id='word_1_183' title='bbox 2702 1583 2874 1646; x_wconf 74' lang='grc' dir='ltr'><strong>οὕτως</strong></span> <span class='ocrx_word' id='word_1_184' title='bbox 2914 1582 3213 1649; x_wconf 73' lang='grc' dir='ltr'><strong>δοξάζουσι.</strong></span> <span class='ocrx_word' id='word_1_185' title='bbox 3260 1580 3371 1634; x_wconf 73' lang='grc' dir='ltr'><strong>Καὶ</strong></span> <span class='ocrx_word' id='word_1_186' title='bbox 3400 1581 3527 1635; x_wconf 80' lang='grc' dir='ltr'><strong>ὅταν</strong></span> <span class='ocrx_word' id='word_1_187' title='bbox 3570 1581 3751 1637; x_wconf 65' lang='grc' dir='ltr'><strong>λάϐυ-</strong></span> 
     </span>
    </p>
   </div>
   <div class='ocr_carea' id='block_1_27' title="bbox 512 1661 2074 1739">
    <p class='ocr_par' dir='ltr' id='par_1_27' title="bbox 512 1661 2074 1739">
     <span class='ocr_line' id='line_1_27' title="bbox 512 1661 2074 1739; baseline 0.012 -24"><span class='ocrx_word' id='word_1_188' title='bbox 512 1661 731 1717; x_wconf 88' lang='lat' dir='ltr'><strong>modum</strong></span> <span class='ocrx_word' id='word_1_189' title='bbox 776 1664 1037 1719; x_wconf 89' lang='lat' dir='ltr'><strong>sentiunt.</strong></span> <span class='ocrx_word' id='word_1_190' title='bbox 1079 1664 1470 1739; x_wconf 84' lang='lat' dir='ltr'><strong>Quemcunque</strong></span> <span class='ocrx_word' id='word_1_191' title='bbox 1525 1688 1656 1729; x_wconf 89' lang='lat' dir='ltr'><strong>vero</strong></span> <span class='ocrx_word' id='word_1_192' title='bbox 1690 1676 1744 1729; x_wconf 88' lang='lat' dir='ltr'><strong>in</strong></span> <span class='ocrx_word' id='word_1_193' title='bbox 1794 1692 1951 1733; x_wconf 77' lang='lat' dir='ltr'><strong>suam</strong></span> <span class='ocrx_word' id='word_1_194' title='bbox 1994 1678 2074 1733; x_wconf 89' lang='lat' dir='ltr'><strong>di-</strong></span> 
     </span>
    </p>
   </div>
   <div class='ocr_carea' id='block_1_28' title="bbox 2179 1672 3752 1746">
    <p class='ocr_par' dir='ltr' id='par_1_28' title="bbox 2179 1672 3752 1746">
     <span class='ocr_line' id='line_1_28' title="bbox 2179 1672 3752 1746; baseline -0.001 -17"><span class='ocrx_word' id='word_1_195' title='bbox 2179 1692 2266 1729; x_wconf 89' lang='grc' dir='ltr'><strong>σιν</strong></span> <span class='ocrx_word' id='word_1_196' title='bbox 2295 1673 2579 1746; x_wconf 78' lang='grc' dir='ltr'><strong>ἄνθρωπον</strong></span> <span class='ocrx_word' id='word_1_197' title='bbox 2609 1675 2692 1737; x_wconf 81' lang='grc' dir='ltr'><strong>είς</strong></span> <span class='ocrx_word' id='word_1_198' title='bbox 2737 1672 3055 1744; x_wconf 75' lang='grc' dir='ltr'><strong>μαθητείαν,</strong></span> <span class='ocrx_word' id='word_1_199' title='bbox 3102 1672 3225 1726; x_wconf 84' lang='grc' dir='ltr'><strong>καθ’</strong></span> <span class='ocrx_word' id='word_1_200' title='bbox 3268 1672 3393 1727; x_wconf 77' lang='grc' dir='ltr'><strong>ὅσον</strong></span> <span class='ocrx_word' id='word_1_201' title='bbox 3429 1672 3529 1743; x_wconf 80' lang='grc' dir='ltr'><strong>μὲν</strong></span> <span class='ocrx_word' id='word_1_202' title='bbox 3556 1674 3752 1744; x_wconf 73' lang='grc' dir='ltr'><strong>χρόνον</strong></span> 
     </span>
    </p>
   </div>
   <div class='ocr_carea' id='block_1_29' title="bbox 512 1754 2082 1844">
    <p class='ocr_par' dir='ltr' id='par_1_29' title="bbox 512 1754 2073 1828">
     <span class='ocr_line' id='line_1_29' title="bbox 512 1754 2073 1828; baseline 0.011 -20"><span class='ocrx_word' id='word_1_203' title='bbox 512 1754 801 1822; x_wconf 85' lang='lat' dir='ltr'><strong>sciplinam</strong></span> <span class='ocrx_word' id='word_1_204' title='bbox 844 1758 1168 1825; x_wconf 77' lang='lat' dir='ltr'><strong>receperint.</strong></span> <span class='ocrx_word' id='word_1_205' title='bbox 1198 1759 1443 1828; x_wconf 85' lang='lat' dir='ltr'><strong>quandiu</strong></span> <span class='ocrx_word' id='word_1_206' title='bbox 1494 1765 1735 1820; x_wconf 91' lang='lat' dir='ltr'><strong>nondum</strong></span> <span class='ocrx_word' id='word_1_207' title='bbox 1775 1767 1826 1823; x_wconf 93' lang='lat' dir='ltr'><strong>ei</strong></span> <span class='ocrx_word' id='word_1_208' title='bbox 1854 1779 2073 1825; x_wconf 85' lang='lat' dir='ltr'><strong>exsecta</strong></span> 
     </span>
    </p>
   </div>
   <div class='ocr_carea' id='block_1_30' title="bbox 2182 1754 3749 1844">
    <p class='ocr_par' dir='ltr' id='par_1_30' title="bbox 2182 1762 3749 1837">
     <span class='ocr_line' id='line_1_30' title="bbox 2182 1762 3749 1837; baseline -0.001 -18"><span class='ocrx_word' id='word_1_209' title='bbox 2182 1766 2329 1820; x_wconf 74' lang='grc' dir='ltr'><strong>οὔπω</strong></span> <span class='ocrx_word' id='word_1_210' title='bbox 2352 1765 2464 1820; x_wconf 87' lang='grc' dir='ltr'><strong>τῶν</strong></span> <span class='ocrx_word' id='word_1_211' title='bbox 2505 1765 2708 1837; x_wconf 83' lang='grc' dir='ltr'><strong>μορίων</strong></span> <span class='ocrx_word' id='word_1_212' title='bbox 2734 1764 3047 1836; x_wconf 77' lang='grc' dir='ltr'><strong>ἀπετμήθη.</strong></span> <span class='ocrx_word' id='word_1_213' title='bbox 3092 1762 3351 1834; x_wconf 83' lang='grc' dir='ltr'><strong>ἐμψύχων</strong></span> <span class='ocrx_word' id='word_1_214' title='bbox 3372 1764 3435 1818; x_wconf 82' lang='grc' dir='ltr'><strong>οὐ</strong></span> <span class='ocrx_word' id='word_1_215' title='bbox 3471 1765 3749 1834; x_wconf 76' lang='grc' dir='ltr'><strong>μεταλαμ-</strong></span> 
     </span>
    </p>
   </div>
   <div class='ocr_carea' id='block_1_31' title="bbox 514 1848 2078 1930">
    <p class='ocr_par' dir='ltr' id='par_1_31' title="bbox 514 1848 2078 1930">
     <span class='ocr_line' id='line_1_31' title="bbox 514 1848 2078 1930; baseline 0.01 -29"><span class='ocrx_word' id='word_1_216' title='bbox 514 1848 691 1901; x_wconf 85' lang='lat' dir='ltr'><strong>virilia</strong></span> <span class='ocrx_word' id='word_1_217' title='bbox 721 1857 870 1911; x_wconf 85' lang='lat' dir='ltr'><strong>sunt,</strong></span> <span class='ocrx_word' id='word_1_218' title='bbox 903 1849 973 1905; x_wconf 85' lang='lat' dir='ltr'><strong>ab</strong></span> <span class='ocrx_word' id='word_1_219' title='bbox 999 1851 1256 1908; x_wconf 80' lang='lat' dir='ltr'><strong>animatis</strong></span> <span class='ocrx_word' id='word_1_220' title='bbox 1295 1853 1553 1911; x_wconf 80' lang='lat' dir='ltr'><strong>abstinet.</strong></span> <span class='ocrx_word' id='word_1_221' title='bbox 1591 1856 1952 1930; x_wconf 79' lang='lat' dir='ltr'><strong>Posteaquam</strong></span> <span class='ocrx_word' id='word_1_222' title='bbox 1980 1877 2078 1916; x_wconf 85' lang='lat' dir='ltr'><strong>au-</strong></span> 
     </span>
    </p>
   </div>
   <div class='ocr_carea' id='block_1_32' title="bbox 513 1939 2079 2009">
    <p class='ocr_par' dir='ltr' id='par_1_32' title="bbox 513 1939 2079 2009">
     <span class='ocr_line' id='line_1_32' title="bbox 513 1939 2079 2009; baseline 0.011 -18"><span class='ocrx_word' id='word_1_223' title='bbox 513 1949 620 1995; x_wconf 86' lang='lat' dir='ltr'><strong>tem</strong></span> <span class='ocrx_word' id='word_1_224' title='bbox 660 1939 777 1996; x_wconf 87' lang='lat' dir='ltr'><strong>sive</strong></span> <span class='ocrx_word' id='word_1_225' title='bbox 813 1941 895 1995; x_wconf 73' lang='lat' dir='ltr'><strong>illi</strong></span> <span class='ocrx_word' id='word_1_226' title='bbox 943 1943 1337 2009; x_wconf 79' lang='lat' dir='ltr'><strong>persuaserint,</strong></span> <span class='ocrx_word' id='word_1_227' title='bbox 1384 1945 1498 2002; x_wconf 84' lang='lat' dir='ltr'><strong>sive</strong></span> <span class='ocrx_word' id='word_1_228' title='bbox 1538 1949 1800 2006; x_wconf 86' lang='lat' dir='ltr'><strong>violenter</strong></span> <span class='ocrx_word' id='word_1_229' title='bbox 1826 1966 2079 2009; x_wconf 86' lang='lat' dir='ltr'><strong>exsecue-</strong></span> 
     </span>
    </p>
   </div>
   <div class='ocr_carea' id='block_1_33' title="bbox 513 2029 2077 2106">
    <p class='ocr_par' dir='ltr' id='par_1_33' title="bbox 513 2029 2077 2106">
     <span class='ocr_line' id='line_1_33' title="bbox 513 2029 2077 2106; baseline 0.01 -24"><span class='ocrx_word' id='word_1_230' title='bbox 513 2029 645 2091; x_wconf 88' lang='lat' dir='ltr'><strong>rint,</strong></span> <span class='ocrx_word' id='word_1_231' title='bbox 679 2038 795 2083; x_wconf 92' lang='lat' dir='ltr'><strong>tum</strong></span> <span class='ocrx_word' id='word_1_232' title='bbox 827 2030 1069 2095; x_wconf 90' lang='lat' dir='ltr'><strong>demum,</strong></span> <span class='ocrx_word' id='word_1_233' title='bbox 1101 2033 1258 2102; x_wconf 88' lang='lat' dir='ltr'><strong>quasi</strong></span> <span class='ocrx_word' id='word_1_234' title='bbox 1295 2034 1365 2089; x_wconf 75' lang='lat' dir='ltr'><strong>ab</strong></span> <span class='ocrx_word' id='word_1_235' title='bbox 1397 2036 1547 2091; x_wconf 88' lang='lat' dir='ltr'><strong>omni</strong></span> <span class='ocrx_word' id='word_1_236' title='bbox 1573 2040 1875 2095; x_wconf 87' lang='lat' dir='ltr'><strong>certamine</strong></span> <span class='ocrx_word' id='word_1_237' title='bbox 1917 2041 2077 2106; x_wconf 71' lang='lat' dir='ltr'><strong>liber,</strong></span> 
     </span>
    </p>
   </div>
   <div class='ocr_carea' id='block_1_34' title="bbox 514 2122 2078 2196">
    <p class='ocr_par' dir='ltr' id='par_1_34' title="bbox 514 2122 2078 2196">
     <span class='ocr_line' id='line_1_34' title="bbox 514 2122 2078 2196; baseline 0.012 -25"><span class='ocrx_word' id='word_1_238' title='bbox 514 2127 679 2189; x_wconf 85' lang='lat' dir='ltr'><strong>atque</strong></span> <span class='ocrx_word' id='word_1_239' title='bbox 710 2129 861 2175; x_wconf 84' lang='lat' dir='ltr'><strong>extra</strong></span> <span class='ocrx_word' id='word_1_240' title='bbox 898 2122 1198 2191; x_wconf 82' lang='lat' dir='ltr'><strong>periculum</strong></span> <span class='ocrx_word' id='word_1_241' title='bbox 1232 2139 1395 2181; x_wconf 82' lang='lat' dir='ltr'><strong>omne</strong></span> <span class='ocrx_word' id='word_1_242' title='bbox 1445 2127 1678 2196; x_wconf 86' lang='lat' dir='ltr'><strong>positus,</strong></span> <span class='ocrx_word' id='word_1_243' title='bbox 1730 2145 1799 2187; x_wconf 90' lang='lat' dir='ltr'><strong>ne</strong></span> <span class='ocrx_word' id='word_1_244' title='bbox 1830 2132 2078 2188; x_wconf 73' lang='lat' dir='ltr'><strong>ciborum</strong></span> 
     </span>
    </p>
   </div>
   <div class='ocr_carea' id='block_1_35' title="bbox 520 2210 2080 2295">
    <p class='ocr_par' dir='ltr' id='par_1_35' title="bbox 520 2210 2080 2295">
     <span class='ocr_line' id='line_1_35' title="bbox 520 2210 2080 2295; baseline 0.01 -31"><span class='ocrx_word' id='word_1_245' title='bbox 520 2226 623 2266; x_wconf 87' lang='lat' dir='ltr'><strong>usu</strong></span> <span class='ocrx_word' id='word_1_246' title='bbox 673 2210 741 2265; x_wconf 86' lang='lat' dir='ltr'><strong>ad</strong></span> <span class='ocrx_word' id='word_1_247' title='bbox 789 2212 1074 2270; x_wconf 85' lang='lat' dir='ltr'><strong>libidinum</strong></span> <span class='ocrx_word' id='word_1_248' title='bbox 1123 2215 1429 2285; x_wconf 83' lang='lat' dir='ltr'><strong>voluptates</strong></span> <span class='ocrx_word' id='word_1_249' title='bbox 1477 2218 1864 2288; x_wconf 85' lang='lat' dir='ltr'><strong>inﬂammetur,</strong></span> <span class='ocrx_word' id='word_1_250' title='bbox 1905 2227 2080 2295; x_wconf 89' lang='lat' dir='ltr'><strong>quod-</strong></span> 
     </span>
    </p>
   </div>
   <div class='ocr_carea' id='block_1_36' title="bbox 518 2304 2079 2383">
    <p class='ocr_par' dir='ltr' id='par_1_36' title="bbox 518 2304 2079 2383">
     <span class='ocr_line' id='line_1_36' title="bbox 518 2304 2079 2383; baseline 0.007 -25"><span class='ocrx_word' id='word_1_251' title='bbox 518 2317 733 2372; x_wconf 78' lang='lat' dir='ltr'><strong>cunque</strong></span> <span class='ocrx_word' id='word_1_252' title='bbox 789 2304 1034 2358; x_wconf 84' lang='lat' dir='ltr'><strong>cihorum</strong></span> <span class='ocrx_word' id='word_1_253' title='bbox 1085 2321 1259 2375; x_wconf 86' lang='lat' dir='ltr'><strong>genus</strong></span> <span class='ocrx_word' id='word_1_254' title='bbox 1304 2310 1658 2378; x_wconf 87' lang='lat' dir='ltr'><strong>permittitur.</strong></span> <span class='ocrx_word' id='word_1_255' title='bbox 1706 2309 1891 2383; x_wconf 84' lang='lat' dir='ltr'><strong>Neque</strong></span> <span class='ocrx_word' id='word_1_256' title='bbox 1948 2331 2079 2369; x_wconf 86' lang='lat' dir='ltr'><strong>vero</strong></span> 
     </span>
    </p>
   </div>
   <div class='ocr_carea' id='block_1_37' title="bbox 515 2394 2079 2473">
    <p class='ocr_par' dir='ltr' id='par_1_37' title="bbox 515 2394 2079 2473">
     <span class='ocr_line' id='line_1_37' title="bbox 515 2394 2079 2473; baseline 0.008 -27"><span class='ocrx_word' id='word_1_257' title='bbox 515 2406 645 2447; x_wconf 86' lang='lat' dir='ltr'><strong>suos</strong></span> <span class='ocrx_word' id='word_1_258' title='bbox 674 2406 741 2447; x_wconf 90' lang='lat' dir='ltr'><strong>eo</strong></span> <span class='ocrx_word' id='word_1_259' title='bbox 784 2394 945 2447; x_wconf 84' lang='lat' dir='ltr'><strong>modo</strong></span> <span class='ocrx_word' id='word_1_260' title='bbox 987 2394 1250 2450; x_wconf 77' lang='lat' dir='ltr'><strong>duntaxat</strong></span> <span class='ocrx_word' id='word_1_261' title='bbox 1285 2396 1547 2461; x_wconf 84' lang='lat' dir='ltr'><strong>alliciunt,</strong></span> <span class='ocrx_word' id='word_1_262' title='bbox 1579 2398 1674 2455; x_wconf 86' lang='lat' dir='ltr'><strong>sed</strong></span> <span class='ocrx_word' id='word_1_263' title='bbox 1718 2402 1881 2456; x_wconf 88' lang='lat' dir='ltr'><strong>etiam</strong></span> <span class='ocrx_word' id='word_1_264' title='bbox 1926 2419 2079 2473; x_wconf 85' lang='lat' dir='ltr'><strong>pere-</strong></span> 
     </span>
    </p>
   </div>
   <div class='ocr_carea' id='block_1_38' title="bbox 514 2484 2074 2554">
    <p class='ocr_par' dir='ltr' id='par_1_38' title="bbox 514 2484 2074 2554">
     <span class='ocr_line' id='line_1_38' title="bbox 514 2484 2074 2554; baseline 0.008 -17"><span class='ocrx_word' id='word_1_265' title='bbox 514 2484 705 2554; x_wconf 85' lang='lat' dir='ltr'><strong>grinos</strong></span> <span class='ocrx_word' id='word_1_266' title='bbox 742 2499 884 2553; x_wconf 61' lang='lat' dir='ltr'><strong>saepe</strong></span> <span class='ocrx_word' id='word_1_267' title='bbox 916 2492 1283 2549; x_wconf 86' lang='lat' dir='ltr'><strong>transeuntes,</strong></span> <span class='ocrx_word' id='word_1_268' title='bbox 1326 2495 1381 2542; x_wconf 89' lang='lat' dir='ltr'><strong>et</strong></span> <span class='ocrx_word' id='word_1_269' title='bbox 1426 2487 1495 2541; x_wconf 88' lang='lat' dir='ltr'><strong>ad</strong></span> <span class='ocrx_word' id='word_1_270' title='bbox 1536 2504 1660 2545; x_wconf 85' lang='lat' dir='ltr'><strong>sese</strong></span> <span class='ocrx_word' id='word_1_271' title='bbox 1698 2490 2029 2549; x_wconf 87' lang='lat' dir='ltr'><strong>divertentes</strong></span> <span class='ocrx_word' id='word_1_272' title='bbox 2061 2511 2074 2548; x_wconf 92' lang='lat'>:</span> 
     </span>
    </p>
   </div>
   <div class='ocr_carea' id='block_1_39' title="bbox 514 2575 2075 2654">
    <p class='ocr_par' dir='ltr' id='par_1_39' title="bbox 514 2575 2075 2654">
     <span class='ocr_line' id='line_1_39' title="bbox 514 2575 2075 2654; baseline 0.005 -25"><span class='ocrx_word' id='word_1_273' title='bbox 514 2575 971 2643; x_wconf 75' lang='lat' dir='ltr'><strong>quemadmodum</strong></span> <span class='ocrx_word' id='word_1_274' title='bbox 1009 2578 1279 2647; x_wconf 81' lang='lat' dir='ltr'><strong>frequenti</strong></span> <span class='ocrx_word' id='word_1_275' title='bbox 1311 2578 1379 2633; x_wconf 94' lang='lat' dir='ltr'><strong>de</strong></span> <span class='ocrx_word' id='word_1_276' title='bbox 1408 2579 1516 2635; x_wconf 86' lang='lat' dir='ltr'><strong>illis</strong></span> <span class='ocrx_word' id='word_1_277' title='bbox 1544 2595 1763 2637; x_wconf 90' lang='lat' dir='ltr'><strong>rumore</strong></span> <span class='ocrx_word' id='word_1_278' title='bbox 1785 2583 2075 2654; x_wconf 73' lang='lat' dir='ltr'><strong>spargitur.</strong></span> 
     </span>
    </p>
   </div>
   <div class='ocr_carea' id='block_1_40' title="bbox 519 2665 2081 2738">
    <p class='ocr_par' dir='ltr' id='par_1_40' title="bbox 519 2665 2081 2738">
     <span class='ocr_line' id='line_1_40' title="bbox 519 2665 2081 2738; baseline 0.006 -18"><span class='ocrx_word' id='word_1_279' title='bbox 519 2665 655 2723; x_wconf 90' lang='lat' dir='ltr'><strong>Illos</strong></span> <span class='ocrx_word' id='word_1_280' title='bbox 694 2668 840 2723; x_wconf 82' lang='lat' dir='ltr'><strong>enim</strong></span> <span class='ocrx_word' id='word_1_281' title='bbox 876 2668 1030 2723; x_wconf 91' lang='lat' dir='ltr'><strong>intus</strong></span> <span class='ocrx_word' id='word_1_282' title='bbox 1056 2679 1357 2738; x_wconf 87' lang='lat' dir='ltr'><strong>correptos,</strong></span> <span class='ocrx_word' id='word_1_283' title='bbox 1392 2680 1447 2726; x_wconf 90' lang='lat' dir='ltr'><strong>et</strong></span> <span class='ocrx_word' id='word_1_284' title='bbox 1479 2671 1728 2734; x_wconf 85' lang='lat' dir='ltr'><strong>manicis,</strong></span> <span class='ocrx_word' id='word_1_285' title='bbox 1759 2687 1823 2726; x_wconf 88' lang='lat' dir='ltr'><strong>ac</strong></span> <span class='ocrx_word' id='word_1_286' title='bbox 1848 2674 2081 2730; x_wconf 76' lang='lat' dir='ltr'><strong>vinculis</strong></span> 
     </span>
    </p>
   </div>
   <div class='ocr_carea' id='block_1_41' title="bbox 517 2758 2078 2833">
    <p class='ocr_par' dir='ltr' id='par_1_41' title="bbox 517 2758 2078 2833">
     <span class='ocr_line' id='line_1_41' title="bbox 517 2758 2078 2833; baseline 0.004 -20"><span class='ocrx_word' id='word_1_287' title='bbox 517 2758 772 2827; x_wconf 83' lang='lat' dir='ltr'><strong>alligatos</strong></span> <span class='ocrx_word' id='word_1_288' title='bbox 817 2758 1085 2814; x_wconf 84' lang='lat' dir='ltr'><strong>violenter</strong></span> <span class='ocrx_word' id='word_1_289' title='bbox 1134 2760 1394 2817; x_wconf 86' lang='lat' dir='ltr'><strong>membris</strong></span> <span class='ocrx_word' id='word_1_290' title='bbox 1430 2760 1598 2833; x_wconf 58' lang='lat'><strong>‘90</strong></span> <span class='ocrx_word' id='word_1_291' title='bbox 1636 2764 1754 2819; x_wconf 88' lang='lat' dir='ltr'><strong>suis</strong></span> <span class='ocrx_word' id='word_1_292' title='bbox 1808 2765 2078 2819; x_wconf 91' lang='lat' dir='ltr'><strong>mutilant.</strong></span> 
     </span>
    </p>
   </div>
   <div class='ocr_carea' id='block_1_42' title="bbox 516 2848 2083 2924">
    <p class='ocr_par' dir='ltr' id='par_1_42' title="bbox 516 2848 2083 2924">
     <span class='ocr_line' id='line_1_42' title="bbox 516 2848 2083 2924; baseline 0.004 -20"><span class='ocrx_word' id='word_1_293' title='bbox 516 2848 644 2904; x_wconf 66' lang='lat' dir='ltr'><strong>Haec</strong></span> <span class='ocrx_word' id='word_1_294' title='bbox 684 2857 813 2904; x_wconf 86' lang='lat' dir='ltr'><strong>sunt</strong></span> <span class='ocrx_word' id='word_1_295' title='bbox 850 2864 972 2920; x_wconf 68' lang='lat' dir='ltr'><strong>quc</strong></span> <span class='ocrx_word' id='word_1_296' title='bbox 1019 2850 1087 2905; x_wconf 90' lang='lat' dir='ltr'><strong>de</strong></span> <span class='ocrx_word' id='word_1_297' title='bbox 1129 2850 1280 2906; x_wconf 85' lang='lat' dir='ltr'><strong>hisce</strong></span> <span class='ocrx_word' id='word_1_298' title='bbox 1324 2850 1592 2909; x_wconf 68' lang='lat' dir='ltr'><strong>haereticis</strong></span> <span class='ocrx_word' id='word_1_299' title='bbox 1635 2855 1942 2924; x_wconf 84' lang='lat' dir='ltr'><strong>accepimus</strong></span> <span class='ocrx_word' id='word_1_300' title='bbox 1974 2874 1987 2909; x_wconf 90' lang='lat'><strong>:</strong></span> <span class='ocrx_word' id='word_1_301' title='bbox 2015 2856 2083 2911; x_wconf 92' lang='lat' dir='ltr'><strong>de</strong></span> 
     </span>
    </p>
   </div>
   <div class='ocr_carea' id='block_1_43' title="bbox 516 2939 2083 3013">
    <p class='ocr_par' dir='ltr' id='par_1_43' title="bbox 516 2939 2083 3013">
     <span class='ocr_line' id='line_1_43' title="bbox 516 2939 2083 3013; baseline 0.003 -20"><span class='ocrx_word' id='word_1_302' title='bbox 516 2939 718 3010; x_wconf 72' lang='lat' dir='ltr'><strong>quibus</strong></span> <span class='ocrx_word' id='word_1_303' title='bbox 749 2954 871 2994; x_wconf 91' lang='lat' dir='ltr'><strong>cum</strong></span> <span class='ocrx_word' id='word_1_304' title='bbox 904 2939 958 2994; x_wconf 90' lang='lat' dir='ltr'><strong>id</strong></span> <span class='ocrx_word' id='word_1_305' title='bbox 990 2941 1428 3010; x_wconf 77' lang='lat' dir='ltr'><strong>cognoverimus,</strong></span> <span class='ocrx_word' id='word_1_306' title='bbox 1465 2958 1702 3013; x_wconf 80' lang='lat' dir='ltr'><strong>quonam</strong></span> <span class='ocrx_word' id='word_1_307' title='bbox 1744 2944 1797 2998; x_wconf 92' lang='lat' dir='ltr'><strong>in</strong></span> <span class='ocrx_word' id='word_1_308' title='bbox 1831 2944 1950 3000; x_wconf 92' lang='lat' dir='ltr'><strong>loco</strong></span> <span class='ocrx_word' id='word_1_309' title='bbox 1981 2945 2083 3000; x_wconf 89' lang='lat' dir='ltr'><strong>do-</strong></span> 
     </span>
    </p>
   </div>
   <div class='ocr_carea' id='block_1_44' title="bbox 519 3029 2082 3104">
    <p class='ocr_par' dir='ltr' id='par_1_44' title="bbox 519 3029 2082 3104">
     <span class='ocr_line' id='line_1_44' title="bbox 519 3029 2082 3104; baseline 0.003 -21"><span class='ocrx_word' id='word_1_310' title='bbox 519 3030 786 3085; x_wconf 75' lang='lat' dir='ltr'><strong>micilium</strong></span> <span class='ocrx_word' id='word_1_311' title='bbox 815 3029 1074 3093; x_wconf 85' lang='lat' dir='ltr'><strong>habeant,</strong></span> <span class='ocrx_word' id='word_1_312' title='bbox 1121 3045 1185 3085; x_wconf 91' lang='lat' dir='ltr'><strong>ac</strong></span> <span class='ocrx_word' id='word_1_313' title='bbox 1215 3031 1671 3101; x_wconf 85' lang='lat' dir='ltr'><strong>quemadmodum</strong></span> <span class='ocrx_word' id='word_1_314' title='bbox 1714 3033 1968 3104; x_wconf 77' lang='lat' dir='ltr'><strong>frequens</strong></span> <span class='ocrx_word' id='word_1_315' title='bbox 2011 3034 2082 3088; x_wconf 88' lang='lat' dir='ltr'><strong>sit</strong></span> 
     </span>
    </p>
   </div>
   <div class='ocr_carea' id='block_1_45' title="bbox 2177 1855 3749 1927">
    <p class='ocr_par' dir='ltr' id='par_1_45' title="bbox 2177 1855 3749 1927">
     <span class='ocr_line' id='line_1_45' title="bbox 2177 1855 3749 1927; baseline -0.001 -14"><span class='ocrx_word' id='word_1_316' title='bbox 2177 1858 2329 1914; x_wconf 75' lang='grc' dir='ltr'><strong>ϐάνει</strong></span> <span class='ocrx_word' id='word_1_317' title='bbox 2350 1874 2365 1891; x_wconf 89' lang='grc'><strong>·</strong></span> <span class='ocrx_word' id='word_1_318' title='bbox 2409 1859 2539 1912; x_wconf 82' lang='grc' dir='ltr'><strong>ὅταν</strong></span> <span class='ocrx_word' id='word_1_319' title='bbox 2571 1858 2631 1912; x_wconf 88' lang='grc' dir='ltr'><strong>δέ</strong></span> <span class='ocrx_word' id='word_1_320' title='bbox 2667 1857 2897 1911; x_wconf 80' lang='grc' dir='ltr'><strong>πείσωσι</strong></span> <span class='ocrx_word' id='word_1_321' title='bbox 2924 1857 3016 1910; x_wconf 82' lang='grc' dir='ltr'><strong>τὸν</strong></span> <span class='ocrx_word' id='word_1_322' title='bbox 3035 1855 3296 1921; x_wconf 83' lang='grc' dir='ltr'><strong>τοιοῦτον,</strong></span> <span class='ocrx_word' id='word_1_323' title='bbox 3327 1855 3362 1927; x_wconf 74' lang='grc' dir='ltr'>ἢ</span> <span class='ocrx_word' id='word_1_324' title='bbox 3414 1856 3550 1927; x_wconf 81' lang='grc' dir='ltr'><strong>μετὰ</strong></span> <span class='ocrx_word' id='word_1_325' title='bbox 3573 1856 3749 1925; x_wconf 80' lang='grc' dir='ltr'><strong>ἀνάτ-</strong></span> 
     </span>
    </p>
   </div>
   <div class='ocr_carea' id='block_1_46' title="bbox 2177 1947 3750 2021">
    <p class='ocr_par' dir='ltr' id='par_1_46' title="bbox 2177 1947 3750 2021">
     <span class='ocr_line' id='line_1_46' title="bbox 2177 1947 3750 2021; baseline -0.003 -17"><span class='ocrx_word' id='word_1_326' title='bbox 2177 1966 2279 2020; x_wconf 75' lang='grc' dir='ltr'><strong>ιιης</strong></span> <span class='ocrx_word' id='word_1_327' title='bbox 2312 1950 2476 2004; x_wconf 78' lang='grc' dir='ltr'><strong>αὑτὸν</strong></span> <span class='ocrx_word' id='word_1_328' title='bbox 2524 1950 2861 2021; x_wconf 74' lang='grc' dir='ltr'><strong>άποτέμωσι,</strong></span> <span class='ocrx_word' id='word_1_329' title='bbox 2906 1948 3026 2004; x_wconf 83' lang='grc' dir='ltr'><strong>τότε</strong></span> <span class='ocrx_word' id='word_1_330' title='bbox 3076 1950 3185 2003; x_wconf 80' lang='grc' dir='ltr'><strong>πᾶν</strong></span> <span class='ocrx_word' id='word_1_331' title='bbox 3237 1948 3415 2003; x_wconf 82' lang='grc' dir='ltr'><strong>ὁτιοῦν</strong></span> <span class='ocrx_word' id='word_1_332' title='bbox 3466 1947 3750 2020; x_wconf 83' lang='grc' dir='ltr'><strong>μεταλαμ-</strong></span> 
     </span>
    </p>
   </div>
   <div class='ocr_carea' id='block_1_47' title="bbox 2178 2040 3745 2113">
    <p class='ocr_par' dir='ltr' id='par_1_47' title="bbox 2178 2040 3745 2113">
     <span class='ocr_line' id='line_1_47' title="bbox 2178 2040 3745 2113; baseline -0.001 -20"><span class='ocrx_word' id='word_1_333' title='bbox 2178 2041 2351 2106; x_wconf 71' lang='grc' dir='ltr'><strong>ϐάνει,</strong></span> <span class='ocrx_word' id='word_1_334' title='bbox 2378 2041 2454 2105; x_wconf 80' lang='grc' dir='ltr'><strong>ὡς</strong></span> <span class='ocrx_word' id='word_1_335' title='bbox 2487 2041 2587 2112; x_wconf 65' lang='grc' dir='ltr'><strong>ἤδη</strong></span> <span class='ocrx_word' id='word_1_336' title='bbox 2618 2042 2967 2113; x_wconf 76' lang='grc' dir='ltr'><strong>πεπαυμένος</strong></span> <span class='ocrx_word' id='word_1_337' title='bbox 2993 2041 3221 2110; x_wconf 79' lang='grc' dir='ltr'><strong>ἀγῶνος.</strong></span> <span class='ocrx_word' id='word_1_338' title='bbox 3267 2041 3364 2095; x_wconf 76' lang='grc' dir='ltr'><strong>καὶ</strong></span> <span class='ocrx_word' id='word_1_339' title='bbox 3398 2040 3593 2111; x_wconf 78' lang='grc' dir='ltr'><strong>μηκέτι</strong></span> <span class='ocrx_word' id='word_1_340' title='bbox 3623 2041 3745 2091; x_wconf 78' lang='grc' dir='ltr'><strong>ἐπι⁹</strong></span> 
     </span>
    </p>
   </div>
   <div class='ocr_carea' id='block_1_48' title="bbox 2178 2129 3753 2201">
    <p class='ocr_par' dir='ltr' id='par_1_48' title="bbox 2178 2129 3753 2201">
     <span class='ocr_line' id='line_1_48' title="bbox 2178 2129 3753 2201; baseline 0 -18"><span class='ocrx_word' id='word_1_341' title='bbox 2178 2131 2419 2195; x_wconf 78' lang='grc' dir='ltr'><strong>κίνδυνος</strong></span> <span class='ocrx_word' id='word_1_342' title='bbox 2443 2130 2541 2197; x_wconf 86' lang='grc' dir='ltr'><strong>ῶν,</strong></span> <span class='ocrx_word' id='word_1_343' title='bbox 2572 2133 2652 2196; x_wconf 80' lang='grc' dir='ltr'><strong>εις</strong></span> <span class='ocrx_word' id='word_1_344' title='bbox 2683 2132 2744 2185; x_wconf 85' lang='grc' dir='ltr'><strong>τὸ</strong></span> <span class='ocrx_word' id='word_1_345' title='bbox 2774 2130 3165 2201; x_wconf 71' lang='grc' dir='ltr'><strong>ἐποτρύνεσθαι</strong></span> <span class='ocrx_word' id='word_1_346' title='bbox 3190 2129 3281 2185; x_wconf 85' lang='grc' dir='ltr'><strong>διά</strong></span> <span class='ocrx_word' id='word_1_347' title='bbox 3307 2130 3417 2185; x_wconf 85' lang='grc' dir='ltr'><strong>τῶν</strong></span> <span class='ocrx_word' id='word_1_348' title='bbox 3440 2130 3753 2201; x_wconf 76' lang='grc' dir='ltr'><strong>ἐδεσμάτων</strong></span> 
     </span>
    </p>
   </div>
   <div class='ocr_carea' id='block_1_49' title="bbox 2178 2219 3750 2293">
    <p class='ocr_par' dir='ltr' id='par_1_49' title="bbox 2178 2219 3750 2293">
     <span class='ocr_line' id='line_1_49' title="bbox 2178 2219 3750 2293; baseline -0.001 -20"><span class='ocrx_word' id='word_1_349' title='bbox 2178 2222 2259 2285; x_wconf 83' lang='grc' dir='ltr'><strong>είς</strong></span> <span class='ocrx_word' id='word_1_350' title='bbox 2287 2220 2477 2293; x_wconf 80' lang='grc' dir='ltr'><strong>ἡδονὴν</strong></span> <span class='ocrx_word' id='word_1_351' title='bbox 2504 2221 2663 2291; x_wconf 70' lang='grc' dir='ltr'><strong>ήκειν</strong></span> <span class='ocrx_word' id='word_1_352' title='bbox 2687 2220 3001 2291; x_wconf 81' lang='grc' dir='ltr'><strong>ἐπιθυμίας.</strong></span> <span class='ocrx_word' id='word_1_353' title='bbox 3046 2221 3123 2274; x_wconf 82' lang='grc' dir='ltr'><strong>Ού</strong></span> <span class='ocrx_word' id='word_1_354' title='bbox 3154 2220 3314 2291; x_wconf 89' lang='grc' dir='ltr'><strong>μόνον</strong></span> <span class='ocrx_word' id='word_1_355' title='bbox 3339 2220 3396 2273; x_wconf 77' lang='grc' dir='ltr'><strong>δὲ</strong></span> <span class='ocrx_word' id='word_1_356' title='bbox 3434 2220 3559 2283; x_wconf 79' lang='grc' dir='ltr'><strong>τοὺς</strong></span> <span class='ocrx_word' id='word_1_357' title='bbox 3588 2219 3750 2280; x_wconf 78' lang='grc' dir='ltr'><strong>ἰδίους</strong></span> 
     </span>
    </p>
   </div>
   <div class='ocr_carea' id='block_1_50' title="bbox 2177 2310 3750 2383">
    <p class='ocr_par' dir='ltr' id='par_1_50' title="bbox 2177 2310 3750 2383">
     <span class='ocr_line' id='line_1_50' title="bbox 2177 2310 3750 2383; baseline -0.001 -19"><span class='ocrx_word' id='word_1_358' title='bbox 2177 2311 2335 2365; x_wconf 84' lang='grc' dir='ltr'><strong>τοῦτο</strong></span> <span class='ocrx_word' id='word_1_359' title='bbox 2376 2311 2738 2383; x_wconf 75' lang='grc' dir='ltr'><strong>άπαρτίζουσι</strong></span> <span class='ocrx_word' id='word_1_360' title='bbox 2776 2312 2870 2366; x_wconf 85' lang='grc' dir='ltr'><strong>τὸν</strong></span> <span class='ocrx_word' id='word_1_361' title='bbox 2914 2310 3141 2383; x_wconf 79' lang='grc' dir='ltr'><strong>τρόπον,</strong></span> <span class='ocrx_word' id='word_1_362' title='bbox 3177 2310 3315 2365; x_wconf 78' lang='grc' dir='ltr'><strong>ἀλλά</strong></span> <span class='ocrx_word' id='word_1_363' title='bbox 3353 2310 3610 2373; x_wconf 78' lang='grc' dir='ltr'><strong>πολλάκις</strong></span> <span class='ocrx_word' id='word_1_364' title='bbox 3652 2310 3750 2363; x_wconf 78' lang='grc' dir='ltr'><strong>καὶ</strong></span> 
     </span>
    </p>
   </div>
   <div class='ocr_carea' id='block_1_51' title="bbox 2181 2397 3748 2473">
    <p class='ocr_par' dir='ltr' id='par_1_51' title="bbox 2181 2397 3748 2473">
     <span class='ocr_line' id='line_1_51' title="bbox 2181 2397 3748 2473; baseline -0.004 -16"><span class='ocrx_word' id='word_1_365' title='bbox 2181 2401 2365 2467; x_wconf 77' lang='grc' dir='ltr'><strong>ξένους</strong></span> <span class='ocrx_word' id='word_1_366' title='bbox 2410 2401 2871 2473; x_wconf 71' lang='grc' dir='ltr'><strong>παρερχομένους,</strong></span> <span class='ocrx_word' id='word_1_367' title='bbox 2908 2402 3002 2455; x_wconf 73' lang='grc' dir='ltr'><strong>καὶ</strong></span> <span class='ocrx_word' id='word_1_368' title='bbox 3030 2402 3162 2472; x_wconf 79' lang='grc' dir='ltr'><strong>παρ’</strong></span> <span class='ocrx_word' id='word_1_369' title='bbox 3192 2400 3375 2463; x_wconf 76' lang='grc' dir='ltr'><strong>αὐτοῖς</strong></span> <span class='ocrx_word' id='word_1_370' title='bbox 3402 2397 3748 2463; x_wconf 78' lang='grc' dir='ltr'><strong>ἐπιξενωθέν-</strong></span> 
     </span>
    </p>
   </div>
   <div class='ocr_carea' id='block_1_52' title="bbox 2177 2486 3748 2563">
    <p class='ocr_par' dir='ltr' id='par_1_52' title="bbox 2177 2486 3748 2563">
     <span class='ocr_line' id='line_1_52' title="bbox 2177 2486 3748 2563; baseline -0.004 -18"><span class='ocrx_word' id='word_1_371' title='bbox 2177 2508 2311 2558; x_wconf 88' lang='grc' dir='ltr'><strong>τας,</strong></span> <span class='ocrx_word' id='word_1_372' title='bbox 2362 2490 2535 2563; x_wconf 78' lang='grc' dir='ltr'><strong>ταύτῃ</strong></span> <span class='ocrx_word' id='word_1_373' title='bbox 2582 2490 2819 2545; x_wconf 77' lang='grc' dir='ltr'><strong>διέθεντο</strong></span> <span class='ocrx_word' id='word_1_374' title='bbox 2862 2493 2930 2562; x_wconf 78' lang='grc' dir='ltr'><strong>τῇ</strong></span> <span class='ocrx_word' id='word_1_375' title='bbox 2972 2490 3236 2559; x_wconf 77' lang='grc' dir='ltr'><strong>διαγωγῇ,</strong></span> <span class='ocrx_word' id='word_1_376' title='bbox 3289 2488 3364 2551; x_wconf 86' lang='grc' dir='ltr'><strong>ὼς</strong></span> <span class='ocrx_word' id='word_1_377' title='bbox 3412 2486 3576 2549; x_wconf 78' lang='grc' dir='ltr'><strong>πολὺς</strong></span> <span class='ocrx_word' id='word_1_378' title='bbox 3621 2488 3748 2557; x_wconf 78' lang='grc' dir='ltr'><strong>περὶ</strong></span> 
     </span>
    </p>
   </div>
   <div class='ocr_carea' id='block_1_53' title="bbox 2178 2578 3749 2653">
    <p class='ocr_par' dir='ltr' id='par_1_53' title="bbox 2178 2578 3749 2653">
     <span class='ocr_line' id='line_1_53' title="bbox 2178 2578 3749 2653; baseline 0.004 -18"><span class='ocrx_word' id='word_1_379' title='bbox 2178 2582 2368 2636; x_wconf 85' lang='grc' dir='ltr'><strong>τούτου</strong></span> <span class='ocrx_word' id='word_1_380' title='bbox 2430 2582 2735 2652; x_wconf 84' lang='grc' dir='ltr'><strong>θρυλλεῖται</strong></span> <span class='ocrx_word' id='word_1_381' title='bbox 2797 2582 2973 2653; x_wconf 77' lang='grc' dir='ltr'><strong>λόγος.</strong></span> <span class='ocrx_word' id='word_1_382' title='bbox 3049 2580 3379 2652; x_wconf 77' lang='grc' dir='ltr'><strong>Ἀρπάζουσι</strong></span> <span class='ocrx_word' id='word_1_383' title='bbox 3445 2578 3555 2650; x_wconf 79' lang='grc' dir='ltr'><strong>γὰρ</strong></span> <span class='ocrx_word' id='word_1_384' title='bbox 3622 2578 3749 2641; x_wconf 80' lang='grc' dir='ltr'><strong>τοὺς</strong></span> 
     </span>
    </p>
   </div>
   <div class='ocr_carea' id='block_1_54' title="bbox 2178 2668 3749 2742">
    <p class='ocr_par' dir='ltr' id='par_1_54' title="bbox 2178 2668 3749 2742">
     <span class='ocr_line' id='line_1_54' title="bbox 2178 2668 3749 2742; baseline -0.003 -16"><span class='ocrx_word' id='word_1_385' title='bbox 2178 2673 2448 2738; x_wconf 82' lang='grc' dir='ltr'><strong>τοιούτους</strong></span> <span class='ocrx_word' id='word_1_386' title='bbox 2484 2672 2651 2736; x_wconf 65' lang='grc' dir='ltr'><strong>ἔνδον,</strong></span> <span class='ocrx_word' id='word_1_387' title='bbox 2698 2672 2793 2728; x_wconf 80' lang='grc' dir='ltr'><strong>καὶ</strong></span> <span class='ocrx_word' id='word_1_388' title='bbox 2819 2670 2914 2725; x_wconf 81' lang='grc' dir='ltr'><strong>ἐπὶ</strong></span> <span class='ocrx_word' id='word_1_389' title='bbox 2935 2669 3248 2742; x_wconf 79' lang='grc' dir='ltr'><strong>συμψελίοις</strong></span> <span class='ocrx_word' id='word_1_390' title='bbox 3280 2670 3301 2701; x_wconf 92' lang='grc'>³</span> <span class='ocrx_word' id='word_1_391' title='bbox 3341 2668 3601 2739; x_wconf 80' lang='grc' dir='ltr'><strong>δήσαντες</strong></span> <span class='ocrx_word' id='word_1_392' title='bbox 3637 2668 3749 2738; x_wconf 81' lang='grc'><strong>(⁸5),</strong></span> 
     </span>
    </p>
   </div>
   <div class='ocr_carea' id='block_1_55' title="bbox 2184 2761 3748 2837">
    <p class='ocr_par' dir='ltr' id='par_1_55' title="bbox 2184 2761 3748 2837">
     <span class='ocr_line' id='line_1_55' title="bbox 2184 2761 3748 2837; baseline -0.002 -18"><span class='ocrx_word' id='word_1_393' title='bbox 2184 2766 2321 2836; x_wconf 83' lang='grc' dir='ltr'><strong>μετά</strong></span> <span class='ocrx_word' id='word_1_394' title='bbox 2364 2766 2607 2837; x_wconf 80' lang='grc' dir='ltr'><strong>ἀνάγκης</strong></span> <span class='ocrx_word' id='word_1_395' title='bbox 2646 2764 2708 2818; x_wconf 83' lang='grc' dir='ltr'><strong>τὸ</strong></span> <span class='ocrx_word' id='word_1_396' title='bbox 2744 2762 3118 2835; x_wconf 79' lang='grc' dir='ltr'><strong>χειρότιυκτον</strong></span> <span class='ocrx_word' id='word_1_397' title='bbox 3163 2761 3485 2832; x_wconf 77' lang='grc' dir='ltr'><strong>ἐργάζονται</strong></span> <span class='ocrx_word' id='word_1_398' title='bbox 3513 2761 3612 2830; x_wconf 82' lang='grc' dir='ltr'><strong>τῆς</strong></span> <span class='ocrx_word' id='word_1_399' title='bbox 3637 2762 3748 2816; x_wconf 88' lang='grc' dir='ltr'><strong>τῶν</strong></span> 
     </span>
    </p>
   </div>
   <div class='ocr_carea' id='block_1_56' title="bbox 2183 2850 3749 2925">
    <p class='ocr_par' dir='ltr' id='par_1_56' title="bbox 2183 2850 3749 2925">
     <span class='ocr_line' id='line_1_56' title="bbox 2183 2850 3749 2925; baseline -0.004 -16"><span class='ocrx_word' id='word_1_400' title='bbox 2183 2854 2361 2925; x_wconf 84' lang='grc' dir='ltr'><strong>μελῶν</strong></span> <span class='ocrx_word' id='word_1_401' title='bbox 2383 2852 2745 2924; x_wconf 71' lang='grc' dir='ltr'><strong>ἀφαιρέσεως.</strong></span> <span class='ocrx_word' id='word_1_402' title='bbox 2778 2853 2889 2906; x_wconf 82' lang='grc' dir='ltr'><strong>Καὶ</strong></span> <span class='ocrx_word' id='word_1_403' title='bbox 2916 2850 3091 2905; x_wconf 85' lang='grc' dir='ltr'><strong>ταῦτά</strong></span> <span class='ocrx_word' id='word_1_404' title='bbox 3123 2852 3294 2915; x_wconf 86' lang='grc' dir='ltr'><strong>ἐστιν,</strong></span> <span class='ocrx_word' id='word_1_405' title='bbox 3324 2850 3363 2905; x_wconf 76' lang='grc' dir='ltr'>ἃ.</span> <span class='ocrx_word' id='word_1_406' title='bbox 3382 2850 3517 2921; x_wconf 61' lang='grc' dir='ltr'><strong>περὶ⁵</strong></span> <span class='ocrx_word' id='word_1_407' title='bbox 3543 2850 3749 2904; x_wconf 87' lang='grc' dir='ltr'><strong>τούτων</strong></span> 
     </span>
    </p>
   </div>
   <div class='ocr_carea' id='block_1_57' title="bbox 2182 2941 3749 3016">
    <p class='ocr_par' dir='ltr' id='par_1_57' title="bbox 2182 2941 3749 3016">
     <span class='ocr_line' id='line_1_57' title="bbox 2182 2941 3749 3016; baseline -0.003 -18"><span class='ocrx_word' id='word_1_408' title='bbox 2182 2949 2262 3009; x_wconf 80' lang='grc' dir='ltr'><strong>εις</strong></span> <span class='ocrx_word' id='word_1_409' title='bbox 2294 2946 2443 3016; x_wconf 77' lang='grc' dir='ltr'><strong>ἡμᾶς</strong></span> <span class='ocrx_word' id='word_1_410' title='bbox 2484 2941 2652 3016; x_wconf 78' lang='grc' dir='ltr'><strong>ἧκεν·</strong></span> <span class='ocrx_word' id='word_1_411' title='bbox 2688 2943 2894 3014; x_wconf 77' lang='grc' dir='ltr'><strong>οὕσπερ</strong></span> <span class='ocrx_word' id='word_1_412' title='bbox 2924 2942 3143 3013; x_wconf 75' lang='grc' dir='ltr'><strong>γνόντες</strong></span> <span class='ocrx_word' id='word_1_413' title='bbox 3186 2945 3245 2996; x_wconf 87' lang='grc' dir='ltr'><strong>ἐν</strong></span> <span class='ocrx_word' id='word_1_414' title='bbox 3277 2942 3416 3013; x_wconf 79' lang='grc' dir='ltr'><strong>ποίῳ</strong></span> <span class='ocrx_word' id='word_1_415' title='bbox 3456 2942 3606 3013; x_wconf 75' lang='grc' dir='ltr'><strong>τόπῳ</strong></span> <span class='ocrx_word' id='word_1_416' title='bbox 3648 2941 3749 3012; x_wconf 79' lang='grc' dir='ltr'><strong>τὴν</strong></span> 
     </span>
    </p>
   </div>
   <div class='ocr_carea' id='block_1_58' title="bbox 2183 3031 3747 3108">
    <p class='ocr_par' dir='ltr' id='par_1_58' title="bbox 2183 3031 3747 3108">
     <span class='ocr_line' id='line_1_58' title="bbox 2183 3031 3747 3108; baseline -0.004 -17"><span class='ocrx_word' id='word_1_417' title='bbox 2183 3036 2495 3108; x_wconf 82' lang='grc' dir='ltr'><strong>καταμονὴν</strong></span> <span class='ocrx_word' id='word_1_418' title='bbox 2542 3035 2756 3107; x_wconf 74' lang='grc' dir='ltr'><strong>ἐχουσι,</strong></span> <span class='ocrx_word' id='word_1_419' title='bbox 2823 3034 2919 3089; x_wconf 76' lang='grc' dir='ltr'><strong>καὶ</strong></span> <span class='ocrx_word' id='word_1_420' title='bbox 2957 3035 3032 3097; x_wconf 82' lang='grc' dir='ltr'><strong>ὡς</strong></span> <span class='ocrx_word' id='word_1_421' title='bbox 3086 3032 3147 3087; x_wconf 84' lang='grc' dir='ltr'><strong>τὺ</strong></span> <span class='ocrx_word' id='word_1_422' title='bbox 3186 3033 3355 3104; x_wconf 74' lang='grc' dir='ltr'><strong>ὄνομα</strong></span> <span class='ocrx_word' id='word_1_423' title='bbox 3394 3031 3557 3087; x_wconf 78' lang='grc' dir='ltr'><strong>τοῦτο</strong></span> <span class='ocrx_word' id='word_1_424' title='bbox 3608 3032 3747 3086; x_wconf 76' lang='grc' dir='ltr'><strong>πολὺ</strong></span> 
     </span>
    </p>
   </div>
   <div class='ocr_carea' id='block_1_59' title="bbox 518 3114 2082 3193">
    <p class='ocr_par' dir='ltr' id='par_1_59' title="bbox 518 3121 2081 3192">
     <span class='ocr_line' id='line_1_59' title="bbox 518 3121 2081 3192; baseline 0.003 -17"><span class='ocrx_word' id='word_1_425' title='bbox 518 3121 666 3177; x_wconf 87' lang='lat' dir='ltr'><strong>istud</strong></span> <span class='ocrx_word' id='word_1_426' title='bbox 704 3122 759 3176; x_wconf 93' lang='lat' dir='ltr'><strong>ln</strong></span> <span class='ocrx_word' id='word_1_427' title='bbox 788 3121 896 3175; x_wconf 88' lang='lat' dir='ltr'><strong>illis</strong></span> <span class='ocrx_word' id='word_1_428' title='bbox 940 3121 1255 3192; x_wconf 78' lang='lat' dir='ltr'><strong>regionibus</strong></span> <span class='ocrx_word' id='word_1_429' title='bbox 1286 3138 1521 3188; x_wconf 88' lang='lat' dir='ltr'><strong>nomen;</strong></span> <span class='ocrx_word' id='word_1_430' title='bbox 1548 3139 1673 3179; x_wconf 90' lang='lat' dir='ltr'><strong>cum</strong></span> <span class='ocrx_word' id='word_1_431' title='bbox 1717 3125 1943 3180; x_wconf 81' lang='lat' dir='ltr'><strong>alterius</strong></span> <span class='ocrx_word' id='word_1_432' title='bbox 1971 3125 2081 3180; x_wconf 71' lang='lat' dir='ltr'><strong>ha:-</strong></span> 
     </span>
    </p>
   </div>
   <div class='ocr_carea' id='block_1_60' title="bbox 2182 3114 3745 3193">
    <p class='ocr_par' dir='ltr' id='par_1_60' title="bbox 2182 3120 3745 3193">
     <span class='ocr_line' id='line_1_60' title="bbox 2182 3120 3745 3193; baseline -0.001 -18"><span class='ocrx_word' id='word_1_433' title='bbox 2182 3121 2435 3191; x_wconf 86' lang='grc' dir='ltr'><strong>τυγχάνει</strong></span> <span class='ocrx_word' id='word_1_434' title='bbox 2462 3122 2520 3175; x_wconf 85' lang='grc' dir='ltr'><strong>ἐν</strong></span> <span class='ocrx_word' id='word_1_435' title='bbox 2558 3124 2669 3186; x_wconf 76' lang='grc' dir='ltr'><strong>τοῖς</strong></span> <span class='ocrx_word' id='word_1_436' title='bbox 2699 3120 2923 3193; x_wconf 70' lang='grc' dir='ltr'><strong>μέρεσιν</strong></span> <span class='ocrx_word' id='word_1_437' title='bbox 2948 3120 3194 3187; x_wconf 83' lang='grc' dir='ltr'><strong>ἐκείνοις,</strong></span> <span class='ocrx_word' id='word_1_438' title='bbox 3237 3122 3332 3175; x_wconf 80' lang='grc' dir='ltr'><strong>καὶ</strong></span> <span class='ocrx_word' id='word_1_439' title='bbox 3356 3120 3433 3185; x_wconf 85' lang='grc' dir='ltr'><strong>ὡς</strong></span> <span class='ocrx_word' id='word_1_440' title='bbox 3458 3122 3561 3193; x_wconf 78' lang='grc' dir='ltr'><strong>τῆς</strong></span> <span class='ocrx_word' id='word_1_441' title='bbox 3598 3122 3745 3193; x_wconf 80' lang='grc' dir='ltr'><strong>αίρέ-</strong></span> 
     </span>
    </p>
   </div>
   <div class='ocr_carea' id='block_1_61' title="bbox 518 3212 2084 3288">
    <p class='ocr_par' dir='ltr' id='par_1_61' title="bbox 518 3212 2084 3288">
     <span class='ocr_line' id='line_1_61' title="bbox 518 3212 2084 3288; baseline 0.003 -20"><span class='ocrx_word' id='word_1_442' title='bbox 518 3212 658 3270; x_wconf 86' lang='lat' dir='ltr'><strong>resis</strong></span> <span class='ocrx_word' id='word_1_443' title='bbox 693 3214 1111 3284; x_wconf 84' lang='lat' dir='ltr'><strong>appellationem</strong></span> <span class='ocrx_word' id='word_1_444' title='bbox 1140 3216 1346 3270; x_wconf 90' lang='lat' dir='ltr'><strong>nullam</strong></span> <span class='ocrx_word' id='word_1_445' title='bbox 1373 3217 1769 3288; x_wconf 87' lang='lat' dir='ltr'><strong>acceperimus,</strong></span> <span class='ocrx_word' id='word_1_446' title='bbox 1794 3218 1919 3288; x_wconf 83' lang='lat' dir='ltr'><strong>jure</strong></span> <span class='ocrx_word' id='word_1_447' title='bbox 1944 3217 2084 3273; x_wconf 89' lang='lat' dir='ltr'><strong>hanc</strong></span> 
     </span>
    </p>
   </div>
   <div class='ocr_carea' id='block_1_62' title="bbox 518 3304 1513 3375">
    <p class='ocr_par' dir='ltr' id='par_1_62' title="bbox 518 3304 1513 3375">
     <span class='ocr_line' id='line_1_62' title="bbox 518 3304 1513 3375; baseline 0 -16"><span class='ocrx_word' id='word_1_448' title='bbox 518 3304 760 3359; x_wconf 80' lang='lat' dir='ltr'><strong>eamdem</strong></span> <span class='ocrx_word' id='word_1_449' title='bbox 790 3319 912 3358; x_wconf 82' lang='lat' dir='ltr'><strong>esse</strong></span> <span class='ocrx_word' id='word_1_450' title='bbox 939 3305 1097 3361; x_wconf 88' lang='lat' dir='ltr'><strong>nobis</strong></span> <span class='ocrx_word' id='word_1_451' title='bbox 1122 3305 1513 3375; x_wconf 85' lang='lat' dir='ltr'><strong>persuasimus.</strong></span> 
     </span>
    </p>
   </div>
   <div class='ocr_carea' id='block_1_63' title="bbox 590 3394 2083 3467">
    <p class='ocr_par' dir='ltr' id='par_1_63' title="bbox 590 3394 2083 3467">
     <span class='ocr_line' id='line_1_63' title="bbox 590 3394 2083 3467; baseline 0.003 -19"><span class='ocrx_word' id='word_1_452' title='bbox 590 3394 653 3448; x_wconf 89' lang='lat' dir='ltr'><strong>ll.</strong></span> <span class='ocrx_word' id='word_1_453' title='bbox 697 3394 804 3450; x_wconf 88' lang='lat' dir='ltr'><strong>Sed</strong></span> <span class='ocrx_word' id='word_1_454' title='bbox 827 3395 1018 3449; x_wconf 88' lang='lat' dir='ltr'><strong>horum</strong></span> <span class='ocrx_word' id='word_1_455' title='bbox 1042 3396 1272 3467; x_wconf 77' lang='lat' dir='ltr'><strong>insignis</strong></span> <span class='ocrx_word' id='word_1_456' title='bbox 1294 3398 1540 3466; x_wconf 64' lang='lat' dir='ltr'><strong>quaedam</strong></span> <span class='ocrx_word' id='word_1_457' title='bbox 1568 3406 1655 3454; x_wconf 90' lang='lat' dir='ltr'><strong>est</strong></span> <span class='ocrx_word' id='word_1_458' title='bbox 1670 3398 1920 3454; x_wconf 82' lang='lat' dir='ltr'><strong>stultitia.</strong></span> <span class='ocrx_word' id='word_1_459' title='bbox 1949 3398 2083 3453; x_wconf 86' lang='lat' dir='ltr'><strong>Nam</strong></span> 
     </span>
    </p>
   </div>
   <div class='ocr_carea' id='block_1_64' title="bbox 520 3486 2085 3558">
    <p class='ocr_par' dir='ltr' id='par_1_64' title="bbox 520 3486 2085 3558">
     <span class='ocr_line' id='line_1_64' title="bbox 520 3486 2085 3558; baseline 0.003 -18"><span class='ocrx_word' id='word_1_460' title='bbox 520 3486 567 3540; x_wconf 85' lang='lat' dir='ltr'><strong>si</strong></span> <span class='ocrx_word' id='word_1_461' title='bbox 602 3486 731 3541; x_wconf 84' lang='lat' dir='ltr'><strong>illud</strong></span> <span class='ocrx_word' id='word_1_462' title='bbox 761 3487 986 3556; x_wconf 80' lang='lat' dir='ltr'><strong>exsequi</strong></span> <span class='ocrx_word' id='word_1_463' title='bbox 1010 3488 1220 3550; x_wconf 86' lang='lat' dir='ltr'><strong>volunt,</strong></span> <span class='ocrx_word' id='word_1_464' title='bbox 1254 3489 1399 3557; x_wconf 83' lang='lat' dir='ltr'><strong>quod</strong></span> <span class='ocrx_word' id='word_1_465' title='bbox 1429 3497 1514 3543; x_wconf 90' lang='lat' dir='ltr'><strong>est</strong></span> <span class='ocrx_word' id='word_1_466' title='bbox 1546 3490 1603 3547; x_wconf 86' lang='lat' dir='ltr'><strong>in</strong></span> <span class='ocrx_word' id='word_1_467' title='bbox 1626 3488 1921 3558; x_wconf 78' lang='lat' dir='ltr'><strong>Evangelia</strong></span> <span class='ocrx_word' id='word_1_468' title='bbox 1952 3490 2085 3546; x_wconf 88' lang='lat' dir='ltr'><strong>scri-</strong></span> 
     </span>
    </p>
   </div>
   <div class='ocr_carea' id='block_1_65' title="bbox 520 3574 2083 3647">
    <p class='ocr_par' dir='ltr' id='par_1_65' title="bbox 520 3574 2083 3647">
     <span class='ocr_line' id='line_1_65' title="bbox 520 3574 2083 3647; baseline 0.005 -20"><span class='ocrx_word' id='word_1_469' title='bbox 520 3583 674 3646; x_wconf 84' lang='lat' dir='ltr'><strong>ptum</strong></span> <span class='ocrx_word' id='word_1_470' title='bbox 706 3594 720 3631; x_wconf 88' lang='lat'><strong>:</strong></span> <span class='ocrx_word' id='word_1_471' title='bbox 746 3574 807 3630; x_wconf 88' lang='lat' dir='ltr'><strong>Si</strong></span> <span class='ocrx_word' id='word_1_472' title='bbox 845 3575 1283 3633; x_wconf 76' lang='lat' dir='ltr'><strong>scandalizarerit</strong></span> <span class='ocrx_word' id='word_1_473' title='bbox 1318 3586 1365 3629; x_wconf 83' lang='lat' dir='ltr'><strong>te</strong></span> <span class='ocrx_word' id='word_1_474' title='bbox 1398 3593 1563 3633; x_wconf 83' lang='lat' dir='ltr'><strong>unum</strong></span> <span class='ocrx_word' id='word_1_475' title='bbox 1588 3595 1652 3633; x_wconf 75' lang='lat' dir='ltr'><strong>ex</strong></span> <span class='ocrx_word' id='word_1_476' title='bbox 1680 3581 1923 3634; x_wconf 78' lang='lat' dir='ltr'><strong>membris</strong></span> <span class='ocrx_word' id='word_1_477' title='bbox 1954 3582 2083 3647; x_wconf 82' lang='lat' dir='ltr'><strong>tuis,</strong></span> 
     </span>
    </p>
   </div>
   <div class='ocr_carea' id='block_1_66' title="bbox 521 3662 2085 3740">
    <p class='ocr_par' dir='ltr' id='par_1_66' title="bbox 521 3662 2085 3740">
     <span class='ocr_line' id='line_1_66' title="bbox 521 3662 2085 3740; baseline 0.006 -24"><span class='ocrx_word' id='word_1_478' title='bbox 521 3662 769 3718; x_wconf 80' lang='lat' dir='ltr'><strong>abscinde</strong></span> <span class='ocrx_word' id='word_1_479' title='bbox 808 3666 901 3719; x_wconf 81' lang='lat' dir='ltr'><strong>abs</strong></span> <span class='ocrx_word' id='word_1_480' title='bbox 930 3674 996 3718; x_wconf 87' lang='lat' dir='ltr'><strong>te.</strong></span> <span class='ocrx_word' id='word_1_481' title='bbox 1024 3662 1247 3732; x_wconf 73' lang='lat' dir='ltr'><strong>Expedit</strong></span> <span class='ocrx_word' id='word_1_482' title='bbox 1268 3666 1403 3719; x_wconf 83' lang='lat' dir='ltr'><strong>enim</strong></span> <span class='ocrx_word' id='word_1_483' title='bbox 1436 3668 1529 3719; x_wconf 82' lang='lat' dir='ltr'><strong>tibi</strong></span> <span class='ocrx_word' id='word_1_484' title='bbox 1562 3670 1759 3723; x_wconf 85' lang='lat' dir='ltr'><strong>intrare</strong></span> <span class='ocrx_word' id='word_1_485' title='bbox 1799 3672 1851 3723; x_wconf 83' lang='lat' dir='ltr'><strong>in</strong></span> <span class='ocrx_word' id='word_1_486' title='bbox 1872 3687 2085 3740; x_wconf 79' lang='lat' dir='ltr'><strong>regnum</strong></span> 
     </span>
    </p>
   </div>
   <div class='ocr_carea' id='block_1_67' title="bbox 519 3754 2081 3829">
    <p class='ocr_par' dir='ltr' id='par_1_67' title="bbox 519 3754 2081 3829">
     <span class='ocr_line' id='line_1_67' title="bbox 519 3754 2081 3829; baseline 0.008 -22"><span class='ocrx_word' id='word_1_487' title='bbox 519 3754 769 3808; x_wconf 79' lang='lat' dir='ltr'><strong>cwlorum</strong></span> <span class='ocrx_word' id='word_1_488' title='bbox 811 3756 1080 3817; x_wconf 83' lang='lat' dir='ltr'><strong>claudum,</strong></span> <span class='ocrx_word' id='word_1_489' title='bbox 1113 3770 1205 3809; x_wconf 84' lang='lat' dir='ltr'><strong>aut</strong></span> <span class='ocrx_word' id='word_1_490' title='bbox 1247 3774 1510 3821; x_wconf 80' lang='lat' dir='ltr'><strong>mancum,</strong></span> <span class='ocrx_word' id='word_1_491' title='bbox 1546 3772 1637 3814; x_wconf 69' lang='lat' dir='ltr'><strong>aut</strong></span> <span class='ocrx_word' id='word_1_492' title='bbox 1664 3778 1878 3815; x_wconf 84' lang='lat' dir='ltr'><strong>curvum</strong></span> <span class='ocrx_word' id='word_1_493' title='bbox 1904 3764 1941 3829; x_wconf 78' lang='grc'><strong>⁸,</strong></span> <span class='ocrx_word' id='word_1_494' title='bbox 1977 3774 2081 3819; x_wconf 87' lang='lat' dir='ltr'><strong>etc.</strong></span> 
     </span>
    </p>
   </div>
   <div class='ocr_carea' id='block_1_68' title="bbox 519 3846 2084 3925">
    <p class='ocr_par' dir='ltr' id='par_1_68' title="bbox 519 3846 2084 3925">
     <span class='ocr_line' id='line_1_68' title="bbox 519 3846 2084 3925; baseline 0.009 -28"><span class='ocrx_word' id='word_1_495' title='bbox 519 3846 803 3913; x_wconf 81' lang='lat' dir='ltr'><strong>Quomodo</strong></span> <span class='ocrx_word' id='word_1_496' title='bbox 832 3863 1056 3915; x_wconf 84' lang='lat' dir='ltr'><strong>regnum</strong></span> <span class='ocrx_word' id='word_1_497' title='bbox 1108 3848 1368 3903; x_wconf 75' lang='lat' dir='ltr'><strong>ccelorum</strong></span> <span class='ocrx_word' id='word_1_498' title='bbox 1424 3851 1630 3920; x_wconf 89' lang='lat' dir='ltr'><strong>ingredi</strong></span> <span class='ocrx_word' id='word_1_499' title='bbox 1672 3853 1896 3909; x_wconf 82' lang='lat' dir='ltr'><strong>inutilus</strong></span> <span class='ocrx_word' id='word_1_500' title='bbox 1933 3856 2084 3925; x_wconf 88' lang='lat' dir='ltr'><strong>quis—</strong></span> 
     </span>
    </p>
   </div>
   <div class='ocr_carea' id='block_1_69' title="bbox 521 3937 2084 4013">
    <p class='ocr_par' dir='ltr' id='par_1_69' title="bbox 521 3937 2084 4013">
     <span class='ocr_line' id='line_1_69' title="bbox 521 3937 2084 4013; baseline 0.004 -21"><span class='ocrx_word' id='word_1_501' title='bbox 521 3939 665 4010; x_wconf 78' lang='lat' dir='ltr'><strong>piam</strong></span> <span class='ocrx_word' id='word_1_502' title='bbox 723 3940 939 4008; x_wconf 84' lang='lat' dir='ltr'><strong>potest?</strong></span> <span class='ocrx_word' id='word_1_503' title='bbox 994 3937 1128 3992; x_wconf 79' lang='lat' dir='ltr'><strong>Nam</strong></span> <span class='ocrx_word' id='word_1_504' title='bbox 1184 3940 1230 3995; x_wconf 90' lang='lat' dir='ltr'><strong>si</strong></span> <span class='ocrx_word' id='word_1_505' title='bbox 1268 3941 1529 3995; x_wconf 72' lang='lat' dir='ltr'><strong>caelorum</strong></span> <span class='ocrx_word' id='word_1_506' title='bbox 1574 3957 1799 4011; x_wconf 88' lang='lat' dir='ltr'><strong>regnum</strong></span> <span class='ocrx_word' id='word_1_507' title='bbox 1847 3945 2084 4013; x_wconf 82' lang='lat' dir='ltr'><strong>perfecta</strong></span> 
     </span>
    </p>
   </div>
   <div class='ocr_carea' id='block_1_70' title="bbox 518 4030 2085 4102">
    <p class='ocr_par' dir='ltr' id='par_1_70' title="bbox 518 4030 2085 4102">
     <span class='ocr_line' id='line_1_70' title="bbox 518 4030 2085 4102; baseline 0.003 -19"><span class='ocrx_word' id='word_1_508' title='bbox 518 4030 717 4085; x_wconf 84' lang='lat' dir='ltr'><strong>habeat</strong></span> <span class='ocrx_word' id='word_1_509' title='bbox 744 4031 952 4096; x_wconf 87' lang='lat' dir='ltr'><strong>omnia,</strong></span> <span class='ocrx_word' id='word_1_510' title='bbox 985 4030 1119 4084; x_wconf 89' lang='lat' dir='ltr'><strong>nihil</strong></span> <span class='ocrx_word' id='word_1_511' title='bbox 1151 4030 1204 4085; x_wconf 91' lang='lat' dir='ltr'><strong>in</strong></span> <span class='ocrx_word' id='word_1_512' title='bbox 1248 4047 1308 4086; x_wconf 91' lang='lat' dir='ltr'><strong>se</strong></span> <span class='ocrx_word' id='word_1_513' title='bbox 1357 4032 1516 4087; x_wconf 85' lang='lat' dir='ltr'><strong>habet</strong></span> <span class='ocrx_word' id='word_1_514' title='bbox 1548 4032 1945 4102; x_wconf 80' lang='lat' dir='ltr'><strong>imperfectum.</strong></span> <span class='ocrx_word' id='word_1_515' title='bbox 1978 4032 2085 4088; x_wconf 83' lang='lat' dir='ltr'><strong>lla-</strong></span> 
     </span>
    </p>
   </div>
   <div class='ocr_carea' id='block_1_71' title="bbox 517 4118 2085 4190">
    <p class='ocr_par' dir='ltr' id='par_1_71' title="bbox 517 4118 2085 4190">
     <span class='ocr_line' id='line_1_71' title="bbox 517 4118 2085 4190; baseline 0.004 -19"><span class='ocrx_word' id='word_1_516' title='bbox 517 4135 629 4188; x_wconf 85' lang='lat' dir='ltr'><strong>que</strong></span> <span class='ocrx_word' id='word_1_517' title='bbox 677 4135 800 4177; x_wconf 86' lang='lat' dir='ltr'><strong>cum</strong></span> <span class='ocrx_word' id='word_1_518' title='bbox 862 4118 1141 4172; x_wconf 89' lang='lat' dir='ltr'><strong>hominum</strong></span> <span class='ocrx_word' id='word_1_519' title='bbox 1191 4133 1423 4188; x_wconf 89' lang='lat' dir='ltr'><strong>corpora</strong></span> <span class='ocrx_word' id='word_1_520' title='bbox 1482 4128 1785 4190; x_wconf 87' lang='lat' dir='ltr'><strong>resurgent.</strong></span> <span class='ocrx_word' id='word_1_521' title='bbox 1830 4122 2085 4178; x_wconf 86' lang='lat' dir='ltr'><strong>universa</strong></span> 
     </span>
    </p>
   </div>
   <div class='ocr_carea' id='block_1_72' title="bbox 520 4210 2085 4285">
    <p class='ocr_par' dir='ltr' id='par_1_72' title="bbox 520 4210 2085 4285">
     <span class='ocr_line' id='line_1_72' title="bbox 520 4210 2085 4285; baseline 0.003 -22"><span class='ocrx_word' id='word_1_522' title='bbox 520 4210 684 4264; x_wconf 86' lang='lat' dir='ltr'><strong>simul</strong></span> <span class='ocrx_word' id='word_1_523' title='bbox 720 4210 962 4267; x_wconf 88' lang='lat' dir='ltr'><strong>membra</strong></span> <span class='ocrx_word' id='word_1_524' title='bbox 998 4220 1307 4282; x_wconf 81' lang='lat' dir='ltr'><strong>resurgent,</strong></span> <span class='ocrx_word' id='word_1_525' title='bbox 1338 4213 1417 4267; x_wconf 93' lang='lat' dir='ltr'><strong>sic</strong></span> <span class='ocrx_word' id='word_1_526' title='bbox 1445 4221 1504 4266; x_wconf 93' lang='lat' dir='ltr'><strong>ut</strong></span> <span class='ocrx_word' id='word_1_527' title='bbox 1534 4227 1723 4267; x_wconf 89' lang='lat' dir='ltr'><strong>eorum</strong></span> <span class='ocrx_word' id='word_1_528' title='bbox 1754 4215 1962 4268; x_wconf 90' lang='lat' dir='ltr'><strong>nullum</strong></span> <span class='ocrx_word' id='word_1_529' title='bbox 1996 4232 2085 4285; x_wconf 87' lang='lat' dir='ltr'><strong>pe-</strong></span> 
     </span>
    </p>
   </div>
   <div class='ocr_carea' id='block_1_73' title="bbox 520 4301 2085 4373">
    <p class='ocr_par' dir='ltr' id='par_1_73' title="bbox 520 4301 2085 4373">
     <span class='ocr_line' id='line_1_73' title="bbox 520 4301 2085 4373; baseline 0.004 -18"><span class='ocrx_word' id='word_1_530' title='bbox 520 4302 670 4357; x_wconf 89' lang='lat' dir='ltr'><strong>nitus</strong></span> <span class='ocrx_word' id='word_1_531' title='bbox 699 4301 1062 4372; x_wconf 82' lang='lat' dir='ltr'><strong>relinquatur.</strong></span> <span class='ocrx_word' id='word_1_532' title='bbox 1098 4301 1175 4357; x_wconf 84' lang='lat' dir='ltr'><strong>Ac</strong></span> <span class='ocrx_word' id='word_1_533' title='bbox 1216 4304 1263 4358; x_wconf 93' lang='lat' dir='ltr'><strong>si</strong></span> <span class='ocrx_word' id='word_1_534' title='bbox 1309 4304 1534 4359; x_wconf 90' lang='lat' dir='ltr'><strong>omnino</strong></span> <span class='ocrx_word' id='word_1_535' title='bbox 1579 4320 1865 4373; x_wconf 82' lang='lat' dir='ltr'><strong>resurgere</strong></span> <span class='ocrx_word' id='word_1_536' title='bbox 1916 4322 2085 4361; x_wconf 90' lang='lat' dir='ltr'><strong>mem-</strong></span> 
     </span>
    </p>
   </div>
   <div class='ocr_carea' id='block_1_74' title="bbox 2186 3212 3741 3285">
    <p class='ocr_par' dir='ltr' id='par_1_74' title="bbox 2186 3212 3741 3285">
     <span class='ocr_line' id='line_1_74' title="bbox 2186 3212 3741 3285; baseline 0 -20"><span class='ocrx_word' id='word_1_537' title='bbox 2186 3229 2325 3277; x_wconf 79' lang='grc' dir='ltr'><strong>σεως</strong></span> <span class='ocrx_word' id='word_1_538' title='bbox 2354 3214 2536 3284; x_wconf 76' lang='grc' dir='ltr'><strong>ἕτερον</strong></span> <span class='ocrx_word' id='word_1_539' title='bbox 2551 3213 2719 3284; x_wconf 72' lang='grc' dir='ltr'><strong>ὄνομα</strong></span> <span class='ocrx_word' id='word_1_540' title='bbox 2739 3213 2800 3268; x_wconf 83' lang='grc' dir='ltr'><strong>οὐ</strong></span> <span class='ocrx_word' id='word_1_541' title='bbox 2832 3213 3256 3285; x_wconf 82' lang='grc' dir='ltr'><strong>κατειλήφαμεν,</strong></span> <span class='ocrx_word' id='word_1_542' title='bbox 3275 3213 3602 3284; x_wconf 70' lang='grc' dir='ltr'><strong>ἐνομίσαμεν</strong></span> <span class='ocrx_word' id='word_1_543' title='bbox 3621 3212 3741 3266; x_wconf 88' lang='grc' dir='ltr'><strong>ταύ-</strong></span> 
     </span>
    </p>
   </div>
   <div class='ocr_carea' id='block_1_75' title="bbox 2182 3301 2476 3375">
    <p class='ocr_par' dir='ltr' id='par_1_75' title="bbox 2182 3301 2476 3375">
     <span class='ocr_line' id='line_1_75' title="bbox 2182 3301 2476 3375; baseline 0 -18"><span class='ocrx_word' id='word_1_544' title='bbox 2182 3320 2285 3375; x_wconf 81' lang='grc' dir='ltr'><strong>την</strong></span> <span class='ocrx_word' id='word_1_545' title='bbox 2318 3301 2476 3358; x_wconf 74' lang='grc' dir='ltr'><strong>εἶναι.</strong></span> 
     </span>
    </p>
   </div>
   <div class='ocr_carea' id='block_1_76' title="bbox 2256 3391 3745 3466">
    <p class='ocr_par' dir='ltr' id='par_1_76' title="bbox 2256 3391 3745 3466">
     <span class='ocr_line' id='line_1_76' title="bbox 2256 3391 3745 3466; baseline -0.002 -19"><span class='ocrx_word' id='word_1_546' title='bbox 2256 3394 2330 3449; x_wconf 87' lang='grc' dir='ltr'><strong>Β’.</strong></span> <span class='ocrx_word' id='word_1_547' title='bbox 2373 3394 2549 3466; x_wconf 77' lang='grc' dir='ltr'><strong>Πολλὴ</strong></span> <span class='ocrx_word' id='word_1_548' title='bbox 2573 3395 2630 3448; x_wconf 86' lang='grc' dir='ltr'><strong>δὲ</strong></span> <span class='ocrx_word' id='word_1_549' title='bbox 2655 3394 3047 3466; x_wconf 75' lang='grc' dir='ltr'><strong>φρενοϐλάϐεια</strong></span> <span class='ocrx_word' id='word_1_550' title='bbox 3091 3395 3198 3447; x_wconf 86' lang='grc' dir='ltr'><strong>τῶν</strong></span> <span class='ocrx_word' id='word_1_551' title='bbox 3228 3394 3503 3448; x_wconf 83' lang='grc' dir='ltr'><strong>τοιούτων.</strong></span> <span class='ocrx_word' id='word_1_552' title='bbox 3536 3393 3598 3445; x_wconf 85' lang='lat' dir='ltr'><strong>Ei</strong></span> <span class='ocrx_word' id='word_1_553' title='bbox 3649 3391 3745 3462; x_wconf 77' lang='grc' dir='ltr'><strong>μὲ.</strong></span> 
     </span>
    </p>
   </div>
   <div class='ocr_carea' id='block_1_77' title="bbox 2183 3480 3745 3557">
    <p class='ocr_par' dir='ltr' id='par_1_77' title="bbox 2183 3480 3745 3557">
     <span class='ocr_line' id='line_1_77' title="bbox 2183 3480 3745 3557; baseline -0.003 -19"><span class='ocrx_word' id='word_1_554' title='bbox 2183 3485 2291 3557; x_wconf 83' lang='grc' dir='ltr'><strong>γάρ</strong></span> <span class='ocrx_word' id='word_1_555' title='bbox 2342 3484 2405 3539; x_wconf 85' lang='grc' dir='ltr'><strong>τὸ</strong></span> <span class='ocrx_word' id='word_1_556' title='bbox 2448 3486 2507 3538; x_wconf 87' lang='grc' dir='ltr'><strong>ὲν</strong></span> <span class='ocrx_word' id='word_1_557' title='bbox 2557 3484 2636 3555; x_wconf 83' lang='grc' dir='ltr'><strong>τῷ</strong></span> <span class='ocrx_word' id='word_1_558' title='bbox 2681 3484 2993 3553; x_wconf 79' lang='grc' dir='ltr'><strong>Εὑαγγελίῳ</strong></span> <span class='ocrx_word' id='word_1_559' title='bbox 3055 3483 3330 3553; x_wconf 86' lang='grc' dir='ltr'><strong>βούλονται</strong></span> <span class='ocrx_word' id='word_1_560' title='bbox 3368 3480 3745 3553; x_wconf 53' lang='grc' dir='ltr'><strong>πληροῦνηδ.</strong></span> 
     </span>
    </p>
   </div>
   <div class='ocr_carea' id='block_1_78' title="bbox 2198 3572 3725 3644">
    <p class='ocr_par' dir='ltr' id='par_1_78' title="bbox 2198 3572 3725 3644">
     <span class='ocr_line' id='line_1_78' title="bbox 2198 3572 3725 3644; baseline -0.003 -14"><span class='ocrx_word' id='word_1_561' title='bbox 2198 3579 2339 3632; x_wconf 82' lang='grc' dir='ltr'><em>Ἐὰν</em></span> <span class='ocrx_word' id='word_1_562' title='bbox 2366 3575 2732 3644; x_wconf 73' lang='grc' dir='ltr'><strong>σκανδαλίζῃ</strong></span> <span class='ocrx_word' id='word_1_563' title='bbox 2771 3592 2844 3629; x_wconf 83' lang='grc' dir='ltr'><strong>σε</strong></span> <span class='ocrx_word' id='word_1_564' title='bbox 2890 3574 2960 3629; x_wconf 74' lang='grc' dir='ltr'><strong>ἓν</strong></span> <span class='ocrx_word' id='word_1_565' title='bbox 2992 3573 3109 3628; x_wconf 83' lang='grc' dir='ltr'><strong>τῶν</strong></span> <span class='ocrx_word' id='word_1_566' title='bbox 3132 3572 3336 3644; x_wconf 75' lang='grc' dir='ltr'><strong>μελῶν</strong></span> <span class='ocrx_word' id='word_1_567' title='bbox 3364 3588 3505 3639; x_wconf 84' lang='grc' dir='ltr'><strong>σου,</strong></span> <span class='ocrx_word' id='word_1_568' title='bbox 3533 3572 3725 3627; x_wconf 78' lang='grc' dir='ltr'><strong>ἁπόκο</strong></span> 
     </span>
    </p>
   </div>
   <div class='ocr_carea' id='block_1_79' title="bbox 2183 3659 3747 3735">
    <p class='ocr_par' dir='ltr' id='par_1_79' title="bbox 2183 3659 3747 3735">
     <span class='ocr_line' id='line_1_79' title="bbox 2183 3659 3747 3735; baseline -0.008 -13"><span class='ocrx_word' id='word_1_569' title='bbox 2183 3670 2306 3735; x_wconf 54' lang='lat' dir='ltr'><strong>altor</strong></span> <span class='ocrx_word' id='word_1_570' title='bbox 2350 3666 2467 3721; x_wconf 80' lang='grc' dir='ltr'><strong>ἀπὸ</strong></span> <span class='ocrx_word' id='word_1_571' title='bbox 2522 3666 2659 3720; x_wconf 88' lang='grc' dir='ltr'><strong>σοῦ.</strong></span> <span class='ocrx_word' id='word_1_572' title='bbox 2697 3665 2988 3735; x_wconf 73' lang='grc' dir='ltr'><strong>Συμςρέρει</strong></span> <span class='ocrx_word' id='word_1_573' title='bbox 3027 3663 3137 3733; x_wconf 71' lang='grc' dir='ltr'><strong>γάρ</strong></span> <span class='ocrx_word' id='word_1_574' title='bbox 3168 3679 3268 3718; x_wconf 87' lang='grc' dir='ltr'><strong>σοι</strong></span> <span class='ocrx_word' id='word_1_575' title='bbox 3294 3663 3382 3728; x_wconf 79' lang='grc' dir='ltr'><strong>εὶς</strong></span> <span class='ocrx_word' id='word_1_576' title='bbox 3422 3660 3539 3729; x_wconf 78' lang='grc' dir='ltr'><strong>τὴν</strong></span> <span class='ocrx_word' id='word_1_577' title='bbox 3566 3659 3747 3723; x_wconf 82' lang='grc' dir='ltr'><strong>,ϐασι-</strong></span> 
     </span>
    </p>
   </div>
   <div class='ocr_carea' id='block_1_80' title="bbox 2183 3748 3747 3824">
    <p class='ocr_par' dir='ltr' id='par_1_80' title="bbox 2183 3748 3747 3824">
     <span class='ocr_line' id='line_1_80' title="bbox 2183 3748 3747 3824; baseline -0.007 -14"><span class='ocrx_word' id='word_1_578' title='bbox 2183 3756 2355 3810; x_wconf 76' lang='grc' dir='ltr'><strong>λείαν</strong></span> <span class='ocrx_word' id='word_1_579' title='bbox 2382 3754 2499 3809; x_wconf 79' lang='grc' dir='ltr'><strong>τῶν</strong></span> <span class='ocrx_word' id='word_1_580' title='bbox 2530 3754 2799 3823; x_wconf 77' lang='grc' dir='ltr'><strong>οὐρανῶν</strong></span> <span class='ocrx_word' id='word_1_581' title='bbox 2822 3755 2859 3823; x_wconf 85' lang='grc' dir='ltr'><em>ἢ</em></span> <span class='ocrx_word' id='word_1_582' title='bbox 2890 3754 3108 3824; x_wconf 72' lang='grc' dir='ltr'><strong>χωλὸν,</strong></span> <span class='ocrx_word' id='word_1_583' title='bbox 3158 3753 3196 3822; x_wconf 78' lang='grc' dir='ltr'><strong>ἦ</strong></span> <span class='ocrx_word' id='word_1_584' title='bbox 3232 3751 3485 3821; x_wconf 69' lang='grc' dir='ltr'><strong>τυφλὸν,</strong></span> <span class='ocrx_word' id='word_1_585' title='bbox 3533 3748 3572 3817; x_wconf 82' lang='grc' dir='ltr'><strong>ἢ</strong></span> <span class='ocrx_word' id='word_1_586' title='bbox 3601 3750 3747 3801; x_wconf 61' lang='grc' dir='ltr'><strong>κυνί-</strong></span> 
     </span>
    </p>
   </div>
   <div class='ocr_carea' id='block_1_81' title="bbox 2183 3842 3743 3917">
    <p class='ocr_par' dir='ltr' id='par_1_81' title="bbox 2183 3842 3743 3917">
     <span class='ocr_line' id='line_1_81' title="bbox 2183 3842 3743 3917; baseline -0.006 -16"><span class='ocrx_word' id='word_1_587' title='bbox 2183 3849 2318 3903; x_wconf 70' lang='grc' dir='ltr'><strong>λόν.</strong></span> <span class='ocrx_word' id='word_1_588' title='bbox 2357 3847 2379 3879; x_wconf 76' lang='grc'>⁸</span> <span class='ocrx_word' id='word_1_589' title='bbox 2411 3848 2535 3910; x_wconf 86' lang='grc' dir='ltr'><strong>Πῶς</strong></span> <span class='ocrx_word' id='word_1_590' title='bbox 2580 3846 2802 3901; x_wconf 87' lang='grc' dir='ltr'><strong>δύναται</strong></span> <span class='ocrx_word' id='word_1_591' title='bbox 2832 3848 2903 3917; x_wconf 28' lang='grc' dir='ltr'><strong>,ἐν</strong></span> <span class='ocrx_word' id='word_1_592' title='bbox 2955 3844 3199 3917; x_wconf 77' lang='grc' dir='ltr'><strong>βασιλείᾳ</strong></span> <span class='ocrx_word' id='word_1_593' title='bbox 3244 3842 3365 3897; x_wconf 75' lang='grc' dir='ltr'><strong>τινὰ</strong></span> <span class='ocrx_word' id='word_1_594' title='bbox 3402 3844 3743 3913; x_wconf 73' lang='grc' dir='ltr'><strong>ἠκρωτηρια-</strong></span> 
     </span>
    </p>
   </div>
   <div class='ocr_carea' id='block_1_82' title="bbox 2187 3930 3751 4008">
    <p class='ocr_par' dir='ltr' id='par_1_82' title="bbox 2187 3930 3751 4008">
     <span class='ocr_line' id='line_1_82' title="bbox 2187 3930 3751 4008; baseline -0.004 -19"><span class='ocrx_word' id='word_1_595' title='bbox 2187 3936 2409 4008; x_wconf 75' lang='grc' dir='ltr'><strong>σμένονς</strong></span> <span class='ocrx_word' id='word_1_596' title='bbox 2455 3937 2516 3989; x_wconf 82' lang='grc' dir='ltr'><strong>Εἰ</strong></span> <span class='ocrx_word' id='word_1_597' title='bbox 2561 3936 2670 4007; x_wconf 83' lang='grc' dir='ltr'><strong>γὰρ</strong></span> <span class='ocrx_word' id='word_1_598' title='bbox 2712 3938 2746 4007; x_wconf 76' lang='grc' dir='ltr'>ἡ</span> <span class='ocrx_word' id='word_1_599' title='bbox 2779 3935 3021 4006; x_wconf 86' lang='grc' dir='ltr'><strong>βασιλεία</strong></span> <span class='ocrx_word' id='word_1_600' title='bbox 3065 3934 3173 3987; x_wconf 90' lang='grc' dir='ltr'><strong>τῶν</strong></span> <span class='ocrx_word' id='word_1_601' title='bbox 3208 3930 3450 4004; x_wconf 80' lang='grc' dir='ltr'><strong>οὐρανῶν</strong></span> <span class='ocrx_word' id='word_1_602' title='bbox 3472 3930 3542 3983; x_wconf 75' lang='grc' dir='ltr'><strong>τά</strong></span> <span class='ocrx_word' id='word_1_603' title='bbox 3574 3930 3751 3982; x_wconf 84' lang='grc' dir='ltr'><strong>πάντα</strong></span> 
     </span>
    </p>
   </div>
   <div class='ocr_carea' id='block_1_83' title="bbox 2184 4018 3752 4096">
    <p class='ocr_par' dir='ltr' id='par_1_83' title="bbox 2184 4018 3752 4096">
     <span class='ocr_line' id='line_1_83' title="bbox 2184 4018 3752 4096; baseline -0.005 -15"><span class='ocrx_word' id='word_1_604' title='bbox 2184 4030 2302 4081; x_wconf 79' lang='grc' dir='ltr'><strong>ἐστὶ</strong></span> <span class='ocrx_word' id='word_1_605' title='bbox 2340 4027 2639 4092; x_wconf 82' lang='grc' dir='ltr'><strong>τελειοῦσα,</strong></span> <span class='ocrx_word' id='word_1_606' title='bbox 2682 4027 2835 4081; x_wconf 78' lang='grc' dir='ltr'><strong>οὐδὲν</strong></span> <span class='ocrx_word' id='word_1_607' title='bbox 2883 4026 3070 4090; x_wconf 80' lang='grc' dir='ltr'><strong>ἀτελὲς</strong></span> <span class='ocrx_word' id='word_1_608' title='bbox 3119 4026 3231 4096; x_wconf 75' lang='grc' dir='ltr'><strong>ἔχει</strong></span> <span class='ocrx_word' id='word_1_609' title='bbox 3290 4025 3350 4077; x_wconf 86' lang='grc' dir='ltr'><strong>ἐν</strong></span> <span class='ocrx_word' id='word_1_610' title='bbox 3400 4023 3586 4092; x_wconf 78' lang='grc' dir='ltr'><strong>ἑαυτῇ.</strong></span> <span class='ocrx_word' id='word_1_611' title='bbox 3642 4018 3752 4082; x_wconf 74' lang='grc' dir='ltr'><strong>Καὶ</strong></span> 
     </span>
    </p>
   </div>
   <div class='ocr_carea' id='block_1_84' title="bbox 2183 4110 3754 4189">
    <p class='ocr_par' dir='ltr' id='par_1_84' title="bbox 2183 4110 3754 4189">
     <span class='ocr_line' id='line_1_84' title="bbox 2183 4110 3754 4189; baseline -0.006 -16"><span class='ocrx_word' id='word_1_612' title='bbox 2183 4119 2342 4173; x_wconf 81' lang='grc' dir='ltr'><strong>ὁπότε</strong></span> <span class='ocrx_word' id='word_1_613' title='bbox 2371 4117 2466 4171; x_wconf 78' lang='grc' dir='ltr'><strong>τοῦ</strong></span> <span class='ocrx_word' id='word_1_614' title='bbox 2496 4119 2749 4189; x_wconf 82' lang='grc' dir='ltr'><strong>σώματός</strong></span> <span class='ocrx_word' id='word_1_615' title='bbox 2777 4119 2924 4172; x_wconf 85' lang='grc' dir='ltr'><strong>ἐστιν</strong></span> <span class='ocrx_word' id='word_1_616' title='bbox 2954 4117 3269 4180; x_wconf 81' lang='grc' dir='ltr'><strong>ἀνάστασις,</strong></span> <span class='ocrx_word' id='word_1_617' title='bbox 3299 4115 3475 4167; x_wconf 83' lang='grc' dir='ltr'><strong>πάντα</strong></span> <span class='ocrx_word' id='word_1_618' title='bbox 3512 4112 3582 4166; x_wconf 81' lang='grc' dir='ltr'><strong>τά</strong></span> <span class='ocrx_word' id='word_1_619' title='bbox 3614 4110 3754 4182; x_wconf 65' lang='grc' dir='ltr'><strong>μέὶη</strong></span> 
     </span>
    </p>
   </div>
   <div class='ocr_carea' id='block_1_85' title="bbox 2185 4204 3752 4283">
    <p class='ocr_par' dir='ltr' id='par_1_85' title="bbox 2185 4204 3752 4283">
     <span class='ocr_line' id='line_1_85' title="bbox 2185 4204 3752 4283; baseline -0.004 -21"><span class='ocrx_word' id='word_1_620' title='bbox 2185 4211 2567 4282; x_wconf 86' lang='grc' dir='ltr'><strong>ἀναστήσεται,</strong></span> <span class='ocrx_word' id='word_1_621' title='bbox 2601 4211 2693 4263; x_wconf 72' lang='grc' dir='ltr'><strong>καὶ</strong></span> <span class='ocrx_word' id='word_1_622' title='bbox 2725 4210 2844 4264; x_wconf 81' lang='grc' dir='ltr'><strong>οὐδὲ</strong></span> <span class='ocrx_word' id='word_1_623' title='bbox 2876 4211 3133 4280; x_wconf 85' lang='grc' dir='ltr'><strong>ὁπότερον</strong></span> <span class='ocrx_word' id='word_1_624' title='bbox 3176 4208 3354 4263; x_wconf 80' lang='grc' dir='ltr'><strong>αὐτῶν</strong></span> <span class='ocrx_word' id='word_1_625' title='bbox 3385 4204 3752 4283; x_wconf 50' lang='grc' dir='ltr'><strong>καταλειφθήέ</strong></span> 
     </span>
    </p>
   </div>
   <div class='ocr_carea' id='block_1_86' title="bbox 2187 4299 3753 4374">
    <p class='ocr_par' dir='ltr' id='par_1_86' title="bbox 2187 4299 3753 4374">
     <span class='ocr_line' id='line_1_86' title="bbox 2187 4299 3753 4374; baseline -0.004 -18"><span class='ocrx_word' id='word_1_626' title='bbox 2187 4320 2359 4356; x_wconf 87' lang='grc' dir='ltr'><strong>σεται.</strong></span> <span class='ocrx_word' id='word_1_627' title='bbox 2390 4304 2497 4356; x_wconf 76' lang='grc' dir='ltr'><strong>Καὶ</strong></span> <span class='ocrx_word' id='word_1_628' title='bbox 2528 4306 2576 4357; x_wconf 81' lang='grc' dir='ltr'><strong>εἰ</strong></span> <span class='ocrx_word' id='word_1_629' title='bbox 2601 4303 2736 4367; x_wconf 84' lang='grc' dir='ltr'><strong>ὅλως</strong></span> <span class='ocrx_word' id='word_1_630' title='bbox 2758 4304 2818 4356; x_wconf 85' lang='grc' dir='ltr'><strong>τὸ</strong></span> <span class='ocrx_word' id='word_1_631' title='bbox 2845 4302 3005 4374; x_wconf 81' lang='grc' dir='ltr'><strong>μέλος</strong></span> <span class='ocrx_word' id='word_1_632' title='bbox 3037 4303 3135 4355; x_wconf 87' lang='grc' dir='ltr'><strong>ούκ</strong></span> <span class='ocrx_word' id='word_1_633' title='bbox 3166 4301 3456 4372; x_wconf 84' lang='grc' dir='ltr'><strong>ἐγείρεται,</strong></span> <span class='ocrx_word' id='word_1_634' title='bbox 3493 4299 3611 4353; x_wconf 80' lang='grc' dir='ltr'><strong>οὐδὲ</strong></span> <span class='ocrx_word' id='word_1_635' title='bbox 3642 4299 3753 4350; x_wconf 68' lang='grc' dir='ltr'><strong>πᾶν</strong></span> 
     </span>
    </p>
   </div>
   <div class='ocr_carea' id='block_1_87' title="bbox 520 4389 2082 4467">
    <p class='ocr_par' dir='ltr' id='par_1_87' title="bbox 520 4393 2082 4467">
     <span class='ocr_line' id='line_1_87' title="bbox 520 4393 2082 4467; baseline 0.004 -20"><span class='ocrx_word' id='word_1_636' title='bbox 520 4393 675 4447; x_wconf 86' lang='lat' dir='ltr'><strong>hrum</strong></span> <span class='ocrx_word' id='word_1_637' title='bbox 715 4394 931 4463; x_wconf 82' lang='lat' dir='ltr'><strong>aliquod</strong></span> <span class='ocrx_word' id='word_1_638' title='bbox 968 4409 1248 4464; x_wconf 81' lang='lat' dir='ltr'><strong>negemus.</strong></span> <span class='ocrx_word' id='word_1_639' title='bbox 1302 4411 1370 4449; x_wconf 88' lang='lat' dir='ltr'><strong>ne</strong></span> <span class='ocrx_word' id='word_1_640' title='bbox 1420 4404 1592 4450; x_wconf 90' lang='lat' dir='ltr'><strong>totum</strong></span> <span class='ocrx_word' id='word_1_641' title='bbox 1622 4396 1839 4467; x_wconf 92' lang='lat' dir='ltr'><strong>quidem</strong></span> <span class='ocrx_word' id='word_1_642' title='bbox 1882 4412 2082 4467; x_wconf 84' lang='lat' dir='ltr'><strong>corpus</strong></span> 
     </span>
    </p>
   </div>
   <div class='ocr_carea' id='block_1_88' title="bbox 2182 4389 3746 4467">
    <p class='ocr_par' dir='ltr' id='par_1_88' title="bbox 2189 4389 3746 4465">
     <span class='ocr_line' id='line_1_88' title="bbox 2189 4389 3746 4465; baseline -0.003 -18"><span class='ocrx_word' id='word_1_643' title='bbox 2189 4395 2345 4465; x_wconf 87' lang='grc' dir='ltr'><strong>σῶμα</strong></span> <span class='ocrx_word' id='word_1_644' title='bbox 2376 4396 2757 4465; x_wconf 85' lang='grc' dir='ltr'><strong>ἀναστήσεται.</strong></span> <span class='ocrx_word' id='word_1_645' title='bbox 2794 4394 2906 4448; x_wconf 68' lang='grc' dir='ltr'><strong>Καὶ</strong></span> <span class='ocrx_word' id='word_1_646' title='bbox 2945 4396 2992 4447; x_wconf 84' lang='grc' dir='ltr'><strong>εί</strong></span> <span class='ocrx_word' id='word_1_647' title='bbox 3021 4394 3082 4446; x_wconf 83' lang='grc' dir='ltr'><strong>τὸ</strong></span> <span class='ocrx_word' id='word_1_648' title='bbox 3114 4393 3171 4447; x_wconf 80' lang='grc' dir='ltr'><strong>ἓν</strong></span> <span class='ocrx_word' id='word_1_649' title='bbox 3201 4393 3358 4463; x_wconf 83' lang='grc' dir='ltr'><strong>μέλος</strong></span> <span class='ocrx_word' id='word_1_650' title='bbox 3382 4392 3443 4445; x_wconf 86' lang='grc' dir='ltr'><strong>τὸ</strong></span> <span class='ocrx_word' id='word_1_651' title='bbox 3471 4389 3746 4445; x_wconf 84' lang='grc' dir='ltr'><strong>σκανδαλί-</strong></span> 
     </span>
    </p>
   </div>
   <div class='ocr_carea' id='block_1_89' title="bbox 518 4481 2082 4557">
    <p class='ocr_par' dir='ltr' id='par_1_89' title="bbox 518 4481 2082 4557">
     <span class='ocr_line' id='line_1_89' title="bbox 518 4481 2082 4557; baseline 0.006 -23"><span class='ocrx_word' id='word_1_652' title='bbox 518 4492 784 4551; x_wconf 82' lang='lat' dir='ltr'><strong>resurget.</strong></span> <span class='ocrx_word' id='word_1_653' title='bbox 833 4481 986 4550; x_wconf 88' lang='lat' dir='ltr'><strong>Quod</strong></span> <span class='ocrx_word' id='word_1_654' title='bbox 1038 4484 1088 4543; x_wconf 80' lang='lat' dir='ltr'><strong>si</strong></span> <span class='ocrx_word' id='word_1_655' title='bbox 1136 4486 1440 4539; x_wconf 87' lang='lat' dir='ltr'><strong>membrum</strong></span> <span class='ocrx_word' id='word_1_656' title='bbox 1488 4485 1622 4541; x_wconf 92' lang='lat' dir='ltr'><strong>illud</strong></span> <span class='ocrx_word' id='word_1_657' title='bbox 1670 4502 1879 4551; x_wconf 92' lang='lat' dir='ltr'><strong>unum,</strong></span> <span class='ocrx_word' id='word_1_658' title='bbox 1938 4488 2082 4557; x_wconf 91' lang='lat' dir='ltr'><strong>quod</strong></span> 
     </span>
    </p>
   </div>
   <div class='ocr_carea' id='block_1_90' title="bbox 2182 4481 3755 4557">
    <p class='ocr_par' dir='ltr' id='par_1_90' title="bbox 2190 4483 3755 4556">
     <span class='ocr_line' id='line_1_90' title="bbox 2190 4483 3755 4556; baseline -0.003 -16"><span class='ocrx_word' id='word_1_659' title='bbox 2190 4485 2302 4554; x_wconf 75' lang='grc' dir='ltr'><strong>ζον,</strong></span> <span class='ocrx_word' id='word_1_660' title='bbox 2334 4486 2466 4540; x_wconf 79' lang='grc' dir='ltr'><strong>αὐτὸ</strong></span> <span class='ocrx_word' id='word_1_661' title='bbox 2516 4486 2674 4556; x_wconf 90' lang='grc' dir='ltr'><strong>μόνον</strong></span> <span class='ocrx_word' id='word_1_662' title='bbox 2699 4485 3184 4556; x_wconf 85' lang='grc' dir='ltr'><strong>καταλιμπάνεται,</strong></span> <span class='ocrx_word' id='word_1_663' title='bbox 3216 4484 3365 4537; x_wconf 82' lang='grc' dir='ltr'><strong>οὐδὲν</strong></span> <span class='ocrx_word' id='word_1_664' title='bbox 3403 4483 3539 4546; x_wconf 82' lang='grc' dir='ltr'><strong>ὅλως</strong></span> <span class='ocrx_word' id='word_1_665' title='bbox 3580 4500 3755 4536; x_wconf 86' lang='grc' dir='ltr'><strong>κατα-</strong></span> 
     </span>
    </p>
   </div>
   <div class='ocr_carea' id='block_1_91' title="bbox 519 4573 2080 4647">
    <p class='ocr_par' dir='ltr' id='par_1_91' title="bbox 519 4573 2080 4647">
     <span class='ocr_line' id='line_1_91' title="bbox 519 4573 2080 4647; baseline 0.005 -21"><span class='ocrx_word' id='word_1_666' title='bbox 519 4573 872 4635; x_wconf 75' lang='lat' dir='ltr'><strong>scandalizat,</strong></span> <span class='ocrx_word' id='word_1_667' title='bbox 940 4574 1357 4645; x_wconf 85' lang='lat' dir='ltr'><strong>relinquendum</strong></span> <span class='ocrx_word' id='word_1_668' title='bbox 1420 4576 1513 4640; x_wconf 91' lang='lat' dir='ltr'><strong>sit,</strong></span> <span class='ocrx_word' id='word_1_669' title='bbox 1579 4591 1922 4647; x_wconf 89' lang='lat' dir='ltr'><strong>consequens</strong></span> <span class='ocrx_word' id='word_1_670' title='bbox 1974 4586 2080 4644; x_wconf 91' lang='lat' dir='ltr'><strong>est,</strong></span> 
     </span>
    </p>
   </div>
   <div class='ocr_carea' id='block_1_92' title="bbox 520 4662 2082 4735">
    <p class='ocr_par' dir='ltr' id='par_1_92' title="bbox 520 4662 2082 4735">
     <span class='ocr_line' id='line_1_92' title="bbox 520 4662 2082 4735; baseline 0.007 -22"><span class='ocrx_word' id='word_1_671' title='bbox 520 4662 726 4715; x_wconf 89' lang='lat' dir='ltr'><strong>nullum</strong></span> <span class='ocrx_word' id='word_1_672' title='bbox 756 4673 815 4717; x_wconf 91' lang='lat' dir='ltr'><strong>ut</strong></span> <span class='ocrx_word' id='word_1_673' title='bbox 840 4680 1064 4733; x_wconf 83' lang='lat' dir='ltr'><strong>prorsus</strong></span> <span class='ocrx_word' id='word_1_674' title='bbox 1098 4665 1456 4735; x_wconf 86' lang='lat' dir='ltr'><strong>relinquatur.</strong></span> <span class='ocrx_word' id='word_1_675' title='bbox 1482 4664 1691 4720; x_wconf 89' lang='lat' dir='ltr'><strong>Etenim</strong></span> <span class='ocrx_word' id='word_1_676' title='bbox 1714 4668 1953 4723; x_wconf 88' lang='lat' dir='ltr'><strong>membra</strong></span> <span class='ocrx_word' id='word_1_677' title='bbox 1982 4684 2082 4724; x_wconf 91' lang='lat' dir='ltr'><strong>nos</strong></span> 
     </span>
    </p>
   </div>
   <div class='ocr_carea' id='block_1_93' title="bbox 516 4752 2082 4828">
    <p class='ocr_par' dir='ltr' id='par_1_93' title="bbox 516 4752 2082 4828">
     <span class='ocr_line' id='line_1_93' title="bbox 516 4752 2082 4828; baseline 0.005 -23"><span class='ocrx_word' id='word_1_678' title='bbox 516 4752 701 4806; x_wconf 88' lang='lat' dir='ltr'><strong>omnia</strong></span> <span class='ocrx_word' id='word_1_679' title='bbox 745 4754 1269 4813; x_wconf 83' lang='lat' dir='ltr'><strong>scandalizaverunt.</strong></span> <span class='ocrx_word' id='word_1_680' title='bbox 1304 4754 1440 4827; x_wconf 85' lang='lat' dir='ltr'><strong>Quis</strong></span> <span class='ocrx_word' id='word_1_681' title='bbox 1481 4764 1661 4810; x_wconf 88' lang='lat' dir='ltr'><strong>autem</strong></span> <span class='ocrx_word' id='word_1_682' title='bbox 1702 4766 1807 4822; x_wconf 89' lang='lat' dir='ltr'><strong>est,</strong></span> <span class='ocrx_word' id='word_1_683' title='bbox 1855 4757 1947 4828; x_wconf 90' lang='lat' dir='ltr'><strong>qui</strong></span> <span class='ocrx_word' id='word_1_684' title='bbox 1986 4774 2082 4814; x_wconf 88' lang='lat' dir='ltr'><strong>cor</strong></span> 
     </span>
    </p>
   </div>
   <div class='ocr_carea' id='block_1_94' title="bbox 518 4844 2081 4920">
    <p class='ocr_par' dir='ltr' id='par_1_94' title="bbox 518 4844 2081 4920">
     <span class='ocr_line' id='line_1_94' title="bbox 518 4844 2081 4920; baseline 0.003 -22"><span class='ocrx_word' id='word_1_685' title='bbox 518 4859 678 4898; x_wconf 90' lang='lat' dir='ltr'><strong>suum</strong></span> <span class='ocrx_word' id='word_1_686' title='bbox 712 4844 765 4898; x_wconf 92' lang='lat' dir='ltr'><strong>in</strong></span> <span class='ocrx_word' id='word_1_687' title='bbox 794 4846 1047 4901; x_wconf 88' lang='lat' dir='ltr'><strong>onmibus</strong></span> <span class='ocrx_word' id='word_1_688' title='bbox 1074 4845 1390 4901; x_wconf 88' lang='lat' dir='ltr'><strong>scandalum</strong></span> <span class='ocrx_word' id='word_1_689' title='bbox 1437 4846 1703 4920; x_wconf 83' lang='lat' dir='ltr'><strong>objiciens</strong></span> <span class='ocrx_word' id='word_1_690' title='bbox 1732 4848 1962 4903; x_wconf 89' lang='lat' dir='ltr'><strong>avellere</strong></span> <span class='ocrx_word' id='word_1_691' title='bbox 2000 4858 2081 4902; x_wconf 90' lang='lat' dir='ltr'><strong>at-</strong></span> 
     </span>
    </p>
   </div>
   <div class='ocr_carea' id='block_1_95' title="bbox 515 4937 2081 5017">
    <p class='ocr_par' dir='ltr' id='par_1_95' title="bbox 515 4937 2081 5017">
     <span class='ocr_line' id='line_1_95' title="bbox 515 4937 2081 5017; baseline 0.006 -31"><span class='ocrx_word' id='word_1_692' title='bbox 515 4953 622 5005; x_wconf 90' lang='lat' dir='ltr'><strong>que</strong></span> <span class='ocrx_word' id='word_1_693' title='bbox 664 4944 946 5006; x_wconf 86' lang='lat' dir='ltr'><strong>amputare</strong></span> <span class='ocrx_word' id='word_1_694' title='bbox 990 4939 1202 5013; x_wconf 86' lang='lat' dir='ltr'><strong>possit?</strong></span> <span class='ocrx_word' id='word_1_695' title='bbox 1227 4937 1438 5017; x_wconf 87' lang='lat' dir='ltr'><strong>Quippe</strong></span> <span class='ocrx_word' id='word_1_696' title='bbox 1479 4955 1547 4999; x_wconf 79' lang='lat' dir='ltr'><strong>ex</strong></span> <span class='ocrx_word' id='word_1_697' title='bbox 1590 4940 1962 5005; x_wconf 82' lang='lat' dir='ltr'><strong>interioribus,</strong></span> <span class='ocrx_word' id='word_1_698' title='bbox 2000 4942 2081 4996; x_wconf 90' lang='lat' dir='ltr'><strong>in-</strong></span> 
     </span>
    </p>
   </div>
   <div class='ocr_carea' id='block_1_96' title="bbox 515 5028 2079 5099">
    <p class='ocr_par' dir='ltr' id='par_1_96' title="bbox 515 5028 2079 5099">
     <span class='ocr_line' id='line_1_96' title="bbox 515 5028 2079 5099; baseline 0.006 -19"><span class='ocrx_word' id='word_1_699' title='bbox 515 5028 657 5097; x_wconf 90' lang='lat' dir='ltr'><strong>quit,</strong></span> <span class='ocrx_word' id='word_1_700' title='bbox 683 5039 883 5089; x_wconf 84' lang='lat' dir='ltr'><strong>exeunt</strong></span> <span class='ocrx_word' id='word_1_701' title='bbox 926 5028 1338 5093; x_wconf 81' lang='lat' dir='ltr'><strong>fornicationes,</strong></span> <span class='ocrx_word' id='word_1_702' title='bbox 1376 5030 1661 5097; x_wconf 85' lang='lat' dir='ltr'><strong>adulteria,</strong></span> <span class='ocrx_word' id='word_1_703' title='bbox 1681 5031 1933 5088; x_wconf 88' lang='lat' dir='ltr'><strong>libidines</strong></span> <span class='ocrx_word' id='word_1_704' title='bbox 1955 5036 1998 5099; x_wconf 81' lang='lat'><strong>’,</strong></span> <span class='ocrx_word' id='word_1_705' title='bbox 2025 5044 2079 5090; x_wconf 91' lang='lat' dir='ltr'><strong>ct</strong></span> 
     </span>
    </p>
   </div>
   <div class='ocr_carea' id='block_1_97' title="bbox 516 5118 2075 5193">
    <p class='ocr_par' dir='ltr' id='par_1_97' title="bbox 516 5118 2075 5193">
     <span class='ocr_line' id='line_1_97' title="bbox 516 5118 2075 5193; baseline 0.004 -21"><span class='ocrx_word' id='word_1_706' title='bbox 516 5118 568 5172; x_wconf 88' lang='lat' dir='ltr'><strong>id</strong></span> <span class='ocrx_word' id='word_1_707' title='bbox 601 5134 771 5188; x_wconf 84' lang='lat' dir='ltr'><strong>genus</strong></span> <span class='ocrx_word' id='word_1_708' title='bbox 802 5128 1020 5175; x_wconf 65' lang='lat' dir='ltr'><strong>caetera.</strong></span> <span class='ocrx_word' id='word_1_709' title='bbox 1050 5121 1253 5191; x_wconf 84' lang='lat' dir='ltr'><strong>Ecquis</strong></span> <span class='ocrx_word' id='word_1_710' title='bbox 1300 5122 1466 5193; x_wconf 84' lang='lat' dir='ltr'><strong>igitur</strong></span> <span class='ocrx_word' id='word_1_711' title='bbox 1517 5138 1613 5177; x_wconf 91' lang='lat' dir='ltr'><strong>cor</strong></span> <span class='ocrx_word' id='word_1_712' title='bbox 1645 5139 1804 5178; x_wconf 90' lang='lat' dir='ltr'><strong>suum</strong></span> <span class='ocrx_word' id='word_1_713' title='bbox 1850 5124 2075 5178; x_wconf 81' lang='lat' dir='ltr'><strong>abrum—</strong></span> 
     </span>
    </p>
   </div>
   <div class='ocr_carea' id='block_1_98' title="bbox 517 5209 2075 5287">
    <p class='ocr_par' dir='ltr' id='par_1_98' title="bbox 517 5209 2075 5287">
     <span class='ocr_line' id='line_1_98' title="bbox 517 5209 2075 5287; baseline 0.006 -24"><span class='ocrx_word' id='word_1_714' title='bbox 517 5209 642 5278; x_wconf 85' lang='lat' dir='ltr'><strong>pet?</strong></span> <span class='ocrx_word' id='word_1_715' title='bbox 671 5209 749 5264; x_wconf 80' lang='lat' dir='ltr'><strong>Ac</strong></span> <span class='ocrx_word' id='word_1_716' title='bbox 779 5210 847 5273; x_wconf 84' lang='lat' dir='ltr'><strong>si.</strong></span> <span class='ocrx_word' id='word_1_717' title='bbox 882 5220 942 5265; x_wconf 91' lang='lat' dir='ltr'><strong>ut</strong></span> <span class='ocrx_word' id='word_1_718' title='bbox 972 5215 1353 5267; x_wconf 89' lang='lat' dir='ltr'><strong>nonnullorum</strong></span> <span class='ocrx_word' id='word_1_719' title='bbox 1403 5213 1507 5268; x_wconf 81' lang='lat' dir='ltr'><strong>fert</strong></span> <span class='ocrx_word' id='word_1_720' title='bbox 1535 5214 1784 5287; x_wconf 82' lang='lat' dir='ltr'><strong>impietas</strong></span> <span class='ocrx_word' id='word_1_721' title='bbox 1804 5224 1858 5271; x_wconf 84' lang='lat' dir='ltr'><strong>et</strong></span> <span class='ocrx_word' id='word_1_722' title='bbox 1885 5231 2075 5271; x_wconf 83' lang='lat' dir='ltr'><strong>amen-</strong></span> 
     </span>
    </p>
   </div>
   <div class='ocr_carea' id='block_1_99' title="bbox 515 5302 2074 5377">
    <p class='ocr_par' dir='ltr' id='par_1_99' title="bbox 515 5302 2074 5377">
     <span class='ocr_line' id='line_1_99' title="bbox 515 5302 2074 5377; baseline 0.004 -22"><span class='ocrx_word' id='word_1_723' title='bbox 515 5302 612 5367; x_wconf 91' lang='lat' dir='ltr'><strong>tia,</strong></span> <span class='ocrx_word' id='word_1_724' title='bbox 646 5318 848 5375; x_wconf 82' lang='lat' dir='ltr'><strong>corpus</strong></span> <span class='ocrx_word' id='word_1_725' title='bbox 884 5304 1109 5359; x_wconf 84' lang='lat' dir='ltr'><strong>minime</strong></span> <span class='ocrx_word' id='word_1_726' title='bbox 1143 5305 1398 5376; x_wconf 86' lang='lat' dir='ltr'><strong>resurgit,</strong></span> <span class='ocrx_word' id='word_1_727' title='bbox 1446 5306 1577 5377; x_wconf 87' lang='lat' dir='ltr'><strong>quid</strong></span> <span class='ocrx_word' id='word_1_728' title='bbox 1625 5307 1842 5363; x_wconf 79' lang='lat' dir='ltr'><strong>tandem</strong></span> <span class='ocrx_word' id='word_1_729' title='bbox 1888 5316 2074 5364; x_wconf 83' lang='lat' dir='ltr'><strong>nostra</strong></span> 
     </span>
    </p>
   </div>
   <div class='ocr_carea' id='block_1_100' title="bbox 2187 4574 3756 4647">
    <p class='ocr_par' dir='ltr' id='par_1_100' title="bbox 2187 4574 3756 4647">
     <span class='ocr_line' id='line_1_100' title="bbox 2187 4574 3756 4647; baseline -0.003 -18"><span class='ocrx_word' id='word_1_730' title='bbox 2187 4577 2557 4647; x_wconf 80' lang='grc' dir='ltr'><strong>λειφθήσεται,</strong></span> <span class='ocrx_word' id='word_1_731' title='bbox 2605 4576 2726 4630; x_wconf 81' lang='grc' dir='ltr'><strong>οὐδὲ</strong></span> <span class='ocrx_word' id='word_1_732' title='bbox 2764 4577 3021 4646; x_wconf 84' lang='grc' dir='ltr'><strong>ὁπότερον</strong></span> <span class='ocrx_word' id='word_1_733' title='bbox 3051 4576 3158 4629; x_wconf 88' lang='grc' dir='ltr'><strong>τῶν</strong></span> <span class='ocrx_word' id='word_1_734' title='bbox 3193 4574 3389 4645; x_wconf 87' lang='grc' dir='ltr'><strong>μελῶν.</strong></span> <span class='ocrx_word' id='word_1_735' title='bbox 3428 4575 3608 4628; x_wconf 80' lang='grc' dir='ltr'><strong>Πάντα</strong></span> <span class='ocrx_word' id='word_1_736' title='bbox 3642 4574 3756 4645; x_wconf 77' lang='grc' dir='ltr'><strong>γὰρ</strong></span> 
     </span>
    </p>
   </div>
   <div class='ocr_carea' id='block_1_101' title="bbox 2188 4667 3755 4741">
    <p class='ocr_par' dir='ltr' id='par_1_101' title="bbox 2188 4667 3755 4741">
     <span class='ocr_line' id='line_1_101' title="bbox 2188 4667 3755 4741; baseline -0.004 -18"><span class='ocrx_word' id='word_1_737' title='bbox 2188 4673 2335 4741; x_wconf 78' lang='grc' dir='ltr'><strong>ἡμᾶς</strong></span> <span class='ocrx_word' id='word_1_738' title='bbox 2362 4670 2731 4723; x_wconf 85' lang='grc' dir='ltr'><strong>ὲσκανδάλισε.</strong></span> <span class='ocrx_word' id='word_1_739' title='bbox 2763 4669 2858 4733; x_wconf 86' lang='grc' dir='ltr'><strong>Τίς</strong></span> <span class='ocrx_word' id='word_1_740' title='bbox 2889 4669 2945 4722; x_wconf 89' lang='grc' dir='ltr'><strong>δὲ</strong></span> <span class='ocrx_word' id='word_1_741' title='bbox 2978 4667 3271 4739; x_wconf 77' lang='grc' dir='ltr'><strong>ἀναρρήξει</strong></span> <span class='ocrx_word' id='word_1_742' title='bbox 3302 4667 3466 4721; x_wconf 79' lang='grc' dir='ltr'><strong>αὐτοῦ</strong></span> <span class='ocrx_word' id='word_1_743' title='bbox 3494 4667 3591 4738; x_wconf 76' lang='grc' dir='ltr'><strong>τὴν</strong></span> <span class='ocrx_word' id='word_1_744' title='bbox 3612 4684 3755 4735; x_wconf 83' lang='grc' dir='ltr'><strong>καρ-</strong></span> 
     </span>
    </p>
   </div>
   <div class='ocr_carea' id='block_1_102' title="bbox 2186 4757 3754 4829">
    <p class='ocr_par' dir='ltr' id='par_1_102' title="bbox 2186 4757 3754 4829">
     <span class='ocr_line' id='line_1_102' title="bbox 2186 4757 3754 4829; baseline -0.003 -16"><span class='ocrx_word' id='word_1_745' title='bbox 2186 4760 2303 4813; x_wconf 87' lang='grc' dir='ltr'><strong>δίαν</strong></span> <span class='ocrx_word' id='word_1_746' title='bbox 2348 4760 2523 4813; x_wconf 88' lang='grc' dir='ltr'><strong>πάντα</strong></span> <span class='ocrx_word' id='word_1_747' title='bbox 2565 4758 3053 4823; x_wconf 73' lang='grc' dir='ltr'><strong>σκανδαλίζουσανς</strong></span> <span class='ocrx_word' id='word_1_748' title='bbox 3108 4757 3351 4812; x_wconf 82' lang='grc' dir='ltr'><strong>Ἔσωθεν</strong></span> <span class='ocrx_word' id='word_1_749' title='bbox 3393 4758 3521 4829; x_wconf 80' lang='grc' dir='ltr'><strong>γάρ,</strong></span> <span class='ocrx_word' id='word_1_750' title='bbox 3564 4757 3754 4827; x_wconf 77' lang='grc' dir='ltr'><strong>φησὶν,</strong></span> 
     </span>
    </p>
   </div>
   <div class='ocr_carea' id='block_1_103' title="bbox 2189 4849 3755 4922">
    <p class='ocr_par' dir='ltr' id='par_1_103' title="bbox 2189 4849 3755 4922">
     <span class='ocr_line' id='line_1_103' title="bbox 2189 4849 3755 4922; baseline -0.001 -19"><span class='ocrx_word' id='word_1_751' title='bbox 2189 4851 2573 4921; x_wconf 78' lang='grc' dir='ltr'><strong>ἐκπορεύονται</strong></span> <span class='ocrx_word' id='word_1_752' title='bbox 2629 4852 2905 4922; x_wconf 85' lang='grc' dir='ltr'><strong>πορνεῖαι,</strong></span> <span class='ocrx_word' id='word_1_753' title='bbox 2974 4853 3226 4921; x_wconf 84' lang='grc' dir='ltr'><strong>μοιχεῖαι,</strong></span> <span class='ocrx_word' id='word_1_754' title='bbox 3282 4849 3590 4917; x_wconf 82' lang='grc' dir='ltr'><strong>ἀσέλγειαι,</strong></span> <span class='ocrx_word' id='word_1_755' title='bbox 3655 4849 3755 4901; x_wconf 77' lang='grc' dir='ltr'><strong>καὶ</strong></span> 
     </span>
    </p>
   </div>
   <div class='ocr_carea' id='block_1_104' title="bbox 2184 4937 3752 5012">
    <p class='ocr_par' dir='ltr' id='par_1_104' title="bbox 2184 4937 3752 5012">
     <span class='ocr_line' id='line_1_104' title="bbox 2184 4937 3752 5012; baseline -0.001 -17"><span class='ocrx_word' id='word_1_756' title='bbox 2184 4944 2253 4996; x_wconf 77' lang='grc' dir='ltr'><strong>τὰ</strong></span> <span class='ocrx_word' id='word_1_757' title='bbox 2284 4943 2490 5006; x_wconf 83' lang='grc' dir='ltr'><strong>τούτοις</strong></span> <span class='ocrx_word' id='word_1_758' title='bbox 2536 4944 2716 5011; x_wconf 84' lang='grc' dir='ltr'><strong>ὅμοια.</strong></span> <span class='ocrx_word' id='word_1_759' title='bbox 2769 4942 2865 5003; x_wconf 88' lang='grc' dir='ltr'><strong>Τίς</strong></span> <span class='ocrx_word' id='word_1_760' title='bbox 2911 4937 3004 4995; x_wconf 80' lang='grc' dir='ltr'><strong>οὖν</strong></span> <span class='ocrx_word' id='word_1_761' title='bbox 3050 4943 3201 5012; x_wconf 80' lang='grc' dir='ltr'><strong>ῥήξει</strong></span> <span class='ocrx_word' id='word_1_762' title='bbox 3241 4942 3340 5011; x_wconf 83' lang='grc' dir='ltr'><strong>τὴν</strong></span> <span class='ocrx_word' id='word_1_763' title='bbox 3365 4939 3558 4995; x_wconf 81' lang='grc' dir='ltr'><strong>ἑαυτοῦ</strong></span> <span class='ocrx_word' id='word_1_764' title='bbox 3611 4957 3752 5011; x_wconf 84' lang='grc' dir='ltr'><strong>καρ-</strong></span> 
     </span>
    </p>
   </div>
   <div class='ocr_carea' id='block_1_105' title="bbox 2184 5031 3853 5107">
    <p class='ocr_par' dir='ltr' id='par_1_105' title="bbox 2184 5031 3853 5107">
     <span class='ocr_line' id='line_1_105' title="bbox 2184 5031 3853 5107; baseline -0.004 -21"><span class='ocrx_word' id='word_1_765' title='bbox 2184 5034 2341 5099; x_wconf 83' lang='grc' dir='ltr'><strong>δίαν;</strong></span> <span class='ocrx_word' id='word_1_766' title='bbox 2390 5035 2450 5087; x_wconf 82' lang='lat' dir='ltr'><strong>El</strong></span> <span class='ocrx_word' id='word_1_767' title='bbox 2486 5034 2544 5086; x_wconf 86' lang='grc' dir='ltr'><strong>δὲ</strong></span> <span class='ocrx_word' id='word_1_768' title='bbox 2570 5033 2667 5085; x_wconf 83' lang='grc' dir='ltr'><strong>οὐκ</strong></span> <span class='ocrx_word' id='word_1_769' title='bbox 2700 5032 2969 5101; x_wconf 81' lang='grc' dir='ltr'><strong>ἐγείρεται</strong></span> <span class='ocrx_word' id='word_1_770' title='bbox 3001 5032 3061 5084; x_wconf 86' lang='grc' dir='ltr'><strong>τὸ</strong></span> <span class='ocrx_word' id='word_1_771' title='bbox 3103 5031 3262 5100; x_wconf 86' lang='grc' dir='ltr'><strong>σῶμα</strong></span> <span class='ocrx_word' id='word_1_772' title='bbox 3290 5031 3429 5084; x_wconf 81' lang='grc' dir='ltr'><strong>κατὰ</strong></span> <span class='ocrx_word' id='word_1_773' title='bbox 3463 5032 3563 5101; x_wconf 80' lang='grc' dir='ltr'><strong>τήν</strong></span> <span class='ocrx_word' id='word_1_774' title='bbox 3591 5046 3754 5082; x_wconf 82' lang='grc' dir='ltr'><strong>τινων</strong></span> <span class='ocrx_word' id='word_1_775' title='bbox 3838 5092 3853 5107; x_wconf 24' lang='grc' dir='ltr'><strong>κ</strong></span> 
     </span>
    </p>
   </div>
   <div class='ocr_carea' id='block_1_106' title="bbox 2185 5118 3754 5191">
    <p class='ocr_par' dir='ltr' id='par_1_106' title="bbox 2185 5118 3754 5191">
     <span class='ocr_line' id='line_1_106' title="bbox 2185 5118 3754 5191; baseline -0.004 -13"><span class='ocrx_word' id='word_1_776' title='bbox 2185 5124 2368 5178; x_wconf 81' lang='grc' dir='ltr'><strong>ἄνοιαν</strong></span> <span class='ocrx_word' id='word_1_777' title='bbox 2398 5124 2492 5177; x_wconf 76' lang='grc' dir='ltr'><strong>καὶ</strong></span> <span class='ocrx_word' id='word_1_778' title='bbox 2517 5124 2791 5186; x_wconf 80' lang='grc' dir='ltr'><strong>ἀσέϐειαν,</strong></span> <span class='ocrx_word' id='word_1_779' title='bbox 2831 5123 2946 5184; x_wconf 86' lang='grc' dir='ltr'><strong>πῶς</strong></span> <span class='ocrx_word' id='word_1_780' title='bbox 2973 5121 3082 5191; x_wconf 76' lang='grc' dir='ltr'><strong>ἄρα</strong></span> <span class='ocrx_word' id='word_1_781' title='bbox 3112 5122 3298 5173; x_wconf 87' lang='grc' dir='ltr'><strong>διοίσει</strong></span> <span class='ocrx_word' id='word_1_782' title='bbox 3330 5122 3359 5174; x_wconf 86' lang='grc' dir='ltr'>ὁ</span> <span class='ocrx_word' id='word_1_783' title='bbox 3389 5121 3518 5191; x_wconf 72' lang='grc' dir='ltr'><strong>περὶ</strong></span> <span class='ocrx_word' id='word_1_784' title='bbox 3547 5118 3754 5172; x_wconf 85' lang='grc' dir='ltr'><strong>τούτων</strong></span> 
     </span>
    </p>
   </div>
   <div class='ocr_carea' id='block_1_107' title="bbox 2183 5210 3749 5286">
    <p class='ocr_par' dir='ltr' id='par_1_107' title="bbox 2183 5210 3749 5286">
     <span class='ocr_line' id='line_1_107' title="bbox 2183 5210 3749 5286; baseline -0.005 -18"><span class='ocrx_word' id='word_1_785' title='bbox 2183 5214 2497 5286; x_wconf 75' lang='grc' dir='ltr'><strong>ὁριζόμενος</strong></span> <span class='ocrx_word' id='word_1_786' title='bbox 2526 5215 2714 5283; x_wconf 84' lang='grc' dir='ltr'><strong>λόγος;</strong></span> <span class='ocrx_word' id='word_1_787' title='bbox 2749 5214 2869 5267; x_wconf 84' lang='grc' dir='ltr'><strong>Τῶν</strong></span> <span class='ocrx_word' id='word_1_788' title='bbox 2905 5214 3012 5283; x_wconf 84' lang='grc' dir='ltr'><strong>γὰρ</strong></span> <span class='ocrx_word' id='word_1_789' title='bbox 3046 5212 3223 5282; x_wconf 87' lang='grc' dir='ltr'><strong>μελῶν</strong></span> <span class='ocrx_word' id='word_1_790' title='bbox 3251 5212 3503 5265; x_wconf 82' lang='grc' dir='ltr'><strong>ἁπάντων</strong></span> <span class='ocrx_word' id='word_1_791' title='bbox 3532 5210 3604 5281; x_wconf 85' lang='grc' dir='ltr'><strong>μὴ</strong></span> <span class='ocrx_word' id='word_1_792' title='bbox 3636 5212 3749 5262; x_wconf 78' lang='grc' dir='ltr'><strong>εἰσ-</strong></span> 
     </span>
    </p>
   </div>
   <div class='ocr_carea' id='block_1_108' title="bbox 2182 5302 3752 5378">
    <p class='ocr_par' dir='ltr' id='par_1_108' title="bbox 2182 5302 3752 5378">
     <span class='ocr_line' id='line_1_108' title="bbox 2182 5302 3752 5378; baseline -0.003 -19"><span class='ocrx_word' id='word_1_793' title='bbox 2182 5307 2490 5378; x_wconf 85' lang='grc' dir='ltr'><strong>ερχομὲνων</strong></span> <span class='ocrx_word' id='word_1_794' title='bbox 2537 5308 2616 5369; x_wconf 84' lang='grc' dir='ltr'><strong>εἰς</strong></span> <span class='ocrx_word' id='word_1_795' title='bbox 2676 5306 2950 5375; x_wconf 84' lang='grc' dir='ltr'><strong>βασιλείαν</strong></span> <span class='ocrx_word' id='word_1_796' title='bbox 3002 5304 3279 5374; x_wconf 81' lang='grc' dir='ltr'><strong>οὐρανῶν,</strong></span> <span class='ocrx_word' id='word_1_797' title='bbox 3329 5302 3411 5367; x_wconf 90' lang='grc' dir='ltr'><strong>τίς</strong></span> <span class='ocrx_word' id='word_1_798' title='bbox 3457 5302 3538 5356; x_wconf 74' lang='grc' dir='ltr'><strong>ἔτι</strong></span> <span class='ocrx_word' id='word_1_799' title='bbox 3594 5302 3752 5373; x_wconf 86' lang='grc' dir='ltr'><strong>χρεία</strong></span> 
     </span>
    </p>
   </div>
   <div class='ocr_carea' id='block_1_109' title="bbox 588 5444 3291 5532">
    <p class='ocr_par' dir='ltr' id='par_1_109' title="bbox 588 5444 3291 5532">
     <span class='ocr_line' id='line_1_109' title="bbox 588 5444 3291 5532; baseline -0.001 -19"><span class='ocrx_word' id='word_1_800' title='bbox 588 5460 604 5491; x_wconf 86' lang='grc'>¹</span> <span class='ocrx_word' id='word_1_801' title='bbox 642 5459 830 5514; x_wconf 79' lang='lat' dir='ltr'><strong>Matth.</strong></span> <span class='ocrx_word' id='word_1_802' title='bbox 857 5476 1008 5527; x_wconf 70' lang='lat' dir='ltr'><strong>mu,</strong></span> <span class='ocrx_word' id='word_1_803' title='bbox 1040 5460 1093 5516; x_wconf 82' lang='lat'><strong>8.</strong></span> <span class='ocrx_word' id='word_1_804' title='bbox 1168 5462 1191 5497; x_wconf 74' lang='grc'>³</span> <span class='ocrx_word' id='word_1_805' title='bbox 1219 5461 1405 5515; x_wconf 87' lang='lat' dir='ltr'><strong>Matth.</strong></span> <span class='ocrx_word' id='word_1_806' title='bbox 1438 5478 1527 5529; x_wconf 78' lang='lat' dir='ltr'><strong>xv,</strong></span> <span class='ocrx_word' id='word_1_807' title='bbox 1563 5462 1649 5519; x_wconf 84' lang='lat' dir='ltr'><strong>l9.</strong></span> <span class='ocrx_word' id='word_1_808' title='bbox 1728 5463 1748 5496; x_wconf 85' lang='grc'>³</span> <span class='ocrx_word' id='word_1_809' title='bbox 1783 5460 1898 5517; x_wconf 78' lang='lat' dir='ltr'><strong>Vox</strong></span> <span class='ocrx_word' id='word_1_810' title='bbox 1930 5461 2037 5518; x_wconf 88' lang='lat' dir='ltr'><strong>ista</strong></span> <span class='ocrx_word' id='word_1_811' title='bbox 2068 5444 2198 5515; x_wconf 87' lang='lat' dir='ltr'><strong>mihi</strong></span> <span class='ocrx_word' id='word_1_812' title='bbox 2232 5461 2451 5532; x_wconf 83' lang='lat' dir='ltr'><strong>quidem</strong></span> <span class='ocrx_word' id='word_1_813' title='bbox 2482 5459 2737 5515; x_wconf 89' lang='lat' dir='ltr'><strong>obscura.</strong></span> <span class='ocrx_word' id='word_1_814' title='bbox 2816 5460 2837 5489; x_wconf 70' lang='grc' dir='ltr'>δ</span> <span class='ocrx_word' id='word_1_815' title='bbox 2873 5457 3034 5514; x_wconf 90' lang='lat' dir='ltr'><strong>Deest</strong></span> <span class='ocrx_word' id='word_1_816' title='bbox 3065 5458 3291 5528; x_wconf 90' lang='lat' dir='ltr'><strong>aliquid.</strong></span> 
     </span>
    </p>
   </div>
   <div class='ocr_carea' id='block_1_110' title="bbox 589 5615 2089 5689">
    <p class='ocr_par' dir='ltr' id='par_1_110' title="bbox 589 5615 2089 5689">
     <span class='ocr_line' id='line_1_110' title="bbox 589 5615 2089 5689; baseline 0.003 -21"><span class='ocrx_word' id='word_1_817' title='bbox 589 5616 667 5680; x_wconf 76' lang='lat'><strong>(9.)</strong></span> <span class='ocrx_word' id='word_1_818' title='bbox 706 5615 815 5669; x_wconf 79' lang='grc' dir='ltr'><strong>Καὶ</strong></span> <span class='ocrx_word' id='word_1_819' title='bbox 857 5618 1027 5689; x_wconf 72' lang='grc' dir='ltr'><strong>αὐτοὶ</strong></span> <span class='ocrx_word' id='word_1_820' title='bbox 1052 5620 1121 5675; x_wconf 78' lang='grc' dir='ltr'><strong>δὲ</strong></span> <span class='ocrx_word' id='word_1_821' title='bbox 1162 5619 1293 5687; x_wconf 73' lang='grc' dir='ltr'><strong>περὶ</strong></span> <span class='ocrx_word' id='word_1_822' title='bbox 1319 5618 1539 5689; x_wconf 79' lang='grc' dir='ltr'><strong>ἀρχῶν.</strong></span> <span class='ocrx_word' id='word_1_823' title='bbox 1574 5618 1797 5673; x_wconf 72' lang='lat' dir='ltr'><strong>Videtur</strong></span> <span class='ocrx_word' id='word_1_824' title='bbox 1842 5620 2089 5673; x_wconf 90' lang='lat' dir='ltr'><strong>nonnihil</strong></span> 
     </span>
    </p>
   </div>
   <div class='ocr_carea' id='block_1_111' title="bbox 519 5683 2081 5757">
    <p class='ocr_par' dir='ltr' id='par_1_111' title="bbox 519 5683 2081 5757">
     <span class='ocr_line' id='line_1_111' title="bbox 519 5683 2081 5757; baseline 0.005 -22"><span class='ocrx_word' id='word_1_825' title='bbox 519 5683 729 5757; x_wconf 77' lang='lat' dir='ltr'><strong>deesse,</strong></span> <span class='ocrx_word' id='word_1_826' title='bbox 774 5688 923 5757; x_wconf 76' lang='lat' dir='ltr'><strong>quod</strong></span> <span class='ocrx_word' id='word_1_827' title='bbox 967 5683 1247 5757; x_wconf 58' lang='lat' dir='ltr'><strong>suspensa</strong></span> <span class='ocrx_word' id='word_1_828' title='bbox 1278 5683 1370 5747; x_wconf 51' lang='lat' dir='ltr'><strong>sit&#39;</strong></span> <span class='ocrx_word' id='word_1_829' title='bbox 1398 5683 1593 5747; x_wconf 75' lang='lat' dir='ltr'><strong>horum</strong></span> <span class='ocrx_word' id='word_1_830' title='bbox 1626 5690 1913 5747; x_wconf 82' lang='lat' dir='ltr'><strong>verborum</strong></span> <span class='ocrx_word' id='word_1_831' title='bbox 1957 5705 2081 5748; x_wconf 83' lang='lat' dir='ltr'><strong>seu-</strong></span> 
     </span>
    </p>
   </div>
   <div class='ocr_carea' id='block_1_112' title="bbox 521 5755 1233 5822">
    <p class='ocr_par' dir='ltr' id='par_1_112' title="bbox 521 5755 1233 5822">
     <span class='ocr_line' id='line_1_112' title="bbox 521 5755 1233 5822; baseline 0.004 -13"><span class='ocrx_word' id='word_1_832' title='bbox 521 5755 708 5817; x_wconf 86' lang='lat' dir='ltr'><strong>tentia,</strong></span> <span class='ocrx_word' id='word_1_833' title='bbox 740 5756 910 5819; x_wconf 81' lang='grc' dir='ltr'><strong>οὕτως</strong></span> <span class='ocrx_word' id='word_1_834' title='bbox 934 5755 1233 5822; x_wconf 77' lang='grc' dir='ltr'><strong>δοξάζουσι.</strong></span> 
     </span>
    </p>
   </div>
   <div class='ocr_carea' id='block_1_113' title="bbox 2258 5612 3751 5687">
    <p class='ocr_par' dir='ltr' id='par_1_113' title="bbox 2258 5612 3751 5687">
     <span class='ocr_line' id='line_1_113' title="bbox 2258 5612 3751 5687; baseline -0.007 -16"><span class='ocrx_word' id='word_1_835' title='bbox 2258 5619 2335 5687; x_wconf 83' lang='grc'>(5)</span> <span class='ocrx_word' id='word_1_836' title='bbox 2376 5618 2483 5671; x_wconf 79' lang='grc' dir='ltr'><strong>Καὶ</strong></span> <span class='ocrx_word' id='word_1_837' title='bbox 2525 5617 2621 5669; x_wconf 77' lang='grc' dir='ltr'><strong>ἐπὶ</strong></span> <span class='ocrx_word' id='word_1_838' title='bbox 2652 5616 3012 5685; x_wconf 53' lang='lat' dir='ltr'><strong>mimi-allow</strong></span> <span class='ocrx_word' id='word_1_839' title='bbox 3049 5614 3373 5687; x_wconf 31' lang='grc' dir='ltr'><strong>δήσαντες..</strong></span> <span class='ocrx_word' id='word_1_840' title='bbox 3403 5614 3513 5687; x_wconf 67' lang='grc' dir='ltr'><strong>ᾼυι</strong></span> <span class='ocrx_word' id='word_1_841' title='bbox 3556 5612 3751 5687; x_wconf 69' lang='lat' dir='ltr'><strong>depra-</strong></span> 
     </span>
    </p>
   </div>
   <div class='ocr_carea' id='block_1_114' title="bbox 2186 5682 3757 5755">
    <p class='ocr_par' dir='ltr' id='par_1_114' title="bbox 2186 5682 3757 5755">
     <span class='ocr_line' id='line_1_114' title="bbox 2186 5682 3757 5755; baseline -0.004 -14"><span class='ocrx_word' id='word_1_842' title='bbox 2186 5682 2333 5747; x_wconf 63' lang='lat' dir='ltr'><strong>vata,</strong></span> <span class='ocrx_word' id='word_1_843' title='bbox 2369 5697 2463 5741; x_wconf 88' lang='lat' dir='ltr'><strong>aut</strong></span> <span class='ocrx_word' id='word_1_844' title='bbox 2508 5689 2689 5754; x_wconf 75' lang='lat' dir='ltr'><strong>ignota</strong></span> <span class='ocrx_word' id='word_1_845' title='bbox 2733 5682 2868 5739; x_wconf 77' lang='lat' dir='ltr'><strong>mihi</strong></span> <span class='ocrx_word' id='word_1_846' title='bbox 2904 5700 3004 5738; x_wconf 78' lang='lat' dir='ltr'><strong>vox</strong></span> <span class='ocrx_word' id='word_1_847' title='bbox 3050 5694 3133 5739; x_wconf 85' lang='lat' dir='ltr'><strong>est</strong></span> <span class='ocrx_word' id='word_1_848' title='bbox 3164 5683 3513 5755; x_wconf 15' lang='grc' dir='ltr'><strong>γσυμψελίοις.</strong></span> <span class='ocrx_word' id='word_1_849' title='bbox 3556 5682 3611 5738; x_wconf 90' lang='lat' dir='ltr'><strong>In</strong></span> <span class='ocrx_word' id='word_1_850' title='bbox 3641 5697 3757 5752; x_wconf 61' lang='lat' dir='ltr'><strong>qu;</strong></span> 
     </span>
    </p>
   </div>
   <div class='ocr_carea' id='block_1_115' title="bbox 2188 5754 3591 5826">
    <p class='ocr_par' dir='ltr' id='par_1_115' title="bbox 2188 5754 3591 5826">
     <span class='ocr_line' id='line_1_115' title="bbox 2188 5754 3591 5826; baseline -0.007 -10"><span class='ocrx_word' id='word_1_851' title='bbox 2188 5759 2609 5816; x_wconf 77' lang='lat' dir='ltr'><strong>divinationibus</strong></span> <span class='ocrx_word' id='word_1_852' title='bbox 2638 5775 2697 5810; x_wconf 81' lang='lat' dir='ltr'><strong>ac</strong></span> <span class='ocrx_word' id='word_1_853' title='bbox 2722 5756 3054 5826; x_wconf 70' lang='lat' dir='ltr'><strong>conjecturis</strong></span> <span class='ocrx_word' id='word_1_854' title='bbox 3088 5754 3271 5809; x_wconf 69' lang='lat' dir='ltr'><strong>ludere</strong></span> <span class='ocrx_word' id='word_1_855' title='bbox 3303 5754 3456 5808; x_wconf 77' lang='lat' dir='ltr'><strong>facile</strong></span> <span class='ocrx_word' id='word_1_856' title='bbox 3488 5763 3591 5807; x_wconf 84' lang='lat' dir='ltr'><strong>est.</strong></span> 
     </span>
    </p>
   </div>
  </div>
