4176 6386
395 360 536 417 1013

1071 363 1434 421 ADVERSUS
1474 365 1822 423 lIZERESES
1852 366 1983 424 LIB.
2018 370 2085 425 ll.
2130 369 2293 425 70M.
2338 371 2379 425 Ι.
2424 400 2493 411 -
2523 368 2798 427 HIERES.
2833 370 3016 426 LVIII.

3514 365 3663 424 10H

395 475 548 545 παρά
593 474 653 528 ἓν
695 475 856 545 μέλος
891 475 1158 546 γίνεσθαι,
1185 482 1298 536 τῶν
1327 483 1502 538 ἀλλων
1536 485 1612 557 μὴ
1649 485 1806 539 τοῦτο
1834 486 1974 555 πλη-

2095 486 2269 552 rel'ert,
2302 488 2450 557 quod
2485 486 2558 543 ab
2587 488 2697 543 illis
2728 487 3039 544 asseritur?
3066 484 3204 541 Cum
3233 485 3378 540 enim
3403 482 3658 538 universa

399 565 635 636 ρούντων
660 583 674 631 ;
704 566 767 621 El
803 567 861 621 δὲ
886 568 1160 639 ἐγείρεται
1214 572 1276 625 rb
1315 573 1474 644 σῶμα
1505 576 1800 647 (ἐγείρεται
1824 576 1978 647 γὰρ),

396 656 513 720 πῶς
543 658 820 728 ἐνδέχεται
848 659 929 713 ἔτι
959 664 1018 714 ὲν
1050 661 1303 735 βασιλείᾳ
1349 665 1596 738 οὐρανῶν
1618 666 1856 739 λώϐησις
1897 669 1983 738 γί-

395 751 617 815 νεσθαι;
651 753 721 803 Ἢ
757 752 875 816 πῶς
906 754 1006 807 οὐκ
1036 754 1191 808 ἔσται
1225 756 1481 831 ἀπρεπὴς
1509 761 1543 829 ἡ
1585 759 1831 831 βασιλεία
1870 760 1982 815 τῶν

394 840 659 911 οὐρανῶν,
699 843 921 914 ἐπισινῆ
964 845 1195 918 σώματα
1217 847 1416 919 ἔχουσα
1444 851 1581 923 πρὸς
1611 851 1802 918 δόξαν;
1834 854 1901 907 Εἰ
1922 852 1981 905 δὲ

396 925 532 989 ὅλως
558 928 652 981 καὶ
682 929 922 1002 τμηθείη
968 932 1031 986 rb
1074 934 1234 1005 μέλος
1264 935 1329 989 τὸ
1356 939 1729 1005 σκανδαλίζον,
1762 941 1872 1014 ἄρα
1901 942 1983 995 τέ-

398 1035 622 1089 τμηται,
663 1022 758 1075 καὶ
799 1024 897 1094 οὐχ
922 1024 1160 1096 ἥμαρτε.
1207 1027 1544 1100 Τμηθὲν-δὲ,
1572 1033 1668 1085 καὶ
1710 1033 1787 1105 μὴ
1813 1035 1988 1105 ἀμαρο

398 1108 590 1206 τῇσαν,
624 1112 755 1165 αὐτὸ
783 1113 865 1166 δεῖ
895 1114 1113 1185 πρῶτον
1141 1118 1360 1174 πάντων
1390 1120 1686 1194 ἀναστῆναι
1711 1122 1786 1195 μὴ
1814 1124 1989 1197 ἀμαρ-

398 1213 593 1266 τησαν.

2079 578 2325 633 membra
2375 578 2602 634 caeleste
2631 593 2863 649 regnum
2908 577 3133 633 minime
3169 575 3380 646 ingredi
3419 574 3657 645 possint,

2080 668 2212 738 quid
2246 670 2442 725 attinet
2471 684 2582 724 uno
2612 669 2793 725 solum
2835 667 3080 723 mutilari
3132 667 3401 733 membro,
3434 679 3560 718 cum
3604 663 3662 718 id

2079 756 2187 811 alia
2240 774 2585 829 nequaquam
2644 758 2971 829 perﬁciant?
3013 755 3135 810 Jam
3186 770 3317 811 vero
3363 754 3411 811 si
3458 768 3663 822 corpus

2077 853 2349 907 excitatur
2379 852 2483 923 (uti
2518 866 2648 906 vere
2678 849 2922 919 accidit),
2961 856 3119 904 estne
3169 854 3229 901 ut
3254 848 3310 901 in
3336 861 3507 917 regno
3549 859 3664 901 cm—

2079 946 2257 1001 lorum
2308 958 2565 997 mancum
2615 940 2822 1013 aliquid
2873 941 2946 996 sit
2982 947 3079 995 aut
3123 939 3420 995 mutilum?
3472 936 3666 993 Nonne

2081 1031 2261 1102 turpis
2288 1029 2539 1101 quaedam
2564 1029 2809 1086 caelestis
2853 1028 3001 1085 illius
3040 1030 3193 1099 regni
3224 1025 3429 1082 futura'
3449 1024 3666 1097 specus

2081 1130 2189 1187 est,
2219 1123 2266 1178 si
2296 1130 2553 1177 truncata
2575 1121 2821 1175 membra
2848 1119 2918 1175 ad
2952 1119 3343 1189 sempiternam
3376 1117 3527 1172 illam
3551 1117 3669 1187 glo-
3784 1164 3789 1169 .

2083 1215 2221 1270 riam
2266 1212 2668 1269 admittantur?
2720 1210 2994 1267 Praeterea
3052 1210 3101 1267 si
3155 1209 3469 1266 membrum
3507 1206 3666 1272 illud,

398 1293 547 1361 quod
576 1294 895 1351 scandalum
927 1300 1154 1369 prabet,
1183 1303 1491 1361 abscissum
1516 1304 1703 1372 fuerit,
1764 1314 2106 1377 amputatum
2137 1309 2327 1379 utique
2349 1314 2436 1363 est
2454 1346 2472 1371 ,
2526 1321 2593 1361 ac
2618 1306 2847 1376 proinde
2873 1320 2975 1361 nec
2998 1307 3269 1375 peccavit.
3329 1301 3490 1370 Quod
3538 1315 3668 1357 cum

400 1385 476 1438 ita
511 1386 607 1450 sit,
651 1390 891 1458 primum
924 1393 1172 1449 omnium
1208 1410 1501 1467 resurgere
1529 1399 1707 1468 ipsum
1736 1409 1976 1469 oportet,
2003 1402 2148 1472 quod
2173 1400 2398 1455 minime
2431 1399 2762 1470 peccaverit.

472 1477 548 1533 Γ’.
590 1481 744 1536 Ὅσοι
781 1484 837 1537 δὲ
865 1488 944 1550 είς
969 1487 1033 1541 rb
1062 1488 1353 1561 πρόχειρον
1392 1490 1469 1563 (4)
1495 1492 1656 1547 τοῦτο
1699 1493 1860 1566 ἔργον
1906 1494 1985 1549 ἔν-

401 1569 609 1641 τολμοι,
642 1573 751 1626 ἀπὸ
784 1576 1001 1631 πάντων
1027 1579 1258 1645 ἑαυτοὺς
1294 1580 1590 1652 ⁴ιδιθέτησαν,
1622 1583 1720 1638 καὶ
1754 1584 1988 1656 ἀπηλλο-

403 1661 664 1732 τρίωσαν.
692 1664 830 1719 Οὔτε
862 1667 971 1739 γὰρ
1003 1668 1197 1743 ἄνδρες
1232 1673 1341 1726 εἰσὶ
1383 1672 1472 1727 διὰ
1516 1675 1578 1727 rb
1608 1676 1983 1748 ἀφῃρημένον,

402 1754 527 1807 οὐτε
572 1762 830 1826 γυναῖκες
875 1760 1133 1817 δύνανται
1181 1759 1322 1819 εἶναι
1363 1765 1451 1821 διὰ
1488 1767 1552 1820 rb
1599 1768 1753 1839 παρά
1800 1769 1985 1839 φύσιν.

408 1822 686 1917 Προέλαϐε
723 1849 740 1879 ¹
859 1852 954 1906 καὶ
990 1855 1024 1925 ἡ
1056 1853 1151 1907 τοῦ
1187 1856 1452 1925 στεφάνου
1495 1856 1593 1911 τοῦ
1628 1822 1864 1927 ἀγῶνος.
2021 1822 2064 1880 Β

407 1935 664 2006 βραδείου
694 1938 884 2021 τούτου
915 1943 1224 2014 ἐπωνυμία.
1253 1945 1385 1999 Οὐδὲ
1409 1946 1658 2019 ὁπότεροι
1681 1947 1791 2020 γάρ
1815 1950 1991 2021 φανή-

410 2042 595 2078 σονται
647 2019 793 2082 οὗτοι
841 2030 950 2084 τῶν
983 2031 1155 2103 τριῶν
1190 2032 1397 2099 τάξεων
1424 2036 1535 2090 τῶν
1577 2019 1851 2109 εὐνούχων
1880 2019 1993 2093 τῶν

405 2115 514 2169 ὑπὸ
544 2118 749 2190 Κυρίου
779 2121 1110 2193 εἰρημένων.
1138 2124 1275 2179 Εἰσὶ
1307 2125 1437 2195 γὰρ,
1471 2128 1658 2196 φησὶν,
1685 2128 1990 2199 εὐνοῦχοι,

299 2239 302 2241 λ
403 2211 465 2264 ot
490 2212 560 2266 ἐκ
587 2215 819 2281 κοιλίας
835 2216 1064 2285 μητρὸς
1084 2217 1283 2274 αὐτῶν
1295 2218 1736 2290 ἐγεννήθησαν.
1764 2222 1992 2277 Ἐκεῖνοι

407 2304 517 2376 γὰρ
564 2306 798 2359 ἀναίτιοί
829 2309 936 2361 είσι
983 2309 1082 2380 τῆς
1125 2310 1308 2365 αὐτῶν
1350 2311 1668 2382 εὐνουχίας·
1703 2312 1828 2367 οὐτε
1884 2314 1995 2385 μὴν

404 2394 682 2466 ἁμαρτίαν
716 2396 949 2466 ἔχοντες,
988 2399 1078 2453 διά
1122 2398 1184 2453 τὸ
1231 2398 1402 2466 οὕτως
1448 2401 1809 2474 γεγενῆσθαι·
1864 2402 1993 2458 οὔτε

405 2485 569 2538 πάλιν
593 2486 869 2557 ἁμαρτίαν
898 2488 1190 2560 δυνάμενοι
1222 2492 1504 2563 πράττειν,
1535 2493 1635 2565 τὴν
1662 2494 1993 2565 ἀφροδισίων

408 2577 590 2647 φημί·
638 2580 827 2651 ἐπειδὴ
862 2580 941 2652 μὴ
989 2581 1202 2652 πέφυκε
1244 2584 1432 2649 αὐτοῖς
1473 2585 1543 2639 τά
1574 2586 1865 2642 παιδοποιὰ
1894 2588 1992 2660 ὄρ.

408 2683 571 2733 γανα,
613 2668 684 2722 τὰ
729 2671 794 2723 ὲκ
834 2670 969 2725 Θεοῦ
1016 2674 1373 2746 κεκτισμένα.
1431 2674 1583 2729 Ἀλλ’
1627 2675 1754 2732 οὐτε
1803 2678 1997 2750 μισθὸν

409 2757 628 2829 ἔχουσιν
652 2761 936 2833 εὐνουχίας
963 2763 1242 2834 βασιλείας
1262 2766 1530 2839 οὐρανῶν,
1567 2767 1656 2823 διὰ
1685 2770 1747 2825 rb
1780 2771 1996 2842 ἀγῶνος

410 2852 489 2922 μὴ
510 2872 521 2885 -·
545 2855 861 2925 μεμυῆσθαι
892 2858 934 2910 ⁸.
976 2858 1041 2911 Et
1085 2857 1143 2912 δὲ
1191 2860 1287 2913 καὶ
1327 2860 1632 2933 ἐπιθυμιῶν
1686 2863 1997 2937 μεμύηνται

407 2944 460 2994 οἱ
497 2941 747 3013 τοιοῦτοι,
787 2945 863 3019 μὴ
899 2947 1188 3020 δυνάμενοι
1229 2951 1512 3023 πράττειν,
1564 2952 1661 3007 καὶ
1705 2954 1783 3027 μὴ
1820 2957 1997 3029 πράτ-

409 3050 618 3098 τοντες,
656 3036 848 3107 μισθὸν
875 3039 977 3093 οὐκ
1007 3040 1239 3111 ἔχουσιν.
1274 3043 1352 3098 οὐ
1394 3043 1507 3116 γὰρ
1540 3044 1630 3099 διά
1659 3045 1723 3100 rb
1742 3046 1826 3121 ιμὴ
1873 3047 1997 3119 βού-

409 3125 622 3193 λεσθαι,
667 3128 727 3180 rb
759 3128 920 3201 ἔργον
972 3134 1102 3204 παρ’
1139 3134 1326 3199 αὐτοῖς
1367 3135 1429 3190 οὐ
1463 3137 1813 3208 πέπρακται,
1860 3140 1998 3195 ἀλλά

2165 1495 2254 1551 ιιι.
2295 1494 2496 1551 Verum
2523 1494 2841 1565 quicunque
2878 1493 2948 1549 ad
2982 1492 3088 1548 hoc
3123 1490 3550 1563 perpetrandum
3584 1489 3672 1542 fa-

2091 1590 2252 1645 cinus
2291 1588 2530 1660 prompti
2584 1596 2713 1644 sunt
2765 1598 2819 1645 et
2861 1587 3118 1654 audaces,
3164 1586 3234 1641 ab
3278 1584 3427 1639 omni
3474 1596 3675 1653 genere

2093 1679 2379 1735 hominum
2406 1680 2618 1734 alienos
2641 1695 2702 1735 se
2724 1688 3085 1749 extorresque
3119 1676 3389 1733 fecerunt.
3418 1673 3553 1729 Nam
3577 1689 3676 1729 ne-

2094 1786 2203 1843 que
2244 1771 2349 1826 viri
2385 1778 2537 1836 sunt,
2574 1783 2795 1843 propter
2840 1777 3179 1841 amputatam
3234 1767 3383 1823 illam
3423 1766 3677 1835 corporis

2094 1873 2345 1936 partem;
2381 1879 2563 1935 neque
2608 1863 2847 1928 feminae,
2890 1869 3231 1933 repugnante
3272 1858 3485 1916 scilicet
3508 1856 3672 1930 491

2093 1966 2307 2015 naturae
2329 1958 2670 2025 conditione,
2700 1972 2826 2015 esse
2857 1965 3114 2029 possunt.
3148 1953 3256 2010 Sed
3278 1961 3334 2010 et
3360 1952 3677 2009 istiusmodi

2093 2048 2413 2105 certaminis
2444 2061 2651 2103 corona
2697 2060 2762 2101 ac
2808 2045 3090 2117 praemium
3130 2041 3498 2114 appellatione
3523 2040 3678 2095 nulla

2093 2140 2312 2210 concipi
2351 2146 2552 2211 potest.
2588 2137 2870 2209 Siquidem
2901 2152 2971 2192 ex
3014 2134 3195 2191 tribus
3228 2131 3534 2205 spadonum
3578 2146 3677 2185 or-

2092 2234 2339 2298 dinibus,
2371 2246 2514 2304 quos
2551 2230 2819 2286 Dominus
2847 2227 3149 2293 recensuit,
3193 2224 3262 2280 ad
3297 2223 3508 2280 nullum
3555 2237 3677 2277 om-

2094 2325 2228 2380 nino
2247 2322 2498 2379 revocari
2532 2327 2785 2394 possunt.
2825 2318 2961 2375 Sunt
2987 2321 3150 2385 enim,
3188 2316 3393 2387 inquit,
3427 2313 3678 2381 eunuchi,

2094 2420 2184 2489 qui
2202 2434 2271 2473 ea:
2293 2424 2470 2473 uentre
2496 2415 2685 2471 matris
2710 2429 2822 2470 iure
2841 2412 2958 2468 nati
2981 2420 3105 2465 sunt
3128 2410 3174 2464 ³.
3202 2408 3283 2464 llli
3312 2422 3442 2464 vero
3471 2406 3679 2462 nullam

2095 2510 2454 2567 castrationis
2483 2523 2598 2565 suae
2631 2507 2851 2578 culpam
2892 2504 3202 2570 sustinent;
3240 2515 3418 2572 neque
3461 2499 3577 2555 ullo
3618 2513 3681 2554 se

2097 2603 2302 2659 scelere
2327 2601 2762 2663 obstrinxerunt,
2807 2612 2875 2654 eo
2898 2594 3046 2668 quod
3076 2595 3152 2649 ita
3175 2593 3229 2648 in
3260 2594 3440 2648 lucem
3461 2589 3683 2662 prodie-

2095 2695 2227 2751 rint.
2273 2693 2381 2748 Sed
2424 2708 2611 2763 neqne
2653 2697 2946 2763 peccatum
2996 2686 3171 2742 ullum
3221 2684 3515 2740 admittere
3550 2696 3679 2753 pos-

2097 2793 2248 2851 sunt,
2288 2784 2436 2856 quod
2466 2784 2535 2839 ad
2564 2799 2678 2840 rem
2708 2782 2930 2854 quidem
2957 2791 3247 2835 veneream
3290 2775 3523 2843 attinet;
3551 2787 3680 2829 cum

2097 2877 2363 2934 membris
2397 2876 2507 2931 illis
2548 2884 2794 2935 careant,
2823 2886 2950 2943 quae
2993 2871 3062 2926 ad
3091 2868 3298 2927 sobolis
3336 2867 3685 2940 propagatio-

2099 2985 2223 3025 nem
2260 2984 2290 3023 a
2318 2968 2430 3024 Deo
2462 2974 2593 3023 sunt
2620 2965 2862 3021 condita.
2894 2963 3127 3034 ideoque
3156 2961 3365 3016 nullum
3401 2975 3469 3015 ex
3499 2974 3564 3016 ea
3595 2971 3683 3012 ca-

2100 3060 2368 3116 stratione
2420 3057 2574 3129 regni
2623 3056 2865 3112 caelestis
2899 3054 3184 3126 praemium
3220 3052 3493 3115 obtinent,
3534 3049 3684 3122 quod

2102 3151 2424 3207 certaminis
2465 3149 2642 3220 ipsius
2672 3164 2739 3203 ne
2787 3146 3139 3205 meminerint
3166 3145 3410 3216 quidem.
3440 3141 3601 3210 Quod
3633 3142 3684 3198 si

411 3216 501 3270 διὰ
547 3219 609 3271 τὸ
653 3219 730 3291 μὴ
777 3221 1058 3278 δύνασθαι.
1102 3225 1215 3281 Καὶ
1256 3225 1397 3297 αὕτη
1439 3204 1608 3300 μὲνη
1654 3204 1847 3300 ἀγωγὴ
1896 3229 1995 3301 τῆς

2102 3242 2465 3313 cupiditatum
2528 3239 3023 3307 illecebrarumque
3083 3235 3489 3299 recordentur,
3549 3247 3684 3289 cum

412 3312 638 3384 πρώτης
669 3315 775 3367 ὐπὸ
817 3317 1025 3387 Κυρίου
1075 3318 1373 3390 εἰρημένης
1417 3320 1722 3390 εὐνουχίας,
1771 3321 1870 3393 τῆς
1910 3322 1995 3377 διὰ

2099 3312 2247 3402 quod
2294 3330 2443 3384 factu
2472 3336 2558 3384 est
2592 3327 2750 3383 nel‘as
2783 3328 2996 3382 ellicere
3037 3326 3189 3381 nullo
3234 3324 3398 3379 modo
3444 3322 3683 3395 possint,

412 3405 522 3459 τῶν
570 3408 823 3480 μητέρων
850 3410 1219 3481 γεννωμένης,
1251 3409 1312 3478 ἐξ
1340 3405 1416 3467 ὧν
1455 3413 1517 3466 οὐ
1559 3412 1821 3469 δύνανται
1847 3408 1995 3471 οὗτοι

2098 3422 2155 3476 in
2187 3437 2253 3477 eo
2278 3422 2427 3491 quod
2462 3419 2761 3485 abstinent,
2796 3418 2933 3473 nihil
2980 3417 3248 3474 mercedis
3278 3425 3682 3488 promerentur.

411 3500 705 3572 ὑπάρχειν.
2096 3512 2284 3583 Neque
2323 3512 2473 3568 enim
2519 3528 2587 3566 ex
2621 3528 2709 3576 eo,
2739 3510 2887 3582 quod
2930 3509 3219 3567 admittere
3256 3507 3557 3570 noluerint,
3588 3506 3689 3563 sed

410 3594 561 3663 quod
600 3611 705 3649 non
738 3597 1035 3666 potuerint.
1070 3612 1178 3653 non
1224 3605 1310 3653 est
1342 3599 1411 3654 ab
1466 3599 1576 3656 illis
1601 3598 1818 3657 facinus
1844 3601 1991 3658 illud
2023 3606 2203 3678 reipsa
2230 3607 2557 3679 profectum.
2591 3607 2770 3677 Atque
2801 3607 2905 3660 hoc
2933 3605 3167 3676 primum
3228 3615 3314 3662 est
3378 3603 3685 3676 spadonum

413 3704 586 3755 genus
617 3687 831 3744 Domini
860 3690 1110 3745 oratione
1138 3690 1499 3761 declaratum,
1549 3692 1696 3764 quod
1728 3692 1843 3765 jam
1873 3700 1991 3751 tum
2029 3701 2225 3779 matris
2261 3716 2332 3757 ex
2362 3708 2521 3756 utero
2551 3699 2777 3771 prodiit.
2818 3697 2967 3755 Inter
3030 3713 3173 3769 quos
3209 3712 3372 3753 nemo
3409 3696 3533 3752 illos
3597 3709 3687 3750 re-

417 3777 620 3830 tulerit.

487 3868 561 3920 Δ’.
606 3865 716 3919 Καὶ
766 3868 927 3922 εἰσιν
969 3870 1273 3941 εὐνοῦχοι,
1304 3873 1522 3940 οἵτινες
1558 3875 1680 3929 ὑπὸ
1738 3876 1858 3932 τῶν
1895 3876 2001 3933 ἀν-

415 3955 664 4023 θρώπων
689 3959 1207 4029 εὐνουχίσθησαν,
1238 3965 1405 4035 φησὶν
1441 3967 1472 4019 ὁ
1499 3966 1691 4037 Σωτήρ
1708 3982 1725 3999 °
1757 3969 1851 4022 καὶ
1875 3966 1999 4022 οὐτε

415 4047 526 4100 ἀπὸ
560 4047 766 4102 τούτων
801 4051 943 4105 εἰσιν
985 4053 1035 4104 oi
1087 4055 1500 4126 προειρημένοι.
1543 4050 1703 4110 Οὗτοι
1739 4058 1840 4128 μὲν
1888 4058 1998 4130 γὰρ

416 4141 714 4208 γεννῶνται
733 4158 747 4173 ο
769 4144 821 4195 οἱ
859 4142 917 4196 δὲ
948 4144 1053 4197 ὐπὸ
1081 4145 1385 4216 ἀνθρώπιον
1416 4148 1855 4219 εὐνουχισθέντες
1879 4149 1999 4202 ἓνε-

419 4251 514 4286 κεν
546 4236 796 4305 χρήσεως
823 4235 856 4305 ἢ
894 4236 1179 4309 βασιλικῆς
1209 4238 1243 4309 ἦ
1283 4239 1632 4311 ἀρχοντικῆς.
1676 4240 1999 4312 Βουλόμενοι

424 4327 535 4399 γάρ
558 4345 703 4391 τινες
731 4328 842 4381 τῶν
872 4329 1164 4401 βαρϐάρων
1208 4330 1470 4401 βασιλεῖς,
1498 4332 1533 4404 ἢ
1578 4332 1673 4386 καὶ
1721 4332 1995 4404 τύραννοι,

420 4418 750 4488 ζηλοτυπίας
781 4422 945 4493 χάριν
984 4423 1079 4475 καὶ
1111 4423 1366 4488 ὑπονοίας
1397 4425 1497 4497 τῆς
1527 4425 1663 4495 πρὸς
1688 4425 1787 4490 τὰς
1819 4441 1996 4496 γαμε-

2175 3873 2265 3929 IV.
2308 3873 2379 3929 Et
2403 3885 2527 3930 sunt
2560 3882 2807 3939 eunuchi,
2835 3876 2913 3930 ait
2958 3874 3211 3930 Salvator
3234 3913 3250 3940 ,
3310 3875 3403 3945 qui
3430 3874 3496 3928 ab
3525 3875 3690 3929 homi-

2102 3968 2257 4023 nibus
2293 3969 2519 4022 eunuchi
2553 3968 2685 4037 facti
2722 3976 2871 4031 sunt,
2916 3983 2947 4022 a
2980 3969 3181 4039 quibus
3222 3968 3438 4037 priores
3480 3967 3687 4047 digersi

2103 4068 2251 4113 sunt.
2288 4056 2354 4111 Hi
2386 4058 2534 4113 enim
2575 4074 2699 4113 cum
2733 4058 2834 4112 li'ac
2859 4058 3014 4113 clade
3047 4064 3384 4123 nascuntur;
3415 4057 3689 4126 posterior

2102 4164 2192 4206 res
2220 4156 2401 4205 autem
2447 4148 2515 4203 ad
2554 4150 2789 4219 aliquem
2832 4164 3021 4219 regum
3051 4156 3147 4202 aut
3177 4147 3485 4219 principum
3527 4164 3687 4204 usum

2105 4246 2353 4299 castrati.
2383 4243 2594 4315 Quippe
2626 4244 2848 4298 barbari
2880 4244 3102 4314 quidam
3134 4258 3311 4313 reges,
3341 4250 3438 4298 aut
3470 4247 3691 4315 tyranni

2104 4337 2371 4407 zelotypia
2425 4345 2590 4407 atque
2644 4338 2698 4390 in
2747 4352 2950 4391 uxores
3002 4350 3132 4391 suas
3175 4336 3491 4405 suspicione
3536 4350 3693 4391 com-

2106 4427 2261 4490 moti,
2301 4427 2594 4482 admodum
2629 4443 2846 4498 pueros,
2871 4435 3151 4493 exsecant,
3192 4440 3333 4496 quos
3366 4426 3471 4481 ubi-
3506 4427 3693 4484 adole-

419 4510 519 4573 τὰς
548 4510 648 4574 τὰς
675 4488 830 4575 ιδίας,
855 4488 942 4565 ⁷ἔτι
975 4512 1172 4584 κομιδῇ
1209 4514 1367 4578 νέους
1398 4488 1526 4579 τοὺς
1558 4488 1995 4585 παῖδαςγλαμύά-

2104 4520 2304 4586 verint,
2348 4520 2486 4584 suis,
2530 4527 2591 4575 ut
2630 4488 2841 4575 dictum
2887 4527 2994 4584 est,
3050 4518 3378 4589 coniugibus
3431 4518 3692 4575 custodes

418 4617 602 4668 νουσι,
645 4604 739 4656 καὶ
785 4604 1155 4674 εὐνουχίζουσι
1202 4606 1455 4672 τούτους,
1500 4608 1637 4679 πρὸς
1669 4609 1729 4662 τὸ
1773 4608 2000 4681 ἀνδρυν-

419 4690 611 4754 θέντας
645 4692 997 4747 πιστεύεσθαι
1024 4694 1121 4758 τὰς
1149 4694 1284 4759 ιδίας
1308 4696 1508 4760 αὐτῶν,
1534 4698 1609 4761 ὡς
1638 4697 1791 4767 ἔφην,
1826 4714 2000 4769 γαμε-

420 4782 537 4844 τάς.
570 4784 682 4836 Καὶ
714 4783 886 4849 οὕτως
914 4787 974 4839 ἐν
1005 4784 1083 4855 τῷ
1117 4786 1306 4858 κόσμῳ
1336 4787 1558 4856 γέγονεν
1587 4790 1622 4860 ὴ
1656 4789 1785 4860 περὶ
1810 4788 1999 4843 τούτου

422 4873 590 4926 αἰτία.
615 4874 778 4927 Ὅθεν
825 4876 967 4945 τάχα
1004 4872 1157 4947 οἶμαι
1194 4880 1290 4933 καὶ
1321 4879 1383 4932 rb
1425 4879 1681 4952 εὐνοῦχον
1718 4882 2003 4937 καλεῖσθαι

422 4964 530 5017 ἀπὸ
555 4964 649 5017 τοῦ
680 4965 881 5019 εὐνοεῖν
910 4967 1191 5032 δύνασθαι,
1212 4970 1630 5042 ἀφαιρουμένων
1661 4972 1771 5025 τῶν
1799 4974 2001 5043 μελῶν,

425 5054 519 5106 καὶ
554 5054 628 5124 μὴ
660 5055 1073 5127 ἐπεντρίϐεσθαι
1114 5058 1260 5129 μίξει
1302 5061 1412 5114 τῶν
1451 5062 1741 5133 σωμάτων,
1772 5062 1848 5128 ὡς
1891 5065 2003 5119 τῶν

423 5144 668 5214 ὀργάνων
706 5146 1114 5219 ἀφῃρημένους.
1158 5150 1353 5223 Ἑτέρα
1393 5152 1574 5207 τοίνυν
1603 5153 1744 5227 αὕτη
1782 5156 1818 5226 ἡ
1851 5155 2004 5221 τάξις

426 5237 491 5286 ὲκ
528 5235 713 5298 παιδὸς
738 5236 1148 5311 λαμϐανομένη,
1178 5243 1272 5295 καὶ
1304 5244 1723 5316 εὐνουχιξομένη
1762 5247 1869 5301 ὑπὸ
1894 5247 2003 5302 τῶν

424 5325 750 5397 ἀνθρώπων,
767 5329 888 5398 οὐχὶ
917 5328 1003 5383 διὰ
1027 5330 1123 5402 τὴν
1148 5330 1425 5401 βασιλείαν
1456 5335 1567 5389 τῶν
1594 5337 1860 5408 οὐρανῶν.

2109 4611 2425 4666 adhibeant.
2455 4611 2637 4681 Atque
2659 4612 2765 4667 hoc
2796 4609 2959 4665 modo
2989 4609 3318 4664 calamitatis
3344 4606 3491 4662 illius
3522 4623 3701 4663 causa

2107 4700 2248 4755 inter
2297 4700 2548 4757 homines
2592 4700 2809 4756 accidit.
2840 4699 2977 4755 Hinc
3012 4699 3268 4755 fortassis
3311 4706 3375 4754 et»
3409 4698 3694 4754 eunucho-

2108 4808 2230 4846 rum
2274 4792 2566 4862 appellatio
2595 4792 2897 4858 derivatur,
2945 4808 2975 4846 a
3011 4792 3180 4847 verbo
3214 4790 3430 4846 scilicet
3453 4789 3692 4851 εὐνοεῖν,

2104 4882 2251 4952 quod
2302 4884 2598 4953 amputatis
2648 4883 2799 4938 hisce
2844 4883 3094 4953 corporis
3136 4881 3386 4951 partibus
3440 4879 3693 4935 benevoli

2102 4990 2226 5029 esse
2253 4975 2501 5044 possint},
2536 4990 2733 5044 neque,
2766 4981 2955 5043 utpote
2998 4972 3260 5028 membris
3286 4972 3395 5027 illis
3429 4970 3692 5035 mutilati,

2106 5066 2174 5120 ad
2230 5081 2540 5136 .corporum
2583 5066 2927 5136 complexum
2981 5064 3298 5129 coitumque
3344 5064 3457 5117 sint
3505 5061 3689 5116 utiles.

2105 5154 2206 5209 llic
2239 5156 2406 5227 igitur
2430 5156 2570 5210 alter
2593 5155 2973 5211 cunuchorum
3005 5154 3140 5208 ordo
3166 5162 3270 5215 est,
3302 5152 3397 5221 qui
3432 5166 3462 5205 a
3492 5151 3689 5222 puerili

2104 5254 2264 5303 aetate
2309 5246 2591 5302 hominum
2646 5247 2791 5303 istud
2849 5263 3010 5302 manu
3074 5261 3184 5301 non
3241 5244 3485 5303 cmlcstis
3537 5244 3689 5315 regni

2105 5353 2276 5397 causa
2303 5340 2611 5412 patiuntur.

502 5486 516 5513 ί
550 5483 788 5567 Verbum
821 5484 954 5539 illud
981 5486 1252 5557 προέλαϐε
1291 5498 1606 5560 suspectum
1632 5491 1766 5545 mihi
1798 5500 1905 5546 est.
1983 5493 1995 5523 ¹

2095 5507 2160 5547 )r.
2202 5494 2547 5567 μεμνῆσθαι,
2602 5502 2752 5553 utet
2793 5502 2984 5566 postea
3030 5495 3355 5566 μέμνηνται.
3448 5493 3683 5551 ‘Matth.

425 5568 544 5617 xxx,
580 5555 668 5609 12.

504 5665 579 5732 (4)
622 5668 793 5721 Ὅσοι
827 5668 897 5722 δὲ
926 5669 1014 5734 εἰς
1050 5668 1114 5721 τὸ
1142 5668 1477 5737 πρόχειρον.
1527 5664 1831 5737 Exscripsit
1858 5666 2006 5724 hunc

434 5736 719 5804 Epiphanli
779 5739 959 5793 locum
1020 5736 1355 5793 Anastasius
1406 5736 2003 5807 episcopus’Nicaznns

435 5806 502 5871 ρ.
533 5807 619 5874 79,
649 5816 783 5864 tom.
814 5808 994 5866 lBibl.
1018 5809 1130 5865 PP.
1160 5809 1251 5865 ubi
1283 5806 1469 5863 Mattli.
1505 5809 1683 5864 locum
1715 5808 1868 5866 illum
1935 5824 2001 5865 ex

2264 5691 2358 5803 1th
2394 5678 2755 5749 plurimorum
2782 5676 3007 5735 Patrum
3038 5678 3285 5738 collectis
3307 5686 3593 5736 sententiis
3622 5677 3692 5735 il-

2169 5762 2195 5803 s
2222 5762 2281 5802 ra
2313 5786 2326 5799 .

2169 5762 2326 5803 ειηι.
