4176 6386
448 253 591 335 ωιε

1848 258 1904 313 5.
1946 256 2293 314 EPIPIIANII

3573 252 3724 307 ιοισ

520 371 780 443 Sequitur
804 371 1001 427 deinde
1030 390 1042 427 ;
1082 370 1147 426 Et
1174 382 1296 427 sunt
1327 374 1550 428 eunuchi
1576 376 1668 446 qui
1710 378 1907 446 seipsos
1936 395 2027 431 ca-

2201 378 2305 433 Kal
2328 378 2469 441 εἰσὶ,
2508 379 2694 449 φησιν,
2734 376 3040 446 εὐνοῦχοι,
3078 376 3298 440 οἵτινες
3340 373 3715 440 εὐνούχισαν

447 476 745 520 straverunt
780 478 992 535 propter
1038 469 1313 535 regnum‘.
1352 466 1584 533 Quinam
1624 469 1697 522 illi
1733 486 1856 527 esse
1905 486 2033 540 pos-

450 567 605 620 sunt,
643 558 749 611 nisi
783 559 985 628 egregii
1023 559 1098 612 illi
1131 559 1366 629 primum
1394 560 1654 629 apostoli,
1704 569 1818 615 tum
1842 577 2035 617 mona-

450 651 571 717 clii,
637 666 701 705 ac
762 652 953 720 reliqui
1014 652 1346 722 virginitatis
1396 654 1673 709 cultores?
1712 654 2036 723 Cujusmodi

455 742 607 796 fuere
627 739 871 798 Joannes
900 753 951 797 et
978 741 1219 799 Iacobus
1251 743 1494 799 Zebedzci
1532 746 1625 800 lilii
1658 765 1668 798 :
1702 746 1796 816 qui
1841 746 1894 800 in
1925 748 2036 801 vir-

450 835 681 904 giuitate
728 835 1106 904 persistentes.
1158 854 1219 889 ac
1262 853 1437 906 neque
1483 838 1725 892 membra
1770 855 1868 893 sua
1916 855 2037 909 pro-

457 928 595 999 priis
652 937 999 994 amputantes
1049 928 1335 990 manibus,
1390 946 1565 998 neque
1590 930 1755 1001 492
1791 933 2033 1002 copulati

457 1020 686 1089 nuptiis,
724 1018 818 1074 sed
879 1021 1061 1073 animo
1102 1036 1165 1074 ac
1203 1029 1419 1089 pectore
1472 1023 1815 1087 dimicantes,
1861 1033 2041 1078 certa-

458 1113 622 1166 minis
659 1112 807 1166 illius
847 1126 1105 1165 coronam
1153 1128 1216 1167 ac
1252 1113 1477 1175 gloriam
1529 1130 1744 1170 summa
1788 1132 1912 1170 cum
1943 1118 2038 1172 ad-

459 1203 751 1259 miratione
782 1208 1147 1270 reportarunt.
1186 1200 1497 1257 Secundum
1533 1221 1672 1272 quos
1696 1205 1906 1261 inlinita
1943 1208 2039 1262 lio-

460 1296 668 1351 minum
689 1295 879 1355 millia,
910 1312 1030 1364 qme
1053 1297 1106 1348 in
1138 1296 1243 1349 hoc
1261 1298 1464 1351 mundo
1493 1302 1851 1354 monasticam
1871 1301 2038 1355 vitam

459 1388 707 1455 atnplexa
756 1395 905 1451 sunt,
953 1388 1004 1441 in
1047 1390 1395 1443 monasteriis
1442 1392 1823 1463 virginumque
1855 1408 2041 1449 emno-

460 1478 568 1533 biis
608 1478 853 1548 ejusdem
900 1480 1221 1534 certaminis
1264 1480 1435 1536 decus
1485 1483 1678 1553 adepta
1712 1496 1860 1540 sunt.
1907 1485 2041 1551 Quae

464 1570 714 1624 videlicet
741 1571 942 1625 nullam
974 1588 1095 1624 cum
1125 1573 1448 1629 mulieribus
1474 1576 1929 1632 consuetudinem
1953 1577 2041 1632 lia-

460 1665 700 1729 lmeruut
716 1704 731 1727 ,
752 1667 844 1719 sed
864 1666 1120 1721 omnibus
1140 1668 1256 1723 suis
1272 1669 1515 1723 numeris
1536 1671 1848 1726 absolutam
1871 1681 2043 1726 certa-

2136 472 2389 538 ἐαυτοὺς
2442 472 2540 524 διὰ
2582 469 2698 537 τὴν
2736 469 3085 532 βασιλείαν.
3129 468 3284 530 Τίνες
3331 467 3510 519 τοίνυν
3557 460 3725 516 εἶπεν

2134 556 2279 616 οὗτοι
2308 562 2422 616 ἀλλ’
2449 564 2482 633 ἢ
2521 562 2571 615 οἱ
2603 563 2839 629 γενναῖοι
2899 555 3209 621 ἀπόστολοι,
3242 554 3337 607 καὶ
3365 552 3723 624 μονάζοντες,

2136 656 2231 709 καὶ¹
2253 658 2300 709 οἱ
2323 654 2557 724 καθεξῆς
2578 651 2871 723 παρθένοις
2912 649 3166 718 Ἰωάννης
3195 647 3293 717 μὲν
3323 648 3419 699 καὶ
3456 642 3725 704 Ἰάκι-ηιόος

2139 750 2243 802 υίο¹ι
2279 748 2584 809 Ζεϐεδαίου,
2635 746 2913 816 μείναντες
2966 744 3023 795 έν
3069 740 3369 812 παρθενίᾳ,
3415 739 3550 809 μήτε
3601 736 3725 806 μὴν

2142 842 2297 905 ἰδίαις
2328 842 2484 913 χερσὶ
2513 840 2582 893 τὰ
2619 839 2754 910 μέλη
2800 834 3199 905 ἀποτεμόντες,
3236 832 3373 903 μήτε
3417 829 3723 897 συναφθέν-

2137 949 2228 994 τες
2268 931 2453 1002 γάμῳ,
2485 930 2620 983 ἀλλά
2659 933 2727 1001 τῇ
2769 929 2874 999 ἰδίᾳ
2928 926 3124 998 καρδία
3166 924 3587 995 ἀγωνισάμενοι.
3617 921 3728 973 καὶ

2140 1021 2454 1092 θαυμασίως
2483 1020 2542 1073 τὸ
2573 1019 2727 1082 κλέος
2748 1018 2841 1071 τοῦ
2869 1018 3135 1086 στεφάνου
3163 1014 3350 1069 τούτου
3379 1012 3471 1065 τοῦ
3503 1011 3729 1080 ἀγῶνος

2140 1114 2574 1183 ἀπενεγκάμενοι
2594 1129 2607 1141 ·
2655 1112 2772 1182 μετ’
2807 1110 3005 1172 αὐτοὺς
3031 1109 3087 1162 δὲ
3117 1109 3241 1161 ὅσαι
3270 1105 3523 1178 μυριάδες
3547 1107 3603 1157 ἐν
3632 1101 3729 1170 τῷ

2141 1208 2332 1277 κόσμῳ
2369 1206 2711 1276 μονάζοντες,
2742 1205 2838 1258 καὶ
2879 1203 2988 1257 ἀπδ
3019 1200 3417 1272 μοναστηρίων,
3453 1197 3546 1250 καὶ
3575 1212 3735 1266 παρ-

2143 1299 2309 1353 θένων
2341 1299 2491 1351 τουτὶ
2518 1298 2612 1352 τοῦ
2656 1298 2867 1365 ἀγῶνος
2897 1296 2959 1349 τὸ
3002 1294 3159 1357 κλέος
3200 1291 3598 1362 ἀπηνέγκαντο,
3633 1287 3736 1339 οἶ-

2141 1407 2287 1453 τινες
2320 1388 2533 1459 σώμασι
2560 1388 2834 1457 γυναικῶν
2865 1389 2967 1441 οὐκ
2989 1386 3283 1457 ὲμίγησαν,
3311 1381 3447 1436 ἀλλὰ
3475 1378 3734 1451 ήθλησαν

2144 1484 2202 1537 ἐν
2232 1482 2404 1551 ἀγῶνι
2431 1481 2752 1551 τελειοτάτῳ
2772 1521 2787 1546 ,
2820 1481 2897 1544 ὼς
2926 1480 3017 1533 καὶ
3051 1476 3239 1541 Ἠλίας
3270 1476 3329 1529 ὲν
3356 1473 3567 1543 Παλαιᾷ
3596 1475 3741 1523 Δια-

2144 1572 2285 1643 θήκῃ
2314 1573 2651 1645 εὑρίσκεται,
2688 1572 2785 1626 καὶ
2830 1571 3040 1635 Παῦλος
3074 1570 3279 1638 λέγων’
3316 1567 3478 1636 Λέγω
3506 1565 3573 1618 δὲ
3596 1564 3745 1631 τοῖς

2144 1664 2413 1735 ἀγάμοις,
2446 1664 2537 1719 ὅτι
2578 1664 2771 1719 καλὸν
2796 1664 3019 1730 αὐτοῖς,
3054 1662 3164 1716 ἐὰν
3202 1663 3491 1732 μείνωσιν
3535 1659 3747 1723 οὕτως

465 1775 585 1811 men
614 1758 889 1813 obierunt.
922 1758 1148 1824 Qualem
1185 1762 1240 1815 in
1264 1760 1459 1816 Vetere
1485 1761 1836 1818 Testamento
1866 1763 2040 1818 Eliam

2149 1734 2223 1822 die
2249 1734 2429 1827 κάγώ.
2455 1758 2525 1810 Et
2555 1756 2624 1809 δὲ
2654 1760 2765 1812 οὐκ
2794 1757 3276 1826 ἐγκρατεύονται,
3324 1753 3735 1823 γαμείτωσαν.

466 1849 637 1905 fuisse
661 1852 912 1923 legimus,
943 1869 1006 1909 ac
1038 1854 1297 1925 deinceps
1325 1853 1575 1920 Paulum,
1610 1857 1857 1926 quidisit
1879 1876 1891 1911 :
1912 1857 2041 1911 Dico

465 1952 641 1995 autem
668 1959 771 1996 non
812 1945 1015 2013 nuptis,
1046 1947 1296 2015 quoniam
1324 1946 1516 2000 bonum
1556 1958 1636 2002 est
1674 1949 1827 2017 ipsis,
1859 1950 1906 2003 si
1929 1967 2045 2003 ma-

466 2044 623 2087 neunt
659 2034 795 2087 sicut
822 2052 947 2105 ego;
1002 2038 1048 2090 si
1078 2046 1254 2090 autent
1304 2054 1407 2091 non
1445 2040 1733 2104 continent,
1776 2040 1973 2094 nubant
2000 2042 2041 2093 ³.

466 2123 752 2190 Quomodo
795 2125 961 2196 igitur
989 2126 1104 2195 ipse
1136 2128 1471 2195 permansit?
1512 2127 1570 2181 Si
1609 2129 1754 2183 enim
1790 2136 2046 2191 exsertus

468 2224 573 2275 est.
621 2228 674 2271 et
720 2216 785 2270 ad
837 2218 982 2271 illius
1025 2220 1332 2289 exemplum
1380 2220 1779 2275 accommodati
1828 2236 2044 2276 manse-

469 2315 619 2371 runt,
656 2310 746 2377 qui
781 2311 828 2363 ei
866 2310 1073 2365 similes
1100 2321 1307 2375 essent,
1347 2321 1404 2365 ut
1429 2327 1548 2365 eam
1577 2311 1794 2367 consilii
1829 2320 2042 2382 partem

469 2400 776 2467 inplerunt,
829 2402 965 2454 sicut
1023 2419 1115 2471 ego
1150 2403 1379 2457 :lierine
1421 2405 1621 2473 potuit,
1678 2412 1737 2459 ut
1789 2417 2043 2461 exsectos

2146 1852 2271 1915 Πῶς
2300 1848 2393 1905 οὖν
2430 1852 2593 1912 αὐτὸς
2630 1850 2843 1922 ἔμεινεν
2865 1868 2879 1915 ;
2905 1852 2969 1903 Et
3009 1850 3107 1921 μὲν
3133 1849 3244 1919 γάρ
3276 1843 3747 1914 άποτετμημένος

2142 1940 2230 2015 ἦν,
2266 1946 2359 1997 καὶ
2398 1943 2517 1997 κατ’
2552 1944 2716 1996 αὐτὸν
2747 1942 2976 2014 ἔμειναν
3022 1940 3369 2011 όμοιούμενοι
3410 1936 3590 2007 αὐτῷ,
3637 1936 3743 1988 ἴνα

2146 2035 2479 2107 πληρῶσωσι
2528 2035 2609 2098 τὸ,
2655 2035 2735 2101 ὡς
2768 2034 2956 2105 κάγώ·
2996 2034 3114 2098 πῶς
3146 2030 3595 2102 ἀποτετμημένος
3638 2045 3744 2091 τις

2148 2129 2372 2183 ἐδύνατο
2421 2132 2635 2199 γῆμαι,
2679 2131 2728 2181 εί
2774 2128 2970 2199 μηκέτι
3020 2124 3434 2198 ὲνεκρατεύετος
3486 2122 3594 2176 Καὶ
3633 2120 3738 2184 τὸ,

2148 2222 2546 2291 γαμείτωσαν,
2571 2222 2666 2273 καί
2695 2220 2776 2288 μὴ
2808 2220 3272 2288 πυρούσθωσιιν,
3301 2217 3457 2286 ὁρᾷς,
3488 2216 3567 2267 ὅτι
3599 2213 3742 2283 περὶ

2148 2313 2477 2385 ἐγκρατείας
2531 2312 2751 2382 φάσκει,
2793 2312 2887 2365 καὶ
2935 2312 3056 2381 οὐχὶ
3093 2308 3223 2381 περὶ
3275 2305 3452 2379 μελῶν
3494 2303 3739 2373 ἀφαιρέ-

2153 2422 2289 2470 σεως
2310 2421 2326 2470 ;

470 2492 762 2561 quispiam,
835 2494 940 2548 nisi
994 2496 1391 2551 continentiam
1439 2513 1660 2553 servare
1722 2508 1927 2568 posset,
1971 2513 2194 2554 uxorem
2252 2498 2515 2554 duceret?
2569 2496 2707 2552 Illud
2754 2510 2907 2561 vero,
2950 2500 3172 2552 'uxores
3236 2494 3468 2565 ducant,
3515 2505 3562 2551 et
3615 2511 3731 2550 non

474 2592 701 2636 urantur
728 2584 769 2651 ³,
820 2602 1003 2642 nonne
1047 2587 1113 2641 ad
1147 2590 1539 2645 continentiam
1593 2592 1886 2660 pertinere,
1943 2606 2052 2645 non
2078 2590 2146 2646 ad
2176 2592 2544 2645 membrorum
2582 2588 2978 2643 mutilationem
3006 2583 3437 2641 animadvertis?

544 2676 699 2744 Quod
757 2678 801 2733 si
848 2687 1069 2749 propter
1131 2696 1358 2751 regnum
1404 2685 1671 2738 caelorum
1726 2687 2055 2755 semetipsos

473 2777 743 2822 casti-asse
791 2785 849 2824 se
878 2771 1137 2835 dixerint,
1163 2774 1256 2843 qui
1289 2774 1509 2831 tandem
1542 2776 1611 2830 ab
1644 2778 1734 2831 illa
1782 2777 2053 2832 sententia

475 2873 765 2916 sereniore
802 2880 920 2917 sese
956 2872 1205 2933 possunt,
1259 2882 1382 2935 qua:
1416 2869 1713 2924 nonnullos
1750 2885 1874 2925 esse
1898 2870 2049 2931 dicit.

475 2956 570 3025 qui
617 2956 684 3009 ab
722 2956 1038 3012 hominibus
1086 2958 1327 3013 eunuchi
1358 2957 1483 3013 facti
1527 2961 1695 3015 sunt?
1725 2960 1861 3016 Cum
1903 2962 2048 3016 enim

476 3062 599 3103 sese
620 3048 816 3117 aliquis
839 3052 955 3105 suis
991 3049 1245 3106 manibus
1270 3058 1511 3115 exsecat,
1540 3052 1707 3107 homo
1733 3053 1918 3123 utique
1943 3063 2047 3111 est.

477 3138 707 3209 ejusque
732 3140 985 3195 manibus
1016 3142 1309 3198 scelestum
1338 3142 1469 3197 illud
1504 3141 1718 3198 facinus
1750 3143 2050 3197 admissum

478 3238 583 3286 est.
624 3232 718 3284 Sin
773 3233 861 3285 ille
906 3234 1113 3286 cladem
1160 3234 1320 3290 istam
1358 3250 1454 3288 sua
1499 3235 1599 3289 sibi
1644 3251 1807 3289 manu
1840 3234 2056 3289 consci~

480 3338 633 3376 scere
663 3340 768 3376 non
802 3333 1001 3393 potest.
1036 3325 1132 3381 sed
1159 3327 1227 3380 ab
1261 3327 1383 3382 aliis
1412 3336 1688 3384 castratus
1717 3329 1900 3391 fuerit,
1946 3344 2055 3381 non

481 3413 591 3482 iam
629 3414 759 3468 illud
806 3418 1048 3472 cu-lestis
1087 3418 1241 3487 regni
1290 3434 1458 3474 causa
1488 3420 1744 3489 patietur,
1777 3434 1841 3474 eo
1883 3419 2053 3488 quod,

483 3507 599 3560 sive
622 3521 717 3575 per
746 3524 824 3569 se,
858 3509 973 3562 sive
1006 3510 1240 3563 aliorum
1270 3527 1436 3580 opera
1465 3512 1569 3565 sibi
1606 3511 1752 3565 istud
1782 3512 2053 3576 intulerit,

483 3591 553 3647 alt
611 3592 922 3649 hominibus
975 3599 1262 3654 eunuchus
1305 3610 1389 3655 est
1451 3602 1645 3655 lactus.
1692 3600 2056 3667 Quamobrem

484 3699 701 3738 corona:
756 3702 851 3755 Spe
896 3703 958 3741 ac
1013 3691 1221 3759 praemii
1257 3692 1360 3747 iste
1396 3709 1621 3762 prorsus
1674 3696 1908 3760 excidet,
1932 3711 2057 3749 cum

486 3778 690 3831 nullam
734 3779 966 3848 amplius
1013 3791 1240 3849 gratiam
1274 3794 1567 3843 mereatur.
1612 3785 1757 3854 quod
1805 3785 1874 3838 ab
1913 3786 2059 3855 ejus-

486 3868 635 3924 modi
664 3870 960 3940 voluptatis
1003 3888 1107 3927 usu
1143 3881 1440 3944 temperet;
1484 3875 1577 3930 sed
1616 3876 1738 3930 ideo
1772 3876 1903 3931 illud
1951 3892 2059 3930 non

490 3962 685 4030 possit,
713 3962 859 4029 quod
896 3966 1231 4021 necessariis
1258 3966 1325 4019 ad
1371 3982 1488 4021 eam
1523 3967 1855 4023 iunctionem
1886 3984 2061 4023 mem-

488 4050 604 4105 liris
633 4050 706 4106 sit
727 4050 1048 4109 destitutus.
1081 4053 1351 4120 Quocirca
1382 4072 1480 4126 par
1510 4056 1762 4127 idemque
1793 4058 1861 4113 de
1888 4072 1955 4112 eo
1978 4057 2062 4126 ju-‘-

488 4141 697 4196 ilicium
743 4153 849 4207 est,
879 4146 1030 4201 aede
1060 4146 1174 4212 illo,
1210 4147 1302 4213 qui
1348 4149 1569 4218 aliquod
1607 4152 1856 4219 corporis
1893 4166 2063 4204 mem-

2224 2682 2288 2737 El
2318 2684 2375 2737 δὲ
2414 2684 2715 2753 φάσκουσιν
2739 2676 2884 2736 οὗτοι
2927 2680 3014 2733 διὰ
3042 2679 3142 2751 τὴν
3182 2676 3460 2749 βασιλείαν
3499 2674 3605 2727 τῶν
3636 2674 3735 2727 οὒ-

2155 2775 2332 2845 ρανῶν
2374 2776 2601 2838 ἑαυτοὺς
2635 2773 3030 2844 εὐνουχικέναι,
3068 2771 3184 2836 πῶς
3227 2770 3455 2832 ἑαυτοὺς
3495 2767 3736 2820 ἀπαλλοο

2150 2865 2441 2937 τριώσουσι
2488 2866 2585 2920 τοῦ
2629 2867 2921 2939 εἰρημένου
2969 2865 3249 2936 ῥήματος,
3283 2863 3363 2915 ὅτι
3403 2860 3508 2913 εἰσί
3550 2876 3729 2942 τινες,

2149 2959 2347 3021 οἵτινες
2389 2958 2812 3029 εὐνουχίσθησαν
2850 2958 2956 3012 ὑπὸ
2994 2957 3102 3010 τῶν
3148 2954 3483 3028 ἀνθρώπων;
3519 2953 3581 3005 Ei
3622 2952 3739 3022 γὰρ

2153 3049 2313 3112 αὐτὸς
2336 3049 2493 3112 ἰδίαις
2517 3049 2701 3120 χερσὶν
2728 3048 2919 3101 ἑαυτὸν
2940 3045 3261 3117 εὐνουχίξει,
3284 3044 3567 3114 ἄνθρωπός
3590 3042 3734 3103 ἐστι,

2159 3142 2253 3195 καὶ
2300 3142 2357 3193 αἱ
2386 3144 2564 3211 χεῖρες
2606 3139 2770 3194 αὑτοῦ
2814 3140 2875 3192 τὸ
2908 3138 3165 3209 ἀθέμιτον
3198 3136 3355 3189 τοῦτο
3384 3135 3729 3205 εἰργάσαντο.

2157 3234 2222 3289 Εἰ
2250 3234 2307 3287 δὲ
2341 3234 2503 3296 αὐτὸς
2526 3232 2703 3302 ἐαυτῷ
2725 3231 2877 3284 οὐδὲν
2908 3230 3128 3283 δύναται
3162 3227 3389 3299 πρᾶξαι,
3428 3226 3533 3278 ὑπὸ
3558 3224 3737 3278 ἄλλων

2155 3327 2211 3379 δὲ
2237 3325 2576 3396 εὑωυχισθῇ,
2606 3325 2788 3378 οὐκέτι
2822 3323 2976 3376 ἔσται
3014 3322 3102 3375 διὰ
3156 3319 3432 3391 βασιλείαν
3468 3316 3734 3388 οὐρανῶν,

2158 3418 2293 3471 διότι
2335 3418 2441 3470 ὑπὸ
2474 3414 2777 3487 ἀνθρώπων
2805 3412 3123 3485 εὐνουχίσθη
3156 3414 3275 3484 ήτοι
3305 3412 3372 3464 δι’
3397 3410 3581 3468 αὑτοῦ,
3616 3409 3738 3478 ἦτοι

2158 3508 2247 3561 διὰ
2278 3508 2387 3560 τῶν
2433 3506 2593 3559 τοῦτο
2642 3505 3039 3575 πεποιηκότων.
3089 3505 3343 3556 Πεσεῖται
3393 3502 3449 3554 δὲ
3495 3500 3587 3552 καὶ
3627 3498 3739 3551 ἀπὸ

2158 3600 2251 3653 τοῦ
2292 3600 2586 3669 στεφάνου,
2622 3599 2716 3651 καὶ¹
2752 3598 2860 3653 ἀπὸ
2898 3597 2993 3651 τοῦ
3031 3596 3309 3668 βραϐείου,
3355 3594 3537 3647 οὐκέτι
3577 3592 3740 3663 χάριν

2159 3694 2299 3764 ἔχων
2336 3692 2424 3746 διὰ
2473 3693 2574 3765 τὴν
2608 3691 2819 3763 ἀποχὴν
2860 3691 2961 3760 τῆς
3006 3688 3262 3760 τοιαύτης
3297 3688 3565 3759 χρήσεως,
3600 3684 3741 3738 ἀλλὰ

2159 3786 2247 3839 διὰ
2289 3785 2349 3839 τὸ
2386 3784 2461 3856 μὴ
2506 3785 2762 3838 δύνασθαι
2809 3782 3045 3854 χρῆσθαι
3088 3774 3456 3853 ἀφῃρημένων
3494 3780 3603 3831 τῶν
3639 3781 3740 3849 τῆς

2158 3878 2417 3947 τοιαύτης
2457 3878 2766 3940 ὑποθέσεως
2797 3876 2994 3947 μελῶν.
3030 3877 3129 3929 Ἐν
3163 3876 3221 3928 δὲ
3250 3875 3344 3929 καὶ
3373 3874 3433 3927 τὸ
3458 3872 3591 3926 αὐτὸ
3620 3889 3744 3942 κρι-

2161 3968 2418 4039 θήσεται,
2462 3968 2537 4031 ὠς
2576 3969 2605 4019 ὁ
2644 3967 3041 4038 λυμαινόμενος
3073 3965 3268 4018 ἑαυτοῦ
3312 3964 3373 4017 τὸ
3423 3963 3602 4033 μέλος,
3650 3962 3746 4014 καὶ

2160 4061 2236 4125 ὡς
2285 4063 2313 4114 ό
2370 4063 2583 4131 τέμνων
2641 4061 2919 4131 ἀλλότριον
2968 4059 3288 4130 ἀμπελῶνα.
3321 4058 3395 4111 Οὐ
3439 4055 3547 4127 γὰρ
3602 4054 3745 4107 κατά

2162 4152 2295 4205 Θεὸν
2330 4153 2734 4217 ἐπολιτεύσατο,
2772 4153 2908 4207 ἀλλὰ
2955 4152 3097 4207 κατὰ
3133 4149 3427 4220 ἐπιϐουλὴν
3463 4148 3541 4219 τῷ
3578 4148 3744 4218 δημι-

488 4235 647 4289 brum
678 4236 916 4302 violarit,
950 4247 1045 4292 aut
1074 4239 1305 4293 alienam
1336 4241 1498 4295 vitem
1538 4242 1852 4298 succiderit.
1879 4241 2047 4312 Ncqm

2163 4245 2345 4316 ουργῷ
2384 4246 2575 4317 Κυρίῳ
2616 4245 2735 4315 Θεῷ
2775 4246 3006 4315 ἀντέστη
3053 4243 3310 4307 τοιοῦτος.
3367 4241 3660 4311 Ἐπιθυμίᾳ
3686 4239 3744 4293 δὲ

488 4328 635 4382 enim
662 4328 902 4383 divinam
939 4329 1005 4383 ad
1036 4330 1370 4386 voluntatem
1400 4334 1614 4387 vivendi
1658 4336 1927 4388 rationem
1977 4336 2047 4387 in.

2166 4339 2528 4410 περισσοτέρᾳ
2557 4342 2585 4393 ὁ
2614 4339 2853 4402 τοιοῦτος
2898 4338 3265 4409 ὲνεχθήσεται.
3298 4336 3409 4389 Καὶ
3450 4334 3556 4406 γὰρ
3590 4336 3619 4385 ό
3649 4332 3741 4385 εὐ-

490 4420 696 4484 stituit,
725 4421 820 4475 sed
853 4422 1038 4490 opiﬁci
1067 4438 1170 4477 suo
1200 4422 1533 4495 Dominoque
1569 4425 1676 4481 Deo
1703 4427 1940 4497 maligne
1973 4443 2047 4483 re-

2166 4430 2353 4500 νοῦχος
2390 4431 2572 4501 ᾄδεται
2612 4432 2763 4502 παρά
2802 4431 2879 4501 τῷ
2928 4429 3083 4500 Σοφῷ
3114 4430 3213 4483 οὐκ
3266 4431 3603 4498 ἀπεχόμενος
3644 4424 3745 4495 τῆς

490 4510 771 4577 pugnavit.
825 4510 1137 4576 Quinetiam
1176 4514 1568 4570 vehementiori
1616 4517 1916 4587 cupiditate
1968 4519 2036 4574 lla

2165 4522 2482 4592 ἐπιθυμίας,
2513 4522 2647 4576 ἀλλὰ
2683 4522 2758 4593 μὴ
2795 4522 3092 4593 δυνάμενος
3139 4522 3239 4592 τὴν
3287 4519 3583 4590 ἐπιθυμίαν
3626 4519 3744 4569 ἐπι-

489 4599 687 4665 κτοιιὶι.
730 4599 940 4656 Etenim
986 4603 1179 4672 spado,
1212 4620 1321 4658 non
1356 4620 1386 4658 a
1427 4621 1524 4661 sua
1565 4608 1867 4677 cupiditate
1898 4611 2047 4665 abstil

2164 4615 2404 4677 τελέσαι,
2455 4615 2530 4678 ὡς
2568 4615 2746 4683 λέγει·
2784 4616 3099 4684 Ἐπιθυμία
3127 4615 3425 4682 εὐνούχου
3472 4613 3744 4677 ἀποπαρο

492 4708 646 4755 nere,
704 4692 798 4748 sed
853 4709 971 4748 eam
1021 4695 1280 4764 perﬁcere
1336 4712 1444 4751 non
1496 4712 1679 4767 posse,
1732 4714 1762 4753 a
1810 4698 2047 4770 Sapienti

2166 4708 2437 4759 θενεύσει
2468 4705 2731 4759 νεάνιδα.
2753 4708 2863 4759 Καὶ
2887 4708 2951 4758 ἐκ
2985 4704 3320 4776 πανταχόθεν
3350 4704 3394 4757 ὢ
3414 4704 3515 4774 τῆς
3544 4702 3743 4772 πολλῆς

492 4782 695 4837 dicitur
730 4803 744 4839 :
776 4783 1209 4854 Concupiscentia
1237 4787 1509 4855 spadonis,
1541 4790 1739 4859 inquit,
1766 4792 2065 4862 devirgina-

497 4874 925 4945 bitjuvenculam
947 4875 989 4929 ⁸.
1035 4876 1399 4949 Proindeqne.
1423 4895 1456 4934 ο
1499 4882 1785 4936 stultitiam
1828 4883 2068 4941 incredi—

496 4969 681 5032 bilem,
723 4970 872 5023 varie
904 4969 957 5023 in
989 4969 1092 5024 hoc
1125 4971 1259 5025 orbe
1282 4981 1552 5026 terrarum
1582 4974 1983 5043 excogitatam!

564 5061 727 5134 493
766 5062 942 5131 Atque
978 5063 1088 5116 lucc
1121 5070 1272 5129 sunt,
1301 5080 1422 5133 quas
1450 5065 1517 5119 de
1548 5065 1652 5119 hoc
1689 5065 2047 5123 haereticorun

2242 5075 2352 5126 Καὶ
2381 5071 2557 5127 ταῦτά
2599 5074 2747 5125 ἐστιν
2774 5070 2810 5124 ἆ
2848 5070 2976 5140 περὶ
3016 5068 3223 5121 τούτων
3253 5067 3526 5136 ἔγνωμεν.
3570 5063 3661 5116 Διό
3691 5064 3743 5115 ὲν
3795 5071 3837 5108 ι

505 5170 695 5222 genere
726 5156 1010 5223 explorare
1068 5156 1365 5223 potuimus.
1426 5155 1500 5211 De
1540 5158 1764 5230 quibus,
1796 5174 1920 5213 cum
1950 5161 2046 5216 bre

2173 5165 2421 5236 συντόμῳ
2451 5165 2579 5237 περὶ
2612 5162 2793 5217 αὐτῶν
2829 5163 3131 5234 εἰρηκότες,
3172 5159 3290 5218 καὶ,
3324 5158 3399 5219 ὠς
3433 5158 3589 5226 ἔφην,
3618 5157 3733 5206 ὐπο-

505 5247 635 5301 riter
666 5246 989 5314 dixerimus,
1025 5248 1356 5318 eosdemque
1378 5264 1502 5305 esse
1531 5252 1897 5320 suspicemur,
1927 5269 2047 5321 quo:

2173 5254 2463 5324 νοήσαντες
2510 5250 2649 5307 εἶναι
2684 5252 2906 5315 τούτους
2931 5251 3057 5313 τοὺς
3098 5248 3551 5321 προειρημένους,
3583 5260 3737 5296 κατα.

510 5346 658 5394 lutea
682 5338 1253 5403 commemoravimus,
1289 5340 1497 5395 relictis
1554 5356 1617 5394 ac
1676 5357 1798 5395 cum
1830 5343 2047 5397 ludibrit

2174 5344 2423 5409 λιπόντες
2466 5346 2590 5410 τοὺς
2623 5347 2853 5410 αὐτοὺς,
2900 5344 2993 5398 καὶ¹
3040 5340 3511 5408 καταγελάσαντες
3562 5337 3740 5403 ὥσπε(

510 5430 720 5502 rejectis
752 5430 861 5484 illis
886 5431 976 5501 qui
1008 5433 1315 5503 scorpionis
1350 5433 1523 5490 instar
1563 5433 1730 5489 biﬁdo
1759 5436 1949 5489 aculeo
1985 5452 2044 5489 ar

2180 5437 2439 5509 σκορπίου
2479 5438 2778 5521 δικέντρου,
2809 5438 2922 5499 τοῖς
2964 5434 3061 5507 μὲν
3112 5432 3305 5504 τέρασι
3327 5430 3402 5500 (ῗὶ)
3436 5428 3529 5483 καὶ
3561 5426 3740 5499 χηλαῖς

2171 4801 2530 4871 ματαιότητος
2570 4800 2671 4871 τῆς
2714 4804 2772 4854 ὲν
2808 4801 2884 4871 τῷ
2931 4802 3123 4872 κόσμῳ
3173 4798 3529 4871 πολυτρόπως
3567 4800 3743 4850 ἐπινε-

2168 4911 2260 4963 νοη
2272 4894 2437 4964 μένης
2454 4895 2467 4946 l

575 5588 591 5617 ²
628 5587 819 5640 Matth.
846 5603 960 5653 ω,
992 5588 1079 5644 15.
1157 5593 1177 5621 ⁸
1206 5588 1224 5642 1
1252 5589 1381 5647 Cor.
1411 5604 1509 5658 νυ,
1532 5589 1584 5645 8.
1662 5591 1683 5621 ³
1706 5588 1841 5646 ibid.
1876 5590 1927 5646 9.
2005 5593 2026 5625 δ
2065 5592 2233 5648 Eccli.
2274 5611 2361 5649 xx.
2399 5596 2433 5647 2

577 5698 655 5768 (5)
692 5696 819 5769 Leg.
852 5699 1070 5771 πέρασι.
1108 5698 1270 5754 Εοιτ.
