4176 6386
345 337 479 395 ΙΟΗ

1011 338 1381 397 ADVERSUS
1422 341 1767 397 l-l/ERESES
1803 341 1933 398 LlB.

2083 341 2246 398 TOM.
2289 344 2330 399 Ι.
2369 373 2441 385 -
2470 343 2742 399 ΗίΕΙὶΕὸ.
2783 343 2921 400 LIX.

3478 345 3618 404 IOIS

344 456 454 509 ἀπὸ
481 453 592 520 τῶν
617 455 883 510 ἀνέκαθεν
904 455 1018 511 τῶν
1041 458 1303 530 Πατέρων
1329 458 1464 530 βίοις
1490 459 1924 523 ἐναντιωθέντας,
1955 513 1956 517 η

2057 461 2190 523 nati,
2223 460 2556 531 prodigiosis
2612 461 2964 516 brachiorum
3017 459 3320 532 forcipibus
3348 460 3459 531 jam
3501 471 3619 519 tum

347 550 405 600 iw
437 547 494 600 δὲ
526 547 602 617 τῷ
635 547 845 618 κέντρῳ
872 547 950 618 τῷ
978 547 1138 618 τύπῳ
1172 549 1271 618 τῆς
1307 549 1468 617 ἁγίας
1498 548 1594 602 τοῦ
1630 549 1766 602 Θεοῦ
1809 550 1929 604 Ἐκ-

2039 549 2308 604 institutis
2329 565 2358 604 a
2396 549 2655 608 Patribus
2680 552 2805 605 vitae
2825 551 3134 606 rationibus
3165 553 3436 608 adversati
3467 563 3620 619 sunt,

347 639 578 711 κλησίας
607 639 1055 710 ἀνθισταμένους,
1083 641 1390 712 ὑποδήματι
1423 642 1803 711 ὲστηριγμένῳ
1835 658 1933 692 και»

2057 652 2085 694 τι
2127 643 2396 697 adversus
2433 651 2638 696 sancta:
2685 641 2782 697 Dei
2815 643 3079 698 Ecclesiae
3121 642 3350 699 formam
3388 659 3454 701 ac
3487 661 3622 716 prae.

346 733 761 801 ταπατήσαντες
780 731 1024 794 τούτους,
1048 732 1140 786 καὶ
1169 732 1664 801 καταγελάσαντες,
1687 732 1932 786 τουτέστι

348 819 436 874 διὰ
466 820 572 873 τῶν
600 820 778 892 ρητῶν
807 819 898 874 τοῦ
928 821 1283 888 Εὑαγγελίου,
1303 821 1444 874 κατὰ
1462 821 1522 874 τὸ
1545 820 1686 884 ἔθος,
1717 822 1808 873 ἐπὶ
1832 821 1932 886 τὰς

350 912 544 976 λοιπὰς
578 912 1020 984 μεταϐαίνοντες,
1044 913 1284 1002 ἐνταῦθα
1309 913 1562 984 λήξωμεν
1596 915 1696 984 τῆς
1727 914 1934 970 τούτων

356 1006 704 1078 ἀδελτηρίας.

836 1209 1026 1262 ΚΑΤΑ
1079 1208 1407 1262 ΚΑΘΑΡΩΝ
1425 1251 1444 1275 ,

395 1298 724 1369 Τριακοστὴ
758 1299 1000 1366 ἐννάτη,
1033 1300 1072 1367 ἡ
1104 1299 1204 1353 καὶ
1232 1299 1618 1368 πεντηκοστὴ
1651 1301 1898 1369 ἐννάτη.

427 1394 507 1446 A’.
547 1390 799 1458 Καθεξῆς
836 1390 892 1444 δὲ
928 1389 1131 1442 τούτων
1169 1388 1417 1459 Καθαροί
1455 1406 1598 1452 τινες
1655 1389 1937 1460 λεγόμενοι

359 1484 604 1556 ἐφύησαν
636 1482 744 1536 άπὸ
775 1481 1028 1535 Ναόάτου
1059 1481 1224 1544 τινὸς.
1251 1480 1328 1543 ὡς
1353 1479 1519 1543 πολὺς
1545 1481 1730 1552 ᾄδεται
1759 1481 1936 1549 λόγος.

359 1574 526 1641 Οὗτος
555 1580 584 1631 ὁ
609 1575 858 1640 Ναὸἄτος
881 1575 957 1645 (6)
1009 1576 1102 1629 ἐπὶ
1129 1575 1229 1646 τῆς
1269 1575 1559 1646 Ῥωμαίων
1605 1575 1848 1646 ὑπῆρχεν
1881 1577 1939 1629 ὲν

361 1671 540 1742 καιρῷ
579 1667 954 1738 τοῦ-διωγμοῦ
1003 1668 1097 1721 τοῦ
1144 1665 1252 1738 πρὸ
1298 1666 1607 1735 Μαξιμίνου
1641 1667 1938 1738 γενομένου

2033 734 2303 802 scriptum
2374 731 2608 789 infestos
2655 733 2878 788 aculeos
2936 735 3191 804 erigunt;
3240 735 3330 797 iis,
3374 736 3624 806 inquam,

2036 825 2266 878 ﬁrmiter
2293 824 2564 894 impresso
2595 825 2988 884 calceamento.
3013 825 3117 878 hoc
3168 833 3252 880 est
3284 823 3627 881 sacrosancti

2035 915 2334 988 Evangelii,
2373 923 2431 970 ut
2465 916 2730 981 solemus,
2775 930 2910 970 voce
2941 915 3192 986 protritis
3234 923 3288 970 et
3339 916 3513 979 elisis.
3553 918 3622 970 ad

2038 1007 2282 1076 reliquas
2329 1007 2567 1062 haereses
2593 1006 2861 1061 translata
2894 1007 3166 1070 oratione,
3194 1006 3283 1061 hic
3312 1007 3379 1062 de
3405 1008 3622 1062 illorimi

2035 1099 2334 1156 stoliditate
2361 1099 2677 1170 disputandi
2707 1099 2868 1154 linem
2902 1098 3191 1155 faciamus.
3225 1117 3229 1120 ·

2478 1211 2756 1268 CONTRA
2787 1211 3181 1278 CATHAROS,

2409 1303 2644 1358 eresis
2689 1301 2964 1367 XXXIX,
2997 1304 3075 1357 vel
3100 1301 3251 1356 LIX.

2119 1393 2160 1449 Ι.
2203 1394 2444 1450 Proximi
2481 1396 2550 1450 ab
2579 1395 2688 1450 illis
2721 1394 2947 1450 Cathari
2999 1393 3221 1465 quidam
3266 1394 3439 1450 exorti
3475 1403 3628 1459 sunt,

2039 1501 2070 1540 a
2099 1486 2330 1550 Novato,
2361 1495 2422 1541 ut
2445 1487 2590 1540 fama
2624 1487 2957 1557 percrebuit.
2977 1485 3225 1542 Novatus
3255 1502 3418 1557 porro
3443 1487 3630 1541 Romae

2039 1581 2438 1650 persecutionis
2470 1579 2618 1634 illius
2653 1586 2901 1648 tempore
2957 1577 3086 1643 fuit,
3138 1594 3259 1649 quae
3309 1593 3427 1632 eam
3480 1587 3633 1631 ante-

2042 1674 2232 1739 cessit,
2269 1687 2434 1741 quam
2467 1671 2797 1726 Maximinus
2827 1670 3124 1738 excitavit;
3175 1685 3297 1739 quae
3355 1669 3527 1734 Decii,
3571 1677 3633 1724 ut

363 1764 582 1834 πρώτου
603 1777 616 1791 ·
655 1761 814 1831 τάχα,
835 1756 1008 1830 οἶμαι,
1038 1759 1229 1812 Δεκίου
1247 1758 1372 1811 τότε
1394 1753 1485 1828 ἦν,
1515 1757 1548 1829 ἢ
1576 1758 1937 1830 Αὐρηλιανοῦ.

2057 1767 2257 1835 )pinor,
2291 1773 2384 1818 aut
2417 1763 2701 1818 Aureliani
2731 1762 2851 1817 fuit.
2875 1763 3239 1828 Quamobrem
3265 1769 3487 1832 propter
3515 1777 3634 1825 eos,

375 1855 507 1908 Ἀπδ
535 1854 592 1907 δὲ
634 1853 733 1922 τῆς
775 1852 1102 1924 προφάσεως
1141 1851 1240 1922 τῆς
1267 1853 1324 1904 ὲν
1369 1850 1448 1921 τῷ
1491 1851 1718 1923 διωγμῷ
1765 1868 1942 1922 παρα-

365 1947 638 2000 πεσόντων
690 1945 971 2015 ὲπάρματι
1021 1943 1225 2015 ἀρθεὶς,
1258 1943 1375 2014 ἅμα
1420 1947 1532 2008 τοῖς
1583 1945 1943 2016 ἐπαγομένοις

364 2039 514 2110 αὐτῷ
547 2039 622 2110 μὴ
654 2037 888 2109 θελήσας
933 2037 1258 2107 κοινωνῆσαι
1295 2038 1406 2099 τοῖς
1443 2036 1796 2106 μετανοοῦσιν
1833 2037 1944 2090 ἀπὸ

361 2131 457 2184 τοῦ
487 2129 752 2201 διωγμοῦ,
799 2132 880 2194 εἰς
926 2129 1136 2200 αἵρεσιν
1170 2128 1377 2198 ταύτην
1413 2127 1738 2200 τέτραπται,
1769 2129 1945 2198 λέγων

368 2222 444 2293 μὴ
473 2217 613 2275 εἶναι
659 2221 955 2292 σωτηρίαν,
989 2218 1125 2273 ἀλλὰ
1181 2218 1310 2290 μίαν
1348 2220 1657 2290 μετάνοιαν.
1688 2220 1845 2274 Μετὰ
1885 2221 1944 2274 δὲ

363 2314 426 2368 τὸ
470 2312 696 2384 λουτρὸν
731 2311 930 2384 μηκέτι
969 2311 1230 2366 δύνασθαι
1261 2311 1532 2365 ἐλεεῖσθαι
1572 2330 1949 2384 παραπεπτω-

365 2407 520 2463 κότα.

435 2588 544 2640 Καὶ
573 2587 729 2639 αὐτοὶ
755 2584 812 2637 δέ
839 2600 1018 2653 φαμεν
1053 2580 1195 2635 εἶναι
1226 2580 1515 2653 μετάνοιαν
1552 2581 1701 2653 μίαν,
1741 2582 1836 2635 καὶ
1859 2581 1951 2636 διὰ

365 2678 590 2749 λουτροῦ
619 2675 1041 2746 παλιγγενεσίας
1071 2674 1276 2745 ταύτης
1309 2674 1386 2746 (7)
1423 2674 1677 2743 γενέσθαι
1705 2675 1804 2746 τὴν
1843 2691 1950 2728 σω-

367 2769 586 2842 τηρίαν.
631 2767 770 2821 Ἀλλ’
800 2767 902 2820 οὐκ
939 2763 1271 2837 ἀναιροῦμεν
1301 2765 1402 2835 τὴν
1439 2764 1532 2818 τοῦ
1575 2764 1712 2818 Θεοῦ
1762 2764 1951 2833 φιλαν-

370 2862 637 2934 θρωπίαν·
662 2861 864 2924 εἰδότες
891 2859 954 2912 τὸ
982 2860 1242 2930 κήρυγμα
1271 2858 1371 2929 τῆς
1408 2857 1690 2929 ἀληθείας,
1735 2859 1829 2912 καὶ
1858 2859 1951 2912 τὸν

369 2957 517 3012 ελεον
549 2953 643 3008 τοῦ
674 2953 966 3014 Δεσπότου,
1001 2951 1096 3004 καὶ
1121 2949 1184 3002 τὸ
1207 2950 1550 3018 συγγνωστὸν
1584 2949 1684 3020 τῆς
1712 2949 1947 3017 φύσεως,

368 3049 431 3102 τὸ
462 3047 773 3119 εύρίπιστον
802 3044 900 3113 τῆς
926 3041 1124 3112 ψυχῆς,
1155 3041 1216 3093 τὸ
1249 3039 1472 3103 ἀσθενὲς
1502 3040 1602 3110 τῆς
1633 3039 1855 3108 σαρκὸς,
1889 3039 1951 3092 τὸ

2047 1859 2140 1928 qui
2197 1858 2250 1910 in
2308 1857 2401 1910 illa
2447 1855 2832 1926 persecutione
2868 1855 3005 1924 lapsi
3050 1855 3292 1918 fuerant,
3329 1869 3453 1907 cum
3485 1868 3637 1906 arro-

2047 1947 2235 2019 gantia
2266 1961 2372 2001 una
2402 1961 2526 2001 cum
2558 1946 2674 2002 suis
2705 1945 2924 2001 inﬂatus
2963 1961 3060 2001 eos
3090 1946 3146 1998 in
3192 1945 3634 2000 communionem

2048 2040 2220 2094 nollet
2260 2039 2573 2103 admittere,
2629 2039 2724 2108 qui
2776 2045 2903 2107 post
2960 2038 3400 2109 persecutionem
3459 2037 3638 2107 paeni-

2049 2131 2277 2186 tentiam
2308 2138 2684 2202 susceperant,
2720 2131 2785 2185 ad
2819 2147 2938 2185 eam
2972 2148 3030 2186 se
3062 2132 3335 2186 convertit
3362 2131 3638 2194 haeresim,

2049 2224 2256 2278 nullam
2289 2234 2348 2279 ut
2377 2239 2502 2280 esse
2533 2239 2685 2294 spem
2717 2224 2912 2280 salutis
2945 2233 3236 2286 assereret,
3269 2231 3434 2294 atque
3467 2239 3641 2277 unam

2050 2317 2320 2370 duntaxat
2353 2331 2475 2373 esse
2501 2317 2910 2389 paenitentiam.
2939 2315 3044 2383 Qui
3078 2323 3258 2370 autem
3289 2327 3414 2384 post
3466 2315 3639 2386 bapti-

2052 2423 2233 2464 smum
2265 2409 2624 2480 delinqueret,
2659 2409 2864 2464 nullam
2885 2423 3012 2479 erga
3045 2424 3170 2464 eum
3206 2408 3644 2465 misericordiam

2053 2502 2301 2557 adhiberi
2331 2517 2515 2572 posse.

2123 2594 2288 2666 Atqui
2323 2610 2428 2650 nos
2459 2609 2626 2648 unam
2665 2609 2790 2649 esse
2831 2593 3208 2664 paenitentiam
3257 2593 3405 2649 ultro
3446 2609 3645 2648 conce-

2053 2687 2257 2752 dimus,
2314 2701 2378 2742 ac
2433 2701 2532 2756 per
2560 2701 2680 2742 eam
2717 2686 2925 2740 iteratae
2974 2686 3349 2758 generationis
3378 2686 3647 2741 lotionem

2056 2777 2124 2832 ad
2160 2778 2396 2833 salutem
2427 2776 2726 2847 perveniri,
2762 2776 2856 2832 sed
2884 2776 2978 2832 Dei
3014 2777 3410 2832 humanitatem
3439 2793 3502 2832 ac
3533 2777 3646 2832 cle-

2055 2870 2314 2924 tnentiam
2343 2868 2568 2922 minime
2593 2869 2855 2930 tollimus,
2893 2883 3018 2922 cum
3051 2877 3104 2922 et
3140 2869 3391 2924 veritatis
3420 2869 3647 2939 dogma,

2055 2964 2109 3011 et
2146 2955 2585 3012 misericordiam
2633 2954 2873 3020 Domini,
2930 2965 3142 3016 natura:
3193 2967 3396 3013 nostra:
3452 2959 3642 3012 condi-

2055 3050 2258 3102 tionem
2290 3048 2448 3102 venia
2477 3063 2612 3102 sane
2635 3048 2876 3117 dignam,
2902 3057 2956 3104 et
2989 3050 3297 3103 animorum
3329 3050 3649 3104 inconstan~

371 3141 738 3195 πολύὸλυστον
776 3140 877 3210 τῆς
907 3139 1016 3192 τῶν
1044 3135 1255 3190 πολλῶν
1281 3134 1587 3207 ἀνθρώπων
1622 3135 1948 3204 αἰσθήσεως,

2057 3142 2210 3203 tiam,
2245 3149 2300 3194 et
2336 3139 2768 3195 imbecillitatem
2795 3140 3001 3205 carnis,
3035 3147 3088 3195 et
3120 3155 3384 3195 sensuum
3423 3142 3479 3196 in
3526 3145 3642 3212 ple-

370 3234 515 3286 Διότι
537 3232 711 3296 οὐδεὶς
738 3231 1136 3302 ἀναμάρτητος.
1171 3229 1270 3284 καὶ
1299 3226 1558 3296 καθαρὸς
1589 3227 1708 3282 ἀπὸ
1725 3229 1950 3296 ῥύπου,

372 3325 498 3379 οὐδ’
537 3325 615 3378 ἂν
651 3325 762 3394 μία
811 3323 1002 3394 ἡμέρα
1037 3328 1070 3378 ὁ
1104 3325 1247 3390 βίος
1285 3322 1472 3376 αὑτοῦ
1521 3321 1618 3374 ἐπὶ
1665 3320 1774 3388 τῆς
1815 3326 1950 3391 γῆς.

374 3418 485 3471 Καὶ
512 3419 543 3486 ἠ
569 3416 667 3488 μὲν
688 3416 868 3470 τελεία
899 3417 1158 3486 μετάνοια
1177 3417 1236 3469 ὲν
1261 3415 1339 3486 τῷ
1354 3413 1568 3486 λουτρῷ
1589 3415 1882 3485 τυγχάνει·
1907 3415 1956 3468 εἰ

371 3507 427 3561 δέ
450 3525 533 3572 τις
566 3508 1012 3578 παρέπεσεν,ούκ
1035 3507 1257 3561 ὰπόλλει
1279 3505 1470 3560 τοῦτον
1497 3507 1530 3576 ὴ
1549 3506 1684 3574 ἁγία
1704 3505 1798 3559 τοῦ
1818 3505 1956 3560 Θεοῦ

445 3641 462 3670 ¹
493 3638 600 3694 Job
624 3655 735 3704 xrv,
769 3631 1190 3706 4,juxt.LXX.

446 3775 526 3847 (6)
558 3769 747 3840 Οὗτος
784 3776 817 3847 d
862 3770 1528 3847 Ναόᾷζοςεγ-ΒοΑ-Νογιιιί
1569 3779 1623 3826 et
1670 3771 1959 3847 Novatiani

376 3841 695 3900 discrimine
725 3845 915 3914 agitur!
950 3844 1106 3898 initio
1137 3841 1397 3914 Diatribae
1443 3842 1517 3897 De
1549 3844 1853 3911 poenitentia
1903 3845 1958 3897 in

380 3917 620 3970 Ecclesia
658 3911 817 3968 retere
850 3912 1008 3984 (Vide
1035 3923 1166 3967 tom.
1220 3911 1329 3983 ΙΙΙ).
1367 3912 1487 3978 Quo
1521 3924 1771 3984 tempore
1801 3929 1956 3975 vero,

377 3986 631 4054 quisquis
669 3987 760 4040 ille
782 3983 888 4048 est,
930 3985 1156 4038 haeresis
1187 3994 1380 4036 auctor
1405 3983 1700 4054 exstiterit,
1742 3983 1960 4037 dubitat

380 4053 741 4127 Epiphanius,
760 4063 814 4127 et
829 4053 1960 4127 lnrsitationemhallucinationegumulat;

381 4122 500 4180 non'
533 4125 825 4194 ejusmodi,
864 4139 1034 4196 quam
1081 4122 1305 4196 ei_falso
1347 4122 1590 4196 Scaliger
1632 4124 1839 4196 allinxit
1893 4123 1960 4176 ad

381 4191 600 4251 Eusebii
651 4191 1062 4248 annum'2262.
1117 4191 1463 4260 Epiphanius,
1509 4191 1710 4262 inquit.
1771 4209 1962 4260 parum

381 4278 532 4322 caute
555 4268 689 4319 hanc
717 4265 1123 4332 persecutionem
1149 4263 1450 4327 (Maximini
1469 4263 1701 4322 scilicet)
1722 4263 1962 4332 διωγμὸν

381 4337 595 4409 πρῶτον
633 4337 860 4409 uocauit,
891 4334 1089 4409 haeresi-
1121 4333 1210 4409 59,
1247 4334 1353 4409 ligo
1387 4341 1465 4409 est
1505 4332 1961 4409 _Nova_tia_norum.

383 4401 486 4462 sed
529 4408 710 4461 multis
745 4404 1005 4475 ejusmodi
1041 4405 1202 4457 nazvis
1250 4401 1607 4475 Epiphaniam
1653 4405 1963 4472 insignitum

381 4495 492 4533 esse
522 4479 718 4539 sciunt,
767 4473 1004 4547 quierim
1057 4477 1314 4547 legerunt.
1368 4473 1476 4526 Nos
1537 4489 1965 4547 non_negan_ius_

385 4552 568 4618 plures
613 4547 757 4618 apud
783 4542 1165 4615 'Epiphanium
1206 4558 1391 4618 naavos
1450 4560 1620 4618 esse._
1658 4542 1962 4618 Sedlillud

385 4614 560 4692 primo
610 4614 929 4692 constanter
959 4625 1124 4692 atque
1153 4616 1416 4669 audacter
1450 4615 1772 4692 asserimus,
1812 4614 1963 4692 illum

386 4684 560 4758 ipsum
615 4688 900 4759 Epiphanii
945 4687 1330 4759 castigatorem
1378 4701 1487 4738 non
1535 4685 1703 4759 naivis
1735 4684 1968 4759 insigni-

385 4756 498 4814 ru...
532 4756 673 4815 esse“
700 4756 928 4828 aliquot,
961 4757 1054 4812 sed
1085 4756 1364 4828 ulceribus
1392 4765 1444 4809 et
1473 4756 1992 4817 carcinomatibus,_

385 4832 588 4902 quibus
613 4845 724 4902 non
757 4827 1038 4902 curandis,
1073 4842 1251 4895 neque
1279 4827 1424 4880 enim
1464 4828 1658 4897 ἰάσιμα
1691 4828 1963 4902 sunt,_se_d

385 4893 733 4970 amput‘audis
778 4899 1100 4969 jamdudum
1154 4893 1440 4970 navamus_
1469 4893 1710 4970 operam.
1763 4895 1968 4970 Deinde

387 4967 593 5024 naevum
644 4967 828 5031 istum,
888 4983 1050 5038 quem
1093 4978 1265 5030 notat,
1312 4968 1365 5020 in
1402 4967 1705 5038 Epiphanio
1757 4967 1965 5038 nullum

390 5057 528 5104 esse,
565 5039 660 5095 sed
686 5040 740 5094 in
766 5036 1059 5107 ipsummet
1086 5039 1396 5092 redundare
1427 5036 1793 5108 Scaliger-um.
1815 5036 1968 5108 Quos

388 5112 530 5162 enim
563 5111 752 5164 oculos
786 5110 980 5164 habuit
1031 5109 1141 5172 ille,
1185 5109 1278 5176 qui
1324 5109 1565 5162 scribere
1591 5107 1804 5176 potuit,
1840 5107 1970 5176 Epi-

368 5179 650 5247 .p|ianium
698 5179 976 5233 Maximini
1027 5179 1464 5248 persecutionem
1496 5179 1727 5247 primam
1782 5179 1970 5246 appel-

389 5241 538 5330 lare?
567 5248 920 5330 Nam_GI::rce
950 5241 1044 5330 ita'
1071 5250 1265 5330 legiluf
1294 5266 1306 5301 :
1345 5241 1514 5330 Οῦτρς
1536 5251 1563 5301 ὁ
1594 5241 1969 5330 Norbano-grcia;

2056 3234 2243 3302 risque
2305 3231 2628 3287 hominibus
2677 3233 2974 3287 distractos
3029 3247 3093 3284 ac
3145 3233 3445 3303 dissipatas
3497 3235 3650 3288 vires

2055 3330 2375 3394 perspectas
2449 3321 2770 3376 habeamus.
2843 3320 3116 3387 Quoniam
3197 3336 3358 3375 nemo
3434 3323 3644 3402 peccati

2056 3430 2256 3486 expers
2284 3425 2392 3476 est,
2423 3429 2586 3483 neque
2629 3412 2858 3466 mundus
2885 3430 2918 3466 a
2941 3411 3210 3477 sordibus,
3245 3429 3308 3466 ne
3337 3414 3381 3467 is
3410 3416 3642 3485 quidem,

2057 3507 2212 3577 cujus
2257 3516 2337 3562 est
2361 3507 2521 3562 unius
2563 3505 2668 3560 diei
2703 3510 2811 3559 vita
2844 3521 3002 3577 super
3043 3514 3237 3558 terram
3269 3504 3307 3557 ¹.
3357 3505 3648 3561 Enimvero

2059 3781 2188 3828 ante
2239 3768 2522 3825 Maximini
2575 3767 3016 3838 persecutionem
3056 3765 3486 3838 Novatianornm
3540 3766 3646 3819 Ine-

2059 3845 2224 3899 l‘esim
2260 3858 2288 3895 a
2319 3839 2529 3894 Novato
2561 3837 2851 3892 conﬂatam
2879 3852 3004 3891 esse
3039 3838 3332 3905 signilicat.
3380 3837 3516 3889 Nam
3545 3838 3648 3890 ali-

2060 3923 2192 3984 quot
2228 3912 2387 3984 annis
2437 3918 2562 3979 pOst
2605 3906 3158 3984 Maxiuujniﬁbiﬂnp
3201 3909 3445 3984 emersit.
3482 3906 3648 3960 Euse-

2059 3975 2183 4040 bius
2212 3982 2278 4034 ad
2305 3975 2510 4033 annum
2538 3978 2773 4047 primum
2787 3975 2936 4047 Gal|i_
2956 3987 3010 4030 et
3039 3975 3320 4030 Volusiani
3345 3997 3356 4031 :
3383 3975 3649 4047 Novatus,

2065 4053 2266 4122 inquit.
2301 4045 2572 4119 presbyter
2606 4046 2863 4122 Cypriani
2899 4045 3124 4122 Romam
3153 4048 3358 4122 veniens
3391 4045 3648 4122 Novatia:

2067 4116 2192 4177 nnin
2252 4116 2309 4174 et
2349 4116 2566 4173 catteros
2640 4116 2962 4180 confessores
3014 4117 3116 4170 sibi
3168 4119 3355 4176 sociat.
3404 4134 3462 4170 eo
3511 4116 3671 4186 qucd'

2064 4193 2339 4248 Cornelius
2366 4188 2666 4256 paenitentes
2696 4195 2976 4256 apostatasﬁ
3011 4187 3306 4253 recepisset.
3341 4186 3483 4240 Idem
3518 4203 3650 4240 vero

2062 4265 2272 4318 Histor.
2315 4255 2410 4315 lib.
2442 4275 2518 4320 vr,
2551 4273 2674 4327 cap.
2707 4258 2798 4319 45,
2848 4271 2914 4309 ex
2962 4255 3224 4328 Dionysio
3266 4256 3642 4311 Alexandrino

2064 4337 2236 4388 rel'ert
2260 4329 2548 4386 Novatiani
2577 4329 2817 4383 schisma
2849 4336 3073 4395 propter
3103 4343 3199 4396 eos
3232 4335 3478 4380 coortum
3503 4344 3648 4393 esse,

2069 4405 2164 4474 qui
2210 4404 2270 4474 in
2317 4401 2464 4474 Decii
2516 4397 2900 4474 persecutione
2923 4398 3217 4474 ληρεῖ-ιιι]
3272 4398 3648 4468 paenitentiam

2068 4466 2276 4544 recepti
2330 4466 2566 4544 fuerant.
2623 4470 2694 4523 At
2743 4476 2868 4544 post
2918 4466 3288 4544 Maximinum
3331 4483 3650 4544 successere

2070 4537 2379 4598 Gordianus
2413 4542 2572 4594 annis
2606 4556 2639 4590 ν
2668 4579 2683 4604 ,
2736 4537 3015 4607 Philippus
3055 4541 3215 4594 annis
3250 4554 3344 4592 vn.
3381 4538 3530 4603 Quos
3557 4553 3648 4591 ex-

2070 4616 2214 4684 cepit
2254 4613 2495 4684 _Decius,
2528 4611 2635 4684 _qu_i
2686 4624 2797 4684 uno
2847 4610 3088 4684 alterove
3144 4610 3648 4684 im_pe_ra_vit__anno.

2070 4678 2209 4738 Tum
2240 4682 2432 4738 Gallus
2455 4690 2510 4735 et
2528 4678 2885 4735 Volusianus.
2919 4681 3162 4734 Alterum
3201 4678 3491 4750 Epiphanii
3519 4695 3650 4750 μνη·

2073 4755 2292 4827 μοναὸν
2320 4751 2565 4827 σφάλμα,
2576 4750 2743 4827 ΔιιιιοιΙ
2788 4751 3196 4827 proximeante
3224 4749 3499 4827 Maximini
3529 4749 3650 4817 per-

2070 4820 2407 4880 secutionem
2441 4821 2589 4877 Decii
2623 4820 2741 4874 aut
2785 4820 3063 4890 Aureliani
3112 4820 3348 4890 διωγμύν
3382 4820 3651 4890 collocat»

2070 4898 2198 4950 dum
2229 4909 2351 4949 esse
2380 4908 2489 4946 non
2525 4893 2642 4947 sine
2693 4889 3034 4944 dubitatione
3081 4887 3262 4958 putat;
3305 4888 3440 4958 Nam
3477 4887 3648 4941 Maxi-

2070 4968 2203 5021 mini
2235 4963 2668 5034 persecutionem
2701 4969 2887 5034 sccuta
2912 4969 3015 5018 est.
3033 4957 3095 5014 ut
3108 4961 3360 5034 vidimus,
3381 4957 3652 5034 Deciana;

2071 5029 2400 5090 Aurelianus
2447 5048 2578 5087 vero
2609 5047 2679 5086 xx
2716 5033 2939 5084 circiter
2982 5046 3127 5082 anno
3155 5039 3277 5098 post
3323 5029 3471 5081 Decii
3507 5043 3645 5081 mor-

2071 5115 2180 5161 tem
2212 5107 2482 5175 imperare
2511 5103 2699 5172 caapit.
2737 5101 2813 5175 lix
2854 5116 2964 5175 quo
3005 5101 3056 5175 in
3087 5101 3314 5175 alterius
3347 5098 3648 5175 liallucina»

2070 5178 2238 5231 tionis
2265 5166 2636 5243 suspicionum
2685 5166 2977 5224 adducitur
3011 5170 3458 5243 Epiphanius,_u_t
3478 5166 3648 5243 Mari-

2071 5249 2252 5302 niinos
2283 5239 2495 5305 ambos,
2516 5259 2710 5310 nempe
2744 5244 3083 5310 superiorem
3109 5241 3281 5302 illum,
3302 5239 3393 5307 qui
3427 5241 3646 5291 Alexan-

397 5320 682 5403 Ῥωμαίων
708 5321 950 5403 ὑπῆρχεν
994 5322 1050 5372 ὲν
1096 5310 1273 5403 {atth
1327 5319 1418 5372 τοῦ
1448 5317 1704 5403 διωγμοῦἹ
1735 5317 1829 5370 τοῦ
1865 5310 1956 5398 ττρέ

2071 5318 2230 5371 drum
2295 5316 2575 5403 Mantine‘m
2629 5313 2812 5403 Ililium
2870 5310 3108 5403 occidit,
3161 5317 3227 5391 .et
3253 5311 3650 5389 “recentiorem

390 5387 694 5460 Μαξιμίνου
735 5387 1026 5460 γενομένου
1061 5387 1487 5460 ᾲπρὼτουμριιξιξ
1538 5387 1611 5442 ita
1665 5387 1966 5442 Cornarids

392 5457 594 5513 vertit:
636 5457 1017 5513 Hic'Novatus
1050 5457 1228 5513 Romae
1261 5458 1384 5525 fuit,
1438 5468 1666 5527 tempore
1712 5474 1970 5526 persecu—

393 5531 566 5593 tionis,
613 5546 730 5610 qna:
781 5539 902 5583 ante
933 5529 1308 5610 Δζιιαιιείηιίηιιηι
1359 5531 1533 5597 prima
1583 5530 1707 5610 fuit.
1766 5528 1871 5610 Qui
1915 5538 1970 5582 et

394 5612 576 5654 nostra
627 5598 1006 5669 interpretatio
1057 5610 1426 5654 consentanea
1477 5598 1590 5653 est.
1639 5598 1971 5669 Nonigitur

395 5670 668 5724 Maximini
696 5671 1132 5739 persecutionem
1159 5669 1386 5740 primam
1413 5671 1667 5739 appellat,
1699 5668 1794 5725 sed
1820 5684 1965 5731 eam,

395 5742 550 5808 cujus
595 5737 1095 5811 tem—porevexortus
1139 5737 1226 5811 est
1258 5737 1499 5811 Novatus
1533 5741 1680 5811 illam
1717 5749 1969 5793 anteces-

393 5825 532 5870 sisse
558 5810 722 5867 dicit;
747 5812 800 5866 In
839 5826 948 5874 quo
982 5819 1172 5869 peccat
1203 5810 1512 5871 dupliciter.
1545 5810 1787 5868 Primum
1818 5811 1965 5878 quod

2071 5390 2325 5447 alterum,
2356 5384 2448 5454 qui
2492 5381 2811 5436 Diocletiani
2854 5391 2922 5454 et_
2956 5379 3266 5454 Maximiani
3309 5379 3645 5454 persecutus

2071 5474 2197 5510 lli'lll
2272 5449 2630 5525 propagavit,
2703 5454 2806 5507 sub
2885 5449 3226 5525 (Eoustantini
3308 5450 3651 5525 imperatoris

2071 5517 2408 5598 primor-dia',
2451 5517 2610 5598 inter
2670 5538 2730 5598 se
2791 5521 3120 5598 confuderit.
3163 5517 3314 5598 _Nam
3372 5518 3652 5598 Maximini

2110 5599 2414 5657 osterioris,
2461 5596 2578 5649 sive
2623 5592 2804 5662 potius
2858 5590 3178 5644 Diocletiani
3211 5590 3651 5661 persecutionem

2118 5668 2272 5722 crius
2304 5675 2359 5720 et
2390 5661 2720 5718 Aurelianus
2761 5661 3117 5715 antecedunt.

2144 5738 2219 5801 l7)
2260 5739 2363 5791 Διὰ
2403 5733 2661 5803 λουτροῦ
2714 5730 3178 5802 παλιγγενεσίας
3229 5730 3470 5798 ταύτης.
3522 5728 3656 5784 Cor.

2070 5825 2294 5877 ταύτην.
2802 5836 2813 5846 -
