  <div class='ocr_page' id='page_1' title='image "/cluster/home/n/w/nwhite01/storage/ocr_20150623/41/nnc1.0046978747/573.png"; bbox 0 0 4176 6386; ppageno 0'>
   <div class='ocr_carea' id='block_1_1' title="bbox 491 283 633 340">
    <p class='ocr_par' dir='ltr' id='par_1_1' title="bbox 491 283 633 340">
     <span class='ocr_line' id='line_1_1' title="bbox 491 283 633 340; baseline 0.014 -2"><span class='ocrx_word' id='word_1_1' title='bbox 491 283 633 340; x_wconf 76' lang='grc'><strong>1019</strong></span> 
     </span>
    </p>
   </div>
   <div class='ocr_carea' id='block_1_2' title="bbox 1905 298 2354 358">
    <p class='ocr_par' dir='ltr' id='par_1_2' title="bbox 1905 298 2354 358">
     <span class='ocr_line' id='line_1_2' title="bbox 1905 298 2354 358; baseline 0.002 -2"><span class='ocrx_word' id='word_1_2' title='bbox 1905 298 1967 358; x_wconf 84' lang='lat' dir='ltr'><strong>S.</strong></span> <span class='ocrx_word' id='word_1_3' title='bbox 2011 299 2354 358; x_wconf 72' lang='grc' dir='ltr'><strong>ΕΡΙΡΙΙΑΝΙΙ</strong></span> 
     </span>
    </p>
   </div>
   <div class='ocr_carea' id='block_1_3' title="bbox 3638 307 3828 362">
    <p class='ocr_par' dir='ltr' id='par_1_3' title="bbox 3638 307 3828 362">
     <span class='ocr_line' id='line_1_3' title="bbox 3638 307 3828 362; baseline 0.026 -5"><span class='ocrx_word' id='word_1_4' title='bbox 3638 307 3828 362; x_wconf 67' lang='grc' dir='ltr'>ιιοιεο</span> 
     </span>
    </p>
   </div>
   <div class='ocr_carea' id='block_1_4' title="bbox 493 395 2077 491">
    <p class='ocr_par' dir='ltr' id='par_1_4' title="bbox 493 395 2077 491">
     <span class='ocr_line' id='line_1_4' title="bbox 493 395 2077 491; baseline 0.013 -42"><span class='ocrx_word' id='word_1_5' title='bbox 493 395 817 491; x_wconf 76' lang='lat' dir='ltr'><strong>perfeetaiu</strong></span> <span class='ocrx_word' id='word_1_6' title='bbox 847 401 1122 472; x_wconf 87' lang='lat' dir='ltr'><strong>baptismo</strong></span> <span class='ocrx_word' id='word_1_7' title='bbox 1146 405 1368 477; x_wconf 83' lang='lat' dir='ltr'><strong>quidem</strong></span> <span class='ocrx_word' id='word_1_8' title='bbox 1411 409 1732 479; x_wconf 66' lang='lat' dir='ltr'><strong>poenitentia</strong></span> <span class='ocrx_word' id='word_1_9' title='bbox 1761 419 1868 469; x_wconf 90' lang='lat' dir='ltr'><strong>est.</strong></span> <span class='ocrx_word' id='word_1_10' title='bbox 1899 412 2008 470; x_wconf 85' lang='lat' dir='ltr'><strong>Sed</strong></span> <span class='ocrx_word' id='word_1_11' title='bbox 2033 414 2077 471; x_wconf 86' lang='lat' dir='ltr'><strong>si</strong></span> 
     </span>
    </p>
   </div>
   <div class='ocr_carea' id='block_1_5' title="bbox 2178 395 3830 491">
    <p class='ocr_par' dir='ltr' id='par_1_5' title="bbox 2199 414 3830 491">
     <span class='ocr_line' id='line_1_5' title="bbox 2199 414 3830 491; baseline -0.001 -20"><span class='ocrx_word' id='word_1_12' title='bbox 2199 417 2518 487; x_wconf 85' lang='grc' dir='ltr'>Ἐκκλησία.</span> <span class='ocrx_word' id='word_1_13' title='bbox 2546 416 2742 471; x_wconf 86' lang='grc' dir='ltr'>Δίδωσι</span> <span class='ocrx_word' id='word_1_14' title='bbox 2763 416 2873 490; x_wconf 74' lang='grc' dir='ltr'><strong>γὰρ</strong></span> <span class='ocrx_word' id='word_1_15' title='bbox 2897 416 3178 488; x_wconf 69' lang='grc' dir='ltr'>ἐπάνοδον,</span> <span class='ocrx_word' id='word_1_16' title='bbox 3189 415 3283 470; x_wconf 77' lang='grc' dir='ltr'>καὶ</span> <span class='ocrx_word' id='word_1_17' title='bbox 3315 414 3452 487; x_wconf 83' lang='grc' dir='ltr'>μετὰ</span> <span class='ocrx_word' id='word_1_18' title='bbox 3471 415 3574 487; x_wconf 69' lang='grc' dir='ltr'><strong>τὴν</strong></span> <span class='ocrx_word' id='word_1_19' title='bbox 3607 417 3830 491; x_wconf 76' lang='grc' dir='ltr'>μετά.-</span> 
     </span>
    </p>
   </div>
   <div class='ocr_carea' id='block_1_6' title="bbox 494 487 2084 575">
    <p class='ocr_par' dir='ltr' id='par_1_6' title="bbox 494 487 2084 575">
     <span class='ocr_line' id='line_1_6' title="bbox 494 487 2084 575; baseline 0.014 -37"><span class='ocrx_word' id='word_1_20' title='bbox 494 487 622 554; x_wconf 80' lang='lat' dir='ltr'><strong>quis</strong></span> <span class='ocrx_word' id='word_1_21' title='bbox 645 489 933 555; x_wconf 80' lang='lat' dir='ltr'><strong>exciderit,</strong></span> <span class='ocrx_word' id='word_1_22' title='bbox 969 509 1079 548; x_wconf 91' lang='lat' dir='ltr'><strong>non</strong></span> <span class='ocrx_word' id='word_1_23' title='bbox 1114 495 1267 550; x_wconf 90' lang='lat' dir='ltr'><strong>illum</strong></span> <span class='ocrx_word' id='word_1_24' title='bbox 1319 508 1512 554; x_wconf 80' lang='lat' dir='ltr'><strong>sancta</strong></span> <span class='ocrx_word' id='word_1_25' title='bbox 1557 500 1648 556; x_wconf 86' lang='lat' dir='ltr'><strong>Dei</strong></span> <span class='ocrx_word' id='word_1_26' title='bbox 1683 501 1930 559; x_wconf 76' lang='lat' dir='ltr'><strong>Ecclesia</strong></span> <span class='ocrx_word' id='word_1_27' title='bbox 1962 521 2084 575; x_wconf 91' lang='lat' dir='ltr'><strong>per-</strong></span> 
     </span>
    </p>
   </div>
   <div class='ocr_carea' id='block_1_7' title="bbox 489 577 2082 665">
    <p class='ocr_par' dir='ltr' id='par_1_7' title="bbox 489 577 2082 665">
     <span class='ocr_line' id='line_1_7' title="bbox 489 577 2082 665; baseline 0.014 -36"><span class='ocrx_word' id='word_1_28' title='bbox 489 577 667 632; x_wconf 83' lang='lat' dir='ltr'><strong>ditum</strong></span> <span class='ocrx_word' id='word_1_29' title='bbox 701 581 848 643; x_wconf 87' lang='lat' dir='ltr'><strong>velit,</strong></span> <span class='ocrx_word' id='word_1_30' title='bbox 906 583 1016 639; x_wconf 87' lang='lat' dir='ltr'><strong>imo</strong></span> <span class='ocrx_word' id='word_1_31' title='bbox 1038 594 1094 640; x_wconf 91' lang='lat' dir='ltr'><strong>et</strong></span> <span class='ocrx_word' id='word_1_32' title='bbox 1119 597 1418 659; x_wconf 86' lang='lat' dir='ltr'><strong>receptum,</strong></span> <span class='ocrx_word' id='word_1_33' title='bbox 1461 600 1516 647; x_wconf 89' lang='lat' dir='ltr'><strong>et</strong></span> <span class='ocrx_word' id='word_1_34' title='bbox 1550 600 1674 663; x_wconf 83' lang='lat' dir='ltr'><strong>post</strong></span> <span class='ocrx_word' id='word_1_35' title='bbox 1699 596 2082 665; x_wconf 66' lang='lat' dir='ltr'><strong>penitentiam</strong></span> 
     </span>
    </p>
   </div>
   <div class='ocr_carea' id='block_1_8' title="bbox 492 673 2082 754">
    <p class='ocr_par' dir='ltr' id='par_1_8' title="bbox 492 673 2082 754">
     <span class='ocr_line' id='line_1_8' title="bbox 492 673 2082 754; baseline 0.014 -32"><span class='ocrx_word' id='word_1_36' title='bbox 492 673 746 727; x_wconf 85' lang='lat' dir='ltr'><strong>mutandi</strong></span> <span class='ocrx_word' id='word_1_37' title='bbox 777 675 994 730; x_wconf 89' lang='lat' dir='ltr'><strong>consilii</strong></span> <span class='ocrx_word' id='word_1_38' title='bbox 1026 677 1342 736; x_wconf 90' lang='lat' dir='ltr'><strong>facultatem</strong></span> <span class='ocrx_word' id='word_1_39' title='bbox 1379 683 1644 754; x_wconf 79' lang='lat' dir='ltr'><strong>indulget.</strong></span> <span class='ocrx_word' id='word_1_40' title='bbox 1662 684 1797 740; x_wconf 82' lang='lat' dir='ltr'><strong>Nam</strong></span> <span class='ocrx_word' id='word_1_41' title='bbox 1831 695 1887 742; x_wconf 91' lang='lat' dir='ltr'><strong>et</strong></span> <span class='ocrx_word' id='word_1_42' title='bbox 1910 687 2082 745; x_wconf 89' lang='lat' dir='ltr'><strong>Cain</strong></span> 
     </span>
    </p>
   </div>
   <div class='ocr_carea' id='block_1_9' title="bbox 492 762 2084 852">
    <p class='ocr_par' dir='ltr' id='par_1_9' title="bbox 492 762 2084 852">
     <span class='ocr_line' id='line_1_9' title="bbox 492 762 2084 852; baseline 0.011 -34"><span class='ocrx_word' id='word_1_43' title='bbox 492 762 640 819; x_wconf 81' lang='lat' dir='ltr'><strong>Deus</strong></span> <span class='ocrx_word' id='word_1_44' title='bbox 673 766 814 821; x_wconf 78' lang='lat' dir='ltr'><strong>dixit</strong></span> <span class='ocrx_word' id='word_1_45' title='bbox 841 783 854 819; x_wconf 90' lang='lat'><strong>:</strong></span> <span class='ocrx_word' id='word_1_46' title='bbox 887 768 1153 836; x_wconf 81' lang='lat' dir='ltr'><strong>Peccasti,</strong></span> <span class='ocrx_word' id='word_1_47' title='bbox 1208 775 1417 842; x_wconf 79' lang='lat' dir='ltr'><strong>quiesce</strong></span> <span class='ocrx_word' id='word_1_48' title='bbox 1447 775 1483 830; x_wconf 77' lang='lat'><strong>‘.</strong></span> <span class='ocrx_word' id='word_1_49' title='bbox 1517 775 1684 849; x_wconf 63' lang='grc'><strong>494</strong></span> <span class='ocrx_word' id='word_1_50' title='bbox 1713 778 1843 833; x_wconf 87' lang='lat' dir='ltr'><strong>Item</strong></span> <span class='ocrx_word' id='word_1_51' title='bbox 1872 779 2084 852; x_wconf 81' lang='lat' dir='ltr'><strong>paraly-</strong></span> 
     </span>
    </p>
   </div>
   <div class='ocr_carea' id='block_1_10' title="bbox 491 855 2082 936">
    <p class='ocr_par' dir='ltr' id='par_1_10' title="bbox 491 855 2082 936">
     <span class='ocr_line' id='line_1_10' title="bbox 491 855 2082 936; baseline 0.013 -28"><span class='ocrx_word' id='word_1_52' title='bbox 491 855 601 910; x_wconf 91' lang='lat' dir='ltr'><strong>tico</strong></span> <span class='ocrx_word' id='word_1_53' title='bbox 633 875 648 910; x_wconf 90' lang='lat'><strong>:</strong></span> <span class='ocrx_word' id='word_1_54' title='bbox 704 856 840 914; x_wconf 80' lang='lat' dir='ltr'><strong>Ecce</strong></span> <span class='ocrx_word' id='word_1_55' title='bbox 869 879 1032 916; x_wconf 84' lang='lat' dir='ltr'><strong>sanus</strong></span> <span class='ocrx_word' id='word_1_56' title='bbox 1073 881 1149 927; x_wconf 90' lang='lat' dir='ltr'><strong>es,</strong></span> <span class='ocrx_word' id='word_1_57' title='bbox 1177 866 1288 920; x_wconf 82' lang='lat' dir='ltr'><strong>noli</strong></span> <span class='ocrx_word' id='word_1_58' title='bbox 1317 867 1544 936; x_wconf 87' lang='lat' dir='ltr'><strong>amplius</strong></span> <span class='ocrx_word' id='word_1_59' title='bbox 1572 871 1947 936; x_wconf 75' lang='lat' dir='ltr'><strong>peccare&#39;.Ad</strong></span> <span class='ocrx_word' id='word_1_60' title='bbox 1969 872 2082 928; x_wconf 73' lang='lat' dir='ltr'><strong>haec</strong></span> 
     </span>
    </p>
   </div>
   <div class='ocr_carea' id='block_1_11' title="bbox 493 946 2081 1025">
    <p class='ocr_par' dir='ltr' id='par_1_11' title="bbox 493 946 2081 1025">
     <span class='ocr_line' id='line_1_11' title="bbox 493 946 2081 1025; baseline 0.013 -26"><span class='ocrx_word' id='word_1_61' title='bbox 493 946 719 1004; x_wconf 83' lang='lat' dir='ltr'><strong>Petrqu</strong></span> <span class='ocrx_word' id='word_1_62' title='bbox 759 961 882 1022; x_wconf 89' lang='lat' dir='ltr'><strong>post</strong></span> <span class='ocrx_word' id='word_1_63' title='bbox 912 956 1263 1024; x_wconf 76' lang='lat' dir='ltr'><strong>negationem</strong></span> <span class='ocrx_word' id='word_1_64' title='bbox 1322 968 1544 1014; x_wconf 81' lang='lat' dir='ltr'><strong>revocat</strong></span> <span class='ocrx_word' id='word_1_65' title='bbox 1597 959 1880 1025; x_wconf 85' lang='lat' dir='ltr'><strong>Dominus,</strong></span> <span class='ocrx_word' id='word_1_66' title='bbox 1922 970 1976 1018; x_wconf 91' lang='lat' dir='ltr'><strong>et</strong></span> <span class='ocrx_word' id='word_1_67' title='bbox 2015 963 2081 1019; x_wconf 90' lang='lat' dir='ltr'><strong>ad</strong></span> 
     </span>
    </p>
   </div>
   <div class='ocr_carea' id='block_1_12' title="bbox 494 1039 2084 1121">
    <p class='ocr_par' dir='ltr' id='par_1_12' title="bbox 494 1039 2084 1121">
     <span class='ocr_line' id='line_1_12' title="bbox 494 1039 2084 1121; baseline 0.011 -31"><span class='ocrx_word' id='word_1_68' title='bbox 494 1039 770 1108; x_wconf 79' lang='lat' dir='ltr'><strong>triplicem</strong></span> <span class='ocrx_word' id='word_1_69' title='bbox 847 1042 996 1097; x_wconf 88' lang='lat' dir='ltr'><strong>illam</strong></span> <span class='ocrx_word' id='word_1_70' title='bbox 1061 1046 1405 1116; x_wconf 80' lang='lat' dir='ltr'><strong>negationem</strong></span> <span class='ocrx_word' id='word_1_71' title='bbox 1466 1052 1934 1121; x_wconf 82' lang='lat' dir='ltr'><strong>compensandam</strong></span> <span class='ocrx_word' id='word_1_72' title='bbox 2000 1061 2084 1110; x_wconf 89' lang='lat' dir='ltr'><strong>ter</strong></span> 
     </span>
    </p>
   </div>
   <div class='ocr_carea' id='block_1_13' title="bbox 493 1129 2080 1216">
    <p class='ocr_par' dir='ltr' id='par_1_13' title="bbox 493 1129 2080 1216">
     <span class='ocr_line' id='line_1_13' title="bbox 493 1129 2080 1216; baseline 0.011 -34"><span class='ocrx_word' id='word_1_73' title='bbox 493 1129 676 1199; x_wconf 80' lang='lat' dir='ltr'><strong>ipsum</strong></span> <span class='ocrx_word' id='word_1_74' title='bbox 731 1133 798 1187; x_wconf 89' lang='lat' dir='ltr'><strong>ad</strong></span> <span class='ocrx_word' id='word_1_75' title='bbox 862 1135 1268 1193; x_wconf 80' lang='lat' dir='ltr'><strong>confessionem</strong></span> <span class='ocrx_word' id='word_1_76' title='bbox 1329 1139 1590 1197; x_wconf 73' lang='lat' dir='ltr'><strong>induxit:</strong></span> <span class='ocrx_word' id='word_1_77' title='bbox 1624 1141 1812 1208; x_wconf 83' lang='lat' dir='ltr'><strong>Petre,</strong></span> <span class='ocrx_word' id='word_1_78' title='bbox 1866 1144 2080 1216; x_wconf 89' lang='lat' dir='ltr'><strong>inquit,</strong></span> 
     </span>
    </p>
   </div>
   <div class='ocr_carea' id='block_1_14' title="bbox 489 1223 1627 1293">
    <p class='ocr_par' dir='ltr' id='par_1_14' title="bbox 489 1223 1627 1293">
     <span class='ocr_line' id='line_1_14' title="bbox 489 1223 1627 1293; baseline 0.011 -19"><span class='ocrx_word' id='word_1_79' title='bbox 489 1236 643 1276; x_wconf 87' lang='lat' dir='ltr'><strong>amas</strong></span> <span class='ocrx_word' id='word_1_80' title='bbox 674 1239 753 1276; x_wconf 89' lang='lat' dir='ltr'><strong>me</strong></span> <span class='ocrx_word' id='word_1_81' title='bbox 771 1227 796 1279; x_wconf 69' lang='grc'><em>1</em></span> <span class='ocrx_word' id='word_1_82' title='bbox 831 1223 1055 1293; x_wconf 84' lang='lat' dir='ltr'><strong>Deinde,</strong></span> <span class='ocrx_word' id='word_1_83' title='bbox 1090 1227 1261 1282; x_wconf 86' lang='lat' dir='ltr'><strong>Pasce</strong></span> <span class='ocrx_word' id='word_1_84' title='bbox 1285 1245 1400 1282; x_wconf 82' lang='lat' dir='ltr'><strong>ores</strong></span> <span class='ocrx_word' id='word_1_85' title='bbox 1426 1247 1568 1286; x_wconf 73' lang='lat' dir='ltr'><strong>nicas</strong></span> <span class='ocrx_word' id='word_1_86' title='bbox 1584 1233 1627 1286; x_wconf 87' lang='grc'>³.</span> 
     </span>
    </p>
   </div>
   <div class='ocr_carea' id='block_1_15' title="bbox 559 1314 2079 1390">
    <p class='ocr_par' dir='ltr' id='par_1_15' title="bbox 559 1314 2079 1390">
     <span class='ocr_line' id='line_1_15' title="bbox 559 1314 2079 1390; baseline 0.008 -22"><span class='ocrx_word' id='word_1_87' title='bbox 559 1314 626 1368; x_wconf 89' lang='lat' dir='ltr'><strong>ll.</strong></span> <span class='ocrx_word' id='word_1_88' title='bbox 669 1314 776 1371; x_wconf 87' lang='lat' dir='ltr'><strong>Sed</strong></span> <span class='ocrx_word' id='word_1_89' title='bbox 829 1318 955 1375; x_wconf 87' lang='lat' dir='ltr'><strong>illos</strong></span> <span class='ocrx_word' id='word_1_90' title='bbox 991 1321 1242 1390; x_wconf 75' lang='lat' dir='ltr'><strong>Apostoli</strong></span> <span class='ocrx_word' id='word_1_91' title='bbox 1283 1321 1494 1378; x_wconf 88' lang='lat' dir='ltr'><strong>dictum</strong></span> <span class='ocrx_word' id='word_1_92' title='bbox 1559 1324 1690 1381; x_wconf 89' lang='lat' dir='ltr'><strong>illud</strong></span> <span class='ocrx_word' id='word_1_93' title='bbox 1741 1326 1797 1382; x_wconf 91' lang='lat' dir='ltr'><strong>in</strong></span> <span class='ocrx_word' id='word_1_94' title='bbox 1835 1342 2079 1382; x_wconf 83' lang='lat' dir='ltr'><strong>errorem</strong></span> 
     </span>
    </p>
   </div>
   <div class='ocr_carea' id='block_1_16' title="bbox 492 1403 2082 1482">
    <p class='ocr_par' dir='ltr' id='par_1_16' title="bbox 492 1403 2082 1482">
     <span class='ocr_line' id='line_1_16' title="bbox 492 1403 2082 1482; baseline 0.007 -25"><span class='ocrx_word' id='word_1_95' title='bbox 492 1403 724 1473; x_wconf 84' lang='lat' dir='ltr'><strong>impellit</strong></span> <span class='ocrx_word' id='word_1_96' title='bbox 757 1425 770 1460; x_wconf 90' lang='lat'><strong>:</strong></span> <span class='ocrx_word' id='word_1_97' title='bbox 806 1406 1141 1477; x_wconf 88' lang='lat' dir='ltr'><strong>Impossibile</strong></span> <span class='ocrx_word' id='word_1_98' title='bbox 1171 1419 1249 1464; x_wconf 89' lang='lat' dir='ltr'><strong>est</strong></span> <span class='ocrx_word' id='word_1_99' title='bbox 1299 1427 1409 1473; x_wconf 89' lang='lat' dir='ltr'><strong>eos,</strong></span> <span class='ocrx_word' id='word_1_100' title='bbox 1464 1412 1555 1482; x_wconf 81' lang='lat' dir='ltr'><strong>qui</strong></span> <span class='ocrx_word' id='word_1_101' title='bbox 1600 1415 1759 1468; x_wconf 85' lang='lat' dir='ltr'><strong>semel</strong></span> <span class='ocrx_word' id='word_1_102' title='bbox 1789 1414 2082 1468; x_wconf 85' lang='lat' dir='ltr'><strong>illuminati</strong></span> 
     </span>
    </p>
   </div>
   <div class='ocr_carea' id='block_1_17' title="bbox 487 1501 2080 1572">
    <p class='ocr_par' dir='ltr' id='par_1_17' title="bbox 487 1501 2080 1572">
     <span class='ocr_line' id='line_1_17' title="bbox 487 1501 2080 1572; baseline 0.007 -23"><span class='ocrx_word' id='word_1_103' title='bbox 487 1507 634 1560; x_wconf 85' lang='lat' dir='ltr'><strong>sunt,</strong></span> <span class='ocrx_word' id='word_1_104' title='bbox 667 1509 718 1554; x_wconf 89' lang='lat' dir='ltr'><strong>et</strong></span> <span class='ocrx_word' id='word_1_105' title='bbox 743 1512 1090 1572; x_wconf 78' lang='lat' dir='ltr'><strong>gustarerunt</strong></span> <span class='ocrx_word' id='word_1_106' title='bbox 1131 1501 1327 1557; x_wconf 82' lang='lat' dir='ltr'><strong>bonum</strong></span> <span class='ocrx_word' id='word_1_107' title='bbox 1368 1502 1468 1557; x_wconf 83' lang='lat' dir='ltr'><strong>Dei</strong></span> <span class='ocrx_word' id='word_1_108' title='bbox 1497 1507 1708 1558; x_wconf 78' lang='lat' dir='ltr'><strong>uerbum</strong></span> <span class='ocrx_word' id='word_1_109' title='bbox 1751 1522 1814 1560; x_wconf 89' lang='lat' dir='ltr'><strong>ac</strong></span> <span class='ocrx_word' id='word_1_110' title='bbox 1863 1507 2080 1561; x_wconf 78' lang='lat' dir='ltr'><strong>virtutes</strong></span> 
     </span>
    </p>
   </div>
   <div class='ocr_carea' id='block_1_18' title="bbox 487 1587 2082 1662">
    <p class='ocr_par' dir='ltr' id='par_1_18' title="bbox 487 1587 2082 1662">
     <span class='ocr_line' id='line_1_18' title="bbox 487 1587 2082 1662; baseline 0.008 -22"><span class='ocrx_word' id='word_1_111' title='bbox 487 1587 660 1656; x_wconf 74' lang='lat' dir='ltr'><strong>futuri</strong></span> <span class='ocrx_word' id='word_1_112' title='bbox 685 1592 894 1657; x_wconf 77' lang='lat' dir='ltr'><strong>swculi,</strong></span> <span class='ocrx_word' id='word_1_113' title='bbox 925 1605 974 1648; x_wconf 88' lang='lat' dir='ltr'><strong>et</strong></span> <span class='ocrx_word' id='word_1_114' title='bbox 996 1594 1320 1659; x_wconf 80' lang='lat' dir='ltr'><strong>ceciderunt,</strong></span> <span class='ocrx_word' id='word_1_115' title='bbox 1363 1611 1577 1649; x_wconf 79' lang='lat' dir='ltr'><strong>rursum</strong></span> <span class='ocrx_word' id='word_1_116' title='bbox 1601 1613 1875 1662; x_wconf 80' lang='lat' dir='ltr'><strong>renouare,</strong></span> <span class='ocrx_word' id='word_1_117' title='bbox 1905 1599 2082 1653; x_wconf 88' lang='lat' dir='ltr'><strong>cruci-</strong></span> 
     </span>
    </p>
   </div>
   <div class='ocr_carea' id='block_1_19' title="bbox 486 1683 2077 1756">
    <p class='ocr_par' dir='ltr' id='par_1_19' title="bbox 486 1683 2077 1756">
     <span class='ocr_line' id='line_1_19' title="bbox 486 1683 2077 1756; baseline 0.008 -21"><span class='ocrx_word' id='word_1_118' title='bbox 486 1683 704 1754; x_wconf 77' lang='lat' dir='ltr'><strong>ﬁgentes</strong></span> <span class='ocrx_word' id='word_1_119' title='bbox 779 1687 1121 1756; x_wconf 71' lang='lat' dir='ltr'><strong>sibimetipsis</strong></span> <span class='ocrx_word' id='word_1_120' title='bbox 1174 1686 1378 1742; x_wconf 84' lang='lat' dir='ltr'><strong>Filium</strong></span> <span class='ocrx_word' id='word_1_121' title='bbox 1432 1687 1553 1753; x_wconf 85' lang='lat' dir='ltr'><strong>Dei,</strong></span> <span class='ocrx_word' id='word_1_122' title='bbox 1610 1702 1659 1744; x_wconf 87' lang='lat' dir='ltr'><strong>et</strong></span> <span class='ocrx_word' id='word_1_123' title='bbox 1721 1692 2077 1751; x_wconf 69' lang='lat' dir='ltr'><strong>traducentes.</strong></span> 
     </span>
    </p>
   </div>
   <div class='ocr_carea' id='block_1_20' title="bbox 2185 502 3824 579">
    <p class='ocr_par' dir='ltr' id='par_1_20' title="bbox 2185 502 3824 579">
     <span class='ocr_line' id='line_1_20' title="bbox 2185 502 3824 579; baseline -0.001 -19"><span class='ocrx_word' id='word_1_124' title='bbox 2185 524 2335 561; x_wconf 90' lang='grc' dir='ltr'>νοιαν</span> <span class='ocrx_word' id='word_1_125' title='bbox 2383 507 2484 578; x_wconf 77' lang='grc' dir='ltr'><strong>τὴν</strong></span> <span class='ocrx_word' id='word_1_126' title='bbox 2543 507 2908 579; x_wconf 73' lang='grc' dir='ltr'><strong>μεταμέλειαν</strong></span> <span class='ocrx_word' id='word_1_127' title='bbox 2942 506 3043 578; x_wconf 87' lang='grc'><strong>(8).</strong></span> <span class='ocrx_word' id='word_1_128' title='bbox 3083 505 3173 578; x_wconf 82' lang='grc' dir='ltr'><strong>Τῷ</strong></span> <span class='ocrx_word' id='word_1_129' title='bbox 3212 505 3321 578; x_wconf 79' lang='grc' dir='ltr'>γὰρ</span> <span class='ocrx_word' id='word_1_130' title='bbox 3367 506 3508 561; x_wconf 80' lang='grc' dir='ltr'>Κάῖν</span> <span class='ocrx_word' id='word_1_131' title='bbox 3549 502 3718 559; x_wconf 78' lang='grc' dir='ltr'>εἶπεν</span> <span class='ocrx_word' id='word_1_132' title='bbox 3771 507 3824 559; x_wconf 79' lang='grc' dir='ltr'><strong><em>ὁ</em></strong></span> 
     </span>
    </p>
   </div>
   <div class='ocr_carea' id='block_1_21' title="bbox 2183 599 3811 672">
    <p class='ocr_par' dir='ltr' id='par_1_21' title="bbox 2183 599 3811 672">
     <span class='ocr_line' id='line_1_21' title="bbox 2183 599 3811 672; baseline 0.01 -18"><span class='ocrx_word' id='word_1_133' title='bbox 2183 601 2318 666; x_wconf 87' lang='grc' dir='ltr'>Θεός</span> <span class='ocrx_word' id='word_1_134' title='bbox 2341 618 2353 631; x_wconf 90' lang='grc'><strong>·</strong></span> <span class='ocrx_word' id='word_1_135' title='bbox 2390 603 2710 672; x_wconf 86' lang='grc' dir='ltr'>Ἦμαρτες,</span> <span class='ocrx_word' id='word_1_136' title='bbox 2742 602 3072 671; x_wconf 77' lang='grc' dir='ltr'>ἠσύχασον</span> <span class='ocrx_word' id='word_1_137' title='bbox 3093 616 3106 631; x_wconf 90' lang='grc'><strong>·</strong></span> <span class='ocrx_word' id='word_1_138' title='bbox 3143 601 3236 654; x_wconf 79' lang='grc' dir='ltr'>καὶ</span> <span class='ocrx_word' id='word_1_139' title='bbox 3263 599 3343 671; x_wconf 82' lang='grc' dir='ltr'><strong>τῷ</strong></span> <span class='ocrx_word' id='word_1_140' title='bbox 3379 599 3759 670; x_wconf 76' lang='grc' dir='ltr'>παραλυτικῷ</span> <span class='ocrx_word' id='word_1_141' title='bbox 3785 616 3811 629; x_wconf 86' lang='grc'>⁶</span> 
     </span>
    </p>
   </div>
   <div class='ocr_carea' id='block_1_22' title="bbox 2197 693 3815 766">
    <p class='ocr_par' dir='ltr' id='par_1_22' title="bbox 2197 693 3815 766">
     <span class='ocr_line' id='line_1_22' title="bbox 2197 693 3815 766; baseline -0.002 -17"><span class='ocrx_word' id='word_1_142' title='bbox 2197 695 2344 749; x_wconf 82' lang='grc' dir='ltr'><strong>Ἰδοὺ</strong></span> <span class='ocrx_word' id='word_1_143' title='bbox 2370 694 2550 766; x_wconf 80' lang='grc' dir='ltr'>ὑγιὴς</span> <span class='ocrx_word' id='word_1_144' title='bbox 2579 695 2850 766; x_wconf 75' lang='grc' dir='ltr'><strong>γέγονας,</strong></span> <span class='ocrx_word' id='word_1_145' title='bbox 2893 693 3107 764; x_wconf 77' lang='grc' dir='ltr'><strong>μηκέτι</strong></span> <span class='ocrx_word' id='word_1_146' title='bbox 3156 693 3475 762; x_wconf 74' lang='grc' dir='ltr'>ἁμάρτανε.</span> <span class='ocrx_word' id='word_1_147' title='bbox 3517 693 3633 746; x_wconf 74' lang='grc' dir='ltr'><strong>Καὶ</strong></span> <span class='ocrx_word' id='word_1_148' title='bbox 3677 693 3815 746; x_wconf 80' lang='grc' dir='ltr'><strong>Πέ-</strong></span> 
     </span>
    </p>
   </div>
   <div class='ocr_carea' id='block_1_23' title="bbox 2183 785 3810 860">
    <p class='ocr_par' dir='ltr' id='par_1_23' title="bbox 2183 785 3810 860">
     <span class='ocr_line' id='line_1_23' title="bbox 2183 785 3810 860; baseline -0.002 -20"><span class='ocrx_word' id='word_1_149' title='bbox 2183 805 2312 860; x_wconf 89' lang='grc' dir='ltr'>τρον</span> <span class='ocrx_word' id='word_1_150' title='bbox 2337 788 2688 844; x_wconf 79' lang='grc' dir='ltr'>ἀνακαλεῖται</span> <span class='ocrx_word' id='word_1_151' title='bbox 2724 789 2754 841; x_wconf 83' lang='grc' dir='ltr'>ὁ</span> <span class='ocrx_word' id='word_1_152' title='bbox 2788 786 2992 859; x_wconf 79' lang='grc' dir='ltr'>Κύριος</span> <span class='ocrx_word' id='word_1_153' title='bbox 3023 787 3162 858; x_wconf 79' lang='grc' dir='ltr'>μετὰ</span> <span class='ocrx_word' id='word_1_154' title='bbox 3188 787 3251 839; x_wconf 83' lang='grc' dir='ltr'><strong>τὺ</strong></span> <span class='ocrx_word' id='word_1_155' title='bbox 3278 787 3644 858; x_wconf 78' lang='grc' dir='ltr'><strong>ἀρνήσασθαι,</strong></span> <span class='ocrx_word' id='word_1_156' title='bbox 3683 785 3810 837; x_wconf 67' lang='grc' dir='ltr'>καὶ</span> 
     </span>
    </p>
   </div>
   <div class='ocr_carea' id='block_1_24' title="bbox 2183 876 3803 952">
    <p class='ocr_par' dir='ltr' id='par_1_24' title="bbox 2183 876 3803 952">
     <span class='ocr_line' id='line_1_24' title="bbox 2183 876 3803 952; baseline -0.001 -18"><span class='ocrx_word' id='word_1_157' title='bbox 2183 879 2304 934; x_wconf 75' lang='grc' dir='ltr'>ἀντὶ</span> <span class='ocrx_word' id='word_1_158' title='bbox 2339 880 2448 933; x_wconf 86' lang='grc' dir='ltr'><strong>τῶν</strong></span> <span class='ocrx_word' id='word_1_159' title='bbox 2480 879 2648 952; x_wconf 83' lang='grc' dir='ltr'>τριῶν</span> <span class='ocrx_word' id='word_1_160' title='bbox 2695 881 2979 950; x_wconf 78' lang='grc' dir='ltr'>ἀρνήσεων</span> <span class='ocrx_word' id='word_1_161' title='bbox 3021 879 3144 951; x_wconf 75' lang='grc' dir='ltr'>τρὶς</span> <span class='ocrx_word' id='word_1_162' title='bbox 3189 878 3354 932; x_wconf 71' lang='grc' dir='ltr'>αὐτὸν</span> <span class='ocrx_word' id='word_1_163' title='bbox 3383 876 3803 950; x_wconf 66' lang='grc' dir='ltr'>προσκαλεῖται</span> 
     </span>
    </p>
   </div>
   <div class='ocr_carea' id='block_1_25' title="bbox 2183 968 3797 1041">
    <p class='ocr_par' dir='ltr' id='par_1_25' title="bbox 2183 968 3797 1041">
     <span class='ocr_line' id='line_1_25' title="bbox 2183 968 3797 1041; baseline -0.002 -18"><span class='ocrx_word' id='word_1_164' title='bbox 2183 971 2263 1034; x_wconf 82' lang='grc' dir='ltr'><strong>είς</strong></span> <span class='ocrx_word' id='word_1_165' title='bbox 2289 969 2609 1041; x_wconf 59' lang='grc' dir='ltr'>ὁμολογίαν</span> <span class='ocrx_word' id='word_1_166' title='bbox 2648 968 2901 1040; x_wconf 80' lang='grc' dir='ltr'>Ἄγαπᾷς</span> <span class='ocrx_word' id='word_1_167' title='bbox 2925 986 3024 1038; x_wconf 86' lang='grc' dir='ltr'><strong>με,</strong></span> <span class='ocrx_word' id='word_1_168' title='bbox 3051 968 3237 1039; x_wconf 80' lang='grc' dir='ltr'><strong>Πέτρε</strong></span> <span class='ocrx_word' id='word_1_169' title='bbox 3257 987 3278 1036; x_wconf 89' lang='grc'><strong><em>;</em></strong></span> <span class='ocrx_word' id='word_1_170' title='bbox 3300 969 3408 1024; x_wconf 78' lang='grc' dir='ltr'><strong>Καί</strong></span> <span class='ocrx_word' id='word_1_171' title='bbox 3432 985 3566 1039; x_wconf 71' lang='grc' dir='ltr'>φησι</span> <span class='ocrx_word' id='word_1_172' title='bbox 3584 985 3596 999; x_wconf 92' lang='grc'><strong>·</strong></span> <span class='ocrx_word' id='word_1_173' title='bbox 3628 968 3797 1023; x_wconf 80' lang='grc' dir='ltr'>Ποί-</span> 
     </span>
    </p>
   </div>
   <div class='ocr_carea' id='block_1_26' title="bbox 2179 1057 2930 1129">
    <p class='ocr_par' dir='ltr' id='par_1_26' title="bbox 2179 1057 2930 1129">
     <span class='ocr_line' id='line_1_26' title="bbox 2179 1057 2930 1129; baseline 0 -17"><span class='ocrx_word' id='word_1_174' title='bbox 2179 1075 2357 1128; x_wconf 82' lang='grc' dir='ltr'>μαινε</span> <span class='ocrx_word' id='word_1_175' title='bbox 2381 1060 2453 1114; x_wconf 86' lang='grc' dir='ltr'>τὰ</span> <span class='ocrx_word' id='word_1_176' title='bbox 2488 1057 2755 1129; x_wconf 77' lang='grc' dir='ltr'>πρόϐατά</span> <span class='ocrx_word' id='word_1_177' title='bbox 2788 1076 2930 1128; x_wconf 90' lang='grc' dir='ltr'>μου.</span> 
     </span>
    </p>
   </div>
   <div class='ocr_carea' id='block_1_27' title="bbox 2253 1316 3794 1389">
    <p class='ocr_par' dir='ltr' id='par_1_27' title="bbox 2253 1316 3794 1389">
     <span class='ocr_line' id='line_1_27' title="bbox 2253 1316 3794 1389; baseline 0.001 -20"><span class='ocrx_word' id='word_1_178' title='bbox 2253 1319 2328 1370; x_wconf 77' lang='grc' dir='ltr'><strong>Βο.</strong></span> <span class='ocrx_word' id='word_1_179' title='bbox 2369 1316 2604 1388; x_wconf 72' lang='grc' dir='ltr'><strong>Σφάλλει</strong></span> <span class='ocrx_word' id='word_1_180' title='bbox 2635 1319 2691 1373; x_wconf 78' lang='grc' dir='ltr'><strong>δὲ</strong></span> <span class='ocrx_word' id='word_1_181' title='bbox 2714 1319 2913 1384; x_wconf 78' lang='grc' dir='ltr'>αὐτοὺς</span> <span class='ocrx_word' id='word_1_182' title='bbox 2947 1320 3009 1375; x_wconf 81' lang='grc' dir='ltr'>τδ</span> <span class='ocrx_word' id='word_1_183' title='bbox 3030 1319 3194 1389; x_wconf 75' lang='grc' dir='ltr'>ῥητὸν</span> <span class='ocrx_word' id='word_1_184' title='bbox 3219 1319 3292 1389; x_wconf 83' lang='grc'><strong>(9)</strong></span> <span class='ocrx_word' id='word_1_185' title='bbox 3315 1317 3406 1372; x_wconf 84' lang='grc' dir='ltr'><strong>τοῦ</strong></span> <span class='ocrx_word' id='word_1_186' title='bbox 3442 1317 3794 1372; x_wconf 72' lang='grc' dir='ltr'>Ἀποστόλου</span> 
     </span>
    </p>
   </div>
   <div class='ocr_carea' id='block_1_28' title="bbox 2181 1409 3781 1481">
    <p class='ocr_par' dir='ltr' id='par_1_28' title="bbox 2181 1409 3781 1481">
     <span class='ocr_line' id='line_1_28' title="bbox 2181 1409 3781 1481; baseline 0.003 -20"><span class='ocrx_word' id='word_1_187' title='bbox 2181 1409 2468 1481; x_wconf 79' lang='grc' dir='ltr'><strong>εἰρημένον</strong></span> <span class='ocrx_word' id='word_1_188' title='bbox 2489 1427 2503 1440; x_wconf 88' lang='grc'><strong>·</strong></span> <span class='ocrx_word' id='word_1_189' title='bbox 2571 1409 2888 1465; x_wconf 77' lang='grc' dir='ltr'>Ἀδύνατον</span> <span class='ocrx_word' id='word_1_190' title='bbox 2939 1411 3084 1478; x_wconf 86' lang='grc' dir='ltr'>τοὺς</span> <span class='ocrx_word' id='word_1_191' title='bbox 3131 1411 3294 1476; x_wconf 78' lang='grc' dir='ltr'>ἅπαξ</span> <span class='ocrx_word' id='word_1_192' title='bbox 3337 1409 3781 1480; x_wconf 68' lang='grc' dir='ltr'>φωτισθέντας.</span> 
     </span>
    </p>
   </div>
   <div class='ocr_carea' id='block_1_29' title="bbox 2181 1502 3784 1574">
    <p class='ocr_par' dir='ltr' id='par_1_29' title="bbox 2181 1502 3784 1574">
     <span class='ocr_line' id='line_1_29' title="bbox 2181 1502 3784 1574; baseline 0 -18"><span class='ocrx_word' id='word_1_193' title='bbox 2181 1502 2281 1556; x_wconf 75' lang='grc' dir='ltr'><strong>καὶ</strong></span> <span class='ocrx_word' id='word_1_194' title='bbox 2309 1502 2502 1556; x_wconf 67' lang='grc' dir='ltr'>καλὸν</span> <span class='ocrx_word' id='word_1_195' title='bbox 2531 1503 2946 1574; x_wconf 79' lang='grc' dir='ltr'>γευσαμένους</span> <span class='ocrx_word' id='word_1_196' title='bbox 2984 1502 3136 1560; x_wconf 83' lang='grc' dir='ltr'>Θεοῦ</span> <span class='ocrx_word' id='word_1_197' title='bbox 3165 1502 3354 1574; x_wconf 78' lang='grc' dir='ltr'>ῥῆμα,</span> <span class='ocrx_word' id='word_1_198' title='bbox 3383 1502 3678 1573; x_wconf 80' lang='grc' dir='ltr'>δυνάμεις</span> <span class='ocrx_word' id='word_1_199' title='bbox 3709 1519 3784 1556; x_wconf 76' lang='grc' dir='ltr'><strong>τε</strong></span> 
     </span>
    </p>
   </div>
   <div class='ocr_carea' id='block_1_30' title="bbox 2179 1594 3784 1665">
    <p class='ocr_par' dir='ltr' id='par_1_30' title="bbox 2179 1594 3784 1665">
     <span class='ocr_line' id='line_1_30' title="bbox 2179 1594 3784 1665; baseline 0.001 -17"><span class='ocrx_word' id='word_1_200' title='bbox 2179 1594 2287 1648; x_wconf 88' lang='grc' dir='ltr'><strong>τοῦ</strong></span> <span class='ocrx_word' id='word_1_201' title='bbox 2308 1595 2648 1664; x_wconf 67' lang='grc' dir='ltr'>μέλλοντος</span> <span class='ocrx_word' id='word_1_202' title='bbox 2675 1595 2914 1663; x_wconf 81' lang='grc' dir='ltr'>αιὼνος,</span> <span class='ocrx_word' id='word_1_203' title='bbox 2940 1597 3041 1652; x_wconf 71' lang='grc' dir='ltr'><strong>καὶ</strong></span> <span class='ocrx_word' id='word_1_204' title='bbox 3063 1597 3548 1665; x_wconf 72' lang='grc' dir='ltr'>παραπεσόντας.</span> <span class='ocrx_word' id='word_1_205' title='bbox 3575 1594 3784 1649; x_wconf 59' lang='grc' dir='ltr'>πάλιν</span> 
     </span>
    </p>
   </div>
   <div class='ocr_carea' id='block_1_31' title="bbox 2179 1687 3786 1759">
    <p class='ocr_par' dir='ltr' id='par_1_31' title="bbox 2179 1687 3786 1759">
     <span class='ocr_line' id='line_1_31' title="bbox 2179 1687 3786 1759; baseline -0.001 -16"><span class='ocrx_word' id='word_1_206' title='bbox 2179 1687 2605 1753; x_wconf 68' lang='grc' dir='ltr'>ἀνακαινίζειν,</span> <span class='ocrx_word' id='word_1_207' title='bbox 2639 1689 3182 1759; x_wconf 76' lang='grc' dir='ltr'><strong>ἀνασταυροῦντας</strong></span> <span class='ocrx_word' id='word_1_208' title='bbox 3211 1689 3448 1755; x_wconf 75' lang='grc' dir='ltr'>ἑαυτοῖς</span> <span class='ocrx_word' id='word_1_209' title='bbox 3487 1687 3598 1742; x_wconf 87' lang='grc' dir='ltr'>τὸν</span> <span class='ocrx_word' id='word_1_210' title='bbox 3626 1688 3786 1742; x_wconf 60' lang='lat' dir='ltr'><strong>Tiber</strong></span> 
     </span>
    </p>
   </div>
   <div class='ocr_carea' id='block_1_32' title="bbox 492 1775 2077 1854">
    <p class='ocr_par' dir='ltr' id='par_1_32' title="bbox 492 1775 2077 1853">
     <span class='ocr_line' id='line_1_32' title="bbox 492 1775 2077 1853; baseline 0.006 -23"><span class='ocrx_word' id='word_1_211' title='bbox 492 1775 658 1830; x_wconf 81' lang='lat' dir='ltr'><strong>Terra</strong></span> <span class='ocrx_word' id='word_1_212' title='bbox 693 1780 856 1844; x_wconf 79' lang='lat' dir='ltr'><strong>enim,</strong></span> <span class='ocrx_word' id='word_1_213' title='bbox 877 1797 996 1850; x_wconf 75' lang='lat' dir='ltr'><strong>quat</strong></span> <span class='ocrx_word' id='word_1_214' title='bbox 1023 1782 1470 1850; x_wconf 77' lang='lat' dir='ltr'><strong>superoenieutem</strong></span> <span class='ocrx_word' id='word_1_215' title='bbox 1495 1783 1549 1837; x_wconf 78' lang='lat' dir='ltr'><strong>in</strong></span> <span class='ocrx_word' id='word_1_216' title='bbox 1571 1800 1626 1838; x_wconf 87' lang='lat' dir='ltr'><strong>se</strong></span> <span class='ocrx_word' id='word_1_217' title='bbox 1641 1785 1837 1853; x_wconf 73' lang='lat' dir='ltr'><strong>sapius</strong></span> <span class='ocrx_word' id='word_1_218' title='bbox 1861 1786 2077 1841; x_wconf 81' lang='lat' dir='ltr'><strong>imbrem</strong></span> 
     </span>
    </p>
   </div>
   <div class='ocr_carea' id='block_1_33' title="bbox 2178 1775 3777 1854">
    <p class='ocr_par' dir='ltr' id='par_1_33' title="bbox 2181 1780 3777 1854">
     <span class='ocr_line' id='line_1_33' title="bbox 2181 1780 3777 1854; baseline 0 -19"><span class='ocrx_word' id='word_1_219' title='bbox 2181 1782 2287 1837; x_wconf 84' lang='grc' dir='ltr'><strong>τοῦ</strong></span> <span class='ocrx_word' id='word_1_220' title='bbox 2337 1782 2490 1836; x_wconf 75' lang='grc' dir='ltr'>Θεοῦ</span> <span class='ocrx_word' id='word_1_221' title='bbox 2517 1821 2535 1846; x_wconf 84' lang='grc'><strong>,</strong></span> <span class='ocrx_word' id='word_1_222' title='bbox 2567 1781 2666 1836; x_wconf 77' lang='grc' dir='ltr'>καὶ</span> <span class='ocrx_word' id='word_1_223' title='bbox 2711 1782 3373 1854; x_wconf 77' lang='grc' dir='ltr'>παραδειγματίζοντας.</span> <span class='ocrx_word' id='word_1_224' title='bbox 3423 1780 3512 1850; x_wconf 80' lang='grc' dir='ltr'><strong>Γῆ</strong></span> <span class='ocrx_word' id='word_1_225' title='bbox 3554 1781 3674 1850; x_wconf 72' lang='grc' dir='ltr'>γὰρ</span> <span class='ocrx_word' id='word_1_226' title='bbox 3735 1781 3777 1848; x_wconf 78' lang='grc' dir='ltr'><strong>ἠ</strong></span> 
     </span>
    </p>
   </div>
   <div class='ocr_carea' id='block_1_34' title="bbox 485 1868 2079 1946">
    <p class='ocr_par' dir='ltr' id='par_1_34' title="bbox 485 1868 2079 1946">
     <span class='ocr_line' id='line_1_34' title="bbox 485 1868 2079 1946; baseline 0.005 -24"><span class='ocrx_word' id='word_1_227' title='bbox 485 1868 702 1933; x_wconf 87' lang='lat' dir='ltr'><strong>biberit,</strong></span> <span class='ocrx_word' id='word_1_228' title='bbox 732 1879 782 1924; x_wconf 90' lang='lat' dir='ltr'><strong>et</strong></span> <span class='ocrx_word' id='word_1_229' title='bbox 812 1872 1122 1939; x_wconf 80' lang='lat' dir='ltr'><strong>produxerit</strong></span> <span class='ocrx_word' id='word_1_230' title='bbox 1160 1872 1375 1928; x_wconf 87' lang='lat' dir='ltr'><strong>herbam</strong></span> <span class='ocrx_word' id='word_1_231' title='bbox 1430 1883 1784 1943; x_wconf 76' lang='lat' dir='ltr'><strong>opportunam</strong></span> <span class='ocrx_word' id='word_1_232' title='bbox 1829 1875 1962 1939; x_wconf 80' lang='lat' dir='ltr'><strong>illis,</strong></span> <span class='ocrx_word' id='word_1_233' title='bbox 1987 1893 2079 1946; x_wconf 86' lang='lat' dir='ltr'><strong>per</strong></span> 
     </span>
    </p>
   </div>
   <div class='ocr_carea' id='block_1_35' title="bbox 483 1963 2078 2037">
    <p class='ocr_par' dir='ltr' id='par_1_35' title="bbox 483 1963 2078 2037">
     <span class='ocr_line' id='line_1_35' title="bbox 483 1963 2078 2037; baseline 0.006 -23"><span class='ocrx_word' id='word_1_234' title='bbox 483 1977 614 2030; x_wconf 82' lang='lat' dir='ltr'><strong>quos</strong></span> <span class='ocrx_word' id='word_1_235' title='bbox 646 1963 866 2028; x_wconf 81' lang='lat' dir='ltr'><strong>colitur,</strong></span> <span class='ocrx_word' id='word_1_236' title='bbox 893 1966 1163 2034; x_wconf 81' lang='lat' dir='ltr'><strong>particeps</strong></span> <span class='ocrx_word' id='word_1_237' title='bbox 1215 1976 1294 2022; x_wconf 86' lang='lat' dir='ltr'><strong>est</strong></span> <span class='ocrx_word' id='word_1_238' title='bbox 1339 1966 1740 2021; x_wconf 80' lang='lat' dir='ltr'><strong>benedictionis.</strong></span> <span class='ocrx_word' id='word_1_239' title='bbox 1793 1965 2078 2037; x_wconf 78' lang='lat' dir='ltr'><strong>Profereus</strong></span> 
     </span>
    </p>
   </div>
   <div class='ocr_carea' id='block_1_36' title="bbox 487 2055 2079 2129">
    <p class='ocr_par' dir='ltr' id='par_1_36' title="bbox 487 2055 2079 2129">
     <span class='ocr_line' id='line_1_36' title="bbox 487 2055 2079 2129; baseline 0.007 -24"><span class='ocrx_word' id='word_1_240' title='bbox 487 2063 667 2107; x_wconf 67' lang='lat' dir='ltr'><strong>«autem</strong></span> <span class='ocrx_word' id='word_1_241' title='bbox 697 2055 880 2124; x_wconf 81' lang='lat' dir='ltr'><strong>spinas</strong></span> <span class='ocrx_word' id='word_1_242' title='bbox 903 2066 952 2110; x_wconf 88' lang='lat' dir='ltr'><strong>et</strong></span> <span class='ocrx_word' id='word_1_243' title='bbox 984 2057 1230 2126; x_wconf 81' lang='lat' dir='ltr'><strong>tribulos,</strong></span> <span class='ocrx_word' id='word_1_244' title='bbox 1285 2059 1509 2129; x_wconf 88' lang='lat' dir='ltr'><strong>repruba</strong></span> <span class='ocrx_word' id='word_1_245' title='bbox 1546 2070 1650 2124; x_wconf 87' lang='lat' dir='ltr'><strong>est,</strong></span> <span class='ocrx_word' id='word_1_246' title='bbox 1701 2069 1752 2114; x_wconf 84' lang='lat' dir='ltr'><strong>et</strong></span> <span class='ocrx_word' id='word_1_247' title='bbox 1799 2059 2079 2116; x_wconf 82' lang='lat' dir='ltr'><strong>maledicto</strong></span> 
     </span>
    </p>
   </div>
   <div class='ocr_carea' id='block_1_37' title="bbox 483 2146 2078 2217">
    <p class='ocr_par' dir='ltr' id='par_1_37' title="bbox 483 2146 2078 2217">
     <span class='ocr_line' id='line_1_37' title="bbox 483 2146 2078 2217; baseline 0.006 -20"><span class='ocrx_word' id='word_1_248' title='bbox 483 2146 764 2212; x_wconf 74' lang='lat' dir='ltr'><strong>proxima;</strong></span> <span class='ocrx_word' id='word_1_249' title='bbox 811 2148 964 2210; x_wconf 81' lang='lat' dir='ltr'><strong>cujus</strong></span> <span class='ocrx_word' id='word_1_250' title='bbox 1004 2149 1129 2217; x_wconf 78' lang='lat' dir='ltr'><strong>ﬁnis</strong></span> <span class='ocrx_word' id='word_1_251' title='bbox 1170 2160 1250 2205; x_wconf 86' lang='lat' dir='ltr'><strong>est</strong></span> <span class='ocrx_word' id='word_1_252' title='bbox 1300 2152 1356 2205; x_wconf 80' lang='lat' dir='ltr'><strong>in</strong></span> <span class='ocrx_word' id='word_1_253' title='bbox 1411 2150 1831 2206; x_wconf 82' lang='lat' dir='ltr'><strong>combustionem</strong></span> <span class='ocrx_word' id='word_1_254' title='bbox 1860 2151 1902 2206; x_wconf 76' lang='grc'>⁵.</span> <span class='ocrx_word' id='word_1_255' title='bbox 1942 2152 2078 2207; x_wconf 86' lang='lat' dir='ltr'><strong>Nam</strong></span> 
     </span>
    </p>
   </div>
   <div class='ocr_carea' id='block_1_38' title="bbox 492 2238 2078 2310">
    <p class='ocr_par' dir='ltr' id='par_1_38' title="bbox 492 2238 2078 2310">
     <span class='ocr_line' id='line_1_38' title="bbox 492 2238 2078 2310; baseline 0.005 -20"><span class='ocrx_word' id='word_1_256' title='bbox 492 2251 685 2291; x_wconf 83' lang='lat' dir='ltr'><strong>revera</strong></span> <span class='ocrx_word' id='word_1_257' title='bbox 745 2238 842 2308; x_wconf 90' lang='lat' dir='ltr'><strong>qui</strong></span> <span class='ocrx_word' id='word_1_258' title='bbox 909 2240 1081 2294; x_wconf 85' lang='lat' dir='ltr'><strong>semel</strong></span> <span class='ocrx_word' id='word_1_259' title='bbox 1145 2240 1396 2296; x_wconf 76' lang='lat' dir='ltr'><strong>renovati</strong></span> <span class='ocrx_word' id='word_1_260' title='bbox 1452 2241 1797 2310; x_wconf 89' lang='lat' dir='ltr'><strong>ceciderunt,</strong></span> <span class='ocrx_word' id='word_1_261' title='bbox 1827 2242 2078 2299; x_wconf 87' lang='lat' dir='ltr'><strong>renovari</strong></span> 
     </span>
    </p>
   </div>
   <div class='ocr_carea' id='block_1_39' title="bbox 485 2329 2082 2408">
    <p class='ocr_par' dir='ltr' id='par_1_39' title="bbox 485 2329 2082 2408">
     <span class='ocr_line' id='line_1_39' title="bbox 485 2329 2082 2408; baseline 0.007 -28"><span class='ocrx_word' id='word_1_262' title='bbox 485 2329 723 2398; x_wconf 81' lang='lat' dir='ltr'><strong>amplius</strong></span> <span class='ocrx_word' id='word_1_263' title='bbox 753 2346 862 2386; x_wconf 90' lang='lat' dir='ltr'><strong>non</strong></span> <span class='ocrx_word' id='word_1_264' title='bbox 889 2340 1141 2402; x_wconf 86' lang='lat' dir='ltr'><strong>possunt.</strong></span> <span class='ocrx_word' id='word_1_265' title='bbox 1172 2331 1359 2404; x_wconf 82' lang='lat' dir='ltr'><strong>Neque</strong></span> <span class='ocrx_word' id='word_1_266' title='bbox 1377 2332 1525 2388; x_wconf 89' lang='lat' dir='ltr'><strong>enim</strong></span> <span class='ocrx_word' id='word_1_267' title='bbox 1557 2344 1815 2391; x_wconf 86' lang='lat' dir='ltr'><strong>nascetur</strong></span> <span class='ocrx_word' id='word_1_268' title='bbox 1845 2337 2082 2408; x_wconf 81' lang='lat' dir='ltr'><strong>amplius</strong></span> 
     </span>
    </p>
   </div>
   <div class='ocr_carea' id='block_1_40' title="bbox 485 2419 2082 2499">
    <p class='ocr_par' dir='ltr' id='par_1_40' title="bbox 485 2419 2082 2499">
     <span class='ocr_line' id='line_1_40' title="bbox 485 2419 2082 2499; baseline 0.006 -25"><span class='ocrx_word' id='word_1_269' title='bbox 485 2419 771 2486; x_wconf 81' lang='lat' dir='ltr'><strong>Christus,</strong></span> <span class='ocrx_word' id='word_1_270' title='bbox 801 2430 860 2475; x_wconf 93' lang='lat' dir='ltr'><strong>ut</strong></span> <span class='ocrx_word' id='word_1_271' title='bbox 894 2437 993 2493; x_wconf 88' lang='lat' dir='ltr'><strong>pro</strong></span> <span class='ocrx_word' id='word_1_272' title='bbox 1025 2423 1186 2480; x_wconf 88' lang='lat' dir='ltr'><strong>nobis</strong></span> <span class='ocrx_word' id='word_1_273' title='bbox 1237 2425 1295 2479; x_wconf 91' lang='lat' dir='ltr'><strong>iu</strong></span> <span class='ocrx_word' id='word_1_274' title='bbox 1356 2440 1580 2482; x_wconf 87' lang='lat' dir='ltr'><strong>crucem</strong></span> <span class='ocrx_word' id='word_1_275' title='bbox 1634 2436 1852 2498; x_wconf 77' lang='lat' dir='ltr'><strong>agatur.</strong></span> <span class='ocrx_word' id='word_1_276' title='bbox 1893 2427 2082 2499; x_wconf 80' lang='lat' dir='ltr'><strong>Neque</strong></span> 
     </span>
    </p>
   </div>
   <div class='ocr_carea' id='block_1_41' title="bbox 494 2511 2078 2591">
    <p class='ocr_par' dir='ltr' id='par_1_41' title="bbox 494 2511 2078 2591">
     <span class='ocr_line' id='line_1_41' title="bbox 494 2511 2078 2591; baseline 0.008 -29"><span class='ocrx_word' id='word_1_277' title='bbox 494 2511 587 2567; x_wconf 85' lang='lat' dir='ltr'><strong>Dei</strong></span> <span class='ocrx_word' id='word_1_278' title='bbox 617 2512 819 2567; x_wconf 81' lang='lat' dir='ltr'><strong>Filium</strong></span> <span class='ocrx_word' id='word_1_279' title='bbox 872 2514 928 2572; x_wconf 91' lang='lat' dir='ltr'><strong>in</strong></span> <span class='ocrx_word' id='word_1_280' title='bbox 961 2529 1130 2571; x_wconf 89' lang='lat' dir='ltr'><strong>cruce</strong></span> <span class='ocrx_word' id='word_1_281' title='bbox 1167 2518 1509 2586; x_wconf 84' lang='lat' dir='ltr'><strong>suspendere</strong></span> <span class='ocrx_word' id='word_1_282' title='bbox 1559 2518 1838 2589; x_wconf 83' lang='lat' dir='ltr'><strong>quispiam</strong></span> <span class='ocrx_word' id='word_1_283' title='bbox 1875 2528 2078 2591; x_wconf 85' lang='lat' dir='ltr'><strong>potest,</strong></span> 
     </span>
    </p>
   </div>
   <div class='ocr_carea' id='block_1_42' title="bbox 481 2603 2080 2683">
    <p class='ocr_par' dir='ltr' id='par_1_42' title="bbox 481 2603 2080 2683">
     <span class='ocr_line' id='line_1_42' title="bbox 481 2603 2080 2683; baseline 0.005 -25"><span class='ocrx_word' id='word_1_284' title='bbox 481 2606 578 2674; x_wconf 89' lang='lat' dir='ltr'><strong>qui</strong></span> <span class='ocrx_word' id='word_1_285' title='bbox 631 2603 685 2658; x_wconf 93' lang='lat' dir='ltr'><strong>id</strong></span> <span class='ocrx_word' id='word_1_286' title='bbox 718 2606 862 2660; x_wconf 90' lang='lat' dir='ltr'><strong>ultra</strong></span> <span class='ocrx_word' id='word_1_287' title='bbox 911 2608 1122 2677; x_wconf 88' lang='lat' dir='ltr'><strong>perpeti</strong></span> <span class='ocrx_word' id='word_1_288' title='bbox 1178 2609 1406 2680; x_wconf 89' lang='lat' dir='ltr'><strong>nequit;</strong></span> <span class='ocrx_word' id='word_1_289' title='bbox 1441 2625 1620 2680; x_wconf 90' lang='lat' dir='ltr'><strong>neque</strong></span> <span class='ocrx_word' id='word_1_290' title='bbox 1669 2611 1900 2666; x_wconf 89' lang='lat' dir='ltr'><strong>alteram</strong></span> <span class='ocrx_word' id='word_1_291' title='bbox 1954 2612 2080 2683; x_wconf 89' lang='lat' dir='ltr'><strong>quis</strong></span> 
     </span>
    </p>
   </div>
   <div class='ocr_carea' id='block_1_43' title="bbox 489 2697 2082 2774">
    <p class='ocr_par' dir='ltr' id='par_1_43' title="bbox 489 2697 2082 2774">
     <span class='ocr_line' id='line_1_43' title="bbox 489 2697 2082 2774; baseline 0.007 -26"><span class='ocrx_word' id='word_1_292' title='bbox 489 2713 758 2768; x_wconf 82' lang='lat' dir='ltr'><strong>usurpare</strong></span> <span class='ocrx_word' id='word_1_293' title='bbox 786 2697 1044 2754; x_wconf 88' lang='lat' dir='ltr'><strong>lotionem</strong></span> <span class='ocrx_word' id='word_1_294' title='bbox 1077 2704 1446 2772; x_wconf 89' lang='lat' dir='ltr'><strong>potest,quod</strong></span> <span class='ocrx_word' id='word_1_295' title='bbox 1475 2718 1619 2758; x_wconf 85' lang='lat' dir='ltr'><strong>unus</strong></span> <span class='ocrx_word' id='word_1_296' title='bbox 1649 2703 1959 2774; x_wconf 87' lang='lat' dir='ltr'><strong>baptismus</strong></span> <span class='ocrx_word' id='word_1_297' title='bbox 2009 2704 2082 2760; x_wconf 90' lang='lat' dir='ltr'><strong>sit</strong></span> 
     </span>
    </p>
   </div>
   <div class='ocr_carea' id='block_1_44' title="bbox 485 2789 2078 2858">
    <p class='ocr_par' dir='ltr' id='par_1_44' title="bbox 485 2789 2078 2858">
     <span class='ocr_line' id='line_1_44' title="bbox 485 2789 2078 2858; baseline 0.006 -18"><span class='ocrx_word' id='word_1_298' title='bbox 485 2804 710 2858; x_wconf 82' lang='lat' dir='ltr'><strong>ultaque</strong></span> <span class='ocrx_word' id='word_1_299' title='bbox 741 2791 1047 2846; x_wconf 80' lang='lat' dir='ltr'><strong>renovatio.</strong></span> <span class='ocrx_word' id='word_1_300' title='bbox 1073 2789 1274 2848; x_wconf 79' lang='lat' dir='ltr'><strong>Verum</strong></span> <span class='ocrx_word' id='word_1_301' title='bbox 1296 2793 1496 2850; x_wconf 86' lang='lat' dir='ltr'><strong>borum</strong></span> <span class='ocrx_word' id='word_1_302' title='bbox 1515 2794 1766 2851; x_wconf 89' lang='lat' dir='ltr'><strong>omnium</strong></span> <span class='ocrx_word' id='word_1_303' title='bbox 1779 2795 2078 2850; x_wconf 87' lang='lat' dir='ltr'><strong>remedium</strong></span> 
     </span>
    </p>
   </div>
   <div class='ocr_carea' id='block_1_45' title="bbox 483 2882 2077 2955">
    <p class='ocr_par' dir='ltr' id='par_1_45' title="bbox 483 2882 2077 2955">
     <span class='ocr_line' id='line_1_45' title="bbox 483 2882 2077 2955; baseline 0.006 -19"><span class='ocrx_word' id='word_1_304' title='bbox 483 2882 676 2936; x_wconf 87' lang='lat' dir='ltr'><strong>statim</strong></span> <span class='ocrx_word' id='word_1_305' title='bbox 700 2883 1004 2952; x_wconf 80' lang='lat' dir='ltr'><strong>Apostolus</strong></span> <span class='ocrx_word' id='word_1_306' title='bbox 1033 2885 1276 2955; x_wconf 88' lang='lat' dir='ltr'><strong>subjicit,</strong></span> <span class='ocrx_word' id='word_1_307' title='bbox 1303 2899 1361 2942; x_wconf 91' lang='lat' dir='ltr'><strong>ut</strong></span> <span class='ocrx_word' id='word_1_308' title='bbox 1385 2897 1442 2944; x_wconf 90' lang='lat' dir='ltr'><strong>et</strong></span> <span class='ocrx_word' id='word_1_309' title='bbox 1468 2887 1726 2944; x_wconf 79' lang='lat' dir='ltr'><strong>Ecclesia:</strong></span> <span class='ocrx_word' id='word_1_310' title='bbox 1752 2889 2077 2945; x_wconf 86' lang='lat' dir='ltr'><strong>medicinam</strong></span> 
     </span>
    </p>
   </div>
   <div class='ocr_carea' id='block_1_46' title="bbox 489 2975 2078 3050">
    <p class='ocr_par' dir='ltr' id='par_1_46' title="bbox 489 2975 2078 3050">
     <span class='ocr_line' id='line_1_46' title="bbox 489 2975 2078 3050; baseline 0.006 -23"><span class='ocrx_word' id='word_1_311' title='bbox 489 2975 682 3037; x_wconf 88' lang='lat' dir='ltr'><strong>faciat,</strong></span> <span class='ocrx_word' id='word_1_312' title='bbox 711 2984 766 3029; x_wconf 90' lang='lat' dir='ltr'><strong>et</strong></span> <span class='ocrx_word' id='word_1_313' title='bbox 795 2976 944 3032; x_wconf 91' lang='lat' dir='ltr'><strong>illius</strong></span> <span class='ocrx_word' id='word_1_314' title='bbox 968 2980 1230 3035; x_wconf 89' lang='lat' dir='ltr'><strong>metnbris</strong></span> <span class='ocrx_word' id='word_1_315' title='bbox 1251 2981 1528 3036; x_wconf 87' lang='lat' dir='ltr'><strong>consulat.</strong></span> <span class='ocrx_word' id='word_1_316' title='bbox 1566 2980 1658 3034; x_wconf 82' lang='lat' dir='ltr'><strong>Ait</strong></span> <span class='ocrx_word' id='word_1_317' title='bbox 1677 2981 1860 3050; x_wconf 85' lang='lat' dir='ltr'><strong>itaque</strong></span> <span class='ocrx_word' id='word_1_318' title='bbox 1891 2999 1905 3036; x_wconf 92' lang='lat'><strong>:</strong></span> <span class='ocrx_word' id='word_1_319' title='bbox 1937 2980 2078 3036; x_wconf 80' lang='lat' dir='ltr'><strong>Cou-</strong></span> 
     </span>
    </p>
   </div>
   <div class='ocr_carea' id='block_1_47' title="bbox 483 3066 2076 3136">
    <p class='ocr_par' dir='ltr' id='par_1_47' title="bbox 483 3066 2076 3136">
     <span class='ocr_line' id='line_1_47' title="bbox 483 3066 2076 3136; baseline 0.006 -18"><span class='ocrx_word' id='word_1_320' title='bbox 483 3066 702 3136; x_wconf 79' lang='lat' dir='ltr'><strong>frdimus</strong></span> <span class='ocrx_word' id='word_1_321' title='bbox 733 3079 907 3124; x_wconf 74' lang='lat' dir='ltr'><strong>autem</strong></span> <span class='ocrx_word' id='word_1_322' title='bbox 934 3069 1000 3125; x_wconf 81' lang='lat' dir='ltr'><strong>de</strong></span> <span class='ocrx_word' id='word_1_323' title='bbox 1033 3073 1200 3136; x_wconf 78' lang='lat' dir='ltr'><strong>vobis,</strong></span> <span class='ocrx_word' id='word_1_324' title='bbox 1249 3073 1576 3136; x_wconf 71' lang='lat' dir='ltr'><strong>charissimi,</strong></span> <span class='ocrx_word' id='word_1_325' title='bbox 1622 3072 1846 3128; x_wconf 78' lang='lat' dir='ltr'><strong>meliora</strong></span> <span class='ocrx_word' id='word_1_326' title='bbox 1873 3083 1924 3129; x_wconf 87' lang='lat' dir='ltr'><strong>et</strong></span> <span class='ocrx_word' id='word_1_327' title='bbox 1945 3074 2076 3128; x_wconf 80' lang='lat' dir='ltr'><strong>vici-</strong></span> 
     </span>
    </p>
   </div>
   <div class='ocr_carea' id='block_1_48' title="bbox 486 3160 2076 3236">
    <p class='ocr_par' dir='ltr' id='par_1_48' title="bbox 486 3160 2076 3236">
     <span class='ocr_line' id='line_1_48' title="bbox 486 3160 2076 3236; baseline 0.006 -25"><span class='ocrx_word' id='word_1_328' title='bbox 486 3160 641 3212; x_wconf 78' lang='lat' dir='ltr'><strong>niora</strong></span> <span class='ocrx_word' id='word_1_329' title='bbox 663 3161 853 3222; x_wconf 85' lang='lat' dir='ltr'><strong>saluti,</strong></span> <span class='ocrx_word' id='word_1_330' title='bbox 872 3165 1085 3217; x_wconf 84' lang='lat' dir='ltr'><strong>tametsi</strong></span> <span class='ocrx_word' id='word_1_331' title='bbox 1109 3165 1187 3218; x_wconf 89' lang='lat' dir='ltr'><strong>ita</strong></span> <span class='ocrx_word' id='word_1_332' title='bbox 1220 3165 1508 3235; x_wconf 82' lang='lat' dir='ltr'><strong>loquimur.</strong></span> <span class='ocrx_word' id='word_1_333' title='bbox 1529 3163 1653 3220; x_wconf 80' lang='lat' dir='ltr'><strong>Non</strong></span> <span class='ocrx_word' id='word_1_334' title='bbox 1677 3167 1816 3220; x_wconf 83' lang='lat' dir='ltr'><strong>enim</strong></span> <span class='ocrx_word' id='word_1_335' title='bbox 1843 3167 2076 3236; x_wconf 85' lang='lat' dir='ltr'><strong>injustus</strong></span> 
     </span>
    </p>
   </div>
   <div class='ocr_carea' id='block_1_49' title="bbox 482 3247 2079 3325">
    <p class='ocr_par' dir='ltr' id='par_1_49' title="bbox 482 3247 2079 3325">
     <span class='ocr_line' id='line_1_49' title="bbox 482 3247 2079 3325; baseline 0.005 -23"><span class='ocrx_word' id='word_1_336' title='bbox 482 3257 565 3302; x_wconf 78' lang='lat' dir='ltr'><strong>est</strong></span> <span class='ocrx_word' id='word_1_337' title='bbox 600 3247 761 3313; x_wconf 87' lang='lat' dir='ltr'><strong>Deus,</strong></span> <span class='ocrx_word' id='word_1_338' title='bbox 800 3260 858 3303; x_wconf 88' lang='lat' dir='ltr'><strong>ut</strong></span> <span class='ocrx_word' id='word_1_339' title='bbox 889 3250 1233 3306; x_wconf 84' lang='lat' dir='ltr'><strong>obliviscatur</strong></span> <span class='ocrx_word' id='word_1_340' title='bbox 1260 3255 1386 3308; x_wconf 84' lang='lat' dir='ltr'><strong>boni</strong></span> <span class='ocrx_word' id='word_1_341' title='bbox 1414 3255 1586 3322; x_wconf 82' lang='lat' dir='ltr'><strong>operis</strong></span> <span class='ocrx_word' id='word_1_342' title='bbox 1619 3257 1779 3309; x_wconf 79' lang='lat' dir='ltr'><strong>uestri</strong></span> <span class='ocrx_word' id='word_1_343' title='bbox 1800 3257 1845 3310; x_wconf 84' lang='lat'><strong>&#39;.</strong></span> <span class='ocrx_word' id='word_1_344' title='bbox 1881 3254 1938 3310; x_wconf 93' lang='lat' dir='ltr'><strong>In</strong></span> <span class='ocrx_word' id='word_1_345' title='bbox 1968 3271 2079 3325; x_wconf 91' lang='lat' dir='ltr'><strong>quo</strong></span> 
     </span>
    </p>
   </div>
   <div class='ocr_carea' id='block_1_50' title="bbox 486 3339 2081 3412">
    <p class='ocr_par' dir='ltr' id='par_1_50' title="bbox 486 3339 2081 3412">
     <span class='ocr_line' id='line_1_50' title="bbox 486 3339 2081 3412; baseline 0.006 -18"><span class='ocrx_word' id='word_1_346' title='bbox 486 3339 643 3395; x_wconf 88' lang='lat' dir='ltr'><strong>vides</strong></span> <span class='ocrx_word' id='word_1_347' title='bbox 709 3343 1174 3412; x_wconf 83' lang='lat' dir='ltr'><strong>quemadmodum</strong></span> <span class='ocrx_word' id='word_1_348' title='bbox 1221 3352 1278 3400; x_wconf 90' lang='lat' dir='ltr'><strong>et</strong></span> <span class='ocrx_word' id='word_1_349' title='bbox 1327 3345 1785 3401; x_wconf 89' lang='lat' dir='ltr'><strong>instaurationem</strong></span> <span class='ocrx_word' id='word_1_350' title='bbox 1827 3347 2081 3403; x_wconf 67' lang='lat' dir='ltr'><strong>illumse-</strong></span> 
     </span>
    </p>
   </div>
   <div class='ocr_carea' id='block_1_51' title="bbox 490 3430 2076 3507">
    <p class='ocr_par' dir='ltr' id='par_1_51' title="bbox 490 3430 2076 3507">
     <span class='ocr_line' id='line_1_51' title="bbox 490 3430 2076 3507; baseline 0.004 -22"><span class='ocrx_word' id='word_1_351' title='bbox 490 3430 731 3485; x_wconf 81' lang='lat' dir='ltr'><strong>eundant</strong></span> <span class='ocrx_word' id='word_1_352' title='bbox 787 3433 902 3486; x_wconf 85' lang='lat' dir='ltr'><strong>ﬁeri</strong></span> <span class='ocrx_word' id='word_1_353' title='bbox 935 3450 1045 3487; x_wconf 92' lang='lat' dir='ltr'><strong>non</strong></span> <span class='ocrx_word' id='word_1_354' title='bbox 1101 3451 1266 3503; x_wconf 89' lang='lat' dir='ltr'><strong>posse</strong></span> <span class='ocrx_word' id='word_1_355' title='bbox 1329 3438 1558 3492; x_wconf 87' lang='lat' dir='ltr'><strong>omnino</strong></span> <span class='ocrx_word' id='word_1_356' title='bbox 1615 3438 2076 3507; x_wconf 88' lang='lat' dir='ltr'><strong>pronuntiaverit,</strong></span> 
     </span>
    </p>
   </div>
   <div class='ocr_carea' id='block_1_52' title="bbox 488 3525 2078 3600">
    <p class='ocr_par' dir='ltr' id='par_1_52' title="bbox 488 3525 2078 3600">
     <span class='ocr_line' id='line_1_52' title="bbox 488 3525 2078 3600; baseline 0.005 -24"><span class='ocrx_word' id='word_1_357' title='bbox 488 3539 666 3592; x_wconf 84' lang='lat' dir='ltr'><strong>neque</strong></span> <span class='ocrx_word' id='word_1_358' title='bbox 699 3533 880 3579; x_wconf 83' lang='lat' dir='ltr'><strong>tamen</strong></span> <span class='ocrx_word' id='word_1_359' title='bbox 913 3540 943 3578; x_wconf 94' lang='lat' dir='ltr'><strong>a</strong></span> <span class='ocrx_word' id='word_1_360' title='bbox 978 3525 1158 3581; x_wconf 91' lang='lat' dir='ltr'><strong>salute</strong></span> <span class='ocrx_word' id='word_1_361' title='bbox 1184 3527 1309 3583; x_wconf 90' lang='lat' dir='ltr'><strong>illos</strong></span> <span class='ocrx_word' id='word_1_362' title='bbox 1336 3529 1662 3594; x_wconf 78' lang='lat' dir='ltr'><strong>excluserit,</strong></span> <span class='ocrx_word' id='word_1_363' title='bbox 1696 3545 1839 3600; x_wconf 87' lang='lat' dir='ltr'><strong>quos</strong></span> <span class='ocrx_word' id='word_1_364' title='bbox 1866 3531 2078 3600; x_wconf 89' lang='lat' dir='ltr'><strong>peccati</strong></span> 
     </span>
    </p>
   </div>
   <div class='ocr_carea' id='block_1_53' title="bbox 487 3613 2081 3691">
    <p class='ocr_par' dir='ltr' id='par_1_53' title="bbox 487 3613 2081 3691">
     <span class='ocr_line' id='line_1_53' title="bbox 487 3613 2081 3691; baseline 0.005 -23"><span class='ocrx_word' id='word_1_365' title='bbox 487 3613 573 3668; x_wconf 84' lang='lat' dir='ltr'><strong>sui</strong></span> <span class='ocrx_word' id='word_1_366' title='bbox 594 3615 924 3682; x_wconf 77' lang='lat' dir='ltr'><strong>pmniteret;</strong></span> <span class='ocrx_word' id='word_1_367' title='bbox 951 3616 1048 3671; x_wconf 86' lang='lat' dir='ltr'><strong>sed</strong></span> <span class='ocrx_word' id='word_1_368' title='bbox 1079 3627 1133 3672; x_wconf 87' lang='lat' dir='ltr'><strong>et</strong></span> <span class='ocrx_word' id='word_1_369' title='bbox 1163 3619 1327 3673; x_wconf 89' lang='lat' dir='ltr'><strong>saluti</strong></span> <span class='ocrx_word' id='word_1_370' title='bbox 1357 3621 1698 3691; x_wconf 85' lang='lat' dir='ltr'><strong>propinquos</strong></span> <span class='ocrx_word' id='word_1_371' title='bbox 1728 3637 1850 3677; x_wconf 87' lang='lat' dir='ltr'><strong>esse</strong></span> <span class='ocrx_word' id='word_1_372' title='bbox 1879 3622 2081 3678; x_wconf 84' lang='lat' dir='ltr'><strong>dixerit</strong></span> 
     </span>
    </p>
   </div>
   <div class='ocr_carea' id='block_1_54' title="bbox 483 3705 2075 3784">
    <p class='ocr_par' dir='ltr' id='par_1_54' title="bbox 483 3705 2075 3784">
     <span class='ocr_line' id='line_1_54' title="bbox 483 3705 2075 3784; baseline 0.006 -25"><span class='ocrx_word' id='word_1_373' title='bbox 483 3717 543 3760; x_wconf 82' lang='lat' dir='ltr'><strong>et</strong></span> <span class='ocrx_word' id='word_1_374' title='bbox 571 3705 740 3761; x_wconf 84' lang='lat' dir='ltr'><strong>Deum</strong></span> <span class='ocrx_word' id='word_1_375' title='bbox 774 3718 925 3764; x_wconf 89' lang='lat' dir='ltr'><strong>recte</strong></span> <span class='ocrx_word' id='word_1_376' title='bbox 950 3709 1022 3764; x_wconf 93' lang='lat' dir='ltr'><strong>ab</strong></span> <span class='ocrx_word' id='word_1_377' title='bbox 1050 3710 1117 3766; x_wconf 91' lang='lat' dir='ltr'><strong>iis</strong></span> <span class='ocrx_word' id='word_1_378' title='bbox 1173 3710 1445 3767; x_wconf 88' lang='lat' dir='ltr'><strong>factorum</strong></span> <span class='ocrx_word' id='word_1_379' title='bbox 1502 3730 1624 3770; x_wconf 88' lang='lat' dir='ltr'><strong>esse</strong></span> <span class='ocrx_word' id='word_1_380' title='bbox 1677 3721 2075 3784; x_wconf 85' lang='lat' dir='ltr'><strong>susceptorcm,</strong></span> 
     </span>
    </p>
   </div>
   <div class='ocr_carea' id='block_1_55' title="bbox 486 3796 2080 3874">
    <p class='ocr_par' dir='ltr' id='par_1_55' title="bbox 486 3796 2080 3874">
     <span class='ocr_line' id='line_1_55' title="bbox 486 3796 2080 3874; baseline 0.008 -26"><span class='ocrx_word' id='word_1_381' title='bbox 486 3796 582 3865; x_wconf 87' lang='lat' dir='ltr'><strong>qui</strong></span> <span class='ocrx_word' id='word_1_382' title='bbox 611 3797 938 3853; x_wconf 90' lang='lat' dir='ltr'><strong>delictorum</strong></span> <span class='ocrx_word' id='word_1_383' title='bbox 968 3815 1195 3856; x_wconf 91' lang='lat' dir='ltr'><strong>suorum</strong></span> <span class='ocrx_word' id='word_1_384' title='bbox 1227 3803 1534 3858; x_wconf 89' lang='lat' dir='ltr'><strong>absolutam</strong></span> <span class='ocrx_word' id='word_1_385' title='bbox 1573 3805 1954 3874; x_wconf 70' lang='lat' dir='ltr'><strong>pmnitentiam</strong></span> <span class='ocrx_word' id='word_1_386' title='bbox 1986 3821 2080 3862; x_wconf 84' lang='lat' dir='ltr'><strong>ca-</strong></span> 
     </span>
    </p>
   </div>
   <div class='ocr_carea' id='block_1_56' title="bbox 490 3895 2079 3968">
    <p class='ocr_par' dir='ltr' id='par_1_56' title="bbox 490 3895 2079 3968">
     <span class='ocr_line' id='line_1_56' title="bbox 490 3895 2079 3968; baseline 0.006 -24"><span class='ocrx_word' id='word_1_387' title='bbox 490 3900 802 3959; x_wconf 82' lang='lat' dir='ltr'><strong>pesserent,</strong></span> <span class='ocrx_word' id='word_1_388' title='bbox 859 3907 1032 3963; x_wconf 89' lang='lat' dir='ltr'><strong>seque</strong></span> <span class='ocrx_word' id='word_1_389' title='bbox 1083 3895 1224 3950; x_wconf 90' lang='lat' dir='ltr'><strong>adeo</strong></span> <span class='ocrx_word' id='word_1_390' title='bbox 1263 3903 1668 3963; x_wconf 79' lang='lat' dir='ltr'><strong>converterent,</strong></span> <span class='ocrx_word' id='word_1_391' title='bbox 1722 3897 2079 3968; x_wconf 86' lang='lat' dir='ltr'><strong>animumque</strong></span> 
     </span>
    </p>
   </div>
   <div class='ocr_carea' id='block_1_57' title="bbox 493 3991 794 4038">
    <p class='ocr_par' dir='ltr' id='par_1_57' title="bbox 493 3991 794 4038">
     <span class='ocr_line' id='line_1_57' title="bbox 493 3991 794 4038; baseline 0.013 -4"><span class='ocrx_word' id='word_1_392' title='bbox 493 3991 794 4038; x_wconf 84' lang='lat' dir='ltr'><strong>mutarent.</strong></span> 
     </span>
    </p>
   </div>
   <div class='ocr_carea' id='block_1_58' title="bbox 558 4074 2078 4145">
    <p class='ocr_par' dir='ltr' id='par_1_58' title="bbox 558 4074 2078 4145">
     <span class='ocr_line' id='line_1_58' title="bbox 558 4074 2078 4145; baseline 0.005 -18"><span class='ocrx_word' id='word_1_393' title='bbox 558 4074 924 4140; x_wconf 82' lang='lat' dir='ltr'><strong>Quamobrem</strong></span> <span class='ocrx_word' id='word_1_394' title='bbox 957 4093 1082 4133; x_wconf 93' lang='lat' dir='ltr'><strong>cum</strong></span> <span class='ocrx_word' id='word_1_395' title='bbox 1123 4078 1345 4134; x_wconf 84' lang='lat' dir='ltr'><strong>divinus</strong></span> <span class='ocrx_word' id='word_1_396' title='bbox 1377 4095 1579 4145; x_wconf 86' lang='lat' dir='ltr'><strong>sermo,</strong></span> <span class='ocrx_word' id='word_1_397' title='bbox 1616 4089 1731 4136; x_wconf 91' lang='lat' dir='ltr'><strong>tum</strong></span> <span class='ocrx_word' id='word_1_398' title='bbox 1763 4091 1952 4136; x_wconf 89' lang='lat' dir='ltr'><strong>sancta</strong></span> <span class='ocrx_word' id='word_1_399' title='bbox 1983 4079 2078 4135; x_wconf 84' lang='lat' dir='ltr'><strong>Dei</strong></span> 
     </span>
    </p>
   </div>
   <div class='ocr_carea' id='block_1_59' title="bbox 488 4163 2078 4240">
    <p class='ocr_par' dir='ltr' id='par_1_59' title="bbox 488 4163 2078 4240">
     <span class='ocr_line' id='line_1_59' title="bbox 488 4163 2078 4240; baseline 0.006 -24"><span class='ocrx_word' id='word_1_400' title='bbox 488 4163 735 4220; x_wconf 79' lang='lat' dir='ltr'><strong>Ecclesia</strong></span> <span class='ocrx_word' id='word_1_401' title='bbox 763 4177 1028 4238; x_wconf 89' lang='lat' dir='ltr'><strong>perpetuo</strong></span> <span class='ocrx_word' id='word_1_402' title='bbox 1045 4168 1423 4238; x_wconf 70' lang='lat' dir='ltr'><strong>pmnitentiam</strong></span> <span class='ocrx_word' id='word_1_403' title='bbox 1455 4170 1754 4240; x_wconf 89' lang='lat' dir='ltr'><strong>approbat;</strong></span> <span class='ocrx_word' id='word_1_404' title='bbox 1788 4187 1896 4225; x_wconf 88' lang='lat' dir='ltr'><strong>non</strong></span> <span class='ocrx_word' id='word_1_405' title='bbox 1931 4171 2078 4239; x_wconf 87' lang='lat' dir='ltr'><strong>quod</strong></span> 
     </span>
    </p>
   </div>
   <div class='ocr_carea' id='block_1_60' title="bbox 489 4259 2077 4332">
    <p class='ocr_par' dir='ltr' id='par_1_60' title="bbox 489 4259 2077 4332">
     <span class='ocr_line' id='line_1_60' title="bbox 489 4259 2077 4332; baseline 0.003 -21"><span class='ocrx_word' id='word_1_406' title='bbox 489 4259 711 4314; x_wconf 88' lang='lat' dir='ltr'><strong>mollior</strong></span> <span class='ocrx_word' id='word_1_407' title='bbox 767 4275 834 4314; x_wconf 88' lang='lat' dir='ltr'><strong>ac</strong></span> <span class='ocrx_word' id='word_1_408' title='bbox 875 4261 1105 4317; x_wconf 89' lang='lat' dir='ltr'><strong>dilutior</strong></span> <span class='ocrx_word' id='word_1_409' title='bbox 1139 4261 1236 4325; x_wconf 91' lang='lat' dir='ltr'><strong>sit,</strong></span> <span class='ocrx_word' id='word_1_410' title='bbox 1271 4269 1368 4314; x_wconf 89' lang='lat' dir='ltr'><strong>aut</strong></span> <span class='ocrx_word' id='word_1_411' title='bbox 1404 4263 1675 4332; x_wconf 76' lang='lat' dir='ltr'><strong>pigriores</strong></span> <span class='ocrx_word' id='word_1_412' title='bbox 1724 4264 1848 4319; x_wconf 90' lang='lat' dir='ltr'><strong>illos</strong></span> <span class='ocrx_word' id='word_1_413' title='bbox 1885 4263 2077 4328; x_wconf 88' lang='lat' dir='ltr'><strong>faciat,</strong></span> 
     </span>
    </p>
   </div>
   <div class='ocr_carea' id='block_1_61' title="bbox 485 4351 2076 4419">
    <p class='ocr_par' dir='ltr' id='par_1_61' title="bbox 485 4351 2076 4419">
     <span class='ocr_line' id='line_1_61' title="bbox 485 4351 2076 4419; baseline 0.003 -18"><span class='ocrx_word' id='word_1_414' title='bbox 485 4351 584 4418; x_wconf 88' lang='lat' dir='ltr'><strong>qui</strong></span> <span class='ocrx_word' id='word_1_415' title='bbox 619 4351 673 4404; x_wconf 92' lang='lat' dir='ltr'><strong>in</strong></span> <span class='ocrx_word' id='word_1_416' title='bbox 715 4351 810 4404; x_wconf 91' lang='lat' dir='ltr'><strong>illo</strong></span> <span class='ocrx_word' id='word_1_417' title='bbox 849 4352 1033 4406; x_wconf 90' lang='lat' dir='ltr'><strong>stadio</strong></span> <span class='ocrx_word' id='word_1_418' title='bbox 1083 4351 1417 4418; x_wconf 86' lang='lat' dir='ltr'><strong>decurrunt;</strong></span> <span class='ocrx_word' id='word_1_419' title='bbox 1457 4352 1550 4407; x_wconf 90' lang='lat' dir='ltr'><strong>sed</strong></span> <span class='ocrx_word' id='word_1_420' title='bbox 1598 4363 1658 4406; x_wconf 93' lang='lat' dir='ltr'><strong>ut</strong></span> <span class='ocrx_word' id='word_1_421' title='bbox 1697 4352 1790 4409; x_wconf 89' lang='lat' dir='ltr'><strong>Dei</strong></span> <span class='ocrx_word' id='word_1_422' title='bbox 1823 4353 2076 4419; x_wconf 70' lang='lat' dir='ltr'><strong>gratiam,</strong></span> 
     </span>
    </p>
   </div>
   <div class='ocr_carea' id='block_1_62' title="bbox 2180 1872 3779 1944">
    <p class='ocr_par' dir='ltr' id='par_1_62' title="bbox 2180 1872 3779 1944">
     <span class='ocr_line' id='line_1_62' title="bbox 2180 1872 3779 1944; baseline 0.001 -18"><span class='ocrx_word' id='word_1_423' title='bbox 2180 1872 2409 1928; x_wconf 75' lang='grc' dir='ltr'>πιοῦσα</span> <span class='ocrx_word' id='word_1_424' title='bbox 2432 1873 2540 1927; x_wconf 85' lang='grc' dir='ltr'>τὸν</span> <span class='ocrx_word' id='word_1_425' title='bbox 2557 1874 2651 1927; x_wconf 72' lang='grc' dir='ltr'><strong>ἐπ’</strong></span> <span class='ocrx_word' id='word_1_426' title='bbox 2675 1873 2865 1942; x_wconf 84' lang='grc' dir='ltr'>αὐτῆς</span> <span class='ocrx_word' id='word_1_427' title='bbox 2889 1875 3188 1941; x_wconf 75' lang='grc' dir='ltr'><strong>πολλάκις</strong></span> <span class='ocrx_word' id='word_1_428' title='bbox 3207 1874 3535 1944; x_wconf 83' lang='grc' dir='ltr'>ἐρχόμενον</span> <span class='ocrx_word' id='word_1_429' title='bbox 3559 1872 3779 1935; x_wconf 81' lang='grc' dir='ltr'>ὑετὸν,</span> 
     </span>
    </p>
   </div>
   <div class='ocr_carea' id='block_1_63' title="bbox 2181 1963 3781 2034">
    <p class='ocr_par' dir='ltr' id='par_1_63' title="bbox 2181 1963 3781 2034">
     <span class='ocr_line' id='line_1_63' title="bbox 2181 1963 3781 2034; baseline -0.004 -13"><span class='ocrx_word' id='word_1_430' title='bbox 2181 1969 2281 2022; x_wconf 75' lang='grc' dir='ltr'><strong>καὶ</strong></span> <span class='ocrx_word' id='word_1_431' title='bbox 2313 1967 2604 2023; x_wconf 76' lang='grc' dir='ltr'>τίκτουσα</span> <span class='ocrx_word' id='word_1_432' title='bbox 2638 1966 2914 2034; x_wconf 79' lang='grc' dir='ltr'>βοτάνην</span> <span class='ocrx_word' id='word_1_433' title='bbox 2943 1967 3191 2021; x_wconf 81' lang='grc' dir='ltr'>εὔθετον</span> <span class='ocrx_word' id='word_1_434' title='bbox 3230 1965 3502 2030; x_wconf 71' lang='grc' dir='ltr'>ἐκείνοις,</span> <span class='ocrx_word' id='word_1_435' title='bbox 3549 1963 3627 2016; x_wconf 83' lang='grc' dir='ltr'><strong>δι’</strong></span> <span class='ocrx_word' id='word_1_436' title='bbox 3658 1964 3781 2028; x_wconf 77' lang='grc' dir='ltr'>οὓς</span> 
     </span>
    </p>
   </div>
   <div class='ocr_carea' id='block_1_64' title="bbox 2181 2057 3782 2131">
    <p class='ocr_par' dir='ltr' id='par_1_64' title="bbox 2181 2057 3782 2131">
     <span class='ocr_line' id='line_1_64' title="bbox 2181 2057 3782 2131; baseline -0.004 -17"><span class='ocrx_word' id='word_1_437' title='bbox 2181 2060 2280 2114; x_wconf 75' lang='grc' dir='ltr'><strong>καὶ</strong></span> <span class='ocrx_word' id='word_1_438' title='bbox 2330 2059 2666 2131; x_wconf 70' lang='grc' dir='ltr'><strong>γεωργεῖται</strong></span> <span class='ocrx_word' id='word_1_439' title='bbox 2683 2099 2697 2122; x_wconf 90' lang='grc'><strong>,</strong></span> <span class='ocrx_word' id='word_1_440' title='bbox 2742 2058 3186 2129; x_wconf 70' lang='grc' dir='ltr'>μεταλαμϐάνει</span> <span class='ocrx_word' id='word_1_441' title='bbox 3211 2059 3510 2127; x_wconf 74' lang='grc' dir='ltr'>εὐλογίας.</span> <span class='ocrx_word' id='word_1_442' title='bbox 3552 2057 3782 2125; x_wconf 66' lang='grc' dir='ltr'><strong>Ἐκφέ·ο</strong></span> 
     </span>
    </p>
   </div>
   <div class='ocr_carea' id='block_1_65' title="bbox 2172 2147 3782 2222">
    <p class='ocr_par' dir='ltr' id='par_1_65' title="bbox 2172 2147 3782 2222">
     <span class='ocr_line' id='line_1_65' title="bbox 2172 2147 3782 2222; baseline -0.006 -13"><span class='ocrx_word' id='word_1_443' title='bbox 2172 2169 2374 2222; x_wconf 90' lang='grc' dir='ltr'>ρουσα</span> <span class='ocrx_word' id='word_1_444' title='bbox 2403 2151 2473 2206; x_wconf 74' lang='grc' dir='ltr'><strong>δὲ</strong></span> <span class='ocrx_word' id='word_1_445' title='bbox 2521 2152 2792 2220; x_wconf 81' lang='grc' dir='ltr'><strong>ἀκάνθας</strong></span> <span class='ocrx_word' id='word_1_446' title='bbox 2832 2153 2931 2206; x_wconf 77' lang='grc' dir='ltr'><strong>καὶ</strong></span> <span class='ocrx_word' id='word_1_447' title='bbox 2960 2152 3296 2218; x_wconf 74' lang='grc' dir='ltr'>τριϐόλους,</span> <span class='ocrx_word' id='word_1_448' title='bbox 3325 2149 3631 2218; x_wconf 78' lang='grc' dir='ltr'>ἀδόκιμος,</span> <span class='ocrx_word' id='word_1_449' title='bbox 3665 2147 3782 2200; x_wconf 73' lang='grc' dir='ltr'>και</span> 
     </span>
    </p>
   </div>
   <div class='ocr_carea' id='block_1_66' title="bbox 2181 2240 3784 2315">
    <p class='ocr_par' dir='ltr' id='par_1_66' title="bbox 2181 2240 3784 2315">
     <span class='ocr_line' id='line_1_66' title="bbox 2181 2240 3784 2315; baseline -0.004 -17"><span class='ocrx_word' id='word_1_450' title='bbox 2181 2243 2446 2315; x_wconf 77' lang='grc' dir='ltr'>κατάρας</span> <span class='ocrx_word' id='word_1_451' title='bbox 2474 2245 2688 2315; x_wconf 73' lang='grc' dir='ltr'>ἐγγύς·</span> <span class='ocrx_word' id='word_1_452' title='bbox 2717 2240 2794 2315; x_wconf 83' lang='grc' dir='ltr'>ἧς</span> <span class='ocrx_word' id='word_1_453' title='bbox 2827 2245 2893 2299; x_wconf 87' lang='grc' dir='ltr'>τὸ</span> <span class='ocrx_word' id='word_1_454' title='bbox 2915 2243 3091 2310; x_wconf 73' lang='grc' dir='ltr'>τέλος</span> <span class='ocrx_word' id='word_1_455' title='bbox 3121 2245 3209 2310; x_wconf 77' lang='grc' dir='ltr'><strong>είς</strong></span> <span class='ocrx_word' id='word_1_456' title='bbox 3238 2241 3480 2297; x_wconf 83' lang='grc' dir='ltr'>καῦσιν.</span> <span class='ocrx_word' id='word_1_457' title='bbox 3511 2240 3624 2295; x_wconf 72' lang='grc' dir='ltr'>Καὶ</span> <span class='ocrx_word' id='word_1_458' title='bbox 3654 2242 3784 2311; x_wconf 73' lang='grc' dir='ltr'><strong>γὰρ</strong></span> 
     </span>
    </p>
   </div>
   <div class='ocr_carea' id='block_1_67' title="bbox 2179 2328 3782 2406">
    <p class='ocr_par' dir='ltr' id='par_1_67' title="bbox 2179 2328 3782 2406">
     <span class='ocr_line' id='line_1_67' title="bbox 2179 2328 3782 2406; baseline -0.005 -17"><span class='ocrx_word' id='word_1_459' title='bbox 2179 2334 2259 2406; x_wconf 87' lang='grc' dir='ltr'>τῷ</span> <span class='ocrx_word' id='word_1_460' title='bbox 2289 2335 2388 2404; x_wconf 73' lang='grc' dir='ltr'>μὲν</span> <span class='ocrx_word' id='word_1_461' title='bbox 2422 2333 2538 2388; x_wconf 75' lang='grc' dir='ltr'>ὄντι</span> <span class='ocrx_word' id='word_1_462' title='bbox 2576 2334 2704 2398; x_wconf 80' lang='grc' dir='ltr'>τοὺς</span> <span class='ocrx_word' id='word_1_463' title='bbox 2741 2333 2891 2399; x_wconf 72' lang='grc' dir='ltr'>ἅπαξ</span> <span class='ocrx_word' id='word_1_464' title='bbox 2918 2329 3406 2394; x_wconf 80' lang='grc' dir='ltr'>ἀνακαινισθέντας</span> <span class='ocrx_word' id='word_1_465' title='bbox 3447 2328 3542 2384; x_wconf 83' lang='grc' dir='ltr'><strong>καί</strong></span> <span class='ocrx_word' id='word_1_466' title='bbox 3577 2345 3782 2400; x_wconf 72' lang='grc' dir='ltr'>παρα-</span> 
     </span>
    </p>
   </div>
   <div class='ocr_carea' id='block_1_68' title="bbox 2183 2420 3786 2492">
    <p class='ocr_par' dir='ltr' id='par_1_68' title="bbox 2183 2420 3786 2492">
     <span class='ocr_line' id='line_1_68' title="bbox 2183 2420 3786 2492; baseline -0.002 -15"><span class='ocrx_word' id='word_1_467' title='bbox 2183 2423 2447 2488; x_wconf 85' lang='grc' dir='ltr'>πεσόντας</span> <span class='ocrx_word' id='word_1_468' title='bbox 2478 2425 2852 2488; x_wconf 77' lang='grc' dir='ltr'>ἀνακαινίζειν</span> <span class='ocrx_word' id='word_1_469' title='bbox 2883 2424 3165 2479; x_wconf 83' lang='grc' dir='ltr'>ἀδύνατον.</span> <span class='ocrx_word' id='word_1_470' title='bbox 3207 2420 3346 2476; x_wconf 70' lang='grc' dir='ltr'>Οὔτε</span> <span class='ocrx_word' id='word_1_471' title='bbox 3381 2421 3490 2492; x_wconf 79' lang='grc' dir='ltr'>γὰρ</span> <span class='ocrx_word' id='word_1_472' title='bbox 3528 2420 3610 2472; x_wconf 76' lang='grc' dir='ltr'>ἔτι</span> <span class='ocrx_word' id='word_1_473' title='bbox 3641 2437 3786 2488; x_wconf 82' lang='grc' dir='ltr'>γεν-</span> 
     </span>
    </p>
   </div>
   <div class='ocr_carea' id='block_1_69' title="bbox 2180 2510 3785 2588">
    <p class='ocr_par' dir='ltr' id='par_1_69' title="bbox 2180 2510 3785 2588">
     <span class='ocr_line' id='line_1_69' title="bbox 2180 2510 3785 2588; baseline -0.003 -20"><span class='ocrx_word' id='word_1_474' title='bbox 2180 2514 2475 2587; x_wconf 84' lang='grc' dir='ltr'>νηθήσεται</span> <span class='ocrx_word' id='word_1_475' title='bbox 2514 2517 2769 2588; x_wconf 83' lang='grc' dir='ltr'>Χριστὸς,</span> <span class='ocrx_word' id='word_1_476' title='bbox 2797 2517 2885 2570; x_wconf 84' lang='grc' dir='ltr'><strong>ἴνα</strong></span> <span class='ocrx_word' id='word_1_477' title='bbox 2916 2515 3210 2586; x_wconf 77' lang='grc' dir='ltr'>σταυρωθῇ</span> <span class='ocrx_word' id='word_1_478' title='bbox 3247 2513 3390 2584; x_wconf 83' lang='grc' dir='ltr'>ὑπὲρ</span> <span class='ocrx_word' id='word_1_479' title='bbox 3414 2511 3572 2584; x_wconf 83' lang='grc' dir='ltr'>ἡμῶν</span> <span class='ocrx_word' id='word_1_480' title='bbox 3595 2528 3610 2542; x_wconf 75' lang='grc' dir='ltr'><strong>ο</strong></span> <span class='ocrx_word' id='word_1_481' title='bbox 3637 2510 3785 2565; x_wconf 75' lang='grc' dir='ltr'>οὗτε</span> 
     </span>
    </p>
   </div>
   <div class='ocr_carea' id='block_1_70' title="bbox 2180 2602 3786 2680">
    <p class='ocr_par' dir='ltr' id='par_1_70' title="bbox 2180 2602 3786 2680">
     <span class='ocr_line' id='line_1_70' title="bbox 2180 2602 3786 2680; baseline -0.002 -21"><span class='ocrx_word' id='word_1_482' title='bbox 2180 2607 2555 2680; x_wconf 81' lang='grc' dir='ltr'>ἀνασταυροῦν</span> <span class='ocrx_word' id='word_1_483' title='bbox 2603 2605 2827 2662; x_wconf 80' lang='grc' dir='ltr'>δύναταί</span> <span class='ocrx_word' id='word_1_484' title='bbox 2886 2624 2974 2671; x_wconf 84' lang='grc' dir='ltr'><strong>τις</strong></span> <span class='ocrx_word' id='word_1_485' title='bbox 3001 2606 3093 2660; x_wconf 83' lang='grc' dir='ltr'>τὸν</span> <span class='ocrx_word' id='word_1_486' title='bbox 3131 2605 3260 2659; x_wconf 83' lang='grc' dir='ltr'>Υίὸν</span> <span class='ocrx_word' id='word_1_487' title='bbox 3308 2603 3404 2658; x_wconf 85' lang='grc' dir='ltr'><strong>τοῦ</strong></span> <span class='ocrx_word' id='word_1_488' title='bbox 3462 2603 3628 2669; x_wconf 85' lang='grc' dir='ltr'>Θεοῦ,</span> <span class='ocrx_word' id='word_1_489' title='bbox 3671 2602 3786 2657; x_wconf 71' lang='grc' dir='ltr'>τὸν</span> 
     </span>
    </p>
   </div>
   <div class='ocr_carea' id='block_1_71' title="bbox 2183 2694 3784 2771">
    <p class='ocr_par' dir='ltr' id='par_1_71' title="bbox 2183 2694 3784 2771">
     <span class='ocr_line' id='line_1_71' title="bbox 2183 2694 3784 2771; baseline -0.002 -19"><span class='ocrx_word' id='word_1_490' title='bbox 2183 2697 2384 2769; x_wconf 82' lang='grc' dir='ltr'>μηκέτι</span> <span class='ocrx_word' id='word_1_491' title='bbox 2408 2698 2812 2771; x_wconf 87' lang='grc' dir='ltr'>σταυρούμενον</span> <span class='ocrx_word' id='word_1_492' title='bbox 2829 2714 2846 2731; x_wconf 88' lang='grc'><strong>·</strong></span> <span class='ocrx_word' id='word_1_493' title='bbox 2871 2699 2998 2753; x_wconf 82' lang='grc' dir='ltr'>οὔτε</span> <span class='ocrx_word' id='word_1_494' title='bbox 3029 2696 3254 2753; x_wconf 85' lang='grc' dir='ltr'>δύναταί</span> <span class='ocrx_word' id='word_1_495' title='bbox 3281 2713 3366 2761; x_wconf 88' lang='grc' dir='ltr'><strong>τις</strong></span> <span class='ocrx_word' id='word_1_496' title='bbox 3389 2694 3612 2768; x_wconf 77' lang='grc' dir='ltr'>λουτρὸν</span> <span class='ocrx_word' id='word_1_497' title='bbox 3637 2694 3784 2749; x_wconf 80' lang='grc' dir='ltr'>δεύ-</span> 
     </span>
    </p>
   </div>
   <div class='ocr_carea' id='block_1_72' title="bbox 2178 2779 3784 2864">
    <p class='ocr_par' dir='ltr' id='par_1_72' title="bbox 2178 2779 3784 2864">
     <span class='ocr_line' id='line_1_72' title="bbox 2178 2779 3784 2864; baseline -0.003 -20"><span class='ocrx_word' id='word_1_498' title='bbox 2178 2807 2341 2864; x_wconf 83' lang='grc' dir='ltr'>τερον</span> <span class='ocrx_word' id='word_1_499' title='bbox 2366 2790 2686 2863; x_wconf 79' lang='grc' dir='ltr'>λαμόἀνειν.</span> <span class='ocrx_word' id='word_1_500' title='bbox 2719 2792 2818 2845; x_wconf 81' lang='grc' dir='ltr'>Ἓν</span> <span class='ocrx_word' id='word_1_501' title='bbox 2849 2791 2958 2863; x_wconf 79' lang='grc' dir='ltr'><strong>γάρ</strong></span> <span class='ocrx_word' id='word_1_502' title='bbox 2989 2790 3110 2844; x_wconf 78' lang='grc' dir='ltr'>ἐστι</span> <span class='ocrx_word' id='word_1_503' title='bbox 3135 2789 3199 2843; x_wconf 76' lang='grc' dir='ltr'>τὸ</span> <span class='ocrx_word' id='word_1_504' title='bbox 3223 2788 3527 2859; x_wconf 83' lang='grc' dir='ltr'>βάπτισμα,</span> <span class='ocrx_word' id='word_1_505' title='bbox 3558 2785 3656 2840; x_wconf 81' lang='grc' dir='ltr'>καὶ</span> <span class='ocrx_word' id='word_1_506' title='bbox 3685 2779 3784 2850; x_wconf 77' lang='grc' dir='ltr'><strong>εἷς</strong></span> 
     </span>
    </p>
   </div>
   <div class='ocr_carea' id='block_1_73' title="bbox 2179 2880 3782 2956">
    <p class='ocr_par' dir='ltr' id='par_1_73' title="bbox 2179 2880 3782 2956">
     <span class='ocr_line' id='line_1_73' title="bbox 2179 2880 3782 2956; baseline -0.002 -19"><span class='ocrx_word' id='word_1_507' title='bbox 2179 2885 2209 2937; x_wconf 80' lang='grc' dir='ltr'>ὁ</span> <span class='ocrx_word' id='word_1_508' title='bbox 2255 2884 2629 2956; x_wconf 76' lang='grc' dir='ltr'>ἑγκαινισμός.</span> <span class='ocrx_word' id='word_1_509' title='bbox 2675 2883 2838 2938; x_wconf 81' lang='grc' dir='ltr'>Ἀλλὰ</span> <span class='ocrx_word' id='word_1_510' title='bbox 2885 2882 3049 2946; x_wconf 80' lang='grc' dir='ltr'>εὐθὺς</span> <span class='ocrx_word' id='word_1_511' title='bbox 3092 2881 3341 2953; x_wconf 73' lang='grc' dir='ltr'>ἐπιφέρει</span> <span class='ocrx_word' id='word_1_512' title='bbox 3395 2881 3504 2952; x_wconf 77' lang='grc' dir='ltr'>τὴν</span> <span class='ocrx_word' id='word_1_513' title='bbox 3550 2880 3782 2933; x_wconf 86' lang='grc' dir='ltr'>τούτων</span> 
     </span>
    </p>
   </div>
   <div class='ocr_carea' id='block_1_74' title="bbox 2182 2968 3779 3043">
    <p class='ocr_par' dir='ltr' id='par_1_74' title="bbox 2182 2968 3779 3043">
     <span class='ocr_line' id='line_1_74' title="bbox 2182 2968 3779 3043; baseline -0.004 -16"><span class='ocrx_word' id='word_1_514' title='bbox 2182 2975 2328 3028; x_wconf 79' lang='grc' dir='ltr'>τασιν</span> <span class='ocrx_word' id='word_1_515' title='bbox 2355 2975 2386 3028; x_wconf 81' lang='grc'>6</span> <span class='ocrx_word' id='word_1_516' title='bbox 2418 2975 2576 3043; x_wconf 67' lang='grc' dir='ltr'>ἅγιος</span> <span class='ocrx_word' id='word_1_517' title='bbox 2609 2973 2954 3037; x_wconf 80' lang='grc' dir='ltr'>Ἀπόστολος,</span> <span class='ocrx_word' id='word_1_518' title='bbox 2983 2973 3083 3042; x_wconf 78' lang='grc' dir='ltr'>τὴν</span> <span class='ocrx_word' id='word_1_519' title='bbox 3116 2969 3445 3042; x_wconf 78' lang='grc' dir='ltr'>Ἐκκλησίαν</span> <span class='ocrx_word' id='word_1_520' title='bbox 3474 2968 3779 3040; x_wconf 81' lang='grc' dir='ltr'>ίατρεύων,</span> 
     </span>
    </p>
   </div>
   <div class='ocr_carea' id='block_1_75' title="bbox 2181 3061 3776 3136">
    <p class='ocr_par' dir='ltr' id='par_1_75' title="bbox 2181 3061 3776 3136">
     <span class='ocr_line' id='line_1_75' title="bbox 2181 3061 3776 3136; baseline -0.004 -16"><span class='ocrx_word' id='word_1_521' title='bbox 2181 3067 2276 3120; x_wconf 72' lang='grc' dir='ltr'>καὶ</span> <span class='ocrx_word' id='word_1_522' title='bbox 2325 3065 2435 3120; x_wconf 84' lang='grc' dir='ltr'><strong>τῶν</strong></span> <span class='ocrx_word' id='word_1_523' title='bbox 2485 3065 2660 3136; x_wconf 84' lang='grc' dir='ltr'>αὐτῆς</span> <span class='ocrx_word' id='word_1_524' title='bbox 2713 3064 2892 3136; x_wconf 85' lang='grc' dir='ltr'>μελῶν</span> <span class='ocrx_word' id='word_1_525' title='bbox 2939 3063 3398 3136; x_wconf 74' lang='grc' dir='ltr'>ἐπιμελούμενοςο</span> <span class='ocrx_word' id='word_1_526' title='bbox 3453 3061 3546 3116; x_wconf 81' lang='grc' dir='ltr'><strong>καί</strong></span> <span class='ocrx_word' id='word_1_527' title='bbox 3595 3078 3776 3132; x_wconf 75' lang='grc' dir='ltr'>φησισ</span> 
     </span>
    </p>
   </div>
   <div class='ocr_carea' id='block_1_76' title="bbox 2103 3121 3778 3228">
    <p class='ocr_par' dir='ltr' id='par_1_76' title="bbox 2103 3121 3778 3228">
     <span class='ocr_line' id='line_1_76' title="bbox 2103 3121 3778 3228; baseline -0.005 -15"><span class='ocrx_word' id='word_1_528' title='bbox 2103 3121 2152 3185; x_wconf 70' lang='lat' dir='ltr'><strong>c</strong></span> <span class='ocrx_word' id='word_1_529' title='bbox 2180 3159 2558 3228; x_wconf 71' lang='grc' dir='ltr'>Πεπείσμεθα</span> <span class='ocrx_word' id='word_1_530' title='bbox 2697 3121 2831 3226; x_wconf 67' lang='grc' dir='ltr'>περὶ</span> <span class='ocrx_word' id='word_1_531' title='bbox 2867 3121 3065 3226; x_wconf 53' lang='grc' dir='ltr'>ὑμῶν’,</span> <span class='ocrx_word' id='word_1_532' title='bbox 3104 3121 3420 3225; x_wconf 74' lang='grc' dir='ltr'>ἀγαπητοὶ,</span> <span class='ocrx_word' id='word_1_533' title='bbox 3461 3153 3534 3206; x_wconf 81' lang='grc' dir='ltr'>τὰ</span> <span class='ocrx_word' id='word_1_534' title='bbox 3565 3121 3778 3220; x_wconf 72' lang='grc' dir='ltr'>κρείτ-</span> 
     </span>
    </p>
   </div>
   <div class='ocr_carea' id='block_1_77' title="bbox 2180 3242 3777 3317">
    <p class='ocr_par' dir='ltr' id='par_1_77' title="bbox 2180 3242 3777 3317">
     <span class='ocr_line' id='line_1_77' title="bbox 2180 3242 3777 3317; baseline -0.007 -12"><span class='ocrx_word' id='word_1_535' title='bbox 2180 3265 2345 3315; x_wconf 82' lang='grc' dir='ltr'>τονα,</span> <span class='ocrx_word' id='word_1_536' title='bbox 2369 3247 2468 3302; x_wconf 75' lang='grc' dir='ltr'>καὶ</span> <span class='ocrx_word' id='word_1_537' title='bbox 2488 3248 2749 3317; x_wconf 81' lang='grc' dir='ltr'>ἐχόμενα</span> <span class='ocrx_word' id='word_1_538' title='bbox 2773 3246 3092 3314; x_wconf 82' lang='grc' dir='ltr'>σωτηρίας,</span> <span class='ocrx_word' id='word_1_539' title='bbox 3115 3246 3167 3298; x_wconf 83' lang='grc' dir='ltr'>εὶ</span> <span class='ocrx_word' id='word_1_540' title='bbox 3205 3243 3305 3297; x_wconf 74' lang='grc' dir='ltr'><strong>καὶ</strong></span> <span class='ocrx_word' id='word_1_541' title='bbox 3331 3243 3518 3310; x_wconf 81' lang='grc' dir='ltr'>οὕτως</span> <span class='ocrx_word' id='word_1_542' title='bbox 3537 3242 3777 3296; x_wconf 67' lang='grc' dir='ltr'>λαλοῦ-</span> 
     </span>
    </p>
   </div>
   <div class='ocr_carea' id='block_1_78' title="bbox 2173 3335 3775 3413">
    <p class='ocr_par' dir='ltr' id='par_1_78' title="bbox 2173 3335 3775 3413">
     <span class='ocr_line' id='line_1_78' title="bbox 2173 3335 3775 3413; baseline -0.004 -18"><span class='ocrx_word' id='word_1_543' title='bbox 2173 3360 2309 3413; x_wconf 85' lang='grc' dir='ltr'>μεν.</span> <span class='ocrx_word' id='word_1_544' title='bbox 2341 3344 2424 3395; x_wconf 85' lang='grc' dir='ltr'><strong>οὑ</strong></span> <span class='ocrx_word' id='word_1_545' title='bbox 2447 3341 2558 3410; x_wconf 80' lang='grc' dir='ltr'>γὰρ</span> <span class='ocrx_word' id='word_1_546' title='bbox 2580 3340 2786 3405; x_wconf 78' lang='grc' dir='ltr'>ᾶὸικος</span> <span class='ocrx_word' id='word_1_547' title='bbox 2817 3343 2852 3394; x_wconf 89' lang='grc' dir='ltr'><strong>ό</strong></span> <span class='ocrx_word' id='word_1_548' title='bbox 2883 3338 3029 3405; x_wconf 84' lang='grc' dir='ltr'>Θεὸς</span> <span class='ocrx_word' id='word_1_549' title='bbox 3061 3337 3450 3392; x_wconf 76' lang='grc' dir='ltr'>ἐπιλαθέσθαι</span> <span class='ocrx_word' id='word_1_550' title='bbox 3481 3335 3588 3390; x_wconf 86' lang='grc' dir='ltr'><strong>τοῦ</strong></span> <span class='ocrx_word' id='word_1_551' title='bbox 3615 3337 3775 3406; x_wconf 79' lang='grc' dir='ltr'>ἀγα-</span> 
     </span>
    </p>
   </div>
   <div class='ocr_carea' id='block_1_79' title="bbox 2180 3427 3775 3502">
    <p class='ocr_par' dir='ltr' id='par_1_79' title="bbox 2180 3427 3775 3502">
     <span class='ocr_line' id='line_1_79' title="bbox 2180 3427 3775 3502; baseline -0.007 -13"><span class='ocrx_word' id='word_1_552' title='bbox 2180 3435 2289 3490; x_wconf 88' lang='grc' dir='ltr'><strong>θοῦ</strong></span> <span class='ocrx_word' id='word_1_553' title='bbox 2319 3433 2498 3502; x_wconf 76' lang='grc' dir='ltr'>ἔργου</span> <span class='ocrx_word' id='word_1_554' title='bbox 2521 3430 2708 3501; x_wconf 84' lang='grc' dir='ltr'>ὑμῶν.</span> <span class='ocrx_word' id='word_1_555' title='bbox 2741 3431 2852 3484; x_wconf 74' lang='grc' dir='ltr'><strong>Καὶ</strong></span> <span class='ocrx_word' id='word_1_556' title='bbox 2871 3431 3004 3501; x_wconf 78' lang='grc' dir='ltr'>ὁρᾷς</span> <span class='ocrx_word' id='word_1_557' title='bbox 3027 3429 3144 3494; x_wconf 85' lang='grc' dir='ltr'><strong>πῶς</strong></span> <span class='ocrx_word' id='word_1_558' title='bbox 3172 3428 3264 3482; x_wconf 83' lang='grc' dir='ltr'>τδν</span> <span class='ocrx_word' id='word_1_559' title='bbox 3295 3427 3652 3496; x_wconf 73' lang='grc' dir='ltr'>ὲγκαινισμὸν</span> <span class='ocrx_word' id='word_1_560' title='bbox 3686 3429 3775 3499; x_wconf 78' lang='grc' dir='ltr'>μὴ</span> 
     </span>
    </p>
   </div>
   <div class='ocr_carea' id='block_1_80' title="bbox 2179 3519 3774 3594">
    <p class='ocr_par' dir='ltr' id='par_1_80' title="bbox 2179 3519 3774 3594">
     <span class='ocr_line' id='line_1_80' title="bbox 2179 3519 3774 3594; baseline -0.005 -14"><span class='ocrx_word' id='word_1_561' title='bbox 2179 3526 2438 3580; x_wconf 85' lang='grc' dir='ltr'>δύνασθαι</span> <span class='ocrx_word' id='word_1_562' title='bbox 2465 3524 2717 3594; x_wconf 85' lang='grc' dir='ltr'>δεύτερον</span> <span class='ocrx_word' id='word_1_563' title='bbox 2748 3522 3002 3592; x_wconf 85' lang='grc' dir='ltr'>γενέσθαι</span> <span class='ocrx_word' id='word_1_564' title='bbox 3030 3521 3252 3584; x_wconf 88' lang='grc' dir='ltr'>τελείως</span> <span class='ocrx_word' id='word_1_565' title='bbox 3280 3521 3630 3590; x_wconf 72' lang='grc' dir='ltr'>ἀπεφήνατοο</span> <span class='ocrx_word' id='word_1_566' title='bbox 3661 3519 3774 3589; x_wconf 83' lang='grc' dir='ltr'>τῆς</span> 
     </span>
    </p>
   </div>
   <div class='ocr_carea' id='block_1_81' title="bbox 2177 3609 3774 3688">
    <p class='ocr_par' dir='ltr' id='par_1_81' title="bbox 2177 3609 3774 3688">
     <span class='ocr_line' id='line_1_81' title="bbox 2177 3609 3774 3688; baseline -0.005 -16"><span class='ocrx_word' id='word_1_567' title='bbox 2177 3618 2236 3673; x_wconf 84' lang='grc' dir='ltr'><strong>δὲ</strong></span> <span class='ocrx_word' id='word_1_568' title='bbox 2269 3617 2542 3688; x_wconf 79' lang='grc' dir='ltr'>σωτηρίας</span> <span class='ocrx_word' id='word_1_569' title='bbox 2584 3615 2686 3669; x_wconf 82' lang='grc' dir='ltr'>οὐκ</span> <span class='ocrx_word' id='word_1_570' title='bbox 2727 3614 3011 3684; x_wconf 83' lang='grc' dir='ltr'>ἀπέτρεπε</span> <span class='ocrx_word' id='word_1_571' title='bbox 3048 3613 3174 3677; x_wconf 81' lang='grc' dir='ltr'>τοὺς</span> <span class='ocrx_word' id='word_1_572' title='bbox 3215 3611 3296 3665; x_wconf 76' lang='grc' dir='ltr'>ἔτι</span> <span class='ocrx_word' id='word_1_573' title='bbox 3345 3609 3774 3682; x_wconf 78' lang='grc' dir='ltr'>μετανοοῦντας,</span> 
     </span>
    </p>
   </div>
   <div class='ocr_carea' id='block_1_82' title="bbox 2179 3702 3776 3778">
    <p class='ocr_par' dir='ltr' id='par_1_82' title="bbox 2179 3702 3776 3778">
     <span class='ocr_line' id='line_1_82' title="bbox 2179 3702 3776 3778; baseline -0.005 -14"><span class='ocrx_word' id='word_1_574' title='bbox 2179 3708 2315 3764; x_wconf 80' lang='grc' dir='ltr'>ἀλλὰ</span> <span class='ocrx_word' id='word_1_575' title='bbox 2345 3710 2438 3763; x_wconf 78' lang='grc' dir='ltr'>καὶ</span> <span class='ocrx_word' id='word_1_576' title='bbox 2469 3707 2745 3778; x_wconf 83' lang='grc' dir='ltr'>σωτηρίας</span> <span class='ocrx_word' id='word_1_577' title='bbox 2769 3704 3082 3776; x_wconf 77' lang='grc' dir='ltr'>ἐχομένους,</span> <span class='ocrx_word' id='word_1_578' title='bbox 3112 3705 3207 3757; x_wconf 73' lang='grc' dir='ltr'>καὶ</span> <span class='ocrx_word' id='word_1_579' title='bbox 3227 3702 3360 3758; x_wconf 81' lang='grc' dir='ltr'>Θεὸν</span> <span class='ocrx_word' id='word_1_580' title='bbox 3392 3702 3776 3774; x_wconf 77' lang='grc' dir='ltr'>ἁντιλήπτορα</span> 
     </span>
    </p>
   </div>
   <div class='ocr_carea' id='block_1_83' title="bbox 2178 3793 3774 3873">
    <p class='ocr_par' dir='ltr' id='par_1_83' title="bbox 2178 3793 3774 3873">
     <span class='ocr_line' id='line_1_83' title="bbox 2178 3793 3774 3873; baseline -0.006 -18"><span class='ocrx_word' id='word_1_581' title='bbox 2178 3802 2278 3873; x_wconf 81' lang='grc' dir='ltr'>τῆς</span> <span class='ocrx_word' id='word_1_582' title='bbox 2309 3798 2673 3873; x_wconf 81' lang='grc' dir='ltr'>ἀγαθοεργίας</span> <span class='ocrx_word' id='word_1_583' title='bbox 2705 3798 2918 3860; x_wconf 82' lang='grc' dir='ltr'>αὐτῶν,</span> <span class='ocrx_word' id='word_1_584' title='bbox 2952 3797 3047 3850; x_wconf 73' lang='grc' dir='ltr'><strong>καὶ</strong></span> <span class='ocrx_word' id='word_1_585' title='bbox 3077 3795 3188 3850; x_wconf 72' lang='grc' dir='ltr'><strong>ἀπὸ</strong></span> <span class='ocrx_word' id='word_1_586' title='bbox 3222 3796 3332 3848; x_wconf 82' lang='grc' dir='ltr'><strong>τῶν</strong></span> <span class='ocrx_word' id='word_1_587' title='bbox 3377 3793 3774 3868; x_wconf 80' lang='grc' dir='ltr'>παραπτωμά-</span> 
     </span>
    </p>
   </div>
   <div class='ocr_carea' id='block_1_84' title="bbox 2178 3886 3775 3960">
    <p class='ocr_par' dir='ltr' id='par_1_84' title="bbox 2178 3886 3775 3960">
     <span class='ocr_line' id='line_1_84' title="bbox 2178 3886 3775 3960; baseline -0.005 -14"><span class='ocrx_word' id='word_1_588' title='bbox 2178 3909 2287 3946; x_wconf 88' lang='grc' dir='ltr'>των</span> <span class='ocrx_word' id='word_1_589' title='bbox 2313 3891 2627 3944; x_wconf 83' lang='grc' dir='ltr'>τελειότατα</span> <span class='ocrx_word' id='word_1_590' title='bbox 2665 3889 3102 3959; x_wconf 84' lang='grc' dir='ltr'>μετανοούντων,</span> <span class='ocrx_word' id='word_1_591' title='bbox 3157 3888 3254 3942; x_wconf 74' lang='grc' dir='ltr'>καὶ</span> <span class='ocrx_word' id='word_1_592' title='bbox 3300 3886 3775 3960; x_wconf 69' lang='grc' dir='ltr'>ἐπιστρεφόντων,</span> 
     </span>
    </p>
   </div>
   <div class='ocr_carea' id='block_1_85' title="bbox 2179 3983 2787 4055">
    <p class='ocr_par' dir='ltr' id='par_1_85' title="bbox 2179 3983 2787 4055">
     <span class='ocr_line' id='line_1_85' title="bbox 2179 3983 2787 4055; baseline -0.002 -17"><span class='ocrx_word' id='word_1_593' title='bbox 2179 3985 2274 4038; x_wconf 80' lang='grc' dir='ltr'>καὶ</span> <span class='ocrx_word' id='word_1_594' title='bbox 2310 3983 2582 4055; x_wconf 84' lang='grc' dir='ltr'>μεταμελο</span> <span class='ocrx_word' id='word_1_595' title='bbox 2589 3983 2787 4053; x_wconf 91' lang='grc' dir='ltr'>μένων.</span> 
     </span>
    </p>
   </div>
   <div class='ocr_carea' id='block_1_86' title="bbox 2251 4067 3778 4142">
    <p class='ocr_par' dir='ltr' id='par_1_86' title="bbox 2251 4067 3778 4142">
     <span class='ocr_line' id='line_1_86' title="bbox 2251 4067 3778 4142; baseline -0.001 -18"><span class='ocrx_word' id='word_1_596' title='bbox 2251 4073 2474 4142; x_wconf 82' lang='grc' dir='ltr'>Δέχεται</span> <span class='ocrx_word' id='word_1_597' title='bbox 2503 4067 2596 4125; x_wconf 82' lang='grc' dir='ltr'>οὖν</span> <span class='ocrx_word' id='word_1_598' title='bbox 2620 4074 2648 4124; x_wconf 86' lang='grc' dir='ltr'>ὁ</span> <span class='ocrx_word' id='word_1_599' title='bbox 2667 4070 2822 4140; x_wconf 73' lang='grc' dir='ltr'>ἅγιος</span> <span class='ocrx_word' id='word_1_600' title='bbox 2841 4069 3018 4139; x_wconf 83' lang='grc' dir='ltr'>λόγος,</span> <span class='ocrx_word' id='word_1_601' title='bbox 3043 4070 3136 4124; x_wconf 72' lang='grc' dir='ltr'>καὶ</span> <span class='ocrx_word' id='word_1_602' title='bbox 3158 4072 3192 4141; x_wconf 82' lang='grc' dir='ltr'>ἡ</span> <span class='ocrx_word' id='word_1_603' title='bbox 3211 4069 3344 4139; x_wconf 79' lang='grc' dir='ltr'>ἁγία</span> <span class='ocrx_word' id='word_1_604' title='bbox 3371 4069 3510 4122; x_wconf 84' lang='grc' dir='ltr'>Θεοῦ</span> <span class='ocrx_word' id='word_1_605' title='bbox 3532 4069 3778 4140; x_wconf 70' lang='grc' dir='ltr'>Ἐκκληο</span> 
     </span>
    </p>
   </div>
   <div class='ocr_carea' id='block_1_87' title="bbox 2182 4161 3776 4234">
    <p class='ocr_par' dir='ltr' id='par_1_87' title="bbox 2182 4161 3776 4234">
     <span class='ocr_line' id='line_1_87' title="bbox 2182 4161 3776 4234; baseline -0.003 -15"><span class='ocrx_word' id='word_1_606' title='bbox 2182 4166 2274 4220; x_wconf 91' lang='grc' dir='ltr'><strong>σία</strong></span> <span class='ocrx_word' id='word_1_607' title='bbox 2306 4165 2538 4219; x_wconf 82' lang='grc' dir='ltr'>πάντοτε</span> <span class='ocrx_word' id='word_1_608' title='bbox 2565 4162 2664 4234; x_wconf 81' lang='grc' dir='ltr'>τὴν</span> <span class='ocrx_word' id='word_1_609' title='bbox 2692 4163 3003 4233; x_wconf 79' lang='grc' dir='ltr'>μετάνοιαν,</span> <span class='ocrx_word' id='word_1_610' title='bbox 3035 4163 3138 4216; x_wconf 83' lang='grc' dir='ltr'>οὐκ</span> <span class='ocrx_word' id='word_1_611' title='bbox 3167 4161 3604 4233; x_wconf 81' lang='grc' dir='ltr'>ὲξυδαρευομένη</span> <span class='ocrx_word' id='word_1_612' title='bbox 3629 4161 3776 4232; x_wconf 86' lang='grc' dir='ltr'>(ιο),</span> 
     </span>
    </p>
   </div>
   <div class='ocr_carea' id='block_1_88' title="bbox 2179 4253 3777 4327">
    <p class='ocr_par' dir='ltr' id='par_1_88' title="bbox 2179 4253 3777 4327">
     <span class='ocr_line' id='line_1_88' title="bbox 2179 4253 3777 4327; baseline -0.004 -16"><span class='ocrx_word' id='word_1_613' title='bbox 2179 4258 2301 4312; x_wconf 83' lang='grc' dir='ltr'><strong>οὐδὲ</strong></span> <span class='ocrx_word' id='word_1_614' title='bbox 2353 4255 2632 4327; x_wconf 76' lang='grc' dir='ltr'>ῥᾳθύμους</span> <span class='ocrx_word' id='word_1_615' title='bbox 2684 4257 2812 4318; x_wconf 78' lang='grc' dir='ltr'>τοὺς</span> <span class='ocrx_word' id='word_1_616' title='bbox 2851 4254 2943 4308; x_wconf 82' lang='grc' dir='ltr'>τὸν</span> <span class='ocrx_word' id='word_1_617' title='bbox 2990 4254 3191 4326; x_wconf 88' lang='grc' dir='ltr'>δρόμον</span> <span class='ocrx_word' id='word_1_618' title='bbox 3240 4253 3531 4317; x_wconf 81' lang='grc' dir='ltr'>τελοῦντας</span> <span class='ocrx_word' id='word_1_619' title='bbox 3588 4271 3777 4324; x_wconf 89' lang='grc' dir='ltr'>παρα-</span> 
     </span>
    </p>
   </div>
   <div class='ocr_carea' id='block_1_89' title="bbox 2181 4345 3777 4418">
    <p class='ocr_par' dir='ltr' id='par_1_89' title="bbox 2181 4345 3777 4418">
     <span class='ocr_line' id='line_1_89' title="bbox 2181 4345 3777 4418; baseline -0.003 -16"><span class='ocrx_word' id='word_1_620' title='bbox 2181 4349 2549 4413; x_wconf 76' lang='grc' dir='ltr'>σκευάζουσα,</span> <span class='ocrx_word' id='word_1_621' title='bbox 2601 4346 2738 4400; x_wconf 79' lang='grc' dir='ltr'>ἀλλὰ</span> <span class='ocrx_word' id='word_1_622' title='bbox 2779 4347 2915 4400; x_wconf 88' lang='grc' dir='ltr'>Θεοῦ</span> <span class='ocrx_word' id='word_1_623' title='bbox 2949 4346 3048 4417; x_wconf 82' lang='grc' dir='ltr'>τὴν</span> <span class='ocrx_word' id='word_1_624' title='bbox 3097 4346 3257 4418; x_wconf 80' lang='grc' dir='ltr'>χάριν</span> <span class='ocrx_word' id='word_1_625' title='bbox 3303 4345 3400 4398; x_wconf 76' lang='grc' dir='ltr'>καὶ</span> <span class='ocrx_word' id='word_1_626' title='bbox 3445 4346 3546 4417; x_wconf 76' lang='grc' dir='ltr'>τὴν</span> <span class='ocrx_word' id='word_1_627' title='bbox 3580 4346 3777 4414; x_wconf 79' lang='grc' dir='ltr'>φιλαν-</span> 
     </span>
    </p>
   </div>
   <div class='ocr_carea' id='block_1_90' title="bbox 488 4436 2077 4516">
    <p class='ocr_par' dir='ltr' id='par_1_90' title="bbox 488 4442 2074 4513">
     <span class='ocr_line' id='line_1_90' title="bbox 488 4442 2074 4513; baseline 0.002 -19"><span class='ocrx_word' id='word_1_628' title='bbox 488 4442 997 4512; x_wconf 79' lang='lat' dir='ltr'><strong>lntmanitatemque</strong></span> <span class='ocrx_word' id='word_1_629' title='bbox 1035 4457 1144 4496; x_wconf 89' lang='lat' dir='ltr'><strong>non</strong></span> <span class='ocrx_word' id='word_1_630' title='bbox 1199 4443 1436 4511; x_wconf 85' lang='lat' dir='ltr'><strong>rejiciat,</strong></span> <span class='ocrx_word' id='word_1_631' title='bbox 1488 4456 1552 4498; x_wconf 92' lang='lat' dir='ltr'><strong>ac</strong></span> <span class='ocrx_word' id='word_1_632' title='bbox 1585 4443 1855 4513; x_wconf 87' lang='lat' dir='ltr'><strong>cujusque</strong></span> <span class='ocrx_word' id='word_1_633' title='bbox 1892 4459 2074 4498; x_wconf 74' lang='lat' dir='ltr'><strong>causa:</strong></span> 
     </span>
    </p>
   </div>
   <div class='ocr_carea' id='block_1_91' title="bbox 2178 4436 3780 4516">
    <p class='ocr_par' dir='ltr' id='par_1_91' title="bbox 2181 4436 3780 4512">
     <span class='ocr_line' id='line_1_91' title="bbox 2181 4436 3780 4512; baseline -0.001 -19"><span class='ocrx_word' id='word_1_634' title='bbox 2181 4441 2427 4512; x_wconf 86' lang='grc' dir='ltr'>θρωπίαν</span> <span class='ocrx_word' id='word_1_635' title='bbox 2463 4439 2538 4511; x_wconf 84' lang='grc' dir='ltr'>μὴ</span> <span class='ocrx_word' id='word_1_636' title='bbox 2570 4437 3006 4508; x_wconf 66' lang='grc' dir='ltr'>ἀνακάμπτουσιν.</span> <span class='ocrx_word' id='word_1_637' title='bbox 3047 4438 3184 4507; x_wconf 78' lang='grc' dir='ltr'><strong>(Η),</strong></span> <span class='ocrx_word' id='word_1_638' title='bbox 3218 4436 3562 4506; x_wconf 85' lang='grc' dir='ltr'>γινώσκουσα</span> <span class='ocrx_word' id='word_1_639' title='bbox 3590 4437 3653 4490; x_wconf 85' lang='grc' dir='ltr'><strong>δὲ</strong></span> <span class='ocrx_word' id='word_1_640' title='bbox 3683 4437 3780 4491; x_wconf 80' lang='grc' dir='ltr'>τὸν</span> 
     </span>
    </p>
   </div>
   <div class='ocr_carea' id='block_1_92' title="bbox 487 4534 2074 4606">
    <p class='ocr_par' dir='ltr' id='par_1_92' title="bbox 487 4534 2074 4606">
     <span class='ocr_line' id='line_1_92' title="bbox 487 4534 2074 4606; baseline 0.001 -20"><span class='ocrx_word' id='word_1_641' title='bbox 487 4534 712 4589; x_wconf 83' lang='lat' dir='ltr'><strong>modum</strong></span> <span class='ocrx_word' id='word_1_642' title='bbox 765 4551 830 4589; x_wconf 91' lang='lat' dir='ltr'><strong>ac</strong></span> <span class='ocrx_word' id='word_1_643' title='bbox 886 4537 1153 4590; x_wconf 88' lang='lat' dir='ltr'><strong>rationem</strong></span> <span class='ocrx_word' id='word_1_644' title='bbox 1192 4535 1526 4590; x_wconf 86' lang='lat' dir='ltr'><strong>consideret.</strong></span> <span class='ocrx_word' id='word_1_645' title='bbox 1559 4534 1630 4590; x_wconf 91' lang='lat' dir='ltr'><strong>Ut</strong></span> <span class='ocrx_word' id='word_1_646' title='bbox 1670 4537 1817 4591; x_wconf 88' lang='lat' dir='ltr'><strong>enim</strong></span> <span class='ocrx_word' id='word_1_647' title='bbox 1855 4536 1925 4599; x_wconf 90' lang='lat' dir='ltr'><strong>is,</strong></span> <span class='ocrx_word' id='word_1_648' title='bbox 1979 4536 2074 4606; x_wconf 86' lang='lat' dir='ltr'><strong>qui</strong></span> 
     </span>
    </p>
   </div>
   <div class='ocr_carea' id='block_1_93' title="bbox 560 4712 2077 4786">
    <p class='ocr_par' dir='ltr' id='par_1_93' title="bbox 560 4712 2077 4786">
     <span class='ocr_line' id='line_1_93' title="bbox 560 4712 2077 4786; baseline 0.001 -19"><span class='ocrx_word' id='word_1_649' title='bbox 560 4715 573 4743; x_wconf 85' lang='grc'>¹</span> <span class='ocrx_word' id='word_1_650' title='bbox 607 4712 742 4767; x_wconf 88' lang='lat' dir='ltr'><strong>Gen.</strong></span> <span class='ocrx_word' id='word_1_651' title='bbox 773 4728 844 4776; x_wconf 87' lang='lat' dir='ltr'><strong>tv,</strong></span> <span class='ocrx_word' id='word_1_652' title='bbox 872 4713 919 4764; x_wconf 92' lang='lat'><strong>7.</strong></span> <span class='ocrx_word' id='word_1_653' title='bbox 997 4717 1018 4746; x_wconf 77' lang='grc'>⁸</span> <span class='ocrx_word' id='word_1_654' title='bbox 1046 4713 1206 4768; x_wconf 83' lang='lat' dir='ltr'><strong>Joan.</strong></span> <span class='ocrx_word' id='word_1_655' title='bbox 1240 4715 1404 4774; x_wconf 71' lang='grc' dir='ltr'>ν.14.</span> <span class='ocrx_word' id='word_1_656' title='bbox 1480 4714 1503 4747; x_wconf 88' lang='grc'><em>³</em></span> <span class='ocrx_word' id='word_1_657' title='bbox 1531 4714 1692 4770; x_wconf 82' lang='lat' dir='ltr'><strong>Joan.</strong></span> <span class='ocrx_word' id='word_1_658' title='bbox 1724 4716 1929 4781; x_wconf 71' lang='lat' dir='ltr'><strong>xxr,15</strong></span> <span class='ocrx_word' id='word_1_659' title='bbox 1957 4732 2077 4786; x_wconf 88' lang='lat' dir='ltr'><strong>sqq.</strong></span> 
     </span>
    </p>
   </div>
   <div class='ocr_carea' id='block_1_94' title="bbox 555 4893 2075 4963">
    <p class='ocr_par' dir='ltr' id='par_1_94' title="bbox 555 4893 2075 4963">
     <span class='ocr_line' id='line_1_94' title="bbox 555 4893 2075 4963; baseline -0.002 -13"><span class='ocrx_word' id='word_1_660' title='bbox 555 4897 636 4963; x_wconf 69' lang='lat'><strong>(8)</strong></span> <span class='ocrx_word' id='word_1_661' title='bbox 676 4894 785 4949; x_wconf 79' lang='lat' dir='ltr'><strong>Kal</strong></span> <span class='ocrx_word' id='word_1_662' title='bbox 823 4893 976 4962; x_wconf 83' lang='grc' dir='ltr'>μετὰ</span> <span class='ocrx_word' id='word_1_663' title='bbox 1012 4893 1127 4962; x_wconf 84' lang='grc' dir='ltr'>τὴν</span> <span class='ocrx_word' id='word_1_664' title='bbox 1154 4893 1480 4962; x_wconf 83' lang='grc' dir='ltr'>μετάνοιαν</span> <span class='ocrx_word' id='word_1_665' title='bbox 1511 4893 1628 4962; x_wconf 80' lang='grc' dir='ltr'>τὴν</span> <span class='ocrx_word' id='word_1_666' title='bbox 1654 4893 2075 4962; x_wconf 70' lang='grc' dir='ltr'>μεταμέλειαν.</span> 
     </span>
    </p>
   </div>
   <div class='ocr_carea' id='block_1_95' title="bbox 486 4963 2079 5034">
    <p class='ocr_par' dir='ltr' id='par_1_95' title="bbox 486 4963 2079 5034">
     <span class='ocr_line' id='line_1_95' title="bbox 486 4963 2079 5034; baseline -0.004 -14"><span class='ocrx_word' id='word_1_667' title='bbox 486 4967 796 5020; x_wconf 77' lang='grc' dir='ltr'>Μετάνοιαν</span> <span class='ocrx_word' id='word_1_668' title='bbox 828 4963 1080 5034; x_wconf 73' lang='lat' dir='ltr'><strong>intelligit</strong></span> <span class='ocrx_word' id='word_1_669' title='bbox 1128 4965 1487 5034; x_wconf 79' lang='lat' dir='ltr'><strong>baptismum.</strong></span> <span class='ocrx_word' id='word_1_670' title='bbox 1521 4965 1666 5031; x_wconf 92' lang='lat' dir='ltr'><strong>quod</strong></span> <span class='ocrx_word' id='word_1_671' title='bbox 1719 4964 1942 5030; x_wconf 84' lang='grc' dir='ltr'>λουτρὸν</span> <span class='ocrx_word' id='word_1_672' title='bbox 1979 4963 2079 5034; x_wconf 81' lang='grc' dir='ltr'>τῆς</span> 
     </span>
    </p>
   </div>
   <div class='ocr_carea' id='block_1_96' title="bbox 491 5032 2070 5107">
    <p class='ocr_par' dir='ltr' id='par_1_96' title="bbox 491 5032 2070 5107">
     <span class='ocr_line' id='line_1_96' title="bbox 491 5032 2070 5107; baseline -0.003 -17"><span class='ocrx_word' id='word_1_673' title='bbox 491 5032 1136 5107; x_wconf 63' lang='lat' dir='ltr'><strong>patavolagappellatur,</strong></span> <span class='ocrx_word' id='word_1_674' title='bbox 1174 5045 1244 5107; x_wconf 92' lang='lat' dir='ltr'><strong>ut_</strong></span> <span class='ocrx_word' id='word_1_675' title='bbox 1268 5050 1296 5086; x_wconf 92' lang='lat' dir='ltr'><strong>a</strong></span> <span class='ocrx_word' id='word_1_676' title='bbox 1327 5032 1548 5107; x_wconf 74' lang='lat' dir='ltr'><strong>Iustino</strong></span> <span class='ocrx_word' id='word_1_677' title='bbox 1583 5045 1761 5107; x_wconf 60' lang='lat' dir='ltr'><strong>contr.</strong></span> <span class='ocrx_word' id='word_1_678' title='bbox 1793 5034 1990 5107; x_wconf 81' lang='lat' dir='ltr'><strong>Tryplt.</strong></span> <span class='ocrx_word' id='word_1_679' title='bbox 2038 5032 2070 5085; x_wconf 61' lang='grc'>⁷.</span> 
     </span>
    </p>
   </div>
   <div class='ocr_carea' id='block_1_97' title="bbox 561 5103 2076 5177">
    <p class='ocr_par' dir='ltr' id='par_1_97' title="bbox 561 5103 2076 5177">
     <span class='ocr_line' id='line_1_97' title="bbox 561 5103 2076 5177; baseline -0.003 -16"><span class='ocrx_word' id='word_1_680' title='bbox 561 5107 635 5177; x_wconf 82' lang='lat'><strong>(9)</strong></span> <span class='ocrx_word' id='word_1_681' title='bbox 681 5105 948 5174; x_wconf 63' lang='grc' dir='ltr'>Σριὶλλει</span> <span class='ocrx_word' id='word_1_682' title='bbox 979 5105 1046 5158; x_wconf 86' lang='grc' dir='ltr'><em>δὲ</em></span> <span class='ocrx_word' id='word_1_683' title='bbox 1076 5104 1298 5170; x_wconf 84' lang='grc' dir='ltr'>αὐτοὺς</span> <span class='ocrx_word' id='word_1_684' title='bbox 1342 5104 1660 5177; x_wconf 76' lang='grc' dir='ltr'>ῥητόν.</span> <span class='ocrx_word' id='word_1_685' title='bbox 1719 5103 1878 5159; x_wconf 85' lang='lat' dir='ltr'><strong>Hunc</strong></span> <span class='ocrx_word' id='word_1_686' title='bbox 1925 5105 2076 5177; x_wconf 84' lang='lat' dir='ltr'><strong>_Apo-</strong></span> 
     </span>
    </p>
   </div>
   <div class='ocr_carea' id='block_1_98' title="bbox 488 5174 2076 5245">
    <p class='ocr_par' dir='ltr' id='par_1_98' title="bbox 488 5174 2076 5245">
     <span class='ocr_line' id='line_1_98' title="bbox 488 5174 2076 5245; baseline -0.002 -13"><span class='ocrx_word' id='word_1_687' title='bbox 488 5174 624 5232; x_wconf 84' lang='lat' dir='ltr'><strong>stoli</strong></span> <span class='ocrx_word' id='word_1_688' title='bbox 653 5179 833 5232; x_wconf 73' lang='lat' dir='ltr'><strong>locum</strong></span> <span class='ocrx_word' id='word_1_689' title='bbox 861 5184 1073 5231; x_wconf 83' lang='lat' dir='ltr'><strong>veteres</strong></span> <span class='ocrx_word' id='word_1_690' title='bbox 1095 5191 1287 5245; x_wconf 76' lang='lat' dir='ltr'><strong>omnes</strong></span> <span class='ocrx_word' id='word_1_691' title='bbox 1320 5174 1387 5228; x_wconf 92' lang='lat' dir='ltr'><strong>ad</strong></span> <span class='ocrx_word' id='word_1_692' title='bbox 1415 5175 1762 5245; x_wconf 86' lang='lat' dir='ltr'><strong>baptismum</strong></span> <span class='ocrx_word' id='word_1_693' title='bbox 1801 5175 2076 5245; x_wconf 89' lang='lat' dir='ltr'><strong>pertinere</strong></span> 
     </span>
    </p>
   </div>
   <div class='ocr_carea' id='block_1_99' title="bbox 489 5244 2070 5319">
    <p class='ocr_par' dir='ltr' id='par_1_99' title="bbox 489 5244 2070 5319">
     <span class='ocr_line' id='line_1_99' title="bbox 489 5244 2070 5319; baseline -0.002 -19"><span class='ocrx_word' id='word_1_694' title='bbox 489 5258 703 5319; x_wconf 82' lang='lat' dir='ltr'><strong>putant.</strong></span> <span class='ocrx_word' id='word_1_695' title='bbox 751 5245 1106 5319; x_wconf 68' lang='lat' dir='ltr'><strong>liecentiores</strong></span> <span class='ocrx_word' id='word_1_696' title='bbox 1135 5244 1357 5315; x_wconf 87' lang='lat' dir='ltr'><strong>quidam</strong></span> <span class='ocrx_word' id='word_1_697' title='bbox 1393 5244 1460 5298; x_wconf 88' lang='lat' dir='ltr'><strong>de</strong></span> <span class='ocrx_word' id='word_1_698' title='bbox 1511 5244 1853 5316; x_wconf 78' lang='lat' dir='ltr'><strong>pumileutia,</strong></span> <span class='ocrx_word' id='word_1_699' title='bbox 1908 5246 2070 5299; x_wconf 79' lang='lat' dir='ltr'><strong>etiam</strong></span> 
     </span>
    </p>
   </div>
   <div class='ocr_carea' id='block_1_100' title="bbox 488 5317 2069 5388">
    <p class='ocr_par' dir='ltr' id='par_1_100' title="bbox 488 5317 2069 5388">
     <span class='ocr_line' id='line_1_100' title="bbox 488 5317 2069 5388; baseline -0.003 -16"><span class='ocrx_word' id='word_1_700' title='bbox 488 5317 613 5385; x_wconf 67' lang='lat' dir='ltr'><strong>quae</strong></span> <span class='ocrx_word' id='word_1_701' title='bbox 666 5326 789 5388; x_wconf 89' lang='lat' dir='ltr'><strong>post</strong></span> <span class='ocrx_word' id='word_1_702' title='bbox 841 5317 1196 5388; x_wconf 63' lang='lat' dir='ltr'><strong>baptismunr</strong></span> <span class='ocrx_word' id='word_1_703' title='bbox 1226 5324 1493 5388; x_wconf 72' lang='lat' dir='ltr'><strong>suscepta</strong></span> <span class='ocrx_word' id='word_1_704' title='bbox 1545 5321 1658 5388; x_wconf 76' lang='lat' dir='ltr'><strong>sit,</strong></span> <span class='ocrx_word' id='word_1_705' title='bbox 1717 5323 2069 5388; x_wconf 79' lang='lat' dir='ltr'><strong>acceperunt.</strong></span> 
     </span>
    </p>
   </div>
   <div class='ocr_carea' id='block_1_101' title="bbox 487 5385 2070 5455">
    <p class='ocr_par' dir='ltr' id='par_1_101' title="bbox 487 5385 2070 5455">
     <span class='ocr_line' id='line_1_101' title="bbox 487 5385 2070 5455; baseline -0.005 -11"><span class='ocrx_word' id='word_1_706' title='bbox 487 5390 642 5455; x_wconf 75' lang='lat' dir='ltr'><strong>Quod</strong></span> <span class='ocrx_word' id='word_1_707' title='bbox 669 5385 858 5440; x_wconf 69' lang='lat' dir='ltr'><strong>autem</strong></span> <span class='ocrx_word' id='word_1_708' title='bbox 896 5385 1244 5455; x_wconf 76' lang='lat' dir='ltr'><strong>impossibile</strong></span> <span class='ocrx_word' id='word_1_709' title='bbox 1277 5401 1400 5440; x_wconf 89' lang='lat' dir='ltr'><strong>esse</strong></span> <span class='ocrx_word' id='word_1_710' title='bbox 1443 5386 1583 5438; x_wconf 81' lang='lat' dir='ltr'><strong>dixit</strong></span> <span class='ocrx_word' id='word_1_711' title='bbox 1627 5386 1923 5454; x_wconf 85' lang='lat' dir='ltr'><strong>Apostolus</strong></span> <span class='ocrx_word' id='word_1_712' title='bbox 1956 5401 2070 5444; x_wconf 83' lang='lat' dir='ltr'><strong>eos,</strong></span> 
     </span>
    </p>
   </div>
   <div class='ocr_carea' id='block_1_102' title="bbox 485 5454 2073 5530">
    <p class='ocr_par' dir='ltr' id='par_1_102' title="bbox 485 5454 2073 5530">
     <span class='ocr_line' id='line_1_102' title="bbox 485 5454 2073 5530; baseline -0.004 -17"><span class='ocrx_word' id='word_1_713' title='bbox 485 5454 582 5530; x_wconf 84' lang='lat' dir='ltr'><strong>qui</strong></span> <span class='ocrx_word' id='word_1_714' title='bbox 617 5457 878 5530; x_wconf 77' lang='lat' dir='ltr'><strong>baptiz_ati</strong></span> <span class='ocrx_word' id='word_1_715' title='bbox 906 5454 1338 5530; x_wconf 32' lang='lat' dir='ltr'><strong>senrelut&#39;uerint,</strong></span> <span class='ocrx_word' id='word_1_716' title='bbox 1369 5455 1668 5530; x_wconf 81' lang='lat' dir='ltr'><strong>instaurari</strong></span> <span class='ocrx_word' id='word_1_717' title='bbox 1701 5455 1770 5510; x_wconf 90' lang='lat' dir='ltr'><strong>ad</strong></span> <span class='ocrx_word' id='word_1_718' title='bbox 1811 5456 2073 5530; x_wconf 48' lang='lat' dir='ltr'><strong>perniten-</strong></span> 
     </span>
    </p>
   </div>
   <div class='ocr_carea' id='block_1_103' title="bbox 487 5524 2076 5596">
    <p class='ocr_par' dir='ltr' id='par_1_103' title="bbox 487 5524 2076 5596">
     <span class='ocr_line' id='line_1_103' title="bbox 487 5524 2076 5596; baseline -0.003 -14"><span class='ocrx_word' id='word_1_719' title='bbox 487 5524 643 5588; x_wconf 59' lang='lat' dir='ltr'><strong>t&#39;tam,</strong></span> <span class='ocrx_word' id='word_1_720' title='bbox 672 5524 762 5582; x_wconf 82' lang='lat' dir='ltr'><strong>liie</strong></span> <span class='ocrx_word' id='word_1_721' title='bbox 797 5527 1138 5596; x_wconf 87' lang='lat' dir='ltr'><strong>impossibile</strong></span> <span class='ocrx_word' id='word_1_722' title='bbox 1172 5525 1314 5578; x_wconf 88' lang='lat' dir='ltr'><strong>idem</strong></span> <span class='ocrx_word' id='word_1_723' title='bbox 1364 5541 1488 5579; x_wconf 84' lang='lat' dir='ltr'><strong>esse</strong></span> <span class='ocrx_word' id='word_1_724' title='bbox 1516 5527 1730 5596; x_wconf 77' lang='lat' dir='ltr'><strong>volunt,</strong></span> <span class='ocrx_word' id='word_1_725' title='bbox 1761 5524 1906 5595; x_wconf 86' lang='lat' dir='ltr'><strong>quod</strong></span> <span class='ocrx_word' id='word_1_726' title='bbox 1938 5524 2076 5579; x_wconf 85' lang='lat' dir='ltr'><strong>dilli-</strong></span> 
     </span>
    </p>
   </div>
   <div class='ocr_carea' id='block_1_104' title="bbox 487 5595 2070 5665">
    <p class='ocr_par' dir='ltr' id='par_1_104' title="bbox 487 5595 2070 5665">
     <span class='ocr_line' id='line_1_104' title="bbox 487 5595 2070 5665; baseline -0.001 -16"><span class='ocrx_word' id='word_1_727' title='bbox 487 5601 776 5652; x_wconf 66' lang='lat' dir='ltr'><strong>«illituum.</strong></span> <span class='ocrx_word' id='word_1_728' title='bbox 809 5595 929 5661; x_wconf 81' lang='lat' dir='ltr'><strong>Quo</strong></span> <span class='ocrx_word' id='word_1_729' title='bbox 956 5613 1120 5652; x_wconf 84' lang='lat' dir='ltr'><strong>sensu</strong></span> <span class='ocrx_word' id='word_1_730' title='bbox 1154 5596 1364 5650; x_wconf 86' lang='lat' dir='ltr'><strong>Tertul.</strong></span> <span class='ocrx_word' id='word_1_731' title='bbox 1407 5596 1498 5649; x_wconf 87' lang='lat' dir='ltr'><strong>lib.</strong></span> <span class='ocrx_word' id='word_1_732' title='bbox 1548 5595 1620 5648; x_wconf 87' lang='lat' dir='ltr'><strong>De</strong></span> <span class='ocrx_word' id='word_1_733' title='bbox 1649 5596 1793 5662; x_wconf 85' lang='lat' dir='ltr'><strong>bapt.</strong></span> <span class='ocrx_word' id='word_1_734' title='bbox 1829 5596 1976 5665; x_wconf 86' lang='lat' dir='ltr'><strong>quod</strong></span> <span class='ocrx_word' id='word_1_735' title='bbox 2014 5596 2070 5648; x_wconf 86' lang='lat' dir='ltr'><strong>in</strong></span> 
     </span>
    </p>
   </div>
   <div class='ocr_carea' id='block_1_105' title="bbox 488 5665 2069 5735">
    <p class='ocr_par' dir='ltr' id='par_1_105' title="bbox 488 5665 2069 5735">
     <span class='ocr_line' id='line_1_105' title="bbox 488 5665 2069 5735; baseline -0.004 -13"><span class='ocrx_word' id='word_1_736' title='bbox 488 5669 1064 5735; x_wconf 68' lang='lat' dir='ltr'><strong>Evangelioseriptum</strong></span> <span class='ocrx_word' id='word_1_737' title='bbox 1097 5673 1211 5719; x_wconf 80' lang='lat' dir='ltr'><strong>est:</strong></span> <span class='ocrx_word' id='word_1_738' title='bbox 1236 5666 1367 5728; x_wconf 74' lang='lat' dir='ltr'><strong>Qua:</strong></span> <span class='ocrx_word' id='word_1_739' title='bbox 1400 5665 1754 5735; x_wconf 77' lang='lat' dir='ltr'><strong>impossibilia</strong></span> <span class='ocrx_word' id='word_1_740' title='bbox 1782 5676 1905 5719; x_wconf 82' lang='lat' dir='ltr'><strong>sunt</strong></span> <span class='ocrx_word' id='word_1_741' title='bbox 1931 5665 2069 5732; x_wconf 81' lang='lat' dir='ltr'><strong>apud</strong></span> 
     </span>
    </p>
   </div>
   <div class='ocr_carea' id='block_1_106' title="bbox 485 5734 2068 5808">
    <p class='ocr_par' dir='ltr' id='par_1_106' title="bbox 485 5734 2068 5808">
     <span class='ocr_line' id='line_1_106' title="bbox 485 5734 2068 5808; baseline -0.003 -16"><span class='ocrx_word' id='word_1_742' title='bbox 485 5734 746 5792; x_wconf 77' lang='lat' dir='ltr'><strong>lwnu&#39;ues.</strong></span> <span class='ocrx_word' id='word_1_743' title='bbox 771 5737 1050 5808; x_wconf 65' lang='lat' dir='ltr'><strong>passibilia</strong></span> <span class='ocrx_word' id='word_1_744' title='bbox 1080 5747 1199 5790; x_wconf 81' lang='lat' dir='ltr'><strong>sunt</strong></span> <span class='ocrx_word' id='word_1_745' title='bbox 1228 5735 1368 5807; x_wconf 83' lang='lat' dir='ltr'><strong>apud</strong></span> <span class='ocrx_word' id='word_1_746' title='bbox 1397 5734 1564 5790; x_wconf 84' lang='lat' dir='ltr'><strong>Deum</strong></span> <span class='ocrx_word' id='word_1_747' title='bbox 1597 5734 1750 5800; x_wconf 84' lang='lat' dir='ltr'><strong>(Luc.</strong></span> <span class='ocrx_word' id='word_1_748' title='bbox 1773 5752 1929 5803; x_wconf 74' lang='lat' dir='ltr'><strong>XVIII,</strong></span> <span class='ocrx_word' id='word_1_749' title='bbox 1955 5737 2068 5804; x_wconf 79' lang='lat'><strong>‘27),</strong></span> 
     </span>
    </p>
   </div>
   <div class='ocr_carea' id='block_1_107' title="bbox 2180 4528 3779 4605">
    <p class='ocr_par' dir='ltr' id='par_1_107' title="bbox 2180 4528 3779 4605">
     <span class='ocr_line' id='line_1_107' title="bbox 2180 4528 3779 4605; baseline -0.002 -19"><span class='ocrx_word' id='word_1_750' title='bbox 2180 4533 2383 4605; x_wconf 81' lang='grc' dir='ltr'>τρόπον</span> <span class='ocrx_word' id='word_1_751' title='bbox 2417 4531 2659 4601; x_wconf 81' lang='grc' dir='ltr'>ἑκάστης</span> <span class='ocrx_word' id='word_1_752' title='bbox 2689 4530 3023 4593; x_wconf 83' lang='grc' dir='ltr'>ὑποθέσεως.</span> <span class='ocrx_word' id='word_1_753' title='bbox 3061 4531 3149 4593; x_wconf 78' lang='grc' dir='ltr'>Ὠς</span> <span class='ocrx_word' id='word_1_754' title='bbox 3175 4529 3285 4601; x_wconf 84' lang='grc' dir='ltr'>γὰρ</span> <span class='ocrx_word' id='word_1_755' title='bbox 3323 4529 3426 4600; x_wconf 80' lang='grc' dir='ltr'>τὴν</span> <span class='ocrx_word' id='word_1_756' title='bbox 3463 4528 3779 4600; x_wconf 78' lang='grc' dir='ltr'>παρθενίαν</span> 
     </span>
    </p>
   </div>
   <div class='ocr_carea' id='block_1_108' title="bbox 2156 4710 3150 4780">
    <p class='ocr_par' dir='ltr' id='par_1_108' title="bbox 2156 4710 3150 4780">
     <span class='ocr_line' id='line_1_108' title="bbox 2156 4710 3150 4780; baseline -0.004 -12"><span class='ocrx_word' id='word_1_757' title='bbox 2156 4716 2177 4746; x_wconf 76' lang='grc'>⁸</span> <span class='ocrx_word' id='word_1_758' title='bbox 2208 4713 2370 4770; x_wconf 86' lang='lat' dir='ltr'><strong>llebr.</strong></span> <span class='ocrx_word' id='word_1_759' title='bbox 2397 4730 2472 4780; x_wconf 77' lang='lat' dir='ltr'><strong>vr,</strong></span> <span class='ocrx_word' id='word_1_760' title='bbox 2505 4713 2624 4769; x_wconf 64' lang='lat'><strong>4-8.</strong></span> <span class='ocrx_word' id='word_1_761' title='bbox 2701 4714 2724 4746; x_wconf 83' lang='lat'><strong>&#39;</strong></span> <span class='ocrx_word' id='word_1_762' title='bbox 2759 4711 2925 4768; x_wconf 82' lang='lat' dir='ltr'><strong>Hebr.</strong></span> <span class='ocrx_word' id='word_1_763' title='bbox 2961 4725 3037 4776; x_wconf 72' lang='grc' dir='ltr'>ιι,</span> <span class='ocrx_word' id='word_1_764' title='bbox 3062 4710 3150 4765; x_wconf 76' lang='grc'><strong>10.</strong></span> 
     </span>
    </p>
   </div>
   <div class='ocr_carea' id='block_1_109' title="bbox 2180 4891 3776 4966">
    <p class='ocr_par' dir='ltr' id='par_1_109' title="bbox 2180 4891 3776 4966">
     <span class='ocr_line' id='line_1_109' title="bbox 2180 4891 3776 4966; baseline 0.003 -20"><span class='ocrx_word' id='word_1_765' title='bbox 2180 4891 2498 4966; x_wconf 27' lang='grc' dir='ltr'><strong>Ιιίεῌγεὼῑε</strong></span> <span class='ocrx_word' id='word_1_766' title='bbox 2541 4892 2814 4966; x_wconf 78' lang='lat' dir='ltr'><strong>expressit</strong></span> <span class='ocrx_word' id='word_1_767' title='bbox 2822 4908 2858 4966; x_wconf 80' lang='lat'><strong>_:</strong></span> <span class='ocrx_word' id='word_1_768' title='bbox 2908 4891 3274 4966; x_wconf 67' lang='lat' dir='ltr'><strong>Perdiﬁicilia</strong></span> <span class='ocrx_word' id='word_1_769' title='bbox 3301 4909 3454 4960; x_wconf 83' lang='lat' dir='ltr'><strong>penes</strong></span> <span class='ocrx_word' id='word_1_770' title='bbox 3508 4894 3776 4966; x_wconf 78' lang='lat' dir='ltr'><strong>homines,</strong></span> 
     </span>
    </p>
   </div>
   <div class='ocr_carea' id='block_1_110' title="bbox 2178 4960 3775 5034">
    <p class='ocr_par' dir='ltr' id='par_1_110' title="bbox 2178 4960 3775 5034">
     <span class='ocr_line' id='line_1_110' title="bbox 2178 4960 3775 5034; baseline 0.003 -19"><span class='ocrx_word' id='word_1_771' title='bbox 2178 4963 2365 5031; x_wconf 77' lang='lat' dir='ltr'><strong>facilia</strong></span> <span class='ocrx_word' id='word_1_772' title='bbox 2407 4977 2561 5034; x_wconf 81' lang='lat' dir='ltr'><strong>penes</strong></span> <span class='ocrx_word' id='word_1_773' title='bbox 2596 4963 2782 5016; x_wconf 86' lang='lat' dir='ltr'><strong>Deum.</strong></span> <span class='ocrx_word' id='word_1_774' title='bbox 2821 4960 3209 5034; x_wconf 37' lang='lat' dir='ltr'><strong>Recentio‘rutn</strong></span> <span class='ocrx_word' id='word_1_775' title='bbox 3261 4963 3627 5034; x_wconf 88' lang='lat' dir='ltr'><strong>interpretum</strong></span> <span class='ocrx_word' id='word_1_776' title='bbox 3655 4960 3775 5034; x_wconf 70' lang='grc' dir='ltr'>ορίὲ</span> 
     </span>
    </p>
   </div>
   <div class='ocr_carea' id='block_1_111' title="bbox 2176 5032 3776 5103">
    <p class='ocr_par' dir='ltr' id='par_1_111' title="bbox 2176 5032 3776 5103">
     <span class='ocr_line' id='line_1_111' title="bbox 2176 5032 3776 5103; baseline 0.003 -18"><span class='ocrx_word' id='word_1_777' title='bbox 2176 5034 2399 5088; x_wconf 89' lang='lat' dir='ltr'><strong>nionem</strong></span> <span class='ocrx_word' id='word_1_778' title='bbox 2439 5033 2723 5103; x_wconf 84' lang='lat' dir='ltr'><strong>adjuvant,</strong></span> <span class='ocrx_word' id='word_1_779' title='bbox 2757 5044 2880 5102; x_wconf 63' lang='lat' dir='ltr'><strong>quae</strong></span> <span class='ocrx_word' id='word_1_780' title='bbox 2907 5032 2976 5088; x_wconf 90' lang='lat' dir='ltr'><strong>de</strong></span> <span class='ocrx_word' id='word_1_781' title='bbox 3008 5034 3347 5103; x_wconf 66' lang='lat' dir='ltr'><strong>poenitentia:</strong></span> <span class='ocrx_word' id='word_1_782' title='bbox 3371 5032 3556 5095; x_wconf 78' lang='lat' dir='ltr'><strong>vetere</strong></span> <span class='ocrx_word' id='word_1_783' title='bbox 3590 5036 3644 5089; x_wconf 90' lang='lat' dir='ltr'><strong>in</strong></span> <span class='ocrx_word' id='word_1_784' title='bbox 3676 5032 3776 5094; x_wconf 82' lang='lat' dir='ltr'><strong>Ec-</strong></span> 
     </span>
    </p>
   </div>
   <div class='ocr_carea' id='block_1_112' title="bbox 2175 5102 3306 5172">
    <p class='ocr_par' dir='ltr' id='par_1_112' title="bbox 2175 5102 3306 5172">
     <span class='ocr_line' id='line_1_112' title="bbox 2175 5102 3306 5172; baseline 0.003 -15"><span class='ocrx_word' id='word_1_785' title='bbox 2175 5104 2342 5157; x_wconf 88' lang='lat' dir='ltr'><strong>clesia</strong></span> <span class='ocrx_word' id='word_1_786' title='bbox 2375 5102 2692 5157; x_wconf 76' lang='lat' dir='ltr'><strong>difﬁcultate</strong></span> <span class='ocrx_word' id='word_1_787' title='bbox 2727 5119 2893 5172; x_wconf 85' lang='lat' dir='ltr'><strong>supra</strong></span> <span class='ocrx_word' id='word_1_788' title='bbox 2919 5102 3306 5160; x_wconf 85' lang='lat' dir='ltr'><strong>disseruimus.</strong></span> 
     </span>
    </p>
   </div>
   <div class='ocr_carea' id='block_1_113' title="bbox 2245 5172 3764 5242">
    <p class='ocr_par' dir='ltr' id='par_1_113' title="bbox 2245 5172 3764 5242">
     <span class='ocr_line' id='line_1_113' title="bbox 2245 5172 3764 5242; baseline 0.003 -13"><span class='ocrx_word' id='word_1_789' title='bbox 2245 5173 2358 5241; x_wconf 83' lang='lat' dir='ltr'><strong>llO)</strong></span> <span class='ocrx_word' id='word_1_790' title='bbox 2391 5174 2514 5225; x_wconf 83' lang='grc' dir='ltr'><strong>Οὐκ</strong></span> <span class='ocrx_word' id='word_1_791' title='bbox 2561 5172 3064 5242; x_wconf 76' lang='grc' dir='ltr'>ἑξυδαρευομένη.</span> <span class='ocrx_word' id='word_1_792' title='bbox 3112 5174 3480 5230; x_wconf 85' lang='lat' dir='ltr'><strong>Casaubouus</strong></span> <span class='ocrx_word' id='word_1_793' title='bbox 3519 5175 3764 5234; x_wconf 75' lang='lat' dir='ltr'><strong>Exercit.</strong></span> 
     </span>
    </p>
   </div>
   <div class='ocr_carea' id='block_1_114' title="bbox 2175 5242 3771 5315">
    <p class='ocr_par' dir='ltr' id='par_1_114' title="bbox 2175 5242 3771 5315">
     <span class='ocr_line' id='line_1_114' title="bbox 2175 5242 3771 5315; baseline 0.002 -19"><span class='ocrx_word' id='word_1_794' title='bbox 2175 5243 2228 5315; x_wconf 74' lang='lat' dir='ltr'><strong>l.</strong></span> <span class='ocrx_word' id='word_1_795' title='bbox 2250 5259 2306 5296; x_wconf 81' lang='grc' dir='ltr'><strong>ιι.</strong></span> <span class='ocrx_word' id='word_1_796' title='bbox 2329 5243 2382 5306; x_wconf 87' lang='lat'><strong>8.</strong></span> <span class='ocrx_word' id='word_1_797' title='bbox 2402 5242 2632 5315; x_wconf 82' lang='lat' dir='ltr'><strong>ridicule</strong></span> <span class='ocrx_word' id='word_1_798' title='bbox 2655 5245 2794 5296; x_wconf 84' lang='lat' dir='ltr'><strong>hanc</strong></span> <span class='ocrx_word' id='word_1_799' title='bbox 2815 5259 3001 5315; x_wconf 84' lang='lat' dir='ltr'><strong>vocem</strong></span> <span class='ocrx_word' id='word_1_800' title='bbox 3035 5248 3443 5312; x_wconf 84' lang='lat' dir='ltr'><strong>interpretatur.</strong></span> <span class='ocrx_word' id='word_1_801' title='bbox 3499 5245 3636 5300; x_wconf 86' lang='lat' dir='ltr'><strong>Nam</strong></span> <span class='ocrx_word' id='word_1_802' title='bbox 3679 5249 3771 5315; x_wconf 80' lang='grc' dir='ltr'><strong>ὲξ-</strong></span> 
     </span>
    </p>
   </div>
   <div class='ocr_carea' id='block_1_115' title="bbox 2175 5312 3773 5387">
    <p class='ocr_par' dir='ltr' id='par_1_115' title="bbox 2175 5312 3773 5387">
     <span class='ocr_line' id='line_1_115' title="bbox 2175 5312 3773 5387; baseline 0.004 -21"><span class='ocrx_word' id='word_1_803' title='bbox 2175 5312 2656 5387; x_wconf 31' lang='grc' dir='ltr'>υδαρεύεσθαι-τὴν</span> <span class='ocrx_word' id='word_1_804' title='bbox 2695 5314 3001 5387; x_wconf 21' lang='grc' dir='ltr'>με-τάνοιανδ</span> <span class='ocrx_word' id='word_1_805' title='bbox 3043 5315 3252 5387; x_wconf 86' lang='lat' dir='ltr'><strong>dictum</strong></span> <span class='ocrx_word' id='word_1_806' title='bbox 3303 5325 3490 5385; x_wconf 86' lang='lat' dir='ltr'><strong>putat,</strong></span> <span class='ocrx_word' id='word_1_807' title='bbox 3549 5333 3651 5387; x_wconf 89' lang='lat' dir='ltr'><strong>pro</strong></span> <span class='ocrx_word' id='word_1_808' title='bbox 3706 5312 3773 5373; x_wconf 78' lang='lat' dir='ltr'><strong>eo</strong></span> 
     </span>
    </p>
   </div>
   <div class='ocr_carea' id='block_1_116' title="bbox 2174 5383 3769 5456">
    <p class='ocr_par' dir='ltr' id='par_1_116' title="bbox 2174 5383 3769 5456">
     <span class='ocr_line' id='line_1_116' title="bbox 2174 5383 3769 5456; baseline 0.004 -21"><span class='ocrx_word' id='word_1_809' title='bbox 2174 5383 2323 5456; x_wconf 85' lang='lat' dir='ltr'><strong>quod</strong></span> <span class='ocrx_word' id='word_1_810' title='bbox 2353 5393 2440 5438; x_wconf 88' lang='lat' dir='ltr'><strong>est</strong></span> <span class='ocrx_word' id='word_1_811' title='bbox 2477 5383 2639 5456; x_wconf 77' lang='lat' dir='ltr'><strong>vilem</strong></span> <span class='ocrx_word' id='word_1_812' title='bbox 2677 5385 2928 5456; x_wconf 74' lang='lat' dir='ltr'><strong>reddere.</strong></span> <span class='ocrx_word' id='word_1_813' title='bbox 2971 5383 3076 5456; x_wconf 89' lang='lat' dir='ltr'><strong>Sed</strong></span> <span class='ocrx_word' id='word_1_814' title='bbox 3115 5383 3318 5439; x_wconf 87' lang='lat' dir='ltr'><strong>mirqu</strong></span> <span class='ocrx_word' id='word_1_815' title='bbox 3343 5383 3614 5456; x_wconf 73' lang='lat' dir='ltr'><strong>quantum</strong></span> <span class='ocrx_word' id='word_1_816' title='bbox 3642 5388 3769 5442; x_wconf 87' lang='lat' dir='ltr'><strong>hal-</strong></span> 
     </span>
    </p>
   </div>
   <div class='ocr_carea' id='block_1_117' title="bbox 2176 5452 3768 5527">
    <p class='ocr_par' dir='ltr' id='par_1_117' title="bbox 2176 5452 3768 5527">
     <span class='ocr_line' id='line_1_117' title="bbox 2176 5452 3768 5527; baseline 0.004 -20"><span class='ocrx_word' id='word_1_817' title='bbox 2176 5455 2469 5527; x_wconf 82' lang='lat' dir='ltr'><strong>lucinatur.</strong></span> <span class='ocrx_word' id='word_1_818' title='bbox 2518 5452 2652 5507; x_wconf 84' lang='lat' dir='ltr'><strong>Nam</strong></span> <span class='ocrx_word' id='word_1_819' title='bbox 2686 5453 3105 5527; x_wconf 77' lang='grc' dir='ltr'>ὲξυδαρεύεσθαι</span> <span class='ocrx_word' id='word_1_820' title='bbox 3147 5465 3238 5527; x_wconf 75' lang='lat' dir='ltr'><strong>est</strong></span> <span class='ocrx_word' id='word_1_821' title='bbox 3283 5452 3480 5527; x_wconf 80' lang='grc' dir='ltr'><strong>ύδὰρῆ.</strong></span> <span class='ocrx_word' id='word_1_822' title='bbox 3508 5459 3614 5512; x_wconf 84' lang='lat' dir='ltr'><strong>hoc</strong></span> <span class='ocrx_word' id='word_1_823' title='bbox 3661 5471 3768 5520; x_wconf 88' lang='lat' dir='ltr'><strong>est.</strong></span> 
     </span>
    </p>
   </div>
   <div class='ocr_carea' id='block_1_118' title="bbox 2175 5524 3773 5600">
    <p class='ocr_par' dir='ltr' id='par_1_118' title="bbox 2175 5524 3773 5600">
     <span class='ocr_line' id='line_1_118' title="bbox 2175 5524 3773 5600; baseline 0.004 -21"><span class='ocrx_word' id='word_1_824' title='bbox 2175 5525 2488 5600; x_wconf 75' lang='lat' dir='ltr'><strong>dilutiorem</strong></span> <span class='ocrx_word' id='word_1_825' title='bbox 2522 5539 2587 5600; x_wconf 77' lang='lat' dir='ltr'><strong>ac</strong></span> <span class='ocrx_word' id='word_1_826' title='bbox 2627 5524 2933 5580; x_wconf 86' lang='lat' dir='ltr'><strong>molliorem</strong></span> <span class='ocrx_word' id='word_1_827' title='bbox 2962 5526 3101 5580; x_wconf 79' lang='lat' dir='ltr'><strong>fieri.</strong></span> <span class='ocrx_word' id='word_1_828' title='bbox 3135 5524 3255 5592; x_wconf 83' lang='lat' dir='ltr'><strong>Qua</strong></span> <span class='ocrx_word' id='word_1_829' title='bbox 3284 5526 3339 5580; x_wconf 92' lang='lat' dir='ltr'><strong>in</strong></span> <span class='ocrx_word' id='word_1_830' title='bbox 3364 5524 3773 5600; x_wconf 77' lang='lat' dir='ltr'><strong>significatione</strong></span> 
     </span>
    </p>
   </div>
   <div class='ocr_carea' id='block_1_119' title="bbox 2177 5594 3356 5662">
    <p class='ocr_par' dir='ltr' id='par_1_119' title="bbox 2177 5594 3356 5662">
     <span class='ocr_line' id='line_1_119' title="bbox 2177 5594 3356 5662; baseline -0.003 -12"><span class='ocrx_word' id='word_1_831' title='bbox 2177 5595 2302 5650; x_wconf 87' lang='lat' dir='ltr'><strong>aliis</strong></span> <span class='ocrx_word' id='word_1_832' title='bbox 2334 5595 2468 5648; x_wconf 89' lang='lat' dir='ltr'><strong>locis</strong></span> <span class='ocrx_word' id='word_1_833' title='bbox 2499 5594 2687 5649; x_wconf 90' lang='lat' dir='ltr'><strong>utitur.</strong></span> <span class='ocrx_word' id='word_1_834' title='bbox 3345 5651 3356 5662; x_wconf 52' lang='grc'><em>,</em></span> 
     </span>
    </p>
   </div>
   <div class='ocr_carea' id='block_1_120' title="bbox 2251 5665 3766 5738">
    <p class='ocr_par' dir='ltr' id='par_1_120' title="bbox 2251 5665 3766 5738">
     <span class='ocr_line' id='line_1_120' title="bbox 2251 5665 3766 5738; baseline 0.006 -21"><span class='ocrx_word' id='word_1_835' title='bbox 2251 5665 2361 5735; x_wconf 90' lang='lat' dir='ltr'><strong>(l-l)</strong></span> <span class='ocrx_word' id='word_1_836' title='bbox 2403 5665 2510 5738; x_wconf 64' lang='lat' dir='ltr'><strong>Kal</strong></span> <span class='ocrx_word' id='word_1_837' title='bbox 2532 5665 2646 5730; x_wconf 69' lang='grc' dir='ltr'>τὴν</span> <span class='ocrx_word' id='word_1_838' title='bbox 2671 5667 3128 5736; x_wconf 64' lang='grc' dir='ltr'>φιλανθρωπίαν</span> <span class='ocrx_word' id='word_1_839' title='bbox 3143 5665 3229 5737; x_wconf 76' lang='grc' dir='ltr'>μὴ</span> <span class='ocrx_word' id='word_1_840' title='bbox 3263 5667 3766 5738; x_wconf 53' lang='grc' dir='ltr'>ἀνακάμπτουσι</span> 
     </span>
    </p>
   </div>
   <div class='ocr_carea' id='block_1_121' title="bbox 2180 5733 2742 5792">
    <p class='ocr_par' dir='ltr' id='par_1_121' title="bbox 2180 5733 2742 5792">
     <span class='ocr_line' id='line_1_121' title="bbox 2180 5733 2742 5792; baseline 0.004 -4"><span class='ocrx_word' id='word_1_841' title='bbox 2180 5733 2306 5792; x_wconf 82' lang='lat' dir='ltr'><strong>For.</strong></span> <span class='ocrx_word' id='word_1_842' title='bbox 2341 5733 2648 5790; x_wconf 67' lang='grc' dir='ltr'>ἀνακόπτων</span> <span class='ocrx_word' id='word_1_843' title='bbox 2657 5753 2742 5790; x_wconf 84' lang='grc' dir='ltr'><strong>σα.</strong></span> 
     </span>
    </p>
   </div>
  </div>
