4176 6386
345 388 481 443 1021

1061 392 1430 451 ADVERSUS
1468 393 1813 452 [UERESES
1853 394 1979 450 LIB.
2019 393 2083 449 ll.
2124 393 2290 451 TOM.
2324 394 2439 452 l.-—
2483 394 2759 452 HASRES.
2802 394 2941 452 LIX.

3484 395 3633 451 1οη

347 504 640 570 ἀπολέσας,
667 505 947 572 ἀδυνάτως
979 507 1093 580 ἔχει
1129 511 1338 583 ταύτην
1387 513 1693 585 κτήσασθαι
1745 530 1936 584 σωμαο

2041 511 2410 581 virginitatem
2443 513 2648 579 amisit,
2710 514 2858 583 quod
2911 510 2982 567 ad
3020 526 3224 582 corpus
3278 510 3495 575 attinet,
3535 527 3626 564 H-

344 595 547 663 τικῶς,
592 598 666 669 μὴ
699 598 1058 671 ἐνδεχομένης
1101 603 1204 673 τῆς
1240 603 1481 674 φύσεωςο
1513 604 1657 657 οὕτω
1702 605 1796 658 καὶ
1826 604 1935 658 ἀπὸ

345 689 440 741 τοῦ
494 688 723 761 λουτροῦ
769 692 828 744 ὲν
870 693 1129 763 μεγάλοις
1172 699 1285 749 τισὶ
1331 694 1745 768 παραπτώμασι
1783 713 1938 767 περι-

345 780 552 849 πεσὼν,
604 784 700 836 καὶ
747 782 938 855 ὥσπερ
988 786 1017 838 ό
1054 786 1164 839 ἀπὸ
1213 787 1514 857 παρθενίας
1561 786 1933 859 παραπεσὼν,

343 871 601 944 δευτέραν
624 872 790 944 τιμὴν
821 874 921 945 τὴν
951 875 1278 946 ἐγκράτειαν
1313 875 1426 946 ἔχει
1445 892 1459 904 ·
1500 874 1645 929 οὕτω
1681 876 1777 930 καί
1812 878 1891 939 εἰς
1916 875 1934 908 ³

343 964 407 1017 τὸ
440 965 667 1036 λουτρὸν
695 967 723 1020 ό
742 967 803 1020 ἐν
828 966 1247 1039 ’παραπτώματι
1280 968 1488 1039 μείζονι
1514 969 1804 1040 γενόμενος
1824 967 1936 1038 ἔχει

343 1053 607 1126 δευτέραν
637 1054 803 1122 ῐασιν,
833 1056 894 1108 οὐ
920 1056 1178 1127 τοιαύτην
1212 1061 1466 1128 ἐνάρετον
1495 1058 1636 1112 κατὰ
1664 1058 1762 1129 τὴν
1788 1057 1937 1130 πρώ-

344 1161 467 1214 την,
490 1145 592 1198 οὐκ
626 1144 1083 1219 ἀποὸεὸλημένην
1116 1147 1173 1202 δὲ
1200 1148 1350 1218 ζωῆς
1379 1148 1492 1221 ἔχει
1532 1148 1632 1222 τὴν
1654 1149 1934 1220 δευτέραν,

344 1235 416 1307 ἢν
454 1236 741 1308 κέκτηται.
776 1239 890 1293 Οὐκ
943 1239 1127 1294 ἀθετεῖ
1161 1241 1340 1295 τοίνυν
1387 1244 1416 1295 ό
1460 1241 1602 1307 θεῖος
1653 1241 1811 1313 λόγος
1844 1242 1939 1297 τὸν

348 1326 544 1397 μισθὸν
570 1327 680 1382 τῶν
709 1329 767 1382 ἐν
804 1328 1070 1400 μετανοίᾳ
1096 1330 1438 1402 καμνόντων.

416 1589 493 1644 I".
523 1588 754 1645 Ἔπειτα
772 1590 829 1645 δὲ
845 1590 1000 1645 αὐτοὶ
1029 1590 1195 1646 πάλιν
1224 1592 1333 1647 ἀπὸ
1352 1591 1542 1647 τούτου
1563 1593 1937 1665 προπηδήσαν-

345 1682 567 1746 regni.
601 1681 739 1737 ἄλλα
780 1682 903 1736 τινὰ
932 1682 1253 1753 ὲφεύραντο.
1279 1685 1389 1737 Kal.
1404 1684 1514 1757 γὰρ
1531 1684 1684 1737 αὐτοὶ
1711 1685 1811 1755 τὴν
1840 1686 1938 1740 αὑ-

344 1775 467 1845 τὴν,
481 1775 548 1847 ἢν
568 1776 662 1830 καὶ
682 1776 842 1846 ήμεῖς
859 1777 1192 1847 κεκτήμεθα,
1209 1776 1394 1831 πίστιν
1406 1776 1649 1847 λέγουσιν
1661 1776 1825 1848 ἔχειν.
1844 1772 1941 1833 05-

346 1884 429 1920 τοι
462 1868 520 1921 δὲ
544 1867 606 1920 οὐ
642 1867 921 1938 βούλονται
943 1867 1222 1939 διδαγμοῖς
1248 1871 1268 1901 ³
1309 1868 1422 1939 (12)
1444 1870 1832 1924 ἐπικοινωνεῖν.
1869 1867 1933 1923 Εἰ
1966 1857 2010 1917 Β

345 1958 457 2029 γάρ
480 1975 565 2021 τις
600 1957 738 2029 μετά
769 1959 830 2012 τὸ
876 1958 1162 2031 βάπτισμα
1211 1958 1510 2030 συναφθειη
1557 1960 1779 2029 γυναικὶ
1809 1960 1932 2013 δευ-

346 2051 502 2123 τέρᾳ,
552 2052 703 2123 παρά
744 2051 955 2117 τούτοις
998 2051 1099 2105 οὐκ
1151 2051 1556 2123 εἰσδεχθήσεται
1604 2052 1706 2118 έτι,
1744 2053 1840 2106 καὶ
1875 2052 1935 2106 τὸ

348 2145 458 2197 πᾶν
488 2145 634 2199 ἐστιν
662 2144 887 2216 ἠλίθιον.
937 2146 1023 2210 Ὧς
1053 2145 1163 2217 γὰρ
1199 2147 1253 2200 εί
1279 2163 1364 2210 τις
1404 2146 1666 2218 θεάσηταί
1684 2162 1807 2200 τινα
1835 2162 1933 2218 νη·-

349 2238 574 2308 χόμενον
597 2238 655 2291 ὲν
688 2237 864 2303 ὕδατι,
896 2241 992 2294 καὶ
1027 2239 1237 2309 ἀγνοῶν
1265 2239 1365 2311 τὴν
1393 2241 1589 2311 πεῖραν
1617 2240 1717 2312 τῆς
1751 2241 1936 2311 διανή-

349 2330 503 2395 ξεως,
538 2329 731 2383 ἑαυτὸν
763 2329 979 2385 ἔκδοτον
1015 2334 1127 2397 τοῖς
1172 2331 1330 2386 ὕδασι
1372 2331 1506 2403 δῴη,
1553 2332 1649 2385 καὶ
1695 2331 1937 2403 ὑποϐρύ-

348 2439 465 2491 χιος
509 2422 756 2493 γένηται,
790 2424 865 2495 μὴ
904 2424 965 2477 ὲν
1003 2423 1172 2496 πείρᾳ⁸
1216 2422 1314 2491 ὣν,
1369 2424 1505 2495 μηδὲ
1548 2424 1737 2494 σαφῶς
1771 2425 1936 2493 γνοὺς

349 2515 456 2566 τῶν
482 2514 570 2568 διά
602 2514 801 2586 χειρῶν
827 2533 886 2568 τε
924 2516 1020 2569 καὶ
1057 2515 1234 2569 ποδῶν
1276 2514 1376 2588 τὴν
1419 2516 1693 2588 σωτηρίαν
1722 2518 1935 2580 ἑαυτοῖς

349 2605 866 2676 προσποριζομένων
902 2605 1001 2678 τήν
1037 2607 1382 2679 ἐπιστήμην·
1419 2608 1629 2678 νομίζει
1655 2608 1713 2663 δὲ
1749 2607 1935 2672 ἁπλῶς

349 2698 408 2751 τὸ
440 2697 585 2769 ὕδωρ
611 2698 992 2764 διαδαστάζειν
1023 2700 1116 2753 τὸν
1150 2700 1434 2771 ἄνθρωπον
1479 2700 1603 2771 δίχα
1635 2700 1743 2755 τῶν
1788 2700 1935 2755 ἰδίων

349 2790 583 2859 χειρῶν·
640 2790 673 2861 ἦ
721 2790 799 2854 ὼς
844 2792 900 2845 εῖ
940 2808 1025 2855 τις
1072 2791 1262 2847 ἀκούοι
1307 2791 1402 2845 τὸν
1446 2791 1697 2863 ἡγεμόνα
1756 2808 1932 2862 τιμω-

351 2879 549 2951 ροῦντα
578 2880 703 2945 τούς
728 2899 779 2935 τι
807 2880 1051 2954 δρῶντας
1079 2883 1175 2937 καί¹
1199 2883 1297 2954 τῆς
1321 2884 1655 2954 φαυλότητος
1683 2884 1812 2955 ἄχρι
1839 2883 1936 2946 καὶ

348 2971 667 3042 ἒλαχίστων,
695 2973 789 3028 καὶ
820 2973 1031 3045 νομίζει
1069 2975 1167 3046 μὲν
1195 2981 1295 3047 τὴν
1327 2975 1487 3046 δίκην
1527 2976 1649 3049 ῖσην
1683 2976 1934 3041 διεξιέναι

350 3062 494 3115 κατά
520 3063 757 3129 πάντων,
792 3064 869 3128 ὡς
891 3066 983 3118 ὲπί
1015 3066 1111 3119 τοῦ
1145 3066 1330 3135 φόνουο
1362 3066 1537 3132 οὕτως
1582 3070 1679 3123 καὶ
1716 3069 1809 3124 ἐπὶ
1835 3068 1932 3123 τοῦ

349 3152 724 3220 διαϐάλλοντος
766 3157 859 3210 τὸν
908 3158 1098 3223 πέλας,
1139 3159 1174 3230 ἢ
1213 3161 1599 3232 μαχησαμένου
1623 3176 1637 3190 ·
1665 3162 1699 3231 ἢ
1729 3163 1806 3225 ὡς
1836 3162 1933 3215 ἐὰν

2041 614 2376 673 praesentare
2403 607 2553 660 illam
2590 621 2699 661 non
2720 613 3060 676 potest,cum
3094 604 3146 659 id
3174 604 3397 659 minime
3426 612 3624 659 natura

2038 696 2281 765 patiatur
2315 712 2329 763 ;
2364 698 2437 750 ita
2488 696 2583 767 qui
2630 704 2756 767 post
2784 696 3116 767 baptismum
3148 694 3311 767 495
3339 696 3391 748 in
3415 694 3626 765 majora

2038 786 2289 857 qumdam
2344 787 2577 841 crimina
2632 789 2927 858 prolapsus
2978 798 3094 851 est;
3127 785 3358 857 perinde
3414 801 3479 841 ac
3528 785 3624 855 qui

2040 875 2356 948 virginitate
2397 878 2602 934 excidit
2644 878 2950 934 secundum
2994 877 3161 932 habet
3196 877 3251 931 in
3284 877 3624 931 continentia

2037 968 2541 1029 commendationis
2571 969 2832 1041 gradum:
2873 968 2957 1024 sic
2982 967 3074 1023 ille
3120 975 3244 1039 post
3289 966 3622 1037 baptismum

2037 1064 2291 1134 graviore
2315 1063 2617 1117 obstrictus
2636 1063 2845 1118 scelere
2866 1062 3168 1117 secundum
3194 1061 3357 1115 habet
3372 1058 3625 1114 sanitatis

2038 1169 2230 1223 genus.
2267 1154 2425 1220 Quod
2451 1152 2672 1209 tametsi
2702 1168 2829 1207 cum
2862 1159 3036 1216 tanta,
3064 1159 3269 1221 quanta
3304 1149 3480 1220 prius,
3512 1148 3628 1204 vir-

2037 1253 2153 1300 tute
2182 1245 2407 1299 minime
2447 1245 2807 1314 conjunctum
2838 1243 2931 1307 sit,
2970 1258 3081 1297 non
3112 1250 3197 1297 est
3228 1251 3409 1295 tamen
3432 1256 3463 1294 a
3494 1255 3627 1294 con-

2042 1336 2338 1407 sequendae
2366 1336 2493 1391 vitae
2517 1350 2612 1405 spe
2637 1350 2702 1391 ac
2725 1335 2920 1392 salutis
2944 1334 3203 1389 alienum.
3220 1330 3391 1403 lgitur
3408 1346 3622 1394 eorum,

2039 1428 2133 1498 qui
2170 1427 2225 1482 in
2252 1427 2595 1499 capessenda
2628 1426 2954 1498 poenitentia
2986 1424 3262 1489 laborant,
3294 1423 3533 1478 fructum
3559 1437 3626 1477 ac

2040 1517 2322 1588 praemium
2352 1518 2573 1574 divinus
2596 1533 2779 1575 sermo
2810 1532 2922 1572 non
2954 1516 3154 1587 rejicit.

2110 1609 2199 1665 ill;
2240 1609 2511 1666 Praeterea
2553 1610 2696 1667 idem
2740 1608 2821 1665 illi
2864 1610 3083 1680 longius
3126 1624 3195 1665 ex
3238 1608 3332 1663 illo
3374 1607 3626 1679 dogmate

2042 1702 2390 1774 prosilientes
2433 1703 2540 1758 alia
2594 1702 2845 1774 quadam
2888 1701 3244 1772 adjecerunt.
3274 1700 3446 1753 Aiunt
3475 1698 3624 1753 enim

2041 1811 2101 1850 se
2141 1796 2391 1853 eamdem
2444 1797 2733 1863 nqbiscum
2776 1794 2981 1850 habere
3032 1793 3236 1860 tidem;
3292 1791 3391 1847 sed
3439 1797 3625 1845 tamen

2036 1903 2160 1941 cum
2189 1887 2420 1957 «ligamis
2449 1886 2866 1942 communicare
2891 1885 3223 1941 detrectant.
3256 1882 3393 1937 Nam
3425 1883 3471 1938 si
3500 1881 3625 1952 quis

2036 1988 2161 2051 post
2193 1980 2528 2050 baptismum
2557 1979 2859 2036 secundam
2884 1991 3113 2033 uxorem
3144 1975 3388 2037 duxerit,
3422 1974 3491 2028 ab
3515 1972 3625 2028 illis

2035 2087 2146 2125 non
2176 2070 2413 2140 amplius
2458 2069 2790 2124 admittitur.
2834 2067 2992 2134 Quod
3042 2065 3264 2137 quidem
3316 2064 3476 2134 plane
3507 2069 3625 2120 sto-

2036 2159 2205 2214 lidum
2252 2168 2357 2215 est.
2395 2157 2467 2213 Ut
2504 2159 2652 2215 enim
2702 2158 2748 2214 si
2794 2158 2920 2228 quis
2961 2163 3241 2211 natantem
3285 2154 3520 2224 aliquem
3567 2152 3626 2207 in

2035 2266 2177 2320 aqua
2223 2249 2446 2314 viderit,
2497 2263 2561 2303 ac
2612 2247 2834 2305 natandi
2894 2262 3052 2303 usum
3092 2244 3355 2317 ignorans
3402 2259 3524 2300 sese
3568 2242 3626 2297 in

2035 2356 2232 2412 aquam
2266 2339 2637 2405 commiserit,
2677 2354 2743 2395 ac
2788 2354 3011 2411 pessum
3040 2337 3196 2401 ierit,
3237 2335 3382 2406 quod
3421 2343 3476 2391 et
3503 2334 3628 2405 eius

2034 2437 2114 2489 rei
2144 2433 2216 2487 sit
2243 2447 2473 2503 expers,
2516 2440 2573 2487 et
2602 2446 2792 2487 eorum
2815 2470 2832 2495 .
2866 2430 2963 2501 qui
2995 2429 3247 2484 manibus
3286 2443 3350 2481 ac
3394 2427 3628 2497 pedibus

2036 2524 2199 2582 saluti
2234 2540 2349 2580 suae
2377 2524 2698 2590 consulunt,
2726 2523 2960 2581 scientia
2981 2520 3209 2576 minime
3233 2520 3306 2575 sit
3332 2519 3627 2589 praeditus;

2036 2617 2129 2674 sed
2159 2617 2304 2678 ultro
2320 2631 2518 2688 aquam
2535 2615 2814 2673 existimet
2834 2614 2973 2669 citra
2995 2627 3256 2668 manuum
3276 2610 3627 2683 agitationem

2036 2709 2316 2765 [nominem
2363 2709 2672 2765 sustinere:
2720 2714 2815 2761 aut
2865 2704 3356 2777 quemadmodum,
3406 2702 3453 2758 si
3503 2702 3630 2772 quis

2041 2800 2358 2873 praefectum
2396 2800 2587 2855 audiat
2615 2801 2671 2855 in
2710 2814 2807 2855 eos
2838 2798 3364 2852 animadvertentem
3394 2793 3487 2865 qui
3518 2793 3632 2848 ulla

2038 2894 2092 2948 in
2141 2908 2201 2947 re
2229 2892 2395 2946 etiam
2417 2890 2645 2946 minima
2682 2888 3037 2960 deliquerint,
3084 2896 3250 2957 atque
3284 2884 3532 2942 eamdem
3571 2884 3630 2939 in

2035 2997 2228 3037 omnes
2264 2994 2485 3052 poenam
2514 2980 2876 3036 constitutam
2912 2980 3233 3042 arbitretur,
3265 2973 3629 3047 quemadmo-

2034 3073 2163 3127 dum
2204 3072 2259 3128 in
2295 3086 2393 3127 eos
2440 3070 2535 3142 qui
2584 3069 2933 3141 patricidium
2973 3067 3391 3133 commiserint,
3440 3065 3523 3121 sic
3571 3064 3629 3119 in

2038 3165 2199 3230 illos,
2240 3164 2334 3235 qui
2359 3163 2499 3228 galiis
2537 3161 2859 3216 calumniati
2908 3159 3151 3225 fuerint,
3183 3165 3279 3213 aut
3327 3156 3627 3229 pugnando

349 3243 382 3321 ᾗ
421 3266 506 3312 τις
543 3250 889 3304 παντάπασιν
932 3251 1169 3323 ἰδιώτης,
1207 3255 1299 3307 καὶ
1347 3254 1610 3326 θεάσηται
1652 3255 1743 3309 τὸν
1784 3255 1932 3328 εἰλη-

2038 3233 2415 3313 lacessiverint
2443 3274 2458 3311 :
2494 3255 2584 3311 vel
2614 3253 2842 3325 perinde
2870 3267 2935 3308 ac
2984 3253 3028 3309 si
3079 3251 3237 3308 rudis
3270 3250 3543 3322 quispiam
3574 3257 3630 3304 et

350 3342 486 3410 φότα
514 3342 752 3413 ἄρχοντα
779 3344 878 3415 τὴν
906 3343 1158 3411 ἐξουσίαν
1198 3348 1320 3399 κατ’
1360 3346 1654 3419 ἀλιτηρίων
1685 3348 1937 3403 ἀποσπά-

350 3453 519 3488 σαντα
573 3436 868 3508 μάχαιραν,
906 3437 939 3507 ἢ
981 3438 1121 3490 κατά
1172 3438 1386 3509 γοήτων
1429 3438 1523 3491 καὶ
1572 3438 1931 3510 βλασφήμων,

350 3530 830 3602 ῆάκαθοσιώτων·
889 3530 1097 3602 νομίζει
1154 3530 1211 3585 δὲ
1249 3533 1375 3595 τοὺς
1423 3532 1633 3595 πάντας
1686 3528 1934 3597 ἐξουσίαν

351 3623 493 3693 ἔχειν
524 3624 622 3695 τῆς
644 3622 900 3694 τοιαύτης
943 3624 1123 3687 αἰτίας
1154 3623 1423 3678 ποιεῖσθαι
1453 3624 1550 3694 τὴν
1578 3624 1767 3695 δίκην·
1803 3623 1932 3678 θεα-

352 3717 584 3786 σάμενος
610 3716 667 3769 δὲ
699 3716 854 3789 δίκην
876 3716 1063 3780 δόντας
1095 3714 1439 3788 ἀνθρώπους,
1470 3716 1564 3770 καὶ
1588 3716 1750 3780 αὐτὸς
1781 3716 1839 3770 δὲ
1863 3716 1933 3771 τά

354 3805 445 3859 ῐσα
480 3806 857 3877 μιμησάμενος
898 3806 1113 3877 θελήσει
1151 3806 1469 3860 ἀποκτεῖναί
1507 3824 1679 3872 τινας,
1730 3808 1803 3871 ὡς
1836 3806 1934 3878 δῆ-

353 3895 445 3949 θεν
483 3900 611 3959 τοὺς
651 3897 982 3968 ἠδικηκότας
1029 3898 1296 3963 δικάζων’
1334 3900 1496 3962 ἀλοὺς
1538 3899 1597 3952 δὲ
1632 3901 1661 3952 ὁ
1695 3897 1937 3962 τοιοῦτος

354 3986 515 4050 αὐτὸς
562 3987 718 4058 δίκην
761 3988 943 4052 δώσει,
981 3989 1056 4061 μὴ
1098 3989 1335 4060 εἰληφὼς
1366 3988 1520 4061 παρά
1553 3989 1816 4059 βασιλέως
1849 3989 1937 4055 ἐξ·

354 4081 541 4132 ουσίαν
574 4080 681 4135 τῶν
709 4081 963 4134 τοιούτων
984 4099 995 4110 ·
1032 4082 1127 4134 καὶ
1149 4082 1232 4134 ὅτι
1268 4081 1361 4151 τὴν
1396 4082 1517 4151 ίσην
1546 4080 1762 4151 ἐνόμιζε
1794 4082 1937 4135 κατά

357 4170 573 4224 πάντων
594 4170 791 4236 ἐξιέναι
812 4171 992 4241 ψῆφον
1017 4172 1124 4225 ἀπὸ
1142 4172 1239 4241 τῆς
1266 4172 1421 4242 δίκης
1444 4171 1553 4224 τῶν
1580 4173 1778 4242 νόμων,
1812 4173 1938 4226 ἐαυ-

356 4264 447 4316 τὸν
479 4264 534 4317 δὲ
563 4264 621 4317 ὲν
657 4266 725 4336 τῇ
752 4264 935 4334 ἀδικίᾳ
963 4263 1050 4317 διά
1078 4265 1178 4334 τῆς
1198 4264 1332 4327 ἰδίας
1350 4263 1609 4334 ἀπειρίας
1644 4262 1739 4317 καί
1764 4265 1938 4336 ἀπαρ-

358 4357 742 4429 ακολουθησίας
768 4358 983 4411 ἔκδοτον
1008 4357 1282 4422 ἀπωλείας
1317 4356 1741 4427 παρασκευάσας
1764 4373 1778 4387 ·
1796 4356 1939 4409 οὕτω

361 4453 457 4505 καὶ
501 4452 699 4516 αὐτοὶ,
751 4451 820 4505 τά
843 4452 1058 4506 πάντων
1105 4450 1242 4522 ὁμοῦ
1294 4451 1569 4521 μίξαντες,
1614 4451 1676 4504 ὲκ
1726 4450 1939 4503 πάντων

358 4544 623 4609 ἐξέπεσαν
641 4561 655 4575 ο
686 4545 781 4598 καὶ
815 4543 890 4614 μὴ
918 4546 1207 4614 νοήσαντες
1236 4542 1305 4595 τά
1327 4543 1531 4613 ἀκριϐῆ
1564 4542 1665 4613 τῆς
1683 4541 1777 4596 τοῦ
1802 4541 1938 4595 Θεοῦ

2038 3348 2322 3419 imperitus
2364 3346 2751 3417 magistratum
2791 3344 2974 3399 videat
3019 3349 3289 3413 potestate
3339 3339 3627 3410 praeditum

2034 3439 2275 3511 gladium
2314 3439 2371 3494 in
2419 3438 2718 3493 sceleratos
2758 3435 3122 3503 distringere,
3157 3433 3308 3489 velut
3356 3430 3630 3488 veneﬁcos

2037 3541 2131 3586 aut
2159 3531 2533 3601 blasphemas,
2569 3536 2664 3584 aut
2689 3526 3028 3600 perduelles,
3056 3541 3121 3581 ac
3149 3540 3316 3596 penes
3342 3524 3631 3578 universos

2034 3639 2157 3679 esse
2181 3628 2505 3694 potestatem
2534 3620 2855 3685 arbitretur,
2876 3624 2936 3671 ut
2970 3617 3118 3673 illius
3148 3616 3398 3671 criminis
3433 3630 3629 3684 punias

2033 3714 2373 3771 constituant
2401 3731 2416 3767 :
2448 3726 2684 3782 cumque
2712 3709 2936 3782 punitos
2956 3710 3025 3763 ob
3044 3708 3097 3763 id
3120 3708 3370 3763 homines
3392 3707 3612 3768 viderit.

2034 3807 2236 3863 imitari
2268 3813 2324 3862 et
2358 3807 2478 3877 ipse
2507 3806 2659 3865 velit.
2700 3818 2765 3858 ac
2802 3812 3064 3873 tanquam
3101 3800 3171 3856 de
3212 3800 3324 3856 reis
3358 3799 3627 3869 judicium

2034 3914 2296 3954 exercens
2327 3906 2557 3952 mortem
2613 3895 2721 3951 illis
2770 3893 2974 3950 inferre
3023 3899 3285 3947 conetur:
3357 3889 3629 3961 ejusmodi

1994 3993 2000 4000 '
2034 3989 2237 4059 quippe
2279 4002 2472 4058 poenas
2501 3987 2620 4057 ipse
2652 3986 2970 4057 persolvet,
3009 3993 3126 4039 tum
3166 3983 3313 4055 quod
3354 3985 3558 4039 nullam
3593 3997 3627 4035 a

2035 4079 2281 4150 principe
2320 4078 2443 4149 ejus
2476 4079 2557 4132 rei
2594 4084 2922 4147 potestatem
2970 4077 3268 4146 acceperit,
3320 4086 3436 4129 tum
3480 4073 3629 4143 quod

2036 4168 2297 4238 aequalem
2330 4166 2387 4222 in
2419 4182 2611 4222 omnes
2638 4166 2853 4236 legibus
2884 4165 3243 4220 constitutam
3266 4178 3485 4233 pinnam
3508 4178 3631 4218 esse

2044 4260 2150 4317 sibi
2192 4260 2567 4331 persuaserit;
2601 4273 2667 4313 ac
2696 4258 2931 4327 denique
2968 4272 3064 4326 per
3106 4254 3432 4323 imperitiam
3465 4252 3631 4307 insci-

2038 4353 2280 4423 tiamque
2303 4366 2460 4407 suam
2492 4350 2585 4406 tali
2616 4350 2823 4407 scelere
2843 4347 3070 4403 exitium
3098 4345 3203 4401 sibi
3237 4359 3302 4399 ac
3331 4343 3629 4414 perniciem

2038 4444 2411 4511 consciverit,
2447 4443 2521 4496 ita
2564 4442 2729 4497 etiam
2768 4439 2867 4504 illi,
2911 4454 3036 4494 cum
3073 4436 3235 4493 simul
3270 4435 3453 4490 omnia
3505 4449 3630 4504 per-

2042 4536 2316 4591 misceant
2365 4533 2627 4589 omnibus
2689 4529 3056 4588 exciderunt;
3124 4518 3370 4594 cumque
3433 4521 3630 4576 divina:

358 4603 726 4702 διδασκαλίας,
768 4603 1096 4710 ἐπὶ-ἑτέραν
1135 4603 1322 4709 τρίὸον
1374 4603 1666 4706 σιραλέντές
1702 4637 1938 4709 ἐτράπη-

2048 4626 2351 4698 disciplinae
2382 4631 2640 4679 accurata
2672 4622 2989 4692 cOgnitione
3020 4623 3267 4681 careant,
3299 4614 3466 4687 496
3500 4614 3616 4668 alie-

362 4749 493 4785 σαν·
523 4733 622 4785 οὐκ
654 4731 873 4796 εἰδότες,
915 4733 997 4786 ὅτι
1041 4729 1178 4799 αὕτη
1225 4731 1372 4784 ἐστὶν
1413 4732 1448 4802 ή
1490 4730 1585 4801 τῆς
1620 4729 1941 4801 θείαςηΓρα-

358 4825 468 4893 φῆς
504 4825 796 4895 παράδοσις
828 4824 923 4877 καὶ
949 4821 1259 4879 ἀκολουθία.

432 5096 504 5147 Δ’.
523 5093 566 5144 Τ
570 5092 604 5145 ἀ
620 5099 727 5163 γάρ
744 5092 823 5156 εἰς
851 5091 1150 5164 ἱερωσύνην
1172 5092 1543 5165 παραδοθέντα
1569 5090 1656 5145 διὰ
1676 5090 1737 5143 τὸ
1753 5089 1943 5161 ἐξοχώ-

361 5201 523 5238 τατον
548 5183 648 5251 τῆς
684 5184 991 5255 ἱερουργίας
1011 5186 1091 5247 εἰς
1113 5184 1322 5246 πάντας
1341 5185 1597 5253 ἐνόμισαν
1630 5184 1760 5246 ἴσως
1783 5183 1944 5253 φέρε-

363 5268 507 5322 σθαιο
528 5268 849 5337 ἀκηκοότες,
865 5270 945 5321 ὅτι
967 5269 1047 5321 δεῖ
1063 5269 1153 5321 τὸν
1168 5267 1462 5321 ἐπίσκοπον
1484 5267 1845 5338 ἀνεπίληπτον
1868 5262 1945 5320 εἷ-

362 5380 473 5427 ναι,
501 5363 631 5432 μιᾶς
659 5360 914 5430 γυναικὸς
937 5360 1123 5431 ἄνδρα,
1151 5358 1394 5431 ἐγκρατῆ
1412 5375 1425 5389 ·
1454 5358 1715 5423 ὡσαύτως
1741 5360 1834 5412 καὶ
1854 5358 1946 5413 τὸν

440 5521 455 5551 ¹
486 5518 544 5573 F.
574 5519 729 5589 μετά.
809 5518 829 5548 ⁸
866 5516 1139 5587 διγάμοις.

444 5632 554 5703 (1‘2)
599 5628 773 5703 Οὗζοι
816 5630 896 5703 δὲῃ
923 5631 995 5703 οὐ
1033 5629 1372 5703 βούλονται.
1432 5627 1756 5703 δίδαγμοῖς.
1812 5626 1939 5681 Cor.

367 5698 640 5775 διγάμοις.
671 5701 774 5753 Sed
808 5701 1065 5775 religione
1094 5698 1328 5769 quadam
1362 5698 1943 5775 inducti_communeln

373 5766 446 5829 ac'
478 5766 827 5842 dcpravatam
878 5766 1166 5842 lectionem
1215 5769 1745 5842 repraesentavimus,
1800 5766 1945 5839 quod

370 5846 480 5913 iam
515 5837 733 5896 minimc.
771 5842 1082 5910 probamus.
1126 5837 1393 5896 Caeterum
1441 5837 1774 5893 Novalianos
1816 5837 1945 5890 cum

2048 4733 2179 4772 num
2217 4716 2272 4771 in
2305 4714 2577 4769 tramitem
2618 4727 2835 4768 summo
2862 4726 3051 4766 errore
3080 4708 3435 4763 deﬂexerunt.
3479 4705 3629 4760 Istud

2044 4808 2192 4864 enim
2248 4821 2592 4877 nequaquam
2646 4805 2989 4867 discernunt,
3039 4801 3201 4855 talem
3252 4813 3375 4853 esse
3411 4797 3628 4866 qualem

2047 4899 2307 4961 diximus,
2342 4897 2397 4951 in
2438 4894 2740 4967 Scripturis
2786 4894 2961 4950 sacris
3006 4890 3226 4945 modum
3262 4903 3327 4943 ac
3361 4888 3625 4941 rationem

2048 4990 2442 5059 praescriptam.

2120 5080 2209 5136 IV.
2251 5081 2308 5135 Si
2331 5079 2547 5151 quidem
2573 5094 2693 5148 qua:
2720 5074 3025 5132 sacerdotio
3046 5079 3268 5143 pr0pter
3293 5070 3625 5140 singularem

2050 5173 2350 5228 functionis
2383 5172 2531 5226 illius
2563 5169 2883 5240 dignitatem
2916 5164 3188 5237 praecipue
3221 5162 3423 5215 tributa
3474 5167 3625 5225 sunt,

2050 5282 2114 5321 ea
2144 5266 2211 5320 ad
2238 5279 2430 5319 omnes
2462 5262 2825 5317 communiter
2854 5258 3129 5330 pertinere
3180 5255 3451 5325 iudicant.
3492 5253 3625 5308 Illud

2053 5359 2273 5432 quidem
2294 5357 2606 5421 audierunt,
2622 5354 2937 5425 episcopum
2958 5347 3488 5416 irreprehcnsibilcm
3504 5362 3626 5402 esse

2050 5621 2282 5693 digamis
2308 5616 2718 5693 communicare
2763 5613 3007 5693 nol-uisse
3048 5617 3247 5693 pratter
3277 5614 3530 5693 auctores
3561 5607 3624 5660 il-

2054 5678 2155 5752 Ιοέ,
2186 5692 2294 5761 qui
2318 5689 2386 5742 dc
2415 5688 2716 5761 hmresibus
2754 5678 3115 5761 scripserunt,
3145 5680 3303 5761 docet
3333 5678 3496 5761 etiam
3530 5692 3623 5729 ca-

2055 5746 2163 5818 imi.
2194 5746 2227 5815 ἑ
2255 5760 2483 5812 Nil-aena:
2513 5757 2728 5826 synodi,
2757 5756 2849 5823 qui
2873 5746 2956 5826 ide
2984 5747 3402 5826 reconciliandis
3446 5746 3623 5826 Nova-

2056 5815 2219 5888 tianis
2249 5832 2427 5886 editus
2466 5815 2567 5882 cst'.
2601 5815 2741 5880 Idem
2777 5815 2829 5879 et
2876 5824 3129 5878 Socrates
3158 5820 3248 5874 lib.
3288 5834 3341 5885 ν,
3374 5833 3494 5888 cap.
3524 5815 3619 5873 22.
