4176 6386
547 308 681 369 liii?)
1934 315 1992 369 S.
2034 314 2149 369 EPI‘

2253 315 2376 369 \Nll
3686 310 3899 362 1034

542 432 816 492 oportere,
848 426 1011 482 unius
1043 443 1231 484 moris
1257 446 1453 495 VII'UM,
1488 431 1860 486 continentem
1882 432 1898 462 ¹
1930 453 1943 487 :
1973 434 2130 487 sitni-

2253 435 2500 497 ἱιάκονον,
2535 433 2741 487 καὶτὸν
2772 432 3156 504 πρεσϐύτερον.
3182 430 3291 485 Καὶ
3319 428 3428 499 γάρ
3456 426 3533 497 τῷ
3572 424 3675 495 μὲν
3708 426 3888 477 ὅντε

544 515 661 569 liter
700 524 752 571 et
786 515 1080 574 diaconum
1106 533 1158 575 ει
1179 523 1577 595 presbyterum.
1622 524 1697 579 Ita
1714 526 1858 580 enim
1881 528 2125 596 profecto

2253 524 2293 575 ιὺ
2320 524 2533 595 δέχεται
2562 524 2622 576 τὸ
2650 524 2805 592 ἅγιον
2839 523 2931 577 τοῦ
2965 522 3101 576 Θεοῦ
3133 524 3395 593 κήρυγμα
3438 517 3575 590 μετά
3594 517 3700 587 τὴν
3726 515 3882 569 τοῦ

546 624 668 662 sese
692 623 778 662 res
813 610 1010 677 habet,
1048 623 1105 665 nt
1135 621 1259 683 post
1292 613 1499 669 Christi
1539 616 1593 670 in
1625 616 1810 671 orbem
1854 624 2123 671 terrarum

2253 614 2471 685 (ριστοῦ
2504 616 2765 685 ὲνδημίαν
2797 616 2923 679 τοὺς
2954 614 3061 668 ἀπὸ
3092 612 3309 685 πρώτου
3338 613 3535 682 γάμου,
3558 610 3877 677 τελευτη-

544 700 859 763 advcntum,
888 717 983 756 eos
1006 718 1195 761 omnes
1222 707 1313 774 qni
1340 706 1639 761 secundum
1670 707 1879 775 priores
1905 708 2126 777 nuptias

2253 707 2399 777 ’άσης
2426 706 2525 777 τῆς
2558 707 2738 760 αὐτῶν
2758 706 3038 774 γυναικὸς,
3070 704 3308 775 δευτέρῳ
3332 704 3494 773 γάμῳ
3524 698 3880 770 συναφθέν-

546 798 760 843 mortua
815 806 985 846 uxore
1024 794 1179 847 alteri
1227 811 1347 851 sese
1388 797 1595 865 nuptiis
1644 796 1939 866 illigarint,
1990 811 2121 851 san-

2253 817 2323 863 ἀς
2345 797 2431 852 διὰ
2454 799 2515 851 τὸ
2542 798 2880 869 ὑπερϐάλλον
2909 799 3007 869 τῆς
3048 800 3214 869 τιμῆς
3234 798 3331 867 τῆς
3356 794 3677 867 ἱερωσύνης.
3715 791 3876 844 Καὶ

547 878 793 934 ctissima
829 882 918 937 Dei
956 882 1247 954 disciplina
1277 886 1519 956 rejiciat:
1550 896 1836 958 propterea
1860 888 2005 959 quod
2038 888 2124 941 in-

2253 890 2397 945 ἀὔτα
2438 890 2696 961 ἀσφαλῶς
2740 892 2773 961 ἡ
2817 890 2946 959 άγία
2998 889 3093 943 τοῦ
3146 888 3282 942 Θεοῦ
3326 886 3620 956 Ἐκκλησία
3688 882 3875 952 μετὰ

547 970 826 1027 credibilis
868 982 953 1029 est
998 974 1291 1031 sacerdotii
1333 978 1511 1031 honor
1546 993 1607 1031 ac
1646 978 1912 1047 dignitas.
1950 977 2130 1046 Atque

2253 982 2509 1053 ικριϐείας
2535 982 3035 1053 παραφυλάττεται.
3072 980 3234 1035 Ἀλλά
3266 980 3358 1033 καὶ
3381 980 3471 1031 τὸν
3493 979 3572 1030 ἔτι
3602 974 3872 1046 βιοῦντα.

549 1061 697 1117 istud
749 1065 927 1136 ipsum
978 1078 1332 1124 sacrosancta
1378 1069 1471 1126 Dei
1513 1069 1760 1125 Ecclesia
1811 1086 1936 1125 cum
1980 1071 2129 1123 omni

2253 1073 2326 1127 ιαὶ
2368 1072 2811 1142 τεκνογονοῦντα,
2871 1075 2999 1144 μιᾶς
3037 1072 3294 1141 γυναικὸς
3333 1071 3460 1124 όντα
3514 1068 3719 1138 άνδρα,
3771 1067 3865 1118 οὐ

548 1156 864 1224 provisione
902 1159 1291 1232 diligentiaque
1323 1171 1525 1217 servat.
1558 1161 1700 1228 Quin
1726 1178 1849 1217 eum
1883 1162 2127 1231 insuper,

2253 1168 2464 1237 ῖέχεται,
2496 1166 2633 1221 ἀλλά
2678 1166 2786 1220 ἀπὸ
2829 1168 2959 1237 μιᾶς
3008 1163 3515 1236 ὲγκρατευσάμενον
3550 1161 3582 1231 ἦ
3626 1159 3867 1229 χηρεύς-

547 1252 642 1319 qui
689 1253 869 1309 adhuc
935 1256 990 1309 in
1040 1258 1389 1309 matrimonio
1442 1254 1624 1325 degit,
1689 1269 1753 1308 ac
1803 1254 1987 1325 liberis
2041 1254 2134 1307 dat

2253 1276 2424 1322 ταντα,
2452 1258 2697 1312 διάκονόν
2736 1275 2795 1311 τε
2822 1260 2915 1312 καὶ
2960 1256 3352 1328 πρεσϐύτερον,
3385 1254 3477 1307 καὶ
3503 1253 3863 1313 ἐπίσκοπον,

547 1358 792 1412 operam,
834 1348 1051 1402 tametsi
1100 1350 1261 1402 unius
1292 1348 1363 1403 sit
1405 1349 1593 1403 uxoris
1637 1352 1741 1411 vir,
1792 1363 2134 1417 nequaquam

2253 1349 2605 1414 imﬁtdxovov,
2636 1349 2873 1420 μάλιστα
2896 1350 3029 1403 ὅπου
3052 1348 3301 1419 ἀκριϐεῖς
3324 1346 3545 1407 κανόνες
3565 1345 3612 1396 oi
3635 1341 3866 1409 ἐκκλη-

548 1442 731 1488 tamen
773 1436 840 1489 ad
876 1438 1118 1506 diaconi,
1162 1439 1488 1509 presbyteri,
1525 1440 1791 1510 episcOpi,
1827 1448 1920 1492 aut
1967 1438 2139 1510 hypo-
2239 1439 2527 1495 σιαστικοί.

547 1528 762 1583 diaconi
812 1530 1059 1587 ordinem
1093 1533 1351 1586 admittit.
1390 1532 1501 1587 Sed
1534 1548 1658 1587 eum
1695 1532 1997 1597 duntaxat,
2029 1533 2120 1603 qui
2161 1533 2232 1587 ab
2260 1534 2426 1589 unius
2460 1532 2649 1589 uxoris
2681 1532 3082 1589 consuetudine
3149 1544 3273 1586 sese
3328 1527 3691 1593 continuerit,
3740 1532 3858 1579 aut

547 1634 607 1673 ea
639 1621 709 1675 sit
736 1624 961 1678 orbatus
992 1644 1003 1677 :
1040 1626 1185 1695 quod
1222 1628 1274 1680 in
1304 1628 1410 1682 illis
1439 1628 1574 1681 locis
1601 1628 1872 1698 praecipue
1907 1628 1987 1692 fit,
2015 1628 2105 1681 ubi
2145 1629 2508 1685 ecclesiastici
2537 1645 2777 1684 canones
2814 1635 3071 1685 accurate
3102 1633 3414 1683 servantur.

617 1713 683 1768 At
711 1716 858 1771 enim
894 1719 1174 1775 nonnullis
1233 1720 1413 1775 adhuc
1472 1719 1527 1773 in
1590 1721 1727 1775 locis
1794 1720 2121 1791 presbyteri,

2316 1721 2476 1775 Ἀλλά
2508 1722 2725 1784 πάντως
2754 1723 2900 1792 ἐρεῖς
2937 1738 3048 1791 μοι,
3080 1720 3138 1773 ἐν
3167 1737 3278 1773 τισι
3324 1718 3507 1779 τόποις
3534 1715 3613 1768 ἔτι
3641 1732 3863 1769 τεκνο-

547 1805 761 1860 diaconi
800 1817 853 1862 et
880 1809 1237 1880 hypodiaconi
1279 1813 1479 1867 liberos
1513 1812 1863 1881 suscipiunt:
1906 1828 2135 1882 respon-

2253 1816 2418 1882 rovsiv
2452 1813 2877 1884 πρεσϐυτέρους,
2911 1813 3008 1867 καὶ
3047 1812 3349 1874 διακόνους,
3397 1809 3491 1863 καὶ
3543 1807 3861 1861 ὑποδιακό-

1934 315 1992 371 S.
2034 314 2376 371 EPIPHANII

547 1897 671 1964 deo,
722 1916 831 1955 non
888 1902 1022 1956 illud
1076 1920 1143 1959 ex
1194 1906 1424 1961 canonis
1471 1907 1797 1961 auctoritate
1844 1905 1958 1959 ﬁeri
1986 1945 2000 1966 ,
2040 1903 2138 1959 sed

549 2002 771 2062 propter
802 1994 1082 2051 hominum
1122 1998 1414 2069 ignaviam,
1455 2015 1575 2071 quae
1604 2000 1771 2055 certis
1798 1999 2136 2068 temporibus

550 2085 887 2155 negligenter
937 2104 1097 2159 agere
1148 2106 1213 2145 ac
1258 2092 1554 2146 connivere
1604 2092 1760 2154 solet,
1796 2078 1866 2145 ob
1913 2090 2135 2143 nimiam

550 2178 736 2246 populi
788 2179 1228 2247 multitudinem,
1280 2198 1404 2236 cum
1454 2183 1665 2238 scilicet
1706 2183 1800 2252 qui
1848 2180 1916 2234 ad
1957 2196 2052 2235 eas
2080 2196 2139 2235 se

551 2268 862 2327 functiones
896 2274 1302 2343 applicentnon
1357 2274 1516 2330 facile
1567 2276 1935 2345 reperiuntur.
1981 2273 2137 2339 Quod

552 2363 618 2415 al
653 2363 827 2431 ipsam
876 2364 1095 2433 quidem
1150 2365 1448 2421 Ecclesiam
1481 2367 1708 2429 attinet,
1754 2381 1839 2429 ea,
1888 2374 2073 2433 utpote
2107 2380 2138 2417 a

552 2462 745 2507 sancto
769 2452 974 2524 Spiritu
1001 2457 1137 2513 bene
1160 2458 1412 2513 ordinata
1444 2467 1607 2529 atque
1627 2460 1949 2514 constituta.
1980 2458 2125 2527 quod

552 2542 836 2601 decentius
870 2556 955 2601 est
999 2550 1256 2605 omnibus
1286 2552 1343 2604 in
1372 2551 1536 2607 rebus
1566 2552 1948 2616 considerans,
1976 2551 2024 2605 ei
2059 2551 2136 2605 rei

553 2635 773 2690 studere
798 2638 1143 2705 potissimum
1168 2640 1439 2707 instituit,
1470 2650 1528 2695 ut
1555 2657 1677 2712 qua:
1708 2642 1895 2696 divino
1922 2642 2132 2695 numini

554 2728 861 2783 ministeria
894 2741 1246 2800 priestantur,
1280 2736 1430 2789 nulla
1466 2752 1545 2801 re,
1577 2735 1757 2804 quoad
1790 2735 1906 2790 ﬁeri
1938 2744 2135 2806 potest,

552 2818 961 2886 distrahantur,
1001 2832 1163 2893 atque
1204 2826 1473 2896 spiritalia
1524 2827 1708 2881 omnia
1758 2826 1933 2880 ollieia
1975 2844 2137 2897 quant

554 2910 762 2980 optima
819 2912 1215 2985 lzetissimaque
1278 2918 1615 2973 conscientia
1680 2929 1959 2989 gerantur.
2026 2920 2139 2975 lloc

556 3002 727 3071 igitur
765 3005 891 3059 dico
919 3017 1145 3076 propter
1171 3008 1384 3065 subitas
1424 3010 1736 3067 functiones
1767 3021 1930 3083 atque
1964 3011 2138 3066 ollicia

556 3096 873 3159 convenire,
927 3106 986 3151 ut
1016 3099 1301 3170 presbyter
1334 3116 1399 3155 ac
1430 3102 1720 3168 diaconus,
1757 3114 1809 3158 et
1846 3104 2138 3174 episcopus

557 3184 671 3242 Deo
697 3188 917 3259 penitus
951 3198 1127 3245 vacet.
1165 3190 1298 3244 Nam
1331 3193 1375 3247 si
1405 3194 1513 3249 illis
1546 3196 1735 3261 etiam,
1770 3196 1861 3265 qui
1884 3212 1914 3251 e
1944 3197 2142 3266 pepulo

560 3286 720 3341 sunt,
757 3276 808 3330 id
838 3278 1016 3347 ipsum
1046 3278 1345 3348 Apostolus
1382 3283 1629 3351 principit
1660 3300 1671 3335 :
1700 3280 1801 3348 Ut,
1836 3282 2041 3351 inquit,
2073 3283 2141 3333 ad

562 3381 760 3436 tempus
797 3378 977 3422 vacent
1008 3371 1237 3424 orationi
1271 3375 1311 3434 ²,
1341 3382 1548 3441 quanto
1580 3375 1632 3428 id
1662 3374 1837 3443 magis
1870 3374 2143 3429 sacerdoti

556 3458 935 3529 praescripsit?
979 3458 1243 3514 Nimirum
1278 3464 1443 3518 mullis
1474 3474 1530 3518 ut
1572 3465 1977 3535 impedimentis
2013 3480 2143 3517 aro-

560 3561 740 3613 cetur,
770 3567 878 3619 quo
896 3552 947 3604 in
964 3552 1341 3619 spiritualibus
1360 3556 1661 3610 secundum
1683 3555 1847 3610 Deum
1874 3558 2107 3626 negotiis
2125 3598 2138 3621 ,

565 3642 619 3694 in
655 3642 775 3710 ipso
810 3656 911 3695 usu
967 3644 1262 3698 sacerdotii
1288 3645 1869 3717 administrationeque
1898 3647 2141 3703 ferietur.

566 3732 834 3786 Caeterum
889 3733 942 3785 in
996 3736 1230 3803 populo.
1268 3749 1489 3808 pr0pter
1526 3741 1645 3806 eius
1682 3740 2142 3804 imbecillitatem,

569 3824 789 3878 tolerari
826 3822 970 3878 istud
1016 3832 1227 3893 potest,
1274 3840 1333 3881 ut
1372 3830 1464 3899 qui
1496 3846 1663 3885 uxore
1695 3834 1867 3900 prima
1902 3834 2141 3887 contenti

567 3932 691 3972 esse
724 3934 833 3972 non
863 3915 1075 3986 pOSSim
1100 3958 1113 3981 ,
1147 3918 1311 3991 497
1337 3937 1402 3977 ea
1436 3931 1651 3976 mortua
1696 3922 1995 3978 secundam
2043 3925 2144 3979 sibi

2242 1925 2384 1972 νους.
2416 1906 2586 1960 Τοῦτο
2606 1906 2667 1960 οὑ
2700 1906 2853 1976 παρά
2880 1905 2972 1958 τὸν
3006 1906 3229 1967 κανόνα,
3254 1902 3392 1957 άλλά
3427 1902 3577 1972 παρὰ
3598 1899 3701 1970 τὴν
3729 1899 3859 1951 τῶν

2241 1996 2546 2068 ἀνθρώπων
2594 1996 2739 2050 κατά
2791 1996 2982 2069 καιρὸν
3027 1995 3425 2068 ρᾳθυμήσασαν
3454 1993 3719 2054 διάνοιαν,
3748 1991 3859 2043 καὶ

2240 2090 2335 2144 τού
2367 2090 2601 2162 πλήθους
2629 2091 2834 2156 ἕνεκεν,
2874 2093 2949 2161 μὴ
2983 2089 3381 2161 εὑρισκομένης
3407 2085 3742 2156 ὑπηρεσίας.
3771 2083 3857 2135 Th

2245 2178 2692 2250 πρεπωδέστερον
2745 2179 2853 2249 γάρ
2906 2179 2994 2233 ἀεὶ
3034 2181 3067 2251 ή
3118 2178 3412 2249 Ἐκκλησία
3450 2175 3653 2247 ὁρῶσα,
3692 2174 3859 2243 ἁγίῳ

2243 2268 2519 2339 Πνεύματι
2559 2268 2620 2325 εὖ
2659 2271 3041 2341 διαταχθεῖσα,
3072 2271 3214 2340 ἔγνω
3243 2269 3681 2340 ἀπερισπάστους
3718 2263 3856 2333 Θεῷ

2240 2357 2341 2420 τάς
2371 2357 2627 2429 λατρείας
2656 2360 3022 2413 ἐπιτελεῖσθαι
3072 2360 3410 2423 σπουδάζειν,
3440 2358 3533 2410 καὶ
3570 2356 3638 2408 τά
3674 2372 3858 2407 πνευ-

2246 2448 2452 2519 ματικά
2484 2449 2592 2502 τῶν
2635 2449 2836 2520 χρειῶν
2866 2449 3005 2520 μετά
3049 2450 3230 2520 πάσης
3255 2447 3615 2515 εὐνουστάτης
3656 2461 3855 2496 συνειο

2242 2543 2450 2613 δήσεως
2465 2542 2828 2596 τελειοῦσθαι.
2858 2544 3007 2613 Φημὶ
3027 2543 3105 2607 δὲ,
3133 2544 3217 2596 ὃτι
3238 2541 3446 2612 πρέπον
3479 2540 3592 2592 ἐστὶ
3623 2537 3709 2590 διὰ
3743 2535 3855 2599 τὰς

2242 2635 2501 2705 ἐξαπίνης
2534 2636 2881 2707 λειτουργίας
2911 2636 3005 2689 καὶ
3036 2639 3226 2707 χρείας
3272 2632 3552 2704 σχολάζειν
3574 2629 3664 2683 τὸν
3702 2646 3854 2699 πρε-

2244 2726 2527 2796 σϐύτερον,
2557 2727 2654 2778 xui.
2697 2726 2962 2790 διάκονον,
3006 2727 3101 2780 καὶ
3140 2724 3436 2777 ἐπίσκοπον
3464 2720 3603 2791 Θεῷ.
3638 2720 3700 2773 Ei
3729 2719 3853 2789 γὰρ

2242 2820 2337 2872 καὶ
2374 2821 2489 2883 τοῖς
2529 2818 2637 2871 ἀπὸ
2665 2818 2756 2871 τοῦ
2796 2818 2923 2871 λαοῦ
2949 2819 3280 2891 προστάσσει
3314 2818 3343 2869 ὁ
3382 2818 3534 2884 ἀγιος
3579 2811 3849 2865 Ἀπόστο-

2241 2910 2329 2974 λος
2345 2910 2538 2979 λέγων,
2570 2910 2705 2964 Ἵνα
2739 2909 2889 2978 πρὸς
2926 2910 3134 2977 καιρὸν
3162 2907 3513 2977 σχολάσωσι
3546 2904 3619 2972 τῇ
3649 2901 3810 2971 εὐχῇ
3831 2920 3847 2933 ·

2242 3002 2394 3072 πόσῳ
2432 3018 2493 3069 γε
2530 3001 2730 3073 μᾶλλον
2772 3000 2851 3071 τῷ
2905 3002 3038 3073 ἱερεῖ
3080 3001 3140 3053 τὸ
3186 3002 3318 3054 αὐτὸ
3356 2998 3724 3070 προστάσσει;
3770 2996 3849 3048 Τὸ

2246 3096 2659 3166 ἀπερίσπαστον
2691 3095 2747 3147 δὲ
2786 3094 2952 3162 λέγω,
2991 3096 3071 3157 είς
3110 3094 3173 3147 τὸ
3224 3093 3502 3163 σχολάζειν
3543 3091 3686 3143 κατὰ
3707 3088 3850 3141 Θεὸν

2171 3171 2216 3233 C
2248 3187 2305 3239 ὲν
2358 3187 2479 3249 ταῖς
2534 3186 2746 3257 χρείαις
2806 3187 2927 3247 ταῖς
2990 3186 3388 3254 πνευματικαῖς
3447 3181 3851 3250 τελεσιουρτη-

2254 3281 2389 3350 μένῃ
2444 3279 2465 3311 ³
2517 3277 2805 3351 ἱερωσύνῃ.
2866 3278 3084 3342 Ἔξεστι
3147 3279 3204 3331 δὲ
3262 3276 3340 3347 τῷ
3388 3274 3503 3346 λαῷ
3549 3274 3613 3327 δι’
3675 3271 3848 3326 ἀσθέ-

2252 3390 2399 3427 νειαν
2439 3369 2938 3436 διαϐαστάζεσθαι,
2996 3371 3091 3423 καὶ
3137 3368 3213 3440 μὴ
3261 3366 3588 3438 δυνηθέντας
3642 3364 3735 3416 ἐπὶ
3777 3365 3849 3432 τῇ

2253 3465 2445 3537 πρώτῃ
2494 3466 2711 3535 γαμετῇ
2756 3463 2963 3532 στῆναι,
3010 3461 3241 3532 δευτέρᾳ
3289 3458 3429 3530 μετά
3473 3457 3697 3511 Θάνατον
3743 3454 3849 3524 τῆς

2256 3557 2480 3628 πρώτης
2532 3556 2889 3625 συναφθῆναι.
2943 3554 3052 3609 Καὶ
3088 3556 3116 3606 ὁ
3168 3553 3267 3623 μὲν
3313 3553 3441 3623 μίαν
3490 3547 3737 3621 ἐσχηκὼς
3786 3549 3849 3599 ἐν

2253 3649 2459 3719 ἐπαίνῳ
2485 3648 2691 3718 μείζονι
2718 3650 2812 3701 καὶ
2848 3649 2982 3717 τιμῇ
3030 3645 3180 3716 παρὰ
3214 3647 3379 3698 πᾶσιν
3411 3640 3847 3712 ὲκκλησιαζομέ-

2253 3757 2363 3803 νοις
2397 3740 2693 3809 ἐνυπάρχει
2719 3754 2732 3769 ο
2779 3740 2806 3790 ὁ
2847 3738 2903 3790 δὲ
2946 3738 3021 3807 μὴ
3067 3736 3402 3806 δυνηθεὶςτῇ
3450 3734 3547 3803 μιᾷ
3575 3730 3849 3803 ἀρκεσθῆ-

2252 3851 2340 3886 ναι
2372 3832 2483 3902 (l3)
2506 3832 2877 3902 τελευτησάσῃ
2905 3834 2927 3861 ⁵
2954 3829 3143 3883 ἕνεκέν
3180 3845 3323 3891 τινος
3350 3827 3695 3899 προφάσεως,
3714 3840 3849 3894 πορ-

2255 3924 2425 3987 νείας,
2454 3922 2488 3993 ἢ
2519 3922 2783 3993 μοιχείας,
2810 3923 2843 3993 ἢ
2880 3921 3056 3991 κακῆς
3086 3920 3262 3983 αἰτίας
3297 3917 3577 3989 χωρισμοῦ
3616 3917 3849 3985 γενομέ-

641 4078 660 4110 ¹
693 4076 710 4131 Ι
741 4076 883 4132 Tim.
915 4095 997 4148 ιιι,
1021 4080 1076 4136 2.
1143 4081 1163 4110 ¹
1196 4076 1366 4133 lCor.
1391 4094 1488 4145 VH,
1532 4079 1583 4134 5.
1660 4078 1845 4149 ‘Lego
1873 4078 2149 4150 τελεσιουρ

2260 4079 2416 4150 μένῃ.
2490 4077 2510 4108 ⁸
2539 4076 2805 4148 Suspecta
2840 4075 2971 4131 mihi
3006 4076 3109 4130 loci
3148 4075 3314 4145 hujus
3348 4073 3639 4144 integritas
3669 4078 3771 4125 est.

647 4238 760 4306 (l5)
809 4238 874 4291 Ὀ
917 4236 986 4291 δὲ
1026 4237 1112 4308 μὴ
1157 4239 1440 4305 δυνηθείς
1486 4237 1561 4305 τῇ
1607 4237 1714 4306 μιᾷ
1760 4238 2154 4306 ἀρκεσθῆναι.

577 4308 915 4377 Depravatus
965 4309 1085 4362 sine
1131 4308 1296 4362 dubio
1344 4311 1445 4363 iste
1499 4309 1654 4363 locus
1698 4320 1800 4362 est.
1851 4310 1984 4361 Mm
2036 4324 2157 4377 qua:

576 4380 823 4451 proxime
862 4388 1186 4451 sequuntur,
1223 4378 1502 4432 evidenter
1528 4380 1905 4451 demonstrant
1945 4378 1996 4431 id
2022 4378 2157 4451 iEpi-

2265 4252 2497 4308 rumque
2529 4234 2633 4308 PP.
2671 4237 2941 4290 sententia
2976 4234 3099 4288 fuit.
3150 4235 3196 4308 ᾼ
3224 4248 3332 4303 qua
3366 4233 3583 4308 tametsi
3621 4232 3848 4308 nonnul-

2266 4303 2441 4360 lorum
2484 4306 2589 4362 PP.
2636 4308 2991 4359 auctoritates
3044 4321 3107 4358 ac
3157 4304 3375 4359 decreta
3433 4303 3727 4355 abhorrere
3771 4303 3847 4353 vi-

2266 4379 2522 4439 diantur,
2566 4392 2686 4446 quae
2723 4378 2865 4445 apud
2908 4375 3227 4428 Gratianum
3272 4384 3427 4446 parte
3459 4389 3515 4434 ιι,
3559 4386 3725 4425 causa
3753 4371 3840 4446 δῇ,

579 4439 839 4519 ithanium
891 4439 1056 4503 velle:
1116 4449 1281 4501 licere
1330 4465 1437 4501 non
1502 4449 1664 4502 modo
1724 4458 1845 4518 post
1909 4439 2161 4517 conjugis
2195 4439 2236 4492 Ι)
2266 4456 2458 4517 qmest.
2498 4447 2548 4511 7,
2582 4439 3115 4519 commemorantur;
3161 4453 3216 4500 et
3261 4439 3557 4519 Cajetanus
3600 4457 3722 4495 cum
3755 4443 3841 4494 ali~

583 4530 838 4583 mortem,
890 4519 982 4572 sed
1033 4534 1100 4572 eo
1144 4533 1361 4586 quoque
1394 4519 1704 4588 superstite,
1744 4520 1787 4572 si
1829 4534 1995 4572 causa
2037 4520 2159 4587 legi-

581 4590 715 4641 tima
748 4591 1015 4657 quaepiam
1063 4589 1455 4650 intercesserit,
1504 4590 1703 4643 alteras
1744 4590 1881 4643 inire
1914 4590 2156 4656 nuptias.

580 4657 718 4711 Nam
768 4660 812 4715 si
849 4657 917 4713 de
959 4658 1220 4712 Secundis
1250 4660 1514 4713 duntaxat
1539 4669 1659 4727 post
1692 4668 1920 4713 mortem
1955 4668 2158 4727 ageret,

583 4744 847 4811 quorsum
901 4730 1013 4783 haec
1066 4729 1348 4811 adﬁceret,
1404 4729 1587 4810 ἕνεκέν
1636 4746 1778 4811 τινος
1835 4732 2160 4811 προφάσειυς

586 4800 864 4869 πορνείας,
894 4808 1024 4862 etc.,
1061 4800 1123 4852 ob
1152 4800 1385 4869 aliquam
1416 4799 1603 4866 stupri,
1641 4798 1910 4861 adulterii,
1943 4798 2019 4851 uel
2040 4799 2164 4850 alte-

587 4866 700 4925 rius
728 4870 922 4937 ﬂagitii
956 4886 1173 4923 causam
1198 4871 1223 4923 ?
1255 4866 1393 4921 Tum
1426 4870 1476 4922 id
1513 4869 1715 4921 clarius
1754 4869 2006 4932 subinde,
2038 4884 2160 4921 cum

585 4939 741 5010 dicit,
765 4939 877 4992 ἀλλ’
906 4939 1014 5010 ἀπὸ
1049 4942 1175 5009 μιᾶς
1207 4938 1550 5010 ᾁποσχεθεὶς,
1574 4938 1818 5010 δευτέρᾳ,
1843 4941 1891 4991 εἰ
1926 4938 2159 5010 τύχοιεν,

586 5009 736 5079 νόμῳ
789 5007 1143 5079 συναφθῆναι.
1193 5007 1460 5074 Quocirca
1509 5024 1613 5061 non
1664 5007 1873 5079 dubito,
1904 5011 2033 5077 quin
2089 5009 2161 5060 ita

588 5077 966 5149 corrigendum
1000 5077 1091 5137 sit,
1126 5079 1515 5150 τελευτησάσῃ,
1534 5077 1717 5131 ’ἐνεκέν
1747 5096 1908 5141 τινος,
1936 5087 2066 5140 etc.,
2108 5087 2166 5131 ut

590 5150 699 5203 duo
730 5152 841 5204 sint
879 5150 1127 5218 digamia:
1154 5165 1349 5218 genera
1380 5167 1393 5202 :
1431 5150 1663 5218 primum
1717 5165 1883 5202 uxore
1911 5156 2159 5218 mortua;

592 5220 917 5282 secundum,
945 5216 1074 5288 post
1107 5216 1619 5288 divortinm,'altera
1653 5220 1755 5273 sibi
1785 5219 2055 5288 copulata.
2090 5216 2165 5269 lta

593 5292 815 5359 quidem
860 5287 1215 5360 Epiphanius.
1254 5287 1358 5344 Sed
1395 5296 1454 5342 ut
1502 5290 1607 5360 illis
1651 5287 1997 5360 temporibus
2038 5303 2172 5340 non-

594 5358 722 5413 dum
759 5376 822 5413 ea
865 5358 976 5414 res'
1014 5361 1083 5413 ab
1134 5359 1375 5413 Ecclesia
1435 5359 1651 5413 tlelinita
1700 5358 1925 5420 prorsus
1978 5358 2164 5417 fuerit,

592 5431 758 5485 hodie
786 5440 988 5499 tzmten,
1036 5430 1447 5499 praesertimque
1495 5438 1616 5497 post
1664 5431 1867 5483 editum
1913 5446 1941 5481 a
1989 5444 2170 5482 sacro-

596 5511 788 5554 sancta
823 5496 1141 5554 Tridentina
1193 5496 1401 5569 synodo
1445 5496 1730 5565 canonem,
1772 5501 1930 5554 aliter
1964 5498 2168 5552 sentire

596 5571 774 5633 nefas,
807 5586 971 5637 quam
1015 5571 1311 5637 superstite
1341 5570 1508 5639 prlt-ri
1550 5570 1803 5638 conjuge,
1850 5571 2013 5623 etiam
2048 5574 2171 5637 post

596 5641 898 5710 legitimum
930 5641 1248 5698 divortium.
1284 5640 1472 5695 alteris
1516 5640 1761 5709 c0pulari
1800 5640 2005 5707 nuptiis
2035 5654 2170 5710 llllll-

596 5708 760 5781 quam
812 5711 993 5765 licere.
1045 5711 1177 5776 Qua:
1209 5718 1263 5767 et
1314 5708 1627 5781 Augustini,
1662 5710 1998 5781 Hieronymi,
2031 5708 2167 5761 alio-

2261 4514 2395 4587 quot
2428 4517 2827 4571 recentioribus
2857 4516 3126 4585 theologis
3157 4517 3493 4587 contrariam
3540 4514 3596 4587 in
3636 4519 3843 4587 senten-

2263 4583 2393 4642 tiam
2446 4588 2781 4648 discesserit,
2814 4588 2973 4655 longe
3026 4583 3206 4655 potior
3255 4593 3339 4639 est
3393 4583 3650 4655 Ecclesia;
3676 4584 3840 4655 totius

2262 4676 2365 4712 vox
2392 4668 2444 4713 et
2477 4658 2791 4719 consensio,
2816 4652 2937 4725 qua}
2966 4652 3102 4710 sess.
3122 4655 3214 4718 24,
3241 4670 3365 4709 can.
3398 4653 3427 4706 7
3462 4669 3490 4705 a
3520 4652 3840 4705 Tridentino

2262 4744 2529 4785 consessu
2562 4729 2912 4799 pmponitur.
2940 4726 3550 4799 Porro‘interyeterum
3598 4725 3837 4799 testimo-

2266 4800 2377 4860 nia,
2398 4792 2601 4868 quibus
2624 4792 2747 4867 post
2772 4797 3071 4865 legitimum
3093 4794 3225 4868 illud
3252 4795 3546 4868 divortium
3582 4792 3839 4861 permissa

2266 4864 2651 4924 innocentibus
2684 4864 3013 4937 cottjugihus
3048 4864 3722 4937 7matrimonia_videntur,
3753 4878 3839 4937 re-

2268 4940 2397 4993 ferri
2425 4947 2606 5008 potest
2636 4931 2954 5008 Arelatense
2978 4936 3213 5005 primum
3250 4935 3546 5008 concilium
3578 4948 3701 5008 can.
3747 4931 3835 5008 1οξ

2266 5010 2357 5078 qui
2395 5003 2484 5063 hic
2517 5009 2692 5063 obiter
2722 5003 3093 5078 emendandus
3121 5013 3223 5078 est.
3262 5004 3340 5078 De
3383 5005 3485 5078 his,
3520 5003 3730 5078 inquit,
3753 5003 3837 5078 _qni

2266 5070 2511 5149 Eonjuges
2553 5095 2677 5132 suas
2729 5079 2781 5130 in
2824 5077 3100 5149 adulterio
3148 5074 3643 5149 deprehendunt,_et
3691 5070 3834 5149 iidem

2266 5142 2389 5203 sunt
2418 5142 2769 5203 adolescentes
2800 5148 3003 5215 ﬁdeles,
3026 5157 3077 5200 et
3108 5146 3450 5215 prohibentur
3489 5142 3698 5215 nubere.
3734 5142 3838 5209 pla-

2268 5222 2374 5272 cuit
2406 5230 2483 5279 ut,
2516 5223 2573 5272 in
2614 5213 2869 5287 quantum
2900 5213 3117 5284 potest,‘
3143 5215 3425 5287 consilium
3460 5216 3533 5267 eis
3569 5213 3743 5287 detur,
3784 5228 3837 5287 ne

2269 5289 2559 5344 virentibus
2594 5282 2849 5341 ultoribus
2880 5282 3016 5347 suis,
3047 5288 3162 5340 licet
3196 5286 3480 5348 adulteris,
3529 5284 3667 5335 alias
3715 5282 3838 5332 acci-

2267 5361 2437 5428 piant.
2475 5358 2577 5413 Ubi
2611 5359 2953 5427 negationem
2982 5360 3194 5417 deesse,
3226 5357 3647 5428 legendemque.
3677 5360 3728 5428 et
3748 5368 3837 5403 non

2268 5423 2610 5498 prohibentur
2653 5423 2842 5481 nubere
2871 5436 3159 5482 contextus
3180 5423 3305 5496 ipse
3326 5425 3593 5498 orationis
3622 5423 3833 5498 indicat.

2270 5492 2404 5554 Nam
2434 5503 2477 5553 si
2509 5500 2867 5569 prohibentur
2897 5501 3122 5561 nubere,
3151 5492 3259 5551 non
3291 5493 3693 5569 consilium
3732 5492 3837 5569 illus

2271 5561 2645 5694 fcerccndos,
2707 5570 2801 5626 sed
2860 5569 3114 5640 prarcepti
3186 5569 3494 5623 necessitas
3548 5561 3837 5617 adhibenda

2299 5653 2469 5694 uerat.

2299 5653 2469 5696 uerat.
