4176 6386
346 379 486 434 Ιθὲδ

996 375 1365 434 ADVERSUS
1408 376 1753 436 HERESES
1794 379 1922 437 LIB.

2062 378 2227 437 ΤΟΜ.
2264 379 2303 435 Ι.
2342 411 2412 422 -
2444 378 2720 435 ΗᾸΞΙίΕΞ.
2763 379 2898 435 LIX.

3472 380 3610 436 “5’26
3636 390 3637 393 “

340 513 457 558 νου,
505 493 845 562 συναφθέντα
892 494 1122 566 δευτέρᾳ
1164 496 1403 562 γυναικὶ,
1438 496 1471 566 ἢ
1516 497 1651 570 γυνὴ
1692 497 1922 569 δευτέρῳ

2032 498 2309 567 copulent.
2374 497 2696 566 Quanquam
2747 497 2838 565 qui
2879 508 3041 549 unam
3076 492 3343 549 duntaxat
3366 494 3603 573 khabuit,

340 586 516 657 ἀνδρὶ,
539 587 639 638 οὐκ
665 587 901 640 αἰτιᾶται
934 589 962 639 6
985 586 1122 649 θεῖος
1154 587 1331 655 λόγος,
1358 589 1479 643 οὐδὲ
1521 590 1628 643 ἀπὸ
1655 590 1755 661 τῆς
1801 591 1922 644 Ἐκ-

342 677 569 746 κλησίας
597 678 690 730 καὶ
725 678 823 747 τῆς
856 676 1002 746 ζωῆς
1041 679 1429 749 ἀποκηρύττει,
1456 680 1590 733 ἀλλά
1628 681 1921 735 διαϐαστά-

341 768 422 833 ζει
445 770 530 821 διὰ
557 770 618 822 τὸ
645 769 900 833 ἀσθενές·
932 772 1033 841 οὐχ
1063 770 1149 825 ἴνα
1177 771 1270 825 δύο
1296 775 1559 840 γυναῖκας
1587 775 1679 827 ἐπὶ
1702 775 1762 828 τὸ
1791 775 1922 829 αὐτὸ

344 864 445 931 σχῇ
481 862 559 914 ἔτι
590 862 883 933 περιούσης
912 863 1014 932 τῆς
1048 864 1196 933 μιᾶς,
1233 864 1345 917 ἀλλ’
1380 865 1487 918 ἀπὸ
1529 867 1657 936 μιᾶς
1694 867 1924 937 ἀποσχε.

342 952 476 1016 θεὶς,
511 954 758 1025 δευτέρᾳ,
795 956 844 1007 εἰ
888 954 1128 1024 τύχοιεν,
1170 955 1318 1025 νόμῳ
1348 957 1711 1027 -συναφθῆναι.
1754 956 1924 1013 Ἐλεεῖ

340 1037 528 1091 τοῦτον
557 1040 584 1091 ὁ
628 1040 780 1108 ἅγιος
812 1040 969 1109 λόγος
1008 1041 1102 1095 καὶ
1146 1043 1180 1113 ἡ
1230 1043 1360 1111 ἁγία
1411 1043 1544 1097 Θεοῦ
1592 1046 1916 1116 Ἐκκλησία’

346 1126 578 1195 μάλιστα
612 1130 659 1180 εί
687 1130 943 1198 τυγχάνει
965 1132 992 1183 6
1023 1129 1260 1193 τοιοῦτος
1288 1130 1358 1183 τὰ
1384 1131 1518 1185 ἄλλα
1546 1132 1799 1205 εὐλαϐὴς,
1825 1135 1920 1188 καὶ

342 1215 484 1267 κατὰ
532 1215 691 1285 νόμον
745 1217 877 1270 Θεοῦ
929 1218 1357 1288 πολιτευόμενος.
1394 1219 1503 1271 Καὶ
1552 1220 1661 1292 γὰρ
1701 1223 1801 1275 οὐκ
1852 1224 1919 1277 ἂν

341 1307 524 1376 ἔλεγεν
551 1310 579 1360 6
625 1309 943 1374 Ἀπόστολος
977 1313 1092 1375 ταῖς
1121 1315 1342 1381 χήραις³
1380 1313 1788 1381 Γαμείτωσαν,
1824 1332 1920 1369 τε·

341 1402 832 1468 κνογονείτωσαν,
886 1402 1529 1455 οὶκοδεσποτείτωσαν⁸
1581 1405 1703 1458 οὐδὲ
1757 1406 1919 1461 πάλιν

342 1492 489 1561 ἔλεγε
520 1494 595 1563 τῷ
638 1494 789 1564 ἀνδρὶ
815 1494 893 1565 τῷ
936 1494 1034 1566 τὴν
1070 1498 1299 1563 γυναῖκα
1341 1498 1434 1551 τοῦ
1482 1497 1687 1567 πατρὸς
1719 1497 1915 1568 ἔχοντι.

342 1585 436 1637 καὶ
463 1584 855 1651 παραδοθέντι
893 1584 973 1650 τῷ
993 1585 1229 1653 Σατανᾷ
1260 1588 1348 1653 είς
1379 1587 1629 1657 ὄλεθρον
1654 1594 1880 1658 σαρκός
1899 1604 1917 1621 ·

344 1676 477 1728 Ἵνα
507 1674 572 1727 τὸ
604 1674 840 1744 πνεῦμα
874 1674 1040 1744 σωθῇ
1071 1676 1142 1728 ἐν
1175 1676 1253 1745 τῇ
1294 1677 1483 1747 ἡμέρᾳ
1523 1679 1629 1733 τοῦ
1662 1680 1912 1746 Κυρίου’

340 1765 440 1816 οὐκ
485 1764 636 1832 ἔλεγε
684 1766 874 1819 πάλιψ
929 1765 1247 1834 Κυρώσατε
1288 1771 1377 1834 εἰς
1430 1771 1617 1824 αὐτὸν
1652 1770 1914 1840 ἀγάπην,

2024 591 2220 656 majori
2252 589 2510 642 Ecclesia:
2539 588 2748 656 judicio
2786 587 3222 657 honorc.dignus
3244 596 3346 640 est.
3372 585 3476 640 Sed
3500 587 3591 640 cui

2022 688 2238 735 mortua
2295 695 2405 735 una
2464 696 2572 733 non
2622 678 2841 743 suﬁicit,
2900 695 3022 732 cum
3075 679 3365 733 occasione
3422 679 3606 747 aliqua

2021 773 2195 842 stupri
2249 772 2633 841 adulteriique,
2684 778 2778 824 aut
2828 770 3057 825 alterius
3088 768 3311 840 ﬂagitii,
3360 784 3485 823 cum
3539 785 3605 824 ea

2020 864 2311 919 divortium
2346 862 2555 926 fecerit,
2584 864 2630 917 is
2654 863 2700 918 si
2732 863 2960 915 alteram
2988 876 3211 914 uxorem
3235 860 3474 923 duxerit,
3504 868 3604 913 aut

2021 955 2177 1009 alteri
2218 953 2336 1007 viro
2381 954 2579 1007 mulier
2629 954 2902 1023 nupserit,
2945 967 3225 1006 sacrarum
3276 950 3607 1005 Litterarum

2020 1045 2319 1099 auctoritas
2373 1044 2440 1099 ab
2483 1029 2636 1098 omni
2704 1044 2860 1112 culpa
2932 1043 3053 1096 illos
3104 1042 3380 1101 absolvit,
3432 1056 3610 1109 neque

2020 1136 2088 1189 ab
2145 1134 2412 1201 Ecclesia,
2458 1142 2553 1188 aut
2596 1144 2796 1188 aeterna
2839 1133 2949 1186 vita
2995 1133 3194 1202 rejicit.
3241 1132 3335 1187 sed
3386 1140 3611 1202 propter

2019 1226 2444 1280 imbecillitatem
2481 1225 2791 1279 tolerandos
2823 1224 3117 1279 existimat.
3146 1223 3263 1278 Non
3293 1227 3361 1277 ita
3392 1232 3604 1285 tamen,

2020 1316 2161 1373 duas
2198 1328 2257 1373 ut
2288 1319 2455 1373 altera
2487 1318 2784 1387 superstite
2814 1330 3014 1370 uxores
3057 1316 3220 1370 simul
3260 1315 3478 1377 habeat,
3514 1314 3612 1369 scd

2022 1420 2079 1466 ut
2110 1411 2180 1463 ab
2204 1424 2315 1463 una
2345 1416 2654 1481 separatus,
2682 1409 2906 1463 alteram
2944 1407 3047 1462 sibi
3074 1408 3330 1475 legitime,
3362 1408 3405 1460 si
3438 1406 3608 1468 lubet,

2018 1502 2299 1571 adjungat.
2325 1501 2692 1567 Quamobrem
2726 1515 2855 1571 erga
2885 1499 3157 1570 ejusmodi
3191 1499 3462 1553 hominem
3498 1507 3611 1553 tam

2018 1593 2243 1647 divinus
2271 1608 2474 1656 sermo,
2533 1608 2693 1663 quam
2738 1592 2980 1647 Ecclesia
3032 1591 3125 1646 Dei
3172 1590 3611 1645 misericordiam

2019 1680 2277 1747 adhibet,
2323 1682 2625 1751 praesertim
2680 1682 2725 1735 si
2768 1682 2980 1737 caneris
3016 1682 3070 1735 in
3112 1681 3276 1735 rebus
3321 1680 3610 1749 religiosus

2018 1773 2110 1827 ille
2157 1772 2248 1836 sit,
2293 1780 2349 1827 et
2386 1773 2454 1826 ad
2499 1773 2696 1827 divina:
2746 1774 2880 1844 legis
2925 1773 3301 1845 praescriptum
3339 1771 3462 1826 vita:
3498 1787 3612 1825 suae

341 1856 441 1908 ἵνα
468 1855 552 1925 μὴ
584 1855 659 1925 τῇ
691 1858 1089 1926 περισσοτέρᾳ
1111 1860 1281 1928 λύπῃ
1320 1860 1631 1929 καταποθῇ
1668 1865 1700 1915 ό
1728 1863 1919 1916 τοιοῦο

2026 1865 2265 1919 rationes
2291 1866 2689 1919 accommodet.
2717 1865 2873 1930 Quod
2899 1867 3003 1920 nisi
3037 1867 3109 1917 ita
3137 1872 3303 1929 esset,
3328 1881 3609 1933 nunquam

339 1963 464 2012 τος.
502 1946 693 2015 Ἔλεγε
752 1947 860 2019 γὰρ
907 1947 1102 2002 πάλινο
1148 1944 1226 2018 τῼ
1274 1967 1331 2003 τι
1374 1950 1697 2021 χαρίζεσθε,
1735 1954 1916 2023 κάγώ.

2022 1955 2204 2011 viduis
2235 1956 2533 2026 Apostolus
2562 1957 2829 2011 dixisset:
2860 1955 3102 2021 Nubant,
3136 1956 3278 2025 ﬁlios
3303 1966 3609 2024 procreent,

340 2040 514 2101 Διότι,
553 2038 609 2093 εί
643 2055 699 2091 τι
738 2037 1111 2108 κεχάρισμαι,
1161 2038 1238 2093 δι’
1266 2039 1423 2109 ὑμᾶς
1461 2040 1814 2111 κεχάρισμαι
1838 2044 1920 2117 ¹ἐν

2026 2046 2249 2115 familia:
2273 2047 2491 2114 praesint
2528 2046 2567 2100 ⁸.
2617 2044 2722 2101 Sed
2759 2062 2937 2115 neque
2967 2046 3035 2101 de
3081 2046 3300 2100 homine
3345 2046 3469 2108 illo,
3514 2046 3610 2115 qui

340 2130 635 2198 προσώπῳ
665 2129 945 2199 Χριστοῦ,
984 2131 1085 2185 ἵνα
1110 2130 1198 2200 μὴ
1230 2133 1763 2203 πλεονεκτηθῶμεν
1799 2135 1919 2189 ὑπὸ

2025 2137 2198 2207 patris
2242 2152 2466 2191 uxorem
2499 2136 2761 2200 duxerat,
2792 2137 2863 2190 ob
2904 2136 3066 2205 idque
3093 2134 3310 2189 Satanae
3348 2136 3404 2189 in
3447 2137 3611 2188 inter-

339 2221 446 2274 τοῦ
477 2220 733 2276 Σατανᾶ.
776 2223 857 2276 Οὺ
889 2220 997 2291 γὰρ
1030 2221 1215 2275 αὐτοῦ
1257 2222 1330 2275 τὰ
1370 2223 1637 2293 νοήματα
1668 2226 1921 2295 ἀγνοοῦ-

2025 2231 2157 2283 itum
2192 2230 2369 2283 carnis
2406 2229 2637 2283 traditus
2673 2229 2870 2297 fuerat,
2908 2229 2983 2282 ita
3034 2230 3370 2297 loqueretur,
3396 2238 3453 2281 ut
3504 2229 3627 2301 τρὶ-ε

334 2329 470 2380 μεν.
514 2314 624 2366 Καὶ
653 2314 786 2385 ὁρᾷς
827 2313 944 2377 πῶς
973 2313 1154 2367 δίδωσι
1190 2315 1476 2385 μετάνοιαν
1529 2318 1623 2370 καὶ
1671 2318 1811 2390 μετά
1850 2318 1920 2373 τὰ

2025 2321 2161 2374 ritus
2205 2319 2383 2374 salvus
2425 2320 2494 2374 sit
2529 2321 2585 2373 in
2628 2320 2713 2373 die
2745 2319 2958 2374 Domini
2982 2322 3038 2379 ³,
3079 2336 3255 2390 neque
3280 2320 3413 2374 illud
3450 2335 3611 2374 usur-

343 2406 767 2476 παραπτώματα
786 2422 802 2471 ;

2026 2418 2181 2482 paret
2216 2429 2228 2464 :
2278 2410 2602 2476 Conﬁrmate
2655 2412 2709 2465 in
2751 2412 2902 2465 illum
2961 2411 3407 2477 charitatem,~ne
3442 2411 3611 2464 abun-

337 2498 579 2553 dantiore
610 2498 850 2552 .tristitia
888 2495 1230 2551 absorbeatur
1267 2497 1529 2566 ejusmodi
1554 2499 1594 2552 ³.
1635 2499 1845 2566 Quibus
1867 2502 1983 2558 haec
2002 2502 2202 2572 adjecit
2228 2518 2242 2555 :
2273 2499 2372 2556 Cui
2399 2501 2600 2572 aliquid
2626 2500 2891 2565 donastis,
2916 2512 2965 2554 et
2986 2497 3117 2571 egof;
3145 2503 3393 2571 quoniam
3426 2502 3608 2571 siquid

340 2595 572 2660 donavi,
633 2602 847 2665 propter
909 2609 996 2647 vos
1036 2592 1229 2647 donavi
1268 2593 1323 2647 in
1375 2594 1512 2662 [acie
1549 2593 1780 2659 Christi,
1829 2613 1892 2652 ne
1951 2597 2423 2651 circumveniamur
2465 2612 2495 2648 a
2539 2594 2784 2650 Satana:
2817 2612 2976 2666 neque
3010 2596 3150 2650 enim
3189 2594 3334 2648 illius
3380 2598 3609 2650 astutias

341 2686 649 2758 ignoramus
678 2688 724 2743 ⁸.
776 2683 942 2740 Vides
975 2690 1034 2738 ut
1057 2685 1391 2754 poenitentiae
1448 2685 1628 2741 locum
1663 2688 1830 2743 etiam
1869 2697 1994 2759 post
2033 2688 2231 2745 delicta
2266 2687 2565 2742 concedat?

414 2799 491 2851 E'.
522 2797 690 2852 Πάλιν
719 2796 775 2849 δὲ
815 2796 843 2848 6
886 2793 1106 2865 Κύριός·
1140 2809 1334 2865 φησιν·
1367 2795 1581 2864 Ἅφετε
1628 2796 1924 2863 ἀλλήλοις

344 2891 416 2945 τὰ
471 2887 929 2957 παραπτώματα,
978 2887 1079 2940 ἵνα
1120 2886 1219 2941 καὶ
1282 2888 1315 2940 ό
1366 2884 1568 2953 Πατὴρ
1597 2887 1765 2956 ὑμῶν
1792 2891 1825 2942 ὀ
1854 2888 1927 2941 ἐν

344 2978 577 3049 οὐρανῷ
612 2978 835 3049 ἀφήσει
861 2977 1025 3047 ἡμῖν.
1066 2974 1226 3031 Ἀλλά
1255 2977 1347 3030 καὶ
1391 2979 1450 3031 ὲν
1485 2978 1632 3048 ἄλλῳ
1655 2978 1809 3051 τόπῳ
1834 2979 1925 3033 οὔ·

342 3091 451 3138 τως
473 3072 634 3143 φησί·
664 3070 952 3137 Πενθήσω
983 3070 1255 3137 πολλοὺς
1287 3069 1429 3136 τοὺς
1472 3070 1542 3123 ἐν
1570 3070 1715 3140 ἡμῖν
1736 3086 1925 3140 παρα-

344 3161 665 3226 πεσόντας,
715 3160 817 3215 καὶ
860 3160 947 3230 μὴ
993 3160 1521 3229 μετανοήσαντας⁶
1560 3159 1635 3224 ὼς
1686 3160 1919 3227 δεικνὺς,

2092 2795 2160 2851 ν.
2196 2796 2278 2850 Ad
2308 2796 2424 2850 haec
2447 2794 2659 2849 Domini
2693 2793 2785 2849 illa
2816 2809 2919 2850 vox
2945 2801 3052 2858 est,
3092 2793 3357 2849 Dimittite
3390 2796 3610 2850 invicem

2019 2897 2333 2958 peccata,ut
2360 2897 2409 2941 et
2442 2886 2605 2940 Pater
2625 2895 2813 2950 vester,
2843 2887 2933 2956 qui
2971 2888 3025 2940 in
3060 2888 3203 2940 caelis
3226 2896 3328 2953 est,
3370 2886 3609 2941 dimittat

2021 2980 2161 3034 vobis
2190 2980 2233 3033 ⁸.
2292 2978 2499 3033 Deinde
2546 2978 2627 3033 sic
2671 2977 2779 3031 alio
2814 2978 2936 3031 loco
2987 2978 3208 3046 scripsit
3262 2979 3605 3048 Apostolus:

2019 3070 2228 3141 Lugebo
2258 3069 2474 3133 multos,
2514 3070 2605 3139 qui
2637 3070 2690 3123 in
2720 3068 2862 3123 vobis
2906 3070 3204 3124 ceciderunt
3233 3088 3393 3141 neque
3434 3073 3605 3141 paeni-

2025 3164 2238 3218 tentiam
2279 3170 2494 3232 egerant
2528 3162 2581 3226 ⁸,
2629 3168 2688 3214 ιιι
2720 3162 2995 3224 ostendat,
3033 3163 3251 3218 tametsi
3278 3163 3599 3229 ceciderint,

342 3254 446 3318 ὅτι,
507 3254 555 3306 εἰ
600 3252 696 3305 καὶ
748 3251 1090 3323 παρέπεσαν,
1138 3252 1232 3305 καὶ
1264 3251 1615 3322 μετενόησαν,
1657 3252 1919 3306 είσδεκτοὶ

2025 3271 2090 3309 ac
2129 3231 2507 3325 penitentiam
2546 3252 2922 3323 susceperint,
2963 3254 3178 3309 admitti
3229 3254 3609 3321 nihilominus,

344 3339 488 3399 οὗτοι
509 3344 770 3413 γίνονται,
806 3342 902 3397 καὶ
933 3342 1033 3396 οὐκ
1068 3342 1561 3413 ἀποϐληθήσονται,
1582 3342 1675 3396 τοῦ
1714 3343 1919 3415 Κυρίου

343 3434 704 3507 γινώσκοντος
737 3433 788 3488 τί
819 3434 957 3505 μετά
983 3434 1214 3488 ἑκάστου
1245 3434 1513 3504 ποιήσειε.

415 3549 528 3602 Καὶ
571 3549 653 3602 ὅτι
692 3547 791 3618 μὲν
828 3547 857 3600 6
884 3545 1065 3601 κανὼν
1104 3547 1203 3618 τῆς
1233 3546 1491 3619 ἀληθείας
1531 3546 1772 3602 τοιοῦτον
1808 3548 1921 3619 ἔχει

344 3641 435 3694 τὸν
458 3640 807 3713 χαρακτῆρα,
847 3639 1009 3693 παντί
1038 3657 1114 3710 τῳ
1143 3638 1312 3708 σαφές
1340 3640 1476 3693 ἐστι.
1510 3640 1664 3695 Μετά
1693 3640 1801 3712 γὰρ
1824 3640 1923 3713 τὴν

348 3731 570 3804 πρώτην
600 3732 888 3804 μετάνοιαν
915 3731 1012 3804 τὴν
1038 3732 1124 3785 διὰ
1147 3731 1241 3785 τοῦ
1271 3732 1496 3803 λουτροῦ
1529 3733 1627 3804 τῆς
1656 3733 1921 3802 παλιγγε-

348 3823 562 3887 νεσίας,
592 3825 651 3877 ὲν
762 3823 1020 3895 μετανοίᾳ
1068 3823 1420 3895 ἀνεκαινίσθη
1465 3826 1573 3888 πᾶς
1614 3823 1919 3896 ἄνθρωπος,

347 3912 571 3985 δευτέρα
602 3930 685 3977 τις
715 3915 937 3985 τοιαύτη
964 3915 1063 3985 οὐχ
1088 3915 1338 3986 ὑπάρχει.
1373 3911 1511 3968 Οὔτε
1536 3914 1646 3984 γὰρ
1684 3915 1778 3968 δύο
1817 3917 1924 3969 εἰσὶ

350 4004 720 4076 βαπτίσματα,
746 4005 881 4059 ἀλλά
907 4006 995 4058 ἔν’
1036 4005 1157 4058 οὔτε
1194 4005 1274 4068 δὶς
1318 4004 1634 4077 ἐσταυρώθη
1665 4007 1920 4077 Χριστὸς,
1950 4074 1951 4077 η

346 4096 462 4149 ἀλλ’
489 4095 656 4161 ἅπαξ·
678 4094 801 4150 οὕτε
818 4097 899 4160 δὶς
922 4096 1189 4150 ἀπέθανεν
1218 4094 1360 4167 ὑπὲρ
1382 4096 1415 4167 ἠ
1424 4096 1559 4165 μῶν,
1578 4096 1674 4150 καὶ
1698 4096 1920 4166 ἀνέστη.

348 4184 456 4240 Καὶ
486 4186 674 4240 τούτου
708 4186 868 4258 χάριν
896 4184 1367 4256 ὲπασφαλίσασθαι
1395 4185 1494 4249 δεῖ,
1524 4186 1611 4240 ἵνα
1641 4186 1715 4257 μὴ
1745 4204 1924 4256 παρα-

346 4280 623 4344 πεσόντες,
655 4280 746 4333 τὸν
790 4279 1052 4350 στέφανον
1088 4280 1184 4334 τοῦ
1211 4280 1607 4351 ἀνακαινισμώ
1647 4281 1923 4335 ἀπολέσω-

349 4388 470 4444 μεν.
529 4371 689 4425 am
725 4371 819 4426 ἐάν
859 4390 944 4436 τις
987 4372 1311 4444 παραπέσῃ,
1354 4372 1451 4426 καὶ
1498 4371 1819 4441 προληφθῇ
1853 4372 1924 4425 ἐν

344 4480 462 4518 τινι
507 4462 929 4533 παραπτώματι
948 4503 964 4528 ,
1000 4463 1075 4527 ὡς
1120 4462 1267 4532 λέγει
1311 4463 1341 4516 6
1384 4462 1725 4527 Ἀπόστολος,
1755 4462 1923 4532 ὑμεῖς

344 4558 398 4609 ol
425 4554 810 4624 πνευματικοὶ
840 4553 1207 4624 καταρτίζετε
1237 4553 1345 4607 τὸν
1372 4552 1641 4608 τοιοῦτον
1660 4553 1732 4606 ἐν
1753 4554 1922 4607 πνεύ-

2030 4559 2235 4622 pereat.
2271 4550 2377 4608 Sed
2405 4553 2454 4609 si
2478 4554 2604 4623 quis
2633 4564 2812 4609 tamen
2838 4556 3027 4626 lapsus
3053 4556 3237 4625 fuerit,
3268 4559 3529 4630 fueritque
3550 4562 3602 4615 in
3696 4624 3707 4637 ί

345 4664 481 4715 ματι
529 4650 889 4714 πραότητος-ο
944 4646 1192 4700 σκοπῶν
1240 4645 1525 4708 σεαυτὸν,
1562 4644 1649 4714 μὴ
1701 4644 1798 4700 καὶ
1841 4644 1923 4699 σὺ

346 4737 693 4807 πειρασθῇς.
745 4737 870 4793 Ἐάν
915 4757 998 4804 τις
1044 4734 1135 4793 οὖν
1183 4737 1468 4810 προληφθῇ
1517 4736 1923 4809 παραπτώματι

346 4832 406 4883 ὲν
432 4830 530 4900 οἴῳ
556 4831 600 4884 δ’
626 4831 694 4885 ἂν
723 4831 830 4903 είη,
862 4831 1206 4902 μετανοείτω.
1231 4829 1454 4901 Δέχεται
1486 4830 1598 4901 γὰρ
1619 4830 1647 4882 ὁ
1668 4828 1797 4891 Θεὸς
1824 4828 1924 4899 τὴν

351 4922 636 4989 μετάνοιαν
677 4924 771 4976 καὶ¹
798 4922 936 4992 μετά
966 4922 1026 4975 τὸ
1053 4922 1354 4993 βάπτισμα,
1376 4921 1472 4975 ὲάν
1494 4939 1577 4985 τις
1606 4920 1921 4992 παραπέσῃ.

350 5009 472 5074 Πῶς
508 5010 570 5063 δὲ
610 5012 747 5082 μετά
793 5012 952 5066 τοῦτο
1000 5015 1192 5076 ποιεῖν,
1238 5013 1399 5076 αὐτὸς
1438 5012 1601 5084 μόνος
1641 5010 1920 5081 γινώσκει.

361 5101 810 5171 Ἀνεξερεύνητα
831 5104 939 5175 γὰρ
966 5102 1037 5157 τὰ
1078 5103 1330 5173 κρίματα
1366 5102 1574 5167 αὑτοῦ,
1619 5104 1717 5158 καὶ
1752 5103 1925 5168 ἀνεξ-

349 5194 646 5262 ιχνίαστοι
676 5197 736 5249 αἱ
777 5194 903 5248 ὁδοὶ
942 5193 1163 5248 αὐτοῦ’
1222 5195 1316 5248 καὶ
1361 5194 1470 5266 πρὸ
1501 5195 1603 5262 τῆς
1626 5195 1926 5266 παρουσίας

348 5285 407 5338 οὐ
434 5286 515 5339 δεῖ
538 5286 743 5357 κρίνειν
760 5304 774 5316 ·
808 5286 962 5353 Ἕως
985 5286 1061 5341 ἂν
1081 5288 1228 5356 ἔλθῃ
1257 5290 1289 5341 ό
1310 5288 1543 5355 Κύριος,
1572 5287 1640 5354 ὃς
1660 5288 1758 5341 καὶ
1786 5289 1929 5343 ἀπο-

347 5377 606 5444 καλύψει
650 5376 723 5430 τὰ
777 5375 1099 5445 ἀπόκρυφα
1148 5376 1261 5444 τῆς
1309 5375 1575 5443 καρδίας.
1624 5377 1737 5430 Καὶ
1795 5379 1928 5431 τότε

347 5468 588 5535 ἔπαινος
654 5466 917 5523 ἑκάστου
983 5468 1242 5537 φανερὸς
1294 5467 1630 5540 γενήσεται.
1695 5469 1758 5522 Ἠ
1814 5468 1925 5538 γὰρ

2026 3360 2129 3401 nec
2160 3345 2386 3401 omnino
2425 3344 2601 3415 rejici.
2634 3343 2795 3399 Novit
2833 3345 2978 3400 enim
3020 3345 3287 3401 Dominus
3319 3346 3451 3416 quid
3487 3348 3606 3402 uni-

2024 3440 2225 3511 cuique
2255 3439 2505 3495 facturus
2526 3439 2619 3495 sit.

2095 3550 2252 3617 Quod
2285 3551 2451 3622 igitur
2480 3551 2729 3608 veritatis
2758 3552 2942 3622 regula
2972 3550 3041 3606 ad
3063 3566 3183 3606 eam
3220 3566 3341 3607 sese
3375 3550 3605 3607 formam

2024 3642 2242 3707 habeat,
2269 3641 2474 3696 nemini
2500 3649 2584 3697 est
2614 3642 2933 3697 obscurum.
2971 3641 3184 3712 Quippe
3213 3650 3339 3714 post
3369 3643 3608 3713 priorem

2024 3733 2421 3802 ptenitentiam,
2455 3748 2577 3803 quae
2609 3749 2704 3803 per
2742 3734 3000 3789 secundat
3036 3735 3404 3805 generationis
3441 3736 3605 3789 lotio-

2023 3839 2147 3878 nem
2170 3823 2468 3889 obtinetur,
2502 3825 2557 3879 in
2584 3840 2691 3895 qua
2722 3825 3059 3896 paenitentiae
3093 3825 3358 3881 beneﬁcio
3378 3826 3605 3897 quilibet

2025 3926 2318 3971 renovatus
2368 3923 2489 3978 est,
2542 3916 2813 3985 ejusmodi
2873 3917 3116 3972 secunda
3164 3918 3399 3989 amplius
3455 3918 3605 3972 nulla

2026 4006 2353 4076 ptenitentia
2392 4008 2651 4077 suppetit.
2678 4007 2799 4061 Non
2838 4009 2984 4063 enim
3015 4008 3270 4077 baptismi
3295 4009 3405 4064 duo
3439 4018 3567 4064 sunt
3588 4046 3605 4073 ,

2032 4097 2127 4152 sed
2158 4114 2304 4153 unus
2332 4098 2614 4153 duntaxat.
2648 4098 2835 4168 Neque
2872 4100 2955 4155 bis
2998 4101 3052 4153 in
3097 4114 3318 4155 crucem
3354 4100 3604 4157 Christus

2024 4196 2178 4241 actus
2214 4195 2321 4251 est,
2360 4188 2455 4242 sed
2507 4189 2708 4254 semel;
2745 4205 2855 4243 non
2903 4190 2991 4245 bis
3016 4191 3254 4260 denique
3300 4207 3401 4261 pro
3448 4195 3603 4249 nobis

2024 4287 2277 4333 mortuus
2294 4286 2399 4340 est,
2418 4293 2482 4332 ac
2496 4281 2815 4334 resurrexit.
2830 4280 2996 4353 ωε
3012 4280 3375 4347 Quamobrem
3392 4298 3603 4339 summa

2024 4370 2096 4424 ob
2132 4370 2185 4424 id
2215 4369 2523 4425 adhibenda
2556 4372 2741 4426 cautio
2766 4380 2871 4437 est,
2901 4389 2991 4440 ne,
3022 4374 3070 4429 si
3097 4375 3150 4428 in
3176 4385 3457 4445 peccatum
3480 4393 3588 4447 pro

2026 4459 2163 4529 lapsi
2217 4458 2506 4525 fuerimus,
2553 4462 2971 4519 instauration'is
3019 4465 3167 4521 illius
3204 4482 3407 4521 corona
3444 4470 3605 4526 nobis

2030 4645 2207 4714 aliquo
2240 4645 2452 4710 delicto,
2478 4654 2538 4700 ut
2566 4646 2865 4717 Apostolus
2895 4650 3156 4718 loquitur,
3186 4661 3600 4720 prwoccupatus,

2025 4754 2112 4791 vos
2148 4738 2237 4807 qui
2266 4738 2700 4807 spiritales'estis,
2734 4740 2995 4810 ejusmodi
3033 4742 3282 4796 instruite
3319 4744 3373 4797 in
3414 4745 3601 4813 spiritu

2022 4829 2280 4891 lenitatis,
2310 4827 2654 4884 considerans
2678 4833 3031 4899 temetipsum,
3062 4849 3127 4887 ne
3152 4842 3203 4887 et
3234 4843 3291 4886 tu
3322 4836 3537 4888 tenteris
3560 4835 3601 4889 ⁷.

2022 4921 2293 4987 Quocirca
2331 4922 2377 4975 si
2394 4922 2520 4991 quis
2536 4931 2760 4992 peccato
2774 4924 2979 4993 aliquo,
3001 4926 3365 4996 quodcunque
3384 4927 3602 4981 demum

2023 5015 2155 5068 illud
2202 5014 2295 5080 sit,
2343 5023 2646 5086 occupatus
2674 5016 2875 5083 fuerit,
2920 5018 3085 5085 hujus
3128 5019 3280 5073 illum
3317 5020 3603 5089 paeniteat.

2022 5104 2408 5161 Paenitentiam
2428 5106 2577 5162 enim
2602 5108 2687 5162 vel
2709 5116 2835 5179 post
2865 5109 3197 5179 baptismum
3216 5113 3417 5181 accipit
3434 5112 3601 5176 Deus.

2023 5196 2070 5250 si
2099 5197 2225 5265 quis
2250 5197 2392 5252 forte
2414 5198 2727 5267 deliquerit.
2756 5197 2898 5265 Quid
2923 5208 3104 5255 autem
3129 5201 3391 5272 deinceps
3416 5202 3601 5269 faciat,

2024 5290 2176 5343 solus
2208 5290 2326 5359 ipse
2349 5290 2520 5344 novit.
2564 5288 2948 5345 Inscrutabilia
2980 5293 3252 5363 siquidem
3283 5294 3429 5349 illius
3454 5295 3600 5363 judi-
3692 5296 3699 5301 “

2023 5381 2107 5434 cia
2132 5388 2277 5445 sunt,
2308 5390 2358 5435 et
2384 5382 2773 5451 investigabites
2800 5384 2897 5439 via:
2926 5384 3041 5454 ejus
3068 5385 3123 5452 ⁸;
3162 5402 3264 5440 nec
3291 5394 3418 5441 ante
3456 5388 3601 5443 illius

2025 5471 2318 5527 adventum
2339 5472 2589 5542 judicare
2604 5489 2935 5545 quemquam
2960 5484 3207 5547 oportet:
3234 5475 3409 5532 Donec
3432 5480 3601 5533 veniat

424 5714 445 5790 ’_
478 5712 651 5790 [Con
685 5714 872 5790 vin};
901 5714 922 5771 l
952 5715 1179 5790 Timsv,
1214 5716 1301 5771 14.
1373 5714 1404 5790 Α¹
1436 5716 1456 5770 1
1488 5716 1616 5790 (ξος.
1640 5731 1695 5781 v,
1720 5714 1771 5768 5.
1843 5715 1916 5790 ξ]

2022 5733 2086 5773 Μ’.
2121 5734 2183 5784 ιι,
2234 5718 2263 5771 7
2307 5728 2361 5774 et
2392 5721 2446 5775 8.
2526 5720 2549 5753 ⁸
2587 5715 2723 5777 ibid.
2764 5722 2849 5790 i0,
2888 5724 2972 5782 Η.
3052 5726 3071 5756 ⁸
3111 5724 3302 5779 Maith.
3368 5739 3444 5786 vr,
3513 5721 3597 5776 Η.

350 5782 375 5816 ⁸
404 5782 448 5838 ll
476 5784 605 5839 Cor.
639 5801 738 5851 xu,
779 5782 870 5841 21.
968 5790 987 5820 ⁷
1024 5787 1199 5842 Galat.
1233 5803 1309 5851 Vl,
1369 5787 1415 5840 ι.
1509 5788 1530 5817 ⁸
1554 5785 1713 5841 Rom.
1741 5802 1816 5852 xi,
1842 5786 1931 5843 53.
