4176 6386
570 310 704 365 ΙΜἹ

1987 305 2045 363 S.
2092 305 2440 363 ΕΡΙΡΠΑΝΠ

3716 303 3739 355 1
3750 300 3903 355 038

573 452 850 513 Dominus,
880 448 972 517 qui
999 457 1047 501 et
1075 446 1323 501 reuelabit
1350 444 1663 499 abscondita
1690 443 1886 499 cordis.
1920 442 1990 497 Et
2026 454 2153 498 tunc

2261 448 2448 516 ἡμέρα
2512 446 2777 516 δηλώσει
2802 488 2818 513 ,
2868 448 2959 502 ὅτι
3012 448 3083 501 ὲν
3140 444 3282 514 πυρὶ
3336 442 3897 497 ἀποκαλύπτεται.

567 540 686 593 laus
717 536 1125 606 uniuscujusque
1154 536 1437 605 numifesta
1472 542 1572 590 ant
1594 539 1633 589 ‘.
1656 535 1779 589 Dies
1812 537 1947 589 enim
1968 536 2284 601 declarabit,
2312 541 2563 607 quoniam
2588 541 2643 593 in
2666 542 2783 610 igne
2812 539 3134 595 revelabitur
3168 538 3211 591 ¹.

643 633 728 689 Vl.
766 634 903 700 Qua:
944 650 1070 688 cum
1108 634 1183 686 ita
1223 636 1354 697 sint,
1389 649 1563 702 neque
1598 632 1904 687 libertatem
1938 632 2006 685 iis
2036 646 2153 685 om-

570 728 705 782 nino
735 727 827 796 qui
868 731 993 797 post
1032 724 1366 795 baptismum
1402 724 1755 795 deliquerint,
1787 721 2153 786 ostendimus,

570 836 749 889 neque
785 818 893 872 illis
925 831 1079 887 spem
1110 816 1307 871 salutis
1329 815 1615 885 eripimus.
1658 812 1971 868 Misericors
2009 813 2154 868 enim

570 910 716 967 Deus
752 917 837 966 est
870 917 925 963 et
978 908 1286 978 benignus,
1326 922 1390 961 ac
1438 915 1714 977 receptum
1759 907 2156 978 paenitentibus

572 1004 821 1057 indulsit.
886 1002 966 1055 Ac
1021 1001 1176 1072 prius
1225 1000 1449 1071 quidem
1511 1008 1594 1056 est
1650 999 2024 1053 manifestum.
2082 998 2157 1053 Dc

570 1092 817 1149 secundo
861 1108 992 1147 vero
1046 1094 1179 1148 illud
1240 1092 1516 1155 novimus,
1575 1093 1988 1147 misericordem
2031 1105 2157 1146 esse

572 1184 765 1249 Deum,
808 1186 855 1240 si
892 1201 993 1239 nos
1030 1200 1095 1239 ex
1139 1186 1327 1239 animo
1359 1194 1709 1256 peccatorum
1748 1185 2033 1255 paeniteat.
2065 1182 2157 1236 Et-

568 1280 715 1331 enim
747 1278 802 1331 in
839 1293 1000 1331 manu
1029 1279 1118 1332 ille
1142 1280 1331 1342 vitam,
1373 1286 1427 1331 et
1457 1278 1511 1331 in
1556 1279 1787 1331 salutem
1826 1291 2154 1347 propensam

571 1371 968 1424 humanitatem
1018 1378 1185 1424 tenet.
1230 1368 1503 1434 Quidnam
1544 1384 1675 1423 vero
1718 1368 1905 1432 faciat,
1930 1368 2031 1423 soli
2074 1374 2180 1422 est-

573 1464 675 1533 ipsi
717 1470 1085 1533 perspectum.
1113 1462 1247 1515 Illud
1275 1461 1495 1532 quide
1518 1469 1765 1528 constat,
1793 1460 1994 1515 nemini
2016 1459 2159 1515 frau-

568 1557 623 1609 di
658 1570 782 1609 esse
820 1554 1218 1624 pumitentiam,
1254 1568 1431 1623 neque
1458 1568 1619 1622 quem
1653 1560 2006 1623 peccatorum
2038 1566 2160 1605 om-

572 1647 722 1700 nium
760 1646 1008 1715 pwnitet,
1035 1645 1186 1714 rejici
1214 1656 1307 1698 aut
1330 1643 1567 1699 excludi.
1593 1644 1961 1714 Quantocrgo
1984 1642 2157 1712 magis

571 1737 713 1791 idem
745 1738 793 1790 ei
826 1736 1180 1791 tribuendum
1213 1743 1320 1802 est,
1354 1735 1447 1807 qui
1476 1752 1597 1790 cum
1626 1736 1794 1791 altera
1824 1750 1994 1790 uxore
2021 1735 2155 1806 legi-

570 1829 718 1881 timis
757 1842 880 1881 sese
928 1827 1137 1897 nuptiis
1177 1827 1437 1898 illigarit?
1477 1825 1611 1880 Nam
1645 1835 1703 1881 ut
1744 1826 1919 1897 prima
1956 1840 2098 1879 uxor
2125 1840 2157 1879 a

2328 638 2421 703 (τ’.
2461 635 2599 691 Οὔτε
2648 632 2743 690 οῦν
2784 634 3235 706 ἐπαγγελλόμεθα
3287 631 3597 702 ἐλευθερίαν
3642 626 3887 681 παντά-

2258 746 2393 783 πασι
2419 731 2531 793 τοῖς
2564 728 2705 800 μετὰ
2736 727 2799 781 τὸ
2845 727 3127 799 βάπτισμα
3173 723 3698 797 παραπεπτωκόσιν,
3730 720 3891 773 οὔτε

2257 816 2678 887 ἀπαγορεύομεν
2720 817 2822 888 τὴν
2872 815 3046 888 αὑτὴν
3093 815 3275 869 αὑτῶν
3331 814 3497 885 ζωήν.
3549 812 3687 875 Θεὸς
3745 811 3889 881 γὰρ

2258 908 2506 979 ἐλεήμων
2547 909 2667 962 ἐστὶ
2709 908 2805 964 καὶ
2854 908 3181 980 οἰκτίρμων,
3212 908 3307 961 καὶ
3343 907 3509 960 ἔδωκε
3539 907 3651 968 τοῖς
3681 920 3885 974 μετ-α-

2257 1001 2469 1055 νοοῦσιν
2497 1001 2775 1056 ἐπάνοδον.
2808 1000 2919 1054 Καὶ
2943 1000 3004 1054 τὸ
3036 1000 3136 1072 μὲν
3162 997 3377 1069 πρῶτόν
3407 1001 3523 1053 ἐστι
3549 997 3753 1066 σαφές·
3802 994 3886 1047 τὸ

2256 1094 2313 1147 δὲ
2350 1093 2624 1163 δεύτερον,
2655 1094 2896 1164 οἴδαμεν,
2935 1094 3019 1147 ὅτι
3054 1093 3302 1165 ἐλεήμων
3329 1091 3477 1144 ἐστὶν
3510 1092 3539 1143 6
3570 1088 3727 1151 Θεὸς,
3760 1086 3883 1139 ἐὰν

2256 1184 2316 1250 ἐξ
2358 1184 2486 1255 ὅλης
2529 1183 2707 1255 ψυχῆς
2743 1186 3167 1256 μετανοήσωμεν
3212 1179 3874 1252 ἀπὸ·παραπτωμάτων.

2262 1277 2416 1349 Ἔχει
2438 1278 2546 1349 γάρ
2596 1279 2655 1331 ἐν
2696 1278 2840 1350 χειρὶ
2882 1277 3049 1350 ζωὴν,
3096 1277 3190 1331 καὶ
3235 1276 3509 1347 σωτηρίας
3548 1272 3874 1344 φιλανθρω-

2259 1368 2409 1423 πίαν.
2445 1369 2555 1422 Καὶ
2581 1369 2632 1422 τί
2668 1369 2768 1441 μὲν
2802 1369 2966 1434 αὑτὸς
3005 1372 3166 1435 ποιεῖ,
3203 1369 3354 1440 αὑτῷ
3557 1366 3871 1434 ἔγνωσται.

2260 1460 2407 1533 Πλὴν
2439 1461 2521 1513 ὅτι
2564 1460 2736 1532 ζημία
2780 1463 2881 1516 οὐκ
2930 1463 3008 1515 ἐνι
3067 1462 3176 1516 ἀπὺ
3218 1462 3321 1533 τῆς
3368 1460 3682 1532 μετανοίας,
3731 1456 3873 1509 οὐδὲ

2260 1554 2635 1626 ἀπηγόρευται
2676 1556 2705 1609 6
2751 1554 3026 1626 μετανοῶν
3071 1554 3181 1609 ἀπὸ
3224 1555 3444 1609 πάντων
3491 1550 3869 1621 σφαλμάτων.

2261 1644 2418 1718 Πόσῳ
2442 1663 2505 1715 γε
2538 1645 2740 1717 μᾶλλον
2766 1648 2795 1702 6
2822 1650 2964 1702 κατὰ
2988 1646 3149 1718 νόμον
3175 1645 3466 1715 συναφθεὶς
3496 1642 3729 1713 δευτέρᾳ
3755 1657 3871 1708 γυ-

2261 1740 2442 1804 ναικίς
2473 1741 2584 1794 Καὶ
2609 1742 2643 1812 ή
2673 1741 2773 1812 μὲν
2812 1740 3002 1813 πρώτη
3041 1740 3203 1812 γυνὴ,
3242 1738 3306 1793 ἐκ
3330 1737 3465 1793 Θεοῦ
3504 1735 3823 1808 τεταγμένη
3848 1752 3864 1765 ’

2261 1831 2295 1902 ή
2328 1831 2381 1886 δὲ
2419 1833 2668 1905 δευτέρα,
2705 1833 2765 1898 ἐξ
2814 1832 3097 1897 ἀσθενείας
3134 1830 3436 1904 ἀνθρώπων
3460 1848 3474 1863 ·
3514 1831 3608 1885 καὶ
3640 1831 3724 1884 ἔτι
3763 1847 3866 1884 πε-

572 1918 683 1972 ι)θο
708 1919 1009 1973 constituta
1034 1930 1138 1982 est,
1162 1919 1237 1973 ita
1262 1918 1624 1973 imbecillitati
1662 1918 1943 1973 hominum
1975 1927 2159 1989 poste-

2263 1924 2549 1996 ρισσοτέρᾳ
2579 1926 2628 1978 εί
2672 1925 2991 1997 συναφθείη,
3020 1924 3083 1978 τὸ
3114 1923 3336 1989 ἀσθενὲς
3374 1925 3461 1978 ἀελ⁵
3500 1924 3867 1988 διαϐαστάζει

571 2010 685 2065 rior
715 2010 945 2067 indulta.
975 2010 1129 2077 Quod
1156 2011 1201 2065 si
1232 2011 1458 2064 alteram
1488 2018 1749 2081 praeterea
1782 2009 1889 2065 sibi
1915 2010 2155 2081 copulet,

569 2106 739 2176 hujus
772 2106 875 2158 hac
910 2106 963 2158 in
1009 2113 1166 2174 parte
1206 2104 1470 2158 toleratur
1518 2101 1827 2157 inﬁrmitas.
1881 2100 2157 2173 Scriptum

570 2206 657 2253 est
681 2198 826 2252 enim
859 2212 875 2251 :
917 2194 1113 2249 Mulier
1156 2195 1380 2265 alligata
1416 2202 1493 2248 est
1541 2195 1761 2262 nuptiis,
1802 2203 1999 2263 quanto
2038 2202 2158 2248 tem-

570 2304 696 2358 pore
740 2287 865 2341 vivit
900 2287 980 2341 vir
1024 2283 1176 2355 ejus;
1226 2286 1309 2339 sin
1348 2295 1525 2340 autem
1564 2298 1806 2340 mortuus
1859 2285 2018 2353 fuerit
2056 2287 2155 2351 vir,

574 2379 739 2433 fibera
781 2360 877 2432 est.
901 2379 986 2431 cui
1014 2378 1122 2431 vult
1159 2377 1352 2431 nubere
1382 2376 1423 2430 ³.
1458 2381 1579 2443 Quo
1620 2376 1845 2448 quidem
1892 2375 2155 2441 declarat,

574 2482 698 2541 post
720 2470 821 2524 viri
843 2469 1049 2524 obitum
1076 2469 1143 2523 ab
1158 2468 1309 2523 omni
1328 2469 1474 2523 illam
1501 2478 1730 2541 peccato
1753 2468 1979 2523 liberam
2001 2484 2157 2537 esse;

573 2564 711 2617 adeo
742 2570 799 2617 ut
827 2561 1210 2616 contradicere
1236 2576 1399 2616 nemo
1429 2561 1625 2631 possit.
1657 2560 1812 2629 Quod
1842 2562 1945 2615 hoc
1974 2561 2159 2615 addito

572 2655 921 2726 signiﬁcavit,
947 2656 1001 2708 in
1035 2653 1285 2718 Domino,
1314 2654 1472 2724 quasi
1507 2653 1732 2709 minime
1758 2669 1790 2709 a
1824 2652 2057 2709 Domino
2086 2655 2159 2708 sit

573 2746 776 2809 aliena,
820 2761 943 2816 qua:
990 2754 1115 2817 post
1159 2745 1265 2800 viri
1303 2745 1516 2799 obitum
1559 2745 1716 2800 alteri
1771 2761 1832 2801 se
1875 2745 1995 2799 viro
2028 2760 2160 2800 con-

568 2837 837 2906 iunxerit.
869 2847 929 2892 ut
958 2852 1060 2892 nec
1092 2836 1243 2892 illum
1270 2836 1537 2900 vicissim,
1568 2836 1682 2907 qui,
1717 2852 1889 2892 uxore
1922 2846 2158 2901 mortua,

572 2946 696 2987 sese
740 2930 807 2985 ad
842 2930 1139 2987 secundam
1182 2930 1496 3001 applicarit.
1551 2928 1783 2983 Tantum
1823 2930 1878 2983 in
1910 2929 2158 2994 Domino,

572 3024 651 3078 ait
671 3023 987 3094 Apostolus.
1012 3021 1178 3076 Addit
1198 3029 1379 3077 tamen
1405 3040 1419 3077 :
1447 3020 1664 3075 Beatior
1689 3030 1864 3075 autem
1890 3031 1989 3086 est,
2012 3022 2059 3076 si
2084 3021 2161 3075 sic

572 3119 827 3173 manserit
844 3119 884 3171 ⁵.
902 3116 1035 3171 Illud
1056 3124 1260 3179 autem,
1280 3117 1334 3169 in
1354 3114 1602 3179 Domino,
1630 3114 1770 3169 idem
1787 3122 1873 3169 est
1893 3130 1956 3168 ac
1972 3129 2081 3168 non
2103 3113 2161 3167 in

571 3217 785 3279 stupro,
808 3207 1209 3269 autadulterio,
1248 3206 1650 3275 violationeque
1678 3203 1845 3277 5,99
1879 3204 2159 3259 matrimo-

2257 2032 2369 2070 ται.
2402 2016 2541 2087 Φησὶ
2568 2017 2676 2088 γάρ
2695 2032 2712 2050 ⁸
2740 2017 2913 2086 Γυνὴ
2949 2017 3181 2072 δέδεται
3206 2018 3390 2087 γάμῳ,
3420 2017 3511 2086 ἐφ’
3536 2016 3688 2071 ὅσον
3714 2019 3865 2086 χρό-

2258 2126 2371 2163 νον
2402 2105 2471 2177 ζῇ
2496 2113 2527 2164 ό
2557 2109 2713 2179 ἀνὴρ
2746 2110 2956 2179 αὐτῆς.
2999 2111 3135 2165 Ἐὰν
3162 2107 3231 2162 δὲ
3279 2108 3553 2179 ἀποθάνῃ
3600 2112 3634 2163 ὁ
3668 2109 3860 2177 ἀνὴρ.

2258 2196 2543 2267 ἐλευθέρα
2579 2200 2752 2253 ἐστὶν
2776 2193 2825 2267 ᾧ
2851 2200 2999 2268 θέλῃ
3030 2195 3401 2271 αημηθῆναν
3432 2200 3861 2270 ἀποφηνάμενος

2262 2291 2399 2361 μετὰ
2442 2290 2700 2364 τελευτὴν
2732 2292 2927 2363 ἀνδρὸς
2970 2292 3031 2345 τὸ
3071 2292 3376 2363 ἐλευθέριον
3428 2291 3534 2345 ἀπὸ
3574 2290 3862 2364 ἁμαρτίας

2259 2384 2429 2455 χωρὶς
2473 2385 2656 2455 πάσης
2692 2385 3023 2455 ἀντιλογίας,
3074 2385 3212 2457 μετά
3249 2386 3347 2454 τῆς
3391 2384 3706 2456 προσθήκης
3756 2400 3865 2453 ση-

2262 2474 2473 2543 μάνας,
2514 2474 2595 2539 τῷ
2649 2475 2719 2528 ὲν
2760 2475 2989 2543 Κυρίῳ,
3034 2474 3108 2539 ὡς
3156 2475 3257 2528 οὑκ
3301 2470 3437 2527 εἶ’ναι
3482 2474 3650 2544 αὐτὴν
3685 2473 3863 2526 ἁλλο-

2259 2564 2417 2634 τρίαν
2451 2563 2671 2635 Κυρίου,
2705 2564 2806 2637 τὴν
2834 2564 2973 2636 μετὰ
3006 2564 3264 2636 τελευτὴν
3297 2564 3490 2638 ἀνδρὸς
3520 2567 3864 2636 συναπτομέ-

2260 2675 2359 2728 νην
2384 2655 2527 2726 ἄλλῳ
2551 2654 2726 2726 ἀνδρὶ,
2767 2656 2802 2726 ἢ
2845 2654 2941 2709 τὸν
2974 2654 3116 2725 μετά
3151 2654 3408 2726 τελευτήν
3444 2653 3694 2724 γυναικὸς
3730 2672 3863 2709 συν-

2260 2749 2566 2820 απτόμενον
2615 2747 2843 2819 δευτέρᾳ
2888 2747 3127 2816 γυναικὶ,
3163 2747 3359 2816 μόνον
3400 2746 3470 2799 ἐν
3505 2748 3731 2814 Κυρίῳ,
3777 2746 3862 2810 ὡς

2260 2841 2409 2911 λέγει
2451 2843 2481 2895 ό
2535 2840 2876 2903 Ἀπόστολος.
2933 2839 3043 2893 Καί
3092 2853 3260 2910 φησι·
3308 2837 3725 2905 Μακαριωτέριι
3787 2836 3861 2891 δέ

2260 2932 2450 2998 ἐστιν,
2484 2931 2593 2985 ἐὰν
2610 2931 2791 3001 μείνῃ
2822 2929 3031 2995 οὕτως.
3073 2929 3169 2993 Τὸ,
3189 2928 3261 2981 ἐν
3280 2928 3497 2996 Κυρίῳ,
3536 2926 3609 2999 μὴ
3639 2930 3695 2981 ἐν
3725 2945 3858 2999 πορ-

2262 3024 2402 3095 νεία,
2434 3022 2509 3095 μὴ
2541 3025 2600 3077 ἐν
2640 3023 2878 3094 μοιχείᾳ,
2910 3020 2986 3093 μὴ
3024 3022 3083 3074 ἐν
3109 3019 3469 3091 κλεψιγαμίᾳ,
3492 3018 3605 3073 ἀλλ’
3628 3020 3687 3073 ἐν
3708 3023 3859 3093 παῤ-

2264 3116 2450 3189 ρησίᾳ,
2496 3117 2554 3169 ἐν
2607 3114 2792 3187 σεμνῷ
2826 3115 2989 3184 γάμῳ
3034 3111 3333 3184 ἐπιμένειν,
3367 3113 3425 3165 ἐν
3463 3114 3529 3184 τῇ
3566 3111 3768 3174 πίστει,
3799 3111 3858 3163 ἐν

2262 3206 2382 3271 ταῖς
2406 3208 2666 3271 ἐντολαῖς,
2695 3208 2753 3259 ἐν
2776 3206 3064 3271 εὑποιίαις,
3093 3208 3151 3260 ἐν
3170 3207 3451 3279 εὐλαϐείᾳ,
3474 3209 3531 3261 ἐν
3556 3208 3856 3278 νηστείαις,

572 3303 821 3368 niorum;
842 3300 939 3357 sed
969 3300 1024 3354 in
1052 3298 1249 3353 ﬁducia
1273 3306 1327 3354 et
1343 3298 1591 3354 honestis
1620 3298 1825 3367 nuptiis
1843 3296 2159 3367 persistere,

2264 3305 2323 3357 ἐν
2363 3300 2609 3373 εὐνομίᾳ,
2650 3301 2709 3353 ἐν
2754 3298 3176 3372 ἐλεημοσύναις,
3219 3300 3279 3353 ἐν
3332 3300 3741 3370 σπουδαιάτητι,
3795 3303 3857 3354 ἐν

577 3396 633 3450 in
662 3394 765 3449 [ide
783 3392 1090 3464 pmeptis,
1112 3391 1271 3447 bonis
1293 3391 1577 3461 operibus,
1599 3390 1885 3459 religione,
1910 3388 2160 3460 jejuniis,

574 3487 753 3557 legum
799 3483 1175 3546 observantia,
1222 3481 1611 3552 eleemosynis,
1652 3480 1918 3547 bonitate,
1959 3479 2162 3535 beneﬁ-

572 3576 774 3632 centia.
802 3574 929 3631 llaec
947 3575 1095 3630 enim
1115 3589 1241 3629 cum
1264 3573 1320 3629 in
1342 3573 1501 3628 nobis
1525 3574 1712 3628 insunt
1732 3587 1796 3626 ac
1819 3580 2161 3643 permanent,

574 3682 684 3722 non
711 3666 920 3721 otiosos
942 3672 998 3719 et
1025 3663 1412 3719 infructuosos
1432 3664 1776 3719 constituunt
1794 3662 1849 3717 in
1868 3661 2162 3719 adventum

576 3755 814 3813 Domini.

646 3849 767 3905 Jam
818 3864 951 3905 vero
998 3846 1310 3904 sacerdotio
1352 3846 1563 3917 primus
1595 3844 1753 3912 ordo,
1792 3853 2164 3916 accurataque

576 3944 633 3998 in
660 3942 918 3998 omnibus
964 3943 1106 3995 vitaa-
1142 3939 1285 3995 ratio
1318 3939 1597 3993 tribuitur.
1640 3936 1851 4008 Populo
1886 3953 2018 3993 vero
2047 3952 2166 3992 mo-

574 4035 827 4090 deratum
859 4032 1145 4106 quiddam,
1181 4041 1235 4087 et
1265 4030 1333 4085 ad
1367 4046 1559 4086 eorum
1590 4041 1813 4101 captum
1850 4045 2163 4086 accommo-

575 4129 787 4193 datum,
843 4135 899 4181 et
925 4140 1054 4181 cum
1094 4124 1335 4195 quadam
1379 4122 1717 4193 indulgentia
1763 4121 2162 4192 conjunctum;

580 4229 643 4275 ut
668 4234 860 4274 omnes
890 4218 1219 4281 doceantur,
1250 4228 1316 4269 ac
1343 4211 1783 4269 misericordiam
1812 4228 2165 4284 consequan-

516 4313 523 4321 '
580 4321 691 4367 tur.
728 4310 1043 4366 Misericors
1092 4308 1300 4378 quippe
1349 4305 1639 4370 Dominus,
1682 4312 1738 4387 et
1776 4319 2000 4361 servare
2050 4305 2166 4359 uni-

578 4418 773 4458 versos
819 4409 1022 4472 potest,
1067 4416 1193 4454 cum
1230 4397 1509 4468 praeclaris
1544 4398 1721 4467 legum
1758 4412 1982 4452 suarum
2011 4396 2167 4452 insti-

579 4496 738 4561 tutis,
776 4502 893 4547 tum
920 4508 1049 4547 vera
1074 4506 1327 4562 puraque
1366 4490 1697 4545 Christiana:
1729 4489 2008 4560 religionis
2038 4490 2161 4545 ﬁde.

580 4586 674 4641 Ille
720 4585 867 4639 enim
915 4598 1089 4653 purus
1146 4583 1297 4636 solus
1345 4589 1450 4636 est.
1498 4580 1568 4633 At
1624 4580 1715 4634 isti
1772 4579 1899 4633 dum
1951 4582 2164 4651 seipsos

2263 3394 2620 3467 ἀγαθοεργίᾳ.
2661 3394 2849 3448 Ταῦτα
2875 3393 3006 3465 γὰρ,
3051 3393 3275 3447 συνόντα
3309 3394 3404 3448 καὶ
3449 3394 3857 3465 ’παραμένοιιιιτει⁷

2262 3488 2364 3541 οὑκ
2395 3487 2621 3559 ἀργοὺς,
2660 3486 2782 3540 οὑδὲ
2828 3486 3111 3557 ἀκάρπους
3146 3484 3467 3558 καθίστησιν
3507 3487 3585 3551 εἰς
3624 3484 3721 3556 τὴν
3756 3486 3858 3539 τοῦ

2264 3579 2471 3650 Κυρίου
2501 3578 2826 3649 παρουσίαν.

2337 3849 2449 3904 Καὶ
2480 3850 2548 3920 τῇ
2590 3847 2690 3919 μὲν
2737 3846 3007 3920 ἱερωσύνῃ
3052 3846 3115 3900 τὸ
3160 3846 3375 3919 πρῶτον
3437 3844 3625 3915 τάγμα
3681 3845 3783 3897 -καὶ
3822 3848 3857 3917 ή

2265 3942 2395 4012 περὶ
2420 3940 2639 3993 πάντων
2667 3938 3023 4011 ἀκριϐολογία
3047 3958 3059 3970 ·
3100 3938 3179 4010 τῷ
3213 3939 3269 3991 δὲ
3295 3937 3410 4009 λαῷ
3436 3937 3498 3990 τὸ
3540 3936 3858 4007 σύμμετρον

2264 4031 2433 4086 καὶτὸ
2455 4031 2831 4100 συγγνωστόν-ο
2862 4031 2949 4084 ἵνα
2980 4030 3181 4094 πάντες
3201 4030 3563 4085 διδάσκωνται
3595 4028 3695 4081 καὶ
3712 4045 3853 4081 κατ-

2263 4122 2541 4178 ελεῶνται.
2591 4122 2870 4193 Ἐλεήμων
2905 4122 3016 4195 γάρ
3044 4125 3193 4176 ἐστιν
3229 4125 3263 4177 6
3290 4123 3591 4194 Δεσπότης,
3628 4124 3725 4176 καί
3758 4123 3856 4175 δυ-

2264 4216 2422 4279 νατὸς
2444 4216 2653 4277 πάντας
2677 4212 2870 4278 σώζειν
2893 4218 2961 4286 τῇ
2997 4214 3102 4285 ἰδίᾳ
3122 4215 3289 4269 αὑτοῦ
3312 4214 3560 4285 εὐνομίᾳ,
3588 4213 3684 4267 καὶ
3715 4213 3853 4285 ἀλη-

2265 4309 2384 4380 θινῇ
2408 4308 2590 4360 πίστει
2627 4306 2730 4376 τῆς
2752 4306 2849 4360 τοῦ
2875 4307 3231 4379 κηρύγματος
3256 4306 3652 4379 καθαρότητος.
3679 4305 3855 4370 Αὐτὸς

2268 4400 2378 4472 γὰρ
2413 4400 2573 4471 μόνος
2600 4399 2720 4452 ἐστὶ
2765 4398 3027 4470 καθαρός.
3066 4393 3225 4453 Οὗτοι
3255 4398 3333 4465 δέ,
3386 4400 3610 4462 ἑαυτοὺς
3646 4400 3855 4469 φήσαν-

2264 4512 2353 4557 τες
2384 4492 2693 4564 Καθαροὺς,
2729 4493 2826 4544 ἀπ’
2846 4491 3016 4561 αὐτῆς
3041 4492 3139 4562 τῆς
3171 4491 3480 4555 ὑποθέσεως
3508 4490 3855 4563 ἀκαθάρτους

2265 4585 2493 4647 ἑαυτοὺς
2527 4584 2873 4637 ἀποτελοῦσι.
2900 4585 3014 4646 Πᾶς
3042 4584 3151 4655 γὰρ
3178 4585 3206 4636 6
3236 4583 3429 4636 ἑαυτὸν
3455 4584 3742 4654 ἀποφήνας
3765 4602 3853 4638 κα-

580 4666 754 4732 Puros
784 4691 907 4732 esse
933 4673 1384 4743 praedicantu‘illo
1421 4673 1542 4742 ipso
1569 4687 1672 4726 suo
1701 4672 1955 4741 dogmate
1984 4673 2159 4743 impu-

2268 4677 2454 4749 θαρὸν,
2491 4675 2800 4748 ἀκάθαρτον
2834 4675 3024 4730 ἐαυτὸν
3046 4675 3265 4739 τελείως
3291 4676 3599 4747 κατέκρινε.

577 4784 672 4824 ros
729 4783 851 4823 sese
909 4767 1140 4821 faciunt.
1186 4764 1325 4821 Nam
1368 4764 1624 4836 quisquis
1650 4780 1851 4836 purum
1884 4780 2007 4820 sese
2055 4765 2172 4835 ipse
2220 4770 2561 4841 pronuntiat,
2604 4778 2863 4825 extremae
2915 4785 2975 4826 se
3016 4769 3355 4839 impuritatis
3399 4779 3594 4842 suopte
3640 4770 3853 4841 judicio

575 4864 927 4919 condemnat.

651 4959 763 5015 Vll.
819 4959 925 5015 Sed
984 4957 1325 5014 incredibilis
1386 4957 1634 5027 quaedam
1680 4957 1880 5012 horum
1920 4957 2161 5012 stultitia

574 5061 684 5120 est,
720 5053 850 5108 dum
884 5052 1126 5122 aliquam
1161 5048 1438 5119 ejusmodi
1487 5048 1790 5120 Scripturae
1834 5049 2160 5105 sententiam

576 5161 702 5201 esse
745 5150 944 5215 putant
987 5142 1223 5213 (tametsi
1269 5156 1460 5197 verum
1512 5156 1640 5197 esse
1693 5142 1913 5197 illorum
1965 5142 2161 5214 dogma

579 5233 871 5305 fateamur)
901 5249 1021 5305 qua:
1042 5235 1110 5288 de
1140 5234 1399 5290 universo
1428 5235 1632 5305 populo
1659 5234 1809 5290 hunc
1845 5235 1900 5289 in
1937 5237 2159 5289 modum

577 5335 807 5385 statuat.
857 5326 1016 5381 Scire
1058 5325 1205 5382 enim
1236 5326 1373 5381 illud
1418 5326 1744 5393 debuerant,
1795 5343 1906 5383 non
1948 5329 2005 5383 in
2057 5329 2160 5383 hoc

576 5421 757 5475 solum
789 5434 988 5490 genere
1020 5418 1304 5475 hominum
1356 5419 1571 5475 animos
1627 5428 1722 5475 aut
1766 5421 1981 5490 culpam
2027 5434 2159 5474 con-

578 5513 817 5576 trahere,
850 5519 941 5565 aut
967 5511 1166 5568 virtute
1196 5511 1455 5582 prmditos
1491 5527 1647 5577 esse,
1701 5513 1797 5569 scd
1844 5512 1977 5567 illud
2020 5526 2160 5582 pra:-

665 5733 685 5764 ‘
719 5730 892 5788 lCor.
926 5748 1001 5797 Iv,
1041 5734 1091 5790 5.

1172 5736 1193 5767 ²
1224 5734 1397 5790 lCor.
1438 5749 1522 5802 ιιι,
1555 5735 1643 5790 15.
1720 5734 1740 5768 ³
1779 5732 1950 5790 lCor.
1970 5749 2067 5803 vn,
2100 5732 2189 5790 59.

2329 4960 2403 5012 Z'.
2432 4957 2612 5029 Πολλὴ
2638 4957 2697 5012 δὲ
2734 4956 2891 5012 ἄνοια
2921 4956 3032 5010 τῶν
3061 4957 3320 5011 τοιούτων
3348 4956 3684 5029 νομιζόντων
3714 4956 3853 5015 εἷναί

2258 5070 2335 5116 τι,
2373 5051 2423 5104 εί
2454 5051 2548 5104 καλ⁵
2589 5045 2658 5121 ἦν
2688 5048 2889 5120 ἀληθὲς
2933 5048 2994 5102 τὸ
3038 5050 3320 5121 κήρυγμα,
3352 5051 3481 5122 περὶ
3524 5052 3729 5114 παντὸς
3760 5053 3854 5106 τοῦ

2259 5142 2391 5196 λαοῦ
2421 5141 2595 5206 οὕτως
2625 5141 2855 5209 φάσκον.
2883 5140 3032 5195 Ἔδει
3054 5141 3113 5194 δὲ
3141 5140 3368 5209 γνῶναι,
3404 5142 3487 5195 ὅτι
3513 5142 3574 5194 οὑ
3601 5142 3731 5212 περὶ
3757 5143 3854 5213 τῆς

2260 5234 2570 5295 ὑποθέσεως
2596 5231 2801 5303 ταύτης
2838 5232 2997 5303 μόνον
3024 5232 3085 5285 τὸ
3124 5233 3379 5303 ἔγκλημα
3406 5233 3643 5304 ὑπάρχει
3681 5232 3854 5304 ψυχῇ,

2263 5324 2298 5396 ἢ
2337 5323 2399 5377 τὸ
2429 5323 2515 5377 διὰ
2548 5322 2707 5377 τοῦτο
2752 5324 3007 5394 ἐνάρετον
3060 5324 3311 5393 γενέσθαι
3355 5326 3536 5396 μόνον,
3578 5326 3718 5379 ἀλλά
3762 5329 3851 5379 καὶ

2264 5416 2325 5470 τὺ
2350 5417 2426 5491 μὴ
2465 5416 2746 5488 λοιδορεῖν,
2782 5416 2857 5488 μὴ
2888 5416 3117 5487 ὀμνύναι
3157 5417 3340 5488 ὅρκον,
3364 5420 3500 5489 μήτε
3518 5419 3576 5472 ἐν
3597 5418 3850 5489 ἀληθείᾳ,

2271 5510 2405 5581 μήτε
2428 5509 2486 5562 ὲν
2509 5507 2696 5579 ψεύδει
2722 5526 2735 5540 ο
2765 5507 2902 5563 ἀλλά
2928 5508 3027 5564 ναὶ
3052 5508 3173 5575 ναὶ,
3210 5510 3305 5564 καὶ
3335 5508 3408 5563 οὒ
3429 5509 3503 5566 οὓ
3532 5509 3710 5580 λέγειν
3729 5526 3743 5539 ⁸
3775 5508 3851 5580 μὴ

2261 5732 2283 5763 ³
2318 5731 2452 5787 ibid.
2484 5731 2573 5788 60.
