4176 6386
328 364 468 422 ιυςο

995 358 1361 418 ADVERSUS
1396 359 1737 417 Μῖῐιεεες
1775 358 1901 413 LIB.
1946 358 2011 414 ll.
2055 358 2216 414 TUM.
2267 358 2380 412 l.—
2422 356 2696 412 "ASINIS.
2743 356 2881 412 LIX.

3463 362 3603 415 107.0

324 482 688 544 ὰολιεύεσθαι,
750 479 826 551 μὴ
839 478 1169 544 διαϐάλλειν,
1206 479 1283 552 μὴ
1306 479 1580 542 κλέπτειν,
1612 478 1688 550 μὴ
1720 480 1925 549 ἐμπορ-

2029 483 2179 531 terea
2228 475 2461 544 requiri,
2496 481 2554 527 ut
2584 488 2762 542 neque
2809 471 3202 531 convitientur.
3243 486 3345 525 nec
3378 476 3606 527 omnino

324 576 600 633 νεύεσθαι.
642 574 736 626 Ἐκ
777 572 986 625 τούτων
1024 572 1131 645 γὰρ
1180 573 1398 627 πάντων
1448 572 1738 639 συνάγεται
1782 572 1915 641 ἡμῖν

324 669 395 723 τά
449 667 596 739 ῥύπη
661 665 771 717 τῶν
829 664 1278 735 ἁμαρτημάτων.
1328 663 1427 728 Ὠς
1481 662 1612 734 γὰρ,
1666 662 1909 733 φησὶν,ὀ

326 759 652 824 πάσσαλος
692 757 802 828 (14)
841 756 960 811 ἀνὰ
998 755 1195 824 μέσον
1226 754 1344 809 τῶν
1386 754 1497 808 δύο
1520 756 1716 809 λίθων
1760 767 1914 807 συν-

324 854 600 919 τρίϐεται.
633 848 822 914 οὕτως
857 848 896 915 ἡ
930 849 1187 918 ἁμαρτία
1230 848 1348 903 ἀνὰ
1373 847 1569 917 μέσον
1605 845 1919 916 ἀγοράζον-

325 958 428 1006 τος
454 940 552 993 καὶ
577 938 952 1003 πωλοῦντος-⁵
983 938 1078 990 καὶ
1106 938 1188 990 ὅτι
1216 938 1281 990 ἐκ
1311 936 1405 989 τοῦ
1430 934 1671 1007 πλήθους
1698 935 1919 997 πάντως

327 1032 422 1087 καὶ
460 1031 703 1103 μέθυσοι,
747 1031 841 1083 καὶ
878 1029 1087 1102 πόρνοι,
1122 1030 1218 1083 καὶ
1259 1028 1599 1091 πλεονέκται,
1639 1026 1735 1081 καὶ
1767 1044 1921 1097 τοκιέ

329 1124 475 1187 σταὶ,
504 1123 600 1176 καὶ
630 1123 848 1185 πάντως
884 1123 965 1175 ὅτι
1002 1120 1072 1173 τά
1097 1120 1322 1175 τοιαῦτα
1348 1119 1553 1190 ἔχουσι,
1585 1119 1682 1172 καὶ
1704 1116 1918 1178 τούτοις

329 1220 494 1287 ὃμοια
517 1235 530 1249 ⁸
559 1218 641 1281 ὅτι
670 1217 764 1270 καὶ
792 1216 1085 1287 ψεύσματα
1114 1216 1329 1284 ἑκάστῳ
1358 1213 1539 1266 αὐτῶν
1577 1211 1918 1283 παρακολου-

327 1310 432 1363 θεῖ.
470 1310 594 1373 Πῶς
622 1307 716 1363 οὖν
751 1309 1004 1361 δύνανται
1048 1308 1275 1369 ἑαυτοὺς
1306 1306 1591 1375 Καθαροὺς
1621 1303 1919 1357 ἀποκαλεῖν

329 1403 416 1456 διὰ
462 1403 561 1473 τῆς
613 1404 742 1473 μιᾶς
793 1401 1164 1470 ὑποσχέσεως,
1219 1399 1314 1469 τῆς
1365 1397 1546 1467 πάσης
1602 1394 1743 1448 κατὰ
1785 1394 1919 1446 Θεὸν

331 1493 716 1563 πραγματείας
748 1491 878 1562 περὶ
918 1491 1137 1543 πάντων
1176 1488 1282 1541 τῶν
1327 1485 1656 1556 σφαλμάτων
1686 1483 1919 1551 ἀσφαλι-

331 1586 605 1656 ςομένης;
643 1584 756 1637 Οὐκ
799 1582 1042 1652 έγνωσάν
1069 1599 1129 1633 τε
1168 1572 1313 1633 οὗτοι
1340 1579 1410 1633 τὰ
1446 1576 1648 1648 ἀκριϐῆ
1690 1574 1787 1629 τοῦ
1821 1592 1907 1644 κην

335 1674 633 1746 ρύγματος,
686 1675 805 1728 οὐδὲ
861 1674 967 1727 τίνι
1018 1671 1264 1745 ἀφώρισε
1301 1670 1364 1723 τὸ
1401 1668 1722 1723 άκοίὸασμα
1762 1664 1920 1718 τοῦτο

329 1767 432 1837 τῆς
458 1768 739 1839 διγαμίας.

2025 582 2151 620 vere
2199 563 2409 621 falsove
2453 565 2667 634 jurent,
2717 578 2819 618 nec
2860 563 3005 616 aliud
3048 564 3343 633 quidquam
3386 572 3610 633 praztvr,

2018 659 2202 725 etiam,
2239 658 2437 725 etiam,
2497 673 2619 720 non,
2666 673 2768 709 non
2791 657 2836 720 ¹,
2878 664 3179 725 usurpent;
3220 672 3289 710 ne
3327 656 3454 709 dolo
3505 658 3599 710 cir-

2019 751 2399 814 cumveniant,
2457 764 2527 805 ne
2576 748 3018 812 calumnientur,
3065 763 3135 802 ne
3187 746 3477 813 furentur,
3537 761 3599 799 ne

2019 850 2271 911 stuprum
2299 841 2672 895 committant.
2698 838 2913 905 Quibus
2940 853 3007 893 ex
3034 838 3288 892 omnibus
3313 838 3601 891 criminum

2021 932 2213 987 sordes
2244 932 2573 1003 colligimus.
2628 931 2829 1002 Atque,
2878 941 2939 984 ut
2988 931 3168 1000 palus,
3218 930 3414 999 inquit,
3466 930 3599 982 inter

2019 1026 2153 1079 duos
2194 1024 2394 1093 lapides
2422 1025 2715 1079 conteritur
2734 1065 2750 1089 ,
2789 1024 2866 1078 sic
2896 1031 3169 1093 peccatum
3204 1023 3259 1075 in
3290 1022 3461 1075 medio
3490 1022 3603 1089 ejus

2019 1120 2108 1186 qui
2136 1120 2284 1180 emit,
2338 1128 2388 1171 et
2421 1117 2599 1172 vendit
2624 1119 2671 1171 ³.
2705 1117 2786 1171 Ad
2817 1117 2933 1172 haec
2965 1117 3343 1172 necessarium
3373 1130 3514 1179 esse,
3549 1122 3603 1165 ut

2020 1218 2071 1263 ct
2103 1210 2262 1275 ebrii,
2285 1220 2339 1263 et
2367 1216 2731 1281 stupratores,
2771 1217 2834 1263 et
2862 1209 3037 1273 avari,
3070 1219 3124 1262 et
3167 1208 3524 1267 feneratores,
3554 1217 3602 1258 et

2022 1300 2315 1370 ejusmodi,
2365 1315 2427 1353 ac
2473 1300 2749 1355 similibus
2800 1300 2948 1355 vitiis
3000 1300 3259 1353 obstricti
3328 1301 3380 1353 in
3425 1300 3607 1371 populi

2024 1392 2384 1446 multitudine
2451 1401 2741 1446 versentur
2772 1410 2784 1445 :
2817 1390 3261 1460 quandoquidem
3316 1392 3606 1455 unicuique

2025 1483 2307 1538 mendacia
2358 1483 2761 1538 adhaerescunt.
2809 1482 3057 1549 Quanam
3092 1484 3260 1554 igitur
3294 1482 3472 1537 fronte
3504 1483 3603 1538 Pu-

2024 1590 2117 1630 ros
2170 1574 2448 1644 appellare
2511 1575 2727 1642 seipsos
2791 1575 3060 1645 singulari
3119 1575 3209 1628 illa
3273 1574 3609 1644 professione

2026 1674 2259 1737 possunt
2289 1684 2303 1719 ε
2337 1680 2462 1719 cum
2510 1666 2690 1719 omnis
2733 1664 3060 1719 Christiana:
3097 1664 3224 1717 vitae
3257 1664 3609 1719 instituenda:

2024 1756 2167 1809 ratio
2209 1755 2283 1809 ab
2331 1755 2480 1809 omni
2527 1753 2854 1808 delictorum
2902 1770 3102 1825 genere
3150 1754 3452 1809 cavendum
3487 1771 3609 1811 esse

331 1861 669 1917 constituat?
720 1859 891 1931 Igitur
929 1856 1255 1913 Christianae
1281 1854 1548 1909 doctrinae
1588 1855 1905 1906 accuratam
1943 1847 2020 1901 illi
2049 1846 2283 1900 formam
2336 1861 2448 1901 non
2493 1853 2738 1911 norunt;
2776 1861 2956 1917 neque
3007 1846 3228 1900 cuinam
3279 1854 3473 1901 exacta
3519 1847 3614 1901 illa

331 1957 402 2012 de
438 1954 697 2012 secundis
735 1953 943 2024 nuptiis
972 1950 1305 2021 praescriptis
1340 1950 1425 2003 lex
1467 1946 1653 2010 fuerit,
1686 1959 1915 2015 prorsus
1944 1940 2282 2010 intelligunt.
3186 2008 3201 2018 ε

417 2050 577 2106 Ἀλλά
614 2050 710 2105 καὶ
735 2051 786 2103 οί
829 2048 940 2103 ἀπὸ
974 2046 1067 2100 τοῦ
1099 2044 1340 2118 διωγμοῦ
1392 2040 1917 2115 παραπεπτωκότες,

2092 2034 2249 2102 Quod
2296 2034 2363 2090 ad
2404 2050 2501 2092 eos
2551 2051 2684 2092 vero
2731 2043 2962 2107 spectat,
3019 2037 3112 2107 qui
3141 2036 3194 2090 in
3228 2033 3615 2105 persecutione

331 2145 426 2199 xui.
453 2141 610 2196 αὐτοὶ
642 2140 738 2195 ἐὰν
765 2138 1107 2205 ὲνδείξωνται
1147 2135 1360 2190 τελείαν
1384 2134 1483 2207 τὴν
1517 2131 1828 2205 μετάνοιαν,
1862 2131 1922 2183 ὲν

334 2234 525 2303 σάκκῳ
558 2230 656 2284 καὶ
699 2227 882 2299 σποδῷ
907 2226 1285 2292 καθεσθέντες,
1318 2225 1414 2278 καὶ
1469 2222 1806 2284 κλαύσαντες
1838 2220 1924 2273 ὲν-

329 2322 508 2375 ὡπιον
540 2320 772 2392 Κυρίου.
794 2317 1021 2382 δυνατός
1048 2318 1197 2370 ἐστιν
1230 2318 1257 2368 ὁ
1287 2313 1584 2385 εὐεργέτης
1614 2312 1709 2366 καὶ
1728 2310 1925 2372 αὐτοὺς

333 2416 573 2486 ἐλεῆσαι.
610 2414 684 2467 Οὐ
717 2413 825 2483 γάρ
862 2429 912 2464 τι
956 2408 1158 2480 φαῦλον
1200 2407 1409 2478 γίνεται
1460 2405 1569 2460 ἀπὸ
1612 2402 1921 2475 μετανοίας.

330 2505 561 2575 Λέχεται
587 2499 681 2557 οὖν
713 2503 841 2566 τοὺς
873 2499 1269 2572 μετανοοῦντας
1297 2499 1325 2551 ὁ
1353 2495 1561 2568 Κύριος
1582 2496 1675 2549 καὶ
1698 2495 1733 2564 ὴ
1753 2490 1922 2546 αὐτοῦ

346 2594 643 2665 Ἐκκλησία
660 2611 672 2623 ·
697 2594 773 2655 ὼς
794 2590 1093 2662 ἐπέστρεψε
1123 2590 1421 2658 Μανασσῆς
1446 2590 1474 2641 ὁ
1500 2586 1616 2651 υίὸς
1657 2584 1923 2650 Ἐζεκίου,

334 2688 432 2741 καὶ
473 2686 666 2756 ἐδέχθη
720 2684 825 2737 ὑπὸ
874 2684 1117 2755 Κυρίου⁹
1154 2681 1249 2736 καὶ
1287 2681 1317 2733 ὁ
1356 2679 1737 2753 ἀρνησάμενος
1786 2674 1926 2748 πρὸς

333 2779 486 2852 ὥραν
520 2778 675 2847 ἅγιος
708 2776 933 2847 Πέτρος,
964 2775 1060 2828 καὶ
1087 2774 1517 2847 κορυφαιότατος
1549 2771 1658 2825 τῶν
1688 2768 1925 2825 ἀποστό-

336 2870 466 2935 λων,
508 2870 569 2934 ὃς
605 2867 829 2938 γέγονεν
876 2868 1008 2939 ἡμῖν
1044 2866 1261 2940 ἀληθῶς
1310 2865 1508 2936 στερεά
1550 2864 1729 2936 πέτρα
1760 2862 1927 2933 θεμε-

336 2961 529 3015 λιοῦσα
555 2960 656 3033 τὴν
695 2958 880 3014 πίστιν
914 2959 1006 3014 τοῦ
1053 2958 1264 3031 Κυρίου
1285 2973 1301 2989 ο
1334 2957 1419 3026 ἐφ’
1535 2955 1853 3028 ᾠκοδόμητο
1891 2956 1929 3027 ἠ

350 3049 645 3121 Ἐκκλησία
666 3048 809 3105 κατὰ
838 3048 1016 3104 πάντα
1044 3049 1263 3121 τρόπον.
1298 3048 1523 3120 Πρῶτον
1546 3047 1646 3119 μὲν
1675 3048 1758 3102 ὅτι
1783 3048 1930 3120 ὠμο-

337 3141 537 3214 λόγησε
568 3142 802 3215 Χριστὸν
846 3144 936 3197 τὸν
970 3143 1098 3196 Υίὸν
1133 3141 1227 3196 τοῦ
1267 3141 1401 3195 Θεοῦ
1442 3140 1536 3195 τοῦ
1579 3141 1803 3207 ζῶντος,
1831 3140 1930 3195 καὶ

336 3234 594 3306 ἤκουσεν,
638 3236 722 3288 ὃτι
770 3235 905 3290 Ἐπί
946 3233 1023 3304 τῇ
1057 3234 1242 3303 πέτρᾳ
1290 3235 1476 3305 ταύτῃ
1526 3233 1630 3304 τῆς
1679 3232 1929 3304 ἀσφαλῆς

2025 2129 2188 2201 500
2234 2129 2480 2200 prolapsi
2514 2137 2667 2197 sunt,
2698 2131 2882 2185 'etiam
2938 2130 3077 2193 illis,
3127 2129 3173 2183 si
3224 2129 3280 2182 in
3325 2142 3487 2182 sacco
3547 2141 3615 2179 ac

2023 2226 2211 2279 cinere
2232 2222 2490 2280 sedentes
2507 2239 2809 2295 coramque
2832 2222 3065 2279 Domino
3085 2222 3296 2286 ﬁentes,
3316 2221 3612 2291 perfectam

2022 2330 2135 2386 prae
2179 2331 2239 2371 se
2282 2315 2669 2387 pmnitentiam
2726 2317 2976 2382 tulerint,
3012 2315 3303 2371 beneﬁcus
3347 2313 3438 2367 ille
3474 2310 3619 2366 Deus

2024 2408 2466 2463 misericordiam
2539 2408 2802 2463 adhibere
2860 2416 3063 2478 potest.
3136 2405 3284 2459 Nihil
3344 2406 3489 2459 enim
3547 2419 3613 2458 ex

2025 2500 2346 2570 poenitentia
2379 2500 2510 2553 mali
2545 2500 2844 2555 redundat.
2884 2499 3101 2570 Excipit
3132 2515 3262 2571 ergo
3291 2500 3619 2571 pmnitentes

2028 2589 2304 2659 Dominus,
2377 2606 2593 2647 necnon
2650 2591 2773 2661 ejus
2830 2589 3099 2658 Ecclesia,
3152 2590 3615 2667 quemadmodum

2026 2681 2310 2739 Manasses
2342 2682 2589 2739 Ezechiae
2627 2684 2772 2740 ﬁlius
2805 2699 3103 2741 conversus
3124 2691 3230 2747 est,
3252 2692 3307 2738 et
3332 2700 3362 2737 a
3387 2683 3622 2738 Domino

2026 2783 2284 2846 receptus
2312 2775 2362 2839 δ,
2401 2776 2640 2845 itemque
2683 2777 2941 2847 princeps
2981 2778 3354 2847 apostolorum
3398 2775 3617 2841 Petrus,

2025 2866 2120 2937 qui
2199 2863 2495 2920 Dominum
2569 2866 2868 2937 aliquando
2924 2869 3167 2937 negavit.
3230 2866 3335 2933 Qui
3394 2868 3619 2938 quidem

2027 2956 2218 3013 solidae
2258 2965 2429 3028 petrae
2486 2956 2661 3013 instar
2691 2958 2852 3014 nobis
2884 2959 3113 3023 exstitit,
3142 2960 3229 3013 cui
3260 2960 3406 3014 velut
3435 2960 3623 3015 funda-

2025 3058 2212 3104 mento
2247 3047 2459 3104 Domini
2494 3049 2629 3106 ﬁdes
2658 3051 2942 3115 innititur,
2974 3066 3141 3123 supra
3179 3067 3344 3121 quam
3375 3051 3620 3107 Ecclesia

2026 3141 2206 3196 modis
2251 3140 2507 3197 omnibus
2555 3150 2836 3199 exstructa
2864 3151 2970 3199 est.
3026 3142 3084 3197 In
3129 3144 3322 3212 primis
3374 3144 3619 3213 quidem,

1982 3230 1985 3231 ⁷
2034 3233 2184 3303 quod
2213 3232 2497 3288 Christum
2541 3232 2636 3289 Dei
2665 3235 2774 3290 vivi
2803 3233 3002 3289 Filium
3033 3250 3159 3291 esse
3184 3235 3475 3291 confessus
3511 3247 3620 3299 est,

339 3326 578 3391 πίστεως
596 3328 972 3397 οἰκοδομήσω
985 3345 1105 3397 μου
1127 3326 1242 3396 τὴν
1279 3327 1669 3395 Ἐκκλησίαν.
1706 3326 1925 3398 Ἐπειδὴ

2031 3323 2197 3393 idque
2249 3324 2495 3380 vicissim
2545 3324 2760 3380 audiit:
2795 3324 2973 3394 Supra
3027 3326 3165 3379 hanc
3231 3326 3423 3381 solidae
3486 3326 3612 3381 ﬁdei

343 3419 530 3488 σαφῶς
557 3388 742 3471 *αὑτὸν
772 3388 1125 3488 ὦμολόγησεν
1157 3388 1285 3470 Ῠίὸν
1331 3388 1605 3486 ἀληθινόν.
1647 3416 1770 3486 To“
1814 3388 1925 3488 γὰρ

2028 3424 2236 3484 petram
2308 3416 2588 3487 aediﬁcabo
2654 3416 2954 3472 Ecclesium
3031 3435 3205 3473 meam
3240 3419 3282 3474 ⁸.
3347 3418 3621 3486 Quoniam

340 3509 536 3573 εἰπεῖν,
606 3506 735 3563 Υίὺν
781 3505 917 3562 Θεοῦ
972 3506 1207 3572 ζῶντος,
1266 3503 1473 3571 ἔδειξεν
1517 3506 1648 3561 Υίὸν
1700 3508 1925 3580 γνήσιον

340 3599 504 3668 εἶναι,
540 3601 680 3673 μετά
702 3599 1022 3673 προσθήκης
1045 3597 1168 3671 τῆς,
1191 3595 1429 3665 ζῶντος,
1457 3597 1535 3666 ὡς
1561 3600 1620 3654 ὲν
1648 3599 1799 3673 πάσῃ
1832 3617 1925 3672 μοι

344 3688 534 3761 σχεδὸν
560 3688 772 3760 αἱρέσει
806 3687 936 3760 περὶ
965 3686 1158 3742 τούτου
1188 3687 1426 3760 εἴρηται.

418 3950 498 4005 ﬂ'.
539 3949 702 4003 Ἀλλά
726 3949 822 4004 καὶ
862 3949 1113 4021 περὶτοῦ
1152 3949 1309 4019 ἁγίου
1349 3950 1666 4023 Πνεύματος
1703 3953 1733 4007 ό
1764 3953 1926 4018 αὐτὸς

343 4044 703 4115 ἁτφαλίξεται
752 4045 921 4119 ῂμᾶς,
965 4044 1143 4114 λέγων
1183 4048 1299 4107 τοῖς
1345 4046 1475 4116 περὶ
1522 4046 1770 4101 Ἀνανίαν
1794 4066 1809 4079 ·
1867 4048 1930 4104 Τί

344 4138 436 4192 ὅτι
491 4138 813 4205 ἐπείρασεν
858 4136 1014 4206 ὑμᾶς
1056 4140 1088 4191 ό
1136 4136 1431 4203 Σατανᾶς,
1467 4140 1813 4207 ψεύσασθαι
1859 4141 1930 4195 τὸ

346 4230 589 4300 Πνεῦμα
613 4229 678 4283 τὸ
705 4229 910 4298 (irier;
934 4230 1058 4282 Οὐκ
1072 4228 1361 4296 ἀνθρώπῳ
1380 4229 1747 4298 ἐψεύσασθε,
1768 4231 1932 4286 ἀλλὰ

345 4323 427 4391 τῷ
450 4321 590 4389 Θεῷ.
626 4321 772 4376 Διότι
797 4324 862 4375 ἐκ
890 4321 1025 4374 Θεοῦ
1044 4320 1107 4374 τὸ
1132 4320 1376 4392 Πνεῦμα,
1406 4322 1501 4376 καὶ
1523 4322 1623 4376 οὐκ
1650 4322 1931 4395 ἀλλότριον

346 4416 506 4470 Θεοῦ.
552 4415 715 4469 Ἀλλά
757 4412 852 4468 καὶ
904 4412 1141 4467 ἐνταῦθα
1173 4413 1371 4485 στερεά
1416 4413 1592 4485 πέτρα
1641 4416 1934 4488 οἰκοδομῆς

346 4510 445 4564 καὶ
474 4508 723 4580 θεμέλιος
751 4508 900 4559 οῑκου
931 4504 1066 4559 Θεοῦ
1090 4506 1404 4576 γεγένηται,
1428 4506 1487 4559 ὲν
1509 4506 1585 4577 τῷ
1617 4507 1935 4579 ἀρνησάμε-

346 4620 437 4658 νον
459 4602 621 4656 αὑτὸν
642 4600 736 4655 καὶ
759 4599 922 4653 πάλιν
955 4597 1393 4670 ὑποστρέψαντα,
1420 4599 1711 4670 εὑρεθέντα
1741 4619 1801 4654 τε
1829 4601 1936 4655 ὑπὸ

2025 3506 2232 3563 diserte
2287 3523 2476 3564 verum
2532 3509 2686 3565 illum
2745 3525 2869 3566 esse
2927 3509 3127 3566 Filium
3178 3514 3442 3568 asseruit.
3484 3515 3625 3568 Cum

2025 3599 2173 3655 enim
2215 3598 2326 3655 vivi
2368 3599 2462 3655 Dei
2510 3598 2708 3655 Filium
2756 3601 2895 3655 dixit
2922 3602 2965 3667 ⁸,
3024 3601 3240 3670 adjecta
3309 3603 3411 3657 vivi
3448 3604 3624 3672 parti-

2027 3691 2174 3755 cula,
2201 3706 2524 3762 germanum
2552 3691 2704 3746 illum
2737 3707 2870 3748 esse
2906 3691 3105 3747 Filium
3137 3694 3347 3749 docuit.
3386 3694 3445 3749 Id
3473 3695 3625 3765 quod

2028 3785 2085 3840 in
2121 3785 2379 3840 omnibus
2418 3800 2557 3857 pene
2592 3784 2904 3842 refutandis
2952 3787 3259 3844 haeresibus
3287 3803 3317 3841 a
3362 3788 3525 3845 nobis
3547 3805 3628 3845 re-

2027 3878 2256 3949 petitum
2287 3877 2659 3932 meminimus.

2104 3967 2242 4022 VIII.
2280 3966 2455 4023 Porro
2476 3968 2546 4023 de
2579 3968 2789 4039 Spiritu
2834 3977 3030 4026 sancto
3070 3971 3214 4028 idem
3251 3973 3344 4029 ille
3374 3988 3477 4030 nos
3522 3973 3628 4031 Pe-

2031 4067 2155 4114 trus
2183 4060 2453 4114 certiores
2484 4058 2675 4124 efﬁcit,
2707 4074 2834 4115 cum
2866 4061 2950 4116 sic
2983 4062 3255 4117 Ananiam
3292 4064 3622 4133 alloquitur:

2033 4150 2175 4217 Quid
2225 4152 2405 4221 utique
2448 4151 2666 4204 tentavit
2708 4168 2799 4206 vos
2846 4151 3102 4218 Satanas,
3133 4157 3348 4209 mentiri
3381 4155 3623 4225 Spiritui

2032 4244 2257 4298 sancto?
2306 4240 2433 4296 Non
2477 4242 2682 4297 homini
2727 4247 2933 4298 mentiti
2977 4247 3129 4310 estis,
3172 4246 3263 4301 sed
3296 4247 3463 4303 Deo".
3510 4247 3626 4302 [loc

2033 4330 2181 4387 enim
2213 4346 2281 4385 eo
2309 4329 2518 4385 dictum
2556 4339 2663 4396 est,
2707 4334 2854 4403 quod
2897 4350 2965 4389 ex
3004 4332 3118 4391 Deo
3157 4335 3397 4407 Spiritus
3439 4339 3625 4409 profe-

2036 4432 2163 4479 ctus
2193 4423 2288 4487 sit,
2325 4439 2428 4479 nec
2467 4424 2535 4480 ab
2566 4441 2633 4481 eo
2662 4426 2735 4481 sit
2763 4426 2996 4483 alienus.
3026 4427 3229 4485 Verum
3269 4437 3323 4486 et
3369 4431 3462 4487 ille
3494 4448 3629 4502 quo-

2034 4530 2143 4585 que
2172 4514 2523 4572 ﬁrmissimus
2565 4525 2859 4573 structura:
2893 4520 3053 4590 lapis,
3095 4535 3160 4575 ac
3196 4521 3395 4577 divinae
3428 4523 3628 4578 domus
3670 4567 3686 4587 .

2038 4605 2458 4660 fundamentum
2489 4608 2614 4672 fuit,
2644 4624 2770 4663 cum
2799 4619 2996 4680 negato
3021 4612 3243 4668 Christo
3272 4629 3526 4671 reversus
3556 4615 3627 4669 ad

348 4694 553 4767 Κυρίου
583 4693 678 4747 καὶ
711 4690 1116 4756 καταξιωθέντα
1145 4690 1310 4745 πάλιν
1351 4691 1583 4746 ἀκοῦσαι
1602 4712 1615 4724 ο
1651 4696 1925 4764 Ποίμαινε

2056 4713 2202 4761 sese,
2258 4699 2408 4753 velut
2466 4708 2719 4771 repertus
2748 4717 2779 4755 a
2818 4700 3073 4770 Domino,
3124 4714 3179 4760 et
3226 4706 3432 4761 honore
3472 4714 3629 4760 tanto

347 4788 423 4841 τὰ
449 4784 717 4855 πρόϐατά
732 4802 871 4855 μου·
904 4785 1022 4847 καὶ,
1044 4785 1329 4855 Ποίμαινε
1352 4784 1425 4838 τὰ
1448 4786 1626 4853 ἀρνία
1652 4803 1794 4856 μου·
1816 4789 1932 4854 καὶ,

350 4879 633 4947 Ποίμαινε
657 4876 731 4931 τὰ
761 4875 1027 4944 πρόϐατά
1055 4894 1197 4945 μου.
1245 4877 1304 4929 Ὀ
1330 4876 1439 4948 γὰρ
1475 4878 1733 4949 Χριστὸς,
1778 4879 1938 4934 τοῦτο

348 4968 545 5038 λέγων,
585 4970 665 5031 είς
711 4969 1046 5041 ἐπιστροφὴν
1076 4971 1225 5041 ἡμᾶς
1258 4971 1435 5041 ἤγαγε
1493 4972 1811 5041 μετανοίας·
1848 4974 1938 5027 ἵνα

350 5062 408 5114 ὲν
438 5060 588 5130 αὐτῷ
628 5061 791 5115 πάλιν
841 5062 1222 5133 οίκοδομηθείη
1266 5065 1300 5132 ὴ
1347 5062 1808 5131 εύθεμελιὼτατος
1843 5066 1937 5119 πί·-

354 5162 494 5208 στις,
523 5147 556 5215 ἡ
588 5144 662 5217 μὴ
688 5147 1110 5218 ἀπαγορεύουσα
1144 5149 1293 5220 ζωὴν
1328 5149 1439 5203 τῶν
1470 5150 1800 5219 ἀνθρώπων,
1822 5149 1939 5203 ὅσοι

347 5237 647 5308 ὲμπνέουσι
699 5237 779 5309 τῷ
835 5238 958 5311 βίῳ,
1018 5240 1113 5294 καί¹
1170 5241 1524 5312 μετανοοῦσιν
1578 5243 1638 5295 ὲν
1681 5239 1938 5313 ἀληθείᾳ,

428 5400 444 5430 ι
485 5395 550 5454 Ρ.
579 5396 678 5469 τῷ,
755 5398 781 5470 3'
801 5397 997 5470 _Matth.
1023 5414 1077 5463 v,
1105 5397 1195 5470 51.
1324 5397 1345 5427 ³
1369 5396 1537 5454 Eccli.
1562 5416 1735 5470 xxvu,
1759 5403 1815 5461 2.

354 5468 515 5525 Ἀρι.
549 5486 604 5536 v,
625 5467 679 5524 9.
749 5469 772 5501 ⁸
793 5467 953 5523 Joan.
987 5484 1102 5533 xxr,
1130 5468 1196 5523 15
1216 5483 1340 5539 sqq.

427 5651 541 5722 (14)
591 5650 685 5722 Ὠλς
711 5649 846 5720 γὰρ,
883 5649 1095 5722 φησιν,
1135 5651 1170 5703 ό
1205 5648 1545 5716 πάσσαλος.
1582 5650 1823 5715 Mutatis,
1872 5667 1933 5722 ut

358 5720 515 5787 Solet,
547 5720 727 5775 verbis
775 5723 953 5774 locqu
1006 5721 1169 5775 istum
1232 5722 1477 5789 protulit.
1514 5723 1609 5790 qui
1661 5724 1731 5775 ita
1762 5721 1924 5776 Eccli.

362 5808 507 5848 xxvu
547 5804 847 5861 conceptus
862 5797 945 5847 est
984 5808 996 5843 :
1043 5791 1341 5862 Ἀναμέσον
1375 5790 1592 5845 λιθίνων
1630 5796 1936 5866 παγήσεται

1945 5408 1967 5440 ⁸
1995 5406 2041 5464 ll
2065 5409 2190 5467 Par.
2235 5418 2537 5482 xxxm,15.

2043 4789 2290 4853 allectus,
2321 4791 2492 4845 audiit
2526 4811 2538 4846 :
2574 4791 2744 4847 Pasce
2766 4810 2883 4849 oves
2906 4812 3051 4850 meas
3079 4812 3100 4861 ;
3143 4805 3199 4852 et
3230 4815 3243 4851 :
3275 4797 3445 4851 Pasce
3463 4815 3628 4868 agnos

2045 4897 2185 4935 meos
2212 4897 2231 4945 ,'
2270 4896 2336 4937 ac
2379 4884 2541 4939 tertio
2566 4904 2579 4939 :
2609 4885 2783 4942 Pasce
2821 4904 2937 4942 oves
2968 4904 3111 4943 meas
3133 4889 3175 4943 ⁸.
3211 4888 3344 4955 Quae
3374 4889 3629 4945 Christus

2046 4987 2175 5029 cum
2208 4974 2367 5042 dixit,
2416 4978 2485 5031 ad
2523 4980 2861 5048 pmnitentiaa
2890 4997 2994 5036 nos
3020 4982 3437 5038 conversionem
3466 4983 3631 5037 indu-

2047 5066 2149 5129 xit,
2190 5083 2300 5139 quo
2333 5084 2555 5126 rursum
2598 5073 2655 5127 in
2701 5073 2794 5128 illo
2839 5074 3172 5130 solidissime
3217 5075 3442 5129 fundata
3495 5076 3631 5131 ﬁdes

2044 5159 2434 5228 aediﬁcaretur,
2465 5180 2588 5234 qua:
2616 5166 2752 5219 nulli
2787 5166 3071 5221 hominum
3113 5167 3279 5221 vitam
3307 5183 3371 5222 ac
3396 5167 3629 5222 salutem

2046 5256 2359 5323 subtrahit,
2412 5262 2657 5333 quaudiu
2713 5263 2821 5318 vivi
2882 5278 2946 5318 ae
2981 5264 3256 5334 spirantes
3289 5276 3437 5330 sunt,
3465 5273 3630 5334 atque

2651 5419 2673 5450 '
2714 5418 2906 5475 Matth.
2969 5438 3081 5486 xw,
3109 5423 3195 5477 18.
3306 5425 3326 5455 ⁸
3362 5424 3500 5480 ibid.
3532 5423 3627 5479 16.

2041 5657 2342 5737 πάσσαλιος,
2387 5660 2805 5737 καὶάναμέσον
2864 5663 3117 5737 πράσεως
3166 5664 3260 5719 καὶ
3312 5661 3636 5737 ἀγορμσμοῦ

2044 5745 2171 5783 συντ
2180 5729 2463 5811 ριὸήσεται
2489 5729 2758 5803 ἁμαρτία.
2894 5729 2919 5742 ”
2990 5734 2995 5738 ’
