4176 6386
358 405 501 463 ξῦόἲ

1037 394 1409 453 ADVERSUS
1447 394 1790 451 lleRESES
1827 395 1954 451 LIB.

2060 395 2260 452 .TOM.
2300 396 2343 450 ῐ.
2386 426 2453 435 --
2496 394 2768 451 llAiRES.
2811 395 2943 449 ΗΧ.

3491 364 3645 446 tam“

398 504 485 567 ιι.
533 511 623 563 Ἐν
654 506 872 579 γὰρτῷ
914 506 1160 577 μέλλοντι
1204 508 1383 570 αἰῶνι,
1418 507 1556 578 μετὰ
1600 505 1697 578 τὴν
1729 507 1937 579 ἀνθρὼ-

2112 508 2180 563 X.
2217 508 2426 563 Etenim
2478 509 2533 562 in
2568 509 2754 563 futuro
2784 509 2982 563 smeulo
3009 514 3130 577 post
3156 505 3393 560 hominis
3422 504 3628 560 obitum

362 623 465 658 που
532 602 886 671 ἀπαλλαγὴν,
940 601 1000 652 οὐ
1064 599 1320 669 νηστείας
1375 600 1678 671 πορισμὸς,
1731 601 1792 653 οὐ
1854 617 1950 671 με-

361 698 583 761 τανοίας
636 696 850 765 κλῆσις,
903 693 1004 746 οὐκ
1061 693 1430 765 ὲλεημοσὺνης
1483 693 1773 758 ἐπίδειξιςο
1834 693 1948 747 ἀλλ’

357 788 484 840 οὔτε
508 786 871 855 ἐγκλημάτων
906 784 1067 854 ἔργα,
1100 784 1161 834 οὐ
1198 783 1454 852 πόλεμος,
1486 783 1547 835 οὗ
1587 783 1822 853 μοιχεία,
1851 783 1952 836 οὐκ

362 881 642 948 ἀσελγεια,
667 878 781 930 ἁλλ’
806 876 929 930 οὔτε
947 874 1266 943 δικαιοσύνη
1290 875 1386 927 καὶ
1418 875 1692 945 μετάνοια.
1728 876 1817 939 Ὠς
1841 875 1950 946 γὰρ

365 971 505 1043 μετὰ
539 970 796 1040 θερισμὸν
832 968 928 1021 τοῦ
961 970 1195 1039 στάχυος
1231 971 1332 1022 οὐκ
1362 969 1439 1021 ἔνι
1484 966 1823 1039 παχυνθῆναι
1861 968 1952 1020 τὸν

363 1063 585 1126 κόκκον,
637 1062 736 1113 οὐκ
781 1060 1153 1132 ἁνεμοφθόρον
1193 1060 1469 1128 γενέσθαι,
1517 1061 1617 1129 οὐκ
1659 1059 1737 1112 ἔνι
1783 1060 1954 1114 εὐπά-

363 1153 489 1207 θειά
518 1170 603 1217 τις
631 1154 812 1224 ἑτέρα.
857 1152 1018 1204 Ἀλλά
1040 1154 1117 1223 μὴ
1154 1153 1282 1221 λέγε
1328 1169 1418 1222 μοι
1440 1154 1540 1223 τῆς
1569 1142 1857 1221 ἀποθήκης
1882 1151 1953 1205 τὰ

367 1245 689 1315 φθάρματα,
766 1243 1012 1296 τουτέστι
1086 1246 1179 1297 καὶ
1241 1243 1530 1314 σκώληκας
1585 1246 1681 1298 καὶ
1742 1245 1948 1316 σῆτας-

367 1335 545 1387 ταῦτα
574 1334 681 1403 γὰρ
713 1331 803 1385 διά
827 1333 894 1385 τά
922 1333 983 1386 ὲν
1022 1331 1100 1402 τῷ
1137 1331 1294 1386 αἰῶνι
1340 1333 1570 1401 γίνεται.
1606 1333 1681 1387 T6
1709 1335 1766 1387 δὲ
1790 1337 1953 1388 ἀπει-

368 1424 711 1494 κονισμένον,
742 1425 836 1477 καὶ
869 1425 926 1476 ἐν
959 1423 1156 1487 πύλαις
1179 1425 1314 1495 ἡμῖν
1346 1425 1657 1496 εἰρημένον,
1690 1425 1785 1478 καὶ
1815 1426 1952 1479 άποε-

366 1516 515 1586 θήκῃ
555 1514 981 1585 ησιραλισμένον,
1026 1514 1262 1578 πίστεώς
1311 1517 1459 1569 ἐστιν
1509 1517 1813 1590 ὖπόδειγμα
1859 1519 1954 1572 καὶ

371 1606 755 1677 ὑπογραμμός.
810 1608 998 1660 Ἔνθα
1048 1607 1185 1660 οὔτε
1231 1607 1453 1676 λῃσταὶ
1512 1608 1951 1677 διορύττουσιν,

366 1698 511 1751 οὔτε
546 1696 750 1766 ησῆτες
791 1696 1207 1766 ἀφανίζουσιν,
1236 1699 1316 1762 ὼς
1362 1699 1466 1771 ἔφη
1518 1703 1547 1754 6
1594 1700 1735 1765 θεῖος
1773 1702 1951 1772 λόγος.

371 1788 513 1842 Οὔτε
541 1790 648 1860 μὴν
696 1790 964 1860 πορισμὸς
1008 1790 1311 1856 εὐσεϐείας,
1362 1790 1484 1845 οὔτε
1521 1795 1828 1863 μετανοίας,
1880 1796 1958 1859 ὡς

371 1879 531 1949 ἔφην,
577 1878 716 1949 μετὰ
756 1878 1004 1935 θάνατον.
1057 1880 1131 1933 Οὐ
1192 1882 1300 1952 γὰρ
1348 1882 1598 1954 Λάζαρος
1656 1884 1958 1957 ἀπέρχεται

374 1971 513 2042 πρὸς
534 1971 625 2025 τδν
652 1970 906 2024 πλούσιον
928 1974 1062 2035 ὲκεῖ,
1084 1971 1207 2025 οὔτε
1237 1976 1265 2026 6
1291 1973 1543 2038 πλούσιος
1566 1976 1702 2046 πρὸς
1728 1977 1821 2030 τὸν
1846 1978 1961 2031 Λά-

372 2062 543 2134 ζαρον
570 2080 583 2093 ·
633 2060 758 2116 οὔτε
798 2062 1048 2133 Ἀϐραὰμ
1091 2064 1411 2116 ἀποστέλλει
1454 2066 1700 2120 σκύλλων
1734 2068 1825 2123 τὸν
1863 2070 1963 2122 πέ-

371 2171 515 2223 νητα
546 2154 848 2223 πλουτῆσαι
895 2152 1152 2224 ὕστερον*
1188 2154 1314 2207 οὔτε
1356 2157 1384 2208 6
1414 2156 1669 2221 πλούσιος
1690 2152 1765 2211 ὧν
1788 2162 1960 2213 αἰτεῖ-

375 2264 487 2311 ται,
536 2246 740 2317 καίπερ
787 2246 925 2317 μετὰ
976 2246 1205 2309 ἱκεσίας,
1250 2246 1340 2300 τὸν
1387 2247 1657 2319 ἐλεήμονα
1714 2251 1965 2324 Ἀϐραὰμ

377 2338 769 2409 παρακαλέσας
815 2340 856 2392 ⁸.
902 2337 1297 2409 Ἐσφράγισται
1347 2338 1454 2409 γὰρ
1474 2341 1545 2393 τά
1586 2345 1831 2412 ταμιεῖα,
1867 2362 1964 2397 πε-

377 2429 484 2499 πλή
494 2446 659 2500 ρωται
684 2432 712 2481 6
733 2428 943 2500 χρόνος,
970 2430 1063 2482 καὶ
1082 2432 1109 2482 ὁ
1132 2427 1284 2498 ἀγὼν
1306 2430 1582 2502 ἐτελέσθη,
1607 2434 1700 2486 καὶ
1720 2434 1961 2507 ὲκενώθη

374 2522 441 2574 τὸ
470 2522 719 2593 σκάμμα,
752 2518 847 2577 καὶ
877 2524 928 2576 οἱ
961 2524 1216 2593 στέφανοι
1249 2524 1509 2595 ἐδόθησαν
1528 2542 1542 2556 ·
1567 2527 1664 2579 καλ⁸
1688 2528 1964 2596 ἀγωνισά-

382 2631 531 2683 μενοι
559 2614 934 2667 ἀνεπαὺσαντο
962 2617 983 2647 ¹
1006 2632 1022 2647 ο
1056 2616 1150 2668 καὶ
1188 2615 1239 2669 οἱ
1279 2616 1352 2686 μὴ
1385 2615 1689 2684 φθάσαντες
1728 2618 1927 2688 ὲξῆκαν
1946 2634 1960 2648 ·

377 2703 477 2756 καὶ
513 2706 561 2757 οί
589 2703 662 2774 μὴ
693 2704 1093 2774 ἀγωνισάμενοι
1123 2705 1307 2757 οὐκέτι
1336 2705 1656 2779 εὐποροῦσιο
1699 2707 1796 2762 καὶ
1828 2709 1878 2761 οἱ
1906 2710 1965 2762 ἐν

384 2796 461 2867 τῷ
498 2797 782 2868 σκάμματι
807 2797 1130 2868 ἡττηθέντες
1154 2796 1519 2868 ἐξεϐλήθησαν
1535 2815 1549 2828 ⁸
1580 2800 1675 2853 καὶ
1696 2800 1765 2853 τὰ
1787 2801 1967 2855 πάντα

385 2890 577 2960 σαφῶς
603 2889 944 2943 τετελείωται
971 2889 1112 2960 μετὰ
1135 2889 1231 2958 τὴν
1258 2890 1507 2943 ἐντεῦθεν
1530 2891 1814 2963 ἐκδημίαν.
1845 2896 1966 2948 Ἔτι

377 2981 440 3034 δὲ
467 2981 637 3034 ὄντων
669 2982 725 3034 ὲν
750 2980 829 3052 τῷ
866 2981 1042 3050 ἀγῶνι
1077 2979 1313 3045 πάντων,
1338 2981 1432 3034 καὶ
1476 2983 1617 3053 μετὰ
1649 2984 1856 3038 πτῶσιν
1886 2986 1965 3041 ἔνι

380 3072 700 3136 ἀνάστασις,
750 3072 829 3125 ἔτι
869 3072 1049 3136 ἐλπὶς,
1090 3071 1173 3125 ἔτι
1220 3068 1509 3144 θεραπεία,
1548 3072 1628 3126 ἔτι
1670 3076 1961 3146 ὁμολογίαο

2052 602 2238 656 nullus
2271 601 2507 672 amplius
2544 600 2739 669 jejunii
2794 610 3036 669 quaestus
3062 607 3181 664 est;
3215 611 3323 651 non
3367 596 3628 666 pceniten-

2053 695 2141 749 tia:
2177 694 2432 759 vocatio;
2482 708 2592 746 non
2642 692 3002 761 eleemosyna:
3043 691 3201 761 502
3242 689 3486 744 ostensio
3520 695 3628 742 est.

2055 784 2163 839 Sed
2198 800 2378 855 neque
2401 784 2727 838 criminibus
2755 783 2884 837 ullis
2917 783 3091 847 locus,
3125 798 3231 836 non
3266 782 3489 843 bellum,
3518 794 3631 833 non

2053 877 2404 939 adulterium,
2437 892 2547 930 non
2581 875 2856 938 libidines,
2896 890 3071 944 neque
3103 890 3136 928 e
3166 875 3446 929 contrario
3468 871 3632 942 justi-

2049 974 2128 1023 tla
2154 971 2236 1024 vel
2264 970 2607 1039 paenitentia.
2658 967 2791 1022 Nam
2841 967 2985 1023 sicut
3026 967 3274 1021 demessa
3299 966 3471 1035 spica,
3503 980 3631 1035 gra-

2055 1078 2183 1116 num
2213 1077 2313 1117 nec
2356 1068 2576 1131 turgere
2610 1061 2889 1130 deinceps,
2934 1075 3111 1130 neque
3151 1069 3312 1113 vento
3353 1056 3629 1127 corrumpi

2056 1156 2222 1222 atque
2270 1166 2619 1215 evanescere,
2665 1166 2767 1206 nec
2816 1149 2952 1204 allici
2999 1150 3234 1220 amplius
3276 1157 3472 1219 potest.
3524 1147 3631 1202 Nec

2053 1249 2139 1297 est
2170 1242 2317 1311 quod
2349 1242 2496 1295 illam
2532 1240 2666 1294 mihi
2704 1242 3074 1311 corruptelam
3119 1241 3371 1308 objieias,
3414 1254 3534 1309 quze
3574 1253 3629 1291 in

2056 1332 2271 1387 horreis
2311 1331 2557 1388 accidit:
2595 1332 2902 1403 cujusmodi
2927 1340 3057 1388 sunt
3091 1345 3302 1385 vei-mes
3360 1346 3425 1384 ac
3452 1331 3628 1384 tinem.

2056 1422 2180 1479 Haec
2212 1424 2356 1478 enim
2402 1424 2468 1479 ad
2504 1439 2567 1479 ea
2598 1440 2719 1495 quae
2759 1424 2814 1477 in
2858 1423 3057 1479 saeculo
3100 1432 3387 1494 geruntur,
3432 1423 3629 1477 adum-

2057 1513 2267 1569 branda
2334 1523 2605 1584 spectant.
2668 1513 2825 1580 Quod
2884 1521 3066 1568 autem
3127 1513 3485 1568 similitudine
3541 1514 3632 1567 illa

2058 1606 2393 1669 declaratur,
2438 1613 2493 1659 et
2528 1607 2581 1659 in
2614 1606 2786 1675 portis
2815 1621 2936 1661 esse
2964 1605 3186 1672 dicitur,
3223 1614 3385 1675 atque
3414 1607 3466 1660 in
3502 1606 3633 1659 lim--

2058 1695 2168 1749 reis
2195 1694 2500 1759 conditmu,
2539 1695 2605 1749 ad
2637 1696 2944 1765 exemplum
2992 1696 3148 1759 ﬁdei,
3202 1712 3268 1750 ac
3316 1697 3633 1752 delineatio-

2059 1802 2182 1841 nem
2212 1786 2471 1842 refertur.
2508 1784 2611 1840 Ubi
2638 1804 2801 1856 neque
2821 1788 2963 1856 fure:
2988 1788 3267 1856 εποιίὶιιηι,
3296 1805 3461 1858 neque
3482 1790 3634 1843 tinec

2058 1887 2439 1947 corrumpunt,
2471 1888 2531 1933 ut
2565 1879 2829 1949 scriptum
2864 1888 2949 1934 est
2968 1879 3009 1932 ³.
3065 1879 3168 1934 Sed
3205 1896 3381 1950 neque
3418 1881 3634 1950 pietatis

2062 1971 2231 2023 ullum
2285 1971 2496 2025 lucrum
2551 1983 2660 2034 est,
2717 1980 2810 2025 aut
2846 1973 3193 2041 pmnitentiae,
3243 1973 3323 2026 uti
3370 1972 3631 2034 diximus,

2064 2070 2184 2131 post
2247 2072 2500 2118 mortem.
2566 2063 2685 2117 Non
2746 2064 2891 2119 enim
2956 2063 3197 2118 Lazarus
3256 2064 3368 2119 illic
3427 2065 3493 2119 ad
3558 2064 3637 2118 di-

2062 2156 2227 2209 vitem
2288 2157 2506 2227 pergit;
2585 2170 2767 2226 neque
2825 2156 2979 2210 dives
3040 2154 3109 2209 ad
3176 2155 3466 2210 Lazarum.
3532 2154 3639 2211 Ne-

2062 2262 2169 2316 que
2222 2246 2497 2302 Abraham
2548 2262 2839 2318 pauperem
2899 2247 3095 2311 mittit,
3153 2255 3247 2300 aut
3299 2248 3349 2302 ei
3395 2248 3635 2302 laborem

2066 2339 2294 2403 indicit,
2341 2346 2402 2393 ut
2442 2348 2632 2409 postea
2680 2339 2937 2394 ditescat.
2980 2337 3168 2407 Neque
3209 2337 3362 2393 dives
3403 2352 3467 2391 ea
3517 2353 3637 2407 qua:

2063 2431 2476 2500 postulaverat,
2565 2430 2817 2499 impetrat
2863 2449 2875 2482 :
2929 2429 3146 2483 tametsi
3222 2426 3636 2482 misericordem

2063 2522 2437 2577 Abrahamum
2512 2522 2726 2592 magnis
2800 2521 3055 2590 pret-ibus
3112 2520 3385 2574 obsecrat.
3453 2518 3637 2588 Siqui-

2063 2612 2186 2667 dem
2237 2613 2526 2684 obsignata
2585 2621 2711 2667 sunt
2766 2612 3179 2681 promptuaria,
3229 2618 3393 2679 atque
3452 2612 3634 2681 exple.-

2064 2712 2182 2761 tum
2216 2714 2432 2776 tempus
2465 2714 2573 2772 est,
2603 2714 2882 2759 certamen
2911 2704 3242 2763 confectum,
3272 2719 3504 2756 vacuum
3527 2710 3638 2755 sta-

2065 2801 2247 2866 dium,
2288 2798 2597 2853 distributae
2642 2812 2883 2857 coronae,
2927 2796 3142 2850 athletae
3180 2794 3350 2864 quieti
3387 2809 3449 2850 se
3485 2794 3654 2848 dede-

2072 2902 2224 2947 runt.
2255 2895 2325 2946 At
2346 2890 2441 2961 qui
2482 2899 2757 2945 certamen
2787 2905 2895 2944 non
2924 2889 3240 2958 attigerunt,
3280 2887 3483 2942 nullam
3521 2902 3636 2939 am-

2069 2986 2210 3054 plius
2233 2983 2354 3052 ejus
2388 2983 2600 3051 copiam
2631 2980 2868 3045 habent;
2906 2988 2960 3034 et
2989 2979 3082 3048 qui
3107 2979 3162 3033 in
3192 2979 3369 3043 stadio
3394 2977 3636 3047 superati

2068 3082 2218 3136 sunt,
2249 3073 2409 3143 ejecti
2443 3072 2685 3127 fuerunt.
2725 3070 2968 3139 Denique
3012 3070 3193 3123 omnia
3230 3070 3410 3139 plane,
3439 3069 3529 3123 ubi
3563 3084 3630 3123 ex

376 3165 483 3218 κᾶν
514 3166 561 3217 εί
608 3164 685 3235 μὴ
722 3163 1060 3229 τελειότατα,
1110 3163 1228 3216 ἀλλ’
1257 3158 1350 3216 οὖν
1393 3180 1457 3232 γε
1507 3165 1616 3218 τῶν
1647 3166 1822 3221 ἄλλων
1862 3171 1962 3223 οὐκ

2071 3168 2172 3222 hac
2202 3168 2312 3221 vita
2341 3165 2644 3220 discessum
2686 3168 2791 3227 est,
2836 3164 3082 3217 absoluta
3128 3173 3256 3216 sunt
3281 3175 3346 3214 ac
3368 3159 3630 3229 perfecta.

374 3256 754 3327 ἀπηγόρευται
783 3257 816 3326 ή
852 3254 1114 3326 σωτηρία.

2072 3261 2327 3328 Quandiu
2392 3257 2610 3328 quidem
2672 3256 2729 3310 in
2792 3258 3095 3309 certamine
3162 3256 3341 3309 adhuc
3396 3254 3637 3309 universi

374 3350 713 3412 consistunt,
752 3349 834 3403 vel
858 3358 985 3419 post
1016 3364 1205 3403 casum
1252 3364 1481 3419 surgere
1524 3350 1675 3418 licet,
1722 3368 1959 3427 spesque
1993 3361 2173 3415 aahue
2211 3361 2492 3425 superest;
2525 3352 2705 3407 adhuc
2759 3349 3059 3407 remedium
3123 3361 3288 3421 atque
3341 3350 3636 3406 confessio.

376 3442 459 3499 Ae
507 3444 637 3499 licet
688 3459 796 3499 non
876 3445 1320 3514 perfectissimus
1386 3445 1477 3500 ille
1526 3454 1706 3505 status
1760 3451 1872 3517 sit,

386 3545 494 3593 est.

454 3630 554 3687 Μ’.
593 3632 748 3684 Πᾶσα
775 3632 835 3684 δὲ
878 3632 1110 3702 αἵρεσις,
1153 3632 1262 3684 ἀπὸ
1314 3634 1414 3703 τῆς
1462 3633 1723 3704 ἀληθείας
1765 3637 1970 3701 ἐξοκεί-

378 3724 541 3789 λασα,
573 3725 629 3776 ὲν
656 3723 831 3794 σκότῳ
854 3723 1175 3793 τυφλώττει,
1195 3724 1290 3778 καὶ
1316 3724 1624 3795 μυωπάζει,
1663 3726 1827 3797 ἕτερα
1851 3726 1967 3780 ἀνθ’

380 3813 583 3883 ἑτέρων
599 3814 968 3884 διανοουμένη.
999 3815 1238 3867 Ἑοίκασι
1258 3814 1366 3885 γάρ
1385 3808 1529 3868 οὗτοι
1545 3818 1687 3870 τισὶν
1701 3818 1965 3887 ἀτέκνοις,

383 3903 479 3955 καὶ
512 3903 587 3973 μὴ
618 3903 948 3970 γινώσκουσι
979 3903 1217 3974 ἑκάστης
1246 3906 1549 3976 ποιότητος,
1580 3908 1673 3959 καὶ
1696 3910 1963 3980 χρήσεως,

381 3992 478 4044 καὶ
510 3993 718 4061 κόσμου
755 3993 983 4045 ἑκάστου
1026 3995 1241 4062 μέλους.
1281 3996 1392 4047 Καὶ
1414 3996 1491 4058 ὡς
1522 3997 1696 4049 εἰπείν
1724 3996 1967 4067 ληρῶδες

380 4100 434 4136 τι
461 4083 542 4146 εἰς
564 4083 592 4135 ὃ
620 4083 997 4154 προϐάλλομαι
1024 4085 1223 4153 λέγειν,
1256 4086 1440 4154 ὅμοιον
1469 4087 1568 4157 τῆς
1596 4088 1773 4141 αὐτῶν
1803 4090 1967 4160 ἀνοη-

386 4175 528 4237 σίας.
592 4174 683 4238 Ὧς
731 4173 1075 4245 περιτιθέασι
1120 4176 1189 4229 τά
1245 4176 1568 4247 ὑποδήματα
1598 4178 1712 4246 (16)
1761 4182 1828 4250 τῇ
1877 4197 1970 4231 κε-

383 4266 551 4336 φαλῇ,
588 4266 684 4319 τὸν
716 4266 773 4318 δὲ
806 4266 1070 4334 στέφανον
1096 4269 1209 4331 τοῖς
1242 4266 1391 4332 ποσὶ,
1418 4267 1510 4320 καὶ
1542 4268 1717 4321 κλοιὸν
1740 4270 1970 4341 χρόσεον

384 4356 515 4426 περὶ
549 4355 649 4425 τὴν
695 4354 978 4425 γαστέρα·
1014 4353 1083 4406 τὰ
1129 4354 1186 4407 δὲ
1238 4352 1395 4419 ἄλλα,
1440 4353 1599 4409 πεδια
1645 4355 1723 4419 ὡς
1773 4359 1968 4419 εἰπεῖν,

382 4447 451 4498 τὰ
501 4444 559 4509 ἐξ
596 4446 827 4515 ἱματίων
874 4446 1216 4516 γεγενημένα
1255 4445 1408 4517 παρά
1446 4462 1588 4498 τισιν
1635 4446 1831 4501 όδὼνια
1878 4449 1954 4501 κέ-

384 4534 578 4604 κληται
609 4535 641 4604 ἢ
687 4535 907 4606 βράκαι,
943 4537 1107 4606 χερσὶ
1150 4535 1513 4607 περιτιθέασι,
1545 4536 1863 4602 δακτυλίους
1906 4540 1963 4591 δὲ

383 4630 496 4690 τοῖς
540 4628 714 4681 ποσίν.
762 4627 918 4682 Οὕτω
961 4627 1131 4699 γὰρὴ
1176 4627 1284 4681 τῶν
1333 4627 1556 4697 ἄγνοιαν
1613 4632 1965 4700 κεκτημένων

388 4719 633 4790 σφαλερὰ
663 4720 759 4773 καὶ
782 4720 1015 4782 ἄτακτος
1037 4719 1291 4790 διαταγή.
1317 4719 1400 4773 Τὰ
1421 4720 1529 4791 γὰρ
1557 4722 1650 4773 ἐπὶ
1679 4721 1777 4791 τῆς
1808 4722 1967 4792 ἱερω-

388 4811 553 4881 σύνης
589 4812 971 4883 ὴσφαλισμένα
1007 4812 1136 4881 περὶ
1179 4812 1430 4883 δευτέρου
1475 4812 1678 4883 γάμου,
1732 4814 1824 4865 καὶ
1856 4814 1965 4866 τῶν

1954 3454 2311 3510 nihilominus
2391 3448 2623 3502 aliorum
2694 3461 3039 3516 nequaquam
3119 3446 3407 3514 desperata
3492 3446 3636 3500 salus

2148 3631 2240 3688 Xl.
2285 3633 2355 3687 At
2382 3630 2562 3685 omnis
2593 3629 2817 3684 haeresis
2848 3627 2939 3682 ubi
3000 3643 3032 3682 a
3076 3630 3306 3683 veritate
3345 3632 3511 3685 semel
3552 3649 3645 3686 cx-

2077 3727 2234 3791 cidit,
2292 3725 2511 3779 caecutit
2555 3724 2608 3776 in
2654 3721 2926 3785 tenebris,
2960 3728 3015 3775 et
3051 3721 3434 3784 lialluciuatur,
3485 3733 3646 3793 atque

2075 3819 2178 3871 alia
2212 3833 2307 3885 pro
2340 3816 2463 3870 aliis
2495 3823 2675 3869 mente
2701 3813 2964 3883 concipit.
2994 3811 3130 3866 Nam
3164 3814 3240 3866 illi
3274 3816 3500 3869 rudibus
3533 3817 3649 3885 qui-

2074 3906 2305 3960 husdam
2358 3913 2524 3973 atque
2567 3904 2835 3972 imperitis
2874 3902 3080 3959 similes
3125 3911 3274 3967 sunt,
3324 3906 3416 3973 qui
3452 3906 3647 3958 unius-

2068 3997 2338 4064 cujusque
2388 3993 2616 4048 membri
2667 3993 3059 4057 conditionem,
3113 4003 3277 4063 atque
3341 4011 3533 4059 usum,
3593 4008 3648 4048 «ιι

2068 4090 2322 4139 ornatum
2348 4086 2619 4140 nesciunt.
2648 4084 2807 4139 Juvat
2837 4100 3002 4154 porro
3034 4086 3332 4140 absurdum
3363 4090 3643 4157 quiddam,

2072 4188 2127 4231 et
2161 4178 2377 4230 illorum
2410 4177 2651 4230 amentia
2687 4177 2889 4239 simile,
2931 4176 2996 4231 ad
3032 4177 3082 4230 id
3108 4178 3250 4246 quod
3276 4180 3524 4234 volumus
3554 4200 3647 4234 ex-

2070 4268 2415 4338 primendum
2448 4267 2664 4321 atl‘erre.
2701 4265 2934 4325 Perinde
2965 4282 3098 4338 ergo
3126 4270 3201 4323 illi
3234 4269 3458 4336 faciunt,
3495 4290 3559 4326 ac
3598 4275 3644 4327 si

2072 4360 2236 4430 capiti
2292 4360 2513 4413 calceos
2564 4359 2849 4421 inducant,
2900 4366 2952 4413 et
2995 4374 3252 4414 coronam
3302 4363 3552 4431 pedibus,
3588 4376 3644 4417 ιι

2074 4450 2247 4505 ventri
2290 4460 2541 4519 torquem
2587 4465 2843 4516 aureum;
2889 4460 3084 4505 caetera
3138 4468 3289 4515 vero,
3334 4455 3642 4524 cujusmodi

2067 4552 2199 4597 sunt
2244 4543 2460 4612 pedulia
2510 4551 2852 4607 ornamenta,
2928 4560 3067 4614 quos
3126 4548 3373 4600 nonnulli
3434 4550 3643 4604 udones

2065 4643 2283 4699 vocant,
2331 4645 2423 4688 aut
2464 4635 2710 4700 braccas,
2755 4637 3007 4691 manibus
3049 4637 3406 4703 circumdeut,
3464 4660 3641 4696 annu-

2066 4725 2149 4779 los
2210 4726 2456 4795 pedibus.
2514 4726 2662 4779 Talis
2696 4738 2782 4783 est
2828 4730 2896 4781 ab
2952 4731 3216 4800 imperitis
3257 4732 3363 4786 illis
3394 4734 3640 4787 iusLluta

2069 4815 2231 4878 ratio,
2289 4817 2497 4870 erroris
2550 4819 3087 4889 perturbationisque
3140 4821 3478 4890 plenissima.
3508 4823 3640 4890 Quin

461 4964 476 4993 ¹
507 4961 668 5017 Deest
692 4962 918 5033 aliquid.
995 4966 1015 4995 ²
1042 4980 1132 5033 rp.
1164 4964 1541 5035 άνεπάγησαν.
1623 4965 1642 4995 ⁸
1665 4965 1855 5021 Matth.
1893 4984 1967 5035 vr,
1997 4969 2088 5023 20.

598 5121 717 5200 ’Ὡς
744 5121 1102 5204 περιτιθέασι
1131 5123 1203 5204 τὰ
1230 5122 1602 5204 ὑποδήματα.
1632 5122 1762 5204 -ῌοη
1789 5123 1903 5204 hmc
1928 5140 1961 5204 α
2060 5126 2201 5204 δυμα
2267 5128 2461 5204 ποδῶν,
2507 5130 2835 5204 ὑποδήματα.
2876 5131 3046 5201 βαθέα
3094 5132 3127 5204 ἢ
3197 5133 3467 5203 βασιλικά.
3535 5136 3636 5191 libi

389 5190 643 5264 (Jatliaris
673 5198 931 5264 usurpata
958 5203 1283 5264 praepostera
1311 5190 1539 5264 vestitus
1563 5195 1724 5257 ratio,
1755 5203 1813 5247 ut
1844 5201 1965 5264 qui-

389 5260 512 5313 dam
550 5260 973 5332 existimat,_sed
1005 5261 1072 5314 ad
1095 5262 1394 5332 superioris
1416 5263 1684 5332 dogmatis
1713 5260 1963 5319 absurdi-

389 5338 560 5383 tatem
594 5330 967 5385 illustrandam
1000 5346 1063 5383 ea
1113 5331 1414 5385 similitudo
1458 5330 1712 5386 rel'ertur.
1760 5334 1959 5390 Obser-

391 5401 645 5474 vauilmu
685 5414 814 5474 vero
868 5399 1025 5474 πόδια
1055 5400 1149 5474 (ita
1184 5400 1331 5474 enim
1384 5402 1487 5455 hoc
1538 5403 1656 5474 loco
1707 5404 1809 5473 leg.
1863 5421 1961 5474 pro

390 5469 570 5543 πέδια)
597 5485 721 5543 eum
760 5468 996 5543 ὀδωνίοις
1023 5479 1076 5523 ει
1098 5468 1343 5543 ,βράκαᾷις
1366 5472 1704 5543 promiscue
1748 5468 1960 5543 accipi;

387 5540 493 5591 etsi
533 5540 749 5612 proprie
802 5538 958 5612 πόδια
1009 5538 1240 5612 pedum,
1280 5538 1486 5612 βράκαι
1521 5541 1781 5612 feminum
1818 5538 1965 5612 teigu-

391 5621 570 5662 menta
618 5611 749 5662 sint.
806 5607 994 5661 Pollux
1036 5608 1126 5662 lib.
1180 5624 1240 5679 ιι,
1292 5607 1411 5679 cap.
1461 5611 1494 5664 4
1548 5610 1733 5663 ποδεία
1772 5607 1962 5666 scribit

390 5693 513 5750 psse
539 5679 662 5741 τοὺς
692 5679 1110 5750 περὶᾼτοῖς-ποσὶ
1135 5678 1512 5750 -πίλουςίιιιιιε
1549 5679 1845 5750 ASschylus

388 5745 778 5821 autpav'ocat'
824 5746 914 5821 _S_ic
956 5747 1234 5821 Hesych._:
1268 5745 1861 5821 Βράθὶεςβναξυρίδες.
1898 5752 1962 5805 Et

388 5816 518 5871 alibi
536 5836 548 5872 :
564 5817 965 5884 ’Λναξυρίδες,
983 5816 1300 5888 φημινάλια,
1318 5820 1516 5889 βρακία
1531 5816 1859 5891 βαρϐαρικὰ,
1875 5822 1959 5875 ἒν-

753 5913 1026 5977 Ριτιιοι..
1068 5915 1183 5976 (in.
1238 5915 1392 5977 XLI.

2062 5197 2406 5274 ἀναξυρίδας,
2445 5197 2887 5274 quae_femoral_ia'
2908 5209 3056 5266 sunt,
3093 5197 3458 5274 c'aleerameuta
3497 5210 3634 5274 quo-

2060 5283 2166 5336 que
2194 5269 2431 5344 facitqet
2457 5269 2676 5344 quidem
2708 5271 2894 5344 βαθέα,
2939 5280 3000 5325 ιιι
3027 5289 3063 5344 3
3115 5272 3281 5327 soleis
3312 5269 3631 5344 distinguat,

2062 5353 2183 5418 quae
2210 5339 2410 5418 plantis
2453 5340 2649 5418 pedum
2679 5339 2990 5418 suppositae.
3027 5340 3197 5418 Porro
3226 5345 3370 5418 quod
3403 5339 3631 5418 a_it'Epi§

2102 5408 2296 5486 hanius
2337 5409 2403 5461 τά
2438 5409 2507 5486 ἐξ
2542 5408 3172 5486 ἱματίωνγεγενημ-ἐνα,
3210 5408 3307 5486 no_s
3352 5415 3515 5486 ἐρίων
3549 5408 3630 5469 vel

2090 5478 2366 5547 ερματίων
2401 5478 2695 5548 aliquando
2744 5481 2844 5547 legi
2878 5478 3215 5537 censuimus.
3263 5478 3629 5537 Sed'l'ortasse.

2064 5548 2288 5602 retineri
2319 5549 2499 5621 satius
2516 5557 2623 5621 est,
2658 5557 2714 5621 ut
2746 5550 2934 5619 ἱμάτια
2962 5566 3058 5619 pro
3091 5553 3284 5619 pannis
3325 5563 3628 5621 sumantur,

2106 5632 2188 5670 uae.
2236 5624 2321 5690 est
2377 5620 2640 5690 impilium
2698 5620 2924 5690 istorum
2980 5622 3330 5690 udonumque
3385 5620 3627 5678 materia.

2115 5702 2197 5765 on‘
2213 5688 2363 5765 enim
2392 5688 2592 5765 fascias
2629 5689 2852 5756 pedules
2882 5690 2969 5765 hic
2993 5706 3115 5745 esse
3151 5688 3300 5765 puto,
3332 5694 3426 5748 sed
3466 5692 3626 5765 βαθέα

2066 5756 2407 5832 ὑποδήματα,
2439 5759 2541 5832 hoc
2570 5771 2654 5811 est
2682 5774 2874 5813 soccos
2909 5760 3117 5825 laueos,
3149 5756 3347 5832 quibus
3385 5756 3637 5820 calceatu.

2067 5836 2175 5891 tur,
2214 5842 2319 5880 non
2359 5828 2724 5883 obt'olvuntur
2756 5832 2941 5898 pedes.

3171 5929 3243 5990 33
