4176 6386
540 312 687 380 1635

1957 319 2015 377 3.
2058 316 2403 378 EPIPIIAN"

3668 314 3837 375 ωδε

539 441 684 494 enim
720 438 788 493 de
822 433 1083 493 secundis
1107 430 1270 509 503
1305 434 1534 508 nuptiis,
1565 431 1795 507 aliisque
1823 436 1875 492 id
1918 452 2106 509 genus,

2220 440 2415 501 ἀλλων.
2454 433 2600 493 οὗτοι
2632 441 2711 503 εἰς
2751 439 2929 493 πάντα
2950 437 3045 491 τον
3067 436 3201 491 λαὸν
3226 436 3569 509 νενομίκασιο
3613 438 3717 491 καὶ
3750 438 3835 490 τὰ

539 531 831 588 sacerdotii
876 545 1048 587 causa
1101 531 1320 586 decreta
1384 538 1538 595 sunt,
1583 545 1646 585 ea
1687 530 1755 584 ad
1798 531 2116 586 universum

538 624 798 694 populum
820 621 1264 688 transtulerunt;
1317 632 1371 676 et
1400 637 1523 693 qua
1566 622 1635 677 ad
1674 620 2116 676 constituendam

536 715 947 773 severissimam
985 714 1335 786 disciplinam
1371 730 1402 768 a
1434 713 1546 770 Deo
1582 714 1840 769 mandata
1866 722 2015 779 sunt,
2047 728 2119 769 ne

534 807 675 864 forte
717 808 890 878 aliqui
927 823 1039 879 pra:
1088 808 1254 862 animi
1291 807 1548 863 socordia
1582 808 1637 861 in
1672 806 1929 863 delictum
1977 806 2117 860 inci-

533 900 767 967 derent;
805 901 922 955 haec
972 898 1051 953 illi
1091 900 1221 955 dum
1260 899 1329 953 ad
1363 914 1554 955 omnes
1593 899 1868 970 pertinere
1899 898 2113 961 volunt,

532 993 721 1049 divino
745 992 955 1048 numini
984 993 1324 1047 atrocitatem
1373 1002 1426 1047 et
1454 992 1907 1046 inhumanitatem
1950 990 2117 1045 ascri-

532 1086 687 1141 bunt.
745 1083 826 1140 Ac
861 1084 1013 1140 velut
1057 1084 1106 1139 si
1148 1084 1273 1154 quis
1319 1092 1528 1140 vestem
1578 1098 1743 1137 manu
1786 1091 2002 1144 tenens,
2044 1082 2115 1136 ab

530 1193 700 1249 carpo
727 1192 924 1233 manus
956 1176 1214 1231 duntaxat
1248 1176 1433 1230 cubito
1465 1183 1629 1229 tenus
1657 1174 1942 1229 brachium
1982 1190 2114 1245 ope-

532 1272 660 1335 riat,
693 1277 857 1341 atque
882 1268 1182 1324 identidem
1207 1267 1482 1322 manicam
1508 1266 1691 1320 oculis
1720 1266 1837 1321 suis
1862 1266 2111 1335 objiciat,

531 1370 587 1418 et
623 1363 765 1417 alios
801 1358 1051 1423 irrideat,
1102 1358 1308 1413 oblitus
1363 1364 1478 1411 toto
1512 1372 1571 1412 se
1609 1371 1837 1426 corpore
1864 1371 1988 1411 esse
2012 1371 2110 1408 nn-

529 1456 763 1523 datum;
818 1450 1043 1523 perinde
1084 1460 1139 1506 et
1183 1451 1261 1505 illi
1299 1450 1527 1513 faciunt,
1564 1449 1657 1520 qui
1695 1448 1827 1503 dum
1863 1448 2112 1520 digamos

530 1562 559 1600 a
615 1560 678 1602 se
731 1543 1004 1615 repudiari
1048 1542 1325 1613 iactitant,
1386 1542 1598 1612 reliqua
1641 1548 1911 1612 pracepta
1962 1540 2111 1595 illius

528 1639 613 1696 vel
663 1636 896 1699 similia,
946 1636 1031 1691 vel
1065 1635 1185 1690 sine
1229 1635 1337 1688 ulla
1377 1633 1788 1703 comparatione
1840 1638 2109 1704 ιιι-πειθα-

528 1730 694 1792 tiora,
746 1743 982 1799 quorum
1033 1726 1395 1782 violatoribus
1427 1726 1621 1780 mortis
1662 1739 1822 1795 pinna
1848 1725 2107 1794 proponi-

2217 531 2284 585 δι’
2314 530 2617 604 ύπερδολὴν
2656 531 3054 604 στρυφνότητος
3086 530 3190 584 ὑπὸ
3229 529 3365 583 Θεοῦ
3388 531 3833 601 κεκηρυγμένα,

2220 626 2306 680 ἵνα
2337 625 2413 698 μὴ
2442 625 2856 697 ρᾳθυμήσαντές
2888 640 3036 688 τινες
3077 622 3496 695 παραπέσωσιν,
3527 623 3684 676 αὐτοὶ
3727 625 3828 686 εἰς

2217 715 2610 788 ἀπανθρωπίαν
2642 713 2763 785 Θεῷ
2786 714 3053 785 συνῆψαν.
3086 715 3196 767 Kal.
3226 712 3301 778 ὡς
3334 712 3430 766 ὲάν
3458 714 3511 766 εῐ
3533 732 3638 776 τις.
3676 715 3830 783 ipse

2215 808 2331 862 τίου
2368 809 2511 880 χειρὶ
2538 807 2940 878 διακατασχὼν,
2975 806 3073 860 καὶ
3102 806 3208 869 ἕως
3242 807 3400 876 μόνον
3420 807 3667 874 ἀγκῶνος
3695 807 3833 860 ἀπὸ

2216 896 2429 968 καρποῦ
2485 896 2669 967 χειρὸς
2722 896 2821 950 τοῦ
2867 896 3207 967 καλουμένου
3264 897 3527 961 σκεπάζει
3573 898 3829 962 ἑαυτὸν,

2216 990 2515 1060 προσφέρει
2534 989 2592 1042 δὲ
2621 988 2730 1061 πρὸ
2758 988 3054 1060 ὀφθαλμῶν
3093 988 3214 1042 καθ’
3250 989 3487 1059 ἑκάστην
3526 988 3679 1060 ὥραν
3702 991 3828 1060 τὴν

2215 1079 2447 1152 χειρίδα,
2478 1081 2573 1133 καὶ
2598 1080 2928 1145 επιτωθάζει
2959 1083 3069 1143 τοῖς
3100 1080 3307 1144 ἀλλοις,
3352 1079 3691 1149 ὲπιλησθεὶς,
3722 1080 3831 1132 ὅτε

2213 1172 2334 1225 ὅλον
2380 1172 2443 1225 τὸ
2486 1172 2646 1243 σῶμα
2690 1171 2859 1228 αὑτοῦ
2901 1172 3270 1243 γυμνητεύει·
3298 1170 3441 1224 οὕτω
3485 1171 3579 1224 καὶ
3628 1164 3827 1237 οὗτοι,

2215 1263 2603 1334 σεμνυνόμενοι
2637 1265 2714 1335 μὴ
2752 1264 3007 1335 δέχεσθαι
3045 1263 3330 1334 διγάμους,
3353 1262 3453 1326 τὰς
3493 1263 3680 1326 πάσας
3718 1265 3828 1315 ὲν-

2211 1354 2369 1418 τολὰς
2413 1357 2512 1419 τὰς
2552 1356 2745 1426 ὁμοίας
2776 1355 3004 1427 ταύτης,
3054 1357 3151 1410 καὶ
3200 1355 3283 1409 ἔτι
3334 1355 3453 1427 μεθ’
3492 1356 3831 1427 ὑπερὸολῆς

2211 1447 2495 1511 καλλίονας
2533 1450 2628 1502 καὶ
2652 1448 3055 1512 ἐπιθανατίους,
3075 1449 3173 1519 τὴν
3210 1448 3340 1518 μίαν
3370 1447 3829 1518 ἀπαγορεύουσι,

2208 1540 2308 1604 τὰς
2334 1541 2391 1594 δὲ
2432 1540 2598 1604 ἄλλας
2631 1540 3077 1595 καταλελοίπασι.
3120 1540 3234 1593 Kal.
3273 1538 3654 1609 ἐπιλαθόμενοι
3680 1538 3831 1590 ὅλον

2212 1632 2311 1701 μὲν
2330 1632 2391 1685 τὸ
2416 1631 2577 1704 σῶμα
2607 1630 3064 1703 γυμνητεύουσιν,
3088 1632 3203 1685 ἀπὸ
3229 1632 3365 1686 ὅλων
3393 1632 3499 1684 τῶν
3527 1632 3829 1702 ὲνταλμάο

2210 1743 2319 1780 των
2350 1728 2715 1797 ἀργήσαντες,
2768 1724 2862 1779 καὶ
2900 1724 3000 1797 τὴν
3034 1720 3165 1796 μίαν
3214 1724 3435 1797 ἐντολὴν
3484 1725 3584 1793 οὐχ
3613 1723 3827 1792 ἁγνῶς

526 1827 639 1883 tur,
686 1825 1071 1883 contemnunt,
1113 1828 1169 1872 et
1202 1818 1493 1888 abjiciunt,
1550 1825 1603 1872 et
1653 1831 1763 1870 uno
1804 1816 1899 1871 illo
1937 1817 2106 1871 inter-

2208 1818 2596 1890 κατασχόντες.

525 1912 673 1988 dicto
701 1913 947 1969 contenti
974 1920 1174 1969 caetera
1206 1913 1507 1984 negligunt.
1536 1910 1718 1977 Quare
1740 1912 1822 1966 sic
1848 1920 2108 1983 tanquam
2145 1914 2300 1969 obliti
2323 1916 2458 1979 sint,
2486 1922 2601 1971 toto
2627 1930 2860 1987 corpore
2883 1914 3018 1971 nudi
3047 1923 3200 1983 sunt,
3259 1914 3392 1970 dum
3414 1922 3469 1970 et
3531 1914 3816 1968 universa

524 2004 621 2061 Dei
667 2012 942 2076 praecepta
998 2005 1341 2076 relinquunt,
1376 2019 1552 2075 neque
1587 2018 1755 2057 unum
1788 2002 1921 2058 illud
1956 2014 2110 2060 caste
2146 2021 2211 2061 ac
2244 2007 2460 2064 sincere
2495 2011 2840 2067 custodiunt.

593 2094 707 2153 ιιι.
748 2095 793 2151 0
837 2096 1217 2152 admirandam
1264 2096 1547 2152 hominum
1601 2096 1905 2152 insaniam!
1956 2095 2102 2152 Sane

520 2188 781 2259 qualibet
808 2188 1052 2254 occasio,
1084 2189 1437 2259 quantumvis
1482 2188 1705 2259 exigua,
1735 2204 2097 2260 unamquam-

519 2296 629 2351 que
662 2280 915 2336 haeresim
952 2294 983 2334 ο
1019 2282 1245 2335 veritate
1276 2279 1553 2345 distraxit,
1586 2289 1751 2352 atque
1783 2280 1852 2335 ad
1887 2281 2101 2336 inllnita

521 2372 666 2436 mala
699 2372 973 2443 perduxit.
1010 2371 1485 2437 Quemadmodum
1520 2374 1664 2427 enim
1704 2373 1751 2428 si
1780 2373 1907 2443 quis
1935 2374 2104 2429 inter-

520 2473 741 2535 ruptam
768 2480 952 2535 scpem
985 2464 1053 2518 ad
1085 2464 1360 2534 publicam
1386 2464 1527 2518 viam
1562 2466 1848 2535 repererit,
1881 2473 1937 2520 et
1976 2467 2102 2522 illac

521 2557 628 2611 iter
658 2572 783 2613 esse
832 2558 937 2612 sibi
988 2556 1242 2623 credens,
1272 2556 1467 2611 relicta
1494 2556 1582 2610 via
1619 2557 1902 2626 paululum
1935 2558 2103 2614 delle-

522 2646 689 2711 xerit,
725 2655 881 2703 ratus
922 2648 1293 2718 propinquum
1344 2662 1469 2702 esse
1518 2648 1748 2711 exitum,
1787 2662 1884 2717 per
1935 2663 2097 2719 quem

521 2737 704 2794 redire
737 2737 795 2793 in
822 2739 967 2793 viam
1000 2738 1203 2794 iterum
1240 2739 1437 2809 possit,
1470 2753 1573 2794 nec
1624 2738 1760 2793 illud
1792 2738 1996 2805 sciens,
2027 2740 2104 2793 al-

521 2832 794 2888 tissimum
841 2832 956 2887 illic
1004 2846 1130 2889 esse
1181 2847 1423 2898 murum,
1459 2846 1525 2887 ac
1571 2832 1896 2903 longissimo
1920 2833 2101 2903 spatio

514 2923 922 2995 interceptum;
952 2931 1118 2995 atque
1168 2925 1245 2979 ita
1294 2923 1596 2987 discurrat.
1635 2939 1738 2979 nec
1788 2940 1897 2995 qua
1927 2925 2103 2995 possit

513 3016 708 3086 egredi
743 3017 960 3087 uspiam
994 3015 1270 3087 reperiat;
1294 3030 1532 3087 cumque
1565 3030 1679 3071 uno
1710 3016 1953 3071 alterove
1984 3016 2104 3070 mil-

518 3107 643 3163 liari
679 3122 1009 3201 progressus
1031 3106 1224 3201 fuerit,
1254 3106 1472 3201 longius
1498 3105 1760 3177 deinceps
1786 3107 1887 3162 iter
1908 3122 2102 3201 super-
2129 3137 2174 3201 ο

520 3201 616 3266 sit,
656 3215 757 3255 nec
789 3200 931 3254 viam
961 3200 1235 3270 expediat,
1269 3199 1368 3255 sed
1402 3200 1509 3254 huc
1540 3200 1784 3269 illucque
1817 3214 1876 3254 se
1905 3198 2100 3254 confe-

520 3297 629 3357 τοι.
665 3287 767 3344 Hic
793 3289 958 3360 igitur
990 3292 1058 3344 ad
1092 3304 1216 3345 eum
1249 3291 1473 3345 modum
1505 3290 1786 3354 laborans,
1814 3306 1991 3360 neque
2020 3290 2104 3345 ul-

521 3380 635 3435 lum
663 3380 729 3434 ad
764 3390 971 3435 rectam
1003 3381 1149 3434 viam
1185 3381 1290 3437 iter
1318 3382 1639 3453 expediens,
1663 3395 1776 3436 non
1804 3382 1965 3436 aliter
1990 3380 2097 3435 ior-

521 3466 687 3523 tassis
715 3467 977 3530 inveniet,
1009 3483 1173 3539 quam
1206 3468 1254 3524 si
1278 3470 1491 3532 eadem,
1514 3486 1625 3542 qua
1654 3472 1934 3541 ingressus
1956 3476 2098 3533 erat,

522 3567 853 3614 revertatur.
890 3558 982 3613 Sic
1025 3558 1253 3616 haeresis
1291 3562 1496 3626 omnis,
1534 3576 1661 3616 cum
1702 3560 1915 3617 itineris
1948 3574 2101 3614 com-

520 3652 780 3723 pendium
830 3650 1056 3707 baberet
1086 3653 1143 3708 in
1176 3661 1457 3724 promptu,
1490 3670 1587 3725 per
1617 3655 1809 3725 longas
1841 3652 2101 3723 ambages

521 3743 767 3815 digressa
802 3743 857 3797 in
887 3742 1281 3799 solidissimum
1315 3760 1533 3801 murum
1565 3745 1793 3812 incidit;
1822 3744 2102 3814 cuiusmo-

519 3836 576 3889 di
606 3842 683 3890 est
714 3835 1057 3905 ignorantia,
1084 3837 1427 3907 inscitieque
1445 3836 1728 3908 impedita,
1758 3851 1824 3892 ac
1848 3843 2100 3891 tortuosa

520 3926 703 3983 ﬂexio.
737 3925 927 3998 Neque
969 3943 1101 3983 vero
1150 3929 1397 3985 invenire
1438 3942 1684 4000 unquam
1738 3928 1831 3982 illa
1876 3928 2099 3998 poterit,

518 4037 626 4093 qua
655 4035 715 4076 se
748 4020 819 4075 ad
853 4030 1059 4077 rectam
1100 4024 1246 4078 viam
1278 4022 1503 4089 referat,
1535 4024 1643 4079 nisi
1679 4023 1745 4078 ad
1777 4021 2098 4093 primariam

516 4117 684 4181 viam,
715 4117 821 4173 hoc
843 4125 929 4173 est
958 4117 1183 4186 regiam,
1219 4117 1324 4171 iter
1354 4118 1663 4173 retorserit.
1696 4116 1753 4171 Id
1788 4118 1936 4189 quod
1968 4134 2100 4174 san-

516 4211 750 4266 ctissimi
791 4209 958 4266 Mosis
1004 4210 1092 4265 lex
1121 4217 1312 4281 aperte
1339 4209 1772 4277 vociferabatur,
1811 4226 1938 4267 cum
1974 4212 2102 4268 ldu-

518 4317 656 4356 mazo
684 4302 799 4372 regi
834 4303 909 4355 ita
944 4303 1229 4356 mandaret
1266 4320 1280 4357 :
1314 4300 1445 4355 litvo
1469 4302 1598 4355 dicit
1641 4303 1812 4372 frater
1853 4313 1973 4357 tuus
2013 4301 2102 4357 Is-

518 4394 631 4447 rael
656 4409 675 4447 :
706 4393 912 4449 l'razter
941 4396 1193 4449 terminos
1216 4407 1335 4449 tuos
1366 4397 1603 4449 transibo
1619 4397 1675 4449 in
1700 4407 1916 4461 terram,
1939 4413 2098 4467 quant

2280 2101 2379 2155 IB'.
2414 2102 2525 2156 Kal.
2550 2102 2599 2155 ὣ
2621 2102 2721 2167 τῆς
2750 2102 2951 2173 πολλῆς
2978 2101 3089 2156 τῶν
3125 2096 3429 2173 ἀνθρώπων
3458 2116 3817 2169 ματαιοφροδ-

2211 2193 2409 2261 σύνηςι
2443 2196 2600 2249 Πᾶσα
2626 2195 2684 2248 δὲ
2726 2195 3000 2267 πρόφασις
3046 2192 3284 2263 ἑκάστην
3314 2191 3525 2261 αἵρεσιν
3544 2228 3562 2253 ,
3588 2191 3696 2243 κάν
3734 2207 3817 2242 τε

2213 2286 2442 2357 βραχεῖά
2466 2303 2551 2350 τις
2578 2285 2842 2356 ὑπῆρξεν,
2877 2284 2988 2339 ἀπὺ
3010 2283 3114 2354 τῆς
3141 2281 3401 2353 ἀληθείας
3433 2281 3809 2351 παρείλκυσε,

2211 2380 2306 2433 καὶ
2332 2381 2413 2443 είς
2449 2378 2647 2450 πολλὴν
2687 2378 2879 2432 κακῶν
2906 2378 2926 2409 ³
2954 2377 3293 2447 κατήγαγεν.
3326 2376 3539 2445 Ὥσπερ
3565 2375 3676 2445 γάρ
3709 2390 3813 2437 τις

2206 2470 2511 2542 διασφαγην
2551 2470 2727 2543 εὑρὼν
2777 2472 2836 2523 ὲν
2888 2466 3128 2540 φραγμῷ
3168 2466 3323 2537 παρά
3371 2465 3665 2535 λεωφόρῳ,
3697 2464 3812 2517 καὶ

2207 2562 2435 2633 νομίσας
2481 2560 2573 2615 διὰ
2619 2560 2823 2632 ταύτης
2871 2558 3147 2630 βαδίζειν,
3189 2559 3287 2612 καὶ
3329 2556 3643 2612 καταλιπὼν
3694 2557 3807 2627 τὴν

2204 2651 2345 2715 ὁδὸν,
2392 2650 2682 2723 τρέπηται,
2716 2650 2941 2721 νομίσας
2989 2647 3292 2717 ὲγγύτατον
3319 2647 3481 2718 ἔχειν,
3525 2646 3648 2699 ὅθεν
3673 2646 3805 2698 δια-

2206 2744 2431 2815 κάμψας
2458 2742 2618 2796 πάλιν
2651 2742 2751 2812 τῆς
2790 2740 2913 2794 όδοῦ
2940 2739 3273 2806 ἐπιλάϐοιτο,
3303 2739 3562 2810 ἀγνοήσει
3589 2737 3670 2801 δὲ,
3706 2739 3806 2792 ὅτε

2201 2837 2377 2907 τεῖχός
2404 2838 2550 2890 ἐστιν
2580 2835 2909 2907 ὑπέρτατον,
2938 2834 3034 2888 καὶ
3065 2831 3262 2904 μακρῷ
3282 2832 3609 2903 διαστήματι

2202 2928 2531 3001 δομημίνον,
2563 2926 2842 2997 ἐπιτρέχοι
2880 2926 2940 2980 δὲ
2981 2924 3060 2997 μὴ
3087 2924 3359 2997 εὑρίσκων
3383 2922 3471 2975 διὰ
3496 2923 3655 2985 ποίας
3688 2922 3806 2993 τὴν
3832 2964 3835 2965 ν

2204 3020 2436 3088 διέξοδον
2466 3020 2774 3090 ποιήσεται,
2815 3018 2939 3072 ἀντὶ
2978 3018 3097 3081 ίνδς
3134 3016 3362 3088 σημείου
3384 3058 3404 3082 ,
3453 3017 3576 3087 ῆτοι
3609 3014 3802 3086 μιλίου

2207 3112 2567 3183 προσκύπτων
2594 3110 2638 3175 ⁸,
2684 3108 2826 3163 κατὰ
2868 3111 3029 3180 χεῖρα
3062 3108 3144 3161 ετι
3184 3107 3344 3161 πλέον
3387 3104 3464 3178 μὴ
3501 3104 3651 3179 εὖροι
3688 3105 3797 3176 τὴν

2202 3204 2341 3267 ὁδὸν,
2372 3203 2467 3257 καὶ⁵
2500 3201 2675 3265 οὕτως
2712 3202 2983 3272 τρέπηται
3013 3202 3107 3255 ἐπὶ
3150 3200 3221 3255 τά
3254 3200 3443 3253 τελείαν
3471 3200 3698 3270 κάμνων
3730 3198 3799 3252 δὲ

2201 3294 2364 3362 οὕτω,
2394 3293 2489 3346 καὶ
2518 3294 2594 3365 μὴ
2638 3292 2889 3365 εύπορῶν
2917 3293 3007 3346 διὰ
3040 3293 3201 3357 ποίας
3233 3293 3327 3345 ἐπὶ
3352 3292 3451 3363 τὴν
3476 3292 3797 3362 ὁδοιπορίαν

2199 3388 2421 3457 ἀγάγοι,
2450 3387 2594 3457 τάχα
2618 3404 2676 3441 τε
2706 3389 2842 3459 μήτε
2872 3387 3051 3458 εὑρεῖν
3084 3385 3361 3457 δυνηθείη,
3395 3388 3446 3438 εἰ
3477 3387 3549 3457 μή
3577 3402 3630 3438 τι
3654 3386 3798 3439 ἀνα-

2201 3481 2409 3553 κάμψει
2449 3481 2518 3534 δι’
2555 3477 2624 3553 ἦς
2656 3481 2752 3534 καὶ
2785 3480 3066 3552 είσῆλθεν·
3095 3480 3270 3543 οὕτως
3312 3479 3515 3550 ἑκάστη
3551 3479 3793 3549 αἵρεσις,

2200 3573 2277 3638 ὡς
2306 3573 2599 3646 συντομίαν
2624 3574 2747 3629 τινὰ
2786 3574 3037 3644 ἑφευρεῐν
3068 3572 3384 3641 δυνηθεῖσα,
3409 3569 3783 3642 παρεξήικειλε

2199 3666 2287 3721 διὰ
2321 3667 2421 3739 τῆς
2456 3665 2781 3738 μακροδίας³
2816 3666 3017 3737 εὑρέθη
3060 3664 3118 3718 δὲ
3162 3664 3299 3735 αὑτῇ
3330 3666 3508 3733 τεῖχος
3540 3662 3789 3734 spent;

2200 3762 2239 3831 ἡ
2279 3760 2378 3830 τῆς
2416 3759 2640 3828 ἀγνοίας
2668 3760 2765 3813 καὶ
2795 3758 3071 3826 ἀγνωσίας
3109 3756 3272 3811 πάλιν
3304 3755 3503 3827 πλοκή.
3545 3754 3656 3808 Kal.
3684 3754 3794 3807 οὑκ

2200 3850 2269 3906 ἂν
2302 3849 2453 3921 εὕροι
2478 3852 2512 3921 ἠ
2540 3848 2765 3921 τοιαύτη
2801 3849 2895 3903 ἐπὶ
2930 3849 3032 3921 τὴν
3064 3849 3327 3920 ἀληθινὴν
3368 3850 3527 3920 ῆκειν
3556 3848 3709 3915 όδδν,
3738 3850 3796 3901 ει

2205 3944 2280 4013 μή
2327 3960 2380 3996 τι
2411 3943 2727 4013 ἀνακάμψει
2756 3944 2837 4005 είς
2873 3942 2934 3995 τὸ
2962 3942 3272 4014 ἀρχέτυπον
3309 3943 3408 4014 τῆς
3440 3941 3559 3995 όδοῦ
3578 3984 3595 4008 ,
3628 3958 3791 3994 τουτ-

2200 4037 2318 4090 έστι
2344 4034 2443 4106 τῆς
2478 4034 2782 4106 βασιλικῆς·
2809 4033 2887 4099 ὡς
2936 4035 3030 4088 καὶ
3059 4034 3090 4087 ὁ
3120 4034 3285 4104 νόμος
3328 4033 3625 4106 διαρρήδην
3654 4032 3796 4086 ἐϐόα

2202 4126 2293 4180 τοῦ
2324 4127 2481 4195 ἀγίου
2510 4126 2811 4191 Μωΰσόως,
2836 4126 3088 4195 λέγοντος
3120 4126 3200 4197 τῷ
3231 4125 3443 4196 βασιλεῖ
3479 4124 3676 4196 Ἐδὼμ,
3704 4127 3794 4179 ὃτι

2204 4218 2350 4274 Τάδε
2387 4218 2551 4289 λέγει
2598 4222 2633 4273 ὁ
2682 4219 2949 4289 ἀδελφός
2998 4235 3117 4273 σου
3174 4219 3456 4287 ἰσραήλσ
3506 4219 3673 4287 Παρὰ
3716 4220 3796 4272 τὰ

2200 4309 2331 4378 ὅριά
2363 4327 2481 4365 σου
2524 4310 2909 4380 διελεύσομαι
2937 4314 3025 4378 εὶς
3059 4310 3199 4381 γῆν,
3232 4309 3314 4378 ἢν
3345 4312 3543 4380 ὤμοσε
3572 4313 3799 4380 Κύριος

2200 4403 2327 4469 τοῖς
2353 4403 2655 4471 πατράσιν
2693 4403 2864 4473 ἡμῶν
2896 4404 3137 4459 δοῦναι·
3186 4401 3303 4473 γῆν
3333 4405 3605 4472 ῥέουσαν
3646 4404 3796 4474 μέλι

507 4486 712 4556 juravit
745 4486 1004 4540 Dominus
1028 4486 1155 4540 dare
1174 4488 1414 4556 patribus
1446 4490 1684 4552 nostris;
1718 4498 1915 4542 terram
1938 4486 2105 4559 505.

2206 4493 2303 4546 καὶ
2350 4493 2540 4563 γάλα,
2574 4495 2691 4563 τὴν
2740 4493 2858 4564 γῆν
2897 4494 3016 4549 τῶν
3056 4496 3420 4565 Ἀμορραίαν
3464 4494 3565 4549 καί
3616 4498 3790 4563 Φερε-

516 4576 669 4630 melle
715 4587 764 4630 et
806 4577 941 4630 lacte
977 4586 1281 4630 manantem
1305 4592 1325 4630 .'
1352 4586 1547 4632 terram
1572 4577 2019 4639 Amorrhworum,
2046 4585 2095 4629 et

514 4666 921 4723 Pheresaaorum
943 4679 991 4723 et
1022 4668 1407 4732 Jebusworum,
1438 4683 1487 4724 et
1522 4669 1821 4736 vaorum,
1867 4681 1917 4724 et
1955 4667 2097 4723 Cha-

478 4746 486 4767 ⁶
514 4776 847 4824 nanworum,
870 4770 919 4814 et
958 4760 1332 4823 Chetttrorum,
1354 4771 1551 4816 terram
1581 4764 1827 4832 ﬂuentem
1868 4761 2021 4815 melle
2047 4769 2098 4815 st

518 4851 675 4905 lacte.
700 4849 823 4905 Non
852 4851 1234 4906 declinabimus
1267 4852 1336 4906 ad
1366 4852 1636 4907 dexteram
1666 4864 1757 4907 aut
1788 4855 2094 4923 sinistram,

516 4960 711 5015 aquam
750 4944 805 4998 in
838 4955 1053 5015 argento
1086 4945 1340 5008 bibemus,
1371 4957 1420 5000 et
1451 4946 1595 5001 cibos
1630 4949 1834 5017 argenti
1862 4950 2096 5006 comede-

516 5052 656 5090 mus.
695 5034 820 5089 Non
848 5036 1232 5095 declinabimus
1262 5038 1361 5092 hac
1388 5049 1480 5092 aut
1511 5039 1657 5102 illac,
1687 5041 1773 5094 via
1804 5043 1947 5112 regia
1978 5060 2099 5112 gra-

515 5128 780 5184 diemur‘.
804 5127 901 5184 Est
932 5130 1078 5186 enim
1110 5132 1258 5201 regia
1284 5131 1534 5201 quaedam
1565 5132 1671 5197 via,
1711 5133 1971 5195 nimirum
1996 5136 2099 5193 Ec-

516 5220 683 5276 clesia
733 5218 853 5285 Dei,
885 5235 951 5276 ac
979 5223 1230 5277 veritatis
1260 5223 1383 5279 iter.
1412 5221 1765 5294 Unaquaeque
1798 5241 1929 5280 vero
1960 5225 2098 5283 ista-

517 5330 638 5369 rum
677 5314 960 5369 btereseon
993 5316 1141 5386 regia
1173 5316 1435 5372 derelicta
1465 5315 1577 5380 via,
1610 5316 1675 5370 ad
1707 5316 1989 5373 dexteram
2018 5320 2096 5372 sl-

514 5408 816 5463 nistramve
837 5406 1152 5473 deﬂectens,
1188 5407 1447 5478 deinceps
1480 5406 1536 5461 in
1578 5407 1906 5464 immensum
1934 5423 2093 5463 erro-

516 5514 631 5554 rem
674 5514 801 5556 sese
842 5500 1195 5555 committens
1235 5499 1502 5569 abripitur
1530 5498 1717 5553 :-adeo
1767 5509 1827 5555 ut
1876 5500 2085 5555 nullum

513 5592 778 5665 deinceps
826 5592 1047 5649 modum
1094 5594 1291 5648 habeat
1320 5594 1375 5648 in
1409 5594 1654 5664 qualibet
1680 5594 1890 5649 erroris
1918 5594 2089 5653 {inso-

517 5685 705 5739 lentia.
2014 5694 2036 5709 ‘

2204 4583 2395 4652 ᾰιίων,
2432 4586 2532 4639 καί
2574 4588 2971 4651 Ἰεϐουσαίων,
3013 4588 3113 4642 καί
3159 4589 3417 4654 Εὐαίων,
3459 4588 3559 4642 καὶ
3605 4590 3779 4642 Χανα

2202 4679 2407 4741 ναίων,
2434 4678 2532 4732 καί
2554 4680 2867 4733 Χετταίων·
2898 4678 3300 4750 ήνρέουσαν
3328 4677 3484 4749 γάλα
3501 4680 3790 4751 animus,

2207 4772 2330 4824 Οὐκ
2354 4770 2751 4841 ἐκκλινοῦμεν
2774 4770 2946 4836 δεξιὰ
2973 4772 3012 4841 ἣ
3044 4770 3330 4841 ἀριστερά
3353 4787 3367 4801 °
3397 4772 3556 4842 ὕδωρ
3581 4773 3655 4825 ἐν
3681 4775 3786 4842 ἀρ-

2207 4862 2385 4931 γυρίῳ
2416 4864 2686 4932 πιόμεθα,
2716 4862 2816 4917 καὶ
2831 4859 3117 4933 βρώματα
3139 4864 3430 4933 ἀργυρίου
3456 4865 3789 4933 φατόμεθα.

2208 4956 2330 5008 Οὐκ
2362 4954 2761 5025 exuti-017m
2781 4955 3067 5011 ἐντεῦθεν
3098 4957 3140 5024 ἣ
3165 4955 3449 5011 ἐντεῦθεν
3467 4972 3482 4987 ⁸
3519 4955 3640 5022 ὀδῷ
3674 4958 3789 5018 βαρ-

2202 5046 2413 5116 σιλικῇ
2451 5048 2804 5119 βαδωῦμεν.
2837 5049 2995 5103 Ἐστι
3035 5048 3144 5120 γὰρ
3188 5048 3307 5109 ὁδὸς
3356 5048 3634 5120 βασιλικὴ,
3664 5050 3789 5120 ῆτις

2201 5139 2349 5191 ἐστὶν
2380 5140 2413 5208 ἡ
2438 5138 2532 5191 τοῦ
2559 5138 2694 5191 Θεοῦ
2737 5138 3057 5210 Ἐκκλησία,
3084 5141 3179 5193 καὶ
3202 5140 3483 5211 ὁδοιπορία
3515 5140 3617 5211 τῆς
3650 5140 3786 5213 ἀλη-

2202 5228 2371 5292 θείας.
2419 5230 2655 5303 Ἐκάστη
2686 5231 2744 5286 δὲ
2776 5233 3017 5300 τούτων,
3059 5235 3162 5305 τὴν
3208 5232 3499 5305 βασιλικὴν
3532 5235 3786 5289 καταλεί-

2201 5321 2370 5389 ψασα,
2418 5322 2647 5376 κλίνασα
2685 5324 2741 5377 δὲ
2770 5326 2863 5378 ἐπὶ
2894 5326 2960 5380 τά
3002 5324 3151 5392 δεξιά
3191 5326 3225 5395 ἢ
3265 5326 3359 5380 ἐπὶ
3386 5327 3457 5380 τὰ
3496 5323 3796 5399 ἀριστερὰ,

2200 5413 2293 5465 ἐπὶ
2324 5415 2460 5467 πολὺ
2492 5415 2677 5470 λοιπὸν
2701 5416 2900 5488 ἑαυτὴν
2928 5416 3261 5482 ἐπιδιδούσα,
3290 5419 3371 5482 εἰς
3400 5417 3612 5489 πλάνην
3640 5434 3773 5488 παρ-

2199 5503 2579 5577 ελκυθήσεται·
2618 5508 2712 5561 καὶ
2761 5508 2944 5561 ούκέτι
2993 5508 3195 5581 μέτρον
3227 5508 3344 5581 ἔχει
3390 5508 3523 5582 παρ’
3580 5508 3787 5583 ἑκάσττ

2198 5598 2405 5665 αἱρέσει
2442 5600 2474 5671 ἡ
2508 5599 2605 5670 τῆς
2629 5599 2833 5671 πλάνης
2858 5599 3124 5657 ἀναίδεια.

592 5796 610 5829 ⁸
645 5794 808 5853 Num.
840 5812 952 5863 xxI,
983 5797 1054 5853 22
1086 5813 1209 5870 sqq.
1277 5800 1298 5835 ¹
1327 5798 1386 5855 F.
1421 5800 1639 5857 κακίαν.
1716 5802 1737 5835 ³
1770 5798 1833 5856 1⁷.
1871 5800 2211 5875 προκόπτων.
