4176 6386
369 393 505 451 I037

1014 387 1385 444 ADVERSUS
1423 382 1765 442 ll/EBESES
1802 380 1932 440 LIB.
1979 380 2041 437 ll.
2085 378 2250 436 TUM.
2290 397 2333 434 ι.
2376 411 2444 422 -
2483 377 2757 437 ΙΗΞΒΕΞ.
2798 379 2912 438 LX.

3488 377 3512 432 1
3523 377 3628 434 038

440 511 539 564 ll".
571 510 705 576 ’Ἄγε
745 507 948 571 τοίνυν,
990 507 1128 561 Θεοῦ
1169 505 1379 569 δοῦλοι,
1411 503 1515 556 υἱοί
1556 519 1616 555 τε
1657 504 1754 572 τῆς
1789 499 1952 569 ἁγίας

2125 488 2266 550 XIII.
2311 495 2468 567 Agite
2500 496 2702 566 itaque.
2732 494 2827 548 Dei
2867 491 3036 557 servi,
3071 507 3133 545 ae
3169 499 3370 546 saneta:
3403 491 3497 549 Dei
3529 495 3634 548 Ec-

368 601 504 655 Osoii
540 601 741 670 Ἐκκλη
751 599 892 664 σίας,
915 601 963 651 oi
989 599 1080 651 τὸν
1102 597 1304 652 κανόνα
1331 595 1548 665 ἀσφαλῆ
1568 593 1948 663 γινώσκοντες,

371 695 465 748 καί
507 695 607 763 τὴν
651 691 770 745 ὁδὸν
817 694 918 762 τῆς
967 690 1226 761 ἀληθείας
1267 685 1605 759 βαδίζοντες·
1641 685 1717 756 μὴ
1751 685 1952 753 φωναῖς

369 785 777 855 ἁνθελκόμενοι,
826 783 922 836 καὶ
961 783 1112 852 φωνῇ
1141 780 1379 850 ἑκάστης
1424 775 1953 848 παραπεποιημένης

369 874 789 946 ἐπιτηδεύσεως.
841 871 1118 942 Σφαλεραὶ
1167 871 1276 942 γὰρ
1316 872 1377 924 αἱ
1417 870 1624 922 τούτων
1674 867 1812 929 ὁδοὶ,
1855 864 1954 918 καὶ

368 967 608 1036 ἀνάντης
648 967 682 1035 ὴ
727 964 914 1035 τρίϐος
947 963 1044 1034 τῆς
1074 963 1252 1016 αὐτῶν
1293 959 1827 1034 παραπεποιημένης
1868 959 1955 1010 ἒν-

370 1058 542 1121 νοίας.
595 1055 1056 1127 Μεγαλαυχοῦσι,
1109 1054 1205 1109 καὶ
1251 1053 1320 1108 τὰ
1371 1053 1545 1125 μικρὰ
1602 1053 1704 1105 οὐκ
1753 1050 1950 1104 ίσαοτν.

384 1151 728 1222 Ἐλευθερίαν
775 1149 1224 1219 ἐπαγγέλλονται,
1265 1149 1419 1201 αὐτοὶ
1451 1146 1625 1201 δοῦλοι
1669 1145 1821 1208 ὅντες
1854 1144 1954 1214 τῆς

372 1243 672 1316 ἁμαρτίας.
698 1242 779 1295 Τὰ
811 1241 1032 1313 μείζονα
1053 1241 1302 1312 αὐχοῦσι,
1331 1239 1427 1293 καὶ
1460 1239 1569 1293 τῶν
1600 1235 1812 1308 μικρῶν
1845 1235 1953 1288 οὐδ’

370 1334 510 1398 ὅλως
537 1333 885 1388 ἐπελάϐοντο.

457 1427 616 1480 Ἀλλὰ
643 1426 738 1480 καὶ
777 1424 905 1497 περὶ
946 1424 1150 1478 τούτων
1179 1423 1288 1476 τῶν
1320 1423 1384 1494 δὴ
1413 1422 1698 1491 Καθαρῶν
1728 1421 1955 1493 λεγομέ-

374 1538 504 1584 νων,
548 1517 919 1586 Ἀκαθάρτων
947 1516 1028 1580 δὲ,
1067 1517 1114 1568 εί
1147 1515 1229 1568 δεῖ
1254 1513 1460 1586 τάληθῆ
1493 1513 1692 1582 λέγειν,
1725 1512 1956 1585 ἀρκετὸν

376 1611 616 1684 ἡγοῦμαι
659 1609 764 1673 ἕως
805 1607 1040 1662 ἐνταῦθα
1090 1607 1288 1671 ἱκανῶς
1331 1605 1601 1678 εἰρῆσθαι.
1652 1605 1868 1677 Ταύτην
1901 1605 1958 1658 δὲ

377 1701 816 1774 παραλείψαντες
867 1700 944 1764 ὡς
989 1699 1300 1770 βασιλίσκου
1347 1697 1681 1769 πρόσωπον,
1730 1696 1808 1767 τῷ
1859 1697 1958 1767 μὲν

377 1796 728 1866 προσχήματι
765 1792 859 1845 τοῦ
905 1792 1168 1863 ὀνόματος
1213 1791 1552 1862 ὲξοχωτάτην
1590 1789 1710 1843 τινὰ
1749 1791 1958 1843 ἐπωνυ-

381 1887 511 1957 μίαν
544 1884 907 1956 κεκτημένου,
953 1884 1048 1937 καὶ
1079 1886 1144 1954 τῇ
1177 1882 1272 1936 τοῦ
1298 1883 1462 1950 ξύλου
1506 1883 1733 1952 δυνάμει
1771 1880 1959 1935 τοῦτον

376 1976 697 2039 παίσαντες,
730 1975 822 2027 ἐπὶ
847 1974 944 2037 τὰς
970 1973 1162 2044 ἑτέρας
1193 1973 1356 2027 πάλιν
1396 1972 1730 2044 ὁρμήσωμεν
1750 2011 1763 2034 ,
1792 1970 1961 2042 αὐτὴν

375 2066 706 2136 ἐπαγόμενοι
732 2065 830 2136 τὴν
867 2063 961 2118 τοῦ
986 2051 1132 2117 Θεοῦ
1152 2063 1405 2126 ἱκετείαν,
1430 2065 1510 2126 είς
1533 2061 1594 2116 τὸ
1623 2061 1958 2126 συνοδεύσαι,

378 2159 870 2229 συμπαραμείναι,
916 2159 1191 2220 συνεῖναι,
1245 2155 1609 2227 συνεργῆσαι,
1662 2153 1959 2218 διασῶσαι,

379 2248 707 2313 παιδεῦσαι,
735 2247 1074 2314 καταξιῶσαι
1101 2247 1310 2319 τάληθῆ
1347 2245 1549 2315 λέγειν,
1581 2246 1669 2299 ἵνα
1702 2247 1839 2316 μήτε
1867 2245 1965 2298 αύ-

378 2343 499 2407 τοὶ,
534 2341 728 2412 ψεῦδός
776 2358 827 2393 τι
874 2339 1144 2408 λέγοντες,
1188 2342 1300 2403 τοῖς
1346 2339 1530 2401 αὐτοῖς
1574 2337 1961 2408 ὑποπὲσωμεν,

375 2432 585 2497 ὁποίοις
617 2433 673 2485 αἱ
717 2433 783 2485 τά
812 2431 984 2502 ἀληθῆ
1031 2431 1122 2483 τὸν
1167 2433 1370 2502 κόσμον
1396 2431 1474 2502 μὴ
1511 2429 1790 2496 διδάξασαι
1814 2429 1966 2501 αἱρέ-

379 2542 514 2590 σεις.

457 2702 578 2756 Ἔτι
607 2703 664 2756 δὲ
700 2703 752 2754 οἱ
791 2704 848 2756 ὲν
885 2705 948 2772 τῇ
986 2702 1217 2772 Ἀφρικῇ
1243 2701 1356 2771 (l7)
1378 2718 1436 2754 τε
1462 2701 1554 2754 καὶ
1583 2698 1885 2772 Βιζικανία,
1913 2700 1961 2754 oi

385 2794 496 2853 ἀπὸ
534 2795 778 2852 Δωνὲτῡυ
808 2795 952 2855 τινὸς
975 2794 1304 2852 Δωνατιανοὶ
1344 2793 1486 2850 οὕτω
1525 2793 1870 2866 καλούμενοι,
1899 2793 1968 2845 τὰ

380 2894 546 2960 ὅμοια
569 2890 776 2953 τούτοις
819 2888 1140 2960 φρονοῦντες
1176 2890 1335 2955 εἰσιν,
1372 2889 1704 2959 άφηνιασταὶ
1743 2888 1838 2940 καὶ
1871 2885 1970 2940 αύ-

380 2985 468 3052 τοὶ
496 2982 658 3054 δῆθεν
686 2982 774 3035 διὰ
807 2985 868 3034 τὸ
896 2983 971 3054 μὴ
1010 2985 1390 3051 συγκοινωνεῖν
1415 2983 1525 3045 τοῖς
1563 2983 1618 3034 ὲν
1639 2979 1717 3050 τῷ
1744 2978 1970 3049 διωγμῷ

383 3071 788 3144 παραπεσοῦσι,
815 3074 924 3134 τοῖς
970 3072 1154 3135 αὐτοῖς
1194 3071 1695 3142 άνατραπήσονται,
1720 3067 1971 3138 καθάπερ

387 3166 484 3219 καὶ
529 3165 579 3216 oi
616 3163 1068 3235 ἑτεροζυγοῦντες
1112 3164 1296 3226 αὐτοῖς
1342 3163 1702 3224 Noua/rmvet,
1747 3161 1844 3214 εἴτ’
1874 3157 1968 3214 οὖν

389 3258 638 3328 Καθαροὶ
689 3255 833 3310 οὕτω
862 3256 1164 3328 λεγόμενοι,
1198 3256 1290 3308 Διὸ
1319 3256 1380 3308 οὐ
1423 3255 1613 3327 χρείαν
1659 3254 1973 3325 ἐσχήκαμεν

390 3350 518 3420 περὶ
547 3348 750 3402 τούτων
781 3366 835 3402 τι
868 3348 1299 3419 ἐπεργάσασθαι,
1330 3346 1442 3400 ἀλλ’
1467 3345 1601 3416 ὁμοῦ
1635 3345 1834 3408 αὐτοὺς
1862 3345 1976 3406 τοῖς

387 3441 595 3511 ὁμοίοις
623 3442 806 3504 αὐτοῖς
838 3441 1171 3512 συνήψαμεν.
1201 3440 1591 3511 Περιττότερον
1621 3437 1677 3491 δὲ
1703 3429 1849 3490 οὗτοι
1878 3437 1978 3490 πά-

389 3531 474 3584 λιν
507 3533 601 3585 καὶ
644 3535 826 3603 χεῖρον
875 3531 1152 3596 ἐξέπεσον.
1193 3533 1306 3602 Τὴν
1339 3531 1448 3602 γὰρ
1489 3530 1668 3582 πίστιν
1712 3527 1858 3582 κατὰ
1883 3527 1978 3581 τὸν

396 3624 613 3694 ’Ἄρειον
668 3622 992 3698 φρονοῦσιν·
1047 3624 1526 3696 άνατραπήσονται
1595 3621 1651 3674 δὲ
1713 3618 1978 3682 ὡσαύτως

394 3718 523 3788 περὶ
558 3717 813 3780 πίστεως,
837 3712 905 3788 ἧς
932 3716 1118 3781 κακῶς
1148 3715 1457 3788 φρονοῦσιν,
1484 3715 1560 3778 ὼς
1587 3713 1679 3767 καὶ
1697 3715 1728 3766 ὁ
1762 3714 1978 3784 ’Ἄρειος

393 3809 676 3879 ἀνετράπη
708 3808 794 3861 διά
825 3809 999 3877 λόγων
1027 3808 1308 3880 ἀληθείας,
1346 3808 1417 3861 τὰ
1446 3806 1586 3860 αὐτὰ
1611 3807 1820 3870 τούτοις
1849 3822 1981 3877 φρο-

394 3899 536 3960 νῶν,
580 3900 674 3953 καὶ
716 3896 861 3954 οὗτοι
897 3901 1108 3971 ἐκείνῳ.
1138 3900 1250 3955 Καὶ
1293 3900 1498 3972 ταύτην
1541 3900 1600 3952 δὲ
1644 3899 1807 3953 πάλιν
1841 3915 1984 3968 παρ-

397 3992 760 4062 ιλευσόμενοι,
803 3993 894 4044 ἐπὶ
927 3992 1024 4053 τὰς
1054 3992 1180 4061 ἑξῆς
1213 3991 1500 4063 βαδιοῦμεν
1519 4033 1535 4060 ,
1559 3991 1748 4061 ὥσπερ
1777 3990 1983 4061 ἑρπετά

394 4084 548 4138 δεινά
582 4084 1106 4154 καταπεπατηκότες
1134 4086 1192 4136 ἐν
1220 4083 1428 4154 Κυρίῳ.

791 4375 983 4428 ΚΑΤΑ
1021 4373 1410 4431 ΛΓῙῈΛΙΚΩΝ
1452 4375 1587 4446 (i8),

875 4469 1112 4538 Αἵρεσις
1145 4471 1214 4522 Μ’
1243 4468 1281 4535 ὴ
1316 4468 1414 4521 καὶ
1439 4468 1519 4522 Ξ’.

2055 587 2236 642 clesia:
2267 586 2384 648 ﬁlii.
2416 588 2509 657 qui
2545 595 2754 641 certam
2784 586 2904 640 ﬁdei
2939 585 3182 654 regulam
3224 586 3543 656 agnoscitis,
3568 603 3634 644 ac

2053 680 2200 734 viam
2233 678 2484 734 veritatis
2530 678 2784 732 inceditis
2814 695 2830 732 :
2861 692 2928 731 ne
2976 691 3074 731 vos
3125 679 3418 733 contrariae
3465 695 3635 736 voces

2055 771 2410 831 abstrahant.
2457 777 2554 823 aut
2583 769 2882 838 cujuslibet
2923 769 3201 824 ementita
3229 776 3393 824 sectae
3424 762 3636 826 sermo-

2056 877 2156 917 nes
2189 861 2487 931 decipiant.
2529 860 2778 916 Lubrica:
2813 864 3013 932 quippe
3045 861 3146 915 viae
3171 870 3322 924 sunt,
3351 876 3415 915 ac
3443 863 3637 931 depra-

2055 961 2194 1008 vata:
2231 953 2450 1008 illorum
2488 953 2896 1021 intelligentiae;
2942 952 3168 1008 acclivis
3216 960 3304 1008 est
3351 953 3638 1023 arduaque

2056 1045 2276 1100 semita.
2331 1043 2546 1100 Etenim
2599 1045 2889 1116 magniﬁce
2921 1061 3043 1100 sese
3067 1045 3298 1114 jactant,
3323 1055 3382 1100 et
3416 1045 3635 1100 interim

2056 1138 2269 1195 minora
2301 1140 2574 1195 nesciunt.
2605 1139 2934 1195 Libertatem
2986 1139 3304 1204 ostendunt,
3337 1155 3460 1194 cum
3512 1155 3639 1210 pec-

2057 1239 2313 1285 catorum
2370 1231 2517 1287 servi
2570 1232 2701 1286 sint.
2732 1231 2809 1286 De
2844 1233 3148 1302 majoribus
3187 1231 3515 1304 gloriantur,
3546 1248 3642 1287 ne-

2058 1336 2164 1392 que
2193 1328 2378 1376 tamen
2406 1323 2492 1376 vel
2523 1336 2690 1392 parva
2717 1333 2848 1378 sunt
2880 1324 3139 1379 assecuti.

2129 1409 2331 1466 Verum
2366 1411 2435 1467 de
2466 1427 2532 1467 eo
2562 1428 2762 1484 genere
2795 1413 3201 1480 haereticorum,
3248 1417 3342 1483 qui
3387 1415 3641 1481 Cathari.

2059 1502 2163 1557 hoc
2188 1511 2274 1558 est
2306 1501 2441 1557 Puri
2467 1512 2755 1568 vocantur,
2776 1505 3121 1578 Ἀκάθαρτοι,
3156 1508 3262 1563 hoc
3299 1517 3388 1565 est
3434 1508 3642 1576 Imperi

2059 1597 2264 1651 rectius
2299 1597 2664 1668 appellentur,
2694 1598 2834 1654 satis
2867 1599 3106 1655 arbitror
3159 1615 3190 1654 a
3239 1616 3326 1655 me
3372 1601 3641 1655 hactenus

2059 1705 2182 1745 esse
2214 1690 2442 1745 dictum.
2476 1689 2838 1757 Quamobrem
2866 1693 3055 1746 eadem
3085 1692 3279 1747 haeresi
3308 1696 3638 1763 praetermis-

2061 1798 2142 1844 sa,
2177 1783 2401 1854 perinde
2435 1799 2500 1839 ac
2535 1784 2780 1839 basilisci
2813 1800 2931 1848 ore,
2967 1786 3084 1856 qui,
3113 1787 3260 1857 quod
3299 1787 3370 1841 ad
3400 1787 3642 1858 speciem

2064 1876 2302 1930 nominis
2334 1875 2550 1940 attinet,
2580 1877 2870 1931 excellenti
2902 1878 3137 1948 quadam
3188 1880 3428 1936 nominis
3459 1881 3642 1950 appel-

2064 1965 2267 2021 latione
2311 1974 2619 2022 censetur:
2659 1967 2761 2020 hoc
2806 1968 2974 2037 igitur
3019 1969 3148 2038 ligni
3195 1970 3245 2023 vi
3294 1986 3358 2023 ac
3400 1971 3643 2041 potentia

2064 2058 2423 2123 comminuto,
2453 2059 2520 2112 ad
2554 2059 2792 2129 reliquas
2822 2071 3187 2119 transeamus.
3223 2062 3328 2119 Sed
3360 2065 3413 2118 in
3452 2064 3644 2135 primis

2062 2149 2254 2205 eadem
2309 2149 2498 2206 divino
2537 2149 2758 2206 Numini
2809 2168 2970 2223 prece
3023 2155 3417 2225 supplicemus,
3451 2164 3509 2210 ut
3545 2156 3645 2210 vite

2065 2241 2224 2296 nobis
2255 2255 2439 2298 comes
2468 2258 2594 2298 esse
2624 2245 2774 2308 velit,
2807 2253 2862 2300 et
2887 2245 3176 2302 nobiscum
3210 2255 3445 2312 maneat,
3478 2248 3644 2312 adsit,

2065 2335 2387 2406 epituletur,
2418 2347 2729 2403 conservet,
2763 2338 3036 2406 instituat,
3065 2347 3122 2395 et
3149 2349 3207 2394 ut
3237 2356 3364 2396 vera
3394 2342 3645 2398 dicamus

2067 2427 2370 2498 largiatur;
2413 2444 2484 2483 ne
2536 2429 2676 2485 forte
2708 2430 3038 2488 mentientes
3081 2431 3301 2502 ipsimet
3349 2433 3404 2488 in
3454 2434 3644 2489 eadem

2068 2519 2438 2584 incurramus.
2481 2522 2537 2577 in
2578 2539 2699 2593 quae
2733 2524 2970 2581 haereses
3019 2526 3328 2581 inciderunt
3365 2528 3488 2593 illaz,
3526 2545 3648 2599 qua!

2070 2611 2367 2666 humanum
2398 2629 2570 2684 genus
2601 2615 2738 2671 falsa
2770 2617 3098 2673 docuerunt.

2136 2701 2220 2756 Ad
2251 2703 2365 2758 haec
2415 2706 2510 2775 qui
2565 2707 2618 2760 in
2654 2706 2863 2771 Africa,
2890 2717 2950 2763 et
2974 2707 3242 2764 Bizacena
3275 2711 3498 2782 degunt,
3529 2719 3584 2767 ct
3618 2727 3648 2765 a

2073 2795 2283 2851 Donato
2329 2799 2572 2869 quodam
2626 2799 2919 2856 Donatiani
2955 2813 3243 2866 vocantur,
3279 2806 3467 2858 eadem
3522 2821 3647 2858 cum

2070 2889 2350 2958 prioribus
2395 2890 2505 2946 illis
2551 2894 2871 2956 sentientes.
2901 2895 3257 2965 eamdemque
3289 2896 3361 2950 ob
3399 2911 3646 2958 causam,

2071 2981 2216 3049 quod
2265 2982 2517 3038 videlicet
2561 2999 2687 3039 cum
2740 2985 2826 3041 his
2876 2988 2968 3056 qui
3011 2987 3063 3041 in
3096 2991 3476 3057 persecutione
3510 2989 3649 3056 lapsi

2072 3081 2252 3135 erant,
2281 3073 2417 3128 nihil
2472 3075 2674 3131 habere
2721 3093 3014 3132 commune
3047 3079 3266 3143 vellent,
3299 3081 3650 3143 rebellantes.

2000 3198 2043 3254 ο
2075 3164 2266 3218 eadem
2315 3165 2526 3220 ratione
2573 3167 2942 3235 disjicientur,
2972 3184 3080 3239 qua
3114 3179 3170 3225 et
3195 3169 3505 3237 Novatiani,
3541 3174 3658 3228 sive

2079 3253 2322 3317 Cathari,
2362 3255 2455 3324 qui
2507 3271 2796 3313 commune
2849 3275 2972 3314 eum
3007 3260 3115 3317 illis
3161 3261 3350 3333 jugum
3404 3262 3656 3318 trahunt.

2078 3342 2239 3414 505
2265 3344 2534 3410 Quocirca
2567 3364 2791 3406 necesse
2825 3367 2935 3406 non
2965 3351 3258 3409 habuimus
3307 3355 3559 3424 privatim
3589 3356 3658 3410 de

2079 3434 2190 3490 illis
2230 3435 2466 3505 amplius
2498 3437 2706 3508 aliquid
2734 3446 3010 3509 tractare;
3044 3441 3142 3497 sed
3173 3444 3296 3498 illos
3325 3459 3448 3498 cum
3473 3445 3556 3498 sui
3583 3446 3660 3499 si-

2080 3528 2300 3584 milibus
2319 3530 2738 3602 conjungendos
2760 3535 3093 3604 putavimus.
3121 3535 3228 3591 Sed
3258 3537 3345 3592 isti
3376 3537 3661 3592 vehemen-

2079 3620 2190 3675 tius
2220 3636 2285 3676 ac
2317 3622 2561 3680 deterius
2593 3625 2943 3694 aberrarunt,
2979 3630 3179 3700 quippe
3206 3632 3298 3700 qui
3324 3631 3377 3686 in
3410 3632 3659 3686 eamdem

2080 3725 2206 3763 eum
2241 3710 2370 3766 Ario
2413 3713 2569 3768 ﬁdem
2611 3717 2958 3771 consentiant
2987 3736 3001 3772 :
3039 3719 3184 3774 unde
3218 3729 3291 3783 et.
3317 3721 3463 3790 quod
3495 3722 3562 3776 ad
3597 3723 3661 3776 li-

2081 3800 2204 3855 dem
2237 3805 2451 3869 attinet,
2481 3805 2549 3858 de
2579 3821 2688 3876 qua
2722 3809 2862 3862 male
2887 3811 3151 3874 sentiunt,
3179 3811 3373 3866 eodem
3418 3821 3663 3868 everten-

2085 3902 2175 3947 tur
2226 3895 2408 3960 modo,
2445 3911 2556 3965 quo
2607 3898 2774 3952 Arius
2818 3899 3068 3954 veritatis
3111 3902 3358 3955 oratione
3389 3901 3664 3956 refutatus

2081 3993 2188 4049 est,
2225 4001 2348 4040 cum
2393 4001 2429 4039 a
2483 4003 2544 4043 se
2589 3988 2820 4044 invicem
2863 3991 3088 4045 minime
3117 3992 3467 4047 dissentiant.
3502 3992 3664 4048 Deni-

2083 4093 2192 4146 que
2222 4092 2322 4132 nos
2369 4078 2460 4132 illa
2507 4080 2804 4149 praeterita,
2835 4080 2902 4134 ad
2943 4083 3183 4151 reliquas
3225 4083 3664 4154 progrediemur,

2085 4176 2440 4239 posteaquam
2484 4171 2760 4228 horrenda
2796 4174 2964 4228 veluti
3013 4175 3350 4245 serpentium
3388 4187 3660 4240 monstra,

2087 4260 2317 4316 Domino
2345 4261 2657 4332 adiuvante,
2692 4265 3154 4334 proculcavimus.

2469 4374 2840 4432 ADVERSUS
2876 4377 3287 4445 ANGELICOS,

2563 4469 2792 4525 llwresis
2818 4470 2917 4524 XL
2943 4472 3047 4525 sive
3075 4469 3194 4525 LX.

475 4566 552 4618 A’.
593 4559 921 4632 Ἀγγελικῶν
964 4560 1177 4633 αἵρεσιν
1217 4560 1562 4631 ἀκηκόαμεν,
1599 4559 1779 4613 καὶτὸ
1811 4559 1971 4629 ὄνομα

2162 4560 2200 4616 l.
2231 4564 2426 4618 Audita
2448 4579 2478 4617 a
2503 4562 2663 4618 nobis
2688 4571 2774 4618 est
2796 4562 3181 4634 Angelieorum
3215 4563 3459 4628 haeresis,
3493 4580 3557 4618 ac
3585 4581 3669 4621 80o

411 4658 570 4728 μόνον
621 4654 986 4728 ὲνηχήθημεν,
1019 4653 1080 4705 οὐ
1127 4652 1270 4706 πάνυ
1299 4652 1358 4705 δὲ
1397 4653 1586 4722 σαφῶς
1635 4653 1794 4721 ίσμεν
1833 4653 1982 4724 τίςή

407 4750 631 4821 τοιαύτη
677 4750 908 4817 αἵρεσις,
952 4745 1040 4800 διά
1078 4745 1140 4797 τὸ
1184 4745 1324 4815 τάχα
1368 4745 1536 4805 ποτὲ,
1589 4744 1766 4816 καιρῷ
1816 4745 1988 4817 αὐτὴν

411 4844 695 4905 ἑνστᾶσαν,
726 4839 952 4910 ὕστερον
979 4837 1157 4906 λῆξαι,
1187 4838 1280 4890 καὶ
1306 4836 1674 4908 καταλυθῆναι
1705 4838 1786 4901 είς
1814 4835 1986 4900 τέλος.

410 4934 484 4985 Τὸ
518 4933 575 4986 δὲ
622 4932 794 5002 ὄνομα
845 4929 935 4983 διά
977 4929 1137 4982 ποίαν
1180 4929 1363 4982 αἰτίαν
1413 4928 1603 4999 ἔσχεν,
1655 4928 1754 4982 οὐκ
1805 4929 1985 4998 ἴσμεν.

415 5026 572 5077 Ἤτοι
602 5024 710 5094 γάρ
749 5019 901 5091 παρὰ
940 5020 1002 5072 τὸ
1043 5017 1197 5082 τινὰς
1237 5019 1341 5072 ὑπὸ
1374 5019 1622 5088 ἀγγέλων
1663 5018 1755 5072 τὸν
1785 5020 1990 5089 κόσμον

411 5113 737 5185 γεγενῆσθαι
756 5112 998 5180 φάσκειν
1033 5110 1147 5181 (καὶ
1174 5112 1222 5164 εἰ
1254 5111 1392 5181 αὐτὴ
1421 5108 1577 5163 τοῦτο
1604 5111 1886 5180 φάσκουσα
1913 5108 1992 5180 τῷ

413 5209 634 5278 ὀνόματι
680 5204 852 5273 τούτῳ
887 5203 1162 5274 κέκληται,
1197 5205 1297 5258 οὑκ
1328 5202 1436 5273 ἔχω
1480 5202 1706 5272 λέγειν),
1751 5203 1870 5273 ἦτοι
1903 5203 1992 5256 διά

413 5299 474 5351 τὸ
513 5301 569 5351 ἐν
614 5295 765 5361 τάξει
811 5295 1056 5364 ἀγγέλων
1103 5295 1330 5357 ἑαυτοὺς
1377 5293 1689 5358 σεμνύνειν,
1733 5294 1829 5349 καὶ
1891 5293 1993 5365 βίῳ

490 5490 599 5562 (Π)
626 5493 752 5545 Ἔτι
776 5489 845 5542 δὲ
865 5490 1009 5562 aliger
1034 5489 1110 5558 τῇ
1125 5490 1382 5558 Ἀφρικῇ.
1408 5488 1487 5562 De
1501 5488 1806 5562 Donatistis
1835 5493 1995 5544 levis-

421 5560 557 5617 sime
581 5563 894 5630 defungitur
920 5561 1276 5630 Epiphanius.
1302 5560 1446 5630 quod
1481 5561 1697 5614 illorum
1736 5561 1994 5616 fortassis

421 5649 637 5687 errores
705 5633 846 5684 haud
916 5633 1050 5685 satis
1117 5637 1477 5699 compererat.
1511 5701 1515 5702 ν
1551 5632 1717 5701 Atqui
1799 5642 1997 5702 praeter

423 5704 696 5783 schisma,
737 5711 792 5783 et
847 5703 1180 5783 pertinacem
1212 5715 1270 5782 ,ει
1330 5701 1555 5783 reliquis
1627 5701 1994 5783 secessionem

2090 4655 2200 4709 lum
2247 4656 2368 4726 ejus
2419 4670 2615 4710 nomen
2649 4653 2984 4726 accepimus,
3019 4670 3197 4725 neque
3238 4655 3546 4726 cujusmodi
3581 4659 3668 4711 illa

2089 4745 2308 4800 demmn
2342 4745 2566 4801 haeresis
2596 4744 2687 4808 sit,
2715 4751 3060 4815 compertum
3084 4745 3393 4800 habuimus.
3425 4747 3579 4812 Quod
3603 4764 3671 4801 eo

2092 4837 2327 4893 fortasse
2359 4836 2613 4906 contigit,
2649 4836 2798 4905 quod
2849 4851 2974 4890 cum
3024 4835 3320 4906 aliquando
3351 4837 3668 4907 prodiisset,

2089 4929 2254 4982 desiit
2285 4936 2495 4998 postea,
2541 4941 2607 4981 ac
2638 4927 2856 4982 tandem
2887 4929 3107 4998 penitus
3150 4930 3421 4984 exstincta
3462 4939 3569 4986 est.
3603 4929 3671 4984 llo

2093 5020 2182 5072 lud
2221 5034 2350 5074 vero
2376 5034 2576 5074 nomen
2602 5034 2770 5088 quam
2802 5019 2873 5074 ob
2902 5035 3126 5074 causam
3161 5021 3483 5089 obtinuerit,
3516 5023 3671 5092 igno-

2093 5124 2300 5163 ramus.
2322 5107 2460 5162 Nam
2487 5123 2612 5163 cum
2638 5108 2879 5164 haeretici
2912 5110 3132 5180 quidam
3167 5111 3448 5166 conditum
3479 5113 3548 5166 ab
3567 5129 3670 5167 an-

2093 5202 2227 5272 gelis
2261 5201 2523 5256 mundum
2561 5215 2684 5256 esse
2713 5201 2975 5267 dixerint,
3009 5210 3323 5258 utrumnam
3350 5204 3464 5259 haec
3496 5215 3670 5270 secta,

2094 5293 2238 5362 quod
2291 5293 2432 5347 idem
2481 5300 2842 5356 asseveraret,
2874 5293 3066 5349 eodem
3107 5295 3179 5349 sit
3207 5295 3396 5350 affecta
3426 5297 3670 5361 nomine,

2097 5489 2356 5562 Ecclesiae
2387 5493 2676 5549 annalibus
2715 5492 2821 5562 peti
2853 5495 3036 5546 omnia
3073 5504 3324 5562 possunt.

2169 5561 2280 5627 (i8)
2331 5561 2819 5631 Ἀπγελικῶνίυθ
2865 5563 2950 5616 his
2977 5561 3206 5631 August.
3251 5565 3380 5618 hazr.
3413 5565 3484 5621 59
3514 5585 3527 5622 :
3564 5568 3678 5621 Au-

2097 5632 2270 5707 gelici.
2316 5631 2512 5707 inquit,
2561 5635 2615 5685 in
2657 5631 2965 5707 angelorum
2994 5631 3196 5707 cultum
3239 5634 3504 5707 inclinati,
3545 5655 3674 5707 qum

2101 5701 2430 5769 Epiphanius
2471 5704 2588 5771 jam
2617 5703 3122 5772 omninordefecisse
3162 5713 3405 5758 testatur.
3456 5701 3674 5762 Cultum

422 5771 799 5854 nonnullade
850 5771 917 5853 iis
963 5771 1260 5854 peculiaria
1317 5771 1422 5825 dici
1474 5780 1718 5852 possent.
1776 5771 1886 5826 Sed
1930 5787 1971 5825 e:

2102 5772 2332 5854 luenti”
2383 5773 2640 5854 λατρείαν
2686 5771 3121 5854 ὶιιιιειιίεεριΑΗα
3169 5774 3277 5827 τῶν
3345 5775 3677 5854 Ἀγγελικῶν

421 5842 629 5917 Optati,
688 5841 1014 5914 Augustini,
1075 5841 1418 5913 aliorumque
1476 5841 1724 5912 scriptis,
1760 5849 1874 5897 tum
1929 5856 1998 5898 es

2102 5842 2252 5899 notio
2284 5842 2352 5899 ab
2385 5842 2500 5900 loci'
2523 5843 2808 5915 cujusdam
2839 5842 3058 5907 nemine
3094 5860 3323 5918 prorsus
3351 5842 3673 5920 rejicienda.
