4176 6386
495 378 637 431 1059
1872 367 1931 425 S.
1974 368 2073 427 EPI

2180 369 2318 425 AN“
3625 381 3781 435 1040
3806 384 3817 413 τ

503 505 649 550 certo
679 490 949 545 allirmare
978 503 1088 543 non
1116 502 1358 559 possum.
1392 495 1475 541 An
1508 485 1691 557 potius
1720 486 1863 555 quod
1893 488 1949 542 in
1980 502 2073 541 an-

2190 488 2509 561 ἐξοχωτάτῳ
2535 488 2780 558 ἄγεσθαι,
2808 490 2929 544 οὑδὲ
2950 491 3109 547 τοῦτο
3139 494 3573 566 διαϐεϐαιοῦμαι·
3604 497 3637 569 ἧ
3670 503 3781 553 καὶ

503 586 732 657 gelicum
766 597 888 637 sese
921 580 1172 636 ordinem
1221 592 1545 651 arroganter
1594 578 1885 644 referrent,
1918 589 2073 648 atque

2185 583 2291 636 ἀπὺ
2323 583 2490 635 τόπου
2538 585 2687 646 τινὸς
2736 586 3018 655 εἰληφότες
3063 588 3319 657 τοῦνομα·
3356 591 3539 662 ἐπειδὴ
3585 594 3781 664 χῶρός

502 678 852 734 excellentem
893 673 1186 744 quamdam
1233 674 1358 728 vita:
1406 673 1673 728 rationem
1707 673 2073 739 instituerent,

2185 673 2268 736 τίς
2303 674 2450 726 ἐστιν
2494 674 2777 746 Ἀγγελίνη
2802 677 3061 732 ἐπέκεινα
3089 680 3187 751 τῆς
3210 681 3635 748 Μεσοποταμίας
3664 685 3780 754 χῶ-

490 787 566 825 ne
599 772 705 825 hoc
734 767 955 839 quidem
1005 780 1107 836 pro
1150 773 1434 835 comperto
1464 763 1651 819 aﬂ‘ero.
1680 766 1763 819 An
1798 774 2073 835 postremo

2192 782 2291 837 ρας
2320 766 2591 837 κείμενος.

498 862 569 916 ab
623 862 746 915 loco
806 857 1046 929 quodam
1096 872 1217 912 eam
1272 857 1690 927 appellationem
1736 858 1919 914 sortiti
1948 858 2079 913 sint.
2120 856 2395 925 Quoniam
2428 862 2648 931 quidem
2714 862 2865 935 regio
2921 864 3171 936 quaedam
3203 874 3288 925 est
3330 869 3473 924 ultra
3515 868 3780 940 Mesopo-

501 955 745 1018 tamiam,
773 967 896 1022 quas
927 951 1194 1021 Angelina
1218 951 1439 1007 dicitur.

568 1045 633 1099 ll.
672 1044 791 1100 Jam
833 1060 965 1099 vero
1006 1044 1259 1114 quisquis
1298 1058 1361 1098 es
1393 1045 1629 1109 auditor,
1662 1046 1709 1101 si
1753 1062 1875 1116 quae
1917 1061 1948 1100 a
1991 1063 2079 1102 me

502 1146 658 1192 antea
688 1137 836 1191 dicta
872 1144 1004 1191 sunt
1037 1136 1370 1200 recorderis,
1398 1138 1535 1191 nihil
1567 1139 1673 1192 erit
1713 1138 1861 1209 quod
1896 1154 1983 1194 me
2020 1140 2075 1193 in

488 1226 751 1281 criminis
780 1226 1149 1295 suspicionem
1181 1225 1442 1281 adducas.
1486 1226 1601 1281 Hoc
1631 1229 1777 1283 enim
1804 1229 1873 1285 de
1908 1230 2079 1285 haere-

501 1316 656 1372 sibus
694 1317 1004 1386 recepimus
1041 1335 1054 1370 :
1087 1317 1450 1385 quarumdam
1490 1334 1593 1373 nos
1639 1320 1855 1377 radices
1880 1337 1944 1376 ac
1973 1322 2075 1377 do-

500 1418 701 1480 gmata,
734 1418 827 1464 aut
867 1408 1075 1478 aliquid
1099 1424 1289 1463 eorum
1319 1425 1442 1479 qua:
1474 1411 1545 1465 ab
1584 1412 1692 1467 illis
1724 1412 1839 1469 ﬁeri
1873 1416 2071 1480 solent,

2256 1040 2331 1097 B'.
2358 1043 2495 1115 Ἤδη
2523 1045 2657 1098 δὲέν
2674 1046 2977 1118 ὑπομνήσει
3003 1065 3095 1101 σου
3126 1050 3412 1122 γινομένου
3435 1056 3529 1108 τοῦ
3561 1058 3776 1128 ἀκροαρ

2184 1134 2315 1199 τοῦ,
2368 1136 2467 1188 οὑκ
2536 1138 2617 1199 είς
2685 1138 3031 1207 κατάγνωσιν
3082 1142 3141 1194 ἐν
3201 1143 3477 1209 ὑπονοίαις
3535 1150 3773 1222 γενήσῃ-

2196 1228 2673 1300 Ἑπηγγειλάμεθα
2717 1231 2827 1303 γὰρ
2873 1232 2982 1285 τῶν
3030 1233 3131 1303 μὲν
3174 1234 3272 1299 τὰς
3318 1236 3474 1308 ῥίζας
3526 1242 3619 1294 καὶ
3664 1243 3785 1305 τὰς

2184 1322 2505 1392 προφάσεις,
2536 1322 2571 1392 ἦ
2613 1340 2667 1377 τι
2700 1323 2809 1376 τῶν
2848 1326 2906 1376 ἐν
2936 1329 3045 1392 τοῖς
3082 1329 3212 1399 παρ’
3248 1330 3433 1394 αὑτοῖς
3466 1334 3777 1403 γινομένων

2181 1414 2441 1484 δηλῶσαυ
2474 1414 2648 1469 ἄλλων
2680 1416 2738 1469 δὲ
2787 1417 2946 1485 μόνον
2972 1418 3050 1489 τῷ
3079 1420 3300 1491 ὀνόματι
3343 1425 3778 1495 ἀπομνημονεῦ-

500 1516 624 1556 esse
670 1508 1026 1564 narraturos;
1074 1500 1303 1554 aliarum
1337 1516 1465 1556 vero
1494 1504 1716 1559 nomine
1741 1514 1899 1562 tenus
1925 1523 2073 1562 men-

2184 1521 2296 1557 σαι.
2334 1505 2420 1567 Ὠς
2455 1505 2511 1558 δὲ
2554 1507 2587 1575 ἡ
2618 1504 2740 1559 θεία
2779 1506 3008 1577 δύναμις
3056 1511 3455 1581 παρεσκεύασε,
3486 1516 3581 1568 καὶ
3606 1517 3782 1589 ἐϐοήά

499 1594 703 1647 tionem
738 1606 862 1647 esse
894 1589 1162 1646 facturos.
1190 1590 1365 1646 Porro
1393 1602 1658 1661 quantum
1702 1596 1887 1653 divina
1914 1598 2073 1654 nobis

2181 1596 2366 1668 θησεν,
2402 1597 2506 1661 ἕως
2530 1598 2733 1669 ταύτης
2780 1600 2881 1671 τῆς
2921 1602 3187 1674 αίρέσεως
3219 1605 3318 1669 τὰς
3353 1608 3532 1672 πάσας
3567 1609 3779 1675 διεξελ-

499 1699 602 1753 ope
635 1683 997 1753 praesidioque
1037 1697 1362 1739 concessum
1414 1694 1519 1751 est,
1542 1688 1802 1745 omnibus
1828 1690 1897 1744 ad
1932 1690 2073 1744 hane

2181 1689 2383 1755 θόντες,
2414 1691 2672 1762 οὐδεμίαν
2702 1693 2966 1763 εἰάσαμεν
3006 1696 3428 1768 άνερμήνευτον,
3464 1701 3600 1772 πλὴν
3630 1707 3777 1773 μιᾶς

496 1790 673 1845 usque
718 1774 885 1830 sectis
936 1776 1222 1845 expositis,
1254 1776 1484 1842 nullam,
1522 1778 1625 1835 hac
1655 1790 1901 1853 excepta,
1934 1798 2071 1852 prae-

2177 1784 2397 1853 ταύτης.
2433 1784 2587 1854 Τάχα
2618 1784 2674 1837 δὲ
2698 1783 2785 1837 διὰ
2813 1784 2872 1838 τὸ
2889 1827 2902 1849 ,
2938 1787 3269 1858 ἐπαρθεῖσαν
3298 1790 3376 1861 τῷ
3402 1792 3557 1864 τύφῳ
3581 1795 3779 1863 ὀλίγον

496 1867 857 1931 termisimus,
888 1882 1050 1938 quam
1088 1884 1197 1923 non
1222 1870 1469 1925 oratione
1502 1870 1927 1930 declararemus.
1962 1875 2069 1931 Sed

2177 1878 2387 1949 καιρὸν,
2417 1878 2510 1930 καὶ
2540 1876 2767 1949 ὕστερον
2797 1879 2956 1950 λῆξαι
2998 1880 3096 1953 τὴν
3126 1883 3297 1955 αὑτῆς
3324 1886 3659 1956 κατάληψιν,
3700 1890 3770 1942 οὐ

496 1959 695 2015 accidit
730 1959 986 2025 fortasse,
1024 1969 1081 2015 ut
1102 1976 1225 2016 cum
1254 1962 1403 2019 brevi
1433 1964 1523 2019 illa
1560 1974 1804 2037 tempore
1836 1984 1959 2024 sese
1982 1971 2071 2024 in-

497 2051 736 2105 solenter
781 2052 1088 2118 extulisset,
1124 2067 1189 2107 ac
1225 2064 1501 2123 postremo
1529 2057 1808 2124 desiisset,
1839 2062 1976 2115 nihil
2006 2062 2074 2118 de

496 2138 614 2208 ipsa
643 2139 780 2194 certi
807 2142 1187 2212 exploratique
1218 2143 1501 2213 percipere
1535 2162 1846 2216 possemus.
1887 2150 2075 2221 Itaque

498 2232 615 2286 sola
651 2232 773 2303 ejus
808 2234 1173 2304 appellatione
1223 2234 1480 2291 celeriter
1524 2242 1941 2309 comprehensa,
1982 2256 2076 2296 eo-

496 2341 605 2394 que
651 2326 893 2389 nomine,
924 2329 1073 2382 velut
1109 2329 1367 2384 abortivo
1406 2330 1643 2401 quodam
1695 2330 1831 2396 fetu,
1878 2331 2076 2398 functi,

497 2416 602 2471 hoc
647 2416 767 2471 loco
812 2418 1206 2487 praetermisso,
1247 2420 1313 2473 ad
1362 2422 1811 2491 contemplandas
1849 2426 2077 2479 caeteras

495 2510 738 2563 animum
773 2520 1178 2567 convertemus.
1215 2511 1403 2582 Itaque
1434 2514 1668 2584 primum
1706 2513 1777 2569 ab
1802 2515 2075 2571 universi-

498 2603 626 2657 tatis
676 2600 908 2657 Domino
950 2605 1374 2673 postuiahimus,
1409 2615 1467 2659 ut
1497 2606 1694 2661 adesse
1724 2607 1883 2661 nobis
1920 2609 2073 2673 velit,

494 2702 549 2749 et
582 2702 640 2747 ut
661 2710 782 2765 qua:
810 2694 952 2766 apud
985 2695 1108 2751 illos
1141 2696 1304 2768 506
1331 2696 1467 2751 ﬁunt
1497 2697 1694 2769 exiguo
1723 2706 1888 2769 atque
1913 2701 2078 2756 imbe-

494 2786 622 2840 cillo
656 2787 877 2857 ingenio
905 2797 1094 2843 nostro
1126 2790 1448 2858 subjiciens,
1477 2790 1732 2847 universa
1766 2807 1868 2848 nos
1908 2808 2071 2862 quam

494 2879 906 2935 accuratissime
936 2880 1227 2951 perdoceat
1267 2900 1279 2935 :
1316 2897 1426 2952 quo
1460 2889 1513 2937 et
1547 2897 1647 2937 nos
1677 2885 1850 2953 ipsos,
1887 2891 1942 2939 et
1968 2899 2074 2939 car-

2180 1972 2322 2025 πάνυ
2361 1970 2547 2041 σαφῶς
2577 1970 2846 2042 ἔγνωμεν.
2874 1973 3091 2046 Ταύτης
3118 1975 3174 2028 δέ
3209 1978 3367 2047 μόνον
3393 1980 3770 2051 ἐπιμνησθέν-

2178 2080 2271 2126 τες
2302 2063 2402 2133 τῆς
2435 2063 2733 2133 ὀνομασίας
2763 2065 2822 2117 ἐν
2868 2066 3057 2135 τάχει,
3100 2066 3293 2139 ὥσπερ
3336 2070 3650 2142 ἐκτρώματι
3682 2073 3768 2144 τῷ

2175 2155 2400 2226 ὀνόματι
2430 2155 2806 2226 χρησάμενοι,
2837 2158 3284 2230 παρελευσόμεθα
3325 2162 3418 2216 τὸν
3450 2165 3630 2226 τόπον,
3668 2167 3767 2218 ἐπὶ

2177 2246 2276 2310 τὰς
2322 2246 2517 2318 ἐτέρας
2548 2247 2606 2300 δέ
2653 2247 3076 2314 διασκοποῦντες
3117 2252 3215 2323 τὴν
3254 2256 3431 2326 ὁρμὴν
3467 2257 3765 2311 ποιεῖσθαι.

2178 2337 2289 2391 Kal.
2336 2338 2650 2407 αἰτούμενοι
2696 2340 2804 2392 τῶν
2860 2340 2997 2395 ὅλων
3044 2344 3323 2417 Δεσπότην
3371 2348 3764 2419 παραφανῆναι

2177 2432 2333 2501 ἡμῖν,
2384 2430 2478 2483 καὶ
2519 2432 2587 2484 τά
2635 2431 2836 2505 ἀκριδῆ
2887 2434 2997 2486 τῶν
3042 2437 3171 2507 παρ’
3224 2438 3408 2503 αὑτοῖς
3456 2442 3763 2512 γινομένων

2179 2519 2522 2585 ἐπιδείξαντα
2554 2520 2632 2591 τῷ
2668 2522 2888 2594 σμικρῷ
2915 2525 3071 2595 ἡμῶν
3099 2528 3197 2599 νῷ,
3232 2529 3411 2584 πάντα
3435 2532 3576 2585 κατὰ
3603 2532 3763 2604 ἀκρί-

2177 2612 2331 2665 ϐειαν
2379 2615 2654 2685 σημᾶναιο
2708 2616 2773 2669 ἵν’
2804 2618 3018 2682 ἑαυτοῖς
3057 2638 3114 2673 τε
3164 2622 3258 2674 καὶ
3302 2626 3413 2687 τοῖς
3457 2624 3622 2689 πέλας
3660 2626 3767 2699 τὴν

2176 2701 2463 2772 διόρθωσιν
2496 2701 2875 2776 ποιησώμεθα,
2906 2706 3001 2760 τοῦ
3035 2710 3258 2780 φεύγειν
3289 2714 3357 2767 τὰ
3385 2714 3586 2784 φαῦλα,
3617 2717 3674 2768 ἐν
3702 2716 3761 2770 δὲ

2176 2798 2290 2857 τοῖς
2318 2796 2545 2863 ἀγαθοῖς
2571 2799 2665 2851 καὶ
2694 2798 3084 2871 ἀληθεστάτοις
3118 2804 3179 2856 τὸ
3205 2805 3421 2877 ἑδραῖον
3452 2808 3665 2861 ἐαυτοῖ⁸
3700 2808 3764 2861 ἐν

2178 2886 2298 2956 Θεῷ
2331 2889 2821 2958 προστοορίσασθαι.

494 2979 643 3026 teres
673 2973 892 3029 erudire
917 2975 1214 3044 possimus,
1244 2975 1323 3030 uti
1351 2991 1475 3031 cum
1507 2977 1649 3029 mala
1681 2977 1942 3045 devitent,
1999 2988 2113 3034 tum
2153 2980 2206 3034 in
2245 2980 2332 3037 his
2364 2997 2488 3052 qua:
2530 2984 2694 3050 bona,
2753 3000 2817 3042 ae
2854 2989 3067 3045 veritati
3114 2992 3349 3049 maxime
3393 3006 3765 3051 consentanea

495 3077 645 3132 sunt,
680 3066 889 3120 ﬁrmam
943 3067 998 3121 in
1051 3065 1162 3123 Deo
1209 3068 1563 3125 stabilitatem
1602 3086 1667 3126 ac
1708 3072 2073 3128 constantiam
2118 3071 2402 3128 obtineant

828 3179 1197 3237 ADVERSUS
1236 3181 1732 3249 APOSTOLICOS,

918 3272 1151 3327 eresis
1181 3272 1313 3327 XLI
1354 3275 1459 3329 sive
1489 3273 1642 3328 LXI.

565 3364 603 3417 1.
645 3365 748 3418 Alii
781 3364 1083 3420 secundum
1116 3364 1236 3420 illos
1270 3364 1378 3420 diei
1419 3380 1479 3420 se
1506 3365 1851 3435 Apostolicos
1879 3366 2070 3421 volue-

493 3467 642 3519 runt,
687 3456 781 3526 qui
809 3463 864 3510 et
892 3454 1265 3524 Apotacticos,
1298 3456 1399 3509 hoc
1431 3464 1516 3511 est
1547 3455 1955 3511 Renuntiatum:
1987 3472 2074 3512 se-

494 3548 643 3617 ipsos
672 3546 975 3600 nominant.
1005 3543 1119 3598 Hoc
1154 3545 1299 3599 enim
1334 3546 1624 3616 diligenter
1654 3546 1972 3609 observant,
2005 3561 2073 3601 ne

493 3638 789 3707 quidquam
833 3634 1169 3706 possideant.
1209 3634 1375 3690 Iidem
1426 3652 1591 3706 porro
1641 3652 1671 3691 a
1722 3634 1941 3692 Τειιίοηὶ
1975 3638 2074 3693 do-

492 3728 768 3799 gmatibus
803 3726 954 3781 velut
1003 3726 1289 3781 avulsione
1336 3727 1577 3797 quadam
1631 3729 1937 3798 prepagati,
1971 3730 2074 3784 hoc

492 3830 577 3877 est
618 3822 686 3875 ab
723 3820 1045 3885 Encratitis,
1080 3818 1326 3875 Tatianis
1353 3829 1406 3875 et
1433 3820 1709 3883 Catharis,
1745 3822 1839 3891 qui
1882 3836 2075 3875 omnes

494 3915 769 3986 [raecipue
815 3913 986 3983 legem
1036 3913 1330 3982 repudiant
1360 3933 1372 3967 :
1402 3913 1607 3969 habent
1654 3914 1733 3968 illi
1761 3914 2000 3970 'diversa
2042 3930 2074 3970 a

496 4009 701 4065 nostris
732 4014 1077 4063 sacramenta
1113 4014 1282 4075 atque
1327 4007 1607 4077 mysteria.
1644 4004 1721 4061 De
1764 4006 1949 4075 in0pia
1995 4021 2079 4062 re-

496 4115 615 4154 rum
664 4098 908 4153 omnium
934 4096 1264 4168 gloriantur,
1297 4111 1361 4149 ac
1399 4104 1812 4152 sacrosanctam
1845 4097 1937 4153 Dei
1971 4096 2077 4153 Ec-

494 4193 719 4247 clesiam
799 4190 1063 4245 ascititiis‘
1124 4189 1613 4259 superstitionibus
1675 4198 1878 4245 temere
1937 4191 2077 4245 divi-

493 4284 654 4347 dunt,
692 4297 755 4336 ac
798 4280 1151 4343 labefactant,
1182 4287 1237 4334 et
1284 4295 1313 4333 a
1365 4279 1552 4335 divina
1604 4281 1893 4336 clementia
1927 4283 2077 4336 exci-

491 4378 648 4429 dunt.
682 4372 868 4443 Neque
896 4371 1040 4431 enim
1068 4386 1193 4425 eum
1229 4370 1322 4439 qui
1355 4371 1523 4425 semel
1553 4372 1842 4441 prolapsus
1868 4372 1958 4435 sit,
1987 4386 2075 4426 re-

491 4468 704 4537 cipiunt
741 4464 999 4534 amplius,
1030 4470 1197 4531 atque
1229 4461 1420 4518 eadem
1468 4462 1695 4517 omnino
1731 4461 1800 4516 de
1844 4463 2071 4533 nuptiis,

2096 3188 2144 3246 ϐ

2588 3189 2773 3245 ΚΑΤΑ
2812 3193 3307 3249 ΔΠΟΣΤΟΛΙΚΩΝ

2525 3283 2768 3352 ΑΤρεσις
2820 3284 2939 3339 MA'
2990 3287 3030 3354 ἠ
3082 3287 3184 3345 καὶ
3243 3289 3372 3344 ΞΑ’.

2246 3370 2324 3424 A'.
2358 3372 2513 3427 Μετὰ
2542 3374 2600 3428 δὲ
2632 3376 2855 3440 τούτους
2895 3377 3045 3432 ἄλλοι
3079 3381 3306 3445 ἑαυτοὺς
3349 3382 3769 3449 Ἀποστολικοὺς

2174 3460 2485 3533 ὠνόμασαν.
2524 3465 2814 3521 Βούλονται
2845 3468 2902 3522 δὲ
2928 3471 3021 3524 καὶ
3051 3472 3514 3541 Ἀποτακτικοὺς
3538 3476 3764 3539 ἑαυτοὺς

2174 3551 2372 3623 λέγειν.
2405 3556 2737 3612 Φυλάττεται
2779 3560 2835 3613 δὲ
2884 3562 3015 3635 παρ’
3051 3564 3233 3627 αὑτοῖς
3266 3565 3326 3618 τὸ
3363 3566 3531 3637 μηδὲν
3562 3568 3763 3639 κεκτῆ-

2178 3639 2319 3695 σθαι.
2359 3643 2480 3697 Εἰσὶ
2505 3645 2562 3698 δὲ
2590 3648 2684 3700 καὶ
2714 3650 2761 3701 οξ
2797 3650 2951 3703 αὑτοὶ
2976 3652 3319 3724 ἀπόσπασμα
3357 3656 3467 3711 τῶν
3497 3658 3766 3711 Τατιανοῦ

2174 3733 2483 3805 δογμάτων,
2517 3739 2889 3811 Ἐγκρατιτῶν
2915 3761 2975 3796 τε
3006 3746 3101 3799 καὶ
3128 3747 3429 3812 Τατιανῶν,
3459 3750 3552 3803 καὶ
3578 3750 3764 3804 Καθα-

2179 3826 2312 3895 ρῶν·
2338 3828 2536 3891 οἵτινες
2572 3831 2730 3900 φύσει
2774 3833 2939 3903 νόμον
2986 3836 3048 3889 οὐ
3090 3839 3506 3910 παραδέχονται.
3543 3843 3765 3913 Παρὴλ-

2177 3919 2370 3973 λακται
2400 3921 2455 3974 δὲ
2485 3923 2621 3994 παρ’
2643 3924 2827 3990 αὑτοῖς
2857 3928 2951 3980 καὶ
2975 3927 3044 3981 τὰ
3072 3932 3367 4003 μυστήρια.
3397 3933 3767 4003 Σεμνύνονται

2177 4010 2235 4063 δὲ
2269 4012 2431 4084 δῆθεν
2460 4016 2847 4089 ἀκτημοσύνην
2871 4036 2886 4051 ο
2916 4021 3157 4090 σχίζουσι
3178 4022 3235 4076 δέ
3267 4024 3446 4096 μάτην
3473 4021 3617 4081 οὗτοι
3668 4028 3773 4101 xa'f.

2179 4102 2480 4173 βλάπτουσι
2523 4108 2624 4178 τὴν
2657 4109 2821 4177 ἁγίαν
2865 4110 3001 4164 Θεοῦ
3045 4113 3393 4185 Ἐκκλησίαν,
3435 4116 3521 4170 διὰ
3547 4118 3610 4170 τὸ
3638 4118 3764 4172 ἐθε-

2176 4194 2587 4265 λοθρησκεύειν,
2623 4199 2951 4265 ἐκπεσόντες
2990 4205 3089 4274 τῆς
3130 4204 3225 4258 τοῦ
3271 4205 3407 4260 Θεοῦ
3458 4209 3767 4282 φιλανθρω-

2177 4289 2327 4352 πίας.
2362 4288 2500 4342 Οὑτε
2545 4291 2653 4363 γὰρ
2684 4296 3191 4365 παραπεπτωκότος
3234 4300 3380 4364 τινὸς
3428 4300 3654 4367 εῖσδεξις
3680 4304 3767 4358 ἔτι

2177 4381 2408 4449 γίνεται’
2441 4382 2508 4436 τὰ
2536 4384 2698 4455 ὅμοια
2744 4387 2801 4439 δὲ
2834 4391 2947 4452 τοῖς
2984 4391 3246 4444 ἀνωτάτω
3276 4392 3588 4465 λεγομένοις
3631 4414 3767 4467 (ppo-

2179 4473 2328 4527 νοῦσι
2363 4476 2491 4546 περί
2524 4494 2582 4529 τε
2618 4479 2714 4531 τοῦ
2765 4482 2945 4552 γάμου
2992 4483 3087 4535 καὶ
3131 4482 3238 4538 τῶν
3281 4485 3459 4539 ἄλλων
3503 4490 3769 4559 πραγμά-

489 4557 813 4624 ueterisque
833 4554 884 4607 id
909 4568 1081 4623 genus
1104 4568 1232 4607 cum
1265 4552 1645 4621 superioribus
1677 4554 1784 4609 illis
1810 4556 2070 4610 sentiunt.

2178 4582 2309 4619 των.
2344 4538 2453 4620 Kal
2478 4571 2526 4622 οἱ
2561 4570 2658 4639 μὲν
2685 4538 2931 4643 Καθαροί
2957 4577 3079 4639 ταῖς
3108 4579 3299 4647 ῥηταῖς
3331 4538 3766 4652 μόνον

488 4648 738 4716 (ltitnque
784 4644 1003 4700 Catbari
1060 4644 1297 4714 receptis
1329 4646 1596 4698 duntaxat
1630 4642 1931 4715 Scripturis
1975 4647 2075 4700 ad-

490 4743 819 4802 Itaerescant,
848 4738 937 4793 isti
970 4737 1246 4800 Andreae,’
1273 4752 1338 4791 ac
1378 4736 1601 4792 Thomas
1629 4738 1739 4808 (ita
1785 4739 1933 4793 enim
1973 4755 2074 4792 vo-

487 4827 652 4897 cant)
689 4828 845 4882 Actis
881 4827 1231 4897 potissimum
1288 4827 1561 4892 nituntur,
1609 4834 1846 4899 suntque
1874 4828 1942 4884 ab
1972 4829 2077 4885 Ec-

486 4922 671 4977 clesize
702 4919 885 4990 regula
920 4934 1149 4988 prorsus
1182 4918 1365 4972 alieni.

562 5011 696 5066 Nam
731 5012 777 5067 si
811 5010 1194 5065 abominandae
1232 5019 1361 5065 sunt
1404 5014 1627 5081 nuptim,
1664 5012 1859 5081 impuri
1915 5013 2074 5083 plane

492 5105 567 5157 illi
607 5105 711 5173 ipsi
751 5110 902 5167 sunt,
932 5101 1026 5172 qui
1056 5117 1087 5157 ο
1122 5104 1329 5172 nuptiis
1353 5103 1620 5172 originem
1652 5111 1957 5159 traxerunt.
1995 5107 2072 5160 Ac

490 5198 538 5253 si
571 5195 817 5252 Ecclesia
849 5196 946 5251 Dei
975 5212 1041 5251 ex
1074 5196 1142 5251 iis
1177 5196 1312 5250 solis
1338 5205 1580 5259 constat,
1621 5198 1715 5267 qui
1754 5201 1959 5269 nuptiis
1990 5216 2073 5254 re-

491 5290 816 5343 nuntiarunt
844 5306 859 5355 ;
893 5304 1071 5357 neque
1101 5289 1322 5358 nuptiae,
1356 5304 1533 5358 neque
1563 5298 1736 5343 totum
1772 5307 2071 5362 prepagan-

490 5383 572 5435 dae
601 5382 805 5437 sobolis
834 5381 1113 5451 negotium
1143 5396 1209 5435 ex
1239 5379 1350 5435 Deo
1385 5389 1487 5434 est.
1521 5378 1703 5445 Quare
1728 5390 1781 5435 et
1813 5383 1913 5453 ipsi
1942 5400 2066 5438 cum

495 5473 734 5528 indidem
777 5474 888 5528 nati
921 5472 1112 5535 sint,.a
1140 5469 1250 5525 Deo
1274 5479 1436 5525 erunt
1478 5472 1661 5527 alieni.
1699 5472 1868 5538 Quem
1904 5475 2069 5545 igitur

492 5564 670 5617 locum
701 5563 921 5618 habebit
946 5563 1078 5616 illud
1108 5581 1121 5616 :
1145 5561 1277 5627 Qua:
1306 5563 1445 5616 Deus
1473 5563 1747 5631 conjunxit
1776 5565 1929 5621 homo
1966 5584 2067 5621 non

488 5655 765 5721 separe“?
789 5652 923 5707 Nam
967 5670 1033 5708 ex
1070 5654 1401 5709 necessitate
1442 5670 1725 5724 separare,
1749 5656 1817 5711 ab
1851 5657 2067 5716 homine

589 5816 605 5845 ³
642 5812 829 5867 Matth.
877 5829 987 5877 xu,
1019 5814 1075 5869 6.

2179 4657 2503 4729 κέχρηνταιο
2538 4654 2683 4715 οὗτοι
2722 4664 2780 4716 δὲ
2820 4668 2940 4729 ταῖς
2969 4666 3292 4738 λεγομέναις
3328 4671 3599 4743 Πράξεσιν
3638 4674 3766 4726 Ἀν-

2175 4748 2332 4817 δρέου
2378 4769 2437 4804 τε
2484 4754 2579 4805 καὶ
2608 4754 2781 4826 Θωμᾶ
2806 4757 2869 4809 τὸ
2910 4756 3160 4815 πλεῖστον
3205 4763 3595 4834 ἐπερείδονται,
3623 4781 3764 4819 παν-

2174 4839 2412 4895 τάπασιν
2460 4843 2729 4915 ἀλλότριοι
2777 4847 2870 4901 τοῦ
2921 4851 3145 4915 κανόνος
3183 4852 3279 4906 τοῦ
3306 4854 3767 4927 ἐκκλησιαστικοῦ

2177 4931 2531 5004 ὑπάρχοντες.

2245 5025 2309 5078 Εἰ
2341 5025 2454 5097 γὰρ
2485 5026 2735 5100 βδελυρός
2767 5032 2915 5085 ἐστιν
2945 5033 2975 5085 ὁ
3008 5034 3205 5105 γάμος,
3241 5036 3351 5108 ἄρα
3377 5037 3488 5093 ὅλοι
3513 5040 3761 5112 ἀκάθαρ-

2175 5132 2257 5169 τοι
2288 5116 2589 5188 ὑπάρχουσι
2619 5120 2707 5173 διὰ
2740 5124 2918 5194 γάμου
2946 5127 3322 5198 γεγενημένοι.
3356 5130 3467 5184 Kal
3493 5133 3542 5184 εί
3598 5133 3765 5202 μόνον

2176 5213 2436 5282 τυγχάνει
2469 5215 2501 5285 ή
2546 5215 2679 5284 ἁγία
2706 5216 2799 5270 τοῦ
2835 5217 2976 5272 Θεοῦ
3016 5220 3312 5293 Ἐκκλησία
3349 5223 3459 5279 τῶν
3485 5225 3565 5295 τῷ
3597 5227 3759 5298 γάμῳ

2178 5302 2627 5374 ἁποταξαμένων,
2654 5306 2842 5359 οὑκέτι
2880 5310 2909 5360 ὁ
2935 5309 3112 5379 γάμος
3138 5312 3203 5363 ἐκ
3241 5310 3378 5365 Θεοῦ
3409 5313 3691 5385 ὑπάρχων,
3722 5316 3758 5375 ή

2178 5393 2328 5444 πᾶσα
2358 5394 2817 5467 παιδοποιουμένη
2866 5398 3123 5463 ὑπόθεσις
3142 5418 3155 5430 ·
3192 5402 3301 5475 ἄρα
3350 5404 3444 5456 καὶ
3476 5405 3628 5458 αὑτοὶ
3660 5404 3737 5457 ἀλ-

2176 5484 2375 5555 λότριοι
2403 5486 2537 5540 Θεοῦ
2570 5488 2908 5561 ὑπάρχουσιν
2933 5491 3042 5545 ἀπὸ
3061 5493 3319 5548 τοιούτων
3345 5496 3755 5566 γεγεννημένοι.

2178 5574 2287 5627 Ποῦ
2326 5578 2506 5632 τοίνυν
2545 5580 2606 5633 τὸ
2654 5583 2977 5653 εἰρημένον,
3020 5586 3088 5639 Ἀ
3117 5589 3151 5641 ό
3186 5586 3332 5653 Θεὸς
3369 5588 3758 5653 συνέζευξεν,

2176 5666 2483 5735 ἅνθρωπος
2505 5670 2592 5741 μὴ
2637 5671 2955 5743 χωριζέτω;
2994 5676 3068 5730 Τὸ
3118 5678 3218 5748 μὲν
3247 5678 3355 5749 γὰρ
3388 5679 3483 5733 ἀπ’
3507 5681 3772 5752 ἀνάγκης-
