4176 6386
412 410 543 477 1041

1070 409 1194 466 Al“
1212 410 1441 469 EllSUS
1474 412 1820 470 ILERESES
1861 413 1987 472 LIB.

2119 414 2282 471 ΤΟΜ.
2326 419 2367 471 l.
2409 450 2480 462 -
2521 416 2795 474 "ashes.
2837 420 2974 476 LXI.

3548 425 3567 479 l
3581 423 3687 476 M2

413 527 691 600 χωρίζειν,
726 526 836 581 άπὸ
864 527 1155 600 ἀνθρώπου
1186 531 1442 603 ὑπάρχει·
1464 532 1524 585 τὸ
1543 532 1601 586 δὲ
1639 534 1776 605 μετὰ
1807 551 1990 603 προαι-

2101 542 2223 601 cs‘t;
2258 544 2457 605 sponte
2480 551 2612 591 vero
2639 538 2923 592 continere
2952 553 3095 606 sese,
3126 554 3233 593 non
3273 538 3510 595 hmninis
3539 556 3681 606 esse,

414 621 619 693 ρέσεως
668 620 1096 691 ὲγκρατειῖεσθαι
1128 623 1230 676 οὐκ
1273 624 1565 695 ἀνθρώπου
1611 625 1831 692 ἔδειξεν,
1863 626 1999 680 ἀλλὰ

411 711 547 767 Θεοῦ
582 712 644 765 τὸ
686 712 870 784 ἔργον.
908 714 1020 766 Kal
1050 711 1163 784 ἔχει
1200 714 1299 785 μὲν
1342 716 1375 785 ἡ
1407 714 1549 767 κατά
1594 714 1755 784 φύσιν
1783 716 1998 787 ἀνάγκη

413 803 673 868 πολλάκις
706 803 934 876 μέμψινθ
980 804 1065 858 ὅτι
1107 806 1167 859 οὐ
1219 807 1359 877 μετά
1404 807 1744 876 εὐλογιστίας
1791 808 1851 861 τὸ
1902 809 2001 860 ἐπ-

411 897 649 965 άναγκες
670 895 1018 963 ἓπιτελεῖται,
1049 897 1186 951 ἀλλὰ
1205 898 1360 962 ἐκτὸς
1376 898 1470 951 τοῦ
1490 899 1714 964 κανόνος
1742 898 1995 971 βέϐηκεν.

412 989 489 1042 Οὐ
523 989 633 1060 γάρ
682 990 996 1058 ἐπάναγκες
1026 992 1060 1060 ἡ
1106 991 1416 1045 θεοσέϐεια·
1448 992 1587 1046 ἀλλά
1633 995 1697 1046 ὲκ
1742 994 2000 1067 προαιρέ-

413 1096 552 1143 σεως
582 1079 974 1153 ήδικαιοσύνη.
1013 1080 1099 1134 Τά
1124 1081 1185 1135 δὲ
1221 1081 1381 1151 φύσει
1414 1084 1496 1147 εἰς
1542 1084 1853 1139 θεοσέϐειαν
1900 1085 1999 1138 ἐπ-

412 1171 650 1240 άναγκες
696 1173 907 1244 φανερά
947 1174 1130 1240 ἐστιν,
1162 1173 1199 1228 ἃ.
1228 1177 1293 1247 τῇ
1340 1176 1501 1245 φύσει
1534 1177 1993 1249 ὲπιμεμέτρηται.

412 1255 538 1314 Οἷον
566 1261 629 1313 τὸ
660 1259 736 1331 μὴ
767 1260 1073 1332 πορνεύειν,
1106 1263 1168 1316 τὸ
1210 1264 1285 1334 μὴ
1316 1264 1612 1335 μοιχεύειν,
1642 1267 1703 1319 τὸ
1730 1268 1805 1337 μὴ
1835 1268 1996 1321 ἀσελ-

412 1349 642 1418 γαίνειν,
672 1350 735 1403 τὸ
785 1352 860 1424 μὴ
899 1355 957 1405 ἐν
985 1352 1166 1424 ταυτῷ
1209 1354 1655 1426 δευτερογαμεῖν,
1691 1356 1753 1409 τὸ
1787 1358 1861 1430 μὴ
1892 1359 1997 1430 άρ-

411 1443 631 1508 πάζειν,
663 1445 726 1498 τὸ
761 1444 837 1516 μὴ
870 1445 1093 1511 ἀδικεῖν,
1142 1446 1203 1501 τὸ
1251 1447 1324 1518 μὴ
1364 1447 1604 1517 μεθύειν,
1649 1449 1711 1502 τὸ
1748 1451 1821 1521 μὴ
1859 1451 1995 1522 ἀδη-

409 1537 632 1604 φαγεῖν,
661 1535 723 1588 τὸ
778 1536 853 1607 μὴ
897 1537 1303 1609 φαρμακεύειν,
1340 1539 1402 1592 τὸ
1445 1540 1521 1611 μὴ
1564 1540 1996 1614 εἰδωλολατρεῖν,

409 1628 473 1681 τὸ
506 1628 579 1698 μὴ
614 1628 885 1696 φονεύειν,
914 1628 976 1681 τδ
1012 1628 1086 1700 μὴ
1114 1630 1482 1701 καταρᾶσθαι,
1517 1632 1581 1685 τὸ
1612 1633 1687 1704 μὴ
1713 1633 1994 1705 λοιδορεῖν,

410 1720 472 1773 τὸ
508 1719 583 1790 μὴ
611 1719 859 1791 ὀμνύναι,
886 1721 1215 1789 ἀγανακτεῖν
1237 1738 1296 1774 τε
1325 1723 1419 1776 καὶ
1446 1723 1584 1793 ταχὺ
1631 1723 1991 1795 πραΰνεσθαι,

409 1812 725 1884 ὀργίζεσθαι
758 1813 852 1865 καὶ
886 1813 961 1884 μὴ
1012 1814 1370 1884 ἁμαρτάνειν,
1405 1814 1479 1886 μὴ
1527 1814 1800 1868 ἐπιδύνειν
1843 1814 1993 1887 ἥλιον

2102 628 2196 683 sed
2246 627 2339 683 Dei
2371 644 2508 699 Opus
2538 630 2795 686 ostendit.
2826 629 2904 683 Ad
2935 632 3046 686 haec
3080 632 3343 687 naturalis
3370 633 3459 686 illa
3489 648 3684 687 neces-

2103 721 2241 776 sitas
2266 721 2427 776 habet
2446 737 2589 790 smpe
2605 723 3112 793 reprehensionem,
3135 724 3392 794 quoniam
3409 724 3459 777 id
3481 724 3680 793 ipsum,

2103 814 2247 883 quod
2282 814 2595 869 necessario
2637 815 2956 885 impositum
2991 824 3096 879 est,
3130 831 3237 869 non
3275 822 3423 869 recto
3453 815 3685 869 consilio

2103 918 2167 957 ac
2217 903 2430 958 ratione
2477 903 2781 974 perﬁcitur,
2809 904 2906 963 sed
2961 904 3106 958 intra
3161 904 3406 974 regulam
3457 904 3686 959 minime

2100 994 2436 1049 continetur.
2469 993 2587 1049 Non
2642 997 2790 1051 enim
2842 995 2897 1050 vi
2940 996 3312 1066 extorquenda
3356 996 3530 1065 pietas
3577 1001 3681 1053 est.

2102 1084 2195 1139 sed
2227 1084 2457 1140 consilio
2484 1084 2561 1139 ac
2588 1086 2870 1141 voluntate
2896 1085 3115 1156 iustitia
3150 1086 3472 1154 suscipitur.
3521 1083 3683 1156 507

2101 1175 2272 1230 Porro
2297 1191 2417 1246 quae
2442 1176 2509 1231 ad
2534 1177 2789 1247 pietatem
2820 1179 3039 1248 preprie
3068 1188 3198 1234 sunt
3230 1179 3539 1234 necessaria
3573 1195 3686 1233 ma-

2100 1267 2299 1322 nifesta
2322 1275 2474 1332 sunt,
2508 1284 2630 1339 quae
2658 1270 2868 1325 scilicet
2895 1270 3147 1325 homines
3179 1278 3389 1324 naturae
3417 1270 3565 1325 velut
3587 1268 3684 1323 ad-

2098 1359 2425 1414 metiuntur.
2459 1357 2633 1425 Quale
2662 1369 2745 1416 est
2781 1376 2796 1413 :
2838 1376 2947 1416 non
2979 1361 3267 1426 fornicari,
3299 1378 3477 1433 neque
3528 1362 3685 1415 adul-

2100 1451 2298 1504 terium
2338 1459 2675 1522 perpetrare,
2707 1468 2817 1507 non
2868 1453 3162 1509 libidinose
3224 1469 3283 1509 sc
3323 1470 3534 1525 gerere,
3572 1470 3682 1508 non

2100 1544 2374 1599 secundas
2422 1545 2614 1600 eodem
2662 1555 2908 1615 tempore
2942 1546 3166 1616 nuptias
3193 1546 3541 1613 contrahere,
3574 1561 3681 1599 non

2100 1650 2313 1703 rapere,
2344 1651 2454 1691 non
2492 1636 2752 1706 iniuriam
2789 1636 2990 1702 facere,
3019 1653 3129 1692 non
3161 1637 3445 1701 inebriari,
3480 1653 3586 1691 non
3626 1654 3685 1692 se

2098 1726 2238 1783 cibis
2263 1727 2621 1799 ingurgitare,
2650 1744 2763 1784 non
2794 1729 3117 1783 venelicium
3149 1744 3363 1798 parare,
3402 1743 3507 1782 non
3538 1728 3682 1781 idola

2099 1820 2301 1883 colere,
2330 1838 2439 1875 non
2481 1821 2757 1887 occidere,
2786 1837 2894 1877 non
2928 1822 3242 1893 imprecari,
3275 1838 3383 1877 non
3418 1822 3683 1877 convitia.-

408 1903 503 1965 ἐπὶ
552 1902 630 1974 τῷ
686 1903 1074 1975 παροργισμῷ.
1127 1904 1219 1974 Τῷ
1272 1904 1329 1957 δὲ
1370 1907 1385 1936 ¹
1436 1906 1601 1976 γάμῳ
1654 1905 1990 1976 συναφθῆναι

2096 1913 2169 1979 ri,
2200 1930 2309 1969 non
2351 1914 2559 1984 jurare,
2594 1930 2927 1971 succensere
2988 1930 3052 1969 ac
3096 1916 3208 1970 cito
3257 1914 3486 1986 placari,
3519 1914 3682 1969 irasci

411 1999 553 2069 μετὰ
583 1999 863 2070 εὐνομίας,
894 2002 927 2068 ἡ
974 1999 1135 2068 φύσις
1162 2000 1393 2073 δηλώσει
1422 2003 1487 2055 ὲκ
1508 2001 1645 2075 Θεοῦ
1670 2002 1988 2073 ἐκτισμένη,

410 2092 507 2145 καὶ
541 2092 930 2164 ὲπιτραπεῖσα.
978 2093 1089 2147 Καὶ
1129 2093 1199 2147 τά
1246 2093 1404 2159 ἄλλα,
1450 2094 1551 2147 ὃσα
1594 2095 1712 2147 ἐστὶ
1739 2093 1990 2159 τοιαῦτα,

407 2182 551 2236 κατὰ
578 2182 804 2256 θάτερον
836 2184 947 2255 ἔχει
974 2185 1074 2256 τῆς
1098 2185 1405 2256 ἐπισκοπῆς
1426 2184 1488 2237 τὸ
1522 2185 1740 2256 μέτρον.

2100 2021 2201 2061 nec
2236 2022 2486 2076 peccare,
2513 2008 2683 2063 solem
2714 2023 2880 2079 super
2911 2007 3250 2061 iracundiam
3281 2021 3387 2060 non
3412 2005 3681 2061 occidere.

2099 2097 2318 2169 Nuptiis
2365 2115 2495 2155 vero
2545 2101 2791 2170 copulari
2847 2099 3129 2171 legitimis,
3162 2099 3246 2154 vel
3277 2105 3473 2152 natura
3508 2098 3625 2166 ipsa
3653 2113 3681 2149 a

2102 2189 2212 2246 Deo
2241 2192 2460 2246 condita
2489 2192 2817 2262 permiSsum
2860 2192 2965 2247 sibi
3008 2208 3130 2248 esse
3182 2192 3530 2245 monstrabit.
3566 2189 3684 2244 Cae-

408 2277 824 2345 tera'denique,
857 2295 980 2351 qua:
1028 2279 1275 2350 ejusdem
1326 2281 1557 2337 rationis
1608 2289 1758 2344 sunt,
1792 2280 1860 2336 ad
1911 2282 2237 2342 alterutrum
2285 2303 2479 2359 genus,
2530 2304 2628 2359 pro
2662 2287 2825 2344 modo
2895 2303 3018 2354 suo,
3076 2303 3138 2342 ac
3183 2303 3463 2349 mensura,
3522 2300 3679 2340 revo-

407 2372 517 2426 cari
551 2383 799 2443 possunt.

476 2487 551 2541 B'.
599 2487 738 2541 Ἀλλ’
768 2488 844 2552 ὡς
876 2490 1006 2560 περὶ
1031 2490 1237 2544 τούτων
1266 2493 1437 2545 εἰπεῖν
1471 2491 1902 2564 προειλήφαμεν,
1932 2492 1993 2544 ὲν

407 2578 567 2650 ὀλίγῳ
600 2578 763 2651 χώρῳ
809 2573 956 2635 οὗτοι
994 2583 1319 2654 ὑπάρχουσι,
1358 2584 1488 2657 περὶ
1521 2586 1621 2657 τὴν
1661 2584 1898 2657 Φρυγίαν
1930 2577 1991 2638 τε

408 2670 499 2723 καὶ
532 2670 806 2736 Κιλικίαν,
834 2673 928 2726 καὶ
951 2674 1295 2743 Παμφυλίαν.
1341 2677 1407 2729 Τί
1426 2675 1519 2730 οὖν
1542 2678 1650 2749 ἄρα
1666 2678 1992 2731 ἐκκόπτεται

408 2760 439 2830 ἡ
481 2758 776 2831 Ἐκκλησία
805 2763 838 2833 η
868 2762 975 2815 ἀπὸ
1003 2763 1107 2833 γῆς
1136 2765 1387 2836 περάτων
1417 2767 1546 2838 ἄχρι
1576 2767 1680 2838 γῆς
1710 2767 1985 2837 περάτων,

406 2853 500 2905 καὶ
528 2853 711 2906 ούκέτι
744 2856 831 2919 εις
856 2854 1064 2911 πᾶσαν
1091 2855 1207 2926 τὴν
1236 2857 1351 2929 γῆν
1375 2858 1634 2929 ἐξῆλθεν
1666 2863 1699 2914 ὁ
1726 2861 1987 2930 φθόγγος

403 2944 623 3021 ίιὺτῶν,
636 2944 733 2999 καὶ
750 2949 836 3013 εὶς
851 2947 923 3001 τὰ
938 2949 1162 3016 πέρατα
1176 2949 1287 3019 τῆς
1300 2950 1656 3021 οἰκουμένης
1672 2952 1744 3005 τὰ
1748 2952 1989 3020 ῥήματα

403 3004 633 3101 (fortitr;
653 3037 787 3091 υύδὲ
809 3004 1083 3093 οὐκέτι’τὸ
1105 3004 1374 3113 παράιτοῦ
1394 3004 1648 3115 Σιότῆρός
1673 3004 1983 3113 εἰρημδένον,

403 3129 486 3193 τὸ,
516 3130 771 3185 Ἕσεσθέ
803 3150 904 3200 μοι
937 3131 1238 3203 μάρτυρες
1272 3134 1382 3200 ἕως
1411 3135 1675 3205 ἐσχάτου
1707 3134 1816 3204 τῆς
1843 3134 1986 3204 γῆςξ

2169 2485 2234 2543 ΙΙ.
2263 2485 2465 2543 Verum
2501 2497 2578 2553 ut,
2607 2503 2729 2559 qua:
2752 2488 2820 2544 de
2848 2488 2955 2544 illis
2984 2497 3219 2544 tractare
3244 2490 3537 2560 ccepimus,
3568 2508 3685 2561 pcr-

2099 2595 2416 2651 sequamur,
2449 2581 2703 2636 habitant
2738 2581 2815 2635 illi
2851 2583 2905 2636 in
2951 2582 3148 2652 exigua
3182 2582 3414 2651 quadam
3460 2584 3683 2655 regione

2097 2672 2367 2745 Phrygia,
2424 2672 2631 2729 Cilicia:
2661 2689 2726 2728 ac
2772 2672 3124 2745 Pamphyliae.
3171 2673 3313 2739 Quid
3344 2675 3549 2745 igitur?
3582 2676 3682 2731 Er-

2095 2783 2235 2839 gone
2265 2766 2527 2827 Ecclesia.
2552 2781 2672 2835 qua:
2701 2764 2768 2819 ad
2802 2773 3090 2836 utramque
3122 2777 3390 2822 terrarum
3421 2769 3680 2847 extremi-

2094 2864 2260 2911 tatem
2292 2853 2611 2926 porrigitur.
2666 2855 2885 2924 penitus
2912 2854 3275 2922 exseinditur,
3310 2871 3412 2910 nec
3444 2858 3679 2927 amplius

2092 2931 2149 3000 in
2197 2961 2403 2999 omnem
2446 2954 2643 2998 terram
2681 2944 2840 2998 exivit
2890 2960 3051 2998 sonus
3092 2960 3295 3007 eorum,
3343 2954 3393 2999 et
3440 2946 3494 2998 in
3546 2947 3677 3015 ﬁnes

2093 3037 2235 3092 orbis
2278 3046 2433 3091 terrae
2457 3035 2613 3091 verba
2642 3052 2822 3090 eorum
2856 3034 2916 3088 '?
2951 3033 3063 3089 Nec
3094 3034 3226 3089 illud
3266 3035 3427 3101 valet,
3468 3038 3612 3107 quod
3647 3053 3678 3091 λ

2096 3130 2385 3185 Servatore
2415 3128 2620 3183 dictum
2650 3136 2734 3183 est
2756 3147 2768 3182 :
2788 3126 2953 3182 Eritis
2979 3127 3108 3180 mihi
3127 3137 3281 3181 testes
3314 3145 3474 3199 usque
3499 3129 3568 3182 ad
3589 3132 3677 3182 ul-

404 3221 469 3274 Εἱ
501 3222 599 3292 μὲν
620 3223 728 3294 γὰρ
749 3225 849 3277 οὐκ
871 3222 1018 3278 ἐστιν
1039 3227 1096 3280 ὲν
1126 3227 1417 3298 σεμνότητι
1447 3229 1475 3279 ὁ
1498 3229 1695 3298 γάμος,
1716 3228 1811 3281 καὶ
1840 3227 1984 3299 ζωὴν

2095 3224 2276 3278 timum
2305 3232 2460 3277 terra:
2490 3222 2546 3275 ‘i
2589 3220 2884 3276 Enimvero
2915 3221 2960 3275 si
2990 3220 3287 3277 honestatis
3318 3222 3451 3275 nihil
3478 3222 3677 3277 habent

404 3314 542 3385 ἔχων
590 3317 618 3368 ό
655 3316 851 3386 γάμος,
900 3317 1233 3388 γεννηθῶσιν
1270 3318 1397 3372 ἄνευ
1442 3319 1625 3389 γάμου
1648 3336 1659 3347 ·
1713 3320 1761 3372 εἰ
1797 3319 1853 3372 δὲ
1879 3319 1989 3373 ἀπὸ

414 3406 582 3475 γάμου
614 3408 934 3475 γεννῶνται,
962 3408 1069 3481 ἄρα
1092 3407 1308 3480 βέϐηλοί
1335 3412 1441 3463 εἱσι
1470 3410 1556 3463 διὰ
1586 3410 1677 3463 τὸν
1698 3409 1896 3480 γάμον.
1922 3409 1987 3461 Εἰ

401 3496 460 3549 δὲ
512 3496 667 3551 αὐτοὶ
712 3497 863 3568 μόνοι
904 3498 1004 3552 οὐκ
1055 3500 1162 3553 εἰσὶ
1214 3499 1468 3571 βέϐηλοι,
1528 3501 1772 3569 καίτοιγε
1827 3499 1980 3565 ὅντες

402 3584 511 3638 ἀπὸ
546 3586 748 3657 γάμου,
802 3587 864 3640 ού
910 3587 1133 3660 βέϐηλος
1167 3591 1195 3643 ὁ
1234 3590 1438 3661 γάμος·
1494 3590 1628 3643 διότι
1656 3592 1786 3645 ἄνευ
1820 3590 1987 3645 αὑτοῦ

401 3676 580 3740 οὐδεὶς
611 3677 1003 3750 γεννηθήσεται
1038 3696 1169 3732 ποτε
1201 3682 1258 3735 ὲν
1294 3680 1503 3752 κόσμῳ.
1549 3681 1659 3735 Καὶ
1696 3679 1864 3751 πολλή
1901 3681 1988 3744 τίς

403 3769 552 3821 ἐστιν
600 3770 633 3839 ἡ
673 3768 784 3822 τῶν
827 3769 1131 3843 ἀνθρώπων
1181 3772 1380 3844 πλάνη,
1437 3772 1527 3825 διὰ
1572 3774 1845 3839 ποικιλίας
1894 3774 1989 3828 καὶ

405 3860 615 3914 πολλῶν
640 3862 965 3933 προφάσεων
990 3865 1341 3939 ἐργασαμένη
1371 3867 1432 3920 τὸ
1455 3865 1657 3935 φαῦλον
1683 3868 1748 3938 τῇ
1778 3866 1990 3938 ἅνθρω-

406 3955 537 4026 πείᾳ
570 3954 749 4022 φύσει,
789 3957 883 4009 καὶ
915 3956 1238 4028 πλανήσασα
1270 3958 1502 4013 ἕκαστον
1534 3959 1622 4014 διὰ
1657 3960 1990 4031 προφάσεως

405 4045 514 4097 ἀπὸ
535 4044 635 4115 τῆς
664 4044 942 4116 ἀληθείας.

475 4237 551 4298 Γ.
590 4241 701 4294 Kal
724 4239 838 4309 ἔχει
870 4239 970 4310 μὲν
995 4234 1088 4293 οὖν
1121 4240 1419 4305 άποταξίαν
1446 4243 1479 4311 ἡ
1518 4240 1845 4314 Ἐκκλησίαο
1876 4243 1991 4296 ἀλλ’

405 4335 467 4388 οὐ
486 4333 827 4405 βδελύττεται
842 4333 934 4385 τὸν
951 4333 1145 4404 γάμον.
1167 4335 1277 4388 Καὶ
1292 4334 1403 4403 ἔχει
1419 4334 1805 4406 ἀκτημοσύνην
1819 4352 1834 4366 ·
1854 4335 1997 4391 ἀλλὰ.

404 4426 505 4478 οὐκ
523 4427 548 4478 ὲ
559 4426 810 4496 παίρεται
822 4426 841 4455 ¹
860 4424 967 4478 τῶν
979 4427 1035 4478 ἐν
1052 4408 1240 4497 κτήσει
1253 4425 1599 4497 δικαιοσύνης
1613 4427 1988 4498 ὑπαρχόντων,

405 4515 500 4568 καὶ
537 4517 601 4568 ὲκ
639 4514 748 4567 τῶν
795 4514 939 4568 ἰδίων
982 4515 1183 4583 γονέων
1211 4515 1462 4585 ἐχόντων,
1502 4516 1649 4579 ὅπως
1677 4517 1888 4581 ἑαυτοῖς
1929 4534 1989 4570 τε

403 4608 502 4662 καὶ
521 4612 633 4673 τοῖς
650 4608 1022 4679 ἐπιδεομένοις
1048 4609 1375 4680 ἐπαρκέσαι.
1400 4608 1509 4663 Καὶ
1529 4609 1822 4678 ἀπέχονται
1848 4609 1990 4683 βρω-

407 4702 594 4771 μάτων
620 4700 805 4754 πολλοί
828 4719 843 4732 ’
892 4700 1008 4755 ἀλλ’
1036 4701 1096 4754 οὐ
1124 4700 1441 4770 φυσιοῧνται
1474 4700 1614 4754 κατὰ
1635 4700 1743 4755 τῶν
1784 4703 1857 4773 μὴ
1885 4703 1989 4754 άπ-

403 4793 699 4864 εχομένων.
733 4794 790 4846 Ὀ
811 4793 921 4864 γὰρ
942 4793 1162 4847 ἐσθίων
1178 4793 1285 4847 τὸν
1300 4792 1386 4862 μὴ
1407 4793 1692 4847 ἐσθίοντα
1713 4794 1799 4864 μὴ
1817 4795 1988 4859 ἐξου-

405 4886 644 4939 θενείτω
667 4903 682 4916 ο
717 4885 816 4939 καὶ
846 4890 880 4941 ό
910 4886 998 4956 μὴ
1029 4888 1246 4941 ἐσθίων
1280 4887 1391 4940 τὸν
1422 4887 1717 4942 ἐσθίοντα·
1732 4887 1819 4956 μὴ
1862 4905 1986 4955 xpe-

404 4978 573 5032 νέτω.
604 4978 835 5047 Χριστῷ
862 4979 972 5050 γὰρ
998 4979 1185 5033 ἐσθίει
1209 4979 1303 5032 καὶ
1334 4979 1513 5032 πίνει.
1554 4979 1666 5031 Kal
1695 4980 1826 5051 ὁρᾷς
1858 4979 1986 5050 μίαν

405 5067 677 5137 ὁμόνοιαν,
708 5066 805 5119 καὶ
851 5068 977 5138 μίαν
1025 5067 1237 5129 ἐλπίδα,
1279 5069 1372 5121 καὶ
1418 5069 1546 5138 μίαν
1599 5068 1782 5121 πίστιν
1829 5070 1887 5120 ἐν
1918 5069 1984 5137 τῇ

419 5158 733 5231 Ἐκκλησία,
769 5160 984 5229 ἑκάστῳ
1016 5160 1379 5231 χαριζομένην
1415 5160 1555 5213 κατὰ
1594 5159 1693 5231 τὴν
1731 5159 1865 5213 ἰδίαν
1894 5159 1987 5213 δύ-

405 5268 592 5321 ναμιν,
616 5250 710 5303 καὶ
731 5250 871 5303 κατὰ
896 5250 987 5303 τὸν
1010 5251 1139 5303 ἴδιον
1164 5250 1351 5317 ἀγῶνα
1374 5250 1468 5303 τοῦ
1495 5251 1775 5321 καμάτους
1803 5251 1989 5303 Ἔοικε

406 5340 463 5393 δὲ
492 5342 526 5410 ἡ
558 5339 692 5407 άγία
714 5338 808 5391 τοῦ
839 5339 975 5391 θεοῦ
1016 5339 1308 5409 Ἐκκλησία
1339 5340 1451 5402 νηῒ.
1495 5340 1645 5404 Nai;
1676 5340 1733 5393 δὲ
1752 5340 1853 5393 οὐκ
1880 5340 1988 5392 ἀπὸ

410 5433 524 5495 ἑνὸς
571 5430 729 5497 ξύλου
776 5432 1097 5502 ἁρμόζεται,
1139 5430 1254 5485 ἀλλ’
1300 5432 1365 5483 ἐκ
1396 5431 1690 5505 διαφόρων.
1745 5432 1854 5484 Kal
1884 5431 1985 5500 τὴν

411 5527 509 5599 μὲν
538 5524 730 5589 τρόπιν
761 5523 869 5576 άπὸ
900 5522 1018 5586 ἑνὸς
1048 5522 1204 5590 ξύλου
1234 5524 1519 5593 κέκτηται,
1555 5522 1689 5576 ἀλλὰ
1728 5524 1790 5575 ού
1827 5539 1984 5595 μονο-

408 5618 598 5681 δόλως·
631 5615 730 5681 τὰς
760 5615 817 5669 δὲ
836 5615 1080 5687 ἀγκύρας
1109 5617 1331 5688 ἑτέρων.
1368 5617 1660 5688 Περιτόνεά
1683 5634 1741 5669 τε
1767 5620 1860 5671 καὶ
1884 5633 1980 5670 σα-

479 5824 495 5856 ¹
531 5821 594 5880 F.
619 5824 681 5878 τὸ
700 5825 774 5880 δέ.

863 5824 883 5855 ³
915 5822 1072 5881 Deest
1101 5823 1261 5879 κατά.
1333 5823 1352 5855 ³
1378 5822 1521 5879 Psal.
1552 5838 1701 5889 xvm,
1735 5824 1786 5878 5.
1863 5822 1883 5854 ³
1913 5821 2032 5879 Aet.
2068 5838 2106 5890 ι,
2129 5822 2178 5877 5.

2088 3315 2316 3386 nuptiae,
2353 3329 2454 3368 nec
2488 3314 2595 3367 ulla
2630 3312 2711 3367 eis
2744 3312 2867 3365 vita:
2894 3326 3022 3381 spes
3054 3313 3412 3382 relinquitur;
3450 3328 3679 3368 nascan-

2088 3413 2178 3460 tur
2224 3405 2303 3459 illi
2357 3406 2477 3461 sine
2520 3404 2747 3475 nuptiis.
2794 3402 2891 3458 Sin
2929 3419 2997 3458 ει
3044 3403 3251 3473 nuptiis
3297 3404 3569 3468 oriuntur,
3605 3402 3678 3460 ob

2087 3510 2181 3551 cas
2216 3495 2364 3564 ipsas
2403 3493 2600 3564 impuri
2637 3500 2785 3556 sunt,
2818 3500 2873 3547 et
2908 3492 3253 3547 exsecrandi.
3290 3491 3447 3557 Quod
3485 3494 3532 3547 si
3572 3495 3675 3548 soli

2088 3586 2167 3641 illi
2216 3586 2416 3656 impuri
2450 3585 2675 3639 minime
2706 3592 2853 3646 sunt,
2886 3585 3015 3639 lidet
3063 3600 3094 3639 e
3141 3585 3351 3655 nuptiis
3376 3585 3667 3654 propagati

2090 3679 2219 3743 sint,
2254 3694 2362 3733 non
2413 3685 2541 3732 sunt
2581 3677 2810 3746 impura:
2855 3676 3080 3746 nuptias,
3122 3675 3379 3745 quoniam
3415 3675 3536 3730 sine
3567 3678 3603 3730 il
3630 3678 3677 3732 is

2089 3786 2250 3826 nemo
2274 3770 2328 3824 in
2359 3769 2502 3823 hanc
2531 3767 2706 3823 lucem
2734 3767 2952 3839 prodire
2977 3773 3175 3839 potest.
3198 3766 3423 3837 Magnus
3451 3768 3677 3823 omnino

2088 3862 2373 3917 hominum
2416 3861 2636 3914 illorum
2687 3874 2842 3913 error
2873 3865 2980 3926 est,
3029 3858 3122 3929 qui
3173 3858 3345 3921 varia,
3378 3873 3442 3911 ae
3486 3860 3673 3913 multi-

2089 3951 2217 4021 plici
2258 3951 2440 4019 specie
2496 3950 2736 4002 humano
2782 3949 2968 4019 generi
3017 3948 3314 4019 perniciem
3365 3949 3566 4012 attulit,
3616 3961 3671 4003 et

2091 4057 2538 4112 unumquemque
2572 4039 2723 4095 inani
2760 4040 2998 4110 quodam
3046 4047 3309 4113 praetextu
3339 4054 3370 4093 a
3407 4048 3550 4095 recta
3584 4043 3671 4096 via

2089 4132 2339 4188 veritatis
2366 4131 2611 4187 abduxit.

2163 4244 2249 4301 Ill.
2293 4244 2467 4300 Habet
2502 4245 2723 4314 quidem
2754 4243 3213 4299 renuntiationem
3257 4245 3535 4312 Ecclesia;
3576 4248 3669 4303 sed

2091 4352 2202 4392 non
2236 4334 2360 4390 ideo
2390 4333 2739 4389 detestandas
2784 4334 3004 4403 nuptias
3034 4335 3329 4391 existimat.
3367 4335 3539 4392 liabet
3572 4338 3671 4393 bo-

2092 4441 2291 4481 norum
2343 4426 2588 4479 omnium
2642 4424 2905 4493 impiam,
2957 4423 3053 4478 sed
3086 4440 3195 4479 non
3241 4426 3505 4483 adversus
3550 4428 3670 4483 illos

2094 4516 2396 4571 insolenter
2424 4513 2666 4579 eil‘ertur,
2704 4513 2798 4583 qui
2829 4528 2891 4567 ea
2921 4512 3068 4582 juste
3100 4516 3384 4585 possident
3416 4532 3447 4569 a
3478 4534 3669 4587 paren-

2095 4611 2242 4667 tibus
2274 4619 2519 4680 accepta,
2552 4608 2754 4679 quibus
2790 4616 2899 4661 tam
2928 4608 3052 4673 sibi,
3080 4624 3242 4678 quam
3272 4610 3396 4666 aliis
3423 4611 3668 4682 indigen-

2094 4704 2242 4757 tibus
2269 4701 2613 4756 subveniant.
2644 4699 2725 4753 Ad
2752 4698 2866 4753 haec
2895 4714 2925 4752 a
2950 4700 3195 4754 ciborum
3231 4717 3335 4755 usu
3370 4711 3665 4771 temperant

2096 4796 2287 4861 inulti;
2340 4794 2435 4848 sed
2479 4808 2591 4847 non
2638 4800 2829 4847 contra
2861 4807 2963 4848 eos
2996 4794 3089 4863 qui
3128 4793 3237 4849 illis
3276 4801 3529 4857 utuntur,
3574 4810 3665 4848 su-

2096 4889 2262 4957 perbe
2290 4901 2351 4940 se
2377 4891 2595 4956 gerunt.
2634 4885 2743 4951 Qui
2768 4885 2908 4939 enim
2952 4883 3260 4949 manducat,
3294 4901 3397 4938 non
3436 4886 3665 4938 mandu-

2092 4988 2299 5033 cantem
2341 4994 2446 5032 non
2475 4985 2804 5041 contemnat;
2830 4986 2879 5031 et
2917 4978 3007 5046 qui
3029 4993 3136 5030 non
3159 4976 3467 5038 manducet,
3512 4994 3663 5031 man-

2092 5071 2369 5123 ducantem
2426 5084 2529 5120 non
2568 5068 2794 5136 judicet.
2845 5065 3060 5121 Christo
3109 5070 3250 5121 enim
3294 5066 3577 5121 manducet
3619 5084 3662 5121 ει

2090 5159 2221 5213 bibit
2257 5160 2298 5212 ³.
2343 5158 2535 5213 Jamne
2578 5159 2755 5221 vides,
2784 5160 3031 5213 eamdem
3066 5158 3118 5212 in
3156 5157 3398 5213 Ecclesia
3432 5174 3660 5213 c0ncor~

2091 5250 2260 5316 diam,
2293 5249 2650 5318 eamdemque
2694 5264 2869 5317 spem,
2919 5263 2983 5301 ac
3017 5248 3176 5303 [idem
3206 5264 3327 5318 qua;
3373 5250 3666 5318 unicuique

2094 5341 2394 5398 secundum
2432 5342 2708 5410 propriam
2736 5341 2844 5393 vim
2876 5340 3269 5410 propriumque
3318 5340 3517 5393 laboris
3551 5356 3663 5393 eer-

2095 5444 2274 5487 tamen
2306 5432 2612 5502 gratilicare
2644 5430 2865 5485 studet?
2907 5430 3072 5501 508
3102 5429 3313 5483 Etenim
3352 5438 3537 5483 sancta
3575 5429 3665 5482 Dei

2095 5524 2338 5578 Ecclesia
2375 5523 2497 5577 navi
2528 5522 2746 5575 cuidam
2786 5522 2981 5577 similis
3014 5529 3117 5577 est.
3154 5519 3319 5576 Navis
3362 5536 3524 5591 porro
3558 5537 3664 5573 non

2090 5633 2155 5671 ex
2180 5616 2341 5671 unica
2370 5614 2574 5679 tabula,
2610 5615 2702 5669 sed
2738 5629 2804 5669 ex
2833 5614 3066 5670 diversis
3099 5621 3530 5685 coaginentatur.
3570 5611 3647 5664 lla

2257 5823 2277 5854 ³
2302 5820 2460 5876 Rom.
2489 5837 2600 5889 xiv,
2630 5821 2685 5887 3,
2716 5820 2768 5875 5.
