4176 6386
535 321 676 385 1045
1426 374 1429 377 .
1933 332 1992 387 S.
2026 331 2116 389 ΕΡ.

2216 331 2369 387 IAN"
3637 330 3796 393 £0“

536 440 626 494 bet
658 438 803 494 enim
840 454 905 494 es
955 456 1065 495 uno
1113 440 1330 512 quidem
1375 440 1523 513 ligno
1557 442 1822 509 carinam,
1856 443 1953 500 sed
2000 460 2106 499 non

2216 446 2380 511 νίδας,
2414 448 2506 500 καί
2537 448 2604 501 τὰ
2636 449 3165 521 ὲγκυλίσματάδμθ)
3191 467 3272 515 τε,
3319 451 3412 504 καὶ
3459 449 3600 521 μέρη
3636 454 3796 521 πρύ-

536 545 648 585 uno
695 543 759 584 ac
789 530 1026 601 simplici
1075 532 1274 598 modo;
1330 533 1585 588 anchora:
1631 531 1828 589 deinde
1878 534 2104 590 alterius

2216 554 2379 608 μνης,
2398 538 2493 590 καὶ
2519 540 2735 609 τοίχων,
2759 542 2851 593 καὶ
2872 539 3230 612 ζυγωμάτων,
3260 541 3444 594 ἱστίων
3471 557 3529 593 τε
3553 541 3648 593 καὶ
3669 558 3791 609 πη-

532 621 748 691 generis
787 634 935 677 sunt.
969 620 1108 676 Tum
1133 625 1444 694 peritonaea,
1474 624 1737 689 tabulata,
1782 626 2101 687 statumina,

532 728 597 769 ac
655 715 879 785 puppis,
927 715 1158 770 laterum
1198 724 1675 787 transtrorumque
1721 726 1923 788 partes,
1964 720 2103 786 vela,

532 812 797 867 temones,
830 803 1151 874 phalangas,
1184 805 1493 869 manubria,
1527 805 1733 872 clavos,
1778 821 1843 862 ac
1895 808 2103 879 reliqua

530 894 714 948 omnia
742 894 893 949 vario
934 910 1000 950 ex
1035 897 1273 951 materiae
1304 910 1501 967 genere
1530 905 2003 969 coagmentantur.
2034 900 2105 952 At

533 998 871 1056 unaquaeque
905 986 1130 1041 istarum
1156 987 1431 1043 haereseon
1457 989 1618 1044 unico
1648 988 1795 1060 ligno
1821 997 2102 1053 constans,

532 1073 790 1131 Ecclesia:
816 1087 999 1131 notam
1030 1093 1094 1132 ac
1120 1077 1491 1134 characterem
1523 1095 1634 1150 prae
1677 1096 1738 1136 se
1770 1095 1879 1135 non
1920 1081 2102 1137 habet.

529 1167 731 1221 Contra
765 1165 857 1222 Dei
906 1166 1148 1223 Ecclesia
1179 1168 1440 1225 honestas
1468 1171 1690 1241 nuptias
1730 1170 1993 1236 admittit,
2040 1187 2106 1228 ac

528 1258 880 1312 veneratione
910 1261 1279 1329 prosequitur.
1305 1263 1551 1319 Honesta
1574 1262 1713 1316 enim
1742 1263 1939 1331 nuptia:
1958 1272 2100 1328 sunt,

528 1352 579 1397 et
610 1353 756 1399 torus
786 1344 1161 1400 immaculatus
1194 1348 1234 1400 ⁸.
1276 1345 1448 1404 Habet
1495 1359 1550 1405 et
1594 1350 2009 1415 continentiam,
2051 1361 2107 1408 et

532 1435 751 1504 quidem
802 1438 1172 1509 singularem,
1216 1455 1447 1511 eamque
1500 1442 1863 1508 commendat,
1920 1452 2107 1515 utpote

533 1540 652 1595 qua:
683 1534 956 1582 certamen
989 1527 1262 1599 quoddam
1301 1530 1553 1601 suscipit,
1585 1531 1862 1602 vitamque
1909 1532 2103 1602 ipsam,

532 1617 689 1685 quasi
742 1617 1018 1689 potentior
1058 1618 1308 1690 despicit.
1361 1619 1475 1677 Nec
1524 1622 1706 1678 minus
1734 1622 2104 1693 virginitatem

532 1709 716 1772 habet,
770 1723 1001 1780 eamque
1053 1726 1381 1782 magnopere
1442 1713 1722 1783 praedicat,
1772 1715 1933 1785 quasi
1978 1729 2104 1770 cum

533 1800 729 1853 virtute
759 1800 1131 1869 coniunctam,
1170 1801 1557 1874 levissimaque
1585 1818 1761 1874 penna
1794 1804 2100 1875 praeditam.
2137 1795 2178 1851 Β

532 1886 640 1943 Nec
668 1888 719 1944 ei
750 1889 948 1946 desunt
978 1891 1115 1946 certi
1150 1890 1420 1955 homines,
1469 1892 1563 1963 qui
1592 1892 1797 1948 mundo
1825 1896 2104 1949 renuntia-

534 1987 661 2035 runt
691 1999 705 2035 :
738 1994 839 2036 nec
872 1980 1135 2039 adversus
1172 1997 1267 2037 eos
1308 1985 1399 2054 qui
1434 1984 1613 2039 adhuc
1661 1984 1715 2041 in
1750 1984 1954 2039 mundo
1982 2000 2106 2041 ver-

535 2083 751 2138 santur,
798 2082 1119 2145 arroganter
1165 2076 1525 2144 insolescunt,
1573 2075 1670 2132 sed
1717 2077 1785 2134 iis
1834 2078 1969 2149 ipsis
2009 2077 2106 2134 de-

534 2165 822 2220 lectantur.
873 2162 1079 2236 Quales
1118 2167 1250 2221 olim
1295 2168 1529 2238 apostoli
1576 2167 1818 2233 luerunt,
1856 2168 2101 2223 omnium

535 2257 741 2311 scilicet
787 2272 969 2313 rerum
1004 2260 1353 2329 possessione
1397 2260 1574 2315 vacui.
1612 2262 1728 2316 Imo
1760 2268 1816 2315 et
1852 2258 2104 2315 Salvator

534 2364 649 2417 ipse
681 2347 945 2407 Dominus
972 2352 1240 2418 omnium,
1283 2366 1409 2407 cum
1454 2351 1511 2407 in
1552 2351 1654 2407 hac
1683 2366 1850 2408 carne
1874 2352 2102 2419 viveret,

535 2443 669 2497 nihil
700 2459 765 2499 ex
797 2444 951 2501 hisce
995 2445 1229 2501 temnis
1262 2445 1427 2501 rebus
1459 2444 1742 2516 possidere
1777 2444 1968 2499 voluit.
1999 2442 2103 2499 Ne-

2201 628 2420 693 δαλίων,
2465 631 2640 683 ὀκνῶν
2676 648 2735 683 τε
2768 633 2862 685 καὶ
2889 632 3170 702 αὐχενίων,
3204 635 3421 687 οἰάκωνο
3436 650 3494 685 τε
3539 635 3633 685 καὶ
3667 635 3789 686 τῶν

2203 718 2385 772 ἄλλων
2407 720 2644 785 πάντων,
2677 723 2743 774 ὲκ
2767 720 3039 792 διαφόρων
3067 721 3238 787 ξύλων
3259 722 3373 793 ἔχει
3399 722 3498 793 τὴν
3532 739 3793 790 συναγω-

2203 810 2330 880 γήν.
2379 810 2617 883 Ἐκάστη
2642 810 2699 864 δι
2724 811 2929 865 τούτων
2958 812 3065 865 τῶν
3091 813 3353 883 αἱρέσεων
3391 814 3679 884 μονόξυλός
3702 833 3795 879 τις

2202 898 2356 967 οὖσα,
2392 902 2483 955 τὸν
2510 903 2836 973 χαρακτῆρα
2861 903 2961 973 τῆς
2993 904 3316 975 Ἑκκλησίας
3344 906 3443 975 οὐχ
3470 907 3792 975 ὑποφαίνει.

2216 996 2281 1049 Ἦ
2307 996 2363 1048 δὲ
2395 994 2529 1063 ἁγία
2562 995 2697 1049 Θεοῦ
2741 996 3034 1066 Ἐκκλησία
3066 996 3175 1065 ἔχει
3214 997 3313 1067 μὲν
3342 997 3517 1067 γάμον
3562 998 3798 1068 σεμνὸν.

2205 1086 2298 1141 καὶ
2331 1087 2466 1157 τιμᾷ
2490 1086 2580 1140 τὸν
2610 1085 2876 1140 τοιοῦτον·
2918 1086 3151 1153 Ἐπειδὴ
3182 1088 3425 1156 τίμιοςό
3450 1087 3655 1156 γάμος,
3684 1088 3797 1140 καὶ

2205 1179 2245 1247 ἡ
2262 1180 2429 1245 κοίτη
2449 1179 2754 1247 ἀμίαντος.
2785 1180 2937 1250 Ἔχει
2952 1179 3279 1251 ἐγκράτειαν
3303 1176 3798 1249 θαυμασιωτάτην,

2206 1272 2298 1323 καὶ
2330 1270 2545 1324 ἐπαινεί
2564 1270 2662 1342 τὴν
2684 1270 2941 1341 τοιαύτην
2961 1286 2974 1301 ·
3004 1270 3191 1339 ἐπειδὴ
3215 1270 3405 1339 ἀγῶνα
3432 1269 3799 1340 ἀγωνίζεται,

2206 1362 2300 1415 καὶ
2324 1361 2694 1432 κατεφρόνησε
2717 1362 2812 1415 τοῦ
2844 1361 2981 1432 βίου,
3013 1362 3089 1425 ὡς
3112 1361 3196 1416 ἔτι
3218 1361 3580 1433 δυνατωτέρα.
3628 1362 3800 1441 Ἔχει

2203 1452 2263 1507 δι
2294 1452 2613 1524 παρθενίαν,
2638 1454 2733 1507 καὶ
2756 1452 3109 1523 ύπερδοξάζει
3128 1454 3229 1525 τὴν
3256 1455 3513 1526 τοιαύτην
3530 1455 3802 1523 ὲνάρετὸν

2204 1555 2329 1593 τινα
2366 1534 2553 1605 οὖσαν,
2594 1540 2689 1595 καὶ
2744 1540 2931 1615 πτερῷ
2968 1545 3285 1614 κουφοτάτῳ
3331 1544 3794 1614 κεκοσμημένην.

2210 1631 2361 1701 Ἔχει
2403 1632 2845 1703 ἁποταξαμόνους
2889 1633 2967 1706 τῷ
3014 1636 3224 1705 κόσμῳ,
3273 1635 3366 1688 καὶ
3401 1635 3477 1705 μὴ
3514 1652 3802 1704 πεφυσια-

2208 1721 2439 1792 σμινους
2477 1722 2619 1777 κατὰ
2640 1724 2750 1778 τῶν
2775 1724 2853 1778 ἔτι
2896 1726 2955 1779 εν
2988 1725 3178 1795 κόσμῳ
3228 1726 3599 1798 ὑπαρχόντων,
3638 1726 3796 1780 ἀλλὰ

2210 1814 2497 1885 χαίροντας
2524 1817 2637 1879 τοῖς
2660 1816 2921 1881 τοιούτοις
2940 1834 2955 1849 ·
2984 1818 3237 1889 καθάπερ
3266 1818 3361 1872 καὶ
3392 1818 3443 1871 οί
3472 1818 3798 1879 ἀπόστολοι,

2208 1904 2362 1959 αὐτοὶ
2391 1905 2490 1975 μὲν
2509 1906 2647 1977 ἀκτή
2658 1923 2817 1977 μονες
2838 1907 3195 1978 ὑπάρχοντες.
3242 1910 3352 1962 Καὶ
3370 1908 3529 1971 αὐτὸς
3553 1910 3580 1959 ὁ
3594 1908 3802 1978 Σωτὴρ

2213 1994 2433 2049 πάντων
2451 1995 2730 2068 Δεσπότης
2755 1997 2851 2064 ὢν,
2873 2000 2933 2051 ἐν
2966 1998 3133 2071 σαρκὶ
3158 2000 3471 2071 γενόμενος,
3499 1998 3654 2053 οὐδὲν
3678 2000 3805 2053 ἀπὺ

2209 2086 2308 2157 τῆς
2341 2086 2446 2157 γῆς
2484 2089 2783 2159 ἐκτήσατοο
2825 2090 2939 2144 ἀλλ’
2965 2092 3066 2145 οὐκ
3097 2092 3403 2147 άπεδάλετο
3427 2092 3525 2156 τὰς
3552 2091 3702 2162 αύτῷ
3728 2108 3803 2145 τε

2210 2176 2307 2229 καὶ
2338 2179 2453 2241 τοῖς
2484 2180 2647 2233 αὑτοῦ
2679 2182 2947 2251 μαθηταῖς
2974 2182 3328 2249 διακονούτας
3357 2189 3638 2255 γυναῖκας.
3687 2184 3775 2237 Λέ
3792 2216 3805 2222 -

2208 2282 2295 2335 γει
2318 2268 2429 2341 γάρ
2448 2285 2464 2302 θ
2504 2271 2737 2337 Αἶτινες
2756 2272 3186 2341 ἠκολούθησαν
3209 2273 3368 2340 αὐτῷ
3394 2275 3512 2329 ἀπὸ
3540 2273 3648 2342 τῆς
3674 2276 3806 2328 Γαο

2208 2360 2471 2427 λιλαίας,
2512 2360 2901 2417 διακονοῦσαι
2938 2364 3099 2430 αὐτῷ
3135 2365 3233 2420 καὶ
3295 2364 3420 2433 τοῖς
3448 2366 3572 2435 μετ’
3598 2365 3805 2418 αὑτοῦ

2208 2447 2329 2502 ἀπὸ
2350 2449 2472 2504 τῶν
2488 2450 2654 2504 ίδίων
2674 2454 3086 2520 ὑπαρχόντων.

535 2550 640 2605 que
679 2543 859 2593 tamen
917 2536 1124 2592 idcirco
1170 2537 1428 2592 mulieres
1484 2537 1605 2590 illas
1672 2536 1903 2606 rejicere
1946 2535 2139 2599 voluit,
2203 2553 2326 2607 qua:
2361 2540 2465 2596 sibi
2502 2555 2567 2596 ae
2617 2543 2735 2599 suis
2768 2542 3030 2613 apostolis
3081 2540 3473 2597 ministrarent.
3524 2538 3597 2593 Ita
3641 2538 3804 2591 enim

535 2632 797 2701 scriptum
837 2642 964 2689 est:
1005 2633 1138 2700 Qum
1172 2632 1381 2703 quidem
1418 2644 1609 2687 secuta:
1638 2632 1851 2701 fuerant
1876 2631 2031 2686 illum
2077 2650 2111 2687 α
2146 2632 2395 2703 ϐαίίίαα,
2444 2638 2801 2694 ministrantes
2826 2639 2931 2707 ipsi
2976 2648 3027 2692 et
3070 2638 3137 2692 iis
3182 2639 3271 2710 qui
3311 2654 3429 2690 cum
3508 2652 3568 2689 eo
3611 2638 3806 2708 erant,

534 2726 596 2781 λε
635 2728 744 2781 suis
783 2727 1128 2795 facultatibus
1169 2727 1211 2780 ’.

608 2818 695 2873 ιν.
737 2818 889 2887 Quod
914 2820 1019 2874 nisi
1043 2820 1119 2873 ita
1153 2832 1213 2874 se
1240 2834 1329 2874 res
1367 2819 1605 2882 haberet,
1629 2819 1720 2888 qui
1755 2820 1973 2875 tandem
2005 2820 2113 2874 im-

536 2914 670 2985 pleri
698 2922 883 2983 posset
910 2913 1040 2969 illud
1073 2932 1088 2969 :
1131 2913 1310 2971 Venite
1338 2913 1411 2967 ad
1433 2913 1700 2968 dexteram
1732 2930 1923 2975 meam,
1964 2913 2111 2967 bene-

535 3006 686 3069 dicti,
732 3005 918 3077 quibus
958 3004 1121 3065 Pater
1154 3024 1298 3062 meus
1330 3006 1550 3062 ctelestis
1588 3009 1793 3077 paravit
1829 3021 2047 3076 regnum
2074 3021 2108 3058 a

535 3097 908 3155 constitutione
950 3099 1156 3153 mundi.
1191 3098 1404 3154 Esurivi
1441 3101 1605 3164 enim,
1641 3108 1691 3154 et
1721 3097 1942 3153 dedistis
1984 3097 2112 3151 mihi

536 3190 897 3255 manducare;
942 3192 1109 3257 sitivi,
1142 3200 1194 3246 et
1233 3190 1455 3247 dedistis
1514 3192 1644 3245 mihi
1687 3190 1894 3255 bibere;
1938 3189 2112 3244 nudus

538 3282 635 3345 fui,
660 3291 708 3335 et
734 3283 1071 3351 conperuistis
1097 3299 1178 3337 me
1202 3282 1407 3349 '?Qua3
1428 3283 1609 3338 omnia
1631 3282 1905 3352 quomodo
1935 3281 2115 3337 facere

538 3372 757 3427 tandem
788 3375 1113 3447 potuissent,
1165 3374 1269 3430 nisi
1304 3375 1469 3444 iustis
1498 3391 1564 3429 ex
1598 3374 1899 3440 laboribus,
1948 3382 2114 3445 atque

537 3482 604 3518 ex
645 3464 869 3535 privatis
897 3466 1248 3522 facultatibus
1265 3466 1391 3539 jure
1427 3466 1760 3537 comparatis
1803 3465 1993 3523 eadem
2024 3466 2116 3521 illa

540 3554 961 3625 praestitissent?
992 3553 1149 3621 Quod
1182 3554 1228 3610 si
1263 3555 1374 3620 isti,
1423 3555 1515 3628 qui
1568 3554 1727 3611 bonis
1759 3570 1819 3610 se
1862 3554 2117 3611 omnibus

542 3644 821 3708 abdicant,
856 3652 910 3701 et
943 3644 1307 3715 apostolicum
1347 3647 1470 3703 vita:
1517 3661 1689 3723 genus
1734 3647 2113 3711 instituerunt,

543 3735 665 3789 aliis
694 3742 879 3797 essent
916 3734 1160 3799 admisti,
1197 3751 1304 3790 non
1344 3737 1518 3790 aliena
1566 3744 1713 3791 esset
1761 3735 1852 3789 illa
1902 3735 2118 3791 vivendi

543 3827 709 3895 ratio,
756 3844 935 3899 neque
971 3842 1002 3882 a
1036 3826 1238 3883 divinis
1280 3827 1511 3902 legibus,
1549 3843 1613 3883 ac
1654 3828 1987 3901 praescriptis
2019 3826 2117 3881 ah-

542 3916 821 3986 horreret;
855 3934 918 3977 ac
952 3920 998 3974 si
1039 3917 1308 3974 uxoribus
1336 3920 1559 3989 insuper
1599 3933 1709 3990 prae
1751 3916 2121 3988 temperantia:

546 4014 730 4069 studio
772 4014 1171 4076 renuntiarent,
1214 4010 1484 4065 laudabile
1516 4020 1663 4066 esset
1693 4009 2004 4066 institutum
2053 4010 2119 4063 il-

546 4106 664 4169 lud.
702 4120 803 4176 pro
847 4120 912 4161 eo
955 4102 1103 4174 quod
1151 4103 1370 4179 nuptias
1426 4103 1650 4157 minime
1695 4103 2117 4157 detestarentur.

551 4197 658 4253 Sed
697 4212 823 4251 cum
1083 4194 1151 4250 iis
1197 4193 1293 4265 qui
1343 4192 1695 4248 matrimonia
1747 4192 2125 4247 contraxerint

548 4288 985 4345 communionem
1015 4285 1216 4340 habere
1246 4285 1464 4352 vellent,
1507 4284 1652 4361 quod
1689 4283 2124 4353 uniuscujusque

2287 2820 2360 2873 Δ·.
2419 2816 2577 2871 Ἐπεὶ
2616 2817 2735 2881 πῶς
2776 2817 2885 2891 ἄρα
2912 2815 3331 2889 πληρωθήσεται
3370 2816 3429 2869 τὸ
3467 2814 3807 2886 είρημὲνονυ

2216 2908 2394 2962 Δεῦτε
2415 2908 2485 2963 ἐκ
2511 2910 2727 2975 δεξιῶν
2735 2929 2875 2980 μου,
2906 2914 2961 2965 oi
2983 2911 3400 2981 εὐλογημένοι.
3427 2905 3565 2976 οἶςό
3591 2909 3808 2981 Han»

2134 3033 2180 3093 ο
2209 3002 2389 3093 μου-ό
2432 3000 2711 3093 οὐράνιος
2757 3002 2925 3056 ἔθετο
2957 3001 3075 3070 τήν
3108 3001 3578 3093 ,βασιλείανπρό
3616 3018 3809 3093 κατα-

2214 3089 2402 3159 ϐολῆς
2432 3092 2689 3161 κόσμου.
2750 3094 3069 3147 Ἐπείνασα
3095 3094 3223 3165 γὰρ,
3264 3093 3363 3147 καί
3399 3091 3655 3146 ἐδώκατέ
3690 3111 3803 3162 μοι

2213 3182 2453 3253 φαγεῖν·
2479 3184 2765 3253 ἐδίψησα,
2806 3186 2904 3239 καὶ
2951 3184 3267 3240 ἐποτίσατέ
3284 3201 3359 3255 με
3377 3200 3395 3216 ο
3426 3184 3669 3255 γυμνὸς,
3696 3185 3803 3239 καὶ

2216 3275 2592 3343 περιεϐάλετέ
2623 3292 2736 3345 με;
2777 3276 2947 3332 Πόθεν
2972 3277 3030 3332 δὲ
3055 3269 3199 3330 οὗτοι
3229 3276 3402 3330 ταῦτα
3441 3271 3586 3347 εἶχον
3614 3278 3803 3348 πράτ-

2214 3384 2348 3431 τειν,
2384 3369 2432 3420 εί
2463 3368 2537 3440 μὴ
2569 3367 2679 3424 άπὸ
2712 3368 2935 3423 δικαίων
2965 3369 3142 3423 πόνων
3188 3368 3496 3431 ἐπετέλουν,
3547 3369 3640 3421 καὶ
3686 3368 3804 3421 ἀπὸ

2216 3458 2324 3512 τῶν
2364 3459 2508 3512 ίδίων
2546 3460 2832 3530 ύπάρξεων
2870 3462 2929 3514 ὲν
2966 3462 3031 3530 τῇ
3061 3459 3411 3533 δικαιοσύνης
3447 3460 3558 3514 Καὶ
3603 3461 3651 3512 εἰ
3697 3459 3805 3529 μὲν

2215 3551 2392 3616 αὐτοὶ,
2432 3552 2855 3623 άποταξάμενοι,
2890 3553 2984 3607 καὶ
3010 3553 3363 3606 ὰποστολικδν
3386 3552 3499 3623 βίον
3531 3551 3797 3622 βιοῦντες.

2223 3642 2362 3714 μετὰ
2384 3642 2492 3697 τῶν
2521 3643 2695 3697 ἄλλων
2726 3640 2867 3715 ἦσαν
2909 3644 3257 3717 μεμιγμένοι,
3289 3646 3390 3699 οὐκ
3422 3645 3698 3718 ἀλλότριος
3726 3642 3799 3716 ἦν

2217 3736 2252 3787 ὁ
2277 3734 2585 3806 χαρακτὴρ,
2618 3734 2743 3788 οὔτε
2771 3735 2879 3791 ἀπὸ
2904 3736 3005 3803 τῆς
3035 3735 3127 3789 τοῦ
3158 3736 3293 3789 Θεοῦ
3349 3735 3640 3801 διατάξεως
3670 3738 3781 3790 ὰπ-

2220 3824 2547 3896 εξενωμένος
2568 3843 2581 3855 ·
2632 3826 2727 3879 καὶ
2747 3828 2795 3879 εί
2836 3826 3081 3895 γυναιξὶν
3125 3827 3463 3892 ἀπετάξαντο
3492 3827 3559 3880 δι’
3583 3829 3788 3898 ἐκγρά-

2218 3932 2390 3981 τειαν,
2429 3915 2683 3987 ιπαινετή
2714 3911 2783 3988 ἦν
2810 3917 2844 3987 ἡ
2876 3917 3273 3989 προειρημένη,
3300 3919 3456 3989 εἴπερ
3487 3917 3578 3971 τὸν
3615 3919 3796 3989 γάμον

2220 4007 2322 4061 οὐκ
2351 4006 2753 4062 ἐϐδελύσσοντο.
2800 4008 2959 4063 Ἀλλά
2988 4012 3101 4073 τοῖς
3130 4009 3207 4063 ἔτι
3240 4011 3299 4063 ὲν
3323 4010 3485 4081 γάμῳ
3523 4014 3804 4074 κοινωνοῖς

2223 4100 2523 4169 ἐχρήσαντο
2552 4098 2640 4161 ἂν,
2666 4100 2869 4165 εἰδότες
2896 4101 3127 4155 ἑκάστου
3155 4101 3218 4154 τὸ
3246 4102 3444 4173 μέτρον
3470 4104 3563 4155 καὶ
3580 4102 3683 4173 τὴν
3703 4087 3809 4156 τάξ

2225 4188 2327 4252 ξιν.
2371 4189 2434 4242 Ἡ
2455 4188 2565 4261 γάρ
2588 4190 2683 4243 τοῦ
2718 4190 2855 4244 Θεοῦ
2884 4192 3018 4255 ναῦς
3044 4193 3221 4246 πάντα
3263 4193 3529 4264 ἐπιϐάτην
3565 4192 3804 4266 δέχεται.

2224 4280 2349 4349 δίχα
2377 4279 2595 4352 λῃστοῦ.
2632 4281 2836 4335 Γνοῦσα
2883 4282 2991 4354 γὰρ
3029 4282 3237 4357 λῃστὴν
3253 4284 3346 4338 καὶ
3370 4284 3654 4361 πειρατὴν,
3680 4281 3808 4343 τοῦ·

548 4394 861 4436 mensuram
909 4378 1268 4448 ordinemque
1299 4382 1733 4459 ‘cOgnoscerent.
1782 4374 1874 4431 Dei
1922 4375 2116 4445 quippe

2226 4388 2318 4425 τον
2344 4372 2446 4425 οὐκ
2481 4372 2802 4443 εἰσδέχεται,
2837 4374 2956 4428 οὐδὲ
2985 4376 3221 4445 φυγάδα,
3257 4376 3352 4429 καὶ
3386 4376 3493 4430 ἀπὸ
3520 4376 3629 4429 τῶν
3660 4376 3812 4429 ίδίων

550 4472 708 4527 navis
736 4478 1019 4525 vectorum
1065 4484 1236 4540 genus
1280 4483 1442 4522 omne
1489 4466 1835 4538 praedonibus
1883 4466 2127 4535 exceptis

550 4562 807 4617 admittit.
857 4560 1029 4628 Quem
1076 4561 1220 4615 enim
1255 4558 1565 4630 praedonem
1599 4572 1663 4613 ac
1693 4559 1924 4635 piratam
1956 4570 2125 4627 agno-

550 4655 709 4718 verit,
762 4667 1104 4724 nequaquam
1163 4652 1391 4721 recipit,
1447 4666 1625 4721 neque
1672 4650 1980 4721 fugitivum,
2031 4655 2128 4702 aut

550 4764 700 4811 eum,
732 4746 827 4817 qui
863 4744 1209 4800 dominorum
1256 4758 1481 4799 suorum
1511 4743 1831 4799 servitutem
1869 4757 2129 4797 excusse-

551 4841 644 4895 rit.
680 4837 765 4893 Λᾶ
802 4836 1052 4893 eumdem
1090 4834 1311 4889 modum
1352 4834 1599 4890 Ecclesia
1649 4833 1742 4890 Dei
1787 4848 1963 4903 neque
2016 4832 2129 4887 for-

555 4931 883 4985 nicationem
915 4928 1173 4991 admittit,
1222 4942 1323 4981 nec
1366 4927 1713 4990 adulterium,
1743 4940 1919 4996 neque
1957 4922 2128 4982 divini

555 5008 808 5076 Numinis
842 5020 1224 5092 ejurationem,
1259 5033 1358 5074 nec
1403 5034 1505 5075 eos
1526 5019 1623 5097 qui
1668 5017 1783 5081 Dei,
1817 5024 1980 5088 atque
2009 5016 2129 5085 ejus

558 5116 925 5186 apostolorum
956 5112 1269 5171 sanctiones
1303 5127 1366 5167 ac
1394 5111 1609 5167 decreta
1638 5111 1976 5167 rescindunt.
2007 5110 2129 5164 Cae-

626 5274 644 5303 ¹
680 5270 847 5329 Hebr.
882 5286 999 5335 xm,
1030 5271 1083 5327 ι.
1163 5273 1186 5304 ³
1210 5268 1345 5324 Luc.
1399 5283 1519 5332 vin,
1544 5267 1605 5325 δε

632 5431 744 5504 (19)
783 5430 891 5504 καὶ
922 5430 994 5485 τὰ
1022 5430 1452 5504 ἑγκυλίσματα.
1505 5424 1621 5488 Nos
1668 5424 1927 5504 pleraque
1974 5438 2139 5504 voca-

562 5494 814 5557 bulorum
843 5494 1073 5555 istorum
1096 5494 1814 5569 explicavitnus,_quomodo
1845 5494 2138 5569 potuimus.

563 5571 800 5640 Felicius
834 5570 887 5625 id
923 5564 1258 5640 prmstabunt
1284 5568 1399 5629 alii,
1428 5564 1629 5640 quibus
1661 5580 1722 5640 ea
1753 5566 1973 5640 notiora
2020 5564 2131 5617 foe-

564 5643 697 5697 rint.
746 5639 853 5694 Pro
884 5632 1267 5715 ᾓκυλίσματα
1299 5632 1623 5715 suspicabar
1662 5632 2142 5715 legi'xsibgpara,

568 5726 699 5781 quae,
735 5720 864 5766 sunt
891 5705 1098 5766 Polluci
1123 5705 1225 5781 lib.
1262 5725 1300 5769 ι,
1331 5705 1453 5776 cap.
1478 5705 1534 5770 9,
1566 5705 1899 5781 statumina._
1928 5705 1996 5755 At
2040 5718 2143 5781 pro

569 5773 763 5847 ὖκνῶν,
804 5781 995 5846 ὁλκῶν,
1032 5795 1153 5851 qum
1199 5780 1340 5834 inter
1369 5773 1600 5832 ναυτικὰ
1636 5773 1804 5845 σκεύη
1851 5773 1920 5829 ab
1954 5773 2145 5828 eodem

1674 5265 1696 5298 ³
1729 5264 1920 5321 Matth.
1950 5282 2078 5331 xxv,
2106 5264 2196 5320 διε

2226 4464 2500 4517 δεσποτῶν
2539 4465 2928 4537 ἁφηνιάζοντα.
2969 4467 3126 4521 Οῦτω
3157 4469 3251 4522 καὶ
3297 4471 3330 4539 ἡ
3379 4469 3512 4537 ἁγία
3541 4467 3633 4521 τοῦ
3669 4465 3810 4522 Θεοῦ

2242 4556 2538 4629 Ἐκκλησία
2564 4559 2627 4612 ού
2657 4558 2869 4628 δέχεται
2902 4560 3177 4631 πορνείαν,
3208 4560 3269 4612 οὐ
3297 4559 3509 4630 δέχεται
3541 4558 3810 4630 μοιχείαν,

2230 4651 2291 4702 οὐ
2312 4649 2526 4721 δέχεται
2559 4651 3004 4724 ἐπαρνησιθεϊαν,
3036 4652 3160 4705 οὐδὲ
3192 4652 3327 4715 τοὺς
3349 4650 3677 4713 ἀθετοῦντας
3706 4650 3814 4719 τὴν

2231 4740 2553 4795 δεσποτείαν
2597 4743 2698 4813 τῆς
2746 4742 2841 4797 τοῦ
2874 4742 3009 4797 Θεοῦ
3040 4742 3336 4809 διατάξεως
3367 4743 3464 4796 καὶ
3502 4741 3611 4794 τῶν
3640 4739 3810 4796 αὐτοῦ

2236 4834 2569 4892 ἀποστόλων,
2624 4834 2848 4906 Δέχεται
2872 4835 2931 4889 δὲ
2954 4835 3046 4889 τὸν
3080 4837 3178 4906 μὲν
3206 4838 3264 4889 ὲν
3311 4835 3521 4908 μεγάλῃ
3550 4851 3811 4904 πραγμα-

2234 4924 2377 4995 τείᾳ,
2406 4925 2496 4979 τὸν
2520 4924 2578 4978 δὲ
2598 4925 2656 4979 ὲν
2682 4926 2943 4997 ἐμπειρίᾳ
2965 4926 3251 4991 ναυτίλων,
3268 4926 3361 4979 τὸν
3388 4924 3442 4977 δὲ
3471 4924 3817 4994 κυὸερνήτην

2235 5017 2331 5079 καὶ
2351 5018 2546 5088 ὲπιστή
2555 5034 2712 5087 μονα,
2730 5017 2820 5071 τὸν
2840 5018 2897 5071 δὲ
2912 5018 2971 5071 ἐν
2995 5019 3270 5089 πρωρικῇ,
3290 5017 3383 5070 τὸν
3404 5017 3460 5069 δὲ
3486 5017 3545 5069 ὲν
3565 5015 3815 5086 πρύμνῃ.

2236 5110 2427 5181 ἔχοντα
2470 5109 2530 5163 τὸ
2574 5110 2968 5181 ἐμπειρότατον
3001 5109 3100 5179 τῆς
3151 5109 3494 5177 ἀτωσκοπῆς,
3528 5108 3619 5161 τὸν
3659 5106 3717 5159 δὲ
3754 5108 3817 5159 ἐν

2296 5264 2317 5296 ⁸
2357 5263 2418 5318 F.
2446 5263 2786 5335 χελύσματα.

2242 5421 2784 5492 percensentur,lib.
2819 5437 2874 5484 χ,
2903 5435 3025 5492 cap.
3060 5420 3148 5475 30.
3171 5419 3237 5475 Et
3268 5419 3466 5492 Suidas
3496 5418 3572 5492 ait
3600 5431 3721 5492 esse
3754 5414 3817 5467 τὺ

2238 5487 2338 5560 τῆς
2370 5492 2621 5564 τρόπιδος
2648 5490 2877 5564 ξκταμα.
2913 5487 3196 5564 Postremo
3233 5490 3410 5564 αύχήχ
3436 5487 3638 5564 Polluci
3692 5499 3818 5554 pars

2240 5556 2325 5616 est
2348 5556 2593 5631 quaedam
2622 5556 2797 5622 clavi,
2818 5563 2933 5615 sive
2962 5556 3339 5628 gubernaculi.
3363 5556 3668 5631 Eustathio
3685 5568 3817 5608 veno

2242 5626 2417 5702 αύχῆν
2456 5639 2510 5686 et
2542 5630 2786 5701 αύχένιον
2837 5647 2937 5700 pro
2970 5626 3097 5702 toto
3132 5629 3502 5700 gubernaculo
3533 5626 3765 5685 sumitur
3796 5641 3821 5684 ε

2244 5701 2386 5779 quod
2420 5702 2547 5761 huic
2582 5702 2701 5757 loco
2737 5716 2842 5759 non
2878 5701 3157 5777 congruit,
