4176 6386
458 304 595 361 1047

1865 305 1924 362 8.
1966 305 2307 365 EPIPHANII

3584 306 3646 363 If
3670 305 3733 361 ιθ

453 419 590 473 nihil
619 416 911 474 admodum
948 419 1107 476 nobis
1134 419 1361 475 obstare
1382 427 1585 491 potest.
1620 417 1807 490 Pergit
1836 433 2001 489 porro
2026 438 2040 474 :

2160 426 2333 476 tuaac
2353 422 2474 478 ἀπὸ
2502 423 2821 493 γυναικόςξ
2845 421 2931 491 μὴ
2955 418 3111 486 ζήτει
3133 417 3412 488 γυναῖκα.
3446 416 3507 470 '0
3533 415 3732 479 λέγων,

452 510 574 565 Stat
600 510 826 579 ﬁrmiter
854 511 912 565 in
950 514 1126 566 animo
1162 529 1261 566 suo
1292 522 1342 567 et
1369 512 1465 566 hoc
1498 512 1647 567 debet
1685 514 1895 580 facere;
1940 528 2040 565 nu-

454 599 567 662 bat,
608 599 786 671 inquit
817 616 830 652 :
866 617 969 655 non
990 613 1188 669 peccat.
1232 601 1414 656 Nubat
1442 604 1490 657 ei
1510 619 1865 673 quemcunque
1887 613 2046 657 nacta

2154 512 2317 567 Θέλω
2344 513 2576 581 πάντας
2619 510 2771 568 εἶναι
2795 514 2877 579 ὡς
2916 511 3196 582 ἐμαυτὸν,
3239 509 3422 579 ἔλεγεν
3444 524 3460 539 ’
3524 508 3594 561 El
3623 509 3739 559 οὐκ

2151 604 2633 675 ἐγκρατεύονται,
2674 605 3140 678 γαμησάτωσαν.

451 694 613 763 fuerit
643 710 662 749 :
694 712 797 749 non
834 706 1035 763 peccat.
1072 697 1247 767 Atque
1274 697 1509 761 idcirco,
1540 698 1806 767 Alligatus
1844 714 1898 787 es
1934 699 2128 753 uxori?
2162 701 2272 754 noli
2308 718 2540 771 quwrere
2558 702 2895 758 solutionem.
2939 699 3157 756 Solutus
3200 716 3254 754 es
3294 697 3361 751 ab
3398 697 3600 751 uxore?
3626 692 3741 747 noli

451 805 688 859 quivere
724 806 963 847 uxorem.
989 792 1164 864 Atque
1197 794 1286 848 ille
1313 795 1405 865 qui
1435 796 1572 850 dixit
1602 815 1615 849 :
1656 795 1786 851 Volo
1825 813 2003 851 omnes
2040 814 2153 853 esse
2190 802 2326 855 sicut
2367 802 2659 871 meipsum;
2704 800 2837 855 illud
2867 815 2972 854 una
3000 799 3141 854 dixit
3171 817 3185 852 :
3220 795 3282 853 Si
3308 812 3411 849 non
3448 792 3737 849 continent,

456 882 678 933 LﬂhﬂﬂL

536 970 622 1026 Vl.
661 970 933 1029 Praeterea
962 992 1085 1031 cum
1115 977 1362 1047 innuptis
1389 987 1656 1047 praecepta
1686 979 1841 1034 daret
1868 999 1881 1035 :
1920 978 2047 1034 Dico

464 1072 663 1127 autem,
701 1064 898 1133 inquit,
944 1066 1177 1135 innuptis
1219 1078 1267 1121 et
1301 1068 1495 1133 viduis,
1540 1069 1732 1124 bonum
1776 1079 1854 1125 est
1894 1071 2045 1139 ipsis,

462 1157 508 1209 si
536 1165 782 1209 maneant
806 1168 861 1209 ut
882 1173 998 1228 ego.
1022 1158 1308 1225 Quomodo
1336 1162 1504 1231 igitur
1536 1162 1683 1217 istud
1716 1165 2003 1231 usurpavit
2030 1183 2045 1220 :

458 1245 729 1315 Alligatus
755 1264 808 1301 es
839 1250 995 1301 uxori
1017 1251 1042 1305 1'
1064 1251 1171 1303 noli
1196 1266 1437 1317 quwrere
1459 1252 1773 1307 solutionem
1790 1256 1821 1309 γ
1856 1252 2048 1311 Nonne

463 1340 801 1393 contrariam
848 1339 1057 1395 Domini
1098 1342 1184 1397 sui
1217 1342 1436 1398 decreto
1482 1345 1651 1415 legem
1700 1355 1942 1402 statuere
1973 1346 2050 1400 vi-

461 1434 643 1496 detur,
675 1433 767 1502 qui
800 1433 871 1487 ita
903 1436 1282 1503 pronuntiaret
1312 1454 1327 1491 :
1372 1435 1477 1501 Qui
1515 1455 1617 1491 non
1668 1440 1921 1510 relinquit
1945 1455 2047 1508 pa-

465 1535 617 1590 trem,
648 1534 698 1579 et
727 1536 970 1592 matrem,
1006 1536 1054 1580 et
1098 1526 1314 1596 fratres,
1348 1541 1397 1584 et
1432 1546 1669 1592 uxorem.
1710 1540 1763 1584 et
1801 1532 1965 1601 ﬁlios,
1999 1541 2051 1586 et

464 1615 626 1685 ﬁlias,
668 1633 773 1671 non
818 1627 896 1671 est
940 1634 1082 1672 meus
1123 1618 1417 1688 discipulus
1460 1621 1527 1675 ‘1’
1552 1621 1635 1677 Ad
1664 1622 1778 1677 haec
1813 1622 1907 1692 qui
1955 1624 2054 1677 ho-

464 1716 676 1760 nestam
706 1707 1015 1778 conjugem,
1042 1720 1359 1781 patremque
1384 1712 1697 1781 relinquere
1717 1714 1890 1783 jubet,
1915 1729 2052 1785 quo-

467 1798 629 1853 modo
667 1802 807 1854 idem
855 1800 964 1854 alio
998 1802 1051 1855 in
1088 1803 1209 1857 loco
1250 1804 1417 1858 dicit:
1448 1804 1555 1869 Qui
1585 1805 1809 1860 honorat
1848 1815 2051 1876 patrem

465 1900 513 1945 et
560 1901 817 1957 matrem;
856 1892 952 1946 hac
988 1895 1126 1947 enim
1178 1904 1255 1948 est
1303 1897 1531 1962 primum
1589 1897 1645 1949 in
1702 1899 2056 1966 promissione

469 1984 781 2037 mandatum
822 1984 877 2048 ’;
921 1993 1015 2039 et:
1056 1984 1207 2052 Quod
1250 1985 1391 2040 Deus
1425 1988 1722 2057 conjunxit,
1756 1988 1911 2043 homo
1950 2006 2055 2045 non

472 2086 677 2143 separet
700 2076 762 2128 ³2
807 2074 1007 2131 Verum
1041 2077 1225 2132 divina
1271 2080 1455 2133 omnia
1489 2081 1651 2136 verba
1686 2097 1793 2136 non
1826 2081 1893 2137 ad
1921 2083 2054 2137 alle-

469 2168 653 2237 gorias
703 2167 1007 2231 referenda,
1066 2168 1224 2240 511
1272 2171 1367 2226 sed
1430 2181 1489 2226 ut
1534 2189 1594 2229 se
1649 2174 1852 2230 habent
1906 2176 2054 2229 acci-

467 2260 667 2329 pienda
712 2269 860 2315 sunt.
896 2260 1356 2319 Consideratione
1407 2281 1538 2321 vero
1577 2281 1643 2322 ac
1694 2282 1860 2323 sensu
1914 2283 2059 2339 Opus

468 2351 693 2414 habent,
730 2362 786 2405 ut
820 2354 1128 2423 argumenti
1175 2354 1447 2425 cujusque
1477 2356 1560 2413 vis
1596 2372 1658 2411 ac
1690 2365 1933 2428 potestas
1967 2360 2055 2412 in-

469 2444 765 2514 telligatur.
806 2442 913 2499 Sed
954 2444 1252 2501 traditione
1277 2462 1497 2517 quoque
1547 2463 1691 2518 opus
1728 2456 1832 2503 est.
1870 2448 2057 2519 Neque

468 2534 613 2588 enim
641 2550 708 2588 ex
738 2533 1041 2606 Scripturis
1075 2536 1186 2606 peti
1219 2546 1454 2607 possunt
1477 2539 1681 2594 omnia.
1709 2538 1921 2594 idcirco
1948 2542 2055 2595 alia

470 2624 700 2693 scripto,
763 2624 1059 2680 traditione
1098 2625 1204 2680 alia
1256 2629 1590 2682 sanctissimi
1642 2630 1875 2699 apostoli
1930 2630 2059 2684 reli-

470 2723 730 2785 quierunt.
774 2716 929 2782 Quod
966 2717 1146 2788 ipsum
1182 2720 1257 2772 ita
1305 2719 1506 2777 Paulus
1549 2720 1823 2777 allirmat:
1857 2721 2055 2787 Quem—

473 2806 758 2859 ςιίιιιοάιιηι
798 2807 997 2861 tradidi
1028 2807 1173 2863 vobis
1206 2807 1273 2876 ‘;
1314 2809 1443 2865 item
1485 2811 1595 2867 alio
1622 2811 1742 2866 loco
1772 2830 1784 2865 :
1820 2811 1911 2865 Ita
1950 2812 2050 2865 do-

471 2914 592 2961 ceo,
631 2909 682 2951 et
733 2900 811 2952 ita
852 2898 1051 2953 tradidi
1090 2900 1147 2953 in
1194 2898 1445 2956 Ecclesiis
1494 2901 1552 2971 ';
1612 2905 1741 2958 item
1784 2921 1797 2958 :
1835 2901 1897 2958 Si
1958 2921 2060 2959 me-

472 2992 703 3048 ministis
722 3009 741 3057 ,'
758 2993 862 3047 nisi
896 2993 1103 3062 frustra
1127 2992 1427 3050 credidistis
1446 2996 1488 3049 '.

543 3081 664 3137 iam
699 3098 834 3139 vero
859 3084 992 3138 illud
1039 3084 1111 3139 ab
1158 3084 1423 3155 apostolis
1467 3095 1660 3141 sancta
1690 3085 1783 3142 Dei
1812 3084 2060 3142 Ecclesia
2085 3121 2132 3184 ϐ

473 3176 735 3232 traditum
787 3176 1196 3247 accepit:post
1239 3176 1517 3232 decretam
1571 3178 1941 3250 virginitatem
1990 3178 2059 3232 ad

476 3267 699 3337 nuptias
744 3282 869 3321 sese
919 3266 1193 3333 conferre,
1228 3267 1440 3323 scelere
1490 3268 1831 3338 implicatum
1861 3268 2058 3324 videri.

477 3359 546 3409 At
578 3357 723 3410 enim
772 3356 1064 3426 Apostolus
1115 3358 1339 3429 scripsit
1372 3378 1386 3414 :
1418 3358 1481 3414 Si
1510 3363 1742 3428 nupserit
1767 3361 1933 3429 virgo,
1959 3376 2063 3413 nats

476 3449 761 3519 peccavit'.
780 3447 1013 3516 Quinam
1041 3450 1209 3521 igitur
1233 3451 1397 3507 ambo
1427 3450 1542 3506 haec
1575 3453 1716 3507 inter
1742 3468 1802 3509 se
1828 3470 2059 3509 consen-

478 3541 656 3596 tiunt?
699 3540 803 3595 Sed
851 3540 1111 3596 nimirum
1159 3542 1228 3597 de
1277 3557 1343 3596 ea
1388 3543 1601 3612 virgine
1636 3544 1901 3614 loquitur,
1939 3560 2064 3616 quae

480 3631 591 3687 Deo
623 3633 992 3703 virginitatem
1025 3649 1182 3688 suam
1233 3650 1342 3689 non
1390 3635 1619 3699 addixit,
1653 3636 1897 3707 adeoque
1931 3654 2062 3707 pro-

479 3737 600 3795 pter
624 3725 1065 3781 Christianorum
1098 3726 1442 3797 temporibus
1483 3726 1594 3783 illis
1623 3729 1956 3798 paucitatem
1986 3735 2068 3785 at-

477 3834 587 3888 que
620 3818 881 3888 inopiam,
917 3818 1235 3873 necessario
1267 3817 1383 3873 base
1436 3819 1504 3873 ad
1554 3835 1681 3874 eum
1717 3821 1936 3875 modum
1974 3822 2067 3875 ad-

480 3911 964 3966 ministrabantur.
987 3910 1143 3977 Quod
1190 3920 1381 3967 autem
1419 3912 1494 3965 ita
1540 3927 1664 3967 sese
1702 3928 1792 3968 res
1843 3914 2062 3978 habeat,

473 4002 722 4071 ejusdem
754 4003 1001 4073 Δρομοιί
1036 4002 1356 4059 testimonio
1386 4011 1629 4070 constat,
1647 4019 1772 4058 cum
1800 4004 2067 4063 ait:Ado-

481 4097 813 4151 lescentiores
846 4096 1033 4151 viduas
1062 4097 1260 4152 devita.
1302 4094 1599 4165 Postquam
1627 4098 1770 4151 enim
1818 4100 1872 4152 in
1917 4097 2066 4152 Chri-

478 4198 621 4241 stum
649 4188 994 4251 lascirierint,
1028 4190 1221 4243 nubere
1267 4189 1469 4253 uolunt,
1501 4189 1749 4243 habentes
1770 4190 2064 4259 judicium,

478 4280 730 4346 quoniam
778 4279 1004 4348 priorem
1046 4279 1204 4347 ﬁdem
1255 4280 1468 4333 irritam
1512 4280 1797 4349 fecerunt“.
1831 4280 1988 4347 Quod
2017 4282 2064 4334 si

480 4372 564 4425 vel
596 4387 659 4425 ca
698 4371 913 4433 mulier,
949 4386 1070 4441 quae
1097 4370 1365 4425 mundum
1393 4371 1701 4440 periclitata
1730 4373 1895 4427 vidua
1923 4372 2065 4427 facta

2220 977 2311 1041 ς’.
2350 974 2519 1028 Πάλιν
2543 975 2602 1028 δὲ
2627 974 3067 1045 προτρεπόμενος
3099 972 3224 1034 τοὺς
3240 970 3455 1040 γάμους
3473 973 3517 1033 ⁸,
3551 970 3703 1041 ἔλεγε
3722 990 3737 1004 ·

2146 1066 2312 1136 Λέγω
2358 1064 2427 1119 δὲ
2473 1065 2599 1131 τοῖς
2630 1064 2903 1134 ἀγάμοις,
2958 1064 3057 1117 καὶ
3096 1062 3226 1129 ταῖς
3269 1061 3503 1131 χήραις,
3546 1064 3745 1117 καλὸν

2142 1157 2371 1225 αὐτοῖς,
2421 1156 2535 1211 ἐὰν
2562 1158 2858 1226 μείνωσιν
2896 1156 2977 1221 ὡς
3030 1152 3210 1223 κάγώ.
3260 1153 3387 1217 Πῶς
3426 1150 3523 1206 οὖν
3576 1154 3748 1207 πάλιν

2144 1249 2334 1319 ἔλεγες
2377 1250 2625 1304 Δέδεσαι
2654 1249 2927 1316 retractet;
2956 1248 3043 1318 μὴ
3075 1247 3229 1314 ζήτει
3254 1248 3482 1313 λύσιν;
3526 1248 3595 1300 Ἦ
3624 1248 3747 1311 πῶς

2146 1344 2249 1397 οὐκ
2299 1342 2731 1414 ἀντινομοθετῶν
2779 1342 3135 1414 εὑρεθήσεται
3181 1340 3261 1411 τῷ
3296 1341 3411 1411 ίδίῳ
3442 1342 3630 1411 Κυρίῳ
3660 1341 3748 1411 τῷ

2146 1435 2393 1503 λέγοντι,
2467 1436 2521 1488 '0
2554 1434 2641 1505 μὴ
2683 1434 3032 1490 καταλιπὼν
3075 1432 3321 1501 πατέρα,
3367 1432 3743 1501 καὶμητέρα,

2149 1529 2249 1583 καὶ
2277 1528 2601 1599 ἀδελφοὺς,
2630 1528 2731 1582 καὶ
2763 1527 3040 1597 γυναῖκα,
3077 1527 3177 1580 καὶ
3205 1526 3413 1588 τέκνα,
3441 1524 3538 1577 καὶ
3562 1528 3746 1593 θυγα-

2149 1621 2343 1689 τέρας,
2368 1623 2479 1675 οὺκ
2507 1620 2640 1675 ἐστι
2660 1638 2780 1690 μου
2796 1622 3103 1689 μαθητής;
3143 1618 3267 1682 Πῶς
3291 1619 3350 1671 δὲ
3381 1621 3410 1671 ὁ
3432 1618 3629 1686 λέγων,
3653 1616 3743 1668 ὅτι

2150 1712 2231 1766 δεῖ
2262 1714 2583 1765 καταλιπεῖν
2627 1714 2862 1780 γυναῖκα
2913 1711 3118 1782 σεμνὴν
3160 1711 3255 1764 καὶ
3314 1710 3547 1780 πατέρα,
3582 1708 3748 1769 αὐτὸς

2153 1804 2314 1857 πάλιν
2333 1803 2507 1872 λέγει·
2544 1803 2595 1855 Ὁ
2615 1802 2801 1872 τιμῶν
2815 1800 3039 1870 πατέρα
3057 1802 3153 1855 καὶ
3168 1800 3396 1871 μητέρα
3414 1818 3427 1832 ⁸
3454 1801 3605 1867 αὕτη
3632 1798 3747 1867 γάρ

2153 1896 2328 1950 ἐστιν
2371 1897 2441 1949 ἐν
2473 1896 2803 1965 ἐπαγγελίᾳ
2849 1893 3049 1962 πρώτη
3091 1892 3311 1961 ἐντολὴ
3347 1892 3743 1960 ὑπάρχουσαο

2153 1990 2269 2053 καὶ,
2308 1990 2370 2040 Ὅ
2400 1987 2543 2054 Θεὸς
2565 1986 2950 2050 συνέζευξεν,
2980 1985 3293 2054 ἅνθρωπος
3310 1986 3397 2055 μὴ
3431 1983 3745 2055 χωριζέτω;

2167 2080 2331 2133 Ἀλλά
2359 2080 2538 2133 πάντα
2564 2078 2632 2133 τά
2655 2078 2771 2132 Θεία
2804 2081 3024 2151 ῥήματα
3062 2078 3162 2131 οὐκ
3202 2077 3530 2148 ἀλληγορίας
3554 2077 3744 2138 δεῖται,

2153 2169 2290 2223 ἀλλά
2342 2172 2418 2233 ὡς
2443 2169 2577 2239 ἔχει.
2628 2169 2871 2240 Θεωρίας
2902 2171 2957 2223 δὲ
2989 2171 3159 2223 δεῖται
3192 2170 3287 2221 καὶ
3310 2169 3635 2237 αἰσθήσεως.
3663 2166 3742 2227 εἰς

2151 2260 2215 2313 τὸ
2247 2259 2446 2313 εἰδέναι
2465 2259 2703 2330 ἑκάστης
2725 2260 3037 2323 ὑποθέσεως
3059 2261 3159 2333 τὴν
3181 2259 3429 2329 δύναμιν.
3467 2260 3559 2310 Δεῖ
3578 2257 3632 2309 δὲ
3654 2258 3747 2310 καὶ

2154 2352 2454 2423 παραδόσει
2501 2351 2803 2423 κεχρῆσθαι
2826 2351 2968 2422 (20)·
3021 2354 3083 2406 οὐ
3136 2353 3248 2425 γὰρ
3294 2352 3476 2406 πάντα
3506 2352 3614 2404 ἀπὸ
3649 2352 3748 2420 τῆς

2156 2444 2306 2507 θείας
2340 2444 2567 2515 Γραφῆς
2605 2444 2837 2499 δύναται
2885 2444 3280 2514 λαμϐάνεσθαι.
3334 2444 3426 2497 Διὸ
3456 2443 3526 2496 τὰ
3565 2445 3659 2513 μὲν
3690 2444 3749 2496 ὲν

2155 2540 2427 2611 γραφαῖς,
2472 2539 2540 2591 τά
2585 2538 2644 2592 δὲ
2694 2540 2752 2592 ὲν
2787 2539 3087 2610 παραδόσει
3129 2538 3462 2609 παρέδωκαν
3511 2540 3563 2590 οἱ
3604 2538 3748 2605 ἀγιοι

2156 2630 2441 2684 ἀπόστολοι
2466 2647 2479 2660 ’
2505 2629 2581 2694 ὣς
2612 2647 2776 2700 φησιν
2796 2631 2826 2682 ό
2852 2630 3006 2699 ἀγιος
3050 2630 3405 2693 Ἀτοόστολοςο
3449 2631 3546 2695 Ὡς
3603 2641 3750 2698 παρ-

2156 2719 2351 2775 έδωκα
2397 2723 2538 2791 ὑμῖν
2559 2738 2575 2753 ·
2640 2722 2734 2776 καὶ
2771 2722 2960 2776 ἄλλοτε
2985 2740 2998 2750 ·
3064 2723 3265 2789 Οὕτως
3309 2722 3599 2789 διδάσκω,
3651 2721 3751 2774 καὶ

2158 2810 2349 2877 οὕτως
2390 2810 2706 2879 παρέδωκα
2748 2812 2819 2866 ἐν
2858 2811 2988 2877 ταῖς
3025 2811 3443 2879 Ἐκκλησίαις’
3498 2812 3627 2870 καὶ.
3684 2810 3755 2865 Ei

2160 2903 2441 2972 κατέχετε
2460 2920 2473 2932 ³
2502 2903 2677 2970 ἐκτὸς
2702 2907 2757 2958 εί
2778 2903 2866 2974 μὴ
2899 2903 3030 2974 εὶκῆ
3060 2905 3495 2977 ἐπιστεύσατεη

2237 3081 2572 3154 Παρέδωκαν
2622 3084 2805 3137 τοίνυν
2862 3086 2910 3136 οἱ
2956 3084 3103 3153 ἀγιοι
3153 3083 3291 3138 Θεοῦ
3343 3084 3633 3138 ἀπόστολοι
3686 3087 3755 3156 τῇ

2161 3174 2295 3245 ἁγίᾳ
2328 3173 2464 3227 Θεοῦ
2527 3174 2828 3247 Ἐκκλησία
2859 3177 3179 3249 ὲφάμαρτον
3218 3173 3356 3230 εἶναι
3386 3177 3468 3239 τὸ,
3518 3176 3659 3248 μετά
3694 3179 3758 3231 τὸ

2163 3267 2346 3339 ὁρίσαι
2376 3269 2699 3339 παρθενίαν,
2743 3272 2824 3333 εἰς
2862 3269 3040 3341 γάμον
3077 3271 3397 3343 τρέπεσθαι.
3444 3272 3555 3325 Καὶ
3587 3271 3756 3339 ἐγρα-

2161 3359 2263 3429 ψεν
2308 3362 2337 3415 ό
2398 3361 2723 3425 Ἀπόστολος
2757 3380 2769 3392 ·
2813 3362 2953 3415 Ἐὰν
2986 3362 3150 3432 γήμῃ
3198 3365 3236 3432 ἡ
3273 3362 3590 3432 παρθένος.
3643 3365 3756 3431 οὐχ

2164 3452 2409 3521 ἥμαρτε.
2447 3453 2573 3517 Πῶς
2612 3449 2705 3507 οὖν
2752 3454 2967 3524 συνᾴδει
2999 3454 3159 3508 τοῦτο
3196 3455 3406 3526 cati-up;
3460 3455 3621 3508 Ἀλλά
3665 3456 3757 3507 καὶ

2163 3543 2379 3613 ἐκείνην
2408 3542 2506 3613 τὴν
2539 3544 2814 3615 παρθένον
2851 3545 3024 3612 λέγει,
3059 3547 3161 3616 τὴν
3205 3545 3280 3616 μὴ
3313 3546 3578 3616 όρίσασαν
3615 3543 3754 3613 Θεῷ.

2175 3633 2339 3687 Ἀλλά
2368 3634 2456 3687 διά
2488 3636 2589 3704 τὴν
2617 3636 2853 3708 ἀπορίαν
2881 3637 2979 3707 τῆς
3006 3635 3148 3689 κατά
3179 3637 3271 3690 τὸν
3317 3637 3507 3709 καιρὸν
3541 3639 3756 3690 ἐκεῖνον

2166 3727 2379 3796 σπάνης
2407 3718 2518 3780 τῶν
2538 3728 2619 3790 εις
2660 3728 2894 3799 Χριστὸν
2930 3729 3379 3783 πεπιστευκότων
3409 3729 3552 3783 κατά
3588 3731 3757 3798 ἀνάγ-

2166 3834 2270 3887 κην
2320 3818 2494 3881 οὕτως
2540 3820 2868 3875 ὲπετελεῖτο.
2916 3821 3027 3874 Καὶ
3067 3822 3151 3874 ὅτι
3199 3821 3377 3875 ταῦτα
3407 3821 3582 3885 οὕτως
3621 3821 3756 3891 ἔχει,

2164 3908 2366 3976 διδάξει
2400 3910 2549 3980 ἡμᾶς
2582 3913 2611 3965 ὁ
2639 3911 2803 3975 αὐτὸς
2829 3911 3172 3977 ’Δπόστολος,
3205 3912 3381 3980 λέγων
3406 3930 3419 3942 ·
3452 3913 3748 3979 Νεωτέρας

2171 4003 2362 4071 χήρας
2402 4003 2714 4073 παραιτοῦ.
2758 4006 2920 4058 Μετὰ
2960 4004 3071 4074 γὰρ
3115 4003 3184 4056 τὸ
3240 4004 3758 4073 καταστρηνιάσαι

2165 4093 2273 4148 τοῦ
2308 4092 2592 4161 Χριστοῦ,
2646 4093 2859 4163 ταμεῖν
2892 4094 3202 4155 θέλουσιν,
3245 4092 3503 4162 ἔχουσαι
3555 4095 3756 4165 κρῖμα,

2166 4185 2256 4239 ὅτι
2291 4186 2408 4255 τὴν
2426 4185 2687 4255 ⁸,τιίρώι-αην
2732 4187 2943 4240 πίστιν
2979 4185 3306 4254 ἠθέτησαν.
3349 4187 3412 4240 Et
3458 4189 3637 4241 τοίνυν
3662 4189 3756 4259 (εἰ)

2168 4277 2263 4331 καὶ
2290 4280 2323 4348 ἡ
2363 4278 2503 4347 μετά
2535 4280 2730 4349 πεῖραν
2764 4279 2973 4348 κόσμου
3009 4278 3333 4351 χηρεύσασα
3372 4279 3531 4348 γυνὴ,
3567 4280 3654 4333 διὰ
3697 4281 3759 4334 τὸ

2165 4367 2424 4439 τετάχθαι
2460 4368 2601 4440 Θεῷ,
2635 4369 2829 4423 ἔπειτα
2866 4371 3116 4441 γήμασσ..
3168 4373 3345 4442 κρῖμα
3385 4371 3516 4436 ἕξει,
3563 4372 3760 4442 ἀθετή-

479 4472 589 4529 est,
622 4478 720 4534 pro
765 4478 833 4519 eo
878 4462 1025 4535 quod
1066 4462 1175 4518 Deo
1221 4471 1541 4519 consecrata
1570 4462 1758 4530 tuerit,
1795 4464 1840 4519 si
1872 4472 2062 4535 postea

2170 4477 2310 4513 σασα
2352 4460 2452 4532 τὴν
2502 4460 2729 4533 πρώτην
2768 4461 2954 4515 πίστιν
2980 4479 2993 4492 ⁸
3051 4462 3204 4532 πόσῳ
3236 4479 3302 4531 γε
3341 4461 3543 4532 μᾶλλον
3586 4466 3618 4532 ἡ
3665 4464 3760 4516 καὶ

483 4552 1043 4623 nupserit,judicium
1088 4552 1272 4615 habet,
1309 4554 1453 4623 quod
1487 4554 1720 4622 primam
1752 4553 1910 4609 [idem
1943 4555 2067 4609 irri-

483 4651 593 4698 tant
648 4643 811 4711 l'ecit;
848 4660 992 4715 qua,
1044 4651 1336 4713 antequam
1382 4643 1647 4697 mundum
1697 4645 2069 4713 experiretur,

484 4735 832 4805 semetipsam
879 4733 988 4790 Deo
1029 4734 1297 4788 dicaverit
1335 4734 1518 4804 virgo,
1544 4749 1727 4789 nonne
1754 4735 1926 4787 m‘ulto
1954 4751 2067 4788 ma-

483 4824 567 4895 gis
594 4824 1197 4887 lascivitinChristum,
1229 4824 1607 4893 majoremque
1650 4823 1809 4877 ﬁdem
1854 4824 2064 4877 irritam

485 4918 748 4982 reddidit,
803 4934 869 4972 ac
911 4916 1186 4988 judicium
1245 4915 1378 4971 ideo
1425 4915 1741 4979 sustinebit,
1802 4931 1867 4970 eo
1919 4915 2065 4984 quod

2170 4550 2345 4621 αὐτὴν
2380 4553 2510 4605 ἄνευ
2535 4552 2733 4622 πείρας
2768 4552 2975 4623 κόσμου
3010 4551 3269 4606 ἀναθεῖσα
3315 4553 3584 4623 παρθένος
3617 4552 3757 4623 Θεῷ,

2167 4646 2487 4714 γαμήσασα,
2536 4644 2653 4707 πῶς
2683 4644 2804 4713 οὐχὶ
2860 4643 3062 4715 μᾶλλον
3109 4645 3248 4714 αὐτῇ
3300 4643 3443 4713 ὑπὲρ
3497 4641 3758 4713 περισσοῦ

2168 4734 2602 4807 κατεστρηνίασε
2657 4734 2927 4808 Χριστοῦ,
2998 4734 3091 4787 καὶ
3152 4735 3251 4804 τὴν
3298 4733 3522 4804 μείζονα
3572 4733 3758 4785 πίστιν

2167 4827 2423 4897 ἠθέτησε,
2454 4828 2549 4881 καὶ
2577 4828 2691 4895 ἔξει
2731 4830 2908 4898 κρῖμα
2932 4827 3008 4891 ὡς
3028 4826 3473 4896 ἀναχαλασθεῖσα
3493 4828 3595 4897 τῆς
3622 4826 3758 4889 ἰδίας

2170 4919 2310 4972 κατὰ
2343 4918 2477 4973 Θεὸν
2513 4918 2825 4991 προθέσεως
2846 4934 2860 4982 ς

484 5027 645 5068 suum
722 5010 853 5065 iilud
902 5008 1205 5064 secundum
1262 5007 1430 5063 Deum
1484 5008 1825 5077 propositum
1877 5006 2183 5063 relaxavit?

556 5132 571 5161 ¹
598 5127 731 5183 an.
774 5141 884 5187 ιιν,
918 5122 1008 5177 26.
1085 5124 1105 5154 ⁸
1140 5122 1310 5176 Exod.
1345 5138 1437 5184 xx,
1478 5121 1579 5186 l2;
1624 5120 1761 5189 Eph.
1784 5137 1859 5182 vt,
1885 5121 1941 5174 2.
2019 5123 2038 5153 ³
2067 5121 2260 5177 Matth.
2290 5139 2399 5185 six,
2431 5122 2485 5177 6.
2562 5121 2584 5152 ⁸
2614 5119 2784 5176 lCor.
2818 5137 2893 5182 XI,
2924 5121 2975 5173 2.
3057 5123 3077 5152 ⁸
3118 5119 3134 5172 1
3167 5119 3295 5175 Cor.
3327 5136 3416 5181 xv,
3448 5120 3501 5174 5.
3574 5120 3595 5149 ⁸
3624 5118 3755 5172 ibid.

483 5203 539 5255 2.
615 5201 632 5230 "
667 5196 687 5251 Ι
720 5196 846 5250 Cor.
890 5212 986 5256 vtt,
1016 5193 1106 5248 28.
1183 5193 1246 5246 ⁸1
1274 5193 1415 5247 Tim.
1445 5208 1496 5256 ν,
1529 5195 1616 5259 il,
1650 5192 1741 5245 i2.
1814 5194 1833 5224 θ
1868 5191 1925 5244 F.
1961 5194 2232 5263 ἀγάμους,

558 5314 670 5386 (20)
709 5311 805 5367 Δεῖ
841 5310 910 5386 δὲ
947 5309 1046 5386 καὶ
1074 5309 1403 5386 παραδόσει
1447 5309 1797 5386 κεχρῆσθαι.
1835 5310 2075 5386 Insignis
2180 5314 2333 5383 ἰσχὺν
2380 5311 2503 5386 ἔχει
2524 5311 2660 5383 πρὸς
2698 5311 2797 5381 τὴν
2831 5309 3151 5386 εὐσέϐειαν,
3198 5308 3292 5386 καλ.
3337 5307 3567 5386 τούτοις*
3583 5308 3758 5386 οὐδεςίς

490 5382 580 5442 hie
615 5382 769 5440 lucus
800 5382 868 5437 ad
901 5382 1407 5437 ecclesiasticarum
1435 5385 1790 5436 tradittonum
1825 5384 2071 5436 auctori-

491 5468 659 5513 tatem
688 5453 1063 5511 asserendam.
1095 5450 1196 5506 Cui
1224 5467 1520 5521 germanus
1548 5464 1632 5506 est
1661 5452 1751 5506 ille
1783 5450 1972 5507 Basilii
2003 5453 2069 5507 ad

488 5527 730 5597 Atnphil.
772 5524 849 5597 De
899 5523 1342 5597 Spiritu‘sancto
1370 5538 1389 5597 _:
1422 5522 1543 5574 Τῶν
1576 5524 1632 5573 ὲν
1666 5525 1732 5597 τῇ
1778 5522 2073 5597 Ἐκκλησία

492 5593 928 5667 πεφυλαγμένων
969 5593 1394 5667 δογμάτων-καὶ
1438 5593 1831 5667 κηρυγμάτων,
1862 5595 1929 5667 ’τὰ
1974 5593 2071 5667 μεν

490 5672 557 5725 ὲκ
581 5663 682 5737 τῆς
725 5663 1007 5737 ὶγγράφου
1041 5663 1390 5737 διδασκαλίας
1434 5663 1741 5737 ἔχομεν,τὰ
1774 5663 1829 5716 δὲ
1872 5665 1935 5716 ὲκ
1973 5664 2071 5737 τῇς

490 5683 557 5725 tu
584 5684 682 5737 της
729 5683 1007 5735 εγγραφου
1041 5683 1390 5726 οιοασκαλιας
1434 5683 1741 5786 εδχομεν,τ.·ι
1774 5683 1829 5716 οε
1872 5683 1935 5716 εκ
1973 5683 2069 5733 της

488 5740 602 5793 τῶν
659 5735 971 5792 ἀποστόλων
1029 5733 1383 5803 παραδόσεως
1487 5733 1761 5803 ιαὸοθέντα
1807 5737 1941 5803 ἡμῖν
2011 5734 2069 5783 ἐν

498 5807 782 5884 μυστηρίῳ
814 5801 1230 5876 παμδεξάμεθα
1249 5822 1262 5834 ο
1292 5805 1437 5875 ἀπνερ
1466 5801 1749 5877 ἀμςόςερα
1778 5801 1873 5877 τὴν
1901 5802 2071 5873 αὐτὴν

2181 5377 2441 5454 aii-wet;
2478 5377 2625 5454 ὅστις
2676 5377 2765 5447 γε’
2788 5382 2893 5454 κᾷν
2939 5380 3121 5454 κατὰ.-
3132 5379 3331 5454 μικρὸν
3364 5378 3495 5446 γοῦν
3519 5377 3761 5454 ’θεσμῶν

2178 5446 3032 5525 ὲκκλὴσιαστικῶνγπεπείραται.
3082 5446 3217 5525 Vide
3232 5446 3249 5525 ξ
3267 5458 3483 5502 caetera.
3519 5446 3623 5501 Ubi
3650 5446 3762 5525 tra-

2178 5521 2414 5579 ditiones
2469 5540 2576 5577 non
2637 5524 2758 5576 illas
2808 5530 3017 5574 tantum
3049 5521 3288 5580 asciscit,
3325 5531 3380 5572 et
3419 5521 3762 5574 necessarias

2176 5611 2301 5649 esse
2335 5594 2597 5656 defendit,
2627 5608 2748 5662 qua:
2794 5594 2861 5645 ad
2897 5594 3036 5644 ritus
3080 5590 3759 5662 czcrcnioniasqueperti-

2177 5674 2328 5729 nent,
2385 5664 2481 5720 sed
2534 5660 2721 5730 etiam,
2770 5680 2892 5733 qua:
2946 5662 3199 5731 dagtnata
3254 5660 3375 5715 litlci
3422 5677 3486 5714 ac
3542 5660 3763 5715 ducti-ta

2174 5736 2473 5792 continent.
