4176 6386
391 398 535 455 ιοιν

1016 397 1397 456 ADVERSUS
1439 397 1781 454 IIERESES
1820 397 1946 453 LIB.

2090 397 2255 454 ΤΟΜ.
2297 397 2338 454 1.
2382 428 2451 439 -
2500 396 2776 453 llA‘ZRES.
2819 396 2954 454 LXI.

3512 399 3656 454 Ιθῦθι

418 540 421 543 -
459 515 529 566 Ζ’.
557 512 947 583 Γαμείτωσαν
965 514 1165 577 τοίνυν,
1188 518 1970 587 τεκνογονείτωσανωὶχοδε·

2155 515 2263 570 Vll.
2308 514 2450 585 Ergo
2474 515 2565 569 illa
2596 515 2839 585 Apostoli
2864 514 3026 569 verba
3058 555 3074 579 ,
3100 511 3336 578 Nubanl,
3357 515 3496 583 ﬁlios
3527 533 3655 585 pro-

389 606 828 669 σποτείτωσαν,
858 605 1124 677 σύντομος
1151 608 1246 661 καὶ
1269 609 1434 678 μέσος
1454 612 1483 662 ό
1505 609 1664 678 λόγος
1691 611 1833 664 κατὰ
1858 610 1969 664 τῶν

388 700 458 753 τὰ
492 697 675 767 φαῦλα
707 698 1103 770 διανοουμένων
1134 703 1263 773 περὶ
1292 699 1476 774 πάσης
1507 704 1971 775 ὲκκλησιαστικῆς

388 788 484 841 τοῦ
513 788 870 859 κηρύγματος
890 789 1222 854 ὑποθέσεως
1245 792 1701 863 παρεκϐάλλουσα
1730 796 1827 866 μὲν
1844 798 1970 858 τοὺς

388 877 647 947 λέγοντας
686 879 913 941 ἑαυτοὺς
953 879 1371 943 Ἀποστολικοὺς
1425 883 1518 935 καὶ
1587 884 1967 955 Ἐγκρατίτας,

391 968 846 1040 παρεκϐάλλουσα
862 971 990 1033 τοὺς
1012 970 1440 1042 ὑδαρευομένους
1464 975 1523 1026 ἐν
1544 976 1611 1045 τῇ
1652 974 1967 1045 Ἐκκλησία,

389 1065 488 1117 καὶ
538 1062 927 1127 άναπείθοντας
975 1066 1210 1133 γυναῖκα
1273 1066 1290 1095 ¹
1333 1065 1442 1119 ἀπὸ
1508 1066 1715 1120 τελείου
1767 1067 1968 1138 δρόμου

390 1150 830 1221 ἀναχαλασθέντα
861 1152 1075 1206 ἀθετεῖν
1110 1154 1210 1224 τὴν
1240 1154 1499 1225 τοιαύτην
1526 1156 1619 1208 τοῦ
1654 1156 1853 1227 δρόμου
1882 1173 1970 1207 τε-

389 1244 658 1314 λειότητα.
691 1245 801 1298 Kal.
830 1244 942 1315 ἔχει
978 1245 1079 1315 μὲν
1114 1246 1391 1317 ἁμαρτίαν
1420 1248 1515 1300 καὶ
1550 1250 1723 1319 κρῖμα
1764 1250 1793 1299 ό
1845 1246 1970 1301 ἀθε-

388 1336 563 1405 τήσας
611 1334 747 1388 Θεοῦ
802 1336 906 1405 τὴν
959 1336 1279 1408 παρθενίαν,
1330 1340 1425 1392 καὶ
1487 1338 1851 1409 καταισχύνας
1880 1340 1970 1391 τὸν

391 1426 601 1493 ἀγῶνα.
636 1424 1023 1498 Παραφθείρας
1052 1426 1162 1499 γὰρ
1202 1429 1388 1497 ἀγῶνα
1421 1430 1449 1481 ὀ
1479 1428 1737 1500 ἀθλητὴς,
1781 1447 1973 1500 μαστι-

390 1516 541 1587 χθεὶς
579 1517 900 1571 ἐκϐάλλεται
927 1518 1020 1572 τοῦ
1056 1518 1287 1588 ἀγῶνος.
1329 1520 1439 1573 Καὶ
1478 1521 1857 1594 παραφθείρας
1888 1539 1972 1585 τις

390 1607 721 1677 παρθενίαν,
773 1609 1098 1663 ἐκϐάλλεται
1153 1608 1246 1663 τοῦ
1304 1610 1548 1664 τοιούτου
1598 1612 1822 1683 δρόμου,
1878 1612 1973 1664 καὶ

393 1700 683 1769 στεφάνου,
715 1702 811 1755 καὶ
846 1701 1124 1774 βραϐείου.
1166 1702 1328 1757 Ἀλλὰ
1356 1705 1602 1775 κρεῖττόν
1634 1707 1751 1757 ἐστι
1796 1708 1971 1777 κρῖμα

391 1792 487 1845 καὶ
527 1793 601 1865 μὴ
640 1796 978 1867 κατάκριμα.
1026 1799 1088 1850 Oi
1130 1796 1239 1869 γὰρ
1278 1797 1367 1850 διὰ
1416 1796 1478 1849 τὸ
1512 1797 1588 1869 μὴ
1618 1798 1969 1869 αἰσχυνθῆναι

390 1884 505 1946 τοῖς
562 1884 871 1955 ἀνθρώποις
918 1887 1103 1957 κρυφῆ
1133 1888 1510 1958 πορνεύοντες,
1572 1889 1781 1942 ποιοῦσι
1837 1908 1971 1961 πορ-

391 1979 543 2042 νείας
570 1981 613 2039 ²,
649 1978 682 2048 ἢ
713 1977 1025 2049 μανότητος,
1055 1977 1087 2047 ἢ
1122 1979 1470 2049 ἐγκρατείας,
1503 1982 1564 2033 οὐ
1601 1980 1735 2051 πρὸς
1762 1979 1972 2049 ἀνθρώ-

392 2086 529 2133 πους
562 2068 744 2138 ἔχουσι
770 2067 870 2139 τὴν
894 2068 1206 2139 ὁμολογίαν,
1242 2069 1377 2123 ἀλλὰ
1404 2071 1539 2141 πρὸς
1576 2071 1710 2125 Θεὸν
1760 2072 1851 2124 τὸν
1894 2074 1971 2124 εἰ·

390 2162 517 2214 δότα
552 2160 619 2213 τά
672 2161 899 2232 κρύφια,
943 2162 1037 2215 καὶ
1070 2161 1421 2233 ἐξελέγχοντα
1470 2166 1650 2215 πᾶσαν
1692 2164 1870 2235 σάρκα
1914 2165 1971 2217 ἐν

390 2254 458 2321 τῇ
515 2251 680 2305 αὑτοῦ
754 2253 1060 2324 παρουσίᾳ,
1124 2253 1253 2324 περὶ
1314 2246 1389 2308 ὧν
1442 2254 1675 2318 ἕκαστος
1730 2255 1967 2325 ἥμαρτε.

391 2345 654 2414 Κρεῖττον
686 2344 863 2398 τοίνυν
892 2344 1035 2416 ἔχειν
1072 2346 1346 2416 ἁμαρτίαν
1381 2346 1531 2415 μίαν,
1560 2347 1655 2399 καὶ
1683 2346 1755 2418 μὴ
1779 2364 1972 2420 περισ-

394 2434 640 2505 σοτέρας.
698 2434 961 2506 Κρεῖττον
1018 2435 1252 2486 πεσόντα
1306 2434 1414 2486 ἀπὸ
1471 2433 1669 2507 δρόμου
1723 2436 1973 2506 φανερῶς

393 2528 571 2598 ἐαυτῷ
600 2526 785 2581 λαϐεῖν
823 2530 1056 2596 γυναῖκα
1094 2527 1237 2580 κατὰ
1262 2528 1443 2597 νόμον,
1479 2527 1574 2580 καὶ
1609 2528 1720 2580 ἀπὸ
1765 2527 1972 2599 παρθε-

393 2619 513 2681 νίας
544 2618 725 2689 πολλῷ
766 2620 941 2690 χρόνῳ
976 2620 1409 2690 μετανοήσαντα,
1450 2618 1769 2688 εἰσαχθῆναι
1813 2619 1973 2674 πάλιν

393 2712 474 2774 είς
522 2711 622 2781 τὴν
678 2710 1039 2783 Ἐκκλησίαν,
1087 2710 1164 2773 ὡς
1210 2710 1395 2774 κακῶς
1435 2712 1845 2782 ἐργασάμενον,
1898 2710 1974 2776 ὡς

395 2804 807 2877 παραπεσόντα,
832 2803 927 2857 καὶ
966 2801 1287 2867 κλασθέντα,
1313 2801 1407 2855 καὶ
1437 2802 1625 2873 χρείαν
1644 2802 1838 2872 ἔχοντα
1862 2804 1977 2855 ἐπιο

393 2897 646 2968 δὲματος,
678 2900 773 2953 καὶ
815 2896 889 2969 μὴ
924 2897 1044 2951 καθ’
1087 2896 1325 2967 ἑκάστην
1368 2894 1581 2965 ἡμέραν
1617 2893 1795 2964 βέλεσι
1838 2910 1974 2964 κρυ-

396 2990 539 3059 φίοις
569 2989 1132 3061 κατατιτρώσκεσθαι,
1160 2988 1253 3041 καὶ
1288 2988 1555 3059 πονηρίας
1587 2985 1692 3039 ὑπὸ
1727 2984 1973 3038 διαϐόλου

396 3081 544 3153 αὑτῷ
576 3082 999 3153 ἐπιφερομένης.

463 3347 547 3401 H'.
572 3344 757 3408 Οὕτως
782 3340 921 3398 οἶδεν
956 3346 989 3415 ἡ
1019 3343 1316 3414 Ἐκκλησία
1348 3341 1658 3414 κηρύττειν.
1700 3339 1886 3393 Ταῦτα
1907 3337 1977 3392 τὰ

393 3439 661 3510 φάρμακα
696 3438 796 3508 τῆς
827 3437 1022 3500 ίάσεως
1042 3451 1056 3465 ·
1089 3436 1265 3490 ταῦτα
1296 3435 1364 3488 τὰ
1386 3435 1498 3505 εῐδη
1526 3434 1628 3503 τῆς
1661 3430 1975 3504 μυρεψικῆς

392 3530 654 3601 ἐργασίας
678 3545 691 3559 ’
740 3526 880 3599 αὕτη
920 3530 953 3598 ἡ
999 3526 1311 3582 κατασκευῇ
1352 3525 1447 3578 τοῦ
1496 3525 1652 3593 ἁγίου
1697 3522 1879 3576 ἐλαίου
1916 3523 1974 3572 ἐν

392 3622 470 3695 τῷ
500 3622 678 3693 νόμῳο
717 3620 855 3691 αῦτη
890 3623 922 3692 ἡ
954 3619 1379 3691 ἀρωματίζουσα
1424 3617 1563 3688 καλὴ
1604 3617 1819 3679 πίστις,
1855 3617 1975 3667 ἐπι-

392 3717 698 3787 σφίγγουσα
752 3716 852 3788 μὲν
886 3717 977 3769 τὸν
1029 3715 1295 3769 ἀθλοῦντα
1320 3714 1400 3777 είς
1446 3712 1662 3782 ἀγῶνα,
1707 3711 1974 3780 ἐπικηρυ-

391 3810 660 3879 κευομένη
702 3808 759 3862 δὲ
810 3806 961 3878 αὐτῷ
998 3808 1256 3861 διατεῖναι
1290 3806 1383 3859 τὸν
1430 3805 1651 3875 δρόμον,
1705 3804 1853 3864 ὅπως
1884 3801 1973 3854 δυ-

391 3899 527 3969 νηθῇ
564 3898 1011 3969 στεφανωθῆναι·
1050 3898 1188 3970 αῦτη
1221 3901 1254 3968 ἡ
1295 3898 1387 3950 τοῦ
1422 3897 1554 3950 Θεοῦ
1594 3893 1969 3966 πραγματεία,

393 3992 600 4051 πάντας
650 3991 958 4059 συνάγουσα
994 3992 1074 4052 είς
1112 3989 1211 4059 τὴν
1254 3988 1538 4058 βασιλικὴν
1574 3986 1839 4049 διάταξιν,
1875 3984 1970 4037 καὶ

392 4080 679 4153 πορφύραν
711 4080 810 4150 μὲν
840 4082 949 4135 άπὸ
977 4080 1272 4151 θαλάσσης,
1299 4082 1393 4133 καὶ
1434 4079 1580 4149 ἔριον
1620 4079 1727 4131 ἀπὸ
1765 4076 1973 4144 προϐά-

391 4188 505 4233 του,
532 4172 628 4225 καὶ
658 4170 801 4224 λίνον
828 4172 892 4224 ἐκ
919 4171 1044 4241 γῆς,
1080 4171 1174 4223 καί
1214 4169 1434 4238 βύσσον,
1470 4170 1566 4222 καὶ
1596 4170 1841 4241 σηρικὸν,
1878 4170 1972 4222 καὶ

389 4263 636 4337 δέρματα
659 4262 1177 4334 ἠρυθροδανωμένα,
1209 4263 1306 4315 καὶ
1333 4261 1479 4315 λίθον
1509 4262 1689 4332 τίμιον
1714 4262 1807 4315 τὸν
1831 4263 1970 4333 σμά-

393 4358 608 4430 ραγδον,
639 4355 851 4410 καὶτὸν
881 4356 1245 4427 μαργαρίτην,
1285 4354 1377 4407 τὸν
1420 4355 1650 4427 ἀχάτην,
1703 4358 1814 4418 τοῖς
1872 4354 1970 4425 μὲν

390 4448 642 4520 χρώμασι
681 4446 1090 4508 διαλλάττοντας
1140 4446 1340 4511 λίθους,
1392 4448 1457 4517 τῇ
1514 4446 1572 4499 δὲ
1614 4449 1746 4517 τιμῇ
1781 4445 1969 4516 ὁμοτί-

2071 616 2265 671 creent,
2300 607 2523 675 familia:
2549 623 2732 659 curam
2760 605 3048 669 habeam‘,
3084 607 3264 660 brevis
3310 614 3392 660 est
3429 622 3494 660 ac
3534 624 3655 662 me-

2071 700 2197 757 dius
2226 700 2493 754 adversus
2522 700 2643 755 illos
2671 714 2874 765 sermo,
2909 698 3002 767 qui
3036 697 3103 752 de
3132 699 3277 751 omni
3313 700 3652 765 ecclesiasti-

2072 806 2151 845 ca:
2201 792 2464 846 doctrina:
2510 807 2707 861 genere
2755 806 3039 861 perperam
3088 790 3229 858 apud
3280 806 3339 845 se
3385 793 3654 862 cogitant.

2071 885 2203 949 Quae
2257 882 2479 950 quidem
2523 883 2773 937 doctrina
2818 896 2913 937 eos
2964 898 3156 937 omnes
3193 882 3421 951 rcSpuit,
3453 884 3543 952 qui
3590 900 3654 937 se

2070 976 2440 1046 Apostolicos.
2496 983 2550 1029 et
2593 975 2905 1029 Encratitas
2959 974 3241 1028 nominant
3278 994 3289 1028 :
3328 991 3538 1028 necnon
3597 984 3653 1029 et

2073 1068 2220 1133 illos,
2254 1069 2347 1139 qui
2381 1068 2434 1122 in
2469 1068 2713 1124 Ecclesia
2758 1069 3037 1122 molliores
3067 1066 3470 1136 quodatntnodo
3498 1075 3649 1130 sunt,

2073 1161 2277 1232 quique
2311 1162 2633 1217 mulieribus
2678 1161 3033 1232 persuadent,
3066 1168 3125 1213 ut
3151 1158 3219 1213 de
3264 1159 3487 1228 perfecti
3533 1175 3654 1211 eur-

2073 1267 2169 1307 sus
2219 1252 2577 1307 contentione
2628 1252 2965 1305 remittentes
3011 1265 3131 1305 eatn
3178 1250 3350 1319 ipsam
3406 1247 3651 1301 funditus

2072 1342 2354 1411 abjiciant.
2385 1342 2584 1397 Verum
2642 1350 2863 1411 peccato
2913 1355 2973 1395 se
3021 1355 3086 1393 ac
3129 1340 3338 1408 judicio
3388 1340 3651 1409 implicat,

2073 1433 2324 1503 quisquis
2352 1431 2446 1487 Dei
2481 1431 2846 1501 virginitatem
2896 1429 3035 1482 tollit
3065 1444 3096 1483 e
3128 1428 3329 1489 medio,
3360 1444 3423 1482 ac
3473 1437 3652 1482 certa-

2074 1525 2208 1579 mini
2260 1523 2613 1593 ignominiam
2660 1521 2975 1577 consciscit.
3002 1518 3104 1586 Qui
3143 1520 3286 1574 enim
3336 1536 3401 1575 ex
3433 1520 3652 1575 athletis

2039 1614 2393 1699 ‘certaminis
2420 1615 2564 1683 leges
2591 1613 2782 1679 violat,
2824 1629 2949 1667 cum
2986 1611 3310 1667 verberibus
3344 1627 3372 1665 a
3404 1616 3667 1666 certami-'

2074 1725 2144 1763 ne
2178 1708 2455 1777 dejicitur.
2491 1706 2568 1760 lta
2603 1708 2696 1775 qui
2735 1705 3103 1775 virginitatem
3132 1705 3461 1774 corruperit,
3493 1705 3561 1759 ab
3587 1723 3653 1758 eo

2076 1804 2197 1872 ipso
2228 1799 2526 1861 curriculo,
2561 1808 2614 1853 et
2648 1798 2808 1868 512
2838 1812 3064 1863 corona,
3102 1799 3434 1866 prtemioque
3484 1800 3655 1866 repel-

2075 1892 2224 1945 litur.
2253 1889 2456 1944 Verum
2515 1889 2711 1943 melius
2772 1890 2959 1957 utique
3013 1887 3280 1957 judicium
3344 1897 3448 1952 est,
3487 1905 3657 1958 «liram

2075 1982 2372 2037 damnatio.
2403 1980 2535 2035 Nam
2587 1982 2703 2051 qui,
2740 1991 2799 2033 ut
2838 1995 2905 2033 ne
2942 1978 3081 2049 apud
3123 1979 3372 2034 homines
3422 1981 3475 2033 in
3521 1982 3654 2033 inl‘a-

2074 2074 2239 2127 miam
2289 2071 2820 2135 adducantur,clam
2877 2079 3126 2139 stuprum
3183 2081 3517 2141 perpetrant,
3548 2089 3657 2125 Ino-

2073 2165 2303 2219 nasticre
2327 2165 2468 2227 vitae,
2488 2164 2571 2217 vel
2595 2163 2948 2217 continentiae
2975 2164 3270 2233 Sponsione
3298 2179 3403 2219 non
3428 2180 3486 2218 se
3509 2165 3653 2234 apud

2076 2256 2329 2313 homines
2378 2257 2640 2326 obligant,
2673 2255 2767 2311 sed
2818 2256 2959 2325 apud
3009 2256 3197 2321 Deum,
3226 2257 3319 2326 qui
3355 2265 3409 2311 et
3438 2257 3653 2310 occulta

2075 2349 2380 2419 cognoscit,
2413 2357 2467 2402 et
2522 2347 2573 2400 in
2634 2345 2869 2400 adventu
2920 2362 3020 2401 suo
3078 2347 3386 2402 universam
3434 2363 3653 2401 carnem

2075 2441 2384 2511 redarguit,
2420 2441 2473 2493 in
2516 2439 2715 2509 quibus
2759 2440 3010 2493 videlicet
3039 2440 3273 2509 quisque
3322 2443 3651 2510 peccaverit.

2076 2530 2343 2593 Quocirca
2375 2529 2550 2583 satius
2584 2537 2667 2583 est
2701 2545 2810 2582 uno
2844 2546 2898 2581 se
2931 2540 3159 2599 peccan
3197 2546 3359 2598 quam
3405 2531 3654 2599 pluribus

2076 2612 2436 2689 obstringere.
2472 2619 2658 2676 Satius
2707 2628 2812 2683 cst,
2843 2621 2931 2674 ttbi
2983 2637 3012 2674 a
3044 2622 3321 2676 curriculo
3365 2625 3651 2685 exciderit,

2076 2713 2254 2783 palam
2301 2710 2405 2765 sibi
2448 2726 2673 2765 uxorem
2720 2712 2977 2781 legitimis
3012 2713 3217 2782 nuptiis
3246 2714 3561 2783 adjungere,
3592 2730 3655 2767 ac

2075 2812 2200 2874 post
2243 2802 2605 2872 virginitatem
2656 2804 2819 2873 longo
2872 2803 3159 2857 intervallo
3194 2813 3448 2874 suscepta
3484 2805 3658 2874 poeni-

2078 2894 2253 2949 tentia
2303 2894 2499 2948 iterum
2550 2893 2809 2949 Ecclesiaa
2861 2894 3233 2957 reconciliari,
3269 2904 3455 2966 utpote
3481 2895 3659 2966 quiet

2077 2993 2362 3055 peccatum
2410 2984 2714 3049 admiserit,
2742 2993 2797 3039 et
2841 2986 3135 3057 prolapsus
3177 2985 3363 3044 fuerit.
3394 2996 3449 3041 et
3484 2988 3657 3041 infra-

2080 3088 2225 3140 ctus,
2258 3086 2312 3131 et
2361 3076 2696 3147 obligatione
2726 3077 2969 3132 vulneris
3016 3093 3155 3147 opus
3202 3078 3416 3143 habeat,
3442 3087 3501 3133 ut
3549 3097 3656 3135 non

2077 3168 2309 3222 occultis
2339 3169 2394 3222 in
2427 3167 2543 3223 dies
2575 3168 2833 3223 immissa:
2865 3184 2894 3221 a
2922 3167 3139 3223 diabolo
3181 3167 3436 3239 nequitiae
3457 3170 3659 3239 jaculis

2078 3259 2375 3313 saucietur.

2152 3347 2285 3403 Vlll.
2331 3349 2485 3403 llunc
2536 3349 2589 3403 in
2640 3349 2857 3403 tnodnm
2889 3348 3188 3419 prmdicare
3236 3350 3522 3404 consuevit
3554 3348 3659 3402 Ec-

2075 3440 2269 3496 clesia.
2302 3439 2428 3495 llaec
2480 3441 2545 3494 ad
2594 3441 2894 3496 remedium
2922 3451 3237 3510 comparata
3263 3442 3658 3495 medicamenta

2075 3538 2238 3593 sunt;
2270 3529 2385 3583 haec
2428 3530 2733 3600 seplasiarii
2778 3531 2960 3599 operis
2994 3546 3195 3600 genera
3231 3540 3391 3597 sunt;
3426 3530 3539 3583 hare
3572 3548 3659 3585 su-

2074 3623 2153 3677 cri
2196 3622 2253 3676 in
2289 3624 2404 3694 lege
2455 3622 2559 3675 olei
2617 3620 2923 3687 confectio;
2978 3622 3091 3676 inec
3133 3631 3439 3676 aromatum
3489 3623 3659 3677 odore

2075 3714 2325 3784 fragrans
2372 3712 2588 3783 egregia
2640 3712 2795 3775 tidcs,
2827 3727 2947 3781 qme
2996 3713 3213 3768 athletze
3263 3713 3331 3767 ad
3379 3721 3657 3768 certamen

2074 3808 2393 3877 prodeuntis
2422 3806 2757 3877 astringendi
2787 3805 2893 3857 vim
2927 3804 3109 3869 habet,
3139 3805 3424 3875 eidemque
3448 3806 3655 3859 denun-

2072 3900 2194 3960 tiat,
2233 3898 2311 3951 uti
2338 3912 2561 3949 cursum
2594 3894 2912 3960 contendat,
2943 3910 3051 3965 quo
3075 3909 3334 3949 coronam
3368 3896 3539 3964 possit
3563 3912 3658 3948 att-

2073 3987 2246 4052 ferre;
2288 3988 2392 4041 hoc
2420 3985 2512 4041 Dei
2552 4001 2713 4056 opus,
2747 4000 2809 4039 ac
2851 3990 3125 4055 negotium
3160 3993 3263 4050 est,
3292 3985 3435 4054 quod
3466 3999 3657 4039 omnes

2072 4080 2277 4151 regiam
2302 4079 2368 4132 ad
2395 4078 2925 4133 administrationem
2951 4085 3265 4147 congregat,
3292 4078 3440 4130 velut
3464 4092 3492 4128 e
3518 4077 3655 4128 mari

2072 4184 2391 4240 purpuram,
2425 4168 2606 4221 lauant
2641 4182 2707 4220 ex
2740 4166 2958 4227 ovibus,
2990 4166 3157 4218 linum
3181 4181 3210 4219 e
3235 4174 3402 4230 terra,
3431 4165 3654 4235 byssum

2072 4262 2331 4323 sericum,
2357 4260 2665 4313 rubricatas
2690 4258 2878 4327 pelles,
2907 4258 3204 4326 pretiosum
3231 4256 3486 4326 lapidem,
3511 4273 3653 4309 sma-

2071 4354 2321 4424 ragdum,
2352 4352 2631 4414 unionem,
2665 4350 2934 4413 achatem,
2969 4348 3197 4418 lapides,
3251 4349 3492 4417 inquam,
3536 4349 3652 4418 qui,

2069 4446 2171 4502 etsi
2201 4443 2476 4497 coloribus
2510 4441 2786 4499 diﬁerant,
2822 4440 3002 4509 pretio
3036 4446 3218 4493 tamen
3250 4439 3486 4508 aequales
3504 4451 3651 4493 sunt.

394 4559 524 4613 μους
558 4541 748 4603 ὄντας·
778 4539 915 4593 ἀλλὰ
942 4539 1036 4593 καὶ
1060 4538 1281 4610 χρυσὸν,
1311 4539 1404 4591 καὶ
1428 4538 1686 4610 ἄργυρον,
1719 4541 1812 4591 καὶ
1839 4538 1970 4603 ξύλα

2078 4539 2183 4594 Sed
2209 4545 2261 4592 et
2291 4551 2507 4599 aurum,
2537 4547 2590 4588 et
2618 4542 2924 4604 argentum,
2950 4542 3002 4587 et
3028 4534 3343 4603 incorrupta
3376 4533 3542 4604 ligna,
3579 4550 3654 4588 ms

312 4642 313 4645 “
390 4635 597 4704 ἆσηπα,
628 4633 722 4687 καὶ
749 4631 967 4704 χαλκὸν,
993 4633 1087 4685 καὶ
1117 4632 1359 4702 σίδηρον,
1388 4631 1527 4683 ἀλλὰ
1554 4632 1647 4684 καὶ
1670 4631 1863 4701 τρίχας
1886 4631 1971 4682 ai-

390 4727 543 4793 γείας
591 4725 665 4796 μὴ
705 4722 1137 4794 ἀποϐαλλομένη.
1194 4722 1305 4774 Καὶ
1354 4721 1495 4791 αῦτη
1557 4722 1657 4791 μὲν
1685 4718 1754 4793 ἦν
1782 4722 1903 4774 τότε
1935 4725 1968 4793 ἡ

391 4815 584 4887 σκηνὴ,
602 4815 697 4868 νῦν
718 4815 774 4868 δέ
796 4816 895 4886 τῆς
918 4813 1123 4883 σκηνῆς
1143 4814 1171 4865 ὁ
1190 4806 1338 4874 οἶκος
1361 4811 1729 4882 ἠδραιωμένος
1750 4814 1806 4865 ἐν
1826 4812 1966 4882 Θεῷ,

390 4907 635 4977 θεμέλιος
672 4906 729 4960 δὲ
765 4908 824 4960 ἐν
855 4906 1101 4975 δυνάμει.
1126 4904 1235 4957 Καὶ
1256 4903 1555 4956 παυσάσθω
1578 4903 1726 4955 πᾶσα
1756 4903 1967 4973 αἵρεσις

390 4996 529 5049 κατὰ
553 4996 653 5067 τῆς
684 4995 940 5067 ἀληθείας
979 4994 1399 5065 ἐπεγειρομένη,
1433 4993 1631 5064 μᾶλλον
1675 4993 1731 5046 δὲ
1762 4994 1961 5064 ἑαυτὴν

390 5087 501 5140 ἀπὸ
522 5086 781 5158 ἀληθείας
813 5087 1105 5141 διώκουσα.

461 5177 569 5238 Καὶ
601 5176 707 5241 ἕως
737 5169 840 5230 ὧδε
870 5176 1043 5230 ταῦτα
1071 5177 1260 5247 ἐχέτω.
1298 5176 1408 5247 Τὴν
1441 5175 1643 5246 γαῦρον
1671 5175 1727 5228 δὲ
1757 5175 1961 5243 ταύτην

388 5267 599 5338 ἔχιδναν
619 5268 773 5338 δίκην
802 5269 1055 5321 ἀκοντίου
1084 5268 1177 5321 τοῦ
1205 5268 1564 5338 καλουμένου,
1596 5268 1629 5338 ἢ
1654 5266 1948 5336 τύφλωπος

388 5358 421 5429 ἢ
462 5360 704 5430 μυάγρου
732 5358 873 5431 ξύλῳ
904 5358 997 5412 τοῦ
1033 5359 1265 5430 σταυροῦ
1294 5359 1645 5421 πεπαικότες,
1678 5357 1771 5411 καὶ
1798 5374 1965 5410 κατα-

388 5451 698 5521 λείψαντες·
738 5453 815 5505 ίὸν
849 5454 945 5522 μὲν
977 5452 1036 5505 οὺ
1075 5452 1328 5505 τοσοῦτον
1363 5452 1555 5522 ἔχοντα
1587 5450 1655 5504 τὰ
1686 5448 1964 5521 ἐρπετώδη

392 5543 584 5607 ταῦτα,
619 5544 758 5614 πλὴν
790 5544 884 5597 καὶ
920 5543 999 5613 τῷ
1030 5544 1232 5614 δρόμῳ,
1270 5544 1365 5596 καὶ
1393 5541 1469 5613 τῷ
1491 5541 1848 5611 γαυριάματι,
1872 5540 1966 5591 καὶ

388 5635 454 5704 τῇ
491 5634 818 5697 άκοντιάσει,
847 5631 937 5685 διὰ
965 5632 1063 5703 τὴν
1087 5634 1263 5686 αὐτῶν
1298 5631 1640 5702 ὲπεντριϐὴν,
1668 5629 1839 5693 οὕτως
1867 5647 1967 5682 κα-

2068 4638 2231 4700 atque
2266 4625 2499 4691 ferrum,
2534 4624 2783 4694 adeoque
2836 4639 2904 4681 ne
2946 4624 3199 4693 caprinos
3248 4624 3467 4694 quidem
3512 4626 3652 4694 pilos

2065 4721 2336 4792 repudiat.
2374 4719 2553 4788 Atque
2605 4714 2877 4787 ejusmodi
2921 4716 3197 4785 quondam
3242 4717 3651 4770 tabernaculum

2065 4811 2224 4874 fuit“,
2252 4824 2398 4862 nunc
2429 4815 2608 4861 autem
2654 4806 2992 4861 tabernaculi
3028 4806 3222 4859 domus
3255 4807 3308 4859 in
3348 4806 3455 4859 Deo
3485 4808 3649 4860 stahi~

2066 4905 2183 4965 lita,
2219 4902 2631 4955 fundamentum
2659 4898 2781 4967 ejus
2812 4900 2865 4952 in
2899 4898 3102 4952 virtute
3145 4898 3421 4953 consistit.
3459 4897 3647 4951 Proin-

2067 4995 2244 5064 deque
2282 4992 2497 5046 desinat
2530 4992 2754 5044 haeresis
2776 4991 2976 5051 omnis,
3002 5005 3125 5059 qua:
3146 4999 3336 5043 contra
3373 4990 3649 5043 veritatem

2070 5085 2324 5154 insurgit,
2354 5086 2436 5137 vel
2471 5084 2705 5152 seipsam
2740 5083 2923 5151 potius
2953 5098 2982 5136 a
3016 5084 3248 5137 veritate
3281 5089 3519 5136 removet

2138 5173 2317 5243 Atque
2367 5172 2482 5226 haec
2525 5172 2813 5226 hactenus.
2850 5170 3003 5225 Nunc
3053 5182 3414 5242 posteaquam
3462 5184 3659 5239 snper-

2070 5267 2192 5321 bam
2246 5265 2387 5319 hanc
2434 5264 2697 5332 viperam,
2731 5264 2956 5332 perinde
2984 5280 3045 5318 ac
3076 5267 3344 5333 serpentis
3376 5279 3549 5333 genus
3579 5263 3645 5314 il-

2070 5354 2184 5417 lud,
2216 5354 2361 5423 quod
2398 5352 2641 5421 jaculum
2684 5364 2861 5417 vocat,
2891 5364 2985 5407 aut
3025 5355 3357 5423 typltlopem,
3392 5356 3474 5406 vel
3507 5368 3642 5421 mya-

2070 5459 2249 5514 grum,
2291 5443 2475 5496 erucis
2525 5442 2672 5511 ligno
2720 5443 3119 5511 percussimus,
3156 5459 3219 5496 ac
3273 5442 3594 5512 reliquimus
3630 5460 3644 5494 :

2071 5551 2191 5605 qua:
2236 5534 2455 5603 quidem
2504 5540 2819 5603 serpentum
2854 5549 3053 5603 genera
3086 5551 3196 5587 non
3244 5544 3351 5588 tatu
3391 5536 3646 5604 praesenti

2071 5643 2281 5683 veneno
2306 5634 2435 5681 sunt
2469 5644 2482 5680 :
2520 5633 2903 5695 verumtamen
2944 5634 3051 5681 tam
3092 5628 3161 5683 ob
3198 5643 3385 5682 eorum
3415 5626 3631 5697 pernici

465 5814 480 5845 ¹
509 5812 567 5868 F.
605 5813 823 5882 γύναια.
899 5820 922 5852 ⁸
949 5814 1109 5870 Deest
1150 5813 1375 5884 aliquid.
1441 5814 1459 5845 ³
1492 5810 1508 5864 l
1544 5808 1686 5866 Tim.
1723 5826 1775 5872 ι’,
1809 5807 1890 5862 H.
1968 5825 1970 5832 '

2073 5805 2198 5861 on.
2226 5821 2352 5871 xxv,
2382 5805 2414 5859 «ί
2447 5821 2567 5880 sqq.
