4176 6386
515 403 648 459 1031

1934 395 1995 452 S.
2035 389 2378 449 EPIPIIANII

3641 372 3786 428 ωδε

516 532 707 585 tatem,
741 537 904 590 quam
935 522 1312 584 insatentiam,
1347 531 1404 574 et
1431 518 1870 590 ejaculationem.
1903 517 1968 570 ad
1996 516 2100 570 hie-

2227 511 2308 574 ὦς
2363 506 2824 567 ἀπεικασοιντας,
2881 500 3377 574 περιφρονήσαντος
3423 493 3532 548 τῶν
3577 492 3781 548 αὑτων.

518 615 812 669 reticerqu
863 614 1080 666 illorum
1129 612 1428 682 perniciem
1485 611 1894 681 significandam
1942 624 2098 663 com-

519 706 678 759 mode
711 703 1059 765 adhibentur,
1093 704 1444 771 contemptis,
1481 702 1723 771 inquam,
1763 698 1922 769 513
1969 699 2099 764 illis,

516 807 574 850 et
603 794 854 863 abjectis,
883 793 950 846 ad
986 792 1228 861 reliquas
1268 793 1508 846 haereses
1537 800 1907 846 transeamus.

907 905 1189 961 CONTRA
1221 903 1712 970 SABELLIANOS,

934 999 1170 1053 [heresis
1207 997 1371 1052 XLII
1405 1001 1482 1052 vel
1508 997 1694 1052 LXII.

591 1113 634 1167 l.
683 1112 800 1166 Non
857 1112 1044 1166 multis
1098 1110 1300 1165 abhinc
1345 1111 1506 1165 annis
1565 1109 1840 1164 Sabellius
1880 1109 2100 1180 quidam

524 1204 818 1259 hzereticus
869 1205 1130 1258 emersit:
1165 1202 1364 1272 quippe
1415 1217 1608 1257 recens
1644 1203 1735 1256 ille
1767 1211 1872 1263 est,
1927 1217 1956 1255 a
1994 1216 2103 1270 quo

527 1297 822 1351 Sabelliani
859 1295 1088 1366 profecti
1139 1302 1288 1350 sunt.
1334 1293 1440 1360 Qui
1479 1294 1724 1364 quidem,
1757 1294 1947 1364 paucis
1979 1293 2101 1362 qui-

525 1390 754 1444 busdam
784 1389 1050 1457 exceptis.
1104 1385 1292 1441 eadem
1329 1401 1454 1439 cum
1509 1383 1791 1440 Noetianis
1841 1384 2099 1439 asseruit.

525 1483 703 1551 Atque
751 1481 916 1549 hujus
951 1489 1114 1534 sectae
1148 1479 1368 1548 plurimi
1407 1493 1532 1531 cum
1574 1479 1626 1531 in
1677 1476 2102 1546 Mesopotamia,

521 1583 637 1626 tum
680 1571 865 1626 lloma:
905 1580 1217 1638 versantur,
1252 1571 1478 1625 vesania
1518 1570 1756 1640 quadam
1810 1568 2026 1640 perciti.

596 1746 803 1800 Horum
835 1748 949 1800 hsce
983 1747 1172 1816 opinio
1212 1753 1296 1801 est
1329 1764 1341 1800 :
1377 1743 1641 1799 Eumdem
1690 1760 1813 1798 esse
1861 1743 2102 1808 Patrem,

523 1847 576 1890 et
613 1837 830 1903 Filium,
874 1847 928 1892 et
975 1837 1241 1909 Spiritum
1296 1847 1573 1896 sanctum,
1628 1846 1687 1889 ut
1738 1835 1804 1889 ad
1854 1834 2102 1890 eamdem

526 1930 849 2000 hypostasin
883 1940 995 1985 tres
1031 1931 1431 2000 appellationes
1460 1928 1810 1982 conveniant.
1846 1925 1952 1979 Aut
1984 1942 2108 1996 per-

527 2021 655 2074 inde
689 2030 852 2092 atque
902 2021 957 2075 in
1010 2037 1120 2074 uno
1167 2020 1390 2074 homine
1439 2034 1660 2088 corpus,
1699 2026 1753 2072 et
1801 2018 2007 2084 anima,
2058 2025 2111 2071 et

528 2116 760 2185 spiritus
794 2115 956 2168 inest.
996 2114 1072 2167 lta
1109 2124 1166 2166 ut
1195 2110 1443 2181 corporis
1475 2111 1652 2164 instar
1680 2110 1753 2165 sit
1786 2109 1969 2170 Pater.
2000 2109 2114 2162 ani-

530 2223 632 2260 tua:
664 2205 871 2271 Filius;
917 2204 1159 2274 Spiritus
1193 2203 1430 2272 denique
1466 2203 1518 2254 in
1553 2202 1670 2272 ipsa
1700 2200 1984 2255 divinitate
2009 2200 2113 2253 hu-

532 2300 680 2351 mani
711 2296 942 2365 spiritus
978 2296 1154 2349 iustar
1195 2294 1481 2347 habeatur.
1517 2290 1671 2358 Quod
1703 2299 1758 2345 et
1799 2291 1932 2345 solis
1962 2291 2116 2346 simi-

533 2390 766 2446 litudine
797 2389 1115 2453 declarant;
1147 2388 1200 2441 in
1233 2402 1342 2456 quo
1373 2401 1499 2439 cum
1539 2399 1646 2437 una
1679 2394 1749 2438 Sll
1781 2383 2112 2454 hypostasis.

530 2483 727 2552 triplex
769 2481 1127 2534 nihilominus
1157 2487 1315 2532 actus
1351 2485 1436 2531 est
1467 2496 1481 2531 :
1510 2475 1766 2528 nimirqu
1806 2473 2116 2528 illustrandi

535 2575 616 2630 vis
651 2587 704 2628 et
733 2571 1116 2634 calefaciendi,
1169 2579 1225 2625 et
1275 2568 1606 2623 orbicularis
1655 2566 1845 2637 figura.
1891 2566 1969 2619 Ac
2006 2565 2117 2618 vim

531 2667 751 2736 quidem
793 2666 938 2718 illam
976 2662 1354 2727 calefaciendi,
1397 2662 1500 2716 hoc
1531 2668 1615 2715 est
1659 2660 1921 2723 calorem,
1955 2669 2121 2730 atque

532 2766 748 2818 :estum,
794 2755 1020 2824 Spiritui
1060 2751 1420 2822 respondere;
1467 2751 1812 2804 illumiuaudi
1847 2767 1977 2806 vero
2009 2754 2120 2806 vim

535 2848 710 2916 Filio;
737 2847 949 2901 Patrem
977 2847 1214 2915 denique
1241 2846 1412 2898 totius
1434 2844 1746 2916 hypostasis
1771 2845 1915 2898 velut
1937 2861 2124 2914 quatu-

535 2959 661 2995 uam
696 2957 819 2996 esse
853 2941 1108 2994 formam.
1144 2938 1317 3008 Igitur
1357 2937 1555 2991 Filium
1598 2934 1870 2988 allirmant
1903 2935 2038 2988 radii
2067 2935 2122 2989 in

539 3051 746 3088 morem
777 3033 1044 3087 emissmn
1083 3031 1290 3093 omnia,
1331 3045 1453 3099 qua:
1492 3029 1558 3082 ad
1593 3027 1890 3098 Evangelii,
1929 3035 1982 3081 et
2022 3028 2124 3081 hu-

537 3142 712 3181 mana:
772 3125 967 3179 salutis
1022 3122 1465 3194 procurationem
1520 3121 1837 3183 attinerent,
1905 3119 1960 3173 in
2021 3119 2124 3172 hoc

535 3217 744 3271 mundo
780 3216 1120 3286 praestitisse,
1170 3221 1335 3282 atque
1386 3211 1457 3263 ita
1518 3213 1572 3265 in
1620 3210 1818 3264 caalum
1870 3207 2119 3272 rediisse,

540 3309 997 3381 quemadmodum
1052 3307 1121 3368 is,
1175 3306 1267 3375 qui
1309 3321 1337 3356 a
1384 3304 1501 3357 sole
1549 3303 1812 3363 manavit,
1849 3300 2038 3354 radius
2068 3301 2122 3352 in

538 3402 790 3457 eumdem
819 3409 1003 3471 postea
1034 3399 1364 3453 refunditur.
1396 3396 1660 3466 Spiritum
1686 3411 1853 3465 porro
1870 3405 2123 3449 sanctum

541 3496 598 3547 in
630 3495 774 3546 hunc
807 3492 993 3545 orbem
1028 3490 1269 3551 immitti,
1308 3505 1372 3542 ac
1403 3487 1658 3556 deinceps
1699 3487 2127 3556 singillatimque

540 3587 596 3641 in
629 3601 724 3639 eos
773 3599 964 3639 omnes
1019 3583 1188 3645 illabi,
1242 3582 1334 3651 qui
1384 3596 1450 3634 eo
1495 3595 1720 3634 munere
1775 3580 1921 3648 digni
1968 3588 2126 3644 sunt;

538 3678 904 3750 eumdemque
945 3677 1255 3730 instaurare
1289 3674 1474 3735 vitam,
1515 3682 1570 3726 et
1609 3673 1854 3725 animare
1884 3672 2125 3738 fervore;

541 3771 728 3826 fovere
757 3770 1014 3842 denique,
1050 3784 1113 3821 ac
1141 3766 1462 3826 calefacere,
1499 3774 1558 3818 ut
1585 3764 1657 3817 ita
1688 3763 1890 3826 dicam,
1923 3765 1973 3818 vi
2001 3779 2132 3833 qua-

543 3866 669 3918 (lam
703 3862 1178 3930 t-onsensioneque
1223 3860 1476 3930 spiritus.
1534 3857 1816 3927 Ejusmodi
1856 3855 1969 3910 fere
2008 3857 2132 3910 illo-

545 3972 667 4011 rum
694 3954 948 4026 dogmata
983 3960 1134 4008 sunt.

617 4045 680 4099 ll.
715 4047 983 4099 Czeterum
1033 4042 1291 4097 omnibus
1344 4049 1456 4094 tam
1507 4038 1746 4101 Veteris,
1800 4053 1962 4105 quam
1996 4036 2130 4090 Novi

545 4138 882 4196 Testameuti
931 4136 1236 4207 Scripturis
1288 4141 1543 4199 utuntur,
1599 4133 1683 4186 vel
1733 4131 1902 4186 certis
1951 4130 2132 4201 potius

545 4233 907 4294 dictionibus,
935 4245 1072 4298 quas
1104 4229 1323 4298 ipsimet
1353 4242 1450 4297 pro
1474 4226 1671 4279 insana
1705 4233 1886 4277 mente
1917 4238 2038 4284 sua,
2069 4238 2133 4275 ac

548 4324 801 4381 vecordia
837 4322 1099 4392 deligunt.
1145 4318 1425 4388 Principio
1454 4317 1598 4372 hanc
1629 4332 1660 4371 e
1699 4316 1871 4371 sacris
1912 4313 2134 4367 Litteris

550 4417 878 4473 sententiam
921 4414 1216 4482 arripiunt,
1273 4426 1434 4481 quam
1490 4409 1660 4480 Moysi
1711 4408 1854 4463 Deus
1886 4407 2134 4461 elocutus

549 4519 666 4564 est:
693 4508 852 4569 Audi,
891 4505 1084 4570 Israel,
1114 4504 1371 4558 Dominus
1409 4500 1572 4573 514
1608 4500 1743 4554 Deus
1779 4512 1922 4563 tuus,
1951 4499 2136 4554 Domi-

2201 603 2298 654 ἐπὶ
2321 601 2420 663 τάς
2454 598 2581 670 ἑξῆς
2612 598 2802 667 τωμιν,
2825 587 2870 647 ὦ
2898 591 3194 662 ἀγαπητοί.

2626 885 2816 939 ΚΑΤΑ
2858 875 3358 938 ΣᾹΒΕΛΛῘΔΝΩΝ,

2209 977 2679 1050 τεσσαρακοστὴ
2702 974 2970 1043 δευτέρα,
3003 973 3040 1040 ή
3065 970 3164 1024 καὶ
3183 965 3483 1034 ἑξηκοστή
3513 960 3786 1030 δευτέρα.

2275 1098 2354 1150 Δ’.
2399 1089 2682 1146 Σασέλλιός
2713 1104 2796 1149 τις
2822 1088 2879 1138 ὲν
2909 1083 3122 1154 χρόνοις
3142 1077 3340 1147 ἀνέστη
3360 1077 3419 1128 οὺ
3446 1072 3624 1143 πολλῷ
3649 1070 3787 1142 πρό-

2201 1201 2360 1256 τερον
2385 1180 2783 1239 παλαιοτάτοιςο
2815 1176 3125 1248 πρόσφατος
3157 1172 3263 1243 γάρ
3284 1164 3458 1231 οὗτος·
3491 1167 3582 1235 ἀφ’
3609 1158 3792 1233 οὗπερ

2202 1280 2252 1331 οἱ
2276 1274 2625 1330 Σαδελλιανοὶ
2658 1268 2998 1339 καλούμενοι.
3021 1267 3129 1319 Καὶ
3149 1260 3300 1326 οὗτος
3319 1263 3373 1315 δὲ
3390 1259 3796 1333 παραπλησίως

2204 1369 2312 1422 τῶν
2359 1363 2695 1436 Νοητιανὼν,
2751 1360 2888 1432 πλὴν
2941 1358 3137 1426 ὀλίγων
3193 1355 3377 1418 τινῶν,
3428 1351 3786 1422 δογματίσας.

2208 1460 2401 1514 Πολλοὶ
2431 1458 2487 1511 δὲ
2517 1459 2574 1509 ὲν
2596 1459 2662 1526 τῇ
2685 1455 2842 1526 Μέση
2871 1451 2980 1504 τῶν
3010 1448 3292 1520 ποταμῶν,
3323 1447 3416 1499 καὶ
3443 1446 3534 1498 ἐπὶ
3554 1445 3622 1496 τὰ
3645 1442 3788 1512 μέρη

2203 1555 2304 1624 τῆς
2347 1552 2568 1622 Ῥώμης
2600 1548 2693 1601 τοῦ
2735 1546 2900 1600 αὑτοῦ
2936 1544 3206 1615 δόγματος
3237 1541 3591 1610 ὑπάρχουσιν,
3633 1536 3802 1605 ἀνοίᾳ.

2205 1647 2312 1698 τινὶ
2343 1646 2650 1716 φερόμενοι.

2278 1736 2606 1808 Δογματίζει
2646 1735 2755 1805 γάρ
2787 1725 2939 1796 οὗτος
2968 1730 3062 1784 καὶ
3095 1729 3144 1781 οἱ
3180 1727 3275 1780 ἀπ’
3303 1725 3468 1781 αὑτοῦ
3495 1723 3791 1777 Σαδελλια-

2209 1835 2290 1887 νοὶ
2314 1833 2405 1886 τὸν
2428 1831 2586 1885 αὐτὸν
2610 1824 2748 1883 εἶναι
2770 1827 3010 1897 Πατέρα,
3032 1825 3123 1877 τὸν
3149 1821 3312 1875 αὑτὸν
3338 1820 3488 1882 Υἱδν,
3514 1818 3604 1871 τὸν
3628 1817 3799 1870 αὐτὸν

2212 1921 2350 1978 εἶναι
2385 1923 2538 1992 άγιον
2561 1921 2804 1990 Πνεῦμα·
2830 1918 2905 1981 ὼς
2931 1912 3069 1969 εἶναι
3097 1917 3154 1967 ὲν
3189 1914 3288 1984 μιᾷ
3320 1911 3616 1964 ὑποστάσει
3642 1910 3796 1979 τρεῖς

2211 2017 2530 2088 ὀνομασίας,
2575 2015 2609 2086 ἦ
2646 2015 2720 2078 ὡς
2751 2015 2808 2065 ὲν
2836 2010 3108 2082 ἀνθρώπῳ
3141 2008 3322 2076 σῶμα,
3365 2006 3458 2058 καὶ
3499 2003 3665 2072 ψυχὴ,
3701 2002 3800 2052 καὶ

2215 2112 2456 2181 πνεῦμα.
2486 2109 2596 2162 Καὶ
2623 2104 2762 2161 εἶναι
2796 2106 2893 2178 μὲν
2931 2105 2990 2158 τὸ
3024 2103 3202 2173 σῶμα,
3235 2101 3311 2164 ὼς
3337 2101 3528 2160 εἰπεῖν,
3568 2095 3658 2148 τὸν
3683 2095 3800 2146 Πα-

2214 2207 2368 2277 τέρα,
2389 2205 2567 2274 ψυχὴν
2593 2203 2669 2266 δὲ,
2695 2201 2770 2264 ὼς
2793 2201 2988 2262 εἰπεῖν,
3015 2196 3104 2250 τὸν
3135 2194 3283 2254 Υἱδν,
3307 2193 3369 2244 τὸ
3396 2189 3615 2259 Πνεῦμα
3643 2188 3698 2240 δὲ
3718 2185 3804 2247 ὠς

2216 2297 2525 2368 ἀνθρώπου,
2554 2294 2725 2356 οὕτως
2747 2292 2840 2345 καὶ
2864 2290 2925 2343 τὸ
2951 2289 3103 2355 ἀγιον
3128 2283 3354 2354 Πνεῦμα
3381 2283 3438 2334 ἐν
3460 2284 3526 2351 τῇ
3557 2279 3796 2346 Θεότητι.

2219 2391 2287 2442 Ἢ
2308 2384 2553 2459 ὼςὲάνῇ
2582 2388 2640 2438 ὲν
2670 2383 2804 2456 ἡλίῳ
2829 2383 2941 2435 ὄντι
2975 2381 3072 2452 μὲν
3099 2382 3154 2432 ὲν
3184 2379 3282 2448 μιᾷ
3313 2374 3626 2433 ὑποστάσει,
3653 2369 3802 2440 τρεῖς

2218 2483 2273 2536 δὲ
2306 2481 2482 2553 ἔχοντι
2508 2480 2605 2542 τὰς
2636 2475 2937 2547 ὲνεργείαςυ
2981 2471 3122 2543 φημὶ
3155 2471 3211 2523 δὲ
3243 2469 3304 2522 τὸ
3331 2465 3674 2537 φωτιστικὸν,
3703 2463 3805 2553 και

2219 2574 2280 2626 τὸ
2309 2551 2533 2634 Θνάλπον,
2563 2571 2659 2623 καὶ
2685 2567 2818 2620 αὐτὸ
2849 2565 2910 2618 τὺ
2937 2565 3034 2634 τῆς
3059 2559 3415 2633 περιφερείας
3456 2555 3660 2625 σχῆμα.
3689 2551 3805 2603 Καὶ

2221 2663 2360 2721 εἶναι
2413 2667 2510 2737 μὲν
2556 2663 2616 2717 τὸ
2671 2661 2894 2724 Θάλπον,
2943 2658 3118 2710 εῐτουν
3164 2653 3366 2726 θερμὸν
3415 2650 3509 2703 καὶ
3559 2647 3698 2711 ζέον,
3736 2646 3804 2697 τὸ

2222 2758 2471 2828 Πνεῦμα,
2507 2757 2569 2809 τὸ
2601 2751 2928 2824 φωτιστικδν
2966 2751 3022 2804 δὲ
3050 2749 3140 2802 τὸν
3174 2746 3322 2809 Υἱδν,
3359 2742 3450 2796 τὸν
3488 2741 3545 2794 δὲ
3581 2737 3806 2828 Πατέρα

2223 2827 2384 2903 αὑτὸν
2416 2843 2554 2900 εἶναι
2596 2845 2657 2897 τὸ
2700 2838 2840 2906 εῐδος
2883 2840 3064 2911 πάσης
3106 2838 3204 2908 τῆς
3241 2832 3612 2894 ὑποστάσεως.
3655 2827 3810 2896 Πεμ-

2225 2941 2426 3013 φθέντα
2455 2939 2510 2993 δὲ
2540 2938 2631 2991 τὸν
2664 2935 2791 2988 Υἱδν
2831 2932 3013 3004 καιρῷ
3043 2947 3194 2994 ποτε,
3238 2927 3428 2996 ὥσπερ
3469 2923 3685 2984 ἀκτῖνα,
3713 2919 3811 2971 καὶ

2225 3036 2600 3106 ἐργασάμενον
2631 3031 2698 3084 τά
2736 3031 2912 3084 πάντα
2946 3029 3003 3079 ὲν
3033 3024 3112 3094 τῷ
3145 3023 3334 3092 κόσμῳ
3362 3019 3431 3072 τά
3598 3017 3810 3106 οικονο-

2229 3103 2356 3196 μίας
2381 3103 2478 3194 τῆς
2500 3119 2880 3188 εὐαγγελικῆς,
2920 3116 3013 3170 καὶ
3049 3112 3324 3182 σωτηρίας
3349 3109 3456 3194 τῷν
3477 3103 3813 3175 ἀνθρώπων,

2227 3188 2604 3286 ἀναληιρθὼτα
2626 3213 2683 3268 δὲ
2708 3206 2863 3272 αὖθις
2891 3210 2968 3272 εἰς
2991 3207 3241 3279 οὐρανὸν,
3264 3203 3339 3266 ὡς
3364 3188 3470 3254 ὑπὸ
3495 3199 3648 3270 ἡλίου
3676 3212 3812 3286 πεμ-

2229 3285 2456 3377 φθεῖσαν
2485 3307 2700 3365 ἀκτῖνα,
2734 3303 2829 3356 κα)⁸
2864 3301 3025 3355 πάλιν
3055 3301 3134 3361 εἰς
3164 3298 3254 3349 τὸν
3284 3295 3437 3365 ἥλιον
3466 3285 3814 3361 ἀναδραμοῦ-

2231 3421 2350 3457 σαν.
2384 3404 2458 3456 Τὸ
2486 3401 2542 3454 δὲ
2573 3401 2725 3470 ἅγιον
2756 3397 2979 3466 Πνεῦμα
3008 3392 3320 3464 πέμπεσθαι
3356 3391 3434 3452 εἰς
3460 3386 3548 3440 τὸν
3583 3383 3811 3451 κόσμον⁴

2229 3498 2320 3552 καὶ
2352 3494 2606 3565 καθεξῆς,
2639 3492 2732 3545 καὶ
2768 3489 2886 3544 καθ’
2917 3489 3124 3541 ἓκαστα
3159 3486 3238 3546 εἰς
3277 3483 3507 3535 ἕκαστον
3538 3475 3646 3529 τῶν
3687 3488 3816 3528 δια-ιθ

2229 3589 2580 3659 αξιουμὲνων·
2617 3585 3009 3652 ἀναζωογονεῖν
3042 3581 3098 3634 δὲ
3132 3579 3222 3631 τὸν
3264 3573 3524 3635 τοιοῦτον,
3564 3569 3658 3622 καὶ
3683 3568 3819 3619 ἀνα-

2230 3653 2399 3744 ζέειν,
2427 3677 2654 3732 Θάλπειν
2683 3693 2743 3728 τε
2773 3675 2867 3726 καὶ
2898 3670 3237 3742 Θερμαίνειν,
3267 3665 3343 3728 ὡς
3376 3664 3572 3721 εἰπεῖν,
3603 3656 3688 3710 διά
3713 3653 3818 3723 τῆς

2230 3771 2324 3824 τοῦ
2386 3768 2694 3839 πνεύματος
2747 3761 3030 3835 δυνάμεώς
3080 3778 3140 3814 τε
3189 3759 3282 3812 καὶ
3329 3754 3672 3825 συμϐάσεως.
3705 3745 3821 3798 Καὶ

2231 3864 2403 3919 ταῦτά
2429 3865 2576 3916 ἐστιν
2602 3861 2638 3914 ἃ
2668 3857 3072 3929 δογματίζουσι.

2306 4044 2378 4098 B’.
2400 4045 2712 4116 Κέχρηνται
2739 4042 2797 4096 δὲ
2821 4044 2939 4103 ταῖς
2963 4040 3162 4100 πάσαις
3216 4037 3456 4107 γραφαῖς
3487 4030 3728 4094 Παλαιςῖς
3751 4047 3814 4082 τε

2235 4141 2330 4194 καὶ
2361 4138 2569 4207 Καινῆς
2595 4134 2894 4206 Διαθήκης,
2925 4133 3104 4198 λέξεσι
3132 4130 3188 4183 δέ
3212 4146 3351 4182 τισιν
3377 4122 3464 4190 αἷς
3489 4123 3642 4180 αὐτοὶ
3668 4123 3824 4176 ἐκλέ-

2235 4248 2423 4300 γονται
2455 4227 2598 4282 κατά
2618 4227 2716 4297 τὴν
2753 4225 2888 4278 ἰδίαν
2921 4223 3098 4276 αὐτῶν
3129 4216 3660 4289 παραπεποιημὲνην
3689 4231 3825 4286 φρε-

2236 4297 2557 4373 νοϐλάϐειάν
2593 4333 2653 4370 τε
2686 4314 2781 4369 καὶ
2813 4313 3019 4367 ἄνοιαν.
3063 4311 3286 4382 Πρῶτον
3319 4309 3418 4379 μὲν
3450 4308 3528 4378 τῷ
3566 4305 3737 4378 ῥητῷ,
3776 4297 3826 4372 ᾧ

2237 4409 2390 4467 εἶπεν
2423 4415 2457 4464 ό
2487 4411 2619 4473 Θεὸς
2661 4408 2796 4479 πρὸς
2826 4408 3088 4478 Μωῦσῆν,
3137 4405 3218 4457 ὅτι
3264 4406 3504 4468 Ἀκουε,
3560 4400 3824 4468 Ἰσραὴλ,

2239 4508 2454 4573 Κύριος
2482 4507 2514 4557 ό
2546 4501 2690 4568 Θεός
2716 4516 2856 4565 σου,
2879 4500 3092 4567 Κύριος
3115 4492 3202 4564 εἷς
3227 4497 3420 4550 ἐστιν.
3445 4496 3525 4547 Οὐ
3550 4495 3830 4561 ποιήσεις

549 4618 648 4655 nus
676 4617 808 4652 unus
837 4609 934 4653 est.
970 4597 1094 4652 Non
1126 4597 1287 4666 facies
1313 4597 1406 4650 tibi
1428 4595 1550 4649 deos
1576 4596 1793 4659 alteros.
1834 4591 1953 4646 Non
1981 4606 2123 4647 erunt

2239 4596 2474 4660 σεαυτῷ
2520 4591 2697 4660 θεοὺς
2743 4589 3005 4658 ἐτέρους.
3074 4591 3196 4641 Οὐκ
3250 4586 3501 4640 ἔσονταί
3551 4602 3650 4638 σοι
3703 4585 3830 4638 θεοὶ

550 4694 647 4745 ubi
673 4691 749 4745 dii
783 4700 1008 4744 recentes
1033 4691 1073 4743 ⁸.
1111 4689 1373 4755 Quoniam
1405 4703 1496 4756 ego
1534 4684 1676 4739 Deus
1713 4688 1941 4754 primus,
1965 4696 2013 4738 et
2040 4701 2134 4736 uo-

555 4783 820 4845 cissimus,
848 4793 893 4835 el
919 4790 1111 4849 prwter
1141 4795 1221 4832 me
1246 4795 1351 4832 non
1376 4787 1453 4831 est
1477 4776 1616 4830 Deus
1641 4776 1837 4831 alius'.
1867 4775 1931 4829 Et
1947 4775 1993 4828 si
2016 4789 2138 4844 quae

554 4877 661 4930 alia
707 4882 836 4930 sunt
882 4872 949 4926 ad
996 4878 1233 4926 mentem
1275 4886 1430 4925 suam
1469 4867 1901 4930 acconuuodata,
1939 4868 2138 4937 quibus

551 4968 622 5022 ad
657 4964 1091 5020 confirmandum
1122 4977 1364 5018 errorem
1399 4961 1724 5014 abutuntur.
1769 4958 2034 5013 Praeterea
2070 4975 2136 5012 ex

555 5060 852 5130 Evangelio
883 5059 1015 5112 illud
1047 5063 1316 5126 usurpant
1345 5073 1357 5108 :
1389 5053 1501 5124 Ego
1534 5055 1587 5106 in
1614 5052 1798 5118 Patre,
1823 5062 1872 5107 et
1903 5051 2064 5108 Pater
2085 5052 2139 5106 in

556 5169 637 5206 me
669 5161 746 5205 est
766 5152 806 5205 ⁸.
837 5148 900 5201 Et
933 5168 946 5203 :
991 5148 1104 5201 Duo
1133 5163 1295 5200 unum
1328 5161 1509 5199 sumus
1534 5144 1573 5197 ⁸.

628 5243 784 5297 ινιυιιο
815 5250 996 5296 autem
1021 5254 1261 5294 errorem
1295 5252 1534 5302 onmem,
1567 5235 1799 5305 ejusque
1832 5234 2142 5289 firmamen-

556 5348 675 5394 tum
702 5353 768 5392 οι
803 5334 1147 5406 Apocryphis
1177 5331 1507 5402 quibusdam
1538 5331 1874 5394 hauserunt;
1911 5342 2143 5398 prazser-

556 5436 655 5489 tim
703 5434 771 5488 ab
817 5429 1204 5501 Egyptiorum
1245 5425 1542 5494 Evangelio
1576 5442 1589 5475 :
1621 5423 1723 5476 hoc
1751 5421 1897 5475 enim
1929 5420 2005 5474 illi
2041 5434 2142 5472 no-

557 5542 682 5583 men
724 5524 1061 5584 indiderunt,
1104 5520 1157 5572 in
1186 5532 1297 5588 quo
1329 5517 1588 5586 pleraque
1618 5522 1748 5570 sunt
1781 5512 1944 5581 hujus
1979 5527 2142 5581 gene-

558 5621 658 5678 ris.
691 5634 811 5688 quae
848 5632 913 5671 ex
950 5629 1184 5684 persona
1222 5609 1527 5665 Salvatoris
1560 5608 1698 5662 clam
1730 5615 1895 5674 atque
1926 5604 2142 5657 occulte

559 5711 708 5766 velut
744 5707 1026 5779 mysteria,
1067 5711 1472 5776 proponuntur,
1503 5701 1660 5772 quasi
1696 5698 1986 5768 discipulis
2019 5695 2137 5766 ipse

635 5870 649 5900 ‘
678 5867 835 5923 Deut.
864 5882 940 5934 Vl,
964 5867 1028 5933 4;
1071 5861 1243 5920 Exod.
1278 5878 1367 5919 xv,
1393 5860 1446 5914 5.

2241 4689 2598 4758 πρόσφατοι·
2639 4685 2729 4738 ὅτι
2775 4683 2890 4754 ἐγὼ
2937 4681 3080 4747 Θεὸς
3126 4684 3159 4734 ὀ
3207 4679 3459 4748 πρῶτος,
3496 4679 3591 4732 καὶ
3623 4680 3653 4730 ὁ
3678 4677 3833 4747 μετὰ

2243 4783 2448 4843 ταῦτα,
2483 4778 2580 4830 καὶ
2613 4774 2782 4842 πλὴν
2809 4771 2958 4841 ἐμοῦ
2990 4772 3102 4824 οὐκ
3133 4770 3266 4824 ἐστι
3294 4768 3439 4838 Θεὸς
3464 4767 3683 4835 ἕτερος.
3721 4768 3834 4819 Καὶ

2242 4873 2345 4926 ὅσα
2380 4871 2548 4939 ἔτερα..
2571 4865 2710 4920 κατά
2737 4864 2827 4916 τὸν
2863 4862 2993 4919 ἴδιον
3023 4860 3204 4917 αὐτῶν
3235 4857 3383 4922 νοῦν,
3421 4861 3502 4922 εἰς
3532 4856 3737 4910 τούτων
3775 4855 3834 4908 δὲ

2247 4963 2597 5035 παράστασιν
2652 4956 2897 5028 φέρουσι.
2954 4953 3124 5006 Πάλιν
3182 4951 3290 5011 ἀπὸ
3339 4949 3696 5018 Εὑαγγελῐου,
3750 4948 3832 4999 ὅτι

2259 5054 2402 5125 Ἐγὼ
2433 5055 2502 5107 ἐν
2545 5049 2624 5115 τῷ
2666 5047 2870 5117 Πατρὶ,
2913 5044 3012 5098 καὶ
3050 5047 3083 5098 o'
3116 5043 3320 5115 Πατὴρ
3344 5042 3412 5096 ἐν
3440 5041 3590 5110 ἐμοί’
3621 5041 3736 5102 καὶ,
3770 5039 3835 5090 Ol

2245 5148 2355 5202 δύο
2383 5145 2454 5198 ἓν
2480 5143 2686 5211 ἐσμεν.

2317 5236 2427 5307 Τὴν
2455 5235 2512 5289 δὲ
2538 5234 2716 5287 πᾶσαν
2748 5229 2928 5284 αὐτῶν
2957 5229 3188 5298 πλάνην,
3235 5226 3329 5280 καὶ
3365 5225 3465 5298 τὴν
3494 5225 3592 5294 τῆς
3627 5223 3837 5292 πλάνης

2249 5329 2430 5398 αὐτῶν
2464 5325 2692 5396 δύναμιν
2736 5321 2950 5392 ἔχουσιν
2999 5321 3058 5384 ἐξ
3103 5318 3463 5390 Ἀποκρύφων
3506 5317 3690 5378 τινῶν,
3735 5315 3839 5384 μά-

2249 5421 2405 5472 λιστα
2442 5415 2552 5472 ἀπὸ
2581 5413 2676 5467 τοῦ
2717 5412 3049 5482 καλουμένου
3081 5409 3379 5478 Αἰγυπτίου
3406 5405 3762 5474 Εὑαγγελίου,
3791 5398 3836 5472 ᾧ

2248 5527 2393 5573 τινες
2428 5507 2488 5562 τὸ
2522 5507 2695 5575 ὄνομα
2729 5503 2988 5555 ἐπέθεντο
3018 5499 3195 5554 τοῦτο.
3229 5500 3319 5552 Ἐν
3347 5494 3494 5566 αὐτῷ
3523 5493 3632 5564 γὰρ
3667 5492 3838 5546 πολλά

2248 5600 2477 5654 τοιαῦτα
2503 5598 2577 5659 ὡς
2599 5598 2654 5647 ἐν
2679 5593 3014 5664 παραϐύστῳ
3043 5589 3434 5664 μυστηριωδῶς
3457 5591 3520 5640 ὲκ
3543 5583 3836 5656 προσώπου

2247 5691 2340 5744 τοῦ
2386 5688 2639 5757 Σωτῆρος
2674 5683 3031 5755 ἀναφέρεται,
3069 5682 3144 5746 ὡς
3185 5679 3351 5734 αὑτοῦ
3395 5676 3680 5748 δηλοῦντος
3725 5676 3838 5737 τοῖς

1548 5862 1566 5892 ¹
1602 5856 1703 5914 lsa.
1738 5871 1882 5921 xuv,
1916 5855 1970 5909 6.
2049 5854 2068 5885 ³
2107 5851 2264 5908 Joan.
2298 5866 2350 5904 ι.
2388 5849 2476 5902 58.
2558 5847 2577 5878 ⁸
2612 5844 2744 5902 ibid.
2787 5843 2877 5898 50.
