4176 6386
411 355 557 418 ιιι-δε

1153 371 1525 435 ADVERSUS
1561 381 1902 441 imor-1585
1939 386 1977 440 Ι.

2096 384 2161 445 ll.
2193 390 2354 449 TOM.
2399 391 2441 449 Ι.
2463 426 2531 438 -
2559 396 2837 457 ΠΕΠΕΒ.
2875 401 3035 460 LXII.

3536 410 3689 468 ιοεεῖ

410 477 682 549 μαθηταῖς
699 479 791 535 τὸν
810 480 973 537 αὐτὸν
990 480 1131 540 εἶναι
1148 488 1387 563 Πατέρα,
1406 494 1498 548 τὸν
1513 497 1680 552 αὐτὸν
1701 493 1842 555 εἶναι
1858 502 1984 557 Υῐδν

410 569 497 595 -λ..
517 570 675 595 ...ι-ιμ
699 567 827 595 -τ....-
860 572 943 595 ι--.
959 593 973 595 _
1004 578 1073 595 ,n
1141 578 1163 590 δ
1304 580 1368 595 -.τι
1465 586 1489 595 ..
1832 593 1840 595 ξ

2100 503 2367 571 declaret.
2398 512 2650 570 eumdem
2685 532 2809 571 esse
2843 515 3082 581 Patrem.
3118 529 3172 576 et
3214 518 3432 588 Filium,
3462 531 3517 578 et
3549 525 3678 595 Spi~

404 569 497 622 τὸν
514 570 676 624 αὐτὸν
696 567 833 626 εἶναι
857 572 1012 644 άγιον
1026 578 1251 651 Πνεῦμα
1265 622 1279 635 .
1304 580 1437 639 Εἶτα
1461 586 1591 641 ὅταν
1618 593 1991 662 συναντήσωσί

403 679 515 717 τισι
525 662 634 717 τῶν
647 664 1049 736 ἀφελεστάτων,
1065 669 1097 740 ἣ
1114 671 1410 746 ἀκεραίων,
1427 676 1535 732 τῶν
1555 679 1631 752 μὴ
1644 682 1711 736 τὰ
1729 682 1873 754 σαφῆ
1885 682 1993 736 τῶν

410 756 463 810 λε
472 757 534 811 ίω
544 774 565 810 δ
580 759 808 831 Γταφῶν
818 766 1315 841 γινωσκόντων,τὴν
1329 772 1521 828 πεῦσιν
1532 775 1711 840 αὐτοῖς
1723 777 1993 849 ὑφηγοῦν-

402 865 492 901 ⁶ιιαι
513 850 739 923 ταύτην·
758 853 824 907 Τί
847 854 915 910 ἄν
929 856 1192 931 εἴπωμεν,
1216 855 1264 916 ὦ
1294 857 1472 931 0610:;
1500 866 1596 920 ἕνα
1614 868 1746 922 Θεὸν
1771 869 1991 942 ἔχομεν,

378 944 436 1027 ,ἢ
478 948 630 1038 τρεῖς
674 948 864 1017 θεούς;
902 952 1072 1008 Ὅταν
1103 954 1161 1009 δὲ
1192 958 1405 1034 ἀκούσῃ
1442 962 1472 1015 6
1515 964 1576 1016 ὲν
1599 964 1860 1038 εὐλαῢείᾳ
1891 967 1991 1033 ὢν,

404 1036 500 1129 καὶ
530 1038 604 1110 μὴ
631 1039 702 1094 τά
729 1041 910 1097 τέλεια
941 1044 1041 1115 τῆς
1067 1047 1369 1117 ἀσφαλείας
1399 1054 1787 1129 ἐπιστάμενος,
1828 1036 1993 1126 εὐθὺς

404 1128 497 1182 τὸν
524 1131 649 1185 νοῦν
678 1136 993 1206 ταραχθεὶς,
1024 1143 1480 1209 συγκατατίθεται
1510 1151 1577 1221 τῇ
1606 1128 1831 1206 ἐκείνων
1854 1153 1992 1206 πλά-

406 1236 494 1293 νῃ,
513 1222 606 1317 καὶ
627 1224 940 1317 εῦρίσκεται
967 1230 1302 1317 ἀρνούμενος
1319 1236 1413 1291 τὸν
1438 1238 1592 1305 Θεὸν,
1620 1243 1714 1296 καὶ
1740 1245 1993 1317 εὑρίσκει-

402 1315 852 1408 ταιῗάρνούμενος
871 1320 933 1373 τὸ
963 1316 1103 1377 εἶναι
1132 1323 1261 1379 Υίὸν
1280 1328 1378 1381 καὶ
1402 1329 1464 1384 τὸ
1490 1331 1645 1401 ἅγιον
1669 1315 1915 1408 Πνεῦμα.

476 1407 548 1501 Γς.
581 1407 671 1501 Ἐν
697 1411 830 1464 πᾶσι
854 1412 912 1465 δὲ
930 1412 1141 1480 τούτοις
1166 1416 1488 1475 ἐνέπνευσεν
1510 1425 1539 1477 6
1563 1425 1670 1480 τῶν
1683 1407 1989 1501 ἀνθρώπων

404 1497 700 1564 ἀντίπαλος
726 1502 822 1555 ἀπ’
849 1503 1066 1571 αἰῶνος,
1104 1507 1190 1561 ἵνα
1224 1510 1316 1564 τὸν
1343 1512 1445 1583 μὲν
1469 1514 1664 1582 οὕτως,
1700 1497 1798 1573 τὸν⁷
1817 1521 1874 1576 δὲ
1896 1522 1989 1577 οῦ-

408 1608 539 1690 τως,
570 1595 709 1690 ,τοὺς
749 1596 966 1663 πλείους
1009 1600 1066 1653 δὲ
1109 1602 1246 1674 ὁμοῦ
1290 1604 1548 1682 ἀπατήσῃ
1594 1612 1689 1665 καὶ
1736 1614 1988 1690 πλανήσῃ

410 1684 730 1780 ἀνθροόπουξ
757 1688 865 1780 ἀπὸ
894 1691 995 1762 τῆς
1030 1692 1151 1747 ὁδοῦ
1188 1695 1289 1767 τῆς
1314 1697 1594 1771 ἀληθείας.
1624 1704 1736 1759 Καὶ
1764 1707 1848 1760 ὅτι

408 1773 626 1845 ἀληθῶς
659 1772 740 1841 εἷς
779 1779 895 1834 ἐστι
927 1781 1081 1849 Θεὸς,
1120 1787 1215 1838 καὶ
1246 1787 1347 1842 οὐκ
1378 1790 1525 1844 ἔστιν
1555 1793 1760 1866 ἕτερος,
1801 1772 1986 1867 σαιρῶς

409 1868 470 1919 ἂν
513 1871 578 1939 τῇ
627 1871 759 1942 ἁγίᾳ
806 1871 899 1926 τοῦ
951 1873 1088 1928 Θεοῦ
1121 1877 1418 1953 Ἐκκλησία
1472 1883 1843 1958 ὡμολόγηται,
1896 1892 1988 1945 καὶ

404 1961 857 2035 συμπεφώνηται.
896 1965 1019 2020 Ὀτι
1038 1967 1099 2021 οὐ
1125 1969 1414 2027 πολυθεῖαν
1434 1975 1822 2048 είσηγούμεθα·
1852 1980 1989 2035 ἀλλά

403 2052 704 2122 μοναρχίαν
730 2055 1097 2129 κηρύττομεν.
1134 2062 1455 2134 Μοναρχίαν
1498 2065 1555 2119 δὲ
1600 2067 1985 2140 κηρύττοντες,

400 2143 464 2236 οῦ
507 2145 877 2217 σφαλλόμεθα,
916 2150 1050 2205 ἀλλὰ
1095 2153 1470 2228 ὁμολογοῦμεν
1501 2160 1601 2231 τὴν
1632 2163 1858 2234 Τριάδα,
1892 2182 1989 2236 μο-

400 2235 537 2330 νάδα
560 2238 619 2330 ἐν
651 2238 862 2310 Τριάδι,
898 2244 992 2296 καὶ
1025 2245 1230 2318 Τριάδα
1259 2249 1317 2302 ἐν
1351 2250 1560 2321 μονάδι,
1593 2253 1725 2324 μίαν
1759 2235 1988 2330 θεότητα

398 2324 637 2422 Πατρὸς,
673 2331 769 2385 καὶ
802 2332 958 2398 Υίοῦ,
1001 2337 1096 2390 καὶ
1137 2338 1295 2406 ἁγίου
1336 2343 1678 2415 Πνεύματος.
1711 2348 1787 2402 Οὐ
1826 2324 1988 2422 γάρό

403 2420 533 2516 Tib;
560 2423 753 2516 ἑαυτὸν
781 2425 1089 2499 ἐγέννησεν·
1131 2431 1253 2485 οὐδὲ
1290 2435 1319 2487 6
1360 2436 1553 2510 Πατὴρ
1584 2420 1986 2516 μεταϐέϐληται

399 2513 511 2608 ἀπὸ
532 2513 627 2608 τοῦ
656 2516 866 2590 Πατὴρ,
893 2518 987 2573 τοῦ
1011 2517 1151 2577 εἶναι
1175 2524 1322 2589 Υίόςσ
1349 2526 1472 2580 οὐδὲ
1496 2528 1558 2583 τὸ
1584 2531 1738 2601 ἀγιον
1764 2513 1987 2608 Πνεῦμα

397 2604 633 2700 δριστὸν
684 2608 877 2664 ἑαυτὸν
928 2609 1152 2668 πώποτε
1200 2615 1504 2689 ὠνόμασεν·
1566 2623 1703 2679 ἀλλά
1762 2604 1986 2700 Πνεῦμα

396 2695 665 2792 ξίριστοῦ,
717 2702 814 2756 κα)⁴
854 2701 945 2758 διὰ
991 2707 1229 2776 Χριστοῦ
1271 2710 1570 2783 διδόμενον,
1618 2718 1726 2771 ἀπὸ
1771 2695 1985 2792 Πατρὸς

398 2790 852 2865 ἐκπορευόμενον,
879 2796 1086 2854 καὶτοῦ
1116 2801 1246 2855 Υίοῦ
1270 2803 1567 2875 λαμϐάνον.
1588 2790 1984 2879 Ἐνυπόστατος

394 2880 425 2973 6
471 2882 681 2956 Πατὴρ,
712 2887 1077 2955 ὲνυπόστατος
1103 2893 1133 2945 6
1162 2895 1311 2961 Υἱὸς,
1342 2898 1709 2956 ὲνυπόστατον
1736 2903 1798 2956 τὸ
1827 2905 1985 2973 ἆγιον
2054 2890 2060 2895 ’

397 2972 642 3046 Πνεῦμα.
673 2977 836 3034 Ἀλλά
872 2980 931 3034 όῦ
960 2983 1250 3059 συναλοιφὴ
1297 2989 1331 3059 ἡ
1366 2990 1557 3062 Τριάς,
1588 2992 1664 3056 ὡς
1692 2972 1982 3061 Σαϐελλιος

395 3063 668 3156 ἐνόμισεν,
702 3066 827 3122 οὔτε
867 3071 1208 3147 ήλλοιωμένη
1244 3077 1343 3148 τῆς
1384 3078 1520 3143 ἰδίας
1552 3081 1853 3156 ἀῖδιότητος
1886 3086 1982 3140 καὶ¹

392 3154 569 3226 δόξης,
615 3159 692 3223 ὡς
738 3164 767 3214 6
816 3162 1034 3235 ΙἌρειος
1078 3169 1400 3237 κεωφωνῶν
1442 3154 1819 3245 ἐδογμάτισεν·
1858 3178 1975 3232 ἀλλ’

393 3248 483 3299 del.
516 3248 615 3320 μὲν
637 3246 703 3321 ἦν
731 3252 901 3324 Τριάς
924 3254 1115 3326 Τριάς,
1141 3257 1238 3310 καὶ
1269 3258 1524 3313 οὐδέποτε
1550 3265 1583 3334 ἡ
1608 3263 1777 3335 Τριάς
1806 3282 1977 3337 προσ-

392 3337 567 3410 θήκην
588 3340 873 3413 λαμϐάνει,
901 3345 998 3415 μία
1024 3342 1160 3402 οὖσα
1184 3347 1396 3418 θεότης,
1433 3352 1533 3423 μία
1567 3356 1845 3427 κυριότηε,
1879 3358 1977 3429 μία

391 3430 667 3501 δοξολογία
712 3430 867 3499 οὖσα,
915 3437 1053 3492 ἀλλὰ
1100 3439 1271 3509 Τριὰς
1312 3442 1715 3517 ἀριθμουμένη.
1762 3448 1977 3522 Πατὴρ,

394 3525 489 3577 καὶ¹
521 3526 670 3590 Υἱὸς,
693 3527 784 3581 καὶ
806 3527 960 3597 ἆγιον
982 3529 1228 3602 Πνεῦμα.
1257 3533 1370 3605 Οὐχ
1395 3534 1471 3599 ὡς
1494 3537 1552 3589 ἓν
1579 3554 1630 3591 τι
1659 3541 1836 3609 τρισὶν
1864 3542 1980 3595 6V6-

395 3634 530 3689 μασι
574 3618 934 3691 κεκλημένον,
979 3621 1115 3677 ἀλλὰ
1152 3624 1369 3698 ἀληθῶς
1398 3627 1581 3682 τέλεια
1614 3631 1683 3685 τὰ
1711 3632 1978 3703 ὀνόματα,

392 3710 594 3764 τέλειαι
624 3712 683 3764 αἱ
713 3711 1064 3780 ὑποστάσεις,
1091 3716 1243 3770 οὐδὲν
1272 3719 1750 3792 παρηλλαγμένον.
1787 3726 1975 3799 Πατὴρ

389 3799 449 3853 δὲ
480 3803 567 3855 ἀεὶ
591 3804 803 3874 Πατὴρ,
829 3806 921 3857 καὶ
944 3806 1045 3860 οὐκ
1068 3802 1136 3878 ἦν
1164 3809 1356 3882 καιρὸς
1384 3811 1472 3864 ὅτε
1506 3813 1607 3867 οὐκ
1634 3809 1703 3887 ἦν
1726 3817 1755 3869 6
1784 3817 1976 3891 Πατὴρ

392 3893 604 3965 Πατὴρ,
627 3894 834 3960 τέλειος
855 3898 929 3951 ὢν
959 3899 1046 3952 ἀεὶ
1075 3901 1266 3974 Πατὴρ
1294 3905 1687 3973 ὲνυπόστατος,
1722 3913 1817 3964 καὶ
1850 3913 1979 3978 Υἱὸς

391 3985 480 4037 ἀεὶ
511 3985 718 4051 τέλειος
750 3986 848 4052 ὢν,
883 3990 971 4043 ἀεὶ
1004 3992 1391 4057 ὲνυπὸστατος,
1419 3997 1483 4048 ὲκ
1511 3998 1728 4072 Πατρὸς
1754 4003 1812 4054 ὲν
1841 4004 1977 4075 ἀλη-

392 4076 513 4149 θείᾳ
537 4080 931 4150 γεγεννημένος
972 4082 1246 4154 ἀνάρχως,
1288 4088 1382 4139 καὶ
1402 4087 1668 4158 ἀχρόνως,
1697 4094 1790 4146 καὶ
1817 4096 1979 4149 ἀνεκ-

390 4169 683 4242 διηγήτως,
726 4173 786 4225 οὐ
824 4173 1148 4243 ωνάδελφος
1179 4176 1257 4247 τῷ
1297 4180 1494 4250 Πατρὶ,
1531 4181 1633 4236 οὐκ
1670 4184 1979 4258 ἀρξάμενος

388 4262 483 4317 τοῦ
509 4259 671 4331 εἶναι,
702 4265 825 4318 οὐδὲ
865 4266 1131 4321 διαλιπών
1166 4287 1319 4335 ποτε,
1360 4272 1447 4325 ἀεὶ
1486 4273 1544 4327 δὲ
1592 4275 1719 4341 Υἱὸς
1752 4282 1974 4351 γνήσιος

389 4357 566 4429 llas-pl.
605 4361 988 4430 συνυπάρχων,
1030 4362 1094 4414 ὲκ
1133 4361 1346 4435 Πατρὸς
1372 4365 1617 4438 ἀχρόνως
1642 4374 1973 4444 γεγεννημέ-

389 4468 500 4514 νος,
532 4452 662 4514 ῐσως
687 4450 784 4517 ὢν,
809 4452 942 4515 Θεὸς
960 4453 1027 4506 ἐκ
1050 4452 1210 4518 Θεοῦ,
1235 4455 1352 4524 φῶς
1375 4457 1441 4511 ἐκ
1468 4460 1665 4529 φωτὸς,
1691 4461 1824 4528 Θεὸς
1843 4465 1976 4538 ἀλη-

2100 595 2269 652 ritum
2303 610 2582 657 sanctum.
2620 603 2829 660 Deinde
2855 607 3069 676 quoties
3099 609 3153 662 in
3185 610 3421 678 aliquem
3454 626 3519 665 ex
3548 626 3679 665 stm-

2101 688 2425 756 plicioribus
2476 707 2542 748 ac
2586 695 2906 753 rudioribus
2947 697 3262 763 inciderint,
3290 700 3385 770 qui
3422 709 3673 755 exactam

2095 779 2407 838 divinarum
2443 782 2776 841 Litterarum
2810 788 3094 845 scientiam
3126 806 3236 845 non
3270 791 3492 857 habent,
3526 791 3674 846 hunc

2095 873 2151 928 in
2178 877 2399 932 modum
2424 879 2801 953 interrogant:
2831 883 2975 950 Quid
3003 884 3244 954 tandem,
3274 886 3401 941 boni
3433 887 3559 951 viri,
3588 887 3683 941 di—

2095 966 2323 1021 cemus?
2369 964 2550 1024 Unum
2605 970 2874 1030 habemus
2926 972 3098 1030 Deum
3144 991 3217 1031 an
3269 977 3416 1033 tres?
3460 976 3675 1044 Quibus

2094 1057 2302 1115 auditis
2351 1062 2643 1133 religiosus
2690 1066 2803 1132 ille,
2834 1083 2936 1123 nec
2978 1069 3220 1140 perfecta
3261 1068 3328 1123 ad
3371 1069 3671 1125 cavendum

2095 1148 2339 1205 scientia
2364 1156 2691 1225 perpolitus,
2715 1160 3068 1229 perturbatus
3090 1160 3237 1216 illico
3261 1176 3451 1216 eorum
3482 1176 3674 1216 assen-

2092 1240 2231 1297 titur
2267 1250 2470 1313 errori,
2502 1264 2565 1304 ac
2596 1250 2768 1306 Deum
2800 1253 3122 1325 imprudens
3150 1262 3334 1326 negat,
3364 1262 3549 1327 negat,
3585 1254 3676 1309 itt-

2088 1349 2280 1405 quam.
2320 1337 2517 1395 Filium
2550 1357 2614 1397 ac
2639 1342 2901 1414 Spiritum
2934 1355 3208 1403 sanctum.

2163 1431 2259 1489 ΙΙΙ,
2296 1432 2563 1490 Caeterum
2610 1435 2712 1492 hos
2740 1453 2934 1495 omnes
2974 1449 3268 1511 perpetuus
3314 1438 3404 1494 ille
3448 1439 3672 1495 humani

2092 1527 2311 1596 generis
2355 1527 2535 1584 hostis
2582 1528 2807 1594 aﬂlavit,
2856 1542 2917 1585 ut
2964 1530 3130 1585 alium
3169 1530 3294 1595 hoc,
3342 1530 3509 1585 alium
3562 1530 3674 1585 isto

2093 1619 2277 1683 modo,
2309 1629 2589 1689 utcunque
2622 1635 2754 1674 vero
2786 1618 3224 1690 quamplurimos
3250 1618 3675 1681 circumveniat,

2092 1718 2258 1781 atque
2303 1727 2333 1765 a
2370 1712 2457 1766 via
2492 1712 2740 1768 veritatis
2786 1712 3042 1767 abducat.
3095 1708 3309 1767 Etenim
3348 1725 3518 1765 unum
3548 1726 3672 1765 esse

2093 1818 2284 1859 revera
2335 1803 2529 1869 Deum,
2573 1820 2755 1875 neque
2794 1812 2991 1874 praeter
3024 1803 3170 1857 hunc
3205 1804 3458 1867 alterum,
3492 1803 3673 1857 mani-

2023 1859 2067 1915 Β
2094 1891 2232 1949 feste
2256 1894 2569 1950 communis
2590 1893 2850 1950 Ecclesiae
2881 1894 3175 1950 consensio
3209 1892 3513 1964 profitetur.
3552 1892 3671 1948 Non

2090 1982 2233 2041 enim
2262 1982 2492 2040 deorum
2521 1985 2928 2042 multitudinem
2968 1986 3299 2051 invehimus,
3336 1984 3428 2041 sed
3453 2001 3673 2040 monar-

2089 2073 2273 2129 chiam
2306 2076 2688 2145 praedicamus.
2720 2077 2780 2132 In
2803 2092 2867 2133 ea
2894 2088 3074 2132 autem
3098 2076 3443 2148 praedicanda
3465 2090 3674 2148 nequa-

2089 2178 2253 2234 quam
2290 2165 2642 2236 aberramus;
2678 2168 2774 2225 sed
2806 2186 2912 2223 una
2950 2168 3270 2225 Trinitatem
3310 2169 3669 2236 conﬁtemur;

2091 2260 2381 2324 unitatem,
2434 2259 2680 2330 inquam,
2740 2262 2797 2315 in
2848 2260 3139 2327 Trinitate,
3167 2271 3223 2318 et
3251 2260 3577 2317 Trinitatem
3612 2262 3670 2316 in

2093 2351 2326 2414 unitate,
2358 2366 2630 2421 unamque
2652 2350 2854 2417 Patris,
2884 2368 2940 2407 et
2972 2350 3115 2418 Filii,
3144 2369 3206 2408 ac
3230 2351 3465 2424 Spiritus
3492 2356 3670 2411 sancti

2087 2440 2451 2497 divinitatem.
2508 2440 2644 2497 Nam
2696 2459 2874 2514 neque
2922 2444 3163 2515 seipsum
3218 2444 3393 2502 Filius
3440 2447 3669 2517 genuit:

2089 2547 2266 2599 neque
2298 2531 2483 2594 Pater.
2516 2541 2574 2587 ut
2613 2544 2761 2590 esset
2787 2533 2979 2599 Filius,
3012 2552 3135 2592 esse
3158 2534 3317 2592 Pater
3350 2536 3543 2605 desiit;
3572 2554 3674 2594 ne-

2086 2639 2195 2693 que
2249 2622 2490 2694 Spiritus
2540 2633 2770 2682 sanctus
2818 2628 3061 2698 seipsmu
3112 2643 3350 2699 unquam
3386 2626 3669 2684 Christum

2089 2715 2404 2785 atpcllavit.
2439 2715 2536 2771 sed
2582 2715 2846 2789 Spiritum
2879 2718 3109 2787 Christi,
3154 2734 3220 2774 ac
3254 2735 3349 2789 per
3387 2717 3671 2775 Christum

2088 2808 2557 2864 communicatum
2587 2850 2605 2877 ,
2665 2810 3050 2880 procedentem
3115 2826 3146 2865 a
3201 2811 3395 2876 Patre,
3453 2821 3507 2868 et
3565 2828 3665 2867 ac-

2089 2903 2381 2973 cipientem
2442 2919 2475 2959 a
2541 2903 2702 2960 Filio.
2763 2902 3088 2962 Subsistens
3143 2917 3230 2963 est
3296 2909 3480 2974 Pater,
3533 2908 3670 2964 sub-

2086 2997 2291 3051 sistens
2332 2994 2527 3062 Filius,
2600 2998 2910 3055 subsistens
2962 2998 3200 3070 Spiritus
3247 3009 3494 3057 sanctus.
3559 2998 3669 3056 Sed

2087 3103 2194 3141 non
2241 3087 2500 3144 confusio
2551 3089 2799 3158 quaedam
2848 3100 2932 3145 est
2967 3087 3230 3151 Trinitas,
3268 3089 3349 3145 uti
3395 3088 3673 3145 Sabellius

2002 3202 2047 3261 α
2081 3181 2356 3247 credidit,
2424 3180 2586 3253 515
2642 3196 2748 3237 nec
2805 3182 2877 3237 ab
2941 3184 3245 3239 aeternitate
3309 3199 3406 3239 sua
3466 3184 3675 3255 gloria-

2081 3289 2189 3343 que
2248 3274 2583 3342 dcmutatur,
2637 3284 2698 3330 ut
2754 3274 2918 3332 Arius
2966 3275 3263 3333 vanissime
3312 3277 3522 3332 docuit.
3558 3274 3667 3332 Sed

2083 3364 2330 3422 Trinitas
2364 3374 2629 3437 perpetuo
2674 3365 2917 3423 Trinitas
2966 3367 3089 3433 fuit,
3130 3384 3231 3423 nec
3276 3368 3327 3423 ei
3366 3368 3666 3441 quidquam

2083 3459 2353 3524 accessit;
2377 3472 2503 3512 eum
2533 3473 2642 3512 una
2666 3458 2737 3513 sit
2762 3457 3046 3522 divinitas,
3070 3474 3177 3512 una
3207 3457 3530 3522 dominatio,
3556 3472 3667 3513 una

2084 3548 2432 3620 praedicanda
2469 3549 2911 3620 celebrandaque
2933 3551 3125 3621 gloria.
3153 3549 3353 3607 Eadem
3384 3550 3668 3606 nihilomi-

2085 3657 2194 3698 nus
2234 3640 2481 3697 Trinitas
2510 3649 2854 3708 numeratur,
2885 3640 3067 3709 Pater,
3116 3641 3287 3698 Filius
3318 3651 3372 3696 et
3423 3640 3668 3713 Spiritus

2085 3742 2312 3791 sanctus
2342 3755 2356 3791 :
2388 3750 2498 3790 non
2530 3743 2589 3789 ut
2623 3734 2766 3791 idem
2807 3743 2972 3806 atque
2996 3751 3162 3788 unum
3200 3733 3401 3805 triplici
3426 3732 3669 3804 appella-

2087 3826 2239 3881 tione
2264 3826 2610 3891 declaretur;
2646 3824 2744 3881 sed
2772 3823 3014 3897 perfecta
3043 3838 3231 3879 revera
3258 3822 3482 3876 nomina
3511 3831 3666 3884 sunt,

2081 3915 2447 3988 perfectaeque
2476 3931 2744 3986 personae,
2786 3931 2965 3986 neque
3000 3914 3260 3986 quiddam
3286 3914 3496 3968 varium
3523 3914 3669 3968 inest

2083 4024 2149 4062 ac
2179 4008 2480 4064 diversum.
2505 4006 2668 4064 Pater
2694 4008 2813 4078 ipse
2834 4015 3096 4078 perpetuo
3119 4004 3281 4060 Pater
3306 4006 3538 4066 exstitit,
3561 4019 3665 4059 nec

2083 4099 2256 4153 ullum
2297 4114 2539 4170 unquam
2577 4110 2795 4171 tempus
2839 4098 2961 4161 fuit,
3004 4114 3115 4169 quo
3148 4097 3308 4152 Pater
3350 4113 3458 4151 non
3494 4104 3665 4151 esset.

2070 4190 2314 4262 .Semper
2342 4191 2489 4246 enim
2527 4190 2804 4262 perfectus
2844 4190 2935 4244 ille
2964 4188 3127 4243 Pater
3153 4196 3258 4251 est,
3289 4196 3452 4258 atque
3482 4186 3667 4241 subsi-

2081 4291 2255 4352 stens,
2281 4293 2340 4338 ut
2360 4291 2415 4337 et
2436 4284 2713 4353 perfectus
2738 4297 2956 4352 semper
2973 4280 3170 4344 Filius,
3189 4296 3512 4351 semperque
3537 4281 3662 4359 sub-

2084 4374 2310 4440 sistens,
2337 4389 2465 4429 vere
2493 4390 2524 4428 a
2564 4372 2727 4429 Patre
2761 4374 3001 4443 genitus,
3040 4373 3248 4442 absque
3286 4372 3444 4426 initio
3480 4383 3662 4427 tamen

2084 4481 2149 4521 ac
2176 4473 2441 4537 tempore,
2474 4480 2653 4535 eoque
2677 4463 2859 4527 modo,
2888 4479 3050 4535 quem
3082 4462 3232 4518 nulla
3262 4463 3536 4534 explicare
3565 4480 3664 4534 po-

390 4542 534 4606 θινὸς
560 4544 623 4595 ἐκ
643 4542 777 4597 Θεοῦ
801 4543 1080 4615 ἀληθινοῦ,
1114 4546 1414 4618 γεννηθεὶς,
1442 4550 1502 4601 οὐ
1526 4550 1786 4617 κτισθείς.
1814 4535 1974 4611 Ἀλλά

2084 4568 2191 4616 test
2223 4535 2424 4614 oratio.
2448 4557 2569 4612 Non
2594 4558 2641 4613 is
2671 4556 2850 4613 Patris
2880 4558 3026 4612 velut
3049 4571 3344 4626 germanus
3366 4555 3537 4609 frater
3556 4564 3663 4619 est,

386 4636 488 4689 οὐκ
517 4636 680 4699 αὐτὸς
727 4637 939 4709 Πατὴρ,
982 4637 1104 4692 οὐδὲ
1144 4639 1174 4691 6
1217 4639 1407 4713 Πατὴρ
1437 4642 1602 4708 αὐτὸς
1632 4644 1777 4712 Υἱός.
1819 4650 1882 4703 Εἰ
1914 4651 1974 4705 δὲ

386 4728 519 4791 Θεὸς
542 4728 757 4801 Πατὴρ,
785 4730 881 4783 καὶ
903 4729 1031 4795 Υἱὸς
1061 4732 1156 4785 καὶ
1185 4732 1342 4801 ἀγιον
1366 4732 1615 4806 Πνεῦμα.

2082 4668 2183 4708 nec
2210 4668 2334 4708 esse
2369 4652 2537 4723 cmpit
2569 4665 2835 4721 unquam,
2869 4658 2964 4704 aut
2996 4648 3291 4720 aliquando
3330 4646 3524 4714 desiit;
3565 4646 3664 4702 sed

2081 4746 2359 4818 legitimus
2390 4752 2659 4815 perpetuo
2693 4742 2867 4798 Filius
2897 4750 3003 4807 est,
3031 4743 3303 4798 exsistens
3328 4756 3453 4796 cum
3479 4740 3663 4805 Patre,

387 4821 456 4874 ab
492 4836 667 4891 eoque
692 4821 811 4877 sine
853 4831 1097 4893 tempore
1137 4824 1379 4895 genitus,
1429 4827 1681 4899 aequalis,
1714 4830 1860 4891 Deus
1897 4854 1965 4895 ex
1995 4841 2135 4908 Deo,
2188 4842 2373 4896 lumen
2409 4840 2478 4894 de
2531 4838 2758 4901 lumine,
2832 4835 2977 4894 Deus
3017 4852 3177 4892 verus
3216 4836 3285 4891 de
3329 4833 3439 4888 Deo
3505 4847 3660 4898 vero,

386 4920 628 4988 genitus,
667 4935 777 4974 non
813 4930 1054 4976 creatus.
1093 4920 1280 4991 Neque
1320 4932 1501 4980 tamen
1544 4934 1641 4981 aut
1674 4928 1793 5000 ipse
1834 4932 1997 4993 Pater
2026 4952 2134 5006 est,
2167 4947 2265 4994 aut
2295 4937 2457 4993 Pater
2488 4938 2605 5008 ipse
2635 4933 2827 4991 Filius.
2858 4934 2938 4988 Ac
2998 4933 3048 4989 si
3086 4931 3232 4989 Deus
3275 4930 3432 4986 Pater
3468 4938 3576 4999 est,
3606 4939 3665 4985 et

385 5013 561 5071 Filius
587 5016 773 5086 utique
797 5018 924 5079 erit,
955 5027 1011 5072 et
1045 5015 1288 5087 Spiritus
1316 5030 1564 5078 sanctus.

455 5109 528 5160 A'.
558 5107 671 5160 Ἀεὶ
691 5106 800 5177 γὰρ
822 5108 883 5161 τὸ
905 5106 1133 5179 Πνεῦμα
1156 5109 1252 5162 σὺν
1276 5112 1454 5185 Πατρὶ
1480 5117 1573 5169 καὶ
1603 5118 1739 5191 Υἱῴ,
1766 5120 1828 5174 οὐ
1853 5139 1973 5177 συν-

383 5201 611 5269 ἁδελφον
638 5201 835 5272 Πατρὶ,
860 5202 922 5254 οὐ
946 5202 1226 5274 γεννητόν,
1253 5204 1313 5257 οὐ
1347 5209 1587 5273 κτιστὸν,
1614 5212 1715 5266 οὐκ
1743 5214 1971 5284 ἀδελφὸν

384 5291 539 5354 Υξοῦ,
562 5292 665 5345 οὐκ
693 5291 915 5361 ἔγγονον
945 5294 1181 5365 Πατρὸς,
1200 5296 1265 5347 ὲκ
1287 5296 1500 5370 Πατρὸς
1521 5301 1579 5353 δὲ
1601 5303 1970 5377 ἐκπορευόμε-

383 5401 495 5449 νον,
541 5386 635 5438 καὶ
666 5384 760 5439 τοῦ
794 5385 923 5440 Υἰοῦ
963 5385 1262 5456 λαμϐάνον,
1299 5389 1400 5444 οὐκ
1440 5391 1719 5464 ἀλλότριον
1755 5397 1967 5469 Πατρὸς

384 5475 478 5529 καὶ
506 5474 659 5542 Υἱοῦ,
690 5475 828 5530 ἀλλά
864 5479 930 5531 ὲκ
972 5478 1072 5548 τῆς
1110 5478 1281 5549 αὐτῆς
1309 5481 1520 5549 οὐσίας,
1559 5485 1623 5539 ὲκ
1658 5486 1758 5555 τῆς
1797 5488 1969 5558 αὐτῆς

2152 5120 2243 5176 IV.
2287 5119 2515 5191 Semper
2562 5118 2708 5173 enim
2754 5131 2879 5172 cum
2924 5114 3086 5170 Patre
3125 5113 3374 5184 Filioque
3420 5114 3661 5185 Spiritus

2077 5226 2183 5281 est,
2220 5229 2331 5269 non
2366 5210 2552 5266 Patris
2584 5209 2753 5266 veluti
2780 5209 2972 5271 frater,
3002 5222 3111 5262 non
3141 5208 3357 5276 genitus
3387 5216 3481 5261 aut
3503 5223 3660 5262 crea-

2078 5314 2191 5371 tus,
2220 5320 2331 5361 non
2368 5303 2495 5359 Filii
2527 5303 2720 5368 frater,
2748 5317 2859 5357 non
2888 5300 3069 5357 Patris
3093 5317 3285 5372 nepos,
3318 5301 3412 5356 sed
3444 5317 3472 5353 a
3498 5299 3662 5356 Patre

2077 5395 2406 5469 procedens,
2454 5403 2510 5451 et
2541 5395 2826 5465 accipiens
2853 5410 2883 5448 a
2927 5393 3086 5460 Filio,
3137 5409 3168 5447 a
3209 5392 3372 5448 Patre
3412 5392 3663 5464 Filioque

2076 5505 2187 5543 non
2219 5489 2457 5554 alienus,
2488 5503 2678 5544 verum
2723 5488 2914 5543 eadem
2963 5503 3027 5541 ex
3068 5485 3398 5549 substantia,
3439 5484 3654 5539 eadem-

386 5565 660 5636 θεότητος,
706 5568 772 5621 ὲκ
807 5565 1021 5640 Πατρὸς
1064 5570 1158 5624 καὶ
1192 5571 1323 5625 Υἱοῦ
1356 5572 1491 5645 (21),
1532 5577 1629 5630 σὺν
1659 5577 1839 5650 Πατρὶ
1872 5580 1968 5634 καὶ

2083 5597 2183 5652 que
2210 5580 2518 5648 divinitate,
2564 5596 2632 5636 ex
2672 5578 2833 5635 Patre
2861 5587 2915 5635 et
2945 5576 3125 5634 Filio:
3151 5586 3206 5633 et
3241 5592 3365 5632 cum
3399 5573 3558 5631 Patre
3590 5590 3657 5631 ac

458 5750 571 5820 (2|)
638 5752 740 5830 Ἐκ
793 5750 1025 5836 Πατρός
1072 5750 1170 5805 καὶ
1202 5751 1634 5836 ΥἱοῦεθΑιίηυοι
1668 5756 1802 5812 locis
1850 5757 1984 5833 Epip

2083 5762 2189 5819 tius
2226 5762 2489 5836 Spiritum
2558 5770 2812 5820 sanctum
2868 5776 2897 5816 a
2951 5759 3111 5816 Patre
3168 5771 3221 5816 et
3266 5757 3407 5815 Filio
3461 5770 3655 5829 proce-

385 5820 514 5885 dere
548 5822 836 5898 perspicue
867 5829 1120 5889 testatur,
1157 5825 1459 5893 praesertim
1492 5820 1546 5882 in
1570 5827 1854 5892 Auroram.
