4176 6386
536 377 673 432 ωὸδ

1954 390 2013 445 S.
2056 388 2396 448 ΕΡΙΡΠΑΝΙΙ

3670 396 3827 452 1058

535 496 673 550 Filio
718 497 1027 554 subsistens
1074 515 1293 571 semper
1324 504 1564 575 Spiritus
1601 514 1848 573 sanctus,
1900 508 2121 563 divinus

2230 512 2359 583 Υἱῷ,
2392 514 2756 567 ἑνυπόστατον
2786 516 2873 568 ἀεὶ
2904 517 3128 589 Πνεῦμα
3166 517 3341 585 άγιον,
3376 516 3598 587 Πνεῦμα
3637 516 3821 583 θεῖον,

534 590 791 659 Spiritus,
832 593 1019 661 gloriae
1058 593 1329 665 Spiritus,
1380 597 1587 653 Christi
1630 598 1895 669 Spiritus,
1938 600 2119 658 Patris

534 680 792 749 Spiritus.
829 684 961 739 Nam
990 684 1221 754 Spiritus
1251 688 1429 742 Patris
1453 693 1541 761 qui
1572 692 1627 745 in
1653 692 1797 746 vobis
1824 693 2117 762 loquitur‘.

534 772 619 836 Et,
664 772 896 844 Spiritus
946 795 1090 832 meus
1134 779 1188 831 in
1228 780 1399 833 medio
1442 783 1599 835 vestri
1642 784 1947 837 consistit'.
1974 784 2118 840 Idem

535 875 701 930 porro
744 866 1110 933 appellatione
1157 869 1374 930 tertius.
1423 871 1709 927 divinitate
1751 875 1979 943 aqualis
2011 883 2118 937 est,

534 952 671 1007 nihil
706 968 736 1007 a
768 952 930 1011 Patre
961 956 1207 1029 Filioque
1239 961 1585 1033 discrepans,
1610 964 1899 1022 Trinitatis
1922 986 2117 1033 nexus,

535 1046 904 1103 confessionis
954 1052 1217 1122 sigillum.
1271 1053 1363 1109 Sic
1408 1058 1554 1111 enim
1602 1058 1777 1116 Filius
1825 1062 2117 1131 loquitur:

538 1131 651 1204 Ego
679 1147 728 1190 et
762 1136 924 1192 Pater
950 1158 1112 1195 unum
1150 1160 1331 1199 sumus
1358 1147 1398 1199 ³.
1435 1145 1555 1202 Non
1591 1149 1752 1213 dixit,
1792 1151 1948 1207 Unus
1975 1169 2119 1221 sum,

538 1228 634 1284 sed
665 1229 780 1286 haec
810 1234 993 1298 verba,
1031 1234 1145 1304 Ego
1173 1247 1223 1291 et
1252 1237 1435 1303 Pater,
1470 1256 1625 1295 suam
1661 1243 1806 1297 Patri
1832 1261 2120 1313 personam

536 1323 856 1408 convenire,
886 1342 1153 1399 suamque
1197 1329 1336 1384 Filio
1378 1333 1712 1403 signiﬁcant.
1758 1334 1907 1393 Duos
1940 1340 2124 1408 itaque

537 1398 862 1480 nominavit,
914 1435 1022 1474 non
1067 1438 1235 1476 unum
1272 1423 1430 1479 dixit.
1484 1426 1657 1483 Item:
1707 1428 1880 1483 Unum
1913 1448 2119 1495 sumus,

536 1521 669 1572 non,
703 1507 855 1565 Unus
870 1526 1015 1566 sum.
1043 1512 1305 1570 Similiter
1327 1524 1381 1571 et
1410 1518 1541 1571 illud
1573 1524 1887 1591 usurpavit:
1924 1522 2121 1579 Euntes

538 1602 805 1669 baptizate
830 1607 884 1659 in
915 1610 1125 1662 nomine
1161 1609 1365 1675 Patris,
1396 1624 1442 1666 et
1476 1611 1630 1677 Filii,
1662 1624 1714 1669 et
1735 1616 1972 1685 Spiritus
1998 1635 2123 1671 san-

538 1700 669 1753 cti‘.
705 1700 806 1758 Ubi
837 1712 951 1759 tum
980 1708 1248 1763 articulus
1277 1710 1387 1776 ille,
1412 1711 1530 1777 τοῦ,
1564 1721 1647 1768 ter
1667 1717 1935 1785 repetitus
1960 1726 2013 1772 et
2040 1718 2117 1770 in-

2222 605 2449 677 Πνεῦμα
2494 607 2672 679 δόξης,
2714 607 2938 679 Πνεῦμα
2989 609 3250 680 Χριστοῦ,
3303 608 3527 679 Πνεῦμα
3568 611 3818 677 Πατρός.

2228 701 2296 754 Τὸ
2339 700 2452 773 γὰρ
2484 703 2726 768 Πνεῦμα
2755 703 2861 756 τοῦ
2892 704 3123 773 Πατρός
3150 704 3217 757 τὸ
3246 703 3481 757 λαλοῦν
3523 704 3591 756 ἐν
3639 704 3817 771 ὑμῖνο

2223 793 2335 855 :tal,
2383 794 2454 848 Τὸ
2503 794 2744 865 Πνεῦμά
2784 778 2903 865 μου
2936 797 3273 865 ἐφέστηκεν
3305 796 3375 849 ἐν
3408 794 3576 864 μέσῳ
3614 793 3816 864 ὑμῶν.

2224 882 2419 955 Τρίτον
2447 888 2513 957 τῇ
2546 887 2830 957 ὀνομασίᾳ,
2862 890 2973 941 ῐσον
3003 890 3068 959 τῇ
3106 887 3341 956 θεότητι,
3377 887 3476 938 οὐκ
3507 886 3822 955 ἠλλοιωμέ-

2222 991 2311 1028 νον
2345 975 2497 1046 παρά
2528 976 2747 1046 Πατέρα
2776 977 2872 1031 καὶ
2898 977 3047 1039 Υίὸν,
3078 976 3375 1047 σύνδεσμος
3404 976 3652 1046 Τριάδος,
3686 978 3822 1027 ἑπι-

2225 1066 2462 1135 σφραγὶς
2501 1066 2602 1136 τῆς
2639 1066 2947 1136 ὁμολογίας.
3005 1067 3064 1120 Ὀ
3109 1066 3219 1139 γὰρ
3266 1067 3394 1131 Υἱός
3435 1083 3618 1137 φησιν·
3666 1065 3823 1133 Ἐγὼ

2225 1160 2319 1209 καὶ
2347 1161 2379 1210 ὁ
2397 1157 2600 1226 Πατὴρ
2620 1158 2690 1211 ἒν
2711 1158 2917 1227 ἐσμεν.
2943 1159 3052 1213 Kal
3075 1161 3175 1213 οὐκ
3198 1156 3371 1224 εἶπεν,
3398 1157 3494 1222 Εἷς
3509 1160 3555 1211 εί
3565 1173 3647 1228 μισ
3670 1158 3821 1213 ἀλλὰ

2223 1248 2305 1309 τὸ.
2356 1248 2498 1318 Ἐγὼ
2540 1251 2637 1303 καὶ
2686 1253 2720 1303 ὀ
2764 1251 2992 1319 Πατὴρ,
3043 1252 3297 1322 σημαίνει
3329 1251 3690 1304 ἐνυπόστατον
3715 1248 3823 1300 τὸν

2224 1341 2465 1411 Πατέρα.
2491 1344 2585 1395 καὶ
2606 1344 2969 1399 ὲνυπόστατον
2989 1344 3080 1398 τὸν
3098 1346 3245 1397 Υίόν.
3274 1346 3403 1408 Kal,
3427 1348 3489 1397 Oi
3505 1343 3635 1405 δύο,
3660 1338 3820 1407 εἷπε,

2224 1436 2317 1487 καὶ
2342 1437 2444 1488 οὐκ
2472 1432 2647 1499 εἶπεν,
2665 1438 2722 1490 '0
2756 1432 2855 1500 εἷς.
2883 1439 2991 1491 Kal
3022 1438 3203 1501 πάλιν,
3223 1438 3287 1490 Ἕ
3294 1455 3330 1491 ν
3357 1440 3564 1506 ἐσμεν
3588 1436 3683 1490 καὶ
3709 1439 3823 1489 οὐκ

2225 1521 2397 1589 εἶπεν,
2438 1525 2533 1591 Εἷς
2569 1528 2704 1599 εἰμι.
2744 1528 3018 1593 Ὡσαύτως
3048 1529 3123 1581 δέ·
3181 1528 3560 1594 Ἀπελθόντες
3588 1528 3823 1592 βαπτί-

2223 1634 2373 1673 σατε
2397 1624 2483 1687 είς
2508 1622 2575 1674 τὸ
2610 1622 2797 1689 ὄνομα
2824 1622 2931 1677 τοῦ
2965 1623 3219 1689 Πατρός,
3246 1622 3343 1675 καὶ
3376 1621 3483 1675 τοῦ
3524 1620 3684 1683 Υιοῦ,
3713 1620 3821 1673 καὶ

2225 1710 2331 1763 τοῦ
2368 1712 2540 1781 ἁγίου
2588 1714 2954 1782 Πνεύματος.
3007 1714 3204 1767 Μέτων
3245 1712 3304 1765 δὲ
3352 1713 3649 1783 τιθεμένων
3700 1713 3821 1766 τῶν

538 1792 801 1861 terjectus
831 1806 937 1857 est,
972 1800 1267 1867 Sabellius,
1300 1804 1393 1873 qui
1431 1813 1545 1860 tres
1569 1807 1622 1859 in
1657 1824 1826 1861 unum
1855 1825 2120 1878 personas

2230 1803 2445 1875 ἄρθρων
2476 1804 2577 1873 τῆς
2612 1805 2883 1877 συλλαϐῆς
2914 1806 3029 1869 τοῦ,
3053 1806 3170 1869 τοῦ,
3204 1807 3299 1859 καὶ
3323 1806 3438 1861 τοῦ.
3462 1807 3569 1859 Kal
3594 1806 3818 1875 ἐλέγχει

538 1885 847 1950 confundit,
901 1889 1135 1947 Matthaei
1189 1869 1509 1949 testimonio
1553 1869 1919 1969 redarguitur,
1961 1900 2123 1973 516

2230 1869 2514 1950 Σαϐελλιον
2534 1869 2962 1969 ⁷Μαοτθαῖοςξτὴν
2983 1899 3315 1970 συναλοιφὴν
3350 1869 3813 1969 παρεισφέ

538 1994 662 2032 cum
723 1980 769 2036 is
832 1998 957 2037 vere
1000 1982 1241 2051 Patrem,
1297 2002 1532 2058 vereque
1584 1988 1805 2057 Filium,
1873 2006 1938 2047 ac
2001 2010 2126 2050 vene

540 2069 807 2141 Spiritum
874 2086 1126 2130 sanctum
1186 2080 1464 2149 exprimit.
1532 2078 1669 2135 Cum
1730 2092 1912 2138 autem
1980 2085 2122 2140 idem

540 2160 595 2213 in
631 2160 900 2218 Trinitate
954 2182 1312 2236 personarum
1354 2171 1493 2224 ordo
1549 2174 1929 2237 constituitur,
1988 2192 2122 2230 uno.

537 2269 646 2323 que
688 2257 975 2314 Trinitatis
1043 2262 1267 2317 nomine
1321 2273 1598 2330 censetur,
1659 2265 1849 2320 Arium
1906 2268 2123 2334 refellit,

538 2348 632 2417 qui
668 2349 983 2406 inferiorem
1032 2352 1326 2423 quemdam
1374 2354 1427 2409 in
1469 2354 1738 2411 Trinitate
1778 2360 2025 2427 gradum,
2062 2376 2126 2415 ac

539 2444 860 2499 varietatem
927 2449 1397 2517 mutationemque
1465 2460 1812 2506 commentus
1869 2461 1975 2507 est.
2033 2452 2115 2507 Et-

537 2535 684 2589 enim
738 2536 866 2591 licet
918 2538 1097 2607 major
1143 2554 1173 2592 a
1230 2538 1369 2595 Filio
1420 2544 1812 2609 pronuntiatus
1858 2542 2022 2601 Pater
2058 2547 2128 2603 ab

539 2628 874 2698 evangelista
919 2634 1239 2697 narretur',
1290 2632 1466 2688 eidem
1508 2642 1690 2689 tamen
1721 2612 1860 2690 Filio
1894 2652 2128 2694 consen-

539 2730 699 2775 tanee
727 2722 780 2774 in
815 2723 1008 2791 prunis
1038 2724 1267 2794 gloriam
1301 2726 1575 2780 attribuit.
1601 2727 1644 2779 Α
1670 2742 1782 2797 quo
1811 2728 1956 2783 enim
1991 2730 2129 2785 cele-

538 2811 685 2866 brari
728 2812 941 2869 Patrem
973 2814 1202 2872 decebat
1233 2819 1437 2886 potius,
1480 2832 1644 2887 quam
1677 2820 1746 2873 ab
1775 2835 1842 2874 eo
1866 2821 1961 2891 qui
1996 2821 2129 2891 legi-

539 2905 710 2961 timus
735 2916 882 2962 esset
911 2906 1125 2963 Filius?
1154 2909 1260 2964 Sed
1295 2925 1517 2967 rursum
1547 2922 1605 2964 ut
1638 2912 2008 2981 aequalitatem
2041 2914 2128 2969 in-

538 2997 706 3063 dicet,
745 3015 815 3054 ue
848 3000 1072 3055 errandi
1119 3002 1450 3070 quibusdam
1498 3004 1837 3073 praberetur
1883 3006 2123 3070 occasio,

539 3089 633 3158 qui
666 3088 981 3145 inferiorem
1015 3090 1252 3161 aliquem
1290 3092 1521 3161 gradum
1557 3092 1696 3147 Filio
1722 3093 2123 3161 concederent;

2229 1991 2401 2043 Ὅπου
2430 1990 2473 2022 ¹³
2503 1990 2612 2059 γὰρ
2644 1991 2735 2044 καὶ
2764 1992 3018 2062 σημαίνει
3063 1992 3278 2061 άληθῶς
3319 1993 3557 2063 Πατέρα,
3593 1992 3816 2061 ἀληθῶς

2229 2083 2378 2148 Υίδν,
2419 2082 2635 2153 άληθῶς
2677 2082 2831 2151 ἅγιον
2862 2082 3105 2154 Πνεῦμα·
3144 2084 3304 2136 ὁπότε
3338 2084 3395 2136 δὲ
3430 2084 3746 2154 όμόστοιχος
3773 2087 3810 2153 ἠ

2228 2172 2421 2243 Τριὰς,
2456 2173 2551 2225 καὶ
2586 2175 2644 2225 ὲν
2676 2174 2756 2225 ἑνὶ
2782 2173 3007 2243 ὀνόματι
3038 2173 3208 2245 Τριὰς
3234 2173 3561 2244 καλουμένη,
3596 2174 3815 2241 ἐλέγχει

2226 2265 2318 2317 τὸν
2350 2266 2590 2335 ¹Ἄρειον,
2622 2263 2891 2317 ὑπόϐασίν
2907 2281 3026 2317 τινα
3046 2264 3425 2333 διανοούμενον
3456 2266 3512 2316 ὲν
3548 2266 3613 2333 τῇ
3642 2263 3809 2333 Τριάο

2225 2354 2299 2417 δι,
2323 2354 2356 2425 ἢ
2385 2353 2692 2416 ἀλλοίωσιν,
2732 2354 2764 2424 ἢ
2792 2353 3168 2424 παραλλαγήν.
3204 2353 3322 2407 Κάν
3340 2370 3400 2405 τε
3431 2353 3541 2422 γὰρ
3566 2356 3594 2405 ό
3618 2353 3812 2423 Πατὴρ

2232 2447 2432 2517 μείζων
2486 2444 2640 2517 παρὰ
2696 2444 2825 2498 Υἱοῦ
2879 2446 3342 2516 δογματιζόμενος
3388 2445 3809 2513 ἀπαγγέλλεται,

2228 2538 2701 2610 πρεπωδεστάτως
2720 2536 2799 2608 τῷ
2818 2538 2934 2608 Υίῷ
2957 2538 3058 2609 τὴν
3087 2537 3243 2601 δόξαν
3276 2540 3657 2607 περιποιεῖται.
3691 2537 3812 2589 Τίνι

2229 2631 2337 2702 γὰρ
2374 2630 2583 2702 ἔπρεπε
2617 2629 2861 2697 δοξάζειν
2907 2630 3037 2683 [διον
3078 2629 3296 2700 Πατέρα
3331 2628 3467 2681 ἀλλὰ
3495 2628 3573 2699 τῷ
3605 2628 3813 2698 γνησίῳ

2228 2724 2378 2794 Υίῷ;
2412 2724 2582 2777 Ὅταν
2616 2723 2673 2776 δὲ
2719 2722 2883 2775 πάλιν
2926 2724 3026 2793 τὴν
3073 2723 3293 2792 ἰσότητα
3334 2720 3582 2791 βούλεται
3612 2720 3808 2787 λέγειν.

2229 2819 2315 2871 ἵνα
2344 2818 2417 2888 μὴ
2448 2816 2725 2870 ὲκπέσωσί
2752 2827 2916 2879 τινεςζ
2950 2810 3118 2885 ἧσσον
3141 2815 3217 2877 ὡς
3240 2815 3370 2884 περὶ
3402 2814 3531 2866 Υἱοῦ
3574 2813 3814 2866 διανοού-

2232 2927 2404 2981 μενοι,
2430 2908 2605 2972 οὔτως
2633 2908 2819 2978 φησίνσ
2862 2908 2915 2958 '0
2933 2906 3021 2975 μὴ
3049 2904 3237 2975 τιμῶν
3263 2905 3371 2959 τὸν
3390 2906 3545 2966 ﬂor,
3569 2906 3650 2970 ὠς
3675 2902 3815 2973 τιμᾷ

2226 3002 2335 3057 τὸν
2362 3000 2615 3069 Πατέρα,
2642 3003 2752 3054 οὐκ
2780 2999 2907 3069 ἔχει
2943 2999 3096 3066 ζωὴν
3123 3000 3193 3051 ἐν
3213 2996 3425 3063 ἐαυτῷ·
3462 3000 3578 3059 καὶ,
3610 2997 3814 3051 Πάντα

2226 3099 2298 3149 τὰ
2331 3094 2438 3148 τοῦ
2467 3095 2699 3161 Πατρός
2740 3111 2879 3161 μου,
2910 3090 3021 3161 ἐμὰ
3048 3094 3199 3145 ἐστι.
3231 3089 3296 3143 Τί
3335 3090 3393 3143 δέ
3442 3092 3577 3153 ἐστι,
3610 3090 3680 3142 τὰ
3707 3088 3817 3140 τοῦ

540 3180 688 3257 hunc
721 3184 777 3236 in
818 3183 1039 3237 modum
1091 3184 1367 3253 loquitur:
1399 3185 1505 3251 Qui
1544 3202 1644 3239 non
1677 3186 1992 3257 honoriﬁcat
2026 3187 2123 3241 Fi-

2230 3187 2484 3256 Πατρός,
2536 3186 2652 3239 ἀλλ’
2684 3186 2740 3255 ἡ·
2784 3185 2918 3246 Θεὸς
2972 3186 3001 3238 ό
3056 3184 3268 3255 Πατὴρ,
3309 3181 3444 3245 Θεός
3473 3183 3609 3251 είμι·
3646 3179 3757 3249 ζωὴ
3788 3183 3817 3232 ὁ

541 3274 695 3336 lium,
731 3275 868 3327 sicut
905 3274 1227 3344 honori/ient
1266 3275 1505 3338 Patrem,
1542 3294 1645 3331 non
1684 3278 1837 3333 habet
1875 3280 2035 3333 vitam
2068 3288 2123 3333 in

539 3366 709 3432 seipse
730 3368 772 3419 ⁸.
805 3365 911 3422 Et:
946 3368 1141 3424 Omnia
1189 3384 1307 3439 quae
1349 3368 1531 3423 Patris
1574 3378 1720 3433 sunt,
1774 3388 1891 3425 mea
1935 3374 2118 3428 sunt".

2232 3280 2443 3349 Πατὴρ,
2488 3277 2601 3349 ζωή
2647 3279 2781 3348 είμι·
2835 3276 3014 3329 πάντα
3062 3275 3132 3329 τὰ
3175 3275 3267 3328 τοῦ
3310 3274 3523 3344 Πατρός
3567 3290 3667 3343 μου
3705 3273 3819 3341 ipsi

2230 3374 2408 3435 ὲστινς

538 3460 680 3526 Quid
706 3468 791 3515 est
818 3469 997 3517 autem
1032 3462 1187 3521 illud.
1226 3479 1343 3533 qua:
1380 3461 1560 3516 Patris
1592 3472 1741 3527 sunt,
1774 3463 1904 3530 nisi,
1947 3465 2410 3533 quemadmodum
2445 3463 2589 3518 Deus
2634 3471 2718 3517 est
2746 3460 2928 3526 Pater,
2989 3462 3065 3516 ita
3118 3460 3259 3517 Deus
3294 3476 3456 3529 sum;
3506 3470 3581 3527 et,
3616 3470 3673 3516 ut
3702 3461 3814 3515 vita

538 3563 625 3609 cst
658 3552 839 3616 Pater,
870 3554 949 3607 sic
974 3568 1074 3623 ego
1099 3554 1209 3607 vita
1237 3569 1357 3608 sum
1386 3572 1397 3607 :
1425 3552 1762 3622 proindeque
1787 3554 1972 3607 omnia
1999 3572 2121 3625 qua:
2156 3556 2335 3610 Patris
2364 3553 2469 3607 mei
2496 3561 2646 3615 sunt,
2682 3566 2800 3605 mea
2833 3552 3007 3607 sunt?
3508 3558 3511 3561 '

614 3643 678 3699 V.
726 3643 939 3700 Videsis
973 3644 1161 3713 igitur,
1202 3659 1236 3697 o
1287 3642 1525 3707 Sabelli,
1577 3658 1641 3697 ac
1678 3642 1969 3711 diligenter
2010 3646 2123 3698 ani-

542 3737 857 3801 madverte;
901 3735 1050 3806 aperi
1088 3734 1273 3789 cordis
1308 3734 1522 3797 oculos,
1556 3748 1731 3802 neque
1764 3748 1944 3787 czecus
1972 3742 2121 3799 esto;

543 3829 627 3881 fac
659 3836 718 3880 ut
743 3835 859 3889 tua,
895 3836 1231 3895 tuorumque
1261 3840 1417 3880 mens
1441 3840 1565 3878 cum
1598 3832 1790 3879 sancto
1822 3823 2031 3879 Joanne
2057 3824 2125 3878 ad

539 3918 834 3975 Jordanem
866 3918 1177 3973 conveniat.
1204 3918 1381 3973 Aures
1410 3925 1535 3971 tuas
1560 3917 1731 3986 aperi,
1756 3925 1807 3970 et
1834 3916 1975 3969 hanc
1999 3930 2126 3985 pro-

543 4014 719 4084 pheta:
750 4026 935 4066 vocem
970 4010 1211 4066 exaudi:
1246 4008 1358 4080 Ego
1396 4025 1497 4064 vox
1536 4010 1821 4063 clamantis
1861 4010 1914 4062 in
1951 4009 2128 4062 deser-

544 4116 595 4159 to
614 4107 654 4161 '.
683 4104 821 4158 Audi
857 4103 1260 4159 Prtecursorem
1294 4102 1531 4167 Domini,
1568 4104 1660 4171 qui
1695 4102 1922 4171 angelus
1949 4102 2129 4172 appelo

541 4198 643 4252 lari
672 4196 893 4259 meruit,
921 4195 1187 4265 Spiritum
1229 4203 1480 4249 sanctum
1517 4210 1582 4247 ex
1618 4203 1774 4247 utero
1811 4193 2005 4248 matris
2044 4208 2131 4246 ac-

542 4290 710 4357 cepit,
736 4297 791 4344 et
818 4289 985 4341 Maria
1017 4291 1258 4341 intrante
1297 4286 1541 4339 subsiliit
1562 4288 1607 4337 ’.
1654 4284 1759 4350 Qui
1790 4299 1915 4339 cum
1947 4285 2127 4339 adhuc

545 4382 738 4437 matris
772 4389 930 4435 utero
973 4379 1375 4441 contineretur,
1429 4376 1644 4430 Domini
1692 4376 1777 4431 sui
1818 4377 2124 4447 ingressum

2302 3643 2377 3698 E'.
2415 3644 2559 3713 Ὅρα
2592 3640 2673 3703 δὲ,
2719 3635 2765 3694 ὦ
2795 3641 3074 3705 Σαδέλλιε,
3115 3642 3210 3693 καὶ
3238 3643 3511 3695 κατανόει·
3553 3641 3817 3708 διάνοιξον

2231 3738 2292 3790 τὸ
2322 3737 2476 3807 ὄμμα
2517 3736 2617 3805 τῆς
2660 3736 2887 3807 καρδίας
2927 3752 3042 3799 σου,
3081 3736 3176 3789 καὶ
3208 3737 3281 3807 μὴ
3323 3736 3601 3789 amemu-
3632 3736 3815 3789 dwel-

2234 3827 2375 3881 θέτω
2418 3829 2449 3898 ἡ
2502 3827 2712 3880 διάνοιά
2742 3844 2837 3879 σου
2872 3827 2969 3879 καὶ
3005 3826 3116 3879 τῶν
3166 3827 3270 3880 ὑπὸ
3318 3827 3411 3880 σοῦ
3449 3827 3818 3898 ἠπατημένων

2245 3921 2465 3989 Ἰωάννῃ
2501 3919 2579 3989 τῷ
2606 3919 2747 3989 ἁγίῳ
2780 3921 2859 3983 είς
2888 3920 2980 3972 τὸν
3030 3920 3320 3992 Ἰορδάνην.
3362 3922 3581 3988 Ἀνοιγε
3611 3921 3677 3973 τὰ
3702 3914 3818 3973 ὦτά

2235 4031 2352 4077 σου,
2400 4012 2495 4065 καὶ
2542 4011 2706 4065 ἄκουε
2754 4010 2857 4080 τῆς
2900 4012 3084 4082 φωνῆς
3110 4012 3205 4065 τοῦ
3236 4013 3515 4084 προφήτου
3544 4011 3817 4081 λέγοντος·

2246 4102 2395 4171 Ἐγὼ
2444 4100 2613 4170 φωνὴ
2660 4099 2929 4166 ,ϐοῶντος
2982 4102 3051 4153 ἐν
3101 4102 3175 4170 τῇ
3222 4102 3439 4171 ἐρήμῳ.
3483 4104 3681 4155 Ἄκουε
3723 4104 3817 4156 τοῦ

2235 4195 2552 4265 Προδρόμου
2587 4195 2816 4263 Κυρίου,
2857 4193 2953 4247 τοῦ
2986 4195 3220 4264 ἀγγέλου
3252 4195 3678 4261 καταξιωθέντος
3701 4199 3816 4249 ὀνοο

2238 4280 2535 4352 μασθῆναι,
2562 4280 2659 4334 τοῦ
2689 4283 2798 4335 ἀπὸ
2823 4283 3031 4347 κοιλίας
3062 4284 3268 4355 μητρὸς
3301 4285 3555 4349 λαϐόντος
3592 4286 3817 4356 Πνεῦμα

2237 4373 2413 4439 ἅγιον,
2459 4372 2554 4425 καὶ
2601 4374 2994 4443 σκιρτήσαντος
3020 4378 3086 4447 τῇ
3126 4377 3317 4448 εἰσόδῳ
3360 4379 3459 4448 τῆς
3488 4380 3727 4449 Μαρίας·
3759 4379 3817 4442 ὃς

546 4476 789 4546 agnovit,
826 4483 880 4528 et
919 4471 1157 4535 essiliit;
1194 4470 1284 4524 cui
1328 4468 1721 4539 patefacienda:
1753 4467 1923 4521 divini
1965 4466 2123 4521 Verbi

2232 4466 2372 4535 ἔγνω
2402 4468 2482 4520 ἔτι
2507 4468 2563 4521 ὲν
2590 4468 2769 4541 κοιλίᾳ
2797 4469 3059 4541 ὑπάρχων
3088 4472 3292 4525 εἴσοδον
3316 4472 3411 4525 τοῦ
3452 4473 3579 4526 ἰδίου
3609 4475 3816 4527 Δεσπό-

545 4564 974 4639 przedicationis,
1019 4560 1497 4633 praaparandaaque
1541 4557 1755 4613 Domini
1786 4559 1889 4613 via:
1926 4574 2129 4613 munus

543 4671 632 4715 est
664 4672 1013 4714 concessum.
1062 4656 1276 4709 Adhibe
1329 4655 1458 4707 huic
1514 4653 1697 4717 ﬁdem,
1745 4669 1845 4708 nec
1889 4669 1918 4706 a
1959 4670 2127 4722 scopo

542 4751 797 4809 veritatis
815 4751 1058 4805 aberres.
1090 4746 1229 4801 Ecce
1252 4747 1349 4800 tibi
1374 4747 1750 4801 testimonium
1780 4746 1870 4799 ille
1901 4745 2124 4815 praebet.

546 4849 603 4901 ln
634 4845 826 4917 primis
852 4857 977 4898 cum
1010 4840 1298 4895 Dominum
1327 4854 1487 4893 suum
1514 4852 1818 4908 agnoscens
1846 4836 1918 4889 ita
1951 4835 2129 4905 loqui—

547 4950 637 4995 tur
667 4961 678 4995 :
708 4940 818 5009 Ego
844 4949 891 4993 te
914 4954 1043 5008 opus
1075 4936 1257 5002 habeo,
1285 4944 1332 4988 et
1370 4943 1425 4987 tu
1450 4934 1589 4987 venis
1625 4931 1693 4985 ad
1719 4947 1799 4985 me
1819 4931 1884 4986 ’°.
1915 4928 2119 4983 Deinde

545 5046 672 5089 cum
706 5032 971 5086 dixisset:
1007 5029 1134 5083 Sine
1174 5027 1351 5090 modo,
1377 5036 1432 5079 ut
1462 5025 1743 5093 impleatur
1770 5023 1938 5076 omnis
1963 5022 2131 5090 justi-

546 5128 659 5189 tia;
684 5134 738 5179 et
760 5127 826 5176 ah
850 5123 942 5176 illo
966 5122 1274 5191 baptizatus
1306 5125 1472 5183 esset,
1497 5116 1740 5170 divinum
1768 5118 1933 5170 relert
1959 5116 2126 5167 Evan-

546 5219 746 5289 gelium
786 5214 1050 5268 Joannem
1096 5212 1182 5267 his
1218 5210 1401 5265 verbis
1440 5208 1813 5263 testimonium
1861 5205 2124 5261 dedisse:

549 5311 810 5378 Quoniam
851 5306 1018 5375 aperti
1051 5312 1173 5358 sunt
1200 5302 1336 5365 carli,
1378 5311 1427 5355 et
1458 5299 1562 5355 vidi
1592 5297 1851 5369 Spiritum
1886 5310 2128 5351 sanctum

550 5406 604 5458 in
649 5402 817 5468 specie
864 5400 1121 5452 columba:
1170 5396 1584 5454 descendentem,
1638 5401 1687 5445 et
1738 5391 2024 5444 venientem
2073 5391 2126 5442 in

553 5496 803 5565 ipsum“.
844 5491 912 5545 Et
944 5506 1042 5545 vox
1069 5489 1132 5543 de
1167 5490 1295 5542 cwlo
1327 5504 1343 5541 :
1384 5485 1487 5539 llic
1517 5495 1594 5538 est
1645 5484 1821 5537 Filius
1868 5499 2013 5536 mens
2055 5482 2133 5533 di-

554 5591 738 5651 lectus,
783 5588 837 5640 in
873 5600 973 5655 quo
1009 5582 1137 5635 mihi
1170 5581 1461 5649 complacni
1488 5580 1553 5634 η.
1585 5576 1716 5630 Erat
1749 5584 1863 5630 tum
1904 5576 1957 5628 in
1990 5575 2130 5628 ctelo

633 5712 647 5739 ‘
687 5706 879 5762 Matth.
912 5722 969 5761 ι.
1000 5705 1088 5758 90.
1168 5706 1187 5737 ²
1228 5704 1342 5772 Agg

614 5780 772 5832 Joan.
800 5791 933 5838 .\'\'I|,
961 5774 1045 5828 10.
1126 5774 1149 5804 ⁸
1179 5766 1403 5835 Ιςειξίι,
1434 5774 1502 5836 5;
1542 5770 1731 5823 Matth.
1761 5786 1841 5834 ιιι,
1880 5770 1932 5822 5.
2010 5768 2030 5798 ⁹
2071 5766 2123 5819 LI

2238 5768 2401 5840 ".28
2431 5786 2550 5840 sqq.

555 5848 812 5906 "Matth.
845 5862 927 5911 ιιι,
962 5846 1047 5903 I7.
1128 5844 1170 5875 ”
1208 5841 1268 5898 Ρ.
1308 5842 1465 5914 ὁμοῦ,
1519 5855 1619 5913 pro
1668 5842 1823 5905 ὅπου,
1869 5840 1949 5895 vel
1982 5853 2219 5911 expung.
2254 5838 2381 5911 γὰρ.

2231 4578 2349 4623 του,
2394 4560 2486 4613 καὶ
2530 4561 2757 4631 ἐσκίρτα
2776 4580 2788 4591 ·
2814 4556 2859 4631 ᾧ
2884 4564 3038 4635 ἐδόθη
3069 4564 3129 4616 τὸ
3166 4566 3390 4636 μήνυμα
3416 4565 3509 4618 τοῦ
3541 4567 3810 4639 προκηρύ.

2233 4669 2461 4721 γματος,
2494 4654 2645 4723 καὶὴ
2686 4653 2975 4724 ὲτοιμασία
3016 4656 3115 4725 τῆς
3144 4655 3265 4709 ὁδοῦ
3294 4657 3386 4708 τοῦ
3427 4658 3652 4727 Κυρίου.
3686 4659 3818 4710 Πεί-

2235 4743 2392 4816 σθητι
2430 4745 2601 4815 αὐτῷ,
2633 4746 2727 4798 καὶ
2758 4747 2820 4799 οὐ
2852 4746 3133 4810 διαπέσοις
3164 4748 3271 4801 ἀπὸ
3310 4749 3403 4801 τοῦ
3441 4749 3647 4802 σκοποῦ
3684 4750 3812 4821 ἁλη-

2234 4836 2406 4901 θείας.
2450 4838 2581 4891 Ἰδοὺ
2610 4838 2721 4909 γὰρ
2748 4838 2910 4901 αὐτὸς
2946 4841 3215 4911 μαρτυρεί
3242 4840 3435 4908 λέγων,
3472 4841 3688 4912 πρῶτον
3719 4843 3817 4912 μὲν

2235 4930 2327 4982 τὸν
2355 4930 2633 5001 Δεσπότην
2661 4929 2854 4982 ἑαυτοῦ
2881 4932 3156 4997 ἐπιγνοὺς.
3188 4933 3268 4985 ὅτι
3291 4932 3443 5000 Ἐγὼ
3465 4934 3582 4986 σοῦ
3609 4937 3813 5002 χρείαν

2236 5022 2377 5091 ἔχων
2409 5023 2505 5075 καὶ
2541 5022 2623 5076 σὺ
2654 5024 2804 5091 ἕρκη
2837 5024 2987 5089 πρός
3017 5040 3115 5094 με.
3165 5026 3274 5078 Kal
3317 5024 3411 5077 τοῦ
3444 5027 3695 5098 Σωτῆρος
3726 5028 3825 5082 λέ-

2233 5131 2438 5182 γοντος·
2471 5116 2645 5183 Ἄφες
2680 5115 2835 5182 ἄρτι,
2874 5114 3035 5181 ὅπως
3074 5116 3363 5185 πληρωθῇ
3394 5118 3561 5172 πᾶσα
3594 5119 3830 5173 δικαιο-

2236 5207 2416 5273 σύνῃ’
2450 5207 2544 5258 xal
2586 5206 2753 5259 αὑτοῦ
2786 5206 3177 5276 βαπτισθέντος
3204 5208 3296 5261 ὑπ’
3325 5209 3512 5272 αὐτοῦ,
3561 5208 3637 5272 ὦς
3683 5227 3814 5280 φησι

2236 5298 2295 5351 τὸ
2322 5298 2461 5351 θεῖον
2491 5298 2841 5367 Εὑαγγέλιον,
2882 5299 2963 5351 ὅτι
3007 5298 3391 5370 ἐμαρτύρησεν
3436 5300 3690 5370 Ἰωάννης
3725 5302 3811 5353 λέ-

2237 5407 2369 5458 γων·
2405 5391 2535 5443 Ὀτι
2576 5392 2957 5461 ἠνοίχθησαν
2996 5395 3049 5445 οὶ
3081 5394 3349 5460 οὐρανοὶ,
3398 5394 3494 5446 καὶ
3541 5393 3813 5463 τεθέαμαι

2237 5480 2303 5534 τὸ
2337 5482 2580 5551 Πνεῦμα
2608 5483 2675 5535 τὸ
2704 5483 2876 5551 ἅγιον
2900 5484 2971 5537 ἐν
2989 5482 3133 5536 εῖδει
3160 5483 3514 5551 περιστερᾶς
3540 5492 3817 5554 κατερχό-

2233 5591 2442 5642 μενον,
2482 5574 2580 5627 zeal
2624 5575 2951 5645 ἐρχόμενον
2994 5576 3085 5628 ἐπ’
3126 5579 3333 5631 αὐτόν.
3388 5578 3495 5631 Καὶ
3541 5578 3711 5646 φωνὴ
3749 5581 3815 5630 ex

1352 5745 1363 5755 .
1404 5718 1460 5755 ιι.
1495 5701 1545 5753 6.
1627 5701 1646 5730 ³
1684 5698 1842 5752 Joan.
1886 5714 1940 5759 ιι,
1983 5697 2069 5749 50.

2230 5696 2395 5750 .lalth.
2453 5714 2644 5765 xxvnl,
2680 5698 2767 5752 19.
2844 5700 2864 5729 ⁵
2898 5696 3055 5751 Joan.
3087 5713 3197 5760 xw,
3228 5696 3318 5750 ‘28.
3398 5697 3418 5726 ‘
3447 5694 3603 5765 Joau.
3646 5713 3697 5755 ν,
3722 5698 3795 5749 ‘23

2667 5770 2708 5800 "
2743 5768 2934 5823 Matth.
2969 5781 3050 5835 ιιι,
3090 5768 3155 5822 il
3190 5784 3308 5839 sqq.
3387 5767 3426 5797 ¹¹
3461 5764 3619 5821 Joau.
3652 5782 3690 5826 ι.
3725 5768 3812 5859 52.
