4176 6386
356 420 489 477 1057

1010 415 1377 473 ADVERSUS
1418 415 1762 471 IUERESES
1799 416 1930 471 ΕΒ.

2080 414 2329 473 ΤΟἈΙΧΙ.
2373 448 2438 457 —
2476 417 2753 473 llAiRES.
2796 417 2954 477 LXII.

3492 416 3649 481 1038'

352 535 461 590 τοῦ
480 533 762 602 οἰφανοῦο
785 530 981 601 Οὗτός
1001 536 1174 589 ἐστιν
1201 538 1233 588 ὀ
1254 534 1386 600 Υἱός
1405 552 1526 603 μου
1556 537 1589 588 ὁ
1614 534 1936 606 ἀγαπητὸς.

2058 534 2241 598 Pater,
2268 536 2433 591 homo
2466 538 2990 603 contentiosissime,
3025 539 3374 612 indidetnque
3399 546 3502 597 vox
3536 543 3632 598 illa’

353 627 445 696 ἐφ’
479 626 553 679 ὃν
579 624 917 693 ηὑδόκησα·
967 625 1079 678 ἄνω
1118 621 1188 695 ἦν
1236 627 1264 678 6
1312 624 1526 695 Πατὴρ,
1569 618 1614 678 ὦ
1644 625 1935 693 φιλόνεικε,

353 716 561 770 ἀνωθεν
601 718 634 787 ἠ
681 716 835 787 φωνὴ
874 716 1097 787 ἤρχετο.
1151 718 1214 769 Et
1253 716 1434 770 τοίνυν
1460 715 1666 770 ἄνωθεν
1695 720 1728 788 ἠ
1764 720 1936 789 φωνὴ,

351 804 629 875 διάκρινον
670 822 761 875 μοι
808 804 907 875 τὴν
956 804 1488 876 παραπεποιημένην
1537 822 1630 857 σου
1676 805 1935 862 διάνοιαν.

352 897 472 948 Τίνι
508 896 539 947 6
580 896 770 967 Πατὴρ
822 896 1029 965 ἔλεγεν,
1068 892 1258 961 Οὗτός
1288 896 1460 949 ἐστιν
1499 899 1533 950 0'
1583 897 1713 963 Υἱός
1745 916 1864 967 μου
1894 902 1927 952 ό

352 986 679 1055 ἀγαπητὸς,
705 986 799 1056 ἐφ’
820 987 893 1040 ὃν
910 987 1262 1055 ηὐδόκησα;
1292 987 1403 1039 Ka‘t
1423 986 1505 1052 τίς
1530 983 1598 1059 ἦν
1626 982 1809 1054 οὗτοςς
1838 989 1939 1043 Διὰ

350 1080 404 1132 τί
435 1081 493 1134 δὲ
534 1083 592 1133 ὲν
643 1080 774 1134 εῖδει
824 1082 1157 1151 περιστερᾶς
1198 1081 1258 1133 τὸ
1306 1080 1531 1151 Πνεῦμα
1580 1080 1935 1152 κατελήλυθε,

354 1173 595 1240 καίτοιγε
625 1171 787 1242 σῶμα
821 1173 895 1243 μὴ
926 1173 1166 1242 φορέσαν
1192 1172 1252 1225 τὸ
1284 1170 1513 1243 Πνεῦμα
1540 1172 1603 1225 τὸ
1642 1172 1827 1241 ἆγιον;
1877 1174 1939 1227 '0

351 1262 462 1332 γὰρ
504 1261 812 1332 Μονογενὴς
872 1262 1032 1331 μόνος
1082 1262 1389 1321 ἐνεδύσατο,
1441 1262 1537 1316 καὶ
1585 1262 1806 1326 τελείως
1848 1263 1938 1313 ὲν-

354 1353 715 1426 ηνθρώπησεν
748 1354 857 1408 ἀπὸ
884 1354 1102 1425 Μαρίας
1126 1354 1228 1425 τῆς
1250 1354 1636 1427 ἀειπαρθένου,
1658 1354 1745 1407 διὰ
1767 1354 1940 1408 Πνεῦ-

358 1464 524 1516 ματος
551 1446 728 1515 ἁγίου·
761 1446 861 1499 οΰκ
881 1446 990 1499 ἀπὸ
1018 1447 1330 1517 σπέρματος
1360 1446 1569 1517 ἀνδρὸς,
1600 1447 1735 1501 ἁλλὰ
1759 1445 1937 1517 ἑαυτῷ

352 1536 806 1606 ἀναπλασάμενος
837 1537 866 1589 6
899 1537 1225 1607 ἅρχιτέχνας
1267 1537 1440 1605 Λόγος
1483 1538 1639 1607 σῶμα
1677 1538 1783 1591 ἀπὸ
1813 1539 1936 1591 Μα-

346 1627 498 1699 ρίας,
531 1629 622 1682 καὶ
659 1628 839 1701 ψυχὴν
876 1629 975 1700 τὴν
1024 1628 1392 1699 ἀνθρωπείαν,
1427 1631 1522 1683 καὶ
1556 1628 1700 1682 νοῦνο
1731 1630 1824 1684 καὶ
1856 1630 1936 1683 ἔτι

351 1719 500 1771 ἐστὶν
537 1718 849 1791 ἄνθρωπος,
898 1720 1078 1773 πάντα
1120 1720 1341 1784 τελείως
1381 1720 1799 1791 ἀναδεξάμενος,
1840 1721 1935 1775 καὶ

353 1809 661 1874 συνενώσας
700 1814 768 1883 τῇ
814 1810 1009 1865 ἑαυτοῦ
1049 1810 1283 1883 θεότητι·
1325 1812 1425 1882 οὐχ
1461 1812 1537 1875 ὡς
1576 1814 1633 1865 ὲν
1661 1811 1934 1883 ἀνθρώπῳ

349 1904 578 1974 οἰκήσας
630 1902 730 1975 (μὴ
769 1904 1063 1973 γένοιτοί),
1115 1903 1280 1968 αὐτὸς
1320 1904 1377 1957 δὲ
1422 1906 1452 1957 6
1495 1904 1649 1974 ἆγιος
1689 1904 1881 1973 Λόγος,
1906 1908 1936 1959 6
1966 1937 2009 1990 Β

348 1992 481 2057 Θεὸς
508 1993 682 2061 Λόγος
714 1994 873 2064 ὲνηνθ
883 1992 1126 2064 ρώπησε.

422 2101 511 2166 ς’.
548 2099 623 2153 Τὸ
651 2098 707 2152 δὲ
727 2098 953 2170 Πνεῦμα
976 2098 1082 2151 τίνι
1107 2097 1186 2170 τῷ
1200 2096 1344 2168 λόγῳ
1368 2098 1426 2151 ὲν
1455 2098 1583 2152 εῖδει
1607 2100 1937 2170 περιστερᾶς

350 2191 625 2261 φαίνεται,
659 2190 797 2245 ἀλλὰ
821 2191 970 2255 ὅπως
995 2190 1156 2262 πείσῃ
1187 2208 1245 2244 σε
1274 2190 1348 2263 μὴ
1373 2190 1731 2262 βλασφημεῖν,
1756 2185 1800 2244 ὦ
1819 2191 1937 2245 ἐθε-

350 2284 566 2354 λόσοφε,
619 2282 715 2336 καὶ
761 2282 926 2354 μηδὲν
971 2281 1338 2353 διανοούμενε,
1377 2284 1463 2336 ἵνα
1511 2282 1585 2354 μὴ
1616 2282 1845 2354 νομίσῃς
1876 2282 1936 2337 τὺ

350 2372 575 2443 Πνεῦμα
622 2370 947 2442 συναλοιφὴν
994 2366 1132 2424 εἶναι
1160 2370 1337 2444 Πατρὶ
1370 2373 1404 2444 ἢ
1446 2371 1594 2441 Υίῴ;
1628 2371 1726 2426 Διά
1756 2372 1934 2441 τοῦτο,

350 2463 553 2533 καίπερ
600 2462 767 2515 αὑτοῦ
821 2461 916 2515 τοῦ
961 2462 1282 2533 Πνεῦματος
1341 2462 1434 2515 τοῦ
1481 2463 1636 2531 ἁγίου
1675 2463 1834 2535 σῶμα
1859 2465 1935 2538 μὴ

350 2554 699 2623 φορέσαντος,
738 2554 793 2605 ὲν
820 2554 949 2608 εἴδει
983 2555 1313 2625 περιστερᾶς
1340 2555 1756 2625 σχηματίζεται,
1787 2557 1938 2621 ὅπως

348 2644 498 2716 δείξῃ
532 2661 626 2697 σου
653 2645 747 2698 καὶ
776 2642 971 2715 ἐλέγξῃ
1018 2661 1113 2698 σου
1140 2645 1239 2716 τὴν
1269 2646 1498 2716 πλάνην,
1524 2647 1607 2700 ὅτι
1637 2647 1936 2701 ὲνυπόστα-

349 2735 442 2788 τόν
473 2739 590 2788 ἐστι
619 2736 682 2788 τὸ
722 2736 952 2807 Πνεῦμα
1001 2736 1126 2790 καθ’
1159 2737 1339 2801 ἑαυτὸ,
1375 2739 1470 2791 καὶ
1513 2739 1877 2804 ὲνυπόστατος
1908 2742 1938 2794 6

352 2828 563 2898 Πατὴρ,
590 2828 687 2882 καὶ
725 2829 1087 2892 ὲνυπόστατος
1129 2830 1157 2882 6
1189 2830 1531 2900 Μονογενήςο
1560 2830 1674 2884 ἀλλ’
1699 2832 1760 2884 οὐ
1793 2831 1935 2884 διαι-

352 2919 624 2990 ρουμένης
650 2920 749 2991 τῆς
777 2919 1054 2991 θεότητος,
1088 2919 1212 2974 οὔτε
1240 2920 1646 2993 ὑποϐεϐηκυίας
1682 2922 1782 2993 τῆς
1810 2924 1939 2975 ἑαυ-

349 3009 448 3078 τῆς
479 3008 656 3080 δόξης.
707 3009 819 3062 Καὶ
842 3011 994 3082 ὁρᾷς,
1043 3011 1161 3075 πῶς
1188 3011 1223 3082 ἡ
1260 3011 1430 3083 Τριὰς
1461 3012 1795 3083 ἀριθμεῖται,
1822 3013 1937 3067 Πα-

348 3101 475 3170 τρὸς
501 3100 599 3170 (δὲ)
632 3099 836 3154 ἄνωθεν
870 3101 1121 3172 βοῶντος,
1156 3100 1287 3155 Υίοῦ
1318 3104 1375 3157 ὲν
1416 3103 1654 3177 Ἰορδάνῃ
1691 3105 1939 3175 βαπτιζο-

351 3190 537 3259 μένου,
569 3190 889 3261 Πνεύματος
930 3190 988 3243 δὲ
1021 3191 1179 3260 ἁγίου
1205 3192 1266 3245 ὲν
1296 3191 1426 3245 εῖδει
1454 3193 1785 3264 περιστερᾶς
1812 3193 1937 3245 ἐπι-

2049 638 2293 680 venerat.
2353 628 2544 698 itaque
2592 630 2636 683 si
2676 631 2817 683 caelo
2861 631 3084 699 delapsa
3134 647 3235 686 vox
3287 640 3394 699 est,
3436 635 3629 689 falsam

2048 717 2195 770 illam
2234 726 2382 771 tuam
2421 730 2681 785 mentem,
2708 735 2913 786 quaeso,
2944 722 3177 777 discute.
3206 722 3435 777 Cuinam
3469 723 3632 782 Pater

2046 807 2151 862 ista
2201 809 2461 863 dicebat:
2490 809 2651 881 517
2699 810 2803 865 Hic
2844 820 2921 865 est
2961 809 3138 866 Filius
3179 831 3324 868 meus
3363 816 3634 872 dilectus?

2045 899 2155 954 Aut
2189 901 2313 969 quis
2367 902 2474 956 iste
2519 904 2737 957 demum
2772 904 2933 958 erat?
2967 903 3079 957 Cur
3122 904 3357 974 Spiritus
3406 917 3629 964 sanctus

2045 992 2218 1063 elligie
2265 994 2533 1048 columbae
2580 994 2769 1065 lapsus
2806 1005 2908 1059 est,
2941 1011 3061 1048 eum
3095 1000 3394 1065 praesertim
3426 1000 3629 1068 corpus

2048 1085 2274 1140 haberet
2320 1086 2565 1140 nullum?
2608 1087 2771 1142 Solus
2809 1088 2953 1142 enim
2989 1089 3040 1142 id
3073 1087 3395 1158 Unigenitus
3428 1090 3625 1156 induit,

2045 1176 2394 1247 perfecteque
2432 1193 2495 1232 ex
2533 1176 2704 1234 Maria
2736 1194 2951 1248 semper
2980 1180 3190 1249 virgine
3228 1196 3324 1250 per
3362 1179 3628 1251 Spiritum

2046 1277 2296 1323 sanctum
2332 1278 2585 1323 naturam
2639 1271 2876 1327 hominis
2926 1273 3240 1341 assumpsit.
3283 1272 3467 1344 Neque
3498 1280 3635 1330 vero'

2046 1375 2111 1415 ex
2140 1360 2284 1413 virili
2313 1376 2432 1414 eam
2462 1361 2671 1417 semine
2699 1363 2965 1431 Suscepit,
3005 1362 3099 1418 sed
3135 1379 3337 1433 corpus
3365 1366 3467 1420 sibi
3501 1362 3637 1421 arti?

2046 1451 2130 1506 fex
2159 1450 2399 1507 Verbum
2426 1470 2461 1508 e
2489 1451 2659 1507 Maria
2706 1454 2882 1519 finxit,
2920 1470 3134 1509 necnon
3175 1456 3468 1511 humanam
3508 1460 3627 1513 ani-

2045 1558 2188 1596 mam
2218 1558 2282 1597 ac
2331 1552 2567 1598 mentem
2600 1562 2614 1598 :
2642 1546 2981 1616 proindeque
3002 1547 3299 1601 etiamnum
3328 1547 3625 1615 homoest,

2043 1635 2138 1705 qui
2186 1636 2407 1706 propria
2459 1635 2697 1692 hominis
2731 1637 2914 1691 omnia
2944 1638 3185 1708 perfecte
3214 1639 3267 1692 in
3304 1655 3425 1695 sese
3452 1648 3631 1697 trans-

2044 1726 2188 1791 tulit,
2221 1741 2286 1782 ac
2314 1741 2438 1781 cum
2477 1742 2577 1782 sua
2604 1728 2892 1783 divinitate
2913 1728 3219 1797 conjunxit.
3252 1728 3370 1784 Non
3406 1732 3486 1787 sic
3514 1740 3630 1786 tan-

2042 1832 2206 1888 quam
2256 1818 2313 1872 in
2340 1818 2561 1874 homine
2612 1818 2879 1875 duntaxat
2915 1819 3190 1886 habitans,
3255 1821 3420 1892 (absit
3454 1830 3513 1877 ut
3552 1824 3627 1878 ita

2041 1907 2460 1979 suspicemur!)
2524 1910 2619 1966 sed
2671 1918 3085 1966 sacrosanctum
3135 1911 3313 1981 ipsum
3363 1912 3626 1981 Verbum,

2038 1998 2205 2063 Deus,
2235 2000 2483 2070 inquam,
2508 1999 2747 2056 Verbum
2783 2002 3059 2057 hominem
3096 2019 3157 2058 se
3192 2003 3340 2059 fecit.

2112 2089 2199 2145 Vl.
2223 2090 2339 2146 Jam
2372 2090 2610 2162 Spiritus
2639 2100 2862 2148 sanctus
2884 2108 3044 2163 quam
3066 2094 3281 2149 tandem
3302 2096 3373 2150 ob
3399 2111 3626 2153 causam

2037 2186 2217 2253 specie
2248 2200 2310 2240 se
2338 2185 2606 2239 columba:
2635 2185 2928 2239 videndum
2976 2186 3241 2251 exhibuit,
3286 2188 3391 2242 nisi
3438 2198 3497 2243 ut
3528 2189 3627 2244 tibi

2036 2276 2318 2345 sapientia:
2348 2274 2610 2346 opinione
2637 2276 2844 2342 inﬂato,
2874 2293 3051 2348 neque
3093 2279 3390 2349 quidquam
3409 2282 3627 2337 intelli-

2037 2367 2206 2437 genti,
2237 2367 2374 2421 nihil
2414 2365 2468 2421 in
2498 2364 2667 2421 Deum
2712 2368 3108 2423 contumeliose
3148 2368 3462 2438 jaciendum
3501 2387 3627 2428 esse

2039 2458 2294 2514 suaderet
2326 2473 2341 2511 :
2375 2466 2435 2513 ut
2471 2473 2542 2514 ne
2569 2458 2833 2529 Spiritum
2866 2475 2991 2513 cum
3023 2458 3185 2516 Patre
3210 2460 3457 2533 Filioque
3492 2479 3629 2519 con-

2038 2546 2376 2603 fundendum
2406 2564 2532 2605 esse
2561 2549 2864 2606 crederes?
2890 2549 3204 2621 Propterea,
3236 2553 3361 2607 licet
3386 2553 3626 2623 Spiritus

2038 2650 2263 2697 sanctus
2297 2641 2446 2696 nullo
2479 2649 2623 2698 esset
2657 2657 2889 2712 corpore
2934 2644 3215 2714 praaditus,
3258 2645 3327 2699 ad
3358 2647 3625 2701 columbas

2038 2741 2217 2787 tamen
2247 2732 2477 2804 efﬁgiem
2526 2750 2648 2790 sese
2696 2733 3082 2801 conformavit,
3115 2751 3226 2806 quo
3273 2746 3426 2791 tuum
3459 2737 3625 2791 nimi-

2037 2839 2159 2878 rum
2182 2832 2237 2879 et
2263 2825 2615 2894 patefaceret,
2658 2834 2713 2881 et
2756 2828 3109 2882 convinceret
3159 2842 3422 2894 errorem,
3459 2829 3626 2898 idque

2038 2916 2217 2986 ipsum
2255 2916 2592 2981 ostenderet,
2624 2926 2817 2987 suapte
2845 2920 3149 2975 consistere
3178 2934 3410 2989 persona
3449 2919 3626 2991 Spiri-

2038 3012 2177 3069 tum,
2210 3015 2405 3074 suapte
2450 3006 2581 3061 item
2620 3022 2854 3076 persona
2900 3006 3138 3074 Patrem,
3186 3023 3251 3064 ac
3296 3018 3488 3079 suapte
3526 3026 3627 3080 po-

2038 3103 2241 3151 stremo
2264 3096 2480 3154 Filium.
2510 3096 2602 3153 Sic
2626 3105 2684 3152 ut
2710 3114 2818 3153 non
2844 3099 2966 3154 ideo
2989 3100 3165 3155 divisa
3190 3115 3312 3157 esse
3340 3100 3622 3164 divinitas,

2043 3194 2138 3241 aut
2166 3189 2483 3258 depressum
2513 3189 2719 3260 aliquid
2757 3190 2811 3243 in
2840 3191 2960 3261 ejus
2993 3192 3188 3262 gloria,
3213 3201 3375 3263 atque
3396 3194 3626 3251 inferius

349 3278 673 3347 φοιτῶντος;
701 3279 845 3347 Λέγε
874 3278 931 3332 δέ
969 3295 1058 3350 μοι
1091 3278 1175 3342 τίς
1201 3280 1351 3333 ἐστιν
1406 3282 1435 3334 6
1478 3279 1749 3352 εἰρηκὼς,
1795 3280 1936 3335 Ἰδοὺ

2044 3294 2167 3335 esse
2195 3278 2499 3350 putandum
2525 3281 2616 3335 sit.
2646 3280 3071 3345 Animadvertis,
3116 3282 3335 3353 opinor,
3362 3285 3626 3353 quemad-

347 3372 609 3437 συνήσει
624 3375 657 3425 ὀ
674 3371 821 3439 Παῖς
837 3389 959 3442 μου
983 3374 1017 3426 ό
1035 3371 1368 3442 ἀγαπητὸς,
1391 3372 1483 3441 ἐφ’
1502 3372 1575 3425 ὃν
1598 3371 1936 3440 ηὐδόκησα,

348 3465 422 3517 ὃν
452 3463 786 3532 ᾐρέτισενή
804 3464 976 3534 ψυχή
1000 3483 1141 3534 μου.
1164 3463 1436 3534 Θήσυμαι
1458 3463 1525 3517 τὸ
1556 3462 1801 3533 Πνεῦμα
1813 3480 1936 3533 μου

346 3556 439 3608 ἐπ’
461 3557 668 3622 αὑτὸν,
718 3557 820 3611 καί
876 3558 1078 3626 κρίσιν
1139 3556 1266 3624 τοῖς
1305 3558 1547 3611 ἔθνεσιν
1593 3556 1935 3627 ἀπαγγελεῖ.

352 3650 473 3701 Οὐκ
504 3647 710 3714 ἐρίσει,
745 3646 889 3702 οὐδὲ
910 3646 1260 3718 κραυγάσει·
1295 3646 1439 3701 οὐδὲ
1479 3646 1937 3714 ἀκουσθήσεται

347 3740 417 3790 ὲν
436 3739 748 3805 πλατείαις
775 3742 814 3809 ἡ
846 3741 1016 3810 φωνὴ
1054 3739 1261 3795 αὐτοῦ.
1285 3739 1579 3822 Κάλαμονό
1596 3753 1939 3808 συντετριμ-

343 3831 533 3898 μένον
563 3834 635 3885 οὺ
668 3830 963 3896 κατεάξει,
1010 3834 1109 3887 καὶ
1135 3833 1312 3886 λίνον
1339 3833 1681 3901 τυφόμενον
1706 3834 1777 3885 οὺ
1801 3831 1938 3885 σϐέ-

349 3937 465 3985 σει,
489 3920 600 3986 ἓως
624 3920 700 3974 ἂν
756 3920 979 3987 ἐκϐάλῃ
1024 3923 1112 3987 είς
1154 3921 1323 3988 νῖκος
1349 3922 1465 3991 τὴν
1493 3922 1718 3989 κρίσιν,
1749 3923 1842 3975 καὶ
1868 3921 1938 3976 τὰ

351 4012 479 4084 ἑξῆς
511 4031 525 4076 ;
560 4014 652 4085 Μὴ
698 4013 763 4083 δὴ
802 4013 975 4066 ταῦτα
996 4015 1220 4067 δύναται
1246 4014 1389 4084 ἔχειν
1424 4013 1660 4084 ἔμφασιν
1683 4014 1931 4085 Τριάδος,

348 4097 394 4155 ὦ
426 4103 695 4171 φιλόνεικε
716 4120 731 4169 ;
749 4099 897 4174 τΛρα
924 4104 1052 4174 περὶ
1072 4101 1239 4155 αὑτοῦ
1261 4106 1289 4155 6
1311 4103 1500 4173 Πατὴρ
1520 4102 1589 4154 τὰ
1618 4102 1857 4155 τοσαῦτα.
1878 4104 1937 4157 ὲν

350 4194 428 4266 τῷ
444 4196 702 4267 προφήτῃ
725 4193 967 4265 διεξῆλθε
988 4211 1002 4259 ;
1022 4195 1117 4258 Τίς
1138 4193 1194 4247 δέ
1222 4196 1337 4247 ἐστι
1361 4193 1491 4264 περὶ
1508 4185 1569 4245 οῦ
1584 4194 1901 4267 γέγραπται
1917 4234 1934 4261 ,

2041 3367 2262 3422 modum
2308 3367 2548 3423 Trinitas
2607 3368 2724 3437 ipsa
2770 3377 3108 3434 numeretur,
3139 3386 3262 3424 cum
3304 3380 3361 3427 et
3391 3370 3551 3426 Pater
3593 3389 3627 3427 e

2040 3460 2180 3514 caelo
2216 3458 2438 3524 clamat,
2480 3466 2536 3514 et
2582 3458 2751 3515 Filius
2784 3460 2837 3514 in
2866 3458 3106 3516 Jordane
3142 3462 3389 3533 tingitur,
3419 3474 3473 3519 et
3504 3464 3598 3535 Spi
3636 3490 3639 3497 -

2041 3552 2183 3607 ritus
2213 3557 2438 3605 sanctus
2467 3552 2648 3621 specie
2701 3552 2967 3608 columbae
3022 3554 3314 3610 delabitur.
3355 3554 3472 3617 Dic,
3532 3572 3628 3612 scr-

2040 3644 2158 3705 des.
2204 3643 2328 3714 quis
2362 3650 2447 3698 est
2481 3644 2571 3697 ille
2617 3644 2708 3713 qui
2761 3645 2939 3700 dixit:
2970 3645 3102 3700 Ecce
3151 3646 3404 3716 i.ttelliget
3447 3645 3623 3702 Filius

2040 3755 2187 3793 meus
2220 3737 2464 3801 dilectus,
2497 3737 2554 3791 in
2598 3754 2699 3808 quo
2752 3739 2880 3791 mihi
2916 3738 3228 3803 complacui,
3274 3756 3424 3811 quem
3466 3741 3623 3812 elegit

2040 3832 2220 3885 anima
2274 3848 2411 3886 mea.
2454 3829 2655 3884 Ponam
2695 3829 2951 3899 Spiritum
2988 3848 3161 3887 meum
3202 3848 3359 3901 super
3413 3836 3620 3902 ipsum,

2038 3929 2090 3974 et
2119 3919 2383 3990 judicium
2413 3919 2652 3989 gentibus
2690 3920 2977 3975 nuntiabit.
3016 3919 3138 3975 Non
3178 3922 3491 3989 contendet,
3533 3941 3624 3978 ne-

2038 4026 2136 4081 que
2170 4011 2444 4074 clamabit,
2474 4027 2567 4065 nec
2609 4011 2856 4064 audietur
2893 4012 2949 4064 in
2987 4011 3174 4081 plateis
3210 4027 3309 4066 eoa:
3346 4014 3479 4083 ejus.
3516 4013 3624 4071 Ca-

2041 4104 2240 4157 lamum
2295 4104 2581 4157 contritum
2629 4118 2734 4156 non
2775 4102 3104 4172 confringet,
3154 4112 3204 4157 et
3250 4105 3415 4158 linum
3462 4106 3625 4175 fumi-

2038 4211 2169 4266 gans
2217 4210 2321 4247 non
2373 4194 2701 4264 exstinguet,
2764 4192 2926 4247 donec
2978 4195 3187 4247 emittat
3238 4195 3293 4248 in
3348 4197 3622 4252 victoriam

350 4282 537 4341 Εἶπεν
560 4289 592 4339 ό
618 4288 836 4355 Κύριος
875 4285 954 4351 τῷ
1006 4286 1202 4353 Κυρίῳ
1228 4302 1348 4354 μου
1375 4301 1387 4312 ·
1415 4283 1614 4339 Κάθου
1634 4285 1703 4337 ἑκ
1722 4284 1936 4349 δεξιῶν

2040 4286 2293 4355 iudicium
2327 4286 2369 4349 ί,
2401 4286 2525 4339 etc?
2560 4284 2817 4355 Nunquid
2848 4285 2937 4338 illa
2968 4285 3034 4339 ad
3060 4285 3621 4355 exprimendam-Tri.

345 4398 465 4448 μου
487 4396 507 4443 ;
534 4379 644 4432 Καὶ
675 4380 776 4432 οὐκ
800 4373 955 4431 εἶπεν
978 4393 990 4406 ·
1024 4376 1250 4431 Εἴσελθε
1294 4378 1376 4440 είς
1423 4376 1525 4447 ἐμέ
1551 4394 1564 4407 ·
1612 4377 1646 4448 ἢ
1673 4377 1835 4430 πάλιν
1860 4377 1937 4442 ὼς

350 4471 496 4540 λέγει
521 4470 581 4523 τὸ
607 4469 934 4538 Εὑαγγέλιον
956 4486 970 4499 ·
996 4468 1106 4523 Kal
1128 4466 1390 4535 ἀνῆλθεν
1414 4470 1500 4533 εἰς
1521 4466 1631 4521 τὸν
1652 4467 1933 4535 οὐρανὸν,

351 4564 451 4616 καὶ
478 4560 764 4617 ἐκάθισεν
788 4560 859 4614 ὲν
914 4559 1086 4626 δεξιᾷ
1126 4560 1235 4613 τοῦ
1274 4558 1505 4627 Πατρός
1529 4574 1542 4587 ’
1584 4559 1679 4612 καὶ
1719 4558 1935 4627 ἔρχεται

350 4656 532 4726 κρῖναι
559 4652 766 4717 ζῶντας
790 4652 886 4705 καὶ
907 4650 1161 4723 νεκρούςο
1184 4650 1217 4721 ἥ
1243 4650 1426 4713 πάλιν,
1449 4649 1565 4713 πῶς
1588 4650 1689 4703 οὐκ
1708 4648 1933 4703 ἔπεισάν

353 4763 414 4798 σε
445 4747 495 4798 οί
524 4746 616 4799 δύο
634 4745 826 4815 ἄνδρες
852 4745 902 4797 οἱ
925 4745 983 4797 ὲν
1015 4743 1204 4814 ἐσθῆσι
1226 4743 1445 4806 λευκαῖς
1473 4741 1775 4813 πεφηνότες
1795 4739 1934 4811 πρὸς

350 4838 477 4900 τοὺς
534 4835 780 4908 μαθητὰς
831 4836 1110 4899 εἰπόντες,
1164 4833 1410 4903 Ἄνδρες
1450 4832 1787 4898 Γαλιλαῖοι,
1870 4832 1929 4885 τί

350 4926 645 4993 ἑστήκατε
686 4928 775 4992 εις
818 4927 927 4981 τὸν
974 4925 1239 4997 οὐρανὸν
1282 4922 1687 4991 ἀτενίζοντες;
1744 4918 1935 4990 Οὗτος

366 5033 606 5102 Ἰησοῦς
633 5035 667 5086 ὁ
691 5032 790 5101 ἀφ’
829 5030 998 5101 ἡμῶν
1014 5033 1101 5097 εἰς
1130 5030 1241 5085 τὸν
1276 5028 1537 5099 οὐρανὸν
1562 5028 1935 5097 ἀναληφθεὶς

354 5141 545 5205 οὕτως
595 5139 931 5202 ἐλεύσεται,
977 5137 1058 5203 ὡς
1105 5136 1290 5190 αὐτὸν
1312 5134 1503 5188 εἴδετε
1526 5131 1935 5202 ἀναλαμϐανό-

350 5258 578 5312 tces-or;
605 5242 739 5295 Τίνα
785 5240 842 5293 δὲ
886 5238 1109 5291 ἔϐλεπεν
1145 5239 1174 5291 6
1201 5235 1466 5307 μακάριος
1501 5233 1792 5302 Στέφανος,
1844 5231 1931 5283 ὅτε

357 5346 544 5416 ἔλεγεν
567 5386 585 5413 ,
634 5345 782 5400 Ἰδοὺ
816 5343 931 5415 ἐγὼ
972 5342 1087 5413 ὁρῶ
1113 5342 1222 5396 τὸν
1249 5340 1508 5409 οὐρανὸν
1529 5336 1927 5409 ἀνεῳγμένον,

358 5448 456 5501 καί
481 5448 589 5502 τὸν
618 5446 755 5501 Υίὸν
782 5444 890 5499 τοῦ
914 5445 1226 5512 ἀνθρώπου
1254 5441 1485 5496 ἑστῶτα
1508 5442 1575 5496 ἐκ
1591 5441 1806 5505 δεξιῶν
1825 5440 1931 5495 τοῦ

360 5551 510 5605 Θεοῦ
534 5566 552 5615 ;
574 5550 645 5603 Σὺ
669 5549 745 5614 δὲ,
777 5541 824 5602 ὦ
873 5547 1016 5602 κατά
1054 5544 1231 5599 πάντα
1262 5544 1467 5610 ίδιῶτα,
1504 5545 1581 5616 μὴ
1616 5546 1814 5615 νοήσας
1831 5543 1930 5614 τὴν

361 5655 543 5726 φωνὴν
571 5654 679 5707 τῶν
707 5654 875 5723 ἁγίων
913 5650 1165 5723 Γραφῶν,
1212 5650 1435 5704 σεαυτὸν
1465 5648 1665 5721 μᾶλλον
1692 5646 1932 5717 ἔϐλαψας

437 5813 453 5843 ³
486 5812 585 5868 lsa.
619 5826 749 5876 χιιι,
786 5811 809 5864 1
843 5825 965 5880 sqq.

2038 4376 2265 4430 nitatem
2290 4376 2395 4428 vim
2420 4374 2621 4429 habere
2642 4375 2762 4438 tibi,
2792 4374 3072 4429 hominum
3099 4377 3619 4442 contentiosissime,

2036 4465 2329 4520 videntur?
2368 4466 2449 4519 An
2480 4466 2548 4521 de
2595 4481 2656 4521 se
2693 4473 2773 4521 tot
2815 4465 2905 4519 illa
2937 4468 3100 4521 Pater
3128 4466 3270 4536 apud
3298 4469 3618 4538 prophetam

2038 4556 2340 4612 disseruit?
2368 4558 2500 4627 Age,
2531 4557 2656 4627 quis
2702 4565 2786 4612 est
2828 4556 2919 4611 ille
2953 4556 3022 4611 de
3047 4572 3157 4626 quo
3193 4558 3457 4628 scriptum
3486 4567 3572 4614 est
3602 4577 3618 4613 ι

2040 4648 2190 4702 Dixit
2223 4647 2484 4702 Dominus
2521 4647 2745 4702 Domino
2775 4664 2887 4702 meo
2917 4663 2936 4701 :
2964 4646 3099 4702 Sede
3128 4665 3161 4701 a
3188 4647 3388 4715 dextris
3419 4651 3622 4704 meis'?

2038 4737 2158 4792 Non
2205 4738 2379 4792 dixit:
2433 4738 2492 4793 In
2540 4754 2626 4793 me
2664 4738 2809 4794 subi.
2855 4736 2962 4792 Aut
3005 4738 3135 4792 illud
3184 4755 3434 4803 rursum,
3474 4742 3621 4811 quod

2040 4832 2094 4886 in
2135 4832 2429 4902 Evangelio
2456 4831 2719 4901 scriptum
2759 4837 2845 4885 est
2877 4847 2890 4885 :
2926 4828 2995 4884 Et
3036 4831 3275 4883 ascendit
3319 4832 3373 4883 in
3410 4832 3619 4898 caelum,

2039 4930 2089 4974 et
2117 4919 2249 4974 sedit
2280 4919 2350 4974 ad
2380 4920 2652 4974 dexteram
2682 4918 2863 4973 Patris
2887 4919 2943 4983 ³;
2974 4927 3028 4974 et
3053 4926 3318 4975 venturus
3354 4929 3440 4975 est
3472 4922 3623 4992 judi-

2040 5025 2169 5065 care
2214 5011 2369 5067 vivos
2418 5020 2474 5066 et
2530 5017 2797 5066 mortuos.
2849 5009 3013 5080 518
3048 5008 3313 5065 Praeterea
3360 5026 3461 5066 cur
3510 5029 3622 5069 non

2040 5099 2272 5155 duorum
2298 5101 2514 5155 illorum
2550 5101 2788 5155 virorum
2838 5102 2933 5155 tibi
2972 5102 3265 5171 persuadet
3295 5091 3618 5170 auctoritas,

2039 5192 2133 5261 qui
2164 5191 2219 5246 in
2245 5191 2489 5246 vestibus
2517 5191 2657 5247 albis
2700 5201 3028 5262 apparentes
3058 5192 3134 5245 ita
3165 5192 3462 5263 discipulos
3486 5193 3620 5247 allo-

2039 5283 2153 5339 cuti
2188 5292 2318 5339 sunt
2352 5302 2367 5338 :
2408 5283 2519 5337 Viri
2572 5282 2819 5350 Galiltei,
2854 5283 2979 5353 quid
3026 5284 3181 5339 statis
3228 5285 3531 5353 aspicientes
3561 5286 3620 5339 in

2038 5373 2265 5431 calum?
2312 5372 2414 5428 llic
2464 5372 2642 5438 Iesus,
2694 5376 2783 5445 qui
2834 5385 3136 5445 assumptus
3182 5385 3260 5429 est
3308 5392 3341 5428 a
3380 5375 3520 5432 vobis
3564 5378 3620 5429 in

2038 5465 2258 5531 caelum,
2294 5466 2370 5519 sic
2408 5466 2572 5520 veniet
2616 5465 3059 5537 quemadmodum
3102 5466 3256 5520 illum
3288 5466 3493 5521 vidistis
3538 5484 3623 5523 at-

2038 5565 2304 5624 sumptum
2333 5556 2394 5610 ’ἲ
2423 5555 2723 5622 Quemnam
2776 5572 2907 5613 vero
2944 5557 3137 5614 beatus
3189 5556 3495 5628 Stephanus
3532 5559 3619 5613 ino

2040 5648 2316 5713 tuebatur,
2344 5664 2469 5704 cum
2506 5648 2712 5707 diceret
2740 5670 2751 5705 :
2797 5649 2931 5706 Ecce
2955 5667 3049 5722 ego
3083 5649 3228 5707 video
3264 5651 3451 5706 calum
3477 5666 3621 5719 aper-

1042 5809 1061 5839 ¹
1102 5804 1377 5871 PsaLctx,
1412 5809 1461 5859 1.
1538 5804 1559 5836 ³
1601 5802 1763 5859 Marc.
1808 5819 1918 5866 1m,
1950 5802 2035 5858 19.
2115 5803 2136 5835 ⁸
2165 5804 2288 5859 Act.
2322 5821 2364 5874 ι,
2402 5806 2487 5861 Η.
