4176 6386
569 361 705 415 10ῖὶ9

1949 365 2008 418 3.
2053 361 2394 420 EPIPHANII

3697 360 3868 413 1060

570 489 702 538 tum.
735 489 784 533 et
815 476 1013 531 Filium
1053 479 1279 532 hominis
1309 488 1536 532 stantem
1564 495 1596 531 α
1629 477 1830 531 dextris
1862 477 1956 531 Dei
1981 479 2042 532 ’ἲ
2072 475 2154 530 τη

2266 479 2350 530 καὶ
2395 478 2522 540 τοὺς
2558 477 2642 530 σοὶ
2695 477 3131 540 ὑπακούσαντας,
3175 476 3422 529 ἐκπεσὼν
3445 474 3542 544 τῆς
3572 475 3744 542 ἁγίας
3774 474 3875 526 πί-

569 587 716 633 vero,
762 572 914 626 rudis
967 572 1019 624 in
1049 572 1304 624 omnibus
1354 579 1517 639 atque
1562 570 1828 639 imperite,
1873 585 1972 622 nec
2015 570 2148 637 quid

2259 585 2426 630 στεως
2454 569 2550 638 τῆς
2578 568 2670 620 τοῦ
2698 567 2831 621 Θεοῦ
2862 567 3137 638 ἀληθείας.

570 682 737 722 sacra:
765 666 980 720 Littera:
1006 668 1296 735 loquantur
1334 667 1659 736 intelligens.
1687 667 2004 736 tibimetipsi
2039 681 2102 720 ac
2132 665 2243 720 tuis
2280 665 2746 720 auscultatoribus
2776 664 2949 733 magis
2993 661 3174 717 fraudi
3225 662 3400 727 fuisti,
3436 662 3564 718 dum
3597 677 3630 715 a
3659 675 3870 715 sacro-

570 768 759 812 sancta
789 760 986 814 divinae
1013 760 1260 815 veritatis
1286 760 1389 815 llde
1424 761 1639 830 longius
1658 760 1930 815 excidisti.

644 849 752 904 VII.
787 851 998 906 Etenim
1046 851 1224 921 reipsa
1269 851 1486 922 quidem
1537 852 1640 906 hoc
1691 852 1782 906 ille
1821 852 1957 906 dixit
1992 870 2006 906 :
2046 849 2159 918 Ego

570 959 686 996 sum
715 945 939 1011 primus,
960 953 1012 997 et
1047 961 1142 1013 ego
1172 947 1452 1011 posterior,
1485 953 1538 998 et
1576 954 1770 1012 prater
1811 959 1890 998 me
1939 961 2039 997 non
2079 954 2156 998 est

571 1037 711 1090 alius
742 1039 785 1090 '.
827 1035 1093 1091 Nimirum
1135 1039 1321 1107 plures
1367 1037 1440 1091 dii
1476 1052 1816 1106 nequaquam
1848 1038 2154 1102 exsistunt;

570 1127 666 1180 sed
699 1144 840 1182 unus
872 1128 1135 1182 duntaxat
1179 1129 1386 1198 primus
1419 1143 1483 1180 ac
1527 1127 1819 1198 posterior,
1851 1127 2033 1191 Pater,
2067 1127 2160 1182 Fi-

574 1220 679 1274 lius
705 1229 761 1273 et
791 1217 1026 1290 Spiritus
1065 1228 1311 1275 sanctus.
1344 1217 1461 1273 Non
1515 1228 1574 1273 ut
1615 1220 1868 1275 confusio
1908 1221 2154 1290 quaedam

573 1308 815 1366 Trinitas
863 1313 950 1364 illa
992 1312 1082 1375 sit,
1132 1320 1224 1365 aut
1253 1311 1321 1365 ab
1350 1313 1557 1366 unitate
1603 1328 1701 1367 sua
1747 1311 2015 1375 discreta;
2059 1313 2155 1367 sed

575 1400 734 1455 Pater
778 1418 904 1457 vere
936 1402 1130 1457 Filium
1179 1405 1397 1474 genuit;
1443 1412 1498 1459 et
1543 1402 1715 1459 Filius
1749 1421 1874 1460 vere
1919 1421 1948 1458 a
2000 1404 2159 1460 Patre

576 1493 822 1562 genitus,
873 1495 927 1548 in
966 1509 1196 1564 persona
1249 1510 1347 1550 sua
1398 1495 1727 1556 subsistens.
1781 1497 1921 1551 initii
1976 1497 2157 1551 omnis

573 1601 770 1653 expers
803 1600 865 1639 ac
901 1588 1182 1656 temporis.
1216 1587 1344 1641 Item
1390 1587 1629 1656 Spiritus
1676 1598 1902 1644 sanctus
1939 1605 1967 1643 a
1997 1588 2159 1643 Patre

574 1685 630 1730 ct
655 1676 810 1741 Filio,
839 1687 894 1732 et
923 1680 1108 1734 eadem
1135 1680 1417 1734 divinitate
1441 1679 1699 1750 praeditus
1727 1695 1756 1734 a
1787 1679 1946 1735 Patre
1971 1693 2158 1750 proce-

576 1769 658 1824 dit
681 1769 721 1832 ³,
747 1779 805 1824 et
833 1785 864 1823 a
892 1768 1026 1825 Filio
1054 1785 1271 1841 semper
1298 1771 1497 1841 accipit
1521 1770 1572 1834 ⁶;
1605 1786 1747 1825 unus
1776 1769 1918 1826 Dens
1949 1770 2157 1842 primus

576 1878 640 1916 ac
686 1864 978 1934 posterior.
1023 1863 1193 1920 Porro
1240 1865 1467 1919 alterius
1504 1865 1790 1934 cujusdam
1831 1863 2034 1934 negotii
2067 1860 2162 1915 ad-

576 1953 922 2010 ministrandi
945 1956 1140 2025 gratia,
1175 1963 1339 2026 atque
1375 1973 1442 2012 ex
1475 1957 1760 2026 ipsiusmet
1792 1956 1996 2012 Christi
2035 1972 2161 2025 per-

577 2060 713 2099 sona
759 2045 828 2100 ad
873 2062 997 2101 eum
1049 2047 1270 2102 modum
1307 2051 1545 2104 canitur.
1591 2050 1728 2104 Cum
1781 2058 1960 2104 autem
2002 2049 2162 2104 Jesns

574 2135 830 2192 Christus
853 2137 1113 2194 Dominus
1136 2150 1323 2195 noster
1355 2155 1726 2211 saepenumero
1758 2141 2041 2211 prophetis
2074 2156 2166 2210 ap-

579 2229 841 2296 paruerit,
866 2237 920 2284 et
943 2230 1232 2285 adventum
1260 2247 1417 2286 sunm
1449 2233 1803 2297 nuntiaverit,
1829 2247 1893 2288 ac
1915 2232 2162 2287 nonnulli

579 2319 802 2374 minime
841 2321 990 2374 illum
1036 2323 1356 2391 receperint,
1399 2325 1492 2393 qui
1547 2325 1777 2378 alterum
1828 2325 1950 2378 loco
1991 2325 2165 2395 ipsius

577 2419 981 2480 exspectarent.
1015 2411 1223 2466 Idcirco
1257 2416 1323 2468 ad
1369 2430 1463 2470 eos
1493 2417 1584 2484 qui
1615 2416 2032 2470 simulacrorum
2077 2431 2166 2470 su-

580 2501 996 2570 perstitionibus
1037 2502 1298 2572 implicati
1338 2513 1516 2565 erant,
1561 2521 1626 2560 ac
1659 2506 1885 2560 deorum
1926 2508 2168 2561 multitu-

587 2593 771 2647 dinem
837 2593 891 2646 in
947 2594 1130 2648 orbem
1168 2602 1439 2652 terrarum
1469 2595 1807 2660 invexerant,
1839 2613 1906 2653 ne
1946 2599 2164 2652 attoniti

578 2690 634 2734 ct
659 2683 976 2738 aberrantes
1003 2684 1256 2740 Israelita:
1289 2687 1752 2751 Amorrlneorum,
1777 2688 2162 2754 Chettaorum,

579 2776 1031 2839 Cliananaeortnn,
1057 2776 1485 2842 Pheresaeoruln,
1521 2779 1826 2842 Evaeorum,
1850 2779 2164 2848 (ζει-δεπο-

583 2879 726 2928 rum,
764 2863 1160 2932 Jebusazorum,
1193 2865 1544 2921 Arucasorum
1566 2909 1582 2932 ,
1637 2870 2059 2922 Assannaeorum
2090 2867 2167 2921 si-

581 2956 821 3010 mulacra
869 2958 1134 3021 colerent,
1182 2959 1640 3028 quemadmodum
1686 2960 2004 3029 praedictum
2058 2959 2163 3013 illis

583 3044 779 3100 luerat.
811 3044 1021 3116 Quippe
1042 3059 1094 3101 et
1117 3047 1448 3118 Beelphegor
1475 3048 1798 3116 adorarunt,
1825 3058 1880 3104 et
1903 3049 2163 3114 Chamos,

579 3145 634 3191 et
656 3137 952 3202 Astartcm,
977 3150 1031 3194 et
1061 3139 1365 3205 Mazuroth,
1398 3150 1452 3195 et
1485 3140 1702 3206 Neaste,
1727 3150 1785 3196 et
1821 3141 2161 3204 Beelzebath,
2191 3176 2232 3234 C

581 3238 886 3300 ctuti-raque
931 3233 1224 3286 simulacra
1273 3234 1536 3304 gentium.
1573 3233 1866 3303 Propterea
1903 3234 2163 3289 Dominus

583 3325 656 3376 ita
689 3325 900 3378 locutus
930 3335 1014 3378 est
1042 3343 1055 3378 :
1088 3324 1198 3394 Ego
1225 3342 1342 3378 sum
1381 3326 1471 3394 qui
1513 3342 1626 3377 sum
1660 3326 1713 3390 ';
1750 3324 1860 3395 Ego
1903 3342 2020 3378 sum
2049 3327 2164 3393 pri-

583 3430 699 3467 mus
729 3426 775 3468 et
801 3416 1061 3482 posterior
1083 3416 1126 3469 ⁸.
1165 3415 1286 3482 Quo
1333 3417 1455 3470 illos
1495 3415 1658 3486 519
1703 3416 1953 3472 conﬁctis
1984 3418 2164 3488 genti-

585 3505 716 3558 Zium
750 3505 946 3561 fabulis
990 3515 1290 3572 revocaret,
1328 3524 1450 3578 quae
1490 3510 1716 3563 deorum
1762 3509 2164 3566 multitudinem

585 3601 939 3649 venerantur.

654 3683 810 3749 Quod
863 3693 1043 3739 autem
1094 3685 1289 3741 Filium
1335 3687 1626 3743 Dominum
1676 3696 1929 3744 nostrum
1975 3689 2164 3746 Jesum

581 3775 862 3830 Christum
923 3778 1224 3831 venientem
1283 3779 1620 3850 repudiaturi
1673 3781 1872 3848 forent,
1928 3782 2043 3837 haec
2098 3783 2164 3837 ad

581 3866 800 3922 Iudaeus
826 3868 985 3922 verba
1013 3869 1138 3923 lecit
1163 3887 1174 3922 :
1205 3868 1314 3939 Ego
1336 3889 1454 3925 sum
1485 3873 1685 3939 primus
1707 3883 1756 3926 et
1781 3875 2096 3928 novissimus
2121 3875 2162 3928 '.

589 3957 801 4012 Primus
823 3959 1051 4021 scilicet,
1091 3961 1181 4029 qni
1212 3961 1318 4014 huc
1355 3977 1520 4018 carne
1560 3963 1818 4032 praditus
1847 3963 2084 4028 advenit,
2111 3971 2166 4019 et

584 4050 880 4105 novissime
911 4061 1172 4108 venturus
1208 4054 1456 4122 judicare
1494 4057 1644 4110 vivos
1673 4066 1727 4110 et
1759 4065 2024 4110 mortuos.
2061 4055 2162 4121 Qui

583 4141 802 4211 quidem
829 4145 883 4197 in
915 4159 1083 4200 cruce
1115 4161 1312 4214 passus
1356 4161 1420 4200 ac
1466 4147 1732 4216 sepultus,
1762 4157 1924 4216 atque
1963 4148 2165 4201 excita-

585 4242 677 4287 tus
725 4247 756 4287 a
802 4236 1053 4298 mortuis,
1093 4251 1221 4290 cum
1258 4235 1447 4292 eodem
1485 4252 1715 4307 corpore
1759 4238 1811 4291 in
1851 4238 2048 4292 cmlum
2081 4245 2166 4290 est

585 4322 820 4392 gloriose
873 4325 1188 4391 subvectus,
1233 4337 1289 4380 et
1337 4327 1402 4380 ad
1448 4342 1562 4382 suae
1601 4328 1903 4382 divinitatis
1934 4327 2163 4398 gloriam

585 4423 895 4484 cooptatus,
931 4431 996 4470 ac
1042 4432 1183 4470 novo
1231 4418 1519 4488 splendore
1564 4419 2023 4484 collustratus,ut
2069 4435 2164 4472 ne-

2331 844 2404 896 Z'.
2448 842 2592 914 Ἕφη
2648 842 2755 912 γὰρ
2785 840 2861 905 ὡς
2915 841 3133 912 ἀληθῶς
3156 855 3172 872 δ
3215 843 3356 912 Ἐγώ
3375 845 3490 913 ειμι
3523 848 3557 899 ό
3587 846 3860 914 πρῶτος.

2261 937 2359 990 καὶ
2407 935 2522 1004 ἐῃώ
2581 937 2698 1004 ειμι
2751 937 2785 988 ό
2823 935 2974 1005 μετὰ
3002 937 3208 1001 ταῦτα,
3247 938 3344 990 καὶ
3371 938 3673 1009 ,πλήν-μου
3735 944 3863 996 οὐκ

2260 1030 2436 1082 ἔστιν
2458 1029 2676 1096 ἕτερος.
2722 1029 2809 1094 Ὠς
2845 1029 3060 1100 ἀληθῶς
3092 1029 3200 1099 γὰρ
3223 1032 3325 1083 ούκ
3356 1033 3462 1084 εἰσὶ
3490 1033 3678 1086 πολλοῖ¹
3705 1035 3860 1099 θεοὶ,

2262 1119 2375 1172 ἀλλ’
2405 1114 2488 1183 εἷς
2513 1120 2644 1183 Θεὸς
2676 1123 2704 1174 6
2762 1121 3001 1192 πρῶτος,
3052 1123 3144 1175 καὶ
3167 1122 3196 1173 6
3231 1122 3370 1191 μετὰ
3405 1122 3594 1186 ταῦτα,
3632 1126 3862 1197 Πατὴρ,

2262 1211 2356 1262 καὶ
2397 1209 2542 1272 Υἱὸς,
2596 1211 2691 1263 καὶ
2741 1210 2894 1278 ἅγιον
2939 1211 3180 1282 Πνεῦμα,
3223 1214 3284 1264 οὐ
3313 1213 3604 1284 συναλοιφὴ
3635 1213 3782 1270 οὖσα
3825 1221 3860 1286 ὴ

2261 1302 2449 1372 Τριάς,
2482 1303 2602 1355 οὺδέ
2628 1303 2940 1376 διῃρημένη
2973 1307 3070 1374 τῆς
3106 1304 3305 1374 ἑαυτῆς
3333 1307 3679 1378 ταυτότητος,
3709 1310 3866 1362 ἀλλὰ

2262 1394 2449 1465 Πατὴρ
2480 1394 2693 1464 ἀληθῶς
2719 1397 2986 1464 γεννήσας
3015 1396 3161 1459 Υίὸν,
3203 1397 3300 1449 καὶ
3326 1397 3452 1461 Υίὸς
3486 1397 3705 1467 ἀληθῶς
3724 1417 3870 1467 75v-

2261 1485 2444 1554 v'qu‘tc;
2479 1489 2543 1539 ἐκ
2577 1486 2786 1558 Πατρὸς
2815 1487 3177 1550 ἐνυπόστατος
3193 1489 3444 1559 ἀνάρχως
3458 1491 3551 1542 καὶ
3574 1491 3866 1562 ἀχρόνως·

2261 1576 2354 1628 καὶ
2409 1577 2633 1646 Πνεῦμα
2691 1577 2846 1645 ἅγιον
2900 1577 3115 1646 ἀληθῶς
3161 1579 3228 1630 ἐκ
3287 1579 3500 1649 Πατρὸς
3542 1580 3640 1633 καὶ
3695 1581 3870 1646 Υίοῦ,

2261 1668 2360 1736 τῆς
2397 1667 2567 1736 αὐτῆς
2598 1667 2869 1738 θεότητος,
2909 1670 2974 1721 ἐκ
3007 1670 3220 1740 Πατρὸς
3273 1670 3730 1742 ἐκπορευόμενον,
3762 1677 3872 1727 καὶ

2262 1760 2358 1812 τοῦ
2391 1760 2520 1812 Υίοῦ
2578 1761 2854 1830 λαμϐάνον
2913 1763 3020 1824 ἀεὶ,
3075 1757 3154 1826 εἷς
3180 1762 3312 1826 Θεὸς
3348 1767 3378 1817 6
3415 1765 3650 1836 πρῶτος,
3686 1769 3791 1820 καὶ
3841 1771 3874 1820 6

2269 1852 2405 1921 μετὰ
2430 1851 2620 1908 ταῦτα.
2655 1853 2852 1916 Ἀλλης
2891 1853 2950 1906 δὲ
2991 1853 3150 1906 πάλιν
3197 1854 3360 1908 ἕνεκα
3387 1859 3726 1928 οἰκονομίας,
3762 1862 3876 1914 καὶ

2265 1943 2372 1995 ἀπὸ
2399 1943 2692 2014 προσώπου
2719 1945 2774 1996 δὲ
2802 1944 2970 1998 αὐτοῦ
3014 1945 3107 1998 τοῦ
3154 1947 3391 2016 Χριστοῦ
3431 1949 3612 2020 ᾅδεται
3654 1952 3873 2016 οὕτως.

2264 2035 2432 2087 Πάλιν
2480 2036 2668 2107 ἐπειδὴ
2702 2037 2961 2100 πολλάκις
3005 2039 3032 2090 6
3069 2036 3268 2108 Κύριος
3294 2040 3450 2110 ἡμῶν
3484 2041 3692 2112 Ἰησοῦς
3721 2046 3769 2096 Χ
3782 2063 3878 2113 ρι-

2265 2125 2388 2190 στὸς
2433 2127 2643 2198 πέφηνε
2703 2131 2816 2192 τοῖς
2864 2131 3194 2200 προφήταις,
3234 2133 3329 2184 καὶ
3385 2135 3714 2204 κατήγγειλε
3759 2138 3874 2207 τὴν

2265 2219 2458 2273 ἐαυτοῦ
2497 2222 2795 2294 παρουσίαν
2836 2222 3078 2284 ἔσεσθαι,
3117 2225 3260 2288 τινὲς
3305 2225 3364 2278 δὲ
3403 2227 3563 2279 αὐτὸν
3598 2228 3703 2281 ούκ
3736 2230 3874 2282 ἐδέ-

2265 2311 2444 2377 ξαντο,
2471 2311 2880 2382 προσδοκῶντες
2929 2314 3113 2383 ἕτερον
3150 2315 3266 2366 ἀντ’
3302 2315 3491 2370 αὐτοῦ.
3551 2317 3663 2370 Καὶ
3719 2321 3876 2388 πρὸς

2269 2399 2368 2468 μὲν
2397 2399 2520 2462 τοὺς
2569 2399 2971 2470 δεισιδαίμονας
3001 2401 3111 2453 τῶν
3147 2403 3406 2466 εἰδώλων,
3439 2405 3532 2459 καὶ
3561 2405 3878 2460 πολυθεῖαν

2265 2491 2341 2561 τῷ
2371 2495 2559 2563 κόσμῳ
2597 2493 3010 2563 εἰσαγηοχότας,
3045 2495 3132 2548 ἵνα
3165 2494 3242 2566 μὴ
3272 2496 3637 2565 ἐκπλαγέντες
3671 2501 3722 2551 oi
3753 2504 3878 2554 υἱοὶ

2278 2585 2313 2637 Ἰ
2323 2584 2514 2655 σραὴλ,
2541 2584 2634 2636 καὶ
2648 2586 3035 2657 ἐκτραπέντες,
3062 2587 3130 2640 τὰ
3149 2586 3342 2640 εἴδωλα
3363 2588 3470 2641 τῶν
3487 2589 3878 2663 Ἀμορραίων,

2267 2678 2359 2729 καὶ
2395 2677 2694 2740 Χετταίων,
2730 2679 2824 2731 καὶ
2872 2679 3214 2742 Χαναναίων,
3260 2681 3356 2732 καὶ
3387 2681 3718 2753 Φερεζαίων,
3766 2689 3878 2739 καὶ

2266 2769 2500 2833 Εὐαίων,
2524 2769 2620 2822 καὶ
2641 2769 3007 2840 Γεργεσαίων,
3038 2771 3130 2822 καὶ
3158 2771 3517 2837 Ἰεϐουσαίων,
3541 2776 3635 2827 καὶ
3670 2776 3880 2845 Ἀρου-

2268 2859 2457 2923 καίων,
2480 2860 2575 2912 καί
2624 2862 2990 2914 Ἀσσανναίων
3017 2865 3493 2935 προσκυνήσωσιν,
3527 2865 3602 2926 ὡς
3629 2868 3729 2919 καὶ
3761 2870 3879 2921 αύ-

2267 2954 2376 3014 τοῖς
2395 2951 2818 3022 προεφητεύετο.
2844 2954 3265 3025 Προσεκύνησαν
3289 2955 3396 3027 γὰρ
3413 2956 3490 3026 τῷ
3510 2955 3803 3026 Βεελφεγὼ
3813 2978 3878 3029 ρ,

2267 3047 2360 3095 καὶ
2378 3043 2454 3112 τῷ
2479 3043 2705 3114 Χαμῶς,
2735 3045 2909 3115 καὶ.τῇ
2946 3045 3238 3118 Ἀσταρτῃ,
3266 3047 3358 3099 καὶ
3381 3051 3492 3110 τοῖς
3522 3048 3874 3120 Μαζουρὼϐ,

2267 3134 2360 3186 καὶ
2402 3138 2513 3198 τοῖς
2556 3135 2808 3200 Νεασθῶ,
2859 3137 2952 3189 καὶ
2990 3136 3067 3206 τῷ
3102 3135 3425 3203 Βεελζεόἀθ,
3463 3141 3700 3202 καὶτοῖς
3745 3142 3879 3195 λαι-

2269 3228 2386 3288 ποῖς
2420 3226 2655 3290 εἰδώλοις
2678 3228 2788 3280 τῶν
2815 3228 3010 3281 ἐθνῶν.
3051 3228 3141 3282 Διὸ
3171 3229 3265 3281 καὶ
3288 3229 3473 3297 ἔλεγεν
3499 3231 3657 3293 αὐτὸς
3686 3233 3717 3282 6
3745 3234 3880 3286 Κύο

2267 3337 2381 3389 ριος
2404 3331 2421 3349 ⁶
2451 3318 2596 3388 Ἐγώ
2623 3323 2737 3389 ειμι
2761 3325 2793 3374 ὀ
2821 3321 2937 3374 ὧν·
2983 3321 3130 3390 Ἐγὼ
3169 3325 3202 3376 ὀ
3227 3323 3480 3390 πρῶτος,
3516 3325 3610 3378 καὶ
3638 3327 3671 3377 ὁ
3703 3329 3880 3394 μετὰ

2266 3410 2452 3463 ταῦτα
2476 3427 2488 3439 °
2515 3412 2599 3464 ἴνα
2652 3412 2850 3475 αὐτοὺς
2899 3413 3222 3486 ἀποστρέψῃ
3262 3414 3362 3484 τῆς
3393 3415 3502 3468 τῶν
3542 3414 3877 3485 ἐθνομύθων

2266 3500 2493 3572 πλάνης,
2533 3503 2642 3555 τῶν
2671 3503 3121 3574 προσκυνούντων
3149 3507 3250 3576 τὴν
3278 3505 3587 3560 πολυθεῑαν.

2337 3675 2445 3726 Καὶ
2478 3676 2662 3748 ἐπειδὴ
2691 3677 2913 3748 ἔμελλον
2949 3680 3050 3750 τὴν
3077 3683 3382 3752 παρουσίαν
3412 3683 3575 3736 αὐτοῦ
3600 3684 3695 3737 τοῦ
3725 3687 3874 3741 Υίοῦ

2267 3764 2601 3818 ἀπωθεῖσθαι
2650 3767 2744 3820 τοῦ
2781 3768 2980 3840 Κυρίου
3029 3771 3185 3841 ἡμῶν
3229 3773 3404 3842 Ἰησοῦ
3450 3774 3708 3844 Χριστοῦ,
3749 3776 3872 3848 ἔφη

2268 3859 2403 3927 πρὸς
2426 3859 2550 3922 τοὺς
2600 3860 2886 3924 Ἰουδαίους
2911 3877 2925 3890 ·
2997 3864 3145 3933 Ἐγώ
3168 3868 3289 3934 εἰμι
3338 3870 3372 3920 ό
3415 3867 3664 3935 πρῶτος,
3694 3872 3798 3922 καὶ
3827 3875 3870 3924 ό

2260 3950 2410 4018 μετὰ
2437 3951 2640 4005 ταῦτα.
2682 3951 2738 4004 '0
2773 3954 2986 4024 πρῶτος
3024 3959 3081 4009 ἐν
3119 3958 3282 4028 σαρκὶ⁸
3311 3959 3678 4030 ἐπιδημήσας,
3710 3962 3811 4014 καὶ
3833 3962 3870 4014 6

2271 4043 2408 4110 μετὰ
2435 4041 2609 4095 ταῦτα
2636 4043 2962 4113 ἐρχόμενος
2988 4047 3180 4115 κρῖναι
3213 4046 3434 4116 ζῶντας
3455 4050 3551 4103 καὶ
3577 4055 3865 4120 νεκρούς-⁸

2267 4131 2358 4183 ἐπὶ
2378 4131 2454 4201 τῷ
2491 4133 2708 4204 σταυρῷ
2747 4135 3051 4202 πεπονθὼς,
3083 4139 3178 4192 καὶ
3224 4140 3440 4208 ταφεὶς,
3471 4139 3565 4192 καὶ
3589 4141 3865 4208 ἀναστὰς,

2266 4223 2323 4274 ἐν
2355 4222 2479 4294 δόξῃ
2511 4224 2612 4293 μὲν
2663 4226 2721 4278 ἐν
2775 4227 2924 4298 αύτῷ
2966 4229 3044 4300 τῷ
3112 4230 3325 4301 σώματι
3363 4232 3716 4304 ἀναληφθεὶς,
3777 4238 3868 4300 εἰς

2266 4312 2423 4377 δόξαν
2473 4315 2530 4368 δέ
2567 4315 2668 4386 τῆς
2723 4317 2889 4371 αὑτοῦ
2939 4321 3189 4391 θεότητος
3223 4323 3532 4390 ἑνωθέντος,
3581 4325 3677 4378 καὶ
3727 4345 3866 4396 φαι-

2267 4401 2610 4473 δρυνθέντος,
2655 4407 2750 4459 καὶ
2777 4409 2979 4478 μηκέτι
3015 4411 3121 4464 ὑπὸ
3150 4412 3293 4484 ἁφὴν
3321 4414 3708 4484 ἐμπίπτοντος,
3741 4420 3868 4473 νυνὶ

583 4515 1101 4576 quecontrectetur
1149 4511 1405 4579 amplius,
1459 4527 1639 4580 neque
1704 4520 1934 4565 mortem
1985 4510 2160 4580 possit

2271 4495 2467 4563 μηκέτι
2492 4495 2723 4551 θανάτου
2755 4501 3096 4571 μετέχοντος.
3147 4505 3394 4573 Ἀνέστη
3431 4509 3563 4576 γὰρ,
3587 4507 3665 4571 ὥς
3692 4526 3868 4578 φησιν

582 4596 876 4651 sustinere.
914 4598 1158 4653 Surrexit
1203 4602 1366 4668 enim,
1397 4602 1475 4656 ait
1508 4601 1789 4670 Scriptura
1808 4604 1850 4662 ⁸.
1887 4600 2165 4664 Christus;

587 4705 728 4742 mars
760 4689 842 4742 illi
880 4689 1024 4743 ultra
1069 4707 1172 4744 non
1211 4691 1592 4757 dominabitur,
1640 4692 1817 4765 inquit
1854 4692 2163 4763 Apostolus.

584 4779 663 4834 Ac
691 4780 815 4835 vide
841 4797 1004 4850 quam
1036 4792 1230 4838 exacta
1257 4784 1558 4856 Scriptura:
1589 4787 1731 4840 ratio
1759 4795 1990 4853 constet,
2021 4795 2167 4841 tuto-

583 4887 694 4942 que
724 4871 956 4926 deducat
983 4872 1279 4942 hominem,
1307 4890 1376 4929 ne
1421 4875 1478 4930 in
1525 4876 1842 4930 alterutram
1882 4891 1912 4929 a
1942 4877 2168 4931 veritate

588 4969 798 5030 partem
833 4961 1072 5024 excidat,
1106 4971 1164 5016 ut
1187 4979 1311 5018 cum
1343 4965 1486 5018 illius
1514 4980 1668 5020 mens
1699 4966 1880 5035 plures
1903 4965 2006 5020 sibi
2036 4965 2169 5021 deos

587 5053 839 5123 emngere
889 5054 1142 5120 voluerit,
1198 5055 1385 5110 statim
1443 5054 1577 5110 illud
1637 5056 1874 5110 audiat:
1914 5055 2169 5110 Dominus

585 5141 728 5196 Deus
770 5153 891 5198 tuus
937 5161 1072 5198 unus
1124 5155 1202 5200 est
1237 5147 1282 5200 ⁸.
1313 5147 1452 5202 Cum
1501 5155 1681 5202 autem
1729 5149 1960 5201 alterum
2012 5146 2172 5202 Chri-

585 5242 750 5299 stum,
787 5244 980 5304 praater
1010 5252 1132 5291 eum
1165 5237 1258 5306 qui
1292 5239 1404 5307 jam
1441 5238 1679 5304 advenit,
1714 5239 1919 5308 posteri
1953 5239 2170 5294 lsraelis

579 5325 1053 5393 exspectaverint,
1109 5327 1336 5382 audiant
1383 5329 1667 5383 vicissim:
1701 5327 1812 5398 Ego
1859 5329 2082 5398 primus,
2114 5339 2165 5382 et

581 5432 674 5486 ego
705 5417 1054 5481 novissimus;
1081 5426 1133 5474 et
1164 5422 1308 5489 :Ego
1340 5436 1456 5473 sum
1482 5425 1528 5474 Α
1554 5429 1604 5474 et
1624 5422 1671 5474 Ω
1702 5421 1766 5475 ⁸⁸.
1798 5423 1863 5484 Α,
1893 5421 2164 5484 videlicet,

584 5509 729 5577 quod
769 5510 1024 5567 deorsum
1053 5513 1296 5581 respicit,
1323 5520 1378 5569 et
1410 5515 1452 5566 Ω
1481 5555 1498 5580 ,
1523 5514 1667 5585 quod
1719 5530 1938 5571 sursum
1971 5515 2168 5569 obver-

594 5743 615 5774 ,
641 5681 856 5774 ’ξ’-Λει-
875 5700 974 5774 v'n,
1005 5686 1140 5774 553’.“
1173 5687 1194 5718 ¹
1219 5684 1322 5742 lsa.
1349 5703 1496 5774 xyv,
1525 5691 1626 5774 ii.“
1655 5691 1676 5722 ⁸
1703 5689 1859 5774 .ioan.
1886 5707 1978 5774 αν,
2005 5688 2093 5774 ἓϐ.

634 5747 740 5806 lsa.
773 5768 881 5817 xu,
909 5747 971 5810 (3.⁷
1046 5758 1067 5787 ¹¹
1101 5755 1338 5826 Rom.vt,
1377 5760 1430 5816 9.

2199 5688 2220 5719 ⁸
2246 5686 2401 5742 Joan.
2435 5705 2543 5754 xvi,
2577 5688 2662 5755 Η,
2702 5688 2788 5744 l5.

1537 5763 1557 5793 ’
1588 5760 1744 5817 Deut.
1769 5777 1844 5833 vi,
1875 5763 1926 5816 4.
2007 5763 2051 5792 ¹⁰
2082 5759 2250 5830 Apoc.
2280 5773 2320 5825 ι,
2344 5762 2396 5812 8.

2263 4588 2295 4655 ή
2333 4586 2544 4659 Γραφὴ,
2595 4591 2629 4643 ὀ
2679 4591 2962 4660 Χριστός·
3011 4595 3276 4663 Θάνατος
3305 4600 3490 4651 αὐτοῦ
3519 4598 3721 4653 οὐκέτι
3764 4619 3870 4656 κυ-

2256 4678 2508 4744 ριεύσει,
2559 4685 2722 4750 φησὶν
2754 4685 2783 4736 6
2819 4684 3160 4750 Ἀπόστολος.
3205 4687 3316 4740 Καὶ
3347 4689 3449 4758 ὅρα
3478 4687 3595 4752 πῶς
3623 4691 3657 4757 ὴ
3695 4690 3866 4763 ἀκρί-

2275 4779 2398 4833 δεια
2445 4779 2725 4851 κυριεύει,
2781 4779 2873 4830 καὶ
2925 4778 3108 4849 ὁδηγεῖ
3141 4779 3231 4832 τὸν
3278 4780 3586 4851 ἄνθρωπον,
3653 4783 3745 4836 ἵνα
3790 4785 3864 4855 μὴ

2274 4872 2482 4942 ἐκπέσῃ
2511 4871 2650 4925 κατὰ
2677 4869 2919 4938 θατέρων
2947 4870 3056 4922 τῶν
3085 4869 3187 4940 τῆς
3207 4870 3465 4940 ἀληθείας
3503 4889 3569 4942 με
3581 4873 3720 4944 ρῶν·
3753 4876 3866 4939 ἵνα,

2275 4964 2406 5016 ὅταν
2452 4961 2550 5031 μὲν
2583 4959 2867 5031 βουληθείη
2900 4963 2927 5013 6
2954 4961 3078 5025 νοῦς
3110 4961 3402 5015 πολυθεταν
3435 4963 3866 5034 ἐξεργάσασθαι,
3903 5011 3906 5016 .

2267 5050 2499 5125 ἀκούσῃ,
2556 5053 2638 5104 ὅτι
2683 5052 2898 5118 Κύριος
2921 5055 2953 5105 ὀ
2978 5054 3123 5118 Θεός
3146 5069 3263 5107 σου
3295 5049 3382 5119 εἷς
3411 5054 3615 5109 ἐστιν’
3649 5056 3783 5109 ὅταν
3813 5058 3870 5110 δὲ

2268 5143 2500 5214 Χριστὸν
2533 5142 2721 5214 ἕτερον
2743 5143 2897 5214 παρὰ
2929 5143 3021 5196 τὸν
3048 5143 3273 5198 ἐλθόντα
3303 5147 3410 5197 uici.
3443 5145 3664 5216 Ἰσραὴλ
3697 5163 3872 5216 προσο
3905 5154 3913 5159 “

2267 5237 2590 5307 δοκήσωσιν,
2640 5235 2977 5290 ἀκούσωσινο
3020 5235 3210 5305 Ἐπὼό
3235 5235 3490 5305 πρῶτος,
3532 5238 3633 5291 καὶ
3664 5239 3699 5290 δ
3712 5239 3872 5306 μετὰ

2267 5327 2494 5380 ταῦτα·
2542 5327 2661 5389 καὶ,
2714 5326 2859 5394 Ἐγώ
2911 5329 3025 5395 εἰμι
3049 5327 3114 5379 τὸ
3145 5331 3192 5380 Α
3233 5328 3332 5379 καὶ
3373 5327 3440 5380 τὸ
3466 5329 3511 5379 Ω
3536 5343 3551 5357 ·
3596 5326 3656 5379 τὸ
3715 5329 3760 5378 Α
3806 5327 3872 5381 τὸ

2273 5420 2424 5473 κάτω
2485 5417 2703 5487 βλέπον,
2740 5419 2834 5471 καὶ
2866 5418 2926 5470 τὺ
2963 5419 3004 5469 Ω
3063 5417 3126 5470 τὺ
3170 5417 3286 5471 ἀνω
3345 5417 3574 5488 βλέπον·
3604 5418 3695 5471 ἴνα
3725 5418 3873 5489 πλη-

2279 5512 2424 5584 ρωθῇ
2463 5512 2522 5564 τὸ
2552 5511 2876 5583 εἰρημένον
2913 5509 2977 5564 '0
3026 5512 3310 5577 καταϐὰς,
3364 5512 3549 5577 αὐτός
3603 5511 3782 5564 ἐστιν
3835 5514 3872 5565 ό

2897 5686 2918 5718 ⁸
2948 5686 3122 5741 Exod.
3154 5702 3236 5752 ru,
3272 5689 3351 5742 Η.
3433 5688 3452 5718 ⁸
3487 5685 3590 5742 lsa.
3630 5702 3780 5756 xnv,
3808 5689 3882 5745 6.‘
