4176 6386
369 386 500 447 ἴὉϐἰ

1066 388 1434 452 Αῡγεῐιευε
1475 388 1821 449 ιιιειιεδεε
1857 393 1956 448 ΜΕ

2037 393 2073 447 ll
2115 392 2278 448 TOM.
2323 391 2364 449 l.
2403 423 2468 434 --
2502 390 2771 448 "EBES.
2817 390 3000 448 LXIII.

3504 393 3645 451 1062

363 509 589 575 ἀναϐὰς
612 507 890 577 ὑπεράνω
923 507 1126 576 πάσης
1145 510 1361 579 ἀρχῆς,
1384 507 1480 563 καὶ
1494 511 1788 574 ἐξουσίας
1806 550 1820 571 ,
1846 510 1944 563 καὶ

2051 511 2202 562 titur.
2232 505 2306 562 Ut
2338 515 2396 562 et
2424 507 2555 562 illud
2602 509 2893 578 impleatur
2919 527 2932 562 :
2965 507 3071 574 Qui
3100 506 3388 573 descendit,
3419 511 3533 578 ipse
3555 522 3638 566 est

362 605 736 673 κυριότητος,
767 602 864 656 καί
904 603 1134 669 παντὸς
1162 604 1455 673 ὀνόματος
1480 602 1942 672 ὀνομαζομένου.

362 697 474 749 Kal
514 696 600 748 ἵνα
648 696 778 748 ὅταν
819 694 1050 766 νομίσῃς
1081 693 1169 748 διὰ
1215 695 1277 748 τὺ
1309 696 1610 766 εἰρηκέναι,
1651 693 1801 764 Ἐγώ
1829 695 1952 764 ειμι

361 790 396 840 ὀ
453 785 707 854 πρῶτος,
764 784 863 839 καὶ
909 787 943 838 ὀ
980 785 1125 852 μετά
1160 786 1346 839 ταῦτα
1367 803 1380 816 ·
1413 785 1530 848 καὶ,
1562 783 1711 854 Ἐ’τώ
1733 785 1848 854 ειμι
1878 783 1946 836 τὸ

359 883 437 932 Α·
472 877 590 938 καὶ,
653 875 798 946 Ἐγώ
821 879 937 946 εἰμι
963 876 1030 929 τὸ
1058 879 1134 931 Ω⁸
1172 879 1288 943 καὶ,
1316 877 1534 945 Κύριος
1570 877 1605 929 ὁ
1635 876 1782 941 Bede
1827 889 1945 928 σου

359 964 448 1035 εἷς
475 969 608 1022 ἐστι
634 985 648 997 ·
676 969 771 1023 καὶ
786 970 867 1023 ὅτι
924 969 1073 1039 Ἐγώ
1093 970 1209 1039 εἰμι
1234 965 1392 1030 δῶν,
1440 968 1526 1023 ἵνα
1560 968 1635 1039 μή
1670 985 1758 1032 τις
1786 967 1947 1038 ἀρνή-

363 1077 525 1130 σηται
552 1058 644 1114 τδν
672 1054 821 1123 Υἰδν,
847 1061 944 1114 καὶ
965 1059 1028 1113 τὸ
1063 1057 1221 1130 ἅγιον
1243 1055 1470 1130 Πνεῦμα
1495 1101 1510 1124 ,
1543 1058 1632 1112 διὰ
1656 1057 1814 1110 τοῦτό
1842 1074 1944 1128 φη-

364 1163 450 1207 σιν
469 1172 482 1184 ·
516 1148 574 1206 ’Ὀ
600 1151 803 1221 Πατήρ
815 1166 932 1222 μου
951 1149 1164 1222 μείζων
1173 1170 1294 1221 μου
1316 1153 1449 1205 ἐστί
1463 1169 1476 1181 ·
1500 1149 1619 1214 καὶ,
1645 1149 1768 1203 Ἵνα
1785 1148 1949 1218 τιν-ὠ·

359 1239 558 1300 ὰκωσί
583 1255 658 1298 ονε
688 1247 795 1299 τὸν
822 1245 1015 1313 μόνον
1041 1245 1333 1310 ἀληθινὸν
1364 1242 1531 1305 Θεὸν,
1574 1240 1672 1294 καὶ
1704 1241 1778 1293 ὃν
1831 1239 1947 1292 ἁπ-

361 1328 642 1403 ἐστειλας
669 1336 913 1405 Ἰησοῦν
937 1336 1212 1404 Χριστόν.
1232 1337 1345 1406 Οὐχ
1371 1337 1451 1389 ὅτι
1473 1335 1572 1388 οὐκ
1594 1333 1740 1387 ἔστιν
1770 1335 1798 1385 ὁ
1814 1331 1946 1394 Υἱὸς

361 1426 613 1504 ἀληθινὸς
643 1413 775 1492 Sed;
794 1447 807 1460 ·
835 1427 950 1484 ἀλλ’
974 1428 1062 1482 ἵνα
1095 1430 1175 1492 είς
1212 1428 1339 1499 μίαν
1370 1426 1596 1496 ἑνότητα
1626 1426 1808 1496 ἀγάγῃ
1839 1423 1943 1494 τὴν

362 1515 593 1596 τριάδος
625 1522 942 1593 ὀνομασίαν,
981 1521 1076 1575 καὶ
1127 1520 1381 1591 ἐκκλείσῃ
1419 1518 1516 1590 τὴν
1545 1518 1783 1572 διάνοιαν
1830 1515 1941 1569 τῶν

361 1611 663 1689 ἀνθρώπων
694 1614 801 1669 ἀπὸ
839 1613 1126 1677 πολυθεῖας
1155 1614 1232 1676 εἰς
1252 1611 1381 1683 μίαν
1408 1611 1656 1681 Θεότητα.

429 1815 514 1867 ΙΨ.
559 1812 684 1867 Ἐὰν
710 1812 768 1866 δὲ
812 1808 1010 1884 νομίσῃ
1037 1812 1065 1864 ὁ
1096 1806 1388 1881 πλανηθεὶς
1429 1807 1527 1879 τὴν
1551 1805 1810 1871 διάνοιαν,
1849 1802 1944 1858 τὸν

357 1898 454 1958 ἕνα
486 1905 646 1975 μόνον
671 1879 924 1972 λέγεσθαι
953 1879 1207 1972 ἀληθινὸν
1250 1879 1402 1965 Θεὸν,
1431 1898 1680 1953 τουτέστι
1706 1895 1797 1951 τὸν
1822 1897 1938 1951 Πα-
1971 1879 2015 1937 Β

355 1997 511 2070 τέρα,
540 1996 634 2049 τὸν
659 1995 714 2048 δὲ
762 1995 888 2048 Υίὸν
919 1992 1016 2066 μὲν
1048 1991 1200 2058 ὄντα,
1233 1991 1332 2046 οὐκ
1379 1990 1629 2064 ἀληθινὸν
1657 1991 1736 2052 δὲ,
1778 1989 1941 2045 πάλιν

357 2089 561 2159 ἑτέρως
584 2088 676 2141 τὸν
700 2087 939 2141 τοιοῦτον
994 2085 1227 2156 ἐλέγχει,
1281 2085 1455 2154 λέγων
1480 2101 1494 2115 ·
1536 2082 1680 2153 Ἐγώ
1711 2085 1832 2153 ειμι
1872 2082 1940 2138 τὸ

242 2185 248 2192 ’
348 2181 483 2250 ,φῶς
517 2179 581 2234 τὸ
601 2180 912 2247 ἀληθινὸν,
945 2178 976 2232 ὃ
1005 2176 1230 2249 φωτίζει
1260 2177 1457 2230 πάντα
1500 2176 1818 2255 ἄνθρωπον
1847 2176 1942 2244 ἐρ-

348 2274 616 2342 ,χύμενον
636 2275 722 2338 εις
748 2273 856 2325 τὸν
891 2271 1144 2340 κόσμον.
1186 2270 1321 2342 Περὶ
1359 2269 1415 2322 δὲ
1460 2267 1552 2322 τοῦ
1583 2267 1816 2340 Πατρδς,
1857 2267 1940 2323 δτι

347 2368 486 2434 Φῶς
512 2370 545 2420 ὁ
570 2367 733 2432 Θεὸς,
761 2365 856 2419 καὶ
880 2363 978 2419 οὐκ
1006 2360 1145 2429 εἷπε,
1163 2362 1283 2427 Φῶς
1309 2361 1582 2434 ἀληθινόν·
1623 2363 1710 2416 ἵνα
1754 2365 1819 2417 ὲκ
1843 2360 1939 2417 τοῦ

346 2459 490 2513 θεοῦ
540 2458 813 2529 ἀληθινὸν,
857 2457 950 2510 καὶ
997 2457 1113 2525 φῶς
1152 2455 1401 2526 ἀληθινὸν
1433 2455 1531 2527 τὴν
1558 2457 1680 2528 ῑσην
1711 2455 1938 2526 θεότητα

351 2548 568 2622 Πατρὸς
592 2551 728 2621 πρὸς
757 2548 908 2615 Υίὸν,
941 2547 1034 2602 καὶ
1060 2544 1190 2600 Υίοῦ
1220 2546 1356 2618 πρὸς
1379 2547 1603 2617 Πατέρα
1631 2546 1936 2617 νοήσωμεν.

352 2645 466 2698 Καὶ
505 2642 613 2697 άπὸ
653 2641 747 2696 τοῦ
783 2642 876 2694 τὸν
922 2639 1140 2712 Πατέρα
1180 2639 1295 2709 φῶς
1334 2635 1490 2700 εἶναι,
1529 2638 1625 2692 καὶ
1668 2639 1762 2691 τὸν
1810 2637 1939 2691 Υἱὸν

348 2729 516 2800 εἶναι,
551 2733 624 2806 μὴ
665 2732 974 2788 ἐπικεῖσθαι
1026 2730 1083 2785 δὲ
1119 2730 1354 2786 ἐνταῦθα
1408 2730 1680 2801 ἀληθινόν.
1719 2729 1795 2783 Οὐ
1828 2729 1936 2801 γὰρ

349 2817 422 2898 ἦν
468 2827 624 2899 χρεία
675 2829 870 2890 εἰπεῖν,
903 2826 1174 2898 μηδεμιᾶς
1211 2823 1541 2895 ἀμφιϐολίας
1569 2823 1756 2894 οὔσης.
1805 2823 1938 2876 Ἀπὸ

349 2920 462 2993 γάρ
495 2918 610 2983 τοῦ,
637 2919 778 2984 Θεὸς
806 2919 899 2972 καὶ
919 2917 1064 2987 φῶς,
1089 2919 1123 2988 ἡ
1181 2917 1276 2988 μία
1323 2915 1598 2986 τελειότης
1628 2916 1728 2986 τῆς
1767 2914 1938 2985 αὐτῆς

347 3011 728 3084 γνησιότητος.
761 3010 973 3082 Πατρὸς
1005 3009 1141 3080 πρὸς
1193 3007 1286 3062 τὸν
1320 3007 1470 3073 Υἱδν,
1511 3007 1606 3062 καὶ
1635 3006 1768 3060 Υἱοῦ
1799 3005 1937 3078 πρὸς

346 3105 445 3158 ’τὸν
483 3103 724 3176 Πατέρα,
772 3102 957 3171 σαφῶς
1001 3100 1312 3171 ἀπεφάνθη.
1342 3100 1453 3153 Καὶ
1495 3098 1798 3153 διαλέλυταί
1838 3113 1930 3149 σου

347 3195 386 3268 ἦ
404 3197 552 3250 πᾶσα
575 3197 676 3266 τῆς
697 3195 904 3265 πλάνης
925 3194 1340 3266 φρενοδλάϐεια.
1368 3194 1526 3247 Ἔστι
1554 3194 1669 3294 γάρ
1690 3195 1718 3247 ὸ
1742 3193 1934 3264 Πατὴρ
1962 3244 2006 3302 c

350 3287 564 3361 Πατὴρ,
589 3287 776 3341 έστινό
802 3287 929 3350 Υἱὸς
953 3285 1101 3350 Υἱὸς,
1123 3285 1237 3338 ἔστι
1259 3284 1320 3337 τὸ
1345 3285 1500 3353 ἅγιον
1528 3283 1755 3354 Πνεῦμα
1784 3285 1937 3352 ἆγιον

351 3375 598 3450 Πνεῦμα,
636 3375 804 3447 Τριάς
826 3373 983 3441 οὖσα,
1011 3374 1110 3445 μία
1129 3374 1319 3445 Θεότης
1339 3415 1353 3438 ,
1383 3373 1480 3445 μία
1505 3373 1802 3441 δοξολογία,
1841 3373 1939 3444 μία

350 3471 640 3542 κυριότηςσ
749 3469 898 3535 δόξα,
922 3466 1076 3538 τιμὴ,
1111 3467 1332 3538 κράτος,
1363 3467 1539 3537 Πατρὶ
1565 3467 1622 3520 ὲν
1647 3465 1784 3536 Υίῷ,
1824 3465 1938 3537 Υίῷ

353 3567 412 3618 ἐν
440 3568 637 3637 Πατρὶ,
675 3565 772 3618 σὺν
805 3565 945 3635 ἁγίῳ
969 3560 1278 3632 Πνεύματι,
1327 3564 1407 3627 είς
1446 3561 1649 3626 αἰῶνας
1700 3559 1934 3614 αἰώνων.

360 3656 556 3732 Ἀμήν.

421 3852 639 3924 Ταύτην
688 3853 745 3907 δὲ
790 3853 950 3908 πάλιν
1001 3853 1098 3925 τὴν
1149 3852 1361 3925 αἵρεσιν
1403 3851 1646 3923 ὡσπερεὶ
1683 3851 1933 3926 λύδην,ἢ

355 3943 637 4016 μόλουρον,
676 3944 708 4014 ἦ
756 3944 946 4010 ἔλοπα,
974 3945 1006 4015 ἢ
1035 3946 1093 3999 ἓν
1129 3962 1182 3996 τι
1222 3944 1330 3998 τῶν
1365 3943 1611 4015 ἑρπετῶν
1642 3944 1751 3996 τῶν
1775 3943 1935 4013 φοϐε-

353 4037 630 4107 ρωτάτων,
657 4038 717 4088 οὐ
758 4037 865 4107 μὴν
923 4037 978 4089 δὲ
1018 4036 1330 4108 δυναμένων
1367 4035 1456 4089 διά
1486 4035 1778 4106 δηγμάτων
1806 4036 1934 4106 βλά-

351 4144 528 4194 πτειν,
567 4127 1010 4198 ἀποσεισάμενοι,
1050 4127 1145 4180 καὶ
1173 4125 1400 4198 δυνάμει
1432 4126 1533 4196 τῆς
1572 4127 1734 4194 ἁγίας
1765 4128 1934 4197 Τριά-

349 4215 438 4279 δος
494 4215 1036 4286 καταπεπατηκότες,
1074 4217 1166 4269 ἐπὶ
1217 4215 1314 4279 τὰς
1359 4216 1486 4286 έξῆς
1525 4217 1927 4287 προϐαίνοντες,

350 4309 512 4363 αὑτὸν
554 4307 1005 4379 ὲπικαλεσώμεθα
1051 4309 1270 4379 ἀρωγὸν
1302 4310 1400 4380 τῆς
1430 4309 1707 4380 ἡμετέρας
1739 4309 1931 4372 πενίας

348 4420 408 4455 τε
429 4402 524 4458 καὶ
548 4401 906 4473 βραχύτητος,
943 4403 1022 4464 είς
1050 4402 1111 4454 τὸ
1148 4401 1313 4468 ἀξίως
1349 4401 1418 4455 τά
1451 4401 1578 4471 παρ’
1611 4401 1817 4474 ἑκάστῃ
1845 4400 1930 4452 λε-

348 4495 555 4565 γόμενά
583 4511 642 4547 τε
673 4494 767 4547 καὶ
800 4493 1075 4564 γινόμενα,
1117 4493 1211 4546 καὶ
1238 4493 1339 4547 τίην
1377 4492 1583 4548 τούτων
1611 4493 1930 4565 ἀντίρρησιν

347 4585 676 4658 ποιήσασθαι
706 4584 986 4656 βοηθῆναι.

778 4843 965 4897 ΚΑΤΑ
1011 4840 1495 4908 ΩΡΙΓΕΝΙΑΝΩΝ,

353 4975 473 5031 ἳῶν
498 4975 761 5046 πρώτων,
799 4975 922 5030 τῶν
962 4977 1062 5032 καὶ
1108 4978 1398 5048 αἰσχρῶν,
1450 4980 1921 5048 τεσσαρακοστὴ

650 5048 838 5115 τρίτη,
870 5050 908 5117 ἠ
938 5048 1038 5102 καὶ
1071 5049 1376 5118 ἐξηκοστὴ
1417 5051 1607 5119 τρίτη.

413 5179 490 5233 Α’.
535 5178 818 5249 Ὠριγένιοι
845 5181 1136 5237 καλοῦνταί
1163 5199 1326 5248 τινες,
1353 5184 1413 5238 οὗ
1436 5187 1603 5240 παντὶ
1633 5187 1649 5218 ¹
1681 5187 1739 5240 δὲ
1765 5188 1919 5244 τοῦτο

342 5267 402 5323 τὸ
434 5268 586 5337 γένος
641 5270 894 5343 ὑπάρχει.
938 5273 1190 5344 Καθεξῆς
1237 5274 1316 5341 δὲ,
1363 5272 1538 5347 οἶμαι,
1568 5278 1777 5332 τούτων
1810 5281 1921 5334 τῶν

341 5361 604 5429 αἱρέσεων
630 5361 726 5414 καὶ⁵
754 5361 892 5432 αὕτη
924 5363 957 5432 ἡ
986 5363 1309 5435 δηλουμένη.
1342 5367 1651 5422 Καλοῦνται
1677 5369 1734 5423 δὲ
1771 5371 1920 5442 Ὠρι-

339 5453 509 5520 γένιοι
530 5468 548 5482 ι
593 5453 654 5505 οὐ
675 5454 818 5507 πάνυ
864 5455 921 5507 δὲ
949 5456 1136 5525 σαφῶς
1178 5457 1337 5529 ἴσμεν
1358 5459 1502 5522 τίνος
1525 5461 1708 5526 ἕνεκα,
1745 5463 1778 5533 ἢ
1806 5463 1916 5516 ἀπὸ

353 5543 659 5615 Ὦριγένους
707 5544 800 5598 τοῦ
855 5546 1235 5618 Ἀδαμαντίου,
1279 5550 1612 5622 καλουμένου
1658 5554 1754 5607 τοῦ
1785 5556 1920 5610 Συν-

415 5745 429 5773 ‘
461 5742 521 5798 F.
577 5744 773 5800 πάντη.

418 5762 521 5798 -ι·.
577 5762 714 5798 παντ
759 5786 773 5800 .

349 5808 366 5839 ’
396 5812 550 5871 Joun.
583 5831 693 5883 xlv,
717 5762 825 5872 1&8.

872 5746 893 5776 ’
931 5745 1126 5817 Ephes.
1173 5764 1244 5810 Iv,
1279 5748 1364 5814 lO;
1421 5765 1458 5808 l.
1487 5749 1576 5817 21.
1657 5750 1678 5781 ³
1732 5752 1835 5807 lsa.
1868 5768 2016 5817 mv,
2059 5754 2111 5808 6.

899 5814 1078 5874 'Joan
1140 5835 1272 5890 xvu,
1314 5821 1367 5876 5.
1445 5823 1464 5854 ⁹
1495 5816 1654 5878 Joan.
1685 5839 1805 5892 vui,
1837 5822 1943 5894 η,
1980 5814 2020 5893 ι,
2058 5831 2112 5884 9.
2191 5828 2234 5860 "
2262 5814 2482 5887 I'Joan:
2501 5814 2626 5902 1,75.

2046 603 2143 671 qui
2174 602 2432 668 ascendit,
2465 611 2625 670 supra
2668 618 2872 654 omnem
2909 601 3284 668 principatum,
3315 613 3364 655 et
3405 613 3644 671 potesta-

2049 701 2172 755 tem,
2199 701 2248 746 et
2273 691 2708 756 dominationem,
2739 700 2788 744 et
2828 707 3014 743 nomen
3046 707 3195 743 omne
3233 697 3370 761 quod
3402 695 3643 747 nomina.

2049 785 2193 836 tur'.
2222 784 2301 838 Ac
2338 799 2408 840 ne
2455 784 2600 839 aliud
2643 784 2781 840 forte
2813 783 3148 852 suspiceris;
3189 791 3244 837 et
3276 799 3374 853 pro
3401 800 3466 838 eo
3493 787 3643 854 quod

2047 876 2250 929 dictum
2297 887 2417 929 est:
2450 875 2562 946 Ego
2614 892 2731 928 sum
2775 876 3002 943 primus,
3029 883 3077 926 et
3119 891 3211 941 ego
3245 877 3559 930 novissimus
3582 875 3639 941 ³;

2046 977 2101 1022 et
2132 987 2144 1022 :
2174 967 2284 1038 Ego
2313 984 2429 1021 sum
2457 972 2502 1022 A
2531 977 2580 1020 at
2611 971 2657 1021 0
2689 960 2745 1029 ⁸;
2779 975 2834 1021 et
2860 985 2873 1021 :
2898 966 3156 1020 Dominus
3185 967 3319 1022 Deus
3345 979 3465 1023 tuus
3502 986 3644 1022 unus

2045 1070 2123 1112 est
2165 1057 2207 1125 ';
2237 1070 2331 1113 et:
2368 1057 2474 1128 Ego
2525 1075 2644 1112 sum
2685 1058 2777 1128 qui
2827 1075 2946 1112 sum
2978 1060 3039 1125 ⁶;
3092 1076 3160 1115 ne
3194 1063 3317 1130 quis
3343 1060 3536 1114 Filium
3575 1076 3642 1115 ac

2054 1147 2320 1219 Spiritum
2373 1159 2623 1206 sanctum
2655 1151 2906 1220 abneget,
2942 1152 3014 1206 ob
3063 1150 3162 1206 id:
3208 1152 3390 1215 Pater,
3437 1153 3639 1222 inquit,

2045 1257 2190 1295 meus
2221 1241 2393 1310 major
2435 1259 2517 1296 me
2557 1251 2635 1296 est
2662 1243 2704 1296 ".
2758 1242 2822 1295 Et
2859 1260 2876 1296 :
2922 1240 2990 1296 Ut
3029 1255 3345 1314 cognoscant
3391 1253 3438 1297 te
3464 1245 3640 1298 solum

2047 1349 2229 1386 verum
2274 1332 2462 1399 Deum,
2507 1343 2556 1387 et
2599 1350 2750 1403 quem
2794 1335 2987 1388 misisti
3029 1335 3215 1389 Jesum
3263 1334 3532 1390 Christum
3580 1336 3630 1394 ⁸.

2042 1425 2162 1480 Non
2198 1427 2346 1496 quod
2394 1425 2565 1480 Filius
2608 1443 2772 1481 verus
2812 1425 2956 1482 Deus
3007 1428 3231 1483 minime
3285 1430 3398 1493 sit;
3451 1429 3546 1485 sed
3575 1437 3639 1484 ut

2043 1517 2291 1572 eamdem
2321 1518 2374 1572 in
2411 1518 2675 1572 unitatem
2707 1516 2995 1573 Trinitatis
3038 1535 3235 1573 nomen
3271 1521 3553 1590 conjiciat,
3581 1531 3639 1576 et

2043 1624 2073 1662 a
2107 1610 2333 1663 deorum
2378 1609 2726 1663 multitudine
2760 1609 2826 1663 ad
2869 1625 3034 1663 uuam
3080 1609 3420 1664 divinitatem
3454 1612 3634 1667 Immi-

2043 1716 2172 1756 num
2206 1701 2420 1756 animos
2450 1707 2754 1756 convertat.

2113 1808 2248 1864 Vlll.
2281 1810 2437 1877 Quod
2486 1812 2533 1867 si
2578 1828 2767 1868 errore
2817 1814 3007 1884 lapsus
3059 1813 3260 1884 aliquis
3311 1816 3587 1873 existimet
3617 1856 3636 1881 ,

2043 1919 2213 1958 unum
2262 1904 2439 1959 solum
2471 1904 2579 1960 dici
2619 1921 2808 1960 verum
2849 1905 3041 1973 Deum,
3073 1907 3332 1963 nimirum
3370 1907 3586 1964 Patrem
3617 1929 3634 1965 :

2042 1991 2236 2048 Filium
2283 2009 2411 2049 vero
2456 2009 2579 2050 esse
2625 1996 2866 2066 quidem,
2901 2013 3011 2052 non
3066 2007 3248 2052 tamen
3281 2013 3491 2064 verum,
3527 2000 3635 2055 alia

2052 2082 2199 2137 hun’c
2230 2084 2441 2138 ratione
2467 2084 2766 2151 convincit,
2795 2085 2925 2140 dum
2959 2087 3034 2140 ita
3062 2086 3305 2157 loquitur
3329 2106 3344 2142 :
3376 2090 3489 2158 Ego
3515 2104 3635 2142 sum

2041 2173 2136 2229 lux
2181 2190 2342 2241 vera,
2397 2191 2516 2245 qua:
2534 2175 2807 2230 illuminat
2866 2194 3072 2232 omnem
3127 2178 3388 2234 hominem
3435 2181 3638 2235 venien-

2064 2274 2164 2319 tem
2192 2265 2248 2319 in
2271 2265 2409 2320 [tunc
2433 2266 2687 2320 mundum
2709 2268 2752 2322 ’.
2796 2267 2872 2323 De
2897 2267 3059 2324 Patre
3087 2286 3215 2326 vero
3242 2272 3317 2326 ita
3349 2273 3591 2344 loquitur
3615 2292 3630 2329 :

2050 2354 2192 2410 Deus
2217 2357 2308 2409 tua:
2328 2365 2405 2411 est
2428 2357 2490 2411 ’⁸.
2516 2355 2628 2413 Nec
2650 2359 2808 2425 dixit,
2838 2359 2954 2416 Lux
2971 2376 3122 2426 vera,
3145 2372 3204 2417 ut
3230 2379 3294 2418 ex
3317 2378 3382 2419 eo
3405 2367 3547 2435 quod
3577 2373 3636 2419 et

2042 2446 2210 2503 Deum
2236 2464 2448 2514 verum,
2477 2457 2534 2505 et
2553 2465 2735 2505 veram
2769 2450 2942 2507 lucem
2973 2455 3284 2524 appellavit,
3309 2466 3419 2510 tam
3451 2456 3634 2517 Patris

2040 2539 2379 2595 divinitatem
2422 2539 2583 2603 Filio,
2613 2541 2778 2613 520
2813 2559 2976 2614 quam
3021 2545 3142 2600 Filii
3185 2546 3332 2602 Patri
3367 2551 3633 2623 aqualem

2039 2631 2490 2702 intelligeremus.
2535 2633 2714 2704 Atque
2754 2649 2822 2690 ex
2853 2650 2921 2691 eo
2952 2637 3100 2707 quod
3143 2645 3199 2692 et
3237 2638 3398 2696 Pater
3436 2644 3550 2707 lux,
3578 2651 3638 2700 et

2039 2721 2188 2780 Deus
2211 2724 2519 2795 appellatur
2547 2724 2742 2793 Filius,
2779 2743 2958 2798 neque
2992 2730 3080 2785 hic
3105 2732 3220 2786 veri
3252 2749 3450 2791 nomen
3476 2737 3633 2808 adje-

2037 2822 2186 2870 ctum
2218 2817 2312 2880 sit,
2351 2816 2498 2887 quod
2527 2819 2748 2890 quidem
2797 2836 3024 2878 necesse
3067 2838 3176 2878 non
3228 2835 3366 2893 erat,
3393 2845 3460 2883 eo
3487 2832 3633 2900 quod

2037 2908 2187 2962 nulla
2223 2908 2364 2964 foret
2395 2910 2463 2965 de
2491 2925 2556 2966 ea
2605 2926 2667 2966 re
2707 2912 2999 2969 dubitatio.
3041 2913 3140 2971 liis
3187 2918 3336 2972 enim
3380 2923 3630 2988 vocibus,

2037 2999 2140 3055 Dei
2167 3015 2232 3057 ac
2265 3001 2422 3066 lucis,
2457 3002 2720 3074 perfecta,
2753 3005 3052 3075 eademque
3080 3011 3432 3077 germanitas,
3468 3019 3526 3065 ut
3558 3013 3632 3067 ita

2039 3092 2242 3155 dicam,
2272 3091 2454 3150 Patris
2491 3109 2617 3149 cum
2662 3092 2823 3160 Filio,
2855 3103 2910 3150 et
2959 3095 3080 3151 Filii
3119 3113 3244 3153 cum
3296 3099 3456 3157 Patre
3505 3117 3632 3172 per-

2039 3184 2229 3256 spicue
2253 3184 2583 3242 declaratur.
2619 3183 2818 3258 Sicque
2847 3190 3026 3244 omnis
3060 3197 3165 3244 tuae
3199 3189 3455 3248 falsitatis
3483 3194 3633 3249 insa-

2039 3279 2131 3332 nia
2183 3275 2470 3332 refellitur.
2507 3276 2673 3334 Pater
2703 3279 2974 3350 siquidem
3018 3279 3178 3336 Pater
3207 3293 3315 3350 est,
3357 3292 3414 3340 et
3454 3284 3632 3341 Filius

2039 3367 2234 3435 Filius,
2263 3378 2318 3426 et
2357 3371 2598 3442 Spiritus
2633 3380 2860 3430 sanctus
2910 3372 3146 3443 Spiritus
3183 3385 3428 3442 sanctus,
3453 3395 3629 3450 eaque

2038 3461 2158 3534 ipsa
2189 3461 2451 3529 Trinitas,
2486 3464 2665 3520 deitas
2695 3480 2824 3529 una,
2853 3482 2961 3520 una
2988 3468 3179 3538 gloria,
3209 3484 3426 3539 unaque
3452 3470 3631 3526 domi-

2037 3555 2208 3610 natio.
2237 3553 2338 3609 Cui
2368 3554 2564 3626 gloria,
2597 3556 2794 3621 honor,
2825 3557 3114 3628 imperium
3147 3575 3161 3611 :
3196 3558 3339 3614 Patri
3374 3561 3428 3616 in
3464 3561 3626 3628 Filio,

2036 3641 2176 3699 Filio
2202 3644 2258 3699 in
2281 3643 2445 3701 Patre
2473 3661 2598 3701 cum
2647 3655 2842 3703 sancto
2887 3649 3092 3720 Spiritu
3126 3651 3180 3706 in
3215 3653 3412 3709 saecula
3449 3669 3624 3710 saecu-

2038 3735 2236 3790 lorum.
2267 3734 2462 3792 Amen.

2108 3843 2216 3900 Sed
2265 3853 2558 3918 postquam
2609 3848 2858 3905 haeresim
2901 3850 3061 3906 istam
3113 3852 3254 3908 velut
3290 3853 3486 3926 lyben,
3531 3865 3628 3913 aut

2034 3937 2331 4003 molurum,
2357 3939 2471 3994 sive
2508 3940 2742 4010 elopem,
2783 3952 2877 3996 aut
2921 3944 3068 3997 aliud
3091 3945 3362 4014 quoddam
3393 3949 3627 4005 atrocis-

2035 4029 2234 4083 simum
2269 4031 2541 4100 serpentis
2574 4048 2767 4102 genus,
2793 4033 2940 4102 quod
2978 4043 3158 4090 tamen
3187 4038 3323 4092 nihil
3354 4055 3455 4095 nos
3478 4057 3624 4096 mor-

2034 4121 2189 4176 sibus
2231 4121 2349 4176 suis
2397 4121 2592 4179 laedere
2615 4124 2811 4194 potuit,
2864 4125 3244 4193 discussimus,
3298 4145 3364 4185 ac
3417 4141 3625 4189 sanctae

2034 4209 2319 4268 Trinitatis
2347 4229 2450 4284 ope
2497 4229 2563 4270 ac
2604 4216 2808 4271 virtute
2863 4220 3239 4288 protrivimus,
3277 4223 3344 4278 ad
3379 4226 3623 4296 reliquas

2033 4304 2278 4359 oratione
2307 4316 2579 4375 promota,
2612 4309 2865 4364 eumdem
2898 4311 3051 4380 prius
3083 4313 3290 4385 inopire
3322 4327 3522 4373 nostrae
3553 4336 3622 4375 ac

2033 4397 2319 4452 tenuitatis
2343 4397 2647 4467 adiutorem
2691 4397 2863 4454 Deum
2891 4402 3249 4471 invocemus;
3293 4408 3451 4478 cujus
3481 4426 3624 4480 pra:-

2032 4487 2174 4544 sidio
2215 4487 2358 4554 freti,
2386 4504 2508 4560 quae
2538 4491 2607 4546 ab
2635 4507 2958 4564 unaquaque
2986 4495 3180 4552 haeresi
3215 4499 3491 4568 dicuntur,
3522 4515 3619 4558 aut

1962 4623 2009 4680 υ
2039 4579 2202 4645 liunt,
2257 4581 2421 4637 simul
2469 4597 2593 4638 cum
2637 4597 2827 4640 eorum
2879 4587 3253 4647 confutatione
3314 4608 3621 4665 proponere

2036 4673 2331 4744 possimus.

2370 4848 2745 4908 ADVERSUS
2783 4851 3274 4924 ORIGENIANOS,

2024 4985 2242 5042 Priora
2294 4988 2384 5059 qui
2437 4997 2488 5044 et
2537 4988 3232 5067 [tedi_nomiiian_t_ur,_quw
3270 5006 3350 5051 est
3397 4997 3614 5056 hcet-esis

2581 5059 2726 5115 LIII
2758 5064 2864 5116 sive
2895 5062 3120 5119 LXIII.

2094 5189 2133 5245 Ι.
2176 5191 2432 5248 Nonnulli
2463 5204 2612 5261 sunt,
2649 5212 2790 5267 quos
2819 5196 3108 5271 Origeuios
3139 5203 3453 5274 appellant:
3489 5221 3612 5276 qua

2021 5282 2302 5339 hominum
2335 5295 2483 5341 secta
2515 5303 2625 5343 non
2674 5305 3071 5363 usquequaque
3099 5295 3442 5362 dill'uuditur,
3480 5313 3610 5369 pro-

2019 5375 2166 5430 ximo
2193 5387 2372 5432 tamen
2401 5379 2523 5434 loco
2556 5392 2680 5451 post
2713 5385 3027 5454 superiores
3052 5387 3174 5444 illas
3223 5389 3338 5445 haec
3383 5391 3610 5449 bmresis

2016 5470 2280 5524 occurrit.
2315 5471 2422 5526 Sed
2467 5488 2704 5544 quanam
2754 5476 2822 5531 de
2853 5493 3018 5534 causa
3057 5479 3297 5552 Origenii
3321 5492 3608 5550 vocentur,

2017 5560 2259 5616 nondum
2285 5563 2443 5634 plane
2468 5568 2709 5638 comperi
2734 5586 2748 5600 ·
2774 5577 3087 5628 utrumnam
3116 5575 3186 5630 ab
3205 5576 3436 5647 Origene
3464 5577 3610 5632 Ada-

2193 5756 2419 5840 I‘_t_\p_oc.
2443 5775 2482 5824 ι,
2519 5759 2602 5840 8.__
2650 5762 2672 5796 ⁸
2712 5763 2868 5823 Deut.
2901 5783 2976 5835 vr,
3011 5767 3066 5825 4.
3146 5770 3165 5802 ⁸
3195 5768 3368 5826 Ειοάο
3401 5787 3488 5840 ιιι,
3514 5775 3603 5833 Ην
