4176 6386
593 360 729 411 10(ίὸ

2010 364 2069 421 S.
2112 362 2454 423 EI’IPHANII

3728 359 3913 414 iOfi-L

592 476 815 536 tnuntio,
842 473 933 543 qui
994 487 1360 546 cognomento
1398 480 1706 551 Synlactcs,
1752 484 1853 537 hoc
1899 492 1986 538 est
2036 485 2173 539 lucu-

2286 488 2484 541 τάκτου
2516 486 2651 556 (22),
2674 485 2707 557 ἢ
2732 485 2893 540 ἄλλου
2920 483 3064 549 τινὸς
3079 480 3238 548 εἶναι,
3260 476 3458 552 ἀγνοῶ.
3486 481 3674 549 Ὅμως
3712 477 3817 532 τοῦ
3836 495 3906 531 το

590 570 793 626 brutor.
830 575 915 619 est
952 568 1156 633 dictus,
1203 584 1270 623 an
1318 572 1388 624 ali
1422 573 1605 642 aliquo
1659 575 1869 639 altero;
1902 578 2070 645 quod,
2124 587 2182 632 ut

587 659 720 719 dixi,
758 660 974 727 penitus
1007 660 1219 730 ignoro,
1251 679 1349 718 nec
1380 665 1526 718 aliud
1557 679 1750 735 prtuter
1770 669 1953 737 ipsum
1984 684 2175 724 nomen

586 765 795 817 accept.

659 840 865 895 llorum
894 859 1022 897 vero
1056 845 1281 899 haeresis
1314 846 1380 900 ad
1406 845 1704 918 Epiphanis
1745 848 1939 919 dogma
1965 850 2183 905 confor-

587 942 733 987 mata
763 935 998 997 videtur,
1024 936 1092 989 de
1126 952 1237 1005 quo
1266 937 1318 989 in
1360 935 1748 992 Gnosticorum
1779 950 1926 993 secta
1972 956 2182 994 sermo-

589 1040 711 1080 nem
757 1035 914 1081 antea
958 1026 1209 1081 fecimus.
1243 1026 1409 1081 Iidem
1457 1030 1706 1085 diversos
1754 1046 1818 1085 cx
1858 1031 2045 1085 Vetere
2072 1032 2181 1085 No-

590 1132 765 1185 voque
794 1116 1141 1172 Testamento
1190 1119 1357 1172 libros
1421 1120 1726 1174 asciscunt.
1798 1119 2029 1189 Nuptias
2089 1138 2178 1177 rc-

592 1212 837 1279 pudianl,
874 1227 1047 1281 neque
1088 1221 1267 1266 tamen
1307 1212 1562 1268 obscenis
1604 1214 1919 1269 libidinibus
1959 1216 2179 1270 modum

592 1302 759 1353 ullqu
792 1299 1072 1362 adhibent,
1102 1302 1349 1372 adeoque
1384 1304 1531 1357 omni
1571 1320 1771 1374 genere
1817 1307 2096 1374 Spurcitize
2125 1315 2181 1361 et

590 1402 789 1463 corpus
821 1410 1001 1455 suum,
1032 1405 1083 1448 ct
1123 1405 1358 1449 mentem
1393 1397 1743 1464 animamque
1782 1399 2177 1453 contaminant.

589 1485 818 1551 Quidam
848 1488 991 1540 enim
1035 1502 1097 1539 ex
1134 1488 1199 1539 iis
1234 1488 1594 1541 monasticam
1634 1489 1798 1542 vitam
1836 1489 2016 1559 specie
2062 1491 2178 1558 ipsa

590 1578 931 1647 profitentur,
980 1577 1137 1647 521
1191 1578 1490 1648 itidemque
1546 1581 1807 1635 mulieres
1869 1580 2008 1633 idem
2055 1582 2179 1635 vita:

591 1670 896 1723 institutum
953 1672 1265 1739 prtel'erunt.
1318 1668 1422 1734 Qui
1478 1685 1669 1726 omnes
1721 1672 1996 1741 corruptis
2050 1679 2179 1726 sunt

587 1762 951 1829 corporibus:
988 1762 1122 1814 adeo
1163 1769 1220 1813 ut
1265 1776 1389 1814 cum
1424 1762 1702 1817 libidinem
1736 1764 1839 1834 ipsi
1882 1781 2038 1819 suam
2082 1782 2178 1819 ex-

2282 580 2342 631 τὺ
2365 578 2536 649 όνομα
2564 577 2994 648 κατειλήφαμεν.

2361 850 2427 902 Ἥ
2479 849 2690 919 αἵρεσις
2734 847 2792 900 δὲ
2850 848 2981 919 παρ’
3014 847 3195 910 αὐτοῖς
3235 842 3629 916 νομιστεύεται,
3660 840 3887 910 ,ὥσπερ

2280 941 2690 1011 ἀπεικαζομένη
2732 944 2799 1011 τῇ
2830 939 2925 994 τοῦ
2969 940 3316 1008 Ἑπιφάνους,
3343 937 3453 990 ἄνω
3479 953 3568 1006 μοι
3596 932 3884 1005 προδεδη-

2282 1032 2525 1102 λωμένου
2578 1034 2634 1085 ἐν
2677 1035 2796 1096 ταῖς
2840 1032 2978 1086 κατὰ
3032 1033 3161 1093 τοὺς
3215 1031 3253 1082 Γ
3256 1028 3548 1090 νωστικοῦς
3590 1024 3883 1096 αἱρέσεσι.

2282 1124 2502 1194 Γραφὰς
2548 1124 2605 1177 δὲ
2656 1119 2802 1178 οῦτοι
2847 1122 3276 1192 ἀναγινώσκουσι
3320 1119 3607 1189 διαφόρους
3653 1114 3883 1183 Καινῆς

2283 1216 2376 1269 καὶ
2415 1217 2659 1279 Παλαιᾶς
2709 1215 3005 1286 Διαθήκης.
3047 1214 3319 1269 Ἀθετοῦσι
3346 1212 3403 1265 δέ
3433 1213 3633 1281 γάμον,
3664 1207 3770 1261 καὶ
3812 1207 3882 1258 οὐ

2282 1306 2514 1360 παύεται
2548 1309 2641 1360 ἀπ’
2666 1307 2846 1360 αὐτῶν
2884 1308 2917 1377 ὴ
2954 1307 3199 1375 λαγνεία.
3247 1304 3543 1359 Μολύνουσι
3564 1301 3622 1353 δέ
3650 1296 3884 1351 ἑαυτῶν

2278 1398 2340 1451 τὸ
2376 1397 2558 1468 σῶμα,
2586 1397 2681 1450 καὶ
2714 1397 2805 1450 τὸν
2839 1397 2985 1459 νοῦν,
3028 1398 3122 1450 καὶ
3150 1396 3250 1467 τὴν
3285 1394 3463 1465 ψυχὴν
3495 1392 3553 1443 ἐν
3578 1385 3880 1457 ἀσελγείᾳ.

2281 1492 2344 1543 υἱ
2387 1491 2485 1561 μὲν
2521 1491 2629 1561 γάρ
2676 1491 2781 1544 είσι
2831 1490 3179 1561 προσχήματι
3204 1486 3559 1557 μοναζόντων,
3598 1481 3742 1534 αἰδὲ
3779 1481 3883 1533 σὺν

2280 1584 2463 1645 αὐτοῖς
2510 1579 2666 1635 οὖσαι
2700 1582 3047 1652 προσχήματι
3084 1578 3450 1651 μοναζουσῶν.
3498 1574 3886 1644 Ἐφθαρμένοι

2278 1674 2334 1726 δέ
2362 1676 2467 1727 εἰσι
2493 1676 2606 1737 τοῖς
2633 1674 2868 1745 σώμασι,
2902 1674 2998 1744 τὴν
3037 1673 3137 1743 μὲν
3166 1669 3459 1741 ἐπιθυμίαν
3484 1666 3665 1720 αὐτῶν
3710 1666 3886 1717 ἐκτε-

2279 1762 2527 1830 λοῦντες,
2565 1764 2643 1834 τῷ
2678 1764 2736 1817 δέ
2790 1764 2936 1834 ἔργῳ
2995 1762 3343 1833 κεχρημένοι,
3394 1760 3479 1811 ἵνα
3536 1756 3885 1825 σεμνότερον

590 1857 791 1922 pleant,
841 1855 1074 1918 facinus,
1125 1861 1183 1906 ut
1230 1852 1514 1908 honestius
1557 1856 1759 1921 dicam,
1809 1857 1941 1911 illud
1986 1873 2173 1929 perpe-

2281 1859 2436 1921 εἴπω,
2461 1856 2555 1909 τοῦ
2605 1854 2734 1910 Υίοῦ
2789 1855 2884 1908 τοῦ
2930 1855 3095 1908 Ἰούδα
3141 1853 3235 1906 τοῦ
3276 1852 3451 1905 Αύνᾶν
3501 1847 3881 1917 καλουμένου.

588 1956 753 2011 trent,
789 1947 933 2017 quod
976 1944 1129 2001 Iudae
1172 1946 1314 2002 filius
1359 1946 1514 2002 Onan
1564 1950 1853 2006 admisisse
1902 1950 2101 2021 legitur
2136 1953 2178 2010 ¹.

596 2038 730 2095 Nam
772 2047 829 2093 ut
862 2040 962 2093 iste
994 2055 1116 2092 cum
1166 2038 1436 2094 'l‘bamare
1472 2040 1673 2105 coibat,
1708 2058 1772 2097 ac
1812 2044 2019 2098 libidini
2068 2061 2182 2100 suae

588 2131 984 2191 satisfaciebat,
1034 2147 1209 2201 neque
1261 2132 1560 2202 quidquam
1595 2144 1774 2189 tamen
1811 2128 1876 2189 ad
1909 2152 2178 2207 propaga-

590 2228 789 2279 tioueni
834 2224 1059 2289 sobolis,
1111 2226 1420 2293 cujusmodi
1464 2226 1783 2283 hominibus
1826 2244 1858 2283 e
1899 2228 2008 2284 Deo
2044 2244 2180 2283 con-

587 2334 744 2374 cessa
773 2329 877 2377 est.
908 2319 1207 2382 ellieiebat;
1263 2319 1371 2372 imo
1396 2334 1524 2373 vero
1564 2320 1668 2373 sibi
1715 2334 1780 2373 eo
1824 2319 1944 2389 ipso
1991 2321 2179 2386 modo,

586 2427 696 2481 quo
719 2410 984 2481 ﬂagitium
1018 2410 1147 2463 illud
1177 2410 1445 2479 patrabat,
1475 2411 1854 2466 consciscebat
1884 2412 2139 2481 injuriam
2164 2430 2178 2466 :

586 2503 671 2557 sic
699 2502 1010 2571 Origeniani
1049 2502 1102 2555 in
1130 2502 1451 2556 detestanda
1495 2504 1586 2556 illa
1633 2518 1732 2557 sua
1770 2504 1993 2559 libidine
2031 2518 2181 2560 com-

586 2594 875 2657 mittenda,
928 2595 1186 2648 usitatam
1240 2610 1492 2649 venerem
1540 2595 1792 2665 persequi
1839 2596 2035 2651 solent.
2060 2595 2179 2649 Non

584 2691 732 2745 enim
791 2690 866 2743 illi
908 2691 1236 2753 castitatem,
1283 2690 1377 2744 sed
1424 2690 1699 2745 castitatis
1742 2690 2172 2752 simulationem,

586 2780 677 2833 cui
729 2779 867 2834 falso
913 2794 1111 2833 nomen
1166 2777 1299 2832 illud
1359 2778 1650 2841 tribuitur,
1700 2794 1809 2847 pre
1853 2794 1913 2833 se
1970 2777 2174 2833 ferunt.

585 2870 720 2938 Quae
748 2873 798 2924 id
842 2871 1076 2931 all'ectat,
1127 2878 1207 2931 ut,
1258 2885 1379 2938 quae
1425 2877 1781 2939 constuprata
1829 2870 1902 2923 sit
1958 2870 2176 2934 mulier,

588 2977 877 3032 przegnans
913 2977 1023 3015 non
1078 2960 1188 3023 liat,
1245 2968 1339 3012 aut
1391 2974 1459 3015 ne
1508 2959 1654 3014 fetus
1711 2958 1920 3029 aliquid
1975 2959 2176 3029 pariat,

588 3069 723 3109 neve
760 3054 813 3106 id
855 3053 1102 3107 homines
1160 3051 1499 3114 resciscant;
1549 3050 1690 3119 apud
1743 3067 1884 3121 quos
1932 3041 2033 3106 suo
2083 3050 2178 3105 illo

584 3146 946 3208 castimoniae,
998 3155 1055 3197 ut
1106 3151 1320 3214 putant,
1377 3142 1629 3196 instituto
1680 3143 1735 3197 in
1786 3144 1959 3212 pretio
2013 3138 2177 3212 alque

2292 1950 2378 2013 Ὠς
2396 1950 2504 2019 γὰρ
2529 1950 2733 2012 ἐκεῖνος
2752 1948 2830 2019 τῷ
2860 1947 3070 2019 σώματι
3099 1948 3199 2018 μὲν
3226 1949 3292 2017 τῇ
3316 1945 3510 2013 Θάμαρ
3541 1942 3882 2010 συνῆπτε-το,

2280 2044 2373 2095 καὶ
2400 2043 2496 2113 τὴν
2526 2042 2823 2112 ἐπιθυμίαν
2860 2040 3114 2106 ἐξετέλει,
3150 2041 3229 2101 είς
3268 2034 3570 2105 καταϐολὴν
3627 2033 3688 2085 δὲ
3743 2048 3886 2084 παι-

2279 2134 2519 2197 δοποιίας
2572 2134 2713 2189 κατὰ
2766 2134 2865 2205 τὴν
2913 2133 3020 2186 ὑπὸ
3051 2130 3183 2183 Θεοῦ
3216 2130 3459 2182 δοθεῖσαν
3515 2124 3885 2178 παιδοποιίαν

2281 2226 2380 2278 ούκ
2430 2224 2851 2295 ἐτελεσιούργει,
2897 2222 3032 2277 ἀλλὰ
3066 2219 3255 2273 ἐαυτὸν
3288 2220 3484 2289 ⁴ἡδίκει,
3509 2209 3552 2283 ᾧ
3586 2216 3788 2286 τρόπῳ
3819 2213 3886 2267 τὸ

2283 2317 2517 2388 πονηρὸν
2547 2315 2833 2387 εἰργάζετο
2856 2331 2869 2345 ·
2922 2314 3065 2367 οῦτω
3105 2314 3200 2366 καὶ
3230 2300 3379 2365 οῦτοῖ
3413 2309 3714 2379 κέχρηνται
3772 2305 3885 2376 μὲν

2280 2412 2400 2473 ταῖς
2448 2408 2853 2479 νομιζομέναις,
2905 2405 3183 2467 τελοῦντες
3236 2403 3440 2473 ταύτην
3463 2402 3559 2471 την
3602 2399 3887 2470 ἀθέμιτον

2282 2501 2566 2571 ἐργασίαν.
2630 2498 3058 2571 Πεφιλοτίμηται
3117 2495 3225 2568 γάρ
3278 2496 3409 2566 παρ’
3462 2494 3646 2554 αὐτοῖς
3694 2492 3804 2561 οὐκ
3847 2491 3885 2560 ἡ

2282 2593 2495 2660 ἁγνεία,
2527 2591 2640 2645 ἁλλ’
2676 2590 3003 2661 ύποκριτικὴ
3061 2588 3158 2659 μὲν
3187 2586 3377 2655 ἁγνεία
3410 2586 3486 2656 τῷ
3512 2585 3741 2653 ὀνόματι
3771 2599 3886 2635 κα-

2281 2685 2539 2756 λουμένη,
2559 2685 2907 2756 φιλοτίμησις
2924 2683 2981 2736 δέ
3009 2682 3113 2746 ἕως
3138 2681 3233 2735 τοῦ
3263 2682 3337 2751 μὴ
3367 2679 3740 2749 ἐγκυμονῆσαι
3771 2679 3885 2746 τὴν

2282 2778 2387 2831 ὑπὸ
2419 2778 2511 2831 τοῦ
2552 2776 2837 2840 δοκοῦντος
2882 2779 2901 2807 ⁸
2953 2773 3220 2845 ἐφθάρθαι
3262 2774 3531 2841 γυναῖκα·
3582 2768 3615 2839 ἥ
3658 2768 3749 2819 ἴνα
3798 2768 3883 2838 μὴ

2280 2871 2604 2943 φωραθῶσιν
2629 2869 2732 2923 ὑπὸ
2769 2867 3088 2940 ἀνθρώπιον,
3114 2866 3427 2937 βουλόμενοι
3470 2865 3528 2916 ἐν
3558 2863 3698 2931 τιμῇ
3730 2856 3887 2913 εἶναι

2276 2964 2368 3018 διὰ
2394 2963 2490 3033 τὴν
2516 2962 2879 3033 νομιζομένην
2924 2960 3052 3032 παρ’
3102 2959 3288 3021 αὐτοῖς
3314 2957 3412 3028 τῆς
3441 2955 3663 3025 ἁγνείας
3692 2954 3887 3024 ἄσκη-

2282 3070 2363 3105 σιν
2383 3070 2396 3083 ·
2426 3054 2574 3122 ὅμως
2598 3050 2755 3103 τοῦτο
2780 3050 2959 3103 αὐτῶν
2991 3051 3107 3102 ἐστι
3140 3046 3201 3100 τὸ
3236 3046 3415 3117 ἔργον,
3446 3044 3621 3115 ἕτεροι
3641 3043 3705 3096 δὲ
3738 3042 3889 3095 αὐτὸ

2279 3144 2435 3197 τοῦτο
2462 3142 2866 3213 φιλοτιμοῦνται
2909 3141 2971 3194 τὸ
3021 3139 3261 3211 μυσαρὸν
3290 3136 3579 3199 ἐπιτελεῖν,
3623 3135 3753 3203 οὐχὶ
3784 3134 3885 3187 διὰ

584 3238 998 3291 existimatione
1021 3251 1143 3289 esse
1185 3235 1434 3303 cupiunt.
1464 3234 1641 3303 Atque
1675 3234 1778 3288 hoc
1816 3235 2173 3292 nihilominus

2277 3208 2569 3305 γυναικῶν,
2596 3208 2731 3288 ἀλλὰ
2761 3235 2855 3287 κα)⁸
2897 3208 3076 3294 ἄλλοις
3108 3208 3350 3302 τρόποις,
3390 3227 3549 3288 ἰδίαις
3576 3225 3739 3295 χερσὶ
3774 3241 3886 3294 με-

585 3343 727 3397 opus
758 3327 974 3379 illorum
1005 3334 1088 3379 est
1126 3340 1189 3377 ac
1230 3324 1462 3378 facinus.
1498 3323 1603 3378 Sed
1643 3325 1733 3378 alii
1775 3334 1988 3396 turpem
2024 3328 2170 3382 illam

589 3417 1026 3483 ﬂagitiosamque
1055 3430 1166 3467 rem
1198 3414 1304 3465 alia
1345 3414 1574 3479 ratione,
1608 3430 1769 3483 quam
1813 3432 1939 3469 cum
1981 3420 2175 3473 mulie-

587 3508 762 3568 ribus.
787 3513 1073 3569 exercent;
1110 3520 1173 3557 ac
1203 3506 1317 3557 suis
1352 3504 1455 3574 ipsi
1486 3506 1738 3560 manibus
1769 3507 1836 3559 ad
1870 3507 2169 3564 fteditatem

586 3602 909 3653 abutttntur.
951 3598 1063 3651 Nec
1112 3597 1293 3650 minus
1354 3596 1442 3650 isti
1488 3595 1661 3659 Iudae,
1705 3613 1867 3669 quem
1910 3600 2169 3663 diximus,

589 3690 871 3743 imitantur
916 3690 1123 3751 filium;
1172 3687 1299 3741 dum
1350 3687 1574 3742 nefariis
1614 3690 1730 3743 suis
1765 3690 2088 3753 sceleribus,
2119 3701 2173 3746 et

583 3782 935 3835 abominandi
990 3780 1235 3833 humoris
1278 3778 1647 3835 destillatione
1687 3789 1887 3835 terram
1925 3797 2171 3836 comma-

2278 3325 2578 3396 λυνόμενοι.
2602 3325 2710 3376 Καὶ
2734 3324 2993 3387 ὡσαύτως
3026 3320 3318 3394 μιμοῦνται
3347 3320 3437 3372 τὸν
3466 3316 3886 3389 προειρημένον

2279 3417 2394 3469 υἱὸν
2416 3416 2509 3470 τοῦ
2548 3417 2733 3479 Ἰούδα,
2763 3415 2858 3486 τὴν
2885 3416 2988 3486 γῆν
3027 3417 3143 3476 ταῖς
3171 3412 3452 3483 ἀθεμίτοις
3479 3408 3660 3462 αὐτῶν
3695 3411 3883 3479 ἐργα-

2281 3510 2421 3572 σίαις
2442 3509 2535 3562 καὶ
2558 3512 2826 3579 μυσαραῖς
2850 3507 3106 3576 σταγόσιν
3131 3504 3566 3576 ἐπιμολύνοντες,
3589 3503 3685 3556 καὶ
3708 3504 3886 3556 ποσὶν

2278 3604 2485 3656 ἑαυτῶν
2512 3602 2695 3674 ῥύσεις
2742 3600 3002 3673 [ἑαυτῶν]
3027 3600 3407 3670 ἁνατρίὸοντες
3431 3600 3489 3649 ἐν
3518 3599 3585 3665 τῇ
3626 3597 3700 3665 γῇ
3731 3613 3750 3627 ·
3781 3597 3882 3649 ἵνα

2282 3695 2356 3764 μὴ
2389 3693 2683 3765 ἁρπαγῶσι
2721 3693 2791 3746 τὰ
2834 3693 3043 3747 ἑαυτῶν
3075 3692 3367 3763 σπέρματα
3396 3690 3501 3742 ὑπὸ
3532 3687 3882 3759 ἀκαθάρτων

2280 3784 2627 3856 πνευμάτων,
2653 3786 2733 3848 εἰς
2751 3784 3018 3854 ὑποδοχὴν
3045 3784 3491 3854 ἐγκυμονήσεως.

584 3872 803 3937 culant;
841 3871 950 3924 iuno
1006 3886 1133 3924 vero
1183 3868 1504 3937 profluvium
1562 3871 1689 3924 illud
1740 3887 1901 3925 suum
1946 3872 2002 3925 in
2048 3875 2168 3927 solo
2194 3875 2424 3944 pedibus
2463 3883 2758 3935 exterunt;
2799 3891 2867 3931 ne
2901 3876 3220 3944 subreptum
3288 3876 3356 3928 ab
3424 3870 3655 3942 impuris
3696 3871 3877 3941 spiri-

584 3966 731 4020 tibus
761 3964 827 4017 ad
857 3964 1019 4016 ullam
1056 3961 1196 4016 fetus
1228 3963 1660 4031 procreationem
1691 3964 1863 4033 possit
1896 3964 2095 4035 excipi.

659 4055 722 4110 ll.
754 4058 1019 4110 Caeterum
1054 4056 1236 4108 varios
1266 4094 1279 4116 ,
1314 4053 1391 4107 uti
1447 4052 1582 4116 dixi,
1617 4061 1725 4107 tam
1758 4053 1967 4111 Veteris
2003 4072 2165 4126 quam

584 4145 721 4202 Novi
747 4145 1082 4201 Testamenti
1118 4145 1288 4198 libros
1331 4143 1634 4211 adhibent;
1673 4161 1771 4199 nec
1812 4162 1920 4201 non
1951 4156 2003 4201 et
2038 4165 2170 4217 apo-

586 4242 823 4309 cryphos
852 4239 1143 4308 quosdam,
1174 4238 1323 4290 velut
1351 4235 1600 4299 Andreae,
1633 4246 1686 4292 et
1713 4238 1944 4291 aliorum
1972 4240 2165 4294 Actus.

2334 4050 2406 4102 B'.
2430 4050 2740 4123 Κέχρηνται
2763 4049 2839 4113 δὲ,
2864 4047 2939 4112 ὡς
2962 4046 3120 4117 ἔφην,
3147 4047 3428 4117 διαφόροις
3449 4050 3717 4119 γραφαῖς,
3740 4049 3865 4102 Πα-

2260 4139 2417 4204 λαιᾶς
2441 4143 2533 4194 καί⁵
2557 4142 2762 4212 Καινῆς
2789 4141 3087 4211 Διαθήκης,
3111 4139 3203 4191 καὶ
3227 4141 3567 4209 άποκρύφοις
3589 4140 3723 4202 τισὶ,
3751 4147 3861 4210 μά-

2256 4236 2414 4287 λιστα
2434 4234 2553 4295 ταῖς
2575 4232 2896 4302 λεγομέναις
2920 4232 3190 4304 Πράξεσιν
3225 4231 3472 4302 Ἀνδρὲου
3500 4231 3594 4283 καὶ
3622 4230 3736 4282 τῶν
3760 4232 3861 4285 ἄλ-

588 4332 753 4385 lidem
785 4338 840 4384 et
880 4330 946 4384 de
994 4330 1200 4383 incesta
1254 4329 1345 4383 illa
1401 4345 1502 4383 sua
1542 4344 1742 4383 venere
1787 4329 1964 4398 palam
1999 4331 2164 4383 ctiam

2277 4344 2383 4381 .ων.
2423 4324 2562 4393 Ἤδη
2584 4323 2639 4377 δὲ
2670 4325 2913 4376 κάκεῖνοι
2950 4325 3105 4377 αὐτοὶ
3145 4325 3524 4393 ἐκαυχήσαντο
3561 4322 3855 4387 πολλάκις,

586 4425 807 4495 gloriari
864 4438 972 4475 non
1028 4421 1321 4486 dubitant;
1359 4436 1414 4475 et
1461 4435 1580 4474 eam
1637 4420 1896 4473 audacter
1935 4434 1997 4473 ac
2047 4419 2167 4473 sine

2277 4419 2331 4482 ὒς
2357 4416 2934 4487 πεπαρρησιασμένως
2956 4415 3117 4468 τοῦτο
3142 4414 3433 4469 ἐπιτελεῖν.
3463 4412 3858 4484 Κατηγοροῦσι

589 4483 699 4566 ullo
757 4511 963 4581 pudore
1002 4516 1339 4579 perpetrant.
1400 4508 1620 4562 Interim
1678 4524 1807 4563 vero
1866 4507 2168 4562 catholicos

2277 4509 2308 4562 ῖέ
2328 4508 2488 4580 δῆθεν
2632 4508 2691 4559 ἐν
2795 4505 3095 4578 Ἐκκλησία
3111 4505 3209 4570 τὰς
3224 4507 3536 4575 ἀγαπητὰς
3549 4483 3860 4575 λεγομένας

588 4604 711 4655 illos
741 4601 973 4654 clericos
1006 4606 1304 4662 accusant,
1344 4598 1437 4666 qui
1485 4598 1705 4652 dilectas
1727 4640 1741 4665 ,
1772 4614 1910 4668 quas
1950 4607 2166 4660 vocant,

585 4706 637 4747 et
668 4690 1065 4746 contubernales
1103 4688 1332 4746 feminas
1378 4678 1695 4745 ascisc'unt:
1735 4706 1874 4760 quos
1913 4702 2170 4743 asserunt

584 4786 896 4838 claueulum
931 4782 1078 4838 istud
1111 4783 1289 4853 ipsum
1328 4790 1547 4852 pr0pter
1584 4782 1865 4837 hominum
1905 4784 2166 4853 pudorem

584 4876 961 4937 couunittere,
1018 4880 1077 4927 ut
1126 4881 1179 4927 et
1218 4889 1341 4927 cum
1382 4874 1626 4943 nequitia
1669 4874 1756 4927 illa
1791 4875 2165 4943 sepeliantur;

583 4977 638 5023 et
670 4968 851 5038 specie
882 4976 1064 5028 tenus,
1118 4964 1191 5019 ob
1220 4965 1453 5019 aliorum
1482 4964 1870 5020 verecundiam
1898 5005 1913 5028 ,
1946 4967 2165 5021 eastita-

584 5063 657 5117 tis
691 5062 909 5115 nomine
947 5060 1270 5131 glorientur.
1305 5060 1383 5113 Ac
1436 5058 1687 5113 nonnulli
1744 5075 1811 5114 ex
1864 5060 1931 5115 iis
1982 5070 2163 5115 certos

585 5155 867 5216 homines,
904 5154 996 5222 qui
1027 5152 1137 5222 jam
1179 5152 1288 5207 vita
1323 5151 1492 5205 functi
1528 5160 1655 5203 sunt
1682 5188 1697 5211 ,
1734 5149 1801 5204 ad
1837 5165 1923 5205 me
1963 5150 2165 5205 detule-

583 5257 750 5310 runt;
787 5261 816 5299 a
866 5245 1067 5315 quibus
1097 5244 1454 5299 commissum
1504 5241 1609 5295 hoc
1654 5240 1843 5310 ﬂagitii
1880 5256 2054 5311 genus
2083 5240 2167 5294 af-

583 5337 896 5399 firmarent,
936 5336 1098 5405 idque
1128 5351 1187 5390 se
1217 5335 1287 5389 ab
1330 5334 1464 5403 ipsis
1484 5374 1499 5397 ,
1531 5347 1669 5402 quas
1697 5332 1774 5386 illi
1821 5346 2167 5402 compresse-

583 5437 734 5492 rant,
783 5428 1122 5482 mulierculis
1155 5426 1455 5497 accepisse.
1493 5425 1638 5481 Inter
1687 5440 1825 5495 quos
1870 5424 2161 5495 quemdam

656 5587 672 5616 ί
689 5586 822 5641 Gen.
845 5599 1072 5645 xxxvut,
1093 5582 1145 5637 9.
1222 5585 1242 5614 ¹
1269 5581 1327 5636 F.
1351 5582 1409 5635 ού
1427 5581 1706 5637 δοκοῦσαν.

2268 4599 2707 4665 συνεισάκτους
2738 4603 3001 4668 γυναῖκας
3034 4602 3407 4672 κεκτημένων,
3439 4601 3515 4664 ὼς
3543 4601 3640 4652 καὶ
3672 4601 3861 4655 αὐτῶν

2266 4692 2425 4744 τοῦτο
2459 4692 2850 4747 ἐπιτελούντων
2896 4693 3083 4764 κρυφῆ
3127 4693 3214 4746 διὰ
3261 4693 3358 4765 τὴν
3398 4692 3507 4745 τῶν
3546 4692 3867 4763 ἀνθρώπων

2270 4785 2433 4837 αἰδῶ’
2467 4786 2555 4839 ἵνα
2592 4786 2690 4855 μὲν
2714 4789 2780 4857 τῇ
2815 4786 3045 4858 πονηρίᾳ
3071 4787 3506 4849 συνθάπτωνται,
3541 4785 3618 4856 τῷ
3637 4785 3695 4839 δὲ
3727 4804 3867 4858 προ-

2272 4879 2513 4947 σχήματι
2536 4878 2643 4931 τῶν
2672 4879 2974 4951 ἀνθρώπιον
2995 4880 3159 4934 ἕνεκα
3176 4879 3236 4933 τὸ
3260 4880 3433 4949 ὄνομα
3461 4896 3517 4931 σε
3527 4879 3859 4949 μνύνωνται.

2268 4968 2632 5039 Διελέχθησαν
2672 4971 2730 5024 δέ
2772 4974 2904 5042 ἡμῖν
2938 4972 3032 5025 καί
3062 4989 3206 5035 τινες
3241 4971 3366 5041 περί
3395 4988 3559 5023 τινων
3604 4970 3866 5039 τελευτη-

2272 5065 2502 5125 σάντων,
2534 5065 2627 5117 xui.
2651 5064 2811 5134 δῆθεν
2842 5065 2919 5127 ὡς
2954 5065 3119 5117 τινῶν
3151 5064 3311 5118 τοῦτο
3339 5063 3759 5130 ἐπιτελούντων,
3788 5062 3865 5126 ὡς

2270 5156 2377 5208 ὑπὸ
2396 5157 2504 5209 τῶν
2528 5156 2901 5227 βεϐιασμένων
2924 5158 3015 5211 ὑπ’
3031 5157 3210 5212 αὐτῶν
3233 5157 3512 5225 γυναικῶν
3534 5156 3860 5227 ἀκηκοότες·

2271 5249 2328 5298 ἐν
2381 5242 2463 5311 οἷς
2514 5249 2611 5301 καὶ
2647 5250 2816 5319 ὄνομα
2847 5249 3144 5302 ἐπισκόπου
3190 5251 3270 5312 εἰς
3315 5250 3482 5319 μέσον
3515 5249 3729 5318 ἔφερον.
3773 5248 3863 5299 Ἐν

2274 5336 2427 5389 πόλει
2464 5340 2639 5409 μικρᾷ
2692 5341 2793 5409 τῆς
2846 5339 3215 5409 Παλαιστίνης
3266 5339 3360 5391 τὸν
3406 5338 3506 5392 τοῦ
3560 5337 3861 5390 ἐπισκόπου

2270 5428 2468 5499 κλῆρον
2496 5431 2590 5483 ἐπὶ
2628 5432 2827 5493 ἱκανοῖς
2860 5431 3005 5484 ἔτεσι
3038 5430 3438 5502 διοικήσαντος,
3477 5429 3777 5501 ἐσχηκότος
3802 5427 3862 5481 δέ

651 5741 762 5809 (22)
808 5740 1196 5819 Καλουιςένρρ
1238 5738 1358 5819 ςιςοῦ
1410 5739 1775 5819 ἔξυνζὰκτου.
1822 5738 2048 5797 llieron.
2107 5741 2162 5795 in

2277 5744 2313 5813 ί.
2379 5744 2533 5813 Apol.
2586 5741 2662 5796 I:
2706 5741 2813 5797 Pro
2842 5740 3137 5797 eruditione
3192 5754 3298 5808 qua
3354 5736 3545 5805 polles,
3589 5744 3636 5787 et
3688 5731 3859 5813 inrig-

581 5822 664 5866 tus
698 5814 1001 5879 συντὰκτης
1034 5812 1088 5864 in
1120 5810 1403 5864 Occidente
1435 5810 1695 5864 laudaris.
